3992 6182
849 397 1072 548 ΙΝ
1209 393 1912 548 OPERA
2043 393 2425 545 PHC

1209 393 1912 548 OPERA
2043 393 2745 545 ΡΗΟΤΠ

1293 675 1511 738 NUNC
1555 674 1869 736 PRIMUM
1913 673 2307 736 COLLECTA

293 882 994 978 EDITORUM
1056 877 1869 975 PATROLOGIA

1685 877 1913 972 ΗΔΕ
1978 876 2477 972 GR/EC/E
2549 876 3261 976 ΡΡιλἘΡΑΤΙΟ.

1248 1210 1291 1265 Ι.
1325 1241 1392 1250 -
1425 1209 1507 1266 De
1535 1224 1789 1280 persona
1817 1214 1871 1265 et
1910 1207 2087 1279 gestis
2117 1205 2334 1264 Photii.

145 1361 408 1418 Photius
435 1360 800 1434 scriptorum
819 1375 1066 1416 suorum
1093 1358 1260 1432 copia
1286 1363 1343 1414 et
1366 1358 1638 1414 doctrina
1661 1357 1931 1427 celebris,
1965 1363 2025 1413 at
2048 1357 2440 1428 facinoribus,
2460 1358 2682 1431 quibus
2707 1360 2806 1417 diu
2829 1362 3143 1419 Ecclesiam
3177 1367 3478 1437 perturba-

88 1453 171 1516 vit,
200 1456 259 1507 et
285 1452 680 1507 teterrimum
705 1450 973 1506 schisma
993 1448 1397 1520 inauguravit,
1421 1447 1598 1520 longe
1620 1446 1908 1504 celebrior
1938 1448 2143 1504 evasit.
2175 1449 2351 1519 Cujus
2370 1447 2587 1504 indolis
2608 1454 2664 1504 et
2692 1451 2910 1520 agendi
2931 1452 3178 1510 rationis
3206 1456 3477 1514 notitiam

86 1545 140 1594 ut
164 1540 364 1596 lector
394 1540 478 1595 ab
509 1540 678 1595 initio
699 1544 1075 1611 perspectam
1115 1538 1354 1601 habeat,
1388 1541 1554 1608 gesta
1581 1537 1711 1609 ejus
1740 1535 2109 1592 brevissimis
2136 1537 2328 1593 verbis
2359 1538 2798 1594 enarrabimus.

147 1629 434 1699 Iguatius
446 1628 750 1684 Michaelis
767 1627 1157 1700 Curopalataa,
1185 1625 1564 1698 imperatoris
1589 1624 2228 1697 Constantinopolitani
2253 1625 2433 1694 ﬁlius,
2460 1625 2564 1682 sed
2588 1627 2666 1682 ab
2683 1627 2931 1685 infantia
2955 1645 2990 1686 a
3008 1632 3199 1686 Leone
3219 1632 3478 1690 Armeno

88 1718 369 1785 eviratns,
416 1734 493 1773 ne
515 1718 655 1789 jura
677 1717 844 1787 regni
876 1716 990 1772 sibi
1032 1732 1305 1790 unquam
1337 1714 1689 1782 vindicaret,
1729 1715 2067 1771 monachus
2105 1717 2160 1771 S.
2194 1716 2384 1787 Satyri
2425 1720 2481 1771 et
2511 1716 2788 1772 sacerdos
2824 1717 3037 1785 factus,
3069 1735 3231 1776 anno
3259 1725 3384 1788 846,
3416 1722 3477 1778 in

86 1809 510 1878 patriarcham
539 1807 1264 1879 Constantinopolitanum
1282 1805 1503 1861 electus
1519 1810 1627 1871 est,
1652 1807 1708 1859 et
1732 1803 1937 1858 sedem
1965 1804 2424 1875 patriarchalem
2452 1808 2626 1861 Νονεξι
2645 1808 2868 1871 Romae,
2900 1809 3174 1865 omnium
3191 1810 3476 1867 virtutum

90 1896 573 1952 sacerdotalium
593 1895 909 1968 splendore
941 1894 1270 1951 illustravit.
1290 1897 1451 1950 Tunc
1476 1891 1765 1964 temporis
1786 1891 2107 1964 imperium
2137 1891 2614 1961 administrabat,
2646 1894 2822 1951 veluti
2848 1895 2951 1950 ﬁlii
2983 1898 3074 1952 sui
3093 1897 3270 1954 tutrix
3295 1899 3477 1954 Theo-

86 1985 262 2050 dora,
301 1985 608 2042 Michaelis
640 1985 787 2041 ebrii
818 1989 1028 2051 mater,
1056 2000 1183 2056 qum
1210 1998 1372 2039 anno
1416 1985 1540 2048 842,
1572 1981 1851 2037 haeresim
1879 1981 2407 2050 lconoclastarum,
2447 1988 2771 2055 postquam
2800 1999 2906 2056 per
2931 2001 3122 2042 annos
3151 1992 3388 2044 centum
3421 1992 3478 2043 et

86 2073 315 2141 viginti
344 2074 574 2128 vineam
602 2073 842 2129 Domini
870 2076 1184 2136 vastasset,
1218 2071 1460 2126 tandem
1502 2069 1838 2126 suﬂ‘ocavit.

163 2161 450 2226 Michael,
489 2179 615 2217 cum
647 2178 885 2218 annum
923 2161 1271 2228 vigesimum
1298 2159 1555 2230 primum
1582 2159 1760 2214 aetatis
1791 2175 1914 2213 suae
1947 2158 2252 2229 attigisset,
2287 2174 2444 2214 anno
2488 2159 2706 2215 scilicet
2736 2163 2857 2227 857,
2892 2179 3076 2218 suasu
3115 2165 3318 2220 Bardm
3357 2168 3474 2221 Cae-

97 2251 270 2316 saris,
308 2257 368 2306 et
405 2251 677 2307 avunculi
727 2249 841 2314 sui,
878 2249 1121 2304 tutelam
1150 2247 1358 2302 matris
1398 2247 1680 2314 excussit,
1727 2251 1784 2301 et
1824 2261 1947 2318 quo
1989 2245 2218 2302 facilius
2244 2247 2448 2318 pravis
2481 2249 2603 2302 suis
2637 2249 3065 2320 cupiditatibus
3115 2253 3469 2322 indulgeret,

94 2345 349 2394 matrem
398 2344 456 2394 et
503 2355 739 2395 sorores
782 2338 844 2393 in
895 2335 1325 2393 monasterium
1367 2335 1603 2392 detrudi
1636 2350 1704 2390 ac
1732 2333 1959 2390 tonderi
1997 2333 2193 2406 jussit.
2239 2335 2311 2388 At
2356 2335 2572 2405 iniquae
2623 2350 2744 2390 suae
2786 2337 3090 2393 sententiae
3139 2341 3472 2397 consentire

97 2429 282 2484 noluit
307 2428 572 2498 lgnatius
603 2427 962 2500 patriarcha,
989 2426 1080 2481 vir
1110 2425 1239 2498 pius
1269 2429 1326 2481 et
1340 2425 1558 2496 justus,
1586 2423 1817 2496 quihac
1832 2422 1907 2478 de
1928 2438 2113 2478 causa
2133 2422 2474 2479 Michaelem
2496 2424 2880 2481 vehementer
2909 2424 3160 2484 offendit
3190 2434 3246 2484 et
3272 2443 3309 2484 a
3331 2429 3470 2486 sede

95 2517 470 2588 patriachali,
504 2517 604 2573 die
629 2518 698 2572 23
727 2515 1075 2572 Novembris
1101 2529 1264 2571 anno
1290 2514 1411 2581 857,
1446 2529 1567 2568 non
1596 2529 1722 2568 stne
1752 2512 1830 2576 vi,
1874 2511 2158 2584 eXpulsus
2187 2516 2291 2567 est.

161 2606 410 2662 Sceleris
438 2607 624 2677 hujus
644 2605 928 2677 praecipui
957 2611 1226 2660 auctores
1247 2603 1488 2660 fuerunt
1510 2602 1732 2658 Bardas
1756 2603 1950 2658 Caesar
1970 2600 2612 2672 etMichaelimperator
2634 2624 2646 2667 ς
2671 2608 2732 2658 at
2755 2603 3024 2674 ejusdem
3049 2611 3469 2677 cooperatores

100 2694 545 2759 erantPhotius,
567 2694 764 2750 adhuc
783 2692 988 2763 laicus,
1009 2693 1111 2765 qui
1128 2691 1334 2747 sedem
1353 2689 1812 2764 patriarchalem
1833 2689 2119 2754 ambibat,
2135 2694 2190 2745 et
2212 2689 2530 2762 Gregorius
2549 2691 2778 2758 Abeste,
2805 2695 3126 2767 episcopus
3147 2697 3470 2768 Syracusa-

99 2799 230 2853 nus,
252 2800 437 2856 quem
455 2783 744 2854 lgnatius,
767 2799 865 2838 an.
885 2783 1008 2848 847,
1029 2783 1108 2837 ob
1129 2781 1397 2838 facinora
1414 2797 1541 2846 sua,
1565 2777 1889 2852 episcopali
1907 2778 2190 2848 dignitate
2209 2777 2589 2850 spoliaverat.
2610 2782 2942 2852 Gregorius,
2959 2783 3133 2853 jussu
3152 2785 3473 2857 imperato-

102 2872 196 2936 ris,
229 2873 505 2928 Photium
527 2872 769 2937 laicum,
787 2873 822 2926 5
839 2871 1068 2928 dierum
1090 2871 1280 2942 spatio
1296 2869 1373 2926 ad
1398 2885 1602 2925 sacros
1623 2869 1862 2924 ordines
1883 2873 1940 2923 et
1961 2867 2037 2922 ad
2058 2867 2262 2937 ipsum
2281 2867 2715 2939 episcopatum,
2736 2871 2795 2924 in
2814 2876 3227 2944 contemptum
3252 2877 3348 2932 SS.
3373 2890 3471 2932 ca-

102 2962 691 3032 nonum,promovit,
714 2959 794 3016 ita
811 2959 1232 3016 utPhotiusdie
1245 2959 1314 3013 25
1336 2957 1672 3014 Decembris
1693 2957 1965 3028 ejusdem
1983 2956 2120 3012 anni
2143 2957 2246 3010 857
2260 2957 2528 3012 thronum
2547 2958 3004 3028 patriarchalem
3027 2964 3466 3020 conscenderet.

181 3048 468 3118 Episcopi
512 3049 817 3117 provinciae
870 3047 1538 3119 Constantinopolitantn
1582 3062 1816 3115 omnes,
1868 3046 2125 3118 exceptis
2166 3049 2400 3101 tantum
2443 3045 2644 3116 viginti
2693 3050 2749 3102 et
2777 3064 2916 3114 uno,
2950 3064 3087 3104 mox
3127 3051 3186 3106 in
3217 3052 3468 3112 ecclesia

103 3135 164 3189 S.
198 3137 394 3190 lrenes
433 3136 936 3210 Constantinopoli
962 3139 1391 3205 convenerunt,
1424 3141 1478 3191 et
1509 3135 1787 3192 Photium
1818 3139 2105 3206 tanquam
2133 3149 2436 3190 canonum
2467 3139 2941 3206 contemptorem
2971 3142 3028 3193 et
3057 3138 3220 3193 sedis
3255 3138 3466 3198 alienae

103 3223 467 3291 invasorem,
502 3225 898 3299 deposuerunt
935 3235 992 3282 et
1020 3226 1396 3282 anathemate
1427 3228 1868 3296 percusserunt.

167 3315 237 3367 At
275 3313 513 3371 Photius
543 3317 890 3372 auctoritate
924 3315 1132 3372 Bardae
1159 3315 1523 3373 etMichaelis
1557 3313 1752 3378 fretus,
1788 3311 1998 3384 viginti
2023 3313 2080 3367 et
2105 3325 2291 3366 unum
2323 3310 2643 3383 episcopos
2673 3311 2779 3368 sibi
2807 3313 3182 3372 adhaerentes
3212 3331 3459 3390 congre-

102 3400 253 3469 gavit
281 3401 340 3457 in
371 3401 594 3476 templo
616 3403 725 3462 SS.
752 3404 1192 3476 Apostolorum,
1232 3407 1288 3459 et
1328 3401 1621 3474 lgnatium
1661 3401 1740 3457 ob
1773 3400 1912 3458 ﬁcta
1938 3399 2193 3456 crimina
2221 3399 2522 3472 deposuit,
2564 3401 2738 3475 eique
2765 3403 3088 3461 anathema
3109 3405 3274 3462 dixit.

165 3490 490 3548 Conventus
516 3491 600 3548 illi
641 3492 788 3561 duo,
820 3509 978 3550 anno
1005 3495 1107 3550 859
1139 3491 1422 3549 celebrati
1445 3496 1618 3562 sunt;
1644 3495 1704 3548 at
1726 3491 1951 3548 nedum
1973 3507 2186 3563 pacem
2216 3494 2640 3557 restaurarent,
2669 3493 3032 3550 discordiam
3062 3495 3237 3552 novis
3267 3495 3462 3555 incre-

101 3579 311 3634 mentis
341 3585 656 3637 auxerunt.

169 3666 306 3724 ldeo
327 3670 560 3726 Photius
587 3670 989 3727 auctoritatem
1007 3670 1212 3744 primae
1231 3669 1390 3726 sedis
1420 3667 1529 3726 sibi
1552 3667 2001 3726 conciliandam
2023 3684 2154 3724 esse
2180 3668 2430 3740 putavit,
2459 3685 2580 3741 quo
2598 3669 2840 3726 tandem
2862 3672 3237 3732 adversarios
3252 3675 3452 3748 oppri-

103 3763 290 3821 meret,
323 3762 372 3813 et
399 3758 598 3830 quiete
630 3775 739 3816 sua
779 3760 1171 3831 usurpatione
1196 3759 1509 3815 frueretur.
2911 3805 2925 3815 .

169 3845 311 3901 Misit
336 3847 537 3919 itaque
564 3848 638 3904 ad
670 3848 971 3904 Nicolaum
1002 3849 1023 3903 Ι
1053 3850 1388 3904 Romanum
1406 3847 1752 3920 pontiﬁcem
1773 3847 1998 3902 litteras
2016 3846 2433 3910 venerationis.
2456 3846 2803 3904 humilitatis
2827 3864 2897 3904 ac
2921 3850 3311 3922 subjectionis
3338 3854 3464 3926 ple-

102 3946 223 3996 nas,
245 3935 461 4006 quibus
479 3935 807 4008 postulavit
837 3941 901 3992 ut
917 3954 1194 3994 summus
1212 3937 1476 4010 pontifex
1500 3935 2077 4007 Constantinopolim
2099 3934 2328 4005 legatos
2357 3934 2626 4002 mitteret,
2645 3952 2682 4009 q
2696 3937 2751 3993 ui
2772 3937 3123 3996 dissidentes
3145 3941 3460 4014 episcopos

105 4021 380 4089 audirent,
406 4030 462 4080 et
487 4027 902 4097 perturbatam
937 4041 1144 4098 pacem
1175 4027 1576 4083 restituerent.

168 4110 429 4168 Nicolaus
446 4116 600 4170 votis
619 4114 804 4170 Photii
822 4115 1033 4172 annuit
1045 4121 1122 4182 et,
1143 4132 1298 4172 anno
1315 4117 1438 4180 860,
1459 4115 1638 4187 hujus
1656 4115 1874 4187 negotii
1894 4114 2185 4171 tractandi
2203 4130 2390 4170 causa
2404 4115 2976 4187 Constantinopolim
2991 4117 3153 4174 misit
3166 4120 3459 4179 Rhodoal-

105 4194 241 4254 dum
261 4202 667 4258 etZachariam
689 4203 1025 4278 episcopos,
1043 4204 1148 4277 qui
1171 4221 1306 4260 cum
1329 4221 1363 4260 a
1385 4204 1592 4260 Photio
1611 4204 1860 4260 fuissent
1875 4203 2279 4265 circumventi,
2301 4203 2518 4274 partim
2538 4220 2609 4259 ex
2629 4205 2856 4268 timore,
2886 4206 3106 4277 partim
3128 4223 3199 4263 ex
3219 4211 3458 4280 pusilla-

107 4285 382 4357 nimitate,
402 4289 460 4344 in
491 4291 738 4348 concilio
755 4292 857 4348 318
879 4294 1302 4366 episcoporum
1327 4309 1482 4367 quos
1502 4293 1742 4349 Photius
1765 4297 2221 4358 convocaverat,
2244 4292 2303 4347 in
2321 4292 2751 4365 depositionem
2777 4294 2983 4363 lgnatii
3002 4304 3454 4355 consenserunt.

179 4377 764 4450 Ateodemanno861,
785 4383 1080 4447 Nicolaus,
1095 4388 1408 4455 postquam
1427 4383 1758 4453 legatorum
1779 4399 2026 4439 suorum
2048 4381 2603 4453 praevaricationem
2622 4383 3016 4454 cognovisset,
3042 4384 3244 4440 Romae
3262 4387 3458 4442 conci-

103 4459 244 4517 lium
270 4463 703 4534 coadunavitet,
727 4486 932 4527 coram
948 4471 1144 4541 legato
1160 4471 1846 4544 Michaelisimperatoris
1870 4472 1953 4526 CP
1984 4514 1998 4538 ,
2022 4470 2352 4527 declaravit
2368 4487 2428 4526 se
2455 4487 2598 4526 suos
2621 4472 2850 4540 legatos
2875 4473 3453 4545 Constantinopolim

103 4564 217 4605 non
242 4552 476 4609 misisse
496 4559 557 4610 ut
574 4556 994 4629 depositionem
1017 4561 1227 4631 lgnatii
1254 4566 1310 4616 et
1331 4561 1775 4632 usurpationem
1798 4560 1994 4618 Photii
2017 4564 2175 4614 ratas
2204 4560 2508 4622 haberent,
2533 4558 2636 4612 sed
2671 4565 2732 4612 ut
2751 4561 2961 4613 statum
2985 4575 3175 4616 rerum
3206 4561 3458 4634 indaga-

103 4645 223 4694 rent
246 4647 297 4698 et
323 4643 401 4700 de
439 4646 718 4702 remediis
758 4649 839 4705 ad
870 4650 1213 4705 sanandam
1253 4648 1389 4704 cleri
1429 4649 1781 4705 discordiam
1823 4648 1969 4720 aptis
2003 4647 2345 4702 sententiam
2379 4645 2721 4718 proferrent.
2764 4675 2830 4686 —-
2875 4646 3092 4704 Deinde
3132 4655 3264 4723 post
3289 4653 3454 4709 bien-

103 4727 267 4800 nium,
296 4749 439 4788 cum
472 4733 712 4792 Photius
738 4753 774 4794 a
797 4737 1051 4794 fovendo
1081 4738 1400 4794 schismate
1423 4737 2102 4808 Constantinopolitano,
2136 4739 2192 4790 et
2217 4734 2295 4790 ab
2317 4733 2648 4790 exercenda
2677 4734 2992 4806 tyrannide
3022 4753 3144 4794 non
3174 4747 3449 4808 cessaret,

107 4816 358 4877 Nicotaus
383 4823 426 4888 l,
447 4839 547 4879 an.
573 4825 783 4895 863,in
803 4826 1055 4884 concilio
1069 4831 1360 4892 Romano,
1379 4843 1449 4884 ea
1472 4843 1606 4900 quae
1630 4842 1728 4883 an.
1759 4828 1854 4884 861
1878 4831 2082 4882 contra
2109 4823 2400 4896 lgnatium
2424 4827 2556 4879 acta
2575 4822 2810 4880 fuerant
2836 4826 3134 4894 rescindit,
3169 4829 3447 4886 Photium

105 4918 507 4981 usurpatorem
537 4912 746 4970 aliena:
777 4915 937 4972 sedis
962 4917 1304 4982 declaravit,
1326 4921 1382 4972 et
1409 4916 1637 4988 legatos
1670 4933 1830 4982 suos,
1855 4915 1956 4988 qui
1979 4915 2540 4988 praevaricaverant,
2570 4913 2919 4986 episcopatu
2946 4918 3004 4971 et
3025 4919 3450 4978 communione

110 4996 485 5057 ecclesiastica
527 5001 798 5074 privavit.

166 5085 388 5144 Nedum
402 5091 641 5148 Photius
657 5109 957 5164 suprema
970 5095 1336 5152 auctoritatis
1348 5094 1594 5167 judicio,
1613 5095 1769 5166 quod
1785 5096 2230 5166 provocaverat,
2247 5091 2664 5162 acquiesceret,
2679 5091 2738 5146 in
2751 5090 2894 5146 illud
2908 5092 3193 5150 audacter
3206 5095 3450 5155 rebella-

104 5170 192 5236 vit,
217 5182 269 5232 et
286 5193 358 5234 eo
375 5180 714 5238 temeritatis
730 5181 989 5252 devenit,
1005 5184 1322 5257 utproprio
1346 5188 1534 5240 marte
1547 5188 1679 5239 acta
1696 5183 2012 5254 cujusdam
2026 5180 2256 5236 concilii
2280 5179 2630 5235 cecumenici
2653 5195 2721 5234 ex
2746 5179 2939 5250 capite
2952 5180 3221 5251 ﬁngeret,
3243 5183 3303 5239 in
3325 5201 3448 5257 quo

98 5259 389 5323 Nicolaum
422 5267 444 5319 Ι
473 5271 1040 5340 excommunicaret,
1069 5272 1383 5329 Ecclesiam
1411 5271 1678 5328 Latinam
1707 5271 1990 5328 conviciis
2029 5275 2086 5325 et
2124 5268 2440 5326 calumniis
2481 5267 2802 5338 impeteret,
2849 5269 3272 5341 exprobrando
3303 5273 3448 5346 ipsis

98 5353 240 5419 quod
261 5356 618 5429 Symbolum
642 5358 785 5415 ﬁdei
812 5365 1198 5428 mutaverant,
1219 5369 1546 5434 caateraque
1573 5359 1926 5432 gravamina
1946 5359 2075 5431 jam
2099 5359 2347 5431 prolata,
2377 5355 2819 5428 exaggerando.
2849 5358 2930 5414 De
2956 5358 3163 5416 Photio
3185 5361 3446 5420 scribens

95 5439 422 5502 Anastasius
464 5445 957 5505 Bibliothecarius
984 5467 998 5506 :

155 5551 180 5580 ιι
195 5531 408 5591 Verum
419 5534 531 5591 iste
544 5534 656 5592 fals
665 5538 848 5605 arius,
863 5539 964 5605 ait,
979 5539 1260 5597 falsorum
1272 5554 1617 5596 excessuum
1629 5538 1911 5597 adversus
1921 5537 2207 5594 insontem
2221 5535 2527 5610 absentem
2541 5537 2600 5590 et
2609 5533 2918 5601 invictum,
2936 5535 3283 5594 mendacem
3295 5541 3400 5595 cod
3407 5540 3449 5595 i-

103 5627 214 5673 cem
233 5622 538 5695 compilat,
564 5624 727 5681 mille
744 5627 975 5686 circiter
995 5629 1327 5687 antistitum
1350 5627 1820 5701 subscriptiones
1837 5626 2018 5685 falsas
2038 5623 2356 5692 interserit,
2378 5621 2491 5679 sibi
2507 5622 2750 5680 nemine
2770 5637 3018 5695 prorsus
3041 5626 3444 5684 consentiente

369 5711 575 5772 ΡΑτοι..
617 5711 728 5772 Gn.
769 5713 854 5774 Cl.

3164 5730 3199 5777 α

117 5987 200 6090 ἋἾ

101 6077 124 6112 \
191 6095 200 6111 Δ.
