3992 6182
483 248 524 294 η
1626 228 1997 291 PR/EFATIO
2036 226 2106 287 IN
2145 228 2386 289 PHOTII
2425 230 2680 290 OPERA.

482 364 577 420 vel
607 360 1018 418 conscribente
1049 375 1121 416 ex
1153 359 1254 416 illa
1274 357 1597 417 numerosa
1625 360 2043 431 episcoporum
2082 357 2481 424 multitudine,
2517 360 2626 414 nisi
2651 374 2769 414 uno
2797 364 2852 414 et
2880 357 3088 430 viginti
3116 358 3495 430 praesulibus.
3527 360 3692 416 Unde
3710 360 3844 432 jam

482 450 786 524 profusius
804 448 989 504 sancti
1017 448 1251 504 habitus
1279 449 1385 505 viri
1417 465 1554 505 eum
1586 449 1835 521 fugiunt,
1877 453 1934 502 et
1963 445 2131 519 quasi
2158 447 2499 519 squalorem
2517 448 2847 521 quemdam
2874 448 3193 513 declinant,
3221 449 3272 504 al
3286 455 3469 505 ternm
3493 450 3845 506 Dioscorum

483 542 643 597 hunc
670 537 1062 611 appellantes,
1082 542 1139 593 et
1162 554 1591 610 praecursorem
1620 536 1978 600 Antichristi,
2009 537 2131 591 imo
2157 535 2355 607 ipsum
2376 537 2798 593 Antichristum
2822 536 3241 605 existimantes,
3277 554 3458 609 quem
3482 538 3704 594 scilicet
3743 539 3849 594 ho-

482 630 707 686 minem
724 628 949 701 peccati
965 626 1270 700 ﬁliumque
1289 628 1636 700 perditionis
1660 625 1977 699 Apostolus
1990 624 2369 697 appellasset,
2383 626 2488 697 qui
2512 625 2778 697 profecto
2802 626 3171 682 extolleretur
3182 642 3358 698 supra
3371 642 3551 683 omne
3571 627 3739 700 quod
3759 628 3847 683 di-

482 718 629 774 citur
658 719 815 774 Deus
847 720 949 773 aut
985 716 1150 789 quod
1177 716 1388 772 colitur
1416 718 1431 734 '
1470 717 1581 788 (a).
1631 738 1659 766 »

555 806 823 879 Episcopi
865 805 1132 875 Orientis,
1168 806 1428 877 exceptis
1452 805 1651 875 viginti
1690 809 1744 861 et
1771 820 1913 868 uno,
1956 806 2164 859 contra
2194 802 2509 859 audaciam
2535 803 2721 859 Photii
2749 804 3173 875 reclamarunt,
3203 805 3467 862 dicentes
3506 806 3842 862 inauditum

484 912 636 961 esse,
670 912 778 951 nec
798 899 1051 966 justum,
1081 895 1436 951 sententiam
1469 894 1546 950 ab
1573 894 1832 950 inferiori
1858 893 1914 947 in
1945 896 2311 964 superiorem
2344 890 2479 948 ferri
2506 909 2518 958 ;
2552 892 2655 948 sed
2696 893 2935 949 Photius
2965 894 3043 949 ab
3074 893 3347 965 inemptis
3378 910 3500 951 non
3527 894 3842 961 abstinuit,

485 986 593 1043 sed
622 986 683 1041 in
704 985 1038 1057 pervicacia
1060 983 1331 1056 perstitit,
1356 984 1550 1039 donec
1566 984 1747 1055 paulo
1769 988 1904 1054 post
1926 988 2151 1037 mutato
2173 996 2372 1036 rerum
2399 986 2576 1047 statu,
2604 982 2845 1037 Photius
2865 999 2900 1037 a
2928 982 3140 1039 Basilio
3162 985 3478 1040 Macedone
3502 1001 3573 1040 ex
3595 984 3845 1040 ecclesia

482 1077 583 1133 ΟΡ.
609 1079 829 1147 ejectus
859 1081 964 1131 est.
996 1074 1167 1129 Anno
1199 1073 1416 1128 scilicet
1446 1074 1568 1137 867,
1599 1089 1719 1145 quo
1753 1072 1991 1127 Photius
2020 1072 2163 1127 Acta
2202 1070 2666 1142 pseudoconcilii
2708 1070 2982 1137 ﬁnxerat,
3018 1072 3258 1129 Michael
3287 1074 3628 1145 imperator.
3673 1074 3841 1145 gravi

482 1165 823 1237 suspicione
856 1168 1067 1229 motus,
1097 1163 1351 1219 Bardam
1373 1162 1737 1218 avunculum
1764 1161 2077 1217 trucidavit
2101 1176 2285 1232 opera
2318 1160 2508 1215 Basilii
2532 1160 2884 1225 Macedonis,
2912 1177 3089 1233 quem
3114 1178 3251 1217 cum
3283 1162 3536 1234 imperio
3560 1178 3667 1218 suo
3685 1178 3842 1219 asso-

482 1256 720 1323 ciasset,
747 1252 1179 1309 interfectorem
1210 1257 1487 1323 expertus
1516 1258 1618 1307 est.
1656 1250 1898 1307 Basilius
1930 1265 2168 1305 summa
2196 1248 2541 1305 auctoritate
2572 1248 2817 1320 potitus,
2854 1250 3122 1306 Photium
3153 1252 3342 1322 ejecit,
3370 1257 3426 1307 et
3455 1252 3742 1322 Ignatium
3764 1251 3842 1307 ab

480 1343 687 1399 exsilio
715 1347 1060 1398 revocatum
1099 1340 1225 1396 sedi
1264 1340 1642 1412 patriarchali
1669 1339 1937 1405 restituit,
1970 1354 2228 1410 moxque
2250 1338 2617 1394 Hadrianum
2640 1339 2703 1405 Il,
2736 1340 2840 1410 qui
2866 1340 3078 1395 eodem
3104 1356 3263 1396 anno
3292 1343 3394 1397 867
3421 1340 3840 1397 Nicolaolsuc-

481 1435 757 1499 cesserat,
790 1430 953 1495 adiit,
979 1434 1042 1484 ut
1068 1428 1255 1484 missis
1280 1428 1491 1499 legatis
1521 1433 1743 1484 statum
1774 1429 2040 1483 ecclesiae
2070 1428 2250 1494 C.-P.,
2282 1426 2411 1483 diro
2444 1428 2763 1484 schismate
2789 1430 3222 1500 perturbatum.
3252 1436 3657 1502 componeret.

552 1524 898 1592 Postquam,
927 1523 1247 1574 convocato
1278 1518 1531 1574 concilio
1572 1521 1860 1581 Romano,
1898 1518 2229 1572 Hadrianus
2260 1516 2561 1581 Photium,
2591 1516 2671 1571 ob
2701 1519 3153 1587 pronuntiatum
3196 1519 3258 1574 in
3290 1520 3595 1575 Nicolaum
3628 1519 3670 1587 Ι,
3702 1534 3836 1574 ana-

480 1610 703 1673 thema,
732 1606 983 1665 solemni
1006 1608 1296 1663 sententia
1320 1607 1926 1675 excommunicasset,
1952 1611 2011 1661 et
2032 1622 2101 1661 ea
2125 1621 2262 1678 quae
2285 1621 2391 1677 pro
2420 1622 2564 1676 pace
2591 1607 2863 1662 Ecclesiae
2892 1607 3556 1679 Constantinopolitanae
3581 1623 3618 1663 a
3638 1613 3838 1663 sancta

482 1699 623 1755 sede
640 1697 968 1770 apostolica
984 1697 1220 1752 decreta
1240 1695 1491 1760 fuerant,
1508 1696 1941 1759 conﬁrmasset,
1963 1694 2536 1766 Constantinopolim
2560 1695 2788 1764 legatos
2812 1698 2986 1762 misit,
3010 1702 3075 1752 ut
3091 1698 3442 1753 interessent
3463 1704 3676 1752 octavo
3698 1711 3839 1752 con-

477 1787 611 1843 cilio
646 1785 1035 1852 oecumenico,
1064 1785 1231 1858 quod
1257 1787 1363 1841 CP.
1392 1784 1754 1841 celebratum
1786 1790 1873 1840 est
1902 1800 1938 1840 a
1962 1784 2057 1839 die
2082 1784 2116 1836 5
2151 1783 2416 1839 Octobris
2455 1800 2553 1840 an.
2584 1784 2707 1851 869,
2740 1785 2819 1840 ad
2844 1785 2913 1839 28
2943 1785 3245 1841 Februarii
3279 1801 3380 1842 an.
3426 1788 3550 1841 870.

552 1878 616 1931 In
641 1892 711 1931 eo
730 1874 999 1940 concilio,
1021 1874 1192 1945 juxta
1209 1873 1463 1930 formam
1482 1891 1518 1929 a
1535 1876 1718 1930 sacris
1735 1872 2066 1929 canonibus
2082 1872 2505 1944 praescriptam,
2532 1874 2770 1929 Photius
2793 1891 2827 1930 a
2841 1875 3239 1947 patriarchatu
3261 1879 3316 1930 et
3341 1890 3375 1929 a
3395 1874 3725 1929 sacerdotio
3745 1890 3840 1929 so-

478 1965 774 2021 lemmiter
788 1965 1093 2035 depositus
1106 1962 1232 2029 fuit,
1248 1963 1393 2019 etad
1406 1964 1874 2019 communionem
1888 1962 2099 2017 laicam
2113 1960 2413 2024 redactus,
2430 1960 2765 2017 dummodo
2779 1963 3163 2034 resipisceret.
3179 1964 3321 2019 Cum
3344 1966 3542 2018 autem
3557 1977 3621 2017 se
3638 1966 3839 2016 aucto-

479 2055 635 2111 ritati
655 2054 888 2111 concilii
906 2052 1201 2123 subjicere
1221 2053 1533 2121 renuisset,
1557 2052 1936 2107 anathemate
1954 2050 2258 2122 perculsus
2280 2056 2395 2106 est.
2426 2052 2488 2105 ln
2508 2052 2757 2121 singulis
2780 2053 3149 2109 sessionibus
3170 2053 3371 2108 Patres
3386 2052 3497 2123 ipsi
3515 2051 3841 2107 anathema

480 2144 839 2208 indixerunt,
872 2142 963 2197 his
995 2140 1190 2197 verbis
1224 2158 1236 2195 :
1272 2141 1479 2196 Photio
1502 2141 1785 2204 invasori,
1812 2139 2020 2195 Photio
2044 2138 2313 2194 saeculari
2335 2140 2648 2203 etforensi,
2686 2142 2889 2197 Photio
2916 2143 3210 2213 neophyto
3238 2147 3296 2196 et
3326 2146 3605 2213 tyranno,
3635 2140 3841 2195 Photio

481 2232 863 2289 schismatico
875 2230 1463 2297 etdamnato,Photio
1476 2230 1709 2285 moecho
1723 2233 1781 2284 et
1795 2227 2335 2300 parricidaa,Photio
2354 2226 2691 2283 fabricatori
2705 2231 3180 2295 mendaciorum,
3198 2230 3400 2285 Photio
3413 2229 3679 2285 adultero
3692 2233 3745 2283 et
3758 2227 3844 2283 in-

478 2320 790 2385 terfectori,
817 2320 1020 2375 Photio
1038 2320 1328 2374 inventori
1343 2334 1760 2390 perversorum
1779 2318 2146 2386 dogmatum,
2170 2316 2383 2373 Photio
2397 2332 2556 2373 novo
2570 2316 2875 2384 Dioscoro,
2893 2319 3098 2374 Photio
3114 2334 3275 2373 novo
3283 2319 3303 2388 j
3316 2317 3470 2387 udae,
3484 2316 3805 2372 anathema
3828 2316 3839 2369 !

550 2412 695 2466 Cum
721 2409 928 2465 Photio
954 2407 1454 2463 excommunicati
1485 2412 1541 2462 et
1562 2406 1815 2478 depositi
1838 2410 1977 2460 sunt
1999 2404 2269 2460 nonnulli
2301 2407 2583 2477 episcopi,
2616 2406 2719 2478 qui
2742 2423 2989 2462 causam
3016 2422 3189 2462 suam
3212 2423 3249 2462 a
3276 2422 3458 2462 causa
3479 2406 3603 2477 ejus
3639 2421 3839 2475 sejun-

478 2515 615 2571 gere
646 2498 966 2554 noluerunt
995 2519 1006 2561 ;
1040 2496 1143 2551 sed
1170 2512 1287 2567 pax
1320 2495 1541 2550 interea
1569 2494 1837 2550 restituta
1868 2498 1974 2560 est,
2003 2493 2194 2549 donec
2230 2493 2460 2565 Ignatio
2486 2495 2603 2550 vita
2632 2494 2856 2562 functo,
2885 2495 3128 2551 Photius
3154 2496 3324 2551 novis
3351 2495 3580 2550 artibus
3610 2493 3842 2549 benevo

477 2588 718 2644 lentiam
743 2585 1117 2657 imperatoris
1137 2584 1331 2639 Basilii
1359 2584 1637 2655 captavit,
1672 2588 1728 2638 et
1749 2584 1827 2638 ab
1854 2584 1984 2654 ipso
2012 2582 2266 2638 obtinuit
2292 2588 2355 2637 ut
2384 2584 2440 2637 in
2466 2584 2669 2639 sedem
2692 2583 3151 2655 patriarchalem
3184 2586 3609 2640 restitueretur.
3645 2582 3705 2636 Id
3740 2597 3835 2637 an.

477 2677 581 2731 8'77
622 2674 852 2738 accidit,
880 2674 1008 2743 jam
1040 2688 1160 2728 non
1200 2672 1524 2727 obsistente
1550 2673 1777 2727 Joanne
1810 2672 1925 2725 VIII
1967 2674 2232 2727 Romano
2264 2672 2566 2742 pontiﬁce,
2601 2674 2721 2745 qui,
2764 2674 2839 2729 ob
2878 2674 3248 2746 iniquitatem
3291 2680 3628 2745 temporum
3660 2679 3714 2726 et
3762 2670 3839 2726 ad

479 2763 750 2822 cavenda
776 2764 1009 2833 majora
1039 2760 1216 2825 mala,
1248 2761 1513 2817 Photium
1545 2760 1766 2816 restitui
1797 2760 2085 2832 permisit,
2108 2776 2178 2816 eo
2198 2766 2398 2815 tamen
2427 2766 2627 2833 pacto,
2660 2768 2720 2817 ut
2743 2764 3176 2833 praeteritorum
3200 2762 3535 2819 facinorum
3554 2760 3785 2816 veniam
3805 2776 3840 2814 a

480 2852 734 2911 concilio
762 2854 978 2921 peteret
1001 2855 1056 2906 et
1078 2850 1386 2905 obtineret.
1423 2850 1483 2903 In
1507 2849 1768 2918 genuina
1788 2849 1947 2904 enim
1976 2848 2225 2921 epistola
2247 2865 2432 2921 quam
2460 2852 2718 2906 Joannes
2738 2853 2853 2906 Vlll
2871 2851 2949 2908 ad
2980 2852 3292 2923 episcopos
3308 2851 3557 2907 Orientis
3584 2850 3836 2921 scripsit,

476 2946 559 3000 ita
590 2945 853 2997 mentem
880 2955 1051 2995 suam
1075 2938 1263 3010 aperit
1298 2960 1310 2991 :
1348 2959 1372 2989 α
1403 2941 1567 2993 Nunc
1592 2939 1792 3010 itaque
1820 2938 1948 2994 aliis
1966 2938 2326 3010 patriarchis,
2359 2938 2752 2996 Alexandrino
2786 2940 3058 2995 videlicet
3087 2945 3145 2996 et
3171 2941 3532 2997 Antiocheno
3564 2944 3620 2995 et
3646 2939 3839 2993 Hiero-

479 3031 857 3103 solymitano,
880 3033 1059 3100 atque
1074 3027 1359 3084 omnibus
1378 3026 1841 3098 archiepiscopis
1862 3027 2271 3098 metropolitis,
2297 3027 2592 3100 episcopis
2617 3032 2674 3083 et
2699 3028 3127 3096 sacerdotibus,
3148 3034 3483 3101 cunctoque
3512 3027 3666 3083 clero
3693 3028 3836 3082 Con-

478 3118 1015 3191 stantinopolitanae
1054 3116 1232 3183 sedis,
1273 3116 1373 3188 qui
1412 3116 1486 3170 de
1526 3116 1900 3172 ordinatione
1938 3116 2130 3171 beatas
2168 3116 2474 3171 memorim
2515 3117 2788 3173 Methodii
2848 3122 2903 3173 et
2940 3118 3167 3187 lgnatii,
3208 3116 3839 3173 reverendissimorum

479 3208 975 3281 patriarcharum,
1004 3205 1317 3269 exsistunt,
1354 3220 1474 3260 una
1496 3204 1819 3270 voluntate,
1851 3205 2095 3277 parique
2116 3210 2251 3260 voto
2268 3206 2798 3274 consentientibus,
2835 3208 3095 3264 eumdem
3110 3204 3834 3275 Photiumsatisfaciendo,

478 3296 942 3353 misericordiam
967 3310 1167 3351 coram
1184 3295 1431 3363 synodo,
1450 3294 1766 3350 secundum
1790 3295 2265 3350 consuetudinem
2280 3296 2702 3363 postulantem,
2726 3296 2785 3351 in
2810 3312 2951 3351 vera
2968 3296 3277 3352 dilectione
3297 3295 3548 3359 fratrem,
3569 3295 3628 3349 in
3646 3293 3839 3365 ponti-

477 3385 654 3441 ﬁicali
672 3383 869 3440 ofﬁcio
884 3383 1380 3446 comministrum,
1396 3387 1577 3453 atque
1594 3399 1793 3439 coram
1815 3384 2040 3452 synodo
2059 3383 2521 3439 misericordiam
2539 3386 2878 3454 quaerendo,
2894 3385 2952 3439 in
2968 3384 3249 3456 pastorali
3268 3366 3603 3454 magisterio
3624 3397 3835 3438 consa-

479 3474 803 3542 cerdotem,
830 3487 938 3543 pro
960 3470 1226 3527 Ecclesiae
1260 3470 1360 3526 Dei
1383 3486 1529 3542 pace
1559 3476 1613 3525 et
1644 3471 1887 3527 utilitate
1914 3471 2135 3526 amodo
2162 3472 2388 3527 Christo
2424 3472 2672 3536 favente,
2701 3474 3020 3543 recipimus
3046 3479 3101 3529 et
3130 3474 3423 3530 habemus
3450 3473 3548 3545 (ὁ).
3592 3494 3620 3522 »

549 3562 812 3629 Photius,
830 3561 1003 3632 jussa
1034 3559 1289 3616 Romani
1319 3559 1613 3632 pontiﬁcis
1651 3560 1795 3615 nihil
1826 3565 2109 3626 moratus,
2152 3561 2465 3631 epistolam
2485 3561 2732 3616 Joannis
2756 3564 2873 3616 Vill
2894 3564 3242 3633 suppressit,
3270 3568 3327 3618 et
3346 3578 3569 3618 novam
3590 3559 3834 3616 ﬁnxitin

479 3668 604 3726 qua
630 3654 937 3707 Romanus
968 3648 1230 3721 pontifex
1262 3665 1527 3704 summas
1565 3647 1772 3704 laudes
1814 3648 2023 3705 Photio
2056 3648 2279 3715 tribuit,
2312 3654 2604 3722 tanquam
2635 3650 2761 3706 viro
2788 3650 3171 3723 integerrimo
3204 3656 3261 3706 et
3290 3651 3613 3723 inculpato,
3648 3666 3684 3706 a
3711 3664 3831 3721 quo

477 3738 743 3813 episcopi
771 3738 912 3794 olim
952 3739 1173 3807 Ignatio
1204 3737 1573 3792 adhaerentes
1603 3737 1841 3792 veniam
1878 3742 2075 3809 petere
2119 3738 2358 3803 debent,
2391 3740 2613 3812 quique
2654 3740 2732 3794 ab
2761 3739 3042 3795 omnibus
3071 3740 3253 3795 veluti
3290 3741 3589 3812 legitimus
3631 3743 3833 3810 pastor

476 3830 710 3900 absque
728 3826 1087 3896 ambagibus
1104 3826 1522 3897 suscipiendus
1553 3831 1666 3883 est.
1705 3826 1925 3882 Deinde
1950 3826 2107 3882 idem
2140 3827 2396 3893 Photius,
2430 3844 2564 3883 cum
2595 3827 2805 3883 fuisset
2824 3829 3129 3884 restitutus
3150 3829 3211 3884 in
3235 3830 3441 3885 sedem
3470 3827 3834 3898 patriarcha-

476 3917 592 3975 lem
625 3916 754 3983 CP.,
785 3916 985 3971 denuo
1016 3930 1083 3970 ex
1110 3931 1219 3970 suo
1251 3914 1445 3986 capite
1475 3916 1647 3973 ﬁnxit
1676 3920 1810 3970 acta
1836 3916 2045 3987 synodi
2088 3916 2492 3983 cecumenicm,
2534 3932 2605 3972 eo
2636 3922 2864 3972 tantum
2903 3917 3021 3972 ﬁne
3054 3923 3116 3972 ut
3157 3918 3562 3973 auctoritatem
3602 3914 3835 3971 concilii

476 4004 829 4063 mcumenici
849 4004 1034 4059 octavi
1067 4002 1346 4068 aboleret,
1381 4008 1434 4058 et
1452 4005 1657 4058 omnia
1678 4019 1810 4075 qua:
1842 4009 2047 4059 contra
2069 4004 2263 4075 ipsum
2293 4004 2436 4060 olim
2460 4006 2745 4061 canonice
2773 4012 2897 4062 acta
2921 4006 3152 4062 fuerant
3176 4006 3554 4063 rescinderet.
3586 4008 3748 4061 Hunc
3771 4003 3833 4058 in

476 4096 659 4151 ﬁnem
689 4109 876 4149 ausus
906 4096 990 4147 est
1019 4093 1198 4148 etiam
1224 4091 1448 4161 ﬁngere
1474 4092 1950 4148 circumstantias
1978 4109 2112 4163 quae
2134 4110 2254 4149 non
2287 4099 2517 4149 tantum
2544 4110 2580 4149 a
2599 4096 2860 4163 veritate,
2886 4095 2990 4150 sed
3018 4096 3185 4150 etiam
3217 4095 3295 4152 ab
3325 4096 3491 4152 omni
3524 4093 3644 4150 veri
3675 4093 3836 4148 simi-

475 4184 721 4241 litudine
746 4182 953 4238 alienae
977 4185 1133 4236 sunt.
1156 4181 1409 4245 lnduxit,
1436 4181 1691 4252 exempli
1713 4182 1923 4251 gratia,
1948 4181 2173 4253 legatos
2193 4182 2441 4238 Joannis
2467 4184 2587 4237 Vlll
2613 4184 2895 4250 dicentes,
2920 4185 3235 4257 episcopos
3259 4184 3362 4256 qui
3386 4185 3444 4239 in
3462 4182 3836 4238 mcumenica

474 4272 706 4347 synodo
740 4287 838 4327 vni
868 4270 1063 4326 locum
1095 4269 1569 4341 patriarcharum
1603 4269 1993 4333 Alexandrini,
2023 4272 2367 4326 Antiocheni
2407 4276 2463 4327 et
2494 4271 3014 4344 Hierosolymitani
3045 4277 3241 4329 tenere
3263 4271 3674 4335 censebantur,
3708 4284 3837 4325 non

474 4364 552 4421 ab
581 4360 841 4419 ecclesiis
871 4359 977 4416 sed
1007 4374 1044 4415 a
1064 4358 1375 4415 Saracenis
1405 4358 1622 4414 missos
1654 4358 1836 4413 fuisse
1867 4374 1879 4413 :
1914 4358 2089 4430 idque
2116 4358 2340 4414 dictum
2375 4359 2555 4414 fuisse
2594 4360 2764 4416 ﬁnxit
2797 4377 3002 4417 coram
3041 4362 3183 4433 ipsis
3207 4361 3413 4431 legatis
3452 4359 3555 4431 qui
3586 4358 3835 4415 nomine

470 4452 947 4524 patriarcharum
989 4454 1210 4505 octavae
1238 4446 1450 4520 synodi
1488 4446 1907 4503 interfuerant!
1946 4446 2272 4503 Falsarium
2304 4449 2511 4504 Photio
2542 4450 2922 4505 audaciorem
2953 4455 3009 4506 et
3048 4450 3566 4523 impudentiorem,
3598 4448 3832 4504 nullum

472 4543 948 4596 commemorant
976 4537 1251 4594 Ecclesia:
1282 4535 1553 4593 annales.
1584 4535 1726 4592 Acta
1757 4536 1967 4607 synodi
2002 4552 2188 4608 quam
2220 4552 2380 4592 anno
2427 4536 2527 4591 867
2561 4554 2699 4592 cum
2728 4537 2885 4593 mille
2916 4538 3456 4610 subscriptionibus
3485 4536 3833 4610 suppositiis

471 4629 724 4685 ﬁnxerat
741 4633 798 4683 et
816 4627 1133 4683 artiﬁciose
1154 4627 1409 4682 describi
1435 4631 1760 4691 curaverat,
1790 4626 1847 4681 in
1872 4627 2121 4682 concilio
2143 4642 2238 4682 vui
2261 4631 2522 4681 cremata
2546 4632 2685 4683 sunt
2712 4643 2725 4679 :
2755 4628 2859 4683 sed
2878 4633 3011 4684 acta
3027 4627 3493 4699 pseudo-synodi
3515 4641 3648 4700 qua:
3674 4640 3833 4681 anno

472 4717 576 4774 878
601 4733 673 4773 ex
707 4716 892 4787 capite
932 4715 1281 4786 composuit,
1322 4715 1611 4770 hactenus
1650 4715 1982 4781 habentur;
2013 4716 2136 4770 imo
2175 4730 2283 4785 pro
2324 4715 2467 4770 actis
2505 4716 2693 4787 ipsius
2725 4722 2949 4772 octavae
2974 4717 3191 4789 synodi
3230 4717 3632 4783 mcumenicae,
3667 4715 3833 4787 apud

474 4810 704 4864 Graecos
736 4804 1141 4860 schismaticos
1174 4803 1526 4873 plerumque
1556 4803 1941 4873 recipiuntur,
1984 4803 2292 4874 repudiata
2331 4819 2469 4859 vera
2509 4805 2743 4875 synodo
2774 4811 2981 4861 octava
3010 4807 3072 4861 in
3105 4822 3225 4877 qua
3262 4806 3502 4862 Photius
3544 4805 3833 4861 canonice

472 4895 779 4968 depositus
818 4898 876 4948 et
908 4891 1462 4947 excommunicatus
1494 4896 1600 4947 est.
1658 4892 1834 4947 Porro
1886 4895 2017 4947 acta
2045 4892 2143 4946 illa
2185 4892 2421 4964 legenti,
2468 4894 2515 4948 si
2557 4893 2745 4948 Photii
2786 4894 3082 4949 scribendi
3124 4900 3182 4951 et
3220 4895 3485 4966 ﬁngendi
3538 4894 3832 4950 rationem

474 4991 847 5059 perspectam
878 4981 1111 5046 habeat,
1145 4980 1271 5051 ipsa
1298 4980 1499 5034 ﬁctitia
1527 4996 1681 5045 esse,
1718 4981 1850 5051 ipso
1882 4996 1989 5035 suo
2016 4986 2292 5035 contextu
2313 4980 2714 5038 manifestant.
2738 4982 2915 5039 Juvat
2947 4988 3144 5039 tamen
3172 4984 3437 5039 conferre
3467 4983 3835 5039 documenta

475 5074 735 5145 genuina
763 5086 898 5143 quae
947 5073 1194 5134 exstant,
1236 5084 1371 5124 cum
1424 5068 1653 5124 eisdem
1706 5069 2083 5125 documentis
2115 5086 2149 5124 a
2206 5070 2416 5126 Photio
2461 5070 2632 5137 ﬁctis,
2687 5076 2753 5127 ut
2789 5088 2884 5127 ex.
2934 5088 3023 5143 gr.
3075 5073 3392 5145 epistolam
3439 5073 3684 5129 Joannis
3716 5071 3833 5126 Vlll

473 5178 696 5233 veram,
730 5176 865 5233 quae
894 5158 1095 5216 Latina
1125 5162 1359 5213 servata
1384 5162 1489 5225 est,
1520 5173 1657 5212 cum
1684 5158 1936 5230 epistola
1951 5159 2196 5215 Joannis
2217 5158 2440 5230 ﬁctitia,
2473 5177 2654 5232 quam
2684 5161 2923 5218 Photius
2943 5162 3089 5219 actis
3108 5162 3231 5217 suis
3252 5161 3519 5228 inseruit,
3553 5166 3618 5216 ut
3647 5161 3840 5231 impu-

474 5251 675 5309 dentia
703 5248 919 5305 felsarii
952 5246 1073 5303 sole
1106 5245 1323 5301 clarius
1347 5245 1626 5301 lucescat.

544 5343 624 5397 Ne
648 5344 843 5395 autem
868 5336 1124 5410 partium
1143 5335 1337 5391 studio
1363 5335 1591 5406 abrepti
1607 5334 1929 5407 videamur,
1960 5336 2104 5409 quid
2126 5337 2200 5392 de
2223 5338 2426 5395 Photio
2452 5340 2744 5397 senserint
2764 5340 3042 5397 coaetanei
3061 5344 3117 5396 et
3137 5342 3441 5411 gestorum
3464 5338 3593 5409 ejus
3615 5337 3838 5395 oculati

477 5434 667 5495 testes,
700 5429 758 5484 in
790 5427 988 5483 medio
1019 5424 1280 5496 proferre
1305 5424 1601 5479 volumus.
1627 5424 1881 5481 Mentem
1904 5426 2132 5481 concilii
2165 5428 2515 5484 mcumenici
2537 5430 2745 5495 octavi,
2770 5446 2842 5484 ex
2864 5428 3391 5502 imprecationibus
3414 5434 3470 5483 et
3490 5427 3838 5484 anathema-

474 5518 685 5584 tismis,
722 5532 905 5589 supra
926 5513 1255 5579 recensitis,
1287 5513 1699 5586 unusquisque
1724 5513 2027 5586 intelliget.
2054 5517 2123 5572 At
2152 5531 2349 5588 operas
2380 5517 2634 5589 pretium
2664 5522 2752 5575 est
2778 5517 2897 5575 huc
2932 5518 3115 5575 etiam
3142 5517 3443 5575 adducere
3486 5515 3835 5574 sententiam

547 5642 1043 5814 (aI)I
1077 5727 1251 5801 Prwf.
1286 5727 1462 5786 Cone.
1494 5743 1701 5785 meum.
1753 5729 1880 5787 VII.
1909 5730 2085 5787 Hard.
2123 5733 2181 5797 V,
2217 5734 2344 5788 752.
2386 5732 2462 5804 (lx)
2505 5732 2637 5790 Act.
2674 5731 2892 5790 Concit.
2937 5731 3088 5790 VIII
3110 5746 3317 5792 arcum.
3350 5732 3529 5790 Hard.
3565 5732 3654 5803 V,.
3697 5733 3829 5788 U66
