3992 6182
1296 262 1682 322 ΡΒᾸΕΡΑΤΙΟ
1714 267 1729 321 1

1844 266 2060 324 ΡΗΟΤΙΙ
2095 269 2356 328 OPERA.
3467 294 3530 334 ιιι

200 401 366 458 Nicetis
389 394 802 469 Paphlagonis,
842 392 952 451 viri
977 393 1081 468 pii,
1121 393 1298 458 docti,
1353 392 1644 450 moderati
1681 392 1906 466 ingenii
1943 397 2001 451 et
2043 399 2108 450 ut
2135 395 2370 452 videtur
2400 412 2645 469 prorsus
2676 397 2944 467 ingenui,
2980 397 3107 470 qui,
3148 398 3296 457 dum
3336 402 3521 462 vitam

195 487 490 564 patriarchae
515 476 723 556 [gnatii
764 484 976 541 sedulo
1007 489 1065 541 et
1090 487 1364 540 accurate
1391 482 1772 551 describeret,
1803 482 1878 539 de
1907 483 2137 540 meritis
2169 500 2238 541 ac
2263 485 2417 542 vitiis
2457 486 2647 542 Photii
2679 491 2873 543 tacere
2902 502 3023 543 non
3047 489 3260 560 potuit.
3289 489 3344 544 ls
3374 491 3524 563 quid

193 579 363 633 valeret
392 574 637 630 Photius
663 573 989 638 natalibus,
1027 572 1246 638 studio,
1279 572 1552 628 doctrina
1577 575 1634 628 et
1660 571 1947 638 moribus,
1979 577 2190 645 sponte
2220 580 2478 641 enarrat,
2513 575 2832 648 sedpostea
2860 576 3039 632 etiam
3070 579 3130 633 in
3155 593 3278 650 quo
3306 594 3524 651 pecca-

191 668 299 725 verit
337 665 554 720 sincere
585 663 852 736 exponit.
881 661 1173 719 Audiatur
1220 661 1403 732 igitur
1432 660 1527 718 ille
1570 661 1732 718 testis
1761 677 1942 734 quem
1969 677 2080 719 nec
2107 663 2314 720 odium
2359 680 2470 722 nec
2500 680 2692 732 amor,
2722 665 2827 722 sed
2854 665 3117 723 veritatis
3149 670 3521 742 exponenda

191 754 499 813 desiderium
527 753 706 810 unice
745 752 952 810 movit.

260 838 478 901 «Ἐπιιδή
521 848 696 895 τοίνυν
726 844 774 896 οἱ
817 843 964 916 παρὰ
1003 848 1094 894 τοῦ
1149 840 1412 914 βασιλέως
1438 845 1555 894 τότε
1596 839 1758 893 πολλὰ

208 941 492 1004 meam“,
552 935 618 984 τὸ
696 935 827 1006 πρός
907 935 1230 1005 παρανομίαν
1302 926 1579 1000 ἕνδόσιμον
1649 929 1754 1001 οὐχ

203 1026 308 1077 eius:
340 1021 667 1094 ἐγεγόνεισαν
731 1023 876 1094 παρὰ
939 1028 1029 1074 τοῦ
1086 1020 1340 1091 Ίγνατίου
1402 1018 1593 1084 λαϐεῖν,
1644 1037 1758 1089 γεν-

188 1118 312 1173 m’m;
358 1111 648 1164 ἐνστάσεσι
702 1112 1132 1184 παραιτήσασθαι
1190 1115 1262 1183 μὴ
1312 1105 1750 1180 καταδεξαμένου,

180 1201 272 1274 παρ’
318 1201 502 1252 ἑαυτῶν
551 1199 738 1252 ἔλαϐον
780 1208 937 1253 τοῦτο
987 1199 1202 1252 λοιπόνθ
1232 1204 1323 1251 xui
1375 1198 1598 1250 πλεῖστα
1634 1196 1750 1248 καθ’

175 1291 346 1351 ἑαυτοὺς
397 1289 816 1360 συσκεψάμενοι,
872 1293 960 1342 καὶ
1018 1295 1192 1342 πᾶσαν
1245 1291 1567 1347 κικινηκότες
1626 1285 1750 1358 βου-

171 1381 258 1444 λὴν,
307 1384 491 1431 ψώτιον
555 1380 1035 1452 πρωτοσπαθάριόν
1103 1396 1158 1430 τε
1227 1381 1345 1429 ὅντα
1400 1381 1489 1428 καὶ
1542 1394 1752 1448 πρωτα-

170 1479 411 1540 πκρῆτιν,
469 1467 543 1530 εἰς
602 1467 856 1541 ἀρχιερέα
905 1476 1000 1530 τῆς
1051 1463 1333 1540 βασιλίδος
1377 1465 1749 1540 προχειρίζον·

165 1579 248 1609 ται.
294 1558 378 1610 Ἠν
419 1554 478 1610 δὲ
537 1557 692 1617 οὗτος
731 1559 755 1608 6
801 1561 995 1618 Φὼτιος
1044 1556 1102 1608 οῦ
1153 1564 1250 1607 τῶν
1292 1553 1510 1626 ἀγεννῶν
1556 1573 1610 1606 τε
1656 1555 1745 1605 xui

165 1647 424 1720 ἀνωνύμων,
463 1645 598 1698 ἄλλὰ
639 1649 728 1697 καὶ
756 1654 856 1696 τῶν
899 1645 1112 1716 εὐγενῶν
1136 1647 1273 1697 κατὰ
1311 1646 1503 1716 σάρκα,
1536 1647 1625 1695 καὶ
1655 1663 1738 1696 πε-

160 1745 373 1807 ριφανῶν,
409 1741 573 1807 σοφία
620 1754 672 1787 τε
701 1742 928 1807 κοσμικῇ
975 1739 1062 1786 καὶ
1109 1737 1310 1786 συνέσει
1349 1741 1449 1785 τῶν
1479 1735 1526 1784 ὲν
1553 1741 1614 1805 τῇ
1647 1752 1738 1785 πο-

159 1825 298 1896 λιτείᾳ
369 1829 732 1898 στρεφομένων
801 1819 1216 1895 εὐδοκιμώτατος
1287 1824 1490 1874 πάντων
1573 1821 1738 1894 ἐνομί-

158 1919 270 1976 ζετο.
326 1920 712 1986 Γραμματικῆς
763 1915 853 1985 μὲν
897 1915 997 1986 γὰρ
1052 1917 1138 1965 καὶ
1189 1918 1469 1977 ποιήσεως,
1528 1912 1736 1985 ῥητορι-

151 2012 235 2064 κῆς
283 2021 334 2056 τε
388 2008 478 2055 καὶ
538 2001 868 2074 φιλοσοφίας,
921 2006 1004 2054 ναὶ
1058 1998 1125 2059 δὴ
1184 2007 1273 2052 καὶ
1335 2001 1594 2074 ἰατρικῆς,
1645 2006 1734 2053 καὶ

149 2095 313 2152 πάσης
364 2091 535 2162 ὀλίγον
579 2088 688 2144 δεῖν
731 2089 1047 2163 ἐπιστήμης,
1085 2099 1183 2143 τῶν
1228 2091 1445 2162 θύραθεν
1484 2097 1731 2142 τοσοῦτον

149 2181 280 2250 uita”:
335 2184 391 2232 τό
443 2183 630 2252 περιὸν,
689 2182 756 2241 ὡς
825 2185 900 2250 μὴ
961 2183 1112 2251 μόνον
1171 2176 1366 2250 σχεδὸν
1417 2182 1572 2251 φάναι
1634 2188 1730 2231 τῶν

150 2273 268 2323 κατὰ
319 2275 412 2328 τὴν
468 2270 626 2322 αὐτοῦ
678 2270 857 2340 γενεὰν
909 2269 1112 2320 πάντων
1169 2264 1465 2340 διενεγκεῖν,
1508 2265 1614 2328 ἤδη
1673 2265 1731 2320 δὲ

150 2365 223 2411 καὶ
261 2363 383 2433 πρὸς
431 2363 553 2420 τοῦς
602 2356 858 2419 παλαιοὺς
901 2356 1055 2409 αὐτὸν
1109 2352 1504 2429 διαμιλλᾶσθαι.
1553 2359 1732 2410 Πάντα

149 2453 232 2521 γὰρ
287 2454 584 2523 συνέτρεχεν
641 2446 718 2499 ἐπ’
767 2449 924 2518 αὐτῷ,
981 2449 1009 2504 ἠ
1067 2443 1434 2509 ἐπιτηδειότης
1498 2455 1587 2507 τῆς
1635 2449 1726 2519 φῦ-

155 2555 281 2603 σεως,
337 2541 364 2595 ἡ
425 2534 663 2606 σπουδὴ,
706 2538 732 2589 6
775 2536 1012 2601 πλοῦτος,
1057 2533 1130 2588 δι’
1183 2535 1236 2588 ὃν
1285 2541 1373 2587 καὶ
1423 2535 1604 2608 βίϐλος
1651 2535 1728 2587 ἐπ’

153 2627 285 2677 αὐτόν
328 2626 456 2701 ἔρῥει
509 2633 699 2678 πᾶσα”
759 2624 909 2678 πλέον
964 2621 1023 2678 δι
1078 2627 1282 2677 πάντων
1335 2627 1360 2676 6
1413 2635 1506 2686 τῆς
1569 2621 1729 2686 δόξης

151 2717 278 2788 ξῡως,
333 2713 404 2767 δι’
460 2715 514 2766 ὃν
589 2714 732 2786 αὐτῷ
793 2719 883 2766 καὶ
965 2716 1143 2776 νύκτες
1212 2716 1396 2767 ἄϋπνοι
1470 2719 1586 2788 περὶ
1634 2719 1727 2771 τὴν

153 2804 414 2875 ἀνάγνωσιν
465 2803 695 2876 ἐμμιλῶς
752 2803 1085 2874 ἑσχολακότι.
1147 2805 1287 2857 Ἐπεὶ
1342 2800 1401 2856 δὲ
1460 2808 1550 2855 καὶ
1602 2805 1727 2877 πρὸς

150 2897 232 2949 τήν
278 2893 584 2952 Ἐκκλησίαν
645 2893 826 2958 αὐτὴν,
884 2894 952 2954 ὡς
1034 2897 1104 2964 μή
1161 2892 1364 2964 ὤφελεν,
1419 2891 1724 2946 ἐπεισελθεῖν

150 2979 266 3048 ἔδει,
294 2987 383 3034 καὶ
423 2992 518 3034 τῶν
554 2982 1000 3041 ἐκκλησιαστικῶν
1051 2977 1144 3034 διὰ
1185 2987 1338 3034 τοῦτο
1382 2979 1596 3054 βιϐλίων
1636 2989 1726 3042 τῆς

158 3069 477 3139 ὀτδαγνῶσιως
530 3071 584 3123 οὗ
636 3074 764 3124 κατὰ
815 3072 1071 3145 πάρεργον
1128 3069 1430 3143 ἐπεμελήθηο
1487 3069 1725 3143 ἀγνόημα

159 3155 214 3210 δε
263 3160 523 3229 ἠγνόησεν,
553 3161 614 3211 ἶν’
646 3164 768 3213 εἴπω
819 3159 1139 3231 θεολογικῶς,
1172 3157 1380 3232 σφόδρα
1425 3168 1521 3221 τῆς
1562 3160 1722 3213 αὐτοῦ

156 3254 324 3319 σοφίας
368 3249 582 3312 ἀνάξιον.
618 3249 691 3302 Οὐ
736 3251 840 3323 γὰρ
871 3249 1090 3308 ἠθέλησε
1127 3252 1410 3322 προσέχειν
1457 3253 1544 3302 τόν
1581 3258 1720 3315 νοῦν,

148 3339 237 3388 ὅτι·
288 3342 345 3389 Εἰ
417 3358 494 3400 τις
542 3339 706 3392 ’θέλει
785 3343 941 3411 σοφὸς
1011 3340 1251 3411 γενέσθαι
1317 3337 1365 3390 ἄν
1434 3348 1506 3410 τῷ
1575 3339 1723 3391 αἰῶνι

153 3432 314 3496 τούτῳ,
377 3433 545 3502 μωρὸς
623 3430 869 3499 γενέσθω,
925 3429 1004 3480 ἶνα
1053 3431 1266 3500 γένηται
1340 3433 1510 3501 σοφός.
1585 3425 1723 3481 Οὐδὲ

147 3521 224 3572 τὴν
269 3513 381 3568 ὁδόν
424 3518 580 3570 εἵλετο
632 3525 729 3578 τῆς
786 3521 1274 3591 ταπεινόφροσύνης,
1317 3514 1391 3570 δι’
1435 3519 1498 3579 ἧς
1546 3520 1575 3576 ἡ
1627 3537 1721 3590 με-

148 3605 264 3675 γάλη
309 3614 393 3658 τοῦ
435 3615 566 3660 Θεοῦ
617 3608 799 3682 χάρις,
843 3611 932 3659 καὶ
979 3609 1008 3666 ἡ
1058 3607 1257 3670 ἀληθὴς
1307 3612 1465 3681 σοφία
1509 3604 1723 3660 δίδοται

147 3701 224 3745 καὶ
281 3699 658 3770 κατορθοῦται·
695 3693 819 3748 οὐδὲ
877 3705 1163 3770 στραφῆναι
1217 3702 1306 3751 καὶ
1358 3699 1596 3769 γενέσθαι
1659 3701 1722 3758 ὡς

147 3788 196 3834 τό
242 3781 437 3837 παιδίον
493 3783 591 3838 δια
641 3788 736 3843 τὴν
790 3792 881 3837 τοῦ
925 3789 1052 3840 Θεοῦ
1097 3785 1389 3858 βασιλείαν,
1442 3789 1510 3849 ὡς
1556 3788 1586 3845 ἡ
1631 3794 1722 3839 τοῦ

148 3879 321 3944 Κυρίου
372 3871 754 3948 διαμαρτυρία,
805 3871 1135 3937 κατεδέξατο·
1185 3873 1290 3927 ἀλλ’
1335 3873 1460 3928 οὐδὲ
1519 3875 1722 3946 σκάψαι

147 3965 226 4018 τὴν
253 3963 381 4032 αὐτῷ
411 3963 620 4035 ψυχὴν,
656 3969 744 4016 καὶ
796 3962 1023 4036 βαθῦναι
1062 3969 1155 4023 τὴν
1206 3961 1440 4018 διάνοιαν
1486 3962 1580 4018 διὰ
1626 3967 1720 4017 πάι

147 4069 226 4110 at;
273 4053 549 4124 ὑποταγῆς,
603 4056 739 4104 κατὰ
793 4055 1002 4125 Κύριον,
1054 4058 1144 4106 καὶ
1221 4054 1522 4129 ἀτιμοτέρας
1589 4054 1721 4126 ἀγω-

143 4146 223 4206 γῆς
260 4147 338 4192 καὶ
380 4145 804 4214 ταπεινόφρονος,
832 4145 921 4194 xui
971 4139 1044 4194 δι’
1084 4142 1333 4204 ἀπαθείας
1363 4144 1498 4197 οὕτω
1543 4152 1604 4216 τῇ
1637 4146 1723 4196 πέ-

144 4245 226 4297 τρα
272 4235 622 4303 προσεγγίσαι
675 4238 911 4304 Χριστῷ,
966 4237 1054 4284 καὶ
1107 4231 1182 4284 ἔπ’
1233 4233 1371 4303 αὐτῷ
1422 4235 1581 4285 θεῖναι
1637 4233 1721 4284 θε-

147 4315 289 4383 μέλιον
337 4325 566 4382 πίστεως
642 4319 869 4394 ἀρραγῆ,
925 4326 1012 4373 xui
1072 4317 1146 4374 δι’
1215 4323 1424 4392 ἄγαθῶν
1491 4321 1722 4393 πράξεων

145 4404 259 4454 οὕτω
295 4415 374 4468 τῆς
427 4414 622 4480 σοφίας
671 4407 776 4482 [ἷσ.
825 4417 885 4480 τῇ
937 4409 1116 4482 σοφίᾳ]
1173 4409 1351 4462 ἑαυτὸν
1405 4407 1718 4481 οἰκοδομεῖν.

142 4493 205 4542 Ov’
248 4503 402 4548 ταῦτα
451 4494 793 4556 διανενόηται
841 4500 864 4550 ό
925 4503 1114 4571 σοφός·
1145 4498 1335 4551 πολλοῦ
1385 4518 1444 4570 γε
1493 4495 1592 4552 δεῖ⁸
1635 4505 1723 4552 καὶ

140 4578 267 4635 οὐδὲν
314 4589 511 4638 τούτων
563 4586 652 4639 ἐπὶ
697 4595 814 4640 νοῦν
856 4584 1004 4646 ἦλθεν
1053 4587 1212 4658 αῦτῳ,
1256 4587 1362 4639 ἀλλ’
1412 4586 1495 4640 ἐπὶ
1545 4590 1722 4663 σαθρῷ

143 4671 326 4744 θεμελίῳ
380 4680 470 4728 καὶ
537 4673 805 4749 ἀμμώδει,
861 4683 921 4748 τῇ
981 4684 1208 4749 κοσμικῇ
1263 4681 1440 4748 σοφίᾳ,
1493 4681 1583 4730 καὶ
1657 4685 1718 4749 τῇ

143 4757 386 4836 ἀλαζονείᾳ
442 4785 537 4818 τοῦ
589 4769 664 4838 μη
715 4766 849 4817 κατὰ
899 4769 1130 4839 Χριστόν
1177 4762 1592 4838 πεπαιδευμένον
1642 4765 1722 4818 λό-

141 4867 221 4914 γον
254 4857 341 4908 τὴν
388 4854 581 4907 ἑαυτοῦ
632 4851 854 4928 καρδίαν
889 4855 1138 4928 στηρίξας
1185 4859 1274 4908 καὶ
1323 4858 1409 4907 τόν
1457 4863 1594 4921 νοῦν,
1635 4861 1723 4908 xui

141 4943 235 4998 τοῖς
275 4951 435 5005 κενοῖς
476 4952 580 4995 τῶν
631 4942 909 5016 ἀνθρώπων
961 4942 1188 5006 ἐπαίνοις
1238 4949 1328 4996 καὶ
1377 4948 1578 5016 κρότοις
1623 4965 1720 5016 φυ-

143 5030 400 5099 σιούμενος,
451 5036 546 5084 καὶ
615 5030 698 5084 ἐπὶ
766 5032 892 5084 πολὺ
953 5041 1015 5104 τῇ
1089 5029 1361 5104 κενοδοξία
1411 5037 1722 5106 μετεωριζό-

137 5132 286 5182 μενος,
345 5114 415 5170 δι’
471 5121 640 5181 αὐτῆς
698 5127 760 5192 τῇ
832 5119 1005 5193 ἐχθρᾷ
1057 5129 1149 5174 τοῦ
1204 5129 1336 5176 Θεοῦ
1402 5124 1724 5195 ὑπερηφανίᾳ

139 5207 494 5277 προσεπέλασε,
530 5206 609 5260 δι’
638 5209 697 5268 ἧς
742 5214 1063 5282 κακουργίαν
1105 5220 1156 5262 τί
1197 5217 1392 5281 πᾶσαν,
1427 5216 1517 5264 xui
1549 5218 1722 5263 πᾶσαν

139 5291 420 5347 σκανδάλων
475 5298 727 5350 ὑπόθεσιν
771 5306 1220 5370 μυσταγωγεῖται.
1269 5299 1422 5353 Ὀθεν
1470 5297 1722 5371 ἀδόκιμον

138 5380 261 5452 αὐτῷ
303 5390 394 5443 τὴν
442 5393 542 5452 τῇς
592 5388 864 5461 ἱεραρχίας
909 5387 1316 5461 καταϐαλόμενος
1365 5388 1561 5462 ἀρχὴν,
1605 5388 1723 5441 ἀκό-

197 5554 232 5616 'l
267 5554 392 5618 Cor.
426 5573 507 5616 ιιι.
538 5559 572 5578 "
593 5558 797 5622 Matth.
829 5564 1002 5621 xvui.

1941 861 1964 892 α
1985 844 2305 915 Postquam
2326 842 2505 915 igitur
2517 844 2849 902 administri
2865 845 3011 916 regii
3031 861 3183 920 saepe
3198 851 3422 906 tentata
3434 863 3515 919 re,

1864 945 1985 986 non
2018 934 2342 1003 potuerunt
2365 933 2599 990 ﬂectere
2619 935 2912 1006 lgnatium
2940 935 3013 991 ad
3044 935 3106 991 id
3128 936 3293 1008 quod
3312 936 3517 1011 inique

1862 1020 2163 1090 petebant,
2192 1037 2365 1078 suam
2396 1022 2495 1078 illo
2525 1023 2877 1094 dignitatem
2907 1023 3134 1081 fortiter
3159 1029 3215 1083 et
3241 1031 3516 1084 constan-

1862 1113 1948 1164 ter
1968 1114 2186 1177 tuente,
2209 1127 2246 1168 a
2275 1127 2336 1168 se
2357 1111 2475 1184 ipsi
2492 1113 2807 1169 consilium
2825 1113 2900 1169 de
2916 1118 3130 1171 caetero
3149 1115 3513 1184 petiverunt:

1860 1198 2161 1271 rebusque
2193 1200 2345 1257 inter
2374 1217 2437 1257 se
2481 1202 2585 1258 diu
2616 1203 2868 1273 agitatis,
2902 1219 3268 1277 omnemque
3298 1205 3358 1260 in
3385 1221 3515 1278 par-

1861 1293 1978 1342 tem
2000 1289 2270 1354 versatis,
2299 1291 2540 1347 tandem
2561 1291 2834 1348 Photium
2856 1293 3428 1365 protospatharium,
3455 1297 3516 1351 et

1858 1378 2122 1448 primum
2167 1395 2203 1435 a
2232 1380 2492 1450 secretis,
2528 1381 2928 1452 patriarcham
2960 1381 3124 1437 urbis
3152 1382 3330 1454 regiae
3360 1382 3513 1439 desi-

1855 1471 2041 1536 gnant
2063 1485 2076 1534 ;
2099 1468 2407 1524 hominem
2426 1485 2571 1526 sane
2589 1470 2837 1526 minime
2861 1470 3192 1526 obscurum
3211 1477 3268 1527 et
3282 1471 3509 1542 ignobi-

1853 1555 1992 1621 lem,
2027 1556 2128 1612 sed
2159 1558 2333 1614 claris
2363 1575 2433 1614 ac
2477 1558 2809 1615 illustribus
2835 1559 3157 1616 oriundum
3183 1560 3508 1630 natalibus,

1851 1660 2159 1718 rerumque
2177 1646 2440 1705 civilium
2454 1653 2510 1704 et
2525 1647 2892 1720 politicarum
2911 1665 3043 1714 usu,
3069 1649 3510 1722 prudentiaque

1849 1739 1905 1791 et
1935 1735 2179 1792 scientia
2207 1736 2626 1794 clarissimum.
2657 1738 3069 1794 Grammaticas
3107 1738 3266 1794 enim
3290 1738 3508 1796 littera-

1851 1827 1994 1880 turae
2015 1829 2071 1880 et
2090 1825 2373 1881 carminis
2398 1827 2721 1899 pangendi,
2745 1825 3102 1899 dicendique
3128 1825 3328 1898 laude,
3361 1827 3504 1901 quin

1846 1915 1903 1968 et
1926 1913 2321 1986 philosophiae
2347 1920 2402 1972 et
2425 1915 2750 1982 medicina,
2782 1920 2840 1971 et
2861 1915 3135 1972 omnium
3164 1931 3345 1988 prope
3365 1915 3505 1973 libe-

1845 2003 2058 2059 ralium
2089 2004 2541 2078 disciplinarum
2585 2011 2949 2062 externarum
2982 2005 3180 2062 studio
3211 2005 3504 2076 cognitio-

1845 2106 2038 2164 neque
2057 2096 2363 2166 tantopere
2388 2094 2660 2158 ﬂorebat,
2686 2099 2748 2150 ut
2779 2096 2892 2151 aevi
2915 2093 3194 2151 suifacile
3221 2095 3500 2168 princeps

1843 2180 2179 2248 haberetur,
2212 2181 2334 2238 imo
2366 2187 2421 2237 et
2450 2198 2588 2238 cum
2629 2183 2927 2239 veteribus
2955 2183 3081 2255 jam
3109 2188 3333 2240 certare
3362 2199 3503 2256 pos-

1843 2271 1947 2322 set.
1978 2267 2192 2323 Omnia
2230 2269 2454 2340 quippe
2484 2270 2546 2324 in
2593 2269 2693 2324 illo
2723 2276 3147 2326 concurrerant
3177 2287 3191 2326 :
3227 2271 3499 2343 aptitudo

1839 2356 2117 2429 quaedam
2148 2361 2204 2412 et
2235 2364 2454 2412 naturas
2485 2356 2573 2412 vis
2608 2373 2677 2413 ac
2707 2357 2973 2422 felicitas,
3003 2358 3292 2422 studium,
3323 2373 3495 2430 opes,

1839 2445 2060 2518 quibus
2108 2445 2223 2501 sibi
2251 2445 2542 2502 librorum
2579 2445 2851 2503 omnium
2884 2447 3213 2503 maximam
3255 2446 3496 2518 copiam

1837 2534 2264 2605 comparabat:
2290 2539 2362 2599 et,
2388 2534 2548 2606 quod
2575 2549 2698 2606 praa
2743 2534 2992 2600 cunctis,
3035 2534 3237 2605 glorias
3266 2534 3498 2592 laudis-

1837 2638 1955 2694 que
1985 2622 2223 2696 cupido,
2257 2637 2377 2695 qua
2406 2623 2687 2680 incensus
2721 2629 2877 2679 totas
2907 2627 3132 2690 noctes,
3166 2627 3228 2680 ut
3256 2623 3495 2680 lectioni

1838 2712 2076 2769 assidue
2101 2717 2358 2778 vacaret,
2391 2713 2645 2770 ducebat
2672 2713 2994 2770 insomnes.
3029 2713 3326 2780 Quoniam
3351 2729 3494 2770 vero

1836 2815 2074 2858 sacrum
2101 2804 2282 2858 etiam
2304 2802 2493 2874 (quod
2515 2802 2743 2859 utinam
2762 2817 3076 2874 nunquam
3093 2801 3319 2874 fuisset)
3337 2801 3495 2860 thro-

1835 2904 1978 2946 num
2014 2891 2278 2948 Ecclesiae
2312 2907 2749 2948 conscensurus
2788 2895 2930 2957 erat,
2961 2907 3134 2948 sacra
3163 2906 3405 2964 quoque
3436 2896 3494 2948 et

1833 2978 2237 3037 ecclesiastica
2264 2981 2575 3037 volumina
2601 2981 2866 3036 studiose
2896 2980 3071 3053 coepit
3090 2979 3371 3036 lectitare.
3390 2981 3493 3036 Ve-

1833 3084 1965 3124 rum
1991 3074 2052 3126 ut
2070 3069 2351 3139 Theologi
2381 3069 2726 3126 Nazianzeni
2755 3069 2869 3124 ritu
2894 3069 3126 3140 loquar,
3150 3068 3316 3140 quod
3347 3083 3491 3125 sane

1833 3157 2024 3229 ipsius
2053 3158 2673 3230 sapientiaindignum
2695 3157 2824 3224 fuit,
2852 3155 3291 3225 ignorationem
3322 3156 3491 3227 igno-

1833 3247 1999 3302 ravit.
2062 3246 2254 3302 Noluit
2301 3247 2461 3302 enim
2504 3245 2996 3311 animadvertere,
3051 3243 3383 3317 quoniam:
3428 3245 3492 3302 Si

1831 3337 1962 3406 quis
1984 3335 2104 3392 vult
2131 3335 2366 3404 sapiens
2409 3334 2545 3404 ﬁeri
2585 3334 2648 3390 in
2675 3335 2780 3391 hoc
2804 3334 3048 3403 mundo,
3080 3333 3295 3390 stultus
3325 3333 3489 3391 situt

1831 3439 2066 3494 sapiens
2080 3425 2234 3495 βαι.
2251 3425 2453 3498 Neque
2479 3424 2642 3480 viam
2665 3423 2966 3480 modestiae
2987 3427 3043 3480 et
3067 3422 3490 3480 submissionis

1832 3515 2136 3584 ingressus
2166 3519 2271 3580 est,
2304 3529 2426 3588 qua
2447 3513 2525 3570 ad
2555 3513 2856 3570 caelestem
2881 3513 3136 3583 gratiam
3162 3527 3489 3585 veramque

1833 3604 2192 3677 sapientiam
2209 3604 2550 3676 pervenitur
2577 3619 2590 3658 :
2618 3618 2812 3674 neque
2833 3601 3104 3672 deposito
3127 3601 3284 3658 fastu
3304 3599 3488 3658 voluit

1833 3693 2115 3758 converti,
2145 3698 2200 3748 et
2220 3691 2348 3749 ﬁeri
2377 3697 2440 3747 ut
2468 3691 2776 3764 parvulus,
2809 3696 3050 3764 propter
3080 3705 3335 3761 regnum
3369 3688 3481 3753 Dei,

1833 3785 2010 3841 Juxta
2025 3781 2258 3839 Domini
2279 3797 2489 3838 vocem
2501 3782 2555 3838 ":
2571 3796 2764 3853 neque
2780 3781 3048 3837 animam
3067 3796 3243 3836 suam
3256 3783 3312 3835 et
3325 3793 3488 3836 men-

1833 3879 1952 3930 tem
2000 3872 2174 3928 altius
2225 3871 2448 3935 fodere,
2480 3875 2536 3926 et
2560 3869 2727 3925 omni
2757 3869 3127 3941 subjectione
3158 3868 3485 3935 demittere,

1834 3967 1898 4018 ut
1918 3963 2088 4034 jubet
2114 3961 2418 4024 Dominus,
2447 3975 2552 4031 per
2577 3958 2962 4029 abjectiorem
2988 3957 3486 4030 humilioremque

1833 4052 2105 4108 semitam
2139 4067 2152 4116 ;
2177 4055 2356 4122 atque
2381 4049 2463 4104 ita
2489 4063 2594 4120 per
2619 4047 2940 4103 affectuum
2969 4044 3486 4103 mortiﬁcationem

1832 4146 2012 4213 petrae
2043 4139 2270 4196 Christo
2301 4137 2604 4208 conjungi,
2638 4141 2696 4192 et
2726 4151 2907 4207 super
2934 4134 3138 4205 ipsum
3167 4133 3485 4190 inconcus-

1833 4245 1966 4286 sum
2002 4227 2137 4284 fidei
2174 4227 2638 4284 fundamentum
2685 4239 2924 4297 ponere,
2967 4227 3023 4280 et
3047 4223 3159 4295 piis
3199 4222 3485 4296 operibus

1833 4318 2096 4391 seipsum
2156 4314 2527 4372 domicilium
2567 4313 2868 4386 sapientia:
2911 4313 3286 4368 constituere.
3337 4309 3485 4366 Nihil

1830 4409 2049 4465 horum
2094 4405 2234 4462 huic
2264 4405 2421 4461 venit
2449 4405 2510 4460 in
2550 4407 2831 4467 mentem,
2867 4400 2986 4458 alia
3030 4399 3235 4455 omnia
3269 4397 3487 4466 cogita-

1833 4498 1930 4553 bat
1961 4514 1974 4565 ;
1999 4495 2192 4565 fragili
2211 4499 2267 4552 et
2283 4509 2562 4559 arenoso,
2589 4507 2756 4548 vanae
2774 4488 3160 4562 profanisque
3180 4486 3484 4559 sapientiai

1835 4585 2224 4641 fundamento
2246 4588 2302 4640 et
2326 4581 2673 4643 insolentiae,
2693 4595 2814 4635 non
2839 4576 3166 4633 secundum
3184 4575 3486 4636 Christum

1830 4673 2118 4730 doctrinas
2150 4687 2252 4728 cor
2281 4686 2457 4726 suum
2490 4673 2870 4740 mentemque
2901 4665 3292 4732 conﬁrmans,
3315 4665 3486 4722 vanis

1829 4761 2146 4819 hominum
2167 4759 2450 4817 laudibus
2471 4764 2526 4815 et
2553 4757 2869 4831 plausibus
2896 4754 3157 4822 inﬂatus,
3181 4754 3484 4826 elatusque

1831 4851 1996 4909 inani
2041 4851 2248 4922 gloria,
2290 4865 2396 4921 per
2439 4847 2636 4920 ipsam
2668 4845 2923 4902 inimicm
2949 4845 3068 4900 Deo
3100 4842 3396 4916 superbiae
3423 4857 3484 4898 se

1831 4940 2140 5014 conjunxit
2172 4957 2184 4995 :
2220 4955 2292 4995 ex
2325 4953 2446 5010 quo
2477 4937 2674 4993 omnis
2701 4934 3042 5008 impietatis,
3091 4932 3484 5004 omniumque

1832 5032 2230 5089 offensionum
2277 5028 2585 5084 materiem
2615 5028 2857 5083 edoctus
2887 5028 2994 5082 est.
3024 5026 3174 5096 Ergo
3193 5021 3369 5094 jactis
3395 5035 3485 5078 sa-

1833 5121 2074 5178 cerdotii
2123 5119 2213 5174 sui
2266 5117 2676 5190 improbandis
2735 5111 3162 5176 fundamentis,
3221 5116 3486 5167 extrema

1830 5209 2004 5266 initiis
2029 5213 2432 5264 consentanea
2462 5206 2698 5262 sortitus
2731 5207 2837 5261 est.
2868 5206 2979 5259 Nec
3018 5199 3176 5257 enim
3210 5197 3484 5272 repudia-

1833 5299 1916 5354 vit
1961 5296 2303 5361 Ecclesiam,
2355 5300 2644 5366 tanquam
2674 5309 2711 5350 a
2739 5291 3003 5364 profanis
3036 5287 3485 5360 magistratibus

1832 5386 2080 5460 profane
2105 5389 2157 5441 et
2184 5383 2466 5452 sacrilege
2487 5382 2600 5438 sibi
2619 5381 3052 5441 demandatum
3077 5397 3090 5450 ;
3114 5391 3307 5450 neque
3327 5375 3486 5434 velut
