3992 6182
390 249 444 288 Iv
1310 202 1311 205 γ
1532 227 1909 285 PR/EFATIO
1941 229 2011 284 IN
2051 226 2291 284 PHOTll
2332 226 2590 284 epam.

388 355 555 414 alteri
585 353 711 410 viro
736 355 1008 426 nuptam,
1037 352 1151 409 sibi
1176 368 1283 426 per
1303 354 1657 410 adulterium
1679 354 2039 427 desponderi

386 445 607 501 veritus
628 446 734 510 est,
766 442 870 498 sed
895 447 1101 498 contra
1130 443 1326 514 potius
1348 443 1840 510 exsultabundus,
1868 443 2039 499 avide

385 534 885 606 impudenterque
920 533 975 586 in
1003 531 1157 587 illius
1193 533 1569 605 complexum
1595 533 1725 596 ruit,
1754 532 2041 589 alienam-

386 639 503 696 que
545 628 837 694 tanquam
878 622 1180 693 propriam
1226 621 1429 694 palam
1460 622 1780 693 arrogavit,
1810 637 2039 694 suaque

384 712 632 769 infantia
660 717 717 767 et
761 711 1052 766 dedecore
1084 710 1467 781 gloriabatur,
1505 714 1560 767 et
1588 710 1949 767 laudabatur
1978 711 2038 766 in

384 800 693 874 iniquitate
754 815 864 855 sua
894 816 907 866 ;
934 798 1210 872 intraque
1254 815 1359 855 sex
1412 815 1533 856 non
1577 799 1837 871 amplius
1886 799 2036 865 dies,

384 890 667 948 manibus
694 889 1014 945 hominum
1052 888 1335 955 initiatus,
1368 890 1749 961 concupitam
1780 889 2039 945 ecclesiae

385 978 729 1036 cathedram
764 978 996 1033 invasit.
1030 980 1283 1050 Eratque
1314 993 1446 1033 vere
1483 993 1739 1048 cernere,
1773 983 1833 1033 ut
1859 978 2040 1034 fertur

384 1060 623 1139 adagio,
639 1067 1103 1139 extemporalem
1122 1067 1649 1140 ﬁctitiumque,seu
1664 1071 2038 1139 personatum

386 1163 679 1214 sanctum.
701 1160 847 1213 Nam
864 1157 1060 1228 primo
1087 1156 1184 1212 die
1207 1157 1540 1213 monachus
1570 1171 1640 1212 ex
1663 1156 1830 1220 laico,
1856 1156 2040 1212 altero

383 1247 587 1311 lector,
616 1252 741 1302 tum
767 1245 1246 1317 hypodiaconus,
1280 1261 1349 1301 ac
1379 1246 1664 1301 diaconus
1696 1252 1751 1301 et
1776 1245 2035 1317 presby-

384 1340 473 1393 ter
501 1352 513 1389 :
547 1342 710 1391 sexto
763 1334 998 1397 deinde,
1048 1334 1151 1406 qui
1184 1335 1290 1391 fuit
1317 1334 1527 1390 Christi
1559 1334 1793 1401 natalis,
1829 1339 1884 1390 et
1913 1336 2040 1407 ipse

386 1438 625 1480 sacrum
647 1422 1058 1479 conscendens
1080 1423 1360 1487 tribunal,
1386 1439 1597 1496 pacem
1622 1422 1867 1496 populo,
1894 1423 2039 1479 nihil

383 1526 521 1568 vera
546 1526 694 1585 pace
711 1511 961 1581 dignum
988 1512 1277 1583 cogitans,
1308 1512 1598 1567 nuntiavit
1617 1518 1691 1579 (c.
1727 1532 1756 1565 ι)

2147 352 2329 406 λουθον
2376 356 2507 425 ἔσχε
2552 362 2614 427 τῇ
2667 353 2810 428 ἀρχῇ
2857 357 2915 408 τὸ
2962 354 3118 415 τέλος,
3154 354 3232 409 Οὐ
3258 358 3360 432 γὰρ
3402 364 3757 434 παρῃτήσατο

2149 448 2242 501 τὴν
2292 446 2355 503 ὡς
2403 447 2546 516 παρὰ
2592 453 2857 515 κοσμικῶν
2896 443 3166 519 ἀρχόντων
3213 445 3457 519 ἀκόσμως
3488 450 3631 522 αὐτῷ
3664 457 3758 505 καὶ

2150 531 2390 604 ἀθέσμως
2432 529 2770 605 ἐνδιδομένην
2813 533 3147 600 Ἐκκλησίαν,
3195 533 3311 588 οὐδ’
3358 539 3425 598 ὡς
3474 538 3627 612 ἑτέρῳ
3670 540 3758 592 ἀν-

2150 619 2242 693 δρὶ
2310 624 2746 696 καθηρμοσμένην
2807 628 3070 694 μοιχικὼς
3132 624 3296 696 ἐαυτῳ
3362 632 3758 699 κατεγγυᾶσθαι

2148 710 2414 769 ηὐλαϐήθη
2452 733 2463 744 ο
2517 711 2807 764 τούναντίον
2872 716 2962 784 μὲν
3030 709 3118 765 οὖν
3183 720 3271 766 καὶ
3338 726 3662 789 περιχαρῶς,
3720 721 3751 778 ἡ

2150 798 2376 862 ἀναιδῶς
2444 800 2649 873 μᾶλλον,
2715 802 3106 866 κατησπάζετο,
3170 808 3259 856 καὶ
3334 806 3398 866 ὡς
3457 802 3599 869 ἰδίας
3663 817 3755 871 τῆς

2150 888 2418 963 ἀλλοτρίας
2473 898 2648 962 σαφῶς
2720 891 3055 956 ἀντεποιεῖτο,
3111 897 3202 945 καὶ
3267 893 3317 944 ἐν
3382 903 3445 966 τῇ
3516 896 3749 970 αἰσχύνῃ

2148 978 2287 1048 αὐτῷ
2336 977 2554 1051 ἔγαυρίᾳ
2603 976 2966 1053 δοξαζόμενος,
3013 984 3101 1033 καὶ
3146 979 3194 1032 ἐν
3241 990 3303 1054 τῇ
3357 979 3545 1057 ἀδικίᾳ
3590 986 3753 1039 αὐτοῦ

2149 1065 2459 1138 ἑνευλογεῖτο
2513 1072 2602 1120 καὶ
2662 1066 2710 1119 ἄν
2768 1069 2820 1131 ἓξ
2894 1076 3005 1129 ταῖς
3061 1069 3203 1130 ὅλαις
3275 1072 3495 1143 ἡμέραις
3562 1080 3747 1149 χερσὶν

2149 1154 2428 1228 ἀνθρώπων
2528 1157 2891 1229 τελειούμενος,
2971 1166 3066 1218 τῆς
3158 1158 3568 1232 ἐπιθυμουμένης
3661 1163 3751 1216 ἄπο

2150 1244 2458 1317 ελαμϐάνετο
2512 1244 2792 1320 καθέδρας,
2857 1251 2956 1299 Καὶ
3024 1244 3084 1305 ἦν
3137 1246 3338 1309 ἀληθῶς
3391 1248 3576 1302 ἐκεῖνον
3629 1252 3754 1325 όρᾷν

2151 1334 2440 1407 αὐθημερον
2492 1334 2640 1406 ἅγιον
2701 1334 3045 1407 πλαττόμενον
3113 1340 3247 1388 κατά
3293 1341 3386 1395 τὴν
3446 1346 3754 1412 παροιμίαν.

2153 1428 2337 1497 Πρώτη
2382 1427 2483 1497 γὰρ
2534 1426 2704 1496 ἣμερα
2751 1428 2987 1497 μοναχός
3037 1423 3150 1477 ἀντὶ
3201 1425 3404 1495 λαῐκοῦ,
3436 1436 3497 1500 τῇ
3534 1426 3757 1502 δευτέρᾳ

2153 1509 2211 1564 δὲ
2259 1512 2612 1583 ἀναγνώστης,
2657 1518 2746 1566 καὶ
2805 1511 3151 1574 ὑποδιοίιονος
3200 1523 3261 1586 τῇ
3310 1516 3443 1585 ἑξῆς,
3496 1514 3607 1570 εἶτα
3659 1516 3755 1570 διά

384 1620 552 1669 κονος,
587 1597 694 1653 εἶτα
731 1599 1094 1674 πρεσϐύτερος
1130 1604 1308 1654 ἔπειτα
1357 1609 1417 1673 τῇ
1453 1603 1598 1674 ἕκτη.
1627 1607 1867 1674 Χριστοῦ
1898 1598 1958 1654 δὲ
2008 1598 2068 1659 ἦν
2108 1604 2173 1652 τὰ
2214 1601 2465 1672 ’γενέθλια-
2501 1608 2591 1654 καὶ
2619 1602 2777 1664 αὐτὸς
2806 1611 2874 1673 τῷ
2907 1605 3147 1677 ὶερατιχῷ
3180 1603 3409 1676 προσϐὰς
3440 1606 3625 1677 θρόνῷ,
3657 1610 3753 1664 τὴν

386 1691 592 1764 εἰρήνην
622 1699 694 1761 τῷ
716 1690 823 1760 λαῷ
852 1696 1191 1765 προσεφώνει,
1223 1689 1390 1763 μηδὲν
1420 1700 1514 1753 τῆς
1556 1689 1803 1751 ἀληθινῆς
1832 1691 2037 1764 εἰρήνης
2066 1691 2208 1752 ἄξιον
2237 1691 2573 1763 ἐννοούμενος.
2608 1712 2635 1742 ››

458 1795 761 1852 Nectarius
789 1794 1131 1866 patriarcha
1158 1794 1731 1867 Hierosolymitanus
1758 1795 1860 1866 qui
1890 1794 2108 1850 saeculo
2140 1811 2278 1857 xvu,
2309 1795 2369 1851 in
2394 1794 2545 1850 libro
2566 1796 2651 1852 De
2669 1795 2917 1866 imperio
2933 1810 3128 1864 papa,
3156 1811 3273 1868 quo
3303 1795 3565 1853 schisma
3592 1796 3755 1854 fovet

386 1889 444 1941 et
464 1902 523 1941 se
548 1886 764 1941 Latinis
796 1885 1248 1940 infestissimum
1276 1885 1533 1951 exhibet,
1554 1883 1809 1940 candide
1829 1883 2044 1940 fatetur
2074 1885 2348 1940 Photium
2375 1900 2441 1941 ex
2463 1900 2628 1941 mera
2656 1885 2978 1941 ambitione
3006 1884 3324 1941 Ecclesiam
3348 1885 3746 1941 universalem

384 1991 492 2047 per
513 1974 733 2030 multos
764 1990 958 2031 annos
985 1973 1364 2030 vehementer
1389 1974 1789 2046 perturbasse.

456 2063 621 2120 Mitto
642 2068 882 2120 caeteros
916 2063 1232 2135 scriptores
1258 2062 1530 2119 Ecclesiae
1556 2062 1774 2119 Graecae
1801 2062 1905 2134 qui
1925 2077 2035 2134 pro
2063 2062 2283 2117 unione
2303 2062 2718 2129 Ecclesiarum,
2744 2065 2880 2134 post
2901 2066 3107 2118 natum
3133 2060 3448 2117 dissidium
3473 2059 3757 2117 laboran-

383 2157 491 2221 tes,
518 2153 790 2209 Photium
811 2151 985 2207 veluti
1009 2151 1307 2207 malorum
1334 2152 1607 2207 omnium
1632 2167 1872 2206 causam
1896 2156 2178 2205 accusant
2208 2150 2422 2215 ;solius
2462 2151 2653 2216 Vecci,
2683 2151 3031 2222 patriarcha:
3055 2152 3155 2205 CP.
3182 2149 3385 2206 medio
3406 2150 3621 2205 saeculo
3651 2166 3755 2206 xm

381 2240 736 2297 sententiam
769 2239 1084 2311 proferam,
1108 2240 1213 2311 qui
1242 2240 1451 2295 asserit
1474 2240 1747 2294 Photium
1770 2239 2034 2311 primum
2059 2239 2120 2293 in
2146 2238 2394 2294 ecclesia
2422 2238 2697 2295 Orientali
2726 2240 2994 2310 posuisse
3023 2239 3378 2294 fermentum
3396 2238 3752 2311 pessimum,

382 2330 547 2403 quod
578 2328 829 2385 Michael
869 2329 1214 2385 Caerularius
1248 2333 1386 2400 post
1424 2335 1660 2383 centum
1691 2333 1747 2383 et
1780 2327 2158 2400 septuaginta
2186 2342 2377 2383 annos
2409 2329 2609 2383 denuo
2638 2326 2933 2383 excitavit.

1377 2452 1442 2506 ΙΙ.
1468 2483 1527 2492 -
1558 2453 1644 2508 De
1667 2451 1935 2507 doctrina
1964 2456 2018 2508 et
2035 2451 2366 2507 eruditione
2392 2451 2614 2508 Photii.

460 2577 605 2635 Haec
635 2578 705 2633 de
730 2575 939 2632 Photio
960 2575 1210 2631 dicenda
1232 2580 1419 2644 erant,
1451 2590 1526 2631 ne
1548 2577 1636 2631 vir
1660 2576 1829 2649 cujus
1851 2576 2077 2649 scaipta
2088 2576 2213 2646 jam
2231 2576 2583 2646 collegimus
2619 2592 2656 2632 a
2676 2575 2852 2632 nobis
2872 2578 3085 2648 praeter
3102 2576 3380 2631 meritum
3407 2580 3505 2633 aut
3530 2576 3760 2648 vitupe-

384 2667 499 2723 rari
526 2670 629 2722 aut
656 2665 883 2721 laudari
908 2665 1219 2721 videretur.
1257 2666 1447 2720 Fuerit
1477 2666 1678 2738 utique
1709 2665 1980 2730 callidus,
2016 2665 2337 2737 hypocrita,
2364 2665 2736 2731 ambitiosus,
2759 2665 3059 2735 falsarius,
3094 2665 3525 2730 schismaticus,
3560 2670 3756 2735 tyran-

386 2766 527 2825 nus,
549 2758 809 2811 attamen
837 2755 1077 2824 ingenio
1102 2758 1160 2810 et
1189 2755 1520 2810 eruditione
1550 2770 1671 2810 non
1692 2755 1901 2820 caruit,
1926 2771 1997 2810 ac
2024 2760 2340 2827 propterea
2368 2770 2400 2810 e
2428 2755 2611 2810 choro
2637 2754 2993 2827 scriptorum
3015 2755 3117 2826 qui
3140 2753 3305 2809 libris
3334 2753 3453 2807 suis
3478 2753 3753 2810 Ecclesiae

384 2844 732 2916 profuerunt
750 2858 872 2899 non
895 2844 1143 2899 omnino
1162 2843 1491 2914 ejiciendus
1512 2847 1617 2899 est.
1643 2844 1861 2899 Praeter
1888 2843 2198 2914 epistolam
2227 2847 2282 2900 et
2304 2842 2515 2899 librum
2533 2859 2684 2916 quos
2708 2842 2780 2899 ad
2804 2842 3283 2915 impugnandam
3303 2841 3753 2914 processionem

387 2933 637 3004 Spiritus
656 2932 842 2989 sancti
860 2932 1036 2988 etiam
1052 2948 1087 2988 a
1102 2932 1244 2988 Filio
1266 2932 1544 2997 exaravit,
1564 2936 1618 2987 et
1635 2937 1768 2988 acta
1789 2932 2279 3003 pseudo-concilii
2298 2932 2392 2987 sui
2421 2948 2556 2988 cum
2588 2932 2966 2989 documentis
2988 2931 3237 2987 adnexis
3262 2946 3395 3003 quae
3418 2946 3489 2985 ex
3504 2930 3753 2986 arbitrio

386 3027 443 3080 et
472 3023 613 3079 satis
640 3021 911 3095 imperite
936 3022 1125 3093 ﬁnxit,
1160 3022 1303 3077 nihil
1320 3022 1435 3079 fere
1461 3024 1521 3078 in
1552 3038 1799 3078 causam
1827 3023 2161 3078 schismatis
2187 3022 2424 3094 scripsit
2452 3040 2464 3087 ;
2500 3028 2557 3077 et
2582 3023 2801 3094 scripta
2827 3023 2956 3093 ejus
2988 3021 3188 3087 hodie,
3216 3027 3278 3077 ut
3304 3021 3473 3076 nobis
3493 3020 3752 3088 videtur,

383 3126 576 3184 neque
605 3112 854 3178 veritati,
880 3126 1075 3185 neque
1104 3112 1235 3185 paci
1264 3112 1531 3169 Ecclesite
1562 3111 1683 3167 ulla
1707 3113 1931 3167 ratione
1953 3112 2167 3167 obesse
2189 3115 2462 3183 possunt,
2488 3111 2634 3167 dum
2656 3128 2687 3167 e
2713 3118 2918 3168 contra
2947 3112 3023 3167 ad
3052 3110 3364 3166 historiam
3382 3109 3679 3179 dogmatis
3697 3114 3756 3167 et

384 3196 817 3257 vicissitudines
847 3201 1183 3257 schismatis
1209 3201 1594 3258 delineandas
1624 3216 1769 3257 mire
1798 3200 2143 3257 inserviunt.
2170 3200 2307 3256 Ideo
2338 3216 2481 3256 sane
2512 3205 2644 3257 acta
2675 3200 3145 3272 pseudo-synodi
3180 3199 3478 3254 Photianee
3508 3213 3644 3269 quae
3670 3198 3753 3254 ad

385 3302 613 3345 annum
635 3291 738 3343 877
758 3291 1026 3353 refertur,
1054 3290 1318 3361 primum
1339 3292 1571 3360 integra
1596 3290 1758 3345 edita
1777 3296 1965 3346 sunta
1989 3292 2051 3347 Β.
2074 3290 2130 3344 Ρ.
2160 3290 2463 3346 Harduino
2481 3289 2773 3346 societatis
2797 3291 2932 3345 Jesu
2948 3289 3309 3361 presbytero,
3337 3302 3474 3343 cum
3499 3302 3753 3342 assensu

386 3376 696 3432 Clementis
724 3378 797 3431 XI
827 3376 1045 3432 summi
1077 3378 1377 3450 pontiﬁcis
1408 3378 1513 3450 (εἰ).

454 3469 583 3521 Non
613 3469 698 3521 est
726 3466 906 3537 igitur
931 3481 1036 3521 cur
1074 3466 1212 3539 quis
1240 3466 1517 3523 formidet
1543 3483 1618 3523 ne
1648 3482 1833 3539 opera
1864 3466 2055 3523 Photii
2078 3467 2426 3524 autveritati
2456 3466 2762 3523 catholica:
2798 3466 3016 3532 obsint,
3050 3471 3154 3522 aut
3182 3481 3383 3523 causa:
3409 3464 3753 3521 schismatis

382 3554 672 3627 prodesse
710 3554 961 3626 possint.

456 3644 686 3708 Quaeret
706 3643 836 3713 quis
868 3643 1115 3700 fortasse
1142 3644 1445 3717 quomodo
1471 3645 1890 3702 orthodoxiam
1918 3644 2120 3714 Photii,
2143 3646 2201 3700 in
2222 3645 2455 3717 scriptis
2482 3660 2614 3718 qua
2640 3644 2719 3702 ad
2748 3644 3013 3701 schisma
3042 3660 3164 3701 non
3186 3644 3500 3717 pertinent,
3518 3658 3554 3699 a
3572 3641 3751 3699 nobis

386 3738 699 3798 assertam,
726 3732 1109 3788 conciliemus
1130 3750 1265 3790 cum
1288 3734 1432 3789 actis
1452 3734 1686 3790 concilii
1703 3750 1816 3799 vm,
1836 3735 2002 3807 quod
2022 3734 2082 3789 in
2110 3734 2377 3791 Photium
2402 3749 2818 3805 perversorum
2849 3734 3186 3806 dogmatum
3213 3735 3578 3790 inventorem
3611 3746 3755 3787 ana-

384 3821 587 3876 thema
612 3820 1068 3893 pronuntiavit?

451 3912 562 3965 Res
588 3911 753 3966 omni
775 3909 1115 3966 difﬁcultate
1137 3916 1314 3967 caret.
1351 3914 1558 3968 Narrat
1584 3912 1742 3967 enim
1775 3912 2122 3969 Anastasius
2157 3912 2642 3969 Bibliothecarius
2668 3928 2790 3985 qua
2809 3912 2959 3968 mira
2980 3911 3320 3977 calliditate,
3340 3926 3461 3966 non
3490 3910 3567 3967 ad
3589 3924 3748 3966 asse-

383 4000 631 4054 rendam
658 4014 831 4055 suam
854 3999 1222 4071 opinionem,
1248 4001 1351 4055 sed
1374 4001 1452 4057 ad
1478 4002 1826 4057 tentandam
1856 4002 2213 4073 pastoralem
2237 4002 2605 4071 vigilantiam
2625 4002 2852 4073 lgnatii,
2875 4000 3117 4057 Photius
3135 4017 3269 4057 cum
3299 4000 3562 4055 maximo
3584 4012 3753 4053 scan-

383 4087 522 4145 dalo
549 4087 817 4144 ﬁdelium
847 4089 1116 4145 docuerit
1146 4090 1434 4161 singulos,
1467 4090 1740 4146 homines
1779 4091 1926 4147 duas
1966 4092 2185 4148 habere
2212 4092 2469 4157 animas,
2496 4108 2682 4148 unam
2711 4091 3064 4147 rationalem
3094 4097 3151 4146 et
3174 4090 3352 4146 aliam
3400 4087 3748 4144 animalem.

456 4197 485 4229 (ι
508 4178 802 4244 Praeterea,
832 4177 912 4233 ait
936 4179 1302 4245 Anastasius,
1332 4184 1387 4234 et
1413 4178 1575 4234 aliud
1602 4179 1929 4251 iniquitatis
1956 4197 2077 4236 suae
2096 4181 2447 4237 retiaculum
2470 4196 2591 4253 quo
2614 4185 2840 4236 mentes
2863 4179 3219 4251 simplicium
3241 4181 3493 4249 caperet,
3517 4182 3748 4241 texens,

382 4271 674 4339 quotquot
697 4266 773 4322 ad
796 4268 1145 4322 exteriorem
1183 4268 1261 4322 ab
1286 4283 1357 4323 eo
1386 4267 1753 4339 disciplinam
1780 4269 2116 4325 instruendi
2150 4269 2491 4334 veniebant,
2520 4270 2760 4341 proprio
2800 4271 3020 4341 scripto
3053 4267 3347 4341 spondere
3390 4264 3639 4334 cogebat
3682 4279 3753 4319 se

383 4357 710 4413 secundum
748 4355 928 4411 fidem
972 4356 1152 4412 Photii
1184 4357 1258 4413 de
1303 4362 1515 4413 caetero
1548 4356 1872 4413 credituros
1903 4378 1917 4425 ;
1946 4360 2119 4429 quasi
2168 4359 2298 4414 dure
2328 4358 2479 4414 ﬁdes
2519 4363 2734 4423 essent,
2781 4375 2901 4415 una
2944 4358 3166 4413 scilicet
3214 4354 3443 4419 Christi,
3475 4358 3531 4410 et
3560 4352 3754 4408 altera

382 4442 568 4500 Photii
598 4462 610 4500 :
641 4451 695 4501 et
720 4446 833 4502 hoc
863 4446 1252 4503 nihilominus
1291 4447 1502 4503 callide
1530 4447 1788 4511 molitus,
1825 4454 1888 4502 ut
1916 4448 2357 4503 communionis
2390 4465 2511 4502 suae
2544 4462 2937 4520 quoscunque
2963 4447 3056 4502 vel
3084 4445 3631 4519 quomodocunque
3660 4440 3753 4496 la-

382 4535 552 4605 queis
594 4534 881 4601 irretiret;
918 4541 972 4593 et
1001 4535 1378 4609 impossibile
1405 4553 1465 4591 se
1498 4553 1767 4609 unquam
1796 4536 1985 4599 evelli,
2015 4554 2199 4610 quem
2230 4537 2513 4592 nimirum
2547 4541 2841 4592 constaret
2877 4540 2961 4592 tot
3002 4536 3134 4591 ﬁxis
3165 4536 3389 4591 haerere
3419 4530 3752 4600 radicibus,

382 4621 529 4676 dum
557 4622 648 4676 his
670 4638 778 4677 nec
809 4624 987 4679 aliam
1012 4626 1215 4687 tidem,
1244 4626 1355 4681 nisi
1381 4642 1567 4699 quam
1594 4626 1723 4697 ipse
1749 4632 1984 4693 teneret,
2011 4627 2231 4683 habere
2253 4641 2495 4698 quoquo
2512 4625 2690 4682 modo
2710 4625 2970 4683 licuisset
2994 4642 3006 4679 :
3036 4625 3198 4697 quod
3222 4624 3552 4679 maximum
3570 4635 3762 4675 scan-

385 4711 589 4766 dalum
622 4709 971 4767 mortalibus
999 4714 1295 4781 excitavit,
1321 4715 1689 4771 dicentibus:
1719 4716 1960 4780 ltane,si
1994 4716 2236 4770 Photius
2263 4716 2659 4771 haeresiarcha
2686 4715 2871 4780 fuerit,
2893 4715 3111 4769 debent
3136 4713 3240 4767 filii
3262 4710 3446 4768 nostri
3475 4713 3576 4765 aut
3607 4708 3763 4765 ﬁdei

385 4799 687 4855 catholicae
715 4798 1044 4854 desertores
1070 4816 1218 4863 esse,
1256 4807 1359 4857 aut
1378 4804 1702 4872 juramenti
1748 4803 1837 4857 vel
1880 4805 1970 4858 sui
1998 4804 2843 4875 chirographitransgressores
2872 4801 2899 4855 ‘t
2925 4808 3092 4857 erant
3115 4802 3271 4857 enim
3302 4802 3447 4856 inter
3472 4815 3572 4854 eos
3604 4813 3765 4853 non-

384 4888 525 4944 nulli
570 4887 920 4943 clarissimis
951 4888 1246 4944 natalibus
1275 4892 1509 4947 oriundi
1547 4910 1558 4946 :
1590 4908 1731 4946 nam
1764 4900 1816 4946 et
1851 4898 1986 4947 ante
2013 4908 2206 4948 annos
2238 4894 2462 4964 aliquot
2494 4891 2650 4947 idem
2684 4890 2927 4946 Photius
2959 4891 3214 4946 duarum
3250 4902 3762 4959 unumquemque

381 4978 689 5035 hominem
722 4978 1059 5034 animarum
1093 4978 1417 5035 consistere
1446 4980 1832 5051 praedicabat.
1856 4982 2122 5046 Quicum
2148 5000 2182 5036 a
2207 4981 2591 5038 Constantino
2616 4980 2972 5053 philosopho
2997 4996 3230 5050 magna:
3247 4977 3576 5035 sanctitatis
3600 4976 3760 5041 viro,

383 5067 705 5123 fortissimo
732 5067 860 5138 ejus
888 5068 1102 5136 amico,
1124 5068 1459 5140 increpatus
1477 5070 1681 5125 fuisset
1699 5069 1930 5125 dicente
1958 5087 1969 5124 :
1996 5074 2110 5127 Cur
2134 5076 2363 5127 tantum
2391 5086 2647 5126 errorem
2668 5070 2727 5126 in
2751 5070 3044 5141 populum
3068 5084 3375 5141 spargens,
3408 5070 3492 5121 tot
3511 5065 3763 5121 animas

384 5156 769 5211 interfecisti?
789 5157 1096 5227 respondit
1120 5175 1131 5213 :
1157 5157 1284 5213 Non
1309 5157 1504 5212 studio
1528 5174 1897 5230 quemquam
1925 5158 2201 5225 ltedendi,
2229 5159 2392 5223 talia,
2416 5159 2628 5231 inquit,
2650 5159 2803 5214 dicta
2828 5158 3123 5230 proposui,
3150 5157 3252 5212 sed
3286 5154 3584 5228 probandi
3609 5152 3767 5224 quid

385 5246 723 5318 patriarcha
753 5246 1012 5315 lgnatius
1034 5250 1251 5316 ageret,
1280 5247 1327 5301 si
1352 5262 1459 5301 suo
1481 5251 1747 5318 tempore
1765 5249 2045 5319 quaelibet
2068 5249 2307 5305 haeresis
2330 5264 2433 5320 per
2450 5248 2829 5319 syllogismos
2847 5246 3338 5319 philosophorum
3357 5248 3561 5300 exorta
3586 5247 3767 5315 pate-

388 5338 596 5402 sceret,
627 5336 727 5407 qui
760 5334 981 5391 scilicet
1011 5337 1169 5391 viros
1202 5335 1501 5392 exterioris
1534 5336 1843 5406 sapientiae
1873 5338 2184 5409 repulisset
2214 5357 2227 5391 :
2254 5354 2462 5393 verum
2490 5336 2747 5408 ignoravi
2780 5352 2866 5392 me
2893 5336 3006 5392 sub
3036 5336 3216 5407 hujus
3252 5334 3456 5390 fomite
3480 5333 3768 5405 proposi-

388 5424 563 5481 tionis
589 5428 670 5480 tot
689 5424 920 5480 animas
944 5425 1065 5481 fore
1089 5424 1391 5481 laesurum.
1423 5424 1510 5479 Ad
1539 5425 1703 5495 quod
1736 5425 1859 5481 ille:
1895 5429 1937 5484 Ο
1969 5428 2256 5500 sapientia
2289 5426 2497 5482 mundi
2527 5443 2660 5499 quae
2692 5426 3015 5482 infatuatur
3044 5430 3101 5481 et
3126 5423 3443 5479 destruitur
3471 5422 3483 5477 l
3512 5424 3764 5478 iactasti

460 5549 538 5622 (ε)
597 5549 729 5606 Vita
756 5548 816 5604 S.
842 5550 1076 5622 Ignatii,
1125 5566 1217 5623 ap.
1260 5550 1431 5606 Hard.
1466 5550 1617 5605 Acta
1649 5565 1805 5607 conc.
1840 5552 1908 5617 V,
1937 5553 2040 5609 959

389 5627 441 5679 et
460 5635 931 5769 ggLBeveregius
958 5693 1020 5750 in
1050 5694 1363 5752 Pandectis
1394 5708 1703 5759 canonum,
1735 5696 1778 5751 t.
1808 5694 1871 5764 ll,
1905 5699 2042 5753 acta

2152 5553 2251 5608 illa
2266 5551 2641 5623 supposititia
2654 5568 2725 5606 ex
2739 5555 2904 5623 parte
2923 5550 3200 5607 ediderat.
3222 5548 3560 5623 Hardninus
3576 5559 3650 5623 ea
3664 5545 3767 5623 in-

2145 5630 2310 5696 tegra
2342 5617 2571 5696 primus
2603 5617 2849 5696 protulit
2872 5622 3025 5681 inter
3054 5625 3207 5680 Acta
3233 5620 3441 5678 concit.
3465 5618 3555 5685 VI,
3587 5617 3720 5675 213.
