3992 6182
1292 306 1675 364 PRIEFATIO
1707 307 1781 364 IN
1821 309 2062 368 PHOTII
2101 311 2361 369 OPEHA.
3493 335 3528 374 v

161 437 376 508 sagittas
399 437 461 493 in
473 432 940 492 multitudinem
951 434 1424 508 copiosaeturbas,
1443 439 1500 490 et
1511 434 1797 506 ignorasti
1823 437 2151 508 quemlibet
2163 454 2235 494 ex
2251 438 2342 495 his
2354 438 2637 495 omnibus
2652 437 3116 494 vulnerandum.
3137 439 3297 497 Certe
3327 445 3526 500 omni-

160 529 256 585 bus
281 528 479 599 liquet,
503 525 662 598 quia
693 525 849 580 sicut
873 523 1050 591 oculi,
1071 523 1541 597 quamtumlibet
1557 525 1674 579 sint
1695 526 1897 594 magni
1931 531 1988 582 et
2016 529 2219 598 aperti,
2250 529 2299 583 si
2318 527 2518 584 fumus
2539 527 2852 599 palearum
2876 528 3300 600 interjacuerit,
3329 531 3527 588 videre

164 618 292 673 ultra
315 630 434 696 non
464 619 760 688 possunt;
792 614 878 670 ita
904 613 1064 670 oculi
1095 613 1528 686 sapientisetuae
1550 614 1990 685 quantumlibet
2009 616 2124 671 'sint
2139 617 2343 687 magni
2368 622 2424 672 et
2443 617 2651 688 patuli,
2684 617 2945 672 avaritiae
2977 621 3178 673 tamen
3205 625 3260 674 et
3291 619 3527 676 invidiae

165 707 304 764 furno
322 704 554 778 penitus
576 703 898 767 obcaecati,
922 703 1223 760 tramitem
1244 703 1485 775 justitias
1513 702 1716 759 videre
1733 719 1855 760 non
1879 709 2160 776 possunt;
2193 723 2261 761 ac
2288 721 2394 777 per
2414 705 2476 761 id
2500 722 2705 762 verum
2730 705 2998 778 estquod
3029 706 3196 773 dicis,
3225 709 3531 764 neminem

169 797 273 852 ictu
285 799 371 851 tuo
389 797 645 865 putasse
662 808 796 849 esse
821 793 1058 848 lasdend
1069 809 1188 858 um,
1213 809 1352 849 cum
1371 793 1455 848 sic
1479 792 1854 850 obcaecatum
1875 809 2124 851 sensum
2147 795 2441 867 praedictis
2462 798 2780 851 adversum
2800 795 3205 868 patriarcham
3224 797 3529 869 passioni-

184 885 286 941 bus
309 883 523 948 habens,
561 897 686 938 nec
716 882 865 954 quid
905 881 1174 937 emiseris
1205 881 1522 955 praevidisti
1555 881 1652 953 (e).
1688 902 1716 934 »

253 976 351 1028 Non
366 971 560 1027 dubito
579 970 740 1044 quin
763 969 844 1028 ad
858 970 988 1026 haec
1010 970 1199 1028 Photii
1226 970 1514 1027 scandala
1535 970 1762 1028 alludat
1778 971 2100 1029 concilium
2125 989 2342 1030 aecum.
2357 989 2480 1037 vui,
2504 973 2607 1030 ubi
2629 973 2892 1030 Photium
2913 974 3091 1030 veluti
3110 990 3530 1046 perversorum

190 1063 480 1132 dogmatum
497 1063 889 1117 inventorem
905 1059 1266 1132 perstringit.
1285 1059 1466 1116 Porro
1483 1075 1679 1132 neque
1696 1061 1770 1117 de
1796 1059 1944 1118 falsa
1961 1063 2073 1118 hac
2095 1063 2145 1133 ej
2158 1080 2224 1118 us
2248 1063 2536 1129 doctrina,
2554 1078 2662 1118 nec
2681 1063 2755 1118 de
2767 1063 2901 1119 aliis
2924 1064 3217 1136 perversis
3233 1065 3532 1136 dogmati-

174 1150 266 1206 bus
279 1152 331 1206 in
352 1150 506 1206 libris
521 1151 669 1221 ejus
687 1149 880 1216 editis,
904 1148 1074 1222 quod
1098 1149 1305 1215 sciam,
1329 1148 1666 1222 quidquam
1691 1152 1968 1207 occurrit.
1996 1151 2296 1208 Inoﬁ‘enso
2317 1153 2496 1222 igitur
2515 1152 2666 1224 pede
2684 1153 2948 1224 percurri
2968 1159 3243 1225 possunt.

940 1259 1031 1313 III.
1080 1289 1142 1299 --
1177 1259 1263 1315 De
1292 1257 1535 1314 tentatis
1565 1259 1920 1315 editionibus
1954 1261 2216 1316 omnium
2247 1275 2494 1329 operum
2523 1259 2737 1315 Photii.

228 1369 436 1432 Quanta
465 1382 495 1422 e
527 1371 741 1423 contra
771 1365 996 1422 utilitas
1029 1382 1094 1421 ex
1126 1365 1337 1422 iisdem
1371 1365 1602 1437 scriptis
1631 1365 1858 1422 hauriri
1889 1366 2097 1438 possit,
2129 1372 2418 1422 testantur
2442 1366 2619 1437 juges
2650 1370 2900 1422 conatus
2926 1367 3186 1422 virorum
3218 1367 3530 1424 doctorum

168 1456 379 1530 saepius,
396 1457 502 1512 sed
519 1455 755 1512 frustra
771 1455 833 1512 in
857 1456 971 1511 hoc
994 1455 1266 1525 impensi,
1292 1459 1357 1510 ut
1377 1455 1596 1526 scripta
1613 1454 1806 1511 Photii
1825 1457 1888 1511 in
1911 1471 2096 1512 unum
2117 1456 2294 1512 veluti
2313 1471 2532 1528 corpus
2554 1455 2802 1512 collecta
2818 1455 3150 1524 ederentur,
3174 1461 3232 1512 et
3252 1456 3534 1513 emenda—

167 1546 262 1600 tius
286 1562 460 1618 quam
491 1546 737 1616 pridem
767 1545 829 1600 in
855 1543 1050 1600 lucem
1081 1543 1408 1616 prodirent.

221 1634 393 1690 Testis
410 1639 498 1689 est
526 1637 592 1690 Ι).
617 1633 1095 1703 Hergenrcether,
1119 1633 1178 1688 in
1201 1632 1622 1689 dissertatione
1647 1649 1833 1706 quam
1853 1633 2008 1690 infra
2034 1633 2290 1699 edimus,
2319 1633 2644 1689 Antonium
2665 1633 3012 1699 Catiforum,
3038 1633 3176 1689 huic
3198 1633 3365 1706 operi
3389 1633 3532 1690 olim

164 1723 469 1778 insudasse.
509 1747 529 1772 ι
558 1723 859 1779 Antonius
887 1722 1179 1779 Catiforus
1208 1722 1586 1795 Zacynthius,
1623 1722 1724 1788 ait,
1754 1723 1908 1778 mira
1938 1740 2077 1779 cum
2102 1723 2447 1779 assiduitate
2471 1723 2750 1779 universa
2778 1723 2968 1778 Photii
2987 1739 3165 1795 Opera
3195 1723 3534 1794 colligenda

163 1811 384 1882 curavit;
408 1812 741 1868 editionem
768 1817 972 1867 tamen
988 1811 1301 1881 diligenter
1328 1816 1730 1883 praeparatam
1760 1813 1832 1868 ad
1849 1811 2032 1867 ﬁnem
2061 1813 2385 1884 perducere
2415 1828 2537 1868 non
2563 1814 2754 1885 potuit
2784 1813 2874 1882 (/).
2906 1834 2934 1863 ››
2970 1812 3197 1884 Scripta
3220 1813 3460 1869 Catifori
3479 1817 3534 1868 et

164 1916 327 1971 opera
346 1900 422 1956 ab
442 1916 514 1956 eo
537 1900 850 1966 translata,
878 1901 940 1957 in
963 1900 1320 1957 bibliotheca
1350 1902 1407 1956 S.
1434 1901 1612 1957 Marci
1636 1901 1894 1956 Venetiis
1923 1907 2250 1968 servantur,
2285 1901 2382 1957 ubi
2403 1903 2468 1956 D.
2504 1901 2959 1971 Hergenraather
2975 1901 3186 1957 eadem
3209 1901 3532 1958 consuluit.

162 1989 325 2045 Nobis
345 1996 539 2046 tamen
561 1992 774 2046 datum
795 2005 918 2046 non
939 1994 1045 2056 est,
1063 1990 1141 2046 ob
1164 1991 1504 2060 angustiam
1523 1991 1827 2062 temporis,
1852 1989 2194 2046 etlocorum
2213 1990 2583 2056 distantiam,
2609 2007 2680 2046 ex
2696 1990 3009 2046 laboribus
3033 1989 3361 2046 doctissimi
3385 1988 3532 2046 Cati-

165 2078 295 2144 iori,
321 2079 617 2134 utilitatem
642 2079 921 2150 aliquam
949 2079 1012 2134 in
1040 2079 1199 2135 hanc
1225 2079 1546 2135 editionem
1574 2084 1841 2136 nostram
1872 2078 2162 2134 derivare.

247 2168 325 2220 Ex
349 2165 653 2222 Annalibus
675 2166 1176 2225 'I‘rivultiensibus
1202 2183 1344 2223 ann.
1376 2171 1512 2223 1724
1539 2168 1823 2223 novimus
1851 2168 2170 2223 editionem
2195 2168 2468 2223 omnium
2487 2184 2741 2240 operum
2765 2167 2950 2223 Photii
2975 2173 3113 2223 tunc
3141 2165 3425 2238 temporis
3456 2164 3530 2221 ab

171 2254 364 2324 Anglis
390 2255 563 2312 fuisse
586 2262 885 2328 paratam,
918 2272 1056 2329 quae
1087 2261 1283 2312 tamen
1314 2259 1390 2313 ad
1426 2273 1687 2330 unguem
1716 2258 2005 2328 perducta
2028 2273 2152 2312 non
2178 2262 2268 2312 est
2289 2258 2390 2328 (g).

231 2347 497 2400 Martinus
523 2346 863 2412 Gerbertus,
893 2345 1088 2402 abbas
1114 2346 1598 2418 Congregationis
1632 2347 1687 2402 S.
1721 2345 1895 2401 Blasii
1926 2347 1986 2401 in
2015 2347 2172 2401 Silva
2203 2345 2400 2416 Nigra,
2432 2359 2596 2402 anno
2633 2349 2766 2401 l759
2796 2345 2904 2401 iter
2935 2344 3218 2401 Gallicum
3246 2343 3528 2415 suscepit,

170 2434 219 2489 in
241 2449 357 2507 quo
377 2433 587 2490 editori
614 2435 890 2490 omnium
913 2450 1165 2507 operum
1185 2435 1374 2491 Photii
1398 2435 1665 2492 incurrit.
1689 2436 1984 2492 Enarrans
2011 2435 2168 2492 enim
2196 2452 2267 2491 ea
2291 2452 2427 2509 quas
2450 2435 2687 2491 Parisiis
2709 2435 3158 2500 observaverat,
3183 2434 3266 2489 sic
3292 2432 3529 2490 scribit:

170 2545 194 2571 ιι
220 2523 278 2578 Ρ.
311 2523 497 2579 Castel
528 2539 779 2595 operam
805 2523 908 2580 dat
933 2523 1180 2580 editioni
1210 2525 1421 2593 Photii,
1455 2525 1560 2580 sed
1593 2540 1698 2594 per
1727 2525 2046 2580 decursum
2072 2525 2320 2581 demum
2354 2525 2681 2580 multorum
2709 2539 3008 2580 annorum
3039 2523 3440 2595 perfecturum
3471 2539 3532 2578 se

172 2617 350 2684 sperat
375 2613 462 2667 vir
485 2613 550 2668 in
571 2612 718 2668 ﬂore
740 2613 931 2670 aetatis
958 2613 1345 2680 constitutus;
1368 2613 1442 2668 de
1462 2630 1580 2686 quo
1603 2628 1716 2684 ego
1737 2613 2000 2684 insignia
2027 2615 2250 2688 quaevis
2267 2617 2569 2670 ominatus
2592 2630 2728 2669 sum
2750 2628 2820 2669 ex
2841 2613 3076 2668 erudita
3095 2611 3533 2686 placidissima-

170 2717 271 2772 que
294 2703 743 2758 conversatione
773 2703 834 2758 in
869 2703 1228 2760 monasterio
1262 2703 1316 2759 S.
1344 2702 1608 2776 Dionysii
1639 2719 1774 2758 cum
1808 2719 1878 2759 eo
1909 2703 2114 2759 habita
2144 2705 2251 2775 (ἡ).
2287 2723 2316 2755 ››

229 2791 506 2854 Tandem,
535 2795 679 2847 teste
706 2791 872 2847 card.
895 2797 960 2847 A.
989 2791 1123 2861 Mai,
1141 2791 1531 2849 doctissimus
1553 2791 1867 2858 Morellius,
1894 2793 1952 2848 in
1977 2794 2244 2864 Catatogo
2267 2792 2536 2849 codicum
2565 2794 2937 2861 Venetorum,
2963 2806 3104 2865 pag.
3128 2795 3214 2856 95,
3239 2805 3421 2864 quem
3448 2788 3534 2846 in-

175 2878 381 2949 spicere
409 2879 586 2936 nobis
619 2895 741 2938 non
769 2879 937 2938 licuit
965 2898 979 2936 :
1013 2902 1037 2932 «
1069 2883 1462 2954 Conspectum
1493 2881 1766 2938 editionis
1796 2882 2071 2938 omnium
2105 2898 2358 2954 operum
2386 2882 2572 2938 Photii
2612 2882 3012 2940 concinnavit.
3043 2901 3068 2933 ν

935 2989 1029 3045 IV.
1071 3021 1140 3031 —
1175 2992 1264 3046 De
1289 2991 1488 3063 prima
1519 2990 1631 3048 hac
1660 2991 1908 3047 editione
1939 2991 2202 3047 omnium
2242 3005 2487 3060 operum
2529 2990 2747 3046 Photii.

250 3095 430 3148 Nemo
457 3094 620 3165 igitur
641 3096 932 3152 hactenus
956 3113 1139 3170 opera
1169 3098 1373 3154 omnia
1399 3097 1585 3154 Photii
1613 3097 1876 3169 collegit:
1910 3097 2075 3169 quod
2102 3113 2233 3162 nos,
2262 3096 2467 3168 quoad
2489 3096 2670 3162 licuit,
2695 3095 2813 3166 jam
2839 3098 3214 3166 praestamus.
3231 3095 3310 3147 Ea
3333 3094 3535 3146 autem

184 3177 243 3235 in
258 3180 514 3254 quinque
533 3189 720 3254 partes
733 3185 1072 3255 divisimus,
1095 3203 1357 3260 quarum
1370 3186 1988 3259 primacomplectitur
2013 3201 2196 3256 Opera
2218 3185 2278 3239 in
2291 3185 2351 3239 S.
2374 3183 2742 3254 Scripturam
2767 3199 2873 3239 seu
2894 3182 3225 3252 exegetica;
3250 3179 3533 3245 secunda,

177 3283 347 3341 opera
372 3271 745 3341 dogmatica;
779 3273 970 3339 tertia,
988 3291 1168 3347 opera
1188 3275 1584 3348 paraenetica;
1613 3278 1847 3346 quarta,
1872 3289 2052 3345 Opera
2065 3271 2382 3338 historica;
2410 3274 2620 3344 quinta
2646 3287 2831 3344 Opera
2848 3269 3175 3328 canonica:
3202 3267 3408 3325 omnia
3433 3283 3538 3324 au-

177 3361 283 3413 tem
310 3367 562 3432 quatuor
583 3362 1009 3429 voluminibus,
1045 3365 1132 3432 CI,
1165 3365 1276 3431 CII,
1310 3364 1427 3421 CIII
1461 3368 1518 3420 et
1555 3365 1686 3429 CIV,
1718 3363 2082 3433 Patrologiw
2106 3367 2325 3418 nostrae
2354 3361 2577 3417 Graecae
2604 3360 3038 3418 describentur.

238 3449 311 3504 De
337 3449 590 3519 singulis
614 3453 892 3524 quaedam
915 3453 1274 3521 notabimus,
1301 3453 1516 3510 dicturi
1536 3453 1837 3524 deinceps,
1862 3451 1936 3508 de
1961 3451 2249 3524 operibus
2272 3449 2483 3514 Photii,
2505 3449 2764 3516 ineditis,
2784 3449 3131 3521 deperditis,
3163 3450 3346 3520 atque
3357 3445 3536 3503 etiam

172 3535 240 3592 de
262 3538 517 3603 omissis,
552 3539 648 3596 vel
681 3539 815 3611 quia
839 3543 1173 3613 argumenti
1204 3557 1364 3599 mere
1393 3542 1623 3614 profani
1654 3546 1812 3607 sunt,
1842 3540 1929 3598 vel
1958 3541 2125 3613 quod
2155 3540 2272 3597 alio
2304 3539 2548 3596 nomine
2569 3540 2693 3612 jam
2725 3556 2760 3595 a
2790 3539 2966 3595 nobis
2997 3537 3157 3595 edita
3185 3539 3321 3594 sint.

1175 3649 1237 3703 V.
1278 3679 1347 3688 —
1385 3649 1472 3704 De
1488 3647 1680 3715 primo
1701 3646 1992 3703 volumine
2019 3646 2196 3716 hujus
2225 3646 2516 3702 editionis.

233 3749 514 3807 Volumen
535 3752 801 3823 primum
824 3751 953 3809 sola
973 3769 1156 3826 opera
1168 3753 1230 3809 in
1253 3757 1309 3808 S.
1333 3753 1698 3825 Scripturam
1713 3752 1994 3819 continet,
2016 3752 2169 3809 inter
2189 3769 2324 3825 quae
2343 3751 2987 3818 eminentQuaastiones
3002 3749 3534 3824 Amphilochianaz,

169 3853 288 3906 qua:
301 3838 426 3906 etsi,
441 3840 651 3913 quoad
667 3842 959 3913 majorem
973 3847 1225 3914 partem,
1240 3844 1397 3899 circa
1417 3844 1473 3900 S.
1501 3841 1870 3914 Scripturam
1889 3846 2219 3910 versentur,
2233 3842 2524 3898 nonnulla
2537 3847 2737 3898 tamen
2753 3849 3105 3912 argumenta
3119 3839 3538 3912 philosophica

172 3931 219 3981 et
241 3925 519 3985 historica
544 3929 864 4000 attingunt.
888 3931 1061 3986 Nullo
1087 3931 1246 3987 enim
1269 3932 1497 3997 ordine,
1525 3931 1638 3987 nisi
1655 3931 1906 3987 fortasse
1934 3931 2219 4004 temporis
2245 3947 2366 4003 quo
2395 3931 2626 4004 scripta:
2649 3931 2908 4000 fuerunt,
2928 3930 2988 3986 in
3011 3929 3318 3986 codicibus
3340 3928 3538 4000 dispo—

173 4022 394 4082 nuntur,
419 4018 531 4074 sed
552 4019 912 4090 promiscue,
940 4021 1021 4075 ita
1043 4024 1106 4075 ut
1125 4036 1246 4077 non
1263 4026 1482 4077 temere
1499 4019 2011 4095 inquisiverimus,
2029 4020 2196 4092 quid,
2223 4019 2494 4076 omnibus
2515 4020 2846 4092 perpensis,
2871 4019 3064 4090 magis
3087 4017 3413 4090 expediret,
3435 4021 3540 4073 aut

173 4105 390 4160 codices
455 4105 634 4162 caecis
672 4108 860 4164 oculis
900 4109 1233 4166 exscribere
1273 4115 1328 4166 et
1367 4109 1558 4183 sequi,
1599 4113 1703 4166 aut
1741 4109 2102 4182 quaestiones
2140 4109 2674 4181 Amphilochianas
2711 4109 2883 4180 juxta
2921 4107 3188 4163 ordinem
3244 4105 3536 4162 librorum

177 4192 224 4248 S.
256 4195 589 4266 Scriptum,
632 4197 855 4268 quibus
884 4199 1271 4272 respondent,
1305 4199 1671 4272 disponere?

236 4312 417 4369 Primo
439 4313 603 4386 apud
623 4328 738 4370 nos
755 4312 867 4370 hoc
889 4315 1177 4388 posterius
1195 4315 1514 4372 consilium
1529 4314 1861 4388 prtevaluit,
1889 4313 2035 4387 quia
2047 4313 2180 4370 libri
2197 4330 2340 4369 usus
2366 4311 2588 4370 facilior
2603 4312 2835 4369 futurus
2859 4311 3195 4376 videbatur,
3218 4308 3533 4380 siquidem

170 4396 284 4454 fere
311 4405 427 4455 tota
454 4402 727 4458 collectio
755 4404 1205 4461 Commentariis
1230 4405 1293 4461 in
1324 4406 1380 4461 S.
1418 4405 1788 4479 Scripturam
1819 4408 2086 4470 constat;
2121 4407 2251 4458 tum
2277 4403 2454 4460 etiam
2482 4403 2624 4476 quia
2654 4402 2873 4457 mirum
2899 4399 3087 4457 videri
3118 4404 3347 4472 poterat
3373 4413 3538 4470 quaa-

172 4487 381 4544 stiones
409 4491 720 4564 profanas,
755 4496 859 4548 aut
890 4492 1354 4567 philosophicas,
1395 4494 1834 4568 questionibus
1867 4492 2306 4567 scripturisticis
2344 4493 2574 4565 passim
2603 4491 2858 4547 misceri.

229 4605 619 4664 Nihilominus
635 4608 880 4664 tandem
893 4609 1204 4680 praavaluit
1215 4611 1419 4682 opinio
1431 4610 1765 4668 doctissimi
1789 4607 2255 4682 Hergenraather,
2276 4607 2380 4679 qui
2401 4623 2540 4662 cum
2568 4604 3085 4675 diligentissimam
3100 4618 3348 4676 operam
3364 4603 3536 4661 collo-

171 4701 344 4750 casset
365 4697 428 4752 in
459 4696 841 4768 colligendis,
864 4699 1260 4756 emendandis
1273 4705 1330 4757 et
1348 4700 1718 4758 elucidandis
1739 4699 1927 4756 Photii
1945 4696 2379 4771 quaestionibus
2395 4694 2929 4768 Amphilochianis,
2955 4693 3187 4752 facilius
3206 4693 3286 4765 dij
3297 4693 3537 4750 udicare

173 4784 337 4850 potuit
353 4801 653 4857 quaenam
672 4784 842 4842 fuerit
861 4788 1118 4842 auctoris
1140 4803 1311 4844 mens
1347 4794 1403 4846 et
1431 4789 1699 4846 intentio.
1728 4794 1800 4854 Is,
1830 4789 2160 4862 quaestione
2179 4792 2407 4844 mature
2427 4801 2740 4860 perpensa,
2770 4785 3000 4857 putavit
3025 4783 3292 4840 ordinem
3316 4783 3537 4840 codicis

176 4869 541 4945 Vaticaniqui
553 4873 811 4930 omnium
823 4876 1347 4948 praestantissimus
1365 4882 1454 4934 est
1465 4878 1542 4934 ad
1555 4879 1836 4935 amussim
1854 4876 2221 4951 sequendum
2234 4891 2384 4940 esse,
2399 4880 2456 4931 et
2468 4879 2704 4931 secutus
2715 4879 2820 4945 est,
2836 4873 3130 4946 pracipue
3141 4872 3284 4945 quia
3297 4872 3537 4929 Photius

175 4956 282 5028 ipse
295 4963 668 5029 quaestiones
684 4980 722 5020 a
735 4981 796 5020 se
808 4965 1058 5032 solutas,
1079 4966 1194 5022 hoc
1208 4966 1415 5023 ordine
1428 4983 1500 5024 ex
1519 4967 1813 5025 industria
1824 4965 2194 5039 disposuisse
2212 4963 2464 5031 videtur,
2479 4979 2602 5036 quo
2621 4963 2899 5020 varietate
2917 4962 3118 5034 potius
3140 4977 3325 5034 quam
3341 4959 3537 5029 rigore

179 5049 413 5106 methodi
439 5051 659 5108 lectori
688 5051 990 5125 placerent
1018 5070 1031 5120 ;
1065 5055 1265 5111 minus
1295 5071 1441 5112 sane
1466 5055 1776 5127 placitura,
1796 5056 1846 5112 si
1875 5054 2158 5128 quamvis
2178 5054 2256 5110 ad
2274 5053 2435 5110 idem
2452 5052 2803 5112 eruditionis
2826 5067 3015 5122 genus
3043 5054 3331 5123 spectent,
3360 5048 3540 5105 veluti

179 5138 426 5196 membra
458 5142 645 5198 unius
672 5143 940 5214 corporis
964 5142 1278 5216 discerpta,
1309 5144 1574 5202 diversas
1591 5150 1642 5203 et
1665 5147 1970 5217 sejunctas
1987 5145 2160 5201 sedes
2193 5143 2342 5200 inter
2372 5143 2634 5200 auctoris
2652 5157 2836 5214 Opera
2856 5145 3265 5212 occupassent.
3301 5137 3541 5194 Accedit

176 5228 338 5296 quod,
354 5245 474 5303 ope
491 5229 864 5297 tabularum,
879 5247 1032 5305 quas
1043 5234 1108 5289 D.
1124 5234 1576 5304 Hergenraether
1591 5235 1857 5300 confecit,
1877 5235 2083 5292 omnia
2095 5232 2418 5290 commoda
2429 5231 2654 5290 ordinis
2667 5230 2988 5288 methodici
3006 5229 3262 5288 obtineri
3283 5227 3534 5299 possint.

235 5349 298 5420 te)
328 5353 521 5426 Apud
549 5354 898 5414 Hard.Acta
925 5357 1575 5425 concit.V,752,753,in
1599 5357 1770 5414 Prtef.
1883 5357 2256 5414 scribebatur
2297 5375 2310 5412 :
2359 5379 2380 5406 ι
2425 5358 2510 5413 On
2554 5354 2816 5412 travaille
2856 5354 2928 5410 ici
2965 5358 3000 5426 ὰ
3044 5369 3160 5409 une
3201 5351 3424 5426 edition
3465 5351 3539 5406 de

177 5425 540 5500 “Fuﬁiv‘lu‘.
585 5496 600 5500 Α
702 5498 730 5500 _
1883 5429 2128 5486 Photius
2156 5428 2293 5500 plus
2320 5428 2520 5499 ample
2550 5443 2667 5500 que
2697 5432 2892 5500 toutes
2915 5425 3093 5500 cellas
3111 5425 3293 5496 qu'on
3322 5439 3358 5478 a
3391 5439 3539 5500 vues

232 5492 302 5572 (ἦ)
341 5496 472 5572 Vici.
509 5496 666 5554 intra
691 5498 1119 5570 Protegomena
1144 5501 1236 5562 ad
1262 5501 1609 5570 quaestiones
1628 5501 1775 5558 Am-
1877 5492 2177 5572 jusqu’ici'.
2225 5521 2250 5572 in
2285 5492 2996 5572 lllém'oires'de_Tr'évou.z‘,
3035 5492 3190 5572 1721i,
3226 5498 3529 5572 pag._765.

183 5560 614 5643 ξζιὶὼοῂιάηαβᾉ,
649 5585 710 5640 p.
759 5573 842 5643 14,
868 5560 940 5627 ἐἰ
981 5560 1208 5629 Fabric.
1248 5560 1414 5629 Bibl.
1449 5573 1674 5641 Graaca,
1718 5577 1762 5628 t.
1877 5560 1898 5572 ⁷
1952 5560 2041 5643 (li)
2077 5571 2303 5643 Martini
2321 5560 3536 5643 Gerbertiabb.,etc.,ltergtlein§;nniczim.

191 5629 252 5712 υτ
275 5653 328 5707 ρο
357 5641 466 5695 54⁷
498 5629 840 5712 ωὶίτίιδτιί
1162 5644 1166 5648 ‘
1663 5629 1674 5641 '
1881 5629 2110 5700 ac‘ce’ai:
2139 5642 2420 5699 Italicum
2459 5648 2512 5697 et
2553 5629 2976 5712 Gauiéum,'p.
3007 5641 3131 5706 522,
3167 5638 3396 5696 edit.2a.
3423 5637 3537 5706 Ty-

238 5706 314 5777 ty)
349 5713 435 5768 Ex
478 5711 752 5771 Londino
789 5712 1120 5773 editoribus
1159 5715 1481 5775 Annalium
1517 5714 1762 5774 Trivult.
1880 5716 1974 5790 pis
2008 5712 2421 5773 Sanblasianis
2456 5713 2613 5769 I773.
