3992 6182
480 293 534 333 Vl
1613 293 1992 352 PREFATIO
2023 293 2056 350 ll

1613 293 1992 352 PRAEFATIO
2023 292 2093 350 IN
2134 292 2375 351 PHOTII
2415 291 2676 351 OPERA.

553 406 743 463 Secuti
773 424 983 466 sumus
1012 426 1154 483 ergo
1184 415 1456 472 ordinem
1497 417 1719 475 codicis
1748 418 2008 475 Vaticani
2040 419 2142 491 qui
2179 421 2309 474 1923
2342 418 2632 487 signatus,
2665 417 2959 485 omnium,
2992 420 3056 475 ut
3097 419 3160 473 D.
3195 418 3644 488 Hergenrmther
3674 426 3832 481 autu-

479 500 623 560 mat,
657 502 1149 570 praestantissimi,
1182 506 1285 577 qui
1317 508 1535 563 saeculo
1563 525 1662 564 xm
1694 513 1972 565 exaratus
2008 513 2112 573 est,
2133 496 2211 562 'et
2241 508 2601 580 quaestiones
2643 512 2741 564 313
2780 508 3060 573 continet,
3101 511 3315 579 praeter
3344 507 3491 563 alias
3522 512 3831 569 nonnullas

478 602 613 657 quin
644 602 892 644 numero
916 598 1137 649 carent.
1171 598 1489 668 Nunquam
1521 603 1721 654 tamen
1753 597 2076 654 ascendent
2105 598 2182 652 ad
2204 612 2519 653 numerum
2549 599 2653 653 444
2674 614 2853 670 quem
2882 597 3203 655 Cotelerius
3232 613 3293 653 se
3319 598 3613 669 reperisse
3643 602 3832 659 scribit

478 676 537 729 in
569 676 770 732 codice
799 678 1129 737 Colbertino
1161 684 1226 755 (ἱ)
1256 702 1269 749 ;
1305 686 1430 751 sed,
1465 688 1523 741 ni
1561 686 1749 753 fallor,
1793 686 2177 743 doctissimus
2208 686 2296 740 vir
2326 702 2644 742 numerum
2674 687 3079 759 quaestionum
3108 687 3383 742 incautus
3413 686 3681 744 confudit
3704 706 3830 747 cum

474 778 727 820 numero
757 782 877 838 quo
909 770 1033 841 ipse
1064 772 1322 830 codexin
1335 774 1697 832 bibliotheca
1715 776 2048 833 Colbertina
2072 774 2532 845 inscribebatur;
2557 792 2732 833 nemo
2752 776 2911 832 enim
2928 780 3156 833 tantam
3178 777 3584 848 quaestionum
3602 780 3829 851 copiam

476 852 536 908 in
574 852 705 909 ullis
736 856 1044 914 codicibus
1074 862 1426 920 observavit.

550 944 702 1008 Quot
731 948 1086 1017 quaestiones
1127 952 1717 1021 sigillatimaWolﬁo,
1742 956 1820 1012 ab
1834 959 1963 1011 Ant.
1999 958 2214 1021 Scotto,
2239 969 2277 1010 a
2297 954 2457 1010 card.
2483 955 2649 1026 Maio,
2673 955 2843 1011 editae
2883 954 3141 1022 fuerunt,
3174 970 3295 1027 quo
3328 970 3490 1012 anno
3529 960 3588 1013 et
3616 962 3831 1029 quanta

480 1031 813 1105 cura7quot
832 1039 1189 1107 qumstiones
1215 1042 1343 1113 ipse
1364 1046 1425 1099 D.
1457 1046 1906 1115 Hergenrcether
1923 1061 1993 1101 ex
2017 1045 2323 1102 codicibus
2349 1045 2768 1117 manuscriptis
2785 1045 2880 1100 hic
2909 1046 3172 1111 primum
3204 1045 3425 1117 profert
3442 1046 3831 1118 ‘Iquotadhuc

481 1119 2086 1202 edendaesupersunt,reperietlectorinluculentissima
2104 1138 2165 1191 D.
2195 1134 3291 1206 Hergenrcetherdissertatione,quam
3319 1135 3515 1206 primo
3534 1135 3673 1193 loco
3694 1137 3833 1194 inter

480 1210 907 1282 prolegomene
932 1217 1111 1287 primi
1142 1220 1456 1277 voluminis
1486 1238 1737 1295 operum
1771 1224 1955 1279 Photii
1986 1224 2305 1280 edidimus.

552 1302 902 1358 Notabimus
936 1310 1185 1373 tantum,
1210 1315 1422 1381 praeter
1452 1312 1686 1368 codices
1709 1314 2164 1385 manuscriptos,
2199 1311 2494 1385 inquibus
2519 1311 2886 1385 quaestiones
2918 1310 3430 1383 Amphilochianae
3462 1314 3835 1371 continentur

482 1392 537 1444 et
567 1404 601 1443 a
630 1392 691 1444 D.
724 1394 1358 1463 Hergenrmtherinfra,
1392 1416 1533 1471 pag.
1572 1405 1652 1472 14,
1673 1408 2071 1467 recensentur,
2106 1402 2235 1457 dari
2266 1401 2502 1457 codices
2526 1400 2847 1457 nonnullos
2876 1416 3029 1473 quos
3060 1400 3152 1456 his
3183 1400 3377 1456 verbis
3407 1408 3835 1460 commemorat

483 1479 549 1532 D.
581 1480 731 1534 Hase
762 1481 820 1535 in
852 1485 1005 1539 notis
1033 1486 1153 1541 suis
1184 1488 1260 1542 ad
1291 1488 1594 1561 dialogum
1616 1508 1795 1562 quem
1822 1490 2051 1547 Manuel
2079 1490 2444 1561 Palzeologus
2460 1490 3240 1563 Constantinop.imperator
3258 1492 3506 1563 Ancyrae
3535 1492 3597 1547 in
3621 1492 3834 1549 Galatia

480 1565 689 1622 habuit
702 1586 826 1623 cum
842 1574 1097 1644 quodam
1114 1579 1311 1642 Persa,
1329 1578 1402 1633 de
1417 1581 1760 1650 praestantia
1773 1580 2078 1650 religionis
2091 1580 2433 1636 Christianae
2457 1586 2511 1636 et
2525 1580 2775 1635 falsitate
2788 1579 3376 1636 ﬁdeiMahumetanae.
3397 1582 3834 1653 «Amphilochia

482 1656 690 1721 Photii,
716 1659 815 1727 ait,
845 1676 880 1715 a
911 1664 1111 1719 multis
1135 1665 1377 1722 laudata
1396 1674 1449 1723 et
1481 1674 1719 1733 tentata,
1755 1670 1859 1724 sed
1891 1669 1965 1725 ad
1986 1670 2093 1724 hoc
2117 1674 2350 1741 tempus
2372 1670 2500 1737 (an.
2540 1669 2694 1739 1807)
2717 1684 3026 1741 nunquam
3042 1668 3473 1733 edita,exstant
3494 1670 3553 1725 in
3586 1676 3834 1743 quatuor

480 1744 650 1799 bonis
682 1748 987 1806 codicibus
1018 1753 1391 1811 bibliothecae
1424 1760 1633 1813 Caesar.
1671 1758 2012 1815 Parisiensis
2048 1777 2061 1814 :
2098 1759 2475 1822 Coisliniano,
2511 1761 2574 1812 n°
2606 1761 2709 1813 270
2739 1758 2981 1829 optimae
3014 1762 3190 1824 notae,
3226 1758 3427 1813 Photio
3466 1758 3588 1814 fere
3619 1775 3829 1827 coaevo,

483 1833 555 1888 de
586 1851 707 1907 quo
730 1840 1139 1899 Montefalcon.
1170 1846 1458 1902 Biblioth.
1489 1849 1664 1905 Coisl.
1697 1848 1877 1904 Paris.
1911 1853 2064 1915 1715,
2099 1864 2155 1919 p.
2184 1852 2286 1903 3‘25
2316 1867 2333 1916 ;
2366 1850 2550 1903 altero
2577 1847 2776 1917 Regio,
2810 1863 2868 1901 n.
2902 1848 3059 1911 1228,
3092 1862 3229 1902 saec.
3260 1863 3320 1901 x1
3354 1865 3366 1913 ;
3398 1848 3717 1904 tertioitem
3734 1850 3830 1903 Re-

483 1925 580 1992 gio
627 1931 776 1993 1229,
812 1930 1109 2003 descripto
1141 1951 1210 1989 ex
1244 1936 1377 1992 cod.
1414 1939 1633 1993 montis
1664 1939 1845 2007 Atho,
1874 1940 2050 2009 jussu
2084 1938 2395 2009 Chrysanti
2429 1940 2678 2001 Notaraa,
2720 1936 2823 2009 qui
2863 1942 2987 1991 erat
3026 1936 3445 2008 Hierosolymis
3477 1936 3829 2008 patriarcha,

486 2028 583 2068 θοι
614 2018 921 2085 ¹⁷¹7(νίάο
953 2022 1022 2075 L0
1056 2024 1261 2087 Quien,
1295 2025 1500 2081 Oriens
1529 2028 1748 2082 Christ.
1780 2028 1961 2081 Paris.
1997 2030 2148 2091 1740,
2180 2040 2217 2091 ι.
2252 2026 2472 2091 llI,col.
2498 2027 2620 2097 526)
2651 2030 2920 2097 ;quarto,
2945 2041 3005 2079 η.
3032 2029 3115 2080 60.
3146 2024 3570 2098 Supplementi,
3599 2025 3830 2081 duobus

484 2104 687 2169 tomis,
722 2106 1018 2180 descripto
1047 2128 1297 2168 avorum
1330 2120 1666 2171 nostrorum
1699 2121 1888 2180 aetate,
1924 2132 1993 2171 ex
2026 2116 2205 2185 Regio
2238 2119 2390 2183 1228,
2418 2131 2597 2187 quem
2632 2130 2813 2186 supra
2836 2115 2955 2169 dixi
2987 2115 3129 2184 (j).»

555 2194 749 2250 Codex
783 2197 1098 2254 Vaticanus
1133 2207 1265 2259 1923
1298 2219 1479 2274 quem
1513 2206 1819 2278 sequimur
1849 2205 1998 2260 inter
2028 2204 2389 2276 quaestiones
2420 2202 2946 2273 Amphilochianas
2978 2202 3217 2257 exhibet
3245 2218 3366 2258 non
3398 2219 3621 2275 paucas
3650 2202 3829 2257 Photii

482 2280 788 2353 epistolas,
824 2302 976 2358 quas
1004 2291 1395 2347 Montacutius
1428 2293 1605 2349 veluti
1638 2293 1922 2366 epistolas
1962 2292 2163 2348 edidit.
2210 2296 2277 2348 Ut
2315 2294 2493 2347 series
2520 2292 2919 2364 quaestionum
2952 2291 3364 2363 compleretur,
3395 2291 3669 2363 epistolas
3701 2290 3827 2344 illas

483 2384 553 2424 ex
568 2370 718 2427 libro
732 2374 1121 2445 epistolarum
1136 2380 1193 2435 in
1205 2383 1657 2454 terquaastiones
1675 2389 1780 2437 Am
1791 2382 2199 2455 philochianas
2225 2380 2491 2437 transtuli
2503 2397 2634 2437 mus
2650 2384 2704 2436 et
2726 2397 2833 2437 suo
2851 2380 2982 2436 loco
2998 2380 3323 2447 edidimus;
3345 2379 3617 2451 epistolas
3632 2382 3825 2433 autem

480 2460 767 2531 reliquas,
795 2468 857 2519 ut
883 2467 1076 2521 statim
1109 2469 1396 2535 dicemus,
1433 2487 1591 2527 novo
1617 2472 1823 2527 ordine
1850 2472 2280 2542 disposuimus.

552 2550 615 2603 In
638 2550 728 2605 his
748 2555 1180 2624 quaestionibus
1204 2560 1714 2631 Amphilochianis
1753 2560 2069 2624 solvendis,
2115 2560 2351 2615 Photius
2390 2574 2510 2615 non
2552 2574 2790 2630 semper
2820 2574 2891 2614 ex
2926 2558 3169 2630 proprio
3224 2558 3380 2614 fonte
3414 2556 3830 2629 responsiones

481 2635 700 2708 hausit,
734 2641 837 2696 sed
864 2643 941 2698 ab
982 2648 1327 2703 auctoribus
1356 2650 1458 2722 qui
1489 2654 1624 2705 ante
1662 2650 1863 2721 ipsum
1890 2650 2252 2720 scripserunt
2282 2664 2382 2703 eas
2416 2652 2723 2704 mutuatus
2756 2651 2862 2703 est.
2896 2646 3240 2703 Theodoreti
3274 2646 3598 2719 praesertim
3620 2644 3834 2715 scripta

484 2728 721 2799 expilat,
742 2732 888 2803 quin
915 2749 1051 2791 eum
1080 2737 1346 2794 nominet
1373 2755 1386 2805 ;
1410 2739 1557 2795 alios
1587 2739 1933 2812 interpretes
1962 2740 2016 2795 S.
2056 2736 2370 2809 Scripturae
2398 2736 2475 2793 ad
2501 2736 2752 2792 litteram
2781 2736 3080 2804 exscribit,
3110 2736 3283 2792 tacito
3311 2751 3519 2792 eorum
3552 2734 3789 2791 nomine
3820 2748 3833 2798 ;

484 2816 756 2889 adeoque
774 2821 957 2892 plagii
986 2840 1121 2881 reus
1152 2842 1279 2883 esse
1318 2828 1566 2884 videtur.

554 2907 792 2965 Absitut
806 2912 1071 2970 Pbotium
1087 2915 1164 2971 ab
1177 2918 1339 2972 omni
1354 2918 1822 2990 plagioliberum
1840 2932 1971 2973 esse
1992 2915 2203 2985 dicam,
2222 2932 2359 2971 cum
2378 2930 2413 2970 a
2439 2914 2595 2970 furto
2622 2915 2889 2970 excusari
2906 2931 3023 2970 non
3040 2914 3244 2987 possit,
3264 2914 3322 2969 id
3341 2912 3506 2986 quod
3523 2913 3581 2968 in
3601 2915 3837 2967 Petrum

486 2995 749 3053 Siculum
768 3004 1083 3069 commisit,
1100 3011 1162 3061 ut
1183 3006 1335 3062 infra
1348 3008 1656 3063 ostendam
1673 3026 1690 3073 ;
1707 3012 1761 3063 et
1790 3012 2075 3080 praeterea
2100 3013 2342 3069 veteres,
2378 3004 2716 3076 suppressis
2734 3002 3567 3067 nominibustranscribendo,
3594 3015 3839 3071 gravem

487 3088 888 3157 suspicionem
918 3092 991 3147 de
1022 3093 1183 3151 bona
1204 3096 1322 3151 ﬁde
1350 3113 1459 3153 sua
1488 3096 1841 3153 omnimoda
1866 3096 2075 3151 excitet
2109 3096 2119 3149 1

556 3176 947 3236 Nihilominus
976 3182 1052 3237 ad
1074 3184 1429 3241 elevandam
1444 3186 1957 3243 accusationemin
1986 3183 2382 3257 ipsumlatam
2412 3183 3310 3255 facit,quodquetestionesquaa
3337 3178 3847 3251 Amphilochianre

485 3266 880 3335 appellantur,
899 3286 1016 3327 non
1044 3289 1254 3329 omnes
1277 3276 1355 3331 ab
1381 3276 1797 3349 Amphilochio
1825 3276 1937 3348 ipsi
1960 3273 2286 3347 propositae
2312 3272 2543 3337 fuerint,
2575 3272 2680 3327 sed
2708 3272 2785 3327 ab
2817 3272 2947 3327 aliis
2975 3271 3111 3326 viris
3139 3271 3260 3325 sive
3286 3269 3699 3325 ecclesiasticis
3729 3267 3852 3321 sive

484 3355 892 3423 saecularibus,
907 3361 1008 3431 qui
1024 3362 1083 3417 in
1103 3364 1476 3421 meditatione
1491 3382 1788 3421 sacrarum
1807 3365 2171 3428 Litterarum,
2186 3361 2271 3416 vel
2295 3362 2493 3415 studio
2508 3360 2820 3428 theologiae
2834 3358 3228 3423 authistoriie,
3247 3357 3555 3413 haerebant
3572 3374 3586 3422 ;
3604 3356 3852 3426 ideoque

485 3458 556 3499 ex
584 3448 850 3517 tempore
878 3452 1242 3521 respondere
1269 3454 1493 3520 debuit,
1514 3455 1659 3527 quin
1683 3456 1758 3510 ad
1781 3453 2191 3523 indagandam
2214 3450 2523 3505 veritatem
2540 3448 2942 3503 necessarium
2958 3453 3194 3517 tempus
3226 3447 3491 3511 haberet,
3517 3462 3589 3501 ac
3607 3443 3855 3517 proinde

484 3534 742 3591 aliorum
766 3536 1099 3595 doctrinam
1127 3542 1185 3596 in
1217 3544 1459 3616 prOpria
1480 3543 2067 3617 responsaderivare.
2098 3543 2243 3597 Cum
2272 3544 2493 3603 autem,
2522 3537 2579 3592 in
2599 3536 2845 3592 edendis
2867 3535 3191 3608 responsis,
3218 3536 3718 3604 interrogantium
3749 3532 3855 3589 uti-

484 3621 906 3681 litatimaxime
921 3631 1304 3701 prospiceret,
1329 3634 1645 3688 verisimile
1660 3649 1779 3689 non
1797 3637 2035 3689 esteum
2055 3636 2194 3687 tunc
2222 3630 2447 3685 famam
2473 3627 2633 3683 docti
2660 3627 2993 3699 interpretis
3021 3626 3366 3696 ambivisse,
3396 3630 3499 3680 aut
3539 3641 3605 3679 se
3634 3623 3855 3679 meritis

486 3710 742 3768 aliorum
776 3731 988 3772 ornare
1021 3719 1297 3777 voluisse.
1334 3722 1433 3777 Illa
1462 3728 1631 3778 aetate
1669 3722 1802 3778 libri
1840 3722 2092 3777 rariores
2131 3726 2301 3776 erant
2338 3733 2522 3790 quam
2555 3721 2619 3772 ut
2647 3716 2901 3789 quisque
2943 3716 3019 3772 ad
3050 3732 3151 3771 eos
3191 3713 3594 3771 consulendos
3631 3711 3852 3769 hortari

486 3807 685 3871 posset
710 3822 722 3870 ;
749 3820 867 3860 non
896 3808 1055 3863 enim
1078 3810 1352 3867 omnium
1373 3811 1651 3867 manibus
1678 3811 2163 3882 terebantur;qui
2184 3822 2394 3864 eorum
2424 3807 2835 3862 auctoritatem
2853 3806 3137 3861 adhibere
3151 3805 3449 3877 cupiebat,
3483 3803 3619 3858 loca
3645 3816 3854 3857 eorum

484 3888 791 3948 laudanda
821 3898 1157 3953 necessario
1188 3899 1519 3955 exscribere
1545 3900 1821 3956 debebat.
1856 3899 2118 3954 Tandem
2148 3898 2249 3953 vix
2281 3896 2440 3952 credi
2471 3901 2665 3967 potest
2699 3896 2969 3951 Pbotium
3002 3895 3079 3950 ita
3117 3893 3470 3963 sibimetipsi
3504 3892 3766 3947 illusisse
3799 3892 3860 3944 ut

486 3984 752 4049 speraret
784 3986 1008 4039 tantum
1043 3986 1311 4058 plagium
1334 3992 1628 4059 quantum
1652 3990 1709 4044 in
1751 3988 1986 4059 scriptis
2009 3986 2357 4043 Theodoreti
2372 3984 2752 4040 commisisse
2770 3988 3127 4049 censeretur,
3148 3982 3252 4038 diu
3270 3982 3479 4037 doctos
3495 3982 3658 4037 viros
3677 3980 3859 4036 latere

486 4071 541 4122 et
561 4066 806 4139 impune
833 4077 1156 4145 perpetrari
1187 4078 1468 4146 potuisse.
1502 4078 1596 4133 His
1622 4079 1799 4147 igitur
1824 4078 1897 4132 de
1929 4077 2124 4132 causis
2151 4076 2387 4132 Photius
2415 4074 2794 4149 aliquatenus
2816 4074 3063 4146 aplagio
3090 4071 3363 4128 excusari
3389 4085 3568 4141 posse
3598 4069 3858 4125 videtur.

559 4158 623 4211 Et
647 4156 774 4214 haec
804 4160 877 4214 de
908 4163 1338 4232 quaestionibus
1370 4166 1499 4236 ejus
1538 4165 2050 4237 Amphilochianis
2089 4166 2247 4220 dicta
2288 4164 2425 4219 sint.

558 4247 769 4301 Praeter
795 4248 922 4304 illas
943 4252 1291 4322 quaetiones,
1321 4254 1603 4310 volumen
1640 4255 1901 4327 primum
1929 4271 2181 4326 operum
2216 4252 2402 4308 Photii
2428 4250 3042 4322 continetfragmenta
3067 4249 3366 4319 exegetica
3392 4245 3691 4317 ejusdem,
3727 4260 3866 4316 quae

485 4348 557 4389 ex
572 4337 807 4393 Catenis
822 4340 1073 4396 Patrum
1088 4341 1327 4398 collecta
1344 4348 1501 4413 sunt,
1520 4349 1575 4399 et
1601 4344 1899 4415 praecipue
1917 4344 2095 4399 breve
2120 4342 2639 4399 Commentarium
2664 4341 2721 4395 in
2744 4344 3019 4395 sanctum
3038 4342 3277 4401 Lucam,
3294 4351 3473 4409 quem
3488 4334 3656 4391 card.
3676 4337 3743 4389 A.
3762 4333 3868 4390 Mai

485 4425 715 4493 primus
748 4428 931 4484 edidit
951 4430 1009 4485 iu
1041 4432 1235 4503 prima
1265 4433 1519 4489 editione
1552 4433 1729 4505 primi
1758 4433 2079 4489 voluminis
2107 4431 2477 4488 Collectionis
2510 4430 2864 4501 scriptorum
2892 4433 3180 4486 veterum.

1410 4524 1497 4577 Vl.
1543 4554 1608 4563 ——
1650 4524 1733 4578 De
1772 4522 2027 4578 secundo
2078 4522 2377 4577 volumine
2418 4521 2600 4589 hujus
2641 4519 2933 4575 editionis.

560 4601 898 4661 Secundum
927 4612 1208 4665 volumen
1237 4611 1416 4682 hujus
1442 4612 1715 4667 editionis
1746 4611 2008 4667 continet
2026 4609 2589 4683 operadogmatica,
2619 4609 2975 4679 parienetica
3002 4612 3057 4662 et
3080 4606 3364 4662 historica
3384 4602 3593 4669 Photii,
3616 4604 3875 4674 excepta

490 4690 877 4759 Bibliotheca,
911 4696 969 4751 id
1002 4703 1090 4753 est
1124 4717 1135 4752 :
1160 4702 1383 4756 ﬂontra
1410 4701 1977 4757 Manichteoslibros
2004 4708 2280 4772 quatuor,
2306 4698 2596 4754 etlibrum
2620 4699 2705 4754 De
2726 4697 2989 4766 Spiritus
3015 4697 3214 4752 sancti
3240 4693 3648 4765 Myslagogia,
3675 4691 3873 4747 homi-

487 4778 598 4853 lias
629 4782 918 4854 quinque,
946 4785 1095 4840 odas
1123 4792 1257 4850 tres,
1289 4797 1343 4843 et
1378 4790 1770 4860 Epistolarum
1797 4790 1980 4845 libros
2014 4796 2146 4845 tres.

559 4870 637 4924 De
663 4876 921 4942 quatuor
950 4871 1113 4927 libris
1135 4882 1338 4931 contra
1355 4879 1729 4941 Manichteos,
1752 4894 1785 4933 a
1811 4878 2033 4950 quibus
2060 4878 2340 4933 volumen
2374 4876 2619 4934 orditur.
2645 4890 2981 4929 sermonem
3012 4875 3271 4946 primum
3302 4872 3707 4928 instituemus.

557 4956 1133 5017 ConstatHistoriam
1164 4964 1633 5023 Manio/tremum
1661 4984 1763 5021 seu
1780 4966 2288 5029 Paulicianorum,
2331 4982 2464 5038 quae
2498 4966 2557 5020 in
2597 4963 2906 5019 codicibus
2936 4980 3076 5018 mss.
3102 4966 3266 5018 Petro
3281 4960 3475 5017 Siculo
3493 4959 3873 5021 inscribitur,

487 5050 543 5102 et
573 5048 684 5103 sub
716 5050 861 5104 Petri
891 5052 1130 5107 nomine
1154 5069 1187 5108 a
1214 5056 1268 5107 P.
1306 5054 1536 5110 Radero
1560 5057 1717 5112 edita
1748 5061 1854 5121 est,
1900 5055 2016 5111 fere
2049 5056 2124 5111 ad
2158 5056 2405 5111 verbum
2446 5068 2777 5110 consonare
2817 5068 2954 5109 cum
2996 5053 3146 5108 libro
3179 5052 3378 5123 primo
3406 5065 3589 5121 quem
3627 5050 3877 5105 Photius

486 5141 693 5192 contra
724 5139 1079 5196 Manichaeos
1108 5143 1398 5200 exaravit.
1441 5144 1501 5198 Id
1533 5161 1671 5199 cum
1698 5146 2078 5200 observasset
2103 5144 2268 5200 card.
2294 5144 2483 5209 AMai,
2510 5142 2820 5215 inquisivit
2861 5147 3056 5198 utrum
3091 5142 3297 5196 Petrus
3328 5138 3561 5195 Siculus
3593 5138 3880 5194 Photium

485 5227 877 5299 exscripserit,
905 5230 1338 5288 veleconverso
1362 5233 1603 5289 Photius
1624 5237 1879 5304 Petrum,
1899 5239 1953 5289 et
1973 5234 2283 5291 manifeste
2317 5234 2485 5288 Petro
2518 5233 2689 5297 favet,
2720 5232 2999 5289 Pbotium
3029 5230 3211 5303 plagii
3240 5228 3524 5285 indirecte
3541 5242 3880 5283 accusans.

556 5316 867 5375 Sententiae
892 5320 1053 5375 card.
1079 5322 1186 5378 Mai
1213 5322 1513 5379 adhaereo.
1543 5326 1611 5378 At
1637 5328 1781 5394 puto
1808 5325 2170 5395 quaestiones
2203 5322 2477 5391 restringi
2504 5322 2716 5377 debere
2747 5321 2825 5377 ad
2865 5323 3129 5392 primum
3159 5319 3381 5375 librum
3413 5316 3600 5372 Photii
3648 5332 3662 5382 ;
3693 5315 3884 5371 libro-

486 5406 793 5463 I'umenim
810 5410 1079 5475 secundi,
1104 5412 1252 5467 tertii
1292 5417 1348 5468 et
1385 5412 1581 5484 quarti
1612 5412 1775 5484 apud
1817 5414 2055 5469 Petrum
2088 5412 2347 5470 Siculum
2381 5411 2613 5466 nullum
2646 5410 2904 5466 occurrit
2938 5409 3272 5479 vestigium.
3301 5407 3357 5463 Si
3395 5405 3663 5471 Photius,
3696 5405 3761 5460 in
3790 5404 3887 5459 his

483 5496 803 5551 exarandis
837 5498 1001 5554 libris
1016 5498 1373 5572 plagiarium
1396 5502 1529 5572 egit,
1547 5507 1700 5557 certe
1715 5501 1883 5557 Petro
1900 5503 2095 5559 Siculo
2112 5503 2224 5558 hac
2238 5502 2297 5555 in
2312 5505 2477 5574 parte
2492 5499 2639 5554 nihil
2655 5499 2852 5565 debet,
2880 5498 2986 5554 sed
3014 5497 3181 5555 alteri
3205 5494 3478 5568 scriptori
3496 5493 3647 5549 mihi
3666 5493 3887 5563 ignoto

556 5628 627 5712 (ι)
664 5628 844 5712 gotel.
870 5629 1989 5712 ἀίρηιιηζεηιριΕσσίθς-..ςξιςωραῃ1.ΙΙ[,ρ.
2016 5636 2136 5712 556.
2438 5628 2791 5712 Ηαεθφ¹8τ18
2814 5629 3074 5712 1810..τῆ
3090 5628 3300 5711 Notice
3321 5625 3784 5712 ‘d:un!ogvrag_e
3817 5624 3894 5679 de

561 5696 631 5771 (j)
673 5701 992 5757 Recueitde
1013 5703 1762 5771 memoiressurdi/‘férents
1779 5696 2137 5760 manascrits
2254 5696 3893 5771 t‘empereurManuetPatéotoyue,intituté:Entretiens

488 5769 664 5829 Grcos
689 5774 761 5830 de
801 5774 862 5831 la
896 5769 1286 5847 bibliothéque
1312 5769 1623 5845 imperiale
1654 5775 1726 5832 de
1754 5776 2009 5839 France,
2038 5790 2148 5848 par
2257 5788 2399 5831 avec
2427 5788 2508 5829 un
2531 5772 2875 5843 professeur
2902 5769 3305 5841 mahornétan,
3336 5782 3481 5842 pag.
3513 5769 3604 5827 34.
