3992 6182
1271 233 1647 298 ΡΒΕΡΑΤΙΟ
1680 233 1751 294 IN
1791 231 2029 292 ΡΗΟΤΙῙ
2070 235 2330 296 OPERA.

1920 231 2029 292 >ΤΙῙ
2070 235 2330 296 ΟΡΕΒΑ.
3423 265 3496 304 νιι

216 373 363 442 Quod
379 371 455 428 ad
476 369 744 444 primum
767 367 993 423 librum
1010 372 1217 424 contra
1237 367 1592 424 Manichaos
1613 367 1860 436 spectat,
1888 362 2079 419 sentio
2109 365 2388 420 Photium
2415 365 2787 436 exscripsisse
2812 365 3128 424 Historiam
3151 371 3500 428 Manichac-

157 482 269 524 rum
288 480 322 520 a
343 465 507 518 Petro
528 458 730 514 Siculo
764 456 1159 528 compositam
1187 473 1202 523 ;
1224 456 1401 528 idque
1423 455 1636 525 colligo
1660 469 1781 508 non
1799 468 1872 507 ex
1897 467 1968 507 eo
1999 456 2230 507 tantum
2258 453 2416 524 quod
2450 456 2650 509 Petrus
2678 453 2908 510 Siculus
2935 456 3140 512 Photio
3164 460 3361 515 senior
3383 469 3493 527 est,

161 552 409 627 siquidem
433 548 637 605 medio
664 545 886 602 saculo
917 562 971 601 ix
1000 543 1218 612 ﬂoruit,
1252 552 1318 602 ut
1343 545 1571 601 notavit
1593 541 1914 612 Mongitore
1935 540 2044 610 (De
2062 542 2340 611 scriptor.
2372 543 2610 614 Siculis,
2641 549 2676 598 t.
2709 545 2774 609 ll,
2795 559 2857 615 p.
2887 546 3010 613 158)
3039 567 3050 610 ;
3085 546 3230 604 dum
3255 549 3492 606 Photius

161 659 320 716 usque
347 639 419 696 ad
443 639 603 694 ﬁnes
643 635 917 706 ejusdem
943 633 1144 690 saculi
1172 634 1451 690 ﬂoruisse
1479 632 1748 697 creditur,
1769 645 1985 701 nempe
2008 630 2087 686 ad
2107 646 2324 686 annum
2347 632 2444 687 891
2471 649 2484 697 ;
2518 638 2622 687 sed
2654 632 2832 688 etiam
2866 634 3009 705 quia
3035 634 3242 691 Petrus
3267 637 3328 692 in
3361 639 3498 710 ipsa.

165 731 389 788 Historia
412 744 523 783 sua
555 732 762 782 narrat
793 741 857 779 se
887 723 1234 780 relationem
1258 722 1411 778 illam
1438 721 1742 794 scripsisse
1770 725 2118 792 postquam,
2156 720 2314 776 circa
2339 720 2506 777 initia
2549 721 2712 792 regni
2760 722 2954 778 Basilii
2987 723 3360 795 imperatoris
3387 729 3493 784 (ΖΡ.

173 821 230 875 in
250 819 491 874 Armenia
505 821 565 872 et
595 815 657 870 in
682 812 830 869 urbe
845 811 1080 868 Tibrica
1107 828 1143 867 a
1165 811 1514 870 Manichais
1540 809 1853 873 adiﬁcata,
1879 808 2120 880 publica
2141 810 2435 879 legatione
2453 810 2688 866 functus
2712 811 2934 877 fuisset,
2962 820 3016 868 et
3036 815 3494 873 Manichaorum

186 910 420 980 dogmata
456 911 506 961 et
541 919 765 967 mores,
801 916 1068 974 prasens
1101 901 1425 957 didicisset.
1460 901 1587 955 lmo
1619 899 1696 954 ad
1728 897 2082 970 episcopum
2117 898 2400 967 Bulgaria
2441 899 2647 954 scribit
2678 915 2739 955 se
2773 901 2904 971 ejus
2945 903 3223 972 precibus
3259 912 3490 964 motum

191 999 338 1061 fuisse,
367 1002 423 1050 ut
458 994 626 1050 illam
658 991 964 1047 historiam
995 995 1401 1062 componeret.
1437 989 1664 1060 Ubique
1707 988 1969 1059 loquitur
2012 986 2183 1042 veluti
2230 987 2702 1054 oculatustestis,
2737 995 2792 1044 et
2822 993 2999 1061 quasi
3043 1007 3137 1046 res
3181 1000 3493 1052 enarratas

179 1089 276 1159 ipse
296 1085 586 1156 gessisset.
620 1082 803 1137 Totus
832 1080 1010 1153 igitur
1039 1085 1345 1136 contextus
1377 1079 1620 1136 Petrum
1655 1076 1917 1133 Siculum
1944 1077 2120 1132 veluti
2151 1077 2280 1132 libri
2309 1084 2610 1133 auctorem
2641 1079 2891 1137 exhibet.

222 1178 289 1231 Ea
305 1183 505 1229 autem
535 1187 673 1245 qua
693 1187 904 1226 verum
925 1175 1228 1227 auctorem
1249 1169 1566 1238 designant
1580 1167 1798 1222 omittit
1822 1166 2094 1232 Photius;
2119 1172 2326 1222 caetera
2344 1166 2465 1222 fere
2486 1167 2563 1223 ad
2595 1168 2846 1224 verbum
2877 1171 3256 1240 transcribit;
3282 1189 3402 1246 qua
3425 1175 3500 1232 de

162 1279 314 1320 causa
336 1279 369 1320 a
386 1261 601 1335 plagio
631 1261 731 1315 vix
757 1259 1023 1315 excusari
1053 1261 1262 1330 potest.

217 1354 312 1409 Pro
331 1353 467 1424 jure
485 1350 648 1409 Petri
673 1348 851 1405 Siculi
883 1348 1106 1404 faciunt
1135 1347 1315 1403 etiam
1337 1352 1451 1402 tres
1474 1359 1781 1401 sermones
1800 1349 2007 1399 contra
2033 1343 2422 1410 Paulicianos,
2451 1361 2604 1416 quos
2633 1346 2794 1400 card.
2820 1351 2883 1402 A.
2911 1348 3021 1402 Mai
3055 1349 3283 1420 primus
3315 1351 3500 1409 edidit

154 1444 204 1498 in
231 1447 381 1498 torno
412 1441 486 1495 IV
506 1441 691 1496 No'Jae
711 1437 1101 1494 Bibliotheca
1122 1438 1400 1505 Patrum;
1422 1435 1502 1490 illi
1527 1435 1685 1490 enim
1710 1449 2015 1489 sermones
2046 1432 2308 1488 historia
2334 1433 2806 1489 Paulicianorum
2836 1436 3037 1508 aliqua
3053 1439 3283 1495 ratione
3310 1441 3499 1498 coha-

154 1537 280 1600 rent,
297 1537 345 1586 et
364 1530 584 1586 eodem
610 1526 911 1582 scribendi
939 1541 1151 1597 genere
1181 1525 1444 1594 elucent;
1461 1523 1570 1579 etsi
1597 1522 1800 1595 quoad
1825 1521 2059 1593 copiam
2083 1521 2369 1576 doctrina
2393 1529 2448 1576 et
2469 1521 2589 1576 vim
2615 1523 2909 1579 ratiocinii
2933 1526 3169 1583 minime
3191 1529 3499 1602 conspicui

150 1620 464 1675 videantur.
497 1618 654 1673 Sane
683 1615 1118 1688 aliquantulum
1148 1615 1285 1686 plus
1311 1614 1474 1668 nervi
1516 1616 1575 1668 et
1601 1611 1823 1681 vigoris
1852 1611 2111 1666 habetur
2135 1611 2196 1664 in
2229 1609 2395 1666 libris
2428 1627 2484 1680 ιι,
2520 1628 2576 1666 ιιι
2605 1615 2660 1666 et
2689 1628 2747 1667 iv
2779 1613 2984 1683 Photii,
3017 1632 3199 1688 quam
3225 1619 3283 1672 in
3315 1620 3498 1675 tribus

145 1709 511 1764 sermonibus
541 1707 691 1762 Petri
723 1704 900 1760 Siculi
928 1721 942 1770 ;
973 1719 1320 1776 quanquam
1353 1719 1461 1758 nec
1491 1701 1622 1757 libri
1654 1701 1839 1757 Photii
1869 1700 2231 1773 aquiparari
2264 1701 2496 1773 possint
2519 1700 2688 1756 libris
2721 1718 2874 1774 quos
2905 1710 3113 1762 contra
3144 1708 3501 1764 Manichaos

141 1798 264 1853 olim
294 1798 623 1854 ediderunt
663 1794 1006 1860 Archelaus,
1034 1793 1334 1864 Didymus,
1369 1791 1702 1848 Alexander
1731 1790 2185 1862 Lchpolitanus
2214 1795 2270 1845 et
2309 1795 2548 1845 sanctus
2580 1793 2977 1861 Augustinus.
3007 1797 3280 1852 Attamen
3334 1797 3500 1853 omni

139 1887 311 1956 pretio
341 1901 472 1941 non
504 1889 644 1939 sunt
670 1881 956 1945 destituti,
988 1880 1314 1951 prasertim
1345 1881 1487 1952 quia
1517 1883 1740 1934 statum
1767 1878 2183 1934 controversia
2208 1877 2308 1934 illa
2335 1883 2505 1933 atate
2537 1878 2768 1947 agitata
2798 1879 3118 1938 declarant.

202 1975 448 2030 Librum
468 1973 724 2045 primum
752 1969 938 2025 Photii
950 1970 1078 2039 jam
1109 1968 1342 2039 pridem
1361 1967 1798 2024 Graec-Latine
1819 1967 2086 2023 ediderat
2111 1970 2171 2022 Ι).
2200 1969 2278 2022 De
2299 1967 2674 2023 Montfaucon
2699 1969 2757 2023 in
2783 1969 3142 2028 Bibliotheca
3173 1990 3276 2029 sua
3300 1975 3502 2032 Coisli-

134 2063 342 2118 niana.
366 2064 438 2116 D.
457 2061 733 2126 Wolﬁus,
753 2061 858 2131 qui
879 2055 1331 2130 quatuorlibros
1352 2056 1530 2111 simul
1547 2056 1806 2112 ediditin
1830 2057 1954 2111 suis
1970 2057 2308 2124 Anecdotis,
2331 2055 2776 2112 translationem
2800 2059 3068 2116 Latinam
3092 2062 3506 2120 Montfauconii

136 2166 278 2223 qua
308 2149 501 2206 facilis
549 2155 599 2205 et
625 2147 871 2218 elegans
902 2151 993 2201 est
1022 2144 1344 2217 adoptavit.
1378 2144 1588 2200 Tribus
1626 2144 1868 2216 reliquis
1914 2143 2080 2199 libris
2112 2144 2393 2214 apposuit
2425 2143 2874 2201 translationem
2907 2147 3232 2205 obscuram
3265 2157 3323 2208 et
3352 2169 3508 2225 sape

135 2239 466 2295 intricatam
499 2244 553 2292 et
589 2236 966 2308 impeditam.

200 2331 384 2383 Tanta
410 2326 746 2382 eruditione
775 2325 852 2380 de
880 2323 1034 2379 libro
1061 2322 1246 2378 Photii
1277 2322 1379 2395 qui
1410 2322 1672 2392 Spiritus
1701 2323 1889 2378 sancti
1910 2321 2285 2392 Myslagogia
2316 2320 2674 2389 inscribitur,
2702 2322 2938 2380 disserit
2962 2325 3025 2380 D.
3060 2327 3512 2399 Hergenrather

142 2419 234 2490 qui
255 2433 404 2489 opus
426 2416 543 2471 hoc
569 2416 798 2487 primus
823 2429 987 2469 anno
1019 2411 1155 2468 1857
1183 2428 1256 2468 ex
1277 2411 1582 2467 codicibus
1609 2427 1758 2466 mss.
1786 2411 1845 2466 in
1874 2409 2178 2482 publicam
2206 2409 2401 2465 lucem
2435 2410 2694 2481 protulit,
2722 2412 2873 2469 utde
2899 2429 2968 2470 eo
2999 2416 3188 2474 multa
3217 2417 3510 2476 disserere

142 2506 312 2577 plane
335 2519 860 2577 supervacaneum
894 2503 984 2557 sit.

209 2598 480 2650 Attamen
511 2607 713 2665 opera
743 2591 995 2666 pretium
1025 2589 1132 2646 erit
1161 2596 1216 2645 et
1244 2589 1338 2644 hic
1368 2604 1844 2645 commemorare
1871 2589 2266 2660 quastiouem
2297 2603 2483 2660 quam
2515 2588 2899 2646 doctissimus
2937 2593 3121 2651 editor
3152 2595 3513 2670 sibimetipsi

145 2683 470 2756 proposuit,
499 2697 575 2736 ne
603 2683 839 2753 piorum
869 2683 1098 2734 mentes
1125 2678 1376 2733 nimium
1407 2682 1798 2750 praoccupet.
1826 2677 2075 2750 Inquirit
2100 2693 2316 2748 nempe
2342 2683 2536 2732 utrum
2568 2677 2679 2734 sibi
2709 2678 2958 2748 licuerit,
2988 2699 3194 2750 necne,
3231 2685 3291 2740 in
3316 2685 3513 2744 lucem

146 2767 398 2844 proferre
428 2771 655 2827 librum
676 2769 778 2841 qui
810 2773 1018 2824 contra
1046 2767 1272 2836 dogma
1302 2766 1441 2821 ﬁdei
1471 2771 1527 2822 et
1555 2765 1893 2822 doctrinam
1927 2765 2196 2821 Ecclesia
2228 2765 2519 2835 dirigitur,
2545 2771 2600 2821 et
2629 2767 2982 2825 atﬁrmative
3013 2775 3352 2844 respondet,
3386 2780 3513 2832 tum
3585 2797 3588 2802 ·

144 2862 282 2933 quia
311 2863 669 2929 argumenta
687 2856 869 2913 Photii
897 2855 1157 2920 inﬁrma,
1190 2855 1476 2911 omnibus
1494 2860 1657 2921 nota,
1689 2861 1746 2910 et
1775 2854 1997 2926 pluries
2011 2854 2267 2910 contrita
2293 2859 2450 2924 sunt,
2481 2859 2610 2910 tum
2639 2857 2782 2929 quia
2809 2875 2880 2913 ex
2909 2858 3159 2916 lectione
3174 2863 3372 2934 scripti
3404 2864 3516 2920 ori-

145 2949 372 3019 ginalis,
403 2947 654 3003 historia
684 2944 1096 3001 controversia
1129 2944 1312 3000 multo
1341 2942 1567 3000 facilius
1601 2943 1886 2999 elucidari
1918 2948 2134 3015 potest.
2172 2943 2232 2998 ld
2265 2943 2476 2998 merito
2504 2946 2806 3002 asseritur.
2836 2950 3120 3005 Praeterea
3149 2951 3207 3005 in
3239 2951 3517 3008 editionis

147 3054 274 3092 sua
302 3037 699 3092 defensionem
728 3034 951 3106 profert
980 3033 1309 3104 exemplum
1337 3033 1498 3089 card.
1535 3040 1598 3088 Α.
1635 3033 1765 3101 Mai,
1794 3033 1897 3103 qui
1931 3033 2155 3104 scripta
2187 3032 2479 3103 Origenis,
2514 3031 2774 3106 Didymi,
2806 3035 3091 3092 Theodori
3119 3041 3517 3110 Mopsuesteui

155 3131 214 3180 et
243 3123 488 3179 aliorum
513 3123 912 3179 hareticorum
938 3138 968 3177 e
998 3122 1238 3178 latebris
1265 3121 1540 3178 codicum
1564 3122 1623 3176 in
1655 3121 1962 3194 publicam
1981 3121 2177 3176 lucem
2205 3123 2378 3177 traxit
2413 3123 2538 3178 sine
2570 3123 2902 3194 dispendio,
2934 3123 3056 3180 imo
3077 3142 3214 3180 cum
3247 3127 3518 3198 profectu

148 3213 425 3270 veritatis.
452 3215 513 3268 Et
538 3228 681 3268 sane
707 3228 780 3268 ex
805 3211 1105 3267 erroribus
1131 3211 1412 3267 obsoletis
1437 3211 1565 3282 quis
1586 3209 2010 3267 detrimentum
2032 3211 2314 3281 caperet?
2339 3211 2479 3275 Quis
2502 3211 2692 3283 decipi
2715 3212 2970 3284 posset?
2994 3214 3134 3279 Quis
3159 3231 3283 3271 non
3309 3216 3520 3274 trium-

143 3303 333 3374 phum
362 3301 625 3357 veritatis
650 3303 922 3370 agnoscit
951 3300 980 3356 ?

215 3391 398 3463 Viget,
427 3390 713 3463 equidem
735 3390 942 3455 fateor,
969 3389 1258 3446 hactenus
1284 3387 1436 3444 falsa
1461 3387 1668 3460 opinio
1691 3387 1876 3444 Photii
1903 3404 1915 3453 ;
1943 3385 2049 3443 sed
2073 3390 2439 3458 argumentis
2462 3406 2498 3446 a
2528 3389 2736 3446 Photio
2758 3390 3003 3463 prolatis
3023 3391 3142 3463 jam
3159 3393 3262 3449 diu
3279 3393 3518 3451 defendi

147 3481 382 3536 minime
408 3485 625 3552 potest,
652 3496 763 3536 nec
783 3494 991 3535 revera
1014 3477 1369 3534 defenditur.
1395 3477 1806 3534 Controversia
1824 3477 1984 3532 enim
2006 3493 2042 3534 a
2064 3477 2268 3533 Photio
2290 3479 2543 3536 excitata
2565 3485 2685 3536 tota
2701 3480 3057 3536 versabatur
3074 3481 3133 3536 in
3155 3486 3518 3553 argumentis

148 3586 182 3641 q
194 3585 282 3624 ua
293 3584 363 3624 ex
377 3569 610 3624 ratione
619 3567 956 3638 theologica
967 3565 1762 3639 depromuntur,proponend
1773 3565 1818 3619 is
1833 3570 1889 3620 et
1907 3566 2232 3635 agitandis;
2250 3567 2375 3622 hac
2391 3575 2581 3624 autem
2595 3569 2933 3642 disputandi
2948 3571 3116 3637 ratio,
3127 3578 3520 3646 praterquam

146 3657 391 3730 quodin
421 3658 748 3713 scrutando
769 3657 1050 3728 mysterio
1072 3657 1170 3712 SS.
1193 3655 1494 3711 Trinitatis
1521 3655 1850 3711 vanissima
1879 3661 1984 3719 est,
2015 3660 2136 3710 tota
2165 3661 2221 3710 et
2250 3657 2479 3728 integra
2506 3657 2858 3713 subvertitur
2887 3665 2942 3714 et
2966 3659 3238 3715 obruitur
3268 3663 3520 3718 auctori-

148 3753 266 3802 tate
288 3745 822 3802 vetustissimorum
842 3748 1077 3800 Patrum
1102 3744 1225 3816 qui,
1254 3743 1358 3798 diu
1389 3749 1524 3799 ante
1551 3742 1737 3799 Photii
1763 3748 2047 3814 tempora,
2066 3746 2458 3814 quaestionem
2482 3745 2551 3800 de
2583 3747 2958 3814 processione
2983 3749 3231 3819 Spiritus
3263 3751 3454 3806 sancti
3484 3767 3520 3808 a

148 3838 313 3891 Patre
337 3840 393 3890 et
423 3852 458 3889 a
492 3834 646 3898 Filio,
676 3849 780 3889 seu
805 3849 841 3889 a
872 3837 1033 3890 Patre
1065 3849 1170 3904 per
1196 3832 1432 3898 Filium,
1467 3832 1632 3904 quod
1665 3831 1824 3886 idem
1857 3837 1962 3902 est,
1999 3848 2119 3887 non
2149 3838 2380 3889 tantum
2412 3835 2733 3904 agitarunt,
2768 3838 2872 3892 sed
2903 3839 3199 3909 expressis
3235 3840 3431 3896 verbis
3456 3841 3517 3896 in

149 3939 388 3978 sensum
422 3923 687 3978 Ecclesia
727 3921 1113 3978 occidentalis
1150 3921 1526 3978 deﬁnierunt.
1557 3923 1625 3977 Ut
1654 3921 1729 3975 de
1759 3922 1856 3976 SS.
1892 3919 2160 3976 Patribus
2193 3922 2412 3977 Latinis
2458 3930 2781 3991 taceamus,
2817 3941 3068 3996 quorum
3102 3929 3516 3985 auctoritatem

147 4013 596 4083 pratermittere
611 4027 732 4066 non
747 4017 1002 4083 possunt
1022 4011 1363 4075 Orientales,
1388 4018 1546 4065 certo
1562 4009 1775 4065 certius
1793 4014 1881 4064 est
1899 4016 2172 4066 sanctum
2189 4011 2603 4086 Athanasium,
2624 4020 2898 4070 sanctum
2920 4015 3218 4081 Basilium,
3242 4023 3518 4073 sanctum

150 4099 502 4171 Gregorium
520 4103 1164 4172 Nysseuum,sanctum
1182 4099 1582 4172 Epiphanium
1598 4105 1652 4155 et
1669 4105 1934 4154 sanctum
1949 4099 2226 4170 Cyrillum
2244 4100 2786 4167 Alexandrinum,in
2805 4109 3179 4160 antecessum
3199 4106 3518 4163 damnasse

151 4189 499 4259 opinionem
525 4205 564 4244 a
595 4188 806 4244 Gracis
837 4195 1277 4260 propugnatam
1307 4188 1382 4243 de
1413 4202 1772 4260 processone
1803 4187 2049 4259 Spiritus
2075 4189 2264 4243 sancti
2295 4204 2329 4244 a
2362 4189 2489 4246 solo
2525 4191 2710 4245 Patre.

231 4277 479 4342 Quando
496 4281 764 4332 veterum
797 4278 1152 4349 scriptorum
1181 4277 1540 4343 testimonia,
1565 4277 1763 4331 Photio
1789 4275 1987 4346 ignota
2013 4281 2114 4332 aut
2135 4277 2214 4332 ab
2236 4277 2358 4348 ipso
2380 4279 2591 4334 callide
2610 4279 3002 4345 dissimulata,
3021 4282 3080 4337 in
3113 4284 3517 4340 controversia

155 4365 424 4434 primum
448 4365 678 4435 prolata
700 4365 956 4432 fuerunt,
976 4365 1390 4423 intellexerunt
1407 4364 1747 4421 schismatis
1764 4365 2016 4436 patroni,
2034 4373 2387 4435 argumenta
2407 4367 2588 4422 Photii
2608 4384 2746 4424 vere
2763 4369 2919 4424 lutea
2935 4375 2987 4424 et
3013 4370 3337 4426 straminea
3365 4387 3515 4440 esse,

154 4457 219 4509 et
235 4451 314 4508 ad
339 4462 720 4510 monumenta
742 4453 1075 4510 traditionis
1098 4454 1209 4510 sibi
1230 4455 1652 4510 recurrendum
1672 4470 1826 4523 esse,
1847 4470 1969 4525 quo
1992 4456 2402 4510 auctoritatem
2433 4461 2691 4511 veterum
2722 4458 2831 4512 sibi
2851 4457 3295 4514 adversantium
3320 4459 3518 4516 elude-

150 4547 306 4597 rent.
342 4543 500 4607 Ouod
532 4559 669 4598 cum
692 4543 834 4614 ipsis
867 4559 974 4614 pro
998 4543 1148 4600 votis
1183 4559 1304 4599 non
1336 4543 1585 4607 cederet,
1612 4543 1950 4598 testimonia
1977 4559 2010 4598 a
2032 4543 2334 4598 catholicis
2357 4544 2598 4599 laudata
2625 4561 2655 4599 e
2685 4544 2986 4599 codicibus
3019 4546 3249 4617 passim
3274 4549 3518 4605 eradere

153 4636 484 4703 coeperunt,
517 4636 582 4688 ut
612 4632 1014 4688 controversia
1058 4632 1132 4687 de
1157 4632 1540 4704 processione
1571 4631 1824 4704 Spiritus
1865 4631 2052 4686 sancti
2084 4631 2142 4686 in
2172 4632 2641 4688 controversiam
2673 4633 2746 4688 de
2773 4634 3220 4692 authenticitate
3251 4638 3518 4694 codicum

153 4728 498 4777 verteretur.
524 4720 641 4776 Sed
673 4721 817 4794 quia
845 4721 1308 4777 omnescodices
1334 4735 1713 4792 corrumpere
1736 4735 1856 4776 non
1879 4725 2217 4792 potuerunt,
2243 4736 2352 4775 nec
2377 4721 2584 4777 omnia
2611 4727 2872 4778 veterum
2906 4723 3148 4780 Patrum
3180 4727 3520 4786 testimonia

155 4809 269 4864 sibi
295 4810 602 4866 contraria
633 4809 894 4874 eradere,
927 4815 1283 4881 argumenta
1313 4825 1348 4865 a
1377 4809 1684 4865 catholicis
1711 4808 1944 4880 prolata
1971 4809 2259 4864 invictum
2287 4810 2548 4878 vigorem
2579 4812 2965 4883 retinuerunt,
2995 4822 3049 4869 et
3079 4815 3364 4888 iniquitas
3392 4817 3522 4875 visa

151 4910 243 4954 est
265 4898 621 4971 sibimetipsi
651 4899 900 4954 mentiri.
936 4899 1052 4954 Has
1072 4899 1507 4954 vicissitudines
1528 4897 1653 4969 jam
1686 4898 1950 4954 subierat
1972 4899 2372 4954 controversia
2395 4899 2593 4955 medio
2626 4901 2846 4957 saculo
2872 4919 2984 4970 xm,
3017 4909 3079 4959 ut
3109 4905 3309 4960 videre
3342 4912 3431 4962 est
3461 4907 3523 4963 in

154 4987 385 5060 scriptis
414 4986 750 5043 doctissimi
802 4992 858 5043 et
886 4988 1247 5044 celeberrimi
1279 4986 1466 5050 Vecci,
1522 4986 1875 5058 patriarcha
1906 4986 2569 5058 Constantinopolitani,
2606 4989 2708 5061 qui
2744 5006 2846 5061 pro
2892 4992 3103 5047 unione
3132 4994 3519 5052 ecclesiarum

149 5092 332 5148 quam
355 5076 522 5133 cordi
553 5077 832 5144 habebat,
858 5077 1046 5134 multa
1060 5076 1344 5148 praeclare
1370 5076 1603 5147 scripsit
1633 5076 1737 5148 (Ic),
1769 5089 1879 5130 nec
1911 5091 2128 5146 parvas
2155 5074 2530 5131 calamitates
2561 5083 2618 5132 et
2649 5079 3092 5148 persecutiones
3119 5097 3330 5151 passus
3357 5089 3468 5140 est.

215 5166 551 5238 Postquam
575 5165 834 5221 fautores
861 5165 1194 5221 schismatis
1212 5180 1406 5236 neque
1431 5164 1725 5236 corruptis
1757 5164 2062 5219 codicibus
2088 5162 2330 5219 feliciter
2350 5163 2474 5235 jam
2504 5180 2775 5236 pugnare
2797 5172 3066 5239 possent,
3090 5169 3166 5224 ad
3197 5171 3517 5228 incredibi-

151 5251 230 5308 les
252 5254 615 5311 subtilitates
639 5259 697 5310 et
715 5255 1014 5310 inauditas
1035 5253 1536 5325 aquivocationes
1561 5252 1975 5322 confugerunt,
1999 5268 2257 5324 quarum
2280 5255 2616 5325 pracipuas
2636 5255 2780 5326 ipsis
2804 5257 3203 5329 suppeditavit
3232 5259 3516 5331 Georgius

152 5344 420 5416 Cyprius,
453 5349 592 5415 post
622 5342 880 5398 Veccum
912 5341 1256 5415 patriarcha
1278 5340 1982 5413 Constantinopolitanus,
2015 5347 2071 5396 et
2098 5342 2367 5412 ejusdem
2397 5343 2563 5398 Vecci
2592 5343 2934 5415 praeipuus
2964 5347 3364 5404 adversarius.
3402 5350 3517 5406 Sed

151 5448 343 5507 neque
372 5433 497 5489 hac
527 5437 888 5503 argumenta
911 5432 1099 5488 virum
1130 5448 1167 5488 a
1192 5431 1388 5488 studio
1419 5431 1680 5503 partium
1711 5430 1974 5488 alienum
2003 5446 2240 5488 movere
2274 5447 2534 5503 unquam
2566 5437 2844 5503 poterunt
2876 5455 2888 5489 :
2923 5450 3064 5506 ergo
3097 5438 3284 5495 multo
3316 5438 3516 5495 minus

155 5528 512 5594 argumenta
540 5520 735 5578 Photi.

221 5647 304 5717 (Ις)
328 5646 647 5718 Praciqua
673 5643 803 5715 ejus
832 5644 1056 5716 scripta
1083 5643 1320 5716 collegit
1338 5643 1587 5702 Allauus
1605 5643 1667 5701 in
1698 5645 1719 5699 Ι
1748 5649 1802 5700 et
1833 5643 1880 5698 ll
1904 5660 2028 5701 sua
2058 5645 2292 5703 Graeciae
2319 5647 2668 5706 orthodoxa:
2708 5651 2892 5715 tomo,
2925 5651 3126 5706 Romae
3158 5651 3317 5710 1656.
