3992 6182
494 241 590 279 vm
1628 224 2002 284 ΡΒᾹΞΡΑΤΙΟ
2045 224 2066 281 Ι

1628 224 2002 284 ΡΒᾹΞΡΑΤΙΟ
2045 224 2119 281 IN
2161 226 2393 282 PHOTII
2434 224 2690 283 OPERA.

561 351 927 418 Argumenta
952 347 1142 404 Photii
1173 364 1279 421 pro
1298 351 1676 422 processione
1700 352 1950 423 Spiritus
1973 351 2163 407 sancti
2184 367 2219 407 a
2242 349 2368 407 solo
2382 352 2571 417 Patre,
2593 368 2729 423 quas
2752 354 2971 408 Veccus
2993 351 3202 410 refellit
3228 344 3320 426 (t),
3343 344 3641 413 habentur
3672 355 3771 415 hic
3788 361 3865 417 ad

492 438 713 494 calcem
736 437 869 495 libri
888 438 1288 509 Mystagogiw,
1310 440 1412 494 sed
1441 440 1556 495 alio
1578 440 1784 496 ordine
1808 440 2206 511 proferuntur.
2236 443 2311 495 Ex
2335 441 2701 511 Mystagogia
2722 442 3002 513 decerpta
3022 442 3313 515 videntur,
3343 444 3479 500 etin
3504 445 3709 502 multis
3731 464 3865 505 con-

491 532 709 583 sonant
729 527 1096 596 argumentis
1126 543 1261 599 quee
1292 528 1527 584 Photius
1549 528 1622 584 ad
1657 528 1942 585 tuendam
1959 528 2231 584 eamdem
2249 544 2497 586 causam
2520 530 2735 586 evolvit
2751 531 2811 586 in
2833 530 3083 603 epistola
3106 548 3217 589 sua
3234 533 3314 589 ad
3329 533 3862 606 archiepiscopates

492 616 734 672 thronos
760 630 869 684 per
894 615 1209 681 Orientem,
1243 632 1377 687 quas
1407 633 1568 672 nunc
1595 630 1729 672 κιιιι
1758 622 1845 673 est
1874 622 1932 677 (t.
1964 617 2031 683 II,
2060 638 2068 668 4

762 630 869 684 per
894 615 1209 681 Orientem,
1243 632 1377 687 quas
1407 633 1568 672 nunc
1595 630 1729 672 κιιιι
1758 622 1845 673 est
1874 622 1932 677 (t.
1964 617 2031 683 II,
2060 616 2173 673 col.
2193 621 2338 684 721).

559 706 773 761 Altera
793 720 936 773 pars
953 712 1423 775 argumentorum
1450 722 1585 778 quae
1610 706 1813 762 Photio
1833 706 2190 774 tribuuntur,
2212 707 2402 763 serius
2425 723 2496 763 ex
2523 708 2794 778 ejusdem
2815 709 3098 781 operibus
3128 710 3446 783 desumpta
3466 717 3571 778 est,
3598 718 3862 786 tempore

490 794 711 850 scilicet
740 794 918 850 Alexii
952 794 1257 859 Comueni,
1290 796 1395 866 qui
1424 811 1585 852 anno
1616 796 1752 851 1116
1780 795 2032 852 ﬂorebat
2060 813 2074 863 ;
2102 812 2243 851 nam
2275 796 2365 851 his
2396 798 2594 852 verbis
2621 798 2801 853 series
2827 799 2933 854 illa
2964 806 3456 869 argumentorum
3487 801 3860 859 absolvitur:

493 904 517 933 α
546 884 727 955 quue
754 899 822 938 ex
854 884 1129 939 acumine
1162 884 1577 955 sapientissimi
1608 885 1981 957 imperatoris
2012 884 2204 942 Alexii
2236 886 2521 941 Comneni
2553 887 2939 957 prodiitzhac
2967 888 3125 943 enim
3153 890 3565 962 propositione
3596 908 3745 948 usus
3775 900 3861 949 est

490 988 627 1027 cum
653 978 863 1029 contra
885 973 1383 1028 Mediolanensem
1407 974 1757 1045 episcopum
1785 974 2115 1046 disputaret
2140 973 2263 1045 (hic
2291 979 2330 1029 t.
2361 973 2428 1039 ll,
2453 974 2567 1031 col.
2590 975 2787 1042 399.)»

562 1062 856 1117 Hactenus
886 1062 959 1116 de
989 1061 1271 1132 operibus
1294 1062 1477 1118 Photii
1507 1062 1878 1132 dogmaticis.

561 1151 754 1223 Opera
782 1152 909 1222 ejus
930 1151 1287 1222 paraenetica
1307 1150 1536 1207 edimus
1552 1168 1688 1224 quas
1714 1152 1841 1222 jam
1874 1151 2126 1223 pridem,
2154 1152 2310 1224 typis
2334 1153 2615 1210 mandata
2634 1153 2891 1211 fuerunt.
2917 1155 3208 1213 Nonnulla
3228 1156 3429 1214 adhuc
3459 1157 3520 1213 in
3553 1158 3850 1215 codicibus

487 1240 908 1312 manuscriptis
932 1240 1109 1295 latere
1132 1241 1425 1295 novimus.
1452 1242 1580 1306 Quo
1598 1246 1796 1296 autem
1815 1257 1917 1312 pro
1939 1240 2161 1296 viribus
2185 1241 2413 1298 utilitati
2439 1241 2699 1298 virorum
2720 1243 3036 1300 doctorum
3055 1245 3473 1309 inserviamus.
3505 1247 3854 1318 protulimus

491 1327 812 1383 Elenchum
836 1328 1216 1384 Homiliarum
1236 1328 1419 1384 Photii
1436 1345 1569 1401 quas
1591 1329 1650 1384 in
1671 1329 1975 1385 codicibus
2000 1330 2471 1403 Mosquensibus,
2500 1335 2643 1387 teste
2675 1332 3030 1389 Combeﬁsio
3057 1341 3369 1390 servantur
3398 1336 3519 1406 tm).
3542 1335 3855 1392 Elenchum

489 1416 644 1472 illum
659 1416 1014 1473 conferendo
1028 1434 1153 1473 cum
1168 1418 1359 1473 Indice
1377 1418 1557 1488 hujus
1574 1418 1881 1473 voluminis
1902 1419 2183 1487 lI,videbit
2201 1421 2601 1492 unusquisque
2619 1422 3021 1492 quothomiliaa
3040 1423 3224 1479 Photii
3241 1423 3430 1479 adhuc
3443 1424 3854 1482 desiderentur.

560 1506 825 1562 Homilies
868 1507 1071 1572 Photii,
1105 1508 1212 1562 etsi
1252 1508 1328 1563 ad
1362 1506 1481 1562 vim
1515 1513 1570 1564 et
1602 1508 1957 1578 elegantiam
2004 1508 2381 1565 homiliarum
2412 1515 2680 1566 veterum
2711 1511 2953 1568 Patrum
2985 1512 3231 1568 minime
3259 1514 3625 1586 pertingant,
3659 1521 3853 1572 tamen

488 1596 652 1651 omni
681 1597 887 1651 merito
919 1612 1033 1651 non
1065 1596 1479 1660 destituuntur,
1514 1598 1619 1651 sed
1643 1596 1774 1668 jure
1798 1597 2005 1653 merito
2037 1598 2391 1670 aequiparari
2420 1607 2671 1671 possunt
2702 1602 2934 1674 scriptis
2964 1603 3327 1673 optimorum
3362 1610 3680 1661 auctorum
3706 1605 3856 1660 illius

487 1686 688 1751 aetatis,
717 1701 803 1740 ex.
833 1700 919 1754 gr.
954 1684 1183 1755 Georgii
1211 1685 1698 1753 Nicomediensis,
1728 1688 1934 1743 Nicette
1961 1687 2359 1760 Paphlagonis
2389 1694 2444 1745 et
2492 1688 2703 1745 Leonis
2743 1691 3056 1763 Sapientis.
3096 1692 3357 1748 Aliorum
3397 1698 3597 1750 autem
3639 1694 3855 1766 scripta

486 1774 665 1843 longe
694 1780 995 1846 superant.

562 1866 642 1918 Ex
673 1863 834 1918 libris
862 1864 1045 1935 ligata
1072 1864 1338 1920 oratione
1371 1868 1426 1920 et
1454 1868 1630 1920 metro
1661 1863 1894 1936 scriptis
1928 1865 2107 1921 Photii
2129 1865 2458 1922 admodum
2479 1882 2676 1939 pauca
2697 1874 3049 1940 supersunt;
3079 1885 3190 1926 nec
3220 1875 3442 1927 certum
3468 1876 3553 1927 est
3576 1871 3848 1927 Photium

490 1952 708 2008 multos
748 1954 1075 2025 scripsisse.
1111 1954 1266 2009 Odas
1310 1969 1523 2009 novem
1569 1954 1860 2010 exstitisse
1888 1955 1951 2009 in
1997 1955 2131 2011 cod.
2166 1970 2277 2009 ms.
2308 1954 2544 2025 Collegii
2595 1955 3040 2014 Claromontani
3089 1959 3271 2015 Paris.
3322 1961 3449 2017 Soc.
3480 1959 3636 2030 Jesu,
3671 1959 3847 2015 tradit

490 2041 681 2097 Oudin
716 2041 775 2111 (t.
806 2043 873 2105 II,
907 2042 1017 2097 col.
1044 2042 1187 2112 206).
1215 2042 1568 2112 Collegimus
1599 2043 1797 2098 omnia
1817 2059 1954 2114 quas
1979 2044 2110 2115 jam
2143 2043 2327 2098 semel
2359 2045 2513 2115 typis
2538 2045 2821 2102 mandata
2847 2052 3006 2101 sunt.

558 2134 604 2184 Α
634 2146 756 2202 quo
786 2132 1195 2186 constituimus
1216 2130 1582 2198 Quaestiones
1614 2130 2139 2202 Amphilochianas
2165 2132 2339 2187 edere
2357 2133 2529 2202 juxta
2557 2135 2831 2190 ordinem
2852 2151 3033 2206 quem
3062 2135 3297 2193 exhibet
3320 2136 3512 2192 codex
3534 2135 3849 2191 Vaticanus

490 2219 649 2284 I923,
678 2219 828 2274 ordo
857 2218 1245 2289 epistolarum
1272 2235 1306 2273 a
1332 2220 1709 2281 Montacutio,
1732 2218 1811 2274 ob
1841 2220 2253 2276 auctoritatem
2282 2236 2373 2274 sui
2398 2221 2641 2291 codicis,
2671 2223 3004 2280 admodum
3037 2225 3264 2289 veteris,
3299 2230 3589 2289 servatus,
3621 2240 3659 2279 a
3683 2224 3851 2281 nobis

490 2306 713 2363 servari
732 2323 853 2363 non
877 2307 1080 2379 potuit,
1111 2324 1180 2363 eo
1202 2308 1367 2379 quod
1384 2309 1697 2378 sexaginta
1724 2315 1827 2363 aut
1846 2308 2073 2364 circiter
2095 2308 2372 2380 epistolae,
2387 2309 2567 2365 veluti
2590 2312 2955 2375 Quaestiones
2977 2313 3504 2384 Amphilochianm,
3531 2314 3589 2367 in
3614 2313 3851 2369 laudato

487 2396 692 2451 codice
710 2396 991 2452 Vaticano
1011 2396 1369 2451 inseruntur.
1391 2399 1621 2451 Novum
1639 2397 1838 2468 itaque
1855 2397 2125 2452 ordinem
2139 2397 2579 2469 adoptavimus,
2604 2404 2789 2456 totam
2813 2402 3024 2457 seriem
3048 2402 3437 2474 epistolarum
3453 2403 3511 2457 in
3534 2407 3655 2458 tres
3674 2402 3853 2457 libros

488 2484 838 2550 dividentes,
858 2500 1118 2556 quorum
1140 2484 1365 2555 primus
1379 2484 1659 2555 epistolas
1684 2486 1760 2539 ad
1780 2488 2098 2540 Romanum
2122 2487 2483 2557 pontiﬁcem,
2509 2488 2587 2543 ad
2610 2490 3004 2560 patriarchas,
3030 2491 3105 2547 ad
3129 2492 3731 2564 archiepiscopos,ad
3752 2493 3852 2547 im-

489 2578 790 2644 peratores
816 2578 870 2629 et
889 2576 964 2629 ad
980 2574 1277 2646 principes
1302 2590 1315 2639 ;
1336 2573 1652 2639 secundus,
1673 2573 1957 2645 epistolas
1979 2576 2053 2630 ad
2078 2576 2404 2647 episcOpos,
2425 2577 2687 2644 clericos,
2712 2580 3045 2636 monachos
3070 2585 3126 2635 et
3150 2580 3439 2637 moniales
3464 2600 3477 2648 ;
3498 2580 3704 2637 tertius
3730 2586 3851 2637 tau-

488 2662 627 2718 dem
649 2663 917 2734 epistolas
945 2663 1022 2718 ad
1048 2661 1253 2726 laicos,
1277 2661 1581 2727 ofﬁciales,
1605 2668 1659 2717 et
1687 2662 2057 2732 magistratus
2080 2665 2389 2721 saeculares
2411 2667 2840 2738 complectitur.
2866 2672 2945 2725 Ex
2976 2670 3173 2725 Indice
3200 2675 3395 2726 autem
3420 2671 3479 2725 in
3510 2686 3636 2742 quo
3664 2686 3853 2726 novus

488 2751 637 2807 ordo
668 2768 805 2807 cum
840 2751 1017 2807 veteri
1040 2756 1440 2823 comparatur,
1475 2751 1641 2807 facile
1672 2753 1779 2807 erit
1809 2752 2129 2825 unicuique
2159 2754 2220 2809 in
2250 2760 2451 2811 nostra
2472 2754 2725 2813 editione
2750 2759 3005 2830 reperire
3027 2759 3310 2831 epistolas
3343 2775 3479 2831 quae
3502 2759 3674 2831 juxta
3703 2759 3853 2816 ordi-

488 2855 627 2896 nem
652 2846 909 2897 veterem
936 2840 1155 2896 alicubi
1185 2840 1524 2897 laudantur.

560 2932 778 2986 Omnes
808 2930 1091 3003 epistolas
1122 2930 1307 2985 Photii
1331 2930 1619 2985 hactenus
1646 2930 1806 3002 typis
1829 2932 2182 2988 commissas
2210 2932 2462 2999 edimus,
2497 2939 2712 3006 praeter
2740 2951 2921 2991 unam
2947 2935 3024 2991 ad
3046 2936 3417 3007 patriarchas
3446 2935 3773 2991 Orientales
3796 2940 3851 2991 et

490 3020 894 3075 OEconomum
927 3019 1357 3075 Antiochenum
1389 3035 1523 3091 qum
1555 3018 1761 3091 incipit
1793 3042 1805 3074 :
1840 3025 2066 3091 Μεγίστο

2272 3023 2467 3089 ἰνωθεν,
2503 3040 2628 3094 quae
2665 3024 2849 3079 semel
2878 3024 3037 3081 edita
3068 3030 3157 3081 est
3182 3042 3218 3081 a
3240 3025 3520 3082 Dositheo
3540 3026 3601 3081 in
3621 3024 3848 3080 rarissi-

487 3124 579 3165 mo
618 3108 925 3165 volumine
963 3108 1130 3181 quod
1157 3108 1495 3165 inscribitur
1528 3124 1539 3164 ε
1572 3113 1737 3181 Τόμος
1766 3116 1960 3183 χαρᾶς,
2005 3115 2060 3167 et
2092 3110 2268 3167 nullis
2298 3113 2601 3184 expensis,
2632 3112 2796 3170 nulla
2827 3115 3083 3185 praestita
3113 3115 3417 3186 diligentia
3454 3114 3727 3172 obtinere
3759 3113 3850 3169 vel

484 3197 780 3271 inspicere
805 3198 1133 3270 potuimus.

556 3286 757 3341 Finem
776 3287 1037 3358 epistolae
1063 3292 1096 3340 2
1118 3288 1195 3341 ad
1222 3286 1526 3342 Nicolaum
1560 3288 1601 3350 Ι,
1621 3303 1802 3359 quem
1821 3288 1999 3343 Graeci
2028 3294 2460 3355 resecaverant,
2485 3294 2631 3363 quia
2654 3293 3067 3348 auctoritatem
3087 3297 3308 3349 sanctae
3326 3292 3487 3348 sedis
3507 3291 3848 3365 apostolicis

489 3391 827 3446 supremam
846 3375 1079 3439 asserit,
1103 3375 1273 3429 nobis
1296 3375 1700 3447 suppeditavit
1724 3377 1887 3432 card.
1908 3377 2015 3433 Mai
2032 3378 2091 3433 in
2117 3379 2285 3435 Nova
2306 3380 2598 3438 Biblioth.
2626 3381 2892 3449 Patrum,
2916 3386 2955 3437 t.
2980 3382 3069 3437 1V.
3090 3381 3566 3439 Translationem
3582 3383 3848 3439 Latinam

488 3463 781 3534 integram
808 3480 842 3519 a
868 3463 1129 3520 Baronio
1158 3463 1519 3535 accepimus.

1303 3553 1416 3608 Vll.
1451 3584 1518 3592 —
1555 3554 1635 3609 De
1660 3553 1828 3608 tertio
1858 3559 1913 3609 et
1941 3560 2153 3625 quarto
2185 3557 2479 3613 volumine
2508 3556 2683 3626 hujus
2716 3558 3010 3615 editionis.

558 3645 711 3699 Inter
740 3657 923 3715 opera
951 3640 1229 3697 historica
1261 3642 1443 3696 Photii
1468 3642 1877 3698 recensuimus
1910 3644 2336 3701 Bibliothecam
2369 3645 2418 3717 ej
2431 3663 2520 3711 us,
2552 3646 2698 3718 quia
2724 3647 2795 3702 ad
2820 3649 3130 3705 historiam
3160 3648 3539 3713 litterariam,
3564 3652 3633 3705 ut
3667 3647 3848 3712 aiunt,

486 3733 758 3807 pertinet.
793 3734 956 3803 Opus
990 3732 1215 3801 grande
1244 3737 1299 3785 et
1324 3730 1617 3786 eruditum
1646 3747 1712 3786 ex
1742 3731 1983 3803 optimis
2028 3732 2388 3789 editionibus
2416 3734 2511 3790 hic
2553 3736 2896 3806 repetimus.
2928 3738 3168 3793 Textum
3217 3736 3487 3792 Graecum
3518 3753 3554 3792 a.
3581 3738 3849 3793 Bekkero

487 3821 873 3878 emendatum
900 3825 957 3876 et
988 3819 1234 3874 Berolini
1267 3834 1425 3875 anno
1461 3820 1595 3875 1824
1625 3820 1985 3891 impressum
2015 3821 2398 3889 obtinuimus,
2433 3824 2525 3879 cui
2557 3824 3002 3881 translationem
3029 3826 3297 3882 Latinam
3323 3829 3455 3881 Ant.
3492 3825 3741 3883 Schotto
3767 3842 3852 3882 as-

488 3911 791 3983 scriptam,
815 3910 921 3965 etsi
951 3908 1142 3979 ipsius
1165 3924 1286 3963 non
1318 3909 1410 3972 sit,
1440 3908 1808 3976 addidimus,
1830 3910 1972 3981 quia
1994 3909 2296 3966 meliorem
2328 3928 2516 3983 neque
2538 3914 2830 3969 conﬁcere
2851 3930 3045 3987 neque
3065 3915 3319 3986 reperire
3347 3915 3672 3986 potuimus.
3708 3916 3852 3971 Tex-

486 4003 613 4057 tum
643 4004 841 4054 autem
867 3998 1157 4068 integrum
1190 3998 1426 4061 damus,
1459 3997 1561 4052 etsi
1582 4004 1860 4069 excerpta
1888 4000 2172 4055 nonnulla
2194 4012 2457 4055 veterum
2488 4005 2801 4057 auctorum
2836 4003 2955 4057 suis
2976 4003 3122 4059 locis
3143 4004 3275 4075 jam
3302 4020 3337 4060 a
3358 4003 3533 4059 nobis
3554 4004 3852 4076 impressa

488 4088 722 4145 fuerint.
756 4088 883 4143 Non
914 4086 1163 4143 decebat
1191 4086 1370 4143 enim.
1404 4086 1483 4141 ob
1534 4087 1742 4143 breves
1774 4092 1830 4143 et
1878 4104 2103 4160 paucas
2137 4089 2541 4160 repetitiones,
2569 4107 2722 4162 opus
2754 4092 2899 4147 tanti
2948 4093 3231 4149 momenti
3264 4092 3551 4158 scindere,
3583 4099 3646 4148 et
3680 4091 3853 4164 quasi

488 4177 901 4249 imperfectum
930 4176 1121 4230 doctis
1143 4174 1283 4229 viris
1308 4172 1537 4229 offerre.

558 4270 765 4324 Utrum
812 4264 1163 4320 Bibliotheca
1205 4263 1417 4331 Photii,
1449 4263 1644 4335 qualis
1675 4280 1833 4319 nunc
1862 4264 2137 4331 habetur,
2168 4270 2288 4321 tota
2318 4282 2354 4321 a
2400 4267 2605 4324 Photio
2646 4268 2779 4341 ipso
2834 4269 3049 4340 scripta
3082 4270 3202 4324 sit?
3231 4284 3307 4325 an
3338 4269 3511 4325 fuerit
3534 4267 3849 4339 posteriori

487 4361 652 4414 (etate
683 4354 1056 4428 interpolata,
1089 4358 1155 4408 ut
1171 4352 1527 4424 suspicatur,
1554 4353 1615 4408 in
1642 4354 1795 4408 notis
1826 4354 1946 4409 suis
1976 4356 2052 4410 ad
2086 4355 2331 4411 Suidam
2361 4356 2666 4423 Kusterus,
2700 4358 2863 4429 apud
2891 4360 2939 4413 Ι.
2966 4364 3031 4412 Α.
3067 4357 3420 4423 Fabricium,
3450 4358 3611 4413 Bibt.
3654 4357 3847 4414 Graec.

486 4448 560 4504 ed
585 4447 809 4503 Harles.
850 4450 887 4499 t.
914 4446 974 4507 Χ,
1003 4460 1057 4515 p.
1092 4443 1196 4499 680
1222 4442 1249 4497 Ὺ
1272 4457 1392 4497 non
1418 4447 1506 4498 est
1533 4442 1712 4513 hujus
1743 4443 1855 4499 loci
1884 4444 2198 4515 inquirere.

557 4536 707 4601 Quia
720 4534 1093 4590 Bibliotheca
1113 4532 1296 4588 Photii
1313 4532 1487 4586 unius
1500 4531 1820 4587 voluminis
1834 4533 2022 4604 spatio
2035 4534 2318 4590 contineri
2336 4550 2452 4590 non
2473 4536 2979 4608 potuit,majorem
2996 4536 3266 4608 ejusdem
3284 4541 3516 4608 partem
3532 4536 3591 4590 in
3613 4553 3741 4609 qua
3758 4552 3851 4593 co-

485 4624 600 4681 dex
622 4623 851 4695 primus
877 4628 932 4677 et
962 4628 1277 4694 sequentes
1302 4621 1381 4677 ad
1406 4622 1888 4678 ducentesimum
1918 4622 2443 4694 quadragesimum
2477 4641 2707 4681 nonum
2733 4633 3133 4693 recensentur,
3164 4625 3332 4681 tertio
3356 4624 3536 4695 hujus
3566 4625 3851 4682 editionis

483 4711 788 4771 volumine
810 4710 1233 4783 descripsimus
1263 4729 1275 4777 ;
1305 4711 1553 4767 alteram
1575 4727 1715 4766 vero
1742 4716 1993 4783 partem,
2012 4712 2070 4767 in
2088 4729 2211 4784 qua
2236 4712 2420 4769 codex
2444 4714 2886 4771 ducentesimus
2909 4716 3848 4788 quinquagesimusetsequentes

483 4818 678 4876 usque
709 4801 785 4856 ad
815 4798 996 4855 ﬁnem
1023 4799 1222 4870 operis
1252 4805 1648 4865 recensentur,
1678 4800 1844 4855 initio
1876 4801 2196 4857 voluminis
2226 4804 2422 4872 quarti
2451 4803 2896 4860 collocavimus.
2919 4803 3205 4860 Volumen
3237 4808 3514 4875 quartum
3541 4805 3852 4875 perﬁcient

482 4907 662 4965 opera
687 4888 977 4946 canonica
993 4888 1207 4953 Photii,
1234 4887 1454 4959 quibus
1483 4888 1789 4956 Monitum,
1812 4888 1909 4944 hic
1933 4904 2053 4945 non
2078 4892 2489 4962 repetendum,
2523 4894 2941 4964 prtemisimus.

552 4981 823 5036 Dicemus
847 4982 1046 5033 tamen
1066 4976 1161 5031 hic
1184 4976 1899 5048 praetermittisynagogen
1916 4993 2221 5035 canonum
2237 4997 2368 5052 quae
2390 4983 2796 5054 opportunius
2819 4999 2956 5038 cum
2979 4981 3435 5039 Commentariis
3457 4981 3848 5048 Balsamonis,

481 5072 727 5127 Zonarm
760 5076 814 5124 et
860 5064 1131 5131 Aristeni,
1164 5065 1313 5121 inter
1352 5065 1570 5137 scripta
1609 5065 1802 5122 saeculi
1840 5083 1939 5122 xm
1968 5068 2174 5124 edetur
2203 5086 2216 5135 ;
2250 5070 2355 5125 sed
2386 5070 2728 5127 recudimus
2766 5072 3095 5144 Syntagma
3141 5087 3428 5127 canonum
3469 5074 3524 5127 et
3564 5071 3853 5127 Nomoca—

480 5176 707 5224 nonem,
751 5158 810 5212 in
839 5172 911 5212 ea
936 5154 1149 5221 forma,
1187 5160 1341 5211 eteo
1386 5154 1593 5210 ordine
1633 5156 1853 5228 quibus
1881 5157 1958 5213 ab
2001 5156 2131 5229 ipso
2164 5158 2373 5215 Photio
2418 5160 2749 5232 composita
2791 5160 2974 5217 fuisse
3014 5160 3316 5217 videntur.
3369 5160 3519 5225 Quia
3552 5164 3757 5214 tamen
3793 5160 3851 5213 in

478 5252 574 5307 his
598 5245 1045 5305 collectionibus
1071 5242 1455 5300 conﬁciendis
1480 5249 1682 5300 auctor
1706 5246 1918 5303 eadem
1944 5247 2296 5305 documenta
2321 5248 2540 5320 pluries
2560 5249 2798 5321 profert,
2830 5255 3018 5306 textus
3044 5248 3228 5305 semel
3251 5248 3465 5317 editos,
3495 5264 3618 5304 non
3642 5248 3855 5320 repeti-

478 5356 617 5399 mus
644 5337 771 5394 aliis
798 5336 964 5403 locis,
997 5335 1101 5391 sed
1127 5334 1227 5390 ubi
1256 5335 1497 5407 reperiri
1524 5334 1750 5406 possint
1779 5342 2053 5394 accurate
2085 5337 2443 5393 indicamus.

554 5426 772 5485 Seriem
787 5440 1032 5497 operum
1051 5424 1476 5479 canonicorum
1494 5422 1684 5479 Photii
1706 5423 1988 5483 claudunt
2007 5429 2362 5495 Erotemata,
2378 5444 2483 5483 seu
2504 5427 2998 5498 interrogationes
3019 5430 3079 5493 X,
3109 5428 3172 5484 in
3191 5427 3415 5501 quibus
3435 5430 3636 5484 auctor
3662 5425 3855 5499 depo-

480 5518 755 5576 sitionem
787 5530 960 5570 suam
984 5528 1015 5570 e
1065 5512 1205 5567 sede
1237 5510 1617 5585 patriarchali
1639 5511 1922 5584 injustam
1954 5514 2135 5571 fuisse
2162 5516 2575 5573 demonstrare
2615 5523 2883 5587 conatur,
2920 5517 3284 5589 argumentis
3330 5515 3652 5577 indirectis,
3717 5530 3849 5570 nec.

550 5664 624 5736 (t)
666 5659 909 5742 Graeciaa
930 5656 1291 5722 orthodoxa,
1325 5660 1365 5711 t.
1391 5658 1524 5783 l,_p.
1560 5657 1658 5713 154
1695 5661 1751 5712 et
1781 5673 1908 5740 seq.
1933 5660 2153 5715 Comm.
2178 5660 2257 5740 ode
2287 5659 2507 5742 Script.
2540 5661 2681 5717 ecct.
2711 5664 2753 5717 t.
2788 5660 2853 5727 II,
2887 5659 2999 5717 col.
3034 5661 3158 5716 210.

551 5733 653 5783 tml
688 5731 884 5783 Alium
912 5728 1257 5783 Catalogum
1293 5730 1463 5783 Homi
1490 5744 1687 5783 larum
1710 5729 1902 5783 Photii
1935 5731 2278 5783 suppeditat
2309 5730 2599 5783 Oudinus.

551 5728 653 5811 (νὴ)
687 5731 884 5790 Alium
912 5728 1257 5800 Catalogum
1293 5728 1687 5786 Homiliarum
1710 5728 1902 5787 Photii
1935 5730 2278 5803 suppeditat
2309 5728 2599 5788 Oudinus.
