3992 6182
1347 326 1737 384 PRIEFATIO
1776 326 1846 382 IN
1888 323 2121 381 PHOTII
2163 322 2419 379 OPERA.

1982 323 2121 380 OTlI
2163 322 2419 379 OPERA.
3337 365 3350 379 .
3503 347 3558 388 ιχ

175 461 329 517 bene
361 457 619 516 selectis.
652 454 1026 530 Opusculum
1045 455 1161 512 hoc
1179 452 1604 509 brevissimum
1636 451 1871 523 primus
1893 450 1954 505 in
1983 449 2179 505 lucem
2209 447 2500 518 protraxit
2526 447 2770 505 Fontani
2795 449 2880 519 (in
2901 449 3085 507 Novis
3115 450 3344 508 deliciis
3365 457 3566 511 erudi-

179 558 391 612 torum,
428 552 470 603 t.
515 548 557 612 l,
588 561 647 618 p.
675 547 789 614 20),
825 544 930 617 qui
961 560 1099 600 cum
1121 543 1321 598 furore
1357 539 1777 605 Jansenistico,
1809 544 1866 595 et
1905 538 2161 610 pessimo
2190 536 2421 593 inﬂuxu
2444 537 2646 608 legum
2675 537 3260 596 antichristianarum
3293 542 3566 603 obcaeca-

180 643 351 701 retur,
404 637 606 693 eidem
646 632 881 690 addidit
920 631 1332 704 praefationem
1377 635 1433 686 et
1467 634 1658 693 notas,
1702 644 1826 684 non
1864 633 2090 684 tantum
2133 626 2462 692 sacerdote,
2508 627 2614 682 sed
2655 627 2868 699 quovis
2895 627 3231 686 Christiano
3261 629 3565 703 indignas.

183 729 284 785 Eas
309 725 549 781 nullius
581 723 770 792 frugis
803 737 934 778 esse
961 719 1347 785 credidimus,
1375 735 1445 774 ac
1477 717 1726 790 proinde
1757 716 2113 788 abjecimus.

250 817 473 872 Caetera
499 813 724 884 scripta
749 811 1044 868 canonica
1069 808 1260 864 Photii
1291 808 1500 864 merito
1530 806 1736 862 laudat
1762 806 2147 861 doctissimus
2170 807 2216 860 .l.
2249 805 2307 860 S.
2332 804 2653 859 Assemani
2686 804 2742 859 in
2762 807 2911 862 Jure
2941 823 3049 861 suo
3082 822 3218 864 can.
3249 808 3564 878 Orientali,

201 905 297 968 t.l,
327 921 387 975 p.
433 904 506 956 55
531 906 589 956 et
615 917 770 972 seq.,
819 899 917 955 ubi
949 897 1206 954 ostendit
1226 895 1439 968 quanti
1477 895 1605 951 haec
1627 895 1844 966 scripta
1871 893 2070 949 fecerit
2113 893 2448 960 Balsamon,
2491 893 2738 962 insignis
2772 895 3108 950 Graecorum
3141 897 3475 964 canonista,
3509 904 3566 955 et

203 998 310 1049 tota
349 989 618 1047 Ecclesia
648 988 982 1052 Orientalis,
1023 1003 1159 1059 quin
1195 986 1258 1040 in
1304 984 1527 1040 tuenda
1565 982 1889 1055 disciplina
1929 982 2349 1046 ecclesiastica,
2391 981 2689 1054 praecipue
2734 982 3041 1038 codicibus
3082 984 3290 1051 Photii,
3339 988 3566 1043 caeteris

194 1079 488 1151 neglectis,
519 1094 630 1134 usa
659 1082 768 1134 est.
799 1076 1080 1132 Notitiam
1106 1074 1418 1130 Assemani
1445 1072 1706 1144 complet
1731 1071 1999 1144 praefatio
2021 1087 2058 1127 a
2082 1071 2250 1126 card.
2284 1071 2389 1127 Mai
2413 1071 2801 1141 Syntagmali
2822 1073 3150 1142 praemissa,
3173 1089 3358 1145 quam
3385 1075 3567 1132 lector

192 1183 292 1224 suo
320 1167 462 1223 loco
487 1165 763 1238 reperiet.

253 1258 316 1311 Et
342 1255 480 1310 hinc
510 1255 587 1310 de
621 1253 812 1309 Photii
840 1253 1075 1324 scriptis
1105 1267 1139 1308 a
1170 1251 1345 1308 nobis
1375 1249 1546 1306 editis
1577 1247 1736 1303 dicta
1761 1247 1896 1302 sint.

253 1343 422 1397 Nunc
455 1342 531 1398 de
558 1341 882 1414 deperditis
908 1339 1338 1412 praetermissis,
1366 1338 1622 1402 ineditis,
1655 1340 1756 1392 aut
1785 1335 1935 1390 falso
1963 1335 2235 1406 ascriptis
2269 1335 2435 1391 libris
2469 1352 2666 1408 pauca
2695 1337 3083 1393 admouenda
3115 1345 3454 1410 supersunt.

834 1429 984 1484 VIII.
1024 1461 1089 1470 —
1131 1431 1214 1486 De
1238 1428 1514 1497 operibus
1545 1425 1748 1482 Photii
1773 1425 2115 1494 deperditis,
2145 1426 2562 1493 pratermissis
2588 1431 2639 1480 et
2672 1427 2930 1482 inaditis.

256 1526 312 1574 10
352 1519 601 1574 Photius
633 1518 863 1590 scripsit
891 1521 1026 1573 acta
1050 1518 1256 1573 ﬁctitia
1285 1515 1518 1572 concilii
1545 1513 1922 1582 meumenici,
1952 1513 2117 1585 quod
2148 1529 2462 1584 nunquam
2487 1520 2879 1570 convocatum
2909 1515 3035 1570 fuit.
3061 1517 3132 1570 lis
3158 1515 3318 1572 mille
3341 1516 3569 1574 circiter

188 1608 654 1678 subscriptiones
683 1606 856 1662 ﬁctas
885 1606 1135 1672 addidit,
1165 1611 1227 1661 ut
1251 1610 1453 1662 narrat
1477 1603 1826 1659 Anastasius
1849 1601 2333 1658 Bibliothecarius
2355 1618 2537 1674 supra
2561 1601 2856 1658 laudatus.
2889 1603 2994 1660 Illa
3015 1609 3150 1660 acta
3176 1620 3314 1660 cum
3335 1605 3392 1659 in
3418 1605 3568 1662 duo-

185 1697 295 1752 bus
336 1695 657 1752 codicibus
686 1695 1147 1766 elegantissimis
1177 1699 1235 1750 et
1261 1693 1508 1765 depictis
1539 1693 1761 1764 scripta
1788 1691 2064 1759 fuissent,
2096 1691 2156 1745 in
2188 1691 2438 1746 concilio
2470 1708 2567 1746 Vlll
2595 1691 2830 1763 publice
2865 1691 3128 1748 ﬂammis
3161 1693 3373 1749 tradita
3404 1699 3564 1760 sunt,

188 1801 254 1840 ac
278 1784 540 1855 proinde
571 1799 696 1840 non
726 1787 985 1839 exstant.

253 1877 308 1927 2°
350 1874 600 1930 Photius
617 1890 690 1929 ex
713 1874 908 1945 capite
939 1888 1048 1929 suo
1063 1872 1404 1944 composuit
1427 1875 1575 1927 Acta
1596 1870 1826 1927 concilii
1853 1869 2020 1942 quod
2044 1870 2214 1940 tingit
2233 1885 2393 1925 anno
2421 1869 2522 1924 878
2541 1869 2905 1926 celebratum
2929 1870 3110 1927 fuisse
3128 1887 3332 1928 coram
3355 1872 3568 1944 legatis

190 1964 438 2019 Romani
454 1962 758 2029 pontiﬁcis
776 1967 832 2018 et
851 1965 1202 2017 casterorum
1226 1960 1690 2032 patriarcharum
1711 1959 1960 2016 Orientis
1976 1965 2034 2014 et
2054 1959 2303 2030 Egypti.
2323 1959 2681 2030 Quanquam
2697 1969 2839 2014 tunc
2869 1959 3140 2030 synodus
3155 1961 3354 2017 habita
3375 1961 3567 2027 fuerit,

191 2059 343 2107 certo
357 2052 576 2106 certius
588 2067 661 2106 ea
675 2051 925 2106 minime
948 2050 1068 2120 egit
1089 2049 1179 2104 vel
1204 2049 1488 2115 toleravit,
1513 2064 1649 2120 quae
1681 2065 1816 2104 eam
1843 2047 2036 2118 egisse
2055 2054 2110 2102 et
2125 2047 2405 2102 tolerasse
2422 2054 2625 2102 narrat
2647 2047 2908 2104 Photius.
2928 2051 3089 2105 lianc
3105 2049 3287 2106 Photii
3315 2052 3571 2122 pseudo-

197 2137 492 2209 synodum
521 2139 706 2195 Graeci
740 2153 849 2208 pro
879 2144 1092 2194 octavo
1117 2137 1366 2193 concilio
1389 2137 1760 2192 mcumenico
1781 2136 2024 2203 habent,
2053 2135 2369 2207 repudiato
2392 2142 2599 2192 octavo
2621 2136 2874 2192 concilio
2907 2153 3066 2204 vero,
3098 2138 3157 2192 in
3185 2155 3306 2209 quo
3332 2139 3572 2195 Photius

196 2226 493 2298 depositus
515 2232 573 2282 et
594 2227 1154 2282 excommunicatus
1175 2231 1281 2282 est.
1307 2225 1582 2282 Nonnulli
1608 2232 1808 2281 tamen
1825 2240 1934 2280 nec
1955 2239 2165 2278 verum
2182 2223 2499 2278 concilium
2521 2240 2637 2292 Vill,
2657 2225 2798 2279 anni
2814 2226 2939 2288 869,
2965 2241 3074 2280 nec
3091 2225 3365 2280 ﬁctitium
3384 2226 3572 2282 Photii

193 2316 331 2370 anni
344 2317 444 2370 878
457 2313 1135 2386 receperunt,siquidem
1149 2315 1448 2385 synodum
1465 2313 1862 2370 Florentinam
1877 2311 2318 2367 mcumenicum
2331 2311 2648 2368 concilium
2663 2318 2872 2376 octavu
2883 2329 2942 2368 m
2956 2313 3262 2384 appellent.
3273 2314 3365 2368 Sic
3378 2329 3573 2386 neque

198 2403 420 2458 concilii
437 2403 1044 2472 Lugdunensisu,nec
1067 2404 1161 2458 Vie
1178 2403 1562 2468 unensis,nec
1578 2401 2061 2457 Lateranensium
2085 2399 2269 2458 ullam
2291 2405 2574 2456 rationem
2598 2401 2964 2468 habent;sed
2987 2401 3285 2458 immerito
3309 2408 3370 2458 ut
3390 2407 3571 2474 patet.

262 2493 408 2546 Acta
432 2491 887 2562 pseudosynodi
913 2491 1100 2546 Photii
1133 2491 1272 2547 anni
1299 2495 1420 2556 878,
1438 2491 1549 2546 etsi
1566 2490 1769 2545 ﬁctitia
1786 2491 1917 2555 sint,
1932 2506 2004 2544 ex
2021 2489 2227 2545 codice
2252 2489 2702 2555 Vaticano,cum
2728 2490 3121 2561 permissione
3141 2491 3458 2547 Clementis
3473 2492 3570 2556 XI,

199 2586 255 2633 ut
285 2596 472 2652 supra
495 2580 631 2650 jam
655 2580 1021 2646 notavimus,
1063 2596 1100 2636 a
1126 2579 1187 2634 P.
1223 2579 1529 2635 Harduino
1555 2580 1710 2634 edita
1739 2585 1876 2633 sunt
1905 2595 1918 2645 ;
1961 2579 2069 2634 sed
2101 2579 2242 2651 quia
2278 2579 2430 2635 inter
2455 2582 2600 2636 Acta
2629 2580 3016 2636 conciliorum
3045 2581 3342 2653 propriam
3361 2580 3570 2637 sedem

195 2667 437 2734 habent,
461 2675 520 2723 et
540 2667 621 2723 ab
647 2667 860 2723 iisdem
875 2668 959 2738 sej
971 2669 1113 2738 ungi
1144 2683 1266 2724 non
1297 2674 1568 2741 possunt,
1587 2667 1798 2723 eadem
1825 2667 1920 2724 hic
1943 2667 2456 2740 prmtermisimus.
2483 2669 2695 2739 Supra,
2720 2669 2894 2725 variis
2914 2669 3290 2740 argumentis
3308 2669 3577 2726 ostendi-

197 2772 327 2812 mus
357 2763 498 2812 Acta
537 2756 639 2812 illa
678 2772 801 2812 non
841 2756 1124 2826 genuina,
1157 2756 1265 2811 sed
1293 2772 1455 2812 mere
1484 2755 1688 2812 ﬁctilia
1726 2771 1876 2812 esse.

268 2845 329 2898 3ο
354 2845 541 2900 Photii
572 2845 921 2916 Synagogen
961 2861 1247 2901 canonum
1285 2845 1600 2901 omisimus
1616 2845 1695 2900 ob
1727 2861 1944 2901 causas
1974 2860 2128 2916 quas
2159 2859 2343 2915 supra
2383 2844 2816 2914 allegavimus.

271 2934 332 2986 4ο
362 2933 600 2997 Photius
631 2935 865 3006 scripsit
895 2933 1175 2990 homilias
1217 2934 1505 3006 plurimas
1544 2949 1804 3006 quorum
1830 2933 2143 2989 elenchum
2169 2949 2240 2988 ex
2272 2934 2629 2990 Combeﬁsio
2655 2933 2967 2990 edidimus.
2999 2935 3333 3000 Quominus
3355 2951 3572 2992 omnes

209 3019 515 3077 ederemus
544 3022 707 3078 nulla
730 3023 848 3078 alia
877 3039 1059 3079 causa
1087 3023 1212 3094 fuit,
1239 3039 1425 3095 quam
1453 3022 1618 3094 quod
1639 3021 1872 3077 nullum
1894 3021 2201 3093 exemplar
2226 3037 2424 3078 earum
2454 3022 2624 3078 nobis
2653 3038 3006 3094 comparare
3031 3023 3426 3094 potuerimus.

289 3108 354 3162 ‘50
374 3110 604 3165 Photius
621 3111 836 3167 dicitur
861 3112 936 3166 de
952 3112 1110 3167 cultu
1130 3113 1230 3168 SS.
1255 3111 1590 3183 imaginum
1609 3112 1938 3184 scripsisse,
1967 3110 2071 3164 sed
2089 3111 2364 3180 ejusdem
2387 3110 2590 3182 scripti
2608 3110 2837 3166 nullum
2859 3110 3168 3179 vestigium
3183 3109 3405 3178 inveni,
3431 3126 3575 3181 pree-

221 3201 301 3251 ter
329 3197 549 3253 titulum
577 3206 946 3272 sequentem,
970 3217 1148 3274 quem
1175 3199 1445 3265 Bandini,
1472 3201 1530 3254 in
1559 3199 1748 3257 Catal.
1785 3197 2050 3254 biblioth.
2075 3200 2357 3254 Laurent.
2391 3199 2656 3255 Floreat.
2689 3203 2725 3252 t.
2759 3200 2804 3266 Ι,
2833 3213 2890 3269 p.
2916 3198 3040 3262 434,
3070 3198 3277 3254 recitat
3306 3215 3318 3253 :
3350 3202 3576 3272 Χρήσιις

211 3289 341 3339 κατὰ
393 3288 762 3361 Εἰκονομάχων
815 3288 870 3342 ἐκ
928 3298 1027 3342 τῶν
1091 3290 1515 3364 συγγραμμάτων
1565 3292 1868 3362 Νικηφόρον
1927 3293 2016 3339 καὶ
2090 3291 2312 3354 Φωτίου,
2380 3297 2479 3339 τῶν
2564 3295 2906 3362 πατριαρχῶν
2991 3288 3575 3350 Κωνσταντινουπόλεως

205 3381 292 3428 καὶ
323 3373 599 3450 Θεοδώρου
621 3375 896 3433 Στυδίτου.
920 3379 1066 3435 Hinc
1089 3395 1234 3435 sane
1265 3395 1444 3435 nemo
1474 3377 1712 3448 colliget
1737 3379 1781 3432 PL

2003 3397 2011 3432 L
2038 3390 2118 3434 ex
2144 3376 2439 3434 industria
2457 3377 2530 3432 de
2552 3376 2817 3433 colendis
2841 3376 3207 3448 imaginibus
3245 3377 3579 3450 scripsisse.

202 3464 344 3522 Fieri
377 3467 534 3521 enim
558 3467 746 3538 potuit
773 3473 837 3522 ut
857 3484 929 3522 ex
956 3467 1114 3524 libris
1138 3485 1294 3540 quos
1322 3468 1395 3524 de
1422 3467 1539 3522 alio
1566 3471 1921 3536 argumento
1942 3471 2310 3531 exaraverat,
2339 3467 2474 3538 quis
2498 3471 2720 3538 χρήσεις
2748 3465 2878 3522 illas
2908 3466 3331 3537 composuerit.

268 3555 331 3608 ϐο
355 3555 561 3611 Nescio
584 3571 662 3612 an
687 3572 723 3610 a
746 3555 894 3612 libro
923 3573 960 3612 a
982 3558 1254 3613 Dandino
1275 3561 1478 3613 notato
1505 3557 1778 3611 diversus
1799 3554 1873 3610 sit
1891 3553 1986 3610 ille
2014 3571 2197 3626 quem
2231 3553 2608 3620 Lambecius,
2627 3556 2688 3610 in
2719 3556 3039 3610 Comment.
3063 3556 3124 3610 in
3153 3554 3314 3610 Bibl.
3334 3555 3578 3611 Vindob.

201 3642 296 3698 ed.
344 3644 606 3713 Kollarii,
638 3646 700 3700 it.
729 3647 816 3710 IV,
844 3661 902 3717 p.
927 3645 1052 3708 335,
1080 3645 1158 3700 ad
1184 3645 1316 3701 cod.
1357 3647 1473 3710 157,
1508 3661 1567 3700 n.
1596 3645 1649 3709 5,
1682 3644 1761 3700 ita

1999 3649 2040 3699 δι
2067 3663 2079 3699 :
2107 3649 2304 3698 Φωτίου
2336 3647 2671 3718 πατριάρχου
2720 3649 2809 3696 καὶ
2841 3640 3130 3717 Θιωδώρου
3157 3652 3249 3696 τοῦ
3298 3641 3575 3698 Στυδίτον.

199 3731 360 3784 Εὶκὼν
412 3732 618 3803 λέγεται
681 3735 822 3806 παρὰ
889 3737 945 3786 τὸ
993 3737 1170 3786 ἔοικεν·
1231 3734 1351 3786 ἄλλο
1411 3730 1469 3786 δὲ
1528 3737 1720 3806 φυσικὴ
1770 3755 1775 3783 ι

2003 3737 2079 3784 καὶ
2134 3732 2257 3784 ἄλλο
2312 3738 2596 3804 μιμητικήο
2653 3753 2704 3784 κ.
2746 3752 2795 3787 τ.
2828 3732 2875 3785 λ.
2924 3755 2943 3781 ι
3000 3733 3188 3788 Photii
3223 3732 3579 3804 patriarcha

202 3819 310 3877 (ΖΡ.
341 3821 701 3878 etTheodori
735 3822 981 3879 Studitae
1009 3824 1348 3879 testimonia
1363 3823 1436 3878 de
1465 3823 1652 3878 sacris
1675 3821 2037 3892 imaginibus
2059 3826 2115 3876 et
2134 3821 2209 3876 de
2240 3821 2574 3878 differentia
2601 3821 2752 3878 inter
2776 3837 2977 3878 sacras
2999 3821 3292 3892 imagines
3315 3825 3372 3877 et
3402 3820 3583 3878 idola.

269 3915 331 3962 7°
355 3909 640 3966 Senebicr
668 3910 724 3965 in
750 3910 1076 3981 Catalogue
1100 3911 1369 3968 raisonne’
1383 3912 1484 3967 des
1508 3912 1861 3968 manuscrits
1874 3911 1945 3967 de
1973 3907 2213 3976 Genéve,
2248 3911 2285 3964 P
2307 3914 2394 3976 42,
2417 3911 2669 3976 Geneve,
2702 3911 2836 3966 1779
2859 3911 2980 3981 (ap.
3005 3913 3051 3966 .l.
3074 3912 3139 3964 A.
3169 3909 3399 3966 Fabric.
3426 3909 3581 3967 Bibl.

205 3998 307 4053 Gr.
353 4003 397 4054 t.
431 3999 526 4063 XI,
557 4015 611 4067 p.
647 3998 754 4064 19),
783 3999 991 4055 laudat
1023 3999 1209 4054 Photii
1242 3999 1525 4056 Homilias
1559 4001 1698 4067 tres,
1732 4005 1787 4055 et
1827 3999 2166 4068 fragmenta
2203 3999 2402 4070 scripti
2440 3999 2759 4069 cujusdam
2791 4004 2999 4055 contra
3021 3998 3395 4068 Manichmos,
3421 3997 3584 4071 quod

211 4092 407 4142 utrum
435 4085 674 4142 differat
706 4103 743 4143 a
767 4087 928 4142 libris
956 4088 1220 4144 secundo
1258 4088 1558 4144 volumine
1600 4088 1779 4160 hujus
1819 4087 2093 4144 editionis
2123 4087 2298 4143 editis
2325 4103 2532 4152 necne,
2580 4087 2868 4158 indagare
2907 4103 3030 4144 non
3094 4088 3281 4159 potui,
3324 4091 3382 4142 et
3436 4087 3583 4144 mihi

201 4175 636 4246 incompertum
669 4181 783 4231 est.

278 4265 340 4317 8ο
374 4267 592 4334 Ignoro
632 4265 850 4336 pariter
889 4281 966 4321 an
989 4265 1176 4321 Photii
1208 4267 1583 4336 Argumenta
1613 4266 1923 4322 duodecim
1968 4265 2341 4336 syllogistica
2382 4272 2596 4322 contra
2633 4265 3063 4334 processionem
3086 4265 3348 4334 Spiritus
3391 4263 3586 4320 sancti

208 4351 382 4406 etiam
411 4369 446 4405 a
473 4352 639 4407 Filio
658 4351 732 4408 de
757 4353 979 4426 quibus
998 4353 1467 4410 BandiniCatal.
1502 4356 1778 4410 Laurent.
1810 4358 1850 4409 t.
1879 4353 1963 4419 Ill,
1999 4371 2052 4425 p.
2082 4357 2204 4418 324,
2237 4356 2747 4410 conveniantcum
2765 4354 3134 4426 argumentis
3162 4353 3402 4408 aVecco
3432 4349 3588 4408 refu-

209 4438 344 4493 tatis
374 4445 427 4493 et
458 4455 490 4494 a
518 4440 689 4496 nobis
721 4441 816 4496 hic
849 4442 1040 4511 editis,
1082 4443 1173 4497 vel
1213 4442 1573 4514 opusculum
1604 4441 1952 4498 distinctum
1973 4443 2360 4499 constituant.
2412 4443 2552 4498 Puto
2583 4458 2654 4498 ea
2686 4442 2944 4498 identica
2973 4457 3124 4497 esse.

271 4529 632 4584 9°Oudinus
673 4529 894 4585 indicat
925 4547 936 4583 :
963 4535 1182 4584 φωτίου.
1228 4573 1241 4586 .
1287 4573 1300 4586 .
1335 4531 1567 4603 Ἀγωγαὶ
1605 4536 1694 4582 καὶ
1733 4527 2025 4594 ἀποδείξεις
2072 4531 2299 4603 ἀκριϐεῖς
2331 4531 2712 4602 συνειλεγμέναι
2763 4533 2817 4581 ἔκ
2864 4549 2916 4581 τε
2968 4527 3257 4582 σανοδιχῶν
3301 4533 3390 4582 καὶ
3432 4530 3580 4582 ἱστό-

193 4625 355 4689 ριχῶν
384 4627 620 4692 γραφῶν.
655 4618 985 4689 (Comment.
1009 4621 1083 4676 de
1111 4621 1338 4689 Script.
1370 4621 1568 4678 eccles.
1594 4625 1629 4675 t.
1668 4621 1730 4683 ll,
1760 4636 1817 4691 p.
1842 4620 1995 4690 201),
2018 4636 2171 4691 quas
2190 4621 2301 4676 aX
2310 4618 2876 4688 interrogationibus
2889 4617 3341 4686 depatriarchis
3369 4619 3582 4688 injuste

197 4708 398 4776 ejectis
420 4706 892 4776 distinguendas
933 4725 1064 4764 esse
1097 4714 1396 4766 autumat.

264 4795 362 4850 10⁴⁹
403 4794 576 4850 Idem
616 4796 899 4861 Oudinus,
930 4799 1264 4866 symbolum
1296 4797 1440 4865 ﬁdei
1473 4802 1722 4854 testatur
1749 4797 1810 4852 in
1848 4796 1982 4853 cod.
2027 4814 2169 4852 mss.
2218 4801 2450 4853 exstare
2501 4812 2536 4850 a
2569 4795 2776 4851 Photio
2809 4796 3190 4864 compositum
3235 4811 3342 4864 pro
3370 4797 3442 4851 iis
3485 4797 3591 4868 qui

196 4883 535 4939 ordinandi
559 4891 694 4939 sunt
723 4885 996 4954 episcopi,
1038 4887 1112 4942 de
1151 4901 1274 4958 quo
1305 4885 1662 4949 Lambecius,
1707 4885 1750 4941 l.
1792 4901 1907 4951 v1",
1943 4903 2008 4959 p.
2043 4891 2173 4943 453.

272 4973 362 5026 11⁸
383 4972 664 5040 Epitome
680 4973 951 5029 Historiae
976 4975 1384 5031 ecclesiastica:
1409 4974 1812 5045 Philostorgii,
1838 4973 1939 5028 ἀπὸ
1968 4984 2133 5048 φωνῆς
2160 4975 2344 5031 Photii
2378 4974 2725 5046 patriarchae
2756 4977 2946 5031 exstat
2968 4974 3118 5029 inter
3144 4974 3276 5030 cod.
3305 4990 3453 5030 mss.
3499 4972 3590 5030 bi-

195 5060 520 5116 bliothecae
563 5061 899 5118 Bodleiante
930 5065 1192 5129 (Barocc.
1235 5063 1366 5118 cod.
1411 5065 1528 5128 142,
1559 5075 1626 5118 n0
1664 5069 1715 5130 7,
1752 5081 1806 5134 p.
1841 5065 1966 5136 243)
2009 5084 2022 5134 ;
2065 5065 2300 5120 diversa
2340 5065 2418 5120 ab
2447 5064 2548 5120 illa
2577 5079 2714 5135 quas
2770 5064 2831 5117 in
2888 5063 3270 5133 Myriobiblio
3329 5063 3588 5118 occurrit

195 5154 251 5203 et
278 5147 549 5220 amplior
587 5151 851 5219 (Oudin.,
885 5159 927 5207 t.
962 5153 1026 5218 ll,
1051 5151 1161 5208 col.
1194 5152 1341 5222 208).

268 5239 369 5292 12⁸
399 5235 749 5294 Michaelem
783 5240 1041 5296 Psellum
1068 5240 1378 5310 Synopsim
1409 5239 1844 5296 Nomocanonis
1869 5241 2060 5297 Photii
2093 5243 2360 5298 versibus
2390 5241 2699 5314 scripsisse
2733 5239 2945 5294 ferunt.
2982 5241 3136 5295 Inter
3165 5239 3436 5312 quinque
3474 5239 3597 5296 Car

194 5329 366 5382 mina
396 5327 651 5394 politica
680 5328 854 5384 Pselli
879 5331 1161 5400 Synopsis
1194 5328 1295 5384 illa
1332 5335 1616 5400 quartum
1648 5328 1850 5384 locum
1887 5345 2184 5402 occupare
2211 5332 2442 5387 dicitur.

522 5417 607 5470 Xl.
641 5447 709 5456 —
730 5418 816 5474 De
844 5418 1117 5487 operibus
1147 5417 1346 5474 Photii
1369 5433 1496 5488 qua
1516 5417 1637 5474 alio
1669 5419 1901 5474 nomine
1927 5434 2108 5489 quam
2138 5437 2173 5475 a
2212 5420 2379 5476 nobis
2412 5421 2566 5476 edita
2594 5426 2732 5477 sunt
2759 5421 3289 5488 circumferuntur.

271 5506 375 5558 130
421 5501 687 5560 Libellus
712 5505 786 5562 de
812 5514 1027 5576 septem
1047 5507 1280 5578 synodis
1306 5506 1412 5578 qui
1451 5506 1676 5577 passim
1715 5507 1974 5563 occurrit
2001 5515 2314 5580 excerptus
2355 5516 2443 5565 est
2494 5525 2563 5565 ex
2594 5510 2777 5566 Photii
2818 5510 2986 5582 epist.
3012 5525 3107 5573 vn,
3137 5507 3216 5564 ad
3259 5501 3596 5561 Michaelem

195 5593 495 5666 Bulgaria
530 5593 886 5668 principem,
919 5613 1054 5669 qua:
1080 5597 1140 5651 in
1172 5597 1282 5652 hac
1313 5595 1567 5652 editione
1596 5597 1909 5668 reperitur,
1943 5607 1985 5658 ι,
2012 5601 2078 5666 ΙΙ,
2104 5600 2216 5656 col.
2261 5602 2382 5655 631.

271 5685 375 5737 140
395 5682 669 5739 Libellus
685 5667 1172 5742 deconsolatione
1193 5685 1275 5742 ad
1294 5685 1633 5748 Eusebium,
1658 5667 1837 5756 quem
1858 5683 2113 5740 Conrad.
2135 5677 2550 5741 Rittcrhusius,
2574 5693 2735 5734 anno
2758 5680 2916 5746 1601,
2933 5681 3024 5735 Gr.
3055 5677 3176 5733 Lat.
3210 5667 3599 5738 Nurenbergii

193 5771 394 5827 edidit
435 5770 552 5825 sub
585 5771 832 5828 nomine
863 5773 1071 5836 Photii,
1113 5779 1201 5830 est
1245 5772 1517 5844 ejusdem
1557 5771 1745 5828 Photii
1786 5772 2034 5844 epistola
2063 5771 2189 5841 245,
2225 5767 2389 5840 apud
2429 5767 2869 5823 Montacutium.
