3992 6182
502 236 536 293 3

1769 230 1840 295 ΙΝ
1880 232 2377 297 AMPHILOCHIA
2419 230 2659 295 ΡΗΟΤΙΙ
3902 238 3929 299 4

497 363 717 419 iteratis
746 362 1003 435 querelis
1045 361 1698 435 lamentationibusque
1748 365 1820 419 de
1868 381 2150 437 persecu-
2188 364 2233 417 Α
2268 381 2339 419 ex
2372 370 2536 435 parte
2565 365 2787 436 optime
2821 362 3140 433 solverint;
3177 360 3362 421 altera
3403 379 3473 420 ex
3503 380 3574 421 eo
3606 367 3791 438 petita
3821 376 3928 435 est,

497 452 672 509 tionis
713 453 999 522 gravitate
1034 459 1089 508 et
1124 453 1196 507 de
1241 452 1695 509 tribulationum
1738 454 2153 523 magnitudine

497 541 873 598 manifestum
930 541 997 597 ﬁt
1032 543 1142 612 (10)
1190 545 1247 598 et
1304 542 1505 598 titulus
1555 543 1681 613 ipse
1745 560 1816 599 ac
1884 543 2153 614 praefatio

494 630 821 687 declarant.
888 634 1063 686 Porro
1114 630 1228 686 hoc
1280 631 1470 686 Photii
1532 631 1799 687 exsilium
1858 634 1929 688 ab
1992 648 2152 687 anno

496 722 593 775 867
631 735 823 792 usque
852 720 929 775 ad
960 736 1187 775 annum
1212 721 1315 776 876
1348 720 1703 791 perdurasse
1733 725 1970 777 constat
1999 721 2111 791 (11)
2136 736 2148 786 ;

496 809 942 882 Amphilochius
981 825 1122 865 vero
1174 808 1286 865 sub
1325 811 1515 880 priori
1561 802 1753 867 Photii'
1802 810 2151 882 episcopatu

493 898 712 968 rejecto
742 898 998 954 Antonio
1043 898 1249 968 lgnatii
1294 899 1527 955 assecla
1559 899 1911 971 Cyzicenam
1946 898 2148 954 sedem

494 992 705 1043 nactus
748 992 838 1044 est
898 990 1029 1059 (12),
1080 1004 1153 1043 ex
1199 1004 1321 1061 qua
1382 988 1621 1047 Photius
1670 988 1885 1045 deinde
1934 988 2147 1043 iterum

494 1082 789 1148 occupato
846 1078 1504 1148 Constantinopolitano
1586 1077 1799 1132 throno
1858 1093 1997 1133 eum
2054 1079 2151 1132 Νι-

494 1181 681 1222 caeam
702 1166 1017 1235 transtulit,
1036 1166 1135 1221 ubi
1160 1166 1341 1238 paulo
1366 1166 1659 1238 postobiit
1678 1168 2148 1238 Gregoriumque

493 1254 635 1310 olim
676 1258 1104 1327 Syracusanam
1137 1271 1549 1311 successorem
1588 1256 1797 1311 habuit
1828 1257 1964 1327 (13).
2001 1259 2147 1311 Cum

493 1348 692 1399 autem
726 1346 888 1399 idem
942 1344 1259 1413 Gregorius
1300 1345 1422 1413 jam
1482 1346 1541 1400 in
1592 1345 1810 1417 synodo
1862 1346 2147 1400 Photiana

493 1450 699 1489 mense
746 1435 1065 1490 Novembri
1126 1436 1267 1490 anni
1308 1437 1411 1490 879
1464 1435 1662 1490 habita
1712 1440 1998 1506 tanquam
2059 1435 2147 1489 Ni-

491 1539 629 1577 caeae
673 1524 918 1579 antistes
963 1529 1300 1595 campareat
1340 1524 1474 1595 (14),
1524 1518 1973 1596 Amphilochius
2014 1520 2143 1594 jam

490 1616 625 1667 ante
638 1628 710 1667 ea
728 1618 995 1682 tempora
1014 1629 1042 1666 e
1061 1613 1178 1667 vita
1194 1612 1486 1681 migrasse
1511 1612 1797 1667 dicendus
1818 1611 2144 1676 est.Quoad

2264 454 2426 525 quod
2460 454 2587 529 ipse
2622 454 2858 510 l’hotius
2887 454 3027 509 alibi
3061 470 3173 509 non
3200 470 3392 526 pauca
3425 470 3497 509 ex
3526 454 3785 527 illisjam
3812 459 3929 515 suf-

2265 540 2522 598 ficienter
2545 541 2897 609 tractaverit,
2926 542 3047 598 alia
3066 543 3203 597 viva
3226 558 3365 598 voce
3391 559 3596 599 coram
3620 544 3928 616 discipulis

2262 630 2683 702 explicaverit;
2729 631 2896 687 tertia
2951 647 3021 686 ex
3062 630 3411 687 difficultate
3456 632 3678 704 operis,
3738 651 3929 707 quam

2260 719 2546 775 diuturno
2570 725 2837 791 tempore
2860 736 3013 790 opus
3043 719 3116 775 sit
3141 719 3217 776 ad
3247 724 3474 777 tantam
3513 723 3923 793 quaestionum

2261 806 2619 864 diversarum
2640 809 3056 879 multitudinem
3072 810 3526 881 percurrendam
3544 811 3927 883 (20),nonnisi

2260 897 2435 952 breve
2477 914 2605 952 vere
2647 904 2881 969 tempus
2923 899 3101 969 idque
3142 899 3379 967 magnis
3429 898 3721 968 agitatum
3766 903 3921 957 curis

2261 985 2664 1059 molestiisque
2696 1002 3043 1041 concessum
3072 986 3358 1042 videatur.
3393 987 3569 1044 Addit
3595 990 3774 1045 etiam
3802 990 3915 1045 mi-

2259 1075 2420 1130 noris
2485 1074 2773 1131 momenti
2825 1072 3080 1131 rationes
3129 1075 3439 1132 obstaculo
3502 1077 3660 1133 alteri
3730 1080 3923 1135 cuivis

2258 1180 2386 1218 esse
2410 1164 2694 1235 potuisse,
2717 1164 3045 1235 quominus
3066 1181 3291 1221 novum
3310 1165 3471 1221 hunc
3492 1165 3755 1222 laborem
3783 1186 3919 1223 sus-

2257 1253 2489 1323 ciperet,
2515 1253 2625 1307 sibi
2652 1258 2845 1309 tamen
2865 1254 2934 1308 iis
2964 1254 3246 1309 omnibus
3272 1255 3555 1326 neglectis
3574 1256 3633 1310 id
3659 1258 3920 1312 maxime

2257 1342 2419 1397 cordi
2453 1341 2653 1407 fuisse,
2694 1347 2756 1397 ut
2786 1342 2960 1397 amici
2995 1343 3499 1414 postulationibus
3531 1345 3916 1410 satisfaceret,

2258 1446 2448 1501 neque
2462 1431 2738 1485 dictionis
2757 1432 3115 1499 elegantiam
3138 1448 3197 1487 se
3218 1448 3476 1498 curasse,
3492 1449 3699 1489 verum
3718 1436 3918 1506 potius

2256 1519 2741 1592 perspicuitatem
2774 1527 2829 1574 et
2854 1521 3178 1591 legentium
3209 1522 3543 1578 utilitatem.
3591 1523 3737 1579 Hinc
3762 1530 3917 1581 recte

2259 1610 2488 1663 Scottus
2530 1607 2640 1679 (21)
2687 1609 2935 1680 judicat,
2986 1611 3262 1666 Photium
3313 1611 3530 1667 multas
3588 1612 3914 1669 identidem

491 1700 778 1769 majorem
804 1701 1002 1773 itaque
1030 1707 1260 1773 partem
1301 1701 1566 1757 collectio
1598 1702 1751 1756 intra
1792 1718 1983 1755 annos
2015 1702 2143 1754 868-
2182 1722 2225 1776 Β
2256 1699 2615 1769 quaestiones
2641 1715 2749 1770 pro
2790 1715 2849 1754 re
2892 1705 3025 1755 nata
3074 1700 3405 1755 amicorum
3434 1702 3759 1758 commodo
3797 1703 3914 1758 sol-

489 1786 592 1843 876
610 1788 912 1844 elaborata
926 1790 1047 1853 fuit,
1072 1790 1353 1861 quamvis
1374 1790 1671 1845 nonnullae
1699 1790 2061 1862 quaestiones
2089 1794 2145 1844 et

488 1882 699 1947 postea
751 1878 997 1949 adjungi
1045 1878 1357 1955 potuerint,
1400 1895 1539 1935 cum
1598 1879 1840 1934 Photius
1893 1883 2136 1942 certum,

486 1980 807 2022 numerum
828 1966 993 2022 haud
1018 1968 1288 2022 statuerit
1313 1973 1368 2022 et
1394 1966 1587 2022 solum
1609 1972 1897 2022 tercentas
1914 1962 2143 2022 circiter

489 2055 1067 2121 commemoraverit,
1110 2071 1290 2127 quem
1322 2071 1641 2111 numerum
1676 2055 1736 2109 in
1771 2054 1995 2110 deliciis
2038 2054 2142 2109 ha-

488 2142 686 2197 buisse
724 2144 957 2199 videtur
1008 2144 1137 2214 (15).
1201 2146 1414 2215 Quare,
1460 2149 1521 2199 ut
1575 2144 1730 2199 infra
1770 2144 2135 2209 videbimus,

485 2230 685 2287 varius
716 2240 802 2289 est
831 2233 890 2287 in
922 2232 1174 2288 diversis
1219 2233 1529 2289 codicibus
1558 2233 1948 2305 quaestionum
1992 2233 2140 2287 ordo

486 2335 556 2375 ac
588 2336 896 2377 numerus.

556 2414 607 2464 3.
627 2411 713 2465 An
742 2428 881 2466 vero
904 2411 1032 2482 ipse
1050 2408 1295 2466 Photius
1321 2410 1476 2467 hanc
1496 2409 1899 2465 Collectionem
1926 2409 2139 2464 disser-

486 2497 799 2564 tationum,
834 2516 985 2570 quas
1028 2499 1277 2554 diversis
1306 2499 1673 2570 temporibus
1708 2499 2135 2563 elaboravcrat,

482 2586 813 2653 instituerit,
838 2595 972 2643 ante
999 2588 1155 2659 typis
1182 2588 1402 2643 editam
1428 2588 1697 2658 ejusdem
1730 2588 2134 2658 praefationem

481 2674 742 2731 dubitari
769 2676 958 2748 potuit
974 2684 1029 2733 et
1052 2692 1173 2731 non
1205 2676 1465 2741 defuere,
1491 2678 1752 2749 quicum
1798 2677 2000 2747 Wolﬁo
2023 2678 2133 2747 (16)

479 2763 902 2831 existimarunt,
927 2767 1114 2822 varias
1130 2766 1319 2821 Photii
1337 2766 1620 2837 epistolas
1638 2765 1777 2821 hinc
1801 2766 1939 2820 inde
1958 2768 2136 2821 fuisse

456 2852 754 2911 collectas
767 2860 823 2910 et
837 2854 1385 2927 Amphilochiorum
1408 2855 1650 2910 nomine
1667 2862 1874 2927 postea
1892 2856 2136 2924 insigni-

478 2951 588 3012 tas,
646 2944 780 2999 ideo
829 2944 994 3016 quod
1044 2943 1258 3001 Photio
1298 2944 1577 3016 frequens
1612 2944 1935 2999 litterarum
1996 2961 2133 3000 cum

476 3033 895 3107 Amphilochia
909 3033 1757 3089 commerciumintercederet.
1778 3033 1895 3088 Sed
1918 3034 2076 3089 edita
2099 3050 2134 3089 a

479 3129 675 3184 Scotto
688 3123 1015 3197 prtefatioM
1026 3125 1080 3187 7)
1100 3138 1279 3177 omne
1296 3122 1548 3178 dubium
1564 3122 1811 3179 amovit.
1832 3124 2134 3195 Perspicue

473 3216 633 3271 enim
664 3212 905 3268 Photius
933 3213 1155 3267 ibidem
1196 3212 1393 3275 tradit,
1429 3213 1670 3281 singula
1717 3230 1831 3268 sua
1866 3212 1936 3267 ad
1973 3212 2136 3268 varia

476 3302 734 3375 quaesita
776 3317 1059 3373 responsa
1099 3318 1161 3355 se
1204 3301 1429 3356 iteratis
1465 3302 1622 3355 curis
1658 3306 1937 3357 tractasse
1973 3308 2027 3356 et
2074 3302 2133 3357 in

474 3408 665 3448 unum
695 3390 1002 3461 collegisse
1030 3390 1145 3461 (18)
1175 3407 1187 3454 ;
1223 3406 1416 3461 neque
1450 3390 1681 3446 silentio
1709 3391 1969 3463 praeterit
2006 3408 2136 3462 gra-

472 3480 770 3545 vissimas,
804 3482 869 3534 ut
902 3478 1021 3548 ipse
1062 3477 1474 3533 arbitrabatur
1516 3478 1650 3549 (t9),
1686 3479 1969 3542 rationes,
2001 3495 2133 3550 quae

472 3571 673 3643 ipsum
695 3568 985 3625 deterrere
1010 3567 1301 3638 potuerint
1321 3566 1392 3622 ab
1416 3568 1716 3639 ejusmodi
1734 3584 1887 3624 novo
1906 3567 2129 3634 labore,

473 3664 873 3732 quemtamen
892 3657 1075 3712 nihilo
1100 3657 1294 3712 secius
1312 3656 1506 3713 amico
1522 3657 1825 3729 ﬂagitante
1857 3658 2130 3727 suscepit.

474 3751 696 3804 Harum
725 3762 863 3803 vero
904 3745 1228 3810 rationum,
1275 3761 1409 3817 quas
1455 3745 1645 3801 Photii
1681 3746 1953 3802 animum
1995 3746 2131 3801 inde

473 3835 755 3908 repellere
786 3835 926 3891 visae
947 3840 1102 3899 sunt,
1133 3834 1328 3906 prima
1351 3834 1413 3889 in
1446 3849 1515 3890 eo
1542 3834 1669 3900 fuit,
1701 3835 1853 3907 quod
1873 3836 2002 3907 jam
2032 3850 2133 3891 an-

474 3930 568 3983 tea
580 3925 741 3981 multi
755 3928 1089 3983 sanctorum
1114 3924 1348 3981 Patrum
1377 3923 1580 3979 eadem
1603 3925 1858 3996 quresita
1880 3923 2131 3981 maxima

546 4227 660 4300 (10)
693 4229 757 4292 Q.
791 4223 1019 4300 78.‘ubi
1062 4226 1508 4300 commemorat
1524 4229 1614 4300 ς’ρῦ
1654 4227 1932 4300 κιειιροξ-τρ
1968 4222 2133 4300 ﬁgor)-

475 4294 812 4370 ταὲονζ--φ
840 4297 995 4370 21,c.
1019 4300 1048 4350 7
1074 4294 1227 4370 (Mai,
1250 4294 1291 4370 l_.
1315 4310 1361 4370 c_.
1393 4297 1591 4370 p_._'_14_)_,
1624 4296 1768 4370 (1.23
1794 4296 1948 4370 (Mai,
1970 4294 2127 4353 Nov.

477 4373 612 4429 coll.
638 4377 679 4428 t.
713 4366 798 4435 IX',
832 4368 999 4440 p.26,
1033 4367 1146 4436 27),
1178 4382 1237 4438 q.
1264 4368 1367 4420 119
1400 4366 1600 4436 (Wolf.
1628 4366 1664 4420 l.
1695 4382 1744 4421 c.
1766 4383 1823 4437 p.
1858 4367 1960 4422 708
1978 4371 2127 4442 seq.)

479 4445 926 4586 ρ’(ἒῗῗῆῗᾶἒοὶ.
955 4513 1147 4586 Jager,
1180 4507 1441 4586 Histoire
1465 4507 1537 4564 de
1570 4507 1836 4575 Pholius,
1872 4508 1976 4568 lib.
2001 4526 2125 4578 vni,

476 4583 705 4654 p.529.
739 4589 874 4639 note
920 4590 967 4648 t,
1001 4583 1145 4637 edit.
1187 4584 1237 4633 2.

578 4658 661 4722 12)
696 4655 837 4709 Vide
870 4655 942 4708 Le
985 4654 1191 4725 Quien,
1228 4651 1455 4725 Orient.
1484 4651 1691 4725 christ:
1731 4656 1773 4708 t.
1816 4656 1856 4725 li,
1904 4668 1964 4725 p.
1999 4655 2123 4709 757.

578 4658 661 4722 12)
696 4656 837 4709 Vide
870 4656 942 4708 Le
985 4656 1191 4718 Quien,
1228 4656 1455 4707 Orient.
1491 4656 1691 4707 christ.
1731 4656 1773 4708 t.
1816 4656 1856 4717 l,
1904 4668 1964 4725 p.
1999 4656 2123 4709 757.

546 4656 750 4799 (t3)_ld
782 4723 1776 4799 testatu_r_l‘{icetas_l)avid_in_Vita
1815 4724 1868 4799 8.
1906 4725 2128 4799 [θηαιὶἰ

476 4794 679 4869 (ManSi
724 4797 926 4851 concil.
982 4796 1116 4857 XVI,
1173 4810 1230 4864 p.
1282 4794 1430 4863 289.)
1476 4794 1560 4849 Cf.
1610 4796 1682 4850 Le
1733 4794 1940 4861 Quien,
1990 4796 2028 4851 l.
2075 4813 2122 4851 c.

474 4884 892 5013 μὸἷῖᾛξιηβὶ,
928 4936 1155 5013 ϐοηοεζ.
1194 4938 1234 4989 t.
1277 4933 1453 5013 XVAII,
1498 4950 1560 5013 p,
1600 4938 1724 5013 373,

574 5012 659 5075 15)
692 5010 773 5065 Cf.
811 5010 1089 5073 Scottum,
1116 5006 1153 5062 l.
1189 5022 1237 5058 c.
1269 5021 1329 5075 p.
1364 5009 1414 5072 2,
1452 5012 1575 5063 not.
1610 5012 1662 5063 3.

574 5013 636 5067 15
692 5012 773 5065 Cf.
811 5012 1089 5073 Scottum,
1116 5012 1153 5062 l.
1189 5022 1237 5058 c.
1269 5021 1329 5075 p.
1364 5012 1386 5058 2

545 5012 659 5223 $16;
682 5080 861 5136 Wolf.
894 5079 1063 5134 Prasf.
1095 5079 1187 5134 cit.
1217 5090 1277 5146 p.
1307 5092 1386 5131 Ill.

545 5154 633 5223 (17
681 5152 787 5207 Ed.
821 5152 917 5207 cit.
950 5149 1191 5221 Neapol,
1221 5163 1291 5223 _p.
1327 5149 1386 5202 11

681 5152 787 5207 Ed.
821 5152 917 5207 cit.
950 5149 1191 5221 Neapol,
1224 5163 1291 5221 7p.
1327 5149 1450 5221 113.

543 5216 657 5294 (18)
704 5225 765 5278 Ρ.
794 5227 845 5279 3.
889 5216 1161 5295 Δευτέρόυς
1209 5216 1371 5295 ἡμᾶς*
1406 5216 1643 5295 ἀπαιτεῖς
1695 5225 1880 5283 πόνους
1931 5226 2020 5274 καὶ
2069 5226 2123 5275 τὸ

470 5289 562 5358 εἰς’
599 5289 751 5367 ὅσγχον
808 5299 900 5353 τὴν
956 5289 1160 5368 γρὰφήν
1220 5289 1543 5345 ἀπελθεῖν..,.
1618 5293 1760 5362 ἔχεις
1817 5295 1938 5367 ὅπερ
1991 5298 2123 5365 ᾔτη-

472 5388 585 5427 σας.

540 5440 652 5509 (19)
682 5440 950 5492 Τοσούτων
971 5440 1060 5488 καὶ
1089 5438 1405 5494 τηλικούτων
1427 5440 1582 5489 ὄντων
1608 5442 1702 5487 τῶν
1733 5439 1856 5506 πρὸς
1878 5435 2123 5490 τάναντία

472 5517 718 5591 φιρόνῖωνν
734 5552 747 5566 .
798 5581 812 5591 ι
1197 5578 1218 5591 ﬁ
1308 5585 1325 5591 Α

535 5578 653 5727 (2οζ
681 5581 881 5654 "Oilei:
908 5589 1152 5633 τοσοῦτον
1185 5578 1401 5635 διελθεῖν
1432 5586 1653 5652 συχνόν.

538 5656 623 5726 (21
683 5655 742 5710 L.
775 5670 824 5711 c.
867 5670 926 5727 p.
962 5656 1012 5721 2,
1049 5659 1187 5710 note
1224 5659 1270 5709 1.

538 5655 653 5727 (21)
683 5655 742 5710 L.
775 5670 824 5711 c.
867 5670 926 5727 p.
962 5656 1012 5721 2,
1049 5659 1187 5710 note
1224 5659 1270 5709 1.

2168 3084 2207 3139 C

2256 1785 2436 1851 visse,
2464 1786 2678 1842 deinde
2697 1792 2966 1852 cunctas,
2994 1804 3065 1843 ne
3092 1788 3339 1844 laterent
3369 1794 3472 1845 aut
3502 1789 3918 1861 disperderen-

2256 1879 2367 1938 tur,
2422 1875 2482 1930 in
2536 1892 2719 1932 unum
2770 1876 3047 1933 collectas
3105 1878 3449 1934 fasciculum
3504 1880 3917 1951 Amphilochio

2254 1978 2362 2018 suo
2393 1962 2453 2018 id
2476 1965 2771 2036 expetenti
2804 1967 3232 2021 transmisisse.

2324 2056 2375 2108 4.
2406 2053 2679 2110 Collectio
2704 2054 2903 2124 igitur,
2929 2072 3114 2127 quam
3140 2072 3260 2126 prae
3285 2058 3565 2113 manibus
3585 2058 3919 2124 habemus,

2253 2156 2323 2195 ex
2356 2140 2538 2197 variis
2552 2144 2797 2198 omnino
2826 2144 3098 2215 partibus
3124 2149 3361 2200 constat
3385 2145 3620 2202 diverso
3652 2151 3919 2218 tempore

2252 2228 2485 2301 scriptis
2511 2236 2565 2286 et
2584 2232 2707 2287 sine
2732 2233 3013 2288 metliodo
3031 2239 3087 2288 et
3109 2233 3318 2288 ordine
3336 2234 3547 2290 eodem
3574 2235 3695 2291 fere
3718 2243 3914 2308 pacto,

2250 2320 2446 2389 quoin
2477 2320 2689 2377 celebri
2720 2322 2988 2392 ejusdem
3018 2324 3276 2378 auctoris
3308 2322 3672 2382 Bibliotheca
3692 2326 3914 2382 diversi

2249 2410 2583 2477 argumenti
2611 2409 2766 2476 libri,
2797 2412 3144 2467 eorumdem
3184 2419 3463 2485 excerpta
3496 2424 3553 2469 et
3592 2415 3667 2470 de
3699 2416 3912 2471 iisdem

2243 2495 2471 2567 judicia
2513 2505 2961 2567 coacervantur,
3011 2502 3369 2572 aggregatis.
3417 2502 3561 2559 Hinc
3609 2503 3911 2576 pleraeque

2247 2584 2698 2643 dissertationes
2729 2589 2987 2645 formam
3021 2590 3407 2661 epistolarum
3442 2608 3558 2664 prae
3590 2608 3656 2647 se
3688 2592 3910 2657 ferunt,

2246 2674 2466 2746 quibus
2483 2676 2561 2731 ad
2581 2676 2919 2749 propositas
2936 2678 3308 2735 difﬁcultates
3323 2679 3687 2751 theologicas
3709 2688 3768 2739 et
3791 2684 3919 2755 phi-

2244 2761 2581 2835 losophicas
2627 2767 3064 2837 respondetur;
3109 2784 3398 2839 responsa
3429 2773 3570 2825 sunt
3608 2770 3687 2826 ad
3723 2771 3925 2827 erudi-

2248 2856 2441 2907 torum
2472 2852 2806 2910 amicorum
2839 2855 3101 2925 quaesita
3139 2856 3317 2911 variis
3345 2858 3716 2928 temporibus
3750 2858 3920 2927 data,

2244 2944 2301 2995 et
2316 2941 2587 3011 quamvis
2602 2942 2891 2999 nonnullas
2907 2944 3189 3000 Diatribae
3217 2960 3370 3001 mera
3384 2950 3658 3017 excerpta
3674 2946 3926 3003 videan-

2246 3031 2337 3084 tur
2363 3031 2477 3102 (22)
2509 3035 2566 3087 et
2594 3032 2655 3086 in
2686 3032 2814 3087 aliis
2847 3033 3277 3101 interrogantes
3308 3050 3471 3090 more
3497 3036 3746 3107 antiquo
3790 3037 3926 3092 ﬁeri

2244 3117 2611 3176 solummodo
2628 3126 2959 3192 appareant
2975 3124 3110 3193 (23),
3134 3129 3327 3179 tamen
3345 3123 3643 3196 pleraeque
3657 3130 3923 3181 veterum

2244 3206 2627 3279 scriptionem
2655 3212 3101 3266 erotematicam
3130 3212 3627 3268 etcatecheticam
3665 3217 3918 3270 omnino

2244 3303 2551 3368 sequntur,
2594 3314 2730 3371 qum
2765 3300 2892 3370 jam
2939 3300 3162 3355 dudum
3194 3300 3268 3357 ab
3312 3301 3727 3358 ecclesiasticis
3768 3304 3916 3359 scri-

2246 3386 2520 3456 ptoribus
2551 3387 2741 3444 fuerat
2771 3388 3063 3446 adhibita.

2318 3479 2367 3529 5.
2400 3476 2552 3531 Sane
2596 3476 2809 3533 similia
2841 3477 3018 3549 plane
3061 3494 3245 3551 opera
3293 3479 3681 3551 suppeditant
3726 3480 3913 3537 nobis

2244 3562 2677 3633 Pseudojustini
2723 3566 2842 3635 (24)
2898 3572 2954 3622 et
3012 3566 3547 3624 Pseudoathanasii
3591 3570 3707 3640 (25)
3769 3570 3911 3625 scri-

2244 3656 2345 3721 pta
2377 3668 2518 3719 ;uec
2552 3653 2733 3724 longe
2761 3655 3059 3711 abludunt
3078 3656 3307 3711 Eusebii
3335 3657 3706 3713 Caesariensis
3732 3658 3911 3725 Quee-

2240 3741 2459 3798 stiones
2474 3743 3912 3818 (26),HesychiidubiorumSolutiones,(27)Basilii

2242 3829 2479 3902 Regulae
2510 3833 2614 3887 313
2638 3832 2944 3889 breviores
2984 3834 3097 3905 (28)
3131 3834 3378 3905 Dialogi
3407 3839 3609 3891 sancto
3641 3835 3908 3893 Caesarie

2243 3922 2483 3994 ascripti
2519 3922 2653 3993 (29),
2687 3922 3054 3990 Theodoreti,
3084 3923 3138 3979 in
3172 3922 3593 3982 Octateuchum
3626 3926 3914 3991 Quanam

2314 4226 2423 4367 (22)
2456 4224 2536 4281 Cf.
2572 4223 2873 4290 Wolfium,
2908 4224 3075 4281 Praef.
3106 4240 3163 4298 p.
3206 4241 3264 4295 v,
3298 4229 3353 4282 et
3382 4240 3513 4298 pag.
3561 4229 3829 4285 730-800.

2336 4300 2425 4367 23)
2460 4298 2584 4363 Mai,
2612 4299 2763 4353 Nov.
2800 4298 2955 4354 Coll.
2989 4301 3027 4352 t.
3064 4300 3104 4351 1.
3138 4297 3300 4355 Ρτωὲ.

2336 4297 2410 4352 23
2460 4298 2584 4363 Mai,
2612 4299 2763 4353 Nov.
2800 4298 2955 4354 Coll.
2989 4301 3027 4352 t.
3064 4297 3300 4355 [Ὧι-ωε.

2338 4300 2425 4439 24)
2455 4370 2805 4436 (nationes
2831 4374 2884 4425 et
2904 4369 3182 4439 Respons.
3210 4370 3293 4425 ad

2314 4369 2425 4439 (24)
2455 4370 2805 4445 ngstiones
2831 4374 2884 4425 et
2904 4369 3201 4445 Responsi
3210 4370 3293 4425 ad
3319 4369 3553 4445 orthod.
3578 4370 3682 4445 146
3714 4371 3905 4445 (Opp.

2168 4445 2209 4497 D
2239 4441 2381 4496 Just.
2417 4441 2509 4495 ed.
2553 4441 2755 4495 Venet.
2813 4445 2963 4505 1747,
3012 4457 3068 4511 p.
3103 4440 3206 4496 743
3238 4446 3409 4511 seq.).
3445 4440 3909 4506 Qumstiones'5

2241 4511 2709 4567 Christianorum
2739 4511 2816 4566 ad
2847 4514 3075 4567 Graecos
3097 4516 3153 4567 et
3174 4512 3521 4570 Graecorum
3546 4514 3610 4567 15
3634 4513 3713 4569 ad
3736 4514 3911 4570 Chri-

2241 4582 2486 4651 stianos,
2536 4598 2669 4654 quae
2720 4582 2963 4638 diversae
3008 4588 3144 4638 sunt
3194 4600 3228 4639 a
3281 4582 3675 4640 solutionibus
3734 4600 3913 4643 com-

2283 4654 2558 4709 endiariis
2589 4654 2880 4726 adversus
2913 4656 3212 4725 pietatem,
3240 4670 3390 4726 quas
3423 4657 3653 4713 Iustino
3682 4657 3912 4715 tribuit

2239 4671 2558 4780 Benqiams
2584 4671 2880 4734 adversus
2913 4671 3031 4725 pie:

2286 4727 2484 4781 hotius
2510 4725 2680 4793 (Bibl.
2723 4728 2854 4782 cod.
2885 4726 3031 4796 125).

2312 4798 2425 4869 (25)
2447 4798 2803 4862 Ouwstiones
2819 4798 2899 4853 ad
2919 4797 3289 4863 Antiochum,
3316 4796 3453 4869 inps.
3487 4797 3908 4869 Scripturam,

2239 4868 2543 4938 (Albanas,
2576 4868 2725 4956 Qpp.
2762 4874 2798 4923 t.
2834 4870 2903 4955 ll,
2943 4884 3000 4955 ρ.
3034 4869 3138 4923 268
3168 4884 3293 4940 seq.
3328 4868 3420 4924 ed.
3460 4868 3912 5000 Montfaucon}.

2312 4940 2425 5000 ('26)
2464 4945 2755 5000 Ζητηματα
2790 4959 2879 4992 και
2926 4939 3119 5000 λνσεις,
3173 4938 3257 5000 Cf,
3300 4941 3463 4997 Dem.
3496 4941 3715 5000 Evana.
3768 4942 3853 5000 Vl
3894 4984 3911 5000 .

2312 4938 2755 5013 ('26)_meiéaim
2790 4939 3119 5013 aurifluus“,
3173 4938 3269 5002 Cf;
3300 4941 3463 4997 Dem.
3496 4941 3715 5013 Evang.
3768 4938 3911 5011 VU,

2239 5015 2269 5067 3
2299 5031 2315 5079 ;
2345 5010 2563 5084 Maium
2588 5010 2740 5069 Nov.
2783 5011 2935 5084 Coll.
2966 5019 3010 5084 t.
3038 5015 3077 5075 1,
3111 5026 3168 5083 p.
3208 5013 3234 5067 1
3262 5027 3405 5084 seq.

2310 5082 2421 5153 (27)
2479 5082 2718 5157 Ἀπρρραι
2777 5088 2867 5135 καὶ
2919 5081 3177 5157 ξπᾷιλύσὲις
3225 5081 3383 5157 sive'
3416 5090 3693 5157 συναγωγὴ
3763 5089 3917 5139 ἀπο-

2235 5161 2359 5226 ριῶν
2404 5152 2512 5227 ⁷1ιαὶ
2574 5152 2852 5207 ἐὶτιλύσεων
2921 5153 3216 5227 ἐκλεγείσα-
3254 5153 3301 5205 ἐν
3374 5152 3591 5227 amr-our)
3634 5152 3644 5155 ’
3674 5155 3732 5208 ἐκ
3812 5168 3921 5219 τῆς

2237 5225 2573 5301 εὐαγγελιδςῆς
2642 5230 2956 5301 ,σνμφωνίᾳς
3020 5233 3125 5301 -τοῦ
3196 5225 3345 5301 ᾁγὶου
3412 5225 3671 5301 Ἠᾳὺχίθυ
3738 5246 3923 5301 πρισο

2236 5294 2460 5423 ﬁuripou
2493 5294 3058 5423 'lcpoaoliilpm.(c.od.
3093 5301 3157 5353 43
3202 5294 3432 5387 ςτγρῐω
3465 5294 3696 5388 ferratae
3726 5294 3915 5385 apud

2288 5384 2449 5422 arum
2499 5369 2644 5423 Nov.
2678 5370 2723 5423 P
2778 5408 2789 5420 .
2827 5370 3081 5423 ὀιὸιιοτὴ.
3120 5376 3156 5423 1.
3190 5369 3275 5423 V1.
3312 5385 3367 5423 ι).
3404 5386 3459 5423 ιι.
3494 5385 3560 5423 n.
3606 5373 3711 5423 5.59
3744 5374 3915 5423 mdi-

2288 5368 2449 5441 aium
2499 5368 2644 5424 Nov.
2678 5368 2789 5423 PP.
2827 5369 3081 5424 biblioth.
3120 5376 3156 5423 1.
3190 5369 3275 5441 Vt,
3310 5385 3367 5440 p.
3404 5386 3459 5432 ll,
3494 5385 3560 5441 p.
3606 5373 3711 5425 539
3744 5368 3923 5429 indi-

2234 5440 2583 5513 0111)(30161.
2624 5442 2785 5496 Μοη.
2820 5442 2982 5513 Eccl.
3022 5442 3128 5496 Gr.
3165 5440 3281 5513 vol.
3327 5456 3402 5505 ιιι,
3436 5440 3505 5513 p.
3534 5442 3675 5496 1-52.

2305 5509 2621 5593 (2.8)..‘Oe°5
2670 5514 2803 5593 κειτά
2853 5512 3122 5593 iamet?-
3158 5511 3345 5593 .!‘h.9t:
3376 5509 3662 5593 ,σόα-291
3698 5530 3711 5581 ς
3753 5515 3922 5572 Gar-

2230 5583 2375 5657 nerii
2402 5581 2580 5657 Praef.
2603 5584 2662 5638 in
2695 5585 2843 5657 Op}.
2874 5581 3052 5657 Basil.
3084 5589 3119 5638 t.
3156 5582 3222 5657 l_I_,
3256 5584 3283 5654 ξ
3330 5588 3416 5657 11,
3450 5600 3508 5638 n.
3534 5585 3603 5639 33
3634 5601 3760 5657 seq.

2302 5600 2375 5637 :rn
2414 5600 2580 5664 rreet.
2603 5600 2662 5638 in
2695 5600 2843 5709 υιέρ.
2876 5600 3052 5641 basu.
3084 5600 3119 5638 ι.
3156 5600 3222 5647 ll,
3256 5600 3282 5654 ε
3330 5600 3416 5673 ii,
3450 5600 3508 5638 n.
3534 5600 3565 5639 3

2302 5654 2418 5723 (29)
2446 5653 2713 5710 Galtrnd.
2798 5656 2905 5711 τοι.
2931 5656 3050 5713 PP.
3080 5660 3118 5711 t.
3162 5654 3252 5719 Vl,
3286 5668 3343 5726 p.
3377 5656 3571 5712 3-152.
