3992 6182
481 262 545 319 it
1753 260 1820 316 ΙΝ
1860 258 2357 318 AMPHILOCHIA
2400 261 2635 318 PHOTII
3852 262 3935 321 13

482 400 620 441 rum
642 387 699 442 et
716 381 1146 440 catholicarum
1170 382 1569 455 Epistolarum
1594 390 1992 456 exponuntur.
2011 384 2139 439 Phi-
2168 386 2215 442 A
2248 385 2476 443 ratione
2498 401 2607 443 nec
2628 386 2757 459 pari
2782 386 3056 443 felicitate
3082 386 3488 452 enucleantur,
3514 387 3931 461 quemadmo-

484 474 771 545 lologicas
802 487 960 545 saepe
988 472 1439 531 observationes
1471 472 1694 545 profert
1729 472 1971 531 Photius
2002 474 2138 545 (69),
2250 474 2394 531 dum
2422 491 2532 531 nec
2558 476 2774 533 desunt
2796 476 3105 541 Diatribaa,
3140 476 3201 532 in
3221 476 3443 549 quibus
3471 476 3710 532 Photius
3734 478 3932 533 nimis

485 563 765 635 reliquias
782 562 1102 619 nonnullas
1124 563 1509 635 antiquarum
1530 562 1878 619 versionum
1897 562 2137 634 Aquilae,
2251 578 2362 623 suo
2376 565 2618 635 ingenio
2631 565 2899 636 indulget
2914 570 2971 621 et
2985 565 3166 621 modo
3180 566 3488 621 brevitatis
3504 566 3721 630 studio,
3739 566 3927 622 modo

488 652 837 727 Symmachi
863 656 921 708 et
938 652 1357 709 Theodotionis
1374 652 1548 709 nobis
1567 652 1911 725 suppeditat
1926 652 2064 723 (78),
2087 657 2144 707 et
2252 652 2562 710 verborum
2576 654 3115 727 sententiarumque
3128 655 3304 727 copia
3316 655 3609 711 obscurus
3621 654 3927 727 ﬁt.Neque

493 742 758 800 sobriam
809 741 1159 814 plerumque
1200 742 1462 814 sequitur
1490 741 1920 814 interpretandi
1964 741 2145 798 ratio-
2253 743 2553 800 scribendi
2578 759 2765 813 genus
2795 744 3007 800 eodem
3028 744 3285 814 judicari
3307 746 3491 801 modo
3516 748 3757 816 potest.,
3788 749 3925 801 tum

492 847 789 903 nem,qua
810 830 1825 902 allegoristarumimmoderantiam
1843 834 1899 887 et
1915 846 2147 902 perver-
2253 832 2420 905 quod
2451 849 2520 888 ex
2551 838 2632 889 tot
2652 833 2996 890 auctoribus
3023 833 3201 906 plane
3228 834 3473 890 diversis
3506 833 3927 906 singularique

494 921 725 977 sitatem
747 920 975 992 respuit
994 936 1065 975 ac
1076 920 1324 990 castigat
1352 920 1490 992 (71),
1512 936 1708 993 neque
1730 925 1927 976 tamen
1946 919 2147 992 mysti-
2256 922 2605 979 elocutionis
2620 922 2805 978 forma
2817 922 3107 979 distinctis
3119 922 3638 993 plurimaderivata
3650 922 3924 987 fuerunt,

495 1026 631 1067 cum
647 1026 891 1067 sensum
907 1010 1206 1083 reprobat.
1224 1011 1350 1067 lmo
1362 1026 1775 1083 saepenumero
1789 1010 2149 1067 Veteris'l‘es-
2258 1028 2363 1067 um
2389 1011 2553 1083 quod
2570 1012 2695 1085 ipse
2718 1012 2983 1077 Photius,
3007 1011 3109 1085 qui
3136 1016 3254 1068 tam
3278 1011 3583 1082 ingentem
3621 1010 3927 1069 librorum

495 1100 741 1156 tamenti
772 1100 902 1172 typi
928 1099 1045 1155 late
1067 1099 1788 1156 admodumillustrantur
1813 1100 1949 1171 (7'2),
1982 1103 2037 1155 et
2054 1098 2149 1157 lit-
2259 1099 2499 1172 copiam
2520 1101 2839 1166 evolverat,
2865 1117 2899 1155 a
2920 1101 3138 1174 seipso,
3160 1100 3326 1174 quod
3341 1100 3418 1158 ad
3436 1101 3766 1158 dictionem
3786 1117 3932 1174 spe-

496 1192 638 1245 tersa
662 1188 919 1261 spiritus,
953 1190 1223 1263 γράμματι
1248 1196 1468 1261 πνεῦμα,
1499 1187 1806 1259 praefertur
1835 1189 1975 1259 (73).
2017 1188 2150 1245 Non

2300 1193 2398 1257 tat,
2414 1190 2699 1246 interdum
2712 1189 2835 1245 disc
2844 1191 3188 1262 repat.Sane
3199 1205 3378 1247 nemo
3392 1191 3645 1260 ignorat,
3662 1194 3925 1263 quanto-

498 1277 966 1348 cunctaquidem
988 1277 1195 1341 solide,
1214 1293 1415 1333 verum
1434 1278 1716 1350 pleraque
1728 1277 2042 1350 perspicue
2055 1293 2147 1333 ex.
2263 1294 2400 1351 pere
2425 1279 2859 1335 eruditissimus
2885 1281 2975 1335 vir
2999 1296 3034 1334 a
3054 1279 3315 1336 candida
3338 1280 3675 1351 priscorum
3699 1280 3928 1336 Attico-

498 1366 845 1438 planantur;
867 1366 1120 1423 varietas
1142 1370 1345 1423 tamen
1376 1372 1433 1423 et
1449 1372 1730 1424 constans
1746 1366 2149 1438 antiquiorum
2260 1384 2393 1424 rum
2431 1368 2807 1440 simplicitate
2836 1373 2892 1424 et
2920 1368 3217 1437 elegantia
3245 1369 3569 1435 deﬂexerit,
3605 1384 3925 1442 quamque

498 1472 643 1511 usus
666 1456 776 1511 hos
803 1456 1267 1512 commentarios
1288 1461 1600 1525 exornant,
1627 1472 1700 1512 ex
1722 1456 1943 1528 quibus
1968 1456 2153 1528 pluri-
2260 1473 2398 1514 raro
2416 1458 2717 1529 puriorem
2734 1458 2900 1513 illum
2915 1457 3151 1514 dicendi
3169 1458 3418 1515 modum
3437 1458 3707 1529 attigerit,
3733 1474 3923 1530 quem

498 1561 621 1609 ma,
654 1560 783 1615 quae
801 1544 964 1600 Pauli
985 1544 1277 1617 Epistolas
1302 1545 1618 1609 illustrant,
1639 1545 1861 1601 scholia
1890 1545 1947 1601 in
1977 1546 2154 1601 UEcu-
2264 1562 2327 1602 se
2359 1546 2599 1618 plurimi
2629 1546 2823 1602 facere
2854 1563 3264 1619 saepenumero
3294 1551 3670 1619 protestetur,
3708 1563 3925 1619 quem-

500 1633 683 1690 menii
703 1634 1168 1689 commentarios
1200 1634 1579 1690 transierunt.
2263 1652 2380 1708 que
2409 1635 3019 1708 discipulistanquam
3043 1636 3375 1692 studiorum
3397 1643 3613 1691 metam
3637 1638 3925 1708 proponit

578 1726 659 1779 12.
701 1723 791 1778 Ad
840 1722 1088 1779 alteram
1119 1723 1329 1779 seriem
1360 1723 1525 1795 quod
1573 1724 1795 1790 attinet,
1829 1723 2057 1780 circiter
2086 1724 2153 1779 50
2188 1741 2232 1796 Β
2266 1724 2771 1798 prosequendum.
2793 1725 2988 1781 Oratio
3019 1726 3147 1795 ejus
3173 1742 3325 1797 saepe
3344 1724 3641 1797 ampullas
3684 1725 3926 1798 projicit

501 1812 864 1885 quaestiones
884 1815 1240 1881 argumenta
1261 1812 1603 1882 dogmatica
1615 1813 2154 1885 prosequuntur.ln
2264 1819 2662 1887 ornatumque
2689 1814 2939 1869 nimium
2963 1813 3199 1870 aﬂ'ectat
3230 1833 3243 1878 ;
3276 1813 3416 1870 alibi
3440 1814 3646 1870 rudior
3669 1820 3927 1886 apparet

500 1902 597 1958 his
621 1903 905 1974 mysteria
924 1902 1221 1959 Trinitatis
1238 1903 1737 1959 etincarnationis
1757 1902 2016 1974 primum
2044 1902 2155 1957 sibi
2265 1908 2443 1973 atque
2458 1902 2624 1959 humi
2649 1902 3085 1974 propemodum
3103 1918 3315 1973 repens
3334 1922 3346 1971 ;
3362 1902 3604 1959 concisa
3619 1903 3924 1959 interdum

502 1991 706 2047 locum
726 1990 1050 2055 vindicant,
1086 1991 1161 2047 de
1182 1991 1401 2063 quibus
1426 1991 1644 2063 smpius
1670 1993 1803 2063 (74),
1846 1991 1955 2047 etsi
1984 1991 2157 2047 inter.
2266 1990 2707 2047 dialecticorum
2726 2008 2910 2057 more,
2934 1991 3083 2048 alias
3117 1992 3417 2047 rhetorum
3456 1992 3797 2064 posterioris
3815 1993 3925 2048 aevi

505 2079 647 2135 dum
683 2078 954 2135 subtilius
984 2096 1163 2152 quam
1204 2080 1422 2147 verius,
1454 2079 1769 2136 disseritur
1800 2098 1812 2144 ;
1852 2079 2155 2152 polemicaa
2265 2080 2513 2137 floribus
2530 2080 2686 2136 haud
2706 2080 2859 2136 bene
2880 2080 3170 2151 colligatis
3200 2097 3383 2153 supra
3414 2081 3663 2137 modum
3682 2097 3927 2137 omnem

503 2168 818 2241 quoquein
840 2169 1068 2224 Latinos
1086 2169 1353 2225 Diatribaa
1370 2184 1491 2225 non
1511 2169 2156 2241 desunt,quibusqua=.-
2266 2168 2498 2234 referta,
2523 2168 2701 2224 modo
2728 2168 2890 2224 clara
2911 2168 3157 2224 omnino
3174 2173 3229 2225 et
3256 2170 3585 2241 perspicua,
3615 2169 3799 2225 modo
3815 2168 3930 2225 ob-

506 2258 645 2313 dam
669 2272 878 2314 eorum
905 2257 979 2313 de
1000 2258 1383 2328 processione
1412 2259 1656 2331 Spiritus
1680 2258 1870 2314 sancti
1899 2274 1968 2314 ex
1993 2262 2158 2315 Patre
2268 2258 2614 2314 scurissima
2631 2263 2687 2313 et
2711 2258 2877 2313 omni
2906 2258 3098 2327 gratia
3119 2257 3398 2314 destituta
3417 2259 3551 2329 (82).
3573 2257 3925 2332 Versipellex

504 2346 771 2419 Filioque
791 2352 1145 2416 argumenta
1165 2346 1532 2418 impetuntur
1549 2348 1677 2418 (75).
1698 2349 2001 2403 Tractatus
2018 2364 2158 2403 vero
2268 2348 2448 2403 homo
2478 2347 2634 2418 stylo
2660 2362 2901 2420 quoque
2932 2364 3057 2403 sese
3083 2346 3297 2419 prodit.

509 2437 584 2490 De
635 2435 1029 2490 voluntatibus
1057 2437 1342 2505 gnomicis
1373 2435 1578 2490 subtili
1608 2436 2065 2503 argumentandi
2106 2442 2160 2491 et

512 2524 846 2592 argutiendi
888 2524 1065 2579 modo
1094 2524 1264 2580 facile
1295 2530 1541 2580 caateros
1574 2530 1839 2596 superat.
1877 2527 2161 2581 Praeterea

512 2614 737 2683 dogma
766 2612 841 2666 de
872 2612 1199 2668 aeternitate
1228 2629 1547 2685 pcenarum
1578 2614 1935 2671 defenditur.
1984 2614 2160 2669 realis
2270 2611 2576 2668 catholicae
2605 2612 2881 2668 doctrinae
2908 2629 3185 2669 normam
3216 2629 3325 2669 nec
3354 2615 3630 2669 accurate
3671 2618 3729 2668 et
3758 2622 3931 2668 caute

514 2701 731 2757 Christi
766 2701 825 2756 in
893 2702 1262 2758 Eucharistia
1313 2702 1650 2774 praesentia,
1714 2703 2045 2774 baptismus
2101 2703 2163 2759 in
2270 2701 2411 2759 satis
2436 2702 2718 2772 disputari
2744 2706 2798 2758 et
2819 2702 3097 2759 abstrusa
3119 2702 3484 2770 quaedamex
3510 2702 3931 2774 areopagiticis

517 2790 2166 2864 Trinitatistantumnomineadministrandus,perpetua
2275 2791 2507 2863 scriptis
2536 2792 2756 2847 hausta
2796 2791 2856 2847 in
2899 2792 3251 2861 Dogmatt‘cis
3302 2791 3575 2846 diatribis
3619 2792 3931 2855 contineri,

518 2880 709 2935 beatae
742 2879 931 2936 Mariae
969 2879 1277 2950 virginitas
1304 2880 1470 2936 haud
1507 2880 1830 2951 incongrue
1861 2881 2169 2937 vindican-
2276 2896 2410 2952 quae
2442 2895 2649 2936 sanam
2689 2880 3257 2952 interpretationem,
3299 2880 3407 2935 etsi
3445 2895 3565 2935 non
3594 2880 3935 2943 excludere,

2341 2524 2433 2580 15.
2475 2522 2623 2578 Illud
2655 2524 2897 2579 demum
2930 2524 3314 2593 monendum,
3355 2523 3646 2580 nonnulla
3683 2539 3806 2579 non
3848 2525 3929 2582 ad

519 2973 615 3025 tur
643 2968 780 3039 (76).

2278 2974 2536 3026 attamen
2565 2968 2871 3025 difﬁcilem
2902 2969 3149 3025 omnino
3175 2969 3424 3025 reddere
3450 2970 3770 3024 videantur.
3808 2972 3938 3025 Non

592 3060 681 3114 13.
720 3057 907 3113 Tertio
927 3056 1173 3113 demum
1208 3056 1340 3113 loco
1367 3058 1612 3114 veniunt
1636 3057 1852 3114 diversi
1878 3058 2171 3127 argmenti
2208 3097 2249 3150 Ο
2281 3073 2351 3113 ea
2390 3062 2640 3121 tantum,
2691 3073 2827 3128 quae
2869 3057 2946 3112 ad
2984 3057 3452 3112 controversiam
3494 3056 3731 3111 Latinos
3780 3056 3941 3111 inter

521 3136 901 3219 quaestiones.
931 3146 1100 3203 Modo
1126 3145 1450 3204 Aristotelis
1469 3146 1800 3216 categorias
1829 3148 1961 3217 (77),
1996 3146 2173 3202 modo

521 3237 756 3291 Patrum
786 3236 869 3306 (et
897 3235 1139 3307 quidem
1170 3236 1434 3305 Gregorii
1476 3234 1850 3301 Nazianzeni,
1895 3234 2089 3307 Cyrillt
2120 3239 2175 3290 et

522 3324 768 3379 Joannis
799 3324 1062 3395 Climaci)
1101 3324 1259 3380 dicta
1289 3326 1402 3394 (78)
1445 3331 1883 3381 commentatur
1913 3324 2173 3380 Photius.

525 3411 618 3467 Ad
648 3410 954 3466 historiam
988 3412 1333 3469 litterariam
1368 3417 1641 3484 spectant
1669 3429 1805 3484 quae
1840 3413 1916 3467 de
1942 3412 2177 3467 Asteriis

527 3505 584 3555 et
608 3500 680 3556 de
701 3500 953 3555 Eusebio
981 3500 1327 3557 Caesariensi
1354 3501 1620 3573 disputat
1651 3502 1762 3571 (79)
1800 3518 1812 3565 ;
1838 3501 1917 3556 ad
1948 3500 2177 3572 mytho-

526 3589 750 3658 logiam
783 3604 919 3661 quae
949 3589 1021 3645 de
1060 3589 1304 3646 Hercule
1331 3590 1651 3646 Amaltheae
1682 3606 1867 3646 cornu
1913 3595 2177 3658 gestante

528 3678 780 3743 disserit,
804 3678 881 3734 ad
916 3678 1301 3749 philologiam
1330 3679 1526 3736 brevis
1552 3679 1627 3735 de
1648 3678 1811 3735 verbi
1833 3679 1939 3751 εἰμι
1965 3678 2181 3734 redun-

529 3766 737 3823 dantia
752 3771 1031 3822 tractatus
1044 3766 1175 3838 (80).
1192 3766 1470 3823 Rationes
1483 3767 2021 3839 quadragesimalis
2032 3766 2110 3836 jej
2123 3783 2182 3821 u-

528 3856 610 3911 nii
638 3860 691 3912 et
721 3859 951 3911 statutae
981 3856 1058 3911 ab
1087 3856 1341 3911 Ecclesia
1370 3856 1815 3926 irregularitatis
1847 3872 1918 3911 ex
1950 3856 2182 3912 defectu

530 3945 796 4016 corporis
826 3944 1096 4016 exquirit,
1130 3944 1204 4000 de
1234 3944 1382 4000 ideis
1414 3945 1748 4011 l’latonicis,
1780 3945 1854 4001 de
1887 3960 2100 4015 genere
2126 3951 2181 4001 et

531 4034 745 4105 specie,
770 4034 844 4088 de
858 4033 1218 4105 Sibyllarum
1232 4050 1505 4097 numero,
1528 4034 1602 4089 de
1625 4042 1921 4103 magnete,
1947 4034 2020 4088 de
2039 4034 2181 4090 anni

530 4121 732 4187 initiis,
763 4122 838 4177 de
856 4121 1155 4188 Kalendis,
1180 4121 1361 4178 Nonis
1379 4127 1433 4179 et
1454 4122 1648 4178 Idibus
1670 4122 1918 4194 aliisque
1932 4123 2183 4178 breviter

532 4212 656 4282 agit
686 4212 819 4284 (81).
858 4212 967 4266 Tot
1009 4227 1078 4266 ac
1121 4216 1241 4267 tam
1290 4211 1525 4267 diversa
1558 4219 1914 4281 argumenta
1966 4210 2179 4283 partim

529 4300 889 4359 brevissima
902 4300 1286 4373 responsione
1300 4300 1517 4372 partim
1530 4300 1758 4371 prolixa
1771 4301 2181 4356 dissertatione

530 4392 646 4448 hoc
673 4390 1220 4465 Amphilochiorum
1257 4405 1435 4463 opere
1466 4390 1701 4447 Photius
1726 4391 1937 4447 evolvit
1972 4394 2028 4445 et
2056 4388 2181 4445 illu-

534 4481 760 4537 stravit.

606 4570 698 4625 14.
738 4571 799 4625 In
823 4575 992 4626 tanta
1018 4586 1213 4625 rerum
1243 4569 1865 4643 disceptationumque
1890 4570 2043 4625 mole
2075 4570 2181 4626 mi-

532 4672 668 4716 rum
694 4673 836 4716 sane
859 4659 1015 4715 haud
1037 4663 1142 4724 est,
1160 4658 1323 4732 quod
1342 4675 1462 4717 non
1479 4659 1683 4717 omnia
1708 4659 1919 4716 eadem
1939 4674 2179 4732 prorsus

634 4890 722 4961 69)
763 4889 829 4944 V.
873 4904 959 4961 gr.
990 4904 1049 4961 q.
1078 4893 1136 4961 1,
1166 4892 1252 4958 21,
1290 4888 1411 4944 153.

633 4958 721 5029 70)
763 4962 824 5015 ν.
860 4958 945 5027 gr.
980 4958 1035 5029 (ι’,
1065 4958 1153 5013 42.

633 5030 721 5103 74)
765 5033 924 5097 0.70
957 5030 1105 5101 (Mai.
1134 5031 1175 5085 4.
1210 5045 1284 5101 c.,
1317 5031 1521 5103 p.85).

634 5106 724 5171 72)
764 5105 836 5168 ο.
873 5107 977 5159 316
1009 5103 1163 5167 (Mai,
1192 5118 1249 5173 p.
1280 5102 1406 5172 456)
1441 5120 1453 5169 ;
1487 5102 1769 5171 295(Mai,
1801 5117 1860 5174 p.
1896 5103 2040 5172 449).

610 5174 728 5244 (73)
761 5178 825 5239 Q.
869 5175 933 5228 59
961 5174 1136 5245 (Mai),
1169 5190 1229 5244 p.
1264 5175 1353 5244 67)
1391 5189 1402 5227 :
1438 5177 1537 5229 265
1568 5174 1718 5244 (Mai,
1754 5190 1812 5245 p.
1848 5174 2001 5243 129).

611 5249 727 5316 (74)
769 5248 840 5312 o.
897 5246 1020 5309 474,
1060 5245 1155 5300 484
1188 5261 1335 5317 seq.,
1372 5246 1493 5311 493,
1549 5245 1669 5308 495,
1711 5250 1832 5308 2-23,
1885 5246 2008 5308 2-25,
2061 5246 2187 5301 228-

540 5319 665 5373 251.

614 5391 727 5470 (75)
746 5388 842 5470 Sic
868 5387 1123 5470 refellere
1152 5390 1405 5470 conatur
1429 5390 1849 5470 argumentum
1868 5390 2188 5470 erPatrum

542 5456 1354 5529 locutionibusdesumptum,
1371 5475 1407 5529 q
1420 5457 1591 5512 uibus
1607 5456 1851 5526 Spiritus
1868 5458 1983 5513 Filii
2000 5460 2189 5524 imago

542 5533 756 5588 dicitur
782 5536 868 5603 (q.
896 5532 997 5585 225
1033 5546 1045 5595 ;
1080 5530 1203 5600 Mai,
1230 5546 1296 5603 Ap.
1321 5532 1467 5599 113),
1497 5536 1918 5603 argumentum
1946 5546 2015 5583 ex
2050 5530 2191 5585 mis-

544 5605 707 5660 sione
736 5599 1068 5658 derivatum
1102 5599 1195 5672 (q.
1226 5601 1346 5671 [88)
1371 5616 1440 5672 ac
1471 5601 1715 5672 demum
1750 5599 1891 5672 illud
1924 5616 2185 5672 quoque,

542 5674 708 5745 quod
738 5674 799 5729 in
821 5672 1106 5729 Photiana
1126 5670 1443 5743 hypothesi
1468 5670 1673 5727 Filium
1700 5675 1754 5725 et
1779 5670 2189 5740 Spirit’um'fra-

2283 3150 2463 3218 atque
2493 3148 2721 3201 Grmcos
2746 3146 3051 3215 agitatam,
3088 3161 3217 3213 seu,
3252 3152 3309 3199 ut
3353 3145 3561 3200 rectius
3590 3145 3938 3216 loquamur,

2285 3234 2362 3290 ad
2393 3233 2615 3303 dogma
2642 3233 2716 3288 de
2749 3233 2994 3303 Spiritus
3014 3234 3203 3289 sancti
3225 3249 3296 3289 ex
3323 3236 3487 3288 Patre
3510 3232 3777 3303 Filioque
3808 3249 3942 3305 pro-

2285 3322 2550 3378 cessione
2576 3323 2929 3387 referuntur,
2949 3338 3157 3377 verum
3179 3326 3236 3376 et
3253 3323 3535 3394 quaedam
3558 3320 3695 3388 alia,
3723 3338 3861 3394 qua:
3882 3322 3939 3377 in

2286 3411 2447 3466 hisce
2476 3409 2879 3482 questionibus
2908 3416 3248 3475 occurrunt,
3273 3412 3394 3465 suis
3424 3409 3781 3483 plerumque
3797 3411 3937 3467 locis

2287 3500 2364 3561 ab
2384 3498 2709 3555 editoribus
2728 3500 3010 3556 adnotata
3039 3516 3075 3555 a
3100 3500 3385 3569 gravibus
3403 3516 3473 3555 ac
3499 3499 3759 3555 cordatis
3776 3500 3936 3555 theo-

2286 3588 2438 3658 logis
2471 3588 2586 3643 hac
2614 3588 2672 3643 in
2704 3594 2869 3659 parte
2901 3588 3357 3660 perstringenda
3400 3593 3555 3644 sunt.
3589 3590 3941 3645 Locutiones

2288 3692 2447 3748 saepe
2464 3676 2541 3733 ab
2563 3676 2932 3734 eclesiastico
2953 3677 3235 3750 loquendi
3258 3694 3372 3733 usu
3403 3676 3687 3733 differunt
3706 3682 3766 3732 et
3789 3677 3942 3733 difti-

2289 3764 2599 3822 cultatibus
2618 3772 2757 3821 sunt
2772 3766 3069 3831 obnoxia,
3094 3782 3349 3837 quarum
3369 3771 3565 3822 tamen
3585 3766 3782 3836 major
3798 3782 3941 3838 pars

2289 3860 2623 3927 opportune
2655 3871 2725 3909 ex
2749 3854 2879 3910 aliis
2910 3855 3148 3910 Photius
3174 3856 3320 3911 locis
3337 3854 3554 3927 exponi
3585 3856 3821 3927 poterit.
3851 3855 3944 3910 Sic

2289 3943 2532 4014 quando
2563 3941 2637 3998 de
2665 3943 2893 3999 Christo
2916 3943 3188 4015 loquens.
3218 3965 3245 3993 «
3281 3946 3405 3999 Non
3428 3948 3627 3999 tamen
3646 3943 3945 3999 hominem

2292 4033 2478 4087 Deum
2531 4030 2800 4095 facimus,
2854 4031 3061 4103 inquit,
3111 4031 3266 4087 absit
3316 4032 3454 4101 (82),
3506 4052 3534 4082 ››
3587 4031 3648 4087 id
3706 4032 3949 4087 sinistre

2292 4120 2478 4192 accipi
2507 4120 2732 4192 nequit,
2756 4136 2892 4175 cum
2920 4120 3210 4175 sexcentis
3234 4120 3381 4176 locis
3404 4119 3647 4176 Photius
3671 4137 3853 4176 suam
3886 4122 3951 4175 de

2291 4209 2699 4264 incarnatione
2725 4208 3057 4265 doctrinam
3091 4208 3419 4265 luculenter
3458 4213 3741 4281 exponat.
3785 4210 3954 4281 Smpe

2291 4298 2504 4354 erroris
2523 4298 2752 4353 umbrae
2778 4297 3048 4370 quaedam
3077 4297 3356 4354 lectorem
3377 4298 3611 4364 feriunt,
3646 4313 3787 4355 raro
3824 4314 3954 4353 vero

2213 4425 2257 4479 D
2293 4388 2481 4458 aperti
2498 4402 2750 4443 errores.
2783 4388 2893 4443 Sed
2919 4386 3048 4457 jam
3075 4385 3150 4441 ad
3183 4386 3513 4458 pleniorem
3531 4388 3725 4442 nostri
3749 4388 3952 4458 operis

2292 4477 2582 4541 notitiam,
2604 4476 2680 4530 ad
2705 4491 2921 4547 eaquae
2943 4475 3020 4532 ad
3040 4481 3393 4547 praesentem
3413 4475 3743 4531 editionem
3761 4477 3955 4531 subsi-

2291 4566 2388 4620 dia
2421 4569 2598 4636 atque
2647 4563 3011 4621 adminicula
3042 4563 3463 4637 praestiterunt,
3520 4564 3798 4620 animum
3837 4582 3953 4621 ver-

2291 4661 2513 4713 tamus.

2294 4894 2412 4959 tres
2438 4891 2560 4943 tore
2591 4885 2897 4943 contendit
2925 4888 3011 4959 (q.
3041 4886 3153 4957 28).

2368 4958 2480 5099 (7s)
2521 4960 2592 5023 ρ.
2630 4960 2718 5022 43,
2749 4960 2836 5023 43,
2866 4958 3107 5027 73,474.

2393 5030 2481 5099 77)
2525 5033 2589 5094 ο.
2631 5032 2750 5093 437,
2787 5030 2911 5084 447.

2393 5030 2481 5099 77)
2525 5033 2589 5094 Q.
2631 5032 2750 5093 437,
2787 5030 2911 5084 447.

2369 5102 2481 5171 (73)
2524 5102 2589 5165 Q.
2625 5102 2711 5164 7s,
2747 5101 2872 5161 233,
2907 5100 3031 5167 243,
3061 5099 3189 5154 273.

2370 5174 2484 5243 (79)
2514 5172 2581 5239 Q.
2610 5173 2736 5237 342,
2765 5173 2887 5226 224.

2372 5244 2482 5309 (so,-
2524 5248 2586 5308 ρ.
2634 5244 2756 5307 405,
2804 5243 2920 5305 407,

2372 5318 2485 5381 (8|)
2528 5316 2590 5378 Ο.
2626 5315 2747 5377 130,
2781 5314 2865 5376 20,
2905 5314 3147 5377 77,150,
3192 5314 3312 5378 131,
3343 5314 3465 5373 334.
3494 5314 3620 5367 242.

2369 5386 2481 5455 (82)
2526 5386 2608 5439 Cf.
2634 5402 2702 5440 ea
2725 5385 3123 5455 quzediximus
3142 5385 3196 5439 in
3222 5385 3872 5441 Animadversionibus
3891 5385 3962 5438 ad

2303 5457 2490 5582 Phglii
2552 5459 2632 5513 De
2692 5457 2925 5525 Spiritu
2978 5457 3035 5511 S.
3093 5459 3458 5525 myslagogia
3507 5458 3751 5527 librum,
3814 5460 3844 5527 ἓ
3914 5460 3955 5520 1,

2303 5544 2356 5582 n.
2432 5569 2441 5579 .

2300 5544 2356 5582 Il.
2393 5544 2441 5582 ὅ.

2370 5598 2481 5667 (33)
2524 5598 2601 5653 cr.
2647 5613 2703 5669 q.
2749 5596 2865 5656 484.
