4086 6190
396 257 482 315 19.
1658 253 1727 309 ΙΝ
1768 252 2044 308 AMPHIL

2163 253 2271 307 lIA
2310 252 2550 309 ΡΗΟΤΙΙ
3747 255 3817 309 20

394 399 530 441 mus
567 397 770 439 mense
799 381 1001 439 Martio
1027 380 1169 438 anni
1217 381 1348 437 1857
1382 381 1501 437 vita
1530 379 1772 436 functus
1803 393 2045 451 parasse
2080 377 2125 431 A
2224 378 2314 437 29.
2340 378 2459 435 Sed
2488 379 2538 435 is
2568 394 2692 435 non
2724 377 2887 435 solus
2916 378 3140 437 exstitit
3166 379 3391 437 fructus
3423 378 3540 435 mei
3566 377 3811 445 itineris,

394 472 705 529 dicebatur
748 473 885 543 (44),
919 472 977 527 in
1006 471 1203 528 lucem
1242 471 1616 543 prodituram
1662 486 1674 523 :
1716 470 1829 524 huc
1858 483 2047 540 usque

394 568 619 620 tameut
648 578 721 617 ea
746 576 881 633 spes
910 560 970 616 in
999 576 1114 615 rem
1145 560 1309 616 haud
1336 560 1589 615 transiit.
1628 558 1920 631 Equidem
1947 558 2049 612 diu

395 647 796 703 desideratam
812 646 1132 701 editionem
1151 645 1372 700 frustra
1391 642 1765 715 praestolatus
1774 643 1899 713 jam
1914 648 2049 698 ante

395 734 748 804 collegeram
778 750 909 806 quas
934 738 1276 807 opportuna
1307 737 1476 789 erant
1504 732 1582 789 ad
1607 732 1943 788 accuratius
1974 730 2049 786 de

395 826 507 882 hoc
532 840 709 897 opere
733 824 1024 895 judicium
1050 822 1389 893 ferendum,
1420 838 1489 879 ac
1524 822 1763 879 tandem
1790 820 2050 879 occasio-

394 930 532 971 nem
562 918 775 971 nactus
804 928 939 969 sum
978 912 1270 969 editarum
1300 911 1699 984 quaestionum
1730 925 2049 966 numerum

394 1001 725 1075 ampliandi
754 1005 810 1058 et
838 1000 1117 1072 augendi.
1148 1000 1319 1067 Quod
1347 1016 1470 1073 quo
1500 1004 1667 1071 pacto
1696 998 1922 1055 factum
1955 998 2044 1065 sit,

390 1094 519 1164 jam
551 1093 755 1165 paucis
788 1096 877 1147 est
906 1090 1330 1148 enarrandum.

466 1184 553 1237 28.
579 1183 713 1237 Cum
756 1196 956 1238 mense
1003 1180 1239 1237 Octobri
1280 1180 1422 1235 anni
1466 1179 1603 1236 1857
1651 1180 1855 1233 Roma:
1894 1177 2046 1232 Vati-

395 1287 574 1327 canos
621 1270 917 1341 quosdam
946 1270 1181 1326 codices
1221 1269 1597 1340 inspicerem,
1638 1267 1883 1323 citatum
1919 1266 2049 1337 jam

394 1360 661 1416 codicem
710 1375 769 1414 n.
804 1360 938 1413 1923
987 1363 1278 1422 notatum,
1320 1374 1442 1430 quo
1495 1359 1616 1412 Em.
1664 1356 1848 1412 Maius
1900 1372 2047 1410 usus

394 1451 605 1513 fuerat,
651 1448 1003 1519 perlustravi
1054 1453 1111 1503 et
1150 1449 1490 1503 universam
1531 1445 1931 1518 quaestionum
1961 1460 2046 1500 se-

395 1538 539 1593 riem
571 1553 691 1593 una
713 1553 849 1592 cum
891 1537 1119 1609 aliquot
1144 1536 1408 1593 nondum
1439 1535 1610 1591 editis
1642 1534 1821 1603 hujus
1851 1533 2049 1605 operis

394 1628 661 1700 partibus
692 1626 999 1697 descripsi.
1036 1624 1152 1680 Sed
1179 1625 1494 1682 Novembri
1528 1640 1729 1679 mense
1762 1622 1961 1678 medio
1989 1622 2048 1677 in

2155 468 2322 541 quod
2340 472 2399 523 2t
2434 469 2798 540 questiones
2830 484 2987 525 nunc
3010 470 3275 541 primum
3312 467 3559 525 edendas
3588 468 3731 523 mihi
3755 468 3815 523 in

2155 561 2443 629 promptu
2476 563 2613 614 sunt
2644 576 2660 627 ;
2708 573 2919 614 verum
2950 563 3006 614 et
3047 574 3118 614 ex
3144 558 3352 614 ordine
3378 573 3448 613 ac
3475 556 3625 612 serie
3651 572 3816 628 quae-

2158 647 2421 703 stionum
2461 646 2814 703 earumdem
2852 662 3174 703 numerum
3210 645 3681 718 probabiliorem
3716 644 3816 700 de-

2155 740 2353 807 tegere
2380 734 2562 792 licuit.
2588 737 2651 792 In
2678 735 3149 807 Vaticanoporro
3176 740 3310 791 sunt
3342 734 3399 789 t7
3429 734 3813 806 quaestiones,

2155 824 2376 897 quibus
2418 824 2814 881 Coislinianus
2858 829 3016 882 caret
3060 826 3194 895 (47),
3251 828 3307 880 et
3356 824 3671 879 Vaticanus
3712 839 3816 879 sex

2155 914 2491 971 destituitur
2510 913 2959 987 quaestionibus,
2989 930 3128 986 quae
3175 913 3236 970 in
3274 912 3641 970 Coisliniano
3682 928 3816 984 pro-

2155 1007 2314 1061 stant
2353 1005 2464 1075 (48)
2495 1008 2549 1060 et
2578 1018 2702 1060 una
2730 1003 2848 1069 illa,
2880 1018 3067 1076 quam
3095 1002 3475 1059 Taurinensis
3502 1002 3817 1074 propriam

2157 1109 2342 1165 supra
2372 1092 2633 1148 diximus
2665 1093 2805 1163 (49).
2839 1091 2897 1149 Si
2927 1090 3209 1148 addimus
3238 1090 3597 1149 Coisliniano
3623 1090 3819 1148 codici

2154 1198 2332 1255 quem
2357 1183 2460 1239 306
2491 1181 2773 1239 diatribas
2808 1179 3196 1254 suppeditare
3227 1180 3521 1244 novimus,
3564 1184 3625 1234 17
3658 1180 3719 1236 in
3750 1196 3819 1235 eo

2155 1272 2485 1328 deﬁcientes
2537 1288 2606 1327 ex
2662 1270 2947 1328 Vaticano
2992 1275 3049 1326 et
3091 1285 3275 1326 unam
3321 1285 3389 1325 ex
3439 1269 3816 1334 Taurinensi,

2155 1365 2262 1417 3211
2289 1360 2648 1434 quaestiones
2668 1359 3053 1417 habebimus.
3084 1358 3306 1414 Pariter
3325 1358 3377 1413 si
3398 1357 3685 1415 Vaticano
3716 1374 3815 1414 co-

2155 1449 2271 1505 dici
2299 1447 2573 1505 membra
2601 1447 2935 1504 deficientia
2966 1447 3268 1512 addimus,
3295 1448 3369 1501 ad
3392 1447 3671 1503 eumdem
3703 1462 3818 1502 nu-

2159 1554 2391 1594 merum
2442 1536 2789 1593 deducimur
2836 1538 2972 1607 (50),
3005 1538 3070 1592 Ut
3109 1551 3254 1592 vero
3286 1536 3488 1591 varius
3534 1535 3816 1591 codicum

2158 1628 2303 1683 ordo
2335 1626 2545 1683 melius
2576 1625 2787 1698 dispici
2822 1630 3022 1698 queat,
3058 1614 3308 1689 indices,
3337 1624 3552 1695 quibus
3580 1625 3729 1681 inter
3750 1640 3815 1681 se

394 1716 647 1788 patriam
687 1714 878 1771 redire
904 1718 1146 1769 coactus
1176 1713 1583 1785 imperfectum
1620 1712 1889 1768 laborem
1926 1710 2049 1766 reli-
2085 1732 2127 1787 Β
2157 1721 2604 1788 comparantur,
2639 1716 2820 1771 textui
2851 1714 3236 1785 subjecimus.

394 1805 517 1877 qui.
566 1804 846 1877 Sequenti
892 1819 1053 1859 anno
1093 1805 1342 1860 Venetiis
1398 1803 1461 1859 in
1508 1802 1807 1859 Marciana
1845 1800 2051 1857 biblio-

396 1894 567 1950 theca
589 1893 859 1964 ejusdem
878 1892 1145 1949 Vaticani
1164 1892 1384 1948 codicis
1399 1892 1818 1963 apographum
1836 1893 2049 1945 nactus

398 1999 555 2048 sum,
587 1983 751 2054 quod
782 1982 895 2037 sibi
930 1982 1216 2037 Antonius
1249 1980 1538 2037 Catiforus
1573 1984 2047 2051 comparaverat,

396 2071 501 2143 qui
535 2076 592 2127 et
636 2071 904 2127 Latinam
948 2071 1280 2125 versionem
1328 2069 1601 2125 omnium
1644 2067 2049 2139 quaestionum

395 2160 708 2229 diligenter
734 2159 1001 2215 exaravit
1020 2163 1076 2215 et
1102 2158 1594 2214 adnotationibus
1610 2156 1793 2212 anxit.
1827 2154 2048 2211 Exinde

395 2263 466 2305 ea
484 2263 620 2320 quae
636 2248 783 2303 mihi
800 2248 859 2303 in
874 2247 1245 2316 longioribus
1270 2246 1598 2317 praesertim
1618 2243 2049 2316 quaestionibus

395 2339 643 2394 deerant
676 2336 973 2403 complevi
1019 2341 1362 2407 textumque
1394 2338 1661 2391 Graecum
1709 2333 1913 2405 quoad
1948 2349 2051 2387 un-

396 2426 591 2481 decim
647 2426 722 2481 de
773 2426 1088 2495 Categoriis
1152 2424 1470 2480 Aristotelis
1521 2421 2049 2479 commentationes

397 2530 602 2569 rursus
634 2514 968 2583 recognovi,
1013 2529 1170 2585 quas
1220 2518 1362 2568 tunc
1408 2512 1570 2567 solas
1608 2511 1783 2566 edere
1830 2525 2049 2582 propo-

397 2618 651 2668 sueram,
680 2602 1014 2674 eodemque
1038 2608 1301 2671 tempore
1332 2606 1388 2656 et
1416 2601 1680 2657 Latinam
1713 2599 2049 2655 versionem

396 2691 796 2765 quaestionum
834 2690 1288 2762 quatuordecim
1322 2690 1436 2760 (45)
1464 2689 1733 2745 nondum
1759 2688 2049 2743 edilarum

398 2779 913 2836 transcribendam
941 2779 1154 2849 majori
1185 2795 1258 2835 ex
1288 2784 1455 2849 parte
1486 2777 1712 2841 curavi,
1742 2792 1878 2848 quae
1917 2776 2050 2831 luce

398 2869 646 2925 omnino
684 2869 872 2938 digna
902 2869 1026 2924 visa
1072 2872 1178 2923 est.
1209 2868 1300 2924 Sic
1332 2867 1577 2924 tandem
1604 2867 1812 2921 iterato
1843 2865 2050 2921 labore

398 2958 605 3028 viginti
632 2964 686 3014 et
718 2974 899 3014 unam
931 2958 1313 3028 quaestionem
1337 2958 1453 3027 (46)
1481 2955 1678 3010 Graece
1715 2954 1861 3010 mihi
1892 2969 2047 3009 com-

395 3062 773 3119 paraveram,
800 3062 936 3118 quae
967 3044 1239 3102 nondum
1271 3045 1525 3114 vulgatae
1555 3045 1716 3100 fuere
1751 3060 1764 3109 ;
1798 3043 1877 3099 ob
1904 3048 2049 3099 tem-

395 3137 559 3209 poris
591 3135 897 3206 angustias
926 3150 1045 3189 non
1075 3150 1285 3191 omnes
1310 3134 1564 3192 ineditas
1592 3133 1867 3204 colligere
1888 3132 2052 3187 licuit

398 3230 453 3280 et
496 3224 755 3296 reliquas
788 3223 984 3279 solum
1017 3239 1087 3279 ea
1128 3226 1323 3279 mente
1372 3223 1612 3295 perlegi,
1646 3228 1707 3277 ut
1755 3223 1828 3277 de
1858 3219 2049 3275 Pothii

398 3314 681 3385 operibus
706 3317 965 3377 acturus,
1000 3312 1145 3383 quid
1177 3312 1426 3381 singulae
1455 3311 1837 3375 continerent,
1867 3309 2050 3364 habe-

396 3418 522 3458 rem
540 3400 913 3471 exploratum
943 3400 1117 3466 ;hinc
1138 3416 1331 3471 pauca
1357 3400 1499 3454 mihi
1521 3400 1578 3453 in
1604 3399 1839 3454 schedis
1864 3398 2049 3452 adno-

399 3489 517 3546 tavi
552 3490 691 3544 huic
724 3487 1079 3545 sufficientia
1107 3503 1310 3559 scopo,
1345 3494 1557 3543 caetera
1587 3489 1647 3541 in
1674 3487 1850 3542 aliam
1883 3502 2051 3541 occa-

398 3580 627 3634 sionem
657 3578 983 3639 remittens,
1016 3594 1137 3649 qua
1172 3576 1463 3640 Venetias,
1498 3576 1707 3631 urbem
1738 3574 1883 3630 mihi
1914 3574 2051 3629 cha-

398 3668 717 3733 rissimam,
780 3671 833 3722 et
887 3665 1247 3722 Marcianam
1320 3664 1766 3729 bibliothecam,
1830 3662 2049 3733 insigni

398 3756 731 3811 urbanitate
768 3755 1080 3809 clarissimi
1115 3755 1177 3807 D.
1208 3753 1567 3808 Valentinelli
1601 3752 1872 3823 ejusdem
1904 3768 2051 3825 prae-

400 3845 531 3901 fecti
554 3844 749 3899 adhuc
766 3844 1102 3916 gratiorem,
1124 3844 1242 3897 Deo
1266 3844 1515 3913 propitio
1538 3848 1883 3913 repeterem.
1910 3844 2050 3906 Quae

400 3949 535 4006 spes
578 3932 695 3989 huc
727 3948 917 4005 usque
965 3932 1026 3989 in
1075 3948 1202 3988 rem
1245 3948 1366 3988 non
1410 3918 1655 3987 tranSiit.
1700 3930 1867 3986 Nunc
1912 3946 2051 3986 vero

401 4022 624 4093 scripta
653 4037 807 4085 mea,
835 4037 972 4093 quae
997 4037 1070 4077 ex
1104 4027 1352 4093 utroque
1379 4021 1581 4076 itinere
1624 4021 1821 4076 Italico
1853 4036 2054 4090 repor-

400 4115 683 4177 taveram,
708 4110 1058 4179 recolligens
1081 4108 1397 4165 commode
1416 4108 1704 4164 editarnm
1730 4108 1843 4163 huc
1864 4124 2052 4181 usque

397 4199 1028 4270 Amphilochianorum
1051 4199 1449 4272 quaestionum
1466 4214 1779 4252 numerum
1798 4214 1947 4252 nova
1960 4214 2053 4252 ac-

401 4289 669 4345 cessione
714 4305 751 4346 a
790 4306 885 4345 me
927 4289 1130 4359 augeri
1172 4303 1349 4358 posse
1398 4286 1797 4343 animadverti
1828 4292 1881 4342 et
1912 4302 2051 4341 cum

401 4392 491 4441 ea,
522 4394 652 4448 qua;
686 4382 1036 4449 supererant
1079 4376 1331 4440 edenda,
1367 4376 1565 4431 omnia
1598 4376 1740 4430 dare
1772 4376 2053 4447 nequive-

400 4466 532 4529 rim,
567 4472 882 4537 comptura
914 4471 1114 4521 tamen
1148 4464 1553 4535 majoremque
1586 4468 1815 4535 partem
1850 4464 2054 4519 danda

403 4554 757 4609 existimavi.
784 4556 921 4617 Quae
948 4553 1453 4609 licctbrevissimo
1484 4557 1745 4624 tempore
1768 4569 1836 4608 ex
1861 4568 2053 4607 exem-

405 4642 672 4714 plaribus
730 4644 1149 4712 manuscriptis
1207 4642 1417 4696 hausta
1468 4657 1586 4696 non
1642 4642 1873 4710 ingrata
1930 4641 2054 4696 fore

402 4731 641 4791 eruditis
670 4746 864 4801 spero,
890 4730 1109 4802 quibus
1136 4746 1289 4785 nunc
1312 4732 1411 4785 313
1446 4730 1805 4801 quaestiones
1834 4736 2054 4801 praesto
2136 4767 2146 4781 .

408 4824 599 4876 erunt.

2229 1810 2297 1863 30
2342 1807 2469 1861 Jam
2516 1821 2656 1861 vero
2706 1809 2842 1860 ante
2893 1820 3005 1860 nos
3055 1804 3349 1861 editarum
3397 1803 3813 1875 quaestionum

2158 1900 2383 1951 textum
2398 1909 2821 1965 recognoscere
2834 1908 3169 1966 omnesque
3182 1908 3283 1950 eas
3306 1892 3817 1950 Latinainslruere

2157 1985 2426 2041 versione
2465 1998 2573 2039 nec
2606 1983 2890 2054 temporis
2941 1983 3093 2039 ratio
3121 1998 3230 2039 nec
3260 1986 3604 2038 nostrorum
3637 1996 3821 2052 nego-

2158 2075 2374 2129 tiorum
2408 2072 2723 2128 multitudo
2754 2072 3023 2140 sinebat;
3047 2072 3178 2127 hinc
3210 2072 3340 2142 jam
3361 2070 3667 2142 publicata
3696 2073 3822 2127 fere

2158 2162 2362 2219 omnia
2386 2162 2610 2217 intacta
2632 2161 3051 2232 relinquimus.
3076 2162 3352 2217 Attamen
3374 2160 3521 2216 data
3534 2164 3817 2232 opportu-

2157 2251 2332 2307 nitate
2354 2248 2621 2308 codicem
2651 2251 3062 2305 Monacensem
3099 2251 3219 2315 553,
3248 2248 3349 2320 qui
3381 2248 3567 2306 Photii
3595 2250 3820 2317 Episto-

2159 2341 2267 2404 las,
2300 2338 2558 2395 continet
2588 2340 2726 2408 (51),
2759 2354 2899 2394 cum
2940 2336 3294 2393 Londinensi
3325 2337 3583 2393 editione
3614 2338 3819 2394 confe-

2157 2428 2340 2493 rendi,
2366 2427 2689 2484 nonnullas
2715 2427 3111 2483 correctiones
3141 2430 3195 2482 et
3212 2426 3509 2483 variantes
3534 2426 3818 2483 lectiones

2160 2518 2577 2586 suggessimus
2602 2516 2806 2587 quoad
2836 2516 3200 2587 quaestiones
3232 2531 3305 2572 ex
3337 2515 3520 2571 Photii
3550 2516 3819 2587 epistolis

2156 2607 2216 2662 in
2247 2606 2661 2675 Amphilochia
2688 2604 3029 2660 translatas.
3060 2606 3349 2661 Caeterum
3376 2611 3433 2660 et
3456 2604 3596 2660 alibi
3629 2604 3819 2662 adno.

2160 2696 2437 2759 tavimus,
2468 2710 2603 2764 quae
2628 2694 2801 2749 nobis
2837 2694 2989 2750 inter
3026 2692 3143 2750 alia
3181 2694 3381 2750 studia
3423 2693 3821 2751 occurrebant

2160 2785 2281 2841 suis
2323 2784 2469 2840 locis
2508 2788 2839 2854 opportune
2873 2782 3428 2839 animadvertenda.
3468 2783 3646 2855 Igitur
3676 2799 3817 2840 cum

2159 2873 2287 2929 aliis
2335 2872 2572 2929 distenti
2613 2871 2925 2928 laboribus
2966 2887 3076 2928 nec
3125 2871 3293 2943 prius
3344 2888 3518 2927 novis
3572 2872 3819 2929 editioni

2157 2962 2703 3031 Amphilochiorum
2733 2961 2943 3017 intenti
2973 2961 3306 3016 amicorum
3337 2961 3578 3018 hortatu
3615 2962 3693 3017 ad
3724 2961 3819 3018 iu-

2082 3081 2121 3136 C
2161 3053 2394 3121 signem
2424 3051 2581 3107 hanc
2607 3053 2843 3106 Patrum
2888 3049 3536 3122 ecclesiasticorumque
3568 3050 3824 3122 scripto-

2158 3157 2294 3196 rum
2321 3140 2730 3196 collectionem
2759 3138 3026 3195 conferre
3054 3138 3283 3211 aliquid
3321 3154 3431 3211 pro
3458 3139 3686 3195 viribus
3714 3156 3822 3196 no-

2161 3230 2292 3285 stris
2346 3228 2588 3286 tandem
2644 3227 3080 3283 decreverimus
3130 3244 3145 3283 :
3206 3244 3278 3284 ea
3332 3244 3468 3299 quae
3521 3228 3695 3284 nobis
3759 3229 3823 3284 in

2158 3322 2443 3389 promptu
2474 3322 2660 3383 erant,
2686 3317 2884 3371 libenti
2907 3317 3110 3372 animo
3132 3317 3655 3387 suppeditavimus
3681 3321 3824 3373 Am-

2156 3406 2618 3479 philochz’a,qua3
2633 3421 2790 3461 nunc
2805 3406 3065 3476 primum
3082 3420 3203 3461 una
3215 3422 3352 3460 cum
3372 3404 3545 3461 editis
3558 3405 3827 3461 nondum

2159 3497 2276 3551 huc
2301 3511 2488 3567 usque
2517 3496 2577 3550 in
2610 3510 2799 3550 unum
2828 3493 3081 3549 collectis
3110 3494 3171 3549 in
3202 3494 3472 3550 medium
3497 3494 3823 3566 prodeunt.

2164 3584 2381 3642 Deinde
2424 3590 2481 3640 et
2508 3584 2784 3640 undecim
2822 3583 2951 3640 illas
2990 3584 3367 3655 quaestiones,
3399 3600 3535 3655 quae
3562 3583 3823 3640 edenda:

2160 3680 2498 3746 supersunt,
2549 3674 2669 3729 suis
2695 3674 3069 3743 signavimus
3123 3674 3411 3751 numeris,
3448 3678 3512 3727 ut
3556 3678 3611 3728 et
3642 3674 3827 3729 totius

2161 3762 2356 3833 operis
2382 3769 2731 3835 prospectus
2764 3762 2980 3834 planus
3018 3762 3123 3816 ﬁat
3160 3766 3217 3817 et
3244 3762 3393 3817 ordo
3427 3762 3695 3817 Vaticani
3723 3778 3826 3818 co-

2160 3852 2334 3918 dicis,
2366 3852 2570 3923 quoad
2596 3852 2726 3922 ejus
2753 3850 2902 3907 ﬁerit
2931 3852 3139 3923 possit,
3173 3856 3569 3907 conservetur.
3606 3853 3827 3922 Super-

2162 3945 2249 3995 est
2276 3946 2358 4006 ut,
2392 3940 2437 3994 si
2470 3940 2616 4013 quid
2645 3939 2758 3996 hoc
2785 3940 2844 3994 in
2884 3956 3060 4012 opere
3087 3956 3194 4012 pro
3222 3940 3509 4012 temporis
3530 3938 3827 3996 brevitate

2164 4029 2363 4083 minus
2394 4033 2726 4084 correctum
2758 4034 2814 4084 et
2841 4028 3172 4099 expolitum
3190 4028 3561 4096 dederimus,
3595 4028 3645 4083 si
3674 4029 3826 4100 quid

2161 4118 2220 4174 in
2253 4133 2322 4173 ea
2353 4118 2676 4189 provincia,
2712 4133 2895 4189 quam
2929 4118 3322 4189 suscepimus,
3355 4117 3821 4187 neglexerimus,

2161 4206 2326 4279 quod
2383 4206 2625 4261 minime
2664 4211 2788 4261 erat
2828 4206 3328 4277 praetereundum,
3375 4206 3535 4262 docti
3574 4206 3823 4261 lectoris

2163 4296 2399 4351 veniam
2453 4295 2863 4366 imploremus,
2914 4310 3095 4367 quem
3152 4294 3563 4351 difﬁcultatem
3622 4295 3708 4351 rei
3768 4301 3828 4352 et

2163 4385 2309 4439 tanti
2366 4384 2585 4453 negotii
2642 4384 2883 4447 molem,
2943 4400 3065 4456 quo
3122 4383 3394 4455 dispersa
3449 4384 3827 4456 disjectaque

2165 4473 2439 4528 membra
2486 4472 2546 4527 in
2582 4489 2767 4528 unum
2806 4488 3024 4544 corpus
3066 4472 3428 4542 colliguntur
3475 4488 3543 4527 ac
3608 4488 3825 4529 recens

2164 4562 2429 4627 detectis,
2472 4568 2785 4631 augentur,
2833 4562 2972 4618 satis
3008 4562 3134 4633 jam
3183 4562 3407 4617 habere
3447 4570 3825 4635 perspectam

2165 4650 2546 4707 confidimus.

480 5156 587 5226 (44)
610 5155 750 5210 Vide
768 5155 1179 5224 Ephemerides
1194 5156 1234 5209 Α
1250 5162 1591 5224 uguslanas,
1614 5186 1679 5195 —-
1696 5156 1740 5210 Α
1755 5155 2050 5225 ligemeinc

2165 5155 2421 5219 252251,
2463 5154 2585 5216 273,
2619 5154 2741 5216 276,
2776 5154 2899 5215 287,
2941 5153 3207 5226 314-317.

403 5228 676 5295 Zeitung,
705 5243 866 5283 anno
901 5229 1054 5292 1857,
1088 5243 1146 5281 n.
1199 5232 1293 5281 100
1324 5227 1631 5297 Supplem.

476 5298 587 5369 (45)
642 5302 786 5354 Sunt
825 5298 1189 5370 quiestiones
1225 5304 1307 5359 15,
1359 5299 1446 5361 77,
1498 5299 1584 5362 78,
1614 5304 1667 5351 et
1716 5306 1941 5354 craterae
1975 5317 2061 5353 sc-

407 5370 772 5493 qiienéil‘rgota
795 5370 1092 5424 recensita:
1127 5374 1355 5441 praeter,
1387 5386 1443 5440 q.
1479 5370 1594 5435 145,
1630 5373 1748 5433 117,
1787 5375 1903 5437 154,
1934 5371 2055 5438 226,

408 5446 531 5493 242.
641 5479 649 5490 .
680 5482 689 5493 .

408 5445 531 5503 242,
566 5444 689 5495 243.

479 5514 593 5582 (16)
629 5511 780 5567 Sunt
818 5528 918 5583 qq.
960 5517 1041 5575 15,
1076 5513 1163 5581 77,
1197 5516 1279 5576 78,
1334 5512 1579 5574 137-117,
1621 5512 1740 5571 151,
1776 5512 1898 5577 2-26,
1937 5518 2057 5579 233,

407 5584 530 5643 240.
566 5586 688 5647 242,
722 5586 847 5645 243,
882 5588 1005 5638 273.

478 5655 596 5723 (47)
631 5656 778 5709 Sunt
807 5669 907 5726 qq.
942 5658 1030 5721 15,
1089 5654 1205 5723 142,
1246 5654 1362 5722 148,
1424 5656 1538 5721 165,
1581 5653 1703 5717 221,
1758 5656 1880 5720 225,
1937 5658 2059 5722 213,

2239 5229 2346 5296 (48)
2376 5226 2532 5280 infra
2569 5239 2627 5294 q.
2664 5227 2895 5279 3t8-3'23
2947 5225 3028 5295 (q.
3064 5224 3248 5292 93-97,
3294 5225 3414 5291 108,
3465 5228 3587 5280 283.
3635 5227 3825 5281 Mont-

2169 5300 2351 5367 faue.)

2240 5371 2354 5439 (11))
2391 5369 2455 5432 Q.
2491 5368 2613 5421 324.

2244 5436 2357 5509 (50)
2393 5439 2679 5509 Nimirum
2705 5441 2805 5491 317
2838 5436 2907 5507 +
2936 5442 2966 5490 7
2996 5459 3068 5488 ._—_
3096 5437 3218 5493 324.

2241 5508 2353 5579 (51)
2386 5513 2481 5564 Est
2520 5508 2863 5564 chartaccus
2895 5510 2953 5563 in
2991 5512 3043 5571 4,
3085 5525 3219 5563 suae.
3252 5525 3326 5563 xv
3359 5513 3414 5563 et
3454 5526 3565 5572 xw,
3601 5526 3635 5563 a
3667 5510 3825 5564 dun-

2173 5584 2285 5639 bus
2304 5582 2551 5653 diversis
2574 5584 2972 5653 conscriptus.
2996 5580 3077 5634 Cf.
3103 5581 3174 5634 de
3198 5596 3267 5653 eo
3290 5580 3520 5635 Aretiu:
3550 5581 3822 5653 Bcilrd’gc

2173 5595 2285 5639 bus
2304 5595 2551 5636 diversts
2574 5595 2972 5705 consoni/itus.
2996 5595 3077 5634 ut.
3103 5595 3174 5634 ue
3198 5596 3267 5635 eo
3290 5595 3520 5635 Al‘ellu:
3550 5595 3707 5636 mur

2172 5670 2276 5710 ιω·
2308 5651 2633 5709 Geschichte
2662 5651 2768 5706 dor
2854 5650 3128 5716 iteratur,
3166 5658 3202 5706 1.
3237 5650 3321 5718 lx,
3366 5668 3425 5721 p.
3451 5654 3707 5708 899-906.
