3992 6182
1620 258 2011 318 PROLEGOM
2021 257 2177 315 ENA.

1863 387 1939 448 II.

3540 267 3610 320 22

608 595 772 658 JOS.
825 595 1400 662 CIIRISTOPHORI
1440 602 1729 662 WOLFII
1771 602 2180 666 PR/EFATIO
2225 601 2306 663 ΙΝ
2349 603 2610 664 ΡΗΟΤΙΙ
2652 603 3171 666 PATRIARCHJE

741 676 1250 748 QU/ESTIONES
1294 681 1993 745 AMPHILOCHIANAS
2039 681 2244 755 QUAS
2290 686 2547 745 EDIDIT
2589 686 2692 744 AD
2737 685 3038 748 CALCEM

1048 759 1220 823 VOL.
1269 763 1320 825 V
1363 763 1742 826 CURARUM
1784 764 1988 826 PHIL.
2035 765 2132 823 ET
2177 765 2372 826 CRIT.
2421 765 2498 826 IN
2542 767 2617 830 N.
2664 767 2730 826 Τ.

1586 842 1934 910 BASILE/E
1982 847 2158 909 1741.

238 1306 543 1382 Quidquid
573 1309 807 1368 interea
837 1312 942 1369 otii
971 1308 1141 1383 (dum
1168 1310 1356 1370 Caras
1382 1311 1768 1384 philologicas
1791 1314 1841 1367 et
1877 1313 1922 1365 A
1953 1310 2148 1366 visum
2182 1309 2291 1368 fuit
2319 1311 2523 1368 Franc.
2571 1312 2948 1377 Combeﬂsio,
2987 1311 3091 1384 qui
3131 1325 3477 1383 responsum
3512 1311 3604 1376 37,

175 1397 405 1454 critica:
433 1401 498 1456 in
542 1399 618 1455 N.
664 1401 729 1455 T.
759 1400 1158 1474 scripsissem)
1188 1402 1488 1474 reliquum
1517 1401 1660 1458 mihi
1691 1406 1835 1467 erat,

174 1486 228 1542 id
244 1486 322 1542 ad
333 1485 784 1558 divulgandam
803 1495 1033 1562 partem
1053 1489 1608 1560 Amphilochiorum
1626 1490 1833 1556 Photii,

175 1575 368 1631 adhuc
430 1576 750 1644 ἀνιχὸότῶν,
783 1594 972 1652 quam
1023 1579 1084 1634 in
1135 1578 1297 1635 calce
1355 1580 1654 1652 conspicis
1705 1596 1842 1636 con-

177 1664 292 1720 tuli.
333 1665 418 1721 De
459 1665 578 1722 hoc
617 1682 801 1740 opere
840 1667 922 1725 ita
961 1667 1135 1724 habe.
1179 1667 1380 1725 Exstat
1418 1668 1565 1726 illud
1607 1669 1841 1726 Parisiis

179 1769 378 1820 manu,
413 1771 556 1828 quae
583 1756 882 1812 saeculum
908 1773 966 1813 xi
992 1756 1183 1821 refert,
1208 1763 1517 1814 exaratum
1545 1759 1606 1814 in
1635 1759 1838 1816 codice

181 1844 637 1901 membranaceo
684 1844 793 1901 270
843 1844 1214 1902 bibliothecas
1270 1846 1665 1915 Coislinianaa,
1697 1847 1840 1906 olim

179 1931 575 2002 Seguerianae,
610 1935 784 2005 cujus
814 1933 1162 2006 Catalogum
1191 1935 1507 1994 indefessas
1549 1942 1841 2010 praestan-

181 2021 377 2078 tissimi
401 2021 700 2080 Bernardi
732 2023 1168 2082 Montet‘alconii
1196 2024 1499 2082 industriae
1525 2025 1840 2084 debemus.

181 2111 502 2184 Inscriptio,
547 2121 621 2168 ex
657 2107 772 2169 ﬂde
810 2113 1072 2185 Catalogi
1116 2113 1290 2180 illius,
1335 2131 1394 2188 p.
1436 2115 1558 2180 326,
1612 2117 1693 2172 ita
1732 2115 1843 2172 ha-

181 2201 272 2257 b8t
323 2218 336 2256 :
385 2204 467 2254 Τὰ
517 2199 868 2276 Ἀμφιλόχια,
924 2203 954 2262 ἦ
1009 2202 1176 2277 λόγων
1241 2205 1384 2280 ἱερῶν
1450 2209 1538 2258 καὶ
1608 2205 1844 2279 ζητημά-

184 2311 273 2341 των
321 2289 610 2366 ἱερολογίαι
654 2294 786 2366 πρὸς
844 2292 1209 2368 Ἀμφιλόχιον,
1254 2298 1341 2348 τὸν
1398 2295 1684 2348 ὁσιώτατον
1737 2316 1842 2368 μη-

184 2381 484 2453 τροπολίτην
553 2381 814 2447 Νυζίχου,
876 2381 924 2434 ἓν
979 2392 1052 2456 τῷ
1121 2393 1286 2460 καιρῷ
1348 2393 1449 2438 τῶν
1521 2393 1841 2460 πειρασμῶν,

187 2471 490 2543 ζητημάτων
570 2467 859 2546 διαφόρων,
933 2472 1002 2536 εἰς
1069 2471 1288 2548 ἀριθμὸν
1353 2478 1665 2549 τριακοσίων
1727 2495 1844 2527 συν-

185 2565 434 2613 τεινόντων
475 2561 719 2613 ἑπίλύσιν
752 2561 1119 2636 αἰτησάμενον.
1162 2563 1226 2618 Id
1266 2569 1372 2628 est,
1401 2563 1844 2632 Amphilochia,

1950 1401 2038 1457 De
2059 1401 2581 1471 incircumscripta
2608 1402 2753 1458 Filii
2773 1404 3005 1458 Deitate
3035 1401 3184 1456 inter
3210 1397 3604 1470 Amphilochii

1953 1491 2266 1561 Excerpta,
2304 1507 2360 1563 p.
2389 1495 2493 1546 226
2524 1507 2771 1563 operum
2804 1492 2933 1562 ejus
2965 1489 3256 1552 exhibuit,
3287 1493 3443 1543 recte
3469 1486 3604 1542 ideo

1951 1584 2189 1635 notatus
2218 1579 2297 1635 ab
2335 1579 2546 1636 Allatio
2577 1582 2655 1634 De
2685 1580 3064 1637 consensione
3092 1579 3300 1634 Eccles.
3330 1576 3527 1632 Occid.
3548 1581 3606 1631 et

1953 1667 2168 1724 Orio-nt.
2201 1685 2259 1741 p.
2298 1674 2417 1725 576.
2452 1673 2521 1725 At
2550 1669 2676 1742 ipse
2707 1668 3100 1726 Combeﬂsius
3133 1681 3393 1722 errorem
3427 1679 3604 1720 suum

1951 1759 2196 1828 agnovit
2212 1758 2271 1812 in
2290 1757 2524 1815 Recensi
2534 1761 2602 1815 tis
2616 1759 2954 1815 auctoribus
2971 1756 3350 1816 Bibliotheca:
3360 1755 3605 1810 Patrum

1954 1847 2443 1914 Concz'onatoria’,
2472 1864 2530 1920 p.
2565 1849 2688 1916 152,
2715 1849 2817 1921 qui
2847 1847 3084 1904 libellus
3109 1845 3358 1902 seorsim
3389 1842 3608 1916 prodiit

1952 1936 2190 1993 Parisiis
2224 1937 2380 2004 1662,
2415 1941 2466 1994 8.

2025 2025 2194 2095 Quod
2213 2026 2289 2082 ad
2316 2031 2737 2098 argumentum
2760 2025 3122 2084 collectionis
3143 2024 3330 2095 hujus
3359 2025 3602 2096 spectat,

1952 2116 2222 2172 maxima
2256 2114 2408 2171 illius
2446 2132 2588 2188 pars
2619 2117 2677 2172 in
2710 2115 3083 2173 illustraudis
3125 2114 3347 2170 Veteris
3379 2117 3435 2169 et
3465 2111 3606 2169 Novi

1953 2207 2334 2261 lnstrumenti
2364 2205 2622 2261 oraculis
2652 2205 3086 2261 difﬁcilioribus
3116 2207 3456 2272 occupatur.
3504 2203 3609 2256 Be-

1951 2294 2112 2363 liqua
2128 2309 2268 2366 pars
2287 2309 2447 2350 nunc
2471 2293 2822 2365 theologica,
2848 2309 3004 2349 nunc
3025 2289 3442 2364 philosophica
3462 2287 3608 2343 varii

1954 2383 2208 2454 generis,
2249 2397 2409 2439 nunc
2453 2384 2868 2454 grammatica,
2910 2397 3070 2438 nunc
3113 2381 3388 2436 Historia:
3426 2377 3610 2433 eccle-

1955 2473 2206 2528 siastica:
2235 2476 2289 2529 et
2321 2473 2630 2530 litterariw
2660 2471 2858 2545 capita
2885 2471 3285 2544 persequitur.

2026 2560 2300 2618 Collectio
2345 2561 2478 2636 ipsa
2523 2577 2840 2635 nunquam
2883 2560 3078 2616 lucem
3118 2558 3279 2623 vidit,
3332 2555 3610 2630 quamvis

184 2666 268 2704 seu
285 2663 586 2706 sermones
602 2656 658 2707 et
675 2649 1022 2722 quaestiones
1038 2668 1223 2709 sacrm
1240 2654 1319 2709 ad
1335 2653 1842 2724 Amphilochium,
1882 2665 1924 2720 Β
1958 2667 2143 2707 manu
2165 2657 2407 2708 exarata
2432 2652 2492 2707 in
2519 2651 2693 2707 variis
2719 2649 3089 2706 bibliothecis
3112 2653 3316 2704 exstet.
3340 2649 3397 2701 In
3421 2643 3611 2701 Gallia

181 2740 622 2796 sanctissimum
672 2741 873 2810 Cyzici
916 2743 1370 2812 metropolilam,
1417 2743 1534 2815 qui,
1596 2749 1847 2813 tempore
1957 2740 2194 2796 Parisiis
2223 2740 2590 2796 bibliothecas
2619 2739 2951 2797 Colbertina
2979 2743 3034 2794 et
3065 2737 3424 2794 Coisliniana
3450 2733 3609 2789 illius

181 2830 586 2893 tentationum,
619 2830 1002 2901 (pumilionum
1035 2827 1364 2898 variarum,
1397 2847 1844 2904 quwnumerum

180 2921 275 2973 300
289 2920 618 2987 conﬁciunt
640 2935 652 2974 :
668 2919 1017 2977 solutionem
1038 2923 1384 2990 expetierat.
1400 2922 1699 2995 Inscriptio
1715 2923 1843 2978 hrec

179 3007 382 3063 eadem
412 3007 652 3064 ratione
685 3008 747 3064 in
777 3009 980 3066 codice
1011 3011 1423 3083 Neapolitano,
1448 3011 1523 3068 de
1553 3027 1675 3084 quo
1702 3028 1843 3067 mox

179 3095 740 3170 dicemus,legiturin
755 3098 1237 3167 Ephemeridibus
1254 3101 1563 3157 litterariis
1586 3101 1838 3165 Venetis,

181 3183 363 3241 ltalice
391 3186 592 3252 editis,
630 3187 998 3254 tom.XXXll,
1032 3204 1170 3261 pag.
1206 3193 1294 3246 '72.

246 3278 321 3332 Ex
374 3276 484 3332 illa
537 3291 682 3333 vero
729 3281 996 3350 apparet,
1052 3279 1396 3353 Ἀμφιλὸχια,
1436 3279 1547 3347 vel,
1591 3287 1654 3335 ut
1691 3279 1844 3336 Alla-

184 3366 289 3420 tius
350 3364 628 3439 appellat
692 3365 1056 3440 Ἀμφιλὸχιια,
1129 3367 1219 3425 vel
1288 3374 1351 3425 ut
1413 3368 1530 3436 alii,
1601 3369 1846 3443 Ἀμφιλό-

182 3458 331 3524 χικὰ,
371 3454 520 3511 ideo
563 3455 872 3528 appellari,
918 3457 1082 3530 quod
1126 3459 1425 3528 Responsa
1465 3457 1566 3514 illa
1595 3458 1672 3514 ad
1702 3461 1846 3514 Am-

184 3542 582 3616 philochium,
617 3545 940 3617 praesulem
972 3547 1342 3619 Cyzicenum,
1376 3551 1698 3619 petentem,
1731 3547 1846 3604 sint

181 3633 534 3707 perscripta.
573 3633 722 3689 Cave
764 3650 903 3690 vero
932 3635 1158 3704 credas;
1195 3638 1265 3692 de
1296 3636 1579 3693 omnibus
1609 3636 1688 3714 ita
1718 3652 1844 3693 esse

182 3721 563 3779 habendum.
590 3723 654 3778 In
683 3723 958 3794 Epistolis
986 3724 1194 3791 Photii,
1224 3741 1260 3781 a
1287 3725 1446 3781 Rich.
1482 3725 1843 3782 Montacutio

185 3811 378 3880 editis,
422 3827 530 3868 sex
571 3811 819 3868 Omnino
867 3813 1263 3885 Amphilochii
1301 3830 1522 3871 nomen
1562 3815 1842 3872 referunt.

183 3902 260 3956 Ex
279 3901 377 3958 his
405 3907 526 3957 tres
552 3904 783 3957 tantum
807 3906 1039 3958 exstant
1059 3902 1122 3958 in
1147 3903 1603 3972 Amphilochia,
1627 3920 1844 3977 nempe

1955 2829 2190 2902 copiam
2226 2830 2464 2885 faciunt.
2500 2830 2667 2885 Prior
2693 2829 2753 2884 in
2785 2829 2989 2885 codice
3018 2829 3144 2894 444,
3178 2841 3357 2898 quem
3399 2825 3480 2879 ita
3510 2822 3610 2876 de-

1955 2917 2162 2974 scribit
2211 2919 2302 2975 Jo.
2363 2919 2627 2990 Baptista
2683 2916 3006 2973 Cotelerius
3059 2916 3120 2970 in
3173 2914 3333 2970 Notis
3392 2911 3468 2966 ad
3525 2914 3610 2964 to-

1954 3025 2121 3065 mum
2139 3010 2202 3065 Ill
2223 3010 2728 3066 Monumentorum
2750 3007 3031 3064 Ecclesiae
3050 3006 3286 3067 Graeca’,
3309 3017 3446 3074 pag.
3469 3001 3605 3058 556:

1955 3120 1983 3150 «
2014 3098 2316 3154 Adversus
2337 3099 2763 3154 Manichaicam
2784 3096 3035 3151 haeresiu
3055 3092 3455 3148 Paulicianam
3475 3088 3608 3143 libri

1955 3188 2141 3244 Photii
2188 3193 2466 3261 quatuor,
2518 3186 2826 3259 Eutliymio
2859 3185 3155 3255 Zigabeno
3186 3180 3318 3244 visi,
3376 3181 3613 3235 exstant

1953 3277 2085 3333 cod.
2129 3275 2463 3332 Colbertino
2494 3278 2618 3341 444,
2651 3291 2773 3332 una
2802 3291 2942 3330 cum
2972 3271 3246 3344 ejusdem
3278 3266 3610 3325 doctissimi

1954 3367 2060 3422 viri
2106 3365 2560 3436 Amphilochiis,
2617 3371 2682 3422 ut
2729 3362 3080 3420 certissimis
3122 3357 3355 3416 indiciis
3393 3357 3611 3429 depre-

1952 3456 2150 3521 hendi,
2193 3455 2471 3529 quamvis
2514 3455 2704 3522 titulo,
2751 3453 2966 3527 capite,
2999 3450 3196 3507 cauda
3224 3453 3437 3504 trunca
3466 3446 3605 3503 sint.

1954 3545 2241 3601 Posterior
2274 3545 2335 3600 in
2379 3545 2581 3600 codice
2625 3548 2749 3615 270,
2788 3543 2931 3599 olim
2972 3544 3072 3597 139
3124 3555 3196 3595 ex
3248 3553 3392 3611 quo,
3442 3537 3608 3609 quod

1955 3635 2138 3691 modo
2173 3636 2542 3700 monuimus,
2589 3631 2916 3690 Bernardus
2948 3627 3432 3686 Montefalconius
3464 3631 3519 3682 et
3550 3625 3612 3680 ti-

1955 3723 2111 3781 tulos
2143 3729 2196 3780 et
2224 3723 2392 3780 initia
2423 3726 2526 3780 308
2557 3726 3001 3796 Responsorum
3035 3716 3304 3775 exhibuit
3344 3716 3406 3772 in
3445 3714 3614 3770 Cata-

1957 3813 2092 3884 logo
2107 3813 2378 3868 Biblioth.
2403 3811 2797 3876 Coislinianre,
2814 3826 2953 3882 pag.
2979 3813 3081 3865 325
3095 3822 3263 3879 seqq.
3273 3848 3289 3878 ,
3309 3803 3609 3875 subjectis,

1956 3901 2300 3974 s'peciminis
2337 3901 2481 3966 loco,
2515 3906 2774 3974 quatuor
2805 3896 3152 3970 Responsis,
3197 3911 3258 3968 p.
3306 3898 3406 3951 346
3441 3907 3608 3964 seqq.

183 4004 317 4061 epp.
355 3991 479 4053 137,
517 3993 642 4055 163,
677 3991 778 4044 178
809 4007 942 4046 cum
981 3991 1197 4064 quibus
1236 3997 1441 4049 exacte
1483 3993 1848 4050 conveniunt
1881 3993 1922 4050 C
1956 4008 2092 4064 quas
2133 4007 2274 4047 mox
2316 3990 2777 4064 appellabimus.
2824 3989 2888 4044 ln
2951 3986 3121 4044 Italia
3155 3986 3345 4041 Roma
3390 3980 3614 4052 duplex

183 4092 478 4149 responsa
508 4079 629 4148 162,
661 4083 766 4135 255
798 4083 854 4135 et
879 4081 996 4135 178.
1031 4088 1170 4137 Tres
1201 4085 1427 4137 caeteras
1455 4097 1599 4138 vero
1624 4097 1845 4154 nempe

190 4167 286 4220 108
337 4166 442 4221 198
485 4171 542 4222 et
583 4166 684 4222 207
726 4167 881 4224 inter
921 4171 1222 4240 Responsa
1264 4169 1364 4227 illa
1402 4169 1843 4228 desiderantur.

189 4253 278 4309 Ab
315 4256 503 4313 altera
551 4261 719 4328 parte
761 4256 822 4313 in
864 4259 1292 4330 Amphilochiis
1324 4261 1690 4333 Responsum
1722 4261 1845 4327 141,

193 4344 354 4414 quod
374 4345 574 4401 habes
610 4344 764 4403 intra
792 4361 852 4419 p.
880 4348 1003 4413 708,
1035 4347 1374 4405 inscribitur
1408 4349 1844 4421 Amphilochio,

198 4433 357 4503 quod
384 4433 606 4490 frustra
619 4435 840 4507 quaeris
861 4435 1010 4492 inter
1028 4436 1335 4508 Epistolas.
1358 4439 1643 4494 Praeterea
1665 4437 1851 4495 multa

201 4519 514 4592 Responsa,
543 4523 604 4578 in
628 4523 1076 4594 Amphilochiis
1098 4526 1412 4595 exstantia,
1436 4527 1614 4582 etiam
1639 4527 1698 4582 in
1725 4528 1852 4600 epi-

205 4611 363 4666 stolis
383 4613 514 4683 (ceu
534 4627 679 4669 mox
699 4613 1109 4686 ostendemus)
1132 4613 1433 4685 leguntur,
1459 4615 1567 4671 sed
1596 4615 1851 4673 aliorum

209 4699 547 4757 nominibus
567 4701 871 4772 inscripta.
891 4705 979 4758 Ita
1005 4705 1177 4776 Resp.
1205 4704 1308 4760 166
1331 4710 1419 4760 est
1446 4703 1696 4776 epistola
1730 4708 1848 4771 135,

215 4799 339 4856 quae
376 4794 572 4846 tamen
616 4790 702 4847 ibi
745 4791 1118 4848 Constantini
1156 4792 1354 4849 fratris
1393 4807 1614 4849 nomen
1654 4791 1850 4850 refert.

218 4873 510 4946 Propterea
535 4879 616 4937 ita
640 4879 845 4952 potius
873 4881 1252 4938 statuendum
1283 4885 1450 4955 puto,
1481 4881 1649 4955 quod
1677 4881 1852 4939 varia:

218 4961 387 5022 Photii
411 4967 674 5038 epistolae
694 4968 835 5026 hinc
857 4969 994 5026 inde
1018 4972 1136 5026 sint
1161 4970 1443 5039 collectae,
1467 4976 1524 5028 et
1543 4971 1852 5042 Amphilo-

216 5050 458 5112 clu'orum
481 5058 730 5114 nomine
757 5058 1074 5129 insignitae,
1107 5059 1268 5125 ideo,
1299 5060 1467 5132 quod
1501 5061 1706 5118 Photio
1736 5062 1855 5118 fre-

217 5154 384 5210 quens
413 5145 741 5205 litterarum
781 5165 914 5205 cum
953 5149 1372 5215 Amphilochia
1423 5152 1849 5208 commercium

215 5225 596 5293 intercesserit.
642 5239 830 5295 Taceo
868 5239 1162 5296 nonnulla
1202 5240 1262 5294 in
1313 5239 1406 5296 his
1442 5240 1675 5306 haberi,
1716 5257 1852 5313 quas

1957 4081 2152 4154 operis
2183 4079 2523 4152 exemplum
2553 4078 2788 4136 exhibet
2819 4096 2832 4144 ;
2865 4075 3118 4134 alterum
3152 4075 3211 4130 in
3244 4071 3614 4128 Bibliotheca

1958 4169 2264 4236 Vaticana,
2289 4168 2542 4226 alterum
2565 4169 2626 4224 in
2647 4166 2993 4230 Barberina,
3023 4170 3203 4237 atque
3224 4163 3338 4218 hoc
3365 4159 3613 4232 quidem

1958 4258 2254 4314 Francisci
2301 4258 2538 4314 Arcudii
2585 4272 2771 4314 manu
2809 4255 3198 4327 descriptum.
3244 4251 3323 4305 De
3363 4252 3611 4319 utroque

1957 4346 2125 4403 testis
2155 4353 2244 4403 est
2283 4349 2394 4404 Leo
2423 4335 2668 4402 Allatius
2699 4346 2759 4400 in
2791 4343 2956 4398 libris
2998 4343 3066 4395 Ill
3097 4341 3169 4396 de
3197 4337 3473 4394 Ecclesia?
3513 4334 3616 4390 Oc-

1959 4437 2270 4493 cidentalis
2288 4443 2340 4493 et
2370 4434 2689 4492 Orientalis
2707 4438 2990 4503 perpetua
3010 4427 3401 4491 consensione,
3422 4424 3526 4479 lib.
3554 4439 3613 4487 Il,

1961 4541 2011 4580 c.
2041 4529 2092 4595 6,
2118 4541 2169 4596 p.
2204 4527 2326 4580 576.
2360 4547 2387 4574 ιι
2428 4527 2590 4595 Opus
2634 4528 2739 4587 est,
2786 4521 2997 4592 inquit.
3036 4516 3275 4573 varium
3321 4517 3378 4572 et
3419 4513 3618 4570 multi-

1959 4613 2110 4686 plice
2149 4613 2477 4670 eruditione
2511 4611 2778 4684 plenum,
2833 4607 3127 4678 theologis
3183 4621 3255 4662 ac
3297 4604 3615 4676 Scriptura:

1961 4702 2399 4775 expositoribus
2431 4701 2693 4757 maxime
2722 4697 3145 4767 necessarium,
3190 4710 3381 4768 eoque
3421 4693 3617 4762 magis

1961 4791 2461 4866 amplectendam,
2481 4791 2642 4864 quod
2670 4805 2794 4847 non
2818 4788 2984 4858 alibi,
3003 4802 3192 4860 quam
3221 4786 3284 4842 in
3306 4784 3612 4847 Vaticana,

1960 4898 2122 4940 nunc
2134 4887 2499 4956 postremum
2520 4896 2589 4937 ex
2604 4879 2766 4936 libris
2781 4877 3080 4942 Lollianis,
3104 4876 3217 4932 sub
3236 4874 3475 4931 Urbano
3497 4871 3616 4927 Vill

1961 4971 2284 5037 invectum,
2311 4970 2479 5043 quod
2502 4971 2628 5042 ipse
2656 4969 2864 5034 sciam,
2899 4968 3102 5024 exstet.
3139 4987 3168 5016 »
3202 4967 3269 5021 Et
3298 4962 3506 5036 paucis
3530 4961 3617 5016 in-

1961 5061 2218 5132 terjectis
2245 5077 2258 5116 :
2292 5083 2318 5112 «
2355 5061 2514 5133 Opus
2545 5064 2666 5116 tam
2694 5059 2948 5130 dignum
2979 5060 3036 5113 et
3063 5054 3330 5121 doctum,
3364 5070 3399 5107 a
3438 5051 3619 5106 Fran-

1961 5151 2118 5207 cisco
2168 5148 2448 5217 Arcadio,
2502 5152 2776 5205 Nuscano
2834 5145 3078 5202 demum
3139 5143 3446 5215 episcopo,
3488 5140 3617 5194 viro

1963 5239 2178 5295 Graecis
2207 5238 2545 5310 Latinisque
2577 5236 2779 5294 litteris
2817 5234 2995 5305 longe
3033 5231 3402 5296 doctissimo,
3442 5226 3617 5283 mihi-

215 5334 316 5377 non
346 5328 459 5380 tam
487 5327 801 5398 Responsa,
836 5343 1022 5400 quam
1049 5329 1353 5397 Excerpta
1385 5330 1669 5402 quaedam
1707 5329 1854 5385 refe-
1881 5337 1923 5390 ι)
1961 5344 2078 5402 que
2108 5327 2438 5382 studiorum
2469 5325 2866 5382 familiaritate
2897 5320 3408 5393 conjunctissimo,
3443 5316 3610 5372 bien-

213 5416 344 5476 runt,
375 5430 499 5486 qua:
529 5415 766 5471 Photius
805 5431 876 5470 ex
906 5417 1054 5483 aliis,
1080 5434 1128 5472 ν.
1155 5434 1203 5472 c.
1237 5417 1683 5488 Chrysostomo,
1715 5424 1848 5482 etc-,

211 5501 373 5568 petiit.
405 5504 541 5558 Vide
577 5520 650 5559 ex
678 5519 765 5573 gr.
799 5503 953 5560 infra
985 5521 1044 5577 p.
1072 5510 1195 5571 730,
1226 5507 1351 5562 800.
1385 5505 1448 5561 ld
1477 5511 1705 5562 certum
1736 5512 1847 5573 est,

1961 5417 2130 5472 nium
2153 5422 2288 5471 ante
2313 5415 2430 5470 fato
2456 5415 2679 5479 functo,
2705 5409 3140 5467 characteribus
3165 5403 3618 5478 elegantissimis

1960 5503 2409 5574 diligentissime
2429 5503 2818 5573 descriptum,
2849 5499 2908 5553 in
2932 5514 3041 5553 sua
3063 5496 3424 5552 bibliotheca
3445 5506 3617 5561 repo-

209 5591 628 5662 Amphilochia,
672 5594 958 5665 episcopo
1002 5594 1311 5662 lconiensi,
1364 5611 1486 5651 non
1531 5595 1850 5653 tribuenda
1960 5595 2078 5650 suit
2119 5594 2416 5650 bonarum
2461 5591 2734 5647 omnium
2789 5588 3006 5644 artium
3058 5592 3115 5642 et
3159 5581 3614 5652 disciplinarum

210 5690 347 5748 “se,
387 5696 523 5756 qua
563 5681 629 5739 in
660 5680 1094 5752 Amphilochiis
1117 5681 1417 5756 leguntur.
1450 5685 1570 5742 Hoc
1601 5681 1849 5756 quidem
1957 5686 2336 5754 restaurator,
2379 5680 2727 5738 Franciscus
2765 5675 3143 5740 Barberinus,
3183 5669 3436 5742 publicae
3457 5680 3616 5722 com-
