3992 6182
360 236 426 290 23
1622 225 1693 281 ΙΝ
1739 224 2229 282 AMPHILOCHIA
2270 225 2507 283 PHOTII
3715 233 3787 287 24

356 361 521 416 nium
554 355 965 414 commoditati
1004 359 1182 427 atque
1225 354 1479 410 utilitati.
1515 373 1541 403 »
1575 356 1650 407 De
1682 352 1880 407 codice
1912 352 2011 406 illo
2042 353 2085 406 A
2121 351 2379 407 sliuiaui.
2400 353 2596 422 Itaque
2619 352 2949 410 ahsitutde
2972 355 3203 426 integro
3223 358 3784 427 Amphilochiorum

359 449 618 505 Lolliano
656 445 875 501 videsis
937 444 1124 515 ipsius
1166 443 1376 499 Lollini
1421 442 1744 512 Epistolas,
1789 459 1839 511 p.
1885 443 2006 496 326.

357 541 575 593 Praeter
622 537 747 592 haec
793 534 1214 591 bibliothecam
1268 533 1691 590 Taurinensem
1737 530 2009 601 ejusdem

356 628 551 699 operis
582 625 923 697 exemplum
960 623 1178 680 habere
1210 627 1444 680 constat
1473 637 1544 678 ex
1584 620 2009 693 Ephemeribus

358 718 533 772 litter.
580 716 824 779 Venetis,
860 718 1001 769 tom.
1040 714 1125 778 Vl,
1160 730 1217 784 p.
1248 714 1370 767 478.
1409 711 1491 766 Ad
1522 710 1621 766 illa
1651 710 1878 766 accedit
1909 726 2010 766 co-

366 806 474 861 dex
499 804 938 877 Neapolitanus,
968 802 1041 857 de
1072 817 1194 874 quo
1226 801 1468 857 Allatius
1498 800 1535 855 l.
1563 816 1612 854 c.
1637 800 1747 859 ita:
1777 822 1802 849 «
1832 800 2008 855 Annis

355 894 737 951 nihilominus
759 891 993 964 elapsis,
1025 891 1260 963 Neapoli
1281 892 1556 945 inventus
1584 895 1671 944 est
1696 888 1883 945 codex
1906 904 2009 946 an-

355 982 746 1055 tiquissimus,
783 982 905 1037 imo
936 980 1191 1036 frustum
1217 978 1617 1051 antiquissimi
1645 978 1888 1041 codicis,
1913 994 2007 1033 ve-

354 1076 568 1129 tustate
607 1086 874 1135 exesum,
914 1070 1204 1141 principio
1241 1073 1295 1123 et
1329 1068 1448 1125 line
1484 1068 1756 1124 mutilum
1793 1084 1805 1123 :
1838 1082 1911 1122 ex
1936 1084 2005 1123 eo

353 1162 707 1233 transcripta
738 1160 920 1215 dubia
953 1163 1008 1215 et
1041 1157 1370 1215 solutiones
1400 1158 1629 1228 viginti,
1668 1174 1800 1212 cum
1834 1157 2007 1229 plura

353 1267 473 1308 non
524 1256 745 1316 essent,
801 1254 856 1305 et
896 1249 974 1305 ad
1020 1264 1137 1313 me,
1187 1248 1370 1305 veluti
1411 1248 1724 1306 thesaurus
1769 1250 2003 1319 ingens,

352 1340 699 1397 transmissa
726 1343 862 1395 sunt
888 1339 964 1395 ab
992 1338 1404 1395 eruditissimis
1434 1338 1594 1401 viris,
1630 1354 1725 1409 qui
1756 1353 2005 1409 operam

352 1446 518 1484 suam
539 1428 598 1483 in
617 1428 727 1483 illis
750 1426 1114 1482 illustrandis
1134 1426 1602 1498 pollicebantur;
1621 1442 1851 1495 verum,
1867 1442 2005 1482 cum

354 1519 688 1584 scivissent,
732 1517 903 1587 cujus
943 1515 1046 1571 illa
1084 1520 1274 1581 erant,
1309 1520 1365 1571 et
1393 1530 1547 1586 opus
1578 1515 1874 1584 integrum
1904 1531 2006 1570 ex-

350 1612 524 1674 stare,
552 1606 957 1676 neglexeruut.
992 1627 1013 1655 υ
1052 1606 1217 1661 Hunc
1239 1607 1439 1676 ipsum
1468 1604 1741 1661 codicem
1774 1620 1897 1661 non
1925 1605 2007 1662 ita

2120 442 2324 495 codice
2365 444 2710 509 cogitemus.

2192 530 2279 595 Hi,
2322 536 2477 601 quos
2526 530 2662 601 dixi,
2703 533 2927 589 codices
2956 540 3009 590 et
3045 551 3295 592 numero
3334 541 3390 593 et
3428 536 3635 591 ordine
3669 538 3782 591 Re-

2118 634 2482 690 sponsorum
2531 619 2833 677 differunt.
2894 624 2975 678 ita
3022 640 3095 680 ex
3145 623 3278 679 cod.
3337 624 3620 681 Vaticano
3673 629 3782 680 Re-

2118 722 2343 777 sponsa
2374 708 2474 762 313
2505 708 2767 780 appellat
2800 710 3065 777 Allatius,
3102 714 3184 768 De
3225 714 3617 779 consensione,
3660 719 3776 769 etc.

2116 813 2175 869 ρ·
2210 798 2311 853 576
2333 802 2523 869 Atque
2552 798 2795 855 totidem
2818 800 2876 855 in
2902 802 3233 859 Colbertino
3262 809 3494 860 exstare
3517 804 3777 860 intellexi

2116 901 2187 942 ex
2219 887 2336 951 illa,
2378 903 2565 959 quam
2604 888 2818 957 habeo,
2855 892 3410 963 Amphilochiorum
3440 899 3624 965 parte.
3661 895 3781 960 Qui

2115 975 2273 1031 enim
2289 992 2423 1032 eam
2442 991 2513 1032 ex
2531 974 2895 1035 Coisliniano
2908 979 3272 1052 descriptam
3287 998 3425 1037 cum
3440 981 3780 1039 Colbertino

2115 1064 2382 1132 contulit,
2417 1064 2624 1121 Franc.
2661 1066 2907 1139 Dionys.
2932 1069 3309 1135 Camusatus,
3344 1072 3417 1126 de
3458 1087 3578 1143 quo
3610 1087 3776 1139 mox,

2117 1153 2433 1226 aliquoties
2465 1160 2687 1221 monet,
2729 1155 2843 1212 hoc
2875 1157 2966 1213 vel
3001 1158 3146 1215 illud
3173 1175 3533 1232 responsum
3560 1160 3779 1217 haberi

2113 1243 2173 1299 in
2200 1243 2530 1299 Colbertino
2554 1260 2806 1301 numero
2838 1250 2887 1309 5,
2918 1263 2967 1301 c.
2996 1251 3046 1315 4,
3072 1264 3143 1304 ex
3175 1249 3448 1305 tredecim
3474 1249 3606 1320 illis,
3636 1266 3776 1323 quea

2115 1348 2297 1404 supra
2352 1336 2455 1388 300
2509 1332 2568 1389 in
2625 1334 2956 1392 Colbertino
2999 1336 3093 1392 illo
3137 1344 3384 1394 exstent.
3428 1338 3513 1395 Ita
3551 1340 3627 1396 ad
3668 1342 3779 1395 Re-

2114 1436 2400 1493 sponsum
2456 1421 2575 1487 116,
2622 1418 2713 1476 διὰ
2759 1429 2810 1476 τί
2849 1432 3175 1499 πρωτότοκον
3207 1428 3231 1478 ὁ
3261 1432 3388 1489 Θεὸς
3430 1432 3516 1480 τὸν
3562 1428 3779 1500 Ἰσραὴλ

2114 1508 2274 1577 καλεῖ,
2337 1510 2489 1579 lego,
2552 1518 2783 1569 exstare
2856 1513 2999 1569 illud
3056 1531 3221 1573 num.
3294 1502 3348 1584 3,
3414 1518 3775 1573 extredecim

2114 1604 2325 1670 prmter
2346 1599 2447 1655 300
2464 1601 2607 1657 etad
2634 1604 3004 1673 Responsum
3038 1604 3153 1672 123,
3184 1604 3298 1675 legi
3322 1605 3466 1662 illud
3491 1623 3656 1663 num.
3684 1612 3773 1672 10,

351 1698 580 1771 pridem
602 1696 946 1764 diligentius
969 1695 1279 1766 descripsit
1302 1695 1385 1750 vir
1401 1694 1597 1750 clarus
1623 1694 2005 1751 Sebastianus
2038 1706 2082 1761 Β
2114 1703 2184 1743 ex
2212 1688 2424 1745 iisdem
2447 1688 2729 1746 tredecim
2754 1708 2931 1763 supra
2952 1696 3073 1750 300.
3110 1694 3435 1751 Observavi
3460 1701 3769 1767 praeterea,

352 1786 534 1852 Pauli,
587 1784 881 1848 Lucensis,
933 1783 994 1839 in
1045 1784 1216 1855 epist.
1273 1784 1348 1840 ad
1399 1783 1607 1840 illustr.
1664 1782 2004 1856 Scipionem

350 1873 662 1938 Maﬁ‘eium,
708 1890 837 1946 quae
882 1874 941 1928 in
991 1873 1198 1928 iisdem
1240 1872 1724 1944 Ephemeridibus
1779 1873 2004 1930 Venetis

350 1963 714 2027 tom.XXXll,
738 1978 793 2033 p.
820 1965 886 2017 58
906 1977 1075 2034 seqq.
1091 1961 1322 2032 legitur.
1346 1961 1430 2017 Ibi
1454 1961 1702 2034 quidem
1720 1978 1775 2032 p.
1800 1966 1886 2026 65,
1913 1977 2004 2019 co-

348 2053 463 2107 dex
486 2052 579 2107 hic
603 2067 898 2109 annorum
918 2056 1020 2108 600
1039 2057 1271 2107 aetatem
1292 2050 1512 2107 habere
1531 2056 1586 2105 et
1603 2067 1761 2106 anno
1788 2053 1918 2107 1717
1938 2067 2005 2107 ex

347 2142 605 2196 Archivo
617 2140 713 2196 SS.
730 2142 1149 2209 Apostolorum
1163 2141 1222 2195 in
1240 2140 1666 2196 Bibliothecam
1681 2142 2002 2197 Caesaream

351 2228 896 2293 Vindobonensem,
920 2245 1041 2285 una
1062 2245 1199 2286 cum
1222 2228 1527 2285 codicibus
1545 2228 1674 2285 aliis
1692 2234 1930 2287 centum
1948 2234 2003 2286 et

353 2318 635 2390 amplius,
691 2318 1013 2375 translatus
1075 2334 1204 2374 esse
1255 2317 1488 2374 dicitur.
1540 2319 2005 2391 Comparaverat

354 2408 517 2463 illum
551 2408 694 2463 olim
725 2410 936 2463 Anton.
971 2408 1359 2471 Caracciolus,
1393 2412 1448 2462 et
1479 2410 1731 2463 Romam
1763 2408 2005 2464 miserat

355 2494 433 2552 ad
472 2496 726 2550 Leonem
768 2495 1066 2565 Allatium,
1120 2495 1221 2567 qui
1276 2496 1578 2561 eumdem,
1621 2512 1657 2551 a
1696 2496 2003 2567 Neophyto

358 2583 605 2651 Rodino,
656 2584 954 2639 monacho
995 2583 1229 2656 Cyprio,
1259 2583 1648 2653 descriptum,
1689 2584 1868 2639 variis
1893 2584 2005 2639 lec-

357 2672 611 2729 tionibus
639 2673 724 2728 vel
754 2672 1273 2728 emendationibus
1310 2671 1386 2727 ad
1425 2671 1760 2742 marginem
1798 2672 2006 2728 instru-

353 2766 537 2818 xerat.
556 2761 738 2832 Hujus
750 2776 891 2817 vero
906 2762 1239 2834 apographi
1262 2762 1436 2831 copia
1460 2776 1579 2816 una
1597 2777 1733 2816 cum
1752 2762 2005 2832 epistola

352 2850 542 2907 Allatii
568 2850 644 2906 ad
685 2850 1051 2906 Caraciolum
1093 2850 1291 2906 adhuc
1316 2855 1507 2906 exstat
1539 2850 1781 2921 Neapoli
1815 2851 1872 2905 in
1903 2851 2004 2907 illo

348 2938 449 2995 SS.
492 2941 905 3009 Apostolorum
945 2939 1221 3003 Archivo,
1268 2938 1424 2994 unde
1475 2938 1653 2995 aliam
1709 2940 1819 2995 sibi
1874 2940 2005 2997 fecit

346 3026 526 3083 Nico].
554 3027 883 3093 Falconius,
903 3028 1113 3094 abbas,
1139 3028 1357 3099 quian.
1392 3029 1523 3083 1719
1554 3029 1999 3085 conversionem
2040 3058 2080 3114 ρ

347 3116 476 3186 ejus
511 3118 774 3173 Latinam
807 3116 970 3187 prelo
997 3117 1249 3189 paravit.
1280 3116 1380 3172 lllo
1412 3132 1587 3188 porro
1614 3117 1818 3173 codice
1844 3132 2006 3174 com-

346 3203 801 3274 prehenduntur
858 3204 1062 3273 viginti
1120 3209 1348 3260 tantum
1409 3220 1717 3276 responsa,
1769 3210 2004 3261 auctore

350 3290 582 3354 Allatio,
615 3291 653 3345 l.
676 3307 723 3346 c.
751 3292 839 3346 vel
873 3292 1217 3356 octodecim,
1254 3308 1323 3348 ex
1356 3299 1641 3363 computo
1678 3293 1810 3349 Seb.
1837 3294 2004 3350 Pauli

348 3379 443 3435 l.c.
470 3379 571 3434 ubi
595 3380 968 3449 singulorum
990 3380 1185 3436 titulos
1206 3386 1262 3436 et
1284 3380 1473 3446 initia,
1503 3381 1737 3453 adjecta
1757 3383 2001 3439 seorsim

354 3468 555 3523 Latina
578 3469 868 3530 versione,
891 3468 1034 3537 legis
1058 3484 1109 3539 p.
1142 3472 1320 3523 66-72.
1346 3472 1717 3541 Responsum
1742 3470 1999 3541 primum

351 3556 523 3611 refert
544 3572 863 3613 numerum
882 3558 969 3621 25,
994 3556 1273 3612 ultimum
1301 3573 1438 3613 vero
1464 3558 1554 3623 43,
1572 3559 1675 3630 qui
1701 3560 2005 3629 conjuncti

350 3645 1115 3702 conficiuntnovemdecim.
1134 3645 1275 3701 Huic
1289 3646 1335 3701 si
1349 3645 1650 3702 addideris
1670 3648 1999 3719 epistolam,

350 3738 519 3805 cujus
572 3735 805 3791 initium
860 3734 1097 3801 ibidem,
1156 3752 1215 3807 p.
1255 3740 1345 3804 72,
1387 3740 1518 3808 post
1554 3736 2001 3809 inscriptionem

347 3823 546 3895 operis
569 3823 736 3893 legis,
764 3840 1081 3889 summam,
1108 3824 1185 3881 ab
1203 3824 1413 3881 Allatio
1437 3825 1703 3891 ductam,
1728 3826 2000 3884 habebis.

348 3912 465 3968 11118
516 3914 716 3985 itaque
767 3913 975 3982 viginti
1023 3916 1345 3988 Responsis
1388 3913 1521 3971 Seb.
1583 3915 1767 3979 Pauli,
1810 3931 1868 3987 p.
1911 3918 2000 3984 66,

347 4000 490 4057 nihil
516 4002 597 4057 ait
626 4018 759 4057 esse
790 4018 1108 4059 commune
1136 4019 1272 4059 cum
1307 4004 1579 4059 trecentis
1605 4003 1735 4069 illis,
1768 4005 1837 4059 ad
1868 4006 2003 4061 Am-

346 4090 719 4159 philochium
740 4091 916 4147 datis.
943 4094 1062 4161 Ego
1090 4108 1227 4148 vero
1258 4107 1329 4148 ex
1362 4093 1558 4148 Indice
1586 4092 1810 4149 codicis
1848 4093 2003 4148 Cois-

345 4178 550 4236 liniani
598 4181 1141 4251 Amphilochiorum
1196 4181 1473 4247 intellexi,
1536 4182 1866 4238 octodecim
1922 4182 2003 4237 ibi

345 4268 460 4341 legi
507 4269 641 4326 inde
674 4286 901 4327 anum.
957 4273 1025 4325 24
1070 4270 1147 4327 ad
1192 4272 1280 4326 41.
1328 4271 1550 4327 Eodem
1582 4272 1761 4327 etiam
1795 4271 2000 4327 ordine

2114 1776 2175 1833 in
2202 1777 2538 1835 Colbertino
2558 1794 2993 1853 nonnunquam
3013 1781 3361 1849 desiderari,
3382 1801 3516 1857 quae
3537 1790 3777 1843 exstant

2113 1865 2172 1921 in
2219 1866 2595 1924 Coisliniano.
2642 1868 2765 1925 Huc
2806 1871 3099 1942 pertinent
3137 1873 3258 1929 duo
3289 1873 3408 1940 illa,
3456 1891 3583 1947 quae
3612 1875 3774 1932 infra

2112 1955 2321 2021 habes,
2353 1972 2411 2029 p.
2444 1958 2566 2023 684,
2599 1973 2708 2014 nec
2734 1960 2933 2015 minus
2960 1961 3331 2033 Responsum
3360 1963 3432 2016 95
3451 1966 3509 2019 et
3536 1968 3623 2029 96,
3655 1972 3773 2020 etc.

2115 2044 2176 2099 in
2216 2044 2576 2102 Coisliniano
2616 2049 2778 2118 apud
2820 2049 3340 2107 Montefalconium
3372 2058 3775 2108 numerantur

2115 2137 2421 2206 Responsa
2442 2136 2561 2190 308.
2585 2136 2759 2192 Porro
2776 2137 2923 2193 ordo
2948 2139 3388 2211 Responsorum
3409 2141 3564 2197 alius
3589 2148 3777 2213 atque

2112 2224 2264 2279 alius
2324 2229 2411 2279 est
2449 2224 2508 2279 in
2551 2230 2800 2297 utroque
2849 2227 3052 2282 codice
3093 2228 3428 2284 Parisiensi.
3484 2231 3778 2296 Quamvis

2111 2310 2267 2367 enim
2288 2320 2529 2384 uterque
2550 2330 2736 2385 usque
2760 2315 2836 2370 ad
2861 2315 3038 2388 Resp.
3068 2322 3132 2371 77
3157 2317 3267 2372 sibi
3290 2317 3542 2374 invicem
3565 2325 3778 2377 exacte

2111 2400 2534 2473 respondeant,
2557 2402 2721 2474 quod
2744 2403 2820 2458 ad
2842 2410 3057 2461 caetera
3082 2411 3283 2462 tamen
3304 2407 3635 2463 admodum
3655 2425 3688 2465 a
3709 2425 3773 2464 se

2112 2489 2338 2545 ratione
2364 2490 2585 2546 ordinis
2606 2492 2982 2549 dissentiunt.

2186 2578 2357 2645 Quod
2379 2579 2455 2635 ad
2472 2580 2886 2650 Amphilochia
2918 2583 3049 2655 ipsa
3075 2588 3319 2657 spectat,
3342 2590 3513 2642 sexta
3544 2587 3778 2644 circiter

2113 2667 2347 2724 illorum
2394 2683 2533 2739 pars
2572 2670 2632 2724 in
2676 2670 2941 2742 epistolis
2982 2672 3166 2742 Photi,
3208 2690 3356 2746 quas
3400 2676 3646 2732 eruditae
3680 2677 3777 2732 Hi-

2114 2756 2319 2812 chardi
2350 2758 2683 2813 Montacutii
2718 2759 3023 2815 industriae
3056 2762 3368 2831 debemus,
3400 2769 3610 2820 exstat.
3646 2764 3777 2821 illo-

2113 2862 2245 2901 rum
2274 2845 2429 2901 dabo
2464 2846 2719 2902 lndicem
2748 2849 2807 2903 in
2842 2851 3094 2919 gratiam
3123 2867 3351 2918 eorum,
3385 2854 3489 2925 qui
3521 2853 3775 2909 fortasse

2115 2935 2519 3005 Amphilochia
2569 2936 2743 2993 edere
2799 2938 3176 3003 instituerint,
3228 2940 3501 2997 ordinem
3543 2943 3771 2998 codicis

2113 3023 2455 3081 Coisliniani
2494 3034 2829 3089 secuturus,
2867 3026 2946 3084 ita
2985 3028 3228 3100 quidem
3272 3036 3334 3086 ut
3363 3030 3554 3087 littera
3587 3047 3634 3086 r.
3664 3033 3777 3088 Re-

2110 3130 2317 3183 sponsa
2342 3114 2381 3167 .1
2396 3115 2907 3183 mphilochiorum.
2924 3133 2953 3172 e
2977 3133 3115 3175 vero
3138 3120 3437 3187 Epistolas
3469 3120 3655 3177 Photii
3680 3121 3775 3176 in-

2110 3203 2283 3258 dicet.
2318 3219 2364 3258 r.
2408 3208 2526 3259 128.
2560 3220 2613 3259 e.
2654 3205 2776 3260 208.
2819 3221 2865 3260 r.
2914 3211 3030 3263 129.
3064 3223 3113 3261 e.
3157 3211 3279 3264 209.
3315 3225 3361 3277 r,
3395 3211 3516 3274 130,
3545 3226 3597 3265 e.
3639 3211 3773 3265 210.

2109 3308 2155 3346 r.
2201 3293 2321 3347 131.
2357 3309 2406 3347 e.
2438 3294 2561 3347 211.
2595 3308 2642 3347 r.
2677 3294 2799 3349 132.
2831 3310 2880 3349 e.
2914 3298 3036 3351 213.
3074 3312 3121 3350 r.
3156 3301 3273 3352 133.
3309 3312 3360 3352 e.
3402 3300 3608 3356 214.1“.
3647 3303 3769 3355 134.

2110 3396 2159 3435 e.
2195 3382 2318 3435 216.
2353 3397 2398 3436 r.
2436 3383 2555 3438 138.
2592 3398 2642 3437 e.
2677 3382 2801 3438 246.
2838 3400 2882 3439 r.
2919 3385 3039 3441 139.
3071 3401 3119 3439 e.
3155 3385 3277 3441 247.
3307 3402 3355 3442 r.
3386 3388 3505 3443 140.
3547 3403 3597 3442 e.
3642 3391 3771 3443 248.

2110 3485 2155 3523 r.
2206 3473 2322 3525 163.
2360 3485 2411 3524 e.
2463 3474 2577 3525 137.
2612 3487 2657 3525 r.
2705 3472 2817 3526 164.
2855 3488 2905 3527 e.
2954 3476 3072 3529 138.
3115 3489 3160 3529 r.
3208 3477 3325 3529 165.
3371 3476 3491 3531 139.
3540 3492 3586 3530 r.
3640 3477 3776 3532 166.

2109 3573 2159 3613 e.
2190 3559 2311 3613 144.
2362 3574 2409 3614 r.
2460 3562 2581 3615 200.
2634 3575 2684 3615 e.
2736 3564 2822 3616 30.
2870 3578 2915 3616 r.
2959 3561 3081 3617 20l.
3131 3580 3182 3618 e.
3216 3569 3302 3618 31.
3336 3580 3382 3619 r.
3429 3568 3552 3620 202.
3581 3581 3635 3623 e.
3676 3570 3778 3623 33.

2110 3662 2157 3702 r.
2190 3650 2311 3702 223.
2348 3664 2398 3702 e.
2432 3651 2521 3704 35.
2571 3664 2618 3703 r.
2668 3653 2791 3704 224.
2826 3666 2877 3706 e.
2912 3654 2997 3708 36.
3056 3668 3102 3707 r.
3151 3656 3273 3707 225.
3307 3669 3356 3708 e.
3402 3658 3489 3709 37.
3540 3670 3588 3710 r.
3638 3658 3776 3711 226.

2109 3751 2159 3791 e.
2207 3739 2294 3791 38.
2345 3752 2391 3791 r.
2443 3740 2565 3791 227.
2616 3753 2667 3792 e.
2720 3741 2809 3795 43.
2860 3755 2906 3794 r.
2957 3740 3079 3796 228.
3132 3756 3183 3796 e.
3237 3745 3323 3797 50.
3357 3758 3405 3798 r.
3434 3746 3556 3799 229.
3589 3759 3640 3800 e.
3678 3744 3775 3800 54.

2108 3839 2156 3880 1‘.
2190 3828 2312 3881 230.
2342 3840 2394 3881 e.
2439 3829 2524 3881 58.
2572 3842 2617 3882 1'.
2670 3830 2793 3883 231.
2837 3843 2889 3882 e.
2925 3832 3011 3884 61.
3068 3845 3113 3885 1‘.
3165 3832 3288 3885 232.
3338 3847 3388 3887 e.
3445 3835 3534 3889 62.
3560 3847 3610 3888 r.
3637 3836 3774 3888 233.

2110 3928 2161 3970 e.
2197 3915 2285 3968 63.
2333 3929 2381 3969 r.
2414 3918 2536 3970 234.
2567 3930 2615 3970 e.
2663 3915 2751 3969 64.
2786 3932 2831 3971 r.
2871 3920 2995 3972 235.
3052 3934 3103 3973 e.
3154 3922 3241 3973 72.
3296 3935 3343 3973 r.
3390 3919 3514 3977 236.
3562 3936 3615 3976 e.
3669 3921 3773 3977 74.

2109 4017 2155 4058 r.
2203 4006 2325 4058 237.
2374 4020 2425 4059 e.
2470 4009 2557 4059 75.
2595 4019 2642 4059 1‘.
2678 4009 2800 4060 238.
2844 4022 2893 4060 e.
2941 4011 3031 4063 76.
3074 4023 3119 4062 1‘.
3146 4012 3269 4064 240.
3318 4024 3368 4064 e.
3405 4012 3522 4065 102.
3556 4026 3603 4064 1'.
3635 4014 3775 4068 241.

2110 4106 2160 4147 e.
2201 4096 2317 4146 125.
2348 4108 2393 4147 r.
2429 4096 2551 4147 242.
2587 4108 2637 4149 e.
2687 4098 2805 4151 127.
2838 4110 2884 4163 r,
2919 4099 3042 4151 243.
3076 4112 3125 4152 e.
3168 4100 3283 4152 129.
3319 4113 3365 4153 r.
3397 4101 3517 4153 244.
3552 4114 3603 4153 e.
3642 4103 3773 4155 132.

2109 4196 2159 4237 r.
2188 4185 2311 4238 245.
2346 4198 2395 4237 e.
2435 4187 2551 4238 133.
2589 4199 2635 4238 1‘.
2679 4187 2801 4241 246.
2836 4200 2885 4239 e.
2926 4186 3122 4242 135.1‘.
3156 4190 3279 4243 246.
3316 4204 3365 4242 e.
3406 4189 3527 4242 147.
3562 4203 3608 4242 r.
3637 4192 3773 4253 249,

2110 4288 2158 4326 c.
2205 4271 2328 4325 151.
2366 4286 2414 4327 1‘.
2451 4275 2575 4327 250.
2619 4288 2669 4327 e.
2716 4277 2832 4328 152.
2863 4290 2907 4328 1‘.
2944 4278 3066 4329 251.
3096 4291 3146 4331 e.
3188 4281 3307 4331 155.
3339 4292 3389 4333 r.
3421 4280 3523 4332 252
3551 4294 3603 4332 θ.
3639 4282 3772 4335 156.

348 4360 485 4429 (nisi
517 4360 679 4433 quod
712 4363 1085 4432 Responsum
1126 4362 1194 4416 35
1227 4366 1456 4417 mutato
1496 4360 1725 4430 ordine,
1769 4365 1905 4431 post
1936 4365 2001 4416 39
2036 4378 2079 4432 ι)
2109 4376 2160 4417 r.
2191 4363 2315 4415 253.
2351 4375 2403 4415 e.
2440 4365 2555 4415 157.
2590 4378 2634 4415 r.
2665 4365 2784 4417 254.
2819 4380 2867 4416 e.
2904 4364 3023 4418 161.
3067 4380 3111 4418 r.
3146 4367 3270 4420 255.
3305 4382 3355 4419 e.
3390 4369 3515 4422 163.
3548 4382 3597 4421 r.
3638 4371 3775 4423 256.

346 4458 619 4528 legatur),
653 4463 833 4531 atque
871 4462 1023 4515 adeo
1057 4475 1243 4515 unum
1279 4465 1533 4529 tantum,
1568 4459 1733 4532 quod
1765 4460 1823 4514 in
1860 4461 2003 4514 Nea-

348 4554 613 4626 politano
670 4560 760 4609 est
808 4560 892 4620 37,
950 4562 1003 4613 et
1042 4557 1244 4629 incipit
1280 4573 1291 4612 :
1324 4556 1443 4609 "0n
1487 4560 1576 4629 μὲν
1636 4559 1663 4614 ἡ
1725 4566 1815 4609 τοῦ
1868 4565 2000 4610 Θεοῦ

347 4658 582 4726 πρόνοια,
616 4671 667 4705 κ.
702 4672 750 4707 τ.
796 4653 845 4706 ).
895 4654 953 4710 in
998 4655 1358 4711 Coisliniano
1398 4655 1499 4711 illo
1534 4656 1738 4713 codice
1773 4656 2002 4713 deside-

346 4750 487 4806 rari.
521 4752 699 4821 Atque
728 4750 821 4805 hae
842 4750 915 4805 de
934 4752 1318 4823 Neapolitano
1339 4753 1434 4808 illo
1457 4753 1663 4810 codice
1683 4754 1998 4811 sufﬁciant.

347 4846 530 4902 Video
552 4850 834 4917 praeterea
851 4862 886 4903 a
904 4847 1192 4903 Casimiro
1213 4848 1449 4905 Oudino
1474 4849 1529 4904 in
1555 4851 2003 4906 Commentariis

347 4944 420 4998 (le
456 4944 844 5012 scriptoribus
893 4945 1211 5001 ecclesiast.
1271 4948 1392 4999 tom
1422 4947 1485 5013 It,
1537 4963 1592 5018 p.
1644 4951 1767 5011 203,
1810 4948 2001 5003 afferri

346 5040 621 5096 biblioth.
648 5041 1011 5107 Bavaricam,
1034 5042 1200 5113 cujus
1217 5042 1421 5097 codice
1444 5045 1567 5110 175,
1590 5045 2001 5112 Amphilochia

349 5139 531 5195 Photii
562 5140 996 5198 contineantur.
1029 5145 1096 5195 At
1129 5140 1187 5194 in
1219 5140 1500 5209 Catalogo
1531 5144 1806 5199 codicum
1845 5144 2001 5199 Grae-

349 5254 557 5294 corum
576 5237 849 5294 biblioth.
871 5238 1190 5305 Bavaricze,
1214 5255 1269 5309 p.
1298 5243 1385 5302 67,
1408 5240 1999 5304 n.175,hiectantum

351 5337 501 5393 inter
532 5342 745 5392 caetera
785 5337 1035 5392 aliorum
1071 5338 1347 5407 leguntur
1378 5354 1390 5392 :
1423 5337 2002 5407 Pholiipatriarchw

351 5437 420 5491 de
438 5435 952 5504 incircumscripta
977 5436 1115 5491 Filii
1130 5436 1439 5492 divinitate
1459 5452 1530 5491 ex
1549 5437 1593 5489 Α
1607 5438 1964 5505 mphilochio
1986 5457 1997 5506 ;

358 5534 453 5590 ubi
479 5533 685 5606 procul
707 5533 892 5589 dubio
919 5533 1239 5603 legendum
1263 5538 1350 5589 est
1368 5549 1439 5589 ex
1458 5534 1911 5603 Amphilochiis.
1936 5540 2001 5593 In

353 5633 448 5689 his
474 5633 633 5689 enim
661 5633 773 5690 hoc
804 5631 1123 5698 Quaesitum
1157 5630 1389 5703 legitur,
1418 5649 1478 5689 n.
1510 5636 1598 5698 37,
1628 5635 1848 5692 codicis
1877 5636 2004 5693 Coi-

2110 4473 2161 4513 e.
2197 4461 2314 4513 164.
2349 4474 2395 4512 r.
2430 4462 2551 4512 257.
2587 4474 2637 4514 e.
2676 4464 2791 4515 167.
2824 4476 2866 4514 r.
2904 4463 3025 4515 258,
3061 4477 3109 4516 e.
3147 4461 3268 4517 176.
3304 4479 3349 4518 r.
3384 4467 3505 4519 259.
3538 4480 3589 4519 e.
3644 4470 3773 4521 177.

2111 4570 2156 4609 1‘.
2203 4559 2327 4610 260.
2356 4570 2404 4611 e.
2439 4558 2558 4610 178.
2594 4572 2638 4611 1'.
2673 4560 2797 4612 261.
2839 4573 2890 4611 e.
2928 4561 3045 4615 180.
3077 4574 3123 4613 1‘.
3154 4563 3275 4615 262.
3311 4576 3361 4614 c.
3399 4563 3515 4616 18l.
3548 4577 3595 4616 1‘.
3638 4567 3771 4619 263.

2111 4668 2162 4708 e.
2200 4656 2314 4709 182.
2349 4670 2395 4709 r.
2431 4657 2552 4710 254.
2588 4671 2637 4710 e.
2678 4658 2793 4712 187.
2827 4672 2873 4711 r.
2907 4660 3028 4713 265.
3065 4672 3113 4712 e.
3155 4661 3270 4713 192.
3306 4674 3353 4714 r.
3386 4662 3510 4716 266.
3543 4674 3594 4715 e.
3644 4666 3770 4717 196.

2111 4768 2158 4807 r.
2187 4752 2306 4807 267.
2363 4768 2412 4808 e.
2462 4756 2585 4808 203.
2619 4769 2665 4808 1‘.
2703 4758 2827 4810 269.
2856 4769 2905 4810 e.
2946 4758 3063 4810 145.
3109 4771 3155 4811 1‘.
3189 4759 3311 4812 270.
3345 4772 3395 4812 e.
3436 4761 3552 4814 162.
3582 4763 3769 4814 1‘.27‘..

2112 4867 2161 4905 e.
2202 4854 2317 4905 163.
2368 4867 2415 4905 r.
2463 4854 2587 4904 272.
2634 4868 2682 4907 e.
2737 4857 2854 4907 163.
2888 4868 2936 4907 r.
2964 4856 3089 4908 273.
3124 4869 3174 4909 e.
3208 4856 3330 4912 166.
3358 4855 3611 4913 Summa
3640 4874 3772 4914 om-

2110 4947 2255 5003 nino
2293 4952 2381 5004 est
2411 4953 2500 5003 65.

2183 5048 2309 5101 Non
2351 5045 2563 5101 desunt
2604 5052 2888 5118 praeterea
2930 5050 3031 5105 viri
3081 5052 3314 5117 eruditi,
3344 5053 3447 5125 qui
3474 5056 3771 5112 nonnulla

2110 5159 2182 5199 ex
2213 5144 2305 5199 his
2334 5143 2641 5216 Responsa
2673 5145 3005 5204 ediderunt.
3039 5151 3190 5204 Inter
3214 5150 3324 5205 hos
3355 5156 3440 5206 est
3478 5150 3769 5209 laudatis-

2113 5241 2301 5296 simus
2333 5240 2745 5307 Combeﬁsius,
2776 5244 2898 5315 qui,
2936 5245 3101 5317 quod
3142 5262 3324 5317 supra
3361 5248 3487 5318 jam
3533 5252 3769 5305 monui-

2113 5356 2265 5403 mus,
2298 5342 2472 5411 Resp.
2502 5345 2588 5395 37.
2626 5342 2705 5396 De
2732 5341 3235 5415 incircumsm'ipta
3270 5345 3405 5399 Filii
3438 5347 3664 5403 Ileitate
3696 5366 3767 5405 ex

2110 5437 2335 5492 Tiliano
2368 5436 2591 5492 codice.
2623 5438 2785 5509 (Vide
2830 5441 2960 5510 ejus
2996 5443 3323 5499 Rccmsitos
3358 5451 3629 5502 auctores
3675 5450 3768 5503 Bi-

2111 5536 2403 5591 bliotheca?
2440 5538 2563 5590 PP.
2595 5538 3076 5609 Concionatoriaz,
3103 5559 3157 5611 p.
3188 5543 3329 5613 152.)
3352 5544 3503 5599 Inter
3530 5547 3768 5615 Amp/ii.

2113 5635 2292 5692 lochii
2320 5634 2631 5707 scripta,et
2654 5637 2945 5708 Respons.
2972 5640 3094 5704 125,
3122 5638 3196 5695 de
3226 5641 3463 5697 Asteriis
3484 5642 3765 5711 pluribus
