3992 6182
207 255 260 310 25
1609 232 2171 312 PROLEGOMENA.

3529 258 3600 320 26

197 382 239 433 in
265 380 410 434 calce
442 379 666 436 Asteria“
696 379 790 436 sui
831 379 1035 436 edidit.
1084 383 1289 438 Postea
1329 380 1828 452 diligentissimus
1863 381 1904 435 A
1941 381 2000 436 d.
2049 385 2118 438 28
2171 382 2398 437 octobr.
2442 383 2869 440 Amstelodami
2924 390 3151 441 mature
3182 386 3443 444 defuncti
3479 391 3594 460 (cui

193 468 581 524 Montefalconi
593 486 658 523 us
674 469 737 524 in
752 469 1040 540 Catalogo
1056 471 1427 526 Bibliotheca:
1439 469 1825 536 Coislinianm,

189 575 234 628 q.
266 559 359 612 346
387 575 523 630 sqq.
553 565 819 631 quatuor
847 559 1091 616 omnino
1123 563 1447 632 Responsa,
1480 575 1696 631 nempe
1731 562 1831 617 125

187 650 243 702 de
265 653 302 702 Α
319 647 528 710 steriis,
570 650 697 718 1'39,
727 651 799 706 de
823 665 1007 705 cornu
1039 650 1388 715 Amalthew,
1417 653 1522 707 160
1546 649 1613 706 de
1636 649 1830 718 Sibyl-

187 738 258 798 iis,
283 743 332 791 et
363 739 463 791 166
492 738 574 793 de
606 738 819 795 haeresi
853 739 1097 796 Eusebii
1136 739 1195 794 in
1229 753 1614 796 communem
1653 755 1828 794 usum

188 828 344 882 Grece
371 831 429 881 et
461 828 675 883 Latine
711 829 1014 899 produxit.
1056 827 1159 884 Ubi
1192 827 1391 894 velim,
1425 832 1614 894 notes,
1655 830 1827 900 Resp.

199 915 635 980 t‘ﬁdeAsteriis,
664 916 833 973 idem
856 932 1009 982 esse,
1032 917 1197 990 quod
1220 917 1608 973 Combeﬁsius
1632 916 1830 972 edide-

197 1014 273 1066 rat,
299 1008 388 1062 129
417 1021 569 1063 vero
601 1011 665 1063 et
707 1009 802 1063 166
835 1008 894 1063 in
926 1008 1208 1078 Epistolis
1241 1006 1450 1073 Photii,
1482 1007 1625 1063 illud
1653 1007 1826 1079 epist.

189 1099 276 1150 209.
311 1096 419 1151 hoc
460 1100 686 1151 autem
727 1097 902 1169 epist.
938 1097 1042 1152 144
1077 1098 1204 1167 jam
1246 1102 1382 1152 ante
1423 1096 1649 1153 editum
1689 1096 1824 1166 legi.

179 1187 268 1240 Sec
289 1186 615 1241 omittendi
651 1192 796 1242 sunt
831 1186 948 1250 alii,
985 1202 1140 1259 quos
1171 1186 1452 1242 celeberr.
1484 1188 1574 1242 Jo.
1611 1185 1830 1242 Alberti

178 1274 390 1329 Fabricii
428 1275 635 1330 nostri
689 1274 891 1330 verbis
930 1275 990 1330 in
1031 1275 1401 1332 Bibliotheca
1443 1276 1672 1340 Grceca,
1710 1275 1825 1331 vol.

171 1362 242 1420 lx.
271 1380 323 1435 p.
353 1367 479 1426 362,
518 1363 888 1435 appellabo.
924 1383 953 1416 ι
987 1366 1216 1428 Locum,
1258 1365 1474 1436 inquit,
1509 1379 1579 1420 ex
1609 1370 1825 1436 quiest.

172 1456 240 1514 83,
277 1451 568 1524 producit
588 1451 846 1508 Allatius
873 1453 1067 1524 capite
1091 1456 1143 1517 2,
1176 1453 1581 1523 Syntagmatis
1612 1454 1682 1508 de
1711 1454 1826 1508 En-

169 1541 534 1612 glish-ing;th
556 1541 784 1608 ;alium
806 1556 879 1596 ex
905 1547 1114 1614 quiest.
1139 1543 1236 1596 157
1258 1541 1319 1597 in
1337 1541 1489 1597 libro
1517 1543 1593 1596 De
1611 1542 1822 1597 Simeo-

170 1629 324 1694 πέδω,
361 1647 418 1700 p.
463 1635 522 1684 6.
583 1629 717 1686 Alia
759 1630 892 1686 loca
928 1631 1129 1686 laudat
1161 1631 1368 1686 Franc.
1411 1630 1727 1685 'l‘urrianus
1767 1631 1826 1686 in

1941 477 2153 543 praeter
2192 471 2301 526 alia
2343 471 2628 544 Alphonsi
2673 474 2968 530 Ciacconii
3008 476 3434 533 Bibliot/iccam
3477 482 3598 535 uni-

1941 562 2250 623 versalem,
2286 563 2480 633 quoad
2513 562 2628 627 illa,
2662 579 2844 620 manu
2880 571 3142 630 exarata,
3172 566 3593 633 circumfertur,

1941 657 1996 706 et
2027 651 2188 722 apud
2226 667 2318 706 me
2351 668 2590 723 quoque
2621 658 2834 718 exstat,
2868 664 2926 708 et
2956 655 3276 711 Historiam
3320 657 3593 713 Crilicam

1942 740 2390 811 Ephemeridum
2419 741 2877 808 litterariarmn,
2907 743 3054 799 Gall.
3081 745 3399 801 Amstclod.
3441 747 3594 813 173i,

1941 832 1992 895 8,
2009 829 2250 897 editam,
2273 830 2606 901 debemus,)
2630 839 2958 903 acceperat.
2975 832 3327 890 Camusatus
3349 836 3594 906 quidem

1939 922 2129 974 totum
2162 935 2314 990 opus
2347 920 2540 989 (cujus
2582 921 2777 992 prima
2807 926 2862 976 et
2897 923 3057 978 tertia
3091 939 3230 994 pars
3263 924 3476 980 frustra
3511 924 3595 978 in-

1940 1010 2028 1061 ter
2067 1007 2320 1062 schedas
2351 1007 2478 1077 ejus
2510 1009 2764 1078 quaesita
2795 1011 2904 1079 est)
2938 1026 3121 1066 manu
3155 1027 3259 1066 sua
3293 1027 3362 1067 ex
3392 1012 3596 1068 codice

1939 1095 2300 1151 Coisliniano
2323 1097 2716 1169 descripserat
2744 1105 2798 1154 et
2828 1115 2961 1156 cum
2996 1099 3330 1156 Colbertiuo
3353 1117 3596 1174 compa-

1939 1191 2191 1249 raverat,
2233 1187 2354 1241 imo
2387 1192 2440 1242 et
2472 1187 2705 1243 initium
2751 1188 3244 1260 interpretationis
3289 1191 3525 1256 Latinas,
3561 1207 3596 1246 a

1940 1290 2034 1329 me
2074 1290 2192 1328 non
2232 1276 2395 1342 visre,
2440 1275 2678 1332 fecerat.
2723 1277 2781 1332 ld
2824 1277 2951 1349 ispe
2984 1279 3043 1332 in
3084 1278 3344 1334 Historia
3383 1279 3594 1335 critica

1941 1363 2419 1434 Ephemeridum,
2481 1383 2533 1436 p.
2600 1367 2687 1428 96,
2752 1371 3014 1431 testatur,
3075 1367 3593 1439 quemadmodum

1939 1456 2074 1507 ante
2101 1453 2216 1507 hoc
2243 1453 2715 1524 quinquennium
2738 1469 2846 1527 per
2872 1454 3094 1511 litteras
3122 1455 3264 1510 mihi
3297 1455 3596 1525 signiﬁca-

1941 1548 2119 1605 verat,
2154 1557 2365 1613 parare
2398 1558 2458 1596 se
2497 1543 2768 1599 omnium
2817 1544 3009 1600 Photii
3042 1545 3122 1615 (in
3165 1545 3339 1615 cujus
3371 1544 3594 1600 Biblio-

1939 1630 2108 1687 theca
2138 1632 2502 1688 recensenda
2531 1647 2643 1700 ego
2674 1648 2833 1688 nunc
2865 1635 3091 1703 versor)
3118 1649 3388 1705 operum,
3415 1640 3593 1706 atque

168 1719 487 1787 Defensionc
519 1719 915 1788 epistolarum
949 1721 1305 1788 Pontiﬁcum
1338 1719 1422 1790 (p.
1458 1722 1526 1774 24
1555 1725 1611 1775 et
1641 1721 1827 1788 t65)et
1858 1731 1899 1786 Β
1937 1718 2086 1774 inter
2105 1720 2230 1775 haec
2259 1720 2618 1777 nominatim
2640 1721 3201 1790 Amphilochiorum
3243 1721 3587 1778 editionem.

169 1809 212 1864 in
245 1809 398 1864 Notis
448 1808 544 1865 ad
599 1809 1062 1865 Constitutiones
1109 1810 1463 1880 apostolicus
1513 1809 1683 1880 (Vlll,
1733 1810 1822 1875 41,

167 1914 214 1969 p.
245 1899 384 1967 t55),
427 1914 556 1954 nec
592 1911 724 1954 non
756 1898 819 1955 in
850 1897 1004 1954 libro
1036 1899 1109 1954 De
1127 1900 1266 1968 jure
1293 1898 1620 1954 ordinandi
1649 1897 1823 1955 mini-

167 1996 289 2043 stros
319 1987 648 2063 Ecclesia.
686 2001 747 2058 p.
783 1987 905 2043 155.
947 2009 967 2035 ι
1023 1995 1025 2000 “

223 2079 521 2148 Superest,
579 2081 652 2132 ut
700 2075 777 2132 de
831 2076 904 2131 iis
956 2075 1178 2142 dicam,
1227 2092 1365 2149 qum
1416 2076 1545 2148 ipse
1593 2090 1705 2146 ego
1752 2091 1824 2132 ex

166 2168 373 2236 egregio
417 2181 620 2240 opere
677 2165 740 2220 in
787 2165 947 2221 calce
986 2166 1164 2237 hujus
1202 2165 1531 2222 voluminis
1567 2165 1818 2222 exhibui.

166 2253 407 2312 Pervenit
422 2256 511 2311 ad
532 2269 640 2310 me
659 2253 764 2310 illa
778 2254 1328 2324 Amphilochiorum
1349 2268 1511 2326 pars,
1537 2269 1665 2324 quas
1683 2254 1820 2310 inde

166 2359 194 2398 a
224 2346 378 2416 Resp.
424 2348 520 2411 14,
570 2343 808 2400 codicis
851 2341 1091 2398 Coislin.
1153 2357 1343 2414 usque
1382 2342 1460 2399 ad
1501 2344 1672 2415 Resp.
1717 2347 1817 2400 201

166 2433 365 2504 leg'tur.
412 2432 631 2490 Debeo
671 2431 838 2487 illam
872 2431 1208 2488 liberalitati
1237 2431 1346 2487 viri
1376 2447 1498 2487 rev.
1532 2438 1588 2487 et
1618 2431 1820 2488 claris-

166 2522 300 2585 simi,
349 2524 436 2578 ιο.
497 2520 754 2578 Jacobii
797 2520 1138 2586 Wetsteinii,
1180 2519 1343 2592 apud
1391 2519 1633 2576 Amstel.
1681 2535 1819 2576 cum

167 2611 399 2668 maxime
429 2611 670 2668 litteras
696 2609 1094 2681 elegantioraa
1127 2607 1416 2675 ornantia,
1445 2609 1543 2666 cui
1565 2609 1680 2666 hoc
1699 2624 1815 2666 no-

169 2701 302 2756 mine
339 2702 572 2770 gratias
619 2699 824 2757 habeo
867 2713 1127 2772 agoque.
1168 2699 1268 2756 Ille
1298 2713 1437 2756 vero
1467 2713 1590 2756 eam
1622 2713 1694 2755 ex
1725 2714 1814 2754 se-

1936 1810 2016 1863 Ex
2047 1808 2312 1878 eaigitur
2341 1809 2578 1865 illorum
2605 1816 2789 1882 parte,
2818 1827 2996 1884 quam
3024 1811 3241 1878 habeo,
3265 1810 3364 1867 illa
3390 1811 3590 1882 selegi,

1934 1911 2070 1968 quae
2111 1897 2190 1953 ad
2228 1899 2661 1971 expositionem
2701 1900 2964 1956 locorum
3004 1899 3402 1956 difﬁciliorum
3448 1901 3594 1956 Novi

1936 1985 2197 2042 Fosderis
2229 1992 2515 2057 spectant,
2545 1989 2786 2045 omissis
2817 1994 3021 2046 tamen
3055 1989 3149 2057 iis,
3181 2004 3317 2062 quae
3342 1988 3474 2061 jam
3508 1989 3595 2045 in-

1935 2079 2020 2130 ter
2050 2075 2338 2144 Epistolas
2380 2076 2568 2132 Photii
2605 2077 2902 2148 leguntur.
2947 2081 3072 2134 Non
3113 2077 3334 2143 omnia,
3382 2078 3588 2142 fateor,

1933 2164 2206 2219 eamdem
2235 2163 2375 2220 hinc
2405 2164 2762 2234 doctrinam,
2784 2166 2923 2222 hinc
2945 2166 3311 2237 diligentiam
3337 2166 3587 2236 spirant.

1933 2252 2222 2324 Pleraque
2262 2257 2461 2308 tamen
2494 2251 2576 2308 ita
2607 2259 2954 2325 comparata
3001 2262 3155 2319 sunt,
3204 2261 3269 2310 ut
3297 2255 3504 2325 juvare
3536 2259 3590 2311 et

1930 2341 2223 2398 delectare
2271 2342 2504 2414 possint
2552 2341 2853 2399 lectorem.
2907 2342 3023 2400 lllis
3077 2345 3298 2416 itaque,
3345 2343 3588 2400 cordate

1929 2431 2132 2498 lector,
2175 2430 2406 2496 frueris,
2449 2435 2504 2486 et
2544 2447 2667 2487 una
2707 2448 2944 2488 mecum
2987 2436 3105 2489 Deo
3146 2435 3209 2490 Ο.
3254 2436 3324 2488 Μ.
3367 2431 3586 2503 gratias

1928 2535 2094 2590 ages,
2137 2519 2303 2592 quod
2345 2519 2503 2575 curis
2524 2520 2616 2576 his
2637 2521 3010 2592 perﬁciendis
3029 2527 3084 2578 et
3101 2522 3502 2579 valetudinem
3528 2525 3587 2580 et

1927 2608 2276 2682 patientiam
2304 2609 2628 2666 clementer
2663 2609 2807 2667 mihi
2842 2611 2915 2668 sit
2946 2611 3214 2681 largitus.
3249 2615 3334 2668 Ita
3363 2611 3492 2668 vale
3522 2611 3581 2668 in

1931 2697 2202 2762 Domino,
2244 2703 2301 2754 et
2337 2700 2761 2770 supplementa,
2803 2715 2938 2772 quia
2970 2716 3152 2772 supra
3180 2700 3447 2773 promisi,
3474 2715 3586 2757 suo

165 2762 657 2848 ctionelibrorum
677 2792 888 2846 Franc.
910 2762 1180 2861 biooysii
1202 2788 1526 2846 Camusati.
1548 2803 1646 2845 an.
1675 2788 1816 2843 1732
1847 2762 1886 2818 C
1928 2793 2192 2860 tempore
2219 2762 2516 2861 exspecta.

1830 2967 1921 3023 III.

1319 3119 1648 3176 ANGELUS
1686 3117 2037 3175 ANTONIUS
2078 3117 2380 3175 SCOTTUS
2422 3120 2437 3134 '

1514 3243 1806 3300 LECTORI
1848 3243 2229 3301 BENEVOLO

1701 3368 2023 3425 SALUTEM
2037 3413 2051 3426 .

233 3781 366 3834 Cum
413 3779 564 3836 illud
623 3779 703 3833 sit
758 3778 819 3833 in
881 3791 1043 3833 more
1089 3777 1371 3849 positum,
1434 3776 1820 3849 institutoque

168 3869 535 3941 scriptorum,
567 3874 631 3925 ut
661 3865 920 3940 publica:
948 3865 1096 3922 lucis
1125 3881 1371 3922 usuram
1403 3864 1550 3922 dum
1583 3866 1705 3920 suis
1735 3865 1820 3920 lu-

171 3956 604 4015 cubrationibus
628 3955 984 4026 largiuntur,
1007 3956 1132 4027 jam
1161 3970 1348 4027 usque
1374 3955 1452 4010 ab
1472 3955 1708 4010 exordio
1733 3953 1818 4010 di-

173 4046 397 4117 ligenter
418 4051 752 4120 exponant,
774 4045 1001 4120 quibus
1025 4045 1399 4116 potissimum
1425 4045 1498 4100 de
1521 4045 1722 4100 causis
1742 4045 1818 4100 ad

172 4135 283 4192 illas
309 4138 582 4194 animum
623 4135 975 4209 appulerint,
1020 4135 1313 4191 monitum
1345 4138 1398 4190 te
1439 4133 1591 4199 volo,
1626 4133 1818 4190 amice

173 4223 352 4289 lector,
385 4240 514 4282 non
540 4239 726 4281 unam
750 4223 948 4288 fuisse,
976 4239 1112 4296 quia
1138 4222 1282 4279 mihi
1306 4222 1455 4286 aliis,
1485 4227 1663 4294 atque
1685 4222 1817 4278 aliis

1933 3778 2076 3833 mihi
2113 3777 2288 3833 liceat
2333 3794 2640 3850 usurpare,
2683 3780 2851 3851 quod
2892 3779 3238 3836 Theodorus
3282 3779 3583 3846 Balsamo,

1929 3865 2075 3921 dum
2097 3871 2153 3922 et
2174 3864 2387 3922 Phottii
2407 3867 2863 3924 Nomocanonem
2887 3874 3407 3940 commentaretur,
3429 3870 3502 3925 de
3525 3886 3586 3925 se

1929 3953 2074 4010 dixit
2132 3971 2144 4010 ε
2202 3957 2267 4010 Εἴ
2319 3975 2368 4007 τι
2421 3961 2492 4028 μὴ
2566 3959 2795 4014 καθῆκον
2865 3959 2991 4018 iam;
3051 3963 3478 4030 γέγραπται......
3539 3958 3586 4010 ἐν

1928 4050 2152 4103 colig...“
2238 4043 2545 4117 ἑρμηνείαις,
2631 4043 2894 4108 ἁξιοὺσθω
2976 4052 3208 4118 γνώμης·
3285 4044 3408 4100 οὐδὲ
3483 4050 3585 4120 γὰρ

1928 4133 2171 4204 ἡμέτερον
2233 4131 2476 4205 τόλμημα
2547 4136 2603 4185 τὸ
2665 4142 2756 4186 τοῦ
2815 4139 3107 4207 πονὴματος
3171 4137 3399 4206 μέγεθος,
3461 4134 3588 4188 ἀλλὰ

1925 4228 2024 4282 τῆς
2078 4220 2130 4284 ἐξ
2188 4219 2413 4292 ἀνάγκης
2477 4224 2710 4284 ὑπακοῆς
2764 4223 3047 4296 ἁποκύημα
3095 4243 3106 4256 ³
3162 4225 3230 4280 Si
3273 4225 3419 4294 quid
3460 4225 3590 4293 for-

174 4313 654 4388 occnpationibns
674 4313 998 4384 implicato,
1029 4313 1105 4368 ad
1128 4312 1242 4368 hoc
1267 4326 1440 4382 opus,
1465 4310 1817 4383 quale‘illud
1855 4354 1896 4407 Β
1929 4317 2074 4366 tam
2104 4310 2295 4366 minus
2327 4313 2674 4368 conveniens
2710 4313 2989 4380 scriptum
3022 4319 3172 4368 est...
3206 4313 3360 4367 in....
3405 4313 3584 4368 inter-

177 4415 393 4476 cunque
465 4401 563 4465 sit,
639 4400 1131 4473 aggrediendum,
1207 4401 1816 4472 persequendumque

173 4493 428 4548 maximo
446 4490 561 4547 fuit
585 4489 989 4546 incitamento.
1022 4489 1282 4543 Primum
1313 4487 1385 4543 cl.
1418 4487 1528 4544 viri
1567 4487 1814 4543 Joannis

176 4580 430 4637 Andresii
461 4578 655 4650 Regia
683 4576 1056 4634 bibliothecae
1083 4575 1366 4649 praefecti,
1409 4577 1581 4646 cujus
1619 4575 1817 4632 erudi-

177 4669 301 4725 tioni
341 4686 416 4725 ac
453 4666 884 4726 benevolentiae
925 4666 1252 4738 plurimum
1304 4681 1399 4721 me
1437 4665 1656 4721 debere
1693 4678 1812 4723 non

180 4757 431 4824 difﬁteor,
468 4756 793 4814 auctoritas
817 4760 871 4811 et
899 4755 1218 4828 imperium
1248 4754 1517 4826 urgebat:
1552 4754 1601 4809 is
1633 4754 1812 4818 enim,

180 4848 590 4917 pretiosissima
641 4860 900 4919 quaeque
949 4843 1324 4902 bibliotheca:
1381 4842 1626 4915 κειμήλια
1678 4858 1813 4898 cum

182 4934 274 4990 sibi
312 4934 687 5009 proposuerit
724 4935 784 4989 in
829 4932 1099 5006 apricum
1143 4933 1422 5002 proferre,
1464 4931 1654 4988 noluit
1690 4931 1816 4988 haec

185 5023 350 5081 Photii
381 5025 719 5098 ’Δμγιλοχία,
751 5038 881 5091 seu,
913 5027 978 5079 ut
1011 5022 1109 5080 alii
1140 5021 1426 5087 scribunt,
1469 5020 1818 5094 ’Δμφιλοχεία

187 5114 261 5167 vel
300 5115 665 5187 ’Apydoxm‘i,
708 5113 770 5168 in
810 5110 1070 5168 tenebris
1093 5111 1292 5182 jacere
1335 5126 1450 5168 :ac
1492 5110 1638 5166 mihi
1689 5109 1818 5183 plu-

189 5205 332 5260 rimis
369 5207 466 5261 sibi
501 5203 856 5264 nominibus
896 5201 1342 5258 devinctissimo
1385 5201 1542 5258 hanc
1583 5201 1817 5273 provin-

188 5291 320 5350 ciam
345 5295 592 5360 tradidit,
613 5299 681 5352 ut
704 5291 907 5350 editio.
932 5290 1241 5363 versioque
1264 5290 1446 5347 alacri
1467 5290 1672 5346 animo
1689 5305 1816 5347 sus-

193 5388 341 5452 cepta
375 5391 596 5442 mature
637 5382 720 5440 ad
766 5381 993 5438 exitum
1045 5379 1390 5452 perveniret.
1439 5380 1634 5445 Quare
1666 5377 1816 5436 illud

249 5506 303 5574 (”›
332 5509 582 5567 Ρτωῐδιὶο
620 5505 825 5580 operis
861 5504 956 5580 cui
997 5503 1197 5580 titulus
1228 5503 1317 5558 Eo:
1345 5501 1542 5560 Photii
1571 5500 1816 5573 Amphi-

204 5576 366 5654 lochiis
388 5573 683 5654 quaedam."
703 5575 976 5654 Neapoli,
1008 5573 1097 5631 181
1092 5578 1161 5654 ρ.

257 5651 317 5722 (1)
341 5644 609 5712 Balsama
639 5653 703 5709 in
730 5644 1060 5708 Noinocan.
1089 5644 1322 5706 Praefat.
1343 5645 1408 5705 in
1427 5645 1530 5704 ﬁn.

1926 4399 2379 4469 pretationibus,
2420 4401 2592 4456 venia
2627 4401 2874 4470 dignum
2910 4400 3184 4463 habetor;
3227 4414 3409 4470 neque
3435 4402 3584 4456 enim

1927 4493 2120 4543 noster
2155 4495 2238 4544 est
2277 4504 2458 4544 ausus
2495 4489 2609 4544 ista
2651 4488 3072 4544 lucubrationis
3111 4490 3307 4553 moles,
3347 4489 3451 4546 sed
3487 4505 3585 4547 ne-

1927 4577 2200 4633 cessariae
2230 4577 2570 4633 obedientia:
2596 4581 2810 4645 partus
2838 4576 2938 4648 (l).

1999 4664 2288 4720 Praeterea
2327 4665 2701 4733 Graecanica,
2744 4681 2815 4720 ac
2855 4664 3202 4738 theologicae
3233 4666 3582 4723 eruditionis

1926 4751 2299 4810 amatoribus
2330 4767 2424 4808 me
2447 4751 2675 4825 aliquid
2697 4753 3039 4826 voluptatis,
3062 4771 3136 4811 ne
3154 4755 3354 4811 dicam
3371 4756 3583 4812 utilita-

1926 4843 2019 4908 tis,
2072 4841 2387 4898 allaturum
2438 4841 2860 4909 autumebam;
2912 4844 2960 4900 si
3015 4843 3219 4900 isthaec
3267 4845 3450 4902 Photii
3488 4845 3587 4897 λεί-

1923 4931 2066 5003 ψανα
2095 4929 2254 5003 typis
2279 4928 2642 5001 evulgarem,
2677 4947 2748 4987 ac
2790 4933 2994 4989 Latina
3015 4932 3301 4990 donarem
3329 4934 3584 4991 civitate.

1926 5019 2120 5091 Opera
2155 5018 2315 5075 enim
2355 5019 2485 5086 viri,
2521 5019 2825 5076 nonnullis
2859 5021 2992 5078 licet
3029 5023 3330 5078 erroribus
3370 5022 3584 5087 affecti,

1927 5113 2127 5165 tamen
2188 5107 2238 5160 ἄν
2296 5107 2470 5180 λόγοις
2527 5108 2967 5183 ὀνομαστοτάτω,
3035 5119 3095 5167 ut
3152 5112 3344 5184 inquit
3400 5116 3588 5169 Zona-

1923 5213 2021 5254 ras
2061 5197 2166 5268 (2),
2207 5202 2384 5271 atque
2426 5197 2506 5251 ἐπὶ
2548 5205 2704 5272 σοφίᾳ
2735 5203 3022 5276 γνωρίμὸυ,
3077 5206 3139 5257 ut
3168 5201 3469 5258 Cedrenus
3508 5200 3588 5256 fa-

1925 5291 2075 5344 tetur
2099 5287 2202 5359 (3),
2227 5287 2556 5344 maximam
2579 5287 2690 5345 sibi
2712 5305 2949 5361 semper
2970 5289 3487 5361 :existimationem
3515 5306 3584 5347 ac

1924 5375 2167 5432 laudem
2189 5376 2608 5445 conciliarunt;
2632 5378 2754 5434 imo
2781 5378 3102 5436 commodo
3125 5395 3235 5435 suo
3272 5378 3582 5436 consulere

1998 5501 2076 5644 (Ἴ
2103 5501 2327 5559 Annal.
2361 5502 2457 5558 lib.
2487 5519 2604 5569 xvn,
2631 5519 2770 5574 pag.
2814 5505 2928 5567 I27,
2967 5503 3105 5558 Ven.
3135 5503 3295 5560 1729.

1998 5572 2053 5642 (3
2106 5573 2332 5631 Histor.
2369 5574 2682 5644 Compend.
2714 5590 2856 5644 pag.
2877 5578 3000 5639 433,
3031 5575 3233 5632 Venet.
3264 5579 3295 5630 t‘

1997 5572 2074 5644 (3)
2106 5573 2332 5631 Histor.
2369 5572 2682 5646 Compend.
2714 5572 2856 5647 pag.
2877 5578 3000 5639 433,
3031 5575 3233 5632 Venet.
3264 5578 3415 5630 1729.
