3992 6182
399 248 468 316 ,ῃ
608 252 623 263 ·
1666 235 1732 299 IN
1774 236 2269 299 AMPHILOCHIA‘
2306 232 2543 297 PHoTIt
3752 245 3821 301 28

399 379 754 448 Catholicas,
786 372 834 434 si
873 380 1084 433 caetera
1122 365 1392 446 ejusdem
1431 370 1693 428 auctoris
1730 368 1949 440 scripta
1988 366 2049 421 in
2083 365 2129 418 A
2162 366 2495 439 scriptores,
2531 383 2602 424 ac
2629 367 2871 425 Photius
2900 360 3043 441 ipse,
3079 366 3286 427 auctor
3316 364 3538 443 alioqui
3563 369 3823 428 disertis-

397 471 601 534 lucem,
640 470 1070 539 aspectumque
1115 465 1530 535 producerent,
1560 458 1923 516 novissimus
1954 455 2049 512 ille

399 558 777 618 delirantium
822 554 1227 611 Graeculorum
1267 552 1514 609 malleus
1544 550 1661 605 Leo
1691 546 1937 604 Allatius
1966 544 2052 602 di-

402 648 723 707 sertissime
748 644 951 702 docuit
972 644 1070 715 (4),

474 736 693 794 Deinde
728 734 1150 809 praeclarorum
1198 728 1602 804 quorumdam
1653 727 1913 783 virorum
1953 739 2048 779 me

400 826 737 900 exemplum
786 822 1196 879 conﬁrmavit:
1255 836 1394 876 cum
1448 818 1607 874 enim
1658 830 1766 887 per
1818 812 2047 870 Franci-

401 933 571 974 scum
621 912 1047 971 Combeﬁsium
1107 912 1207 982 (ὃ),
1274 908 1638 965 Bernardum
1688 903 2053 960 Montiaucm

402 1007 570 1063 nium
602 1006 700 1076 (6),
734 1008 791 1059 et
821 1000 1271 1072 Cristophorum
1300 997 1587 1055 Wolﬁum
1620 996 1696 1065 (7)
1730 991 2050 1049 nonnullas

404 1095 621 1168 pariter
638 1090 1171 1160 Amphilochianas
1195 1086 1555 1155 Quwstiones
1577 1087 1635 1140 iu
1662 1095 2049 1140 communem

402 1200 577 1240 usum
603 1182 804 1237 Graece
829 1185 885 1236 et
910 1181 1111 1234 Latine
1144 1177 1411 1250 prolatas
1431 1175 1744 1230 vidissem:
1776 1188 1847 1229 ac
1878 1170 2053 1243 plura

401 1274 767 1345 reliquarum
807 1268 1223 1340 ἀποσπασμάτια
1261 1282 1297 1322 a
1334 1280 1525 1336 nuper
1560 1263 1805 1319 laudato
1841 1260 2054 1317 Allatio

402 1363 505 1434 (8),
549 1366 603 1417 et
638 1376 674 1417 a
718 1358 1024 1416 Francisco
1070 1356 1356 1413 Turriano
1396 1354 1476 1425 (9)
1521 1354 1580 1408 in
1625 1351 1823 1407 medio
1862 1350 2055 1421 posita

400 1467 525 1509 non
556 1452 967 1521 ignorassem;
1013 1460 1337 1516 eorumque
1366 1443 1625 1500 editores
1656 1442 1837 1505 bona,
1870 1445 1935 1495 ut
1974 1439 2056 1495 ita

402 1542 619 1605 dicam,
657 1536 850 1611 gratia
884 1537 963 1593 ab
985 1535 1314 1592 litterarum
1344 1549 1464 1604 rep.
1495 1528 2056 1588 animadvertissem

402 1633 716 1701 exceptos:
762 1641 872 1698 par
908 1638 1273 1696 aequumque
1314 1621 1454 1677 duxi
1493 1621 1572 1676 ad
1612 1618 1889 1674 eamdem
1927 1632 2058 1689 gra-

2162 455 2372 522 simus,
2416 472 2453 514 a
2488 458 2687 529 prisca
2728 457 3070 531 Ἀττιχισμοῦ
3111 458 3408 530 elegantia
3444 459 3819 529 desciverint,

2160 550 2216 600 et
2244 552 2471 617 quanta
2496 546 2755 619 denique
2769 546 3130 605 obscuritate
3154 565 3228 604 ex
3248 548 3462 605 eodem
3484 549 3820 624 scriptionis

2161 633 2301 690 vitio
2334 650 2639 692 sermones
2664 636 2994 708 praesertim
3024 633 3402 691 διδασκαλικοὶ
3423 637 3821 697 obvolvantur

2160 722 2351 780 Verba.
2396 725 2556 781 enim
2594 728 2831 797 τεχνικὰ,
2875 731 2931 783 et
2981 726 3227 799 quidem
3281 727 3639 799 σχολαστικὰ,
3678 743 3816 802 quas

2160 816 2299 869 tunc
2350 814 2630 886 temporis
2680 815 3174 887 percrebuerant;
3226 818 3819 889 argumentationum

2159 901 2721 976 cavillationumque
2753 904 3127 975 subtilitates,
3159 905 3383 977 quibus
3415 906 3633 979 ingenii
3675 922 3818 965 acu-

2162 1006 2299 1047 men
2358 1007 2485 1049 sese
2531 993 2837 1064 jactabat;
2897 1010 2967 1051 ac
3012 994 3397 1067 periodorum
3448 996 3818 1069 μεγαλοκώλων

2158 1080 2465 1153 implicata
2512 1080 2843 1154 prolixitas,
2886 1083 2947 1138 in
2987 1099 3112 1155 qua
3148 1084 3481 1156 precipuus
3534 1086 3820 1143 orationis

2159 1170 2349 1226 cultus
2371 1171 2866 1239 constituebatur,
2898 1177 3037 1229 sunt
3065 1172 3349 1246 quaedam
3373 1172 3550 1232 veluti
3574 1175 3823 1247 impedi-

2162 1263 2379 1325 menta,
2420 1274 2550 1331 quae
2593 1260 2797 1317 lectori
2840 1260 2919 1318 ad
2963 1277 3206 1318 sensum
3276 1266 3432 1319 recte
3486 1264 3814 1322 tenendum

2162 1348 2483 1405 identidem
2510 1348 2897 1421 objiciuntur.
2932 1352 3056 1417 Quo
3087 1350 3314 1408 factum
3341 1356 3431 1409 est
3452 1357 3516 1409 ut
3535 1352 3611 1409 ad
3635 1368 3820 1411 unum

2163 1452 2375 1493 omnes
2413 1437 2664 1494 istorum
2705 1439 3051 1495 Graecorum
3089 1441 3462 1512 interpretes,
3496 1440 3643 1498 dum
3674 1457 3822 1515 prte-

2163 1525 2381 1591 tantur,
2423 1526 2651 1584 bonam
2682 1543 2719 1584 a
2742 1527 3064 1585 lectoribus
3104 1534 3422 1601 precentur
3459 1530 3723 1595 veniam,
3757 1534 3819 1589 ut

2164 1614 2277 1670 sibi
2308 1619 2674 1690 παροράματα,
2708 1616 2770 1674 in
2803 1633 2939 1690 quas
2970 1633 3079 1690 pro
3112 1618 3529 1676 vertendorum
3568 1635 3818 1693 operum

403 1720 536 1776 tiam
556 1707 2053 1782 ineundam,viribuslicetimparibus,contendere.
2090 1725 2133 1780 Β
2165 1703 2509 1761 difﬁcultate
2546 1705 2884 1773 inciderint,
2925 1705 3176 1765 libenter
3219 1708 3549 1779 ignoscant.
3581 1709 3821 1766 Accedit

402 1808 667 1865 Profecto
690 1806 800 1862 hac
825 1805 885 1860 in
906 1819 969 1858 re
996 1801 1140 1858 illud
1162 1816 1273 1871 ego
1294 1799 1611 1857 consilium
1639 1801 1878 1853 secutus
1898 1811 2056 1860 sum,

402 1897 566 1971 quod
605 1893 844 1969 plurimi
874 1893 1000 1964 jam
1036 1890 1266 1963 pridem
1296 1889 1613 1961 scriptores
1644 1891 2056 1957 susceperant;

404 1991 468 2043 ut
496 1986 911 2057 scilicetquam
944 1981 1345 2038 celebritatem
1364 1978 1607 2035 libellus
1640 1992 1809 2032 meus
1838 1991 1911 2031 ex
1947 1974 2061 2031 edi-

404 2077 548 2134 toris
584 2075 793 2131 merito
836 2088 959 2128 non
1000 2075 1200 2144 posset
1238 2068 1367 2143 sibi,
1392 2067 1717 2130 vindicare,
1757 2066 1915 2123 hanc
1954 2079 2062 2137 per

404 2166 598 2223 Photii
630 2178 853 2220 nomen
881 2160 1190 2233 acquirere
1221 2158 1536 2214 videretur.

474 2254 780 2310 Postremo
811 2249 872 2305 id
898 2247 1165 2317 accessit,
1201 2262 1261 2317 in
1282 2262 1425 2318 quo,
1460 2244 1693 2301 tametsi
1721 2242 1889 2299 multi
1922 2257 2059 2314 pue-

403 2343 569 2401 rilem
611 2341 937 2413 quamdam
974 2338 1225 2394 sentient
1260 2335 1592 2404 levitatem,-
1624 2338 1682 2390 tu
1714 2338 1936 2397 tamen,
1978 2332 2061 2388 le-

403 2438 528 2489 ctor
539 2429 988 2493 humanissime,
1008 2428 1112 2499 qui
1129 2425 1439 2481 hominum
1465 2429 1726 2479 mentem
1742 2421 2056 2478 levissimis

402 2520 704 2578 interdum
728 2516 1063 2574 rationibus
1095 2514 1337 2578 moveri,
1372 2529 1441 2570 ac
1473 2512 1696 2568 versari
1726 2526 1848 2567 non
1879 2510 2057 2566 dubi-

403 2616 518 2677 tas,
535 2612 767 2666 tantum
784 2606 983 2678 utique
996 2602 1279 2675 ponderis
1293 2617 1606 2673 agnosces,
1621 2604 1916 2671 quantum
1935 2599 2058 2655 ani-

402 2713 503 2754 mo
534 2694 809 2753 titubanti
841 2694 919 2749 ad
949 2691 1390 2748 decernendum
1422 2689 1562 2745 satis
1591 2704 1722 2744 esse
1754 2702 2057 2759 perspexe-

400 2788 507 2844 ris.
551 2784 716 2841 Nosti
746 2782 1028 2839 nimirum
1061 2780 1136 2836 ad
1168 2778 1520 2852 praeclarum
1559 2777 1708 2834 illud
1751 2777 1933 2834 Photii
1971 2783 2056 2830 Φι-

400 2875 721 2948 λοτέχνημα,
772 2871 935 2945 quod
983 2868 1351 2945 Μυριόϐιϐλον,
1404 2884 1511 2923 seu
1550 2867 1921 2923 Bibliotheca
1971 2866 2056 2921 in-

401 2964 693 3028 scribitur,
728 2960 1256 3033 interpretandum,
1287 2962 1423 3031 post
1454 2959 1716 3013 Graecam
1743 2954 2055 3011 Hmschelii

401 3055 723 3112 editionem
771 3052 1023 3108 alterum
1067 3048 1335 3104 Scottum
1375 3045 1610 3143 optimis
1649 3044 1932 3116 auspiciis
1972 3045 2056 3099 in-
2082 3082 2131 3143 Ο

399 3142 680 3199 cubuisse
711 3140 825 3212 (10)
863 3155 874 3194 :
908 3154 1017 3194 nec
1045 3142 1099 3192 te
1132 3136 1297 3201 fallit,
1329 3151 1515 3207 quam
1545 3134 1699 3190 bene
1730 3149 1799 3188 ea
1831 3137 2055 3205 tempe-

402 3236 548 3288 state
585 3231 647 3286 in
686 3234 931 3282 ΦΩΤΙΟΥ
969 3242 1037 3282 ac
1076 3232 1379 3279 ΣΚΟΤΤΟΥ
1425 3223 1774 3280 nominibus
1810 3221 2059 3278 luserint

399 3320 611 3377 eruditi
636 3320 767 3390 (11).
799 3319 946 3371 Cum
974 3316 1175 3387 itaque
1201 3315 1322 3369 haec
1347 3329 1459 3384 ego
1481 3329 1722 3385 quoque
1748 3320 2058 3385 perspecta

399 3410 704 3477 haberem,
736 3407 793 3463 in
824 3406 1089 3463 eamdem
1121 3420 1366 3460 arenam
1399 3402 1545 3458 mihi
1577 3402 2055 3457 descendendum

398 3492 639 3567 putavi;
682 3498 736 3548 et
775 3496 928 3547 certe
967 3489 1276 3543 universas
1316 3487 1656 3558 hujusmodi
1697 3486 1988 3542 Diatribas
2026 3501 2057 3540 e

399 3583 680 3639 Vaticano
719 3579 921 3637 codice
961 3577 1283 3649 exscriptas
1316 3574 1473 3632 facili
1510 3575 1747 3645 negotio
1777 3574 2058 3631 obtinuis-

402 3688 551 3740 sem,
598 3670 1111 3744 prodidissemque
1160 3667 1221 3721 in
1271 3665 1487 3731 lucem,
1539 3665 1650 3719 nisi
1699 3663 1854 3720 votis
1907 3663 2057 3719 meis

400 3761 592 3817 multa
620 3765 677 3815 et
702 3758 905 3829 gravia
930 3756 1297 3813 obstitissent
1327 3752 1778 3826 impedimenta.

471 3852 569 3906 Has
592 3854 795 3906 autem
815 3847 1202 3920 quaestiones,
1238 3850 1302 3901 ut
1330 3845 1391 3901 in
1417 3844 1692 3899 Latinum
1716 3857 2055 3899 sermonem

398 3939 881 4006 transferrentur,
922 3940 1218 4009 quantum
1251 3934 1558 3992 habuerint
1592 3932 1955 4004 difﬁcultatis
1984 3947 2055 3989 ac

396 4028 645 4092 laboris,
678 4026 763 4083 illi
793 4026 996 4098 utique
1026 4024 1403 4097 perspicient,
1436 4024 1538 4096 qui
1573 4024 1737 4094 ipsas
1769 4038 1892 4078 non
1920 4036 2055 4093 rap-

398 4120 524 4185 tim,
550 4116 655 4173 sed
676 4120 893 4173 attente
915 4115 1145 4184 legent;
1169 4128 1279 4170 nec
1299 4112 1514 4184 quales
1534 4117 1669 4184 post
1689 4115 1950 4185 apertam
1974 4108 2054 4167 ad

398 4223 646 4265 sensum
666 4205 829 4264 viam
849 4204 1179 4269 videantur,
1204 4203 1308 4259 sed
1334 4202 1536 4274 quales
1556 4199 1789 4267 fuerint,
1813 4201 1961 4256 dum
1981 4215 2054 4257 ea

397 4294 798 4367 delitescebat,
832 4293 1148 4364 diligenter
1172 4290 1535 4364 expendant.
1557 4290 1942 4362 Compertum
1966 4294 2055 4346 est

397 4388 558 4444 enim
597 4385 691 4442 vel
727 4384 872 4458 ipsis
911 4380 1389 4448 adolescentulis,
1430 4379 1532 4453 qui
1568 4379 1803 4437 Graecas
1830 4378 2053 4435 litteras

399 4476 499 4532 vix
516 4492 553 4533 a
583 4475 788 4532 limine
810 4472 1167 4537 salutarunt,
1194 4475 1490 4543 quantum
1516 4468 1599 4527 ad
1617 4467 2052 4540 manuscripto-

398 4581 555 4629 rum,
588 4581 723 4636 quae
761 4563 1028 4620 nondum
1061 4562 1258 4618 lucem
1296 4564 1667 4633 aspexerunt,
1709 4562 1935 4617 rectam
1970 4557 2053 4615 le-

399 4654 656 4710 ctionem
671 4651 1042 4709 statuendam
1062 4650 1428 4709 insudemus:
1446 4654 1735 4722 quantum
1749 4647 1928 4705 medii
1941 4648 2053 4704 aevi

473 4883 547 4957 (4)
589 4883 664 4940 De
702 4878 981 4957 Ecclesia
1020 4878 1218 4936 Occid.
1262 4886 1313 4935 et
1356 4879 1581 4936 Orient.
1624 4877 1995 4936 consensione
2032 4879 2051 4937 l

399 4971 549 5099 "’(ii')
577 4960 651 5083 ii;
665 4953 1341 5099 F:1.iizlziiolii'lochii,_Arideas
1363 5021 1668 5099 Cretensis,
1697 5028 1751 5079 et
1775 5022 2053 5099 ﬂetbodii

400 5093 574 5168 Oper.
642 5093 1017 5169 Responsum
1063 5095 1135 5169 ‘37
1178 5093 1302 5169 fu_it_
1328 5094 1748 5169 editumupag.
1784 5168 1788 5169 ν
1818 5095 2052 5169 226,__et

398 5163 778 5243 Responsum
802 5168 920 5232 125,
946 5166 1009 5223 in
1034 5165 1264 5222 Asterio
1288 5163 1349 5220 in
1370 5164 1529 5222 calce
1549 5163 1908 5222 VJAuctarii
1929 5166 2047 5223 No-

400 5242 946 5385 vuggtlnlbatalogo
978 5307 1337 5385 bibliothecae
1368 5305 1732 5385 Coisliniam
1759 5308 2049 5385 habentur

396 5379 633 5457 quator,
682 5379 1367 5457 hujusmodi_responsa
1413 5379 1726 5449 diligenter
1773 5379 1950 5447 edita,
1992 5384 2049 5437 et

399 5451 598 5534 Latins
626 5451 806 5534 verse.
834 5451 1104 5534 Pas:.3z’*6
1132 5451 1381 5534 φθερεῖ·
1536 5521 1549 5534 .

468 5528 549 5599 ('1)
572 5529 633 5582 ln
666 5527 833 5581 Curis
858 5525 1240 5599 philoloyicis
1270 5530 1324 5579 et
1354 5525 1597 5599 criticis,
1622 5525 1768 5599 tom.
1813 5525 2044 5599 V,_pag.

468 5540 549 5599 (Ἰ)
572 5540 633 5582 ιιι
666 5540 833 5581 uurzs
858 5540 1240 5652 gmmwgms
1270 5540 1324 5579 et
1354 5540 1597 5591 criticis,
1622 5540 1768 5578 tom.
1822 5540 1875 5587 ν,
1910 5540 2044 5595 pag.

398 5601 495 5655 551
530 5605 586 5656 et
617 5613 790 5671 seqq.
815 5612 853 5651 n
901 5596 1089 5671 isunt
1113 5609 1404 5667 responsa
1432 5595 1553 5661 123,
1587 5594 1695 5650 sed
1720 5597 1950 5659 nostris,
1986 5601 2049 5652 ut

396 5668 755 5744 plurimum,
779 5668 1071 5726 breviora.

2166 1794 2331 1865 quod
2361 1794 2601 1851 Photius
2631 1795 2691 1852 in
2716 1796 2986 1867 epistola,
3017 1812 3206 1869 quam
3234 1812 3373 1854 cum
3403 1797 3566 1856 hisce
3594 1799 3817 1856 Disser-

2169 1883 2497 1941 tationibus
2528 1884 2605 1939 ad
2642 1884 3127 1957 Amphilochium
3164 1886 3362 1952 mittit,
3401 1887 3531 1960 ipse
3567 1887 3817 1959 ingenue

2167 1970 2382 2029 fatetur
2421 1989 2482 2028 se
2520 1988 2641 2028 non
2679 1974 3052 2031 elaboratam
3104 1975 3476 2042 locutionem,
3520 1978 3621 2035 sed
3655 1978 3819 2036 obvia

2169 2075 2419 2132 quisque
2488 2062 2767 2119 vocabula
2824 2063 3173 2120 adhibuisse
3232 2064 3346 2137 (l2)
3376 2084 3398 2123 :
3432 2052 3495 2122 ut
3551 2067 3820 2125 fortassis

2168 2151 2386 2207 innuat
2416 2157 2767 2208 accuratam
2803 2168 2867 2207 se
2899 2152 3231 2223 neglexisse
3259 2154 3605 2225 dictionem,
3645 2162 3827 2231 atque

2168 2240 2323 2296 adeo
2360 2240 2683 2298 lectoribus
2717 2241 2851 2314 plus
2890 2242 3115 2301 laboris
3144 2244 3450 2318 reliquisse
3478 2247 3827 2320 impenden-

2167 2331 2336 2388 dum.

2239 2422 2378 2486 Quae
2414 2437 2552 2477 cum
2602 2422 2684 2479 ita
2729 2439 2792 2480 se
2843 2424 3127 2494 habeant,
3176 2426 3483 2483 nonnullis
3536 2427 3706 2495 locis,
3762 2432 3826 2485 ut

2166 2509 2327 2565 Fabii
2374 2510 2570 2567 verbis
2621 2517 2771 2580 utar,
2815 2524 3256 2588 περιφραστικῶς,
3298 2532 3400 2573 seu
3434 2517 3714 2587 pluribus
3761 2518 3825 2574 id

2166 2598 2377 2664 verbis,
2406 2600 2565 2670 quod
2590 2616 2705 2658 uno
2729 2603 2821 2659 vel
2844 2604 3224 2672 paucioribus
3246 2605 3370 2661 diei
3386 2608 3696 2676 potuisset,
3723 2623 3823 2665 eo:-

2160 2689 2499 2758 plicandum
2541 2691 2756 2748 curavi
2786 2692 2917 2763 (13).
2950 2695 3153 2766 Neque
3184 2694 3434 2766 hujusce
3464 2712 3561 2753 me
3588 2698 3820 2754 consilii

2164 2778 2410 2850 poenitet
2440 2796 2454 2845 ;
2489 2795 2625 2836 sum
2653 2781 2815 2837 enim
2846 2780 3018 2838 Tullii
3051 2786 3393 2856 exemplum
3424 2791 3681 2851 secutus,
3716 2787 3823 2860 qui

2162 2883 2266 2923 nec
2297 2874 2508 2933 tamen,
2542 2869 2753 2941 inquit,
2787 2871 3048 2941 exprimi
3076 2873 3317 2930 verbum
3344 2890 3374 2931 e
3405 2876 3573 2932 verba
3598 2892 3823 2934 necesse

2162 2959 2291 3024 erit,
2316 2966 2378 3013 ut
2399 2962 2747 3028 interpretes
2768 2961 3043 3018 indiserti
3061 2964 3243 3019 solent
3270 2980 3434 3033 ,-cum
3458 2968 3535 3021 sit
3560 2968 3819 3034 verbum,

2161 3048 2321 3119 quod
2349 3047 2497 3103 idem
2528 3049 2786 3106 declaret
2812 3050 2999 3121 magis
3019 3052 3284 3109 minusve
3298 3054 3605 3111 usitatum.
3635 3056 3825 3128 Equi-

2162 3136 2293 3191 dem
2323 3137 2474 3193 soleo
2501 3137 2690 3203 etiam,
2714 3139 2869 3209 quod
2894 3156 3013 3196 uno
3038 3140 3253 3207 Graeci,
3276 3144 3331 3198 si
3352 3145 3526 3201 aliter
3552 3160 3667 3201 non
3682 3160 3829 3215 pos-

2162 3240 2311 3295 sum,
2328 3226 2482 3282 idem
2493 3226 2776 3295 plurimis
2796 3228 2987 3285 verbis
3008 3232 3453 3304 exponerent).
3473 3234 3675 3306 Itaque
3693 3249 3827 3292 ver-

2166 3315 2394 3370 sionem
2433 3316 2569 3366 κατά
2605 3314 2756 3386 λέξιν,
2806 3321 3002 3389 utpote
3050 3317 3251 3375 minus
3294 3326 3694 3393 opportunam
3735 3322 3827 3379 in-

2166 3403 2399 3459 terdum
2428 3404 2619 3474 rejeci,
2660 3410 2787 3460 tum
2826 3406 2971 3478 quia
3003 3407 3355 3465 Grmcanicas
3397 3410 3619 3481 linguae
3656 3411 3825 3484 inge-

2164 3492 2333 3547 nium
2362 3508 2399 3548 a
2430 3492 2629 3548 Latiali
2663 3493 2985 3551 abhorrere
3014 3497 3340 3564 videbatur,
3375 3503 3501 3556 tum
3522 3502 3665 3573 quia
3689 3516 3829 3573 per-

2165 3579 2463 3651 spicuitati
2493 3581 2707 3637 melius
2738 3583 3065 3650 consulere,
3098 3601 3169 3642 ac
3197 3587 3461 3645 molestis
3498 3589 3825 3647 verborum

2164 3669 2525 3739 ambagibus
2561 3670 2840 3729 lectorem
2864 3689 2986 3730 non
3014 3679 3288 3747 torquere
3313 3677 3459 3733 mihi
3492 3693 3827 3752 proposue-

2162 3774 2314 3815 ram.
2335 3760 2498 3816 Hanc
2518 3759 2699 3818 etiam
2715 3760 2795 3818 ob
2811 3777 3060 3819 causam
3072 3778 3514 3838 nonnunquam
3532 3768 3596 3824 in
3614 3768 3827 3826 verbo-

2161 3864 2287 3904 rum
2313 3848 2562 3917 delectu,
2592 3856 2650 3907 et
2678 3850 3088 3919 collocatione,
3119 3859 3184 3911 ut
3207 3855 3544 3927 planiorem
3571 3856 3826 3930 legenti-

2160 3935 2276 3994 bus
2332 3953 2577 3996 sensum
2631 3955 3014 4013 exponerem,
3075 3943 3154 4000 ab
3216 3944 3564 4018 incorrupta
3628 3947 3826 4005 Latini

2163 4027 2457 4084 sermonis
2476 4027 2810 4099 integritate
2828 4030 3102 4089 consulto
3126 4033 3348 4090 recessi
3377 4048 3392 4090 :
3413 4033 3720 4107 siquidem
3738 4036 3824 4094 ab

2159 4114 2511 4187 hujusmodi
2558 4117 2843 4189 operibus
2884 4134 3009 4177 non
3056 4120 3412 4180 elocutionis
3460 4123 3658 4189 ﬂores,
3713 4125 3828 4182 sed

2159 4205 2477 4263 veritatum
2518 4205 2749 4264 fructus
2794 4213 3111 4281 expectant
3155 4211 3393 4271 eruditi.
3436 4216 3503 4271 Et
3539 4214 3828 4271 nimirum

2161 4292 2434 4351 Clemens
2473 4293 2913 4354 Alexandrinus
2960 4303 3163 4371 aperte
3210 4300 3597 4373 proﬁtebatur
3644 4318 3711 4360 se
3759 4304 3826 4360 in

2160 4382 2479 4440 scribendo
2557 4384 2919 4456 elegantiam
2989 4392 3123 4460 μήτε
3195 4389 3609 4464 μεμελετηκέναι,
3684 4398 3829 4465 μήτε

2161 4469 2624 4533 immanium..."
2702 4480 2824 4539 τοὺς
2897 4479 2997 4551 γὰρ
3077 4486 3178 4532 τῶν
3263 4479 3439 4543 λήξεων
3510 4480 3823 4555 ἓχομένους,

2159 4567 2251 4615 καὶ
2282 4566 2401 4636 πιρὶ
2433 4570 2602 4618 ταῦτα
2653 4562 3076 4639 ἀσχολουμένους
3121 4564 3501 4644 διαδιδράσκει
3542 4572 3611 4623 τὰ
3644 4573 3827 4643 πράγ-

2159 4671 2319 4725 ματα,
2364 4667 2550 4725 neque
2586 4654 2902 4723 affectasse,
2930 4670 3034 4713 nec
3058 4657 3248 4728 fuisse
3284 4664 3565 4717 sectatum
3731 4675 3827 4716 eos

2232 4884 2308 4956 (8)
2340 4883 2763 4965 V._Syntagma
2808 4886 2882 4945 de
2949 4887 3409 4962 Engastrimyto,
3460 4905 3594 4965 cap.
3650 4892 3682 4946 2
3732 4893 3830 4951 De

2158 4955 2534 5041 Simeon‘iblus,
2558 4955 2707 5041 pag;
2728 4965 2779 5041 3_.

2228 5028 2309 5107 (9)
2340 5027 2615 5107 gerensio
2652 5031 3066 5107 Epistolarum
3094 5034 3461 5107 pontiﬁcum,
3510 5050 3634 5107 pag
3658 5037 3731 5092 24
3762 5042 3828 5093 et

2336 5100 2419 5157 De
2444 5100 2588 5159 Jure
2618 5103 2944 5160 ordinandi
2984 5100 3286 5162 ministros
3326 5100 3632 5178 Ecclesiae?
3678 5123 3823 5180 pag.

2259 5241 2342 5314 10)
2374 5240 2522 5297 Vide
2549 5243 2869 5302 editionem
2900 5246 3155 5303 Coloniae
3188 5264 3284 5304 an.
3324 5252 3481 5306 1611.

2198 5314 2343 5399 ,(11)
2381 5314 3038 5399 ξᾳωςιῐὶιιεριιεξεεςιὶω,
3080 5335 3149 5376 ac
3168 5321 3612 5399 _Piersen_na3us,
3662 5336 3828 5395 quos

2154 5385 2312 5461 vide,
2344 5386 2459 5461 nisi
2483 5385 2663 5457 piget,
2684 5385 2743 5444 in
2776 5389 3215 5461 Prolegomenis
3240 5391 3320 5448 ad
3348 5385 3828 5449 editioneminoo

2155 5452 2236 5511 do
2266 5452 2594 5515 laudatam.

2228 5527 2341 5601 (t2)
2373 5526 2517 5601 Yide
2542 5528 2823 5601 paginam
2867 5536 2920 5589 3.

2231 5600 2346 5742 ἒηέ
2383 5600 2771 5685 Ιηεῑὶἱηοναε.
2812 5603 2914 5661 ιώ.
2956 5621 3074 5674 vm,
3119 5621 3171 5662 c.
3214 5610 3269 5675 6,
3310 5610 3368 5664 et
3394 5604 3498 5663 lib.
3540 5623 3620 5677 rx,
3660 5624 3717 5664 c.
3757 5610 3820 5665 2.

2256 5670 2321 5723 14
2370 5672 2459 5728 De
2492 5672 2731 5741 ﬁnibus,
2759 5670 2859 5731 lib.
2888 5690 2969 5741 ιιι,
3006 5694 3058 5734 c.
3094 5679 3182 5735 15.

2256 5670 2344 5741 14)
2370 5672 2459 5728 De
2492 5672 2731 5741 ﬁnibus,
2759 5670 2859 5731 lib.
2888 5690 2969 5741 ιιι,
3006 5670 3071 5734 c.
3094 5679 3182 5735 15.
