3992 6182
190 245 244 303 29
1584 228 2139 298 i~~’ROl.EGOMENA.
3494 240 3565 302 30

182 374 318 435 enim,
338 388 432 442 ᾳηι
459 385 496 426 α
527 368 895 430 dictionibus
921 366 1199 443 pendent,
1222 375 1277 427 et
1301 367 1365 426 in
1391 370 1464 426 n's
1490 383 1796 440 occupan-
1830 371 1875 424 A
1907 365 1988 423 ibi
2013 372 2172 432 sunt,
2210 372 2274 425 ut
2297 368 2428 442 ipsa
2457 362 2657 442 capita
2703 373 3145 426 recenseantur.
3172 372 3244 426 At
3273 384 3406 440 ego,
3448 371 3560 427 nisi

181 470 272 524 tur.
298 464 428 530 ipse:
451 476 547 518 res
579 463 878 533 effugiunt
913 465 1026 536 (15)
1068 461 1240 518 Alibii
1278 475 1522 533 quoque
1553 459 1681 532 ipse
1717 459 1794 515 de

175 570 237 610 se,
275 551 428 623 Ἐμοί,
483 552 699 624 inquit,
765 559 1036 629 πρόκειται
1088 551 1396 624 εύγλωττίαν
1451 554 1649 623 μήποτε
1706 553 1796 612 Cn-

173 643 341 705 λούπα,
406 639 690 712 ἀρκεῖσθαι
742 648 880 714 μόνῳ
932 651 1004 714 τῷ
1055 641 1356 703 αινίξασθαι
1404 643 1463 692 τὸ
1524 642 1794 711 νοούμενον

171 733 301 800 ὀποιῳ
343 727 398 782 δε
445 728 667 799 ὀνόματι
731 729 988 791 δηλοῦται
1044 738 1215 795 τοῦτο,
1275 733 1394 802 ὅπερ
1449 738 1794 803 παραστῆσαι

175 819 408 893 βούλομαι,
474 822 631 872 οὐθέν
697 841 788 894 μοι
853 823 1012 894 μεὶει.
1073 819 1225 876 Mihi
1283 819 1641 890 propositum
1711 822 1793 875 est

181 918 228 964 ut
244 909 600 965 elocutionem
619 925 920 981 nunquam
944 911 1244 981 affectans
1269 913 1564 964 contentus
1583 909 1715 973 sim,
1743 907 1795 963 si

185 1002 467 1069 cogitatum,
492 1014 687 1055 meum
707 999 1006 1056 declarem
1026 1017 1040 1064 ;
1061 1015 1321 1072 quanam
1343 1013 1477 1054 vero
1493 997 1646 1053 istud
1660 1013 1794 1054 voce

181 1089 376 1158 aptaret
384 1104 520 1159 ur,q
529 1088 653 1144 uod
660 1104 947 1158 exponere
958 1087 1265 1155 volo,m’hil
1275 1102 1398 1144 mea
1411 1088 1642 1143 interest
1657 1089 1704 1156 (l
1717 1087 1789 1157 6).

173 1176 298 1243 Quod
323 1183 530 1232 autem
554 1177 749 1250 stylus
781 1178 1162 1249 potissimum
1187 1178 1248 1233 in
1274 1176 1551 1232 curandis
1581 1175 1793 1231 versio-

163 1267 298 1322 nibus
323 1266 398 1322 ad
427 1265 797 1337 hujusmodi
839 1267 1108 1337 regulam
1142 1266 1492 1338 dirigendus
1537 1265 1626 1330 sit,
1663 1266 1792 1320 fuse

162 1355 324 1410 docuit
345 1357 406 1410 D.
441 1358 857 1428 Hieronymus
885 1357 1023 1428 (17).

211 1447 312 1500 Nec
352 1445 562 1501 minus
594 1443 850 1503 fortasse
896 1445 1114 1517 profuit
1167 1447 1518 1518 παραθέσεις,
1567 1460 1702 1516 quas
1734 1444 1793 1499 in

156 1535 430 1606 τὰτογράφῳ
483 1534 762 1604 deerant,
817 1550 926 1608 pro
963 1551 1026 1591 re
1067 1541 1209 1592 nata
1261 1535 1631 1598 interserere,
1685 1549 1795 1588 nec

151 1637 252 1679 non
286 1629 336 1679 et
383 1623 579 1679 verba
631 1640 946 1680 sacrarum
999 1625 1370 1688 Litterarum,
1419 1622 1794 1694 aliorumque

1905 456 2098 528 fallor,
2131 459 2190 514 in
2244 458 2596 516 minutiores
2639 462 2839 532 utique
2872 464 3070 531 partes
3117 463 3297 514 totam
3345 460 3563 516 oratio-

1905 562 2044 603 nem
2071 547 2334 604 distribui
2368 565 2380 604 :
2415 566 2599 622 quam
2628 547 3059 604 institutionem
3089 548 3216 618 jam
3252 564 3441 620 usque
3486 549 3560 605 ab

1905 636 2148 692 exordio
2172 643 2538 710 susceptam,
2561 635 3259 693 consentaneumfuitvel
3281 637 3342 692 in
3370 652 3563 708 nuper

1905 731 2237 782 memorato
2267 727 2600 798 fragmento
2641 727 2917 800 persequi
2954 743 2972 793 ;
3005 732 3185 798 atque
3219 726 3370 782 adeo
3393 725 3564 798 quod

1907 829 2026 869 uno
2090 815 2358 871 Vaticani
2403 816 2624 872 codicis
2674 817 2864 888 capite
2925 816 3237 872 cotinetur.
3299 815 3356 871 id
3404 831 3562 888 saepe

1903 902 2142 958 duobus
2172 905 2230 960 in
2263 910 2470 962 nostra
2487 905 2746 962 editione
2768 905 3078 976 explendis
3109 903 3560 961 accomodatur.

1904 992 2156 1049 Scillicet
2186 1011 2538 1066 persuasum
2581 1001 2668 1051 est
2708 994 2855 1050 mihi
2895 1011 3030 1050 eam
3061 994 3426 1066 voluptatem
3457 1009 3564 1066 per

1905 1081 2255 1152 hujusmodi
2306 1084 2557 1156 κεφάλαια
2612 1085 2925 1140 lectoribus
2980 1083 3303 1152 conciliari,
3374 1099 3561 1156 quam

1902 1187 2008 1244 per
2036 1172 2269 1244 lapides
2292 1173 2566 1230 milliaria
2586 1179 2862 1230 notantes
2889 1174 3194 1246 percipere
3222 1173 3416 1230 solent
3434 1172 3561 1230 via-

1903 1266 2062 1316 tores
2092 1261 2229 1332 (l8).

1972 1350 2102 1405 1am
2132 1366 2273 1407 vero
2299 1350 2595 1424 quidquid
2610 1351 2990 1419 Coisliniano,
3019 1350 3385 1418 Taurinensi,
3410 1351 3563 1409 Vati-

1902 1453 2076 1504 cano,
2115 1455 2184 1495 ac
2223 1440 2538 1496 Barberino
2586 1458 2733 1496 mss.
2779 1447 3088 1512 acceptum
3133 1441 3463 1512 referimus,
3500 1441 3561 1497 in

1903 1527 2123 1584 notulis
2143 1545 2251 1584 suo
2276 1528 2408 1584 loco
2431 1529 2711 1600 subjectis
2739 1529 3171 1602 proﬁtebimur.
3195 1533 3266 1585 At
3287 1530 3406 1585 duo
3432 1530 3560 1602 qui-

1903 1616 2039 1672 dem
2069 1617 2269 1690 priora
2285 1617 2626 1673 studuimus
2657 1617 2730 1674 de
2751 1618 2862 1674 illis
2887 1619 3306 1674 tantummodo
3332 1617 3562 1676 dubita-

154 1712 510 1784 scriptorum,
560 1712 686 1768 sive
739 1711 968 1787 ἀκριϐὡς
1018 1713 1142 1768 sive
1194 1721 1628 1787 μεταφραστικῶς
1689 1711 1793 1768 ad-

1922 1705 2168 1762 .ionibus
2198 1706 2530 1775 consulere,
2571 1723 2723 1779 quas
2750 1707 2921 1763 nobis
2952 1707 3130 1780 primi
3157 1707 3560 1780 quaestionum

152 1800 304 1857 ducta
345 1802 618 1868 cursivo,
667 1806 732 1859 ut
771 1802 958 1873 aiunt,
1011 1801 1351 1858 charactere
1410 1802 1744 1858 exscribere
1779 1817 1791 1856 :

151 1890 239 1946 hoc
262 1891 430 1959 enim,
462 1890 641 1963 quod
664 1891 812 1946 mihi
839 1907 960 1947 non
995 1891 1249 1947 multum
1279 1889 1503 1962 negotii
1530 1890 1790 1958 facessit,

147 1977 363 2036 fortasse
399 1980 640 2036 alicubi
685 1979 892 2037 lectori
923 1981 1031 2038 erit
1084 1980 1457 2052 adjumento.
1507 1981 1796 2038 Praeterea

145 2065 237 2124 the
269 2083 330 2124 re
359 2085 494 2125 non
541 2068 690 2124 duxi
715 2069 868 2138 loca,
903 2069 1064 2125 unde
1087 2069 1222 2140 ipsa
1259 2069 1442 2124 verba
1471 2069 1796 2142 desumpta

146 2161 282 2222 sunt,
306 2159 366 2213 in
395 2158 534 2215 ima
559 2157 802 2230 paginae
822 2175 930 2216 ora
957 2158 1222 2215 indicare
1249 2174 1262 2213 :
1293 2174 1364 2214 ac
1388 2159 1648 2230 denique
1678 2175 1798 2215 ver-

147 2246 354 2302 sionem
394 2248 551 2302 LXX
586 2247 895 2304 seniorum
933 2265 967 2302 a
989 2247 1194 2304 Photio
1225 2246 1494 2316 allatam,
1529 2263 1666 2304 cum
1693 2265 1795 2305 no-

145 2341 246 2391 stra
269 2336 556 2407 Vulgata,
579 2352 771 2409 quam
795 2337 918 2402 tibi,
941 2336 1143 2401 lector,
1167 2335 1612 2393 familiariorem
1641 2353 1792 2402 reor,

145 2433 509 2482 commutare
546 2441 560 2480 :
597 2424 806 2496 paucis
837 2429 1067 2482 tantum
1095 2426 1357 2498 exceptis
1388 2425 1554 2492 locis,
1584 2425 1644 2482 in
1667 2428 1797 2498 qui-

143 2512 356 2579 bus,uti
382 2513 810 2579 manebimus,
832 2514 1120 2572 orationis
1140 2517 1454 2571 contextus
1487 2515 1794 2572 adversari

141 2602 466 2662 videbatur.

200 2692 375 2750 Porro
420 2708 539 2764 ego
583 2697 867 2766 punctum
907 2693 1076 2760 illud,
1116 2693 1283 2765 quod
1319 2695 1506 2764 ﬁnale
1551 2699 1790 2762 vocant,

133 2782 350 2852 quoties
362 2782 692 2854 perfectus,
711 2782 1168 2855 completusque
1183 2781 1501 2840 verborum
1527 2783 1790 2839 ambitus

129 2868 409 2928 absolutae
437 2867 694 2946 περιόδου
723 2872 966 2943 signum
992 2870 1351 2943 postulabat,
1385 2887 1519 2927 meo
1545 2872 1679 2942 jure
1704 2873 1789 2927 in-

131 2959 314 3028 terjeci
346 2976 360 3026 ;
395 2959 570 3032 quod
601 2959 845 3032 quidem
887 2975 1010 3016 non
1055 2959 1237 3016 semel
1279 2959 1581 3028 agendum
1645 2961 1785 3018 mihi

1906 1811 2116 1851 versus
2147 1795 2466 1851 attulerunt
2494 1813 2512 1863 ;
2546 1813 2684 1852 cum
2733 1797 2846 1853 hos
2889 1797 3186 1854 duntaxat
3225 1796 3562 1854 Bernardus

1906 1884 2379 1941 Montlauconius
2411 1886 2546 1958 (19),
2575 1901 2645 1944 ac
2669 1887 2957 1960 Jssephus
2985 1887 3263 1944 Pasinius
3292 1887 3403 1960 (20)
3436 1887 3558 1942 edi-

1906 1973 2099 2030 derint
2129 1991 2140 2030 :
2176 1976 2505 2047 posteriora
2533 1981 2734 2032 autem
2765 1977 2826 2032 in
2857 1977 3076 2033 caeteris
3110 1975 3562 2033 difﬁcultatibus

1905 2065 2121 2120 mirum
2149 2071 2443 2136 quantum
2469 2081 2580 2122 nos
2600 2066 2915 2137 juverunt;
2951 2066 3252 2139 siquidem
3276 2066 3384 2122 viri
3414 2082 3563 2139 prte-

1907 2151 2223 2208 clarissimi
2268 2169 2456 2224 teque,
2489 2159 2668 2225 atque
2697 2153 3117 2210 humanissimi
3157 2154 3559 2226 Hieronymus

1905 2241 2177 2298 Amatius
2199 2245 2494 2298 Vaticanus
2518 2242 2892 2298 bibliothecis
2907 2243 3174 2314 scriptor,
3190 2247 3248 2297 et
3264 2241 3562 2300 Joachim-

1906 2347 2041 2386 mus
2075 2331 2176 2387 l’la
2206 2331 2538 2387 Barberinae
2565 2330 2870 2402 praefectus
2899 2347 2990 2397 ea,
3023 2346 3154 2402 quae
3179 2329 3560 2414 adiectionis

1905 2420 2401 2490 emendationem,
2433 2426 2536 2476 aut
2569 2421 3073 2491 complementum
3105 2421 3130 2471 ὁ
3172 2421 3305 2472 πάνυ
3338 2419 3562 2476 Andre-

1905 2508 2031 2564 sius
2059 2507 2489 2581 postulaverat,
2550 2525 2687 2564 cum
2748 2525 2818 2565 eo
2882 2524 3126 2565 summa
3190 2508 3560 2580 benignitate

1903 2599 2445 2655 communicarunt.
2508 2601 2798 2655 Craterum
2860 2598 2961 2655 ubi
3015 2598 3246 2672 σφάλμα,
3315 2599 3561 2672 ejusque

1903 2683 2178 2762 διόρθωμα
2207 2687 2360 2744 facili
2410 2689 2650 2759 negotio
2679 2689 2986 2760 patebant,
3019 2694 3120 2745 aut
3151 2689 3231 2746 ad
3281 2688 3561 2747 lacunam

1901 2778 2262 2849 explendam
2293 2794 2509 2834 sensus
2540 2794 2635 2834 me
2660 2783 2817 2834 recte
2859 2779 3150 2850 ducebat;
3184 2777 3348 2835 nolui
3395 2779 3558 2836 viros

1893 2866 2053 2924 adeo
2079 2867 2439 2940 conspicuos
2466 2883 2574 2940 pro
2605 2884 2668 2924 re
2697 2869 2866 2940 parvi
2893 2868 3180 2925 momenti
3210 2867 3556 2937 obtundere,

1902 2956 2009 3012 sed
2030 2956 2330 3012 medicam
2357 2957 2486 3027 ipse
2515 2973 2758 3012 manum
2786 2956 2972 3013 codici
3002 2955 3265 3021 admovi,
3290 2962 3470 3028 atque
3498 2956 3561 3012 id

129 3047 248 3113 fuit,
271 3064 410 3105 cum
453 3049 516 3104 in
550 3048 760 3104 codice
791 3053 1019 3113 nostro,
1054 3049 1135 3105 uti
1165 3053 1220 3104 et
1249 3049 1309 3104 in
1359 3051 1586 3104 caeteris
1635 3049 1683 3120 ej
1697 3067 1787 3105 us-
1820 3087 1860 3144 Ο
1899 3045 1974 3101 de
1997 3061 2130 3101 meo
2152 3046 2402 3113 restitui,
2430 3046 2594 3117 quod
2615 3045 2754 3100 etin
2786 3045 3019 3116 paginae
3047 3045 3210 3100 calce
3226 3044 3558 3100 indicatum

125 3135 262 3191 dem
292 3138 497 3204 aetatis,
525 3153 669 3193 rara
700 3137 1034 3192 admodum
1067 3140 1242 3206 signa
1271 3137 1665 3194 distinctionis
1692 3155 1788 3195 oc-

125 3232 377 3282 currant.
395 3227 551 3291 Quin
579 3227 762 3282 etiam
788 3225 1232 3282 dissertationes
1263 3225 1602 3296 singulasin
1634 3243 1788 3300 quae-

127 3315 263 3371 dam
290 3315 473 3371 veluti
504 3315 771 3386 capitula
793 3315 1223 3386 dispescendas
1264 3316 1466 3370 curavi
1498 3332 1511 3382 ;
1557 3321 1682 3373 tum
1715 3335 1788 3374 ne

129 3404 392 3460 diversas
406 3403 603 3459 Photii
624 3403 1210 3474 animadversiones,
1228 3407 1789 3464 commentationes-

127 3507 242 3563 que
268 3493 453 3550 unica
475 3496 721 3564 συνιπεὶᾳ
753 3490 1038 3562 legendas
1069 3508 1469 3565 proponerem
1501 3511 1515 3562 ;
1550 3499 1677 3550 tum
1715 3512 1790 3553 ne

131 3580 436 3654 imperitas
463 3582 613 3654 ipsa,
641 3597 784 3653 quae
819 3581 973 3637 inter
1002 3585 1195 3637 textus
1239 3598 1312 3638 ac
1344 3584 1624 3640 versionis
1664 3601 1789 3656 pro-

125 3669 413 3728 lixitatem
445 3670 804 3743 plerumque
829 3669 1158 3735 intercedit,
1190 3675 1315 3728 tota
1344 3671 1405 3728 in
1436 3673 1790 3732 earumdem

130 3759 621 3817 dissertatioan
659 3759 986 3816 terminum
1028 3759 1386 3831 rejiceretur,
1420 3766 1598 3834 atque
1643 3761 1790 3819 illud

128 3849 332 3906 nescio
357 3848 505 3922 quid
530 3848 828 3906 abnorme
852 3847 1210 3904 intuentium
1242 3849 1449 3906 oculos
1478 3855 1679 3921 posset
1706 3851 1790 3908 of-

128 3937 382 3995 tendere.
422 3941 543 3995 Hos
609 3943 814 3995 autem
888 3933 1295 4010 διαμιρισμούς,
1349 3938 1572 4010 quibus
1631 3945 1793 3996 caret

124 4033 420 4096 nostrum,
448 4043 511 4085 in
541 4027 831 4085 Vaticano
851 4043 987 4094 ms.,
1023 4027 1185 4084 unde
1208 4042 1495 4098 magnam
1521 4029 1792 4101 quaestio-

128 4116 222 4172 nis
242 4117 313 4174 33
338 4123 565 4190 partem
592 4117 982 4183 obtinuimus,
1006 4117 1114 4173 rite
1133 4131 1247 4187 ego
1283 4123 1546 4175 servatos
1566 4121 1787 4192 reperi;

129 4205 258 4262 imo
285 4211 431 4263 note:
453 4207 742 4280 quaedam
768 4205 1090 4262 numericze
1119 4220 1182 4262 in
1224 4205 1494 4276 margine
1537 4206 1789 4278 appictae

1899 3135 2250 3205 conspicias.
2286 3133 2446 3189 Alias
2471 3133 2689 3189 deinde
2716 3136 2890 3190 notas
2919 3133 3196 3204 reperies,
3226 3136 3284 3188 et
3308 3133 3559 3189 fortasse

1898 3240 2021 3280 non
2052 3225 2450 3294 importunas,
2472 3223 2694 3294 quibus
2719 3221 2946 3294 aliquid
2975 3221 3049 3276 de
3081 3221 3370 3280 Photiana
3396 3236 3557 3293 quaa-

1899 3312 2109 3370 stionis
2140 3310 2436 3367 solutione
2462 3311 2774 3376 disseram,
2799 3316 2855 3366 et
2874 3310 3017 3383 quid
3037 3309 3344 3366 catholicas
3373 3310 3559 3367 Eccle-

1897 3403 1996 3460 siae
2018 3399 2256 3474 δόγμασι
2288 3404 2599 3472 repugnet,
2633 3399 2779 3472 quid
2803 3399 3095 3456 adversus
3124 3408 3433 3458 novalores
3455 3416 3560 3457 no-

1898 3492 1985 3549 bis
2016 3492 2306 3564 prodesse
2335 3491 2539 3562 possit,
2571 3489 2716 3561 quid
2749 3489 3009 3561 denique
3049 3486 3342 3562 ὁρθοδόξων
3369 3489 3559 3562 scrip-

1901 3587 2095 3639 torum
2125 3581 2286 3636 scitis
2318 3577 2697 3650 suffragetur,
2729 3594 2820 3645 ea,
2853 3594 2976 3650 qua
3005 3593 3115 3651 par
3142 3579 3252 3636 erit
3273 3578 3558 3636 brevitate

1899 3669 2234 3743 expediam.

1972 3757 2277 3831 Quidquid
2307 3761 2507 3814 autem
2539 3757 2651 3813 hac
2673 3757 2748 3814 de
2774 3773 2835 3814 re
2867 3757 2962 3824 sit,
3004 3777 3032 3808 «
3071 3756 3242 3824 Quod
3264 3756 3402 3822 dixi,
3438 3775 3466 3809 »
3495 3760 3559 3814 ut

1902 3851 1966 3906 D.
2003 3847 2250 3905 Bernadi
2299 3846 2492 3902 verbis
2523 3851 2674 3912 utar,
2713 3867 2741 3899 «
2769 3846 3004 3920 absque
3037 3845 3376 3919 praejudicio
3409 3860 3556 3902 sane

1900 3938 2060 3995 dicta
2109 3937 2228 3992 sint
2281 3935 2488 3991 sanius
2518 3934 2823 4006 sapientis.
2886 3938 3172 3992 Romanae
3227 3935 3556 4007 praesertim

1900 4026 2172 4084 Ecclesiae
2202 4024 2558 4093 auctoritati,
2593 4029 2772 4097 atque
2802 4023 3060 4081 examini
3087 4029 3275 4081 totum
3302 4025 3557 4082 hoc......

1901 4130 2141 4174 reservo
2161 4156 2176 4182 ,
2208 4113 2423 4186 ipsius,
2456 4112 2508 4168 si
2535 4112 2687 4186 quid
2708 4113 2877 4170 aliter
2908 4114 3096 4186 sapio,
3128 4117 3376 4187 paratus
3399 4113 3555 4186 judi-

1901 4206 1994 4263 cio
2019 4203 2342 4262 emendare
2374 4202 2508 4275 (21).
2539 4224 2569 4257 ››

1801 4360 1902 4424 ιν.

475 4491 939 4554 CARDINALIS
982 4491 1269 4553 ANGELI
1310 4493 1447 4554 MAI
1490 4495 1894 4556 PREFATIO
1939 4497 2014 4556 IN
2059 4489 2569 4566 QU/ESTIONES
2611 4488 3308 4568 AMPHILOCHIANAS.

577 4599 844 4662 PHOTII
891 4599 1422 4662 PATRIARCH/E
1465 4589 2010 4673 QUAS-PRIMUS
2055 4601 2314 4662 EDIDIT
2358 4599 2436 4657 IN
2479 4595 2721 4658 IVOL.
2781 4595 3084 4662 SCRIPT.

856 4707 1034 4770 VET.
1087 4707 1298 4769 NOVA
1341 4707 1561 4772 COLL.
1616 4710 1743 4772 VT.

1922 4758 1930 4773 .
1987 4709 2142 4770 1825
2185 4708 2280 4768 ΕΤ
2323 4705 2583 4767 DENUO
2632 4705 2818 4768 1831.

219 4962 263 5017 1.
280 4965 461 5026 Codex
485 4967 610 5027 Val.
641 4967 1177 5042 Amphilochiorum
1192 4966 1404 5027 Photii.
1421 4969 1792 5039 Quaestiones

143 5053 645 5142 Amphilochiante
711 5062 942 5142 tantam
990 5057 1433 5130 propemodum
1480 5059 1543 5115 in
1606 5059 1793 5116 sacris

143 5140 329 5197 Photii
358 5147 603 5220 scriptis,
625 5140 922 5220 quantam
947 5145 1079 5218 ejus
1105 5147 1476 5207 Bibliotheca
1504 5148 1565 5204 in
1597 5147 1796 5221 profa-

366 5306 633 5380 §tromal,
662 5308 764 5364 lib.
793 5325 856 5378 ιι,
885 5322 1028 5380 pag.
1061 5307 1187 5365 263.

233 5371 334 5452 μς)
356 5376 497 5452 tua.
525 5371 629 5452 ub;
664 5395 704 5448 ι,
734 5371 1044 5452 passas.

237 5447 328 5522 (l7;
361 5447 591 5522 Epistol.
625 5455 696 5506 49
725 5447 783 5507 et
822 5447 890 5506 57
921 5449 1001 5506 ad
1031 5451 1507 5509 Pammachium.

242 5466 328 5512 ιιι)
361 5466 397 5500 r.
439 5466 591 5506 ISIOI.
625 5466 696 5506 ea
725 5466 783 5507 et
822 5466 885 5506 δι
921 5466 1001 5506 ad
1031 5466 1507 5509 rammacmum.

242 5466 434 5584 (18)Ιὲ
467 5522 657 5578 cecini
710 5521 966 5578 Rutilius
1012 5524 1408 5580 Numatianus
1449 5524 1656 5580 Iliner.
1691 5523 1793 5579 lib.

176 5596 234 5646 ιι,
248 5596 456 5667 fere]
487 5599 542 5667 et
571 5609 773 5667 seqq?

243 5656 338 5728 (t9)
383 5656 1106 5736 Catalogus’bibliolhecz
1144 5666 1528 5726 Coislinianae
1571 5682 1637 5739 p.
1694 5668 1798 5722 328

1901 4972 2014 5043 nis,
2045 4969 2272 5029 famam
2303 4965 2594 5025 obtinent.
2628 4966 2858 5023 Primus
2891 4967 3046 5023 sacri
3091 4965 3289 5040 operis
3321 4965 3468 5038 (sive
3497 4964 3559 5022 id

1899 5058 2344 5132 Amphilochia,
2378 5057 2500 5112 sive
2526 5055 3060 5126 Amphilochianas
3089 5055 3442 5123 Quaestiones
3469 5055 3561 5111 di-

1903 5163 2034 5206 cere
2048 5146 2253 5218 mavis)
2269 5145 2530 5202 notitiam
2545 5143 2808 5215 vulgavit
2823 5146 2933 5201 Leo
2949 5144 3198 5201 Allatius
3213 5145 3289 5217 (1)
3304 5144 3559 5216 dixitque

1905 5313 1962 5366 et
1988 5323 2151 5380 seqq,

1977 5375 2092 5450 (20]
2113 5375 2431 5450 Catalogus
2459 5375 2819 5433 bibliothecae
2840 5375 3238 5443 Tam‘inensis,
3268 5379 3309 5432 t.
3341 5375 3384 5446 Ι,
3415 5389 3554 5448 pag.

1909 5451 2096 5593 “iiii
2344 5521 2442 5578 ad.
2480 5522 2793 5581 Canonicos
2824 5521 3260 5591 Lugdunenses,
3300 5533 3435 5590 quae
3473 5518 3562 5574 est

1907 5594 2031 5657 174,
2062 5610 2202 5665 pag.
2240 5596 2342 5650 179
2373 5595 2511 5650 edit.
2548 5595 2928 5662 Paris,'i719.

1979 5666 2061 5736 (1)
2091 5667 2176 5722 De
2196 5681 2360 5738 perp.
2392 5681 2551 5722 cons.
2579 5666 2644 5734 ll,
2687 5670 2741 5733 6,
2768 5680 2828 5738 p.
2867 5667 2990 5720 576.
