3992 6182
444 238 507 310 31
1718 248 1785 304 IN
1825 238 2309 305 AMPHILOCHIA
2350 240 2585 304 PHOTIl
3795 242 3873 303 32

445 395 593 453 opus
616 379 845 436 varium
877 384 932 434 et
954 376 1262 450 multiplici
1290 375 1620 432 eruditione
1641 374 1909 447 plenum,
1933 375 2093 431 theo-
2122 376 2168 429 A
2204 391 2341 447 quae
2377 390 2499 431 non
2524 374 2830 431 librarium
2858 375 3240 431 tantummdo
3279 372 3580 429 diversum
3603 374 3868 438 exhibet,

444 468 596 538 logis
622 483 691 523 ac
723 467 1031 539 Scriptura:
1069 465 1483 538 interpretibus
1528 466 1777 521 maxime
1827 479 2092 520 necessa-

442 557 599 612 rium
643 579 655 609 :
698 557 860 628 quod
911 572 1022 626 ego
1074 554 1407 612 doctissimi
1454 554 1647 611 Allatii
1687 554 1761 610 de
1807 553 2092 610 Photiano

444 646 656 718 scripto
704 646 1018 715 judicium,
1071 644 1347 700 neoterici
1405 644 1588 700 critici
1659 642 2094 699 malevolentiae

446 734 619 790 valde
651 735 934 791 antefcro.
969 734 1134 790 Idem
1166 733 1413 789 Allatius
1449 748 1559 789 nos
1598 733 1800 788 docuit
1842 732 1914 788 de
1955 748 2096 804 pra:-

446 825 605 880 claro
622 830 653 880 Α
665 824 1161 893 mphilochiorum
1175 823 1379 879 codice
1395 821 1699 894 Vaticano,
1722 821 1961 879 Urbano
1976 822 2093 877 VIII

446 914 725 985 pontiﬁce
758 914 1021 969 maximo
1046 929 1076 968 e
1109 911 1312 968 Lollini
1343 911 1571 968 Feltrini
1603 910 1865 984 episcopi
1890 909 2096 966 biblio-

446 1003 618 1060 theca
648 1004 710 1058 in
742 1003 1081 1059 Vaticanam
1127 1001 1418 1074 migravit.
1466 1000 1866 1057 Existimabat
1897 1007 2096 1056 autem

446 1092 690 1150 Allatius
723 1092 967 1147 unicum
998 1108 1128 1147 esse
1158 1090 1718 1161 Amphilochz’orum
1753 1090 1910 1144 hunc
1940 1089 2097 1144 codi-

445 1198 594 1247 cem,
628 1182 871 1253 dempto
912 1180 1320 1253 Neapolitano,
1353 1180 1427 1235 de
1453 1196 1576 1251 quo
1628 1195 1769 1235 mox
1804 1179 2094 1245 dicemus,

446 1272 798 1341 fragmento.
834 1272 1039 1326 Postea
1068 1275 1261 1325 tamen
1296 1270 1522 1341 aliquot
1559 1268 1657 1324 alii
1689 1270 2095 1336 innotuerunt,

442 1360 623 1416 veluti
635 1360 1014 1416 Taurinensis
1032 1358 1244 1428 Regius
1258 1360 1317 1415 31
1338 1362 1413 1428 (2)
1433 1378 1445 1425 ;
1463 1357 2093 1431 Coislinianus270.(3);

445 1449 811 1505 Colbertinus
861 1451 963 1503 444
1018 1449 1264 1519 priscus,
1316 1453 1376 1503 ut
1416 1449 1603 1514 aiunt,
1638 1445 1836 1502 saeculi
1877 1463 1959 1513 x1,
1994 1447 2096 1518 qui

444 1553 605 1592 nunc
656 1547 741 1592 est
772 1536 987 1605 Regius
1018 1535 1346 1591 Parisiacus
1394 1540 1521 1589 1577
1570 1535 1696 1605 (fr);
1746 1534 2096 1589 Sevinianus

440 1641 646 1680 recens
675 1625 1031 1691 Parisiacus,
1064 1624 1279 1679 deinde
1310 1629 1365 1679 et
1392 1625 1521 1695 ipse
1560 1624 1771 1693 Regius
1804 1624 1903 1693 (5).
1934 1623 2095 1677 Mitto

441 1713 860 1785 apographum
888 1729 917 1768 e
945 1712 1229 1767 Vaticano
1261 1712 1338 1768 ab
1384 1712 1639 1767 Arcudio
1671 1712 1811 1766 olim
1862 1727 2096 1783 expres-
2132 1728 2171 1782 Β
2204 1715 2509 1769 instruitur
2555 1729 2565 1767 :

444 1818 600 1865 sum,
629 1804 699 1857 de
741 1818 863 1874 quo
912 1801 1158 1857 Allatius
1200 1802 1331 1856 loco
1380 1800 1663 1872 praedicto
1698 1820 1709 1859 :
1748 1800 1915 1857 mitto
1954 1800 2093 1856 item

442 1892 863 1962 apographum
912 1904 949 1945 a
990 1891 1310 1946 Camusato
1365 1896 1637 1945 curatum
1670 1906 1700 1944 e
1735 1889 2093 1945 Coisliniano

442 1996 563 2051 quo
588 1980 837 2036 Wolﬁus
867 1997 1010 2035 usus
1040 1984 1126 2036 est
1155 1980 1232 2051 (6)
1271 1997 1285 2033 :
1320 1980 1486 2035 mitto
1518 1979 1775 2052 denique
1806 1978 2092 2035 Miscellos

441 2069 811 2125 diversarum
836 2069 1327 2126 bibliothecarum
1352 2068 1604 2133 codices,
1632 2068 1691 2124 in
1718 2069 1939 2141 quibus
1953 2084 2092 2140 ope-

440 2158 519 2213 ris
546 2158 847 2230 particula:
897 2159 1125 2231 aliquot
1159 2158 1382 2224 insunt,
1418 2157 1599 2213 veluti
1629 2158 1888 2214 Tilianus
1925 2160 2091 2213 Com-

439 2245 630 2303 befisii
659 2249 731 2318 (7)
763 2247 1115 2312 ;Bavaricus
1156 2263 1191 2302 a
1223 2246 1439 2302 Woltio
1476 2246 1885 2319 Andresioque
1931 2262 2092 2302 com-

438 2341 805 2392 memoratus
845 2338 922 2405 (8)
958 2356 969 2403 ;
1008 2334 1479 2390 Vindobonensis
1525 2337 1592 2390 29
1624 2336 1719 2406 (9),
1758 2334 1815 2390 in
1848 2351 1968 2408 quo
2004 2342 2091 2390 est

440 2424 628 2481 Photii
679 2426 959 2496 synopsis
1008 2424 1442 2494 catcgoriarum
1493 2424 1838 2487 Aristotelis,
1903 2440 2087 2496 quam

438 2512 707 2569 nonnulii
739 2514 913 2584 (quos
940 2512 1090 2567 inter
1119 2512 1386 2579 Cavzeus)
1416 2512 1493 2566 ab
1525 2512 1951 2582 Amphilochiis
1982 2512 2089 2566 im-

440 2602 648 2657 merito
687 2601 1063 2670 distinguunt
1096 2623 1107 2655 :
1142 2600 1395 2670 denique
1417 2604 1471 2655 et
1516 2600 1784 2656 Vaticani
1820 2599 2087 2656 nonnulli

438 2691 675 2748 codices
698 2689 1275 2763 fragmentaaliquot
1295 2688 1831 2756 .tmphilochiorum
1846 2689 2086 2745 fortuito

435 2781 741 2836 continent
788 2780 849 2835 in
887 2777 1156 2836 Miscellis
1198 2794 1209 2831 ε
1248 2777 1321 2833 de
1352 2778 1571 2850 quibus
1625 2778 1909 2835 omnibus
1962 2778 2087 2834 sive

436 2868 775 2941 longinquis
802 2869 923 2924 sive
950 2868 1127 2923 etiam
1172 2867 1451 2923 Romanis
1491 2882 1702 2937 parum
1738 2866 1880 2922 mihi
1921 2865 2085 2922 labo-

435 2958 688 3013 randum
718 2962 829 3022 est,
862 2956 967 3029 qui
1008 2955 1166 3011 nulla
1202 2956 1416 3012 horum
1450 2971 1563 3028 ope
1607 2970 1773 3025 egeo,
1815 2956 2086 3028 quando-

2210 480 2410 520 verum
2459 463 2640 520 etiam
2673 463 2952 535 supinum
2994 463 3300 536 Graecique
3348 462 3639 517 sermonis
3672 477 3870 534 prope

2204 555 2500 625 ignarum.
2533 554 2710 623 Igitur
2736 552 3094 609 exscribenti
3141 552 3285 608 mihi
3317 552 3705 623 quaestionem
3742 553 3873 622 pri-

2206 660 2370 699 mam
2402 642 2985 715 Amphilocbianam,
3039 642 3118 698 ad
3148 646 3345 697 vetera
3383 641 3484 696 illa
3524 640 3867 709 fragmenta

2203 730 2643 803 respiciendum
2704 747 2824 787 non
2854 731 3036 787 semel
3090 731 3198 786 fuit
3229 733 3383 802 (quae
3438 730 3499 784 in
3554 729 3868 785 volumine

2207 825 2555 878 conservata
2579 820 2708 891 jam
2736 819 2903 893 dixi),
2937 825 3002 876 ut
3037 819 3261 876 librarii
3292 818 3430 876 novi
3462 818 3695 874 mendis
3727 833 3875 888 gra-

2206 910 2465 967 vissimis
2480 910 2839 966 medicinam
2852 908 3130 974 facerem,
3157 924 3408 980 meaque
3422 908 3678 964 editione
3702 908 3872 964 hanc

2207 1001 2405 1057 labem
2443 1000 2836 1056 excluderem.
2881 999 3080 1056 Codex
3119 1013 3260 1069 ergo
3286 997 3598 1054 Vaticanus
3647 996 3870 1068 plenis-

2208 1091 2396 1146 simus
2434 1088 2802 1157 Quaestiones
2857 1087 3382 1161 Amphilochianas
3436 1088 3536 1143 313
3594 1087 3869 1143 continet

2210 1181 2350 1235 Exin
2381 1180 2440 1235 in
2467 1179 2673 1235 codice
2699 1183 3032 1251 sequuntur
3062 1178 3177 1233 alia
3208 1176 3604 1247 PhotiiOpera
3639 1194 3652 1243 ;
3686 1176 3868 1233 nimi-

2207 1286 2340 1325 rum
2378 1270 2459 1341 1.)
2489 1268 2750 1324 lueditus
2775 1272 2829 1323 et
2850 1267 3217 1324 acatholicus
3247 1266 3321 1321 de
3348 1266 3588 1338 spiritus
3613 1265 3802 1321 sancti
3830 1282 3871 1320 a

2210 1359 2334 1414 solo
2366 1360 2531 1414 Patre
2566 1357 2945 1429 processione
2985 1357 3153 1421 liber,
3183 1355 3255 1410 de
3280 1370 3399 1427 quo
3445 1370 3556 1410 nos
3588 1353 3745 1409 infra
3778 1354 3872 1410 lo-

2207 1463 2480 1519 quemur.
2513 1448 2592 1515 2.)
2619 1445 2780 1501 Alius
2819 1444 2893 1500 de
2924 1445 3136 1501 eodem
3181 1447 3538 1512 argumento
3569 1442 3758 1498 Photii
3788 1442 3868 1497 li-

2207 1536 2415 1602 bellus,
2453 1551 2667 1607 nempe
2698 1535 2829 1606 ipsa
2861 1533 3127 1591 secunda
3150 1533 3421 1606 epistola,
3450 1548 3585 1602 quae
3613 1531 3671 1586 in
3701 1534 3869 1587 Mou-

2206 1626 2407 1680 tacutii
2456 1624 2712 1680 editione
2759 1623 3030 1686 occurrit,
3082 1622 3177 1678 hic
3234 1626 3435 1678 autem
3488 1636 3638 1676 novo
3688 1620 3865 1675 titulo

2637 1713 2815 1783 Ἑτέρα
2894 1709 3107 1773 ἕκΪοσις
3157 1715 3275 1785 περὶ
3341 1719 3429 1762 τοῦ
3492 1709 3644 1780 ἁγίου
3699 1712 3864 1762 Ilva-J-

2204 1823 2381 1875 ματος.
2430 1800 2674 1866 Ἐξεδόθη
2738 1802 2788 1854 ἐν
2834 1810 2905 1873 τῷ
2943 1804 3311 1877 πατριαρχείῳ
3352 1801 3483 1871 μετὰ
3536 1804 3628 1857 τὴν
3676 1801 3865 1850 ἐπανο-

2206 1890 2296 1946 δοι
2324 1900 2414 1953 τῆς
2445 1891 2639 1965 ἐξορίας
2656 1910 2672 1963 ;
2708 1890 2966 1963 scriptus
2993 1890 3277 1946 nimirum
3309 1905 3345 1945 a
3376 1888 3597 1945 Photiio
3621 1886 3863 1943 libellus

2204 1987 2337 2054 post
2361 1982 2615 2037 reditum
2648 1980 2722 2036 ab
2753 1980 2978 2036 exsilio.
3012 1981 3093 2051 3.)
3116 1978 3371 2034 Extremi
3402 1978 3463 2033 in
3494 1976 3697 2033 codice
3719 1982 3866 2031 sunt

2201 2072 2335 2128 libri
2365 2072 2556 2128 Photii
2586 2074 2840 2144 quatuor
2865 2071 3159 2126 adversus
3187 2068 3565 2133 Manichaeos,
3595 2081 3861 2139 quorum

2200 2162 2464 2234 primum
2500 2160 2974 2217 Montfauconius
3001 2175 3031 2215 e
3061 2159 3266 2215 codice
3311 2155 3674 2214 Coisliniano
3715 2157 3858 2225 (11),

2202 2259 2317 2307 tres
2361 2251 2622 2323 reliquos
2666 2248 2908 2305 Wolfius
2961 2248 3143 2304 edidit
3188 2248 3300 2319 (12)
3342 2262 3412 2303 ex
3464 2245 3859 2304 Holsteniano

2200 2342 2422 2406 codice,
2470 2355 2650 2411 quem
2692 2356 2727 2395 a
2769 2339 3052 2394 Vaticano
3093 2342 3297 2393 nostro
3338 2336 3516 2391 fuisse
3568 2335 3859 2390 haustum

2202 2430 2540 2502 suspicatur
2570 2428 2895 2484 rectissime
2934 2427 3142 2490 editor,
3171 2442 3282 2497 ego
3329 2435 3463 2481 vero
3496 2424 3697 2479 nullus
3749 2424 3861 2477 du-

2199 2520 2349 2588 bito,
2390 2517 2884 2590 quandoquidem
2915 2518 3091 2573 etiam
3135 2514 3419 2583 clausula,
3464 2528 3599 2585 quae
3640 2511 3859 2567 Wolﬁo

2199 2608 2545 2681 imperfecta
2588 2606 2841 2671 videtur,
2882 2622 3003 2662 non
3048 2605 3165 2661 alia
3202 2604 3265 2660 in
3299 2603 3504 2661 codice
3542 2602 3855 2666 Vaticano,

2198 2714 2383 2771 quam
2417 2697 2477 2753 in
2520 2694 2709 2752 Wolﬁi
2735 2695 2993 2752 editione
3014 2701 3124 2751 est.

2271 2789 2340 2845 II.
2389 2787 2534 2844 Pars
2582 2785 3137 2854 Amphilochiorum
3190 2782 3439 2839 antehac
3485 2781 3661 2838 edita.
3714 2782 3857 2836 Cum

2198 2877 2394 2949 plures
2423 2877 2599 2945 igitur
2626 2878 2925 2931 exstarent
2952 2875 3013 2929 in
3044 2876 3293 2944 Europae
3319 2870 3689 2927 bibliothecis
3715 2870 3857 2925 Am-

2194 2966 2631 3035 philochiorum
2651 2963 2907 3028 codices,
2922 2962 3155 3035 primus
3169 2960 3516 3017 Franciscus
3531 2959 3857 3015 Turrianus

433 3046 672 3118 quidem
708 3047 1054 3102 Vaticanum
1091 3061 1271 3136 quem
1300 3060 1484 3136 supra
1513 3044 1649 3136 dixi,
1668 3045 2086 3136 plenissimum
2125 3080 2165 3136 ρ
2198 3057 2252 3111 s.
2285 3056 2334 3109 J.
2365 3070 2395 3109 e
2429 3053 2709 3108 Bavarico
2737 3050 2940 3107 codice
2984 3048 3511 3122 Amphilochianas
3547 3063 3644 3103 sex
3682 3063 3860 3118 quae-

433 3136 648 3193 habeo.
683 3139 778 3192 Est
818 3141 1020 3193 autem
1058 3136 1154 3191 hic
1193 3133 1591 3207 bombycinus
1637 3134 1827 3190 in-fol.
1884 3135 2085 3191 saeculi

434 3224 617 3281 ferme
645 3241 766 3296 xui,
801 3225 1003 3282 Graeca
1033 3240 1217 3281 manu
1270 3224 1572 3293 eleganter
1609 3223 1884 3295 scriptus.
1935 3224 2084 3279 Olim

433 3317 635 3369 tamen
672 3313 809 3368 huic
840 3313 1029 3369 codici
1086 3314 1312 3369 damna
1360 3313 1481 3367 duo
1531 3312 1939 3381 contigerant;
1974 3314 2087 3384 pri-

433 3416 601 3457 mum
628 3401 793 3473 quod
819 3402 947 3472 ejus
974 3400 1111 3457 folia
1144 3401 1220 3457 ab
1254 3401 1463 3456 inscito
1494 3400 1831 3471 bibliOpego
1859 3407 2083 3472 pertur-

430 3489 573 3546 beta
593 3489 895 3561 susdeque
928 3488 1163 3546 fuerant
1191 3509 1202 3547 ε
1238 3490 1451 3544 iterum
1478 3489 1637 3561 quod
1670 3490 1798 3559 ejus
1828 3488 2085 3545 lndicem

433 3578 813 3650 primumque
838 3579 1029 3651 Operis
1056 3577 1263 3634 folium
1282 3577 1479 3633 blattae
1500 3587 1601 3633 aut
1625 3577 1839 3634 mador
1868 3579 2083 3650 partim

432 3672 860 3739 corruperant:
904 3683 1041 3723 mox
1069 3674 1270 3722 tamen
1315 3667 1528 3723 doctus
1560 3667 1775 3739 aliquis
1822 3669 2085 3724 materiae

432 3757 703 3814 ordinem
733 3756 1105 3825 instauravit,
1143 3756 1203 3810 in
1236 3756 1608 3828 marginibus
1660 3756 1925 3813 scribens
1964 3773 2085 3830 qua

433 3846 717 3920 quodque
740 3845 946 3901 folium
988 3844 1127 3900 sede
1168 3851 1320 3901 esset
1358 3845 1769 3902 collocandum
1802 3864 1816 3898 :
1849 3851 1973 3901 tum
2001 3846 2085 3901 illi

430 3934 598 3992 initio
631 3934 1036 4006 pessumdato,
1076 3948 1189 4004 ope
1246 3934 1489 3989 alterius
1533 3934 1901 4005 exemplaris,
1948 3950 2085 4007 sup-

426 4025 799 4097 plementum
841 4022 978 4079 fecit
1007 4023 1221 4079 recenti
1260 4039 1462 4089 manu,
1512 4023 1572 4078 in
1605 4023 1831 4094 vulgari
1879 4024 2084 4080 charta

432 4114 715 4187 scriptum
751 4129 762 4167 ε
794 4114 878 4169 sic
910 4118 1110 4168 tamen
1150 4118 1215 4168 ut
1243 4118 1511 4168 veterum
1538 4129 1779 4185 quoque
1803 4112 2082 4168 foliorum

429 4203 678 4260 lacinias
702 4202 951 4259 seorsim
972 4201 1032 4256 in
1054 4201 1350 4257 volumine
1373 4201 1821 4257 conservandae
1842 4217 2084 4258 curave-

428 4294 520 4363 rit,
553 4308 661 4349 nec
687 4292 1024 4366 quidquam
1064 4291 1276 4347 veteris
1307 4291 1617 4362 scripturae
1652 4291 1839 4361 perire
1866 4306 2082 4363 passus

432 4385 524 4439 sit.
553 4382 863 4439 Instaurati
886 4380 1107 4437 codicis
1134 4380 1410 4436 meritum
1428 4379 1751 4435 Andresius
1784 4381 1897 4450 (10)
1925 4380 2085 4435 Alla-

431 4471 509 4528 tio
558 4472 774 4528 tribuit.
830 4470 977 4527 Illud
1028 4475 1229 4527 tamen
1260 4469 1576 4525 falsissime
1628 4483 1664 4524 a
1717 4470 1917 4525 nescio
1964 4485 2084 4541 quo

431 4560 680 4615 relatore
710 4561 937 4616 dictum
965 4559 1252 4616 Andresio
1288 4558 1409 4629 fuit,
1434 4558 1691 4615 recentia
1718 4557 1937 4615 scilicet
1961 4558 2085 4615 haec

433 4649 855 4720 Supplementa
876 4649 1151 4705 Allatium
1175 4664 1355 4705 manu
1380 4664 1489 4705 sua
1502 4647 1930 4720 conscripsisse
1958 4664 1971 4704 :
1998 4653 2085 4704 est

429 4737 590 4793 enim
638 4735 785 4792 mihi
832 4737 1125 4808 vulgoque
1172 4737 1487 4792 notissima
1519 4736 1707 4793 Allatii
1752 4751 1993 4799 manus,
2052 4752 2085 4790 a

432 4826 601 4897 cujus
623 4823 821 4880 indole
832 4822 1005 4894 longe
1017 4824 1182 4880 abest
1199 4824 1752 4896 supplementorum
1769 4825 2081 4896 scriptura,

506 5084 583 5155 (2)
617 5080 881 5155 Catalog.
916 5099 977 5155 p.
1018 5083 1133 5138 108.

502 5152 579 5229 (3)
604 5152 1116 5229 Montfauc_.'_Bibl.
1150 5152 1326 5208 Coisl.
1360 5168 1429 5229 p_.
1464 5156 1584 5208 325.

503 5224 580 5297 (4)
613 5228 855 5284 Coteler.
890 5226 1145 5281 Monum.
1184 5231 1326 5279 tom.
1360 5226 1449 5288 ΙΙΙ,
1489 5241 1543 5295 p.
1583 5230 1703 5294 3356,
1741 5230 1797 5281 et
1825 5224 2083 5295 Catalog.

431 5297 574 5379 mss.
614 5297 1103 5379 Bcg._Paris.ht.l_i'.
1141 5303 1284 5350 tom.
1326 5297 1386 5361 ll,
1418 5300 1631 5379 ἕλξω.

527 5372 578 5440 5)
613 5366 932 5424 Montfauc.
964 5369 1120 5424 Bibl.
1155 5383 1281 5423 mss.
1316 5384 1371 5439 p.
1411 5366 1566 5421 1031.

611 5440 772 5523 Praei.
807 5439 884 5496 ad
910 5442 1050 5523 Cur.
1079 5439 1349 5523 phi'lol'og.
1378 5444 1519 5523 tam.
1553 5438 1640 5502 ΙΙΙ,
1672 5452 1729 5509 p.
1758 5439 1811 5491 7.

502 5509 579 5585 (7)
626 5512 779 5585 Bibi.
808 5516 1145 5585 concstom.
1176 5511 1216 5575 Ι,
1249 5509 1419 5585 Praef.
1450 5524 1507 5580 p.
1541 5524 1763 5585 xxxvm.

502 5580 579 5657 (8)
622 5583 813 5657 Wolf.
839 5584 1009 5641 Praef.
1042 5598 1103 5655 p.
1137 5599 1173 5638 v
1205 5598 1224 5649 ;
1270 5580 1455 5638 Andr.
1480 5581 1782 5652 prodrom.
1825 5580 1900 5637 ad
1944 5595 2084 5637 mss.

433 5655 618 5730 Neap.
650 5670 711 5729 p.
758 5656 846 5712 81.

2196 3144 2413 3199 stiones
2434 3142 2850 3212 interpretatus
2878 3144 3001 3204 est;
3034 3154 3251 3211 easque
3271 3137 3509 3194 Canisio
3526 3150 3687 3192 anno
3721 3136 3861 3191 1674

2196 3233 2257 3288 in
2288 3234 2689 3303 Antiquarum
2728 3229 3069 3286 Lectionum
3102 3228 3330 3299 sylloge
3372 3226 3569 3282 Latine
3615 3229 3861 3281 tantum

2197 3322 2458 3377 edendas
2496 3320 2785 3375 concessit
2832 3320 2969 3389 (13).
3004 3320 3098 3373 Eae
3145 3321 3284 3371 sunt
3315 3315 3376 3371 in
3429 3315 3709 3370 Vaticano
3760 3329 3863 3369 co-

2197 3411 2326 3466 dice
2357 3412 2473 3473 180,
2504 3411 2623 3474 181,
2660 3408 2922 3474 182,185,
2958 3407 3056 3461 186
3084 3423 3097 3473 ;
3122 3421 3267 3462 nam
3295 3403 3563 3461 Turriani
3591 3403 3859 3475 primam

2197 3500 2255 3554 in
2289 3499 2492 3555 codice
2534 3514 2655 3553 nou
2692 3496 2973 3561 invenio;
3006 3509 3186 3567 quare
3236 3500 3291 3551 et
3335 3493 3665 3563 Basnagius
3712 3506 3862 3549 cum

2197 3603 2358 3645 anno
2399 3588 2535 3642 1725
2567 3586 2870 3641 Canisium
2901 3589 3209 3656 repeteret,
3243 3588 3299 3639 et
3322 3583 3593 3639 Graecum
3620 3586 3865 3638 caetera-

2196 3692 2330 3733 rum
2363 3681 2584 3732 textum
2625 3674 2825 3731 ederet
2868 3674 3003 3744 (14),
3042 3673 3298 3744 primam
3349 3671 3549 3728 Latine
3592 3675 3868 3727 tantum-

2196 3766 2374 3821 modo
2401 3765 2623 3837 posuit,
2644 3763 2789 3835 quia
2814 3765 3006 3819 Graece
3024 3777 3147 3818 non
3175 3760 3404 3817 habuit.
3428 3763 3606 3815 Porro
3627 3759 3868 3815 Turria-

2196 3869 2309 3910 nus
2327 3853 2468 3909 alibi
2481 3868 2722 3925 quoque
2748 3850 3171 3921 Amphilochia
3189 3852 3625 3913 memoraverat,
3644 3862 3866 3919 nempe

2196 3944 2271 3999 ad
2286 3944 2465 4012 Epist.
2482 3949 2637 4011 ροηε.
2656 3958 2713 4011 p.
2743 3941 2999 4004 124,165,
3018 3942 3093 3994 ad
3116 3939 3307 3996 Const.
3326 3954 3420 4007 ap.
3438 3952 3556 4001 vui,
3576 3937 3864 4004 6,Dejur.

2194 4034 2323 4088 0rd.
2341 4048 2399 4105 p.
2422 4034 2522 4086 155
2540 4050 2552 4096 ;
2573 4030 2735 4103 quod
2750 4029 2963 4085 eruditi
2976 4029 3210 4100 jamdiu
3224 4028 3519 4083 dixerunt.
3538 4026 3677 4080 Post
3692 4027 3870 4081 Cani-

2196 4121 2341 4175 sium
2359 4136 2507 4175 anno
2524 4121 2659 4174 1616
2672 4120 2871 4173 Petrus
2882 4116 3226 4173 Stewartius
3243 4114 3643 4187 S.J.prolixam
3668 4114 3869 4169 Photii

2194 4208 2755 4281 Amphilochianam
2785 4207 2858 4263 de
2887 4207 3097 4264 Christi
3117 4204 3525 4262 voluntatibus
3557 4203 3867 4272 gnomicis

2194 4300 2349 4371 (qua:
2367 4299 2421 4353 in
2452 4298 2586 4353 cod.
2614 4301 2734 4353 Vat.
2755 4301 2843 4353 est
2858 4296 3248 4367 octogesima)
3266 4293 3471 4349 eodem
3486 4292 3869 4349 Turrianoin-

2195 4392 2445 4459 terprete
2459 4387 2640 4443 edidit
2655 4388 2699 4456 (1
2716 4391 2789 4456 ὅ);
2805 4386 2967 4457 cujus
2981 4386 3244 4440 Gracum
3261 4384 3471 4439 deinde
3487 4386 3707 4437 textum
3722 4381 3869 4437 Bas-

2196 4478 2408 4548 nagius
2446 4475 2847 4548 suppeditavit
2876 4475 3010 4545 (16).
3043 4474 3175 4530 Jam
3208 4474 3345 4544 quia
3374 4470 3649 4527 Canisius
3678 4474 3871 4542 atque

2194 4566 2538 4623 Stewartius
2567 4564 2929 4636 quaestiones
2952 4563 3064 4619 has
3090 4562 3203 4619 sub
3230 4560 3712 4632 Photiiquidem,
3736 4573 3871 4616 non

2196 4660 2397 4712 tamen
2442 4653 3013 4722 Amphilochiorum,
3050 4651 3297 4707 nomine
3337 4649 3676 4713 ediderunt,
3722 4647 3872 4704 hinc

2196 4745 2411 4802 accidit
2426 4743 2601 4815 utqui
2618 4741 2829 4799 eruditi
2844 4741 3117 4812 deinceps
3132 4740 3206 4796 de
3222 4740 3266 4795 Α
3278 4737 3659 4809 mphilochiis
3676 4737 3872 4794 verba

2198 4834 2483 4900 fecerunt,
2510 4834 2550 4887 ii
2576 4832 2999 4904 praedictarum
3023 4836 3253 4902 septem
3287 4828 3605 4884 editionem
3628 4826 3872 4883 nescire

2273 5079 2349 5153 (9)
2383 5080 2659 5153 Lambec.
2695 5086 2734 5135 t.
2770 5078 2886 5146 VII,
2920 5094 2979 5151 p.
3016 5078 3139 5135 146.

2271 5152 2386 5225 (⁷10)
2425 5152 2752 5225 Ριξοᾶιᾯωη
2773 5166 2831 5222 ρ.
2866 5154 2955 5207 83.

2268 5223 2385 5293 (⁷11)
2417 5224 2569 5278 Bibl.
2605 5223 2774 5278 Coisl.
2803 5239 2865 5295 p_.
2898 5225 2999 5295 349
3030 5237 3121 5293 sq.

2303 5295 2385 5359 12)
2413 5295 2631 5351 Anecd.
2658 5293 2854 5349 tomJI
2884 5298 2939 5348 et
2966 5294 3030 5347 ΙΙ.

2298 5367 2386 5508 13)
2420 5367 2519 5421 Ed.
2558 5371 2664 5421 vet.
2703 5373 2843 5419 tom.
2883 5366 2943 5430 ν,
2968 5380 3026 5435 p.
3074 5365 3172 5420 188
3200 5378 3366 5435 seqq.

2301 5438 2363 5492 14
2415 5441 2579 5492 Tom.
2624 5438 2686 5501 ll,
2716 5442 2868 5508 part.
2897 5450 2957 5504 ιι,
2991 5452 3050 5507 p.
3085 5438 3208 5490 420.

2301 5438 2385 5508 14)
2415 5441 2579 5492 Tom.
2624 5438 2686 5501 ll,
2716 5442 2868 5508 part.
2897 5450 2957 5504 ιι,
2991 5452 3050 5507 p.
3085 5438 3208 5490 420.

2302 5510 2387 5580 15)
2426 5510 2671 5564 Auctar.
2710 5525 2770 5580 p.
2801 5508 2926 5563 437.

2299 5580 2385 5652 16)
2425 5583 2589 5636 Τοω.
2622 5580 2687 5649 lI,
2719 5583 2867 5652 part.
2896 5594 2955 5644 ιι,
2984 5594 3043 5650 p.
3076 5580 3204 5634 439.
