3992 6182
156 249 202 304 33
1493 245 1723 300 PBOLE

1841 247 1877 300 Vl
1889 244 2043 301 ΕΝτΐ.
3408 256 3480 311 34

154 372 420 428 videantur;
452 382 694 439 quorum
722 367 785 422 in
822 383 1075 424 numero
1103 373 1244 424 sunt
1286 369 1706 438 Combeﬁsius,
1741 373 1784 424 A
1820 371 1926 426 tuit
1971 372 2082 441 (l9)
2127 388 2140 426 :
2183 377 2457 444 superest
2498 372 2678 442 igitur
2714 377 2778 428 ut
2820 373 3298 432 Moutt‘auconius
3343 381 3482 436 scri-

150 460 345 520 Allatius,
383 456 857 523 Montiauconius,
895 457 1152 522 Wolfius,
1187 457 1554 526 Gallandius,
1599 463 1710 513 Au-

148 548 336 609 dresius,
381 547 609 601 Scottus.
653 546 814 601 Unus
861 546 1112 602 fortasse
1155 546 1454 603 Fabricius
1494 549 1552 602 in
1604 550 1702 603 Gr.

147 634 429 691 bibliotheca
448 632 882 689 lucubrationes
911 633 1042 690 illas
1072 635 1148 690 ad
1169 650 1264 690 am
1277 634 1711 707 philochiorum

145 724 351 796 syllogen
426 722 702 794 pertinere
787 722 1123 794 suspicatus
1208 730 1318 779 est.
1405 724 1712 780 l’etavium

143 813 340 883 denique
384 811 564 883 ipsum
619 812 822 877 miror,
880 812 978 883 qui
1041 828 1178 868 cum
1244 815 1303 868 in
1365 817 1552 885 Opere
1605 829 1714 868 suo

144 903 400 971 theologico
444 903 551 972 (t7)
594 903 668 957 de
719 901 1127 958 monothelitis
1179 904 1387 958 tandiu
1441 905 1711 968 disserat,

145 991 275 1045 Photii
310 996 489 1046 tamen
527 991 893 1062 Opusculum
934 993 1006 1047 de
1045 993 1448 1048 voluntatibus
1489 993 1716 1049 Christi

139 1081 376 1150 genitricis,
412 1081 564 1152 quod
596 1081 728 1151 ejus
757 1087 1112 1152 argumento
1153 1083 1716 1138 commodissimum

140 1176 242 1230 erat.
280 1171 482 1240 penitus
517 1170 892 1240 ignoraverit,
937 1175 1015 1226 tot
1055 1172 1188 1228 licet
1230 1179 1368 1227 ante
1408 1187 1599 1228 annos
1638 1171 1716 1227 ab

136 1259 230 1329 ejus
260 1257 535 1314 sodalibus
561 1264 619 1314 et
654 1260 926 1315 Latinum
959 1259 1184 1316 factum
1215 1268 1270 1315 et
1301 1261 1544 1316 editum.
1588 1264 1717 1316 Ter—

137 1350 216 1402 tius
245 1347 763 1419 Amphilochiorum
805 1349 994 1406 editor
1029 1350 1423 1407 Combeﬁsius
1463 1357 1569 1414 est,
1613 1350 1718 1422 qui

135 1451 253 1492 anno
278 1441 392 1491 1644
410 1454 438 1492 c
459 1437 759 1495 Gallicano
779 1439 903 1494 Tilii
927 1439 1128 1495 codice
1151 1439 1716 1511 Amphilochianam

134 1526 457 1596 quastionem
479 1526 724 1598 protulit
743 1533 953 1584 contra
977 1528 1337 1600 ubiquistas,
1365 1546 1497 1602 quae
1523 1529 1582 1584 in
1607 1529 1720 1584 Va-

135 1614 282 1669 ticano
303 1614 486 1670 codice
515 1616 818 1672 tricesima
844 1622 1056 1673 octava
1082 1622 1189 1673 est.
1220 1617 1487 1674 Graviter
1517 1625 1720 1674 tamen

1821 460 2179 530 ptiunculam
2221 460 2294 514 de
2337 461 2580 534 Sibyllis
2621 462 2850 533 primus
2890 464 3215 532 protulerit.
3275 469 3477 523 Utrum

1820 550 2096 620 quintum
2113 549 2646 620 Amphilochiorum
2672 550 2944 607 editorem
2966 553 3259 624 Spierium
3273 554 3478 622 dicam,

1820 637 1986 692 haud
2028 637 2171 693 satis
2213 639 2372 703 scio;
2418 642 2475 693 et
2505 639 2715 695 merito
2746 639 2806 694 id
2841 640 3074 698 dubito.
3119 644 3268 698 Nam
3307 643 3483 700 Theo-

1823 725 2018 797 philus
2057 728 2302 798 quidem
2343 727 2636 784 Harlesius
2677 729 2860 784 semel
2902 736 2957 786 et
2995 731 3208 788 iterum
3247 732 3330 789 ait
3364 734 3482 805 (20)

1827 836 1851 865 α
1892 817 2122 871 Justum
2175 818 2441 888 Spierum
2499 833 2658 874 anno
2717 822 2848 874 1738
2906 819 3170 890 quodam
3225 821 3285 877 in
3331 821 3483 878 libro

1824 905 2176 961 Germanica
2205 906 2410 974 lingua
2441 907 2660 978 scripto
2687 907 2928 964 dedisse
2954 908 3376 967 adnotationes
3407 912 3484 966 ad

1826 993 2010 1048 Photii
2040 995 2474 1063 Amphilochia,
2504 1003 2559 1051 et
2587 997 2648 1050 in
2672 997 2789 1051 ﬁne
2820 998 3104 1070 quiedam
3130 1015 3202 1054 ex
3228 1000 3321 1055 his
3345 1003 3485 1057 Am-

1823 1083 2142 1151 philochiis
2171 1086 2435 1139 nondum
2465 1085 2638 1140 edita.
2669 1108 2696 1137 »
2722 1087 2857 1141 Jam
2885 1103 3024 1143 vero
3051 1089 3197 1158 quid
3223 1089 3486 1160 Spierius

1825 1172 1885 1225 in
1909 1188 1978 1227 co
2004 1173 2361 1228 Germanico
2383 1173 2556 1239 libro,
2587 1191 2709 1245 quo
2734 1191 2908 1230 careo
2930 1177 3213 1246 posuerit,
3242 1178 3444 1234 nescio
3469 1195 3480 1232 :

1827 1260 1930 1314 sed
1953 1263 2242 1332 quoniam
2263 1263 2438 1317 video
2457 1265 2821 1318 Germanum
2834 1264 3140 1320 hominem
3165 1266 3484 1322 eruditissi-

1829 1366 1995 1404 mum
2057 1350 2334 1406 Woltium
2382 1353 2636 1407 triennio
2685 1358 2820 1423 post
2874 1353 3082 1423 Spierii
3131 1354 3349 1410 librum
3390 1356 3488 1412 vix

1829 1436 2035 1509 elapso
2060 1439 2586 1510 Amphilochianas
2613 1440 2975 1512 quaestiones
3001 1441 3374 1513 depromere,
3402 1444 3487 1498 ni-

1828 1525 2028 1597 hilque
2068 1527 2142 1582 de
2184 1528 2393 1599 Spierii
2424 1529 2602 1594 curis,
2633 1530 2692 1583 in
2735 1528 3086 1586 Praefatione
3126 1532 3489 1603 caeteroquin

1829 1615 2080 1681 curiosa,
2113 1616 2331 1680 dicere,
2364 1619 2585 1682 nescio,
2615 1617 2886 1689 inquam,
2919 1619 3066 1690 quid
3097 1635 3209 1689 ego
3241 1623 3488 1676 demum

133 1705 297 1760 erravit
338 1720 447 1760 non
485 1705 779 1762 intellecto
819 1706 1040 1762 codicis
1080 1707 1250 1764 titulo
1301 1708 1718 1773 Combetisius,
1754 1721 1800 1776 Β
1833 1706 2200 1778 temporibus
2233 1706 2484 1779 locoque
2513 1707 2746 1763 distans
2775 1708 2848 1762 de
2879 1707 3090 1779 Spierii
3123 1724 3302 1781 opere
3327 1708 3491 1780 judi-

135 1793 192 1846 ita
206 1795 522 1865 utscriptam
554 1795 637 1850 ad
669 1795 1145 1866 Amphilochium
1170 1814 1205 1853 a
1229 1797 1432 1853 Photio
1449 1799 1715 1869 quaestio-

132 1897 250 1946 nem,
276 1898 371 1954 pro
397 1883 790 1955 Amphilochii
815 1886 1032 1956 scripto
1056 1885 1403 1955 vulgaverit.
1438 1886 1552 1942 Sed
1583 1886 1722 1942 dein

133 1970 414 2027 admonitus
439 1972 515 2028 ab
540 1973 761 2029 Allatio
786 1974 1174 2031 Combetisius
1199 1977 1538 2032 retractavit
1569 1991 1723 2032 erro-

131 2074 239 2122 rem,
259 2067 415 2131 atque
440 2061 689 2117 alteram
720 2062 798 2118 ab
827 2063 1038 2119 eodem
1064 2063 1280 2120 Allatio
1309 2069 1621 2136 acceptam
1649 2065 1723 2121 de

133 2148 316 2201 Asteriis
343 2150 489 2220 (quae
519 2151 579 2204 in
608 2151 750 2208 cod.
781 2151 914 2208 Vat.
941 2159 1026 2208 est
1055 2156 1180 2224 3l2)
1210 2153 1396 2209 edidit
1423 2153 1726 2226 Amphilo-

129 2235 350 2292 chianam
374 2239 429 2293 in
453 2240 817 2295 Auctarium
848 2242 1114 2312 Patrum,
1150 2259 1210 2313 p.
1238 2247 1379 2310 279;
1405 2259 1530 2299 rem
1558 2248 1726 2300 crete-

127 2325 258 2395 roqui
287 2333 392 2382 tam
421 2344 636 2399 parum
673 2329 875 2386 adhuc
915 2331 1186 2396 edoctus,
1223 2336 1285 2387 ut
1317 2333 1573 2388 scribere
1604 2350 1725 2389 non

127 2413 366 2472 erubuerit
387 2417 694 2488 ambigere
728 2433 791 2474 se
821 2420 1099 2490 quisnam
1131 2421 1226 2476 hic
1257 2421 1505 2478 Photius
1533 2416 1745 2490 fuerit,‘

126 2504 201 2572 qui
213 2505 273 2559 ad
286 2507 754 2578 Amphilochium
768 2511 1134 2580 quaestiones
1149 2510 1392 2566 miserit.
1407 2512 1728 2579 lgnorabat

127 2593 294 2648 scilicet
317 2597 724 2662 Combetisius,
759 2613 894 2669 quae
926 2599 1173 2655 Allatius
1203 2600 1262 2654 in
1296 2599 1450 2657 libro
1475 2603 1560 2657 De
1588 2618 1728 2658 con-

125 2696 255 2736 sensu
271 2701 434 2753 super
450 2686 895 2755 Amphilochiis
917 2689 1229 2759 scripserat
1249 2705 1261 2754 ;
1285 2689 1429 2761 quia
1447 2691 1725 2746 nimirum

124 2770 286 2826 eodem
303 2788 451 2828 anno
474 2776 618 2830 1648
640 2780 766 2830 tum
791 2775 1182 2832 Combeﬁsius
1201 2778 1571 2848 Auctarium,
1597 2786 1725 2835 tum

119 2859 320 2916 Allatius
346 2863 626 2920 volumen
658 2881 839 2920 suum
868 2865 946 2922 De
971 2881 1258 2924 consensu
1280 2867 1723 2940 imprimebant.

116 2951 318 3009 Quartus
373 2952 939 3020 Amphilochiorum
992 2955 1183 3011 editor
1248 2955 1725 3012 Montfauconius

1831 1811 1983 1861 cem,
2016 1795 2180 1866 quod
2213 1801 2385 1852 aetate
2414 1811 2525 1868 par
2555 1802 2611 1852 et
2641 1796 2701 1851 in
2731 1796 2936 1852 limine
2971 1813 3217 1854 versans
3245 1796 3488 1853 Wolﬁus

1831 1899 1953 1939 non
1987 1883 2251 1952 agnovit.
2282 1884 2559 1955 Sequitur
2579 1885 2709 1955 jam
2743 1891 2946 1940 sextus
2976 1885 3164 1941 multo
3191 1885 3490 1957 praedictis

1830 1973 2108 2043 copiosor
2138 1973 2691 2044 Amphilochiorum
2720 1974 2909 2030 editor
2935 1973 3195 2029 Wolﬁus
3221 1991 3256 2031 a
3282 1990 3404 2047 quo
3429 1975 3489 2030 in

1831 2060 2208 2132 philologicis
2234 2063 2391 2117 curis
2418 2062 2929 2134 Amphilochianae
2957 2063 3317 2135 quaestiones
3342 2079 3492 2135 qua-

1833 2150 2105 2220 draginta
2151 2167 2253 2206 sex
2293 2151 2348 2222 (a
2389 2154 2460 2208 74
2497 2152 2573 2206 ad
2619 2153 2742 2221 119)
2781 2167 2942 2207 anno
2986 2154 3111 2207 1741
3172 2151 3490 2223 publicatae

1832 2240 2070 2295 fuerunt
2103 2257 2117 2305 ;
2169 2256 2304 2312 quae
2353 2239 2572 2295 deinde
2611 2255 2767 2295 anno
2806 2243 2940 2295 1779
2989 2239 3051 2294 in
3091 2240 3492 2297 Gallandiana

1835 2329 2201 2386 Bibliotheca
2224 2335 2265 2384 t.
2297 2331 2429 2395 Xlll,
2459 2329 2715 2400 repetitae
2737 2333 2890 2384 sunt.
2926 2327 3254 2400 thuidem
3283 2329 3494 2386 adver-

1835 2436 1936 2474 sus
1967 2417 2346 2474 Gallandium
2379 2418 2758 2490 expostulare
2788 2415 3002 2483 liceret,
3037 2433 3143 2475 cur
3172 2423 3379 2475 contra
3404 2419 3493 2476 in-

1833 2508 2102 2564 stitutum
2130 2525 2304 2564 suum
2330 2508 2558 2564 minora
2583 2507 2836 2565 Patrum
2865 2508 3050 2578 Opera
3070 2507 3487 2578 coacervandi,

1831 2597 2188 2669 quaestiones
2242 2614 2278 2654 a
2331 2597 2548 2653 Wolfio
2599 2597 2786 2653 editas
2832 2598 3137 2668 receperit,
3191 2596 3491 2669 antiquius

1832 2687 2020 2743 editas
2068 2687 2545 2759 praetermiserit;
2597 2686 2709 2742 nisi
2750 2687 2879 2757 jam
2928 2686 3212 2743 dixissem
3254 2688 3491 2758 ignotas

1833 2775 2138 2832 Gallandio
2195 2777 2375 2832 fuisse
2429 2781 2690 2842 caeteras,
2736 2776 2796 2830 id
2845 2776 3012 2848 quod
3066 2776 3197 2847 ejus
3247 2791 3490 2848 quoque

1833 2865 2101 2922 Praefatio
2123 2867 2264 2921 satis
2290 2866 2681 2921 demonstrat.
2713 2865 2866 2920 Inter
2889 2882 2990 2921 eos
3013 2864 3118 2936 qui
3145 2865 3220 2920 de
3245 2865 3493 2933 Amphi-

1835 2955 2044 3011 lochiis
2078 2955 2393 3027 vulgandis
2426 2955 2659 3010 solliciti
2690 2955 2948 3019 fuerunt,
2981 2955 3290 3025 proximus
3319 2953 3490 3010 nobis

113 3040 175 3090 est
206 3039 318 3105 (l8),
355 3041 451 3112 qui
494 3056 667 3096 anno
713 3047 844 3097 t7l5
896 3043 1158 3112 vulgavit
1194 3050 1467 3115 quatuor,
1508 3062 1725 3118 nempe
1764 3064 1803 3118 ρ
1833 3050 2004 3100 aetate
2033 3044 2142 3098 fuit
2166 3041 2448 3116 πολυῖστορ
2478 3042 2818 3108 Andresius,
2849 3043 2934 3097 vir
2964 3057 3221 3113 magnus
3251 3042 3489 3113 meique

114 3123 166 3177 de
196 3128 406 3183 Hercule
438 3129 775 3185 Amaltheae
805 3147 987 3187 cornu
1027 3138 1318 3201 gestante,
1349 3136 1425 3189 de
1463 3133 1720 3206 Sybillis,

110 3211 162 3265 de
188 3213 538 3273 Caesariensis
573 3219 815 3275 Eusebii
846 3221 1075 3287 haeresi,
1111 3222 1186 3278 de
1217 3223 1459 3278 Asteriis
1487 3224 1569 3295 (in
1596 3226 1720 3279 Vat.

109 3302 207 3355 cod,
259 3305 363 3371 £07,
414 3312 538 3376 1:50,
582 3312 714 3374 2'21,
752 3311 899 3380 312).
943 3309 1210 3367 Profecto
1253 3312 1724 3368 ltlontt'auconius

107 3387 164 3445 de
183 3393 424 3451 universo
446 3397 746 3453 Photiano
767 3414 947 3469 opere
971 3398 1122 3456 bene
1147 3403 1391 3456 meritus
1415 3407 1525 3470 est,
1554 3404 1726 3473 cujus

109 3479 352 3550 integrum
389 3485 710 3557 descripsit
741 3486 1020 3554 indicem,
1054 3491 1462 3560 quaestionum
1506 3491 1725 3546 scilicet

108 3576 212 3623 octo
230 3577 276 3625 et
304 3579 706 3630 trecentarum
734 3593 746 3630 :
775 3575 882 3631 sed
907 3576 1067 3632 idem
1095 3593 1460 3650 magnopere
1491 3583 1722 3643 erravit,

107 3661 323 3725 primum
351 3665 492 3735 quia
523 3681 591 3720 se
627 3665 775 3720 dixit
805 3667 976 3722 cdere
1007 3684 1074 3723 ex
1107 3669 1528 3740 Amphilochus
1553 3686 1728 3742 quae-

109 3748 441 3816 stionesillas,
455 3769 598 3825 qua:
621 3755 865 3824 majoris
889 3757 1175 3812 momenti
1192 3773 1320 3812 esse
1336 3757 1724 3822 videbantur;

104 3839 428 3908 quojudicio
459 3843 618 3899 nihil
645 3843 1158 3914 inconsideratius,
1193 3845 1339 3902 nihil
1369 3846 1575 3902 falsius
1601 3848 1725 3903 ﬁeri

107 3931 276 3990 potuit.
306 3932 446 3987 Nam
474 3933 524 3987 si
549 3932 697 4004 quis
725 3933 1146 4004 Amphilochia
1174 3952 1210 3991 a
1239 3952 1334 3990 me
1360 3952 1522 3992 nunc
1547 3937 1723 4003 edita,

103 4011 319 4088 itemque
348 4019 447 4077 illa
478 4037 518 4077 a
549 4024 756 4078 Scotto
802 4023 1138 4094 Woltioque
1169 4023 1434 4093 vulgata,
1468 4042 1603 4081 cum
1637 4027 1728 4082 his

101 4100 372 4162 breviculis
411 4125 480 4164 ac
515 4109 699 4166 valde
737 4109 962 4167 levibus
994 4113 1412 4170 Montt‘auconii
1447 4115 1725 4180 conferet,

102 4201 484 4265 preposteram
502 4200 968 4257 Herclelaudem
984 4203 1366 4273 praedicatum
1383 4221 1512 4260 com
1522 4206 1724 4278 periet.

105 4281 220 4337 Num
235 4300 367 4354 ergo
388 4288 869 4346 Montfauconius
890 4307 1072 4362 quem
1097 4291 1352 4362 vulgavit
1367 4293 1625 4350 indicem
1650 4295 1728 4350 ab

1833 3133 1979 3188 dum
2004 3133 2142 3188 vixit
2161 3133 2635 3197 amantissimus,
2659 3131 2762 3203 qui
2783 3130 2858 3186 de
2887 3129 3195 3186 anecdotis
3221 3129 3490 3202 Neapoli-

1836 3227 1989 3277 tauae
2020 3221 2397 3277 bibliothecae
2436 3219 2831 3274 Prodromum
2865 3218 3152 3283 scribens,
3185 3217 3492 3290 Amphilo-

1835 3311 2101 3366 chiorum
2129 3309 2440 3381 quoddam
2465 3308 2868 3377 fragmentum
2889 3306 2994 3362 diu
3021 3306 3488 3372 commendavit,

1834 3406 2013 3472 atque
2057 3404 2118 3454 ut
2150 3399 2280 3453 luce
2319 3397 2662 3463 donaretur,
2703 3413 3071 3468 magnopere
3111 3401 3319 3454 auctor
3359 3397 3487 3452 fuit.

1836 3489 2007 3555 Quod
2023 3493 2220 3544 autem
2248 3487 2373 3542 lieri
2393 3487 2622 3560 optavit
2647 3487 2999 3553 Andresius,
3030 3485 3088 3541 id
3111 3502 3252 3543 mox
3271 3502 3492 3556 magna

1836 3596 1972 3634 cum
2034 3578 2209 3634 laude
2265 3577 2528 3647 praestitit
2585 3577 2671 3631 vir
2730 3575 3166 3631 illustrissimus
3230 3575 3491 3644 Angelus

1835 3671 2084 3732 Scottus,
2115 3667 2488 3722 bibliothecae
2517 3671 2650 3736 post
2672 3665 3027 3721 Andresium
3054 3682 3292 3736 praeses,
3324 3671 3382 3721 et
3403 3682 3490 3720 re-

1836 3758 2071 3829 giorum
2116 3757 2455 3829 principum
2487 3755 2545 3808 in
2589 3754 2794 3810 litteris
2826 3755 3143 3810 institutor.
3199 3753 3487 3810 Nimirum

1838 3849 1908 3914 is,
1937 3848 2040 3920 qui
2060 3845 2294 3918 septimi
2322 3845 2567 3901 editoris
2590 3844 2790 3900 locum
2815 3844 3064 3913 obtinet,
3093 3843 3492 3916 amphilochia

1837 3935 2272 4006 duodeviginti,
2306 3940 2516 4006 praeter
2546 3933 2972 3997 Praefationem,
3006 3949 3140 3988 com
3173 3949 3284 3988 sua
3313 3933 3491 3988 inter-

1837 4026 2166 4098 pretatione
2193 4024 2558 4095 Scholiisque
2584 4023 2828 4094 Neapoli
2855 4022 3016 4093 typis
3043 4021 3310 4088 excudit;
3343 4038 3491 4076 usus

1837 4115 2016 4171 etiam
2059 4113 2326 4171 Vaticani
2355 4111 2574 4168 codicis
2615 4111 2901 4184 suppetiis
2931 4111 3178 4182 aliquot,
3211 4127 3365 4182 quas
3405 4110 3480 4165 cl.

1837 4208 2036 4260 noster
2082 4203 2349 4259 Amatius
2406 4201 2480 4257 ad
2532 4217 2671 4256 eum
2725 4199 3020 4256 submisit.
3081 4198 3492 4268 Amphilochia

1838 4292 2015 4365 igitur
2053 4298 2189 4349 ante
2227 4308 2324 4347 me
2365 4308 2469 4346 sex
2518 4291 2701 4346 edidit
2740 4289 3030 4353 Canisius,
3074 4285 3413 4342 Stewartius
3449 4287 3490 4349 Ι,

105 4377 410 4432 amanuensi
452 4377 669 4449 aliquo
702 4379 950 4450 accepit,
995 4379 1122 4451 ipse
1154 4397 1292 4437 vero
1324 4381 1594 4438 codicem
1635 4384 1729 4439 vix
1761 4409 1806 4463 Ι)
1836 4382 2230 4439 Combeﬁsius
2267 4382 2333 4447 Il,
2365 4377 2836 4435 Montfauconius
2876 4377 2918 4440 Ι,
2955 4374 3197 4429 Wolfius
3235 4373 3492 4445 quadra-

104 4463 342 4529 aspexit?
369 4465 662 4538 Alioquin
693 4466 796 4521 vix
827 4466 950 4522 fieri
981 4473 1213 4538 poterat
1246 4474 1306 4525 ut
1336 4470 1426 4525 vir
1456 4487 1730 4526 summus
1763 4462 1770 4463 ί
1839 4471 2005 4541 ginta
2045 4487 2149 4526 sex
2178 4470 2473 4531 breviora,
2511 4470 2741 4523 Scottus
2767 4462 3203 4532 duodeviginti.
3247 4465 3495 4519 Summa

106 4549 542 4622 totlongissimas
571 4563 756 4627 atque
780 4557 1041 4627 optimas
1068 4555 1729 4630 lustransquaastiones,

104 4640 341 4708 neglectis
369 4644 485 4712 his,
513 4644 828 4701 breviores
856 4645 988 4701 illas
1019 4661 1090 4702 ac
1113 4645 1444 4704 levidenses
1472 4648 1728 4718 eligeret,

106 4743 297 4801 suoque
321 4734 634 4804 praeconio
661 4739 841 4806 atque
865 4734 1090 4790 honore
1115 4743 1397 4808 typorum
1423 4741 1729 4794 mactaret.

105 4816 193 4870 Sed
233 4835 299 4874 en
336 4839 552 4878 rursus
604 4823 1082 4880 Montfauconius
1121 4826 1388 4896 peccavit
1426 4827 1571 4882 dum
1621 4827 1730 4882 has

104 4909 524 4974 quaestiunculas
557 4928 674 4967 ceu
703 4911 962 4969 ineditas
996 4929 1206 4969 omnes
1237 4914 1525 4984 vulgavit.
1558 4915 1732 4988 Atqui

101 4991 156 5047 de
181 4999 394 5055 Asteriis
421 5000 833 5072 quaestionem
857 5002 986 5073 jam
1018 5003 1242 5075 publici
1265 5004 1416 5076 juris
1443 5005 1733 5061 Combeti-

104 5080 197 5134 sius
229 5083 437 5144 fecerat
481 5105 493 5143 :
541 5090 912 5162 quaestiones
943 5091 1018 5147 de
1045 5091 1252 5148 haeresi
1290 5092 1525 5148 Eusebii
1565 5097 1620 5148 et
1657 5093 1733 5149 de

105 5169 303 5230 Hercule
329 5177 384 5232 in
411 5178 616 5235 Photii
642 5179 909 5251 epistolis
936 5180 1124 5237 multo
1151 5187 1289 5237 ante
1312 5198 1348 5237 a
1369 5182 1732 5238 Montacutio

104 5257 240 5315 editis
267 5269 670 5325 occurrebant
698 5285 711 5335 ;
742 5269 798 5325 id
819 5271 983 5342 quod
1011 5269 1287 5328 Woltium
1317 5276 1472 5327 certe
1502 5286 1624 5328 non
1651 5271 1734 5327 la-

163 5403 252 5478 fit?)
285 5407 361 5478 De
388 5411 636 5464 incarn.
670 5408 774 5467 lib.
807 5426 884 5465 ix.

165 5475 257 5554 tu)
281 5476 644 5554 eatacta.
680 5497 737 5552 p.
770 5484 1022 5538 346—348.

162 5543 260 5614 (19)
291 5547 460 5607 Praef.
496 5551 585 5607 ad
614 5543 759 5608 σάν.
788 5557 848 5610 T.
884 5554 977 5619 Ill,
1010 5569 1071 5626 p.
1105 5559 1159 5610 7.

428 5650 677 5706 PATROL.
719 5652 821 5707 Gri.
868 5651 958 5709 Cl.

1839 4561 2035 4631 itaque
2048 4564 2180 4614 ante
2197 4574 2291 4614 me
2315 4557 2612 4612 editorum
2633 4551 3208 4622 Amphilochiorum,
3223 4553 3313 4607 74.
3329 4553 3496 4608 Octa-

1841 4665 1952 4704 vus
1984 4647 2227 4702 demum
2262 4645 2451 4702 editor
2479 4659 2590 4713 ego
2641 4657 2797 4705 sum,
2830 4640 2934 4712 qui
2966 4640 3174 4710 viginti
3204 4640 3497 4712 amphilo—

1842 4737 1978 4794 chia
2019 4737 2134 4793 hoc
2181 4734 2484 4792 volumine
2528 4731 2781 4788 exhibeo
2831 4749 2845 4790 :
2891 4745 3078 4802 quare
3121 4731 3496 4787 centenarius

1837 4828 1964 4898 jam
1996 4841 2284 4882 numerus
2311 4821 2752 4895 propemodum
2783 4819 3069 4892 expletur.
3102 4820 3278 4893 Atqui
3309 4821 3498 4876 codex

1845 4915 2164 4972 Vaticanus
2205 4912 2487 4970 tredecim
2527 4911 2789 4967 continet
2836 4926 3021 4982 supra
3059 4913 3338 4966 trecenta.
3384 4910 3498 4965 Sed

1844 5011 2043 5063 tamen
2087 5005 2313 5059 scimus
2350 5001 2581 5074 reliqua
2609 5016 2680 5055 ex
2719 4999 2811 5055 his
2841 4998 3154 5069 complura
3192 4999 3343 5054 inter
3380 4999 3498 5070 epio

1843 5095 2026 5150 stolas
2052 5109 2088 5148 a
2115 5091 2472 5148 Montacutio
2498 5089 2687 5145 editas
2707 5085 2944 5158 jamdiu
2970 5091 3222 5142 exstare.
3253 5091 3500 5158 Insuper

1844 5200 1952 5253 ego
1969 5182 2107 5238 dedi
2126 5195 2375 5254 operam
2395 5175 2894 5247 utAmphilocbia
2911 5174 3265 5248 plerumque
3280 5175 3502 5245 longis-

1847 5271 2020 5338 sima,
2053 5270 2251 5328 dilatis
2282 5267 2674 5335 brevioribus,
2708 5265 2787 5322 ad
2818 5264 3120 5321 edendum
3153 5263 3497 5336 deligerem.

1917 5415 2028 5484 (20)
2066 5411 2375 5485 Supplem.
2402 5410 2475 5467 ad
2509 5407 2740 5485 Igitr-pd.
2771 5406 3102 5485 Ιιίθςέη-ιξηρζ
3125 5406 3226 5485 Gr.
3257 5411 3497 5485 tonuit,

1849 5477 2079 5611 p.537;
2136 5477 2207 5541 et.
2239 5484 2426 5540 addit.
2484 5481 2563 5538 ad
2625 5480 2794 5536 Fabr.
2850 5479 3004 5534 Bibl.
3055 5478 3158 5533 Gr.
3213 5483 3355 5534 tom.
3414 5477 3499 5542 1x,

1844 5575 1899 5629 p.
2005 5596 2018 5610 .

3110 5653 3146 5702 2
