3992 6182
360 184 365 189 μ
463 240 531 293 35
1020 238 1021 241 “
1738 232 1804 287 ΙΝ
1846 228 2103 287 AMPHIL

2233 229 2335 284 ΗΑ
2376 228 2613 286 PHOTll
3812 234 3880 289 36

463 364 690 429 Quibus
729 362 834 418 rite
876 358 1207 431 perpensis,
1236 358 1545 415 dimidiam
1580 358 1693 415 fere
1735 358 1939 430 Operis
1983 372 2114 428 par-
2145 358 2193 410 A
2228 361 2348 412 tum
2390 356 2757 423 vicesimam,
2802 363 2927 414 tum
2976 360 3125 415 alias
3166 358 3412 432 aliquot,
3458 364 3579 414 tum
3620 359 3878 430 denique

464 459 581 508 tem
614 455 741 523 post
770 466 866 506 me
898 449 1091 506 adhuc
1124 448 1410 504 ineditam
1440 464 1713 519 supressc
1742 448 1968 517 judico.

535 542 621 596 lll.
648 542 733 595 De
749 554 876 595 mea
896 539 1168 595 editione.
1193 539 1320 593 iam
1348 536 1623 593 editionis
1650 553 1787 591 mete
1811 535 1958 592 ratio
1981 533 2113 591 etsi

462 630 709 702 simplex
729 634 839 693 est,
864 628 1062 684 labore
1086 632 1283 682 tamen
1307 643 1377 683 ac
1394 626 1736 682 difﬁcultate
1765 641 1883 681 non
1908 624 2111 680 caruit.

460 720 609 775 Nam
647 719 706 775 in
750 717 952 789 primis
982 722 1209 773 tantam
1242 715 1441 787 cperis
1476 720 1707 787 partem
1747 731 1821 771 ex
1864 713 2111 785 antiquo

460 810 665 866 codice
686 808 1028 873 exscribere,
1053 811 1189 879 apte
1216 805 1499 876 digerere,
1526 804 1949 877 orthographia
1972 819 2114 875 pau-

461 900 664 971 sisque
690 899 1119 969 interpungere,
1150 895 1384 952 mendis
1410 896 1585 951 etiam
1620 894 1850 966 aliquot
1875 909 2115 965 perpur-

461 1004 619 1058 gare,
663 1004 785 1042 non
824 986 1199 1042 levissimum
1239 984 1541 1053 negotium
1584 983 1704 1039 fuit.
1751 984 1828 1038 Eo
1869 982 2115 1037 accessit

461 1078 674 1133 Latinae
713 1074 1209 1147 interpretationis
1250 1073 1639 1140 elucubratio,
1679 1089 1800 1144 qua
1840 1072 2111 1128 Photium

460 1166 793 1223 necessario
842 1164 1270 1220 declarandum
1313 1162 1537 1235 putavi,
1582 1170 1820 1234 prepter
1859 1177 1960 1217 eos
2008 1161 2111 1232 qui

461 1260 656 1312 Greece
696 1255 967 1309 nesciunt
1007 1252 1095 1308 vel
1127 1252 1233 1324 qui
1274 1251 1473 1308 Graece
1504 1268 1567 1307 se
1608 1253 1757 1307 seire
1799 1250 2106 1309 simulant.

460 1346 574 1400 Sed
614 1352 811 1400 tamen
847 1348 907 1398 ut
938 1342 1105 1398 citior
1133 1342 1326 1397 editor
1355 1342 1582 1404 fierem,
1618 1340 1797 1413 paulo
1840 1338 2112 1394 incultior

459 1433 749 1505 interpres
782 1432 963 1487 videri
994 1430 1178 1487 malui
1212 1448 1225 1485 :
1254 1431 1430 1499 igitur
1456 1429 1751 1502 quidquid
1780 1429 1961 1485 menti
1988 1428 2110 1500 pri-

458 1540 626 1581 mum
651 1522 923 1585 occurrit,
950 1520 1007 1575 id
1038 1520 1155 1575 fere
1185 1519 1413 1576 calamo
1442 1519 1621 1590 pinxi,
1647 1519 1886 1589 expoliri
1914 1525 2107 1573 autem

458 1628 653 1668 sermo
695 1627 811 1667 non
853 1615 1064 1682 potest,
1108 1609 1217 1665 nisi
1256 1625 1439 1681 quem
1479 1609 1696 1664 decens
1739 1624 1906 1663 mora
1943 1607 2111 1662 lima-

2225 444 2402 498 260am
2433 445 2626 501 adeat.
2691 446 3014 504 Bibliorum
3058 449 3222 505 locos
3267 451 3369 520 qui
3411 449 3879 520 repugnantium

2226 534 2481 604 speciem
2510 534 2755 599 habent,
2790 542 2942 593 recte
2972 537 3288 592 conciliant
3318 538 3654 608 complures
3680 552 3749 590 ex
3782 536 3877 590 his

2223 623 2608 693 quaestiones,
2660 629 2723 679 ut
2765 629 2815 689 6,
2859 629 2945 691 23,
2989 634 3097 682 etc.
3144 630 3349 682 Nonne
3388 628 3518 698 ipsa
3565 624 3877 694 theologia:

2226 712 2548 783 penetralia
2587 715 2887 770 cernimus
2919 714 2976 769 in
3007 716 3434 787 quaestionibus
3464 716 3537 772 de
3574 715 3878 786 baptismo

2223 806 2278 854 et
2308 800 2380 856 de
2412 802 2545 857 vitai
2579 803 2877 860 termino?
2910 806 3118 877 Utique
3148 812 3203 860 et
3233 806 3344 861 illa;
3376 805 3449 860 de
3482 820 3877 877 personarum

2221 888 2559 946 divinarum
2589 893 3048 963 proprietatibus
3078 894 3429 966 persubtiles
3456 909 3678 966 perque
3705 908 3877 948 aecu-

2220 984 2363 1033 ratee
2404 985 2558 1035 sunt.
2604 984 2809 1037 Nonne
2842 983 3088 1038 demum
3129 983 3560 1055 componendis
3602 982 3875 1038 moribus

2221 1075 2472 1139 prosunt
2511 1069 2623 1126 illis
2657 1071 2732 1126 de
2768 1073 3148 1137 Eucliaristia,
3184 1079 3238 1128 et
3268 1075 3341 1128 de
3382 1072 3778 1138 Providentia,
3822 1080 3878 1129 et

2220 1158 2293 1213 de
2321 1158 2694 1229 sempiternis
2726 1161 3013 1217 scelerum
3048 1164 3282 1235 plenis?

2294 1250 2378 1303 lV.
2422 1250 2848 1307 Controversia:
2886 1252 3111 1324 aliquot
3148 1254 3221 1311 de
3259 1253 3701 1323 aniphilochiis.
3753 1260 3877 1323 Age

2221 1353 2361 1394 vero
2391 1342 2532 1410 quia
2564 1340 2677 1395 hoc
2706 1356 2857 1412 opus
2891 1342 2965 1395 ad
2997 1342 3475 1414 Amphilochium
3509 1343 3684 1397 scribi
3719 1342 3878 1397 vide-

2222 1444 2379 1494 mus,
2431 1443 2609 1485 nemo
2648 1430 2961 1495 existimet,
3012 1447 3192 1487 omne
3230 1432 3290 1486 id
3329 1432 3592 1504 quaesitis
3631 1432 3710 1486 ab
3758 1433 3881 1487 hoc

2221 1516 2460 1573 homine
2503 1518 2646 1574 forte
2679 1521 3411 1593 propositisrespondet‘e.
3444 1522 3541 1576 Est
3568 1521 3731 1577 enim
3778 1522 3883 1578 hic

2220 1605 2502 1661 solemnis
2554 1613 2991 1681 προσφωνούντων
3046 1626 3196 1682 mos,
3260 1615 3320 1666 ut
3369 1610 3451 1665 ob
3502 1610 3879 1682 captandam

457 1702 619 1758 verit.
654 1700 862 1755 Curavi
895 1704 1092 1755 tamen
1133 1698 1373 1768 ubique,
1408 1704 1471 1753 ut
1502 1698 1770 1754 Graecam
1803 1696 2107 1752 veritatem
2149 1710 2189 1764 Β
2221 1696 2520 1751 scribendi
2549 1713 2780 1765 ansam,
2816 1714 2939 1754 rem
2966 1700 3267 1770 ejusmodi
3294 1700 3540 1769 ﬁngant.
3571 1699 3664 1756 Sic
3697 1702 3881 1755 Eusa-

458 1791 659 1847 Latiua
685 1796 944 1845 servaret
970 1788 1302 1843 translatio.
1329 1787 1753 1843 Adnotationes
1781 1803 1948 1843 raras
1972 1787 2111 1841 sub-

458 1881 616 1935 texui
647 1894 660 1943 ;
691 1878 784 1933 his
812 1878 971 1934 enim
1002 1877 1251 1933 lectores
1290 1893 1491 1933 carere
1522 1876 1755 1933 facilius
1787 1881 2061 1948 poterant
2094 1891 2105 1929 :

460 1967 821 2025 Biblicarum
854 1971 1055 2023 autem
1087 1966 1521 2032 auctoritatum,
1554 1982 1689 2038 quae
1726 1970 1808 2021 tot
1837 1982 1871 2021 a
1902 1966 2110 2021 l’liotio

456 2058 797 2123 laudantur,
841 2056 1011 2112 sedes
1044 2056 1318 2127 proprias
1344 2056 1403 2111 in
1433 2055 1561 2111 libri
1594 2054 1969 2124 marginibus
2012 2053 2109 2110 de-

457 2147 799 2203 monstravi.
843 2144 1209 2211 Quasstiones
1247 2146 1429 2216 ipsas,
1459 2161 1595 2217 quae
1630 2145 1688 2200 in
1728 2145 1931 2200 codice
1970 2160 2107 2199 con-

456 2237 706 2292 tinenter
744 2236 1106 2301 scribuntur,
1142 2238 1199 2291 in
1232 2236 1511 2292 articulos
1541 2235 1803 2291 minores
1842 2233 2105 2298 distinxi,

454 2341 578 2398 quo
609 2325 829 2381 scilicet
860 2326 1265 2397 perspicuitati
1305 2323 1595 2380 sermonis
1627 2324 2022 2388 consulerem,
2057 2332 2113 2377 et

455 2415 527 2469 iis
577 2414 682 2484 qui
721 2414 881 2469 locos
921 2413 1191 2469 citabunt
1228 2428 1353 2468 rem
1394 2412 1781 2468 commodam
1831 2412 2106 2467 facerem.

457 2502 777 2575 Caeteroqui
815 2501 1143 2557 ordinalem
1187 2518 1523 2567 numerum,
1567 2518 1690 2573 quo
1733 2516 2110 2572 unaquaeque

457 2592 707 2664 quaestio
746 2596 983 2647 notatur
1024 2592 1085 2647 in
1124 2592 1339 2656 codice,
1382 2591 1603 2647 ideirco
1643 2591 1895 2656 servavi,
1939 2595 1998 2643 ut
2036 2606 2109 2644 ne

456 2687 584 2737 tum
608 2681 851 2753 quidem
876 2680 1098 2736 citandi
1124 2682 1275 2737 ratio
1303 2681 1579 2744 varietur,
1604 2697 1740 2736 eum
1767 2681 2107 2735 universum

456 2787 610 2843 opus
640 2770 912 2825 exstabit.
948 2770 1097 2827 Illud
1132 2769 1439 2825 verissime
1473 2770 1665 2825 testari
1700 2785 1873 2842 queo,
1910 2785 2004 2823 me
2034 2768 2109 2822 de

456 2861 661 2917 codice
686 2860 973 2915 Vaticano
1002 2859 1406 2929 Amphilochia
1429 2861 1699 2915 omnium
1730 2859 1911 2914 ferme
1932 2858 2109 2930 potis-

457 2950 611 3005 sima
630 2950 1027 3020 deeerpsisse;
1052 2966 1186 3021 que
1206 2949 1488 3004 nimirum
1513 2949 1601 3005 vel
1625 2950 1754 3021 ipsa
1778 2948 2108 3021 prolixitate

455 3056 584 3107 sua,
629 3040 721 3095 vel
770 3046 1126 3109 argumento
1161 3038 1331 3109 gravi
1376 3045 1433 3094 et
1471 3038 1820 3108 theologico,
1874 3038 1971 3129 vel
2003 3037 2105 3092 do-
2137 3076 2177 3129 Ο

455 3128 999 3195 ctrintealtitudine,
1016 3128 1105 3184 vel
1124 3130 1379 3184 novitate
1398 3129 1601 3201 aliqua
1614 3128 1911 3184 commend
1923 3127 2106 3183 aban-

456 3224 568 3284 tur,
597 3224 652 3275 et
678 3234 813 3289 quas
846 3234 1040 3290 neque
1067 3234 1204 3273 eum
1231 3218 1659 3287 Amphilochiis
1690 3218 1880 3281 editis,
1911 3233 2105 3288 neque

454 3323 662 3362 rursus
695 3323 832 3361 eum
860 3306 1124 3377 epistolis
1158 3308 1587 3376 congruebant.
1634 3308 1894 3362 Profecto
1924 3307 1985 3361 in
2012 3306 2103 3361 his

457 3399 621 3451 tanta
659 3395 739 3449 rei
782 3395 956 3449 bonae
996 3396 1169 3465 copia
1209 3402 1315 3458 est,
1359 3401 1425 3450 ut
1461 3412 1613 3466 quas
1652 3396 1726 3450 de
1766 3396 1878 3450 hoc
1917 3394 2104 3466 Opere

453 3484 661 3541 laudes
682 3483 945 3547 Allatius,
974 3484 1239 3549 Wolﬁus,
1266 3485 1611 3549 Audresius,
1639 3486 1868 3540 Scottus
1891 3484 2104 3554 aliique

453 3574 631 3644 pleno
685 3588 785 3628 ore
840 3572 1331 3644 praedicaverunt,
1383 3590 1482 3629 eas
1539 3590 1737 3637 nemo,
1796 3578 1858 3629 ut
1908 3589 2099 3644 spero,

452 3662 669 3719 nimias
707 3662 1083 3732 judicaturus
1112 3664 1207 3719 sit.
1239 3663 1371 3719 Mihi
1402 3679 1541 3719 vero
1571 3664 1853 3732 cogitanti
1890 3662 2103 3734 permi-

450 3768 585 3807 rum
625 3751 810 3807 vidcri
848 3751 1014 3819 solet,
1057 3753 1158 3824 qui
1197 3752 1325 3808 ﬁeri
1366 3753 1619 3824 potuerit
1658 3758 1721 3808 ut
1762 3753 2001 3807 Pbotius
2040 3752 2100 3807 in

452 3840 844 3896 saecularibus
866 3842 1021 3897 curis
1042 3842 1504 3913 muneribusque
1525 3848 1795 3897 versatus
1813 3858 1999 3912 usque
2021 3842 2101 3897 ad

449 3929 883 4001 episcopatum,
927 3930 1003 3985 ad
1033 3946 1214 4002 quem
1251 3930 1435 3986 laicus
1468 3931 1661 3987 subito
1692 3938 1929 3986 evectus
1968 3930 2096 3998 fuit,

448 4023 675 4074 tantam
702 4018 1039 4074 divinarum
1063 4020 1495 4091 Scripturarum
1520 4025 1695 4091 atque
1718 4020 2095 4075 abstrusioris

448 4107 757 4177 theologia:
797 4108 1069 4163 notitiam
1114 4108 1573 4181 facultatemque
1606 4108 1862 4180 adeptus
1903 4109 2092 4164 fuerit.

2219 1783 2383 1841 binm
2419 1785 2799 1842 simulavisse
2825 1794 2992 1860 puto,
3023 1789 3167 1844 dum
3202 1789 3277 1845 ad
3310 1789 3676 1860 Stephanum
3705 1791 3884 1845 Mari-

2218 1889 2487 1947 uumque
2535 1875 2836 1932 scriberet.
2877 1878 2967 1932 Sic
3006 1876 3346 1934 Theodorus
3400 1885 3876 1951 Mopsuestenus,

2221 1969 2369 2020 teste
2410 1964 2697 2020 Ebediesu
2739 1966 2795 2021 in
2835 1966 3140 2039 Catalogo,
3184 1968 3419 2037 singula
3459 1984 3644 2040 prope
3685 1984 3882 2041 opera

2218 2054 2297 2111 ad
2339 2056 2563 2110 amicos
2606 2056 2782 2125 misit,
2824 2056 2998 2128 quasi
3029 2058 3100 2113 ab
3130 2058 3197 2112 iis
3229 2063 3470 2127 rogatus
3511 2059 3717 2114 fuisset
3758 2075 3773 2113 :
3825 2066 3887 2113 et

2220 2143 2302 2198 sic
2331 2143 2410 2199 ab
2435 2143 2567 2199 aliis
2596 2144 2864 2200 Ecclesiae
2900 2145 3190 2212 Patribus,
3220 2162 3327 2202 nec
3356 2163 3473 2202 non
3502 2162 3537 2203 a
3563 2147 3882 2217 scriptori-

2219 2231 2333 2288 bus
2392 2233 2641 2288 ethnicis
2699 2233 3019 2290 faetitatum
3072 2236 3310 2290 scimus.
3368 2236 3630 2291 Profecto
3686 2236 3886 2292 Photii

2220 2322 2329 2377 has
2348 2322 2713 2393 quaestiones
2735 2339 2855 2379 non
2878 2323 2956 2380 ad
2975 2340 3162 2379 unum
3183 2325 3400 2383 missas
3416 2325 3597 2381 fuisse
3618 2325 3708 2381 vel
3733 2326 3888 2382 inde

2222 2416 2398 2482 patet,
2440 2411 2607 2484 quod
2645 2429 2715 2467 ex
2752 2413 2845 2468 his
2875 2413 3215 2485 complures
3247 2415 3306 2470 in
3345 2414 3614 2486 epistolis
3653 2416 3736 2470 ad
3782 2432 3889 2473 va.—

2219 2501 2339 2556 rios
2360 2502 2671 2557 mittuntur
2692 2503 3001 2559 homines:
3028 2509 3154 2559 tum
3176 2505 3355 2561 etiam
3374 2506 3539 2578 quod
3565 2506 3675 2560 loci
3702 2507 3884 2562 multi

2220 2590 2280 2645 in
2312 2593 2766 2648 Commentariis
2798 2592 3030 2649 biblicis
3061 2610 3099 2649 a
3132 2595 3336 2650 Photio
3367 2596 3619 2660 traetati,
3650 2595 3889 2651 deinde

2219 2678 2276 2733 in
2305 2670 2725 2748 Amphilochia
2750 2682 3015 2737 translati
3042 2681 3298 2738 fuerunt.
3332 2686 3479 2753 Ergo
3501 2700 3573 2739 ex
3600 2684 3694 2738 his
3717 2692 3890 2741 recte

2219 2769 2609 2835 concluditur,
2658 2771 2927 2826 Pbotium
2968 2788 3107 2827 cum
3150 2772 3334 2829 multa
3370 2773 3427 2828 in
3470 2774 3760 2845 epistolis,
3823 2775 3889 2829 in

2219 2861 2843 2930 commentationibus,
2876 2861 2933 2915 in
2966 2861 3244 2926 homiliis,
3289 2862 3362 2917 de
3392 2878 3566 2918 sacra
3594 2863 3893 2921 doctrina

2216 2948 2616 3013 disseruisset,
2677 2950 2756 3006 ad
2808 2957 3139 3006 extremum
3197 2951 3480 3024 prteelare
3536 2959 3591 3007 et
3656 2953 3893 3010 utiliter

2214 3040 2564 3107 cogitavisse
2602 3039 2676 3094 de
2710 3040 3000 3095 universis
3034 3042 3265 3113 scriptis
3298 3042 3389 3097 his
3422 3042 3480 3097 in
3512 3058 3702 3098 unum
3746 3060 3891 3100 cor-

2219 3143 2329 3198 pus
2348 3128 2768 3184 coacervandis
2792 3145 2804 3195 ;
2828 3130 2990 3199 quod
3015 3145 3151 3185 cum
3180 3130 3436 3187 mitteret
3458 3131 3710 3187 honoris
3731 3149 3892 3204 ergo

2216 3217 2293 3272 ad
2321 3219 2578 3273 amicum
2608 3217 3108 3290 Amphilochium,
3139 3235 3358 3276 nomen
3385 3220 3523 3275 inde
3550 3221 3891 3279 subortum

2214 3313 2326 3373 est,
2382 3308 2469 3362 vel
2522 3307 2707 3363 Photii
2746 3308 2937 3379 ipsius
2981 3309 3071 3365 vel
3122 3314 3493 3381 posterorum
3539 3310 3887 3381 voluntate,

2216 3396 2658 3464 Amphilochia.
2692 3396 2931 3452 iamdiu
2963 3397 3208 3470 quidem
3239 3398 3532 3454 dubitavit
3565 3400 3891 3456 Fabricius

2214 3484 2329 3555 (2t)
2353 3500 2496 3539 num
2525 3490 2797 3541 auctores
2820 3492 3167 3542 catenarum
3193 3488 3676 3558 evangeliearum
3706 3490 3893 3547 locos

2218 3573 2427 3641 Photii,
2456 3590 2608 3646 quos
2637 3574 2959 3630 identidem
2993 3576 3320 3648 proferunt,
3343 3593 3411 3633 ex
3438 3578 3894 3647 Amphilochiis

2214 3664 2466 3718 mutuati
2496 3662 2631 3729 sint,
2662 3679 2738 3720 an
2768 3665 2963 3735 potius
2997 3665 3075 3721 ab
3104 3667 3373 3736 ejusdem
3400 3667 3498 3738 qui
3531 3667 3895 3739 aliquando

2213 3752 2995 3810 exstiterintCommentariis
3012 3755 3384 3825 evangelieis.
3410 3759 3527 3826 Ego
3545 3761 3746 3812 utrum
3756 3772 3895 3831 que

2210 3839 2432 3896 factum
2475 3842 2721 3913 judico;
2776 3860 2963 3916 neque
2992 3844 3186 3900 solum
3219 3845 3326 3900 abs
3360 3852 3716 3902 catenarum
3777 3866 3895 3905 au-

2209 3932 2489 3993 ctoribus,
2518 3948 2723 3987 verum
2752 3933 2829 3988 ab
2855 3932 2984 4004 ipso
3012 3932 3213 3989 Photio
3240 3936 3551 3991 materiam
3578 3939 3893 3996 eamdem

2209 4034 2328 4073 non
2360 4036 2477 4075 uno
2499 4022 2558 4076 in
2587 4021 2719 4077 loco
2748 4038 2941 4093 neque
2968 4023 3151 4078 semel
3178 4030 3527 4096 usurpatam
3559 4027 3892 4084 existimo.

2204 4111 2355 4164 Nam
2392 4116 2450 4165 et
2479 4111 2537 4165 in
2568 4111 2794 4167 catenis
2826 4128 3036 4183 reapse
3075 4113 3274 4185 plures
3303 4113 3417 4169 loci
3448 4115 3726 4171 Photiani
3773 4135 3898 4174 oc-

443 4199 579 4252 Tres
626 4202 831 4252 tamen
873 4196 931 4251 in
972 4197 1190 4252 Latinis
1240 4204 1561 4253 occurrunt
1601 4198 1889 4263 Patribus,
1940 4214 2094 4270 quos
2202 4205 2467 4263 currunt,
2518 4202 2622 4273 qui
2661 4202 2721 4257 in
2760 4202 3217 4271 Amphilochiis,
3267 4219 3402 4276 quae
3441 4219 3601 4259 nunc
3654 4210 3898 4265 omnia

443 4302 618 4358 aequo
644 4286 777 4357 jure
808 4285 996 4341 Photii
1024 4286 1262 4355 ingenio
1288 4303 1670 4359 opponamus
1697 4303 1710 4353 ;
1748 4287 1927 4358 hique
1956 4292 2093 4343 sunt
2124 4358 2157 4363 _
2200 4288 2502 4355 novimus,
2550 4306 2671 4345 non
2699 4297 3069 4362 comparent.
3106 4294 3166 4347 Et
3196 4293 3437 4363 quidem
3482 4293 3895 4354 Seholiorum

439 4376 1186 4448 Cyprianus,Ambrosius,
1206 4358 1385 4448 atque
1408 4376 2090 4448 Augustinus;quorum
2123 4358 2168 4415 D
2202 4376 2390 4433 Photii
2431 4377 2509 4433 ad
2556 4380 2777 4435 Lucam
2822 4358 3177 4436 ineditorum
3212 4358 3333 4452 ego
3381 4383 3504 4453 ipse
3546 4383 3607 4438 in
3660 4386 3900 4455 prima

439 4467 670 4534 primus
697 4484 733 4522 a
760 4465 889 4522 foro
915 4472 971 4523 et
995 4466 1327 4522 honoribus
1354 4466 1431 4521 ad
1455 4466 1865 4522 sanctuarium
1894 4466 2090 4523 subito
2200 4465 2383 4536 hujus
2432 4466 2749 4524 voluminis
2784 4469 3039 4526 editione
3080 4471 3382 4541 specimen
3420 4471 3670 4527 exhibui
3730 4484 3901 4546 post

440 4555 687 4624 transiit,
719 4559 775 4609 et
803 4560 1004 4611 tamen
1030 4556 1089 4610 in
1116 4556 1475 4612 acutissimis
1510 4554 1771 4611 Ecclesia}
1801 4556 2088 4627 theologis
2199 4556 2633 4627 Apollinarium
2660 4573 2673 4623 ;
2706 4557 2877 4629 plura
2907 4559 3180 4628 daturus,
3212 4560 3326 4616 nisi
3357 4560 3646 4633 pleraque
3673 4577 3903 4633 agno-

438 4645 762 4711 reputatur.
793 4644 1103 4699 Secundus
1124 4646 1445 4701 asieculari
1469 4646 1714 4718 Liguriae
1741 4646 2089 4717 praefectura
2200 4646 2421 4702 vissem
2461 4647 2517 4701 in
2558 4647 2987 4716 Amphilochiis
3018 4648 3105 4704 vel
3136 4651 3192 4704 in
3224 4651 3508 4719 Epistolis
3546 4666 3745 4723 prope
3801 4657 3905 4713 ad

436 4728 515 4784 ad
540 4729 759 4786 infulas
778 4737 1022 4802 repente
1040 4740 1264 4804 raptus,
1286 4735 1672 4790 nihilominus
1692 4740 1920 4791 tantam
1947 4751 2085 4792 mox
2198 4736 2450 4793 verbum
2488 4738 2690 4809 repeti.
2725 4740 2918 4803 Quam
2959 4754 3081 4794 rem
3119 4744 3183 4795 ut
3209 4739 3530 4797 lectoribus
3571 4741 3900 4811 probem,

434 4816 676 4874 edidicit
727 4834 911 4875 sacrm
950 4821 1235 4877 doctrinas
1283 4825 1543 4894 copiam,
1586 4829 1875 4895 quantam
1929 4825 2085 4882 edita
2196 4824 2426 4881 idoneis
2457 4828 2823 4896 argumentis
2852 4828 3219 4899 parcendum
3252 4844 3374 4886 non
3400 4834 3512 4886 est.

434 4906 563 4977 ejus
602 4921 788 4978 opera
808 4907 1257 4977 demonstrant;
1292 4917 1505 4982 printer
1532 4911 1630 4967 illa
1655 4928 1790 4983 quae
1829 4912 2080 4968 eeleber-
2269 4917 2319 4968 l.
2372 4916 2622 4971 Matthazi
2670 4916 2865 4972 locum
2903 4934 2973 4983 XI,
3009 4919 3095 4983 t7,
3125 4935 3246 4990 quo
3278 4920 3441 4975 aiunt
3486 4921 3655 4990 pueri
3698 4923 3909 4983 Ceci-

431 4996 585 5051 rima
600 4995 743 5051 olim
756 5036 768 5059 ,
792 5012 951 5051 nunc
969 4997 1195 5053 amissa
1208 5001 1534 5070 querimur.
1555 5002 1923 5069 Augustinus
1942 5002 2080 5057 item
2193 5004 2389 5059 nimus
2405 5004 2581 5069 vobis,
2600 5010 2710 5060 etc.
2728 5006 3145 5077 interpretatur
3158 5006 3369 5063 iisdem
3392 5008 3583 5063 verbis
3600 5008 3804 5069 Photi
3818 5034 3908 5073 us

430 5084 694 5154 profanis
718 5086 927 5141 studiis
956 5103 1146 5158 usque
1174 5088 1249 5143 ad
1273 5088 1541 5145 adultam
1568 5096 1803 5147 {etatem
1831 5092 2081 5147 innutri-
2192 5097 2319 5148 tum
2361 5095 2420 5148 in
2460 5095 2681 5151 Catena
2720 5096 3002 5151 Vaticana
3041 5097 3172 5151 eod.
3215 5100 3341 5161 758,
3382 5115 3437 5169 p.
3480 5101 3569 5163 28,
3620 5104 3773 5159 tum
3832 5110 3907 5163 in

430 5181 541 5239 tus,
574 5173 737 5229 brevi
770 5191 910 5231 mox
942 5177 1273 5232 maximum
1301 5180 1498 5234 omnis
1534 5180 1843 5252 theologia;
1876 5182 2078 5238 lumen
2194 5183 2693 5251 Amphilochiana
2722 5189 3052 5257 quaestione
3083 5189 3171 5252 34,
3205 5202 3240 5241 a
3267 5189 3463 5243 Scotto
3486 5186 3677 5245 edita.

430 5263 721 5319 inclaruit.
763 5266 892 5320 iam
932 5267 1034 5337 qui
1076 5284 1262 5323 sacrae
1306 5270 1765 5326 Hermeneutieae
1816 5287 2078 5327 canones
2261 5276 2313 5325 2.
2358 5274 2528 5329 Lucas
2566 5274 2733 5330 locus
2772 5292 2829 5341 ll,
2870 5280 2937 5332 35
2982 5293 2993 5328 :
3037 5277 3101 5330 Et
3140 5280 3301 5333 tuam
3348 5277 3533 5347 ipsius
3576 5282 3912 5346 animam

426 5368 789 5423 cognoscere
840 5360 993 5419 avet,
1037 5356 1086 5411 is
1126 5357 1311 5413 Photii
1354 5357 1613 5431 primam
1662 5361 2073 5432 quaestionem,
2185 5364 2599 5433 pertransibit,
2624 5369 2756 5435 etc.,
2784 5364 3370 5427 illustraturaPhotio
3394 5370 3516 5427 tum
3545 5368 3606 5429 in
3626 5373 3917 5439 Catena

493 5640 603 5708 (2t)
637 5639 786 5697 Bibl.
824 5641 922 5696 Gr.
952 5641 1044 5695 ed.
1080 5658 1218 5700 nov.
1255 5646 1293 5699 t.
1330 5644 1415 5708 XI,
1449 5660 1505 5716 p.
1537 5648 1624 5700 27.
