3992 6182
503 248 573 306 39
1773 243 1842 301 IN
1882 244 2372 301 AMPHILOCHIA
2414 228 2655 302 PHOTII
3867 252 3931 304 4ο

2184 370 2249 426 V.

1027 497 1346 554 EJUSDEM
1389 498 1600 555 CARD.
1642 498 1763 553 MAI
1806 497 2174 552 PR/EFATIO
2219 497 2285 551 IN
2324 495 2735 560 ΟΑΞΒΤΙΟΝΕΞ
2774 497 3388 553 AMPHILOCHIANAS

722 596 906 662 QUAS
948 596 1202 651 GRIECE
1244 595 1473 651 EDlDIT
1508 597 1573 650 IN
1615 594 2063 651 SCRIPTORUM
2097 593 2172 648 VE

2415 594 2459 648 Ι.
2507 595 2658 650 COL.
2703 596 2764 650 Τ.
2808 595 2895 649 ΙΧ.
2940 597 2998 651 Ρ·
3046 596 3226 649 1-158.
3271 597 3504 660 ROM/E,
3531 599 3696 653 1837.

570 801 649 858 De
689 801 879 857 Photii
909 800 1413 871 Amphilochianis
1466 798 1896 873 quaestionibus
1923 798 2139 871 partim
2181 798 2224 850 A

495 890 667 945 editis
711 890 922 962 partim
973 889 1223 957 iueditis,
1264 888 1458 961 deque
1511 889 1779 959 ipsarum
1818 887 2019 957 viginti
2078 903 2144 942 ex

494 980 696 1035 codice
715 980 996 1036 Vaticano
1010 977 1512 1051 amejampridem
1527 976 1865 1047 divulgatis,
1883 976 2140 1040 abunde,

495 1075 560 1125 ut
589 1075 754 1141 puto,
788 1068 1038 1123 disserui
1090 1068 1150 1123 in
1194 1066 1518 1123 voluminis
1563 1065 1738 1138 primi
1785 1064 2138 1121 l’razfatione.

490 1162 655 1214 Nunc
676 1157 1026 1213 earumdem
1043 1158 1438 1229 quaastionum
1457 1154 1879 1227 apographum
1906 1172 1977 1209 ex
1996 1154 2144 1210 Vati-
2296 1160 2379 1211 10.

492 1265 643 1305 cano
674 1247 878 1304 codice
932 1252 1236 1318 sumptum
1270 1246 1420 1301 forte
1452 1250 1681 1310 nactus,
1724 1243 2001 1300 constitui
2046 1243 2144 1299 de-

491 1337 672 1409 nique
701 1335 997 1408 quidquid
1020 1335 1289 1407 praeclari
1316 1334 1510 1406 operis
1539 1333 1737 1390 adhuc
1768 1333 2142 1403 invulgatum

489 1430 811 1497 supererat,
846 1424 1002 1497 typis
1020 1424 1425 1488 committere;
1462 1421 1727 1494 exceptis
1755 1422 1846 1491 iis,
1877 1439 2011 1493 qua
2036 1420 2142 1477 etsi

490 1515 725 1571 titulum
784 1513 1327 1585 Aniphitoc/iiorum
1389 1512 1693 1581 gerebant,
1753 1511 2143 1567 nihilominus
2290 1512 2380 1567 11.

488 1605 647 1669 alibi,
692 1609 838 1675 puta
869 1604 1018 1658 inter
1058 1602 1241 1658 Pbotii
1274 1602 1600 1671 Epistolas,
1622 1601 1750 1670 jam
1782 1601 2093 1656 exstabant
2126 1617 2138 1651 :

486 1709 839 1764 quanquam
891 1707 1009 1747 non
1063 1690 1143 1746 ita
1173 1690 1256 1745 fui
1316 1706 1613 1755 morosus,
1666 1697 1727 1744 ut
1764 1691 1813 1744 si
1864 1706 1955 1744 res
2001 1688 2141 1743 alibi

489 1741 839 1764 Ὶ“·“’·“ι---
891 1741 1009 1747 --ν--
1063 1741 1256 1746 -π--νη
1316 1741 1613 1755 ------ν”*ι
1671 1741 1722 1744 --τ
1771 1741 1811 1744 έν
1865 1741 1950 1744 -νί
2006 1741 2137 1743 ή-ν-ίί

485 1781 807 1847 interdum,
852 1779 1220 1835 brevioribus
1267 1781 1374 1837 aut
1422 1777 1669 1833 diversis
1719 1777 1931 1843 verbis,
1983 1777 2141 1833 dicta
2197 1741 2379 1854 ιᾸὲ.

487 1869 579 1925 vel
595 1869 949 1925 adumbrata
972 1867 1195 1934 fuisset,
1216 1884 1347 1923 eam
1362 1867 1584 1923 idcirco
1605 1868 2135 1939 prmtermitterein.
2216 1868 2377 1964 /t3.

487 1957 749 2013 Latinam
781 1961 981 2012 autem
1006 1955 1410 2028 quaestionum
1441 1955 1988 2027 interpretationem
2018 1970 2135 2009 non

486 2046 709 2115 addidi,
764 2046 905 2118 quia
969 2062 1065 2101 me
1126 2044 1407 2100 festinare
1462 2044 1814 2115 oportebat:
1876 2049 2135 2099 attamen
2285 2045 2376 2102 14.

485 2136 843 2205 argumenta
885 2134 1089 2190 saltem
1138 2133 1231 2188 hic
1261 2132 1461 2188 Latine
1492 2148 1810 2204 exponam,
1844 2137 1903 2187 ut
1936 2131 2137 2188 Greece
2176 2151 2216 2204 Β

485 2224 672 2295 ignari
702 2239 825 2278 rem
870 2221 1106 2278 interim
1143 2222 1396 2277 summis
1442 2221 1625 2277 labris
1657 2221 1931 2277 delibent.
1962 2224 2136 2276 Porro
2288 2225 2350 2278 15

483 2312 543 2368 in
569 2313 822 2369 editione
852 2311 1098 2384 quidem
1138 2311 1495 2367 numerandi
1530 2311 1827 2376 ordinem,
1872 2314 1932 2366 ut
1958 2314 2046 2365 est
2076 2311 2137 2364 in

480 2401 808 2466 codicibus,
878 2400 1249 2464 conservavi,
1318 2404 1382 2455 ut
1444 2399 1492 2454 si
1559 2399 1885 2471 aliquando
1944 2403 2136 2454 totum

480 2496 522 2544 Α
536 2490 1029 2559 mphitochz’orum
1045 2505 1196 2560 opus
1219 2505 1339 2545 uno
1354 2488 1654 2544 volumine
1676 2487 2137 2561 comprehenda—

481 2582 596 2644 tur,
629 2594 806 2634 suum
832 2592 1205 2650 unaquaeque
1225 2577 1477 2650 qumstio
1498 2576 1699 2633 locum
1726 2582 2010 2649 occupet:
2040 2576 2135 2631 hic
2283 2580 2351 2633 16

483 2674 678 2723 tamen
695 2668 895 2723 Latina
908 2672 1260 2738 argumenta
1273 2665 1634 2722 continuatis
1654 2665 1906 2721 numeris
1920 2665 2134 2721 scribo.

482 2755 686 2814 Photii
697 2757 1075 2828 quaestionum
1090 2756 1137 2810 Α
1148 2755 1729 2825 mphiiochianarum
1744 2756 1783 2811 0
1794 2754 1987 2821 XXX,
2007 2754 2135 2826 qui-

556 2846 659 2899 bus
699 2845 964 2901 universi
1000 2845 1194 2914 operis
1238 2844 1415 2900 editio
1442 2860 1596 2899 nunc
1626 2845 1861 2901 demum
1887 2842 2135 2901 absolvi-

553 2941 653 2989 tur
679 2933 779 3005 (1),
812 2934 1201 3003 Argumenta.

553 3025 608 3078 1.
660 3023 715 3080 Si
748 3023 1003 3094 septimo
1020 3022 1113 3079 die
1137 3022 1425 3095 requievit
1449 3022 1602 3078 Deus
1626 3038 1662 3078 a
1683 3022 1909 3078 cunctis
1934 3020 2134 3093 operi-

697 3111 813 3166 bus
876 3112 1015 3175 suis,
1081 3110 1391 3183 quomodo
1444 3114 1706 3167 salutare
1767 3110 1952 3167 Patris
2006 3112 2135 3165 Ver-
2282 3113 2345 3167 17

692 3200 839 3256 bum
865 3201 947 3258 ait
978 3217 989 3254 :
1032 3201 1211 3257 Pater
1234 3215 1395 3258 meus
1426 3216 1610 3273 usque
1636 3200 1806 3257 modo
1833 3206 2131 3271 operatur,

693 3296 746 3345 et
776 3306 881 3359 ego
907 3305 1139 3359 operor.

549 3380 607 3433 2.
654 3378 776 3436 Cur
830 3378 1115 3433 Dominus
1182 3377 1285 3433 luti
1348 3394 1481 3443 usu,
1535 3394 1653 3433 non
1709 3377 1827 3434 alia
1881 3377 2130 3444 ratione,

693 3468 833 3524 caeci
858 3467 1064 3524 oculos
1088 3468 1453 3539 persanavit.
2174 3503 2215 3559 ρ
2282 3526 2313 3559 ί

548 3557 607 3614 3.
655 3555 801 3618 Quid
845 3562 951 3623 est,
997 3555 1263 3611 odientes
1304 3556 1483 3613 etiam
1528 3556 1831 3613 carnalem
1873 3555 2129 3613 macula-
2176 3542 2348 3662 υλὶ8

694 3651 814 3699 tam
845 3644 1125 3700 tunicam.

549 3736 607 3790 4.
657 3734 711 3789 Si
736 3732 1030 3805 quidquid
1065 3733 1395 3788 necessitati
1421 3733 1704 3805 subjacet,
1742 3734 1988 3789 invitum
2014 3734 2132 3788 vio‘

690 3824 883 3878 lentiae
925 3828 1103 3893 paret,
1132 3828 1525 3895 praetereaque
1574 3839 1816 3879 necesse
1841 3829 1929 3879 est
1961 3838 2129 3879 scan-
2278 3827 2343 3880 19

690 3912 825 3969 dala
856 3912 915 3967 in
948 3912 1091 3967 orbe
1137 3912 1284 3981 ﬂeri,
1317 3912 1480 3968 haud
1515 3912 1671 3984 juste
1698 3913 1846 3968 diris
1880 3914 2128 3969 devove-

687 4007 782 4058 tur
810 4002 913 4073 qui
944 4001 1053 4057 fuit
1079 4008 1340 4068 coactus,
1375 4002 1465 4059 vel
1496 4018 1678 4074 poena
1703 4003 1930 4075 peccati
1949 4002 2023 4058 de
2059 4018 2129 4059 eo

692 4093 964 4147 sumitur.
2273 4096 2341 4149 2O

546 4179 605 4239 5.
654 4182 708 4237 Si
737 4181 888 4236 ﬁnes
927 4178 1274 4235 saeculorum
1308 4180 1434 4251 jam
1466 4180 1526 4236 in
1567 4197 1677 4237 nos
1711 4188 2125 4253 pervenerunt,

691 4268 1055 4344 quibusnam
1113 4268 1344 4324 samulis
1408 4268 1626 4326 divitiae
1688 4269 1903 4326 Christi
1954 4269 2129 4326 nobis

2474 797 2734 870 appellat
2762 799 3078 855 lunaticos.

2325 890 2383 943 9.
2434 890 2566 955 Cur,
2591 887 2821 942 etiamsi
2844 888 3034 943 Adam
3063 888 3350 960 peccavit,
3379 894 3436 943 et
3458 889 3671 959 poenali
3704 893 3923 946 mortis

2466 978 2702 1033 decreto
2764 977 3073 1049 perculsus
3146 978 3270 1048 ῑιιὶι,
3335 978 3730 1034 nihilominus
3800 981 3932 1051 ejus

2468 1066 2623 1122 ﬁlius
2656 1066 2945 1122 innocens
2976 1074 3371 1137 praemortuus
3413 1072 3527 1122 est.

2431 1158 2598 1221 Quod
2632 1156 2877 1210 minimc
2904 1162 3241 1227 repugnant
3263 1156 3421 1211 dicta
3445 1157 3574 1225 (etsi
3596 1156 3768 1211 aliter
3802 1160 3934 1230 qui-

2466 1244 2723 1300 busdam
2755 1245 3011 1315 videtur)
3044 1262 3057 1299 :
3088 1246 3201 1316 Ego
3243 1246 3380 1301 veni
3430 1252 3491 1299 ut
3522 1247 3812 1300 mundum
3841 1251 3933 1317 ju-

2467 1336 2646 1390 dicem
2680 1335 2970 1406 ;itemque
3000 1350 3013 1388 :
3038 1335 3171 1389 Non
3201 1334 3332 1391 veni
3379 1338 3441 1390 ut
3473 1336 3767 1391 mundum
3830 1340 3932 1407 ju-

2464 1423 2673 1488 dicem,
2708 1424 2810 1479 sed
2839 1430 2901 1477 ut
2922 1425 3176 1479 mundus
3206 1440 3306 1491 per
3337 1441 3419 1478 me
3450 1425 3742 1479 salvetur.

2430 1512 2581 1575 Quid
2598 1517 2702 1578 est,
2720 1513 3069 1579 Apertisunt
3098 1514 3468 1568 ocuiieorum
3487 1516 3514 1568 ?
3538 1518 3930 1584 etquomodo

2469 1603 2743 1672 praecepti
2774 1601 3171 1670 transgressio
3204 1601 3323 1657 vim
3377 1602 3681 1673 aperiendi
3710 1604 3927 1659 oculos

2471 1689 2692 1744 habuit.

2429 1777 2543 1833 Cur
2585 1778 2852 1834 tellurem
2888 1782 3114 1851 Moyses
3163 1778 3513 1835 invisibilem
3563 1780 3925 1852 appellavit.

2429 1872 2543 1923 Cur
2602 1869 2753 1923 Deus
2802 1885 2971 1923 esum
3020 1869 3293 1923 carnium
3334 1885 3371 1923 a
3419 1867 3558 1923 feris
3589 1868 3929 1942 discerpta-

2464 1974 2595 2012 rum
2628 1957 2973 2013 hominibus
3000 1957 3316 2013 interdixit.

2429 2046 2743 2111 Quomodo
2767 2044 3215 2114 intelligendum
3236 2045 3409 2102 illud:
3436 2047 3570 2103 Non
3590 2048 3927 2117 apparebis

2462 2152 2599 2191 vacu
2607 2152 2667 2190 ιιε
2694 2150 2894 2191 coram
2920 2150 3027 2191 me.

2362 2268 2376 2283 .
2414 2224 2727 2285 Quomodo
2786 2240 2904 2279 non
2934 2224 3453 2294 repugnantdicta
3494 2224 3641 2291 haec,
3691 2241 3926 2298 nempe

2462 2312 2673 2368 Omnia
2685 2319 2857 2367 erant
2886 2313 3052 2368 valde
3067 2312 3245 2383 bona;
3271 2311 3488 2367 deinde
3507 2329 3647 2367 vero
3663 2312 3930 2370 distinc-

2459 2400 2560 2469 tio,
2606 2417 2729 2473 qua
2767 2400 2884 2456 alia
2919 2400 3198 2456 animalia
3254 2401 3412 2456 dicta
3452 2405 3593 2457 sunt
3647 2403 3923 2465 munda,

2460 2490 2574 2546 alia
2606 2490 2941 2545 immunda.

2363 2622 2375 2634 .
2423 2581 2538 2634 Cur
2575 2580 2660 2634 vir
2689 2578 2767 2634 ab
2811 2579 3026 2634 bteresi
3065 2578 3353 2647 resiliens,
3383 2578 3427 2633 si
3485 2579 3671 2634 modo
3722 2581 3929 2637 vitam

2460 2666 2825 2739 inculpatum
2848 2666 3085 2730 habeat,
3118 2665 3194 2721 ad
3220 2665 3616 2721 sacerdotium
3642 2668 3934 2723 admitti-

2459 2761 2588 2823 tur;
2632 2756 2732 2828 qui
2761 2761 2962 2812 autem
2994 2754 3296 2827 corporeis
3336 2755 3586 2811 maculis
3617 2755 3815 2812 fuerit
3844 2758 3932 2812 in-

2457 2846 2758 2917 quinatus,
2793 2844 3025 2900 etiamsi
3076 2845 3276 2916 pravis
3321 2843 3554 2900 actibus
3596 2845 3931 2901 abstinue-

2458 2934 2547 3000 rit,
2601 2933 2986 2989 nihilominus
3034 2933 3114 2989 ad
3153 2933 3551 2989 sacerdotium
3590 2949 3728 2988 non
3792 2952 3932 3006 pro~

2459 3028 2753 3078 movetur.

2360 3156 2373 3169 .
2423 3111 3244 3183 Curnamantequamloseph
3261 3110 3335 3165 de
3347 3110 3717 3167 dimittenda
3742 3113 3941 3168 Maria

2458 3200 2756 3270 cogitaret,
2788 3200 2951 3256 haud
2984 3200 3165 3257 astitit
3189 3199 3438 3270 angelus
3472 3197 3935 3268 cogitationem

2456 3308 2591 3347 eam
2621 3295 2997 3347 antevertens
3034 3308 3046 3358 ;
3076 3306 3284 3345 verum
3325 3294 3651 3362 postquam
3690 3308 3731 3345 a
3765 3295 3942 3362 cogi-

2457 3380 2676 3436 tatione
2708 3378 2783 3435 ad
2810 3384 3009 3435 actum
3049 3378 3143 3434 ille
3177 3379 3353 3443 venit,
3391 3382 3529 3434 tunc
3565 3379 3772 3435 astitit
3809 3379 3838 3432 ‘t
3878 3384 3943 3437 Et

2460 3484 2564 3524 cur
2586 3468 2899 3538 virginem,
2930 3468 3174 3539 Josepbi
3214 3482 3461 3522 uxorem
3492 3466 3673 3522 dixit.

2424 3558 2575 3624 Quid
2605 3557 2939 3627 signiﬁcant
2967 3556 3190 3612 verba:
3228 3558 3369 3612 Ecce
3392 3557 3580 3611 Adam
3615 3560 3943 3630 tanquam

2460 3662 2608 3700 unus
2640 3662 2713 3702 ea."
2745 3646 2910 3701 nobis
2958 3646 3159 3715 factus
3190 3653 3293 3708 est,
3342 3645 3426 3699 ad
3460 3644 3589 3699 boni
3616 3648 3949 3717 pravique

2456 3736 2861 3805 cognitionem.

2428 3825 2577 3890 Quid
2626 3825 2959 3893 signiﬁcant
3014 3824 3116 3880 illa
3159 3824 3317 3879 dicta
3357 3839 3369 3875 :
3419 3824 3592 3879 Omni
3651 3830 3952 3897 [σωροί-ρ

2454 3921 2635 3971 vestes
2668 3920 2783 3969 tua,
2832 3914 2948 3969 sint
2976 3914 3262 3977 candidae,
3319 3928 3509 3985 neque
3537 3913 3743 3969 oleum
3787 3917 3954 3971 desit

2454 4005 2640 4073 capiti
2668 4009 2766 4058 tuo
2801 4019 2813 4067 ;
2845 4009 2896 4058 et
2921 4004 3084 4058 oculi
3130 4003 3407 4073 sapientes
3432 4002 3494 4056 in
3529 4004 3749 4071 capite
3779 4008 3952 4075 ejus.

2354 4135 2367 4150 .
2418 4093 2626 4163 Verba,
2685 4092 2969 4159 Quaenam
3013 4096 3100 4147 est
3148 4097 3331 4147 mater
3375 4106 3525 4153 mea,
3568 4095 3623 4144 et
3652 4092 3953 4162 quinam

2454 4187 2591 4238 sunt
2638 4181 2858 4251 fratres
2912 4181 3043 4245 mei,
3098 4180 3408 4252 quomodo
3460 4177 3895 4250 intelligenda
3927 4183 3958 4236 ‘I

2455 4270 2777 4325 Multienim
2790 4269 2929 4325 hinc
2942 4266 3277 4325 otl‘endiculi
3293 4284 3487 4325 ansam
3505 4281 3959 4341 sumpserunt.

691 4360 1096 4416 ostendentur.
2273 4364 2361 4415 2t.
2405 4360 2721 4425 Quomodo
2749 4358 2970 4414 dictum
3002 4357 3147 4413 illud
3174 4357 3436 4431 antiquis
3473 4373 3485 4411 :
3515 4357 3803 4414 Oculum
3826 4376 3964 4429 pro

547 4456 603 4510 6.
654 4451 788 4507 Cur.
823 4448 924 4505 Dei
950 4448 1051 4505 ﬁlii
1100 4449 1378 4506 dicuntur
1407 4464 1793 4522 nequaquam
1837 4465 2076 4522 peccare
2111 4463 2124 4515 ;
2453 4450 2638 4512 oculo,
2670 4455 2723 4503 et
2780 4448 3014 4504 dentem
3049 4463 3156 4519 pro
3185 4447 3369 4509 dente,
3427 4461 3549 4501 non
3600 4456 3972 4521 repugnat

688 4543 798 4598 hos
841 4544 1045 4597 autem
1101 4540 1400 4613 Scriptura
1446 4558 1573 4596 esse
1621 4539 1833 4596 asserit
1868 4540 1971 4613 qui
2024 4556 2129 4612 per

690 4646 910 4702 aquam
964 4635 1020 4685 et
1058 4630 1332 4701 spiritum
1382 4630 1562 4701 geniti
1606 4635 1789 4696 sunt;
1831 4634 1887 4685 et
1938 4634 2125 4685 tamen

2451 4537 2591 4593 huic
2621 4536 2779 4592 dicto
2810 4553 2822 4591 :
2858 4538 2965 4608 Ego
3013 4542 3210 4593 autem
3239 4535 3364 4592 dico
3403 4534 3582 4600 vobis,
3640 4553 3727 4594 ne
3768 4542 3971 4596 malo

2452 4626 2731 4683 resistatis
2766 4642 2778 4691 ;
2806 4626 2908 4681 sed
2936 4627 3134 4697 siquis
3166 4627 3227 4681 in
3254 4626 3495 4682 dextera
3522 4641 3680 4695 gena
3713 4633 3785 4684 te
3809 4645 3977 4700 per-

691 4718 903 4774 multos
946 4719 1266 4787 cernimus,
1297 4719 1413 4790 qui,
1479 4718 1715 4775 etiamsi
1768 4718 2128 4789 baptismate
2452 4715 2715 4779 cusserit,
2746 4716 2801 4772 ei
2826 4715 3085 4783 praebeto
3120 4712 3297 4772 etiam
3326 4715 3611 4771 alteram.

690 4806 1077 4879 adoptionem
1111 4808 1413 4863 consecuti
1456 4807 1691 4873 fuerint,
1740 4806 2127 4864 nihilominus
2164 4861 2207 4914 Β
2272 4806 2366 4863 22.
2416 4806 2562 4861 Cum
2616 4804 2899 4861 Dominus
2952 4804 3200 4860 dixerit:
3263 4802 3575 4914 νοεᾷεεὶἰδ1
3610 4821 3695 4863 ea:
3756 4822 3980 4882 patre

689 4899 959 4968 peccant.
2164 4891 2207 4914 υ
2449 4894 2690 4959 diaboli,
2714 4894 2998 4967 quaeritur
3017 4909 3350 4966 quemnam
3372 4891 3703 4953 diabolum
3747 4902 3981 4971 dicat,

547 4988 605 5042 7.
651 4984 962 5051 Quomodo
1012 4983 1319 5056 theopatre
1376 4984 1605 5041 dicente
1647 4982 1890 5052 Davide,
1938 4984 2127 5042 Homo
2449 4989 2505 5040 et
2533 4998 2862 5056 quemnam
2892 4982 3117 5039 diaboli
3150 4988 3405 5054 patrem.

686 5075 1062 5144 sicutfenum
1086 5074 1208 5130 dies
1248 5076 1394 5143 ejus,
1427 5079 1561 5143 etc.,
1590 5072 1745 5129 ﬁlius
1777 5073 1932 5129 illius
1964 5072 2127 5130 Salo.
2273 5074 2366 5131 23.
2415 5074 2710 5139 Quotnam
2749 5072 2855 5126 illa!
2898 5072 3028 5139 sint,
3067 5087 3202 5144 quae
3235 5071 3558 5128 Dominum
3596 5089 3992 5147 unguento

690 5179 831 5219 mon
862 5164 1019 5219 hanc
1049 5162 1290 5234 protulit
1320 5163 1676 5219 sententiam
1706 5177 1717 5216 :
1752 5165 1863 5219 Res
1908 5179 2128 5233 magna.
2454 5166 2768 5217 unxerunt.

690 5254 885 5317 homo,
914 5258 969 5307 et
995 5251 1322 5324 pretiosum
1355 5250 1579 5322 aliquid
1611 5258 1697 5307 est
1718 5252 1823 5307 vir.
2274 5254 2362 5309 24.
2404 5251 2717 5317 Quomodo
2749 5249 3196 5319 intelligendum
3232 5250 3415 5306 illud:
3442 5250 3795 5316 Quodlibet
3826 5277 3992 5329 pec.

548 5346 605 5399 8.
656 5344 771 5399 Cur
796 5342 1166 5399 daemoniaco
1198 5340 1406 5397 morbo
1440 5347 1739 5412 correptos
1769 5342 2127 5412 evangelista
2450 5350 2645 5397 catum
2686 5339 3019 5395 remittetur
3052 5340 3417 5406 hominibus;
3456 5339 3992 5411 blasphemanu

2240 5565 2342 5640 sed
2370 5564 2607 5640 fallitur,
2641 5571 2700 5617 ut
2745 5563 2958 5640 probat
3007 5562 3391 5640 doctissimus
3424 5564 3992 5640 Hergenroeme'

552 5570 628 5640 (t)
684 5568 1074 5640 Doctissiuius
1108 5567 1207 5640 _vir
1252 5569 1424 5640 putat
1482 5570 1664 5640 totam
1710 5565 2123 5640 collectionem

2235 5639 2295 5691 in
2326 5653 2431 5692 sua
2460 5636 2874 5691 Dissertatione
2908 5649 3089 5704 supra
3121 5635 3295 5691 edita.
3325 5637 3477 5691 Eorr.

477 5636 1026 5712 Amphilochiorum
1062 5637 1154 5692 his
1194 5637 1363 5691 editis
1402 5636 1840 5707 quaestionibus
1869 5639 2120 5704 absolvi,
