3992 6182
139 259 176 312 ll
1459 245 2014 306 PROLEGOMENA.

255 383 416 434 autem
455 377 722 432 adversus
757 375 1046 444 Spiritum
1085 381 1356 432 sanctum
1403 389 1588 444 neque
1615 373 1678 428 in
1712 375 1754 428 A

253 469 338 522 hoc
357 468 544 522 sucula
566 466 732 522 venia
757 465 1010 521 dabitur
1036 480 1228 537 neque
1253 465 1318 520 in
1344 465 1577 534 futuro.

150 561 214 612 ‘25.
252 561 368 611 tium
413 555 598 610 beatus
623 557 848 610 Marcus
907 554 1276 624 evangelista
1327 549 1630 623 scripserit
1663 565 1674 604 :

249 645 504 700 Exierunt
533 643 768 712 cognati
807 643 928 713 ejus
957 651 1022 698 ut
1063 659 1196 699 eum
1225 641 1680 708 comprehende—
1823 642 1918 699 43.

253 741 378 796 rent,
411 731 666 788 dicebant
703 733 860 788 enim
899 733 1084 802 ipsum
1127 731 1444 800 insanire;
1477 745 1679 800 quem-

253 837 370 876 nam
407 836 638 877 sensum
683 820 822 876 huic
863 823 1182 876 verborum
1225 824 1536 875 structuri-‘e
1585 817 1678 873 tri-

247 911 478 974 buentes,
517 909 674 966 haud
713 909 924 982 procul
967 908 1315 980 evangelica
1339 906 1677 964 narratione

246 997 524 1054 abibimus.

143 1091 208 1142 26.
239 1089 331 1144 Cur
343 1087 666 1159 paradisum
681 1089 834 1144 Deus
847 1086 1192 1156 conseverit,
1211 1085 1508 1160 siquidem
1522 1085 1678 1142 illico

243 1176 508 1231 hominem
531 1192 596 1230 ex
623 1192 696 1230 eo
727 1175 1088 1247 depulsurus
1119 1179 1266 1232 erat.

141 1267 206 1320 Ξῖ.
243 1265 362 1320 Divo
387 1269 656 1320 monente
693 1263 966 1336 apostolo
994 1281 1006 1320 :
1039 1263 1094 1320 Si
1119 1263 1382 1320 esurierit
1411 1262 1676 1320 inimicus

241 1359 368 1416 tuus,
405 1352 524 1407 ciba
549 1353 720 1408 illum
758 1370 770 1406 :
801 1353 854 1408 si
881 1354 1146 1418 sitiverit,
1181 1359 1386 1422 potum
1413 1353 1492 1408 da
1521 1368 1536 1418 ;
1567 1351 1678 1408 hoc

239 1442 366 1498 enim
395 1457 576 1512 agens,
611 1443 804 1512 igneos
834 1443 1118 1500 carbones
1149 1457 1328 1511 super
1353 1448 1524 1510 caput
1556 1442 1676 1512 ejus

157 1545 160 1550 '
241 1546 478 1600 congeres
509 1549 522 1594 ;
561 1530 878 1604 quomodo
909 1531 1302 1600 intelligemus
1341 1529 1504 1594 illud,
1541 1529 1676 1584 Car-

241 1619 592 1691 bonesigneos
625 1635 906 1690 congeres
929 1635 1110 1690 super
1135 1623 1316 1688 caput
1345 1620 1402 1684 ei
1407 1635 1492 1672 us.

241 1657 590 1691 συηεοιυηιυο
625 1657 904 1690 ways.“
929 1657 1092 1690 συμς,
1135 1657 1316 1688 mp...
1345 1657 1492 1684 ψη.

81 1657 204 1808 //;(8.
241 1709 510 1773 Quomodo
545 1709 996 1780 intelligendum
1019 1709 1244 1764 dictum
1291 1707 1433 1762 illud
1467 1723 1502 1762 a
1555 1707 1673 1762 Deo
1711 1731 1753 1785 Β

239 1797 432 1868 Moysi:
471 1799 626 1854 Ecce
663 1798 942 1854 constitui
993 1805 1047 1854 te
1097 1797 1428 1854 Pharaonis
1473 1797 1670 1850 Deum.

137 1889 200 1940 ἓξ).
237 1884 1668 1958 Quomodointelligendumapostolicumdictum:

237 1975 370 2042 Quod
425 1977 477 2031 si
545 1977 802 2032 invicem
871 1977 1146 2032 mordetis
1215 1991 1288 2031 ac
1359 1973 1669 2038 devoratis,

235 2073 404 2120 cavete
431 2082 494 2120 ne
521 2066 774 2122 invicem
807 2065 1250 2129 consumamini.
1275 2068 1384 2120 etc.

135 2157 202 2209 δι).
238 2155 486 2218 Quasnam
517 2157 820 2212 sententia
847 2154 1148 2210 subsithis
1165 2153 1388 2208 verbis:
1415 2153 1671 2208 Ubicun-

231 2245 602 2313 quepra'dicat
611 2261 700 2298 um
711 2246 898 2314 fuerit
913 2243 1285 2314 Evangelium
1304 2243 1432 2308 hoc,
1447 2242 1672 2298 dicetur

231 2335 429 2403 etquod
457 2333 568 2390 hac
609 2335 745 2404 fecit
787 2334 1020 2398 mulier,
1059 2335 1122 2388 in
1153 2332 1490 2389 memoriam
1522 2333 1666 2401 eius.
1815 2335 1909 2392 47.

131 2421 196 2474 3t.
231 2421 450 2486 Quinam
487 2423 912 2492 congruentior
950 2421 1596 2492 honestiorquesensus
1635 2436 1672 2477 θ.

233 2511 378 2564 nobis
417 2511 740 2584 excogitari
783 2511 978 2583 possit
1017 2510 1336 2566 vei-borum
1383 2509 1616 2564 illorum
1649 2525 1666 2564 :

239 2599 340 2656 Tibi
363 2601 466 2656 soli
497 2601 758 2670 peccavi,
790 2607 844 2657 et
877 2601 1096 2656 malum
1125 2615 1324 2656 coram
1358 2605 1414 2654 te
1435 2601 1569 2668 feci,
1603 2605 1670 2652 ut

224 2691 536 2757 justiﬁceris
566 2691 636 2746 in
667 2690 1026 2746 sermonibus
1058 2691 1194 2757 tuis,
1225 2696 1272 2744 et
1306 2689 1504 2744 vincas
1536 2703 1666 2743 cum

217 2779 486 2846 fudit-aris.

123 2865 188 2922 32.
223 2871 316 2924 Cur
333 2869 774 2940 baptizantibus
792 2867 1114 2924 Servatm'is
1131 2866 1466 2938 discipulis,
1485 2867 1670 2921 Joan-

223 2971 310 3011 nes
343 2957 530 3014 adhuc
555 2958 923 3030 baptizabat.

85 3025 188 3136 βξ.
225 3025 1227 3140 CuriaGenesiittoysesprincipum
1247 3044 1666 3140 familimlisau
1700 3085 1740 3140 ϐ

225 3135 576 3205 genealogias
639 3151 976 3201 recensens,
1035 3141 1380 3192 cmterorum
1427 3133 1666 3205 quidem
1708 3133 1904 3238 ’θέει

221 3225 356 3280 nuda
389 3227 550 3296 ponit
593 3226 884 3290 nomina;
913 3223 986 3281 ad
1015 3223 1223 3279 Euam
1262 3227 1462 3279 autem
1495 3223 1666 3277 deve-

221 3311 362 3366 niens
399 3337 410 3368 :
443 3314 572 3380 Hic,
611 3314 822 3386 inquit,
851 3313 1074 3370 invenit
1099 3313 1304 3370 Jamin
1325 3315 1386 3367 in
1415 3311 1660 3374 deserto,

217 3399 330 3457 dum
355 3401 622 3473 Secgonis
642 3405 832 3472 patris
861 3403 956 3457 sui
975 3403 1326 3472 subjugalia
1353 3407 1614 3472 pasceret
1640 3401 1667 3456 ?

217 3491 474 3560 quidnam
523 3507 672 3562 ergo
717 3492 765 3548 is
806 3491 1086 3548 invenit?
1113 3497 1172 3547 et
1224 3507 1330 3546 cur
1375 3489 1668 3546 memoria

217 3579 406 3648 dignus
433 3581 710 3637 habetur.
1745 3579 1770 3588 '
1811 3582 1904 3636 51.

1886 3712 1898 3724 .
1942 3669 2040 3740 Cuj
2053 3683 2264 3724 usnam
2281 3673 2374 3724 est
2393 3666 2495 3724 illa
2515 3683 2633 3724 vox
2661 3683 2673 3722 :
2691 3667 2830 3736 Quis
2845 3671 2926 3724 est
2945 3673 3173 3724 isterea:
3187 3668 3431 3736 gloria?

218 3665 348 3733 Quid
399 3669 702 3740 signiﬁcat
741 3669 800 3724 in
859 3668 1312 3724 Deuteronomio
1354 3683 1368 3724 :
1403 3667 1564 3734 Quod
1618 3683 1668 3722 ει
1810 3669 1878 3724 52

216 3757 566 3824 adiﬁcaveris
601 3773 806 3814 novam
847 3758 1086 3814 domum
1133 3757 1300 3829 eique
1341 3755 1666 3813 coronidem
1811 3763 1876 3816 53

219 3845 552 3914 imposueris,
595 3865 716 3904 non
733 3849 926 3918 facies
954 3847 1174 3904 credem
1199 3847 1361 3902 domi
1389 3853 1528 3902 tum.

97 3929 182 3996 .35.
219 3935 316 3989 Cur
359 3943 564 3992 veante
617 3937 752 4006 lege
807 3936 1026 4007 leprosi
1057 3939 1390 3992 contactum
1421 3953 1434 4000 ;
1467 3949 1662 3998 secus,
1813 3940 1877 3992 34

57 3999 96 4066 ί
215 4021 488 4091 impurum
525 4026 642 4082 fore
673 3999 776 4096 qui
807 3999 1078 4094 teligerit,
1107 4039 1298 4096 usque
1339 3999 1429 4078 ad,
1457 4038 1664 4094 vespe-

215 4125 324 4166 ram
345 4128 502 4176 ;cum
522 4116 776 4188 quidem
791 4113 1100 4186 leprosum
1123 4112 1660 4176 sanavitServator,

215 4199 382 4270 ipsum
413 4205 622 4274 tetigit,
668 4203 902 4260 etiamsi
933 4202 1120 4260 verbo
1156 4217 1374 4261 sanare
1411 4206 1662 4274 poterat.

117 4283 182 4340 36.
217 4289 688 4364 Quidsigniticant
703 4292 888 4349 verba.
911 4293 1188 4362 :Sperare
1211 4293 1366 4357 licet,
1387 4297 1662 4348 viventem

221 4393 368 4436 anan
393 4391 684 4453 prastare
712 4383 870 4440 leoni
896 4383 1200 4440 exstincto.

147 4467 182 4518 ῖ.
219 4467 346 4530 Quid
399 4473 694 4541 signiﬁcat
761 4471 1130 4528 Ecclesiastes
1195 4471 1418 4526 dictum
1455 4487 1468 4526 :
1501 4471 1668 4528 Mitte

213 4573 388 4626 partem
415 4566 584 4616 tuum
621 4561 686 4615 in
723 4561 1088 4629 superﬁciem
1129 4575 1322 4630 aquce,
1357 4559 1564 4616 etenim
1602 4559 1666 4614 in

220 4649 574 4706 multitudine
595 4651 830 4706 diemm
869 4651 1124 4716 reperies
1163 4649 1352 4704 illum.

121 4729 188 4784 33.
223 4733 352 4800 Quid
403 4739 700 4808 signiﬁcat
733 4755 746 4794 :
779 4737 882 4809 qui
911 4738 1144 4794 foveam
1175 4738 1340 4804 fodit,
1375 4737 1434 4792 in
1473 4735 1666 4808 ipsam

223 4823 434 4880 incidet.

113 4905 180 4962 3'3.
215 4911 438 4976 Quinam
469 4921 560 4974 est
599 4931 810 4972 sensus
839 4915 1164 4973 verborum
1193 4915 1356 4987 apud
1389 4913 1671 4970 Ecclesia-

217 5005 340 5058 stem
379 5021 390 5059 :
419 5006 532 5070 Qui
561 5007 724 5077 ligna
751 5006 974 5074 fundit.
1003 5005 1383 5075 periclitatur
1417 5005 1479 5059 in
1511 5003 1666 5074 ipsis,

215 5089 254 5142 si
297 5093 444 5160 forte
505 5095 726 5152 securis
774 5095 1084 5160 exciderit,
1169 5101 1226 5150 et
1263 5095 1383 5163 ipse
1449 5093 1668 5162 [aciem

217 5181 464 5252 turbavit,
521 5191 578 5240 et
611 5185 762 5241 vires
805 5184 1114 5240 roborabit
1148 5202 1160 5252 ;
1203 5189 1256 5240 et
1295 5181 1672 5238 abundantia

221 5267 328 5334 viri,
359 5273 676 5342 sapientia.

123 5351 184 5402 ill.
219 5355 320 5412 [tuo
355 5366 624 5431 spectant
655 5360 838 5418 verba
868 5378 882 5416 :
913 5361 1222 5418 Generatio
1248 5359 1392 5428 abit,
1421 5365 1472 5416 et
1505 5373 1671 5429 gene-

223 5447 344 5500 ratio
361 5451 508 5504 venit
541 5469 557 5516 ;
592 5457 754 5506 terra
784 5457 978 5508 autem
1001 5455 1292 5508 (etei-num
1321 5455 1454 5504 stat.

129 5529 190 5580 "l-
225 5533 524 5596 Quemnam
553 5557 790 5595 sensum
833 5539 1137 5596 continent
1167 5539 1350 5594 verba
1381 5556 1394 5597 :
1435 5539 1538 5592 Est
1577 5552 1674 5606 Ju-

229 5627 328 5678 stus
351 5627 446 5696 qui
475 5629 540 5684 in
571 5629 810 5698 justitia
836 5643 948 5684 sua
983 5630 1134 5699 perit
1165 5647 1184 5693 ;
1217 5634 1276 5684 et
1299 5633 1378 5684 est
1410 5627 1674 5697 iniustus

75 3665 182 3766 [μ.

1771 4735 1816 4764 κ

1821 467 1915 520 42.

1821 1447 1913 1499 44.

1769 1797 1911 1898 μδ.

1816 2071 1910 2122 46.

1701 4437 1746 4492 D
1811 4383 1904 4492 5:.

1813 4473 1904 4528 58.

1815 4831 1906 4884 60.

1816 5005 1912 5062 61.

1811 5186 1903 5238 6'2.

3377 261 3444 314 42

1965 378 2028 431 in
2057 391 2166 434 sua
2189 377 2481 449 injustitia
2509 393 2878 448 permanens.

1967 467 2282 531 Quomodo
2315 468 2934 538 iutelligendumillud
2973 485 2982 522 :
3023 469 3084 524 Si
3121 477 3306 526 autm
3355 473 3446 528 in-

1963 557 2199 624 iustitia
2239 566 2438 613 nostra
2471 559 2574 614 Dei
2598 558 2892 628 justitiam
2921 559 3298 614 commendat.

1965 645 2036 700 Si
2080 648 2348 715 genuerit
2403 650 2534 718 quis
2582 655 2812 703 centum
2869 647 3098 710 liberos,
3155 656 3206 703 et
3233 651 3444 705 multos

1965 747 2154 790 annos
2193 737 2430 802 vixerit,
2465 740 2516 792 et
2561 741 3042 808 quantoscunque
3083 737 3201 792 dies
3254 739 3443 794 atatis

1966 821 2258 890 habuerit,
2293 841 2408 880 non
2443 825 2764 881 satiabitur
2790 825 3096 894 felicitate,
3139 841 3320 897 neque
3351 827 3444 882 illi

1963 914 2274 980 sepultura
2303 915 2435 970 erit.
2477 915 2625 970 Dixi
2669 915 2876 970 melius
2913 929 3034 971 esse
3077 917 3196 986 ipso
3235 917 3444 972 aborti-

1965 1015 2126 1067 vum,
2183 1003 2340 1073 quod
2395 1005 2682 1059 incassum
2735 1004 2910 1068 venit,
2967 1007 3196 1076 eiusque
3241 1022 3440 1062 nomen

1963 1091 2258 1146 occulitur
2278 1091 2542 1158 tenebris,
2573 1107 2751 1162 neque
2783 1094 2930 1148 enim
2953 1093 3132 1149 solem
3163 1095 3309 1150 vidit
3337 1103 3439 1151 aut

1965 1181 2136 1234 novit.
2191 1181 2334 1236 Huic
2385 1181 2580 1251 magis
2649 1197 2836 1254 quam
2901 1181 2982 1236 illi
3035 1183 3272 1254 requies
3317 1189 3430 1240 est.

1965 1268 2186 1340 Nempe
2217 1269 2332 1324 hoc
2377 1270 2598 1326 dictum
2629 1269 2936 1340 quodnam
2980 1269 3276 1340 judicium
3333 1277 3438 1327 aut

1961 1357 2264 1412 notionem
2305 1358 2586 1414 exhibere
2617 1361 2832 1430 potest.

1963 1445 2112 1510 Quid
2143 1445 2482 1516 signiﬁcant
2505 1448 2688 1503 verba
2715 1463 2728 1502 :
2775 1447 2911 1504 Vive
2935 1447 2998 1502 in
3035 1447 3203 1514 bono,
3231 1454 3286 1504 et
3315 1450 3440 1504 vide

1960 1534 2023 1588 in
2054 1535 2150 1592 die
2185 1537 2344 1592 mala
2377 1553 2390 1602 ;
2421 1536 2576 1601 vide,
2607 1535 2912 1609 siquidem
2957 1535 3072 1592 hoc
3103 1552 3434 1594 consonum

1963 1622 2040 1677 illi
2097 1623 2232 1680 fecit
2303 1627 2457 1681 Deus
2525 1625 2682 1681 circa
2743 1625 3066 1697 loquelam,
3125 1641 3200 1682 ne
3255 1627 3438 1682 homo

1963 1711 2290 1784 quidquam
2323 1717 2458 1786 post
2487 1729 2552 1770 se
2575 1714 2849 1786 reperiat.

1963 1801 2252 1865 Quaenam
2310 1801 2708 1872 intelligenda;
2743 1803 2862 1858 sint
2892 1803 3151 1875 pellicem
3203 1803 3435 1868 tunicae,

1957 1889 2179 1962 quibus
2207 1890 2398 1946 Adam
2440 1895 2498 1948 et
2544 1893 2664 1948 Eva
2703 1897 2840 1963 post
2878 1892 3432 1964 praevaricationem

1961 1977 2152 2034 induti
2183 1979 2442 2038 fuerunt.

1961 2067 2048 2122 Ad
2107 2083 2440 2140 quemnam
2497 2070 2852 2126 sententiam
2899 2085 3012 2126 nos
3069 2077 3283 2126 vocant
3335 2070 3436 2126 illa

1958 2156 2180 2212 verba:
2207 2158 2345 2214 Non
2377 2163 2529 2214 recte
2557 2159 2859 2224 obtuleris,
2907 2165 3064 2216 recte
3093 2166 3284 2214 autem
3315 2175 3433 2215 non

1956 2245 2217 2302 diviseris
2251 2263 2263 2312 ;
2295 2253 2550 2314 peccasti
2583 2251 2610 2302 ?
2639 2249 2886 2318 quiesce,
2929 2251 3042 2302 etc.

1961 2334 2106 2390 Divo
2145 2334 2330 2390 Paulo
2367 2335 2598 2392 dicente
2633 2351 2646 2390 :
2678 2337 2868 2391 Adam
2899 2351 3010 2390 non
3038 2341 3122 2392 est
3143 2336 3432 2407 deceptus,

1959 2424 2174 2478 mulier
2196 2428 2394 2478 autem
2415 2423 2656 2492 decepta
2677 2423 2742 2478 in
2761 2423 3253 2492 prteoaricatione
3269 2423 3392 2492 fuit
3417 2443 3433 2494 ;

1959 2518 2360 2568 verumtamen
2397 2517 2642 2581 propter
2673 2511 2882 2568 liberos
2909 2513 3220 2580 pariendos
3239 2527 3435 2570 scrva-

1960 2599 2505 2672 bitur;quomodo
2567 2599 2951 2670 intelligenda
3027 2607 3165 2656 sunt
3231 2601 3432 2666 verba,

1955 2697 2203 2759 propter
2229 2689 2438 2744 liberos
2463 2690 2768 2760 pariendos
2795 2689 3154 2746 servabitur.

1896 2821 1906 2836 .
1957 2777 2274 2845 Quomodo
2319 2781 2470 2834 Deus
2519 2777 2743 2850 ubique
2779 2794 2912 2834 esse
2941 2779 3158 2836 dicitur
3189 2783 3246 2836 et
3287 2795 3434 2852 quo-

1959 2869 2142 2924 modo
2197 2866 2442 2922 dissolvi
2498 2870 2756 2938 possunt
2805 2865 3226 2932 dubitationes,
3296 2883 3430 2940 quae

1955 2957 2249 3014 adversus
2281 2955 2436 3012 hanc
2483 2955 2836 3012 sententiam
2879 2971 2918 3012 a
2957 2955 3256 3012 nonnullis
3297 2971 3431 3028 pro-

1957 3047 2238 3102 feruntur.

1955 3137 2100 3190 Cum
2137 3135 2292 3190 Deus
2324 3131 2827 3205 ipsetlebraicum
2849 3131 3208 3204 populumin
3226 3133 3430 3190 Sama-

1953 3225 2188 3280 riticum
2227 3227 2282 3280 et
2311 3222 2628 3280 Judaicum
2668 3221 2953 3288 diviserit,
2997 3221 3150 3278 sicut
3179 3221 3432 3294 ipsemet

1957 3313 2258 3369 Salomoni
2309 3327 2370 3368 se
2399 3311 2698 3368 facturum
2723 3309 2886 3376 dixit,
2932 3327 3038 3367 cur
3075 3325 3186 3367 nos
3215 3326 3316 3367 eos
3341 3327 3428 3366 re-

1955 3401 2388 3474 phehendimus
2410 3401 2514 3473 qui
2531 3415 2566 3456 a
2583 3401 2702 3456 Deo
2723 3399 3072 3456 divisionem
3093 3400 3252 3472 passi
3271 3404 3428 3456 sunt.

1955 3490 2270 3557 Quomodo
2291 3490 2424 3546 creti
2449 3493 2725 3546 enarrant
2753 3487 3006 3559 gloriam
3037 3488 3152 3544 Dei.

1955 3579 2108 3646 Quid
2140 3585 2264 3636 est:
2303 3579 2618 3649 Increpasti
2657 3585 2874 3648 gentes,
2911 3585 2960 3633 et
2987 3578 3163 3646 periit
3189 3578 3426 3646 impius.

1953 3759 2064 3813 Cur
2106 3757 2320 3828 jejunii
2385 3761 2618 3828 tempus
2675 3755 3154 3828 quadragenario
3193 3755 3428 3812 dierum

1951 3861 2202 3904 numero
2227 3845 2578 3918 praeﬁnitur.

1885 3977 1896 3990 .
1941 3939 2084 3992 Cum
2099 3935 2566 4007 primogenitum
2583 3935 2736 3990 Deus
2749 3934 3028 3992 Israelem
3042 3933 3432 4006 appellaverit

1803 4031 1894 4082 55.
1945 4027 2023 4080 De
2065 4025 2442 4080 ethnicorum
2489 4023 2816 4088 sententiis,
2862 4039 2999 4096 qum
3037 4023 3098 4079 in
3131 4023 3431 4095 Scriptura

1951 4117 2157 4168 nostra
2185 4113 2582 4185 reperiuntur.

1801 4205 1894 4260 56.
1943 4202 2190 4268 Tiaram,
2221 4201 2432 4272 inquit,
2465 4201 2787 4273 Scriptura,
2829 4201 2890 4256 in
2935 4201 3122 4272 capite
3167 4199 3430 4272 pontifex

1994 4291 2220 4348 erebat.

1994 4307 2220 4348 erepat.

1953 4307 2270 4446 Suomodo
2299 4379 2533 4449 legatus
2559 4379 2720 4435 venit
2746 4377 3006 4434 Christus
3029 4393 3064 4432 a
3091 4377 3286 4433 Patre.

1955 4473 2068 4526 Cur
2117 4469 2347 4525 omissa
2379 4467 2606 4524 visione
2665 4467 2844 4522 Isaias
2870 4465 2944 4520 de
2987 4465 3132 4520 caelo
3155 4469 3432 4538 terraque

1815 4625 1942 4736 ξφ(
1957 4559 2272 4712 ἓῗὲἒϊίίο
2291 4642 2740 4712 intelligendum
2755 4641 2900 4698 illud
2913 4642 3021 4698 del
3039 4641 3156 4698 obo
3173 4643 3428 4700 dictum:

1955 4735 2278 4792 Maledicta
2307 4735 2430 4790 dies
2451 4747 2570 4803 qua
2595 4735 2765 4788 natus
2785 4747 2936 4788 sum.

1957 4825 2102 4892 Quid
2127 4831 2218 4880 est
2243 4823 2428 4880 illud:
2453 4823 2578 4878 Per
2595 4821 2988 4893 memetipsum
3003 4821 3437 4894 juravi,inquit

1959 4915 2256 4971 Dominus.

1961 5004 2112 5068 Quid
2138 5007 2225 5058 est
2247 5020 2258 5057 :
2281 5003 2357 5056 Et
2381 5007 2542 5057 tuam
2562 4999 2747 5070 ipsius
2770 5001 3038 5056 animam
3055 5001 3287 5070 gladius
3305 5015 3436 5070 per-

1961 5093 2258 5147 transibit.

1953 5180 2104 5246 Quid
2146 5185 2234 5235 cst
2267 5197 2278 5234 :
2315 5179 2514 5236 Nolite
2535 5178 2916 5249 ingemiscere
2958 5179 3018 5234 in
3056 5179 3436 5244 alterutrum,

1961 5285 2039 5326 ne
2065 5269 2318 5326 invicem
2341 5269 2721 5338 judicemim’.

1819 5361 1912 5416 63.
1963 5359 2212 5425 Quinam
2241 5365 2376 5414 sunt
2403 5355 2622 5414 moechi
2653 5361 2709 5412 et
2739 5357 3008 5414 moechae.

1819 5453 1914 5508 64.
1963 5447 2110 5513 Quid
2159 5455 2250 5504 est
2309 5445 2704 5520 apostolicum
2761 5445 2938 5502 illud:
2979 5446 3235 5515 Subjecti
3261 5453 3440 5503 estote

1961 5539 2114 5593 omni
2149 5539 2420 5593 humana:
2477 5540 2770 5592 creaturae
2829 5541 3066 5606 propter
3113 5535 3434 5598 Dominum,

1963 5634 2207 5697 tanqam
2235 5627 2508 5682 libertate
2537 5626 2768 5678 utentes.
