3992 6182
460 274 529 329 43

1712 270 1941 326 PHOTH
1992 267 2476 325 PATBIARCHA‘.‘
2517 270 2622 325 ΟΡ.

500 404 589 456 63.
640 398 696 453 Si
752 398 905 452 Deus
975 396 1200 470 ubique
1253 402 1357 462 est,
1412 413 1662 454 curnam
1694 398 1767 453 sit
1815 394 2117 452 calumnia
2148 398 2193 451 A

642 486 931 543 adversus
982 487 1355 559 mysterium,
1417 486 1725 559 praesentia
1762 486 1890 556 ejus
1942 485 1999 540 in
2034 483 2120 539 fe-

647 576 825 632 minae
858 575 1074 632 utero?
1113 577 1342 648 Utique,
1388 578 1469 633 ait
1512 575 1918 642 adversarius,
1958 574 2117 629 haud

649 669 736 721 est
762 665 1068 721 calumnia
1098 666 1412 738 praesentia
1444 666 1542 721 Dei
1574 666 1633 721 in
1666 664 1900 721 feminae
1933 667 2116 726 utero,

656 755 806 811 sicut
845 754 987 811 alibi
1045 754 1268 827 ubique
1300 773 1313 822 ;
1346 755 1865 812 uerumenimvero
1936 753 2122 809 incar~

649 845 810 901 natio
841 844 941 901 Dei
969 844 1209 916 exipsa,
1236 844 1341 917 qui
1368 845 1493 900 ﬁeri
1521 844 1715 917 potuit
1740 844 1767 899 ?

500 935 592 994 66.
643 936 848 990 Utrum
878 934 1186 990 daemones
1235 933 1526 999 sciverint,
1572 932 1733 1006 quod
1764 932 1811 987 si
1842 930 2123 1002 resipuis-

652 1028 800 1089 sent,
878 1024 1106 1080 veniam
1165 1024 1396 1096 peccati
1470 1025 2123 1094 consequerentur;an

652 1114 851 1186 potius
876 1113 1081 1169 divina
1122 1113 1415 1185 sapientia
1454 1112 1637 1169 semel
1670 1110 1916 1175 amissa,
1945 1109 2126 1180 hujus

476 1272 487 1275 _
653 1219 896 1276 quoque
927 1203 1010 1259 rei
1036 1203 1243 1260 notitia
1265 1204 1497 1275 spoliati
1534 1202 1769 1258 fuerint.

416 1334 433 1365 ί»
507 1294 600 1353 67.
652 1294 907 1349 Curnam
958 1296 1116 1349 totus
1172 1293 1444 1365 leprosus
1494 1293 1552 1348 in
1596 1294 1973 1348 Testamento
2019 1288 2128 1344 Ve-

394 1374 409 1397 ’
658 1387 794 1447 tere,
822 1381 1079 1437 mundus
1102 1382 1547 1438 existimabatur
1577 1403 1587 1446 ;
1617 1380 1889 1454 leprosus
1928 1384 2129 1435 autem

658 1486 728 1527 ex
757 1475 944 1543 parte,
978 1470 1347 1527 immundus.

512 1563 604 1620 68.
655 1561 767 1615 Cur
797 1560 1038 1631 spiritus
1081 1560 1296 1615 dicitur
1355 1559 1477 1616 Filii
1508 1560 1711 1629 imago
1740 1558 1767 1613 ξ)
1796 1562 1848 1613 et
1894 1556 2130 1631 quinam

658 1654 747 1705 est
772 1648 1277 1720 Pythagoreorum
1301 1649 1634 1721 quaternio.

520 1741 611 1793 69.
662 1739 774 1793 Cur
801 1737 1063 1809 lapidem
1094 1737 1273 1794 Jacob
1312 1737 1564 1794 unxerit.

520 1830 588 1883 70

516 2010 577 2061 71

522 2186 590 2240 72

525 2456 620 2510 74.

527 2544 619 2599 75.

396 3312 603 3531 42*;

602 1871 614 1884 .
666 1827 794 1882 Tibi
821 1827 932 1883 soli
955 1828 1206 1898 peccaui,
1240 1834 1288 1881 et
1320 1829 1546 1884 malum
1570 1842 1771 1883 coram
1803 1832 1850 1880 te
1878 1825 2035 1895 fecit,
2070 1829 2134 1878 ut
2199 1826 2375 1913 μθ».

664 1916 869 1973 vincas
898 1932 1027 1972 cum
1045 1917 1360 1987 judicaris.

597 2050 610 2064 .
659 2004 810 2071 Scia,
839 2006 997 2078 quod
1034 2006 1095 2062 in
1135 2022 1219 2062 me
1249 2023 1367 2063 non
1393 2006 1609 2063 habitet
1634 2005 1718 2077 (id
1747 2008 1837 2061 est
1862 2005 1924 2059 in
1956 2018 2137 2059 carne
2247 2004 2371 2060 104.

664 2096 832 2166 mea),
862 2098 1091 2152 bonum.

603 2227 616 2242 .
666 2185 779 2240 Cur
791 2184 1194 2241 admonemur
1218 2186 1560 2242 renuntiare
1581 2186 1834 2250 Satanae,
1851 2198 1972 2240 non
1994 2182 2133 2238 item

664 2274 862 2347 pravis
895 2275 1261 2332 hominibus.

605 2406 619 2422 .
669 2366 783 2421 Cur
808 2364 1081 2421 Samonas
1111 2365 1367 2421 inditum
1399 2380 1622 2421 nomen
1651 2363 2036 2421 confessoris.

669 2454 781 2508 Cur
809 2454 1126 2509 cruciﬁxus
1158 2455 1421 2511 Christus
1449 2455 1639 2512 fuerit.

670 2542 986 2607 Quomodo
1005 2543 1397 2614 apostolicum
1417 2544 1639 2599 dictum
1658 2544 1840 2614 Signa
1862 2558 1974 2597 non
2002 2549 2135 2597 sunt

669 2630 954 2698 ﬁdelibus,
983 2632 1075 2687 sed
1102 2632 1444 2700 inﬁdelibus
1482 2648 1620 2687 cum
1654 2630 1973 2688 Dominicis
2013 2646 2139 2686 ver-

671 2718 758 2772 bis
790 2734 802 2771 :
837 2720 1010 2775 Fides
1060 2726 1159 2776 tua
1200 2722 1429 2777 salvum
1482 2726 1533 2776 te
1589 2721 1732 2790 fecit
1766 2738 1779 2785 ;
1830 2725 1885 2775 et
1916 2738 1927 2775 :
1957 2720 2142 2775 Haud

672 2809 857 2878 potuit
888 2810 1055 2879 signa
1089 2811 1294 2879 facere
1318 2816 1566 2880 propter
1589 2824 1790 2866 eorum
1823 2810 2142 2866 increduli-

674 2902 851 2953 tatem
876 2916 888 2957 :
910 2903 1117 2953 etcum
1131 2899 1353 2955 caeteris
1374 2899 1686 2971 ejusmodi,
1711 2898 2140 2954 conciliabitur.

612 3028 624 3042 .
676 2986 729 3042 Si
754 2986 925 3042 tellus
954 2992 1095 3051 erat,
1141 2988 1453 3061 quomodo
1479 2988 1633 3045 facta
1653 2988 1785 3045 est?
1812 2988 1898 3043 Ait
1934 2988 2089 3042 enim
2130 3003 2141 3041 :

681 3076 876 3132 Tellus
903 3084 1031 3133 erat
1047 3122 1058 3133 .

614 3209 627 3223 .
678 3165 736 3221 Si
774 3165 967 3221 lucem
998 3167 1152 3222 Deus
1174 3167 1415 3232 creavit,
1439 3166 1971 3238 nequaquamipse
1996 3170 2048 3221 et
2072 3169 2150 3220 te-
2186 3156 2223 3174 υ
2262 3171 2385 3223 111.

674 3253 886 3310 nebras
908 3256 1041 3311 fecit
1063 3272 1075 3320 ;
1093 3261 1223 3312 sunt
1247 3256 1406 3312 enim
1421 3256 1549 3311 haec
1573 3257 1722 3312 inter
1738 3271 1798 3311 se
1816 3256 2140 3312 contraria.

605 3388 617 3401 .
667 3344 779 3398 Cur
803 3344 956 3399 feras
987 3350 1037 3399 et
1072 3346 1303 3416 reptilia
1336 3348 1489 3401 Deus
1519 3346 1753 3401 creavit.

616 3474 629 3487 .
680 3432 926 3487 Cuinam
954 3432 1098 3488 dixit
1127 3433 1283 3488 Deus
1312 3449 1324 3487 :
1359 3434 1676 3489 Faciamus
1736 3435 2018 3489 hominem
2069 3433 2147 3487 ad

680 3520 978 3591 imaginem
1014 3526 1065 3577 et
1102 3522 1546 3578 similitudinem
1586 3528 1869 3577 nostram.

536 3612 630 3666 80.
680 3608 832 3676 Quid
862 3616 966 3673 est,
1009 3610 1087 3666 ad
1125 3610 1472 3680 imaginem.

535 3701 629 3756 81.
678 3698 785 3763 Qui
814 3699 997 3753 Deum
1032 3698 1341 3771 appellatis
1380 3700 1629 3764 bonum,
1662 3715 1768 3755 cur
1803 3699 1994 3754 eidem
2026 3704 2152 3755 tan-

682 3791 802 3842 tam
843 3787 1122 3843 duritiem
1191 3787 1503 3844 attribuitis
1534 3788 1562 3843 ?
1589 3788 1912 3843 Crudelitas
1993 3789 2151 3844 enim

682 3880 859 3947 atque
914 3877 1139 3932 saevitia
1167 3882 1273 3941 est,
1321 3878 1515 3949 exigui
1548 3877 1663 3933 cibi
1719 3892 1895 3933 causa
1927 3883 2153 3933 tantam

686 3979 924 4037 pmnam
980 3966 1264 4037 infligere,
1324 3981 1445 4021 non
1504 3967 1693 4023 solum
1749 3967 2154 4037 peccantibus.

518 4114 537 4131 κ
681 4069 892 4109 verum
913 4054 1091 4110 etiam
1124 4055 1389 4126 ipsorum
1416 4056 1691 4127 posteris.

446 4136 513 4204 χ’
543 4147 634 4198 82.
684 4144 986 4209 Quosnam
1016 4143 1113 4199 Dei
1145 4144 1301 4199 filios
1337 4147 1564 4216 Moyses
1604 4144 2010 4216 appellaverit.

543 4234 635 4290 83.

683 4324 935 4380 revereri
959 4323 1222 4395 juberet,
1259 4338 1507 4380 curnam
1538 4323 1719 4379 Cham
1773 4324 1953 4378 veluti
1980 4324 2161 4395 parri-

682 4413 818 4469 cida
847 4412 1188 4469 damnatur.

542 4502 611 4556 84

546 4591 610 4643 85

428 4854 614 4947 J86

540 4948 605 4999 87

548 5126 614 5178 88

544 5214 613 5270 89

547 5307 613 5359 90

557 5482 617 5536 91

2267 753 2338 807 94

2196 840 2361 931 ΑΒ.

2270 930 2338 985 96

2167 1761 2211 1817 Β

2185 3122 2223 3173 C

3810 269 3867 323 41

2438 401 2610 463 petra
2637 404 2830 452 autem
2860 402 2989 453 erat
3023 396 3311 452 Christus.

2264 483 2356 541 92.
2408 484 2743 550 Quomodo,
2785 486 3018 556 justitia
3069 484 3373 551 incolumi,
3406 499 3516 558 pro
3539 484 3871 557 parentibus

2442 574 2769 645 puniuntur
2805 573 2993 630 liberi.
3948 574 3949 597 ί

2266 664 2360 721 93.
2409 663 2562 729 Quid
2595 668 2703 727 est,
2728 664 3135 733 conﬁguratus
3176 664 3393 720 infans.

2349 797 2361 809 .
2411 756 2523 808 Cur
2553 752 3007 809 tabernaculum
3038 756 3189 809 Deus
3216 753 3338 810 ﬁeri
3371 753 3631 824 jusserit.

2412 843 2524 896 (:ur
2548 842 2783 898 tabulas
2812 845 3038 915 Moyses
3076 842 3451 913 confregerit.

2352 975 2364 987 .
2414 931 2729 996 Quomodo
2759 932 3129 988 vestimentis
3148 932 3314 1005 lepra
3336 930 3657 988 accidebat.
3708 932 3873 1003 [latae
3952 970 3953 981 η

2269 1020 2363 1075 97.
2413 1020 2565 1086 Quid
2593 1021 3069 1091 srgnilicantdua:
3088 1022 3336 1078 aviculae
3351 1036 3455 1093 pro
3474 1020 3771 1078 mandato
3789 1022 3878 1076 ob-

2274 1112 2366 1165 98.
2416 1110 2528 1165 Cur
2568 1111 2775 1182 procul
2806 1110 3187 1169 tabernaculo
3232 1111 3385 1168 Deus
3423 1112 3599 1182 jussit
3626 1112 3880 1184 pecudes
3954 1152 3955 1175 η

2448 1200 2575 1255 esui
2614 1206 2783 1272 aptas
2822 1200 3035 1257 occidi.

2418 1290 2529 1344 Cur
2554 1292 2853 1347 numerari
2885 1292 3179 1364 populum
3208 1294 3360 1348 Deus
3392 1291 3733 1348 mandavit.
3956 1346 3957 1357 χ

2419 1379 2531 1433 Cur
2556 1378 2745 1435 farina
2766 1379 3100 1436 hordeacea
3121 1395 3229 1453 pro
3250 1395 3338 1445 ea,
3362 1395 3498 1453 quae
3520 1385 3804 1453 suspecta
3822 1380 3884 1435 de

2456 1467 2745 1523 adulterio
2774 1474 2917 1535 erat,
2951 1470 3327 1525 offerebatur.

2419 1558 2533 1612 Cur
2562 1558 2948 1629 peccantibus
2976 1560 3173 1614 statim
3210 1574 3403 1631 paena;
3450 1559 3883 1631 irrogabantur.

2422 1647 2535 1701 Cur
2573 1646 2988 1704 seditiosorum
3030 1649 3329 1705 thuribula
3361 1648 3583 1705 servari
3623 1648 3888 1721 deposita

2459 1735 2623 1807 apud
2653 1736 2834 1793 altare
2879 1740 3030 1793 Deus
3070 1737 3471 1810 imperaverit.

2426 1826 2538 1880 Cur
2594 1825 2779 1897 Moysi
2833 1835 2887 1881 et
2943 1828 3159 1883 Aaroni
3213 1827 3558 1897 indignatus
3613 1831 3707 1883 est
3754 1828 3889 1882 Deus

2456 1920 2698 1987 propter
2723 1932 2948 1989 aquam
2988 1932 3018 1972 e
3045 1922 3210 1989 petra
3239 1917 3531 1972 eductam.

2424 2004 2537 2059 Cur
2550 2004 2765 2059 emtum
2785 2010 2837 2061 et
2852 2011 3066 2062 terram
3084 2009 3254 2062 testes
3269 2006 3524 2061 invocari
3535 2007 3555 2076 j
3566 2021 3781 2061 ussum
3796 2008 3888 2060 est.

2423 2094 2735 2159 Quomodo
2752 2094 3199 2168 intelligendum
3218 2095 3354 2151 illud
3378 2113 3391 2151 :
3415 2094 3755 2159 Latamini,
3771 2110 3895 2165 gen-

2461 2188 2563 2251 tes,
2609 2197 2740 2240 cum
2787 2186 3010 2254 populo
3040 2187 3185 2254 ejus,
3219 2190 3274 2241 et
3303 2201 3315 2241 :
3350 2186 3499 2241 Huic
3524 2185 3895 2241 auxiliantur

2458 2274 2658 2343 angeli
2684 2274 2807 2330 Dei.

2427 2364 2540 2419 Cur
2556 2364 2630 2418 ob
2650 2363 2778 2418 leve
2800 2366 3057 2419 erratum
3085 2367 3315 2436 Moyses
3334 2364 3543 2435 jussus
3566 2366 3657 2419 est
3679 2368 3893 2418 terram

2462 2452 2668 2524 procul
2699 2454 2984 2524 aspicere,
3013 2452 3149 2509 illuc
3180 2457 3377 2510 autem
3411 2452 3706 2525 populum
3732 2451 3899 2508 indu-

2462 2558 2592 2597 cere
2628 2542 2857 2598 vetitus.

2428 2630 2580 2697 Quid
2619 2635 2725 2699 est,
2756 2633 2814 2687 in
2846 2632 3082 2689 modico
3114 2632 3259 2688 mihi
3289 2630 3617 2705 persuades
3646 2635 3717 2687 ut
3745 2630 3899 2688 Chri-

2465 2722 2691 2777 stianus
2724 2721 2882 2777 liam.

2430 2811 2577 2876 Quid
2604 2816 2711 2875 est,
2728 2812 2829 2883 qui
2850 2811 3176 2883 praeﬁnitus
3190 2816 3274 2867 est
3289 2811 3463 2866 Filius
3478 2810 3576 2866 Dei
3595 2811 3655 2865 in
3675 2810 3907 2865 virtute.

2431 2900 2576 2965 Quid
2608 2904 2718 2970 est,
2758 2900 3088 2971 prohibitus
3120 2916 3252 2955 sum
3294 2915 3483 2970 usque
3514 2897 3740 2968 adhuc,
3776 2913 3915 2970 quo-

2471 2990 2667 3043 minus
2700 2990 2955 3045 tructum
2976 2988 3237 3061 aliquem
3260 3003 3551 3061 caperem.

2435 3078 2583 3142 Quid
2611 3081 2715 3143 est,
2737 3077 2964 3147 justitia
2991 3084 3187 3133 autem
3224 3077 3321 3132 Dei
3349 3078 3408 3132 in
3428 3078 3575 3149 Lipso
3598 3076 3918 3133 revelatur.

2435 3166 2584 3232 Quid
2625 3166 2914 3235 signiﬁcat
2971 3167 3192 3221 dictum
3266 3166 3410 3222 illud
3460 3164 3916 3237 apostolicum:

2443 3256 2682 3312 Tradite
2720 3258 2908 3324 ipsum
2940 3255 3200 3312 Satance.

2435 3344 2586 3409 Quid
2616 3348 2704 3399 est
2736 3361 2747 3399 :
2783 3344 2851 3399 In
2880 3345 3055 3411 ﬁnem
3077 3348 3313 3415 propter
3343 3358 3470 3399 eam
3501 3357 3632 3413 quae
3663 3342 3923 3400 haeredi-

2474 3440 2643 3489 tatem
2676 3435 2947 3488 sortitur.

2436 3524 2699 3587 Domine,
2720 3538 2793 3578 ne
2826 3524 2889 3578 in
2910 3524 3121 3587 furore
3146 3529 3246 3579 tuo
3269 3536 3493 3593 arguas
3509 3535 3616 3591 me,
3646 3536 3849 3594 neque
3867 3522 3923 3574 in

2434 3612 2529 3668 ira
2562 3618 2665 3666 tua
2691 3612 2986 3680 corripias
3024 3628 3131 3668 me.

2260 3702 2388 3758 114.
2440 3700 2581 3764 Quia
2602 3700 2957 3755 conturbata
2996 3708 3129 3755 sunt
3156 3714 3277 3755 ossa
3302 3714 3443 3755 mea.

2262 3791 2389 3847 115.
2440 3789 2701 3853 Domine,
2736 3789 2815 3843 ad
2845 3794 2899 3845 te
2920 3790 3193 3855 clamavi,
3222 3788 3441 3845 exaudi
3480 3802 3588 3843 me.

2264 3880 2390 3937 116,
2449 3879 2597 3933 Voce
2612 3892 2738 3933 mea
2760 3878 2839 3933 ad
2856 3879 3169 3934 Dominum
3196 3878 3472 3941 clamavi,
3492 3891 3783 3933 vocemea
3818 3877 3933 3931 Do-

2476 3968 2699 4023 minum
2741 3967 3084 4036 deprecatus
3120 3983 3267 4022 sum.

2274 1290 2367 1345 09.

2246 1380 2368 1434 100.

2248 1559 2372 1613 101.

2246 1646 2372 1701 102.

2245 2095 2373 2149 105.

2254 2362 2376 2420 106.

2250 2633 2347 2690 1οἾ
2366 2675 2378 2690 .

2256 2812 2380 2867 108.

2254 2902 2381 2956 109.

2259 3079 2383 3134 110.

2260 3347 2385 3402 112.

2260 3511 2403 3580 113.‘

2236 4053 2394 4135 JH}
2445 4056 2597 4122 Quid
2632 4062 2738 4119 est,
2768 4056 2929 4128 quod
2957 4056 3161 4113 Michol
3188 4055 3391 4111 Davidi
3422 4053 3751 4110 benedixit.

2246 4140 2396 4225 με.
2446 4149 2560 4202 Cur
2594 4145 2776 4201 David
2806 4145 2998 4216 ephod
3028 4145 3275 4201 indutus
3304 4149 3416 4200 est.

690 4234 842 4304 Lege
866 4232 1130 4288 nondum
1156 4233 1368 4305 posita,
1391 4239 1763 4305 quaspatrem
1786 4239 2159 4305 matremque
2258 4233 2419 4319 tta.”
2448 4234 2744 4300 Quidnam
2777 4233 2996 4303 agebat
3024 4234 3212 4289 Adam
3240 4234 3299 4289 in
3324 4231 3629 4305 paradiso.

2272 4326 2398 4379 120.
2449 4324 2560 4377 Cur
2590 4322 2703 4377 sub
2743 4338 3051 4394 vesperam
3093 4322 3523 4378 immolabatur
3560 4335 3797 4390 agnus.

2280 4412 2399 4468 121.
2450 4412 2594 4477 Quid
2628 4418 2733 4477 est,
2764 4414 2985 4467 Ponam
3015 4426 3223 4467 arcum
3257 4426 3445 4467 meum
3471 4412 3531 4465 in
3553 4411 3735 4467 nube.

624 4546 637 4559 .
686 4504 939 4558 Curnam
974 4502 1178 4557 Chami
1224 4502 1554 4573 peccatoris
1588 4501 1741 4556 ﬁlius
1764 4501 2013 4556 dilectus
2044 4505 2153 4559 est.
2196 4476 2241 4529 D
2274 4482 2423 4575 θρὶξ
2448 4476 2651 4556 Justus
2682 4476 2799 4556 Noe
2846 4514 2952 4555 cur
2988 4501 3187 4556 ebrius
3215 4499 3700 4573 deprehenditur,
3738 4516 3956 4573 neque

624 4630 636 4643 .
687 4590 942 4645 Curnam
970 4590 1271 4645 Abraham
1306 4590 1599 4645 credentis
1630 4589 1795 4645 titulo
1825 4590 2161 4658 insignitur,

2479 4606 2693 4662 paenae
2730 4591 2852 4645 dat.

687 4679 788 4748 qui
849 4678 965 4733 Deo
1016 4679 1226 4733 dixerit
1262 4681 1420 4747 ες)αο
1489 4680 1650 4749 signo
1701 4695 2035 4748 agnoscam,
2078 4694 2167 4735 me
2276 4683 2400 4738 1'23.
2452 4680 2601 4746 Quid
2625 4677 3960 4745 esl,Domine,nonestexattatumcormeum.

688 4766 855 4821 illam
893 4766 1156 4837 (terram)
1191 4767 1325 4835 fore
1360 4783 1774 4835 possessurum.

621 4896 633 4908 .
677 4855 867 4919 Quam
884 4854 964 4909 ob
976 4870 1209 4909 causam
1224 4856 1477 4911 luctatur
1497 4872 1623 4911 cum
1640 4856 1861 4912 Jacobo
1887 4855 2155 4924 angelus.

619 4987 632 5001 .
684 4943 1009 5014 Cujusnam
1060 4943 1142 4998 rei
1182 4944 1420 5013 signum
1453 4945 1578 5015 fuit,
1606 4945 1822 5001 rubum
1855 4945 2060 5000 ardere
2103 4949 2157 5001 et

690 5047 808 5089 non
835 5032 1135 5088 comburi.

628 5168 640 5180 .
692 5125 878 5194 Lepra
907 5121 1102 5177 manui
1133 5120 1351 5191 injecta
1398 5138 1521 5177 cur.

626 5256 638 5272 .
688 5216 803 5269 Cur
841 5211 1089 5283 angelus
1125 5214 1357 5282 Moysen
1392 5210 1728 5269 interimere
1755 5214 2021 5269 voluerit.

628 5348 640 5360 .
688 5304 799 5358 Cur
829 5300 1036 5370 fugam
1052 5299 1520 5371 properantibus
1550 5300 1865 5371 imperavit
1885 5306 2036 5359 Deus
2057 5318 2168 5375 pa-

691 5390 914 5447 schatis
942 5388 1370 5445 solemnitatem
1403 5402 1707 5460 peragere.

635 5522 646 5535 .
689 5478 996 5546 Quomodo
1021 5476 1463 5547 intelligendum
1488 5476 1631 5533 illud
1654 5480 1937 5550 apostoli:
1966 5481 2170 5537 Omnes

705 5571 767 5625 in
811 5568 1046 5637 Moysen
1081 5567 1361 5636 baptizali
1407 5581 1629 5635 sumus,
1658 5572 1792 5638 etc.,
1840 5585 2030 5641 usque
2090 5570 2170 5625 da

2281 4773 2402 4826 124.
2453 4770 2583 4834 Qua
2610 4768 2683 4823 de
2706 4783 2887 4824 causa
2916 4769 2973 4823 in
3004 4768 3171 4833 rubo,
3208 4782 3329 4822 non
3362 4772 3561 4822 autem
3591 4768 3651 4821 in
3686 4767 3824 4824 alio
3870 4784 3965 4824 ar-

2488 4858 2644 4913 boris
2670 4873 2899 4927 genere,
2931 4857 3113 4929 Moysi
3141 4859 3293 4912 Deus
3314 4856 3681 4928 apparuerit.

2283 4944 2404 5021 Ιβδ.
2456 4950 2569 5004 Cur
2601 4962 2636 5002 a
2664 4950 2780 5002 Deo
2812 4946 3166 5016 permissum
3199 4946 3289 5011 sit,
3314 4945 3521 5000 divum
3559 4945 3871 5003 Davidem
3910 4949 3971 5001 in

2276 5022 2303 5049 ί
2491 5036 2603 5091 tale
2636 5039 2986 5107 tantumque
3025 5039 3333 5107 peccatum
3364 5034 3645 5090 incidere.

2283 5128 2405 5182 l26.
2456 5125 2534 5181 De
2567 5123 2768 5197 pOpuli
2800 5123 3196 5197 descriptione
3231 5123 3344 5179 sub
3371 5122 3577 5179 David.

2280 5218 2405 5271 127.
2456 5218 2569 5271 Cur
2600 5214 2788 5269 David
2837 5213 3030 5269 dictus
3060 5213 3136 5269 sit
3172 5214 3260 5269 vir
3311 5211 3647 5268 secundum
3682 5228 3806 5270 cor
3849 5218 3963 5273 Dei

2282 5304 2415 5377 res“.
2455 5304 2565 5359 Cur
2595 5318 2771 5358 mane
2802 5302 3115 5374 deplueret
3146 5302 3206 5357 in
3248 5301 3549 5357 desertum
3583 5316 3869 5362 manna.

2456 5396 2567 5448 Cur
2597 5409 2630 5448 a
2651 5393 2769 5493 Deo
2785 5392 3013 5448 dictum
3034 5391 3386 5448 Abrahamo
3411 5408 3422 5446 :
3452 5392 3675 5447 Ponam
3698 5403 3975 5462 pactun

2490 5496 2670 5537 meum
2701 5482 2859 5537 inter
2888 5496 2980 5537 me
2997 5487 3050 5537 et
3080 5487 3152 5537 te.

2282 5573 2408 5627 130.
2460 5572 2539 5626 De
2560 5571 2781 5627 Jacobo
2813 5575 2869 5627 et
2902 5571 3017 5626 Lia.
