4086 6190
415 279 483 337 47
1646 277 1880 331 PHOTll
1922 277 2405 334 PA'l'RlAliCHzE
2445 279 2554 334 Cl’.
3719 281 3786 334 48

417 407 837 472 gumentorum
872 400 1208 466 multitudo,
1243 417 1378 474 qure
1412 400 1485 456 ad
1512 405 1769 456 trecenta
1791 417 2077 456 revocan-
2106 450 2108 456 ,

2231 402 2449 474 ιλότιμον
2488 409 2581 461 τὴν
2632 409 2902 476 παροῦσαν
2951 402 3075 472 ἡμῖν
3123 406 3476 473 στενοχωρίαν
3517 401 3789 456 πλατύνειν

419 498 514 548 tur
539 492 737 563 capita
766 489 1085 561 (siquidem
1117 489 1448 561 hucusque
1482 497 1720 546 nostras
1753 496 2075 562 praesentes

420 579 704 651 temporis
735 579 1041 650 angustias
1074 583 1240 632 tuum
1285 581 1359 633 de
1408 579 1568 634 hisce
1599 580 1781 634 rebus
1815 579 2075 634 studium

2190 493 2441 563 ἐνόμισεν)
2475 493 2602 564 ούχὶ
2631 497 2720 544 καὶ
2747 495 2946 562 συχνόν
2981 490 3414 548 συναναλὼσηται
3453 498 3666 563 χρόνον,
3701 499 3790 545 καὶ

2189 585 2281 637 τὴν
2308 583 2558 653 ἡμετέραν
2591 580 2792 652 σχολὴν
2820 579 3152 636 ἑκϐιάσηται.

420 667 804 740 prolatandas
833 666 1047 737 duxit),
1081 673 1137 722 et
1185 667 1438 722 multum
1484 674 1718 740 tempus
1763 683 1884 722 non
1935 674 2331 734 consumeret,
2379 675 2432 724 et
2476 674 2692 725 nostrae
2732 669 2861 724 vitae
2905 668 3370 740 tranquilitatem
3413 684 3533 724 non
3565 675 3794 742 pertur-

418 758 587 814 baret
616 757 697 828 ('2)
727 756 754 812 ?

492 845 642 910 Quid
670 860 803 900 vero
827 843 992 917 quod
1020 849 1079 898 tu
1103 844 1281 899 hasce
1303 844 1796 912 interrogationes
1823 844 2078 916 sparsim

420 935 564 991 mihi
583 935 986 1006 proponebas,
1012 949 1229 1005 meque
1247 949 1453 989 coram
1475 933 1692 988 audisti
1722 934 1963 1006 proprio
1983 947 2083 988 ore

421 1025 718 1096 quasdam
742 1039 950 1078 earum
974 1022 1179 1093 planas
1205 1022 1553 1078 reddentem
1588 1024 2084 1092 (consentaneum

422 1112 688 1185 profecto
715 1117 803 1167 est
822 1111 1164 1166 auditarum
1187 1127 1383 1166 rerum
1406 1127 1641 1167 servare
1664 1110 2040 1181 memoriam)
2069 1127 2080 1165 :

425 1217 585 1258 nunc
617 1207 816 1256 autem
847 1215 1069 1255 novum
1104 1216 1197 1256 me
1219 1200 1487 1255 laborem
1517 1200 1784 1269 aggredi,
1812 1199 2088 1255 easdem-

429 1306 546 1363 que
565 1291 623 1345 in
643 1289 921 1344 volumen
951 1289 1227 1345 redactas
1251 1289 1328 1344 ad
1351 1294 1405 1344 te
1423 1291 1732 1360 pervenire
1751 1287 2083 1358 exﬂagitas.

499 1380 639 1433 Cum
673 1378 852 1447 igitur
882 1378 1141 1434 rationes
1171 1378 1264 1433 his
1297 1393 1540 1449 quoque
1572 1378 1832 1432 minores
1865 1377 2088 1448 potuis-

427 1472 560 1524 sent
588 1467 1085 1538 impedimentum
1129 1466 1414 1536 objicere,
1463 1472 1520 1522 et
1549 1467 1794 1538 quidem
1851 1465 1980 1520 aliis
2011 1465 2088 1520 ad

425 1555 828 1613 excusationis
858 1560 1284 1625 argumentum
1317 1559 1510 1610 essent
1559 1555 1723 1620 satis,
1753 1569 1860 1625 ego
1893 1559 2090 1610 tamen

2262 850 2325 898 Ti
2369 843 2429 899 δέ
2478 843 2752 920 σποράδην
2797 848 2932 899 αύτά
2983 845 3375 918 προϐεϐλῆσθαι
3420 849 3484 898 τά
3511 847 3793 918 ἐρωτήμα-

2194 955 2278 1000 τα,
2326 939 2415 988 καὶ
2471 939 2528 987 τό
2579 935 2802 988 ἀκούσαι
2846 941 3078 1009 παρόντα
3135 944 3228 996 τῆς
3272 938 3520 1009 ἡμετέρας
3567 935 3797 1007 γλώττης

2196 1023 2336 1076 ἐνίων
2385 1025 2554 1077 αὐτῶν
2597 1025 2979 1098 ἀφαιρουμένης
3041 1029 3099 1076 τό
3162 1027 3354 1098 άπορον
3420 1028 3496 1091 (τί
3540 1028 3641 1097 γὰρ
3688 1025 3795 1077 ἐνόν

2196 1117 2262 1165 τά
2314 1115 2614 1186 ηκουσμένα
2675 1121 2883 1187 μνήμην
2943 1114 3207 1186 φυλάξαι),
3270 1118 3334 1166 σύ
3409 1111 3466 1166 δε
3527 1111 3800 1186 δευτέρους

2198 1206 2337 1275 ἡμᾶς
2381 1203 2613 1266 ἀπαιτεῖς
2660 1209 2868 1269 πόνους,
2916 1209 3006 1256 καὶ
3045 1207 3104 1255 τό
3151 1204 3220 1265 εἰς
3265 1208 3417 1274 ὄγκον
3469 1208 3555 1260 τὴν
3590 1208 3799 1278 γραφὴν

2200 1292 2452 1345 ἀπελθεῖν.

2268 1381 2389 1434 Ὀτι
2424 1389 2523 1434 τῶν
2568 1381 2843 1456 εἰρημένων
2889 1385 2996 1439 εἵην
3039 1382 3114 1453 (3)
3161 1381 3354 1434 ἐλάττω
3397 1380 3652 1448 κωλύσαι,
3688 1387 3802 1434 καί-

2199 1490 2291 1545 περ
2340 1471 2530 1545 ἑτέροις
2581 1476 2796 1546 ἤρκεσεν
2836 1470 2896 1522 ἂν
2943 1471 3013 1532 εἰς
3061 1470 3376 1542 κωλυμάτων
3425 1472 3690 1542 ὑπόθεσιν,
3741 1471 3802 1524 ού

2200 1563 2289 1632 μεν
2331 1556 2417 1611 οὖν
2461 1567 2627 1612 ταῦτα
2672 1560 2764 1612 ούκ
2808 1560 3119 1632 αἰτιάσομαι
3169 1579 3182 1591 ο
3234 1559 3366 1618 πλὴν
3406 1562 3668 1612 τοσούτων
3720 1579 3804 1632 γε,

431 1645 676 1702 minime
722 1645 868 1717 ipsis
909 1650 1092 1700 utar:
1136 1659 1343 1700 verum
1398 1645 1631 1700 tametsi
1677 1650 1758 1699 tot
1810 1659 1879 1699 ac
1930 1647 2093 1699 tanta

2237 1655 2290 1701 αἱ
2342 1648 2655 1707 τηλικούτων
2700 1651 2856 1701 ὄντων
2900 1657 3000 1700 τῶν
3043 1652 3174 1720 πρὸς
3221 1652 3466 1700 τάναντία
3527 1653 3805 1721 φερόντων,

430 1738 566 1802 sint,
599 1751 733 1806 quae
783 1734 1147 1790 contrarium
1194 1735 1572 1805 requirerent,
1605 1733 1791 1788 habes
1826 1733 2088 1801 tandem,

434 1826 514 1880 uti
542 1825 669 1894 jam
705 1823 934 1894 pridem
975 1823 1236 1891 aiebam,
1269 1822 1433 1894 quod
1463 1822 1774 1894 postulasti
1805 1837 1820 1887 ;
1846 1823 1926 1877 ita
1957 1835 2092 1876 vero

436 1919 497 1970 ut
542 1928 664 1969 non
695 1912 1063 1967 elaboratam
1113 1912 1322 1967 fucata:
1373 1911 1806 1966 lucubrationis
1856 1910 2094 1965 locutio-

433 2019 572 2058 nem
598 2001 878 2073 reperias,
904 2001 1010 2056 sed
1041 2001 1220 2056 obvia
1242 2015 1499 2072 quaeque
1523 2000 1844 2062 vocabula,
1876 2003 1932 2054 et
1955 2014 2092 2070 quae

432 2092 714 2147 lectorem
747 2089 825 2144 ad
864 2089 1187 2145 dubiorum
1220 2089 1583 2144 solutionem
1632 2088 2093 2144 contendentem

435 2196 633 2236 rerum
677 2179 1054 2234 multitudine
1086 2194 1207 2233 non
1239 2177 1572 2250 implicant.
1604 2181 1688 2234 Tu
1718 2178 1943 2232 interea
1973 2192 2094 2231 non

439 2269 642 2336 modo,
683 2273 749 2323 ut
793 2284 856 2322 es
899 2267 1116 2333 bonus,
1165 2271 1440 2338 expetere
1484 2268 1656 2332 nosti,
1691 2271 1749 2322 et
1778 2267 2090 2338 accipere:

439 2358 542 2414 sed
576 2356 742 2421 mihi,
779 2357 827 2411 si
865 2355 1083 2412 fruaris
1114 2356 1229 2412 hoc
1254 2371 1520 2421 munere,
1553 2372 1742 2428 usque
1774 2354 1984 2410 melior
2012 2353 2097 2410 vi-

441 2447 565 2503 deri
597 2446 835 2518 poteris.

1023 2535 1340 2600 oiimsrio
1375 2537 1392 2588 ι
1427 2535 1525 2605 (7).

446 2643 649 2699 Photii
675 2641 1093 2708 Amphilochia
1122 2641 1243 2697 sive
1270 2641 1352 2696 ad
1383 2641 1864 2710 Amphilochium
1901 2639 2100 2709 Ci/zici

517 2714 951 2781 metropolitani
992 2729 1296 2768 sacrorum
1329 2728 1661 2768 sermonum
1704 2713 1989 2772 collectio,
2037 2713 2098 2766 in

519 2802 636 2855 qua
671 2785 1018 2855 quzestiones
1055 2785 1125 2839 de
1164 2783 1483 2852 Scriptura
1517 2785 1722 2840 divina
1759 2785 2098 2839 solvuntur.

547 2857 800 2922 ’rinceps
830 2861 1024 2910 autem
1077 2856 1466 2924 perpenditur
1508 2857 1618 2910 illa
1657 2855 1896 2910 Domini
1919 2855 2101 2922 iussio

521 2928 797 2982 dicentis:
819 2947 841 2977 (ι
857 2927 946 2981 Ne
957 2926 1221 2982 habeatis
1232 2943 1462 2991 zonam,
1476 2928 2098 2998 nequecalceamenta,

519 3013 708 3069 neque
733 3013 960 3085 peram.
988 2998 1154 3085 Rern,
1189 3014 1349 3085 nunc
1376 3013 1512 3054 vero
1549 2997 1657 3085 qui
1683 2997 1856 3085 habet
1883 3011 2104 3052 crume-
2133 3031 2171 3085 ο

520 3085 684 3132 nam,
714 3075 911 3125 sumat
941 3070 1172 3138 pariter
1199 3075 1251 3124 et
1281 3085 1508 3137 peram,
1543 3089 1571 3119 »
1604 3076 1657 3125 et
1689 3069 1942 3139 reliqua.

523 3176 691 3230 Edita
720 3194 754 3229 a
783 3175 1059 3229 cardinali
1081 3175 1303 3242 Angelo
1333 3176 1486 3230 Maio
1520 3175 1630 3231 νει.
1654 3177 1845 3246 script.
1875 3176 2026 3230 Nova
2050 3171 2386 3235 Colleclione,
2410 3169 2451 3246 l,
2475 3183 2610 3238 pag.
2640 3166 2900 3246 μέλ-σᾶ.
2934 3166 3086 3222 l83l.

2203 1742 2359 1812 ἔχεις,
2419 1741 2592 1810 ὥσπερ
2665 1739 2948 1810 φθάσαντες
3002 1740 3208 1810 ἔφαμεν,
3279 1739 3399 1812 ὅπερ
3464 1741 3688 1810 ᾔτησας,
3743 1737 3805 1789 ού

2202 1827 2330 1891 λίξει
2378 1831 2468 1901 μὲν
2520 1827 2889 1899 ἐξειργασμένῃ
2960 1827 3418 1898 καλλωπιζομένου
3470 1835 3561 1879 τού
3615 1829 3808 1879 συντάο

2202 1937 2422 1990 γματος,
2456 1923 2563 1978 τοῖς
2599 1915 2915 1989 ἐπιτυχοῦσι
2963 1913 3021 1969 δὲ
3064 1925 3164 1968 τῶν
3209 1917 3492 1988 ὀνομάτων,
3533 1920 3624 1967 καὶ
3657 1913 3692 1968 ἃ
3730 1921 3805 1989 μὴ

2203 2014 2315 2067 ταῖς
2343 2015 2439 2058 τῶν
2470 2004 2668 2057 πολλῶν
2714 2004 2894 2066 ἀκοαῖς
2930 2008 3232 2080 περιορατόν
3261 2013 3380 2058 νοῦν
3412 2014 3511 2057 τῶν
3542 2005 3814 2078 ἠπορημέ-

2204 2118 2299 2148 νων
2323 2095 2734 2168 ἐκκαθαίροντος.
2767 2099 2832 2146 Σύ
2860 2091 2919 2147 δὲ
2944 2099 3015 2167 μὴ
3045 2099 3197 2166 μόνον
3224 2093 3417 2166 ἀγαθὸς
3439 2091 3581 2152 ἦσθα
3608 2098 3813 2158 ζητεῖν,

2203 2190 2293 2238 καὶ
2317 2183 2508 2250 λαϐεῖν,
2542 2183 2669 2236 ἀλλὰ
2692 2189 2782 2236 καὶ
2813 2191 2906 2245 τῆς
2938 2181 3133 2259 δωρεᾶς
3165 2183 3440 2237 ἀπολαύειν
3473 2184 3555 2252 (lt)
3594 2182 3813 2256 ὀφθείης

2205 2295 2295 2348 μοι
2323 2272 2751 2346 σπουδαιότερος.

2794 2529 3107 2576 ΕΡΩΤΗΣΙΣ
3139 2522 3216 2579 Α’.

2207 2638 2404 2688 Φωτίου
2485 2630 2807 2704 Ἀμφιλόχια
2880 2633 3008 2704 πρὸς
3089 2629 3430 2704 Ἀμλφιλόχιον
3484 2629 3808 2703 μητροπολί-

2279 2725 2372 2764 την
2417 2683 2644 2763 Κυζίκόυ
2693 2683 2855 2774 λόγων
2902 2683 3046 2774 ἱιερὼν
3088 2683 3350 2773 συλλογὴῗ
3374 2701 3421 2753 ἐν
3462 2685 3819 2774 ᾕᾴζηὲηματα

2281 2785 2374 2836 τῆς
2403 2778 2536 2859 θείοξς
2567 2769 2770 2848 Γράφῆᾷ
2819 2769 3088 2826 διαλύεται
3245 2769 3263 2800 ’⁷
3292 2775 3357 2824 ὧν
3403 2769 3818 2848 προδιευκρινεῖ-

2437 2850 2444 2859 .
2752 2849 2760 2859 .
2829 2845 2838 2858 .
2908 2853 2926 2859 -
3247 2844 3265 2859 κ
3416 2849 3424 2859 .
3463 2845 3514 2859 κ.
3725 2851 3774 2859 --
3798 2848 3808 2859 .

2281 2868 2366 2900 ται
2396 2850 2453 2898 τό
2485 2843 2796 2898 δεσποτικὸν
2820 2845 2981 2896 ἐκεῖνο
3009 2843 3354 2917 παράγγελμα
3377 2843 3625 2916 τό’λέγον’
3657 2843 3706 2917 “‹‹-
3724 2848 3815 2901 Μή

2285 2923 2432 2991 ἔχετε
2455 2918 2619 2980 ζώνην
2766 2921 2897 2991 μήτε
2918 2913 3259 2991 ὑποδήματα,
3280 2913 3415 2988 μήτε
3441 2913 3611 2990 πήραν
3642 2932 3655 2944 ·
3686 2914 3826 2967 ἀλλά

2283 2986 2370 3042 νύν
2419 2992 2444 3041 ό
2474 2993 2610 3069 ἔχων
2643 2986 2942 3060 βαλάντιον,
2996 2986 3170 3062 ἀράτω
3211 2986 3396 3060 ὁμοίως
3426 2986 3718 3058 καῖ’πηραν
3767 3009 3824 3053 η,

2287 3067 2376 3114 καὶ
2400 3064 2464 3113 τά
2490 3061 2572 3123 ἐξῆ
2587 3081 2626 3122 ς.

3115 3167 3374 3236 Quaestio
3393 3165 3831 3220 hermeneutica

451 3251 507 3302 et
532 3247 828 3317 exegetica
857 3249 924 3300 de
952 3248 1141 3300 verbis
1167 3237 1381 3301 Christi
1401 3248 1599 3302 Matth.
1627 3264 1683 3315 ι,
1717 3237 1780 3302 υί
1805 3247 1868 3302 tO
1902 3266 1914 3315 ;
1950 3248 2084 3301 Luc.
2119 3262 2194 3311 ix,
2224 3246 2258 3299 3
2291 3259 2304 3308 ;
2336 3258 2392 3302 ι,
2413 3242 2444 3295 4
2475 3237 2492 3304 ξ
2519 3246 2658 3303 xxu’,
2687 3239 2774 3294 36.
2799 3239 2970 3294 Marc.
3004 3255 3074 3302 vn,
3105 3239 3140 3292 8
3161 3245 3216 3293 et
3241 3238 3308 3292 de
3332 3237 3614 3307 antilogiis
3638 3238 3832 3292 Evan-

450 3318 718 3390 geliorum
748 3317 1067 3372 universim.

530 3429 576 3478 l.
624 3422 1032 3481 Dubitationes
1065 3424 1262 3479 multas
1293 3429 1451 3489 sunt,
1478 3441 1613 3496 quae
1640 3424 1868 3496 absque
1891 3422 2114 3496 praevio

453 3527 728 3568 sermone
757 3527 828 3568 ac
853 3512 1032 3568 veluti
1059 3513 1496 3585 praeparatione
1516 3513 1758 3568 dissolvi
1789 3516 2114 3584 nequeunt,

455 3600 554 3657 Rei
603 3616 674 3656 ac
707 3601 1168 3672 dispensationis
1197 3602 1568 3672 hujusmodi,
1603 3607 1778 3674 prout
1806 3609 1960 3658 certe
1989 3601 2120 3674 qui-

455 3689 598 3746 dam
629 3689 1159 3762 existimantatque
1187 3692 1450 3754 credunt,
1472 3699 1576 3748 tua
1593 3707 1834 3764 quoque
1850 3690 2116 3762 prudens

457 3779 840 3847 interrogatio
859 3780 1150 3834 rationem
1176 3779 1526 3835 sciscitatur.
1547 3780 1949 3846 Quamobrem
1967 3795 2116 3851 prm-

456 3865 566 3922 fari
582 3870 834 3937 oportet,
854 3867 1181 3940 sedemque
1200 3869 1412 3923 futurte
1425 3869 1711 3924 doctrina:
1725 3876 2079 3940 antecapere
2101 3883 2114 3933 ;

458 3971 580 4011 non
611 3956 816 4012 omnia
864 3956 1135 4012 videlicet
1184 3974 1318 4029 quae
1371 3973 1586 4030 pugnae
1617 3959 1877 4030 speciem
1904 3974 2026 4030 prae
2058 3973 2120 4012 se

461 4045 676 4109 ferunt,
704 4060 914 4116 reapse
943 4047 1275 4118 pugnantia
1305 4047 1646 4118 comperiri.
1688 4047 1865 4103 Multa
1896 4047 2121 4118 quippe

463 4148 622 4204 saepe
653 4133 926 4189 videntur
961 4133 1072 4190 sibi
1103 4134 1360 4190 invicem
1407 4135 1734 4199 adversari,
1765 4151 2121 4208 quanquam

463 4236 535 4277 ea
575 4221 819 4277 minime
849 4221 929 4278 ita
974 4239 1034 4278 se
1065 4222 1311 4278 habent.
1345 4226 1544 4295 Neque
1582 4225 1740 4280 enim
1773 4229 1991 4280 temere
2022 4229 2125 4280 aut

463 4310 1008 4384 quomodocumque
1039 4314 1437 4384 repugnantia
1459 4313 1653 4369 existit
1678 4315 1800 4368 sive
1819 4314 1880 4368 in
1903 4329 2126 4369 sermo-

465 4399 644 4456 nibus
677 4401 799 4456 sive
830 4401 890 4456 in
932 4400 1109 4457 rebus
1150 4402 1350 4471 gestis,
1386 4418 1593 4458 verum
1635 4419 1706 4459 ea
1736 4419 1766 4458 e
1799 4402 2122 4459 multarum

466 4488 1053 4546 circumstantiarum
1071 4507 1370 4547 concursu
1390 4493 1653 4562 exsurgit
1672 4496 1850 4564 atque
1869 4498 2120 4548 creatur.

469 4579 668 4649 Neque
699 4578 758 4634 id
784 4579 1025 4649 cognitu
1055 4579 1294 4636 difﬁcile
1315 4586 1402 4638 est
1431 4598 1444 4636 :
1478 4596 1600 4638 non
1622 4581 1818 4638 solum
1844 4581 2002 4638 enim
2020 4581 2124 4654 qui

2291 3419 2354 3473 α’.
2389 3417 2558 3470 Πολλά
2599 3425 2697 3468 τῶν
2754 3416 3104 3490 ἀπορημάτων
3147 3423 3580 3488 προκατασκευῆς
3615 3413 3826 3482 δεῖτας,

2220 3515 2310 3562 καὶ
2377 3512 2471 3566 τὴν
2523 3507 2672 3558 λύσιν
2722 3507 2996 3578 ὑποφεύγει
3043 3511 3212 3578 χωρὶς
3263 3509 3508 3559 ἐπιοῦσαν
3559 3524 3829 3580 προκαταο

2225 3601 2474 3659 στάσεως.
2553 3599 2810 3656 Τοιαύτης
2881 3599 3014 3658 τινός
3086 3596 3377 3669 οἰκονομίας
3460 3595 3631 3668 λόγον,
3702 3594 3826 3647 κατ’

2224 3688 2363 3740 ἐνίων
2409 3684 2566 3749 δόξαν
2597 3691 2686 3738 καὶ
2725 3685 3006 3756 ὑπόληψιν,
3056 3690 3146 3737 καὶ
3177 3693 3269 3746 τῆς
3307 3695 3404 3747 σῆς
3439 3689 3690 3744 συνέσεως
3725 3682 3830 3736 ἀπ-

2225 3784 2359 3830 αιτεῖ
2385 3779 2442 3828 τὸ
2475 3775 2716 3850 ἐρώτημα
2749 3792 2761 3804 ο
2799 3772 2980 3848 διόπερ
3023 3773 3180 3826 ἐκεῖνο
3219 3771 3298 3827 δεῖ
3335 3776 3698 3848 προειρῆσθαι,
3734 3777 3830 3824 καὶ

2224 3865 2495 3939 προλαϐεῖν
2527 3869 2620 3922 τὴν
2661 3865 2805 3926 τάξιν
2846 3864 2911 3924 εἰς
2958 3865 3212 3936 μάθησιν,
3265 3866 3345 3915 ὅτι
3397 3863 3502 3935 οὐχ
3553 3865 3652 3915 ὅσα
3706 3882 3832 3934 φαι-

2225 3959 2437 4028 νομένην
2469 3953 2744 4006 ύποϐαλλει
2787 3955 2994 4024 μάχην,
3032 3949 3139 4011 ἤδη
3187 3957 3276 4004 καὶ
3323 3961 3384 4026 τῇ
3442 3951 3656 4024 ἀληθείᾳ
3698 3953 3832 4024 όρᾱο

2229 4065 2315 4097 ται
2355 4049 2631 4117 μαχόμενα
2661 4060 2672 4072 ·
2717 4042 2880 4095 πολλὰ
2921 4045 3010 4114 μὲν
3053 4045 3155 4116 γάρ
3203 4047 3432 4113 φαίνεται
3460 4041 3705 4102 πολλάκις
3744 4039 3836 4092 ἀλ-

2229 4134 2405 4196 ληλοις
2456 4133 2846 4198 ἀντιπίπτοντα,
2897 4131 2990 4184 ούκ
3048 4134 3160 4183 ἔστι
3210 4128 3269 4184 δέ
3320 4151 3331 4163 ·
3389 4127 3512 4183 οὐδε
3555 4133 3657 4204 γὰρ
3710 4126 3834 4182 οὐδ’

2231 4221 2406 4285 ἀπλῶς
2448 4227 2536 4275 καὶ
2567 4225 2630 4282 ὡς
2678 4225 2860 4292 ἔτυχεν
2893 4222 2922 4278 ἠ
2970 4221 3122 4292 μάχη
3159 4225 3490 4286 συνέστηκεν,
3537 4220 3632 4272 ούκ
3663 4218 3710 4271 ἐν
3750 4218 3841 4271 λό-

2230 4333 2366 4384 γοις,
2419 4312 2510 4364 οὐκ
2577 4310 2624 4362 ἐν
2689 4311 3019 4382 πράγμασιν,
3089 4309 3284 4361 πολλῶν
3345 4305 3404 4362 δε
3475 4308 3838 4381 περιστάσεων

2237 4397 2505 4475 συνδρομὴ
2551 4401 2742 4456 ταύτην
2789 4405 3071 4472 συγκροτεῖ
3101 4403 3190 4450 καὶ
3223 4403 3551 4456 συνίστησιν.
3602 4401 3702 4450 Καὶ
3737 4397 3838 4449 ούκ

2234 4494 2378 4564 ἔργον
2403 4496 2554 4542 τοῦτο
2596 4484 2824 4540 συνιδεῖν
2868 4504 2879 4516 ⁸
2915 4487 2973 4538 ού
3019 4490 3118 4560 γάρ
3151 4489 3267 4540 ὅσοι
3304 4491 3369 4539 τά
3401 4487 3598 4544 παλαιά
3625 4486 3839 4558 φιλοσο-

2235 4588 2340 4653 φεῖν
2400 4583 2487 4630 καὶ
2545 4581 2611 4630 τὰ
2664 4579 2897 4652 ῥητόρων
2973 4578 3215 4649 πράττειν
3268 4575 3574 4648 ἐγνώκασιν,
3629 4575 3723 4628 ούκ
3783 4575 3837 4627 ἐν

2040 4708 2245 4762 ΝΟΤᾹί
2256 4748 2268 4761 .

542 4837 620 4909 (2)
661 4835 861 4910 Obiter
876 4835 1303 4910 animadverto
1333 4838 1497 4910 quod
1540 4853 1827 4893 numerus
1878 4837 1989 4910 iste
2021 4844 2128 4894 ter-

469 4907 844 4964 centenarius
875 4907 1081 4963 Photio
1107 4907 1260 4963 adeo
1290 4907 1604 4965 in_deliciis
1635 4909 1813 4964 fuisse
1839 4909 2124 4975 videatur,

470 4985 535 5035 ut
564 4980 640 5034 ad
668 4980 865 5051 ipsum
888 4979 1125 5051 codices
1151 4995 1412 5051 quoque,
1443 4981 1660 5051 quibus
1691 4984 1748 5036 in
1782 4997 1894 5036 sua
1915 4981 2130 5037 Biblio-

471 5051 640 5123 theca
666 5050 1072 5123 memorandis
1092 5050 1404 5123 incumbit,
1435 5050 1594 5107 a’met
1620 5053 1883 5123 redigere
1910 5070 1921 5107 :
1949 5052 2127 5123 siqui-

471 5122 608 5177 dem
663 5124 776 5174 ἔστι
826 5118 883 5173 δὲ
928 5128 1137 5196 ταῦτα,
1175 5121 1387 5196 inquit,
1433 5127 1597 5176 εἰκοσι
1653 5118 1870 5176 δεόντων
1922 5118 2128 5196 ἐφ”ἐνὶ

471 5197 768 5265 τριακόσια,
797 5199 963 5265 psunt
1013 5193 1076 5247 hi
1121 5193 1400 5263 (codices)
1433 5211 1549 5250 uno
1580 5202 1633 5251 et
1686 5196 1902 5265 viginti
1945 5193 1981 5251 il
2013 5202 2128 5250 ter-

473 5263 702 5320 centum
767 5263 1121 5336 deﬁcientes.
1176 5265 1302 5319 lmo
1357 5272 1412 5320 et
1464 5265 1587 5335 ejus
1651 5263 1938 5336 epiStolae,
1992 5282 2126 5336 quae

473 5339 607 5405 post
636 5338 864 5389 tantum
895 5333 1179 5389 librorum
1209 5333 1590 5400 naufragium
1617 5333 1906 5393 lia—etenus
1933 5333 2126 5405 colligi

472 5411 814 5476 potuerunt,
847 5411 900 5461 et
926 5405 1076 5461 lucis
1104 5423 1281 5461 usura
1309 5408 1601 5470 fruuntur,
1626 5425 1661 5463 a
1691 5409 1867 5464 simili
1891 5425 2128 5464 summa

473 5492 592 5552 uon
626 5476 802 5532 nimis
819 5477 1057 5532 absunt.
1095 5477 1152 5532 Id
1181 5478 1338 5552 circo
1365 5479 1514 5534 nihil
1545 5483 1648 5552 est,
1672 5481 1831 5552 quod
1855 5481 2126 5535 Photium

472 5547 633 5602 hunc
662 5563 1001 5623 numerum,
1053 5555 1113 5604 ut
1161 5549 1346 5623 aiunt,
1381 5547 1709 5606 rotundum
1746 5567 1854 5623 pro
1888 5567 2026 5606 vero
2057 5568 2127 5606 ac

474 5618 716 5690 proprio
745 5619 1089 5675 adhibuisse
1120 5620 1423 5676 miremur.

547 5690 627 5762 (3)
665 5695 815 5746 Εἱσεν
857 5691 1035 5749 habet
1063 5692 1270 5758 codex,
1309 5691 1412 5748 sed
1444 5691 1593 5748 facili
1629 5694 1868 5763 negotio
1901 5693 1957 5749 id
1990 5709 2126 5750 cum

2239 4841 2346 4895 εἵην
2379 4836 2688 4892 confusum
2717 4835 2994 4891 arbitror.

2311 4910 2388 4978 (4)
2420 4908 2501 4961 Ad
2536 4907 2778 4970 σύνταξιν
2801 4905 3133 4978 planiorem
3175 4905 3414 4978 mallem
3450 4904 3741 4958 ἀπολαύων.

2311 4977 2387 5048 (5)
2414 4978 2669 5066 'fituluni
2700 4977 2893 5066 qualis
2920 4977 3077 5058 apud
3122 4977 3337 5066 Maium
3371 4978 3660 5050 reperitur
3693 4979 3842 5032 inte-

2240 5067 2338 5121 gre
2371 5049 2746 5105 retinendum
2771 5049 3136 5120 putavimus.
3184 5051 3332 5103 Ευιτ.

2240 5197 2273 5200 __
2311 5123 2388 5192 (6)
2432 5122 2824 5200 Hieronymus,
2858 5121 3003 5175 Adv.
3040 5121 3229 5176 Jovin.
3279 5123 3426 5200 ii,__6.
3470 5135 3546 5200 ars
3586 5119 3646 5173 in
3671 5135 3842 5200 zona.

2239 5191 2396 5248 Zona
2434 5208 2576 5258 ergo
2607 5193 2822 5247 dicitur
2853 5208 2960 5262 pro
3001 5207 3303 5246 crumena.
3332 5194 3505 5246 l’orro
3532 5191 3591 5246 in
3618 5191 3847 5247 codici-

2238 5265 2346 5319 bus
2380 5265 2674 5319 Vaticanis
2707 5265 2832 5320 Lat.
2857 5261 3016 5318 73740
3044 5269 3100 5318 et
3137 5264 3296 5332 4008,
3327 5261 3550 5334 scripta
3579 5261 3850 5334 plurima

2239 5341 2558 5390 occurrunt
2580 5335 2735 5390 circa
2750 5334 3143 5404 quaestionem
3161 5335 3232 5388 de
3245 5333 3595 5404 paupertate
3624 5333 3849 5390 Christi

2240 5411 2296 5462 et
2318 5407 2826 5477 apostolorum.Et
2845 5405 3088 5478 quidem
3111 5405 3290 5478 hujus
3315 5405 3849 5478 primmamphilo-

2240 5476 2469 5534 chianae
2507 5478 2718 5545 ingens
2750 5476 2970 5534 tractus
3013 5477 3294 5532 recitatur
3322 5476 3500 5532 etiam
3535 5476 3596 5530 in
3625 5480 3850 5533 catena

2239 5549 2464 5605 inedita
2493 5550 2706 5605 Nicetes
2739 5549 2816 5605 ad
2846 5551 3084 5604 Lucam.

2311 5620 2387 5692 (7)
2415 5620 2991 5693 Ordoquaestionum
3011 5634 3192 5693 quem
3222 5617 3319 5674 hic
3349 5618 3566 5675 damus
3586 5633 3618 5674 ο
3632 5617 3845 5676 codice

2240 5692 2524 5748 Vaticano
2551 5691 2899 5763 désumptus
2938 5695 3044 5747 est.
3077 5692 3228 5747 Eorr.
