3992 6182
187 259 240 312 49
1283 257 1380 314 ΑΙ)
1421 257 1763 316 AMPHILOf

1951 261 1974 314 1
2019 261 2346 328 ΟΗᾹΞΞΤΙΟ
2387 263 2428 318 l.
3459 266 3527 322 50

179 385 346 442 tritor;
381 387 536 452 μόνον
581 381 710 434 πολύ
749 387 844 434 καὶ
889 385 1102 456 ἄπειρον
1140 386 1420 442 inre-Jews?
1459 389 1518 436 τὸ
1571 381 1755 457 acipe-

1957 389 2099 440 teres
2139 387 2442 444 doctrinas
2477 387 2844 460 profitendas
2887 391 2944 444 et
2993 387 3323 444 rhetoricas
3375 395 3527 446 artes

173 491 262 542 ρον,
297 473 510 546 ὕστερον
557 469 834 544 ἀκριϐείας
889 468 1240 544 δικαζούσης,
1285 471 1540 547 διαφορᾶς
1577 475 1749 546 ἀφείθη

1953 477 2238 532 arcendas
2267 477 2372 534 sibi
2393 477 3050 550 sumpserunt,mnltam
3069 478 3127 533 in
3141 477 3234 533 his
3251 481 3426 549 atque
3443 479 3529 535 in-

175 561 380 636 ῖιεύύερα
413 581 426 593 ·
477 560 606 612 ἀλλὰ
665 565 760 612 καὶ
827 560 874 612 ἐν
931 561 1064 634 αὐτῇ
1125 583 1182 635 γε
1239 571 1300 635 τῇ
1360 562 1751 636 καθωμιλημένῃ

1946 565 2103 620 uitam
2121 565 2482 622 discordiam
2509 582 2747 622 cernere
2772 567 2886 622 sibi
2909 567 3200 639 principio
3222 567 3522 632 videntur,

171 660 252 702 ’ὧν
285 651 474 703 mnam
517 655 723 722 χρήσει
773 651 946 702 πολλά
977 655 1070 723 μὲν
1117 651 1288 712 απλως
1335 653 1498 714 οὕτως
1540 651 1742 705 ἀπιοῦσα

1957 669 2006 708 ae
2029 671 2170 710 mox
2195 671 2288 710 res
2315 655 2627 728 diligenter
2657 671 2964 728 perpensas
2995 655 3072 712 ab
3101 657 3266 711 omni
3294 663 3527 714 contra-

169 747 370 808 φαίνεται
413 741 692 811 μάχεσθαι
727 755 742 770 ⁸
787 743 1072 814 κριθέντων
1125 742 1204 805 δὲ,
1259 741 1332 802 εἰς
1379 747 1677 814 συμφωνίαν
1729 745 1745 794 i

1949 744 2128 798 3tione
2159 743 2550 800 absolvuntur
2583 761 2596 799 :
2639 759 2842 800 verum
2873 744 3052 800 etiam
3099 743 3160 800 in
3191 745 3321 816 ipso
3353 745 3525 802 fami-

165 831 296 900 μάχη
325 834 624 902 μετέπεσεν,
679 834 740 882 Εἰ
791 850 870 890 τις
911 827 998 882 οὖν
1029 834 1124 890 τήν
1154 833 1244 902 μὲν
1281 833 1332 883 ἓν
1371 839 1433 904 τῇ
1477 830 1573 883 ἁνά
1606 839 1741 907 χεῖρε

1955 833 1997 886 ri
2029 833 2188 904 vulgi
2219 849 2332 889 usu
2373 833 2536 889 haud
2568 849 2762 906 pauca
2793 833 2986 905 primo
3015 833 3220 890 auditu
3255 833 3527 890 videntur

163 920 320 991 ὁμιλίᾳ
355 925 666 991 φαινομένην
708 921 903 972 στάσιν
949 929 1045 982 τῆς
1089 919 1312 982 ἀληθοῦς
1349 921 1530 993 μάχης
1569 919 1739 974 eam.

1947 937 2224 992 pugnare,
2245 923 2464 995 quibus
2482 923 2556 978 ad
2582 925 2860 978 trutinam
2887 923 3188 987 revocatis,
3215 923 3523 978 conflictus

165 1027 256 1078 στω
287 1017 458 1081 γνώμη
497 1005 790 1080 διακρίνει,
833 1007 1075 1082 ἀφορίζει
1115 1005 1174 1062 δὲ
1215 1009 1310 1062 κᾶν
1353 1017 1464 1072 τοίς
1497 1013 1584 1062 τὸν
1615 1009 1741 1081 φιλό-

1965 1013 2348 1068 concordiam
2376 1013 2640 1069 vertitur.
2669 1013 2726 1068 Si
2753 1014 2888 1085 quis
2909 1013 3086 1084 igitur
3101 1029 3299 1068 rerum
3331 1013 3518 1086 quoti-

161 1117 298 1169 σσφον
331 1102 420 1149 καὶ
456 1098 664 1172 ῥήτορα
695 1095 818 1170 βίον
861 1096 1202 1170 ἁσκουμένοις
1241 1101 1308 1151 τὰ
1349 1103 1626 1172 μαχόμενα
1663 1108 1733 1150 τῶ

1945 1117 2180 1156 auarum
2196 1107 2570 1174 apparentem
2585 1103 2944 1168 dissensum,
2961 1103 3300 1174 incorrupto
3315 1103 3521 1158 mentis

161 1192 471 1259 φαινομένων,
525 1185 610 1240 ἐπὶ
669 1183 732 1240 δὲ
803 1194 898 1248 τῆς
947 1189 1085 1260 ἱερᾶς
1133 1189 1276 1260 ἡμῶν
1343 1189 1644 1260 φιλοσοφίας
1701 1208 1737 1241 οε

1945 1191 2120 1255 dicio,
2172 1210 2205 1247 a
2257 1208 2390 1248 vera
2431 1191 2762 1248 differentia
2804 1191 3082 1248 discernit
3111 1211 3125 1262 ;
3159 1191 3419 1264 itemque
3463 1193 3521 1248 in

157 1281 230 1327 τὸν
264 1276 416 1328 αὐτὸν
473 1271 744 1336 διασώζει
784 1280 962 1348 νόμον,
1013 1274 1144 1328 ἀλλὰ
1189 1281 1278 1329 καὶ
1319 1281 1414 1335 τὴν
1461 1275 1730 1330 ἐπιπολαιο

1959 1280 2304 1353 ilosopbicis
2343 1281 2666 1352 disciplinis
2707 1287 2886 1354 atque
2917 1281 2978 1336 in
3003 1281 3336 1350 rhetoricis,
3369 1299 3402 1336 a
3439 1281 3525 1336 di-

157 1363 434 1436 ἀντιλογίαν
487 1365 556 1424 εἰς
597 1360 876 1418 ἄσπονδον
920 1363 1239 1431 ἐκϐιάζεται,
1273 1365 1420 1427 οὗτος
1457 1370 1548 1417 καὶ
1589 1371 1730 1438 χωρί

1949 1369 2182 1424 ardibus
2213 1370 2274 1426 in
2310 1371 2570 1442 speciem
2601 1371 2934 1442 pugnantia
2961 1385 3096 1425 vere
3125 1369 3442 1440 distinguit
3465 1370 3525 1426 in

153 1474 270 1515 τινος
295 1455 612 1526 αἰτιωμένου
645 1455 984 1526 συκοφάντην
1015 1453 1196 1508 ἑαυτὸν
1231 1459 1322 1506 καὶ
1361 1453 1550 1527 φαῦλον
1579 1459 1726 1528 κριτή

1947 1475 2039 1514 cra
2059 1475 2202 1515 vero
2221 1467 2426 1516 nostra
2445 1459 2716 1515 doctrina
2729 1459 2940 1516 eodem
2958 1460 3090 1530 jure
3109 1473 3228 1515 non
3253 1459 3404 1528 agit;
3425 1459 3523 1512 sed

155 1543 426 1616 ἀποφαίνει.
1869 1549 1962 1604 vel
1981 1549 2444 1620 superficiariam
2460 1549 2792 1621 quamlibet
2814 1551 3128 1606 verborum
3151 1564 3418 1622 pugnam
3447 1548 3526 1603 ad

149 1631 508 1688 insolubilem
543 1636 778 1688 vertere
803 1631 1008 1688 nititur
1041 1631 1572 1688 contradictionem
1601 1649 1614 1698 ;
1658 1632 1772 1698 hic,
1815 1634 2084 1708 inquam,
2125 1639 2270 1710 quin
2301 1654 2451 1712 opus
2480 1643 2823 1694 accusatore
2855 1637 2948 1708 sit,
2987 1637 3428 1710 sycophantam
3462 1652 3524 1691 se

151 1721 464 1794 nalumque
483 1719 758 1792 judicem
791 1737 926 1776 esse
959 1719 1176 1793 prodit.

213 1809 286 1882 β’,
333 1811 542 1864 Αύτίκα
569 1817 700 1884 γοῦν
735 1810 822 1862 ἶνα
850 1808 953 1862 ἀπὸ
983 1817 1078 1870 τῆς
1111 1817 1212 1863 τῶν
1241 1809 1442 1862 πολλῶν
1487 1813 1758 1873 συνηθείας

1946 1820 1991 1872 2.
2025 1817 2286 1874 Profecto
2333 1821 2396 1873 ut
2440 1833 2476 1873 a
2506 1833 2567 1873 re
2596 1817 2739 1872 satis
2764 1817 3070 1872 communi
3098 1815 3392 1883 exordiar,
3416 1813 3522 1872 bo-

153 1901 396 1974 ἄρξωμαι,
452 1901 480 1952 ὁ
535 1904 686 1972 φόνος
745 1899 924 1962 αὐτοῖς
977 1904 1070 1952 καὶ
1111 1899 1372 1962 πολιτείας
1413 1898 1526 1952 ἐστὶ
1571 1900 1729 1972 φύλαξ

1939 1904 2042 1962 icid
2055 1907 2176 1962 ium
2190 1913 2244 1963 et
2265 1906 2605 1979 reipublicae
2623 1904 2805 1962 tutela
2822 1905 3080 1961 creditur
3091 1904 3254 1978 apud
3276 1904 3515 1974 vulgus,

149 1995 226 2041 mi.
261 1992 468 2062 μύσους
509 1991 766 2050 ὑπόθεσις
800 2007 812 2018 ·
855 1993 944 2042 καὶ
989 1985 1058 2047 δὴ
1099 1993 1190 2042 καὶ
1231 1991 1260 2048 ἡ
1301 1987 1524 2064 ἐμπορία
1565 1993 1725 2062 κόσμι

1939 2011 2146 2068 emque
2187 1997 2435 2052 materia
2475 1995 2728 2051 sceleris.
2767 1998 2914 2051 Tum
2954 1999 3285 2050 mercatura
3314 1993 3515 2049 decori

151 2086 202 2148 τῇ
239 2079 404 2146 πόλει,
445 2083 537 2130 καὶ
577 2077 732 2150 ύϐρις
775 2077 868 2130 οὐκ
905 2077 1134 2132 ἔλαττον.
1183 2083 1280 2130 Καὶ
1327 2086 1435 2140 πῶς
1474 2077 1568 2130 οὐκ
1612 2076 1723 2130 ἐναν

1945 2084 2042 2140 nul
2069 2083 2324 2150 civibus,
2353 2085 2650 2156 simulque
2671 2083 2950 2140 dedecori
2971 2087 3072 2139 est.
3099 2081 3317 2148 Quidni
3338 2073 3521 2151 igitur

149 2173 224 2219 τία
259 2177 432 2220 ταῦτα
460 2187 474 2232 ;
507 2167 634 2220 Ὀτι
677 2169 903 2240 φονεύειν
951 2169 1044 2239 μιν
1089 2167 1184 2219 ούκ
1225 2167 1420 2229 ἔξεστιν
1469 2166 1725 2239 εὐεργέτην

1943 2189 1991 2228 ac
2019 2175 2317 2230 contraria
2342 2174 2529 2230 sunt?
2555 2172 2699 2246 quia
2729 2173 2992 2228 videlicet
3017 2187 3212 2244 neque
3241 2172 3519 2226 beneme-

150 2255 260 2308 ούόε
299 2257 518 2315 πολίτην
563 2261 742 2310 εὔνουν
781 2265 844 2329 τῇ
896 2255 1044 2308 πόλει
1076 2273 1088 2285 ·
1123 2252 1237 2308 οὐδ’
1287 2259 1332 2308 εἶ
1366 2276 1448 2319 τις
1486 2259 1710 2317 ἀναίτιος

1944 2279 2040 2318 um
2065 2263 2337 2320 occidere
2357 2262 2493 2320 licet
2509 2261 2718 2326 civem,
2739 2277 2938 2330 neque
2969 2259 3135 2316 urbis
3160 2259 3515 2324 studiosum,

147 2345 378 2418 πολέμιον
411 2343 472 2398 δὲ
501 2351 596 2398 καὶ
621 2351 918 2420 κακοῦργον
965 2349 1056 2398 καὶ
1104 2341 1368 2419 προδότην
1405 2344 1566 2406 ἄλλως
1611 2343 1700 2399 ἔνδ
1706 2367 1722 2398 ι

1945 2369 1976 2408 c
1995 2351 2262 2424 quamvis
2287 2353 2614 2409 innocuum
2641 2368 2652 2407 :
2677 2353 2912 2408 hostem
2935 2366 3074 2407 vero
3099 2353 3158 2405 et
3177 2348 3517 2406 maleﬁcum

145 2454 224 2486 κον
251 2437 518 2492 τεθνάναι.
564 2439 666 2488 Καὶ
699 2431 770 2492 δή
819 2440 910 2488 καὶ
957 2439 1044 2487 τὸν
1091 2432 1390 2508 ἀλλοτρίους
1429 2437 1626 2507 γάμους
1667 2431 1721 2487 δι

1949 2443 2242 2514 praecipue
2271 2441 2654 2512 proditorem.
2688 2457 2930 2514 aequum
2957 2444 3046 2496 est
3071 2439 3336 2496 interfici.
3371 2441 3519 2494 Pras-

143 2525 441 2594 ορύττοντα,
481 2523 562 2575 ἐπ’
609 2525 879 2598 αύτοφόρῳ
920 2523 1126 2584 ἁλόντα,
1167 2527 1346 2600 κύριός
1383 2522 1526 2576 ἐστιν
1567 2527 1592 2577 ὀ
1636 2520 1719 2582 ηδε

1939 2546 2024 2587 'ea
2037 2532 2140 2603 qui
2159 2531 2386 2586 alienos
2411 2531 2708 2588 thalamos
2733 2530 2936 2600 violat,
2963 2529 3014 2584 si
3045 2531 3104 2586 in
3128 2529 3392 2584 facinore
3418 2528 3515 2584 de-

143 2619 358 2682 κημένος
415 2617 508 2666 καὶ
553 2621 648 2666 τοῦ
699 2613 1111 2687 εἰσπράττεσθαι
1161 2617 1256 2672 τὴν
1308 2609 1462 2670 δίκην
1495 2630 1506 2644 ·
1551 2614 1646 2676 ἔξω
1695 2611 1719 2666 d

1941 2617 2284 2687 ehendatur,
2325 2619 2462 2674 licet
2487 2619 2724 2690 conjugi
2764 2618 2906 2675 laeso
2947 2633 3155 2690 poenas
3185 2617 3260 2672 de
3293 2616 3392 2672 illo
3423 2632 3517 2671 su-

143 2711 224 2754 τσύ
279 2705 486 2774 μύσους
532 2701 726 2768 λαϐὼν,
775 2699 1029 2760 δικαστὴν
1068 2701 1217 2754 ἄλλον
1260 2701 1498 2765 ἐπιςητεῖ
1539 2711 1630 2756 τοῦ
1673 2702 1719 2774 ἐγ

1935 2723 2021 2762 ere
2051 2724 2064 2762 :
2094 2709 2138 2762 si
2157 2713 2354 2764 tamen
2373 2708 2614 2764 aliunde
2632 2707 2866 2764 facinus
2885 2711 3299 2780 cognoscatur,
3331 2705 3511 2762 alium

141 2790 426 2862 κλήματος.
477 2790 644 2844 Πάλιν
688 2793 806 2843 ὅσοι
841 2794 902 2844 τὸ
941 2793 1180 2843 ταπεινὸν
1231 2800 1422 2864 σχῆμα
1469 2799 1562 2854 τῆς
1604 2791 1717 2845 πολι

1936 2796 2122 2852 dicem
2153 2813 2338 2853 causa
2363 2797 2642 2869 postulat.
2678 2799 2905 2852 Rursus
2945 2796 3219 2852 homines
3249 2795 3512 2850 obscuro

141 2885 274 2940 τείας
321 2877 672 2946 ὑποδύονται,
707 2879 984 2955 ἐμπορίαις
1027 2885 1122 2938 τὴν
1169 2879 1316 2934 πόλιν
1357 2881 1704 2944 συνκύξουσιν

1935 2902 1991 2941 re
2017 2885 2220 2956 generi
2245 2885 2444 2950 dediti,
2479 2885 2881 2942 mercimoniis
2913 2885 3034 2940 suis
3063 2884 3313 2940 civitatis
3347 2899 3511 2938 com-

139 2972 183 3020 οἱ
241 2966 306 3021 v3":
357 2977 672 3043 στρατηγεῖν
717 2973 748 3028 ἦ
797 2967 1136 3043 δημαγωγεῖν
1189 2975 1220 3030 ἧ
1275 2975 1342 3024 τὰ
1391 2979 1610 3024 τοιαῦτα
1657 2991 1715 3024 τα

1935 2975 2041 3030 adu
2069 2980 2292 3044 augent
2325 2974 2464 3048 :qui
2489 2989 2630 3030 vero
2660 2980 2764 3030 aut
2793 2973 3034 3029 ordines
3072 2972 3374 3038 militares,
3407 2976 3511 3028 aut

139 3059 372 3122 Ζθὲντες,
463 3059 538 3120 εἰς
617 3057 816 3116 ἐκείνην
900 3057 1294 3122 καταϐαίνοντες
1373 3065 1468 3118 τὴν
1537 3061 1715 3134 πρᾶξιι

1929 3064 2054 3120 viles
2087 3064 2488 3133 magistratus,
2523 3069 2626 3119 aut
2655 3062 2872 3118 similia
2903 3076 3154 3117 munera
3185 3065 3412 3130 gerunt,
3447 3059 3505 3114 hi

139 3157 232 3208 τῆς
307 3148 576 3210 πολιτείας
657 3147 994 3221 ἐξυϐρίζουσι
1067 3151 1126 3200 τὸ
1204 3147 1408 3221 ἀξίωμα
1441 3167 1454 3180 ·
1497 3155 1584 3202 καὶ
1651 3159 1715 3202 τῶ

1933 3153 1996 3207 ad
2015 3151 2117 3208 illa
2135 3152 2375 3222 negotia
2397 3167 2460 3207 se
2488 3151 2635 3208 forte
2657 3149 2992 3214 demittant,
3015 3149 3142 3204 vitae
3167 3165 3290 3203 suae
3317 3148 3509 3219 digni-

137 3233 582 3310 παραδειγμάτων
637 3243 733 3290 ούκ
783 3241 900 3291 ἔστι
954 3240 1114 3313 πέρας
1159 3245 1230 3309 τῷ
1289 3237 1584 3311 βουλομένῳ
1633 3236 1713 3292 διο

1933 3257 2027 3298 em
2058 3241 2440 3298 dedecorant.
2469 3240 2676 3296 Nullus
2701 3239 3110 3311 exemplorum
3141 3237 3276 3293 finis
3305 3238 3432 3308 erit,
3463 3237 3509 3294 si

137 3328 484 3398 περάνασθαι.
539 3327 706 3400 ’Θρᾶς
765 3330 834 3389 ὡς
895 3327 1056 3379 πολλὰ
1116 3329 1207 3400 μὲν
1263 3332 1550 3400 φαντασίαν
1614 3348 1713 3401 παρ

1931 3331 1992 3386 iis
2022 3330 2228 3388 omnia
2257 3331 2528 3404 persequi
2547 3329 2700 3387 velit.
2733 3329 3003 3386 Viden’ut
3031 3327 3222 3384 multa
3251 3328 3507 3400 speciem

135 3419 316 3485 ἔχε-ται
383 3415 714 3480 ἀντιθέσεως,
765 3415 1102 3489 ἐξεταζόμενα
1173 3412 1232 3470 δὲ
1295 3422 1387 3475 τὴν
1450 3422 1711 3490 συμφωνία

1937 3437 1978 3476 te
2027 3437 2089 3477 se
2119 3421 2314 3478 ferunt
2363 3420 2812 3487 contrarietatis,
2861 3435 3000 3492 quae
3035 3434 3174 3474 mox
3217 3431 3513 3490 perpensa

135 3505 472 3572 ἀσπάζεται;
527 3507 712 3568 Οὕτως
783 3503 872 3558 οὖν
927 3511 1018 3558 καὶ
1083 3503 1168 3558 hri.
1247 3514 1342 3567 τῆς
1399 3509 1537 3580 ἱερᾶς
1607 3507 1711 3578 ἡμᾱί

1938 3509 2244 3565 ncordiam
2268 3513 2507 3566 tuentur
2535 3511 2563 3567 ἳ
2597 3510 2705 3568 His
2733 3508 2909 3579 igitur
2934 3507 3514 3564 considerationibus

135 3599 346 3665 Γραφῆς
377 3590 496 3647 δίον
529 3596 758 3666 θεωρεῖν,
799 3596 860 3656 ἧς
886 3595 1046 3670 ῥητόν
1091 3600 1180 3648 καὶ
1221 3599 1279 3648 τὸ
1321 3599 1412 3648 σὸν
1453 3595 1711 3670 πρόϐλημι

1937 3615 2107 3655 sacra
2131 3615 2374 3672 quoque
2403 3599 2702 3672 Scriptura
2723 3603 2924 3654 nostra
2950 3597 3034 3654 nti
3065 3601 3317 3670 oportet,
3341 3596 3513 3666 cujus

135 3689 264 3756 πρὸς
290 3683 316 3734 ὃ
347 3681 597 3742 δηλονότι
629 3681 930 3743 διετυπὼθη
961 3689 1052 3737 καὶ
1083 3689 1141 3738 τὸ
1171 3685 1284 3738 ὅλον
1313 3681 1406 3738 τοῦ
1434 3686 1590 3758 λόγου
1631 3705 1711 3757 πρε

1941 3706 1947 3744 '.
1963 3688 2203 3746 effatum
2223 3687 2366 3744 illud
2381 3689 2544 3760 quod
2561 3695 2622 3743 tu
2641 3687 2780 3743 mihi
2803 3687 3036 3756 objicis,
3065 3693 3122 3742 et
3143 3685 3312 3757 cujus
3327 3685 3517 3754 gratia

133 3778 328 3844 σίμιον.
1861 3779 2050 3830 totum
2089 3772 2385 3828 sermonis
2425 3774 2602 3844 hujus
2641 3771 2958 3844 praemium
2995 3772 3350 3827 adornatum
3387 3770 3514 3826 fuit.

205 3861 280 3932 γ’.
343 3867 550 3924 Μωσῆς
589 3863 614 3913 ὁ
657 3863 940 3934 νομοθέτης
995 3859 1122 3932 εἶπε,
1172 3862 1362 3935 μᾶλλον
1413 3859 1464 3915 δ’
1513 3865 1539 3915 ὁ
1585 3866 1756 3926 κοινὸς

1937 3867 1984 3918 3.
2009 3861 2330 3932 Legislator
2353 3861 2543 3918 Moses
2559 3863 2700 3931 (imo
2725 3877 2864 3917 vero
2887 3860 3226 3916 communis
3243 3859 3513 3916 omnium

131 3955 224 4002 καὶ
263 3951 514 4013 πλάστης
558 3956 648 4003 καὶ
693 3952 973 4023 νομοθέτης
1017 3947 1090 4002 δι’
1140 3951 1316 4007 αὐτοῦ.
1369 3973 1394 4003 ιι
1448 3952 1522 4005 Ού
1580 3973 1707 4026 φονεὴ

1939 3957 2091 4008 sator
2125 3957 2182 4007 et
2209 3949 2514 4022 legislator
2555 3965 2656 4006 ore
2701 3950 2830 4020 ejus
2864 3950 3140 4021 loquens)
3171 3949 3252 4004 ait
3283 3965 3298 4003 :
3331 3965 3361 4003 »
3389 3951 3515 4005 Non

135 4057 246 4102 σεις
277 4059 292 4072 ο
329 4063 358 4088 θ
415 4045 514 4092 καὶ
577 4039 732 4092 πάλιν
763 4059 776 4072 ·
839 4063 864 4088 ιιι
923 4041 1090 4093 esse:
1143 4041 1362 4102 ἕκαστος
1413 4047 1509 4100 τὴν
1571 4045 1711 4095 ἓαυτι

1940 4041 2099 4098 cides
2131 4043 2144 4076 ¹
2171 4041 2217 4096 *.
2243 4060 2272 4093 ››
2305 4042 2646 4112 Rursusque
2675 4055 2687 4094 :
2717 4062 2738 4088 ι
2773 4039 3072 4107 Accingite
3104 4039 3515 4112 unusquisque

129 4129 398 4200 ῥομφαίαν
453 4128 542 4181 ἐπὶ
597 4132 686 4180 τὸν
733 4131 922 4201 μηρὸν,
976 4135 1067 4182 καὶ
1112 4127 1338 4184 διέλθετε
1388 4135 1478 4184 καὶ
1529 4129 1705 4204 ἀνακά]

1937 4138 2020 4187 tus
2047 4145 2192 4186 ense
2228 4146 2242 4196 ;
2271 4129 2408 4186 itote
2440 4145 2510 4184 ac
2551 4127 2851 4184 circumita
2887 4131 3218 4184 castrorum
3254 4131 3462 4199 portas
3503 4144 3513 4194 ;

135 4215 270 4284 φατε
315 4217 424 4270 ἀπὸ
463 4217 634 4279 πύλης
671 4217 738 4279 εἰς
775 4217 942 4276 πύλην
989 4214 1078 4270 διὸ
1123 4227 1218 4281 τῆς
1265 4219 1615 4292 παρεμϐολῆς,
1667 4241 1711 4273 κι

1941 4219 2140 4276 cidant
2171 4219 2392 4288 singuli
2424 4218 2666 4274 fratrem
2711 4234 2889 4273 suum
2921 4223 2975 4272 et
3005 4217 3416 4272 necessarium
3447 4230 3517 4270 ac

139 4303 478 4360 ἀποκτείνατε
515 4308 736 4368 ἕκαστος
778 4311 866 4360 τὸν
909 4303 1128 4380 ἀδελφὸν
1178 4308 1358 4380 αὐτοῦ,
1411 4314 1502 4361 καὶ
1541 4310 1715 4363 ἓκαστι

1942 4311 2204 4367 oximum
2257 4315 2296 4364 ³.
2348 4330 2372 4360 ι»
2412 4309 2626 4376 Quidni
2677 4309 2854 4378 igitur
2903 4306 3064 4362 dicta
3109 4305 3238 4362 haec
3285 4309 3518 4360 mutuas

137 4401 224 4446 τὸν
257 4397 488 4454 πλησίον
528 4396 704 4463 αὑτοῦ,
751 4401 842 4449 καὶ
887 4397 1102 4460 ἕκαστος
1135 4399 1219 4450 τὸν
1249 4401 1472 4470 ἔγγιστα
1515 4398 1694 4454 αύτοῡ.

1943 4400 2060 4456 ιιίθε
2098 4399 2228 4468 lege
2259 4399 2532 4454 sanciunt
2562 4397 2590 4452 ?
2617 4397 2730 4452 nisi
2759 4396 2906 4469 quia
2957 4394 3343 4464 intelligimus
3391 4409 3519 4464 par-

137 4491 246 4545 Πῶς
297 4483 390 4538 οὖν
433 4485 592 4538 αὗται
635 4487 692 4537 αἱ
733 4489 894 4557 φωναὶ
935 4490 1030 4544 τὴν
1075 4485 1302 4546 ἀλλήλων
1347 4487 1404 4538 ού
1453 4489 1713 4560 νομοθετοι

1941 4489 2122 4546 ndum
2153 4503 2280 4543 esse
2323 4486 2562 4542 innoxio
2596 4502 2610 4552 ;
2639 4487 2848 4541 mortis
2878 4489 3078 4540 autem
3109 4499 3300 4550 reum,
3330 4489 3386 4538 et
3413 4483 3517 4556 qui

139 4591 220 4624 σιν
263 4573 538 4650 αναίρεσιν
567 4595 580 4640 ;
613 4580 682 4627 Ἤ
722 4569 964 4631 δηλονότι
1005 4575 1064 4626 ού
1111 4577 1372 4646 φονεύσεις
1409 4579 1500 4648 μὲν
1547 4581 1632 4629 τὸν
1671 4576 1715 4630 ἀι

1945 4579 2083 4634 trias
2126 4577 2288 4646 leges
2327 4575 2585 4640 violavit,
2640 4573 3030 4645 debitumque
3063 4572 3320 4630 Creatori
3349 4571 3520 4628 obse-

137 4667 304 4714 αἰτιον
335 4683 352 4695 ·
393 4667 486 4715 τὸν
527 4658 588 4716 δέ
631 4681 692 4734 γε
735 4664 958 4714 θανάτου
1002 4665 1204 4735 ἔνοχον,
1236 4669 1325 4716 καὶ
1361 4669 1448 4718 τὸν
1487 4672 1713 4740 πατρῷοι

1943 4668 2066 4724 ium
2095 4666 2170 4722 ad
2195 4664 2354 4720 idola
2379 4662 2698 4728 transtulit,
2725 4662 2904 4734 hunc,
2929 4662 3203 4735 inquam,
3231 4663 3364 4720 neci
3393 4678 3517 4718 esse

135 4757 322 4821 νόμους
371 4751 738 4824 ἐνυϐρίσαντα,
783 4747 1018 4814 εἰδώλοις
1067 4771 1122 4806 τε
1157 4755 1216 4806 τὸ
1253 4761 1346 4806 τοῦ
1392 4753 1632 4808 Πλάστου
1675 4775 1710 4808 σ

1939 4755 2238 4813 ιάθῐιάιιω.
2263 4753 2531 4810 Libenter
2555 4753 2765 4808 omitto
2791 4753 2972 4809 verba
2993 4774 3020 4806 (ι
3049 4752 3420 4808 Adulterium
3443 4767 3515 4807 ne

135 4839 230 4903 ϐας
289 4840 642 4913 ciam-piparas,
697 4845 832 4912 φόνῳ
883 4840 1136 4902 κολάσεις.
1199 4843 1400 4896 Ἐάσειν
1453 4864 1543 4917 μοι
1611 4843 1708 4898 de:

1939 4848 2034 4902 :ito
2069 4863 2081 4914 ;
2117 4865 2144 4896 »
2178 4849 2234 4900 et
2267 4860 2279 4898 :
2314 4863 2338 4894 ιι
2376 4842 2534 4914 Cape
2567 4841 2672 4896 tibi
2701 4841 2990 4898 feminam
3021 4843 3410 4906 meretricem,
3449 4857 3515 4896 ac

135 4935 194 4981 τι
223 4948 240 4960 ο
273 4953 296 4980 ε
327 4931 404 4983 Ού
429 4931 756 5002 μοιχεύσεις,
787 4950 812 4980 ν
846 4933 1012 4982 καὶτό
1042 4948 1055 4960 ·
1096 4952 1126 4980 ιι
1166 4931 1296 4984 Λάϐε
1338 4943 1540 5004 σεαυτῷ
1568 4945 1711 5006 γυναῑ

1935 4951 2074 4992 ueros
2128 4933 2344 4990 nothos
2399 4946 2536 4987 crea
2573 4931 2644 5002 3;
2695 4951 2724 4980 »
2753 4931 2979 4987 habent
3023 4933 3184 4986 enim
3242 4930 3511 4988 altiorem

141 5037 208 5068 κα
249 5025 492 5094 τορνείας
523 5023 616 5072 καὶ
645 5022 803 5071 τέκνα
841 5023 1108 5092 πορνείας,
1149 5040 1178 5071 ν
1219 5021 1379 5093 ’Ἑχει
1421 5025 1522 5095 γάρ
1568 5043 1618 5076 τι
1661 5043 1717 5076 κο

1939 5024 2134 5080 sescnti
2154 5021 2486 5095 quaestione
2509 5035 2755 5076 sensum
2783 5036 2793 5074 :
2821 5019 2926 5076 sed
2943 5024 3148 5077 tamen
3171 5019 3266 5076 hic
3278 5035 3515 5093 quoque

137 5113 228 5156 τσῦ
273 5107 594 5181 ζητουμένου
641 5107 931 5182 βαθύτερον
961 5109 1040 5180 (8)
1075 5129 1088 5142 ’
1133 5109 1264 5168 πλὴν
1310 5113 1394 5163 ὅτι
1438 5115 1713 5184 περίστασι

1942 5112 2302 5170 cumstantia
2329 5109 2488 5177 facit,
2522 5114 2586 5164 ut
2613 5125 2910 5182 apparens
2935 5123 3136 5180 pugna
3161 5124 3378 5180 reapse
3394 5125 3515 5166 non

139 5193 403 5250 κάνταῦθα
429 5207 566 5252 ποιεῖ
603 5203 700 5256 τὴν
737 5202 1045 5270 φαινομένην
1075 5201 1260 5272 μάχην
1295 5205 1368 5273 μὴ
1415 5203 1690 5273 μάχεσθαι

1939 5206 2097 5271 gnet.
2141 5199 2314 5256 Haud
2353 5199 2488 5255 licet
2521 5197 2622 5254 Dei
2655 5199 3014 5275 prophetam
3054 5213 3256 5266 manu,
3288 5197 3514 5269 lingua,

221 5377 266 5426 t'
295 5375 480 5432 Exod.
521 5393 622 5443 xx,
660 5381 748 5435 l3.
823 5379 844 5412 ³
869 5377 1051 5442 Exod,
1093 5393 1274 5442 χχιιι,
1309 5380 1400 5432 27.
1481 5383 1499 5414 ³
1534 5377 1679 5436 Osec
1706 5395 1744 5446 1,
1771 5382 1826 5433 2.

1707 5529 1932 5588 NOTAE.

213 5677 296 5748 (8)
335 5679 556 5738 Videsis
589 5679 885 5740 Theodori
911 5681 1312 5754 Mopsuesteni
1338 5682 1894 5756 interpretationem
1919 5684 2080 5740 Osca:
2103 5683 2428 5758 prapbetze.
