3992 6182
443 273 506 328 51
1675 279 1908 336 PHOTII
1951 276 2430 334 PATRIAIICHEE
2469 278 2574 334 Cl).
3725 291 3792 343 5'2

449 400 620 456 modo
651 402 936 474 quolibet,
971 405 1207 464 violari.
1247 409 1344 463 Rei
1379 411 1558 463 testes
1588 405 1863 463 iilusores
1897 404 2084 478 pueri,

2203 403 2313 456 Οὐκ
2370 402 2564 466 ἔξεστιν
2617 403 2688 466 εἰς
2741 408 2870 457 Θεοῦ
2914 409 3180 476 προφήτην
3219 406 3470 480 ὑϐρίζειν,
3525 408 3582 460 οὗ
3634 417 3790 485 χειρὶ,

445 491 548 561 qui
575 507 711 547 cum
741 495 1092 566 prophetam
1117 497 1258 552 risui
1289 496 1658 562 habuissent,
1681 495 1953 552 convicia
1979 509 2090 550 sua

445 595 762 651 corporum
797 585 1098 656 suppliciis
1123 586 1360 642 luerunt
1387 589 1425 644 ⁵.
1461 587 1786 658 Ceteroqui
1815 589 1873 641 et
1903 584 2089 640 alium

445 669 730 740 invenies,
756 673 1014 746 quiquia
1026 675 1332 748 prophetae
1355 676 1568 733 faciem
1597 691 1717 732 non
1737 674 2086 740 verberavit,

443 759 500 813 in
533 763 862 818 extremum
917 764 1158 820 exitium
1213 765 1422 822 incidit
1471 769 1520 824 ⁵.
1571 766 1862 838 Quodque
1905 763 2092 833 magis

444 849 850 908 difficultatem
899 855 1163 920 roborat,
1205 861 1262 912 et
1297 855 1424 912 illos
1461 855 1560 928 qui
1613 855 1812 926 injurii
1853 853 2092 910 fuerant.

445 939 566 996 fera
595 939 855 1008 laniavit,
899 947 953 998 et
981 957 1120 1000 eum
1155 945 1422 1001 similiter
1451 945 1544 1018 qui
1574 945 1648 1000 ab
1677 959 1748 1000 eo
1779 943 1932 1000 facto
1961 943 2090 1000 imi-

444 1030 624 1085 tando
650 1037 900 1100 caverat,
929 1033 1047 1089 alia
1073 1033 1448 1091 ferainvasit.
1481 1034 1630 1100 Quid
1661 1049 1801 1104 ergo
1831 1035 1858 1090 ?
1889 1047 2088 1088 nonne

444 1119 570 1174 haec
635 1121 932 1178 contraria
977 1123 1168 1180 sunt?
1213 1124 1446 1180 Minime
1500 1123 1786 1192 gentium.
1861 1123 2084 1180 Etenim

441 1208 719 1280 qumdam
771 1212 1013 1282 proprio
1056 1211 1282 1284 judicio
1333 1213 1731 1286 instinctuque
1785 1217 2083 1286 suscepta,

443 1313 683 1370 prorsus
715 1315 836 1355 non
877 1300 1053 1356 licent
1085 1321 1097 1361 :
1131 1317 1340 1358 verum
1391 1301 1490 1358 ubi
1539 1305 1692 1358 Deus
1721 1303 1983 1374 jusserit,
2032 1309 2088 1359 et.

443 1389 736 1444 sententia
759 1389 987 1446 coalitus
1011 1391 1128 1448 lata
1159 1391 1350 1456 fuerit,
1385 1407 1504 1448 non
1537 1392 1730 1448 solum
1757 1393 1936 1448 verbo
1969 1409 2086 1448 non

443 1478 576 1534 licet
606 1477 772 1534 locus
809 1479 962 1534 haud
1001 1484 1107 1545 est,
1142 1495 1348 1536 verum
1382 1481 1558 1537 etiam
1591 1481 2086 1554 inobsequentem

443 1581 622 1642 pcena
650 1567 868 1625 acerba
898 1570 1295 1642 consequitur.
1329 1569 1652 1643 Utrumque
1689 1571 1868 1642 igitur
1893 1587 2090 1628 sacra—

441 1673 576 1714 rum
595 1657 944 1714 Litterarqu
978 1658 1320 1732 exemplum
1347 1663 1738 1732 apparentem
1770 1661 2090 1718 contrarie-

2201 492 2258 544 οὐ
2309 493 2550 564 γλώσσῃ,
2605 493 2700 546 οὐκ
2752 493 2904 566 ἑτέρῳ
2945 497 3117 565 τρόπῷ
3171 499 3316 546 τινί·
3352 501 3440 548 καὶ
3493 501 3787 572 μαρτύριον,

2199 579 2380 642 παῖδες
2437 580 2712 655 ἁθύροντες
2762 587 2852 636 καὶ
2907 589 3176 658 προφήτην
3237 587 3530 656 ποιούμενοι
3582 587 3789 658 γέλωτα,

2201 669 2314 724 ἀντὶ
2372 673 2700 744 σκωμμάτων
2759 674 3010 744 σωμάτων
3067 671 3496 746 εἰσεπράχϐησαν
3545 675 3786 750 οἼιεθρονο

2201 758 2308 812 ἀλλ’
2347 761 2588 834 εὑρήσεις
2633 764 2766 826 τινὰ,
2819 760 2924 814 imi
2975 765 3048 834 μή
3095 769 3188 814 τοῦ
3231 769 3494 836 προφήτου
3541 769 3634 823 τὴν
3679 765 3792 838 ὄψιν

2200 847 2464 918 ἐπάταξεν,
2526 853 2604 904 ὅτι
2659 855 2752 910 τήν
2805 852 3042 922 ἑσχοὶτην
3093 847 3250 910 δίκην
3299 851 3510 906 ἀπέτισε
3541 873 3554 886 ⁶
3597 859 3688 906 καὶ
3737 859 3793 908 τὸ

2197 942 2447 1012 κρατύνον
2486 940 2673 1013 μᾶλλον
2711 946 2770 993 τό
2821 941 3034 1014 ἄπορον,
3085 943 3208 1002 τούς
3251 961 3306 994 τε
3349 946 3480 1016 πρὸς
3525 943 3676 1016 ὕϐριν
3719 944 3793 1008 ἐξ·

2198 1031 2498 1101 ενεχθέντας
2583 1033 2760 1105 θηρίον
2835 1027 3112 1104 ἓσπάραξε,
3162 1035 3252 1084 καὶ
3293 1033 3381 1083 τὸν
3421 1031 3798 1091 εὐαλαϐηθέντα

2197 1122 2290 1177 τὴν
2325 1123 2570 1192 μίμησιν,
2615 1120 2795 1191 Θηρίον
2841 1117 2966 1171 ἄλλο
3015 1116 3289 1172 διέσπασε.
3337 1125 3399 1172 Τί
3437 1117 3523 1173 οὖν
3561 1123 3664 1195 ἄρα
3711 1124 3800 1176 οὐκ

2197 1210 2400 1260 ἐναντία
2429 1215 2627 1275 ταῦτας
2660 1209 2736 1260 Οὐ
2776 1211 2866 1280 μεν
2905 1205 2992 1261 οὖν
3027 1204 3154 1261 οὐδὲ
3193 1208 3382 1260 πολλοῦ
3427 1205 3510 1262 δεῖ
3539 1225 3553 1242 ·
3582 1211 3680 1263 οὐκ
3727 1213 3800 1276 ἓξ-

2197 1317 2308 1350 εστι
2347 1301 2436 1369 μεν
2481 1299 2580 1372 γὰρ
2619 1294 2736 1350 οὐδ’
2768 1297 2892 1359 ὅλως
2923 1297 3088 1370 οἰκείᾳ
3125 1303 3298 1372 κρίσει
3331 1303 3420 1350 καὶ
3459 1299 3591 1373 ὁρμῇ
3633 1300 3801 1374 ἀνερε-

2200 1389 2510 1459 θισόμενονο
2560 1383 2770 1440 ἐπειδὰν
2829 1383 2888 1440 δὲ
2944 1389 3067 1447 Θεὸς
3137 1386 3312 1459 κελεύῃ
3381 1393 3472 1440 καὶ
3523 1391 3554 1448 ἡ
3625 1389 3798 1462 ψῆφος

2199 1477 2388 1530 ἄνωθεν
2416 1481 2638 1550 φέροιτο,
2689 1475 2746 1527 οὐ
2797 1479 2949 1548 μόνον
2987 1475 3080 1527 οὐκ
3121 1475 3234 1546 εχει
3269 1481 3452 1548 χώραν
3479 1481 3538 1529 τὸ
3575 1477 3694 1533 Οὐκ
3729 1479 3798 1543 εξ-

2199 1585 2358 1630 εστιν,
2417 1565 2540 1616 ἀλλὰ
2596 1571 2686 1617 καὶ
2739 1569 2832 1624 τὴν
2891 1565 3296 1636 παρημεληκότα
3345 1575 3539 1641 πικρῶς
3585 1569 3614 1626 ἡ
3671 1566 3794 1629 δίκη

2197 1659 2525 1728 μετέρχεται.
2597 1655 2862 1729 Ἑκάτερον
2931 1650 3021 1706 οὗν
3097 1662 3198 1706 τῶν
3263 1657 3408 1728 ἱερῶν
3479 1660 3798 1730 γραμμάτων

443 1749 623 1802 tatem
667 1747 967 1820 dispellit;
1002 1747 1256 1805 alterum
1281 1747 1526 1822 quidem
1579 1749 1738 1805 noxii
1763 1756 1820 1806 et
1865 1751 2084 1808 innoxii

2199 1741 2538 1820 παράδειγμα
2581 1749 2674 1802 τὴν
2708 1741 2968 1797 δοκοῦσαν
2999 1743 3294 1796 ἐναντίωσιν
3321 1743 3742 1807 ἀποσκευάζεται
3775 1763 3788 1777 ·

441 1835 892 1893 circumstantia
925 1855 938 1905 ;
973 1837 1224 1894 alterum
1255 1853 1291 1895 a
1318 1838 1522 1894 divino
1551 1841 1783 1896 decreto
1813 1844 1869 1896 et
1897 1840 2084 1896 homi-

440 1925 534 1982 nis
561 1927 889 1984 voluntate.

509 2109 563 2160 4.
597 2105 777 2162 Multa
807 2119 1049 2180 quoque
1080 2107 1192 2164 alia
1221 2123 1356 2180 quas
1387 2107 1555 2165 aliter
1583 2123 1854 2182 pugnare
1885 2109 2088 2164 viden-

439 2197 550 2263 tur,
585 2195 895 2268 perpensis
917 2201 1072 2252 recte
1105 2195 1586 2264 circumstantiis,
1621 2197 1696 2254 ad
1727 2213 2086 2254 consensum

437 2289 810 2342 revocantur.
841 2285 906 2341 Id
938 2299 1078 2342 vero
1126 2287 1336 2342 accidit
1363 2301 1521 2342 nunc
1569 2287 1719 2353 loco,
1752 2303 1912 2344 nunc
1937 2293 2089 2344 tem-

439 2391 597 2446 pore,
629 2375 922 2431 interdum
962 2391 1204 2448 quoque
1254 2391 1531 2448 persona.
1567 2379 1631 2432 Et
1675 2381 1810 2432 sunt
1839 2377 2086 2450 quidem

437 2465 496 2519 in
527 2467 792 2535 tempore
819 2463 1164 2519 difi'crentim
1193 2479 1311 2520 non
1335 2479 1558 2535 pauere,
1585 2465 1774 2522 multo
1799 2469 1992 2522 autem
2025 2467 2084 2522 in

436 2567 694 2624 persona
725 2551 926 2624 plures
955 2569 968 2618 ;
1002 2551 1276 2608 dominus
1309 2559 1366 2608 et
1387 2553 1664 2610 subditus
1707 2571 1720 2618 ;
1754 2555 1872 2610 dux
1900 2560 1954 2611 et
1979 2555 2087 2612 du-

439 2645 562 2695 ctus
593 2657 606 2706 ;
639 2639 877 2696 initians
911 2643 966 2695 et
988 2640 1249 2696 initiatus
1279 2659 1290 2708 ;
1319 2641 1655 2713 discipulus
1684 2647 1738 2697 et
1763 2643 2081 2712 magister;

437 2729 650 2784 noxius
681 2733 738 2784 et
767 2729 1068 2784 innoxius.
1097 2732 1315 2784 Rursus
1337 2731 1676 2786 communis
1697 2737 1782 2786 est
1813 2749 2086 2803 persona:

437 2817 669 2882 divisio,
704 2818 1038 2873 immutatio
1055 2818 1318 2889 ejusdem
1345 2817 1430 2874 vel
1455 2821 1804 2891 suppositio.
1827 2823 2086 2893 Namque

436 2907 554 2963 alia
581 2907 809 2979 species
833 2907 1140 2977 consurgit
1171 2913 1396 2963 mutato
1429 2923 1612 2973 more,
1645 2915 1922 2964 manente
1953 2925 2086 2981 per-

435 3011 585 3052 sona
617 3012 630 3062 ;
665 2995 781 3052 alia
809 3011 1014 3051 rursus
1067 3013 1202 3051 cum
1255 2997 1354 3052 uni
1415 2997 1496 3053 rei
1552 2997 1667 3054 alia
1709 2999 2082 3070 supponitur.

2197 1837 2256 1887 τὸ
2283 1837 2372 1906 μεν
2417 1833 2470 1886 ἐκ
2510 1841 2604 1896 τῆς
2641 1841 2732 1886 τοῦ
2775 1832 3052 1888 ἁνευθύνου
3094 1837 3184 1884 καὶ
3223 1835 3508 1886 ὑπευθύνου
3557 1832 3798 1894 δηλονότι

2199 1927 2570 1997 περιστάσεως,
2615 1927 2671 1976 τὸ
2711 1921 2771 1976 δε
2799 1925 2943 1997 παρὰ
2973 1926 3062 1981 τὴν
3095 1924 3232 1976 θείαν
3261 1923 3434 1998 ψῆφον
3463 1929 3550 1979 καὶ
3591 1929 3650 1980 τὸ
3687 1925 3798 1980 ἅνθ-

2197 2019 2414 2088 ρώπινον
2441 2015 2672 2086 ὅρμημα.

2271 2098 2339 2154 δ’.
2385 2100 2554 2154 Πολλὰ
2601 2099 2658 2154 δὲ
2701 2105 2792 2154 καὶ
2821 2101 2950 2153 ἄλλα
2997 2105 3090 2160 τὴν
3129 2100 3178 2154 ἐν
3221 2101 3390 2163 ἄλλοις
3431 2104 3614 2174 μάχην
3665 2125 3802 2179 προ-

2199 2195 2461 2264 φαίνοντα,
2548 2199 2648 2242 τῶν
2721 2198 3100 2265 περιστατικῶν
3163 2189 3328 2266 ὀρθῶς
3403 2187 3796 2267 διακριθέντων,

2198 2282 2262 2342 εἰς
2303 2285 2604 2352 συμφωνίαν
2643 2282 2952 2352 μεθίσταται
2991 2293 3003 2308 '
3044 2279 3164 2332 ὧιλο
3209 2277 3492 2352 δΐγίνεται
3539 2285 3667 2336 ποτε
3713 2287 3800 2356 μὲν

2195 2372 2339 2442 παρὰ
2378 2373 2464 2422 τὸν
2501 2373 2678 2438 τόπον,
2711 2369 2832 2421 οἴλλο
2861 2389 2915 2422 τε
2959 2371 3104 2442 παρὰ
3147 2371 3232 2422 τὸν
3270 2373 3478 2442 χρόνον,
3531 2372 3698 2424 ἓνίοτε
3745 2369 3802 2426 δι

2196 2463 2284 2511 καὶ
2323 2461 2464 2532 παρὰ
2497 2463 2555 2511 τὸ
2595 2461 2891 2532 πρόσωπον.
2939 2458 3094 2530 Ἔχει
3133 2461 3224 2531 μὶν
3267 2455 3354 2511 οὖν
3405 2465 3494 2512 καὶ
3537 2461 3566 2511 ὁ
3600 2465 3802 2532 χρόνος

2198 2547 2448 2623 διαφορὰς
2487 2547 2580 2600 οὐκ
2623 2547 2818 2619 ὀλίγας,
2855 2547 2985 2600 πολὺ
3031 2543 3089 2600 δε
3123 2550 3184 2600 τὸ
3223 2551 3499 2623 πρόσωπον
3547 2547 3798 2610 πλείους·

2195 2639 2432 2712 ἄρχοντα
2468 2642 2558 2689 καὶ
2599 2635 2887 2710 ἀρχόμενον
2915 2651 2933 2670 θ
2975 2635 3268 2708 εἰσάγοντα,
3313 2637 3642 2709 εἰσαγόμενον
3669 2657 3684 2670 ο
3719 2657 3798 2690 τε·

2195 2726 2448 2796 λειοῡντα,
2507 2727 2890 2798 τελειούμενον·
2949 2727 3209 2798 μαθητὴν,
3271 2721 3596 2778 διδάσκαλον
3639 2743 3656 2758 ⁸
3711 2733 3802 2779 καὶ

2196 2818 2252 2868 τὸ
2285 2819 2448 2867 αἴτιον
2478 2821 2566 2867 καὶ
2597 2819 2654 2867 τὸ
2689 2814 2916 2866 ἀναίτιον
2949 2819 3059 2866 ’καὶ
3106 2817 3250 2872 κοινὴ
3297 2813 3450 2866 πάλιν
3479 2822 3568 2867 τοῦ
3629 2835 3804 2889 προσ-

2197 2909 2338 2956 ώπου
2395 2909 2550 2976 τομὴ,
2609 2903 2864 2976 μεταϐολὴ
2929 2907 3114 2955 τούτου
3169 2905 3260 2955 καὶ
3314 2903 3584 2974 ὑπαλλαγή
3611 2921 3624 2932 ⁸
3681 2904 3806 2956 ἄλλο

2195 2996 2296 3066 γὰρ
2327 2990 2468 3055 εἶδος
2507 2991 2843 3058 ἀποτελεῖται,
2881 2999 2971 3044 τοὺ
3025 2993 3183 3053 ἤθους
3233 2994 3324 3064 μεν
3366 2996 3806 3064 μεταπίπτοντος,

435 3085 641 3154 Veluti,
667 3101 888 3155 regem,
910 3085 1046 3141 fecit
1068 3087 1216 3142 Deus
1247 3087 1506 3155 Saulem,
1528 3093 1580 3143 et
1603 3089 1864 3143 vicissim
1890 3089 2082 3144 eidem

2199 3091 2287 3136 τοῦ
2317 3089 2598 3154 προσώπου
2631 3079 2690 3134 δε
2739 3079 3071 3154 διαμένοντος
3103 3099 3115 3110 ·
3149 3085 3239 3134 καὶ
3283 3083 3450 3153 ἕτερον
3481 3081 3632 3134 πάλιν
3687 3083 3810 3132 ὃταν

434 3191 685 3245 regnum
739 3175 980 3230 ademit.
1027 3197 1054 3225 ‹‹
1085 3175 1292 3232 Adhuc
1343 3173 1455 3231 tres
1504 3177 1634 3232 dies
1689 3178 1892 3233 Ninive
1947 3178 2088 3234 sub-

433 3267 696 3317 vertetur
727 3266 747 3297 δ
779 3282 790 3330 ;
823 3283 854 3315 ›
890 3269 1194 3336 exspectat
1237 3269 1435 3321 autem
1489 3267 1632 3321 urbs
1689 3267 2086 3338 praestitutum

435 3355 672 3421 tempus
696 3350 882 3406 libera
913 3353 1070 3407 malo
1101 3359 1156 3408 et
1186 3353 1429 3409 illibata.
1459 3355 1744 3410 Sexcenta
1777 3356 1893 3410 alia
1925 3363 2083 3428 sunt,

435 3455 570 3512 quae
607 3455 716 3512 per
763 3455 998 3496 morum
1050 3443 1436 3498 mutationem
1475 3459 1792 3515 personam
1829 3447 2088 3501 subdivi-

437 3529 655 3596 dentia,
691 3531 903 3584 mentis
939 3531 1256 3586 tumultum
1292 3531 1366 3586 ad
1400 3533 1658 3604 quietem
1690 3539 1930 3589 vocant.
1957 3537 2086 3590 tam

436 3617 596 3690 quod
625 3621 818 3672 Aaron
851 3633 1062 3690 pmnas
1091 3635 1208 3674 non
1237 3621 1464 3676 dederit
1491 3621 1724 3676 conflati
1757 3622 1938 3690 vituli,
1965 3639 2086 3696 quo

435 3713 700 3782 tempore
726 3705 932 3763 affines
949 3707 1138 3764 eidem
1169 3709 1389 3764 crimini
1415 3709 1646 3778 gladius
1671 3709 2080 3778 ulciscebatur,

435 3795 493 3850 id
521 3795 740 3868 ipsum,
767 3795 1027 3869 inquam,
1054 3797 1181 3852 aliis
1199 3799 1394 3854 causis
1421 3799 1716 3870 imputare
1737 3799 1888 3864 licet,
1910 3807 2088 3874 atque

435 3883 562 3954 ejus
591 3885 674 3939 rei
705 3887 1167 3956 repugnantiam
1208 3889 1284 3944 ad
1329 3889 1666 3960 {equitatem
1723 3891 2083 3962 pertrahere.

433 3983 636 4050 Itaque
671 3989 1060 4045 personarum
1091 3977 1404 4034 diversitas
1443 3993 1560 4032 non
1597 3977 1972 4034 mediocriter
2011 3981 2086 4036 ad

436 4066 837 4126 conciliandas
861 4067 1262 4124 dissonantias
1295 4067 1480 4138 valet;
1515 4067 2006 4141 quandoquidem
2035 4075 2088 4126 et

436 4159 564 4216 aliae
587 4173 679 4214 res
709 4158 861 4212 circa
889 4173 1202 4230 personam
1226 4157 1524 4229 praecipue
1552 4159 1730 4228 atque
1762 4157 1839 4212 ab
1862 4173 1930 4212 ea
1965 4173 2084 4214 mo-

435 4255 702 4305 mentum
759 4247 1073 4320 accipiunt.
1139 4249 1202 4302 Et
1241 4247 1482 4320 quidem
1543 4246 1602 4300 in
1657 4246 1838 4300 sacris
1883 4247 2087 4303 litteris

435 4339 622 4396 multa
653 4343 710 4393 et
739 4337 1012 4412 frequens
1042 4345 1126 4392 est
1157 4337 1236 4392 ob
1275 4351 1536 4410 personae
1576 4335 2086 4392 circumstantiam

2199 3171 2310 3224 ἀνθ’
2368 3172 2538 3243 ἐτέρου
2593 3173 2760 3242 ἕτερον
2809 3169 3165 3228 ὑποϐάλληται
3205 3185 3222 3204 ⁸
3261 3170 3364 3222 οἷον
3405 3167 3746 3221 ἇϐάσίλευσεν
3785 3170 3811 3220 ὁ

2199 3265 2328 3323 Θεὸς
2381 3263 2466 3312 τὸν
2507 3259 2688 3324 Σαοὺλ,
2735 3264 2824 3311 καὶ
2877 3259 3030 3310 πάλιν
3059 3257 3257 3329 ἀφεῖλεν
3302 3257 3454 3310 αὐτὸν
3507 3267 3598 3318 τῆς
3639 3257 3810 3330 βασι-

2197 3351 2336 3412 λείας
2369 3371 2380 3382 ·
2425 3371 2454 3399 ι(
2493 3349 2604 3402 Ἔτι
2657 3357 2791 3424 τρεῖς
2841 3349 2916 3420 (9)
2963 3349 3172 3420 ἡμέραι,
3237 3352 3328 3399 καὶ
3393 3351 3582 3405 Νινευὴ
3643 3367 3812 3400 κατα·

2201 3444 2577 3514 στραγήσεται,
2607 3457 2637 3491 ›
2681 3441 2768 3490 καὶ
2808 3441 2946 3509 μένει
2983 3441 3172 3510 χρόνον
3217 3438 3246 3494 η
3285 3436 3434 3498 πολις
3475 3445 3570 3499 τῆς
3607 3440 3812 3511 7:906;-

2201 3534 2360 3602 σμίας
2407 3527 2666 3600 ἐλεύθερος
2703 3535 2798 3578 τοῦ
2828 3527 3028 3586 πάθους
3075 3523 3348 3598 ἀπείρατος
3375 3539 3388 3556 '
3427 3531 3516 3577 καὶ
3571 3525 3708 3578 ἄλλα
3750 3523 3812 3578 δὲ

2198 3623 2361 3692 μυρία
2407 3625 2466 3689 τῇ
2520 3615 2770 3688 μεταϐολῇ
2823 3624 2922 3668 τῶν
2975 3615 3114 3674 ἠθῶν
3157 3619 3214 3666 τὸ
3261 3619 3540 3686 πρόσωπον
3587 3615 3811 3688 μεριζο-

2199 3726 2342 3779 μενα,
2375 3715 2474 3758 τῶν
2521 3705 2782 3777 λογισμῶν
2813 3709 2905 3763 τὴν
2956 3705 3142 3756 στάσιν
3185 3703 3330 3756 καλεῖ
3371 3707 3500 3776 πρὸς
3531 3697 3810 3756 διάλυσιν.

2197 3800 2266 3849 Τὸ
2309 3793 2365 3848 δὲ
2395 3799 2480 3847 τὸν
2515 3795 2718 3866 Ἀαρὼν
2765 3798 2836 3866 μὴ
2881 3790 3063 3845 δοῦναι
3095 3787 3248 3850 δίκην
3295 3801 3388 3853 τῆς
3417 3797 3810 3864 μοσχοποείοις,

2201 3888 2282 3938 ὅτε
2335 3888 2391 3937 τὸ
2451 3885 2590 3955 ξίφος
2635 3887 2754 3944 τοὺς
2808 3885 3200 3954 μετεσχηκότας
3263 3890 3356 3942 τῆς
3408 3885 3574 3942 αὐτῆς
3629 3881 3813 3942 αἰτίας

2201 3971 2430 4040 ἐδίκαζε,
2489 3977 2578 4024 καὶ
2637 3972 2706 4032 εἰς
2759 3971 2913 4034 ἄλλας
2962 3974 3050 4043 μεν
3097 3973 3238 4023 ἔστιν
3287 3973 3550 4044 ἀναφέρειν
3603 3971 3810 4036 αἰτίας,

2199 4067 2286 4114 καὶ
2323 4065 2380 4114 τὸ
2422 4059 2722 4114 ἁντιπίπτον
2773 4059 2959 4112 ἐκεῖθεν
3003 4061 3243 4130 συνάγειν
3285 4059 3356 4120 εἰς
3401 4063 3460 4111 τὸ
3499 4057 3816 4126 ἀκόλουθον,

2201 4151 2306 4203 ἀλλ’
2337 4147 2424 4203 οὖν
2453 4169 2512 4220 γε
2541 4154 2628 4201 καὶ
2678 4151 2706 4207 ἠ
2743 4157 2840 4200 τῶν
2891 4154 3178 4223 προσώπων
3230 4147 3466 4222 ἑτερότης
3519 4147 3578 4199 οὗ
3615 4152 3818 4222 μικρὸν

2200 4238 2558 4294 διαλύσασθαι
2615 4243 2706 4296 τὴν
2761 4237 3080 4300 ἱναντίωσιν,
3123 4241 3167 4288 εἴ
3205 4257 3265 4308 γε
3311 4237 3542 4309 μάλιστα
3589 4243 3682 4289 καὶ
3747 4242 3818 4290 τὰ

2197 4330 2326 4382 ἄλλα
2352 4333 2468 4404 περὶ
2511 4327 2638 4380 αὐτὸ
2668 4346 2722 4379 τε
2750 4331 2836 4378 καὶ
2865 4325 2916 4390 ἑξ
2947 4327 3104 4378 αὐτοῦ
3129 4326 3376 4398 λαμϐάνει
3401 4331 3494 4384 τήν
3523 4323 3764 4400 πρόοδον
3799 4343 3812 4358 ⁸

433 4431 704 4486 varietas.
735 4427 1052 4502 Complura
1077 4427 1238 4493 item,
1268 4441 1396 4498 quas
1426 4425 1670 4497 dempta
1697 4425 1926 4480 inscitia
1957 4441 2083 4482 ma-

2199 4419 2324 4471 em
2365 4418 2492 4470 πολὺ
2546 4421 2634 4489 μεν
2683 4420 2772 4468 καὶ
2819 4415 3086 4486 πολλαχοῦ
3143 4423 3236 4477 τῆς
3297 4417 3430 4476 θείας
3487 4421 3698 4487 Γραφῆς
3751 4419 3818 4468 τὸ

433 4519 625 4574 litiave
669 4519 933 4588 legentis,
969 4517 1104 4573 nihil
1146 4517 1460 4572 dissonum
1507 4514 1752 4582 habent,
1785 4513 2082 4570 nihilomi-

435 4621 550 4662 nus
611 4622 710 4660 ceu
775 4606 930 4660 nullo
994 4607 1212 4674 effugio
1283 4604 1734 4661 consonantiam
1817 4603 2080 4660 nancisci

434 4699 677 4770 queant,
710 4695 1084 4764 objiciuntur.

503 4869 556 4922 5.
591 4867 668 4922 lix
701 4867 1048 4938 hujusmodi
1079 4881 1221 4938 ergo
1251 4868 1482 4924 inscitia
1510 4869 1602 4924 vel
1633 4867 1846 4924 malitia
1879 4875 2082 4926 manat

433 4957 572 5014 item
603 4956 854 5028 qumstio
883 4955 1000 5018 illa,
1039 4977 1062 5005 α
1095 4959 1172 5011 Ne
1197 4957 1466 5012 habeatis
1505 4974 1714 5013 zonam
1749 4973 1942 5028 neque
1972 4957 2080 5013 cal-

432 5051 736 5104 ceamenta
753 5059 946 5117 neque
961 5061 1159 5116 peram
1181 5063 1194 5100 :
1219 5067 1244 5094 η
1265 5051 1380 5101 tum
1395 5048 1584 5114 etiam,
1601 5071 1628 5098 ‹‹
1647 5051 1811 5103 Nunc
1825 5061 1966 5102 vero
1987 5047 2078 5118 qui

431 5136 610 5194 habet
639 5151 1006 5202 crumenam,
1049 5139 1246 5190 sumat
1295 5137 1512 5207 pariter
1542 5143 1598 5193 et
1642 5151 1889 5210 peram:
1931 5151 2079 5208 quas

505 5291 525 5324 ⁸
553 5289 626 5343 IV
655 5291 796 5358 Reg.
830 5303 886 5355 ιι,
923 5287 1011 5342 24.
1090 5289 1110 5322 5
1141 5287 1212 5342 Ill
1247 5287 1392 5356 Reg.
1428 5303 1519 5351 xx,
1553 5288 1640 5342 35.

1719 5291 1738 5322 θ
1770 5290 1931 5344 Jonze
1965 5305 2038 5354 ιιι,
2072 5291 2122 5344 4.

2193 4507 2423 4560 ποικίλον
2453 4514 2540 4566 τῆς
2579 4507 2625 4558 ἐν
2655 4513 2726 4574 τῷ
2763 4510 3023 4577 προσώπῳ
3063 4507 3418 4575 περιστάσεως
3451 4521 3463 4534 ·
3505 4509 3596 4556 καὶ
3637 4504 3818 4556 πολλὰ

2192 4601 2334 4669 παρὰ
2370 4601 2462 4655 τὴν
2501 4597 2708 4666 ἄγνοιαν
2745 4597 2776 4650 ἤ
2825 4597 3143 4665 κακουργίαν
3189 4601 3282 4646 τοῦ
3333 4595 3660 4668 θεωρήματος
3705 4593 3818 4645 οὐκ

2191 4689 2381 4758 ἔχοντα
2411 4687 2612 4760 μάχην,
2647 4687 2716 4746 ὡς
2739 4680 2870 4756 μηδ’
2903 4681 3230 4755 ἀποστροφήν
3275 4684 3436 4754 εὑρεῖν
3469 4678 3820 4756 δεδυνημένοι

2193 4781 2512 4848 συμφωνίας,
2535 4777 2876 4850 προτείνεται.

2262 4867 2317 4917 ε’.
2377 4867 2461 4917 Ἐκ
2537 4873 2635 4915 τὼν
2693 4864 2938 4914 τοιούτοιν
3009 4867 3284 4932 τοιγαροῦν
3355 4859 3692 4932 ἀγνοημάτων
3781 4864 3816 4918 ἤ

2189 4955 2635 5027 κακουργημάτων
2671 4955 2764 5002 καὶ
2789 4953 2846 5002 τὸ
2878 4971 2904 4996 ‹‹
2939 4953 3022 5006 Μὴ
3057 4951 3204 5018 ἔχετε
3229 4951 3392 5010 ζώνην
3421 4953 3554 5020 μήτε
3594 4947 3786 5008 ὐποδή
3807 4979 3826 4992 ο

2189 5065 2330 5116 ματα
2349 5049 2480 5116 μήτε
2499 5047 2686 5110 πήραν,
2711 5063 2738 5090 ι(
2763 5043 2851 5090 καὶ
2875 5041 2930 5091 τὸ
2963 5061 2983 5086 ιν
3007 5036 3168 5090 Ἀλλὰ
3191 5045 3280 5088 νύν
3309 5039 3332 5088 ὁ
3355 5040 3491 5108 ἔχων
3521 5037 3828 5109 βαλάντιον

2191 5133 2361 5206 ἀράτω
2393 5134 2579 5205 ὁμοίως
2607 5134 2690 5181 καὶ
2714 5133 2878 5204 πήραν
2913 5145 2924 5158 ·
2959 5149 2984 5176 υ
3015 5131 3106 5178 καὶ
3142 5145 3168 5177 ιι
3198 5125 3256 5177 ὐ
3288 5132 3358 5198 μὴ
3400 5130 3537 5198 ἔχων
3567 5127 3710 5184 πωλή
3727 5147 3830 5180 σει

1991 5413 2220 5470 NOTAE.

501 5541 580 5612 (9)
613 5541 778 5612 Τρεῖς
831 5554 941 5612 pro
998 5540 1390 5612 τεσσαράκοντα
1443 5537 1626 5594 habes
1659 5538 1862 5612 etiam
1915 5537 2076 5609 apud

427 5609 1328 5683 Tb'eodorum_’Mopsuestenum
1386 5625 1608 5665 comm.
1655 5609 1713 5683 in
1757 5612 1988 5683 Jo_nam,
2021 5615 2076 5664 et

427 5683 582 5755 apud
635 5679 1175 5756 pseudoccyrillum
1221 5696 1442 5738 comm.
1487 5695 1658 5754 mque
1699 5679 1762 5738 in
1809 5680 2072 5752 Jonam;

2185 5533 2661 5592 conciliationem
2704 5529 3034 5603 quamdam
3072 5529 3284 5600 legesis
3327 5529 3486 5600 apud
3521 5531 3828 5599 Augusti.

2185 5623 2332 5662 num
2363 5607 2446 5662 De
2476 5621 2588 5662 cw.
2615 5603 2682 5660 D.
2707 5619 2870 5668 xvut,
2898 5605 2986 5657 44.
