3992 6182
224 303 274 359 53
1271 301 1366 356 ΑΙ)
1407 299 1750 358 AMPHILOt

1867 299 1959 356 ΟΜ
2001 300 2324 371 QU/ESTIO
2363 305 2382 359 Ι
2394 346 2406 360 .
3440 311 3507 365 54

221 430 270 480 τὰ
291 428 443 498 ἱμάτια
470 425 617 478 αὐτοῦ
654 430 738 476 καὶ
778 423 1029 497 ἀγοράσει
1058 427 1352 499 μάχαιραν,
1391 448 1417 477 u
1449 430 1514 489 ὡς
1551 425 1750 479 ἐναντία

1867 425 1910 481 si
1942 428 2077 500 quis
2105 444 2226 486 non
2251 429 2453 500 habet,
2480 432 2828 490 vestimenta
2855 448 2964 490 sna
2987 433 3511 504 vendetgladium-

220 515 532 590 προϐάλλονται
560 520 646 566 καὶ
695 519 988 587 μαχόμενα.
1044 515 1171 586 Ἐγὼ
1213 511 1272 568 δῖε
1318 520 1460 568 οὔπω
1495 520 1584 586 μεν
1623 516 1754 587 λέγω

216 609 266 658 τὰ
287 605 410 668 οὖλα,
454 603 550 655 ἀλλ’
601 603 772 672 ἐκεῖνο,
829 611 938 665 πῶς
987 605 1017 662 ἡ
1063 612 1161 656 τῶν
1214 605 1385 678 ῥητῶν
1444 603 1621 677 ἑφεξῆς
1665 610 1750 657 καὶ

213 697 320 747 κατὰ
367 697 619 765 συνέχειαν
675 694 915 755 σύνθεσις
963 692 1055 745 ούκ
1117 689 1380 748 ἑδυσωπει
1430 700 1608 768 φυγεῖν
1659 699 1753 754 τὴν

213 793 285 844 τῆς
329 785 492 854 μάχης
544 782 817 853 ὑπόληψιν,
850 786 1182 858 παραπέμπει
1240 779 1299 836 δε
1355 781 1542 856 μᾶλλον
1593 783 1752 837 ἐλθεῖν

212 872 272 925 ἐπὶ
300 873 495 934 ζήτησιν
525 876 611 924 καὶ
640 876 696 925 τὸ
743 871 907 944 βάθος
960 870 1247 944 ἀνιχνεύειν
1280 880 1374 925 τοῦ
1402 875 1751 948 προστάγμα-

210 981 303 1027 tog;
349 961 476 1034 Ἀμα
521 964 619 1036 γὰρ
668 966 754 1013 καὶ
787 960 834 1013 ἑν
868 970 942 1032 τῷ
992 960 1174 1036 ἀκαρεῖ
1219 967 1351 1036 μήτε
1398 961 1564 1022 λήθης
1602 960 1750 1034 ἑμπι-

208 1053 415 1115 πτούσης,
469 1056 596 1122 μήτε
660 1057 873 1124 γνώμης
947 1050 1294 1117 ἀστατούσης,
1355 1051 1413 1104 οὗ
1470 1056 1572 1124 μὴν
1629 1047 1753 1104 οὐδὲ

208 1140 301 1212 βίας
325 1141 620 1212 ἰσχυούσης,
651 1139 757 1192 ἀλλ’
802 1137 918 1194 οὐδ’
951 1139 1108 1204 ἀκοῆς
1152 1145 1211 1194 τό
1243 1137 1492 1214 διάφορον
1531 1138 1753 1192 ὑποϐαλ-

205 1230 394 1302 λομένης,
438 1239 537 1290 πῶς
596 1229 710 1290 ἑνῆν
749 1234 838 1283 τὸν
894 1231 1046 1284 αὐτὸν
1104 1229 1349 1283 τάναντία
1405 1229 1753 1302 ἐπισημαινό-

203 1338 318 1389 μενον
355 1321 627 1392 νομοθετεῖν
680 1321 944 1395 αἱρεῖσθαι
1000 1319 1035 1371 οἶ
1083 1325 1174 1372 καὶ
1223 1323 1422 1392 φεύγειν
1470 1322 1754 1396 προσέτατ-

201 1423 298 1473 τεν;
338 1408 459 1462 Ἀλλ’
517 1409 831 1482 εὐγνώμονος
889 1408 980 1482 μὲν
1027 1412 1152 1470 ἴσως
1212 1409 1271 1461 ἂν
1321 1413 1398 1467 εἰη
1454 1407 1623 1463 λαϐεῖν
1680 1407 1752 1460 ἐν-

201 1501 337 1550 τεῦθεν
374 1507 462 1560 τῆς
513 1501 731 1574 θεωρίας
781 1500 1028 1552 ὑπόθεσιν
1062 1516 1074 1528 ·
1108 1501 1166 1551 τὸ
1223 1496 1281 1551 δε
1311 1503 1400 1551 καὶ
1447 1499 1615 1572 ῥητῶς
1666 1501 1751 1550 τὸν

202 1592 353 1658 χρόνον
379 1586 593 1660 ἀμείϐειν
635 1592 726 1640 καὶ
763 1595 871 1649 τοῖς
903 1585 1314 1662 ῥᾳδιουργοῦσιν
1359 1585 1747 1647 ἀντιστήσεται·

199 1677 257 1726 ὅτι
294 1678 381 1750 γάρ
419 1696 589 1748 φησιν,
641 1699 668 1727 ε‹
711 1676 1018 1731 Ἀπέστειλα
1057 1679 1193 1749 ὑμᾶς
1225 1694 1236 1708 ·
1272 1709 1339 1718 -—-
1377 1684 1484 1730 Νῦν
1533 1673 1592 1730 δε
1621 1675 1750 1747 λέγω

1863 531 1980 587 que
2014 522 2186 572 emet.
2222 540 2248 566 ››
2281 521 2399 588 Ego
2432 535 2591 586 vero,
2635 521 2764 576 aliis
2798 522 3026 577 interim
3073 523 3330 586 omissis,
3365 523 3509 578 illud

1862 619 2030 674 rogo,
2067 622 2172 662 cur
2201 623 2321 663 non
2353 624 2422 664 ea
2461 625 2590 682 quas
2629 610 2706 665 ibi
2739 615 3176 684 consequenter
3214 612 3506 677 dicuntur,

1863 699 2290 769 contextusque
2336 703 2652 765 structura,
2703 700 3041 757 suffecerint
3079 701 3156 757 ad
3196 700 3512 757 excluden-

1862 782 2001 839 dam
2025 799 2267 841 omnem
2285 788 2691 859 repugnantia:
2713 789 3208 862 Opinionem;imo
3226 805 3367 846 vero
3388 804 3508 846 non

1861 873 2200 946 impulerint
2226 876 2302 932 ad
2326 877 2749 950 exquirendum
2782 878 3072 951 altiusque
3094 880 3508 949 vestigandum

1861 965 2139 1036 praecepti
2171 981 2414 1022 sensum
2446 983 2733 1024 arcanum
2762 968 2790 1022 ‘?
2822 968 2990 1025 Nullo
3020 971 3178 1024 enim
3205 969 3510 1042 interjecto

1861 1053 2146 1125 temporis
2163 1057 2373 1126 spatio,
2392 1072 2580 1129 neque
2603 1057 2955 1129 subrepente
2979 1058 3295 1121 oblivione,
3316 1074 3510 1130 neque

1862 1143 2077 1199 mentis
2099 1144 2518 1210 inconstantia,
2539 1163 2730 1219 neque
2747 1147 2802 1202 vi
2826 1147 3028 1220 aliqua
3047 1147 3378 1218 ingruente,
3414 1164 3512 1204 ne-

1861 1249 1977 1304 que
2003 1249 2241 1289 rumore
2264 1236 2530 1306 quolibet
2551 1253 2672 1293 rem
2691 1236 2993 1292 diversam
3017 1238 3385 1308 subjiciente,
3412 1238 3510 1309 qui

1861 1322 1987 1378 ﬁeri
2016 1327 2247 1395 poterat
2286 1330 2348 1379 ut
2377 1325 2535 1380 idem
2568 1327 2862 1382 contraria
2903 1329 3269 1398 approbans,
3302 1328 3510 1382 eadem

1860 1410 2052 1468 facere
2078 1412 2327 1483 jnberct,
2363 1429 2497 1486 quin
2539 1430 2743 1470 cavere
2775 1417 3167 1487 imperaverat
3196 1415 3223 1469 ‘P
3253 1414 3378 1470 Iino
3404 1414 3508 1470 ho~

1863 1502 2037 1558 minis
2087 1503 2397 1573 prudentis
2436 1505 2543 1560 erit
2575 1505 2711 1560 hinc
2743 1521 2977 1561 sumere
3009 1504 3375 1577 explicandae
3427 1505 3510 1560 rei

1861 1596 2304 1663 argumentum.
2337 1592 2483 1649 illud
2511 1593 2690 1649 etiam
2719 1592 3257 1650 contradicentium
3288 1593 3510 1650 levitati

1860 1681 2229 1749 adversatur,
2257 1683 2420 1755 quod
2452 1683 2683 1740 diversa
2703 1690 2975 1756 tempora
2999 1683 3215 1739 diserte
3240 1685 3514 1739 Servator

198 1765 308 1835 ὑμῖν·
351 1787 374 1816 »
418 1766 546 1836 ἄλλῳ
595 1763 657 1820 δε
695 1772 785 1818 καὶ
833 1767 968 1838 ἄλλῳ
1009 1776 1174 1841 καιρῷ
1218 1766 1389 1842 ἑτέραν
1441 1771 1526 1819 καὶ
1576 1765 1750 1840 ἑτέραν

1867 1770 2053 1826 innuit
2111 1787 2124 1837 ;
2159 1788 2291 1828 cum
2333 1772 2516 1839 enim,
2560 1772 2770 1846 inquit,
2813 1795 2841 1822 «
2891 1773 3011 1829 Misi
3052 1788 3158 1829 vos
3202 1793 3214 1841 ;
3249 1804 3316 1814 —-
3346 1775 3511 1829 Nunc

198 1852 445 1927 ἐναρμόζειν
479 1853 706 1924 ἐντολὴν,
740 1855 799 1907 ού
839 1859 991 1928 μόνον
1040 1852 1201 1909 οὐδὲν·
1221 1858 1435 1922 ἄτοπον,
1488 1855 1593 1908 ἀλλ’
1640 1857 1748 1908 ἔσθ’

195 1943 256 1995 ὅτε
285 1943 450 2013 μᾶλλον
491 1944 819 2019 οἰκειότερον,
853 1948 884 2003 ἦ
933 1948 974 1997 εἴ
1010 1965 1090 2006 τις
1133 1948 1198 1998 τὰ
1241 1947 1374 1998 αύτά
1411 1947 1745 2021 προστάττει,

194 2038 263 2082 τοῦ
286 2035 403 2085 κατά
441 2036 522 2086 τόν
563 2037 750 2106 καιρόν
801 2029 1054 2109 διαφόρου
1097 2033 1150 2100 ἑξ
1199 2034 1437 2109 ἂνάγχης
1471 2035 1749 2097 ζητοῦντος

195 2117 400 2195 διάφορα.

246 2299 302 2364 ς’.
343 2301 489 2354 Ἀλλὰ
528 2304 638 2374 γὰρ
695 2302 829 2354 οὕτω
887 2309 984 2355 τῶν
1038 2304 1311 2378 εἰρημένων
1370 2300 1747 2376 διεσκευασμέ-

190 2409 279 2450 νων,
330 2394 450 2453 τινες
503 2397 842 2465 προκείμενον
901 2391 1217 2464 ἑπιλυόμενοί
1265 2412 1392 2465 φασι
1435 2396 1521 2445 τὸν
1577 2397 1746 2446 κοινὸν

190 2485 407 2537 ,δεσπότην
461 2485 580 2543 τοὺς
639 2483 882 2553 μαθητὰς
940 2481 1098 2534 πάλαι
1141 2486 1230 2554 μεν
1282 2480 1742 2556 παιδοτριϐοῦντα,

185 2574 254 2619 καὶ
295 2574 408 2641 πρὸς
462 2574 519 2623 τό
573 2579 672 2631 τῆς
744 2570 1108 2643 ἀκτημοσύνης
1167 2571 1444 2643 εἰσάγοντα
1502 2568 1742 2641 στάδιον,

184 2655 316 2728 μηδεν
351 2660 520 2723 αὐτοῖς
564 2669 671 2713 τῶν
714 2659 986 2734 προσύλων
1023 2665 1111 2713 καὶ
1154 2666 1331 2735 χαμαὶ
1362 2660 1624 2714 καθέλκειν
1656 2658 1748 2714 δυ-

183 2752 367 2818 ναμένων
407 2748 686 2824 ἐπιτρέψαι
737 2750 1153 2822 συνεφᾶκεσθαι,
1204 2748 1338 2823 μηδ’
1385 2753 1446 2802 ἄν
1487 2755 1562 2810 εἴη
1605 2749 1681 2812 οἷς
1720 2752 1746 2802 ό

181 2838 278 2908 ῥέων
320 2837 426 2909 βίος
471 2840 632 2901 οὗτος
683 2843 772 2892 καὶ
814 2842 943 2914 πρὸς
988 2844 1081 2898 τὴν
1122 2841 1316 2912 φθορὰν
1361 2838 1578 2892 ἐλαύνων
1624 2861 1748 2893 συν-

181 2930 324 2994 ἐχεται
352 2942 368 2959 ⁸
405 2931 546 2982 εῖωθε
591 2929 698 3002 γὰρ
745 2927 989 2990 πολλάκις
1028 2934 1117 2981 καὶ
1148 2929 1380 3001 μάλιστα
1421 2937 1529 2992 τοῖς
1581 2929 1748 2982 ἀτελε-

181 3019 345 3090 στέροις
389 3021 416 3076 ἧ
451 3027 548 3070 τῶν
606 3015 897 3089 ἀναγκαίων
938 3022 1180 3092 μέριμνα,
1230 3023 1320 3071 καὶ
1368 3027 1465 3071 τῶν
1495 3028 1745 3093 περιττῶν

179 3109 247 3155 καὶ
284 3106 398 3179 ὑπὲρ
444 3111 535 3165 τὴν
587 3111 778 3181 χρείαν
827 3111 921 3164 τὴν
971 3105 1209 3166 σπουδὴν
1249 3108 1362 3160 κατ’
1408 3107 1578 3180 ὀλίγον
1628 3128 1746 3161 συν.

183 3197 500 3267 επισύρεσθαι,
541 3201 642 3248 καὶ
673 3195 866 3252 πολλὴν
893 3204 952 3268 τῇ
993 3195 1147 3268 ψυχῇ
1181 3202 1274 3254 τὴν
1317 3197 1481 3270 λύμην
1515 3217 1744 3270 σμγκατ-

181 3284 471 3353 εργάζεσθαι.
527 3288 634 3338 Διὰ
679 3293 852 3351 τοῦτο,
907 3289 1081 3357 φασὶν,
1128 3287 1153 3337 ό
1199 3291 1374 3361 Σωτὴρ
1405 3288 1525 3359 οῖρτι
1575 3307 1745 3358 μυστ-

179 3378 517 3445 αγωγονμένοις
579 3373 767 3426 ἀπεῖπε
817 3378 932 3426 τότε
980 3371 1144 3446 μηδὲν
1196 3383 1300 3436 τοῖς
1338 3378 1592 3446 μαθηταῖς
1645 3385 1743 3428 τῶν

175 3463 334 3528 γηξνων
360 3469 443 3515 καὶ
479 3471 800 3535 σωματικῶν
846 3463 1259 3535 συνεφέλκεσθαιο
1311 3465 1524 3538 ὕστερον
1570 3462 1628 3518 δὲ
1658 3468 1744 3517 τὸν

179 3546 321 3618 irin-sa
360 3548 681 3614 διηννκότας
735 3550 1062 3624 ἀνύϐριστον,
1118 3559 1208 3605 καὶ
1246 3561 1424 3626 πεῖραν
1472 3557 1592 3606 ὅσον
1640 3550 1746 3607 ἔδει

178 3634 331 3702 δόντας
361 3641 404 3692 ἑν
451 3643 529 3704 οἷς
561 3648 661 3693 τοῦ
703 3648 954 3716 σαρκικοῦ
992 3645 1398 3715 κατεφρόνησαν,
1450 3645 1524 3694 ἔτι
1553 3640 1611 3696 δε
1657 3646 1746 3695 καὶ

177 3734 250 3777 τοῦ
286 3736 529 3802 σωτηρίου
576 3732 776 3791 πάθους
811 3730 989 3782 λοιπὸν
1019 3729 1321 3800 ἑστηκότος,
1351 3731 1460 3804 μεθ’
1495 3734 1520 3784 ὅ
1550 3731 1746 3784 πολλῶν

177 3825 439 3888 mian
507 3816 735 3889 νιφάδες
813 3822 934 3880 τοὺς
992 3817 1284 3890 ἀγωνιστὰς
1334 3826 1748 3895 περιστοιχίςειν

178 3904 368 3972 ἡγέοντο,
407 3913 495 3960 καὶ
544 3912 754 3979 χειμὼν
795 3905 1161 3972 ἆννπόστατσς
1211 3905 1457 3982 διωγμῶν
1504 3916 1593 3962 καὶ
1641 3911 1746 3962 θλί-

175 3990 288 4060 dum
327 3993 636 4068 ὑπεδέχετο,
673 3993 765 4048 διὰ
807 4004 972 4049 ταῦτα
1014 4001 1106 4056 τήν
1154 4007 1253 4049 τῶν
1305 4004 1524 4072 μετρίων
1563 4009 1750 4058 κτῆσιν

177 4087 249 4132 καὶ
284 4084 312 4134 ά
341 4093 623 4159 συγκροτεῖ
649 4089 743 4144 τὴν
794 4085 926 4146 ζωὴν
969 4091 1039 4159 μὴ
1088 4083 1422 4162 διαρρυῆναι,
1459 4093 1748 4160 συγχωρεῖ.

176 4175 263 4222 Τοῦ
287 4176 378 4246 γαρ
422 4185 519 4237 τῆς
565 4174 987 4248 φιλοχρηματίας
1033 4178 1229 4238 πάθους
1267 4186 1366 4229 τῶν
1399 4176 1752 4230 ἁποστολικῶν

179 4260 290 4313 ἐθῶν
317 4282 366 4314 τε
412 4269 502 4316 καὶ
557 4269 763 4335 τρόπων
818 4263 870 4326 ἐξ
913 4265 1074 4327 αὐτῆς
1129 4263 1391 4339 κρηπῖδος
1431 4265 1753 4340 ἀνατραπέν-

177 4365 256 4413 τος,
282 4355 362 4403 καὶ
385 4361 473 4405 τοῦ
528 4349 773 4423 διωγμοῦ
809 4349 1036 4427 σφοδρὸν
1065 4359 1150 4406 καὶ
1189 4355 1548 4408 ἀνυπόστατον
1580 4360 1755 4408 πνέον-

1860 1866 2059 1916 autem
2091 1860 2227 1917 dico
2254 1861 2443 1917 vobis.
2472 1883 2499 1913 »
2525 1864 2650 1917 Jam
2670 1864 2832 1934 quod
2861 1861 3112 1918 diversis
3146 1861 3512 1934 temporibus

1859 1949 2092 2006 diversa
2129 1956 2430 2024 praecepta
2470 1958 2824 2021 congruant,
2870 1967 2990 2008 non
3032 1953 3229 2008 solum
3272 1966 3384 2007 non
3425 1956 3514 2008 est

1858 2039 2210 2107 absurdum,
2246 2057 2452 2097 verum
2479 2042 2653 2097 etiam
2684 2041 3050 2115 quandoque
3075 2040 3294 2114 aptius,
3326 2056 3511 2113 quam

1859 2128 1908 2185 si
1939 2129 2073 2201 quis
2103 2129 2314 2186 eadem
2337 2130 2605 2202 imperet,
2637 2130 2870 2186 etiamsi
2891 2129 3202 2187 diversitas
3229 2129 3513 2203 temporis

1856 2220 2193 2275 necessario
2223 2219 2524 2276 diversam
2556 2235 2682 2276 rem
2710 2221 2988 2292 postulet.

1926 2309 1980 2362 6.
2025 2309 2165 2374 Quae
2197 2325 2332 2364 cum
2373 2308 2453 2365 ita
2483 2323 2546 2366 se
2584 2308 2868 2378 habeant,
2904 2307 3177 2364 nonnulli
3209 2312 3268 2364 ut
3300 2321 3516 2382 propo-

1858 2398 2030 2453 sitam
2058 2401 2444 2470 quzestionem
2493 2398 2746 2462 solvant,
2790 2399 2956 2454 aiunt
2985 2412 3371 2453 communem
3405 2398 3516 2453 Do-

1857 2487 2088 2543 minum
2128 2487 2464 2560 discipulos
2495 2485 2636 2544 olim
2669 2487 3039 2544 erudientem
3072 2493 3248 2559 atque
3279 2487 3337 2542 in
3370 2501 3516 2560 pau-

1856 2576 2100 2647 pertatis
2131 2577 2426 2632 curriculo
2468 2581 2862 2640 exercentem,
2894 2575 3060 2632 nulla
3085 2591 3187 2630 eos
3231 2589 3293 2630 re
3332 2581 3516 2632 mate‘

1854 2663 1983 2720 riali
2019 2669 2192 2738 atque
2217 2664 2386 2720 humi
2412 2665 2745 2738 deprimere
2769 2664 2942 2720 solita
2961 2665 3165 2720 sivisse
3197 2664 3410 2737 abripi,
3439 2679 3513 2720 ne

1855 2753 1968 2809 illis
1995 2753 2141 2810 forte
2171 2755 2370 2810 ﬂuxus
2410 2754 2503 2810 hic
2538 2754 2820 2819 mundus,
2849 2755 2947 2826 qui
2979 2753 3055 2809 ad
3089 2754 3384 2809 interitum
3414 2755 3517 2810 du-

1856 2844 1950 2909 cit,
1985 2843 2332 2901 adhasreret.
2377 2845 2533 2901 Solet
2562 2846 2720 2900 enim
2755 2859 3188 2915 saepenumero,
3217 2842 3512 2916 praecipue

1857 2933 2412 3006 imperfectioribus,
2471 2935 2662 2990 victus
2718 2931 3030 2988 necessarii
3092 2949 3256 2998 cura,
3310 2947 3510 2986 rerum

1856 3039 2094 3098 quoque
2125 3022 2563 3095 superfluarum
2605 3039 2877 3094 quasque
2917 3037 3060 3076 usus
3100 3037 3218 3076 non
3251 3020 3516 3092 postulat

1787 3141 1826 3195 ο
1855 3113 2139 3185 paulatim
2165 3111 2430 3168 studium
2463 3113 2748 3176 ingerere,
2786 3111 3161 3182 multumque
3185 3111 3394 3165 animae
3413 3109 3513 3164 de-

1857 3202 2196 3258 trimentum
2264 3201 2494 3256 afferre.
2545 3202 2880 3270 Propterea,
2949 3199 3169 3263 dicunt,
3239 3201 3517 3256 Servator

1854 3307 2044 3364 nuper
2089 3291 2329 3346 initiatis
2377 3290 2685 3363 discipulis
2729 3289 3138 3354 interdicebat,
3181 3289 3518 3362 quominus

1873 3381 2098 3436 errenis
2123 3381 2301 3436 rebus
2324 3381 2741 3452 corporeisque
2772 3379 3262 3435 distraherentur.
3283 3377 3469 3434 Deind
3486 3395 3517 3434 e

1853 3474 2074 3525 tautem
2106 3485 2297 3542 agone
2324 3469 2451 3541 jam
2488 3469 2810 3525 honoriﬁce
2839 3475 3099 3541 peracto,
3133 3467 3520 3523 documento-

1853 3575 1970 3632 que
2023 3559 2166 3615 satis
2211 3559 2370 3616 edito
2419 3566 2786 3633 quantOpere
2835 3556 3103 3614 carnalia
3145 3561 3515 3629 spernerent,

1855 3648 2165 3704 Dominica
2182 3648 2429 3721 insuper
2445 3650 2725 3721 passione
2749 3648 3367 3720 instante,postquam
3391 3652 3518 3701 ten-

1856 3738 2172 3793 tationibus
2186 3737 2504 3792 innumeris
2518 3736 2750 3793 athletze
2768 3735 3196 3808 propemodum
3214 3733 3519 3791 obruendi

1857 3831 2043 3892 erant,
2077 3832 2253 3900 atque
2295 3825 2647 3882 intolerabili
2680 3825 3162 3899 persecutionum
3215 3823 3519 3892 angustia-

1858 3932 2115 3987 rumque
2160 3915 2434 3987 procellae
2476 3913 2842 3986 objiciendi;
2884 3914 3104 3969 idcirco
3147 3913 3395 3968 modicae
3435 3912 3517 3968 rei

1861 4004 2169 4061 familiaris
2215 4019 2561 4075 possessum
2615 4004 2905 4069 concedit,
2957 4019 3076 4076 quo
3130 4002 3348 4057 scilicet
3400 4001 3518 4058 vita

1863 4097 2309 4149 sustentaretur.
2340 4095 2607 4166 Namque
2633 4092 2899 4149 avaritia:
2922 4092 3061 4148 vitio
3089 4106 3161 4146 ex
3180 4089 3520 4163 apostolicis

1865 4183 2135 4238 moribus
2187 4183 2430 4255 vitaque
2489 4182 2758 4238 funditus
2815 4197 3043 4244 everso,
3103 4179 3517 4252 persecutione

1866 4276 2065 4328 autem
2091 4272 2476 4328 vehementer
2505 4277 2677 4344 atque
2707 4271 3148 4327 intolerandum
3179 4269 3236 4324 in
3267 4268 3515 4323 modum

1867 4361 2066 4431 ﬂante,
2101 4376 2342 4432 aequum
2384 4366 2505 4416 erat
2552 4360 2822 4416 solamen
2853 4357 3090 4430 aliquod
3125 4373 3194 4414 ac
3235 4361 3519 4427 tanquam

179 4454 262 4502 τος,
309 4442 466 4515 ἐχρῆν
522 4461 581 4493 τι
649 4443 981 4515 παραμύθιον
1033 4443 1104 4505 εἰς
1181 4441 1386 4516 ἐφόδιον
1446 4450 1608 4517 φέρειν
1661 4453 1750 4506 τῆς

1867 4450 2136 4504 viaticum
2167 4448 2544 4504 circumferre
2571 4449 2698 4504 vitae
2721 4461 3180 4520 quaquaversus
3219 4443 3520 4500 calamita-

1249 4539 1338 4586 καὶ
1386 4531 1499 4587 οὐδ’
1547 4533 1594 4585 ἐν
1642 4532 1758 4588 οὐδ’

178 4614 284 4678 ὢ-ως
327 4620 513 4693 θατέρᾳ
568 4626 662 4681 τῆς
698 4619 866 4680 ἑντολῆ
880 4641 900 4682 ς
953 4624 980 4680 ἡ
1036 4621 1181 4696 ἑτέρα
1208 4622 1509 4696 λυμαίνεται
1542 4642 1554 4654 ο
1585 4627 1756 4698 ὥσπερ

180 4531 472 4600 πανταχόθεν
523 4529 947 4605 ἑπηρεαζομένης
999 4533 1134 4594 ζωῆς
1184 4553 1197 4566 ·

180 4701 274 4756 οὐδ’
320 4712 358 4760 εἶ
407 4729 485 4772 τις
519 4715 849 4782 στρατιώτην
896 4714 1026 4782 μετὰ
1074 4715 1222 4774 νίκας
1251 4717 1340 4764 καὶ
1391 4717 1617 4787 τρόπαια
1660 4724 1758 4766 τῶν

181 4792 436 4863 πολεμικῶν
487 4798 701 4868 ἀγώνων
775 4803 897 4860 τέως
950 4798 1160 4871 ἀπάγων
1227 4797 1261 4853 δ
1269 4798 1427 4854 ιδωσι
1481 4809 1613 4855 πιεῖν
1669 4809 1759 4856 καὶ

182 4882 263 4932 ὃσα
315 4885 476 4956 εἰρήνη
541 4888 824 4959 χαρίζεται
854 4905 866 4917 '
910 4891 938 4945 ἦ
979 4891 1022 4940 εἶ
1071 4908 1151 4950 τις
1192 4891 1259 4951 εἰς
1299 4887 1628 4944 διδασκάλου
1668 4897 1758 4964 μεν

184 4982 410 5038 φοιτῶντα
457 4976 638 5038 ἄλλαις
717 4983 966 5029 συνασκεί
1014 4977 1269 5050 μελέταις,
1330 4983 1415 5032 τὸν
1465 4980 1648 5052 ἔφηϐον
1700 4979 1759 5036 δὲ

188 5054 417 5121 διεξιόντα
487 5063 800 5138 βαθυτίροις
849 5071 1028 5138 νόμοις
1072 5071 1163 5119 καὶ
1215 5068 1558 5144 ὑψηλοτέραις
1612 5069 1758 5142 ἔγγυ-

187 5151 342 5214 μνάζει
386 5154 624 5227 θεωρίαις
655 5171 668 5183 ⁸
703 5160 794 5207 καὶ
823 5159 1060 5228 ποίμνιον
1114 5159 1204 5228 μεν
1254 5157 1421 5220 ἄλλοις
1475 5161 1614 5212 ἔθεσι
1669 5164 1758 5212 καὶ

188 5237 366 5308 θεσμοῖς
413 5242 722 5309 εύθηνεῖται,
778 5248 864 5296 τὸν
910 5250 1127 5318 ποιμένα
1178 5243 1236 5299 δε
1288 5248 1393 5320 οὐχ
1439 5251 1466 5307 ἡ
1506 5249 1634 5308 αὐτὴ
1666 5256 1756 5302 τοῦ

193 5330 292 5401 βίον
313 5338 483 5409 τρίϐος
509 5343 829 5396 κατευθύνει.

255 5593 308 5650 ζ’.
334 5595 469 5648 Ἀλλ’
509 5600 640 5652 ούτω
689 5602 780 5671 μέν
825 5618 956 5661 τινες
996 5599 1067 5662 εἰς
1109 5605 1408 5673 συμφωνίαν
1441 5605 1534 5664 τὰς
1573 5601 1619 5654 ἐν
1651 5611 1758 5665 τοῖς

1869 4539 2026 4595 tibus
2072 4538 2363 4609 appetitis.
2402 4541 2598 4608 Neque
2653 4537 3000 4592 alterutrum
3040 4543 3408 4606 praeceptum
3441 4533 3519 4590 ab

1867 4628 2049 4683 altero
2081 4643 2318 4698 prorsus
2349 4627 2601 4684 laeditur.
2633 4624 2828 4681 Veluti
2871 4625 2915 4680 si
2942 4625 3076 4698 quis
3111 4625 3355 4680 militem
3384 4629 3519 4697 post

1865 4716 2144 4772 victorias
2193 4720 2368 4789 atque
2409 4721 2625 4788 tropzea
2677 4715 2902 4772 bellicis
2951 4714 3374 4771 certaminibus
3419 4713 3518 4770 ali-

1866 4805 2139 4878 quandiu
2183 4804 2540 4870 subducens,
2602 4810 2741 4879 potu
2794 4810 3084 4861 recrearet
3135 4805 3228 4859 vel
3292 4804 3518 4859 cmteris

1868 4911 1996 4966 quae
2021 4910 2170 4966 pace
2197 4894 2680 4967 suppeditantur.
2714 4894 2814 4950 Vel
2843 4895 2888 4950 si
2919 4895 3054 4967 quis
3085 4909 3334 4965 puerum
3370 4893 3513 4947 dum

1868 4983 1926 5038 in
1952 4983 2095 5039 ludo
2114 4985 2380 5053 magistri
2405 4988 2675 5040 versatur
2696 4985 2866 5040 certis
2887 4983 3258 5056 quibusdam
3285 4981 3518 5038 imbue-

1867 5078 1956 5129 ret
2001 5071 2370 5139 rudimentis,
2414 5076 2540 5129 tum
2582 5089 2722 5129 vero
2762 5073 2820 5129 in
2861 5073 3124 5144 ephebos
3155 5071 3516 5144 productum

1869 5161 2239 5232 gravioribus
2265 5162 2540 5218 institutis
2562 5162 3023 5233 celsioribusque
3045 5162 3328 5216 doctrinis
3353 5175 3520 5215 exer-

1868 5256 2038 5306 ceret.
2095 5251 2351 5324 Deniquc
2402 5251 2506 5324 qui
2563 5268 2705 5321 grex
2761 5255 2867 5317 est,
2921 5251 3048 5306 aliis
3090 5249 3296 5305 ritibus
3336 5253 3519 5322 atque

1867 5339 2226 5412 praescriptis
2253 5344 2401 5396 bene
2433 5355 2493 5394 se
2514 5341 2694 5397 habet
2723 5357 2733 5394 :
2758 5340 2863 5412 qui
2889 5346 3086 5395 autem
3116 5339 3370 5414 pastoris
3395 5353 3524 5392 mu-

1868 5444 2008 5484 nere
2047 5428 2331 5500 fungitur,
2373 5443 2495 5485 non
2536 5429 2744 5484 eadem
2787 5429 2916 5484 vitae
2957 5427 3167 5483 semita
3202 5425 3518 5483 commode

1870 5519 2072 5574 utitur.

1939 5612 1992 5660 7.
2032 5606 2122 5664 Sic
2147 5623 2287 5679 ergo
2317 5605 2586 5663 nonnulli
2612 5606 3045 5679 Scripturarum
3075 5604 3269 5660 varias
3293 5606 3525 5658 senten-
