3992 6182
409 261 478 316 55

1634 254 1874 311 PHOTII
1917 250 2402 311 PATBIARCHAS
2440 257 2549 314 ΟΡ.

3706 262 3773 318 56

412 386 521 441 tias
551 383 627 440 ad
681 382 1066 439 concordiam
1113 383 1370 438 trahunt.
1417 383 1553 438 Aliis
1595 398 1733 436 vero
1777 377 2060 452 quaedam

2172 379 2350 451 Ιόητοῐς
2399 385 2685 454 συνάγουσι
2733 379 2967 444 διανοίας
3019 399 3031 412 ⁶
3063 384 3113 434 οἱ
3144 378 3202 434 δὲ
3239 385 3304 435 τὰ
3353 387 3442 454 μὲν
3497 384 3626 436 οῐλλα
3679 396 3774 438 τῶν

412 474 560 537 aliae,
596 471 1144 546 prmterprzedictas,
1172 471 1496 527 solutiones
1524 470 1688 527 haud
1715 470 1915 525 minus
1942 465 2062 538 pla-

411 567 562 618 cent.
598 563 776 617 Aiunt
805 561 996 630 igitur,
1031 577 1153 633 quo
1191 567 1456 634 tempore
1487 561 1767 632 discipuli
1798 557 2062 630 primum

411 651 834 708 erudiebantur
859 666 926 706 ac
956 654 1240 721 tyronum
1270 651 1540 706 ordinem
1575 649 1874 714 tenebant,
1916 661 2062 718 opus

416 741 595 818 fuisse
625 745 684 795 ut
703 739 848 795 nulli
874 739 969 795 alii
993 741 1074 795 rei
1097 745 1322 812 partem
1349 740 1605 796 tribuere
1633 737 2062 807 cogitationum

413 831 892 904 permitterentur
925 846 937 884 :
975 829 1338 885 utnimirum
1369 829 1447 885 ad
1488 828 1873 885 ediscendum
1903 841 2064 881 exer-

414 921 789 990 eendamque
810 918 1132 974 Servatoris
1159 919 1494 974 doctrinam
1525 924 1644 974 tota
1673 922 1865 972 mente
1897 929 2066 969 vaca-

413 1016 542 1065 rent
574 1027 586 1064 :
618 1009 941 1081 praesertim
964 1009 1106 1080 quia
1129 1008 1412 1080 magister
1436 1009 1562 1080 ipse
1594 1007 1818 1071 aderat,
1846 1019 2059 1076 suppe-

415 1099 760 1168 ditabatque
791 1113 856 1152 ex
878 1084 1159 1169 tempore
1190 1112 1313 1152 non
1355 1096 1545 1153 solum
1577 1111 1649 1152 ea
1677 1094 1802 1149 sine
1841 1092 2061 1166 quibus

413 1187 530 1243 vita
556 1187 691 1253 ruit,
732 1201 928 1240 verum
960 1186 1128 1241 etiam
1161 1202 1376 1241 manus
1407 1201 1617 1241 eorum
1651 1185 1732 1240 ita
1758 1181 2060 1255 implebat,

413 1280 476 1331 ut
522 1275 865 1331 illaboratas
897 1274 1106 1343 epulas
1149 1273 1353 1330 multis
1388 1273 1576 1329 turbis
1609 1271 1897 1345 impertiri
1931 1285 2062 1342 pos-

412 1369 558 1421 sent.
589 1365 704 1419 Sed
748 1365 907 1420 enim
936 1379 1064 1419 cum
1091 1363 1222 1434 jam
1252 1363 1366 1436 ipsi
1393 1361 1872 1435 imperfectorum
1905 1359 2060 1415 rudi-

412 1457 611 1508 menta
653 1452 1054 1517 excessissent,
1092 1457 1272 1524 atque
1303 1469 1338 1507 a
1377 1456 1534 1506 statu
1574 1451 1830 1522 perfecto
1875 1463 2062 1520 prope

411 1541 703 1607 abessent,
737 1541 1010 1611 magister
1039 1548 1239 1596 autem
1267 1540 1637 1612 praesentiam
1665 1555 1834 1594 suam
1855 1537 2060 1593 volun-

414 1631 560 1686 taria
600 1629 964 1701 salutarique
995 1645 1134 1685 nece
1180 1629 1362 1700 paulo
1397 1635 1531 1700 post
1575 1628 1721 1699 ipsis
1753 1632 2062 1700 erepturus

2169 473 2566 544 προτεθειμένων
2621 472 2715 524 οὐκ
2767 471 2972 523 ἔλαττον
3032 467 3280 542 ἀγαπῶσι
3332 487 3344 500 ⁸
3384 480 3513 542 φασὶ
3574 471 3633 526 δὲ
3680 487 3775 526 των

2169 560 2415 630 μαθητῶν
2463 565 2708 636 πρότερον
2771 563 2860 630 μὲν
2914 559 3257 629 εἰσαγομένων
3332 567 3420 613 καὶ
3495 561 3777 635 τελειουμέ-

2169 669 2264 700 νων
2334 650 2478 712 τάξιν
2539 653 2844 722 ἐπεχόντων,
2923 647 3201 719 ἀναγκαῖον
3258 651 3388 701 εἶναι
3446 657 3562 724 περὶ
3615 648 3778 723 μηδὲν

2169 737 2289 790 ἄλλο
2343 742 2457 798 τούς
2496 738 2780 810 λογισμοὺς
2831 739 3132 810 μερίζεσθαι
3193 736 3500 811 ἐπιτρέπειν,
3549 741 3661 793 όλον
3718 738 3772 794 δε

2169 829 2254 878 τόν
2285 833 2400 878 νοῦν
2453 831 2581 900 πρὸς
2628 833 2720 886 τὴν
2766 829 2996 899 μάθησιν
3030 835 3126 878 τῶν
3177 833 3449 901 σωτηρίων
3488 835 3577 881 καὶ
3625 849 3780 900 μετα-

2168 920 2402 989 χείρισιν
2449 915 2818 990 ἐπεστράφθαι”
2853 917 3016 976 άλλως
3064 936 3118 968 τε
3165 922 3254 968 καὶ
3302 925 3393 968 τοῦ
3441 913 3776 970 διδασκάλου

2168 1009 2422 1077 παρόντος
2451 1011 2540 1057 καὶ
2574 1010 2887 1078 παρέχοντος
2939 1002 3301 1077 αὐτοσχεδίως
3331 1007 3434 1078 οὐχ
3481 1010 3581 1059 ὅσα
3627 1013 3783 1080 μόνον

2170 1095 2198 1151 ἡ
2229 1096 2384 1166 φύσις
2413 1095 2506 1146 ούκ
2537 1097 2741 1166 ἔχουσα
2768 1095 2918 1147 λύσιν
2948 1097 3082 1166 ἔχει,
3136 1093 3262 1146 ἀλλά
3306 1100 3394 1148 καὶ
3437 1105 3619 1169 χεῖρας
3659 1097 3781 1149 πολ-

2167 1182 2276 1246 λοῖς
2356 1183 2579 1242 πλήθεσι
2654 1189 2846 1256 τροφὴν
2925 1182 3249 1258 ἀγεώργητον
3334 1185 3778 1258 ὑπηρετουμένας.

2170 1269 2378 1330 Ἐπειδὴ
2429 1269 2487 1325 δι
2540 1273 2688 1326 αὐτοὶ
2747 1275 2837 1345 μεν
2894 1277 2987 1332 τὴν
3038 1282 3137 1325 τῶν
3187 1271 3372 1326 ἀτελῶν
3431 1272 3783 1348 ύπερανέδρα-

2168 1381 2262 1434 μον
2303 1359 2693 1433 παιδαγωγίαν,
2751 1361 3003 1434 ἐγγυτέρω
3057 1358 3109 1414 δ’
3143 1361 3373 1433 ἐγένοντο
3427 1371 3518 1414 τοῦ
3563 1364 3780 1428 τελείου,

2170 1450 2325 1512 αὐτὸς
2375 1447 2433 1503 δε
2473 1448 2578 1510 ἤδη
2628 1461 2699 1522 τῷ
2747 1451 2966 1522 ἑκουσίῳ
3014 1456 3103 1503 καὶ
3148 1457 3391 1524 σωτηρίῳ
3444 1453 3646 1523 θανάτῳ
3696 1462 3786 1514 τῆς

2173 1559 2246 1591 σω
2250 1548 2442 1612 ματικῆ
2456 1561 2477 1602 ς
2554 1540 2739 1601 αὐτοὺς

2818 1539 3118 1612 ἀποστερεῖν
3221 1540 3503 1604 ἐπλησίαζε
3586 1561 3695 1615 παρ
3705 1562 3784 1594 ου-

2172 1634 2310 1693 σίας,
2365 1634 2453 1681 καὶ
2519 1634 2648 1701 πρός
2701 1649 2759 1701 γε
2807 1633 2862 1682 τό
2912 1635 3160 1703 κήρυγμα
3213 1630 3388 1690 αὐτοῖς
3439 1629 3780 1702 ἐγχειρίζειν,

413 1722 603 1784 esset;
641 1724 762 1775 tum
802 1719 977 1773 etiam
1021 1717 1505 1790 praedicationem
1539 1716 1756 1772 iisdem
1783 1715 2061 1771 commis-

2172 1724 2256 1771 καὶ
2313 1719 2382 1782 εἰς
2438 1715 2776 1771 διδασκάλων
2825 1724 2913 1772 καὶ
2964 1725 3216 1790 ποιμένων
3269 1723 3543 1794 προνόμιον
3603 1719 3785 1773 ἀναϐι-

415 1823 608 1873 surus,
651 1809 831 1879 atque
872 1807 949 1862 ad
990 1807 1417 1876 magistrorum
1459 1811 1885 1877 pastorumque
1925 1820 2063 1874 prae-

417 1897 744 1966 rogativam
760 1901 1136 1967 promoturus
1157 1914 1169 1960 ;
1193 1900 1330 1950 tunc
1344 1911 1446 1950 eos
1468 1895 1802 1957 admonuit,
1820 1893 2062 1948 minime

415 2001 543 2040 esse
575 1985 812 2040 vetitum
845 1985 1171 2058 quominus
1203 1984 1603 2040 necessarium
1626 1984 1752 2039 vitae
1781 1982 2063 2037 viaticum

415 2091 616 2130 secum
648 2075 862 2130 ferrent
891 2091 902 2129 :
931 2074 1030 2146 qui
1058 2089 1188 2130 mos
1209 2089 1280 2130 eo
1304 2079 1570 2146 tempore
1592 2073 1882 2143 inceptus,
1907 2087 2063 2126 cura:

411 2179 653 2236 quoque
678 2162 914 2219 asseclis
937 2162 1352 2236 impendendus
1379 2169 1574 2218 ortum
1591 2161 1751 2217 dedit
1778 2178 1790 2227 ;
1818 2160 1876 2215 id
1899 2159 2065 2232 quod

411 2268 481 2307 ex
513 2251 658 2324 ipsis
687 2253 859 2308 rebus
881 2252 1098 2308 deinde
1120 2253 1301 2321 gestis
1328 2266 1686 2322 cognoscere
1711 2250 1864 2306 licet.
1892 2253 2063 2305 Nam-

407 2357 524 2413 que
545 2349 681 2397 ante
709 2341 892 2413 pedes
911 2341 1325 2414 apostolorum
1349 2341 1527 2411 pretia
1549 2340 1871 2396 domorum
1894 2354 2063 2408 agro-

407 2445 662 2501 rumque
704 2429 883 2485 allata
921 2431 1223 2501 ponebant
1257 2447 1270 2484 :
1303 2429 1677 2500 vicissimque
1721 2427 1968 2497 singulis
2007 2426 2066 2482 id

407 2518 573 2587 quod
607 2519 737 2572 usui
771 2523 927 2573 esset
955 2518 1472 2589 suppeditabatur.

481 2608 532 2660 8.
562 2607 806 2677 Insuper
827 2606 981 2661 aliud
1006 2623 1242 2678 quoque
1261 2606 1542 2678 prieclare
1564 2605 2065 2662 considerandum

411 2695 709 2751 exhibent.
771 2699 1006 2752 Creator
1035 2696 1160 2767 ipse
1199 2695 1469 2750 omnium
1526 2711 1725 2750 rerum
1751 2701 1806 2750 et
1835 2709 2066 2750 conser-

413 2789 602 2850 vator,
637 2785 782 2839 dum
813 2786 980 2840 omni
1020 2800 1163 2840 cura
1196 2785 1448 2840 terrestri
1479 2783 1800 2855 discipulos
1832 2799 2069 2856 posses-

416 2889 606 2946 suque
632 2872 892 2937 arcebat,
931 2873 1306 2945 marsupium
1337 2878 1534 2928 tamen
1569 2873 1851 2938 habebat,
1879 2877 1937 2928 et
1965 2873 2068 2946 qui

415 2962 634 3034 aliquid
651 2963 959 3032 injicerent
982 2979 1102 3018 non
1129 2963 1468 3034 respuebat.
1489 2965 1678 3028 Quare
1696 2963 1809 3018 hoc
1824 2978 2068 3035 quoque

417 3057 712 3123 praecepto
764 3052 922 3107 haud
957 3068 1204 3123 prorsus
1237 3052 1450 3123 opibus
1494 3051 1800 3117 interdicit,
1847 3050 1951 3106 sed
1993 3066 2066 3106 ne

415 3141 508 3197 his
540 3142 728 3197 simus
758 3141 997 3198 obnoxii
1046 3157 1116 3197 ac
1143 3141 1328 3196 dediti
1366 3159 1379 3196 :
1431 3156 1574 3196 nam
1627 3146 1679 3197 et
1711 3140 1855 3212 ipse,
1895 3144 1955 3196 ut
1984 3139 2068 3195 di-

411 3230 630 3294 ximus,
679 3245 798 3286 non
850 3231 1133 3286 habendo
1174 3229 1477 3285 habebat:
1525 3245 1743 3302 nempe
1773 3230 2065 3299 egentium

411 3320 810 3375 tantummodo
829 3335 1035 3382 causa,
1051 3323 1104 3374 et
1121 3318 1200 3374 ob
1222 3335 1418 3374 eorum
1434 3319 1716 3374 solandas
1732 3318 2061 3387 angustias,

409 3412 586 3480 atque
612 3407 691 3462 ad
711 3407 1074 3462 necessitatis
1095 3407 1509 3477 depulsionem
1531 3407 1864 3478 quamdam
1883 3414 2063 3480 atque

407 3495 724 3552 medelam.
763 3495 940 3550 Sicuti
974 3511 1110 3565 ergo
1142 3495 1389 3550 minime
1429 3495 1831 3567 repugnabat,
1864 3495 2061 3567 ipsum

406 3587 553 3641 ferre
607 3583 852 3648 loculos,
919 3584 1036 3639 illis
1097 3584 1271 3638 simul
1327 3584 1677 3639 interdicere
1737 3584 2062 3655 quominus

402 3676 736 3749 quidquam
762 3674 1080 3729 retinerent
1113 3675 1229 3740 ;ita
1247 3689 1365 3729 non
1393 3679 1484 3729 est
1505 3675 1884 3738 contrarium,
1918 3674 2061 3730 olim

404 3765 638 3837 quidem
692 3778 793 3818 eos
823 3763 901 3819 ad
932 3779 1213 3834 asperum
1260 3763 1630 3835 paupertatis
1684 3763 2062 3836 arduumque

403 3853 638 3908 culmen
670 3851 1045 3906 contendisse
1085 3873 1096 3914 ;
1133 3857 1339 3922 postea
1384 3867 1520 3906 vero
1562 3851 1792 3908 modica
1822 3853 1902 3908 rei
1958 3868 2059 3908 ne-

404 3941 677 3997 cessariae
737 3941 1117 4012 possessione
1182 3940 1381 3996 multis
1449 3956 1509 3996 se
1559 3940 2060 3997 sollicitudinibus

405 4030 803 4103 expedivisse,
839 4045 908 4085 ac
941 4045 1315 4084 summarum
1344 4028 1763 4099 angustiarum
1789 4029 2057 4086 solamen

403 4119 748 4176 obtinuisse.
795 4118 906 4175 Sed
937 4122 1148 4190 praeter
1196 4118 1344 4181 haec,
1379 4119 1500 4173 imo
1549 4133 1690 4173 vero
1724 4121 1782 4174 in
1825 4118 2055 4190 primis,

403 4226 540 4265 cum
576 4208 806 4272 videris,
839 4207 1025 4272 aiunt,
1057 4206 1420 4278 paupertatis
1450 4206 1765 4277 praemium
1796 4206 2056 4273 divitias;

403 4306 529 4356 tum
569 4299 806 4354 demum
849 4295 1168 4367 cogitando
1203 4295 1420 4351 clarius
1453 4293 1741 4367 intelliges
1779 4311 1899 4351 non
1931 4312 2056 4352 esse

2173 1808 2367 1872 ϐάζειν,
2416 1806 2675 1860 ἀκώλυτον
2727 1808 2905 1869 αὐτοῖς
2935 1813 3050 1861 τότε
3089 1810 3156 1860 τά
3198 1806 3457 1880 ἀναγκαῖα
3503 1817 3599 1869 τῆς
3640 1809 3785 1871 ζωῆς

2174 1893 2358 1969 ἐφόδια
2401 1901 2564 1970 φέρειν
2609 1896 2878 1969 ἀποφαίνει
2913 1914 2925 1927 ·
2959 1901 3100 1971 ὅπερ,
3146 1896 3332 1950 ἐκεῖθεν
3386 1900 3504 1969 φυὲν
3553 1902 3646 1956 τὴν
3698 1897 3783 1970 ἀρα

2173 1990 2301 2058 χὴν,
2352 1991 2440 2038 καὶ
2486 1991 2576 2044 τήν
2625 1995 2723 2038 τῶν
2755 1983 3150 2058 διδασκομένων
3203 1990 3444 2057 πρόνοιαν
3486 1985 3782 2059 ἐκαρποφό-

2173 2095 2268 2147 ρει,
2299 2078 2366 2137 ὡς
2418 2074 2492 2126 ἐπ’
2536 2074 2712 2137 αὐτοῖς
2748 2078 2860 2127 ἔστι
2891 2083 2998 2137 τοῖς
3046 2078 3213 2149 ἔργοις
3253 2080 3430 2148 προίόν
3481 2072 3610 2128 ἰδεῖν
3645 2094 3658 2106 ·
3697 2081 3784 2129 καὶ

2173 2167 2272 2238 γὰρ
2324 2167 2466 2238 παρά
2511 2168 2626 2224 τοὺς
2655 2161 2824 2224 πόδας
2854 2173 2952 2216 τῶν
3007 2163 3306 2217 ἀποστόλων
3358 2167 3452 2226 τάς
3498 2169 3650 2237 τιμὰς
3684 2175 3784 2218 τῶν

2175 2255 2350 2306 οἰκιῶν
2402 2259 2491 2307 καὶ
2536 2262 2633 2306 τῶν
2687 2252 2857 2328 ἀγρῶν
2911 2257 3140 2328 γέροντες
3179 2253 3398 2321 ἐτίθουν,
3434 2259 3519 2306 καὶ
3570 2251 3787 2307 ἐδίδοτο

2178 2343 2378 2414 ἑκάστῳ
2408 2342 2524 2395 καθ’
2555 2345 2579 2396 ὃ
2606 2344 2666 2394 άν
2704 2362 2778 2404 τις
2808 2347 2991 2415 χρείαν
3015 2341 3175 2414 εἶχεν.

2252 2607 2316 2667 η’.
2372 2608 2522 2660 Ἀλλά
2582 2613 2670 2661 καὶ
2716 2615 2869 2662 τοῦτο
2946 2608 3114 2671 καλῶς
3173 2607 3463 2682 ἐπιθεωρεῐν
3523 2611 3762 2662 ὑποτίθεν

2179 2718 2284 2751 ται.
2320 2698 2479 2758 Αύτός
2535 2699 2560 2750 ὁ
2609 2701 2936 2770 Δημιουργὸς
2987 2702 3078 2750 καὶ
3131 2703 3388 2769 συνοχεὺς
3433 2706 3524 2751 τοῦ
3570 2703 3787 2765 παντὸς,

2179 2788 2258 2839 ὅτε
2327 2788 2613 2860 συμπάσης
2699 2785 2866 2858 ἀπῆγε
2931 2791 3048 2847 τούς
3127 2788 3360 2858 μαθητάς
3443 2789 3786 2859 περιπαθείας

2178 2876 2439 2948 προσύλου
2494 2881 2583 2928 καὶ
2639 2880 2882 2940 κτήσεως,
2933 2874 3308 2948 γλωσσόκομον
3367 2874 3480 2947 εἶχε
3536 2881 3624 2928 καὶ
3672 2881 3790 2936 τοὺς

2180 2963 2464 3036 βάλλοντας
2527 2961 2816 3036 ἀπεδέχετο
2867 2981 2881 2994 ⁵

2104 3079 2144 3134 C
2180 3053 2368 3119 ἁπλῶς,
2415 3052 2543 3105 ἀλλά
2598 3057 2656 3105 τό
2715 3057 2785 3124 μὴ
2842 3055 3049 3114 τούτοις
3101 3054 3320 3124 ἔχεσθαι
3371 3058 3460 3106 xui
3516 3053 3793 3127 προσηλώ-

2936 2967 3069 3016 ὥστε
3125 2963 3183 3016 οὗ
3235 2967 3290 3016 τό
3347 2969 3419 3035 μη
3498 2967 3790 3023 κεκτῆσθαι

2181 3144 2323 3208 σθαι,
2369 3147 2458 3194 καὶ
2510 3137 2602 3193 diu
2648 3150 2738 3202 τῆς
2793 3139 2994 3203 ἐντολῆς
3044 3145 3237 3202 ταύτης
3264 3141 3447 3193 κωλύει
3500 3161 3512 3173 ’
3549 3141 3655 3194 ἐπεὶ
3701 3148 3788 3194 xui

2177 3230 2348 3295 αὐτὸς,
2405 3233 2576 3304 ὥσπερ
2627 3233 2836 3303 ἔφημεν,
2889 3228 3028 3302 εἶχεν
3087 3229 3181 3282 οὐκ
3241 3232 3376 3301 ἔχων
3425 3248 3436 3260 ·
3480 3233 3640 3284 ἕνεκεν
3687 3235 3789 3304 γὰρ

2177 3329 2273 3371 τῶν
2329 3317 2601 3391 δεομένων,
2681 3325 2769 3371 xui
2828 3321 3157 3393 παραμύθιον
3222 3328 3320 3370 τῶν
3401 3318 3787 3394 ἀπορουμένων,

2174 3416 2262 3463 καὶ
2303 3419 2392 3470 τῆς
2435 3408 2668 3480 ἀνάγκης
2706 3409 3036 3482 ἀποστροφήν
3081 3430 3198 3462 τινα
3235 3415 3324 3462 καὶ
3380 3409 3550 3463 λύσιν.
3582 3410 3789 3486 Ὠσπερ

2173 3497 2260 3552 οὖν
2309 3500 2402 3551 οὐκ
2457 3498 2679 3552 ἐναντίον
2755 3499 2911 3551 αὐτόν
2991 3503 3081 3571 μὲν
3147 3499 3518 3571 γλωσσόκομον
3593 3505 3788 3572 ᾳέρειν,

2174 3587 2395 3651 ἐκείνους
2454 3586 2512 3641 δὲ
2581 3585 2746 3660 μηδὲν
2836 3592 3188 3661 συνεπιφέρειν
3244 3588 3372 3648 ὅλως
3423 3588 3788 3663 ἀπαγορεᾶειν,

2173 3679 2334 3740 οὕτως
2387 3677 2478 3730 οὐκ
2554 3681 2696 3730 ἔστιν
2753 3677 2974 3729 ἐναντίον
3031 3673 3154 3730 οὐδὲ
3225 3677 3386 3730 πάλαι
3441 3681 3529 3750 μὲν
3600 3679 3791 3737 αύτούς

2173 3770 2295 3841 πρὸς
2343 3769 2398 3819 τό
2443 3775 2536 3828 τῆς
2577 3765 2947 3838 ἀκτημὸσύνης
2979 3770 3154 3838 τραχύ
3187 3786 3242 3819 τε
3288 3771 3376 3820 καὶ
3409 3763 3788 3839 δυσπρόσοδον

2172 3854 2495 3928 ἀνατρέχειν,
2528 3855 2741 3929 ὕστερον
2786 3851 2844 3907 δὲ
2898 3859 2986 3906 καὶ
3027 3863 3088 3926 τῇ
3142 3858 3418 3930 συμμέτρῳ
3470 3863 3570 3907 τῶν
3631 3854 3768 3926 ἀναγ

2169 3949 2330 3997 καίων
2378 3949 2562 4002 κτήσει
2612 3953 2711 3996 τῶν
2762 3943 2958 3996 πολλῶν
3012 3942 3247 3997 ἀνίεσθαι
3301 3948 3487 4010 πόνων,
3546 3949 3635 3997 καὶ
3693 3953 3789 4006 τῆς

2170 4034 2407 4106 ἐσχάτης
2459 4036 2598 4104 ἔχειν
2648 4035 2980 4107 παραμύθιον
3042 4038 3417 4108 στενοχωρίας.
3478 4031 3634 4085 Ἀλλά
3683 4037 3788 4104 γὰρ

2169 4127 2256 4174 καὶ
2313 4125 2441 4194 πρὸς
2521 4125 2743 4186 τούτοις,
2805 4121 2995 4194 μᾶλλον
3055 4118 3114 4174 δὲ
3171 4126 3268 4194 πρὸ
3321 4130 3419 4174 τῶν
3474 4122 3788 4193 εἰρημένων,

2167 4214 2288 4264 ὅταν
2333 4208 2472 4284 ἳδης,
2516 4217 2665 4282 φασὶ,
2725 4220 2817 4273 τῆς
2870 4210 3239 4283 ἀκτημοσύνης
3290 4207 3439 4264 ἆθλον
3491 4214 3576 4263 τόν
3623 4210 3789 4262 πλού-

2168 4321 2273 4366 τον,
2325 4305 2637 4372 σαφέστερον
2692 4303 2752 4351 οἶν
2801 4299 3089 4361 ἐπιστήσας
3149 4304 3354 4372 συνήσῃ
3410 4302 3475 4361 ὡς
3513 4299 3608 4351 ούκ
3642 4303 3789 4352 ἔστιν

401 4389 529 4445 haec
550 4389 801 4444 invicem
839 4385 1255 4460 peremptoria,
1284 4399 1480 4457 neque
1507 4400 1777 4457 pugnare
1811 4385 2059 4442 manda-

2172 4389 2395 4447 ἀλλήλων
2449 4387 2766 4462 ἀναιρετικά,
2817 4385 2940 4442 ούδε
2997 4385 3321 4461 ὃιαμάχεται
3383 4391 3412 4448 ἡ
3463 4388 3635 4447 ἐντολή
3691 4398 3789 4440 τοὺ

405 4482 529 4533 tum
570 4494 690 4533 non
716 4476 1058 4549 possidendi
1079 4491 1217 4532 cum
1250 4474 1348 4531 illo
1378 4475 1539 4546 quod
1561 4474 1688 4545 ejus
1709 4475 1792 4530 rei
1818 4475 2055 4547 copiam

404 4563 587 4620 facit:
622 4565 954 4620 dummodo
1006 4565 1170 4636 prius
1199 4563 1344 4620 illud
1389 4563 1463 4619 de
1516 4561 1758 4618 homine
1803 4565 2057 4635 pecunia

406 4652 739 4724 perturbari
786 4653 958 4709 solito
1006 4653 1230 4709 dictum
1263 4658 1426 4724 putes
1465 4670 1478 4718 ;
1513 4652 1811 4725 possessio
1856 4659 2056 4709 autem

405 4741 489 4796 rei
530 4740 837 4796 familiaris
864 4756 1121 4796 vacuum
1157 4745 1212 4794 te
1252 4742 1699 4812 perturbatione
1737 4740 2054 4813 relinquat.

408 4829 723 4896 Quomodo
768 4828 928 4884 enim
976 4829 1188 4883 mentis
1229 4828 1550 4885 liberalitas
1591 4835 1646 4885 et
1690 4830 2058 4901 paupertatis

408 4917 661 4974 sublime
690 4917 955 4974 studium
983 4916 1364 4988 multiplicem
1389 4934 1574 4989 opum
1600 4917 2058 4990 mirabilemque

406 5007 641 5080 copiam
674 5012 900 5078 pareret
929 5022 999 5062 ac
1026 5006 1404 5076 germinaret,
1439 5007 1487 5061 si
1514 5007 1661 5063 forte
1675 5005 2060 5076 conﬂigerent

407 5098 557 5152 inter
587 5111 649 5150 se
677 5096 840 5167 justa
881 5095 1186 5166 possessio
1233 5100 1287 5150 et
1336 5095 1704 5168 paupertatis
1739 5096 2059 5154 doctrina?

408 5185 662 5250 Quinam
694 5199 834 5240 vero
874 5189 960 5238 est
990 5183 1170 5254 hujus
1212 5184 1292 5238 rei
1330 5184 1491 5239 testis
1533 5184 1562 5238 ’i’
1586 5185 1722 5257 quis
1759 5186 1910 5242 adeo
1943 5201 2060 5241 ser-

408 5274 606 5330 monis
637 5277 844 5329 auctor
868 5272 896 5327 ?
914 5271 1200 5328 nimirum
1226 5272 1352 5345 ipse
1374 5274 1712 5328 communis
1740 5274 2059 5332 hominum

406 5365 680 5419 Servator
709 5377 779 5417 ac
815 5361 1122 5428 Dominus,
1163 5363 1266 5434 qui
1296 5361 1539 5434 propria
1577 5363 1780 5419 omnia
1820 5371 2062 5437 propter

410 5469 547 5510 eum
599 5453 959 5516 deserentes,
1010 5451 1402 5524 centuplieem
1455 5451 1712 5507 fructum
1770 5453 2060 5512 relaturos

409 5541 780 5599 denuntiavit
823 5560 837 5596 :
887 5556 1082 5613 neque
1120 5541 1411 5598 hactenus
1461 5541 1774 5614 praemium
1809 5542 2061 5600 circum-

2165 4483 2237 4551 μὴ
2293 4479 2581 4536 κεκτῆσθαι
2633 4481 2757 4552 πρὸς
2785 4483 2877 4536 την
2928 4476 3303 4552 ἐπιτρέπουσαν
3355 4479 3667 4542 κεκτῆσθαι,
3721 4480 3790 4529 ἄν

2167 4571 2223 4619 τό
2276 4571 2365 4640 μὲν
2414 4568 2682 4638 συνάπτῃς
2717 4563 2960 4624 δηλονότι
3007 4575 3073 4636 τῷ
3129 4565 3364 4637 ἑμπαθεί,
3400 4567 3428 4623 ἡ
3481 4575 3672 4627 κτῆσις
3717 4563 3785 4619 δέ

2170 4677 2252 4709 σοι
2291 4663 2380 4708 τού
2405 4658 2604 4718 πάθους
2657 4655 2933 4728 ἐλεύθερον.
2987 4662 3102 4717 Πῶς
3153 4657 3249 4729 γὰρ
3304 4658 3364 4708 ἄν
3396 4659 3452 4707 τό
3477 4653 3777 4727 ἀφιλάργυ-

2166 4765 2253 4817 ρον
2296 4753 2386 4806 τῆς
2437 4750 2641 4817 γνώμης
2710 4749 2798 4796 καὶ
2860 4748 2917 4796 τό
2965 4753 3060 4805 τῆς
3125 4743 3492 4816 ἀκτημοσύνης
3549 4742 3780 4816 ἀνυπέρο

2169 4835 2354 4892 ϐλητον
2438 4835 2503 4894 εἰς
2589 4838 2646 4886 τό

2168 4921 2473 4974 ἑϐλάστανεν
2527 4924 2620 4988 οἶν,
2665 4927 2754 4974 καὶ
2808 4920 3148 4994 ἕκαρποφόρει
3210 4930 3304 4984 τῆς
3358 4926 3667 4994 περιουσίας
3721 4925 3788 4973 τὸ

2738 4832 3123 4886 πολλαπλάσιον
3196 4838 3285 4885 καὶ
3361 4835 3790 4906 θαυμοσιωτερον

2169 5012 2408 5083 ἄφθονον,
2468 5011 2510 5064 εἰ
2567 5008 2661 5064 διὰ
2726 5012 2907 5083 μάχης
2961 5009 3198 5072 ἀλληλοις
3259 5013 3289 5069 ἡ
3347 5007 3533 5062 δικαία
3585 5019 3787 5073 κτῆσις

3533 5105 3636 5153 Καὶ

2169 5191 2409 5264 μάρτυς;
2444 5193 2519 5250 τίς
2570 5185 2628 5242 δὲ
2673 5190 3020 5262 παραστάτης
3065 5195 3156 5241 τοῦ
3193 5187 3348 5260 λόγου
3380 5188 3579 5255 ;Αύτός
3618 5191 3644 5242 ό
3669 5209 3788 5242 κοι-

2168 5282 2248 5340 νὸς
2298 5286 2389 5331 τού
2443 5283 2618 5349 γένους
2670 5282 2842 5352 Σωτὴρ
2875 5281 2964 5329 καὶ
2997 5281 3274 5340 Δεσπότης,
3323 5279 3377 5339 ὃς
3418 5284 3525 5340 τοῖς
3576 5298 3652 5344 ηι,
3685 5279 3790 5331 αύ-

2168 5105 2257 5153 καὶ
2313 5101 2338 5152 ό
2392 5109 2486 5162 τῆς
2552 5099 2916 5172 ἀκτημοσύνης
2975 5098 3124 5171 λόγος
3176 5102 3470 5172 προίεσανς
3533 5105 3636 5153 Καὶ
3699 5106 3790 5162 τίς

2168 5371 2252 5420 τὸν
2301 5367 2516 5420 λιποῦσι
2580 5370 2748 5419 πάντα
2803 5370 2863 5419 re
2901 5367 3070 5419 αύτῶν
3130 5366 3632 5420 ἑκατονταπλασίονα
3687 5367 3790 5425 λή-

2171 5455 2368 5525 ψεσθαι
2439 5455 2785 5526 ἐπηγγείλατο
2833 5475 2843 5487 ·

2176 5543 2392 5598 ἔπαθλον
2442 5544 2811 5619 περιέγραψεν,
2871 5543 2978 5596 ἀλλ’
3038 5547 3113 5597 ἔτι
3159 5547 3289 5618 πρὸς
3341 5548 3398 5597 τὸ
3445 5547 3644 5618 μεῖζον,
3683 5552 3788 5598 καὶ

2910 5461 2999 5507 καὶ
3055 5451 3179 5508 add“:
3243 5461 3406 5530 μέχρι
3469 5459 3662 5509 τούτων
3715 5460 3788 5509 τὸ
