4086 6190
231 198 290 254 61

228 332 402 396 πήρα·
449 327 502 392 ἦ,
565 322 608 374 εὶ
666 320 864 393 βούλει,
925 330 1370 394 προαναφωνεῑται
1441 332 1533 384 τῆς
1589 319 1908 393 ἐσομένηςΑ

230 414 481 472 πολιτείας
560 420 666 472 τοῖς
721 416 790 483 μὴ
865 414 929 463 τὰ
1004 414 1276 483 φθάσαντα
1352 417 1747 486 συντπρὴσασιν
1807 409 1831 460 ὁ

226 506 416 576 τρόπος
445 517 459 532 ⁸
493 500 717 556 ἐναντίον
750 497 809 553 δὲ
848 508 906 572 τῇ
956 499 1150 572 ἐντολῇ,
1186 498 1260 553 δι’
1305 503 1366 564 ἧς
1405 502 1454 554 οἱ
1492 501 1834 559 τελειωθέντες

225 597 316 649 τὴν
371 590 747 662 αχτημοσύνην
817 593 1191 662 κατώρθωσαν,
1249 589 1491 664 οὐδαμῶς
1556 590 1615 642 ἂν
1682 596 1834 641 τοῦτο

223 684 561 754 σννοραθείη.
617 680 773 753 Ὀρᾴς
820 689 929 740 πῶς
976 679 1028 742 ἐξ
1089 681 1252 742 αὐτῆς
1305 690 1393 742 τῆς
1444 681 1622 743 λέξεως
1665 679 1834 731 καθα-

219 779 325 843 ρῶς
358 772 387 828 is
413 770 559 830 λύσις
591 774 926 843 προέρχεται,
950 765 1117 840 μηδὲν
1143 767 1369 843 ἐργῶδες
1395 766 1532 842 μηδὲ
1550 787 1836 843 περινενοη-

220 863 372 930 μένον
405 863 724 933 παρέχουσα
756 876 767 886 ·
802 880 826 909 «
866 858 1020 912 Ἀλλά
1056 867 1164 923 νῦν,
1193 865 1372 931 φησιν,
1415 861 1440 912 ὁ
1472 862 1607 932 ἔχων
1638 856 1831 930 βαλάν-

220 967 344 1010 τιον⁹
373 946 554 1021 ἀράτω
581 950 770 1019 ὁμοίως
795 952 886 1000 καὶ
920 953 1108 1020 πήραν.
1146 970 1174 1000 ››

288 1034 398 1107 ιβ’.
450 1040 550 1089 Δύο
604 1036 774 1098 τάξεις
808 1044 918 1104 νῦν,
961 1036 1103 1088 ὁκαὶ
1147 1035 1232 1090 ἐπὶ
1282 1038 1453 1097 πάσης
1491 1035 1649 1098 ἄλλης
1693 1038 1834 1090 ἔστιν

214 1126 384 1196 εὑρεῖν
460 1125 688 1189 mam"
751 1133 1071 1196 συνορῶνται
1123 1145 1134 1156 ·
1205 1128 1255 1177 οἱ
1306 1131 1394 1198 μὲν
1469 1127 1832 1200 κατορθοῦσιν,

213 1216 260 1264 οἱ
306 1210 372 1265 δὲ
422 1218 478 1265 τὸ
528 1221 846 1288 πρόσταγμα
891 1214 1277 1287 παραϐαίνουσι
1309 1233 1320 1243 ·
1365 1223 1468 1276 τοῖς
1516 1219 1604 1287 μεν
1636 1233 1835 1287 κατωρ-

215 1304 427 1355 θωκοσι
481 1309 570 1355 καὶ
632 1313 730 1356 τῶν
768 1306 1017 1376 μειζόνων
1071 1307 1095 1355 ὁ
1154 1308 1301 1364 πόνος
1354 1308 1670 1368 πιστεύεται,
1726 1311 1834 1363 τοῖς

215 1389 264 1444 δ’
327 1391 750 1466 ἐρρᾳθυμηκοσι,
811 1390 962 1445 οὐδὲν
1006 1393 1127 1446 ἄλλο
1178 1392 1342 1467 βάρος
1382 1394 1662 1446 ἐπιτίθεται
1693 1411 1703 1421 ·
1749 1391 1834 1442 αλ-

210 1480 273 1532 λα
314 1486 416 1533 καὶ
463 1490 827 1556 συγχωρείται
883 1486 940 1534 τό
995 1485 1216 1554 φθάσαν,
1276 1485 1358 1534 ἱνα
1414 1487 1484 1552 μὴ
1546 1485 1602 1534 τὸ
1644 1488 1742 1534 πᾶν
1782 1481 1834 1543 ἐξ

215 1569 575 1641 ἀπογνώσεως
637 1569 952 1626 ἀπολέσωσι.
1015 1568 1214 1624 "Ericen
1267 1580 1370 1632 τοῖς
1420 1573 1680 1644 μαθηταῖς
1736 1590 1835 1642 μη-

214 1656 302 1711 δεν
357 1662 653 1718 κεκτῆσθαι
687 1680 698 1693 ’
749 1657 902 1714 οὐδὲν
957 1660 1131 1722 αὐτοῖς
1178 1670 1276 1713 τῶν
1334 1660 1622 1732 ἀναγκαίων
1674 1660 1901 1742 ἐπιλέ-Β

211 1748 418 1815 λοιπε-ν,
480 1749 540 1802 οὐ
609 1753 816 1824 μικρὸν,
878 1749 935 1804 οὐ
993 1755 1128 1822 μέγα
1170 1768 1180 1780 ’
1234 1750 1338 1822 οὐχ
1396 1751 1540 1823 εὖρον
1600 1749 1834 1823 ἀφορμὴν

209 1836 477 1911 οὐδεμίαν
526 1835 638 1893 οὐδ’
690 1839 858 1892 αἰτίαν
908 1839 1104 1892 πλάσαι
1135 1839 1480 1912 παραϐάσεως
1511 1860 1522 1871 ·
1571 1844 1660 1892 καὶ
1706 1843 1836 1912 μάρ-

209 1947 368 2001 τυρες
422 1929 573 1980 αὐτοὶ
616 1936 708 1980 τοῦ
753 1925 978 2000 μηδενὸς
1036 1928 1083 1980 ἐν
1143 1925 1314 2000 ἐνδείᾳ
1373 1929 1836 2002 νομοφυλακονντες

209 2025 568 2075 καταστῆναι.
600 2039 628 2068 ιι
661 2023 745 2075 Μή
772 2037 904 2079 τινος
933 2021 1052 2092 γὰρ,
1091 2041 1116 2067 ›ι
1145 2024 1323 2090 φησὶν,
1351 2044 1375 2066 ‹‹
1408 2021 1770 2093 ὑστερήσατε,
1804 2039 1830 2071 ››

207 2109 258 2159 οἱ
290 2103 356 2158 δὲ
388 2128 416 2159 ιι
447 2104 691 2166 θῦὃενός.
711 2128 738 2156 »
774 2109 911 2162 Ἐπεὶ
940 2104 1026 2160 οὖν
1055 2109 1320 2180 ὀμοτίμως
1346 2111 1436 2179 μὲν
1462 2111 1489 2166 ἡ
1523 2107 1693 2166 ἐντολὴ
1724 2105 1837 2163 ἐδό-

213 2198 302 2258 θη,
352 2197 624 2268 ὁμοτίμοις
664 2194 725 2249 δε
784 2201 839 2250 τὸ
898 2205 988 2259 τῆς
1047 2203 1234 2269 χρείας
1292 2199 1509 2269 άφθονον
1551 2199 1831 2269 ὑπῆρχεν·

213 2283 323 2335 ἀλλ’
359 2287 412 2336 οἱ
451 2288 563 2354 μὲν,
605 2286 664 2337 οὐ
718 2282 835 2337 δέον
893 2290 1260 2359 σννιπιφέρειν,
1307 2285 1584 2358 βαλάντιον
1641 2283 1784 2356 εἰχον
1820 2301 1831 2312 ·

214 2377 264 2426 οἱ
306 2370 372 2426 δὲ
427 2381 525 2436 τῆς
580 2374 782 2435 ἐντολῆς
838 2371 972 2432 ἦσαν
1007 2392 1017 2403 '
1079 2379 1194 2436 τοὺς
1248 2379 1336 2447 μὲν
1400 2371 1740 2449 ὑπεριδόντας
1780 2377 1836 2425 τὸ

218 2471 571 2537 προσταγμα,
651 2462 761 2526 ἅμα
831 2467 923 2535 μὲν
998 2463 1244 2534 ἐλέγχων,
1328 2464 1437 2536 ἅμα
1522 2461 1580 2516 δὲ
1671 2463 1836 2535 ἀφιεὶς

219 2553 478 2624 φέρεσθαι
508 2560 569 2624 τῇ
615 2559 817 2625 γνωμῃ,
853 2557 940 2605 καὶ
985 2552 1043 2604 οὗ
1087 2552 1369 2624 συγκλείων
1421 2554 1492 2614 εἰς
1533 2551 1655 2626 βίαν
1683 2571 1693 2582 ·
1727 2555 1838 2625 οἶμα

218 2638 279 2693 δὲ
333 2640 382 2692 εἰ
414 2639 592 2712 βούλει
641 2647 731 2693 καὶ
761 2650 1137 2715 προαναφωνὼν
1196 2643 1374 2704 αὐτοῖς
1433 2651 1524 2704 τῆς
1578 2643 1835 2703 πολιτείας

216 2735 276 2782 τὸ
308 2730 518 2802 μέλλον,
554 2752 578 2781 α
612 2736 670 2782 'O
703 2734 861 2802 ἔχων,
906 2737 1056 2803 φησι,
1092 2730 1396 2804 βαλάντιον,
1425 2732 1601 2806 ἀράτω
1647 2734 1838 2803 ὁμοίως

217 2827 311 2872 καὶ
369 2826 569 2892 πήραν.
610 2841 636 2870 ›)
702 2821 1095 2895 Προανικήρυξε
1145 2825 1246 2896 γὰρ
1294 2823 1318 2873 ὁ
1359 2821 1593 2896 παραϐάς
1640 2819 1718 2883 οἷς
1756 2824 1839 2893 ἔφ-

220 2913 359 2962 θασε
417 2909 643 2983 πράξας,
698 2915 788 2962 καὶ
840 2918 934 2971 τῆς
987 2910 1195 2969 ἐντολῆς
1248 2910 1525 2982 ἀλογήσας,
1570 2912 1681 2963 οίαν
1747 2916 1836 2963 καὶ

209 3005 336 3072 περὶ
369 3008 462 3050 του
507 3003 814 3070 συστοίχων
841 3005 928 3056 τὴν
969 2998 1015 3051 ἐν
1046 3009 1118 3070 τῷ
1147 3000 1382 3072 μέλλοντι
1431 2997 1668 3053 διάθεσιν
1725 2997 1833 3052 ὃεί-
1873 3024 1912 3078 C

216 3089 292 3150 ξει
322 3104 335 3116 '
391 3096 504 3148 τοῖς
553 3085 612 3140 δε
665 3090 908 3160 καθαρῶς
957 3090 1346 3161 ἀσπασαμένοις
1394 3094 1449 3142 τὸ
1496 3096 1832 3163 πρόσταγμα,

212 3186 313 3238 τῆς
356 3184 575 3248 γνώμης
623 3176 789 3228 αὑτων
840 3175 1219 3250 ἀποδεξάμενος
1267 3183 1324 3231 τὸ
1378 3178 1608 3253 στερρὸν,
1651 3183 1832 3230 καὶτὸ

215 3265 507 3337 κεφάλαιον
559 3275 659 3317 τὼν
703 3269 1119 3339 κατορθωμάτων
1172 3267 1221 3318 ἐν
1281 3266 1476 3338 ἀγῶνος
1525 3272 1688 3340 μοίρᾳ
1734 3289 1832 3338 κα,

216 3358 428 3426 ριςεται
458 3359 549 3406 καὶ
598 3357 724 3426 πρὸς
766 3359 823 3407 τὸ
873 3363 963 3416 τῆς
995 3356 1294 3428 φιλοσοφίας
1326 3359 1482 3430 οἰκρον
1513 3359 1590 3417 οἷς
1635 3357 1835 3428 εἰσάγει

215 3443 486 3515 ἀναφέρει.

293 3531 385 3604 ιγ’.
421 3537 512 3584 Διό
543 3551 675 3603 φησι
703 3537 835 3605 πρὸς
864 3531 1137 3607 ἑκατέρους
1166 3542 1256 3586 τοῦ
1285 3534 1438 3605 λόγου
1472 3536 1790 3607 σχιζομένου
1815 3556 1829 3570 ’

219 3628 330 3674 Νῦν
361 3619 422 3674 δὲ
451 3624 534 3674 ὅτε
563 3622 793 3693 μάλιστα
839 3627 894 3675 τὸ
925 3625 1091 3683 πάθος
1122 3625 1234 3682 ἣκει
1263 3628 1320 3675 το
1350 3624 1491 3696 ἐμὸν,
1527 3631 1615 3678 καὶ
1645 3628 1669 3677 ὁ
1713 3629 1833 3679 καθ’

220 3713 364 3782 ὑμῶν
446 3710 533 3763 ἐπὶ
598 3717 734 3783 μέγα
797 3716 1104 3787 κρατύνεται
1188 3713 1422 3785 πόλεμος,
1485 3720 1574 3766 καὶ
1639 3715 1834 3770 πολλῶν

222 3799 438 3872 ᾶεγχον
483 3796 724 3853 δώσουσι
753 3801 998 3874 λογισμοί
1033 3820 1044 3832 ’
1078 3804 1155 3864 οἷς
1187 3806 1276 3874 μὲν
1307 3804 1331 3854 ὁ
1374 3812 1472 3865 τῆς
1507 3803 1711 3865 ἐντολῆς
1749 3804 1836 3858 λό-

218 3909 306 3958 γος
363 3885 483 3942 οὐδ’
525 3891 662 3941 οὕτω
718 3889 946 3962 χαλεπὸς
1002 3896 1069 3942 ὧν
1118 3891 1215 3943 οὐκ
1272 3890 1566 3964 ἐφυλάχθη,
1631 3895 1836 3953 τούτοις

220 3977 572 4035 ἀκολουθήσει
611 3981 743 4050 μετὰ
786 3987 876 4031 τοῦ
934 3978 1219 4052 βαλαντίου
1270 3985 1358 4032 καὶ
1411 3982 1440 4038 ἡ
1499 3986 1835 4054 περιποίησις

217 4077 309 4129 τῆς
339 4074 520 4140 πήρας
554 4083 567 4098 '
597 4069 676 4129 οἶς
728 4065 780 4120 δ’
830 4068 1064 4142 ἀνωτέρω
1109 4072 1345 4141 γενέσθαι
1402 4078 1497 4130 τῆς
1544 4070 1834 4131 ἀθετήσεως

223 4153 536 4222 διεπονήθη,
587 4157 729 4209 οὗτοι
775 4163 862 4210 καὶ
912 4162 970 4210 τὸ
1019 4158 1156 4219 τέλος
1203 4159 1391 4211 οἰκεῖον
1439 4168 1539 4211 τῶν
1588 4179 1835 4232 προηγω-

219 4250 475 4317 νισμένων
530 4248 846 4304 ἐπιθήσουσι
876 4265 887 4276 ’
939 4252 1029 4299 καὶ
1072 4251 1192 4309 τοὺς
1243 4251 1332 4320 μὲν
1385 4257 1476 4310 τῆς
1530 4251 1690 4322 ἄκρας
1748 4269 1832 4320 φι-

222 4333 491 4406 λοσοφίας,
535 4340 624 4388 καὶ
675 4332 766 4388 διὰ
815 4345 968 4390 τοῦτο
1021 4342 1111 4389 καὶ
1158 4345 1249 4398 τῆς
1309 4336 1567 4399 ἁκτησίας
1622 4356 1834 4395 κατενη-
1865 4377 1910 4434 D

223 4429 516 4496 νεγμένους,
583 4427 613 4483 ἠ
682 4434 779 4478 τῶν
848 4426 1045 4479 πολλῶν
1102 4431 1327 4500 μέριμνα
1382 4435 1468 4479 καὶ
1537 4429 1566 4484 ἡ
1625 4432 1833 4500 φροντὶς

221 4510 536 4575 ὑποδέξεται
565 4529 576 4542 ⁸
608 4515 680 4574 οἷς
728 4518 857 4586 μετὰ
884 4523 975 4568 τοῦ
1007 4514 1290 4588 βαλαντίου
1322 4521 1411 4568 καὶ
1456 4519 1484 4573 ἡ
1527 4521 1691 4590 πήρα,
1740 4521 1830 4570 καὶ

219 4605 322 4654 ὃσα
367 4601 432 4654 ἂν
471 4606 532 4654 τὸ
575 4603 938 4678 εὐπερίστατον
993 4604 1236 4679 ἐπιτάττῃ
1285 4614 1374 4658 τοῦ
1429 4603 1573 4678 βίου,
1616 4606 1674 4658 οὐ
1716 4602 1832 4659 dici-

219 4690 385 4762 λείψει
439 4687 512 4743 δι’
543 4692 707 4763 ὄχλου
752 4699 998 4766 γινόμενα
1024 4707 1043 4728 ⁸
1088 4701 1196 4756 τοῖς
1240 4691 1299 4748 δέ
1335 4713 1396 4765 γε
1441 4699 1734 4767 τηρήσασιν
1781 4694 1830 4748 εν

223 4777 435 4853 σπουδῇ
467 4785 559 4834 καὶ
610 4787 780 4843 πόνοις
812 4787 869 4836 τὸ
918 4782 1214 4856 ἀγώνισμα.
1257 4788 1397 4837 Ἐπεὶ
1440 4792 1612 4848 τοῦτο,
1647 4789 1826 4857 φησὶν,

221 4870 341 4940 ὑμῖν
402 4869 571 4944 ὀρθῶς
620 4891 671 4924 τε
714 4877 804 4924 καὶ
861 4872 1109 4946 ἐπιμελῶς
1161 4871 1574 4948 διαπέπρακται,
1627 4879 1716 4926 καὶ
1768 4877 1828 4927 τὸ

220 4966 308 5018 τῆς
348 4957 724 5031 ἀκτημοσύνης
763 4954 909 5015 ἆλθεν
961 4965 1134 5035 ὥσπερ
1181 4962 1381 5037 ἀρραγῆ
1439 4959 1678 5035 κρηπῖδα
1730 4973 1828 5016 τῶν

220 5047 502 5119 μελλόντων
583 5049 792 5122 ἀγώνων
845 5051 1080 5118 ἐπήξατε,
1136 5052 1362 5106 λείπεται
1422 5050 1480 5105 δέ
1537 5072 1828 5128 παρεσχεν.

219 5144 472 5210 ασμένους
520 5142 595 5192 ἔτι
633 5140 822 5212 μᾶλλον
868 5148 958 5194 καὶ
1001 5143 1235 5215 ἑτοίμους
1290 5144 1424 5216 ὑμᾶς
1482 5145 1607 5195 εἶναι
1654 5141 1740 5194 νῦν
1795 5147 1824 5202 ἣ

222 5235 461 5301 πρότερον
519 5233 648 5302 πρὸς
696 5233 781 5282 τὸν
849 5233 978 5305 ὑπὲρ
1034 5231 1160 5304 ἐμοῦ
1233 5235 1450 5284 θάνατον
1483 5249 1496 5262 ·
1559 5229 1665 5290 ἤδη
1725 5236 1825 5307 γὰρ

221 5315 359 5388 κάγὼ
387 5323 473 5370 τὸν
511 5321 640 5391 ὑπὲρ
675 5328 764 5371 τοῦ
794 5325 995 5393 κόσμου
1027 5323 1346 5396 υπέρχομαι.
1399 5318 1464 5374 Εὖ
1513 5319 1570 5374 δὲ
1619 5331 1824 5374 ποιουν-

221 5425 292 5466 τες
323 5411 682 5481 προαπέθεσθε
721 5415 809 5480 μὲν
842 5413 1011 5462 πάντα
1039 5414 1100 5463 τὰ
1125 5426 1216 5463 τον
1252 5411 1371 5484 βίου
1406 5431 1415 5440 ·
1449 5408 1599 5464 οὐδὲν
1632 5409 1682 5462 δ’
1706 5413 1825 5483 ὑμῖν

221 5495 523 5572 ἐπισύρεται
580 5508 677 5550 τῶν
751 5500 1008 5571 μεθέλκειν
1074 5497 1369 5572 δυναμένων
1434 5500 1534 5554 ἀπὸ
1607 5511 1696 5554 του
1751 5507 1822 5573 μὴ

1333 193 1426 251 AD
1467 179 2024 255 AMPHILOCHIUM
2067 186 2396 260 QUESTIO
2438 193 2496 268 1.,

3525 185 3595 256 ea

1941 334 2075 380 rum
2094 319 2223 378 vitae
2241 337 2431 392 genus
2451 337 2674 390 eorum,
2701 322 2802 396 qui
2823 321 3015 394 priora
3039 322 3324 382 mandata
3348 323 3596 385 minime

1941 408 2426 481 observaverunt,
2451 411 2810 483 prmdicitur.
2845 411 3053 467 Verum
3073 410 3129 466 id
3151 411 3412 484 profecto
3435 412 3595 469 haud

1944 498 2305 556 contrarium
2354 505 2602 572 apparet
2632 499 2918 558 mandato
2953 499 3051 566 illi,
3103 501 3194 556 cui
3231 500 3469 572 perfecti
3510 499 3594 558 di-

1945 585 2152 660 scipuli
2186 587 2602 660 obsequentes,
2638 593 3050 661 paupertatem
3091 589 3299 644 sedulo
3341 590 3596 647 retinue-

1942 679 2098 732 runt.
2135 675 2412 741 Viden,ut
2438 693 2508 732 ex
2539 677 2672 749 ipsa
2703 677 2997 734 locutione
3027 678 3336 751 perspicue
3377 678 3592 734 solutio

1943 763 2106 829 ﬂuat,
2133 765 2260 820 sine
2293 765 2412 822 ullo
2441 766 2528 821 vel
2552 766 2749 824 labore
2784 766 2873 822 vel
2893 766 3091 822 subtili
3119 767 3552 837 excogitatione
3578 784 3590 824 :

1946 873 1972 901 ς(
2014 851 2180 908 Nunc
2213 871 2352 910 vero
2391 856 2494 927 qui
2532 855 2712 912 habet
2744 872 3104 927 crumenam,
3149 863 3347 916 sumat
3376 858 3596 934 pariter

1944 949 1995 997 et
2028 958 2229 1012 peram
2262 944 2275 998 l
2318 965 2344 995 »

2021 1035 2101 1086 12.
2145 1033 2295 1088 Duos
2324 1032 2418 1088 hic
2466 1033 2782 1090 hominum
2813 1033 3052 1090 ordines
3085 1034 3170 1105 (ut
3201 1034 3258 1092 in
3296 1036 3410 1090 alio
3450 1051 3596 1108 quo-

1943 1120 2220 1190 visjusso
2247 1122 2684 1193 deprehendere
2715 1122 2866 1196 licet)
2893 1124 3166 1186 videmus
3205 1146 3216 1180 :
3247 1125 3345 1184 alii
3377 1125 3597 1186 scilicet

1942 1211 2298 1270 mandatum
2345 1219 2570 1275 curant,
2609 1213 2707 1268 alii
2752 1214 2973 1270 violant
3018 1234 3029 1272 :
3077 1220 3232 1272 recte
3283 1216 3595 1286 agentibus

1944 1299 2159 1369 majori
2189 1317 2431 1372 quoque
2465 1301 2635 1357 molis
2671 1302 2842 1360 labor
2870 1303 3248 1360 concreditur
3283 1326 3294 1369 ;
3331 1305 3596 1360 socordi-

1942 1387 2055 1442 bus
2085 1388 2316 1444 nullum
2349 1391 2590 1462 insuper
2622 1391 2856 1462 pondus
2887 1393 3176 1464 adjicitur,
3209 1394 3331 1450 imo
3359 1401 3414 1456 et
3448 1393 3596 1450 illud

1943 1476 2064 1549 pris
2113 1479 2444 1550 remittitur,
2490 1496 2564 1540 ne
2614 1481 2819 1536 omnia
2861 1480 3272 1553 desperatione
3327 1499 3594 1554 pessum-

1943 1566 2102 1622 dent.
2163 1567 2465 1626 Mandavit
2515 1568 2820 1642 discipulis
2876 1571 3023 1626 nihil
3066 1576 3126 1628 ut
3163 1571 3534 1644 possiderent
3577 1593 3590 1627 :

1943 1655 2089 1711 nihil
2116 1655 2187 1712 iis
2234 1657 2659 1721 necessarium,
2703 1659 2827 1714 sive
2875 1659 2936 1713 id
2975 1675 3224 1731 parvum
3265 1665 3422 1716 esset
3473 1662 3595 1716 sive

1943 1761 2255 1814 magnum,
2293 1745 2479 1802 defuit
2520 1762 2534 1814 ;
2579 1747 2803 1803 nullam
2855 1749 3238 1806 occasionem
3281 1765 3595 1806 causamve

1942 1834 2284 1908 conﬁngere
2315 1841 2654 1908 potuerunt,
2689 1853 2794 1892 cur
2823 1837 3226 1898 obedientiam
3251 1838 3591 1908 abjicereut.

1943 1924 2102 1994 Quin
2136 1924 2251 1996 ipsi
2281 1924 2472 1980 testati
2499 1932 2639 1982 sunt
2667 1925 2829 1984 nulla
2857 1943 2920 1982 se
2950 1931 3211 1996 egestate
3230 1927 3596 1984 laboravisse

1943 2013 2091 2072 dum
2121 2013 2172 2070 ei
2192 2021 2489 2086 praecepto
2515 2016 3005 2088 obsequerentur.
3037 2039 3064 2066 ‹‹
3097 2017 3401 2089 Nunquid,
3438 2039 3466 2066 »
3493 2018 3593 2086 ait,

1943 2121 1972 2153 ι(
2009 2102 2174 2158 vobis
2199 2102 2428 2159 defuit?
2458 2125 2485 2156 »
2518 2104 2976 2176 responderunt,
3005 2128 3031 2155 ‹‹
3063 2106 3288 2162 Nihil.»
3322 2107 3594 2172 Quando-

1940 2192 2188 2264 quidem
2206 2191 2380 2261 igitur
2393 2209 2714 2249 commune
2729 2195 3070 2250 mandatum
3090 2201 3233 2260 erat.
3254 2196 3595 2252 communis

1944 2297 2186 2352 quoque
2213 2281 2319 2338 fuit
2349 2282 2530 2337 victus
2562 2283 2752 2354 copia.
2786 2284 3228 2341 Verumtamem
3259 2283 3357 2340 alii
3387 2290 3596 2341 contra

1945 2368 2209 2426 officium
2240 2386 2580 2426 crumenam
2619 2371 2980 2437 habuerunt,
3018 2373 3115 2428 alii
3158 2374 3446 2432 mandato
3487 2373 3597 2430 ad-

1947 2459 2266 2516 haeserunt.
2298 2462 2491 2525 Quare
2533 2459 2800 2516 mandati
2846 2460 3159 2518 violatores
3190 2461 3367 2518 simul
3397 2479 3594 2534 repre-

1930 2547 2171 2616 hendit,
2205 2552 2260 2605 et
2312 2548 2486 2605 simul
2541 2565 2652 2605 suo
2693 2565 2985 2624 quemque
3026 2551 3314 2623 permittit
3352 2551 3596 2608 arbitrio

1949 2637 2100 2701 ferri,
2124 2636 2404 2710 nullaque
2438 2639 2486 2692 vi
2513 2637 2684 2707 cogit.
2718 2639 3145 2703 Simulautem,
3178 2640 3225 2694 si
3261 2639 3343 2696 ita
3381 2639 3592 2711 placet,

1946 2732 2275 2797 praedicens
2291 2727 2401 2782 illis
2426 2727 2686 2784 futuram
2702 2728 2970 2799 ipsorum
2990 2727 3194 2786 vitam:
3216 2752 3243 2780 «
3267 2730 3374 2796 Qui
3395 2729 3574 2786 habet

1944 2815 2041 2880 ait,
2073 2832 2444 2884 crumenam,
2466 2821 2668 2873 sumat
2693 2817 2911 2888 pariter
2927 2824 2982 2872 et
3012 2833 3240 2889 peram.
3271 2839 3299 2870 »
3324 2822 3471 2878 Nam
3491 2819 3595 2891 qui

1944 2910 2121 2961 antea
2135 2904 2402 2975 deliquit,
2427 2905 2714 2966 mandato
2731 2912 3115 2977 comlempto,
3137 2907 3184 2962 is
3201 2909 3339 2964 satis
3365 2916 3596 2978 porten-

1943 2993 2028 3048 dit
2056 2993 2297 3065 qualem
2343 3001 2581 3064 postero
2628 3011 2872 3066 quoque
2917 3001 3182 3066 tempore
3233 2995 3292 3052 in
3326 3013 3387 3052 re
3420 2997 3596 3056 simili

1943 3083 2208 3138 animum
2240 3090 2514 3151 gesturus
2558 3085 2648 3140 sit.
2692 3087 2904 3140 Contra
2935 3101 3154 3149 eorum,
3187 3085 3289 3156 qui
3319 3091 3595 3144 accurate

1944 3188 2067 3227 rem
2101 3172 2449 3243 imperatam
2482 3173 2764 3238 fecerunt,
2799 3180 3077 3232 constans
3117 3175 3420 3244 ingenium
3465 3191 3597 3246 pro-

1943 3261 2118 3329 bans,
2138 3278 2436 3317 summam
2454 3279 2696 3334 quoque
2712 3262 3134 3334 perfectionem
3160 3262 3220 3318 in
3234 3265 3446 3332 agonis
3465 3280 3595 3336 par-

1947 3356 2060 3406 tem
2094 3349 2356 3422 largitur,
2388 3368 2613 3423 eosqne
2631 3352 2706 3408 ad
2736 3351 3020 3421 religiosae
3053 3352 3179 3408 vitas
3203 3352 3439 3408 culmen
3473 3370 3597 3410 mo«

1947 3437 2079 3492 nitis
2101 3439 2218 3494 suis
2242 3438 2528 3494 subvehit.

2017 3530 2102 3584 '13.
2147 3528 2549 3594 Quamobrem
2577 3527 2655 3583 ait
2682 3527 2915 3599 utrique
2936 3528 3149 3598 ordini,
3179 3528 3452 3600 bipartito
3481 3545 3595 3586 ser-

1947 3634 2122 3672 mone
2159 3634 2169 3672 :
2206 3621 2371 3673 Nunc
2410 3634 2546 3673 cum
2581 3617 2841 3673 maxime
2874 3618 3067 3688 passio
3101 3635 3234 3676 mea
3263 3617 3594 3690 appropin-

1945 3713 2109 3778 quat,
2150 3707 2484 3778 bellumque
2515 3722 2804 3776 magnum
2837 3713 3043 3762 contra
3071 3723 3177 3762 vos
3217 3707 3592 3778 ingravescit,

1946 3796 2272 3852 multorum
2313 3796 2570 3868 denique
2611 3795 3030 3852 revelabuntur
3059 3797 3472 3867 cogitationes.
3503 3799 3594 3852 Et-

1945 3885 2106 3941 enim
2133 3885 2283 3954 illos,
2318 3903 2350 3940 a
2372 3886 2591 3956 quibus
2616 3887 2890 3958 superius
2919 3887 3294 3951 mandatum,
3318 3885 3451 3942 licet
3476 3902 3593 3942 non

1945 3975 2023 4030 ita
2041 3973 2320 4040 arduum,
2343 3974 2630 4030 violatum
2651 3975 2775 4041 fuit,
2792 3991 2914 4040 eos,
2931 3975 3203 4047 inquam,
3220 3981 3354 4046 post
3369 3991 3596 4032 crume-

1943 4081 2086 4120 nam
2127 4069 2517 4136 consequetur
2558 4081 2713 4136 peras
2753 4081 2994 4137 quoque
3034 4065 3292 4135 adjectio
3332 4082 3345 4120 :
3391 4070 3595 4122 contra

1944 4153 2044 4217 illi,
2079 4153 2298 4225 quibus
2338 4169 2495 4208 curae
2528 4153 2634 4208 fuit
2665 4159 2725 4210 ut
2756 4155 2832 4210 ab
2863 4155 3269 4211 inobedientia
3295 4161 3590 4223 caverent,

1944 4241 2280 4298 coronidem
2298 4257 2542 4314 quoque
2557 4242 2826 4300 idoneam
2842 4243 3142 4314 prioribus
3161 4243 3389 4298 actibus
3404 4242 3593 4312 impo-

1942 4336 2108 4387 nent.
2146 4331 2288 4387 Hiuc
2317 4347 2419 4387 eos
2444 4332 2547 4402 qui
2579 4349 2613 4386 a
2651 4331 2891 4387 sublimi
2931 4330 3314 4404 philosophia
3339 4329 3592 4400 ideoque

1943 4421 2124 4478 etiam
2158 4437 2194 4477 a
2241 4421 2605 4492 paupertatis
2637 4420 2814 4475 laude
2852 4420 3216 4489 exciderunt,
3267 4421 3588 4475 multarum

1941 4526 2143 4568 rerum
2163 4508 2497 4565 sollicitudo
2514 4515 2569 4566 et
2589 4525 2732 4564 cura
2749 4509 2994 4580 excipiet
3020 4525 3032 4564 :
3058 4508 3418 4580 eosdemque
3445 4524 3591 4580 prm-

1942 4607 2026 4657 ter
2055 4614 2405 4656 crumenam
2451 4606 2504 4654 et
2537 4613 2764 4669 peram,
2812 4604 3023 4654 cratera
3051 4597 3250 4666 etiam,
3300 4614 3432 4670 quas
3461 4598 3590 4656 vita:

1938 4689 2166 4747 lautitia
2229 4687 2428 4758 exigit,
2480 4688 2782 4743 turmatim
2838 4686 3293 4745 circumsistent.
3345 4693 3412 4744 At
3454 4704 3590 4744 vero

1937 4779 2050 4837 illis
2071 4778 2174 4851 qui
2203 4776 2410 4833 sedulo
2431 4781 2489 4832 et
2513 4776 2734 4834 fortiter
2764 4776 2826 4832 in
2859 4778 3162 4849 proposito
3187 4793 3366 4850 opere
3394 4793 3592 4849 perse-

1938 4872 2309 4933 veraverunt,
2335 4866 2620 4940 quoniam
2638 4865 2772 4932 hoc,
2800 4866 3004 4938 inquit,
3028 4871 3185 4924 recte
3203 4872 3259 4922 et
3279 4865 3591 4937 diligenter

1939 4975 1976 5015 ο.
2003 4959 2174 5015 vobis
2204 4963 2512 5031 peractum
2545 4962 2846 5012 certamen
2876 4961 2980 5019 est,
3013 4973 3085 5012 ac
3116 4957 3480 5028 paupertatis
3507 4956 3591 5013 la-

1936 5049 2145 5105 borem
2176 5065 2284 5104 ceu
2315 5046 2682 5105 immobilem
2712 5047 3044 5102 futurorum
3071 5062 3336 5115 agonum
3366 5045 3590 5105 colum-

1937 5155 2078 5194 nam
2105 5137 2506 5202 constituistis,
2537 5140 2809 5208 superest
2837 5141 2897 5191 ut
2917 5152 3078 5192 nunc
3109 5136 3381 5207 apprime
3412 5135 3588 5194 morti

1937 5243 2046 5299 pro
2075 5244 2172 5283 me
2202 5225 2497 5283 obeundae.
2533 5226 2725 5297 parati
2763 5227 2888 5280 sitis
2932 5243 2945 5280 :
2980 5241 3122 5282 nam
3155 5231 3212 5280 et
3241 5241 3354 5295 ego
3379 5241 3588 5282 necem

1938 5332 2042 5388 pro
2072 5316 2292 5372 mundo
2334 5333 2474 5371 mox
2513 5315 2820 5370 subiturus
2851 5331 3004 5370 sum.
3040 5317 3194 5370 Bene
3233 5319 3436 5371 autem
3475 5321 3585 5379 est,

1938 5406 2100 5478 quod
2129 5411 2307 5462 antea
2335 5405 2641 5460 mundana
2690 5404 2893 5459 omnia
2933 5403 3235 5474 abjecistis
3290 5423 3301 5458 :
3334 5404 3480 5458 nihil
3529 5409 3590 5458 ut

1937 5485 2040 5552 vos
2063 5495 2320 5567 pelliciat
2348 5510 2577 5558 eorum,
2606 5510 2742 5566 qua;
2765 5493 3050 5565 impedire
3076 5498 3340 5565 possent,
3361 5493 3589 5566 quomi-
