4086 6190
453 224 522 278 63
1677 225 1914 283 PHOTII
1951 226 2089 281 ΡΑΤ

2200 223 2435 281 tRCHAS
2474 225 2583 281 ΟΡ.
3750 223 3822 276 64

449 365 560 406 nus
589 349 908 407 laetabundi
929 351 1005 407 ad
1032 368 1333 408 summam
1363 354 1445 409 rei
1475 353 1746 417 veniatis,
1779 368 1994 424 nempe
2019 350 2089 406 ad

2207 356 2491 424 χαίροντας
2540 348 2697 402 ἐλθεῖν
2743 348 2818 401 ἐπὶ
2866 352 2922 400 τό
2972 350 3177 400 πάντων
3223 346 3494 418 κεφάλαιον
3545 351 3638 402 τὴν
3689 346 3820 418 ὑπὲρ

447 439 672 494 caedem
693 439 806 494 mei
821 456 1000 495 causa
1029 441 1396 512 patiendam.
1419 442 1679 497 Pronum
1693 441 1917 512 oppido
1930 439 2098 496 vobis

448 528 868 584 eritalacribus
897 528 1042 594 ﬁeri,
1075 534 1252 602 atque
1277 535 1610 586 extremum
1635 529 1956 585 amiculum
1987 532 2099 583 tra-

448 616 604 682 dere,
638 622 694 672 et
725 618 840 673 mei
873 618 1066 689 gratia
1099 625 1347 675 inertem
1380 636 1514 675 cum
1558 619 1678 674 vita
1707 623 2096 674 commutare.

449 704 514 760 Id
545 706 702 762 enim
748 708 1238 763 commodissime
1269 709 1538 764 omnium
1591 707 1876 778 praedicta
1919 705 2100 762 verba

449 795 806 865 significant,
830 812 1180 852 crumenam
1203 813 1322 854 non
1346 797 1586 860 habere,
1609 795 1944 852 vetimenti
1965 810 2101 850 ven-

446 883 612 947 ditio,
641 885 874 953 gladius
918 903 930 940 :
983 886 1156 940 veluti
1189 902 1261 940 ne
1302 885 1633 941 novissimo
1664 886 1906 957 quidem
1954 883 2100 940 ami-

445 972 578 1028 culo
598 973 890 1042 perfectus
919 976 1285 1045 paupertatis
1311 975 1537 1030 assecla
1563 989 1847 1045 parsurus
1878 973 1971 1037 sit,
2007 988 2099 1026 ve-

447 1061 730 1116 rumillud
756 1078 996 1134 quoque
1027 1079 1322 1128 cessurus,
1355 1063 1500 1118 dum
1535 1063 1800 1134 expedite
1831 1060 2098 1116 curritad

442 1150 733 1220 gladium.
761 1152 903 1206 Hinc
925 1168 1045 1206 non
1072 1153 1153 1206 ait
1176 1153 1384 1208 vendat
1411 1157 1514 1207 aut
1533 1157 1685 1207 emat
1717 1167 1730 1215 ;
1763 1150 1865 1205 sed
1893 1150 2097 1206 vendet

442 1243 497 1294 et
519 1246 693 1295 emet:
718 1240 959 1311 quibus,
982 1241 1178 1295 verbis
1203 1256 1396 1312 neque
1418 1240 1611 1310 legem
1645 1255 1838 1311 neque
1859 1239 2096 1308 jussum

443 1328 684 1393 statuit;
712 1333 767 1382 et
795 1334 992 1383 tamen
1016 1344 1140 1383 rem
1165 1327 1428 1384 futuram
1455 1333 1594 1384 ante
1615 1327 1949 1384 denuntiat.
1976 1327 2094 1382 Sci-

440 1416 571 1471 licet
599 1416 764 1472 haud
795 1417 1040 1482 mando,
1073 1417 1292 1488 inquit,
1327 1424 1390 1472 ut
1424 1418 1553 1473 hinc
1579 1417 1746 1480 ﬁant,
1782 1416 1885 1472 sed
1916 1415 2097 1471 futuri

442 1505 726 1576 praescius
757 1512 892 1561 ante
921 1505 1107 1576 edico,
1141 1507 1266 1562 fore
1301 1512 1359 1562 ut
1400 1506 1675 1578 prtecepti
1708 1505 1980 1562 custodia
2019 1504 2096 1560 ad

443 1600 776 1650 extremum
811 1611 1053 1666 quoque
1093 1602 1147 1650 et
1186 1595 1418 1666 insigne
1458 1595 1690 1651 facinus
1731 1596 1890 1650 viam
1929 1593 2097 1649 vobis

443 1684 698 1739 muniat:
724 1683 822 1738 illa
843 1684 1002 1738 enim
1028 1684 1301 1739 suadebit
1324 1684 1513 1752 vobis,
1536 1689 1597 1739 ut
1622 1698 1831 1739 necem
1856 1697 2089 1755 quoque

2207 1689 2343 1755 μέγα
2415 1686 2535 1755 ὑμῖν
2601 1683 2998 1757 προύπογράφει
3065 1682 3426 1754 κατόρθωμα·

444 1772 558 1826 mei
576 1789 756 1828 causa
774 1772 1023 1828 libenter
1045 1774 1204 1828 adire
1228 1774 1442 1840 Velitis,
1475 1774 1641 1829 omni
1664 1788 1808 1828 cura
1826 1771 2098 1827 saeculari

439 1863 677 1929 vacetis,
704 1861 848 1916 nihil
874 1862 1181 1933 corporale
1202 1863 1526 1931 sectemini,
1555 1867 1770 1917 cuncta
1793 1861 1871 1916 ad
1893 1875 2097 1916 meum

439 1949 793 2006 famulatum
835 1949 1125 2007 referatis.
1169 1951 1338 2015 Quod
1378 1956 1576 2006 autem
1615 1951 1780 2006 haud
1821 1949 1973 2005 alius
2014 1951 2096 2006 rei

438 2039 631 2107 gratia
659 2039 890 2108 gladios
923 2045 1207 2096 memoret
1247 2055 1466 2096 arcano
1502 2039 1842 2095 Dominicus
1874 2053 2092 2101 sermo,

435 2127 666 2198 jamdiu
708 2127 1012 2199 parabolis
1057 2129 1138 2182 uti
1189 2128 1411 2193 solitus,
1453 2128 1565 2183 nisi
1609 2133 1668 2183 ut
1705 2143 1810 2182 eos
1850 2142 1973 2182 suae
2027 2141 2096 2182 ac

440 2215 872 2286 discipulorum
894 2216 1181 2287 passionis
1205 2216 1550 2286 symbolum
1573 2216 1768 2281 faciat,
1791 2215 2097 2271 manifeste

441 2305 716 2360 cnucleat
744 2304 800 2358 in
829 2304 1354 2376 subsequentibus.
1392 2305 1538 2360 Cum
1571 2305 1732 2359 enim
1759 2303 2095 2376 respondis-

444 2396 576 2449 sent
603 2392 877 2464 discipuli
905 2399 1122 2465 praasto
1152 2409 1280 2449 esse
1306 2393 1537 2464 gladios
1563 2394 1734 2461 duos,
1768 2393 1911 2448 nihil
1951 2409 2097 2465 pras-

448 2487 606 2538 terea
627 2481 705 2537 ab
732 2482 800 2536 iis
833 2481 1163 2554 exquisivit,
1189 2489 1335 2553 puta
1363 2483 1454 2537 vel
1484 2487 1548 2538 ut
1571 2487 1797 2537 vestem
1821 2482 2098 2536 divende-

449 2576 597 2634 rent,
621 2569 800 2625 velan
823 2571 879 2640 ii,
895 2571 1109 2642 quibus
1131 2575 1283 2625 esset
1299 2587 1604 2638 crumena,
1625 2587 1832 2643 peram
1853 2587 2096 2643 quoque

449 2660 859 2730 sumpsissent,
892 2675 1086 2730 neque
1113 2659 1187 2714 ad
1235 2659 1382 2716 alias
1415 2677 1515 2715 eos
1554 2659 1850 2716 transtulit
1875 2661 2097 2731 cogita-

1502 2749 1724 2804 scilicet
1750 2750 1936 2819 signis
1980 2766 2098 2805 res-

443 2852 578 2907 quas
602 2835 958 2907 portenditur
977 2835 1560 2906 circumscriptaest;
1586 2843 1764 2909 atque
1785 2838 1914 2892 haec
1935 2853 2097 2893 asse-

447 2748 637 2804 tiones
670 2767 682 2816 ;
718 2748 821 2802 sed
853 2770 878 2796 «
924 2748 1074 2804 Satis
1106 2756 1214 2816 est,
1247 2767 1274 2799 »
1309 2749 1390 2804 ait
1441 2768 1453 2807 :

441 2923 677 2994 quendo
707 2939 889 2994 scopo
935 2923 1259 2978 sufﬁciunt.
1292 2923 1499 2980 'l‘otum
1532 2925 1756 2996 quippe
1787 2926 2091 2995 negotium

439 3011 622 3084 gladii
648 3012 770 3068 duo
791 3011 979 3067 oculis
1009 3011 1352 3082 subjiciunt,
1379 3017 1436 3068 et
1461 3013 1606 3085 quid
1635 3013 1745 3068 sibi
1769 3014 1906 3068 velit
1935 3030 2095 3086 sym-

437 3101 646 3156 bolum
689 3101 1069 3172 patefaciunt.
1101 3101 1257 3157 Alter
1298 3101 1457 3156 enim
1504 3099 1738 3170 gladius
1769 3102 2092 3158 Dominicte

436 3190 732 3261 passionis
760 3190 964 3259 imago
994 3194 1140 3255 erat,
1174 3189 1318 3245 alter
1350 3189 1652 3259 Evangelii
1694 3190 2088 3258 genuinorum

436 3282 492 3334 et
514 3278 638 3334 sine
666 3279 800 3334 fuco
823 3278 1281 3350 discipulorum,
1305 3277 1407 3350 qui
1430 3279 1658 3334 cunctis
1680 3279 1834 3335 infra
1859 3282 2089 3336 Domini

435 3367 781 3423 charitatem
802 3368 1032 3433 locatis,
1067 3367 1460 3423 novissimum
1492 3384 1735 3440 quoque
1762 3369 2087 3424 amiculum

435 3461 675 3521 exuunt,
730 3462 905 3526 atque
936 3456 1101 3510 omni
1135 3455 1389 3511 terrestri
1439 3472 1521 3522 re,
1556 3456 1677 3511 imo
1712 3463 1768 3512 et
1801 3458 1935 3528 ipsa
1983 3474 2087 3514 na-

434 3549 583 3609 tura,
618 3545 844 3612 nudati,
881 3544 1057 3599 simul
1084 3561 1154 3600 ac
1187 3545 1422 3600 occasio
1452 3546 1704 3600 athletas
1745 3553 1973 3609 evocat,
2007 3548 2083 3601 ad

433 3649 638 3690 necem
671 3650 775 3706 pro
803 3634 1018 3690 dilecto
1045 3642 1292 3691 ovantes
1318 3635 1654 3691 convolant.

509 3906 570 3958 14
607 3905 795 3974 Atque
821 3903 901 3958 ita
926 3901 1050 3958 hmo
1080 3902 1258 3958 etiam
1289 3903 1503 3974 qutein
1535 3903 1812 3958 manibus
1851 3906 1936 3958 est
1963 3902 2084 3957 dis-

431 3992 653 4064 putatio
683 3991 1142 4047 consonantiam
1170 3990 1465 4046 dictorum
1495 3991 1880 4057 demonstrat,
1925 3991 2079 4047 haud

429 4081 695 4153 equidem
713 4096 1090 4152 personarum
1103 4080 1455 4145 differentia,
1471 4096 1648 4152 quam
1661 4080 1876 4136 divime
1891 4081 2082 4152 Scrip-

429 4175 573 4228 turaa
603 4171 823 4226 locutio
865 4169 956 4225 hic
996 4186 1115 4225 nou
1148 4170 1384 4241 patitur,
1430 4169 1535 4225 sed
1577 4170 2081 4241 consequentibus

428 4259 616 4329 factis,
635 4264 693 4315 et
710 4259 1126 4332 progrediente
1146 4259 1436 4314 sermonis
1448 4257 1657 4314 ordine
1680 4259 2078 4331 symbolicam

429 4349 746 4405 verborum
780 4348 1276 4419 significationem
1311 4347 1602 4420 aperiens.
1651 4349 1910 4402 Profecto
1950 4350 2082 4404 licet

430 4453 545 4493 non
576 4438 768 4494 solum
803 4437 1098 4509 praedictis
1122 4435 1318 4492 modis
1350 4435 1839 4491 simulamentmn
1870 4453 2080 4508 pugna:

427 4541 808 4595 cognoscere,
834 4525 937 4580 sed
961 4524 1090 4580 aliis
1106 4524 1285 4579 etiam
1307 4523 1498 4579 multo
1520 4524 1608 4588 iis,
1632 4523 1736 4596 qui
1757 4523 1898 4580 dicti
1920 4531 2078 4592 sunt,

428 4613 721 4686 pluribus,
749 4629 1005 4685 quorum
1031 4613 1311 4685 expositio
1333 4618 1514 4685 atque
1544 4614 1872 4685 percensio,
1901 4629 2082 4686 pecu-

426 4702 586 4758 liaris
634 4701 968 4773 cujusdam,
1015 4718 1133 4757 non
1185 4701 1508 4773 pressantis,
1561 4702 1929 4759 tractationis
1967 4708 2075 4758 est.

426 4789 577 4845 Nihil
596 4795 793 4844 tamen
813 4795 971 4845 vetat
990 4790 1316 4861 quominus
1332 4790 1562 4862 aliquot
1583 4791 2076 4862 perstringamus,

422 4878 526 4950 qui
545 4877 723 4933 etiam
743 4876 1047 4932 nonnullis
1076 4877 1207 4932 aliis
1225 4876 1688 4935 dubitationibus
1711 4880 1842 4950 tuis,
1873 4880 1920 4934 si
1941 4881 2076 4952 quis

421 4981 548 5022 rem
580 4971 776 5022 tecum
805 4965 1222 5031 considerabit,
1258 4968 1707 5038 responsionem
1739 4970 2077 5041 suppedita-

420 5055 590 5111 bunt.
623 5058 770 5110 Nam
800 5053 985 5110 multa
1010 5070 1235 5119 eorum,
1267 5071 1398 5127 quas
1427 5056 1672 5113 minime
1697 5059 1847 5114 inter
1872 5073 1932 5115 se
1963 5076 2076 5132 pu-

420 5151 627 5216 gnant,
659 5143 707 5198 si
742 5143 956 5216 partim
989 5143 1321 5199 secundum
1352 5146 1751 5202 (economiam
1776 5147 2072 5213 dicantur,

419 5233 637 5304 partim
651 5231 983 5288 secundum
1001 5238 1227 5288 natura:
1239 5235 1534 5301 ordinem,
1551 5242 1733 5307 tuque
1745 5253 1815 5293 ea
1829 5238 2073 5294 minime

419 5321 744 5387 discernes,
761 5323 1240 5379 contradictionis
1253 5323 1456 5378 fucum
1471 5324 1706 5380 facient.
1717 5326 2074 5384 (Economia

2209 439 2332 513 ἐμοῦ
2375 445 2622 512 σφαγηνο
2662 438 2840 509 ἕψεται
2887 439 3092 498 πάντως
3139 435 3260 503 ὑμῖν
3311 437 3617 509 προθύμους
3667 435 3819 500 εἶναι,

2208 535 2297 582 καὶ
2342 534 2399 582 τό
2453 532 2679 600 ἔσχατον
2726 524 3016 579 ἀποδοῦναι
3060 523 3408 597 περιϐόλαιον,
3453 528 3543 574 καὶ
3595 522 3822 585 ἀλλάξα-

2212 623 2336 672 σθαι
2380 627 2472 681 τῆς
2533 619 2667 678 ζωῆς
2712 621 2797 669 τόν
2856 617 2983 689 ὑπὲρ
3035 615 3161 687 ἐμοῦ
3213 616 3451 667 θάνατον.
3511 620 3677 666 Τοῦτο
3715 615 3822 687 γαρ

2212 713 2458 779 σημαίνοι
2519 706 2578 757 ἂν
2658 715 2753 758 τῶν
2831 705 3106 779 εἰρημένων
3161 706 3365 756 πάντων
3429 701 3824 775 εὖστοχώτερον

2209 801 2266 848 τό
2313 795 2589 868 βαλάντιον
2638 800 2707 867 μη
2754 797 2916 866 ἔχειν,
2950 798 3039 844 καὶ
3089 795 3118 850 ἡ
3180 800 3272 844 τοῦ
3331 793 3545 862 ἱματίου
3598 797 3820 863 πράσις,

2208 891 2298 937 καὶ
2348 887 2376 943 ἡ
2425 887 2711 957 μάχαιρα·
2746 887 2933 936 ὡσανεὶ
2981 884 3101 934 όταν
3141 901 3232 954 περ
3279 877 3402 933 οὐδὲ
3454 889 3544 932 τοῦ
3583 879 3824 951 ἐσχάτου

2209 974 2537 1047 περιϐολαίου
2608 976 2632 1025 ό
2707 978 2799 1031 τὴν
2871 981 2960 1032 τῆς
3045 971 3414 1042 ακτημοσύνης
3487 969 3825 1040 τελεσάμενος

2210 1069 2460 1135 φείσεται,
2517 1062 2644 1114 ἀλλὰ
2694 1070 2897 1114 κακεῖνο
2952 1057 3114 1113 δώσει
3151 1069 3343 1134 χωρῶν
3402 1059 3633 1130 εὐθύμως
3689 1063 3826 1130 πρός

2207 1155 2502 1225 μάκαιραν.
2564 1155 2649 1203 Διό
2709 1152 2766 1203 οὗ
2830 1150 3140 1214 πωλησάτω,
3207 1154 3386 1220 φησὶνν
3448 1144 3569 1199 οὐδὲ
3631 1147 3827 1220 ὰγθρα’

2211 1244 2370 1306 σατω,
2438 1240 2564 1292 ἀλλὰ
2633 1239 2864 1297 πωλήσει
2927 1244 3015 1290 καὶ
3070 1237 3320 1311 ἀγοράσει
3354 1255 3365 1266 °
3423 1237 3533 1309 ἅμα
3603 1241 3694 1308 μὲν
3761 1237 3827 1287 οὗ

2207 1335 2378 1401 νόμον,
2408 1326 2524 1381 οὐδ’
2566 1328 2829 1400 ἐπίταγμα
2871 1332 2935 1380 τὰ
2981 1329 3195 1402 ῥήματα
3229 1336 3406 1391 ποιῶν,
3453 1327 3564 1398 ἅμα
3613 1322 3674 1378 δὲ
3731 1332 3827 1377 καὶ

2207 1423 2262 1470 τό
2302 1417 2480 1490 μέλλον
2527 1420 2890 1490 προαγορεύων
2924 1433 2934 1445 ·
2971 1419 3095 1479 οἷον,
3156 1415 3267 1467 υύκ
3317 1414 3607 1480 ἐπιτάσσω,
3665 1419 3838 1486 φησὶ,-

2206 1515 2356 1559 τοῦτο
2409 1509 2648 1578 γένεσθαι
2719 1505 2828 1557 ἀλλ’
2873 1502 3024 1566 εἰδὼς
3064 1508 3119 1557 τό
3167 1508 3510 1576 γενησόμενον
3561 1503 3823 1576 προλέγω,

2208 1598 2275 1657 ὡς
2322 1597 2350 1653 ἡ
2405 1604 2499 1656 τῆς
2549 1594 2754 1656 ἐντολῆς
2799 1593 2997 1666 φυλακὴ
3044 1598 3134 1644 καὶ
3196 1595 3253 1643 τὸ
3308 1595 3537 1663 ἔσχατόν
3591 1611 3690 1644 που
3731 1598 3829 1643 καὶ

3478 1679 3640 1737 ἐκείνη
3717 1683 3828 1754 γὰρ

2206 1778 2376 1825 πείσει
2448 1778 2535 1824 καὶ
2581 1775 2668 1824 τόν
2723 1773 2848 1844 ὑπὲρ
2917 1769 3042 1842 ἐμοῦ
3089 1772 3301 1822 θανατον
3371 1766 3538 1830 ἡδέως
3591 1768 3826 1834 ἑλέσθαι,

2207 1866 2264 1912 τὸ
2321 1862 2493 1920 πάσης
2535 1862 2672 1932 ὑμᾶς
2727 1857 2980 1931 βιωτικῆς
3023 1857 3317 1932 ἐλευθέρους
3363 1855 3491 1909 εἶναι
3543 1863 3824 1932 μερίμνης,

2209 1953 2332 2021 πρὸς
2381 1953 2441 2000 τό
2500 1946 2667 2020 μηδὲν
2722 1948 3126 2021 ἐπιστρέφεσθαι
3182 1956 3281 1999 τῶν
3360 1955 3690 2018 σωματικῶν,
3764 1951 3828 1998 τό

2205 2040 2375 2090 πάντα
2405 2041 2534 2110 πρὸς
2564 2042 2649 2095 την
2697 2036 2822 2109 ἐμὴν
2867 2035 3130 2110 ἀναφέρειν
3173 2037 3464 2109 θεραπείαν.
3496 2033 3617 2087 Ὀτι
3653 2031 3712 2086 δὲ
3762 2035 3827 2087 οὐ

2206 2126 2395 2198 μᾶλλον
2428 2126 2599 2200 ἐτέρου
2630 2129 2770 2187 τινός
2813 2127 2973 2199 χάριν
3003 2127 3093 2184 τὰς
3134 2129 3409 2196 μαχαίρας
3439 2125 3464 2174 ό
3505 2127 3568 2174 τα
3600 2122 3686 2175 ἀπ’
3730 2123 3826 2196 αρ-

2206 2223 2316 2287 χῆς
2373 2213 2712 2290 προϐλήματα
2771 2216 3114 2286 φθεγγόμενος
3175 2212 3595 2284 αἱνιγματίζεται
3645 2212 3826 2284 λόγος,

2274 2303 2530 2376 σύμϐολον
2571 2305 2734 2365 αὑτὰς
2780 2306 3120 2375 πεποιημένος
3163 2309 3253 2353 του
3299 2321 3352 2352 τε
3394 2300 3583 2353 οἰκείου
3627 2303 3830 2362 πάθους

2206 2399 2296 2445 καὶ
2337 2401 2434 2444 τῶν
2477 2395 2744 2465 μαθητῶν,
2792 2400 2969 2463 σαφῶς
3025 2391 3417 2442 ἀναπτύσσεται
3466 2398 3574 2451 τοῖς
3619 2390 3826 2460 ἐφεξῆς.

2205 2480 2646 2556 Ἀποκριναμένων
2693 2485 2793 2555 γαρ
2847 2490 2944 2532 τῶν
2993 2482 3238 2551 μαθητῶν
3287 2482 3352 2539 ὡς
3401 2481 3670 2551 μάχαιραι
3724 2476 3829 2531 δύο

2210 2571 2358 2636 εἰσὶν,
2414 2570 2522 2623 οὗθ’
2573 2571 2739 2642 ἕτερον
2797 2574 2846 2619 τί
2891 2572 3273 2640 προσαπῄτησε
3316 2566 3437 2641 παρ’
3481 2567 3669 2636 αὐτῶν,
3713 2571 3828 2620 οἷον

2212 2663 2414 2732 ἱμάτιον
2447 2659 2709 2724 πωλῆσαι,
2738 2663 2767 2716 ἦ
2803 2665 2910 2719 τοίς
2941 2661 3131 2728 ἔχουσι
3161 2659 3218 2708 τό
3257 2654 3550 2727 βαλάντιον,
3585 2656 3627 2706 εἰ
3666 2661 3759 2708 καὶ
3793 2660 3824 2714 ἡ

2207 2756 2352 2823 πήρα
2405 2747 2804 2823 προσείληπται,
2859 2750 2974 2798 οὔτε
3018 2750 3147 2820 πρὸς
3198 2745 3356 2802 ἀλλην
3406 2741 3640 2796 διάνοιαν
3702 2765 3830 2817 μετ-

2209 2837 2466 2902 εϐίϐασεν,
2527 2836 2637 2889 ἀλλ’
2683 2837 2875 2888 Ἱκανόν
2925 2835 3057 2906 ἐστι,
3105 2839 3262 2907 φησίν
3296 2852 3308 2863 ·
3369 2833 3480 2886 ἀντὶ
3533 2842 3623 2886 τοῦ
3681 2853 3830 2906 περι-

2210 2929 2404 2999 εγράφη
2435 2933 2544 2987 τοῖς
2587 2923 2867 2996 συμϐόλοις
2908 2928 2966 2975 τό
3017 2927 3356 2995 μηνυόμενον,
3393 2927 3482 2974 καὶ
3532 2920 3830 2994 ἀρκούντως

2135 3060 2175 3116 C
2207 3019 2318 3086 ἔχει
2349 3023 2690 3089 παραστῆσαι
2728 3022 2895 3064 ταυτα
2937 3016 3022 3064 τόν
3067 3016 3285 3068 σκοπόν.
3343 3013 3407 3064 Αἱ
3443 3013 3542 3083 γὰρ
3576 3006 3672 3061 δύο
3716 3011 3826 3080 μα-

2205 3124 2393 3177 χαιραι
2437 3108 2528 3160 τὴν
2576 3107 2761 3175 χρείαν
2811 3101 2931 3158 ὃλην
2976 3101 3362 3174 ὑπογράφουσι,
3404 3104 3494 3151 καὶ
3535 3107 3626 3151 τον
3678 3118 3819 3168 σνμ·

2205 3192 2355 3243 ϐόλου
2411 3195 2468 3243 τό
2517 3189 2761 3263 βούλημα
2809 3187 3183 3260 ὃιαγγέλλουσι
3211 3209 3223 3220 ο
3255 3194 3344 3240 καὶ
3391 3192 3492 3260 γαρ
3543 3190 3736 3240 τούτων
3786 3191 3816 3245 η

2201 3285 2290 3350 μεν
2339 3279 2640 3354 παραϐολὴν
2693 3279 2872 3350 ἐπεῖχε
2919 3287 3010 3330 του
3052 3275 3366 3330 δεσποτικοῦ
3404 3279 3622 3342 πάθους,
3670 3278 3699 3333 ἡ
3757 3273 3822 3328 ὂε

2200 3379 2298 3422 τῶν
2345 3374 2578 3441 γνησίων
2628 3387 2682 3421 τε
2728 3374 2817 3420 καὶ
2862 3372 2930 3429 ως
2978 3367 3177 3428 ἀληθῶς
3220 3375 3310 3419 τον
3358 3366 3515 3437 λόγου
3567 3367 3819 3438 μαθητῶν

2199 3459 2275 3519 οἷς
2301 3459 2503 3510 ἅπαντα
2532 3467 2625 3519 τῆς
2659 3457 2730 3518 εἰς
2779 3461 2833 3508 τό
2867 3462 3130 3514 Δεσπότην
3163 3455 3361 3516 εὐνοίας
3411 3455 3819 3525 ἀλλασσόμένοις

2197 3553 2286 3598 καὶ
2334 3548 2465 3604 αὑτὴ
2508 3543 2962 3620 προσαποδεύεται
3005 3548 3032 3604 η
3079 3545 3346 3597 τελευταία
3393 3543 3635 3616 περιϐολὴ
3673 3561 3684 3572 ·
3718 3565 3819 3614 γυ-

2195 3642 2311 3706 μνοὶ
2353 3634 2410 3688 ὃε
2455 3647 2552 3688 τῶν
2592 3640 2883 3710 περιγείων,
2925 3634 3054 3685 ἀλλὰ
3091 3640 3180 3685 καὶ
3229 3634 3388 3693 αὐτῆς
3443 3643 3533 3692 τῆς
3589 3637 3813 3704 φύσεως,

2193 3731 2468 3799 χαίροντες
2497 3723 2724 3797 ἔδραμον
2753 3730 2882 3796 πρὸς
2913 3729 3028 3792 τὴν,
3064 3726 3185 3775 ὅταν
3218 3726 3243 3775 ό
3275 3727 3452 3798 καιρός
3486 3723 3651 3774 ἐκάλει
3691 3729 3816 3783 τοὺς

2195 3815 2441 3879 ἀθλητὰς,
2471 3817 2596 3886 ὑπὲρ
2624 3822 2715 3866 του
2744 3816 3064 3885 ποθουμένου
3099 3818 3324 3885 σφαγήν.

2267 3902 2358 3956 ιδ’.
2391 3904 2545 3955 Ἀλλὰ
2595 3906 2843 3961 τοιαύτην
2885 3907 2974 3974 μὲν
3026 3908 3116 3954 καὶ
3162 3905 3191 3960 ἡ
3237 3911 3324 3952 νῦν
3356 3909 3455 3953 τῶν
3492 3903 3663 3975 ρητῶν
3717 3906 3814 3958 τὴν

2195 3998 2495 4065 συμφωνίαν
2549 3989 2802 4044 δεικνῦσα
2850 3993 3061 4064 θεωρία,
3111 3998 3171 4062 τῇ
3221 3995 3310 4062 μὲν
3363 3999 3462 4041 τῶν
3510 3997 3817 4060 προσώπων

2191 4083 2249 4134 οὐ
2294 4086 2605 4153 χρησαμένη
2652 4078 2898 4153 διαφορᾷ,
2941 4082 3022 4132 ὁτι
3059 4076 3187 4152 μηδ’
3245 4078 3485 4151 ἐπέτρεπε
3531 4087 3682 4130 τοῦτο
3714 4088 3818 4140 τῆς

2193 4173 2326 4241 ἱερας
2384 4176 2591 4244 Γραφῆς
2640 4171 2668 4227 η
2723 4176 2886 4240 φωνη,
2936 4168 3022 4222 ὑπ’
3070 4169 3237 4220 αὐτῶν
3290 4163 3348 4218 δε
3379 4176 3478 4218 τῶν
3531 4165 3816 4224 ἐκϐεϐηκό-

2190 4278 2288 4311 των
2345 4261 2662 4330 πραγμάτων
2721 4263 2810 4309 καὶ
2866 4265 2958 4318 τῆς
3019 4256 3136 4309 καθ’
3195 4256 3368 4328 εἱρμὸν
3421 4252 3652 4327 προόδου
3711 4266 3816 4308 τοῦ

2189 4348 2344 4418 λόγου
2384 4353 2478 4404 την
2535 4345 2859 4418 συμϐολικήν
2914 4356 3012 4398 τῶν
3059 4347 3307 4420 ῥημάτων
3363 4350 3630 4416 σημασίαν
3684 4343 3814 4396 ἀνν-

2189 4440 2522 4489 πτύσσουσα.
2571 4443 2722 4489 ’Ἐστι
2776 4439 2866 4508 μεν
2913 4431 3023 4500 οὖν,
3079 4438 3219 4488 ἔστιν
3270 4434 3330 4486 οὐ
3382 4436 3517 4486 κατα
3563 4438 3681 4493 τους
3737 4436 3813 4486 εἰ-

2189 4531 2436 4599 ρημένους
2491 4529 2643 4597 μόνον
2705 4530 2925 4599 τρόπους
2966 4529 3061 4582 τὴν
3119 4527 3407 4596 φαντασίαν
3462 4531 3556 4584 τῆς
3615 4524 3814 4594 μάχης

2189 4613 2499 4667 ἀπαντῶσαν
2543 4612 2736 4680 λαϐεῖν,
2789 4612 2917 4666 ἀλλὰ
2953 4617 3042 4665 καὶ
3079 4612 3196 4665 κατ’
3249 4612 3435 4674 ἄλλους
3478 4611 3648 4681 πολλῷ
3700 4622 3813 4664 τῶν

2189 4704 2464 4776 εἰρημένων
2520 4703 2776 4765 πλείονας,
2843 4704 2909 4753 ὧν
2976 4704 3005 4760 ἡ
3069 4706 3409 4774 στοιχείωσις
3466 4706 3555 4752 καὶ
3611 4720 3813 4772 συγκε-

2188 4793 2475 4865 φαλαίωσις
2523 4789 2862 4860 ὶδιαζούσης,
2896 4791 3004 4844 ἀλλ’
3045 4791 3172 4863 οὐχὶ
3221 4798 3313 4850 τῆς
3357 4798 3444 4842 νυν
3490 4789 3627 4842 ἐστιν
3668 4792 3813 4843 υπο-

2188 4884 2388 4942 θέσεως.
2446 4881 2577 4938 Πλὴν
2635 4877 2787 4933 οὐδὲν
2845 4880 3031 4933 κωλύει
3087 4884 3178 4931 καί
3243 4899 3385 4940 τινας
3443 4879 3610 4931 αὐτῶν
3662 4875 3809 4932 διελ-

2187 4973 2307 5035 θεῖν,
2363 4972 2412 5021 οἱ
2455 4975 2545 5022 καὶ
2599 4973 2720 5042 πρός
2779 4969 2908 5021 οὒιλα
2957 4971 3071 5022 τινὰ
3123 4977 3224 5021 τῶν
3286 4977 3388 5020 σῶν
3447 4967 3808 5042 ἀπορημάτων

2184 5068 2292 5120 τοῖς
2345 5067 2791 5112 συνεπισκοπουσι
2856 5063 3013 5133 πόρον
3073 5062 3414 5131 παρέχονται.
3483 5057 3654 5109 Πολλὰ
3705 5064 3806 5129 μὲν

2181 5152 2279 5221 γὰρ
2311 5158 2408 5199 τῶν
2439 5147 2498 5199 οὗ
2537 5153 2869 5220 μαχομένων,
2903 5147 2961 5199 ἀν
3005 5151 3063 5200 τὸ
3105 5151 3194 5219 μεν
3245 5147 3515 5219 οἰκονομία
3549 5145 3698 5219 λέγῃ,
3739 5155 3804 5201 τὸ

2186 5236 2243 5291 δε
2291 5247 2383 5299 τῆς
2433 5241 2630 5309 φύσεως
2673 5243 2731 5288 τό
2773 5237 3074 5299 ἀκόλουθον,
3118 5240 3182 5287 σὺ
3237 5233 3296 5288 δε
3337 5241 3408 5308 μὴ
3463 5232 3804 5307 διαστείλῃς,

2183 5330 2405 5385 πλάννην
2465 5335 2596 5379 ποιεῖ
2658 5326 2956 5387 ἀντιθέσεως
3004 5327 3272 5398 οἰκονομία
3326 5326 3437 5398 (10)
3489 5321 3547 5376 δε
3603 5324 3803 5395 λέγοιτ’

1996 5479 2233 5537 NOTAE.

501 5626 614 5698 (10)
655 5627 736 5683 De
776 5624 888 5682 hoc
919 5640 1089 5682 sacro
1129 5626 1425 5684 vocabulo
1456 5626 1679 5683 multus
1708 5635 1796 5684 est
1825 5632 2097 5686 Suicerus
2126 5630 2188 5686 in
2235 5631 2556 5696 Thesauro,
2591 5645 2774 5703 quem
2805 5646 2943 5686 cum
2974 5629 3166 5685 fructu
3199 5629 3412 5685 adibis.
