3992 6182
590 241 655 296 ῃ
1815 225 2054 288 PHOTII
2097 229 2580 287 PATRIARCH/E
2619 229 2726 286 or.
3301 195 3310 204 ’
3852 235 3908 287 72

588 365 903 424 refelletur.
956 361 1181 418 Etenim
1221 357 1447 416 homini
1486 359 1590 431 qui
1639 357 1905 430 pecunia
1944 361 2048 414 aut
2098 357 2211 413 alia

2351 357 2756 426 καθισταμένου,
2801 357 2870 416 ὡς
2918 356 2947 412 ἡ
3000 355 3143 406 αἰτία
3191 351 3453 427 διάφορος,
3508 356 3682 407 θᾶττον
3710 353 3910 409 ἀπαιτεῖ-

589 471 721 510 rum
749 468 937 524 opum
976 455 1079 506 aut
1115 449 1380 520 corporis
1423 447 1844 504 detrimentum
1877 462 2089 518 passus
2118 445 2236 500 fuc-

588 543 680 608 rit,
737 539 985 596 mandat
1033 539 1198 611 pacis
1257 537 1408 593 Deus
1460 552 1534 592 ne
1585 541 1895 607 repugnet,
1951 539 2130 607 atque
2176 541 2237 588 ut

587 631 858 687 omnium
897 627 1078 684 indici
1127 626 1606 698 persecutionem
1654 624 1886 695 injuriae
1919 623 2231 696 permittat.

587 720 803 775 Verum
829 718 1135 772 enimvero
1166 715 1262 770 ubi
1286 713 1592 786 quispiam
1613 712 1893 769 scelestas
1919 727 2134 767 manus
2151 712 2235 766 in-

588 808 798 872 tulerit,
841 821 960 861 non
1003 809 1063 860 ut
1105 803 1277 858 alicui
1307 802 1725 875 praedictarum
1767 816 1967 856 rerum
1999 805 2231 864 noceat,

586 895 692 952 sed
722 900 785 950 ut
813 896 874 949 in
901 895 1014 948 oris
1039 891 1396 947 contumelia
1423 906 1546 946 rem
1577 890 1943 962 praecipuam
1962 905 2230 962 pessum-

583 985 700 1052 det,
734 998 951 1055 nempe
976 981 1322 1052 religionem
1353 997 1366 1046 ;
1404 986 1543 1035 tunc
1594 979 1841 1035 demum
1873 979 2033 1035 haud
2062 994 2232 1050 aequo

581 1073 786 1130 animo
804 1070 1078 1143 injuriam
1103 1069 1224 1142 pati
1248 1069 1553 1140 jubemur,
1572 1083 1646 1124 ne
1664 1067 1963 1140 patientiae
1984 1067 2228 1122 obtentu

579 1162 966 1220 audaciorem
986 1160 1241 1231 impium
1266 1158 1612 1223 reddamus,
1629 1173 1746 1212 neu
1764 1156 1991 1212 silentio
2014 1171 2231 1226 augea-

577 1268 715 1308 mus
746 1250 901 1306 hosti
931 1251 1185 1313 animos,
1213 1263 1336 1319 quo
1355 1246 1554 1318 pietati
1573 1245 1937 1318 petulantius
1965 1244 2225 1301 insultet.

579 1340 719 1397 Huic
757 1340 928 1395 divus
968 1338 1148 1392 etiam
1189 1335 1429 1401 Paulus,
1469 1351 1578 1392 ceu
1627 1335 1889 1391 sincerus
1931 1334 2226 1404 Evangelii

573 1428 921 1501 discipulus,
969 1426 1280 1498 sapienter
1318 1433 1614 1497 praecepto
1652 1424 1853 1496 paruit
1904 1427 1971 1479 ³⁸.
2002 1423 2226 1479 Idcirco

571 1519 746 1575 etiam
777 1517 1014 1573 tribuno
1043 1517 1377 1571 Romanum
1402 1513 1645 1570 incussit
1672 1514 1956 1578 timorem,
1978 1529 2050 1568 ne
2073 1513 2225 1570 salu-

571 1607 644 1663 tis
684 1607 959 1679 propriae,
997 1621 1182 1676 quam
1220 1603 1392 1660 facile
1438 1603 1722 1674 consequi
1775 1607 2026 1674 poterat.
2071 1602 2222 1658 ultro

2346 465 2433 496 ται
2477 449 2563 496 τόν
2619 445 2854 516 ἔλεγχον.
2925 449 3022 497 Καὶ
3079 446 3177 516 γὰρ
3225 452 3297 515 τῷ
3355 448 3443 516 μεν
3498 445 3568 505 εἰς
3615 444 3839 519 ἀργύριον
3884 447 3907 502 ἡ

2345 542 2529 591 κτῆσιν
2579 533 2735 590 illm
2785 537 2873 584 καὶ
2915 533 3039 584 αὐτὸ
3091 536 3148 584 τὸ
3201 542 3352 606 σῶμα
3389 537 3479 591 τὴν
3537 534 3721 605 ζημίαν
3751 535 3912 604 ὑπομέ-

2344 642 2481 674 νοντι
2530 627 2601 694 μή
2646 621 3008 690 ἀντεπεξιέναι,
3054 630 3388 697 παραχωρεῖν
3445 619 3502 674 δε
3537 631 3608 693 τῷ
3651 631 3792 695 κριτῇ
3832 632 3910 674 τῶν

2347 711 2490 777 ὅλων,
2537 719 2630 772 τῆς
2681 711 2888 784 εἰρήνης
2971 716 3096 771 (θεὸς
3171 710 3430 764 ἐπιτάττει
3480 716 3572 770 τὴν
3645 708 3912 769 ἐκδίκησιν.

2343 797 2588 853 Ἐπειδὰν
2629 798 2688 852 δέ
2725 820 2803 861 τις
2849 803 2942 862 τὰς
2975 797 3193 862 ἀδίκους
3222 800 3414 873 ἐκτείνη
3451 808 3638 874 χεῖρας
3669 801 3767 872 οὐχ
3799 804 3914 862 ὅπως

2345 893 2416 950 εἷς
2471 909 2524 941 τι
2580 897 2680 940 τῶν
2732 890 3009 964 εἰρημένων
3076 894 3169 947 τήν
3227 889 3428 961 βλάϐην
3495 889 3769 954 ἐνστίξειεν,
3833 889 3915 941 ἀλλ’

2343 977 2390 1028 ἐν
2444 986 2504 1050 τῇ
2562 986 2651 1030 τού
2695 984 2977 1051 προσώπου
3031 977 3176 1050 ὕϐρει
3223 981 3280 1030 τὸ
3329 978 3724 1052 πρεσϐευόμενον
3767 978 3914 1036 λωϐη-

2345 1085 2500 1124 σηται
2557 1073 2648 1125 τὴν
2707 1067 2966 1120 εὐσέϐειαν
3007 1066 3139 1137 (18),
3202 1072 3316 1119 τότε
3364 1072 3434 1135 μὴ
3489 1068 3653 1142 φέρειν
3692 1068 3916 1141 ῥᾳθύμως

2339 1160 2432 1214 τήν
2491 1155 2637 1228 ὓϐριν
2686 1158 3139 1230 προσταττόμεθα,
3187 1153 3326 1228 μηδὲ
3359 1165 3480 1229 σιγῇ
3517 1161 3916 1227 συγκατασκευά-

2342 1245 2446 1304 ζειν
2503 1253 2575 1316 τῷ
2634 1245 2809 1318 ἐχθρῷ
2868 1248 2952 1296 τὸν
3010 1243 3446 1318 προπηλακισμὸν
3486 1254 3576 1297 τοῦ
3619 1245 3916 1318 σεϐάσματος

2337 1333 2546 1391 Ταύτην
2577 1338 2666 1386 καὶ
2696 1335 2722 1385 ό
2755 1335 2888 1396 θεῖος
2935 1333 3156 1398 Παῦλος,
3183 1333 3271 1386 οἰτε
3307 1331 3372 1391 δὴ
3401 1339 3618 1404 γνήσιος
3664 1343 3750 1387 τού
3776 1335 3916 1406 λόγον

2336 1424 2592 1492 μαθητὴς,
2647 1421 2695 1474 ἐν
2752 1427 2909 1494 σοφίᾳ
2964 1428 3056 1480 τὴν
3087 1422 3290 1480 ἐντολὴν
3339 1425 3736 1496 κατωρθώσατο·
3780 1444 3915 1476 τουτο

2334 1515 2424 1582 μὲν
2476 1511 2695 1583 Ἐλύμαν
2754 1516 2840 1564 τὸν
2899 1516 3062 1583 μάγον
3115 1513 3230 1582 (t9)
3280 1511 3673 1565 ἐπιϐουλεύοντα
3720 1523 3786 1583 τῷ
3839 1535 3916 1570 κη.

2333 1603 2564 1673 ρύγματι
2615 1607 2860 1673 στερήσει
2889 1609 2988 1652 τὼν
3042 1600 3226 1671 ἅψεων,
3260 1601 3577 1654 ἀναστέλλων
3616 1621 3665 1654 τε
3704 1603 3791 1654 τού
3824 1603 3915 1655 τολ-

569 1696 835 1766 proditor
863 1695 1180 1761 videretur,
1204 1709 1274 1748 ac
1295 1691 1529 1764 pietatis
1550 1691 1781 1748 cederet
1798 1691 2062 1748 inimico.
2093 1693 2211 1747 [dcc

2332 1694 2568 1760 μήματος
2614 1696 2702 1742 καὶ
2750 1687 2904 1748 δίκην
2950 1689 3202 1741 ἀπαιτῶν·
3255 1698 3404 1742 τοῦτο
3461 1688 3519 1743 δὲ
3549 1700 3620 1762 τῷ
3659 1692 3916 1763 χιλιάρχῳ

567 1784 825 1855 denique
875 1782 1213 1838 uberrimus
1265 1797 1368 1837 eos
1425 1781 1703 1853 repressit
1743 1780 2213 1845 refutationibus,

565 1873 662 1943 qui
708 1872 976 1942 religioni
1030 1869 1364 1928 calumnias
1410 1868 1720 1925 struebant
1755 1871 1821 1922 ³⁸.
1868 1871 1931 1924 Et
1970 1868 2216 1940 quidem

564 1962 1027 2018 fortissimorum
1057 1975 1302 2033 quoque
1332 1963 1665 2031 martyrum
1696 1958 1969 2029 egregius
1999 1959 2216 2014 chorus

561 2051 846 2108 adversus
887 2056 1166 2121 tyrannos
1206 2048 1280 2105 ob
1322 2048 1600 2104 eamdem
1641 2064 1887 2104 causam
1922 2049 2216 2104 constanti

561 2139 769 2211 lingua
795 2140 1100 2212 firmisque
1131 2137 1320 2194 oculis
1361 2138 1728 2205 armabatur,
1769 2138 2049 2210 pietatem
2089 2153 2220 2193 ora-

563 2229 720 2285 tione
760 2234 950 2295 tuens,
985 2242 1055 2284 ac
1086 2226 1522 2299 superstitionis
1547 2226 1840 2295 ﬂagitium
1866 2241 2214 2296 coarguens.

562 2317 774 2383 Quoad
809 2318 969 2374 enim
1002 2321 1295 2389 tyrannus
1322 2331 1526 2372 veram
1550 2315 1742 2386 ipsam
1772 2316 2214 2372 accusationem

561 2407 828 2477 maligno
850 2407 1054 2463 animo
1076 2405 1438 2475 dissimulat,
1465 2405 1597 2460 aliis
1623 2404 1856 2460 interim
1880 2406 2216 2477 sycophan—

561 2495 652 2552 tiis
666 2511 774 2551 ceu
788 2495 1153 2568 quibusdam
1168 2493 1602 2549 velitationibus
1617 2493 1895 2549 athletam
1911 2509 2211 2560 exercens,

559 2582 725 2639 silere
765 2587 1009 2655 praestat
1054 2582 1492 2654 clementerque
1542 2581 1872 2638 molestiam
1920 2583 2062 2654 pati.
2108 2584 2214 2640 Ve-

556 2688 691 2728 rum
718 2671 819 2728 ubi
845 2671 1035 2728 animo
1066 2671 1319 2740 sublato,
1345 2671 1510 2726 haud
1533 2672 1650 2742 jam
1684 2678 2042 2743 personatus
2077 2688 2215 2728 con-

558 2766 648 2816 tra
684 2760 1035 2830 religionem
1071 2759 1418 2831 aggreditur
1460 2759 1746 2824 tabulam,
1784 2767 1910 2816 tum
1955 2761 2212 2833 denique

557 2849 780 2906 strenui
807 2849 910 2905 viri
952 2855 1063 2916 est,
1095 2855 1152 2904 et
1182 2865 1320 2904 cum
1354 2849 1473 2904 Deo
1504 2853 1743 2919 gratum
1782 2864 1936 2920 opus
1958 2854 2080 2906 tum
2107 2852 2213 2906 Do-

556 2938 757 2994 minici
777 2937 1215 3002 factiaemulum,
1231 2937 1430 2993 verbis
1443 2936 1519 2993 ad
1533 2937 1905 2994 versantibus
1921 2939 2212 3011 uti,neque

554 3043 658 3100 per
691 3027 990 3083 silentium
1033 3026 1206 3083 malis
1251 3025 1640 3082 histrionibus
1669 3027 1769 3082 Dei
1817 3027 2038 3084 cultum
2078 3044 2208 3099 pro-
2243 3057 2281 3112 ρ

554 3116 696 3173 dere
738 3133 752 3183 ;
782 3117 906 3172 imo
938 3131 1077 3170 vero
1117 3116 1279 3171 hunc
1304 3115 1381 3170 ab
1413 3115 1578 3170 omni
1601 3115 2014 3172 criminatione
2031 3123 2212 3189 atque

556 3206 777 3274 impetu
801 3204 1117 3270 vindicare,
1136 3209 1260 3259 tum
1283 3203 1546 3260 veridica
1559 3204 1772 3261 scilicet
1792 3205 2060 3261 oratione
2081 3209 2210 3262 tum

555 3294 733 3348 etiam
783 3291 968 3348 animi
1018 3291 1379 3348 strenuitate.
1430 3296 1608 3348 Nocet
1647 3292 1861 3364 aliquis
1917 3293 2207 3364 pecuniae,

557 3382 734 3450 agris,
776 3381 869 3436 vel
901 3381 1394 3437 contumeliosam
1422 3396 1666 3453 quoque
1697 3398 1944 3438 manum
1976 3385 2210 3454 corpori

555 3469 777 3526 affert?
808 3471 1098 3541 patienter
1146 3469 1296 3525 ferre
1340 3468 1525 3535 decet,
1559 3471 1897 3526 constantia
1949 3471 2209 3542 mitigare

554 3557 877 3614 iracundiae
899 3557 1222 3622 ﬂammam,
1251 3557 1582 3629 damnique
1603 3562 1948 3631 contemptu
1973 3560 2209 3617 insatia-

555 3646 736 3702 bilem
769 3645 1029 3703 avaritim
1081 3646 1241 3701 sitim
1294 3645 1582 3701 inhibere.
1624 3646 1730 3702 Ubi
1777 3652 1975 3703 tamen
2010 3649 2208 3720 piacu-

555 3736 770 3790 larium
802 3739 979 3806 atque
1006 3734 1328 3806 impiorum
1353 3735 1558 3799 instar,
1583 3735 1813 3790 honesti
1833 3737 2038 3791 mortis
2055 3754 2208 3793 asse-

555 3824 660 3879 clie
706 3823 1128 3895 religionisque
1174 3838 1502 3894 praecones,
1545 3823 1623 3878 ab
1657 3823 1871 3879 harum
1922 3827 2204 3882 virtutum

555 3913 818 3968 hostibus
873 3912 1258 3968 traducentm-
1314 3911 1601 3984 malisque
1650 3912 2005 3978 irrelientur,
2068 3919 2206 3971 tunc

554 4001 715 4058 haud
741 4001 896 4057 taciti
921 4001 1202 4071 injuriam
1233 3999 1603 4074 perferemus
1638 4019 1650 4067 ;
1685 4002 1790 4057 sed
1827 4003 1972 4075 quia
2000 4004 2205 4077 iniqua

553 4089 814 4162 patimur
843 4089 944 4162 pii,
977 4095 1032 4145 et
1063 4089 1208 4162 quia
1257 4090 1558 4160 Evangelii
1605 4091 1865 4146 sacrario
1913 4092 1997 4147 vis
2028 4093 2206 4150 infer-

553 4183 668 4245 tur,
697 4182 894 4236 mente
936 4177 1256 4251 linguaque
1287 4178 1662 4235 audebimus.
1700 4181 1850 4236 Nam
1883 4197 2018 4237 cum
2051 4182 2204 4254 prio-

548 4285 611 4327 re
654 4286 854 4327 rerum
907 4268 1248 4325 conditione
1296 4267 1596 4324 silentium
1638 4271 1801 4325 mirae
1856 4271 2087 4327 virtutis
2128 4273 2202 4328 si-

547 4359 851 4429 gnificatio
907 4363 1011 4422 est,
1075 4356 1400 4430 posteriore
1456 4360 1657 4414 tamen
1715 4358 1766 4413 si
1809 4357 1956 4415 forte
1997 4375 2202 4416 vocem

547 4448 986 4514 contineamus,
1014 4446 1337 4519 impietatis
1361 4446 1680 4504 audaciam
1693 4449 2203 4520 contraevangeli-

548 4552 678 4592 cum
706 4537 956 4594 verbum
990 4551 1376 4595 exacuemus.

2331 1781 2418 1830 τόν
2461 1779 2745 1851 Ῥωμαικὸν
2809 1777 3048 1831 ἐπισείων
3103 1777 3276 1850 φόϐον,
3319 1780 3402 1831 ἵνα
3433 1784 3528 1851 μὴ.
3559 1780 3683 1853 ῥᾷον
3723 1785 3773 1832 ἄν
3807 1780 3914 1832 ἐρα.

2333 1869 2631 1933 σωσασθαι,
2679 1877 2774 1928 τῆς
2815 1873 3074 1940 σωτηρίας
3121 1864 3381 1942 προδότης
3425 1867 3550 1939 ἁλῷ,
3601 1873 3689 1920 καὶ
3736 1879 3806 1939 τῷ
3839 1879 3916 1928 τῆς

2329 1954 2590 2016 εὐσεϐείας
2661 1955 3188 2028 ὑποκατακλινόμενος
3245 1955 3440 2029 ἐχθρῷ·
3502 1964 3652 2009 τοῦτο
3716 1955 3774 2010 δε
3831 1979 3915 2029 μα-

2327 2053 2474 2118 κροῖς
2552 2045 2902 2117 ἐπιστομίζων
2969 2044 3206 2117 ἐλέγχοις
3261 2050 3376 2106 τούς
3432 2051 3523 2104 τὴν
3584 2053 3916 2119 συκοφαντίαι

2327 2137 2462 2186 κατὰ
2505 2145 2602 2197 τῆς
2640 2140 2864 2196 πίστεως
2911 2135 3347 2196 συσκευάζοντας.
3403 2140 3500 2188 Καὶ
3553 2144 3650 2186 τῷν
3709 2137 3920 2188 καλλινί-

2327 2243 2428 2275 κων
2461 2220 2521 2276 δὲ
2563 2227 2840 2299 μαρτύρων
2889 2226 2913 2276 ό
2947 2226 3078 2286 θεῖος
3123 2228 3286 2296 χορός
3319 2220 3411 2276 διὰ
3440 2230 3527 2283 την
3567 2225 3728 2285 αύτῆν
3760 2227 3917 2278 αἰτίαν

2325 2316 2457 2385 πρὸς
2501 2317 2622 2374 τούς
2670 2316 2950 2386 τυράννους
3000 2312 3447 2387 ἐπαρρησιάζοντο
3477 2312 3723 2385 ἀπτοητῳ
3761 2315 3922 2385 γλωσ-

2329 2420 2395 2472 σῃ
2437 2406 2525 2453 καὶ
2573 2399 2910 2464 δυσωπητοις
2941 2401 3228 2473 ὀφθαλμοῖς
3274 2405 3358 2453 τὸν
3389 2403 3514 2475 ὑπὲρ
3549 2411 3638 2463 τῆς
3667 2403 3921 2463 εὐσεϐείας

2327 2487 2477 2561 λόγον
2521 2496 2854 2562 συνείροντες,
2906 2495 2994 2542 καὶ
3034 2499 3126 2552 τῆς
3160 2488 3397 2552 ἀσεϐείας
3443 2495 3499 2542 τό
3532 2487 3813 2564 δύσφημον
3844 2490 3922 2544 δι-

2325 2577 2642 2650 ελέγχοντες.
2691 2579 2771 2632 Ἐν
2802 2581 2873 2639 οἷς
2919 2583 3008 2650 μὲν
3041 2583 3142 2653 γὰρ
3183 2580 3209 2631 ό
3255 2583 3494 2655 τύραννος
3526 2584 3612 2631 τὸν
3659 2589 3752 2632 τοῦ
3798 2602 3922 2655 μαρ-

2323 2672 2503 2740 τυρίου
2565 2667 2715 2739 λόγον
2765 2665 2910 2720 ἔνδον
2965 2671 3270 2741 κακούργως
3324 2668 3776 2742 ἀποκρυπτόμενος
3836 2671 3922 2722 οἳλ-

2321 2754 2430 2816 λαις
2461 2756 2746 2831 ἐπηρείαις,
2788 2757 2960 2830 ὡσπερ
3001 2762 3107 2810 τισὶ
3146 2763 3605 2830 προαγωνίσμασι,
3638 2763 3725 2811 τόν
3768 2758 3924 2817 (Mle-

2321 2849 2414 2903 τὴν
2455 2841 2754 2917 δοκιμάζει,
2791 2852 2944 2917 σιγᾷν
2993 2848 3198 2918 οἰμεινον
3256 2852 3344 2899 καὶ
3392 2850 3567 2919 πράως
3613 2853 3779 2922 φέρειν
3834 2855 3924 2907 τήν

2322 2931 2621 3004 ἐνόχλησιν·
2677 2931 2887 2988 ἐπειδὰν
2939 2932 2997 2988 δε
3036 2940 3128 2993 τὴν
3174 2941 3369 2994 σκηνὴν
3407 2933 3688 3005 διαλύσας,
3727 2938 3927 3013 ἀπρόσ-

2321 3041 2457 3074 ωπον
2500 3027 2593 3081 τὴν
2641 3027 2776 3075 κατὰ
2822 3033 2918 3085 τῆς
2962 3024 3224 3086 εὐσεϐείας
3271 3025 3568 3098 εἰσέρχεται
3614 3023 3922 3098 κωμῳδίαν,

2320 3115 2435 3164 τότε
2482 3108 2572 3182 δὴ,
2621 3117 2735 3166 τότε
2787 3117 3017 3184 γενναῖόν
3067 3133 3120 3167 τε
3173 3120 3261 3167 καὶ
3324 3114 3465 3186 φίλον
3509 3123 3642 3186 Θεῷ,
3695 3122 3788 3168 καὶ
3839 3126 3928 3177 τῆς

2321 3207 2642 3262 Δεσποτικῆς
2711 3202 2955 3276 ἐργασίας
3026 3207 3267 3275 μίμησις,
3329 3202 3673 3266 ἀντεπεξιέναι
3731 3205 3926 3277 λόγοις,

2318 3295 2408 3343 καὶ
2446 3296 2517 3362 μὴ
2557 3299 2620 3363 τῇ
2665 3300 2835 3363 σιωπῇ
2878 3289 3194 3364 προδιδόναι
3223 3300 3332 3354 ταῖς
3371 3289 3678 3364 κωμῳδίαις
3729 3299 3791 3346 τό
3833 3295 3930 3347 λα-

2318 3385 2639 3454 τρευόμενον·
2691 3388 2921 3452 κρεῖττον
2969 3378 3026 3434 δε
3071 3386 3320 3454 παρέχειν
3368 3381 3531 3444 λαϐῆς
3575 3384 3791 3446 ἀπάσης
3843 3392 3934 3436 και

2321 3477 2604 3537 συσκευῆς,
2645 3477 2798 3521 τοῦτο
2835 3473 2926 3541 μεν
2975 3470 3194 3528 ἀληθέσι
3221 3470 3408 3542 λόγοις,
3443 3479 3596 3524 τοῦτο
3630 3468 3691 3525 δε
3731 3482 3808 3542 τῷ
3838 3485 3941 3536 τῆς

2317 3556 2498 3628 ψυχῆς
2555 3561 2952 3631 παραστήμάτι.
3003 3559 3090 3620 Εἰς
3141 3559 3385 3633 ἀργύριόν
3447 3581 3528 3621 τις
3582 3559 3937 3622 ἐπιϐουλεύει,

2318 3645 2390 3707 εἰς
2441 3645 2651 3718 ἀγρούς,
2736 3652 2764 3704 ἤ
2826 3653 2915 3699 καὶ
2961 3656 3120 3721 χεῖρα
3173 3649 3361 3724 ὕϐρεως
3413 3648 3804 3702 ἐπανατείνεται
3867 3660 3945 3720 τῷ

2319 3744 2563 3808 σώματις
2622 3737 2930 3800 ἀνεξικάκως
2996 3745 3251 3810 προσήκει
3329 3743 3511 3812 φέρειν,
3581 3745 3944 3814 μακροθυμίᾳ

2317 3822 2654 3900 διαπραῢνειν
2706 3831 2761 3878 τό
2817 3827 3118 3898 φλεγμαῖνον
3165 3836 3254 3887 τῆς
3300 3827 3480 3900 ὀργῆς,
3522 3834 3612 3881 καὶ
3667 3837 3768 3890 τῆς
3823 3831 3944 3902 φιλο

3157 3918 3366 3989 ζημίας,
3453 3918 3790 3971 ύποστελλειν
3884 3928 3945 3972 τὸ

3273 4009 3337 4067 ὡς
3390 4005 3594 4069 ἀσεϐεῖς
3657 4013 3789 4071 τοὺς
3842 4021 3949 4072 τῆς

2315 3921 2578 3990 αργυρὶας,
2663 3915 2910 3988 ὀλιγωρίᾳ
2991 3925 3071 3977 τῆς

2313 4004 2598 4062 ἄπληστον.
2659 4004 2794 4058 Ἀλλ’
2849 4007 2918 4067 ὡς
2987 4005 3197 4077 ἐναγεῖς,

2314 4092 2496 4168 ἀρετῆς
2539 4093 2758 4168 ἐργάτας
2806 4099 2896 4146 καὶ
2933 4102 3028 4157 τῆς
3075 4093 3335 4157 εὐσεϐείας
3383 4101 3616 4168 κήρυκας
3667 4099 3692 4148 ό
3733 4101 3952 4160 ταύτης

2313 4181 2509 4234 ἐλαύνει
2539 4180 2731 4255 ἐχθρὸς
2773 4188 2863 4234 καὶ
2913 4190 3089 4244 κακοῖς
3121 4180 3511 4258 παραδίδωσιν,
3553 4185 3613 4236 ού
3655 4194 3792 4259 σιγῇ
3846 4193 3948 4245 τὴν

2312 4269 2460 4346 ὕϐριν
2509 4270 2736 4343 οἲσομεν,
2793 4270 2900 4324 ἀλλ’
2957 4274 3026 4334 ὡς
3069 4269 3234 4325 οῖδικα
3283 4276 3372 4345 μὲν
3419 4275 3729 4347 πάσχοιμεν
3793 4276 3959 4328 εὗσε-

2313 4358 2513 4420 ϐούντες
2557 4363 2727 4428 αὐτοὶ,
2773 4356 2940 4413 ἄδικα
2989 4358 3047 4414 δε
3086 4364 3294 4434 πάσχοι
3343 4366 3400 4414 τό
3442 4366 3633 4415 σεπτὸν
3679 4373 3784 4416 τοῦ
3846 4385 3952 4422 κη-

2309 4451 2593 4521 ρύγματος,
2645 4453 2736 4501 καὶ
2784 4455 2962 4523 γνώμῃ
3012 4456 3101 4503 καὶ
3143 4449 3360 4524 γλωσση
3415 4449 3955 4526 παῤῥησιασόμεθα.

2308 4539 2445 4592 Ἐκεῖ
2474 4541 2563 4610 μὲν
2599 4541 2700 4612 γὰρ
2734 4540 2763 4596 ἡ
2823 4544 2946 4611 σιγὴ
2999 4542 3296 4612 θαυμασίας
3351 4538 3492 4592 ἐστὶν
3550 4539 3749 4615 ἀρετῆς
3807 4544 3961 4595 ὑπο-

2308 4631 2561 4690 τύπωσις·
2618 4629 2838 4681 ἐνταῦθα
2883 4626 2941 4681 δε
2988 4631 3046 4681 τό
3089 4635 3244 4701 σιγᾷν
3289 4630 3801 4704 καταθρασύνεσθαι
3850 4643 3966 4686 τοῦ

2307 4717 2461 4789 λόγου
2491 4717 2680 4790 μᾶλλον
2709 4716 2995 4792 παρακολεῖ
3023 4723 3117 4777 τὴν
3157 4716 3418 4773 ἀσέϐειαν.

613 4891 661 4927 ³³
692 4892 799 4948 Act
826 4907 948 4962 xm,
969 4894 1022 4947 8.
1099 4894 1146 4928 ³⁸
1171 4896 1296 4950 Act.
1336 4909 1475 4961 xm,
1505 4899 1594 4952 25.

2113 5102 2332 5159 NOTE.

2290 5286 2378 5337 est
2425 5283 2673 5352 Elymus.
2707 5283 2795 5338 Ad
2835 5281 2998 5339 hunc
3037 5282 3290 5340 Actuum
3321 5284 3818 5352 apostolicorum
3869 5285 3992 5341 lo-

2288 5369 2424 5407 cum
2458 5355 2786 5426 respexisse
2827 5353 3084 5412 arbitror
3113 5353 3518 5412 Menandrum
3545 5355 3985 5412 historicum

2285 5425 2340 5498 in
2374 5425 2672 5496 Excerptis
2698 5441 2734 5480 a
2755 5443 2850 5498 me
2875 5426 3054 5498 editis
3081 5427 3576 5497 Porphyrogeniti
3601 5429 3670 5498 (t.
3687 5427 3750 5498 VII
3770 5428 3958 5484 Col)
3975 5469 3992 5484 .-

2283 5495 2405 5550 Vat.
2479 5495 2724 5570 p.7359)
2785 5497 2885 5553 ubi
2948 5505 3141 5553 exstat
3201 5495 3618 5570 epigramma
3655 5497 3743 5552 de
3800 5504 3992 5570 patio

2281 5582 2463 5693 "Lagot
2512 5569 2838 5693 retecentiore
2885 5571 3063 5624 Persa
3116 5569 3482 5641 praedictioni
3533 5569 3992 5638 evangelicm

2281 5655 2311 5693 ο
2359 5655 2438 5692 sis
2465 5655 2537 5693 en
2567 5656 2620 5693 θ.

2275 5637 2620 5695 obsistente.

553 5343 561 5353 .
601 5274 726 5353 (t8)_
746 5274 944 5353 Cicero
967 5272 1046 5353 Ain
1078 5275 1178 5331 0r.
1203 5284 1333 5353 post
1359 5280 1485 5336 red.
1514 5279 1574 5334 in
1605 5295 1730 5337 seu.
1755 5297 1812 5353 _v,
1847 5284 1905 5336 et
1935 5282 2180 5337 Lactan-

526 5345 838 5426 ti‘us,.Inst.
879 5347 1015 5426 νέξ),
1049 5345 1228 5426 caput
1267 5349 1471 5405 dicunt
1495 5357 1722 5421 partem
1751 5351 2011 5426 hominis
2044 5367 2175 5408 san-

521 5417 867 5490 ctissimam.
904 5417 1144 5472 Photius
1177 5426 1374 5475 autem
1406 5417 1676 5490 anagoge
1707 5424 1930 5480 nititur.

591 5487 705 5559 (19)
731 5489 974 5567 Elymus
1003 5487 1680 5567 vocabulumsigniﬁcat
1712 5497 1945 5551 Persam
1980 5494 2170 5567 (Poly-

515 5557 721 5636 chrou.
752 5560 826 5636 ad
861 5564 1001 5615 Dan.
1039 5577 1298 5636 eap._vu,
1329 5564 1405 5635 2).
1443 5565 1588 5634 Magi
1615 5570 1813 5620 autem
1845 5557 2035 5636 genus
2063 5557 2168 5622 nb-

513 5631 730 5686 minum
765 5631 1338 5690 PersarumfPhotio
1362 5631 1582 5691 nomen
1622 5631 1930 5708 propritim
1968 5640 2162 5694 visum
