4086 6190
193 302 244 354 ῑ3
1269 293 1364 347 AD
1403 293 1958 350 AMPHILOCHIUM
2001 293 2333 360 QU.»ESTIO
2373 295 2410 347 I;
3457 299 3528 354 74

1947 424 2029 474 19.
2073 421 2248 474 Porro
2279 419 2352 472 ad
2389 417 2732 490 exemplum
2765 419 3130 475 discriminis
3163 421 3367 478 sistere
3394 421 3526 477 licet

1870 509 2164 564 Auaniam
2185 513 2358 579 atque
2393 507 2768 578 Sapphiram,
2798 509 2903 580 qui
2933 509 3332 580 apostolorum
3367 510 3528 582 prin-

244 424 318 478 ιθ’.
348 423 630 492 Ὑπάγοιτο
660 417 709 472 6"
747 421 810 472 οἶν
853 429 922 490 τῷ
951 419 1090 489 αύτῷ
1120 427 1210 479 τῆς
1262 415 1576 491 διακρίσεως
1616 421 1761 490 τύπῳ
1797 421 1840 474 Α

181 515 302 566 καὶὸ
349 511 586 571 Ἀνανίας
627 515 714 562 καὶ
757 511 788 568 ἡ
839 511 1103 582 Σάπφειρα
1151 517 1222 560 τῶ
1275 511 1540 580 κορυφαίῳ
1579 509 1762 568 ποινάς

181 603 608 674 εἰσπραττόμενοι,
661 603 750 651 καὶ
798 600 828 656 ἡ
864 600 953 658 ἕως
1001 594 1448 669 ἑϐδομηκοντάκις
1503 595 1631 648 ἐπτά
1687 594 1758 647 ἐν·

179 691 280 748 τολή
325 696 592 762 μετρούσα
643 697 750 750 τοῖς
809 687 1178 761 ἁμαρτάνουσι
1238 691 1332 744 τὴν
1387 689 1753 758 συγχώρησιν.

179 785 262 834 Καὶ
295 783 392 854 γὰρ
441 773 536 829 διὰ
593 781 680 848 μεν
703 785 800 838 τῆς
857 775 1062 837 ἐντολῆς
1108 775 1260 835 αύτός
1316 793 1369 826 τε
1421 777 1612 844 Πέτρος
1669 777 1756 824 καὶ

176 873 304 942 ἡμεῖς
353 871 416 919 τά
455 866 530 928 εἰς
579 866 792 927 ἑαυτούς
846 865 1204 939 ἁμαρτήματα
1257 862 1507 924 πολλάκις
1557 859 1758 932 ἀφιέναι

173 956 516 1029 διδασκόμεθα
550 975 564 988 ·
599 959 716 1013 τὴν,
745 951 796 1006 δ’
842 955 914 1015 εἰς
966 957 1024 1006 τό
1075 961 1226 1005 Θεῖον
1279 951 1426 1027 ὕϐριν
1484 953 1600 1004 οὔτε
1625 970 1756 1025 παρ·

173 1053 276 1120 ερᾷν
319 1043 522 1102 ἐντολὴν
584 1046 792 1115 ἔχομεν,
835 1044 952 1095 οὔτε
1014 1038 1260 1116 παρεῖδεν
1309 1039 1518 1104 ἐκεῖνος,
1585 1041 1640 1100 ὃς
1695 1059 1756 1110 γε

171 1140 268 1194 τούς
323 1132 654 1195 ἠσεϐηκότας
701 1136 792 1184 καὶ
838 1135 1246 1203 νοσφισαμένους
1305 1132 1396 1202 μεν
1448 1132 1512 1180 τὰ
1563 1127 1754 1185 ἀναθη-

169 1245 306 1296 ματα,
373 1221 740 1294 ψευσαμένους
790 1217 850 1273 δι
917 1223 973 1272 τό
1042 1227 1252 1292 Πνεῦμα
1315 1223 1373 1271 τό
1431 1218 1599 1289 ἅγιον,
1657 1221 1752 1275 τὴν

167 1315 376 1383 ἐσχάτην
419 1308 582 1368 δίκην
631 1309 892 1368 ἀπήτησε.
929 1314 1032 1362 Ναὶ
1073 1305 1140 1368 δὴ
1174 1312 1264 1360 καὶ
1289 1309 1314 1359 6
1347 1314 1440 1360 τοῦ
1465 1310 1750 1380 κορυφαίου

167 1405 240 1470 μιν
283 1399 578 1471 σννόμιλος,
633 1399 728 1451 οὐκ
777 1397 1018 1451 ἐλάττοσι
1059 1395 1118 1450 δὲ
1173 1396 1466 1471 πρεσϐείοις
1511 1405 1610 1448 τῶν
1659 1395 1750 1447 άλ-

165 1489 246 1540 λων
278 1489 519 1559 μαθητῶν
567 1491 732 1560 φέρων
771 1489 830 1538 τὸ
873 1491 1174 1560 προνόμιον,
1235 1484 1434 1538 Παῦλον
1471 1483 1602 1555 λέγω
1647 1487 1750 1536 πά-

165 1577 228 1628 λιν
273 1583 352 1630 τόν
382 1585 473 1638 τῆς
511 1576 820 1648 οἰκουμένης
866 1571 1191 1628 διδάσκαλον
1243 1591 1253 1603 ·
1297 1573 1426 1625 ἀλλὰ
1461 1575 1562 1646 γὰρ
1599 1573 1748 1634 οὗτος

165 1669 326 1727 ὁθείος
367 1664 494 1738 ἀνὴρ
527 1664 580 1717 ἐν
625 1673 700 1717 τῶ
729 1664 892 1736 λέγειν
925 1685 938 1698 ο
977 1683 1005 1713 ιι
1041 1663 1310 1735 Εύλογείτε
1365 1667 1487 1724 τοὺς
1526 1659 1748 1714 διώκον-

1868 596 1984 668 cipi
2031 611 2241 669 pcenas
2289 595 2704 668 dependerunt
2747 599 2816 663 ³⁵,
2865 599 3126 670 itemque
3167 599 3522 654 mandatum

1866 683 2014 740 illud
2042 701 2165 757 quo
2195 684 2584 757 peccantibus
2609 685 3040 756 indulgentiam
3075 687 3412 760 septuagies
3439 703 3526 742 se-

1865 773 2019 844 pties
2047 774 2333 845 impertiri
2355 773 2639 844 jubemur
2663 777 2730 826 ’5.
2767 777 2917 830 Sane
2938 775 3050 830 hoc
3074 782 3370 848 praecepto
3396 781 3522 832 tum

1864 861 1990 934 ipse
2035 863 2237 918 Petrus
2298 866 2423 917 tum
2469 877 2580 917 nos
2629 863 2704 918 de
2753 864 3172 920 condonandis
3222 864 3522 920 multoties

1863 951 2155 1007 adversus
2179 967 2289 1006 nos
2307 951 2563 1022 peccatis
2586 952 3021 1008 admonemur:
3042 953 3360 1025 ceteroqui
3381 969 3521 1009 con-

1863 1040 2168 1096 tumeliam
2217 1040 2507 1096 adversus
2553 1041 2738 1096 Deum
2775 1057 2969 1113 neque
3001 1058 3112 1098 nos
3139 1041 3522 1097 dissimulare

1855 1129 2154 1200 jubemur,
2192 1145 2387 1201 neque
2417 1129 2545 1202 ipse
2575 1129 2832 1200 neglexit
2863 1131 3037 1194 Deus,
3072 1147 3108 1186 ιι
3137 1147 3258 1203 quo
3299 1130 3380 1187 rei
3413 1131 3516 1202 qui

1860 1218 2120 1290 seposito
2159 1233 2326 1274 sacro
2365 1219 2574 1289 pretio,
2613 1218 2856 1289 Spiritui
2894 1223 3100 1275 sancto
3141 1219 3364 1276 mentiti
3395 1219 3518 1274 fue-

1857 1311 2012 1372 rant,
2060 1322 2299 1362 summo
2347 1305 2641 1378 supplicio
2672 1306 2868 1362 affecti
2917 1307 3176 1363 fuerunt.
3247 1307 3514 1364 Profecto

1857 1398 2036 1451 etiam
2063 1396 2346 1468 principis
2378 1395 2608 1461 socius,
2639 1401 2819 1468 atque
2842 1397 3006 1452 haud
3031 1395 3364 1453 minoribus
3393 1412 3514 1452 me-

1854 1485 1977 1540 ritis
2029 1486 2182 1540 inter
2243 1483 2392 1540 alios
2447 1484 2776 1557 discipulos
2835 1486 3222 1556 praerogativa
3282 1485 3513 1555 fulgens

1853 1572 2131 1645 (Paulum
2165 1589 2373 1628 rursus
2403 1573 2539 1628 dico
2573 1573 2782 1628 mundi
2826 1574 3204 1646 magistrum)
3243 1573 3398 1640 ;hic,
3427 1576 3512 1630 in-

1853 1679 2048 1733 quam,
2075 1662 2310 1718 divinus
2337 1661 2422 1717 vir
2451 1661 2550 1732 qui
2580 1662 2811 1718 dixerat
2839 1679 2850 1718 :
2892 1685 2912 1712 ι
2949 1662 3286 1719 Benedicite
3319 1679 3510 1734 perse-

164 1775 236 1815 τας
419 1771 432 1784 ·
466 1753 750 1826 εὐλογεῖτε,
795 1758 882 1806 καὶ
942 1757 1016 1825 μὴ
1063 1755 1380 1825 καταρᾶσθε,
1445 1773 1474 1802 »
1516 1757 1606 1804 καὶ
1649 1753 1735 1804 πά-

1853 1751 2170 1822 quentibns
2183 1767 2303 1816 vos,
2322 1750 2652 1807 benedicite
2669 1754 2809 1806 etne
2825 1750 3192 1808 maledicatis
3207 1754 3254 1786 ³⁷
3275 1768 3288 1818 ;
3313 1751 3508 1806 »idem

163 1845 226 1895 λιν
253 1861 267 1874 α
300 1865 320 1892 ε
369 1840 722 1917 Ἀλέξανδρος
753 1844 780 1894 ό
805 1842 1034 1914 χαλκεύς
1076 1841 1240 1894 πολλὰ
1267 1843 1404 1894 κακὰ
1435 1860 1522 1902 μοι
1553 1837 1743 1892 ἐνεδεί-

165 1933 282 2000 ξατο,
323 1953 350 1984 n
377 1930 667 1990 ἀπολυθείη
715 1931 778 1984 ἄν
813 1940 910 1992 τῆς
954 1927 1218 1992 δοκούσης
1262 1931 1622 1992 ἐναντιώσεως.
1671 1932 1742 1982 Τό

160 2023 235 2091 μὲι
255 2023 347 2093 γὰρ
375 2018 534 2080 δίκην
565 2018 756 2073 δοῦναι
777 2023 862 2072 τόν
887 2016 1188 2078 ἠδικηκότα
1213 2018 1528 2094 ἐπαρᾶσθαι,
1558 2019 1584 2069 6
1615 2037 1740 2092 προσ

161 2109 464 2181 πηλακισμός
505 2115 657 2162 ποιεῖ
690 2114 780 2161 καὶ
832 2110 856 2161 6
907 2110 1124 2181 πόλεμος
1152 2115 1242 2160 τοῦ
1285 2111 1639 2182 κηρύγματος,
1670 2109 1738 2159 ὧν

163 2197 364 2258 ἐπαίτιος
385 2203 474 2250 καὶ
509 2195 860 2272 Ἀλέξανδρος
891 2215 904 2228 ⁸
951 2201 1006 2251 τὸ
1051 2194 1112 2250 δὲ
1142 2196 1400 2268 εὐλογίαις
1431 2195 1738 2268 ἀμείϐεσθαι

161 2291 260 2348 τοὺς
285 2287 546 2360 ὑϐριστὰς,
579 2286 662 2358 ἐφ’
691 2288 762 2348 οἷς
789 2287 854 2348 εἰς
875 2289 1014 2360 ἡμᾶς
1044 2286 1234 2348 αύτούς
1261 2289 1350 2338 τὸν
1375 2283 1610 2357 διωγμὸν
1639 2307 1736 2337 πα-

162 2373 414 2445 λαμῶνται,
443 2371 816 2427 διατέτακται.

217 2549 272 2606 κ’.
301 2555 404 2604 Ούκ
453 2550 632 2623 ἀγνοῶ
677 2547 736 2603 δὲ
792 2554 860 2613 ὡς
903 2550 997 2602 ούκ
1039 2549 1170 2623 ἀρᾶς
1217 2549 1420 2620 ἐπέχειν
1462 2548 1612 2619 λόγον
1667 2555 1732 2617 τῷ

164 2640 406 2711 θεσπεσίῳ.
449 2640 646 2710 Παύλῳ
693 2641 780 2699 τὰς
819 2644 934 2712 περὶ
987 2645 1078 2690 τοῦ
1111 2637 1349 2710 χαλκέως
1403 2639 1572 2708 φωνὰς
1611 2639 1734 2688 ἔνιοί

163 2747 310 2798 easta,
356 2727 480 2782 ἀλλά
533 2727 740 2803 πρόρρη
751 2748 832 2780 σιν
879 2727 1068 2800 μᾶλλον
1122 2724 1250 2780 εἶναι
1297 2735 1394 2779 τῶν
1452 2726 1730 2798 μελλόντων

161 2817 290 2868 αὐτόν
324 2817 404 2869 ἐπ’
451 2819 678 2889 ἐσχάτῳ
709 2815 888 2870 δεινῶν
923 2815 1336 2888 καταλαμϐάνειν
1371 2810 1732 2868 δυσσεϐοὖντά

160 2923 202 2956 τε
231 2910 420 2958 καὶτὸν
451 2909 590 2959 κατά
619 2914 712 2966 τῆς
757 2905 1018 2968 εὐσεϐείας
1067 2909 1283 2958 πνέοντα
1327 2903 1546 2976 πόλεμον
1588 2921 1600 2935 ’
1642 2909 1732 2956 καὶ

161 3001 298 3046 ταύτα
347 2997 830 3068 προανακηρύττειν
891 2999 982 3046 καὶ
1051 2995 1368 3066 ὑπογράφειν
1427 2989 1520 3045 διὰ
1563 2993 1732 3066 ῥημά-

1852 1855 1990 1895 cum
2029 1845 2243 1911 postea
2287 1839 2372 1894 sic
2405 1856 2418 1894 :
2451 1861 2476 1890 (ι
2511 1841 2842 1896 Alexander
2882 1840 3119 1896 mrarius
3148 1839 3332 1896 multa
3364 1839 3510 1896 mihi

1852 1928 2014 1985 mala
2033 1928 2248 1984 intulit:
2273 1928 2558 1985 retribuat
2573 1928 2654 1984 illi
2675 1928 2955 1984 Dominus
2973 1929 3310 1985 secundum
3323 1945 3507 2001 opera

1851 2017 1980 2086 ejus
2004 2018 2052 2052 ³⁸
2077 2035 2090 2084 ;
2119 2038 2146 2068 ››
2177 2018 2388 2072 eodem
2435 2015 2657 2087 etfugio
2686 2017 3030 2090 expedietur
3057 2017 3138 2073 ab
3180 2021 3507 2089 apparente

1848 2105 2336 2162 contradictione.
2379 2108 2650 2176 Namque
2687 2110 2752 2160 ut
2789 2105 3142 2177 imprecetur
3177 2104 3506 2162 vindictam

1847 2209 1968 2265 reo,
2012 2199 2390 2267 contemptus
2451 2197 2630 2266 atque
2675 2193 3048 2265 oppugnatio
3099 2193 3396 2262 Evangelii
3444 2195 3502 2250 in

1847 2297 2030 2338 causa
2073 2291 2178 2348 est,
2225 2298 2486 2355 quorum
2527 2297 2660 2338 reus
2690 2281 3023 2338 Alexander
3051 2305 3064 2337 :
3088 2298 3294 2338 verum
3327 2283 3502 2338 bene-

1845 2371 2205 2428 dictionibus
2223 2371 2588 2428 remunerari
2605 2369 3258 2445 oﬁ‘ensores,quatenus
3273 2377 3507 2429 nosmet

1844 2463 2252 2534 persecutione
2275 2465 2650 2534 oppugnant,
2681 2461 2739 2517 id
2765 2461 3000 2518 demum
3029 2467 3396 2535 praeceptum
3417 2467 3506 2518 est

1915 2555 2001 2606 20.
2042 2555 2166 2608 Non
2208 2551 2419 2620 ignoro
2465 2551 2744 2624 equidem
2785 2566 3004 2620 negare
3049 2551 3390 2620 nonnullos,
3433 2567 3504 2608 ea

1842 2655 1980 2712 quae
2000 2640 2178 2696 divus
2215 2639 2435 2696 Paulus
2458 2641 2531 2695 de
2559 2639 2770 2696 aerario
2791 2639 2951 2706 dicit,
2980 2640 3246 2697 dirarum
3275 2641 3395 2696 vim
3419 2640 3502 2696 ha

1840 2727 1982 2785 bere
2004 2746 2018 2794 ;
2041 2729 2144 2783 sed
2173 2729 2514 2784 vaticinium
2539 2728 2732 2798 magis
2755 2743 2883 2784 esse
2904 2745 3218 2801 pcenarum
3251 2745 3388 2800 quin
3415 2729 3500 2800 ip-

1843 2834 1978 2873 sum
1999 2819 2259 2890 denique
2288 2823 2648 2889 correptum
2672 2818 3126 2890 erant,impium
3149 2817 3418 2874 videlicet
3443 2822 3500 2874 et

1841 2907 1946 2980 qui
1975 2907 2242 2976 religioni
2271 2907 2500 2963 bellum
2529 2905 2836 2964 conﬂabat
2867 2924 2878 2963 :
2915 2911 3094 2979 atque
3133 2907 3242 2963 has
3275 2921 3496 2978 praeco-

1841 3011 1980 3052 nem
1999 2995 2246 3052 Paulum
2263 2995 2582 3065 designare
2605 2994 2798 3050 verbis
2818 2993 2929 3050 illis
2947 3001 3124 3066 atque
3143 2995 3493 3066 praedicere;

161 3100 242 3132 των
279 3086 358 3134 τόν
393 3089 604 3156 κήρυκα
637 3104 650 3116 '
685 3083 796 3155 άμα
837 3086 926 3155 μὲν
975 3091 1070 3144 τῆς
1111 3085 1373 3144 τοσαύτης
1409 3081 1607 3143 λύσσης
1643 3085 1728 3134 τόν

1846 3083 1986 3140 dum
2009 3099 2129 3140 una
2147 3083 2342 3140 studet
2362 3100 2398 3140 a
2425 3087 2587 3140 tanto
2613 3083 2812 3138 furore
2830 3087 3168 3154 apostatam
3191 3098 3492 3148 revocare,

161 3167 424 3229 ἀποστάτην
473 3171 771 3243 ἀπάγοντα,
811 3171 922 3243 άμα
973 3168 1032 3224 δε
1083 3175 1172 3224 καὶ
1223 3179 1332 3232 τοῖς
1382 3169 1728 3223 συναθλοῦσιν

162 3257 404 3329 εἰσάγοντα
445 3263 807 3333 παραμύθιον,
851 3263 910 3312 τό
965 3257 1151 3312 δοῦναι
1203 3256 1358 3318 δίκην
1399 3261 1598 3319 πάντως
1639 3262 1726 3310 τόν

159 3345 467 3418 memori)»,
510 3346 658 3423 μηδὲ
695 3349 866 3403 λαθεῖν
909 3349 988 3421 ἐφ’
1039 3350 1111 3410 οἷς
1144 3345 1336 3422 ἔδρασε
1372 3351 1430 3400 τό
1467 3357 1561 3409 τῆς
1590 3355 1724 3421 Προ-

157 3441 272 3496 νοίας
299 3436 548 3497 ἀλάθητον
609 3453 624 3465 ⁶
675 3433 750 3489 δι’
779 3435 846 3488 ὧν
895 3441 984 3489 καὶ
1024 3445 1124 3488 τῶν
1162 3437 1360 3490 πολλῶν
1389 3441 1510 3497 τοὺς
1559 3436 1720 3488 ὀκλά-

161 3525 314 3586 ζοντας
366 3525 724 3599 ἀνακτώμενον
791 3545 846 3578 τε
901 3530 990 3578 καὶ
1035 3529 1167 3598 πρὸς
1239 3529 1298 3578 τό
1347 3525 1548 3600 θαρρεῖν
1609 3528 1724 3578 ἔστι

161 3621 348 3686 σννορᾷν
395 3616 742 3687 ἐπανάγοντα.
789 3615 916 3686 Ἐγὼ
964 3611 1024 3666 δὲ
1083 3615 1126 3667 εἰ
1173 3617 1262 3687 μὲν
1303 3612 1556 3688 μηδαμοῦ
1587 3619 1723 3668 κατά

155 3709 236 3753 τῶν
295 3702 718 3758 ἐπιϐουλευόντων
814 3711 886 3774 τῷ
981 3699 1214 3776 δόγματι
1306 3700 1570 3776 μηδεμίαν
1645 3701 1720 3756 εἷ-

157 3787 231 3841 cio-2
269 3801 370 3855 τοίς
423 3795 596 3865 ἁγίοις
656 3793 686 3851 ἡ
739 3791 1098 3864 ἀγανάκτησιν
1148 3793 1178 3852 ᾖ
1235 3791 1558 3865 ἐπιτίμησιν,
1602 3789 1718 3845 οὐδ’

159 3879 285 3940 αὐτὸς
315 3881 372 3933 ἀν
407 3882 746 3956 ἀποστροφὴν
786 3880 944 3939 ἄλλην
985 3885 1268 3953 ἐποιούμην
1313 3889 1409 3942 τῆς
1447 3881 1718 3954 νομιζομέ-

155 3987 226 4029 νης
251 3976 352 4023 νυνὶ
378 3975 584 4044 μάχης,
637 3972 666 4029 ἦ
719 3975 808 4028 τήν
861 3969 1151 4046 πρόρῥησιν
1191 3988 1204 4000 ⁸
1245 3969 1349 4022 ἀλλ’
1387 3973 1412 4023 δ
1453 3990 1513 4042 γε
1553 3973 1718 4043 μάγος

157 4055 343 4130 Ἐλύμας
361 4060 562 4136 πλήρης
595 4064 685 4132 μὲν
705 4063 898 4120 παντὸς
937 4057 1114 4124 δόλου,
1147 4059 1348 4133 πλήρης
1383 4057 1442 4112 δὲ
1463 4057 1720 4135 ῥᾳδιουρ-

151 4149 268 4210 γίας,
296 4151 402 4210 υἱὸς
429 4147 488 4202 «Te
515 4148 905 4221 καταϐοὼμενος
952 4145 1222 4216 διαϐόλου,
1273 4155 1362 4202 καὶ
1411 4152 1586 4212 πάσης
1636 4147 1716 4203 ὀι-

153 4239 394 4298 καιοτύνης
437 4238 634 4314 ἐχθρός
663 4257 678 4272 ο
721 4243 810 4290 καὶ
841 4235 910 4296 δὴ
945 4243 1036 4290 καὶ
1073 4238 1238 4300 αὐτ-ἀς
1267 4247 1466 4313 πικρῶς
1516 4238 1718 4312 ἀφῃρη-

155 4325 278 4390 μένος
304 4329 390 4388 τάς
419 4327 561 4398 ἅψεις
595 4332 686 4379 καὶ
713 4329 740 4379 ὁ
769 4331 1124 4398 κεκονιαμένος
1161 4335 1361 4400 τοῖχος,
1397 4331 1496 4380 εἶτε
1533 4333 1590 4380 τὸ
1621 4337 1716 4390 τῆς

1839 3177 1893 3229 et
1919 3174 2042 3229 suis
2069 3173 2290 3245 pariter
2317 3173 2492 3228 sociis
2521 3171 2802 3228 laborum
2831 3171 3104 3228 solamen
3136 3171 3442 3228 insinuare
3477 3193 3489 3236 ;

1835 3267 2153 3334 propterea
2171 3261 2330 3333 quod
2359 3261 2672 3318 maleﬁcus
2695 3261 2945 3317 omnino
2963 3260 3300 3333 puniendus
3319 3260 3488 3328 foret,

1834 3365 2028 3424 neque
2049 3351 2496 3416 omnituentem,
2523 3349 2908 3409 Providentia
2927 3349 3168 3406 oculum
3187 3351 3346 3407 facta
3363 3351 3412 3420 ej
3425 3367 3494 3406 us

1831 3441 2098 3498 laterent.
2131 3445 2320 3512 Atque
2349 3439 2440 3495 his
2471 3438 2874 3495 locutionibus
2905 3438 3230 3496 multorum
3271 3438 3492 3494 demis-

1833 3546 1932 3586 sos
1957 3530 2196 3586 animos
2216 3529 2360 3600 erigi
2379 3545 2414 3585 a
2433 3528 2614 3584 Paulo
2633 3533 2692 3585 et
2709 3529 2784 3585 ad
2801 3528 3090 3584 ﬁduciam
3115 3529 3382 3584 revocari
3410 3529 3491 3584 vi-

1831 3619 2068 3676 demus.
2097 3619 2384 3691 Equidem
2410 3618 2458 3674 si
2485 3633 2788 3690 nusquam
2817 3633 3120 3674 cernerem
3144 3623 3490 3672 sanctorum

1828 3709 2142 3764 hominum
2173 3713 2382 3763 contra
2409 3707 2710 3778 dogmatis
2739 3707 2946 3762 hostes
2991 3706 3366 3762 iracundiam
3398 3707 3488 3762 vel

1829 3797 2246 3860 invectionem,
2288 3795 2450 3852 haud
2493 3795 2650 3852 aliud
2683 3795 2968 3864 effugium
2993 3795 3276 3850 simulatae
3303 3794 3485 3864 hujus

1825 3885 2238 3959 repugnantiae
2253 3899 2584 3956 quaererem
2603 3899 2790 3956 quam
2802 3882 3172 3940 vaticinium.
3195 3883 3307 3939 Sed
3325 3883 3484 3939 enim

1829 3991 1966 4032 cum
1997 3991 2210 4046 magus
2240 3975 2478 4046 Elymas
2505 3973 2720 4045 plenus
2751 3973 2916 4029 omni
2947 3971 3108 4036 dolo,
3135 3971 3351 4044 plenus
3383 3971 3488 4028 fal-

1825 4064 1978 4120 lacia
2007 4070 2064 4120 et
2091 4063 2313 4119 diaboli
2339 4063 2498 4118 ﬁlius
2527 4061 2780 4126 dicatur,
2813 4067 2993 4134 atque
3021 4061 3216 4116 omnis
3239 4061 3484 4132 justitiie

1826 4151 2012 4210 hostis
2044 4156 2090 4188 ³ο
2126 4170 2140 4220 ;
2173 4167 2434 4224 cumque
2463 4151 2620 4207 idem
2669 4149 2856 4207 oculis
2900 4149 3114 4205 acerbe
3153 4148 3433 4204 multetur
3469 4169 3480 4212 ;

1825 4242 2010 4298 verba
2023 4241 2264 4312 insuper
2279 4240 2468 4312 paries
2479 4239 2796 4296 dealbatus
2811 4242 2858 4275 ³ο
2871 4239 3016 4310 (sive
3035 4239 3084 4294 is
3101 4238 3482 4310 pontiﬁcatus

1825 4330 2087 4402 insignia
2111 4345 2316 4386 coram
2338 4344 2494 4385 casso
2523 4327 2800 4401 apostolo
2822 4327 3085 4398 gerebat,
3118 4326 3240 4381 sive
3264 4327 3480 4395 secus,)

155 4406 514 4482 ἀρχιερωσύνης
551 4419 696 4489 ἔφερε
741 4419 1040 4487 τυπτομένῳ
1069 4422 1144 4485 τῷ
1183 4414 1378 4488 ἀθλητῇ
1419 4421 1714 4490 γνώρισμα,

1846 4424 1880 4474 ει
1907 4424 2206 4491 quotquot
2235 4418 2411 4490 paulo
2443 4421 2578 4474 ante
2607 4415 2766 4473 dicta
2785 4421 2944 4482 sunt,
2971 4421 3028 4470 et
3051 4431 3182 4486 quas
3211 4414 3380 4486 plura
3401 4413 3484 4469 di-
3527 4451 3538 4458 -

159 4501 238 4550 εἴτε
269 4507 348 4554 καὶ
379 4511 446 4574 μή
481 4521 494 4535 ·
542 4510 636 4556 καὶ
675 4505 774 4557 ὅσα
803 4507 892 4577 μὲν
930 4503 1060 4556 ἄλλα
1089 4507 1190 4578 πρὸ
1222 4502 1450 4577 βραχέος
1493 4508 1713 4578 εἷρηται,

157 4587 238 4638 ὅσα
255 4585 306 4642 δὲ
333 4597 418 4644 καὶ
447 4601 546 4644 τῶν
569 4594 830 4667 ῥηθέντων
859 4592 1008 4645 πλέον
1037 4601 1314 4664 πανταχοῦ
1343 4601 1434 4655 τῆς
1465 4596 1601 4667 ἱερᾶς
1634 4600 1716 4668 φέ-

158 4693 278 4744 ρεται
303 4685 516 4753 Γραφῆς.
552 4681 710 4734 Ἀλλά
737 4685 839 4755 γὰρ
868 4688 1037 4734 ταῦτα
1065 4677 1132 4739 δὴ
1159 4689 1328 4734 ταῦτα
1363 4682 1610 4756 λαμπρῶς
1655 4685 1714 4736 ού

159 4770 302 4823 κοινὴν
321 4765 426 4821 οὐδ’
459 4769 664 4843 ἀσφαλῆ
693 4775 786 4828 την
813 4767 908 4822 διὰ
931 4778 1024 4831 τῆς
1055 4769 1390 4846 προρρήσεως
1415 4779 1716 4844 καταφυγήν

161 4871 234 4920 μοι
257 4851 557 4912 δεικνύουσι.

217 4941 304 4994 ια’.
331 4945 458 5005 Πλὴν
507 4951 632 5020 ἡμῖν
676 4951 782 5019 οὐχ
821 4947 1092 5022 ἑρμηνείας
1133 4955 1222 5000 νύν
1253 4947 1510 5022 ἀκρίϐεια,
1541 4969 1712 5025 παρα-

165 5023 381 5102 δείγματα
417 5032 474 5089 δὲ
509 5041 663 5108 μόνον
713 5037 1045 5109 ζητημάτων,
1073 5037 1140 5088 ὧν
1187 5039 1218 5095 ἡ
1265 5037 1411 5098 λύσις
1457 5039 1714 5109 γυμνάζε-

166 5133 249 5178 ται.
297 5128 696 5196 πραγματεύεται
748 5143 762 5155 '
805 5125 912 5178 ἐπεὶ
952 5131 1044 5178 καὶ
1095 5125 1253 5184 ἄλλην
1291 5129 1406 5178 τινὰ
1452 5123 1576 5179 οἶδα
1619 5147 1710 5180 του

165 5217 450 5281 προκειμένου
499 5217 662 5288 ῥητοῦ
727 5211 1077 5287 ὃιασάφησιν,
1143 5217 1252 5276 ἣτις
1301 5220 1390 5267 καὶ
1447 5220 1534 5274 τὴν
1581 5215 1710 5290 ἀρὰν

169 5297 338 5356 mit-'73?
378 5303 660 5377 πρόρρησιν
699 5301 1072 5369 ἀποκλίνουσα,
1115 5300 1266 5356 ούὸὲν
1303 5305 1536 5376 χαλεπὸν
1592 5303 1710 5359 ούδ¹

223 5603 262 5636 ³⁵
289 5609 392 5681 Aet.
419 5627 470 5681 ν,
497 5615 546 5670 t.

174 5685 296 5741 mn,
319 5679 366 5734 3.

661 5615 708 5650 ³⁸
741 5613 938 5671 Matth.
982 5629 1136 5680 xvm,
1163 5613 1252 5668 22.

1368 5617 1409 5650 ’τ
1440 5618 1610 5672 Rom.
1643 5631 1744 5682 xu,
1783 5617 1870 5673 14.

1825 4508 1932 4564 ctis
1961 4509 2020 4563 in
2061 4523 2234 4563 sacra
2263 4507 2488 4578 passim
2530 4505 2828 4575 Scriptura
2857 4505 3126 4560 feruntur
3159 4523 3174 4571 ;
3203 4503 3352 4567 haec,
3393 4503 3478 4558 in-

1825 4611 2026 4667 quam,
2081 4595 2384 4651 evidenter
2433 4593 2765 4650 admodum
2834 4591 2978 4648 mihi
3043 4591 3475 4657 demonstrant,

1823 4700 2006 4756 quam
2027 4699 2137 4739 nec
2157 4683 2408 4740 obvium
2427 4697 2624 4753 neque
2645 4686 2838 4738 tutum
2860 4680 2936 4736 ad
2955 4681 3324 4753 prophetiam
3347 4696 3475 4752 per-

1823 4773 2048 4845 fugiam
2081 4772 2172 4828 sit.

1893 4953 1982 5006 2t.
2027 4951 2139 5008 Sed
2169 4951 2327 5006 enim
2375 4948 2542 5006 haud
2589 4953 2870 5005 accurata
2903 4949 3321 5020 interpretatio,
3373 4948 3478 5004 sed

1823 5040 2092 5112 exempla
2123 5039 2305 5095 modo
2331 5037 2756 5111 qumstionum,
2784 5053 2922 5092 cum
2951 5037 3320 5092 solutionum
3355 5041 3478 5093 ten-

1821 5130 2064 5194 tamine,
2094 5129 2234 5184 mihi
2259 5143 2416 5183 nunc
2448 5127 2506 5182 in
2535 5127 2816 5183 manibus
2843 5131 2997 5182 sunt.
3023 5127 3172 5182 Nam
3199 5131 3256 5182 et
3295 5127 3474 5182 aliam

1821 5218 1962 5274 novi
1987 5218 2400 5289 praedictorum
2426 5215 2746 5272 verborum
2768 5214 3254 5280 declarationem,
3278 5231 3412 5286 quas
3439 5232 3475 5272 a

1821 5306 1963 5362 diris
1993 5306 2167 5364 simul
2199 5305 2596 5378 vaticinioque
2627 5304 2954 5370 declinans,
2989 5303 3132 5360 nihil
3164 5319 3344 5374 grave
3375 5311 3476 5361 aut

1985 5619 2032 5652 ³³
2061 5619 2100 5672 ll
2132 5617 2278 5674 Tim.
2307 5634 2384 5684 ιν,
2417 5617 2504 5672 14.
2619 5617 2664 5652 ²⁰
2693 5617 2814 5673 Act.
2864 5631 2990 5680 xm,
3035 5617 3124 5672 10.
3237 5617 3286 5650 ⁸ο
3344 5619 3469 5672 Act.
