3992 6182
503 298 573 353 75
1734 296 1971 353 ΡΗΟΤΙΙ
2014 292 2495 355 ΡΑΤΒΙΑΒΟΗΑΞ
2536 293 2645 350 GP.
3814 293 3887 346 76

504 419 1007 477 contumeliosum
1048 418 1384 476 Alexandro
1416 420 1685 492 imponit.
1723 422 1945 478 Etenim
1976 436 2012 476 a
2044 422 2080 475 1]

2313 418 2570 493 ιύϐριστον
2612 426 2682 489 τῷ
2731 414 3057 490 Ἀλεξάνδρῳ
3104 419 3429 490 περιτίθησι.
3470 420 3567 470 Τόν
3620 419 3721 491 γὰρ
3782 422 3889 472 Κύ-

508 511 680 575 mino,
702 508 805 581 qui
827 512 917 564 est
937 508 1135 566 omnis
1167 508 1492 566 clementia:
1515 509 1838 581 salutisque
1868 509 2024 573 fons,
2054 509 2084 565 li

2309 528 2396 573 ιον,
2477 510 2526 568 ὅς
2582 506 2695 560 ἐστι
2769 507 3154 581 φιλανθρωπίας
3219 512 3308 558 καὶ
3385 510 3647 579 σωτηρίας
3708 514 3885 578 πηγὴ,

505 599 727 656 minem
751 597 918 653 illum
950 598 1117 656 aiunt
1143 599 1425 654 traditum
1460 599 1769 664 maleﬁcis,
1798 599 1963 655 haud
1994 615 2081 670 equ

2314 605 2446 648 ιῦτον
2487 592 2807 649 ἀποδιδόναι
2847 600 2976 667 φησὶ
3006 602 3118 658 τοῖς
3166 597 3481 667 κακούργοις
3512 594 3570 647 ού
3620 600 3890 669 τιμωρού-

506 689 645 744 dem
692 688 974 759 puniendi
1020 704 1203 745 causa
1254 696 1583 745 creaturam
1638 705 1811 745 suam
1862 704 2053 761 neque

2316 705 2414 738 ενον
2445 689 2502 739 τό
2542 685 2727 739 οἰκεῖον
2776 684 3016 757 πλασμα,
3047 682 3171 738 οὐδε
3207 683 3516 753 κολάζοντα,
3547 686 3892 756 μεθιστώντα

506 793 639 833 eam
654 776 1187 841 animadvertendi,
1210 793 1416 833 verum
1439 778 1635 849 potius
1656 783 1769 833 uta
1789 778 1959 834 malis
1972 793 2082 850 ope

2313 779 2331 828 ι
2394 782 2490 827 τῶν
2535 774 2734 846 φαύλων
2788 774 2945 846 ἔργων
2995 778 3081 826 καὶ
3130 776 3259 849 πρὸς
3314 778 3406 831 τὴν
3451 782 3549 825 τῶν
3600 772 3889 846 ἀμεινόνων

506 866 623 921 bus
637 868 945 921 revocaret
956 868 1135 938 atque
1150 865 1224 922 ad
1238 865 1545 923 meliorem
1557 866 1789 935 frugem
1804 866 2079 922 traducer

2314 864 2457 937 ρᾱξιν
2507 866 3014 939 μεταρῥυθμίζοντα.
3048 863 3113 915 *Ο
3142 867 3277 924 τίνος
3315 862 3375 914 ἂν
3408 866 3481 921 εἴη
3532 861 3661 937 ἀρᾶς
3692 881 3707 929 ;
3743 869 3890 926 τίνος

510 956 640 1019 Qua
691 954 747 1009 in
788 970 845 1008 re
882 953 1048 1026 quid,
1090 970 1219 1021 oro,
1262 954 1525 1011 dirarum
1561 960 1647 1011 est
1673 954 1701 1011 i’
1730 956 1874 1028 quid
1905 956 2086 1012 vaticii

2313 958 2334 1007 ι
2383 957 2564 1015 ποινὰς
2614 953 2915 1014 ἁναϐοώσης
2966 952 3307 1028 προρρήσεως
3350 951 3527 1019 ;Ἀλλ’
3568 949 3655 1007 οὖν
3703 955 3888 1027 ὥσπερ

509 1058 753 1114 pmnam
794 1042 1112 1100 clamantis
1139 1046 1165 1100 ?
1199 1044 1311 1100 Sed
1342 1044 1503 1101 enim
1530 1044 1698 1100 sicuti
1732 1045 1833 1100 uni
1865 1045 2085 1117 praedic

2311 1048 2363 1095 αὶ
2408 1046 2599 1117 θατέρᾳ
2641 1052 2739 1097 τῶν
2790 1042 3059 1112 ἐπιϐολῶν,
3110 1044 3243 1096 ούτω
3281 1062 3371 1115 μοι
3404 1038 3551 1095 δοκεῖ
3592 1047 3682 1095 καὶ
3719 1046 3887 1115 ταύτῃ

510 1148 646 1186 rum
673 1133 1119 1198 sententiarum,
1172 1134 1253 1188 ita
1309 1133 1453 1190 mihi
1488 1133 1761 1190 videntur
1804 1132 1981 1190 etiam
2028 1133 2086 1188 hl

2316 1135 2344 1185 δι
2371 1133 2546 1204 ἐφεξῆς
2589 1130 2960 1205 διαμάχεσθαι
2994 1150 3005 1162 ’
3041 1137 3130 1185 καὶ
3172 1135 3271 1206 γὰρ
3305 1130 3484 1203 ἐπάγει
3516 1147 3528 1161 ·
3578 1150 3609 1181 ι(
3648 1132 3749 1183 ⁸ον
3801 1139 3892 1185 καὶ

514 1222 811 1278 adversari
834 1237 967 1292 quae
984 1227 1326 1294 sequuntur.
1346 1224 1529 1279 verba
1552 1241 1564 1279 :
1589 1245 1616 1274 «
1638 1225 1826 1289 Quem
1850 1232 1906 1278 tu
1926 1238 2089 1295 quoq

2318 1226 2346 1274 ὺ
2402 1222 2670 1293 φυλάσσου
2724 1243 2736 1257 ·
2788 1223 2900 1276 λίαν
2946 1223 3047 1297 γὰρ
3098 1220 3381 1279 ἁνθίστηκε
3432 1227 3541 1281 τοῖς
3612 1222 3894 1297 ἡμετέροις

515 1326 677 1373 cave,
723 1310 889 1366 valde
942 1311 1101 1368 enim
1144 1312 1370 1368 obstitit
1405 1312 1810 1384 prmtlicationi
1857 1316 2091 1368 nostras.

2319 1319 2469 1385 όγοις.
2504 1334 2533 1365 ιι
2560 1312 2695 1365 Ἀλλ’
2736 1308 2977 1384 ἐμποδὼν
3025 1316 3114 1383 μέν
3154 1318 3262 1373 τοῖς
3312 1310 3485 1371 ἄλλοις
3517 1314 3641 1371 ἴσως
3673 1315 3895 1365 ῐσταται

520 1403 666 1463 Haec,
686 1400 950 1472 inquam,
984 1401 1115 1457 aliis
1137 1400 1387 1458 fortasse
1406 1402 1712 1457 sententiis
1736 1402 2096 1458 adversantu

2321 1410 2447 1455 αύτα
2487 1421 2498 1434 ·
2537 1409 2800 1473 συμφωνεῖ
2848 1398 3127 1474 δὲμᾶλλον
3184 1408 3282 1462 τοῖς
3316 1400 3382 1461 εἰς
3422 1401 3550 1474 ἀρὰν
3598 1404 3655 1455 τὸ
3688 1405 3897 1473 χωρίον

520 1490 716 1546 favent
742 1506 876 1546 vero
904 1490 1321 1563 interpretibus
1340 1491 1406 1545 iis
1435 1491 1538 1563 qui
1568 1491 1767 1547 locum
1790 1491 1867 1547 ad
1897 1491 2059 1547 diras
2089 1507 2096 1546 ι

1044 1490 1321 1563 'pretibus
1340 1491 1406 1545 iis
1435 1491 1538 1563 qui
1568 1491 1767 1547 locum
1790 1491 1867 1547 ad
1897 1491 2059 1547 diras
2089 1506 2175 1546 re-
2286 1491 2620 1565 ἀναφέρουσι.

522 1579 739 1635 ferunt.

603 1672 690 1724 22.
739 1672 939 1743 Neque
998 1684 1140 1727 vero
1180 1669 1355 1726 nobis
1398 1668 1660 1726 obstabit
1698 1671 1900 1726 beatus
1943 1669 2177 1741 Stepha~

2359 1668 2463 1722 κε’.
2506 1669 2617 1721 Οὐκ
2666 1666 3027 1720 ἐναντιώσεται
3059 1663 3117 1718 δὲ
3170 1668 3293 1738 ἡμῖν
3348 1662 3496 1719 οὐδὲν
3555 1670 3672 1721 οὗτε
3704 1668 3894 1739 Στέφα-

526 1782 640 1822 nus
688 1765 755 1828 ³¹,
809 1764 1130 1831 martyrum
1172 1759 1422 1831 primus,
1468 1759 1571 1831 qui
1604 1760 2007 1815 interfectores
2037 1776 2102 1814 su

2319 1780 2373 1823 ος
2410 1768 2509 1812 τῶν
2548 1760 2823 1831 μαρτύρων
2871 1764 3096 1830 πρῶτος,
3147 1758 3266 1817 τούς
3317 1758 3556 1827 φονευτὰς
3603 1756 3895 1827 εὐλογίαις,

526 1853 703 1911 bonis
725 1849 915 1906 verbis
942 1863 1063 1903 non
1094 1847 1235 1903 diris
1258 1852 1669 1904 remuneratus
1685 1856 1798 1914 est;
1818 1864 2009 1920 neque
2042 1864 2102 1903 ar

2320 1850 2394 1902 ,λλ“
2440 1848 2535 1901 οὐκ
2584 1846 2733 1920 ἀραῖς
2785 1846 3120 1917 ἀμυνόμενος,
3182 1848 3297 1899 οὔτε
3344 1849 3445 1916 πρό
3486 1845 3645 1898 αὐτοῦ
3706 1846 3735 1896 ό
3773 1865 3896 1898 κοι-

526 1945 686 2000 hunc
698 1938 1038 1997 communis
1051 1937 1259 1993 Domin
1270 1937 1461 2009 us,qui
1475 1953 1576 2009 pro
1591 1937 2059 2001 cruciﬁxoribus,
2075 1937 2102 1991 Ρ

2322 1946 2369 2001 ὸς
2423 1941 2684 1997 Δεσπότης
2746 1936 2871 2008 ύπερ
2926 1942 3025 1987 τῶν
3113 1936 3473 2007 σταυροῦντων
3535 1937 3621 1987 τὸν
3685 1940 3896 2009 Πατέρα

527 2038 677 2090 trem
702 2027 960 2087 exoravit
981 2030 1048 2079 ".
1075 2029 1429 2100 Quanquam
1455 2042 1661 2099 reapse
1695 2027 2023 2083 Servatoris
2054 2044 2103 2081 οι

2323 2027 2648 2097 Ξιλεούμενος,
2684 2023 2819 2079 Ἀλλ’
2860 2025 2884 2076 ό
2929 2026 3019 2095 μεν
3060 2030 3149 2077 τοῦ
3188 2030 3421 2096 Σωτῆρος
3471 2022 3621 2093 λόγος
3662 2025 3785 2095 ἔχει
3848 2043 3899 2075 τι

528 2122 608 2179 tio
647 2119 829 2176 habet
857 2116 1081 2189 aliquid
1112 2116 1288 2173 altius
1314 2121 1494 2188 atque
1530 2117 1865 2187 augustius,
1897 2132 2082 2187 quam

2322 2122 2377 2169 αἱ
2428 2125 2521 2177 τῆς
2568 2116 2841 2186 παρούσης
2885 2112 3092 2185 ἐρεύνης
3144 2109 3430 2184 βαθύτερόν
3469 2130 3523 2166 τε
3563 2116 3652 2169 καὶ
3702 2132 3897 2183 μυστι-

525 2226 686 2269 nunc
710 2206 982 2278 indagari
1012 2221 1119 2278 pro
1138 2204 1425 2276 dignitate
1443 2210 1645 2277 queat.
1671 2205 2069 2277 Triumphalis
2100 2224 2101 2227 η

2323 2211 2508 2280 ὡτερον
2558 2218 2571 2234 ⁶
2629 2205 2654 2255 ὁ
2706 2198 2765 2255 δι
2812 2200 3101 2263 καλλίνικος
3144 2203 3346 2275 μάρτυς
3392 2208 3497 2261 πῶς
3539 2202 3664 2273 ἡμῖν
3709 2201 3772 2254 ού
3826 2198 3896 2255 δι’

526 2315 662 2357 men
694 2302 923 2369 martyr
950 2294 1163 2367 quidni
1199 2293 1375 2350 nobis
1406 2299 1694 2366 patronus
1736 2311 1935 2350 causa;
1970 2294 2099 2349 adsi

2324 2303 2481 2366 γῶνος
2540 2292 2798 2345 ἐλεύσεται
2832 2308 2845 2356 ;
2878 2292 2977 2355 ὅτι,
3027 2294 3146 2350 τούς
3196 2286 3489 2349 Ἰουδαίους
3537 2287 3744 2361 βλέπων
3792 2296 3900 2351 τοῖς

524 2389 628 2463 qui
655 2388 890 2444 Judaaos
927 2400 1176 2440 cernens
1218 2384 1304 2439 ira
1343 2383 1747 2439 inﬂammatos
1782 2383 2100 2455 vecordiaq

2328 2384 2404 2435 ατ“
2456 2382 2614 2433 αὐτοῦ
2690 2383 2869 2452 θυμοῖς
2927 2378 3365 2450 ἁναφλεγομένους
3413 2382 3501 2431 καὶ
3554 2385 3613 2449 τῇ
3677 2375 3904 2448 ἀπονοίᾳ

524 2478 743 2543 ebrios,
772 2490 952 2546 seque
982 2474 1143 2529 caede
1176 2473 1407 2543 penitus
1432 2473 1771 2544 impiantes,
1802 2474 1930 2544 ipse
1957 2474 2086 2543 jam

2325 2474 2586 2540 3013097“,
2647 2474 2735 2521 καὶ
2790 2474 2918 2539 σφᾶς
2974 2467 3161 2528 αύτούς
3209 2468 3354 2529 ὅλους
3410 2474 3481 2537 τῷ
3524 2471 3655 2538 φόνῳ
3700 2465 3901 2539 βαπτί-

525 2564 862 2636 martyricas
896 2562 1057 2617 necis
1093 2561 1295 2616 limine
1324 2577 1592 2625 versans,
1642 2567 1695 2615 et
1723 2562 1853 2631 jam
1890 2561 2101 2633 supplit

2330 2580 2503 2625 αντας,
2561 2559 2717 2622 αὐτὸς
2757 2555 2863 2617 ἤδη
2917 2557 3095 2610 λοιπόν
3145 2560 3229 2610 ἐπὶ
3280 2556 3468 2619 πύλαις
3526 2557 3760 2617 ἑστηκὼς
3809 2564 3902 2608 τοῦ

526 2651 1005 2710 adhortationem
1031 2649 1359 2721 quamlibet
1392 2650 1505 2705 sibi
1542 2650 1845 2721 eripiente,
1876 2666 2069 2721 neque
2096 2675 2102 2704 ι

2331 2658 2616 2725 αρτυρικοῦ
2678 2651 2921 2715 θανάτου,
2975 2650 3156 2723 καιρὸν
3212 2644 3270 2700 δὲ
3322 2651 3672 2719 παραινέσεως
3728 2649 3904 2699 πάντα

526 2758 662 2798 cum
688 2739 1090 2810 objurgatioui
1128 2737 1434 2809 largiente,
1474 2742 1596 2794 tum
1638 2738 1779 2810 quia
1814 2739 2030 2793 summi
2063 2738 2098 2792 d

2326 2749 2385 2802 ῆς
2436 2743 2738 2813 μιαιφονίας
2799 2736 3271 2808 ἁποτειχιζούσης,
3323 2733 3573 2807 οὐδεμίαν
3626 2754 3685 2789 τε
3735 2734 3902 2788 ἐπιτί-

525 2830 788 2887 criminis
820 2826 1203 2900 impendebat
1227 2827 1392 2892 hora,
1427 2831 1553 2883 tum
1582 2828 1724 2899 quia
1752 2828 1951 2883 nullus
1982 2844 2101 2899 spei

2324 2850 2455 2887 ,ησιν
2491 2825 2828 2894 ἐνδιδούσης,
2881 2832 3033 2879 τοῦτο
3083 2828 3172 2898 μὲν
3225 2827 3305 2877 ὅτι
3358 2824 3441 2877 ἐπὶ
3493 2824 3649 2896 ξυροῦ
3713 2828 3900 2877 ἶστατο

527 2919 698 2976 batur
731 2917 955 2973 fructus
1004 2915 1353 2988 increpandi
1382 2915 1471 2971 vel
1508 2916 1867 2973 adhortandi
1904 2918 2103 2973 homin

2325 2926 2430 2989 κμῆ
2444 2937 2482 2982 ς,
2511 2925 2665 2969 τοῦτο
2696 2912 2755 2968 δὲ
2785 2918 2866 2968 ὅτι
2891 2911 3132 2987 μηδεμία
3172 2918 3354 2975 ὄνησις
3392 2920 3501 2974 τοῖς
3546 2914 3684 2965 οὕτω
3704 2932 3897 2987 κεκραο

525 3010 606 3065 ita
625 3007 912 3079 percitos;
939 3005 1105 3079 quod
1126 3004 1423 3078 reliquum
1444 3010 1588 3069 erat,
1612 3012 1943 3061 extremum
1962 3006 2101 3062 athlt

2323 3011 2528 3078 ημένοις
2582 3004 2881 3077 ἐπιτίμησις
2924 3006 2953 3063 ἦ
2993 3007 3319 3077 παραίνεσις,
3367 3003 3393 3054 ὁ
3438 3002 3613 3054 λοιπόν
3670 2999 3753 3067 ἦν,
3804 3008 3898 3061 τὴν

527 3113 671 3167 erga
692 3111 834 3151 suos
856 3094 1165 3151 carnifices
1186 3094 1477 3166 expromit
1502 3094 1791 3160 ofﬁcium,
1817 3102 1996 3166 atque
2020 3100 2082 3150 ut

2324 3097 2530 3167 σχάτην
2575 3096 2599 3145 ό
2631 3093 2859 3154 ἀθλητὴς
2906 3092 2991 3145 ἐπὶ
3019 3095 3142 3153 τοὺς
3185 3094 3430 3163 φονευτὰς
3470 3090 3701 3163 ἁρπάζει
3750 3092 3900 3162 θερα-

540 3185 656 3241 illis
691 3189 1004 3257 peccatum
1037 3184 1304 3254 imputet,
1330 3198 1713 3240 communem
1741 3185 2055 3240 Dominum
2079 3184 2114 3238 d

2327 3189 2437 3236 rictu
2474 3202 2485 3214 ·
2519 3189 2607 3235 καὶ
2638 3188 2707 3254 μὴ
2763 3192 2961 3241 στῆσαι
3010 3181 3184 3242 αὐτοῖς
3223 3186 3315 3237 τὴν
3366 3181 3622 3255 ἁμαρτίαν
3662 3181 3751 3231 τὸν
3795 3198 3903 3231 κοι-

531 3274 822 3341 precatur.
876 3268 1015 3333 Quis
1046 3272 1243 3324 autem
1282 3268 1377 3323 hic
1407 3267 1435 3322 ‘I
1465 3284 1683 3340 nempe
1716 3269 1766 3324 is
1803 3270 1907 3341 qui
1938 3268 2107 3338 longe

2325 3278 2374 3325 όν
2416 3277 2677 3331 Δεσπότην
2708 3271 2916 3334 ἐξαιτεῖ.
2958 3276 3049 3331 Τίς
3097 3266 3245 3332 οὗτος
3282 3287 3295 3335 ;
3336 3269 3393 3321 Ὀ
3433 3271 3635 3341 μακρὰν
3802 3267 3901 3320 αύ-

533 3373 724 3430 nuper
752 3357 913 3428 apud
944 3356 1182 3411 Judmos
1212 3358 1557 3411 recitaverat
1588 3357 2056 3413 admonitionem
2101 3374 2109 3413 ι

2330 3370 2402 3424 οἶς
2460 3366 2705 3434 πρότερον
2780 3363 3085 3417 νουθέτησιν
3135 3364 3225 3411 καὶ
3274 3355 3628 3410 διδασκαλίαν
3699 3356 3906 3410 ἀποτεί-

533 3463 648 3519 que
678 3445 1010 3501 doctrinam
1043 3461 1054 3499 :
1086 3444 1241 3499 idem
1294 3460 1429 3499 cum
1471 3460 1574 3500 eos
1627 3445 1861 3502 vidisset
1897 3446 2109 3502 advers

2325 3472 2381 3513 ας
2416 3471 2428 3484 ·
2472 3454 2541 3512 ὡς
2582 3447 2631 3503 δ’
2678 3449 3075 3520 ἀπαθεστέρους
3121 3467 3174 3500 τε
3204 3455 3311 3508 τοῖς
3360 3455 3680 3521 παραινοῦσι
3707 3445 3901 3517 λόγοις,

532 3537 905 3591 hortamenta
938 3550 1044 3588 sua
1075 3539 1483 3597 contumaces,
1518 3539 1695 3606 atque
1729 3536 1803 3590 ad
1838 3535 2031 3590 scelus
2067 3536 2108 3589 ai

2331 3546 2383 3593 αὶ
2448 3539 2637 3611 μᾶλλον
2704 3539 2839 3609 ἐώρα
2890 3541 3015 3612 πρός
3070 3534 3382 3589 δυσσέϐειαν
3434 3535 3901 3609 παροξυνομένους,

533 3626 767 3689 criores,
786 3625 945 3695 juste
963 3622 1295 3677 admodum
1317 3623 1880 3693 reprehensionibus
1902 3631 2079 3696 atque
2102 3625 2109 3679 i

2329 3634 2410 3681 ότε
2442 3626 2535 3691 δὴ,
2571 3633 2684 3680 τότε
2728 3632 2817 3678 καὶ
2847 3627 2987 3698 μάλα
3037 3624 3279 3692 δικαίως,
3325 3629 3413 3677 καὶ
3458 3632 3570 3686 τοῖς
3615 3623 3904 3695 ἑλέγχουσί

532 3712 899 3769 vectionibus
924 3727 1206 3779 onerans,
1234 3710 1679 3766 incircumcisos
1701 3713 1878 3768 corde
1908 3714 2105 3786 durisq

2330 3738 2347 3770 ε
2412 3722 2501 3768 καὶ
2556 3716 2923 3774 στηλιτεύουσι
2985 3718 3199 3777 τούτους
3263 3712 3553 3779 ὑποϐαλὼν,
3616 3711 3906 3785 ἁπεριτμή-

534 3802 881 3865 cervicibus,
904 3799 1238 3856 homicidas
1263 3815 1333 3855 ac
1362 3800 1712 3871 proditores,
1743 3802 1976 3858 vocavit
2006 3809 2106 3874 atq

2329 3827 2417 3867 ους
2455 3825 2517 3877 τῃ
2562 3801 2760 3878 καρδίᾳ
2788 3809 2877 3855 καὶ
2914 3802 3418 3875 σκληροτραχήλους
3473 3802 3611 3872 (17),
3644 3808 3804 3873 φονεῖς
3846 3818 3903 3852 τε

533 3892 822 3959 coarguit,
855 3897 911 3946 et
939 3888 1126 3960 patrio
1157 3888 1406 3944 crimine
1446 3888 1728 3953 imbutos,
1764 3892 2109 3962 prophetaru

2332 3902 2385 3947 αἱ
2428 3891 2717 3968 προδιὶτας,
2780 3897 2866 3944 καὶ
2908 3896 3216 3966 προγονικὸν
3269 3895 3327 3943 τό
3375 3895 3588 3963 μίασμα
3634 3894 3902 3963 φέροντας,

534 3980 757 4036 scilicet
777 3978 1137 4035 occisoribus
1158 3978 1407 4048 genitos.
1436 3980 1629 4044 Quare
1650 3994 1771 4035 non
1796 3979 1990 4036 solum
2009 3981 2110 4036 nol

2326 3985 2382 4037 ἶτε
2430 3979 2497 4041 δὴ
2532 3985 2958 4054 προφητοκτόνων
3006 3985 3176 4045 τέκνα,
3242 3978 3448 4040 δεικνύς
3496 3979 3609 4050 ἅμα
3651 3984 3741 4031 καὶ
3771 3977 3902 4029 ἁπο-

534 4070 619 4125 vir
646 4069 739 4124 hic
763 4070 953 4139 gratia
983 4075 1037 4123 et
1068 4067 1358 4138 sapientia
1384 4072 1711 4139 sanctoque
1734 4068 1948 4140 Spiritu
1977 4087 2043 4124 ac
2077 4088 2110 4124 v

2334 4072 2482 4126 ἁλῶν.
2525 4080 2685 4123 Ὥστε
2733 4070 2791 4123 ού
2840 4075 2993 4142 μόνον
3044 4066 3294 4141 οὐδαμῶς
3322 4070 3446 4140 ἡμῖν
3488 4070 3514 4119 ὀ
3556 4067 3758 4141 πλήρης
3799 4071 3908 4138 χα-

534 4162 653 4214 tute
680 4157 885 4229 plenus
924 4173 1043 4212 non
1075 4158 1443 4219 adversatur,
1493 4172 1701 4212 verum
1742 4158 1999 4213 maxime
2034 4159 2110 4215 ἴω

2334 4182 2434 4221 ιτος
2486 4165 2574 4213 καὶ
2630 4164 2813 4231 σοφίας
2852 4163 2942 4211 καὶ
2983 4161 3275 4230 Πνεύματος
3304 4158 3457 4228 ἁγίου
3500 4161 3591 4209 καὶ
3640 4152 3908 4227 δυνάμεως

536 4263 605 4303 ac
638 4247 1063 4318 patrocinatur.
1092 4243 1259 4311 Quod
1291 4244 1337 4299 si
1371 4244 1712 4300 verissimus
1750 4246 1979 4302 Domini
2006 4248 2112 4303 disi

2332 4252 2356 4302 ὗ
2411 4252 2498 4320 μεν
2556 4245 2643 4300 οὖν
2702 4248 3087 4319 ἀνταγωνιστὴς
3136 4250 3229 4299 ούκ
3276 4250 3433 4316 ἔστιν,
3489 4244 3615 4298 ἁλλὰ
3660 4251 3751 4298 καὶ
3782 4248 3908 4298 1rd»-

535 4336 733 4408 pulus,
767 4340 1222 4407 martyrumque
1254 4333 1503 4405 primus,
1537 4335 1888 4390 sententiam
1917 4342 2111 4393 nostra

2332 4361 2397 4392 ων
2428 4337 2659 4411 μάλιστα
2711 4342 3100 4408 συναγωνιστὴς
3152 4341 3241 4388 καὶ.
3294 4338 3622 4409 ύπίρμαχος.
3673 4335 3737 4386 Εἰ
3784 4332 3834 4387 δ’
3882 4336 3907 4385 ὁ

537 4425 708 4482 factis
728 4424 871 4497 ipsis
898 4429 1135 4480 secutus
1163 4428 1268 4488 est,
1295 4422 1439 4479 satis
1461 4423 1599 4479 hinc
1621 4430 1868 4497 apparet
1890 4426 1947 4481 in
1977 4427 2113 4483 eode

2335 4434 2515 4489 νήσιος
2554 4435 2644 4479 τού
2688 4432 2949 4479 Δεσπότου
3005 4428 3248 4499 μαθητὴς
3304 4432 3388 4476 καὶ
3433 4426 3709 4498 μαρτύρων
3769 4432 3911 4497 πρῶ-

2450 4514 2533 4527 ..-
2636 4518 2647 4527 .
2708 4513 2727 4527 .
2845 4512 2865 4527 ν
2940 4519 2957 4527 -
3166 4511 3223 4527 η
3278 4514 3301 4527 ν
3498 4512 3585 4527 ...
3735 4517 3744 4527 .
3862 4512 3872 4523 .

540 4514 804 4570 instituto
834 4513 1012 4569 fuisse
1051 4512 1423 4581 magistrum.
1465 4516 1544 4569 Ne
1570 4515 1696 4583 jam
1728 4531 2116 4573 commemora

2333 4539 2386 4579 ος
2439 4514 2594 4579 δόξαν
2626 4513 2749 4587 ἡμῖν
2787 4512 2889 4576 τοῖς
2934 4519 3107 4587 ἔργοις
3162 4511 3327 4576 ἔδειξε
3379 4512 3632 4585 μετελθὼν
3687 4517 3786 4570 τὴν
3813 4512 3909 4564 αύ-

540 4603 745 4658 verba:
769 4626 795 4653 ‹‹
816 4603 931 4658 Vos
952 4620 1017 4657 ex
1040 4608 1205 4674 patre
1225 4603 1444 4659 diaboli
1467 4603 1607 4658 estis
1619 4606 1665 4638 ³³
1692 4622 1704 4669 ;
1725 4628 1751 4653 ››
1769 4610 1823 4660 et
1844 4626 1866 4655 α
1885 4608 2116 4661 General

2327 4610 2415 4676 ὴν,
2450 4602 2605 4663 δῆλον
2629 4607 2707 4657 ὅτι
2746 4610 2835 4657 καὶ
2865 4609 2952 4656 τὸν
2984 4600 3309 4656 διδάσκαλον
3335 4620 3347 4633 ⁵
3384 4605 3467 4655 ἶνα
3493 4607 3565 4673 μὴ
3606 4608 3695 4653 νῦν
3733 4600 3863 4673 λέγω
3891 4620 3903 4632 ⁸

540 4706 729 4761 prava
758 4706 828 4746 ac
850 4691 1121 4746 adultera
1142 4694 1187 4727 ³⁸
1215 4709 1227 4755 ;
1254 4713 1280 4741 ››
1302 4698 1357 4747 et
1382 4698 1661 4749 sexcenta
1685 4694 1800 4749 alia
1826 4710 2110 4766 :quorum

2361 4695 2527 4767 Ὑμεῖς
2576 4694 2629 4745 ἐκ
2676 4702 2765 4747 τοῦ
2822 4697 3021 4766 πατρὸς
3072 4700 3162 4746 τοῦ
3223 4689 3469 4745 διαϐόλου
3521 4692 3638 4763 (18)
3668 4690 3786 4744 ἔστέ
3828 4709 3840 4720 ·
3877 4713 3905 4741 ι)

540 4795 709 4835 reum
740 4794 871 4833 esse
898 4778 1208 4849 judaicum
1242 4781 1579 4852 pepulum;
1611 4783 1908 4853 simulque
1954 4799 2116 4839 coror

2337 4789 2390 4837 αί
2429 4804 2442 4820 ο
2486 4803 2514 4833 ι(
2570 4786 2717 4836 Γενεὰ
2756 4785 2959 4855 πονηρὰ
3005 4787 3095 4834 καὶ
3141 4782 3392 4854 μοιχαλὶς
3441 4800 3453 4814 ·
3505 4804 3534 4831 ι(
3585 4786 3675 4832 καὶ
3744 4785 3908 4852 μυρία

542 4874 847 4924 auctorem
884 4867 1201 4922 Dominum
1234 4868 1293 4922 in
1326 4868 1530 4924 eodem
1565 4886 1765 4925 secum
1800 4887 1977 4941 opere
2016 4872 2114 4927 doi

2332 4873 2430 4925 ,λλα
2458 4874 2523 4923 ὧν
2566 4875 2621 4924 τό
2655 4868 2925 4925 Ἰουδαίων
2981 4874 3121 4933 ἔθνος
3172 4872 3471 4935 ὑπεύθυνον,
3524 4872 3590 4921 τὰ
3638 4869 3776 4921 αύτὰ
3817 4872 3908 4919 καὶ

542 4972 742 5028 naque
766 4960 1124 5020 versantem,
1151 4972 1256 5011 seu
1275 4957 1710 5027 praedicationis
1734 4960 2065 5016 sinceritate
2089 4979 2114 5015 s

2335 4962 2632 5034 ιλεσάμενον
2670 4967 2754 5013 καὶ
2810 4957 3103 5024 διδάξαντα
3133 4963 3220 5012 τόν
3262 4955 3651 5031 στεφανοδότην
3680 4966 3753 5027 τῷ
3783 4976 3908 5028 7w:-

543 5044 833 5101 fundendi
865 5044 1175 5114 sanguinis
1206 5044 1525 5114 alacritate,
1559 5048 1862 5105 evidenter
1891 5065 1961 5105 ac
2000 5050 2119 5121 sple

2335 5057 2402 5123 ’ίῳ
2460 5052 2693 5123 μάλιστα
2736 5058 2827 5102 τού
2877 5053 3229 5124 κηρύγματος,
3281 5054 3370 5101 καὶ
3422 5056 3494 5118 τῷ
3546 5045 3641 5099 διν
3688 5049 3911 5119 αἰματος

542 5135 681 5191 dide
702 5138 1023 5190 coronatus
1047 5138 1249 5191 noster
1270 5136 1529 5193 ostendit
1555 5154 1568 5191 :
1597 5138 1829 5195 etiamsi
1854 5139 2069 5196 deinde
2101 5140 2118 5194 t

2334 5143 2446 5211 ’όθῳ
2502 5140 2744 5213 λαμπρῶς
2799 5144 2887 5191 καὶ
2945 5138 3303 5211 ἀναμφιϐόλως
3344 5139 3370 5189 ό
3416 5142 3731 5209 στεφανίτης
3774 5154 3910 5209 παρ-

542 5225 635 5280 nis
676 5223 955 5296 precibus
994 5228 1172 5295 atque
1217 5224 1410 5290 venia,
1469 5230 1604 5296 post
1642 5232 1913 5284 oaeteram
1948 5244 2118 5286 omne

2340 5249 2497 5288 στησε
2542 5249 2554 5262 ·
2589 5228 2685 5281 κᾶν
2730 5229 2862 5301 εὐχῇ
2916 5233 3004 5280 καὶ
3046 5232 3329 5301 συγγνώμῃ
3369 5228 3500 5298 μετὰ
3548 5224 3916 5300 προκαταελη·

613 5324 656 5358 εί
686 5323 811 5378 Act.
844 5337 941 5390 vn,
975 5324 1062 5377 60.
1178 5324 1223 5357 ³³
1266 5323 1401 5388 Luc,
1434 5338 1597 5393 χχιιι,
1630 5328 1719 5380 34.
1835 5328 1880 5361 ³⁸
1906 5327 2072 5384 Joan.
2106 5343 2184 5383 vn

1434 5338 1597 5393 χχιιι,
1630 5328 1719 5380 34.
1835 5328 1880 5361 ³⁸
1906 5327 2072 5384 Joan.
2106 5343 2230 5397 vni,
2262 5331 2350 5383 44.
2466 5330 2512 5362 ³⁴
2543 5328 2747 5384 Matth.
2780 5342 2880 5391 xu,
2916 5326 3009 5380 39.

2109 5451 2345 5509 ΝΟΤίΕ.

640 5546 726 5615 17)
768 5544 905 5601 Cod.
944 5542 1410 5606 σκληοοκαοὸίους.

611 5547 725 5689 ἕιὸ)
767 5598 1133 5689 Vocabulum
1168 5598 1414 5670 δὶαεάλου
1448 5617 1570 5686 regi
1599 5632 1635 5689 ιι
1667 5623 1862 5689 πατρός
1895 5620 2187 5677 existima-

2340 5550 2572 5673 :sputat
2624 5549 2683 5604 in
2733 5548 2938 5630 ampli.
2989 5552 3203 5630 quaest.
3258 5549 3323 5602 88
3371 5546 3565 5628 (nunc.
3586 5544 3916 5628 2&1)_apud

2364 5620 2669 5689 'olhum,et
2691 5620 2977 5689 prolixius
2995 5634 3053 5675 in
3068 5623 3266 5689 quaest.
3292 5618 3359 5673 47
3376 5616 3605 5674 codicis
3626 5619 3914 5675 Vaticani.

647 5613 725 5688 t8)
767 5613 1414 5693 Vocabulumé‘iaﬁeiop
1448 5617 1570 5686 regi
1598 5632 1635 5693 _a
1667 5623 1862 5693 πατρὸς
1895 5620 2199 5693 existima-

2337 5613 2669 5691 lelium,et
2691 5613 2977 5691 prolixius
2995 5613 3053 5675 in
3068 5623 3266 5691 quaest.
3292 5618 3359 5673 47
3376 5613 3605 5674 codicis
3626 5613 3913 5675 Vaticani.

544 5687 677 5746 ront
727 5688 996 5746 nonnulli
1044 5692 1189 5745 teste
1240 5689 1461 5753 l’hotio,
1505 5687 1611 5761 qui
1658 5689 1731 5746 de
1773 5687 1945 5762 patre
1976 5692 2197 5749 diaboli
