3992 6182
175 279 220 332 Π

1201 273 1298 328 AD
1338 273 1896 330 AMPHILOCHIUM
1939 275 2268 342 QUIESTIO
2313 279 2356 333 Ι.

3391 279 3461 336 ’78

171 403 304 452 ἔξεσαν
341 403 500 450 πᾶσαν
543 396 694 456 ὓλην
745 401 998 472 προνοίας
1053 417 1106 454 τε
1171 403 1258 452 καὶ
1311 399 1698 471 φιλανθρωπίας

1811 417 1956 457 cura:
1984 417 2052 456 ac
2083 401 2406 457 dilectionis
2447 401 2802 460 exhaustam
2844 403 3156 470 rationem,
3193 405 3462 460 Servator

166 485 336 560 μέθοδον
364 489 386 539 6
415 491 584 559 Σωτὴρ
615 494 700 540 τοῦ
732 491 910 556 γένους
938 491 1058 549 τοὺς
1089 484 1184 542 διὰ
1224 497 1454 563 σταυρου
1483 490 1696 544 θάνατον

165 579 268 646 sitq-3
287 581 618 646 ἐπενεγκόντας
647 577 898 650 ἀνέφερεν,

212 667 290 738 κγ’.
317 664 458 720 Ἀλλὰ
475 673 636 720 ταῦτα
673 669 764 738 μὲν
789 669 917 728 ἴσως
950 672 1040 720 καὶ
1079 676 1169 728 τῆς
1200 669 1475 741 παρούσης
1499 675 1700 742 μακρο-

161 777 268 828 τερον
293 757 578 816 ὑποθέσεως
611 762 780 828 χωρὶς
816 761 992 828 μέντοι
1038 776 1098 828 γε
1142 765 1242 810 τῶν
1275 760 1694 829 προεκτεθέντων,

159 847 362 918 καὶπαρά
401 847 456 896 τὸ
503 840 680 898 διττόν
715 852 808 899 τοῦ
857 845 1100 918 ὀνόματος
1144 846 1459 920 συνταράξοι
1505 849 1566 898 ἄν
1621 866 1698 908 τις

159 939 200 986 τὸ
225 933 433 1006 βούλημα
461 941 552 995 τῆς
585 939 792 1006 Γραφῆς
835 934 932 988 οὐκ
977 933 1024 986 ἐν
1073 935 1286 1007 ὀλίγοις.
1331 935 1530 990 Λύτίκα
1563 957 1590 988 ι(
1637 937 1700 988 τὰ

157 1027 258 1076 κακά
294 1029 372 1078 καὶ
417 1023 508 1076 οὐκ
558 1025 703 1076 ἔστιν
765 1022 800 1076 ἃ
860 1028 932 1096 μὴ
989 1024 1158 1086 κτίζει
1217 1027 1406 1097 Κύριος
1441 1045 1452 1056 -
1498 1047 1526 1078 ι)
1583 1029 1695 1094 καὶ,

161 1138 174 1162 ε
201 1121 286 1166 Τῶν
326 1121 484 1166 κακῶν
527 1111 684 1166 πᾶλιν
724 1109 935 1176 οὐδενός
983 1112 1122 1168 ἔστιν
1174 1116 1362 1176 αἴτιος.
1391 1135 1422 1166 »
1457 1119 1556 1174 Καὶ
1590 1122 1698 1176 πῶς

155 1201 196 1252 ἰν
231 1200 582 1272 συμϐιϐασθείη
645 1209 830 1268 ταῦτα,
863 1201 908 1256 εἰ
961 1206 1032 1274 μὴ
1090 1205 1148 1256 τὸ
1189 1199 1368 1256 διττὸν
1407 1211 1496 1264 τῆς
1527 1209 1697 1275 φωνῆς

155 1291 424 1358 διαιτήσεις
463 1293 604 1344 κακὰ
653 1294 744 1362 μὲν
799 1291 1046 1363 λέγεσθαι
1101 1297 1296 1366 κυρίως
1351 1295 1415 1346 τὰ
1462 1290 1698 1365 ἁμαρτή-

151 1381 357 1452 ρετα.ὧν
405 1379 514 1434 ἐστι
571 1386 666 1432 καὶ
705 1384 764 1433 τὸ
817 1389 968 1436 Θείον
1023 1379 1272 1438 ἀναίτιον·
1323 1384 1460 1436 κακὰ
1509 1377 1568 1434 δε
1605 1385 1694 1432 καὶ

151 1477 196 1520 τά
219 1471 460 1530 λυποῦντα,
491 1469 652 1522 πάλιν
671 1475 761 1522 καὶ
789 1469 1078 1534 ἀϐούλητα,
1106 1475 1260 1532 νόσος
1289 1475 1378 1522 καὶ
1411 1474 1562 1524 πενία
1606 1474 1694 1522 καὶ

153 1562 390 1630 τραύματα,
425 1559 572 1630 ἀκρίς
597 1563 690 1610 καὶ
725 1557 960 1632 βροῦχος
997 1565 1085 1612 καὶ
1127 1559 1345 1634 ἐρυσίϐη
1386 1564 1474 1612 καὶ
1513 1563 1692 1630 κάμπη

151 1648 434 1718 xxi-Lalage,
467 1653 558 1700 καὶ.
589 1651 696 1702 ὅσοι
720 1647 852 1702 ἄλλα
879 1649 1126 1710 πολλάκις
1151 1651 1181 1707 ἡ
1211 1653 1452 1723 Πρόνοια,
1485 1652 1576 1710 τὰς
1597 1657 1696 1700 τῶν

1809 491 2040 560 generis
2068 496 2338 548 auctores
2367 490 2480 548 sibi
2515 507 2618 562 per
2649 509 2886 548 crucem
2919 495 3078 548 necis
3111 497 3460 564 prosecutus

1811 587 1912 636 est.

1877 671 1967 726 ‘23.
2028 672 2240 726 Verum
2295 670 2422 725 hch
2481 670 2728 726 fortasse
2783 669 3016 741 longius
3073 687 3109 728 a
3165 675 3458 742 praesente

1807 758 2112 830 proposito
2135 759 2376 814 abeunt.
2394 759 2714 830 thuidem
2744 765 2954 831 praeter
2967 760 3254 816 hactenus
3276 759 3456 828 dicta,

1807 847 2064 904 nominis
2085 863 2324 919 quoque
2355 847 2720 918 ambiguitas
2751 849 2913 904 haud
2939 864 3075 904 raro
3113 848 3240 904 ﬁeri
3273 853 3462 920 potest

1809 941 1870 992 ut
1898 937 2250 994 sententiam
2281 937 2614 994 conturbet.
2651 937 2856 1004 Veluti,
2888 960 2915 988 «
2947 941 3074 1002 Non
3115 945 3200 994 est
3231 938 3458 996 malum

1805 1026 1965 1098 quod
2007 1042 2124 1082 non
2169 1025 2344 1082 faciat
2377 1027 2662 1084 Dominus
2688 1029 2735 1064 ³³
2767 1046 2784 1098 ;
2831 1049 2854 1080 ι)
2888 1043 3232 1099 rursusque,
3268 1049 3290 1079 ί(
3327 1030 3460 1086 Nul-

1805 1115 1916 1172 lius
1947 1115 2090 1172 mali
2119 1120 2324 1172 auctor
2355 1115 2642 1172 Dominus
2672 1121 2762 1174 est
2787 1119 2854 1171 35.
2897 1137 2926 1168 ››
2961 1116 3276 1183 Quomodo
3305 1117 3455 1186 haec,

1806 1203 2078 1276 inquam,
2109 1210 2456 1274 congruent,
2485 1205 2596 1262 nisi
2628 1205 2982 1275 ambiguum
3015 1206 3298 1266 vocabuli
3327 1222 3456 1264 sen-

1805 1309 1938 1348 sum
1953 1293 2284 1362 distinguas
2297 1293 2324 1348 ?
2349 1293 2502 1350 Mala
2517 1294 2736 1350 scilicet
2751 1295 3040 1368 primario
3057 1311 3236 1352 sensu
3254 1296 3456 1354 dicun-

1805 1385 1898 1438 tur
1935 1387 2199 1454 peccata,
2237 1397 2496 1442 auorum
2539 1382 2692 1438 Deus
2731 1399 2913 1440 causa
2955 1399 3072 1440 non
3113 1387 3200 1440 est
3241 1401 3252 1439 :
3297 1383 3458 1440 mala

1803 1477 2090 1542 praetcrea
2106 1477 2242 1526 sunt
2269 1471 2366 1526 illa
2385 1487 2521 1544 quae
2551 1471 2822 1528 molestia
2846 1473 3131 1538 adiciunt,
3163 1472 3455 1546 nobisque

1803 1559 2000 1616 invitis
2039 1561 2336 1626 accidunt,
2382 1560 2638 1628 morbus,
2683 1569 3028 1633 paupertas,
3069 1562 3336 1628 vulnera,
3373 1562 3460 1618 lo-

1803 1655 1992 1714 custa,
2013 1649 2294 1714 bruchus,
2321 1649 2552 1720 rubigo,
2583 1667 2778 1716 eruca,
2805 1653 3050 1722 grando,
3079 1657 3136 1708 et
3163 1655 3458 1725 quotquot

153 1735 520 1806 τὶιςμμεὶούντων
589 1739 760 1812 ὁρμὰς
815 1736 1222 1802 ἀναστέλλουσα,
1273 1742 1362 1789 καὶ
1415 1746 1512 1790 τῶν
1549 1737 1693 1794 κηλί-

1811 1738 1916 1796 alia
1949 1755 2353 1812 saepenumero
2381 1739 2498 1796 reis
2527 1739 2768 1798 immitti
2795 1755 2832 1796 a
2855 1740 3056 1798 divina
3081 1741 3458 1812 providentia

151 1821 228 1876 εἴων
257 1824 696 1898 ἀποκαθαίρουσα,
754 1834 864 1888 τοῖς
909 1825 1108 1898 ἐνόχοις
1151 1825 1420 1899 ἐπαφιέναι
1474 1831 1564 1878 καὶ
1622 1826 1698 1882 λέ-

149 1934 260 1984 γεται
300 1920 382 1966 καὶ
417 1919 725 1970 πιστεύεται
757 1933 770 1946 ⁸
826 1917 885 1968 οὗ
915 1919 1216 1970 κακύνουσα
1251 1920 1310 1970 τὸ
1355 1915 1692 1991 ἀνθρώπινον,

149 2000 240 2058 οὗῶ
259 2008 368 2078 πρὸς
389 2009 446 2058 τὸ
487 2011 676 2080 χεῖρον
715 2009 774 2058 τὸ
819 2001 1206 2079 δημιούργημα
1237 2006 1690 2079 μεταπλάττουσα,

145 2101 196 2162 μή
243 2113 288 2146 τι
319 2101 526 2164 γενηται
559 2113 572 2125 ’
613 2093 900 2166 ἀπάγουσα
943 2091 1000 2148 δὲ
1049 2103 1148 2148 τῶν
1196 2101 1518 2150 κακυνοντων
1559 2095 1695 2167 μᾶλ-

145 2181 218 2240 ira,
255 2189 332 2234 καὶ
382 2192 442 2255 τῇ
497 2183 812 2255 καταλλήλῳ
869 2191 962 2238 τοῦ
1011 2193 1284 2247 νοσοῦντος
1343 2187 1586 2256 θεραπείᾳ
1639 2187 1696 2238 1'6

147 2271 428 2344 ὲρρωστηκος
455 2281 548 2334 τῆς
577 2279 796 2345 γνώμης
827 2277 957 2347 πρὸς
986 2277 1044 2328 τὸ
1092 2277 1300 2346 ἄμεινον
1341 2273 1694 2346 ἐπανάγουσα.

145 2365 333 2414 Τοιοῦτον
375 2361 432 2414 ἂν
482 2367 560 2420 εἴη
637 2368 728 2414 καὶ
777 2365 856 2432 τὸ,
926 2383 953 2414 ι(
1005 2360 1310 2436 Παρεδωκεν
1367 2363 1550 2424 αὐτοὺς
1605 2363 1698 2414 λα-

143 2454 292 2522 ’ρεὺειν
335 2461 394 2525 τῇ
457 2459 691 2527 στρατιᾷ
745 2460 839 2505 τοῦ
889 2453 1129 2528 οὐρανοῦ.
1185 2473 1208 2504 ν
1251 2483 1308 2494 -
1353 2473 1382 2506 ι(
1431 2458 1530 2508 Καὶ
1569 2471 1698 2524 παρ-

143 2537 288 2592 έδωκεν
313 2541 490 2602 αὐτοὺς
511 2541 584 2602 εἰς
617 2543 760 2600 πάθη
795 2540 1028 2614 ἀτιμίας·
1057 2563 1088 2596 »
1117 2573 1180 2581 —
1207 2561 1234 2594 ι(
1269 2547 1368 2596 Καὶ
1399 2538 1586 2596 ἔδωκεν
1610 2541 1698 2594 αυ-

145 2637 218 2688 τοῖς
243 2639 424 2702 πνεῦμα
445 2631 803 2698 κατανύξεως,
833 2631 1127 2703 ὀφθαλμοὺς
1165 2637 1256 2684 τοῦ
1288 2636 1360 2704 μή
1393 2629 1623 2704 βλέπειν.
1670 2651 1694 2682 ν

142 2723 220 2780 τῆς
249 2723 336 2790 γὰρ
361 2729 526 2791 φωνῆς
569 2723 634 2772 τὸ
667 2721 940 2792 ὁμώνυμον
983 2719 1269 2786 κάνταῦθα,
1299 2721 1357 2772 οὐ
1403 2723 1567 2791 τυχὸν
1609 2722 1698 2791 μὲν

145 2803 424 2882 impiam;
475 2809 548 2871 εἰς
606 2807 830 2862 ἀτοπίαν
887 2815 1159 2884 συστρέφει
1229 2813 1288 2862 1'6
1343 2813 1530 2881 νόημα.
1589 2816 1700 2872 Πῶς

141 2899 214 2966 γὰρ
247 2903 324 2950 καὶ
357 2903 478 2952 ποτε
498 2899 742 2970 ψυχικὸν
783 2899 930 2970 ὁμμα
967 2899 1149 2971 τυφλοῖ
1195 2900 1222 2952 ὁ
1261 2903 1386 2959 Θεὸς
1419 2915 1435 2964 ξ
1483 2905 1594 2960 πῶς
1640 2893 1700 2952 δὲ

141 2985 314 3037 πάθεσιν
357 2988 382 3038 6
429 2991 630 3040 τούτων
667 2989 980 3058 καθαιρέτης
1015 2991 1106 3040 καὶ
1159 2987 1370 3060 ἀσεϐείᾳ
1398 2991 1487 3040 καὶ
1529 2986 1694 3060 πλάνη

143 3069 470 3144 παραδίδωσις
501 3077 868 3150 Διακριθέντος
910 3073 969 3130 δὲ
1017 3085 1128 3136 τοῖς
1181 3081 1580 3149 σημαινομένοις
1607 3083 1698 3130 τοῦ
1737 3109 1776 3166 C

139 3159 348 3230 ῥήματος,
389 3169 590 3228 παντὸς
635 3167 664 3218 6
715 3165 866 3236 λόγος
911 3171 1233 3238 σοφίσματος
1279 3164 1578 3220 ἀπολύεται.
1625 3167 1698 3218 T6

141 3251 234 3319 γάρ,
271 3251 550 3326 παρέδωκε,
597 3259 848 3326 σημαίνει
898 3258 986 3326 μὲν
1034 3259 1124 3306 καὶ
1183 3257 1242 3307 1'6
1287 3253 1572 3328 ἐνεχείρισε
1613 3258 1701 3306 καὶ

141 3343 439 3412 παρέπεμψεν,
495 3347 526 3400 ἣ
593 3345 870 3400 συνωθησε
925 3348 1014 3396 καὶ
1059 3343 1318 3402 συνήλασε
1371 3361 1382 3374 ’
1455 3347 1700 3415 σημαίνει

141 3421 324 3482 δὀὐδεθ
361 3431 572 3486 ﬂat-:69
629 3437 722 3484 καὶ
769 3432 1000 3504 μάλιστά
1042 3451 1102 3502 γε
1149 3441 1220 3502 τῷ
1267 3431 1559 3504 βουλήματι
1609 3440 1700 3494 τῆς

143 3519 306 3586 Γραξῆς
347 3525 434 3572 καὶ
484 3525 544 3573 τὸ
593 3527 954 3594 συνεχώρησε,
987 3524 1254 3594 καθυφῆκε
1301 3525 1391 3574 καὶ
1433 3517 1696 3582 ἐνέδωκεν,

141 3609 248 3658 είασε
287 3611 524 3680 φέρεσθαι
573 3619 694 3671 ταῖς
739 3611 946 3682 ὁρμαῖς,
992 3609 1156 3682 ἀφῆκε
1204 3613 1262 3662 τὸ
1317 3613 1554 3664 ἑκούσιον
1607 3608 1696 3664 αὖε

139 3690 406 3749 redimens
437 3720 450 3732 ·
507 3699 630 3752 καθ’
679 3699 704 3750 6
749 3701 1125 3770 σημαινόμενον
1172 3698 1551 3770 ὑπειλημμένου
1607 3704 1696 3752 τοῦ

141 3779 410 3852 captiuam,
465 3785 622 3840 οὐδὲν
681 3795 780 3840 τῶν
835 3787 1142 3861 παραλόγων
1204 3787 1330 3849 ὅλως
1388 3789 1694 3858 ὑφίσταται.

141 3867 330 3940 Ἀῖέὶ-κει
383 3881 470 3946 μεν
498 3879 604 3946 γὰρ
661 3880 720 3929 1'6
769 3883 918 3928 Θεῖον
979 3881 1118 3948 νόμῳ
1170 3876 1556 3949 φίλανθρωπίας
1607 3879 1696 3932 καὶ

141 3966 342 4028 προνοίας
393 3973 490 4016 τῶν
533 3967 718 4018 παθῶν
756 3969 846 4018 καὶ
891 3965 1281 4039 ἁμαρτημάτων
1323 3969 1382 4018 τὸ
1435 3963 1698 4037 ἀνθρώπι-

139 4065 237 4096 m'
279 4048 478 4106 ἐπειδὰν
525 4050 590 4106 δὲ
643 4055 942 4126 μοχθηρίας
1001 4052 1256 4128 ὑπερϐολῇ
1309 4057 1368 4107 τὸ
1399 4052 1698 4108 ἀναστελλό-

141 4153 254 4204 nam
293 4149 376 4202 τῆς
415 4143 716 4212 εὐεργεσίας
754 4147 842 4194 καὶ
889 4145 1106 4217 χάριτος
1153 4143 1250 4195 οὐκ
1291 4142 1546 4214 ἀνέχοιτο,
1581 4139 1696 4194 οὐδ’

141 4223 268 4278 iiiis:
314 4237 378 4300 τῷ
417 4233 718 4302 μεθέλκοντι
757 4234 1050 4300 πείθεσθαι,
1091 4237 1208 4286 τότε
1255 4228 1346 4298 δὴ,
1378 4237 1492 4286 τότε
1544 4234 1695 4286 ὑπεν-

143 4309 304 4368 δίδωσι
351 4323 595 4393 φέρεσθαι
643 4329 706 4392 τῇ
751 4321 890 4394 ῥύμη
937 4325 994 4374 τό
1053 4319 1317 4386 ἀπειθοῦν,
1347 4326 1435 4372 καὶ
1479 4323 1696 4392 ἀφίησιν

145 4401 500 4477 insaniae“:
545 4418 620 4480 τῷ
658 4408 974 4482 βουλήματι,
1009 4411 1092 4462 ἶνα
1136 4415 1233 4482 μὴ,
1264 4409 1346 4464 ἐπὶ
1379 4409 1528 4464 πλέον
1571 4410 1695 4464 ἀνα-

145 4493 326 4546 στέλλων
349 4503 434 4549 καὶ
465 4497 830 4570 ἀναχαιτίζων
855 4507 950 4560 τῆς
978 4499 1164 4572 ῥοπῆς,
1208 4496 1336 4570 δοξη
1381 4495 1696 4574 διαφθείρειν

147 4587 188 4632 τό
233 4585 546 4648 αὐτεξούσιον
603 4607 616 4620 ο
675 4591 766 4640 καὶ
823 4589 852 4646 ἡ
925 4587 1194 4661 εὐεργεσία
1244 4592 1332 4640 καὶ
1385 4590 1414 4645 ἡ
1483 4593 1699 4662 πρόνοια

145 4678 226 4732 τοῖς
263 4671 516 4748 ἀγνωμοσι
567 4680 660 4729 καὶ
703 4675 1020 4749 ἀχαρίστοις
1082 4675 1150 4738 εἰς
1189 4675 1425 4748 ἔγκλημα
1469 4683 1700 4752 περιτρέ-

149 4777 264 4813 πῦιτθ
271 4784 282 4796 ⁸

204 4847 290 4904 κδ’.
323 4857 462 4906 Κατὰ
487 4863 645 4908 τοῦτο
683 4850 754 4912 δὴ
795 4857 854 4908 τό
895 4859 1269 4926 σημαινόμενον
1313 4857 1427 4918 ἔθος
1457 4855 1570 4912 ἐστὶ
1598 4877 1701 4910 πα-

153 4935 522 5010 ραλαμϐάνεσθαι
577 4951 688 5006 τοῖς
737 4945 886 5016 ἱεροῖς
927 4947 1074 5015 ἡμῶν
1117 4947 1400 5017 Γράμμασί
1436 4948 1496 5000 1'6
1539 4943 1702 5000 ἔδωκε

155 5031 222 5078 ui
253 5029 504 5102 παρέδωκε
556 5037 644 5084 καὶ
686 5035 732 5084 εἴ
767 5051 816 5084 τι
849 5041 1081 5084 τοιοῦτον
1124 5050 1134 5062 ·
1181 5034 1302 5106 ὅπερ
1347 5032 1536 5090 οὐδενα
1591 5044 1699 5108 μῶ-

157 5133 226 5180 μον
259 5115 368 5174 οὐδὲ
408 5120 572 5180 λαϐὴν
617 5129 680 5193 τῇ
715 5120 1072 5196 φιλανθρωπίᾳ
1113 5126 1204 5174 καὶ
1255 5119 1568 5198 δικαιοσύνῃ
1609 5132 1701 5178 τοῦ

157 5209 258 5256 ﬁeri
299 5207 402 5260 οὐδ’
451 5213 748 5276 ἡντιναοῦν,
800 5213 870 5272 ως
913 5215 1074 5262 πᾶσίν
1107 5209 1222 5263 ἐστι
1267 5217 1500 5288 φανερὸν,
1533 5233 1703 5289 προσ-

159 5291 288 5348 άπτει.
333 5299 476 5350 Οὕτω
527 5299 732 5370 Mysten
771 5299 1064 5372 σκληρῦναι
1121 5299 1275 5352 πάλιν
1328 5306 1422 5359 τὴν
1476 5299 1613 5376 καρδ
1621 5307 1702 5354 ίαν

161 5385 304 5452 Φαραώ
332 5404 342 5414 '
373 5387 472 5458 οὐχ
521 5391 602 5440 ὅτι
659 5387 820 5440 λαϐὼν
849 5391 1093 5441 εἴκουσαν
1141 5393 1231 5441 καὶ
1265 5392 1571 5462 πειθομένην
1617 5391 1706 5442 αὖ·

162 5477 230 5520 τοῦ
265 5483 358 5538 τοῖς
394 5479 818 5552 προστάγμασιν,
863 5477 929 5538 εἰς
983 5482 1044 5530 τὸ
1106 5477 1332 5552 σκληρὸν
1376 5485 1466 5531 ναὶ
1523 5479 1704 5554 ἀτέρα-

1727 4457 1772 4512 D

1805 1829 2088 1888 dicuntur
2111 1833 2291 1901 atque
2303 1829 2648 1894 creduntur,
2664 1830 2756 1886 vel
2777 1835 2839 1885 ut
2867 1833 3104 1886 ruentes
3125 1830 3204 1888 ad
3216 1835 3458 1902 peccata

1805 1917 2087 1974 mortales
2126 1917 2419 1988 cohibeat,
2467 1919 2554 1976 vel
2593 1927 2656 1976 ut
2693 1919 2853 1976 labes
2905 1919 3112 1978 abluat
3152 1935 3166 1976 :
3208 1919 3458 1976 minime

1804 2023 1944 2066 vero
1975 2007 2326 2078 utdepravet
2352 2009 2690 2066 humanum
2723 2023 2934 2080 genus,
2964 2024 3160 2082 neque
3199 2013 3264 2064 ut
3291 2009 3462 2082 pejo-

1803 2111 1929 2154 rem
1961 2096 2364 2154 conditionem
2395 2103 2681 2154 creaturae
2711 2113 2831 2154 sum
2861 2098 3039 2155 faciat
3065 2099 3218 2154 Deus
3251 2113 3266 2166 ;
3293 2098 3462 2170 quod

1808 2185 2002 2251 absit;
2032 2185 2152 2240 imo
2181 2185 2380 2256 potius
2414 2191 2478 2242 ut
2507 2202 2544 2242 a
2581 2187 2857 2242 vitiorum
2897 2187 3284 2244 irritamentis
3325 2186 3460 2243 abs-

1805 2274 2018 2340 trahat,
2055 2279 2234 2346 atque
2267 2278 2330 2331 ut
2349 2289 2618 2345 congrua
2647 2275 2976 2332 laborantis
3006 2291 3150 2332 cura
3167 2275 3460 2332 inﬁrmam

1808 2363 1992 2420 animi
2015 2369 2242 2436 partem
2270 2364 2350 2420 ad
2373 2363 2678 2422 meliorem
2703 2365 2936 2434 frugem
2965 2369 3218 2422 revocet.
3253 2366 3462 2438 Hujus-

1811 2453 1972 2510 modi
2009 2452 2114 2508 erit
2151 2454 2332 2510 etiam
2369 2453 2588 2511 locutio
2630 2471 2702 2509 ;ι‹
2735 2456 2805 2510 Et
2843 2453 3086 2511 tradidit
3121 2469 3223 2512 eos
3249 2455 3464 2511 servire

1809 2542 2030 2598 militias
2070 2542 2200 2598 caeli
2233 2543 2300 2595 ³⁷.
2337 2565 2365 2594 ››
2399 2573 2466 2584 -
2507 2565 2530 2594 ι
2567 2546 2630 2600 Et
2659 2543 2904 2600 tradidit
2929 2559 3036 2600 eos
3063 2543 3123 2600 in
3152 2544 3464 2616 passiones

1807 2631 2155 2700 ignominiaa
2185 2633 2254 2695 ³³,
2293 2654 2312 2682 ι
2341 2664 2406 2672 -
2441 2657 2468 2684 α
2498 2635 2563 2688 Et
2581 2632 2742 2690 dedit
2767 2633 2850 2688 eis
2873 2633 3144 2706 spiritum
3179 2647 3466 2704 compun-

1810 2720 2042 2782 ctionis,
2075 2720 2284 2777 oculos
2315 2737 2390 2776 ne
2429 2721 2674 2778 videant
2703 2723 2774 2775 ³9.
2814 2742 2841 2775 ››
2885 2725 3032 2780 Nam
3058 2721 3338 2778 vocabuli
3361 2721 3466 2777 ho-

1811 2809 2122 2881 monymia
2151 2809 2246 2868 hic
2276 2825 2542 2882 quoque,
2567 2811 2688 2868 nisi
2717 2811 3110 2878 discernatur,
3135 2811 3460 2868 absurdam

1809 2898 2162 2956 sententiam
2189 2897 2364 2971 parit.
2397 2899 2714 2965 Quomodo
2743 2901 2902 2956 enim
2935 2905 3040 2957 aut
3069 2899 3314 2972 quando
3339 2898 3468 2954 ani-

1811 3003 1926 3048 mai
1951 2987 2194 3048 oculum
2236 2992 2456 3046 enecat
2487 2991 2642 3044 Deus
2661 2989 2688 3044 ‘2
2717 2989 3018 3060 quomodo
3057 2987 3464 3058 passionibus,

1809 3077 1902 3134 ille
1927 3078 2032 3150 qui
2057 3077 2268 3134 barum
2297 3081 2580 3149 purgator
2603 3082 2714 3144 est,
2743 3083 2798 3134 et
2828 3077 3150 3148 impicatati
3177 3081 3356 3148 atque
3379 3091 3469 3132 er-

1808 3167 1928 3224 rori
1960 3165 2135 3224 tradit
2164 3168 2191 3222 7
2228 3167 2528 3224 Distinctis
2556 3171 2756 3224 autem
2796 3167 3072 3224 vocabuli
3101 3164 3462 3230 nationibus,

1809 3258 1974 3314 omni
2005 3257 2376 3314 cavillatione
2427 3257 2741 3329 expeditur
2779 3272 3002 3314 sermo.
3041 3260 3190 3312 Nam
3213 3255 3466 3311 verbum

1811 3347 2056 3404 tradidit
2097 3345 2393 3416 signiﬁcat
2434 3361 2623 3402 sane:
2667 3347 2874 3402 alienae
2901 3345 3176 3418 potestati
3215 3344 3462 3416 dedidit,

1809 3435 2154 3498 transmisit,
2183 3435 2476 3506 compulit
2501 3455 2514 3494 :
2541 3436 2954 3500 nihilominus,
2973 3436 3095 3490 imo
3119 3451 3259 3490 vero
3285 3435 3466 3508 potis-

1811 3527 1958 3582 sime
1999 3524 2336 3580 secundum
2367 3525 2672 3596 scriptura:
2714 3541 2984 3590 sensum,
3025 3525 3334 3592 concessit,
3375 3525 3464 3580 in-

1807 3615 2008 3682 dulsit,
2040 3613 2322 3685 permisit,
2361 3613 2498 3670 ferri
2539 3614 2675 3670 sivit
2713 3613 2940 3685 impetu
2979 3629 3107 3679 suo,
3149 3613 3462 3670 arbitrium

1808 3720 1933 3760 esse
1995 3701 2246 3760 liberum
2289 3718 2496 3773 passus
2536 3708 2624 3758 est
2663 3721 2676 3762 :
2717 3703 2888 3773 juxta
2925 3717 3112 3774 quam
3152 3702 3460 3758 notionem

1807 3792 1990 3854 verbo
2005 3791 2252 3848 tradidit
2273 3791 2590 3859 intellecto,
2609 3790 2776 3850 nulla
2797 3791 3144 3848 absurditas
3169 3791 3461 3862 sequitur.

1807 3883 2030 3942 Avocat
2059 3881 2220 3936 enim
2263 3883 2416 3940 Deus
2440 3879 2706 3950 ingenito
2745 3879 3028 3936 bonitatis
3053 3879 3464 3951 providentiae-

1805 3985 1924 4042 que
1957 3985 2081 4025 suae
2103 3984 2268 4026 more
2300 3986 2335 4024 a
2357 3969 2738 4040 passionibus
2759 3985 2828 4026 ac
2853 3968 3112 4040 peccatis
3137 3968 3412 4024 homines
3445 3985 3462 4024 :

1806 4061 2220 4122 verumtamen
2251 4056 2350 4118 ubi
2375 4057 2456 4123 hi,
2481 4062 2802 4128 superante
2841 4055 3087 4122 malitia,
3107 4057 3302 4112 frenos
3319 4072 3354 4112 a
3379 4057 3462 4112 di-

1807 4147 1945 4202 vina
1985 4145 2372 4204 beneﬁcentia
2419 4147 2730 4218 gratiaque
2769 4146 3018 4216 injectos
3057 4145 3458 4215 indignantur,

1807 4234 2138 4304 noluntque
2169 4233 2486 4292 retrahenti
2527 4249 2756 4292 morem
2795 4249 3018 4303 gerere,
3051 4239 3174 4290 tum
3215 4233 3462 4290 demum

1807 4324 1948 4380 sinit
1977 4339 2155 4380 cursu
2193 4339 2302 4380 suo
2341 4328 2726 4380 contumaces
2765 4323 2900 4378 ferri
2943 4341 2956 4390 ;
2998 4327 3178 4394 atque
3215 4321 3460 4377 arbitrio

1805 4412 2092 4472 abutendi
2143 4412 2380 4482 copiam
2427 4411 2569 4468 facit
2609 4430 2622 4468 :
2664 4427 2740 4466 ne
2777 4413 2824 4466 si
2863 4411 3012 4466 forte
3049 4409 3462 4466 vehementius

1806 4501 2094 4560 inhiberet
2133 4517 2204 4558 ac
2234 4502 2462 4558 sisteret
2499 4501 2986 4572 propensionem,
3020 4499 3212 4554 liberae
3251 4499 3459 4555 volun-

1805 4591 1942 4652 tatis
1981 4589 2322 4646 facultatem
2363 4589 2758 4661 pessumdare
2797 4589 3094 4644 videretur
3126 4606 3140 4645 :
3173 4593 3350 4660 atque
3381 4591 3461 4646 ita

1807 4678 2098 4736 beneﬁcia
2110 4678 2160 4750 ej
2173 4678 2382 4734 iisdem
2397 4678 2480 4732 vis
2502 4693 2572 4734 ac
2595 4677 2974 4748 providentia
2999 4677 3355 4734 vecordibus
3377 4682 3462 4734 at-

1805 4785 1922 4840 que
1965 4767 2216 4839 ingratis
2255 4767 2486 4823 crimini
2517 4773 2854 4824 verteretur.

1877 4859 1966 4914 24.
2011 4860 2128 4914 Hac
2175 4857 2352 4928 igitur
2384 4857 2613 4912 ratione
2653 4857 2845 4914 solent
2883 4857 3196 4930 Scripturaa
3244 4859 3462 4912 nostra:

1811 4946 2004 5004 verbis
2031 4947 2114 5002 uti
2140 4946 2300 5003 dedit
2333 4949 2384 5001 et
2417 4945 2670 5002 tradidit
2695 4950 2752 5002 et
2778 4947 2996 5002 horum
3029 4945 3326 5001 similibus
3353 4961 3364 5000 :
3399 4944 3462 5000 id

1808 5037 1974 5110 quod
2005 5036 2236 5092 nullum
2276 5035 2564 5107 probrum
2597 5036 2947 5108 nullamque
2985 5051 3194 5092 ansam
3237 5036 3463 5107 vitupe-

1809 5125 1986 5184 randi
2012 5126 2110 5182 Dei
2137 5125 2463 5182 bonitatem
2489 5130 2664 5197 atque
2700 5125 3010 5196 justitiam,
3035 5129 3100 5180 ut
3127 5125 3341 5196 cuique
3365 5141 3463 5180 ex-

1811 5215 2106 5283 ploratum
2136 5219 2244 5284 est,
2265 5216 2438 5286 parit.
2473 5215 2564 5271 Sic
2589 5231 2828 5270 rursum
2869 5215 3024 5270 Deus
3049 5214 3262 5270 dicitur
3290 5215 3462 5270 indu-

1811 5305 2034 5360 ravisse
2075 5319 2175 5360 cor
2205 5303 2534 5360 Pharaonis
2581 5305 2628 5339 ‘0
2669 5320 2682 5360 :
2727 5319 2844 5364 non
2905 5303 3062 5375 quod
3101 5302 3246 5358 illud
3287 5302 3462 5360 molle

1815 5393 2041 5464 pridem
2073 5393 2314 5464 suisque
2338 5393 2610 5462 jussibus
2633 5393 2840 5458 docile,
2867 5391 2942 5447 ad
2960 5392 3258 5458 duritiem,
3286 5391 3462 5464 perti-

1814 5482 2068 5546 naciam,
2100 5481 2665 5554 contumaciamque
2677 5481 3052 5548 converterit;
3079 5481 3182 5536 sed
3199 5481 3336 5553 quia
3359 5479 3463 5535 diu

215 5677 252 5708 ³⁵
276 5681 438 5736 Amos
463 5697 540 5748 ui,
575 5686 626 5738 6.
705 5683 748 5720 ³⁸
785 5682 908 5744 Jac.
951 5697 992 5748 ι,
1037 5683 1120 5740 t3.
1203 5685 1249 5720 ⁸⁷
1291 5685 1416 5742 Act.
1447 5701 1539 5752 vii,
1573 5689 1660 5744 42.

1827 5685 1988 5743 Rom.
2017 5703 2056 5754 ι,
2089 5686 2174 5742 26.
2256 5689 2302 5724 ³ο
2345 5689 2518 5746 Rom.
2555 5703 2630 5754 xu,
2671 5690 2722 5746 8.
2802 5688 2850 5722 ⁴ο
2891 5685 3071 5741 Exod.
3103 5701 3196 5746 vn,
3229 5687 3280 5738 3.
