4086 6190
440 251 509 304 79
1664 242 1899 295 l’llO'l'll
1945 240 2108 294 l-‘A'l'l‘

2220 240 2425 293 ΗιῖΗΑὲ
2466 238 2581 294 Cl‘.
3733 234 3804 287 80

437 373 582 429 data
610 386 795 443 opera
834 374 897 425 ut
936 386 1037 424 cor
1075 368 1222 423 illud
1261 367 1338 422 ab
1375 365 1781 421 inobcdieutia
1820 371 1875 420 et
1914 366 2096 420 refra-

2220 382 2325 415 ινον
2396 368 2485 415 καὶ
2544 361 2749 422 ἀπειθὲς
2801 361 3177 433 μετεπλάσατο⁹
3238 359 3343 411 ἀλλ’
3403 361 3483 411 ὅτι
3547 358 3803 430 μεθέλκων

439 461 622 518 ctario
654 459 862 532 spiritu
893 462 1219 526 revocaret,
1242 462 1565 528 postquam
1599 454 1910 525 Egyptium
1934 454 2096 510 nullo

438 550 622 607 modo
654 548 962 604 cedentem
1002 561 1194 618 neque
1237 546 1313 599 ad
1352 543 1749 599 obedientiam
1790 559 2094 597 reversum

441 638 626 695 sensit
652 637 775 693 imo
805 652 944 691 vero
986 652 1047 691 se
1080 640 1266 691 totum
1298 635 1356 689 in
1390 632 1689 688 contraria
1714 631 2095 703 repugnanti-

2203 458 2292 505 xui
2332 453 2631 504 ἀνακόπτων
2680 458 2773 513 τῆς
2818 450 3077 510 ἀπειθείας
3124 454 3211 501 καὶ
3240 458 3329 501 του
3358 449 3637 500 ἀντιτύπου
3681 466 3803 520 φρο-

2202 548 2451 615 νήματος,
2522 540 2724 613 ἐπείπερ
2794 536 3038 611 οὐδαμῶς
3101 539 3241 611 εὗρεν
3300 534 3650 590 ύπενὸιὸόντα
3710 542 3803 587 καὶ

2201 636 2331 707 πρὸς
2379 632 2540 684 πειθὼ
2588 632 2960 703 μεθιστάμενον
3018 631 3103 680 τόν
3158 628 3470 699 Αἰγύπτιον,
3521 624 3625 677 ἀλλ’
3685 626 3801 677 ὅλον

438 744 555 800 que
588 725 883 782 sententia
921 724 1342 780 oblirmantem
1387 741 1400 789 ;
1442 723 1595 777 Deus
1636 721 1736 792 qui
1779 736 2093 793 nunquam

437 816 601 874 liberi
641 816 761 870 vim
801 814 1024 871 arbitrii
1064 813 1245 878 laedit,
1281 812 1415 868 sivit
1464 828 1600 866 eum
1643 827 1753 866 sua
1791 810 2094 866 voluntate

439 907 575 963 ferri
599 905 703 978 qui
731 903 959 959 meliori
990 902 1236 959 consilio
1273 917 1497 956 morem
1531 915 1731 971 gerere
1759 898 2091 954 recusabat.

439 997 642 1066 Neque
670 993 780 1047 erit
804 991 1159 1057 absurdum,
1190 990 1380 1061 siquis
1407 990 1521 1045 hoc
1552 990 1680 1043 loco
1696 1004 1902 1043 vocem
1928 986 2097 1041 indu-

441 1083 595 1139 ravit
625 1082 709 1136 sic
740 1080 859 1135 fere
889 1078 1192 1148 intelligat,
1236 1083 1299 1134 ut
1328 1078 1548 1133 durum
1589 1076 1742 1146 regis
1782 1092 1884 1131 cor
1922 1081 2095 1147 atque

442 1170 820 1243 praetr-actum
850 1169 1004 1223 Deus
1049 1167 1217 1222 editis
1246 1166 1532 1239 prodigiis
1560 1165 1893 1221 evidentius
1933 1181 2097 1220 coar-

444 1258 651 1330 guerit,
681 1262 737 1312 et
762 1256 1205 1313 contumaciam
1230 1255 1355 1327 ejus
1376 1256 1549 1327 quasi
1574 1255 1876 1325 triumpho
1902 1259 2097 1310 osten-

444 1346 669 1410 taverit,
700 1345 1209 1417 desperatumque
1236 1350 1293 1399 et
1321 1343 1685 1399 intractabile
1726 1345 1939 1399 mentis
1977 1343 2099 1399 vul-

446 1450 574 1499 nus,
616 1435 889 1491 nondum
923 1433 1205 1489 omnibus
1244 1433 1386 1488 satis
1413 1432 1740 1502 cognitum,
1783 1432 2099 1488 manifesta

445 1523 573 1579 luce
612 1521 1013 1594 impertiverit.
1075 1521 1489 1590 Prodigiorum
1548 1536 1694 1577 sane
1743 1521 2099 1591 magnitudo

447 1628 586 1668 cum
627 1612 825 1666 omnis
863 1610 1294 1666 adhortationis
1352 1609 1767 1681 suasionisque
1814 1611 1963 1666 fines
2003 1625 2098 1665 ex-

2220 1609 2508 1670 οακλήσεως
2538 1612 2627 1660 καὶ
2668 1609 2875 1669 πειθοῦς
2918 1606 3125 1668 ἀπάσης
3170 1610 3294 1667 τούς
3342 1609 3532 1677 νόμους
3581 1612 3808 1667 νικῶσα,

448 1701 708 1767 cesserit,
725 1715 915 1771 neque
937 1704 1137 1755 tamen
1149 1699 1465 1756 Pharaonis
1486 1699 1759 1755 animum
1787 1714 2101 1771 expugna-

2220 1706 2297 1752 τοῦ
2357 1702 2542 1771 Φαραὼ
2602 1694 2662 1749 δὲ
2712 1704 2808 1757 τῆς
2862 1701 3071 1769 γνώμης
3128 1694 3490 1764 ἑλαττουμένη,
3550 1700 3653 1752 πῶς
3711 1690 3813 1743 οῦκ

2204 721 2382 773 ἑαυτὸν
2411 727 2660 773 ποιοῦντα
2689 726 2781 770 τοῦ
2826 716 3093 769 ἀντιθέτου
3127 722 3217 769 καὶ
3268 716 3380 768 ἀντι
3411 714 3511 787 [τε]
3542 717 3801 787 ταγμένου

2204 808 2552 882 βουλήματος,
2581 811 2605 860 6
2627 804 2879 880 μηδαμοῦ
2924 808 3141 879 φθείρων
3172 809 3229 857 τό
3261 804 3592 867 αὐτεξούσιον
3636 802 3807 875 ἀφῆκε

2202 906 2264 970 τῇ
2307 918 2482 970 γνωμῃ
2542 899 2784 970 φέρεσθαι
2832 900 2919 947 τόν
2950 895 3007 947 ού
3040 894 3363 967 βουληθέντα
3406 896 3686 952 πεισθῆναι
3735 902 3801 964 τῇ

2203 992 2477 1061 κρείττονι.
2520 989 2609 1042 Ιιίἶη
2663 982 2711 1037 δ’
2743 985 2802 1036 ἂν
2835 980 3039 1054 ἀπᾷδον
3095 980 3245 1035 ούόεν
3278 988 3365 1034 καὶ
3397 986 3439 1034 εἰ
3482 1002 3556 1042 τις
3582 981 3810 1033 ἐνταῦθα

2203 1080 2261 1127 τό
2311 1074 2619 1149 ἐσκλήρυνςν
2662 1073 2772 1125 ἀντὶ
2820 1082 2930 1139 τοῦ,
2986 1072 3212 1146 σκληρὰν
3276 1068 3437 1123 οὖσαν
3485 1076 3575 1122 καὶ
3620 1070 3809 1122 ἀπότο-

2204 1184 2298 1236 μον
2357 1163 2511 1225 αύτός
2582 1159 2675 1215 διὰ
2742 1170 2841 1213 τῶν
2899 1160 3269 1233 ἐπενεχθέντων
3328 1163 3552 1231 σημείων
3612 1158 3809 1230 μᾶλλον

2206 1251 2462 1324 ἐξήλεγξε,
2519 1256 2610 1303 καὶ
2666 1256 2759 1309 τὴν
2806 1249 3068 1303 ἀπείθειαν
3124 1248 3465 1322 ἐθριάμϐευσε
3534 1264 3547 1277 ⁶
3607 1252 3697 1299 καὶ
3743 1250 3808 1298 τὸ

2206 1350 2297 1401 τῆς
2357 1347 2566 1413 γνώμης
2618 1339 2906 1411 ἀμείλικτον
2957 1358 3012 1391 τε
3064 1343 3153 1390 καὶ
3210 1338 3438 1403 ἀνίατον,
3497 1340 3639 1388 ούπω
3693 1344 3810 1398 τοῖς

2206 1438 2366 1483 πᾶσιν
2415 1430 2544 1482 οὕτω
2597 1433 2857 1501 γνώριμον
2906 1448 2959 1481 τε
3016 1434 3105 1480 καὶ
3156 1426 3458 1503 περιϐόητον
3513 1433 3813 1500 περιφανῶς

2208 1518 2587 1577 έστηλίτευσεν.
2646 1518 2702 1570 Ἠ
2756 1520 2858 1592 γὰρ
2907 1526 3003 1569 νῶν
3054 1519 3328 1589 θαυμάτων
3373 1514 3643 1590 ὑπερϐολή,
3696 1534 3809 1565 πα-

452 1790 616 1855 verit,
658 1804 858 1844 nonne
897 1804 1201 1843 summam
1250 1794 1429 1859 atque
1470 1787 1867 1843 insanabilem
1907 1787 2105 1843 cordis

452 1880 585 1951 ejus
614 1877 893 1933 duritiam
934 1876 1418 1933 demonstravit?
1457 1878 1548 1933 Sic
1578 1893 1719 1946 ergo
1756 1877 2103 1941 locutiones,

458 1990 483 2017 ‹‹
513 1966 676 2022 Dedit
696 1969 845 2022 Deus
871 1966 955 2021 vel
980 1966 1221 2022 tradidit
1246 1966 1306 2021 in
1323 1966 1634 2037 passiones
1655 1966 1998 2036 ignominiae
2033 1983 2045 2019 :
2076 1985 2105 2016 »

2212 1786 2589 1859 ἀνυπέρϐλητον
2648 1786 2809 1837 αύτοῦ
2862 1790 2952 1836 καὶ
3018 1783 3361 1857 ἀθεράπευτον
3424 1787 3519 1840 τήν
3578 1781 3813 1853 σκληρο-

2212 1872 2436 1949 καρδίαν
2491 1880 2847 1950 παρίστησιν;
2894 1874 3045 1926 Ούτω
3102 1877 3190 1945 μεν
3216 1869 3303 1925 οὖν
3333 1876 3414 1937 τό,
3448 1891 3476 1921 (ι
3516 1867 3741 1923 Ἔδωκεν
3786 1869 3816 1919 ό

2215 1967 2356 2034 Θεὸς,
2401 1984 2428 2014 )›
2468 1970 2558 2015 καὶ
2609 1983 2636 2015 ‹(
2678 1960 2977 2038 παρέδωκεν
3037 1962 3107 2023 εἰς
3161 1964 3300 2019 πάθη
3359 1960 3588 2032 ἀτιμίας,
3624 1980 3646 2009 ι)
3698 1963 3820 2025 xui,

456 2057 736 2128 itemque,
782 2076 807 2105 «
851 2057 913 2109 Et
969 2055 1269 2109 induravit
1305 2070 1407 2110 cor
1459 2054 1808 2120 Pharaonis,
1855 2074 1885 2107 ›
1925 2070 2111 2127 quas-

457 2144 599 2199 libet
621 2143 935 2199 calumniaa
966 2142 1217 2198 insidias
1242 2147 1560 2215 astumque
1586 2144 1962 2199 frustrantur.

531 2235 619 2289 25.
653 2234 782 2288 Jam
834 2231 982 2304 quid
1006 2247 1162 2303 opus
1195 2236 1284 2287 est
1337 2247 1435 2287 me
1472 2237 1683 2287 caetera
1738 2233 2112 2304 homonyma

461 2322 738 2394 persequi
762 2322 790 2377 ?
821 2320 1117 2393 siquidem
1150 2320 1242 2375 vel
1262 2321 1391 2391 quis
1420 2320 1653 2391 syllaba
1680 2326 1886 2391 pl‘tBtel‘
1906 2321 2112 2377 distin-

463 2412 674 2466 ctionis
704 2410 861 2479 leges
900 2410 1115 2481 posita,
1159 2426 1280 2465 non
1318 2409 1679 2465 mediocrem
1718 2410 2113 2482 perturbatio-

463 2516 599 2556 nem
632 2498 1166 2570 confusionemque
1197 2498 1417 2567 ignaris
1448 2499 1665 2554 harum
1700 2499 1900 2569 legum
1929 2505 2107 2555 creat.

465 2589 601 2655 Quis
628 2588 806 2653 enim,
840 2589 910 2642 de
930 2604 1052 2659 qua
1074 2603 1233 2642 nunc
1255 2588 1508 2660 agimus,
1530 2589 1763 2659 syllaba
1784 2591 2110 2659 interroga-

465 2681 682 2734 tionem
714 2678 1023 2744 significat.
1047 2679 1197 2733 Tum
1230 2694 1367 2734 vero
1396 2696 1532 2733 cum
1563 2695 1634 2735 ea
1665 2696 1905 2751 quoque
1936 2696 2111 2749 nega-

465 2769 619 2824 tione
651 2768 1030 2833 construitur,
1054 2785 1186 2841 quaz
1215 2768 1303 2824 vel
1335 2769 1604 2841 apprime
1632 2770 1712 2824 illi
1738 2770 2105 2837 adversatur,

454 2873 591 2912 cum
618 2855 911 2912 vocabulo
952 2856 1171 2912 scilicet
1202 2873 1391 2913 nemo.
1428 2858 1588 2913 Alias
1616 2863 1813 2914 autem
1844 2858 2108 2915 indeﬁni-

2220 2855 2426 2907 ”Αλλοτε
2483 2852 2541 2907 δὲ
2579 2860 2637 2907 τό
2669 2853 2911 2925 ἀόριστον
2969 2859 3211 2925 σημαίνει
3243 2874 3255 2886 ·
3309 2853 3367 2906 ού
3400 2858 3502 2925 μὴν
3532 2850 3655 2906 οὐδε
3684 2856 3826 2907 θαυ-

438 2951 573 3002 .tam
605 2960 732 3001 rem
762 2945 1036 3001 ostendit.
1081 2946 1193 3001 Sed
1233 2962 1428 3018 neque
1466 2947 1877 3003 admirationis
1909 2952 2108 3019 stupo-

2220 2952 2431 3016 μασμοῦ
2487 2964 2577 2995 και
2633 2943 2996 3006 καταπλήξεως
3057 2943 3201 3005 τάξιν
3259 2942 3558 3014 ἀπαρνείται
3613 2959 3625 2973 ’
3687 2942 3830 2997 ἀλλὰ

450 3036 652 3108 risque
683 3034 801 3089 vim
828 3041 1083 3090 recusat.
1110 3035 1256 3100 Quin
1273 3036 1425 3092 adeo
1448 3036 1527 3093 ad
1542 3037 1845 3093 raritatem
1864 3053 2107 3110 quoque

2220 3037 2306 3085 xui
2362 3036 2491 3107 πρός
2535 3036 2593 3085 τὸ
2647 3034 2862 3085 σπάνιον
2919 3033 3248 3105 ύποφέρεται,
3282 3031 3585 3104 ἐπιτίμησιν
3629 3029 3689 3085 δε
3720 3037 3830 3087 πά-

448 3124 835 3180 indicandam
855 3123 1191 3193 adhibetur,
1218 3141 1325 3181 nec
1351 3142 1469 3181 non
1490 3125 1567 3181 ad
1584 3126 2103 3197 objurgationem;

2220 3122 2293 3174 λιν
2326 3123 2433 3175 ἔσθ’
2482 3125 2564 3175 ὅτε
2617 3126 2707 3173 καὶ
2756 3120 3059 3193 ἀμηχανίαν
3103 3126 3188 3172 xui
3224 3117 3541 3195 διαπόρησιν
3569 3138 3582 3152 ⁶
3627 3124 3707 3175 ὅτι
3760 3120 3831 3176 δὲ

448 3214 747 3269 interdum
778 3228 1011 3285 quoque
1040 3215 1118 3269 ad
1160 3215 1609 3286 perplexitatem
1650 3221 1829 3288 atque
1870 3216 2108 3272 dubita-

2220 3215 2307 3263 xui
2378 3207 2801 3283 προσδιορισμός
2860 3218 2963 3270 τοῖς
3032 3209 3375 3281 φιλοσοφοῦσι
3428 3211 3827 3283 καθωμίληται,

451 3301 695 3356 tionem.
733 3301 993 3372 Denique
1025 3302 1165 3373 quia
1204 3304 1490 3358 restrictio
1533 3305 1820 3360 modestis
1847 3306 2108 3360 homini-

2220 3297 2342 3352 ούδε
2395 3306 2488 3358 τήν
2532 3299 2778 3352 εύτέλειαν
2835 3298 2957 3351 οὐδὲ
3003 3306 3223 3351 τοιαῦτα
3274 3301 3419 3365 ἕτερα
3469 3304 3824 3373 παρατρέχει.

451 3390 567 3445 bus
593 3389 905 3445 familiaris
944 3396 1049 3455 est,
1095 3406 1169 3444 ne
1198 3391 1592 3447 humilitatem
1627 3394 1873 3465 quidem
1912 3410 2107 3466 neque

453 3478 573 3534 alia
600 3478 819 3533 similia
840 3494 960 3534 non
989 3480 1306 3548 signiﬁcat.
1335 3481 1530 3536 Plenas
1572 3482 1983 3551 exemplorum
2015 3500 2110 3539 sa-

456 3584 569 3624 crae
612 3568 833 3624 Litterae
868 3574 1007 3623 sunt
1046 3587 1058 3624 :
1102 3584 1253 3640 quas
1293 3570 1774 3629 circumstantias
1812 3573 1926 3629 nisi
1974 3574 2110 3645 quis

456 3657 776 3719 discernat,
817 3662 874 3713 et
914 3673 1091 3713 suum
1130 3659 1343 3730 cuique
1396 3660 1524 3714 voci
1562 3660 1823 3716 ofﬁcium
1866 3662 2106 3727 tribuat,

459 3744 607 3802 nihil
657 3746 858 3802 attinet
914 3746 1129 3812 dicere,
1192 3748 1437 3820 quantis
1496 3750 1795 3805 erroribus
1848 3757 2109 3808 mentem

461 3851 635 3891 suam
668 3835 906 3891 inficiet.
945 3841 1129 3907 Atque
1159 3837 1218 3891 id
1244 3838 1373 3908 ipsa
1394 3836 1756 3895 locutionum
1786 3841 2112 3913 prolatione

462 3924 846 3996 perspicuum
877 3923 997 3979 ﬁet.
1043 3926 1307 3998 Exempli
1348 3928 1536 3995 gratia
1579 3944 1591 3983 :
1637 3949 1663 3980 «
1698 3930 1839 3995 Quis
1882 3935 1970 3985 est
2008 3931 2113 3987 iste

463 4011 931 4081 rexgloriaa“?»
962 4016 1023 4069 Et
1051 4030 1062 4069 :
1088 4036 1113 4063 ι(
1148 4015 1293 4080 Quis
1320 4021 1404 4071 est
1437 4021 1517 4083 tu,
1549 4023 1612 4073 ut
1638 4020 2115 4089 respondeamus

466 4101 561 4157 his
587 4100 724 4173 quis
752 4116 863 4157 nos
885 4103 1175 4159 miserunt
1201 4105 1248 4139 ⁴²
1272 4104 1299 4157 ?
1332 4125 1359 4155 »
1384 4108 1440 4160 et
1468 4111 1762 4178 quotquot
1784 4107 1999 4162 similia
2028 4107 2117 4163 vel

2218 2072 2245 2103 (ι
2274 2052 2587 2127 Ἐσκλήρυνε
2610 2057 2704 2111 τήν
2734 2049 2957 2124 καρδίαν
2975 2056 3180 2126 Φαραὼ,
3216 2072 3244 2103 ››
3267 2056 3439 2102 πᾶσαν
3466 2052 3821 2119 συκοφαντίας

2218 2141 2449 2213 ἐκφεύγει
2478 2138 2801 2216 περιδρομὴν
2827 2145 2916 2193 καὶ
2949 2138 3240 2198 δεινότητα.

2289 2230 2374 2285 κε’.
2400 2235 2464 2283 Τί
2521 2227 2579 2282 δε
2608 2233 2672 2282 τὰ
2697 2230 2827 2282 ἄλλοι
2868 2250 2931 2302 με
2984 2227 3065 2282 δεῖ
3112 2237 3212 2281 τῶν
3265 2230 3545 2300 ὁμωνύμων
3591 2225 3822 2297 ἐπέρχε-

2222 2322 2342 2372 σθαι
2372 2337 2384 2385 ;
2418 2322 2546 2373 ὅπου
2572 2340 2630 2391 γε
2655 2324 2744 2372 καὶ
2797 2322 2827 2377 ἠ
2873 2324 2953 2381 τίς
3003 2318 3254 2383 συλλαϐή,
3286 2320 3405 2379 τούς
3453 2324 3546 2377 τῆς
3593 2313 3821 2367 διαστο·

2218 2410 2310 2473 λῆς
2352 2410 2677 2463 λανθάνουσα
2733 2414 2938 2481 νόμους,
2987 2408 3046 2461 ού
3098 2413 3191 2467 τήν
3234 2415 3505 2479 τυχοῦσαν
3539 2409 3821 2477 σύγχυσιν

2218 2505 2306 2552 xui
2334 2504 2577 2571 ταραχὴν
2616 2506 2721 2559 τοῖς
2774 2495 2939 2571 μηδὲν
2991 2500 3184 2549 τούτων
3244 2496 3659 2549 ἐπικοινωνοῦσιν
3704 2494 3821 2545 εἰσ-

2218 2590 2350 2659 άγει.
2383 2590 2483 2640 Kui
2513 2590 2613 2660 γὰρ
2644 2584 2915 2659 δηλοῖμεν
2946 2586 3072 2638 αύτό
3110 2594 3261 2638 τοῦτο
3303 2591 3393 2637 καὶ
3430 2589 3485 2637 τό
3518 2583 3611 2635 ἀνά
3649 2591 3821 2656 χεῖρα

2217 2682 2310 2735 τήν
2356 2676 2644 2749 ἐρώτησιν⁶
2698 2678 3080 2748 συμφθέγγεται
3126 2672 3183 2727 δὲ
3234 2681 3321 2727 καὶ
3370 2683 3467 2727 τῶν
3506 2672 3821 2745 ἀποφάσεων

2220 2769 2336 2826 ήτις
2410 2766 2550 2836 αύτῷ
2617 2768 2849 2837 μάλιστα
2919 2762 3264 2836 ὃιαμάχεται,
3320 2772 3381 2835 τῇ
3439 2761 3613 2825 οὐδεὶς
3673 2765 3819 2834 (19).

2218 2855 2426 2907 ’Ἃλλοτε
2483 2852 2541 2907 δὲ
2579 2860 2637 2907 τό
2669 2853 2911 2928 ἀόριστον
2969 2859 3211 2926 σημαίνει
3243 2874 3255 2886 ·

2223 3395 2322 3443 Καὶ
2367 3398 2466 3441 τῶν
2523 3384 2965 3462 παραδειγμάτων
3014 3391 3079 3441 τά
3134 3391 3245 3459 ἱερά
3290 3393 3434 3461 γέμει
3494 3392 3819 3463 Γράμματοι’

2220 3479 2348 3550 οἷπερ
2399 3480 2443 3529 εἴ
2492 3497 2571 3538 τις
2626 3482 2696 3549 μή
2732 3476 3093 3550 φιλοκρινήση,
3129 3474 3260 3548 μηδ’
3288 3477 3487 3548 ἑκάστῳ
3527 3487 3621 3540 τῆς
3651 3484 3831 3550 φωνῆς

2220 3570 2278 3617 τό
2321 3574 2586 3638 προσῆκον
2640 3566 2908 3638 ἀπονέμοι,
2940 3563 3063 3618 ούδέ
3104 3566 3259 3638 λόγου
3309 3564 3411 3633 δεῖ,
3440 3566 3634 3628 πλάνης
3686 3570 3831 3630 ὅσης

2222 3659 2343 3717 τοὺς
2386 3654 2569 3708 ἑαυτοῦ
2597 3655 2881 3729 λογισμούς
2926 3654 3232 3713 ἀναπλήσει.
3296 3660 3395 3708 Καὶ
3448 3663 3598 3708 τοῦτο
3650 3660 3830 3709 κατοί-

2226 3740 2384 3802 δηλον
2438 3743 2526 3795 ἀπ’
2576 3745 2734 3804 αύτῆς
2787 3764 2847 3816 γε
2894 3753 2986 3806 τῆς
3026 3752 3125 3795 τῶν
3155 3746 3403 3819 ῥημάτων
3443 3747 3778 3819 παραθέσεως
3814 3764 3827 3776 ·

2227 3833 2417 3885 αὐτίκα
2453 3837 2531 3903 τό,
2567 3856 2593 3884 ‹‹
2628 3838 2717 3895 Τίς
2748 3832 2885 3886 ἐστιν
2916 3834 3065 3893 οὗτος
3091 3835 3115 3884 ό
3149 3832 3393 3906 βασιλεὺς
3423 3843 3517 3895 τῆς
3544 3830 3705 3897 δόξῆς
3732 3852 3746 3901 ;
3802 3858 3834 3889 ››

2228 3926 2424 3988 καὶτὸ,
2460 3942 2487 3973 (ί
2532 3927 2618 3983 Τίς
2658 3923 2706 3974 εἶ
2752 3926 2838 3980 σύ.
2873 3925 2952 3973 ἱνα
3002 3920 3281 3995 ἀπόκρισιν
3322 3919 3493 3996 δῶμεν
3550 3932 3654 3983 τοῖς
3695 3930 3839 3995 πέμ-

2230 4012 2392 4083 ψασιν
2423 4012 2563 4083 ἡμᾶς
2595 4027 2608 4076 ;
2652 4034 2672 4060 ι
2707 4016 2797 4062 καὶ
2826 4013 2927 4063 ὅσα
2956 4020 3173 4065 τοιαῦτα
3204 4010 3459 4086 ἐρωτησίν
3492 4013 3607 4084 (20)
3636 4032 3691 4065 τε
3731 4010 3841 4072 δη-

2229 4100 2381 4152 λοῦσι
2432 4104 2519 4152 καὶ
2565 4096 2812 4171 οὐδεμίαν
2864 4098 3084 4171 ἀπορίαν
3132 4109 3386 4153 κινοῦσιν.
3416 4101 3479 4154 ψί
3528 4098 3586 4154 δὲ
3619 4121 3693 4161 τις
3734 4099 3843 4155 διά

469 4191 990 4259 interrogationem
1011 4192 1369 4261 signiﬁcant,
1389 4194 1477 4248 vel
1493 4195 1719 4251 nullam
1734 4195 2118 4267 quaestionem

470 4280 873 4331 commovent.
915 4276 1084 4341 Quod
1124 4277 1171 4331 si
1213 4278 1346 4350 quis
1385 4284 1628 4350 propter
1653 4280 1927 4336 vocabuli
1960 4282 2120 4337 simi-

470 4362 805 4428 litudinem,
822 4363 1151 4420 locutiones
1172 4381 1448 4437 quoque:
1474 4388 1493 4415 ι
1518 4367 1661 4432 Quis
1676 4368 1843 4423 novit
1860 4375 2120 4425 mentem

474 4451 706 4508 Domini
734 4452 761 4507 ?
791 4456 895 4509 aut
923 4453 1058 4524 quis
1098 4453 1471 4511 consiliarius
1510 4455 1639 4526 ejus
1669 4455 1774 4511 fuit
1811 4458 1857 4492 ”
1897 4459 1925 4514 ?
1955 4479 1984 4509 »
2017 4464 2073 4515 et
2104 4481 2117 4515 :

475 4559 504 4590 α
546 4540 687 4604 Quis
720 4546 855 4596 ante
885 4540 1050 4596 dedit
1086 4540 1168 4596 illi
1209 4547 1271 4598 ut
1308 4542 1361 4598 ei
1392 4544 1751 4600 retribuatur
1790 4546 1835 4580 “
1874 4546 1902 4600 τί
1942 4568 1970 4597 ››
2012 4552 2071 4603 et
2105 4563 2119 4605 :

473 4644 506 4682 «
535 4627 677 4692 Quis
708 4632 794 4684 est
814 4629 996 4685 homo
1017 4631 1120 4702 qui
1143 4632 1299 4697 vivit,
1323 4648 1433 4687 nec
1456 4637 1708 4689 mortem
1731 4634 1951 4692 videbit
1979 4638 2025 4671 ⁸⁵
2042 4638 2068 4692 ?
2091 4657 2119 4689 »

474 4714 524 4770 si
565 4715 721 4787 quis,
765 4716 1014 4789 inquam
1054 4719 1162 4774 has
1209 4720 1536 4776 locutiones
1574 4727 1812 4795 propter
1846 4724 2120 4781 eamdem

480 4804 747 4859 vocabuli
782 4804 1061 4871 formam,
1086 4807 1165 4863 ad
1186 4808 1461 4864 eamdem
1483 4811 1789 4867 notionem
1826 4814 1878 4867 vi
1901 4824 2122 4884 pertra-

473 4892 595 4957 het,
627 4892 834 4964 procul
855 4894 1188 4951 admodum
1211 4914 1247 4952 a
1276 4897 1519 4954 veritate
1546 4900 1864 4955 aberrabit.
1898 4902 2121 4975 Quippe

472 4981 566 5036 lltB
595 4997 734 5037 cum
765 4984 1025 5053 negandi
1065 4985 1177 5041 vim
1208 4986 1491 5057 habeant,
1522 4990 1925 5059 interrogandi
1954 4993 2122 5048 ratio-

472 5086 609 5127 nem
632 5088 754 5128 non
774 5072 1087 5145 recipiunt.
1113 5078 1296 5133 Nemo
1309 5079 1468 5134 enim
1486 5078 1579 5134 vel
1597 5084 1857 5135 mentem
1887 5081 2121 5137 Domini

537 5278 579 5313 ⁴¹
623 5276 773 5333 Psal.
814 5294 975 5344 χχιιι,
1017 5280 1069 5335 8.
1148 5284 1196 5317 ⁴²
1236 5282 1408 5339 Joan.
1451 5300 1488 5348 ι,
1531 5286 1619 5339 22.

1700 5286 1743 5319 ⁵³
1788 5288 1947 5342 Rom.
1989 5302 2071 5354 χι,
2112 5288 2204 5343 34.

2233 4194 2325 4247 τήν
2375 4197 2467 4250 τῆς
2508 4196 2677 4261 φωνῆς
2720 4190 3020 4260 ὁμοιότητα,
3076 4193 3164 4240 καὶ
3214 4192 3291 4254 τὸ,
3326 4212 3345 4238 ι
3396 4194 3481 4250 Τίς
3539 4194 3664 4261 ἔγνω
3711 4200 3843 4243 νοῦν

2237 4283 2465 4351 Κυρίου;
2497 4278 2525 4336 ἡ
2569 4283 2644 4337 τίς
2677 4277 2965 4350 σύμϐουλος
3009 4278 3168 4329 αὐτοῦ
3200 4277 3395 4349 ἐγένετο
3425 4295 3438 4345 ;
3474 4300 3500 4329 )›
3540 4283 3650 4342 xui,
3683 4302 3710 4329 (ι
3737 4286 3847 4344 Τίς

2234 4364 2524 4442 προέδωκεν
2564 4367 2705 4437 αύτῷ
2756 4373 2845 4419 xui
2894 4363 3380 4425 ἀνταποδοθήσεται
3410 4368 3592 4438 αύτῷ;
3640 4390 3660 4417 ι
3714 4377 3839 4439 καὶ,

2236 4478 2263 4507 ‹‹
2316 4461 2402 4516 Τίς
2449 4454 2587 4508 ἐστιν
2635 4457 2903 4530 ἄνθρωπος
2954 4458 3008 4518 ὅς
3066 4458 3306 4525 ζήσεται,
3360 4462 3449 4509 καὶ
3497 4456 3591 4508 ούκ
3642 4457 3843 4527 ὄψεται

2235 4548 2482 4613 θάνατον;
2518 4566 2546 4597 ›)
2581 4548 2623 4598 εἰ
2664 4565 2743 4607 τις
2769 4541 2855 4596 οὖν
2906 4550 2995 4598 xui
3026 4553 3191 4597 ταῦτα
3221 4542 3315 4597 διὰ
3356 4550 3442 4598 τόν
3478 4548 3633 4599 αύτὸν
3662 4550 3839 4601 τύπον

2231 4644 2326 4697 τῆς
2356 4643 2519 4707 φωνῆς
2570 4639 2700 4707 πρός
2733 4640 2824 4693 τήν
2854 4635 3016 4694 αὐτὴν
3066 4632 3300 4687 διάνοιαν
3349 4634 3666 4707 ἐκϐιάσοιτο,
3693 4638 3838 4691 πολύ

2232 4724 2291 4776 ἂν
2335 4732 2425 4785 τῆς
2479 4724 2724 4786 ἀληθείας
2776 4722 3097 4796 ἀποσφαλείη
3150 4742 3162 4753 '
3217 4732 3383 4777 ταῦτα
3432 4728 3554 4797 γὰρ,
3587 4731 3679 4784 τήν
3733 4736 3841 4790 τῆς

2232 4813 2535 4886 ἀποφάσεως
2584 4816 2839 4885 ἐπέχοντα
2904 4810 3148 4885 δύναμιν,
3215 4818 3306 4871 τήν
3368 4822 3460 4875 τῆς
3521 4815 3838 4887 ἐρωτήσεως

2231 4903 2323 4955 ούκ
2374 4899 2690 4955 ἀναδεῶεται
2749 4903 2911 4965 τάξιν,
2979 4899 3169 4963 Οὐδεὶς
3212 4904 3313 4974 γὰρ
3356 4906 3472 4956 οὔτε
3523 4912 3637 4956 νοῦν
3697 4907 3841 4976 ἔγνω

2234 4996 2446 5063 Κυρίου,
2489 4996 2605 5044 οὔτε
2647 4991 2938 5063 σύμϐουλος
2985 4991 3145 5043 αὑτοῦ
3192 4997 3394 5063 γέγονεν
3430 5009 3443 5022 ·
3486 4992 3545 5045 ού
3584 4998 3687 5065 μήν
3720 4994 3843 5047 ἀλλ’

2230 5078 2346 5134 οὐδ’
2378 5085 2518 5134 ἔστιν
2558 5083 2823 5145 ἄνθρωπος
2875 5084 2931 5142 ὃς
2989 5082 3221 5152 ζήσεται,
3255 5087 3344 5134 καὶ
3392 5082 3485 5135 ούκ
3525 5082 3712 5153 ὄψεται
3745 5085 3843 5135 θοί-

2282 5287 2329 5321 “
2369 5285 2539 5355 ibid.,
2580 5289 2668 5342 35.
2748 5288 2794 5321 ‘5
2837 5285 2985 5343 Psal.
3029 5299 3306 5355 Lxxxvni,
3347 5289 3437 5345 49.

2019 5465 2240 5521 NOTAE.

521 5634 637 5706 (I9)
676 5637 897 5711 Nempe
936 5635 1111 5699 οὐδεὶς
1165 5660 1267 5711 τις,
1311 5638 1513 5696 Latine
1564 5655 1725 5697 nemo
1774 5642 2102 5714 quisquam.

2289 5644 2401 5717 (20)
2429 5644 2571 5702 Cod.
2606 5645 2906 5723 ἀπόκρισιν,
2938 5648 3390 5719 responsionem.
