3992 6182
185 316 228 368 81
1221 311 1317 365 ΑΟ
1357 310 1715 368 AMPHILOC

1828 310 1906 366 lM
1948 311 2270 380 QUIESTIO
2311 313 2352 366 ι.
3395 315 3470 366 82

186 457 296 489 ναῖον
321 455 334 468 ’
367 433 472 487 οὐδ’
517 435 664 510 ἑτέρῳ
717 432 778 488 6":

181 547 308 598 ρεται,
343 526 382 577 εἰ
407 531 488 577 καὶ
515 533 572 596 τῇ
609 519 832 597 προὸὃῳ.
853 533 948 577 τού
989 525 1222 599 ῥήματος
1264 525 1322 576 οὗ
1357 521 1668 582 διήλλακται
1695 539 1708 554 ⁶

181 614 273 668 ςάιι
309 619 376 678 τὸ,
428 635 454 662 (τ
481 614 780 686 ’Ἄνθρωπός
829 635 912 676 τις
958 613 1254 668 κατέϐαινεν
1304 614 1404 667 ἀπὸ
1450 615 1710 690 Ἰερουσα-

177 707 256 776 ii}:
283 703 413 777 [cur].
458 702 712 776 Ἰσραήλ]
753 704 822 764 εἰς
847 705 1054 778 Ἱεριχώ
1095 719 1108 732 ⁸
1145 723 1174 756 ii
1213 708 1273 757 τὸ
1316 707 1417 780 γὰρ
1468 703 1712 776 ἀόριστον

177 797 198 850 i;
223 799 334 864 φωνή
363 797 462 844 νυνί
495 798 732 864 σημαίνει
773 802 872 845 τῶν
903 794 1068 846 ἄλλων
1099 792 1458 852 ἀποστήσασα
1489 813 1502 825 ·
1537 795 1710 867 ὥσπερ

175 889 240 934 ιιπί
263 885 330 944 τό,
353 901 379 933 ιι
409 881 520 934 Εἰσί
549 901 680 944 τινες
717 891 820 934 τῶν
850 879 955 936 ὦδε
983 882 1294 950 ἑστηκότων,
1327 884 1511 943 οἵτινες
1539 887 1598 934 οὐ
1638 887 1710 954 μή

173 975 406 1040 γεύσωνται
451 973 664 1023 θανάτου
703 973 800 1033 ἕως
846 971 908 1024 ἆν
945 969 1106 1025 ἴδωσι
1158 977 1252 1030 τήν
1304 971 1578 1045 βασιλείαν
1621 979 1713 1024 τοῦ

174 1067 290 1124 Θεοῦ,
332 1083 350 1108 i
393 1065 480 1118 τήν
523 1069 614 1112 τοῦ
659 1058 1088 1136 προσδιορισμοῡ
1130 1066 1315 1137 χρείαν
1363 1059 1712 1133 ἀναπληροῦν.

173 1149 308 1222 Ἀριεί
337 1153 428 1222 γαρ
467 1155 554 1202 καὶ
601 1155 778 1223 μνήμη
813 1155 967 1222 μόνον
1007 1150 1114 1211 ἐνὸς
1151 1147 1578 1226 παραδείγματος
1621 1153 1714 1207 τήν

167 1245 326 1308 χρῆσιν
363 1234 609 1301 ἐπιδείξαι
647 1247 740 1300 τῆς
769 1249 906 1312 φωνῆ
922 1259 958 1309 ς,
992 1241 1058 1300 ὡς
1087 1237 1260 1292 οὐδενὶ
1293 1247 1392 1291 τῶν
1421 1257 1714 1312 προτεταγ-

167 1331 290 1396 μένων
313 1325 699 1397 συμϐιϐάξεται.

829 435 982 487 πάλιν
1025 445 1122 488 τῶν
1174 435 1450 510 εἰρημένων
1513 439 1712 506 συμφέ-

1828 437 2001 499 novit,
2036 438 2128 493 vel
2169 437 2298 508 ejus
2331 437 2698 494 consiliarius
2732 437 2840 494 fuit
2881 452 2894 504 ;
2933 451 3127 509 neque
3167 441 3257 492 est
3285 435 3471 492 homo

1821 525 1926 598 qui
1971 527 2230 582 victurus
2262 527 2352 592 sit,
2387 531 2762 597 mortemque
2800 541 2918 582 non
2955 526 3210 582 visurus.
3271 527 3469 598 Neque

1821 614 1914 670 has
1931 631 2140 671 rursus
2159 615 2440 688 cuiquam
2468 631 2538 672 ex
2560 620 2692 672 ante
2717 615 2888 672 dictis
2908 614 3308 671 locationibus
3331 630 3472 670 con-

1823 709 2063 774 gruunt,
2092 705 2322 761 etiamsi
2363 705 2703 761 terminatio
2755 703 3032 761 vocabuli
3085 719 3468 776 nequaquam

1821 792 2060 850 differt:
2095 809 2288 867 neque
2317 796 2456 850 item
2506 811 2518 850 :
2567 796 2814 852 «Homo
2857 799 2936 856 τὶς
2979 797 3104 850 erat
3132 793 3190 848 in
3232 792 3472 864 regione

1825 882 2087 938 Ausitide
2125 884 2172 920 ⁴⁶
2209 899 2222 948 ;
2265 904 2294 934 ι)
2326 887 2383 940 et
2423 901 2436 940 :
2471 907 2498 936 ιι
2538 885 2729 940 Homo
2765 889 2841 944 τὶς
2884 882 3304 953 Hierosolymis
3335 883 3474 936 Jeri-

1823 976 2062 1028 cantem
2083 973 2354 1030 veniebat
2377 976 2442 1029 ιτ.
2475 993 2506 1027 ›
2527 975 2653 1030 Vox
2680 973 2838 1029 enim
2869 973 2964 1028 hic
2991 973 3247 1028 ostendit
3269 971 3472 1027 indeii-

1824 1061 2013 1116 uitum
2071 1061 2316 1135 aliquid,
2379 1069 2558 1136 atque
2619 1079 2653 1118 a
2705 1062 3111 1134 superioribus
3170 1061 3471 1116 sententiis

1825 1149 2069 1206 abludit.
2105 1151 2296 1208 Veluti
2318 1157 2372 1208 et
2396 1152 2538 1208 illud
2567 1170 2580 1208 :
2615 1173 2642 1204 «
2667 1155 2815 1210 Sunt
2837 1155 2964 1212 τινὲς
2990 1152 3064 1206 de
3089 1151 3185 1205 hic
3219 1165 3474 1222 praesen-

1825 1235 2001 1300 tibus,
2030 1236 2132 1308 qui
2172 1252 2292 1292 non
2333 1238 2660 1310 gustabunt
2695 1241 2963 1300 mortem,
3005 1237 3197 1291 donec
3225 1235 3475 1290 Videant

1823 1339 2077 1393 regnum
2107 1326 2204 1381 Dei
2233 1327 2300 1392 η,
2327 1347 2354 1376 «
2387 1327 2768 1384 restrictionis
2794 1325 3059 1380 ofﬁcium
3087 1323 3310 1396 implet.
3346 1323 3474 1377 Suf-

165 1415 258 1469 ticit
289 1420 466 1470 autem
507 1417 600 1471 vel
658 1416 834 1472 unius
883 1417 1136 1489 exempli
1167 1416 1387 1473 mentio
1417 1415 1739 1472 indicando
1777 1413 2056 1470 vocabuli
2097 1414 2254 1485 usui,
2303 1431 2518 1488 nempe
2568 1416 2664 1488 qui
2720 1414 2862 1471 nulli
2908 1413 3282 1485 superiorum
3335 1427 3474 1467 con-

165 1504 300 1572 gruit.

215 1591 302 1654 ις’.
327 1597 442 1645 Τίνα
471 1590 522 1646 δ’
549 1594 614 1646 ἂν
655 1597 774 1666 ἔχοι
801 1600 1070 1648 κοινωνίαν
1099 1599 1227 1672 πρὸς
1273 1598 1340 1648 τὰ
1367 1593 1707 1667 προλαϐόντα,

1891 1595 1982 1647 26.
2013 1594 2168 1649 Sane
2197 1593 2344 1666 quid
2373 1609 2679 1650 commune
2711 1593 2934 1649 habent
2967 1608 3105 1648 cum
3145 1589 3475 1662 suprascri-

165 1679 196 1730 εἰ
229 1687 302 1733 καί
349 1689 432 1742 τῆς
463 1691 634 1754 φωνῆς
687 1683 1079 1759 ἀπαράλλακτος
1130 1686 1156 1736 ὁ
1211 1681 1368 1756 ἦχος,
1425 1687 1507 1752 τὸ,
1561 1701 1590 1732 ιι
1620 1687 1713 1744 Τίς

165 1767 380 1840 ἀνήγγειλε
433 1789 534 1836 σοι,
592 1774 674 1824 ὅτι
728 1777 928 1846 γυμνὸς
971 1771 1048 1841 εἷς
1079 1793 1108 1824 ii
1135 1778 1244 1840 καὶ,
1295 1793 1323 1824 ιι
1351 1777 1438 1834 Τίς
1484 1791 1540 1824 σε
1590 1791 1712 1824 κατ-

163 1861 332 1916 έστησεν
383 1861 622 1932 ἄρχοντα
679 1867 770 1914 καὶ
844 1858 1102 1922 δικαστήν
1159 1861 1233 1934 ἐφ’
1295 1864 1432 1934 ἡμᾶς
1465 1879 1478 1929 ;
1513 1881 1543 1915 ›>
1602 1865 1708 1926 καὶ,

165 1951 278 2008 «Ti;
310 1947 352 2000 εἰ
391 1953 452 2000 σὺ
497 1951 524 2002 ὁ
580 1955 770 2025 κρίνων
817 1950 1079 2028 ἀλλότριον
1127 1951 1331 2010 οἰκέτην
1361 1968 1374 2018 ;
1410 1956 1520 2021 καὶ,
1560 1973 1586 2000 ιι
1619 1955 1713 2012 Τίς

161 2033 334 2098 ἐπάταξε
357 2040 440 2089 τὸν
490 2037 774 2112 Ἀϐιμέλεχ
827 2041 940 2093 υἱὸν
989 2040 1252 2116 Ἱεροϐοάμ
1285 2057 1354 2108 ;ii
1402 2045 1512 2104 καὶ,
1551 2064 1578 2090 ιι
1625 2045 1712 2100 Τίς

161 2123 268 2174 ἐστιν
310 2126 442 2188 οὗτος
496 2129 522 2179 ὁ
581 2130 828 2203 κρύπτων
881 2149 942 2201 με
1002 2128 1438 2203 βουλήνςταῦτα
1487 2131 1588 2203 γὰρ
1643 2129 1712 2192 εἰς

161 2211 462 2282 ἀγανάκτησιν
504 2219 602 2289 μὲν
647 2222 738 2269 καὶ
791 2217 1094 2292 ἐπιτίμησιν
1137 2218 1419 2292 ἀφορῶσιν,
1461 2215 1612 2271 οὐδὲν
1655 2214 1714 2270 δὲ

159 2303 293 2374 ὅμοιον
341 2313 434 2356 τῶν
485 2303 968 2381 προδεδηλωμένων
1013 2317 1361 2382 παριστῶσιν.
1405 2307 1466 2360 Εἰ
1523 2305 1582 2360 δέ
1633 2327 1712 2369 τις

159 2397 224 2442 καὶ
261 2401 408 2446 ταῦτα
451 2395 518 2456 εἰς
561 2400 654 2448 τόν
702 2405 797 2458 τῆς
840 2395 1136 2469 ἐρωτήσεως
1187 2396 1487 2470 μεθελκύσει
1537 2401 1710 2468 νόμον,

159 2483 220 2530 ἱνα
241 2487 300 2552 μή
351 2488 468 2556 πρὸς
496 2487 564 2536 τὰ
617 2485 746 2536 ἄλλα
793 2484 944 2557 λέγω,
995 2488 1207 2557 ἄγνοιάν
1251 2505 1306 2538 τε
1353 2489 1714 2559 κατηγορήσοι

158 2577 226 2619 τοῦ
271 2577 434 2637 Briau,
483 2579 584 2626 καὶ
631 2574 692 2626 οὐ
734 2577 1162 2647 καταμέμφεσθαι
1208 2577 1303 2637 τὰς
1355 2573 1568 2648 πράξεις
1622 2570 1716 2624 διὰ

156 2667 226 2718 τῆς
251 2669 421 2730 φωνῆς,
469 2661 604 2714 ἀλλά
649 2664 832 2735 μαθεῖν
877 2665 1047 2724 ζητεῖν
1085 2663 1138 2726 ἐξ
1176 2662 1385 2734 ἀγνοίας
1423 2667 1509 2715 τὸν
1551 2682 1716 2736 παρα⁸

159 2753 320 2816 σχόντα
343 2755 432 2808 τήν
469 2759 564 2804 τοῦ
600 2751 796 2826 πρᾶξαι
831 2749 1012 2805 ἄδειαν
1041 2772 1054 2784 ·
1085 2757 1170 2805 ναὶ
1201 2749 1269 2811 δή
1303 2757 1392 2805 καὶ
1431 2755 1508 2815 τὸ,
1557 2773 1584 2800 ιι
1624 2755 1718 2812 Τίς

155 2835 236 2907 εἰμι
283 2839 408 2910 ἐγώς
465 2843 662 2914 Κύριός
724 2861 846 2913 μου,
917 2844 1102 2916 Κύριος
1133 2861 1146 2874 ·
1207 2846 1296 2894 καὶ
1356 2845 1432 2902 τίς
1485 2839 1624 2893 ἐστιν
1690 2841 1717 2892 ὁ

1821 1683 1962 1754 ptis,
1987 1697 2342 1754 quanquam
2371 1682 2535 1738 vocis
2574 1699 2759 1739 sonus
2787 1681 2952 1738 haud
2985 1681 3357 1744 immutatur,
3389 1678 3473 1734 lo-

1821 1771 2088 1826 cutiones
2125 1771 2218 1826 hae
2259 1771 2288 1826 ?
2331 1771 2604 1828 videlicet
2655 1787 2667 1828 :
2703 1793 2730 1822 ιι
2763 1772 2906 1837 Quis
2945 1769 3049 1826 tibi
3093 1769 3389 1825 nuntiavit
3416 1771 3472 1822 te

1821 1875 1956 1916 esse
1986 1859 2214 1916 nudum
2237 1861 2283 1896 ‘9
2303 1860 2332 1916 ‘I
2359 1881 2386 1910 ν
2409 1891 2478 1902 -
2508 1861 2696 1926 «Quis
2729 1864 2782 1916 te
2819 1859 3131 1916 Dominum
3172 1855 3474 1912 constituit

1814 1949 2191 2022 judicemque
2230 1954 2502 2005 nostrum
2549 1951 2595 1986 ⁵ο
2643 1949 2672 2004 ?
2709 1969 2738 2002 ii
2789 1979 2856 1990 —-
2893 1969 2921 2000 ιι
2953 1947 3096 2014 Quis
3134 1964 3196 2002 es
3243 1951 3324 2010 tu,
3365 1945 3469 2018 qui

1820 2037 2083 2094 alienum
2115 2053 2352 2094 servum
2377 2040 2617 2111 judicas
2649 2040 2694 2075 ⁵³
2723 2039 2750 2095 ‘I
2781 2059 2810 2091 ››
2849 2069 2914 2080 -
2947 2060 2974 2087 ιι
3009 2037 3150 2103 Quis
3179 2035 3474 2109 percussit

1821 2127 2262 2184 Abimelechum
2289 2127 2624 2184 Jeroboami
2653 2127 2840 2182 ﬁlium
2872 2129 2919 2163 ⁵³
2943 2128 2972 2183 ?
3005 2146 3032 2175 ››
3063 2157 3131 2166 -
3159 2145 3184 2176 ii
3219 2125 3360 2190 Quis
3386 2129 3474 2180 est

1820 2216 1920 2288 qui
1963 2231 2059 2272 me
2103 2216 2460 2272 sententiam
2501 2216 2654 2273 celat
2701 2218 2749 2252 ⁵⁸
2791 2217 2820 2272 ?
2861 2237 2887 2266 ii
2935 2245 3004 2254 —
3049 2213 3339 2269 Nimirum
3377 2211 3470 2266 hae

1821 2307 2142 2362 locutiones
2205 2305 2283 2362 ad
2339 2307 2816 2376 indignationem
2871 2303 3471 2374 objurgationemque

1821 2401 2110 2468 spectant,
2129 2395 2269 2451 nihil
2291 2399 2490 2451 autem
2514 2395 2702 2451 simile
2725 2393 3143 2467 praedictarum
3167 2390 3467 2446 exhibent.

1822 2484 1992 2552 Quod
2021 2485 2066 2540 si
2093 2486 2222 2556 quis
2247 2501 2349 2540 eas
2376 2484 2453 2540 ad
2485 2483 2962 2554 interrogationis
2987 2480 3255 2551 regulam
3283 2479 3472 2536 trahe-

1820 2577 1928 2639 ret,
1969 2573 2191 2646 nequid
2223 2579 2503 2646 praiterea
2531 2573 2750 2638 dicam,
2785 2572 3186 2643 ignorantiam
3225 2583 3469 2642 quoque

1824 2661 1880 2717 in
1902 2663 2018 2718 Deo
2033 2667 2382 2732 coarguerct
2405 2679 2417 2728 ;
2439 2677 2628 2733 neque
2646 2661 2719 2718 ab
2737 2678 2807 2718 eo
2825 2659 3176 2733 reprehendi
3197 2658 3310 2714 hac
3330 2672 3472 2713 voce

1823 2752 2086 2808 actiones
2133 2752 2444 2808 hominum
2489 2752 2778 2816 suaderet,
2825 2767 3029 2805 verum
3071 2763 3310 2820 operam
3342 2746 3472 2802 dari

1825 2841 1902 2896 ab
1925 2841 2136 2896 eodem
2167 2845 2404 2911 propter
2433 2857 2606 2896 suam
2637 2839 2930 2896 inscitiam
2965 2843 3026 2893 ut
3047 2837 3193 2893 sciat
3223 2834 3469 2907 aliquid,

155 2923 260 2986 οἶκος
311 2935 396 2980 τοῦ
449 2933 654 3003 πατρὸς
702 2949 895 3002 μους»
953 2929 1036 2983 ἐπὶ
1101 2937 1348 2982 τοσοῦτον
1405 2929 1715 3002 ἐμφανεστά-

1828 2929 1928 3003 qui
1958 2928 2086 2985 aliis
2124 2928 2464 2985 facultatem
2503 2928 2722 3000 agendi
2763 2925 3121 3000 suppeditat.
3163 2923 3378 2996 Utique
3417 2926 3476 2978 et

155 3033 228 3072 τεν
270 3021 394 3088 φέρει
451 3023 548 3077 τήν
601 3018 961 3092 παραλλαγήν,
1019 3018 1090 3091 ἐφ’
1151 3021 1270 3072 ὅσον
1323 3018 1716 3092 ἀπαράλλακτον

155 3107 334 3176 προάγει
375 3111 467 3166 τήν
521 3113 698 3180 φωνήν
727 3127 740 3141 ·
791 3108 1032 3170 εὐτελείας
1079 3110 1182 3184 γὰρ
1221 3106 1498 3180 ὁμολογίαν
1553 3105 1714 3174 ἰδίας,

153 3199 222 3245 καὶ
243 3203 326 3258 τῆς
358 3201 482 3272 πρὸς
513 3201 648 3252 Θεὸν
697 3198 1047 3270 εὐχαριστίας
1072 3204 1282 3271 γνώμην
1315 3196 1580 3268 ἀναφαίνει
1612 3215 1624 3227 ·
1657 3199 1716 3251 οὐ

153 3287 222 3350 μὲν
247 3284 306 3345 εἰς
333 3289 604 3361 ἐρώτησιν,
660 3284 786 3340 οὐδὲ
827 3287 1020 3340 πολλοῦ
1050 3285 1133 3341 δεῖ
1168 3291 1296 3361 πρὸς
1337 3287 1638 3360 ἐπιτίμησιν
1683 3292 1712 3348 ἦ

153 3369 490 3441 ἀγανάκτησιν,
533 3381 566 3436 ἦ
609 3379 744 3450 πρὸς
793 3374 912 3430 ἄλλο
963 3397 1015 3430 τι
1057 3385 1158 3430 τῶν
1204 3381 1583 3452 προειρημένων
1631 3381 1716 3430 τὸν

151 3458 362 3535 λογισμόν
383 3461 418 3517 δ
421 3463 645 3526 ιαϐιϐάζ
647 3484 691 3518 ει
704 3509 718 3522 .

207 3729 294 3790 κζ’.
339 3735 406 3784 Τὸ
459 3736 643 3806 μέντοι
687 3735 902 3785 σπάνιον
951 3735 1088 3805 εἴπερ
1150 3751 1199 3786 τι
1256 3733 1384 3794 ὅλως
1433 3729 1586 3791 δηλοί
1635 3735 1716 3800 τὸ,

152 3839 174 3864 ιε
195 3823 275 3881 Τίς
315 3824 486 3893 σοφὸς,
517 3827 612 3874 καὶ
663 3821 872 3894 φυλάξει
898 3829 1102 3888 ταῦτας
1136 3841 1166 3873 ii
1197 3825 1286 3874 καὶ
1317 3825 1394 3884 τὸ,
1425 3843 1454 3872 ιι
1484 3825 1572 3882 Τίς
1610 3819 1720 3873 ἐπί-

153 3923 307 3960 arma:
349 3919 410 3982 τῇ
451 3910 584 3984 ἀκοῇ
635 3913 782 3983 ἡμῶν
810 3927 826 3978 ;
859 3933 888 3960 ii
925 3917 1035 3979 καὶ,
1091 3931 1116 3962 α
1145 3910 1206 3963 Ὀ
1247 3909 1492 3985 βραχίων
1523 3915 1719 3985 Κυρίου

149 3999 230 4047 τίνι
268 3995 596 4072 ἀπεκαλύφθη
633 4018 648 4066 ς
680 4019 708 4051 ii
741 3999 804 4054 Ei
837 4003 940 4073 γὰρ
987 4005 1076 4053 καὶ
1114 4003 1186 4072 μή
1230 4002 1436 4066 πάντες,
1479 3998 1587 4051 ἀλλ’
1631 3996 1718 4052 οὖν

147 4087 196 4152 7i
229 4105 344 4150 τινες
383 4095 470 4142 καὶ
525 4092 932 4156 πεπιστεύκασι,
984 4095 1074 4142 καὶ
1111 4093 1206 4148 τήν
1249 4094 1602 4162 φρουρητικήν
1667 4108 1720 4142 τε

149 4178 220 4226 καὶ
252 4175 620 4253 κυϐερνητικήν
663 4183 752 4231 καὶ
787 4183 1269 4251 παντοκρατορικήν
1315 4185 1408 4232 τοῦ
1454 4183 1582 4232 Θεοῦ
1621 4175 1722 4230 δύ-

1825 3019 1969 3074 illud
1997 3037 2010 3074 :
2043 3037 2070 3070 ιι
2095 3019 2238 3082 Quis
2271 3034 2406 3073 sum
2427 3033 2540 3087 ego
2567 3016 2598 3070 ?
2619 3017 2904 3072 Dominus
2929 3029 3106 3076 meus,
3139 3011 3424 3067 Dominus
3455 3028 3468 3076 ;

1824 3113 1879 3164 et
1917 3123 2048 3181 qua:
2093 3110 2182 3162 est
2223 3106 2436 3161 domus
2487 3105 2666 3178 patris
2709 3104 2824 3158 mei
2855 3105 2902 3140 ⁵⁸
2942 3102 2970 3156 ?
3008 3121 3036 3153 ii
3073 3105 3232 3156 tanto
3277 3097 3472 3167 magis

1823 3197 1949 3252 haec
1978 3196 2376 3252 diversitatem
2419 3195 2502 3251 rei
2540 3194 2742 3267 palam
2782 3192 3021 3255 faciunt,
3055 3193 3280 3262 quanto
3311 3187 3472 3242 simi-

1823 3287 1966 3341 liore
1997 3299 2142 3341 voce
2177 3283 2472 3340 dicuntur.
2503 3282 2881 3353 Significatur
2909 3281 3066 3335 enim
3099 3277 3358 3351 preprize
3388 3275 3474 3332 vi-

1823 3375 2000 3432 litatis
2017 3373 2337 3440 confessio,
2363 3377 2684 3446 gratusque
2701 3371 2992 3428 adversus
3007 3370 3192 3424 Deum
3216 3367 3470 3422 animus.

1825 3469 2023 3538 Neque
2055 3464 2190 3521 licet
2229 3463 2329 3520 hic
2367 3463 2626 3534 cogitare
2667 3459 3209 3529 interrogationem,
3259 3455 3478 3512 multo-

1823 3571 1942 3628 que
1972 3554 2170 3610 minus
2200 3552 2684 3626 objurgationem
2711 3555 2814 3606 aut
2843 3547 3338 3620 indignationem,
3371 3549 3476 3602 aut

1825 3643 2154 3716 quemlibet
2181 3659 2212 3698 e
2234 3641 2534 3715 praedictis
2559 3639 2831 3697 modum.

1894 3737 1982 3789 27.
2001 3735 2130 3789 Jam
2152 3735 2334 3788 etiam
2361 3731 2662 3786 raritatem
2681 3729 3050 3802 quodquam
3075 3725 3333 3782 maxime
3362 3723 3475 3780 hoc

1825 3821 2184 3878 vocabulum
2221 3820 2512 3890 designat.
2554 3820 2777 3891 Nempe
2821 3835 2833 3874 :
2867 3839 2896 3868 ιι
2933 3817 3074 3883 Quis
3109 3815 3367 3887 sapiens,
3419 3817 3477 3868 et

1825 3911 2120 3967 custodiet
2169 3911 2298 3967 haec
2339 3911 2388 3945 ⁵⁵
2426 3909 2454 3966 ?
2501 3929 2525 3960 ii
2571 3913 2628 3964 et
2687 3923 2699 3962 :
2753 3931 2780 3958 ιι
2823 3907 2965 3972 Quis
3021 3903 3266 3960 credidit
3306 3901 3473 3958 audi-

1825 4000 1908 4056 tui
1963 4003 2186 4065 nostro,
2242 4003 2298 4056 et
2345 3999 2660 4054 brachium
2714 3996 2948 4052 Domini
3001 3993 3096 4050 cui
3143 3993 3474 4049 revelatum

1825 4097 1913 4146 est
1941 4092 1990 4125 ⁵⁸
2017 4089 2046 4145 i’
2077 4109 2105 4142 ii
2137 4088 2286 4145 Nam
2331 4089 2378 4143 si
2425 4089 2622 4145 minus
2653 4085 2869 4152 cuncti,
2903 4087 3055 4141 certe
3098 4082 3324 4155 aliquot
3359 4095 3476 4134 cre-

1823 4177 2099 4234 diderunt
2127 4195 2140 4246 ;
2169 4177 2390 4251 quibus
2416 4192 2560 4232 sane
2586 4173 3104 4240 conservatricem,
3139 4168 3472 4232 rectricem,

150 4283 276 4336 ναμιν
318 4265 370 4318 ἐκ
423 4277 516 4328 τῆς
557 4271 680 4341 περὶ
723 4269 912 4330 αὐτοὺς
958 4273 1049 4320 καὶ
1099 4277 1190 4329 τῆς
1227 4273 1344 4342 περὶ
1400 4271 1456 4320 τὸ
1509 4271 1715 4340 σύμπαν

1828 4265 2245 4339 dominamque
2275 4265 2548 4322 omnium
2583 4263 2682 4320 Dei
2709 4263 2827 4318 vim
2857 4265 2985 4316 tum
3015 4275 3046 4313 e
3077 4255 3382 4312 beneﬁciis
3411 4254 3472 4347 in

153 4349 414 4426 εὐεργεσίας
452 4376 508 4409 τε
555 4361 650 4410 καὶ
689 4361 935 4430 προνοίας
975 4353 1204 4410 συνιδεῖν
1257 4355 1579 4422 ἠξιώθησαν,
1629 4361 1718 4409 καὶ

151 4447 224 4500 τῆς
269 4441 442 4496 ἐκεῖθεν
498 4453 854 4519 μαρμαρυγῆς
907 4452 1024 4506 ταῖς
1081 4441 1392 4516 λαμπηδὸσι
1447 4447 1534 4496 τὸν
1600 4453 1718 4497 νοῦν

153 4525 484 4602 ὒλαμφθξναι.
531 4540 652 4596 Πῶς
695 4529 746 4586 δ’
795 4533 986 4586 αὐτίκα
1035 4537 1094 4586 τὸ
1131 4535 1306 4606 θαυμα
1355 4537 1445 4586 καὶ
1496 4537 1590 4591 τὴν
1638 4535 1720 4586 ἔκ-

153 4617 306 4681 πληξιν
345 4623 436 4674 οὐκ
477 4621 702 4694 ἀφίησιν
733 4623 758 4674 ὁ
795 4622 954 4694 λέγων
980 4637 994 4653 ’
1031 4645 1057 4672 ιι
1098 4626 1190 4684 Τίς
1239 4622 1388 4684 οὗτος
1427 4623 1454 4674 ὁ
1499 4641 1719 4696 παραγε-

153 4709 326 4776 νόμενος
353 4710 406 4773 ἐξ
455 4707 640 4784 Ἐδώμ
671 4730 684 4779 ;
722 4735 750 4761 ii
779 4717 887 4778 καὶ,
925 4734 945 4761 ε
985 4716 1078 4773 Τίς
1124 4710 1264 4764 ἐστιν
1303 4711 1471 4774 οὗτος,
1513 4713 1591 4764 ὅτι
1629 4717 1719 4765 καὶ

155 4797 176 4850 ἑ
212 4797 434 4852 θαλασσα
467 4807 564 4854 καὶ
601 4803 652 4854 0i
688 4802 868 4873 ἄνεμοι
915 4803 1268 4854 ὑπακούουσιν
1317 4800 1457 4872 αὐτῷ
1486 4819 1499 4868 ;
1533 4821 1556 4851 ii
1596 4803 1718 4876 ὅπερ

154 4881 342 4957 οὐδεμία
393 4897 494 4940 τῶν
547 4893 972 4962 προτεταγμένων
1021 4897 1196 4961 φωνῶν
1250 4889 1310 4942 οὐ
1354 4891 1444 4957 μὲν
1487 4885 1574 4941 οὖν
1627 4889 1720 4942 οὐκ

157 4971 270 5042 εἶχεν
310 4977 465 5048 ἰσχὺν
497 4983 792 5050 σημαίνειν.
829 4980 1088 5051 Προσθείη
1140 4975 1190 5030 δ’
1239 4979 1300 5031 ἄν
1336 4997 1414 5039 τις
1445 4985 1556 5039 τοῖς
1585 4977 1720 5053 εἰρη-

159 5067 294 5126 μένοις
327 5073 414 5118 καὶ
460 5070 544 5136 τὸ,
589 5087 618 5118 ιι
659 5071 754 5127 Τίς
793 5063 956 5120 δώσει
993 5075 1052 5139 τῇ
1099 5065 1290 5138 κεφαλῇ
1331 5085 1432 5138 μου
1468 5061 1611 5142 ὓδωρ
1643 5083 1656 5132 ;
1691 5088 1720 5120 ii

157 5154 240 5216 καὶ,
273 5175 298 5202 ί(
341 5159 432 5216 Τίς
476 5157 540 5207 ἄν
585 5174 648 5226 με
698 5157 806 5214 θείη
852 5157 988 5208 κατὰ
1036 5163 1176 5227 μῆνα
1228 5157 1432 5228 ήμερῶν
1491 5163 1592 5206 τῶν
1638 5157 1722 5227 ἔμ-

159 5243 370 5314 προσθεν;
402 5249 515 5313 καὶ,
569 5264 599 5296 ιι
649 5243 990 5318 Ταλαίπωρος
1039 5244 1140 5316 ἐγὼ
1192 5244 1490 5318 ἅνθρωποςι
1532 5247 1610 5306 τίς
1659 5262 1723 5316 με

159 5325 338 5398 ῥύσεται
385 5337 439 5385 ἐκ
476 5341 574 5386 τοῦ
617 5340 860 5407 σώματος
895 5341 987 5386 τοῦ
1033 5335 1254 5387 θανάτου
1287 5335 1508 5400 τούτου;
1553 5353 1581 5386 ››
1623 5333 1722 5386 Εὖ-

217 5559 380 5634 ξξιρι)
405 5579 444 5628 ι,
477 5565 532 5618 1.
611 5566 658 5600 ιτ
691 5565 808 5621 Luc
835 5581 895 5632 ι,
924 5565 1012 5632 30,
1089 5565 1137 5601 ⁴⁸
1173 5567 1286 5621 Luc
1315 5581 1394 5634 ιχ,
1425 5564 1514 5620 27.

165 5627 202 5704 ξξ
225 5629 264 5704 ll
299 5627 437 5704 Reg.
467 5651 550 5698 ιι.
589 5635 650 5691 2|
730 5637 778 5672 ⁸³
817 5627 951 5694 Job.
981 5627 1118 5704 im,
1145 5639 1199 5692 2.

165 5698 202 5732 "
224 5698 484 5772 κει-οἴην,
509 5707 602 5762 40.
677 5707 726 5743 ⁵⁵
755 5708 968 5764 Jerem.
993 5723 1076 5774 ix,
1101 5698 1156 5765 1.
1234 5709 1284 5744 ⁸ο
1307 5708 1420 5765 Job
1451 5698 1610 5778 xxix,
1637 5713 1692 5764 2.

1593 5565 1640 5600 ‘9
1669 5563 1816 5621 Gen.
1851 5564 1945 5631 IlI,
1980 5565 2069 5620 11.

1279 5637 1326 5673 ⁵⁴
1365 5637 1414 5692 ΙΙ
1441 5637 1582 5705 Reg.
1615 5653 1770 5702 xvm,
1806 5635 1892 5690 18.
1969 5635 2018 5670 ⁸⁵
2052 5635 2205 5691 Psal.
2235 5649 2279 5690 ci

1279 5708 1420 5765 'Job
1451 5723 1610 5770 xxix,
1637 5713 1692 5764 2.
1771 5707 1814 5743 ⁶¹
1851 5710 2019 5764 Rom.
2053 5721 2149 5770 vn,
2189 5705 2279 5761 24.

1827 4369 1889 4411 se
1921 4354 2336 4425 mundumque
2361 4358 2550 4409 totum
2578 4349 2825 4417 collatis,
2859 4353 2983 4403 tum
3015 4345 3192 4401 etiam
3219 4359 3250 4399 e
3280 4339 3476 4415 provi-

1827 4445 2022 4500 dentia
2045 4443 2306 4499 contueri
2329 4441 2646 4512 dignanter
2665 4453 3015 4495 concessum
3043 4433 3186 4490 fuit:
3211 4445 3472 4505 quorum

1825 4533 2124 4590 luminum
2147 4532 2329 4588 radiis
2356 4527 2704 4592 collustrali,
2740 4525 2952 4582 mentis
2977 4521 3246 4580 tenebras
3273 4521 3476 4593 dispu-

1827 4623 2039 4679 lerunt.
2095 4621 2302 4676 Nonne
2355 4633 2494 4673 vero
2542 4615 3000 4672 admirationem
3048 4617 3474 4686 stuporemque

1827 4711 2027 4784 prodit
2081 4709 2130 4765 is
2198 4708 2292 4779 qui
2345 4707 2425 4762 ait
2483 4723 2497 4758 :
2547 4723 2578 4758 ‹
2629 4705 2771 4770 Quis
2822 4709 2908 4759 est
2961 4703 3071 4758 iste
3109 4701 3351 4756 veniens
3403 4715 3472 4754 ex

1830 4800 2015 4856 Edom
2047 4799 2090 4834 ⁵⁷
2115 4796 2144 4852 ?
2177 4817 2200 4848 ii
2237 4828 2301 4838 —
2331 4815 2362 4847 ιι
2401 4795 2542 4861 Quis
2583 4800 2669 4850 est
2699 4793 2814 4860 hic,
2857 4791 2954 4848 cui
3001 4807 3166 4847 mare
3197 4789 3474 4860 ventique

1827 4886 2110 4943 obediunt
2139 4887 2186 4922 ⁵⁸
2215 4883 2244 4938 ?
2280 4907 2298 4933 ι
2335 4897 2516 4956 quem
2545 4897 2689 4937 sane
2721 4880 3133 4952 signiﬁcatum,
3179 4876 3472 4932 dicturum

1827 4979 2004 5034 antea
2033 4975 2400 5031 locutionum
2441 4971 2603 5028 nulla
2637 4987 2754 5043 prae
2791 4985 2854 5025 se
2883 4969 3009 5026 fert.
3061 4964 3228 5022 Adde
3264 4963 3380 5028 his,
3429 4961 3478 5016 si

1827 5065 1967 5120 libet
1995 5079 2050 5118 :o
2077 5063 2217 5130 Quis
2239 5062 2400 5118 dabit
2417 5061 2593 5134 capiti
2615 5075 2752 5115 iuao
2779 5073 3001 5131 aquam
3017 5057 3064 5092 ⁵³
3081 5057 3110 5113 ‘I
3138 5078 3166 5106 ι»
3193 5085 3256 5094 -
3277 5076 3306 5106 ‹‹
3329 5051 3474 5120 Quis

1829 5167 1926 5208 me
1951 5159 2132 5226 ponet
2148 5153 2314 5224 juxta
2345 5165 2613 5206 mensem
2645 5148 3023 5221 superiorum
3053 5144 3289 5200 dierum
3319 5143 3368 5176 ⁸ο
3394 5140 3422 5196 ?
3447 5161 3476 5188 n

1832 5243 1900 5296 Et
1926 5256 1938 5295 :
1981 5261 2004 5292 α
2037 5239 2242 5296 Infelix
2267 5255 2378 5312 ego
2406 5243 2588 5297 homo
2621 5239 2634 5294 ι
2664 5239 2792 5310 quis
2825 5252 2918 5292 me
2941 5233 3220 5291 liberabit
3247 5231 3323 5286 de
3355 5245 3480 5286 cor-

1831 5345 1976 5403 pore
2008 5331 2214 5386 mortis
2243 5330 2424 5401 hujus
2451 5331 2496 5366 ⁶ί
2535 5329 2563 5384 ‘I
2603 5347 2630 5383 ii
2671 5327 2897 5384 Scilicet
2925 5325 3052 5380 haec
3081 5321 3386 5379 hominem
3417 5319 3477 5375 in

2145 5563 2194 5598 5°
2219 5561 2402 5619 Exod.
2433 5578 2490 5632 ιι,
2523 5561 2606 5617 14.
2685 5561 2728 5596 εί
2763 5559 3166 5632 Romaniae.

1969 5635 2018 5670 ⁸³
2052 5633 2205 5691 Psal.
2235 5649 2348 5702 ενι,
2380 5623 2488 5690 43]
2545 5633 2594 5668 ⁵⁸
2633 5633 2747 5688 lsa.
2775 5645 2891 5696 ιιιι,
2923 5631 2966 5685 Ι.
3001 5629 3046 5664 ⁵⁷
3070 5623 3195 5684 lsa.
3229 5639 3382 5692 mu,
3417 5623 3472 5678 1.
