3992 6182
447 275 518 329 83
1676 272 1911 330 ΡΗΟΤΙΙ
1955 272 2090 328 ΡΑΤ

2213 269 2434 326 ιΒΟΗεΕ
2473 270 2581 326 CP.
3747 275 3812 329 84

448 398 734 469 angustiis
774 399 850 454 ad
889 414 1093 470 preces
1136 398 1575 468 confugientem
1611 398 1908 462 exhibent,
1966 413 2092 454 cum

2213 405 2321 468 χής
2373 417 2461 467 μεν
2505 398 2605 468 γὰρ
2665 399 2968 468 καταφυγὴν
3019 395 3072 459 ἐξ
3123 395 3420 468 ἀμηχανίας
3461 402 3524 448 τα
3576 400 3819 470 εἰρημένα

447 488 875 544 sententiarum
925 487 1192 559 priorum
1220 489 1383 550 nulla
1432 493 1773 557 congruunt
1823 505 1836 543 :
1886 491 1940 542 et
1971 492 2104 544 vota

447 576 692 648 quidem
725 592 832 648 pro
866 575 1158 632 malorum
1199 577 1551 649 depulsione
1603 578 1925 642 continent,
1980 591 2103 632 non

449 671 649 721 tamen
675 665 766 722 vel
785 665 1325 738 interrogationem,
1352 665 1443 722 vel
1471 665 1779 722 modestiae
1811 665 2104 734 signiﬁca-

449 754 795 819 tionem,vel
819 754 1194 811 indefinitum
1225 755 1386 828 quid,
1420 754 1506 810 vel
1544 754 1808 827 aliquam
1835 755 2103 826 increpa-

445 843 738 899 actionem
758 859 951 915 neque
992 860 1196 900 rursus
1219 844 1539 910 raritatem,
1561 860 1754 917 neque
1776 844 2100 914 gratiarum

447 932 765 1000 actionem,
800 948 992 1003 neque
1025 933 1482 992 admirationem
1513 933 1602 988 vel
1627 938 1954 1005 stuporem.

517 1023 608 1078 28.
673 1020 958 1077 Prmterea
1010 1021 1169 1078 istud
1218 1022 1397 1078 etiam
1453 1038 1684 1078 mecum
1731 1021 2042 1078 considera
2084 1037 2096 1075 :

453 1131 473 1159 ι
495 1111 632 1175 Quis
646 1109 1336 1182 descipietAchaabum“
1355 1111 1381 1165 ?
1401 1118 1509 1177 et,«
1527 1112 1706 1177 Quem
1724 1112 1930 1167 mittam
1943 1114 2003 1145 ⁵⁵·
2022 1111 2048 1166 ‘?
2073 1132 2098 1158 η

448 1201 505 1253 et
550 1213 560 1250 :
599 1218 626 1249 «
667 1199 806 1264 Quis
837 1198 940 1254 ibit
966 1199 1043 1254 ad
1077 1199 1367 1270 populum
1400 1202 1444 1234 ⁸³
1473 1200 1499 1254 ?
1533 1221 1558 1250 ι)
1589 1199 1934 1255 Nonnullam
1975 1199 2101 1255 haec

446 1286 690 1356 quidem
718 1286 978 1357 speciem
1007 1286 1244 1354 habent,
1279 1286 1403 1342 fore
1437 1292 1498 1342 ut
1525 1287 1637 1341 sub
1664 1287 1866 1358 aliquo
1893 1303 1922 1341 e
1957 1302 2102 1358 pra:-

445 1374 793 1430 cedentibus
845 1375 1038 1432 modis
1084 1375 1540 1441 concludantur,
1598 1392 1659 1434 re
1714 1381 1915 1431 tamen
1968 1392 2103 1432 vera

444 1465 671 1519 aditum
753 1464 890 1518 illuc
956 1481 1077 1520 non
1153 1466 1484 1529 inveniunt,
1564 1466 1668 1520 sed
1738 1466 2101 1537 provocandi

446 1553 662 1623 potius,
709 1553 796 1609 vel
853 1554 1013 1609 modi
1066 1555 1258 1610 nescio
1304 1555 1478 1624 cujus
1512 1555 1867 1610 sententiam
1919 1555 2102 1610 conti-

449 1647 608 1696 nent.
642 1641 788 1696 lllud
821 1647 1021 1697 autem
1057 1659 1069 1697 :
1114 1662 1141 1693 «
1186 1645 1325 1708 Quae
1357 1643 1515 1700 enim
1558 1643 1835 1699 fortitudo
1871 1659 2001 1699 mea
2043 1648 2104 1700 ut

2213 482 2461 550 δηλώσει,
2506 486 2570 547 εἰς
2614 482 2764 538 οὐδὲν
2811 483 2868 538 δε
2908 494 3007 547 τῷν
3043 482 3523 558 πρόδιεσταλμέν·υν
3571 488 3819 560 συνε[νε]-

2209 577 2407 646 χθείη·
2462 580 2546 626 καὶ
2603 574 2903 644 ἀπαλλαγῆς
2949 578 3037 645 μὲν
3099 574 3364 637 ἐξαίτησιν
3415 584 3512 628 τῶν
3575 582 3818 648 συνεχόν-

2209 683 2329 728 των,
2372 664 2429 716 οὐ
2469 668 2572 736 μὴν
2619 664 2890 738 ἐρώτησιν,
2939 661 3062 716 οὔδε
3104 661 3543 738 προσδιορισμὸν,
3599 663 3722 718 οὐδὲ
3760 670 3820 719 τό

2210 752 2474 827 ἀόριστον,
2507 751 2622 806 οὐδ’
2664 753 2985 826 ἐπιτίμησιν,
3022 752 3124 806 ἀλλ’
3168 751 3290 808 οὐδὲ
3330 759 3386 806 τὸ
3439 759 3674 817 σπάνιον.

2209 839 2331 895 οὐδὲ
2363 843 2728 915 εὐχαριστίαν,
2749 847 2778 903 ἦ
2805 842 3075 912 εὐτέλειαν,
3105 839 3229 898 οὐδὲ
3260 846 3431 918 θαυμα
3457 851 3546 900 καὶ
3573 845 3820 910 ἔκπληξιν

2208 931 2520 1005 ὑπογράφει.

2279 1020 2381 1078 κη’.
2431 1026 2494 1073 Σὺ
2533 1018 2591 1074 δέ
2641 1041 2729 1094 μοι
2783 1021 2987 1076 κάκεῖνο
3044 1023 3439 1096 προσεπιξήτει,
3509 1026 3587 1088 τό,
3652 1048 3674 1073 (ε
3729 1029 3823 1086 Τίς

2209 1109 2469 1168 ἀπατήσει
2502 1115 2586 1163 τὸν
2618 1110 2871 1182 Ἀχαάϐ;
2909 1133 2926 1160 ε
2957 1117 3066 1177 καὶ,
3106 1135 3126 1161 ι
3161 1117 3286 1166 Τίνα
3309 1111 3610 1170 ἀποστελὼι
3642 1134 3669 1160 ι)
3703 1119 3820 1179 καὶ,

2211 1219 2238 1249 ‹‹
2279 1205 2366 1260 Τίς
2413 1204 2722 1274 πορεύσεται
2782 1204 2910 1272 πρὸς
2959 1205 3044 1253 τὸν
3099 1201 3218 1254 λαόν
3255 1220 3267 1265 ;
3304 1220 3332 1252 »
3383 1207 3677 1258 Φαντασίαν
3728 1209 3823 1275 μέν

2211 1309 2322 1340 τινα
2376 1294 2665 1362 παρέχεται
2714 1292 2782 1350 ως
2834 1286 3054 1342 δυνατὸν
3105 1291 3185 1362 ὑφ’
3233 1291 3280 1343 3v
3337 1300 3435 1343 τῶν
3484 1288 3825 1365 προδιευκρι-

2209 1384 2435 1449 νημὲνων
2483 1377 2781 1449 ἀναχθῆναι
2815 1399 2826 1410 ·
2860 1381 2918 1431 οὗ
2967 1385 3070 1451 μην
3100 1399 3156 1450 γε
3201 1386 3288 1432 καὶ
3329 1389 3388 1452 τῇ
3435 1379 3649 1438 ἀληθεία
3693 1384 3828 1453 πάρ-

2211 1463 2332 1518 οδον
2381 1469 2630 1540 εὑρίσκει,
2689 1466 2814 1518 ἀλλὰ
2870 1468 3226 1541 προκλητικῆς
3280 1469 3468 1540 μᾶλλόν
3527 1471 3638 1520 ἐστι
3704 1466 3827 1522 δια-

2209 1561 2373 1617 νοίας,
2417 1562 2443 1614 ἦ
2504 1556 2673 1628 ἐτέρου
2723 1560 2859 1618 τινός
2913 1560 3071 1609 τύπον
3119 1554 3392 1617 διασώζει.
3439 1561 3508 1610 Τό
3542 1555 3620 1622 δε,
3657 1581 3679 1606 a
3732 1565 3829 1619 Ti;

2211 1648 2308 1718 γάρ
2352 1665 2449 1714 μου
2489 1648 2514 1703 ἡ
2556 1645 2737 1716 ἰσχὺς,
2776 1648 2853 1696 ότι
2897 1647 3128 1716 ἇπομένω
3158 1663 3170 1711 ;
3200 1651 3228 1704 ἧ
3272 1651 3348 1707 τίς
3387 1666 3486 1718 μον
3531 1648 3557 1698 ό
3608 1652 3826 1718 χρόνος,

448 1730 771 1785 sustineam
799 1729 826 1784 ‘2
858 1737 960 1786 aut
990 1731 1299 1802 quodnam
1331 1737 1566 1804 tempus
1596 1747 1795 1790 meum
1823 1740 1882 1787 ut
1913 1733 2092 1803 perfe-

2214 1736 2293 1785 ὃτι
2350 1733 2647 1806 ἀνέχομαι;
2695 1755 2722 1783 ››
2778 1744 2886 1795 πῶς
2941 1735 3046 1804 οὐχ
3104 1736 3270 1806 ἔτερόν
3338 1755 3382 1788 τι
3446 1741 3828 1806 σημαινόμενον

446 1833 576 1874 ram
616 1820 662 1854 ⁶⁴
690 1818 716 1872 Ϋ
756 1839 780 1869 ιι
815 1819 1025 1891 quidni
1057 1819 1238 1876 alium
1266 1836 1508 1878 sensum
1545 1821 1655 1875 sibi
1689 1822 1986 1892 deposcet,
2023 1822 2104 1878 ita

445 1913 509 1960 ut
545 1906 859 1962 consilium
895 1907 1137 1969 minime
1169 1909 1459 1979 iujurium
1496 1912 1612 1966 Deo
1647 1910 1718 1966 sit
1757 1911 1782 1966 ‘I
1814 1910 1911 1966 Ille
1951 1911 2100 1966 enim

447 1995 1158 2070 calamitatibuspressus,
1179 1999 1320 2054 dum
1334 1999 1463 2055 vitae
1487 1998 1835 2056 brevitatem
1857 2000 2104 2056 virium-

446 2101 558 2158 que
606 2086 1005 2144 inﬁrmitatem
1056 2093 1112 2142 et
1149 2089 1512 2160 paucitatem
1543 2088 1846 2146 declarare
1885 2090 2100 2159 studet,

444 2175 537 2231 his
570 2192 699 2247 quae
724 2176 846 2232 dixi
882 2177 1077 2233 verbis
1107 2183 1161 2232 et
1194 2177 1290 2232 illa
1321 2177 1501 2234 simul
1535 2178 1716 2244 mala,
1737 2184 1793 2235 et
1821 2195 1997 2236 suum
2023 2179 2102 2236 ob

445 2280 516 2320 ea
548 2269 826 2321 moestum
858 2265 1277 2338 defessumque
1312 2267 1582 2323 animum
1620 2268 1825 2340 aperit.
1859 2272 2104 2341 Insuper

445 2353 571 2408 ilud
615 2371 627 2408 :
676 2375 698 2405 ι
742 2357 894 2410 Num
934 2356 1076 2427 quis
1107 2356 1292 2425 novit,
1344 2372 1419 2411 an
1451 2372 1590 2412 eum
1624 2357 2104 2428 deprehensurus

443 2442 618 2497 sim“
639 2445 664 2496 Ὺ
689 2464 713 2494 υ
737 2448 792 2497 et
813 2463 824 2501 :
860 2464 888 2492 «
911 2444 1056 2509 Quis
1079 2445 1262 2510 novit,
1289 2451 1486 2500 utrum
1507 2445 1578 2502 sit
1607 2461 1952 2501 reversurus
1971 2447 2102 2502 θεὴ

447 2530 879 2602 haec,inquam,
911 2531 1254 2588 dubitanter
1280 2533 1460 2600 dicta,
1499 2533 1644 2589 siita
1680 2533 2101 2605 intelligantur,

444 2631 832 2689 nequaquam
870 2621 1215 2676 sententiam
1243 2621 1680 2684 obscurabunt,
1703 2622 1985 2695 nullaque
2007 2640 2104 2679 au-

447 2707 694 2762 ditorem
744 2707 1132 2778 ambiguitate
1167 2709 1444 2765 irretient.
1488 2711 1585 2766 Sin
1628 2711 1836 2767 eadem
1875 2729 1911 2768 a
1955 2729 2105 2784 prae-

447 2796 606 2851 dicta
627 2796 1058 2867 signiﬁcatione
1081 2798 1372 2862 recedent,
1397 2799 1755 2871 perplexitas
1777 2801 2102 2858 auditorem

446 2883 674 2949 obruet,
730 2886 1028 2943 contraria
1075 2903 1318 2958 prorsus
1367 2887 1444 2942 illi
1497 2889 1921 2960 perspicuitati,
1972 2907 2102 2963 quae

445 2978 617 3030 rectae
658 2974 1052 3045 intelligentiae
1083 2975 1306 3032 fructus
1339 2986 1447 3032 est.
1495 2983 1673 3050 Atque
1712 2979 1892 3050 hujus
1929 2996 2104 3036 voca-

2213 1822 2542 1888 ἐπιζητησει,
2573 1819 2645 1874 δι’
2678 1823 2736 1874 οὗ
2767 1827 2820 1875 τό
2866 1825 3059 1876 ἐκείνου
3087 1823 3342 1895 βούλημα
3383 1824 3474 1876 οὐκ
3513 1823 3822 1896 ἐξυϐρίσοις

2212 1915 2280 1963 Τὸ
2321 1913 2422 1984 γὰρ
2467 1909 2651 1984 βραχὺ
2701 1917 2788 1965 καὶ
2829 1914 3008 1964 ἀτονον
3049 1917 3135 1964 καὶ
3167 1911 3525 1987 ὀλιγοχρόνιον
3563 1921 3655 1966 του
3698 1912 3827 1984 βίου

2213 2005 2301 2051 καὶ
2349 2008 2439 2062 τῆς
2489 2001 2679 2070 ἰσχύος
2719 2003 2743 2052 ό
2790 2009 2850 2072 τῇ
2904 2001 3228 2074 ταλαιπωρίᾳ
3275 2001 3618 2077 ἑκτρυχωοεὶς
3649 2021 3827 2075 παρα-

2216 2097 2412 2147 στῆσαι
2467 2087 2763 2159 βουληθεὶς,
2825 2088 2919 2143 διὰ
2974 2094 3168 2143 τούτοιν
3219 2100 3318 2144 τῶν
3359 2092 3606 2165 ῥημάτων
3658 2090 3830 2144 ἐκεῖνοί

2213 2197 2265 2230 τε
2318 2179 2426 2249 οἶμα
2482 2183 2570 2230 καὶ
2629 2182 2711 2232 τόν
2767 2178 2840 2231 ἐπ’
2900 2179 3078 2240 αὐτοῖς
3129 2179 3498 2254 ὀλοφυρόμενον
3550 2189 3668 2232 νοῦν
3736 2186 3832 2234 καὶ

2215 2266 2534 2338 ἀπειρηκότα
2591 2266 2930 2324 ἀναπτύσσει.
2993 2267 3152 2322 Ἀλλά
3207 2271 3308 2343 γὰρ
3379 2274 3468 2321 καὶ
3533 2274 3612 2335 τό,
3677 2276 3833 2332 «Ti;

2214 2358 2314 2427 οἰρα
2356 2362 2526 2427 γνοίη,
2578 2360 2654 2410 ὅτι
2704 2359 2906 2432 εὕροιμι
2949 2358 3102 2410 αὐτόν
3133 2374 3146 2424 ;
3177 2380 3205 2410 ιι
3254 2363 3452 2423 καὶτὸ,
3485 2382 3510 2408 ιι
3555 2364 3647 2419 Ti;
3686 2356 3832 2413 οἶδεν

2216 2445 2258 2496 εἰ
2315 2444 2664 2518 ἐπιστρέψοι;
2703 2467 2728 2497 ι)
2784 2451 2919 2499 κατὰ
2960 2443 3281 2520 διαπόρησιν
3330 2447 3591 2519 εἰρημένα,
3653 2449 3694 2501 εἰ
3747 2454 3836 2500 οὗ-

2216 2553 2315 2596 τως
2361 2534 2738 2608 προσληφθείη,
2795 2533 2945 2588 οὐδὲν
3000 2538 3090 2606 μεν
3144 2540 3236 2594 τήν
3291 2532 3524 2588 διάνοιαν
3582 2536 3810 2611 ἀμαυρω

2218 2641 2314 2687 σει,
2363 2623 2429 2683 εἰς
2478 2621 2727 2695 οὐδεμίαν
2778 2620 2836 2676 δι
2885 2623 3193 2696 ἀμφιϐολίαν
3243 2628 3327 2677 τόν
3384 2624 3642 2698 ἀκροατήν
3689 2646 3836 2699 mpi-

2215 2711 2389 2783 τρέψει
2419 2730 2429 2741 ·
2458 2712 2741 2768 ἐκπεσόντα
2791 2710 2849 2768 δε
2892 2723 2986 2776 τῆς
3034 2717 3281 2775 τοιαύτης
3335 2721 3622 2786 σημασίας,
3674 2712 3834 2768 οὐδὲν

2214 2801 2419 2853 ἔλαττον
2465 2807 2491 2860 ἦ
2538 2805 2658 2877 ὅπερ
2710 2802 2941 2854 ἐϐούλετο
2989 2798 3180 2860 δηλοῦν
3225 2802 3446 2876 ὀρθότης
3493 2811 3585 2854 τοῦ
3627 2823 3832 2875 σημαι-

2212 2896 2444 2962 νομένου,
2492 2889 2715 2964 ἀπορίας
2767 2891 2921 2944 αὐτόν
2971 2890 3319 2951 ἀναπλησσει.
3370 2897 3467 2946 Καὶ
3521 2892 3580 2943 οὐ
3631 2895 3833 2953 ταύτας

2212 2983 2385 3051 μόνον,
2409 2978 2538 3031 ἀλλὰ
2567 2985 2652 3031 καὶ
2680 2980 2868 3042 πολλὰς
2894 2980 3048 3042 ἀλλας
3078 2976 3334 3052 διαφορὰς
3361 2989 3453 3042 τῆς
3480 2986 3832 3054 προκειμένης

446 3060 570 3118 buli
600 3082 677 3125 τις
708 3062 926 3120 multas
956 3063 1106 3120 alias
1139 3065 1506 3122 differentias
1541 3083 1576 3123 a
1615 3082 1710 3123 me
1744 3069 2092 3140 praetermis-

2213 3078 2376 3140 φωνῆς
2407 3067 2874 3140 παραλελειμμένας
2902 3069 2926 3119 ὁ
2951 3067 3263 3140 βουλόμενός
3293 3073 3385 3127 τὴν
3421 3071 3558 3141 ἱερὰν
3581 3068 3830 3140 ἀναλεγόε

446 3167 566 3218 sas,
621 3151 722 3223 qui
764 3153 1008 3209 scrutari
1054 3170 1257 3210 sacros
1290 3155 1497 3210 Libros
1547 3156 1813 3222 voluerit,
1841 3157 2102 3229 profecto

442 3239 722 3309 inveniet,
752 3257 904 3313 quas
943 3250 998 3297 et
1026 3243 1154 3298 aliis
1183 3244 1499 3300 ostendere
1530 3261 1652 3300 non
1692 3263 1861 3302 secus
1902 3263 1972 3302 ac
2002 3246 2101 3302 de-

444 3329 833 3399 prehendere,
865 3332 1139 3402 perfacile
1171 3335 1475 3402 negotium
1509 3341 1620 3393 est.

515 3417 606 3471 26.
658 3419 784 3473 Non
846 3418 1042 3475 solum
1093 3428 1293 3476 autem
1341 3423 1516 3478 unica
1564 3423 1864 3479 interdum
1906 3424 2103 3482 brevis

445 3503 622 3561 dictio
642 3506 944 3579 multiplici
972 3508 1306 3578 significatu
1330 3512 1594 3582 praedita,
1631 3513 1924 3583 siquando
1940 3513 2102 3570 haud

443 3595 859 3650 convenienter
890 3597 1269 3666 intelligatur,
1318 3607 1581 3657 mentem
1619 3603 1800 3656 etiam
1829 3602 2103 3659 cordato—

442 3699 576 3740 rum
598 3684 910 3740 hominum
929 3686 1405 3761 obscuratatque
1432 3690 1754 3746 conturbat
1789 3711 1802 3760 ;
1833 3692 1934 3746 sed
1958 3691 2102 3748 litte-

442 3772 586 3828 rulae
620 3789 859 3847 quoque
901 3775 1218 3840 aberratio,
1265 3778 1482 3834 additio
1529 3779 1617 3834 vel
1659 3780 1968 3847 detractio,
2011 3781 2103 3837 vel

441 3860 638 3917 dirum
682 3863 821 3934 quid
860 3863 1177 3936 aliquoties
1221 3866 1393 3938 parit,
1437 3867 1526 3922 vel
1563 3875 1718 3925 certe
1761 3869 2100 3927 absurdum

443 3951 591 4006 solet
619 3951 868 4008 efﬁcere.
925 3955 1115 4026 Atque
1159 3960 1221 4010 ut
1275 3960 1488 4014 caatera
1533 3957 1766 4013 interim
1810 3960 2097 4026 omittam,

444 4038 493 4094 si
533 4041 667 4112 quis
719 4041 969 4096 verbum
1024 4046 1207 4102 ἕκτησε
1255 4044 1437 4114 longa
1489 4046 1717 4116 syllaba
1760 4047 2096 4118 praeditum,

441 4127 600 4184 brevi
635 4129 857 4186 scribat
899 4132 1113 4203 (ἔκτισε)
1144 4138 1322 4204 atque
1363 4135 1444 4189 ita
1475 4135 1764 4205 intelligat
1798 4137 1856 4190 in
1897 4153 1968 4192 ea
2013 4137 2098 4194 lo-

441 4219 676 4274 cutione
707 4239 732 4269 «
764 4219 1046 4275 Dominus
1080 4223 1290 4292 ἕκτησε)
1324 4237 1540 4294 nempe
1573 4225 1795 4280 craevit
1830 4241 1937 4296 pro
1968 4242 2100 4294 pos-

441 4308 605 4379 sedit)
623 4325 715 4363 me
733 4308 963 4365 initium
981 4309 1216 4366 viarum
1240 4327 1485 4367 suarum
1507 4311 1583 4367 ad
1613 4328 1798 4384 opera
1827 4331 1937 4370 sua
1969 4317 2011 4350 δῖ
2029 4356 2042 4379 ,
2068 4334 2098 4369 ν

441 4395 655 4452 deinde
685 4399 762 4454 ad
803 4397 919 4453 Arii
956 4400 1312 4458 sententiam
1344 4401 1587 4457 inclinet
1619 4419 1632 4466 ;
1666 4402 1714 4457 is
1746 4408 1956 4459 contra
1994 4405 2099 4460 ﬁlii

443 4484 812 4542 divinitatem
867 4487 1136 4558 linguam
1182 4497 1372 4546 acuet.
1431 4489 1544 4546 Sed
1603 4491 1718 4546 Arii
1777 4492 2098 4549 suavitatem

445 4573 827 4632 multifariam
861 4577 1138 4634 insectari
1184 4585 1239 4635 et
1280 4595 1606 4649 coarguere
1640 4595 1893 4651 pronum
1942 4588 2032 4637 est
2081 4601 2095 4638 :

443 4662 768 4730 praesertim
811 4666 956 4735 quia
985 4667 1232 4723 verbum
1272 4672 1477 4735 ἓκτησε,
1526 4669 1690 4725 haud
1723 4685 1826 4742 per
1863 4670 1983 4726 iota
2013 4670 2100 4727 lit-

445 4754 629 4806 teram
656 4752 759 4806 sed
792 4768 894 4824 per
929 4760 1022 4810 eta
1055 4759 1569 4826 pronuntiandum
1602 4759 1649 4813 si
1677 4759 1813 4830 quis
1854 4759 2099 4814 demon-

443 4843 602 4903 stret,
636 4839 683 4894 is
705 4839 1018 4912 loquacem
1047 4843 1333 4899 haereticis
1359 4847 1651 4917 superbiae
1682 4848 2000 4904 audaciam
2024 4848 2097 4904 ad

441 4927 738 4984 silentium
766 4936 934 5002 turpe
958 4932 1292 5002 compellet.
1326 4937 1470 4992 Nam
1500 4937 1749 4993 verbum
1778 4938 1886 4993 hoc
1919 4939 2101 5007 longa

440 5017 629 5076 littera
658 5019 976 5090 prolatum,
1020 5021 1184 5076 nullo
1216 5024 1401 5079 modo
1457 5031 1734 5082 naturam
1775 5027 2095 5092 imminuit,

444 5121 634 5180 neque
653 5109 805 5166 intra
831 5110 1125 5168 minorem
1149 5111 1464 5170 modulum
1493 5120 1770 5183 coarctat,
1799 5131 1993 5188 neque
2019 5117 2096 5172 ad

448 5235 496 5268 ⁵³
529 5237 594 5290 lll
625 5237 762 5305 Reg.
797 5251 936 5301 xxu,
971 5237 1063 5290 20.

453 5306 493 5340 στ
530 5305 704 5363 Prov.
737 5322 860 5373 vm,
889 5312 979 5364 22.

1144 5238 1212 5272 ⁶²⁶
1247 5238 1360 5296 Isa.
1396 5255 1468 5304 v1,
1501 5239 1551 5293 8.

1630 5241 1677 5276 “
1706 5242 1916 5296 Jerem.
1944 5257 2037 5306 xv,
2202 5244 2248 5277 “
2279 5243 2391 5298 Job
2422 5260 2492 5302 γι.
2535 5247 2615 5298 ll.

2210 3177 2357 3228 μενος
2385 3161 2588 3230 Γραγην
2615 3159 2733 3230 εὑρη
2746 3176 2842 3223 σει,
2871 3160 2934 3219 οἷς
2955 3153 3104 3210 οὐδὲν
3123 3160 3285 3232 ’ἔργον
3325 3161 3440 3210 οὔτε
3471 3157 3622 3212 αὐτὸν
3649 3158 3827 3212 λαϐεῖν

2211 3247 2326 3299 οὗτε
2353 3255 2454 3307 τοῖς
2481 3246 2649 3308 ἄλλοις
2678 3245 2986 3317 ἐκκαλύψαι.

2281 3425 2380 3479 κσ.
2429 3424 2502 3475 Οὐ
2542 3430 2694 3496 μόνον
2725 3421 2782 3476 δε
2811 3430 2908 3496 μία
2951 3424 3080 3487 λέξις
3131 3430 3221 3477 καὶ
3250 3430 3364 3478 τότε
3397 3423 3636 3497 βραχεῖα
3687 3428 3830 3478 κατὰ

2209 3514 2375 3566 πολλώ
2413 3516 2502 3585 μὲν
2561 3516 2903 3585 ὑποκειμένων
2968 3519 3236 3586 φερομένη,
3294 3514 3349 3565 οὐ
3418 3523 3703 3587 προσφυῶς
3769 3511 3827 3566 δε

3177 3612 3275 3654 τῶν
3357 3603 3518 3674 ὀρθῶς
3588 3602 3823 3674 ἐχόντων

2210 3623 2311 3674 παρ
2322 3601 2707 3674 αλαμϐανομένη
2721 3647 2733 3662 ,
2810 3606 2895 3654 τόν
2972 3611 3088 3654 νοῦν

2210 3691 2439 3744 ἐπιθολοῖ
2521 3696 2608 3743 καὶ
2703 3688 3060 3763 διαταράττει,
3139 3689 3266 3746 ἀλλὰ
3339 3697 3428 3746 καὶ
3505 3694 3825 3765 γράμματος

2209 3781 2539 3855 παραλλαγὴ,
2605 3784 2633 3838 ἦ
2688 3783 2970 3852 πρόσθεσις
3022 3786 3111 3832 καὶ
3176 3779 3468 3853 ἀφαίρεσις,
3524 3781 3568 3834 εἰ
3616 3788 3708 3833 καὶ
3750 3787 3824 3852 μή

2209 3871 2438 3942 χαλεπόν
2482 3868 2866 3934 ἀποσκευάσαι,
2901 3872 3034 3941 ὅμως
3078 3872 3270 3922 ἄτοπόν
3311 3890 3360 3921 τι
3402 3869 3634 3941 απαντᾴν
3677 3873 3829 3926 εἴωθε

2208 3960 2646 4032 παρασκευάζειν.
2705 3962 2806 4010 Καὶ
2870 3960 2951 4011 ἵνα
3007 3967 3094 4010 νῦν
3152 3957 3290 4012 ἐείσω
3361 3962 3426 4011 τὰ
3481 3959 3633 4024 ἄλλα,
3693 3959 3831 4013 ἀλλὰ

2207 4052 2308 4124 γὰρ
2363 4054 2452 4100 καὶ
2513 4051 2570 4100 τὸ
2638 4050 2849 4105 ἔκτησεν
2908 4051 2951 4100 εἳ
3006 4068 3082 4110 τις
3145 4054 3494 4119 μηκυνόμενον
3568 4045 3666 4101 διὰ
3734 4058 3830 4102 τοῦ

2211 4136 2608 4210 βραχυνομένου
2664 4137 2777 4208 ('Z'l)
2821 4142 2910 4188 καὶ
2963 4137 3180 4210 γράψειε
3219 4143 3308 4189 καὶ
3363 4143 3592 4195 νοήσειεν
3635 4138 3684 4190 ἐν
3728 4148 3831 4210 τῷ,

2213 4247 2240 4277 (ι
2276 4231 2460 4299 Κύριος
2491 4229 2678 4284 ἕκτησέ
2721 4245 2783 4297 με
2843 4225 3016 4297 ἀρχὴν
3073 4223 3206 4278 ὁδῶν
3255 4226 3413 4298 [cod.
3454 4224 3603 4299 ὀδόν]
3661 4229 3832 4281 αὐτοῦ

2210 4317 2278 4378 εἰς
2323 4319 2450 4388 ἔργα
2500 4315 2659 4367 αὐτοῦ
2689 4333 2698 4344 ’
2723 4336 2749 4365 ”
2795 4312 2904 4366 εἶτα
2942 4319 3065 4386 πρὸῖ
3110 4320 3201 4373 τὴν
3242 4324 3332 4367 του
3370 4316 3570 4389 Ἀρείου
3613 4324 3833 4390 Ἱνὼμην

2208 4404 2496 4467 ἀποκλίνοι,
2535 4406 2669 4455 κατά
2715 4412 2801 4463 τῆς
2835 4413 2920 4455 τον
2965 4412 3082 4456 ὶίοὒ
3141 4407 3379 4466 οεότητος
3431 4411 3524 4463 τὴν
3571 4405 3834 4474 γλῶσσαν

2210 4492 2378 4554 ὀξύνοι
2412 4511 2423 4522 ·
2484 4494 2540 4543 οὗ
2584 4496 2640 4543 τό
2692 4489 2970 4564 δύσφημον
3035 4493 3310 4564 πολλαχῶς
3377 4498 3464 4565 μὲν
3523 4493 3835 4568 ἔρραπίζειν

2209 4586 2298 4633 καὶ
2341 4578 2628 4652 διελέγχειν
2684 4584 2830 4655 ρᾲον,
2881 4582 2986 4633 αλλ’
3041 4579 3191 4635 οὐδὲν
3246 4584 3450 4636 ἔλαττόν
3497 4589 3587 4636 καὶ
3629 4588 3714 4636 ότι
3774 4590 3838 4640 τό

2208 4672 2420 4728 ἓκτησεν
2466 4671 2522 4721 οὐ
2575 4681 2663 4730 τῆς
2711 4668 2801 4723 διὰ
2833 4680 2922 4722 τοῦ
2979 4672 3105 4724 ἰῶτα
3147 4682 3415 4744 γραμμῆς,
3472 4669 3563 4725 διὰ
3618 4672 3678 4728 δι
3736 4684 3838 4738 τῆς

2209 4770 2298 4812 του
2348 4758 2449 4818 ἦτα
2513 4766 2886 4832 προφερόμενον
2945 4762 2970 4812 ό
3045 4757 3350 4822 ὑποδεικνὺς
3422 4760 3834 4831 ἀνακαλύπτων,

2209 4850 2275 4910 εἰς
2320 4855 2473 4919 σιγὴν
2515 4851 2777 4921 αἰσχύνης
2813 4859 2900 4901 τον
2954 4853 3215 4924 αἰρετικοῡ
3260 4855 3588 4924 φρονήματος
3636 4857 3695 4906 τὸ
3747 4854 3843 4906 λοί-

2206 4939 2289 4991 λον
2345 4942 2532 5011 θράσος
2599 4939 2866 4990 συνελάσει
2902 4955 2913 4967 °
2967 4941 2996 4998 ἡ
3057 4942 3156 5012 γὰρ
3225 4942 3356 5011 μετὰ
3412 4949 3503 4992 τόν
3568 4944 3838 5012 μεγέθους

2207 5038 2467 5100 προῑονσα
2526 5028 2655 5090 λέξις
2712 5028 2805 5079 οὐκ
2850 5027 3048 5080 ἐλαττοί
3099 5033 3189 5085 τὴν
3243 5033 3419 5097 φύσιν,
3469 5029 3527 5080 οὐ
3587 5035 3680 5101 μὲν
3741 5029 3838 5084 οὖν

2208 5115 2331 5169 οὐδὲ
2373 5117 2638 5171 συστέλλει
2686 5121 2814 5190 πρὸς
2859 5121 2914 5170 τό
2950 5116 3298 5190 βραχύτερον,
3336 5115 3458 5171 οὐδε
3509 5118 3578 5178 εἰς
3621 5125 3841 5192 κτίσμα

2696 5244 2743 5277 ⁸⁵
2769 5241 2882 5297 Job
2912 5257 3074 5308 χχιιι,
3107 5242 3160 5294 3.
3237 5243 3286 5278 ⁶⁶
3318 5242 3456 5298 Jon.
3491 5242 3583 5308 lll,
3621 5249 3673 5300 9.

2017 5410 2250 5468 NOTAE.

509 5585 624 5659 (2t)
668 5585 812 5641 Hinc
845 5587 1264 5656 cognoscimus
1297 5585 1564 5659 Photium
1599 5589 2091 5659 pronuntiavisse

438 5657 613 5714 unico
645 5673 794 5714 sono
817 5661 940 5714 tam
962 5662 1056 5714 ela
1081 5675 1267 5731 quam
1295 5657 1436 5715 iota.
1464 5659 1540 5715 De
1569 5657 1630 5714 se
1658 5658 1869 5731 legesis
1889 5660 2094 5734 dispu-

2202 5592 2423 5646 tantem
2457 5589 2850 5646 Villoisonum
2892 5588 3062 5647 Prole

2202 5661 2487 5720 Anecdot.
2516 5661 2614 5720 Gr.
2641 5667 2787 5718 tom.
2816 5661 2880 5725 ll,
2917 5679 2970 5734 p.
3003 5662 3103 5718 l'26
3137 5677 3300 5734 seqq.

3068 5605 3125 5666 g.
3169 5590 3244 5646 ad
3289 5594 3525 5648 Homer.
3555 5609 3616 5666 p.
3659 5609 3742 5663 Iv,
3782 5600 3844 5652 et
