4086 6190
263 254 336 310 85
1383 253 1478 308 AD
1519 253 2066 320 AMPHILOCHIUM
2109 255 2435 324 QUIES'I‘IO
2479 258 2520 311 Ι.
3575 260 3646 318 86

261 383 360 436 τὴν
417 379 662 430 άκτιστον
721 377 903 434 οὐσίαν
952 380 1169 452 κατάγει
1203 395 1215 409 ·
1275 384 1346 452 μή
1383 399 1434 432 τι
1481 383 1696 450 γένηται
1733 398 1745 411 ⁸

257 472 480 520 κείωσιν
539 463 598 520 δε
675 465 863 527 μᾶλλον
943 471 1032 520 καὶ
1089 468 1388 543 πρόσληψιν
1461 474 1548 522 καὶ
1613 475 1874 522 κοινωνίαν

253 565 360 606 των
423 558 666 628 ὁμοφυῶν
735 563 939 628 ιιαρτος
999 558 1290 632 ὑπογράφει
1344 563 1434 610 καὶ
1485 560 1629 612 Υἰού.
1677 557 1734 610 Ὀ
1777 561 1873 632 γαρ

255 641 576 707 διαστατῶς
623 653 900 716 πανταχοῦ
947 651 1110 698 συνὼν
1150 654 1222 716 τῷ
1275 653 1556 719 γεννήματι
1599 653 1874 721 γεννήτωρ,

254 739 352 786 καὶ
397 731 567 806 μηδὲν
609 731 868 806 ἀπότομον
899 740 986 787 καὶ
1020 732 1335 808 διῃρημένον
1386 745 1478 798 τῆς
1525 735 1719 788 ἐκείνου
1754 735 1877 809 βου-

253 823 358 884 λῆς
409 828 502 876 καὶ
552 828 765 896 γνώμης
819 827 950 878 κατά
999 820 1355 897 ὃμηιουργίαν
1404 819 1544 896 μηδὲ
1581 827 1714 878 κατὰ
1753 830 1878 899 πρό-

253 931 410 964 νοιαν
441 913 706 986 πράττων,
761 909 918 972 δῆλον
949 915 1028 966 ὅτι
1073 915 1183 986 μετ’
1225 913 1530 976 οἰκειωσεως
1577 919 1668 966 καὶ
1704 933 1876 987 προσ-

251 1000 470 1072 λήψεως
517 1009 616 1054 τῶν
656 1000 1026 1074 βουλευμάτων
1082 1011 1181 1056 τῶν
1247 1010 1339 1056 τοῦ
1412 1005 1534 1058 Υἰοῦ
1593 1004 1765 1058 πάντα
1815 1007 1876 1056 ἄν

251 1097 352 1144 καὶ
409 1095 704 1164 προαγάγοι
762 1096 850 1144 καὶ
898 1096 1142 1165 προνοίας
1195 1089 1418 1165 ἀξιώσῃ.
1464 1093 1552 1152 Οἷς
1581 1093 1678 1164 γὰρ
1713 1091 1878 1166 ἀπαρ-

251 1180 522 1234 αἻιλοικτον
574 1185 664 1234 καὶ
723 1184 891 1234 κοινόν
948 1184 1008 1234 τό
1079 1180 1286 1254 ἀξίωμα
1335 1186 1425 1234 καὶ
1482 1183 1511 1240 ἡ
1578 1184 1734 1254 φύσις
1788 1186 1878 1234 καὶ

253 1269 505 1338 ἐξουσία,
571 1271 784 1332 τούτοις
843 1266 1084 1327 δηλονότι
1134 1274 1223 1322 καὶ.
1277 1271 1336 1322 τό
1397 1265 1738 1342 δημιουργεῖν
1789 1273 1878 1322 καὶ

253 1361 536 1430 προάγειν,
593 1358 872 1430 ἀμέριστόν
928 1378 983 1412 τε
1011 1363 1096 1411 καὶ
1152 1355 1496 1423 ἀδιάστατον,
1545 1363 1634 1411 καὶ
1683 1358 1878 1432 παραλ-

251 1447 432 1518 λαγήν
479 1457 574 1508 τῆς
619 1453 835 1520 γνὼημς
877 1447 936 1500 ού
979 1452 1124 1523 φέρον
1166 1444 1436 1520 οὐδεμίαν.
1463 1446 1528 1500 ’⁷0
1555 1452 1644 1500 καὶ
1684 1449 1713 1506 ἡ
1748 1467 1878 1522 παρ-

251 1543 403 1588 οῦσα
439 1540 960 1610 συνεπιμαρτύρηται
997 1537 1151 1611 ῥῆσις
1185 1553 1198 1565 ·
1229 1535 1312 1588 ἐπί
1343 1555 1396 1588 τε
1433 1537 1534 1610 γὰρ
1567 1544 1627 1608 τῇ
1675 1555 1878 1610 κοσμο-

253 1629 440 1696 γενείᾳ
489 1633 580 1677 τού
627 1629 838 1690 παντὸς,
885 1631 973 1678 καὶ
1021 1625 1104 1678 ἐπί
1160 1633 1221 1698 τῇ
1272 1624 1592 1678 ἀνακαινίσει
1641 1629 1728 1678 καὶ
1775 1645 1876 1678 σω-

1800 380 1872 434 οἰ-
1905 384 1948 436 Α
1988 385 2272 438 creatures
2295 381 2698 438 conditionem
2727 383 3126 448 substantiam
3147 383 3472 444 increatam
3497 383 3646 446 redi-

1987 471 2076 542 git
2105 489 2116 538 ;
2151 472 2313 543 quod
2343 471 2496 528 absit
2527 489 2540 538 ;
2575 472 2680 528 sed
2711 472 3216 528 necessitudinem
3245 472 3438 542 potius
3461 478 3518 528 et
3557 489 3649 528 so-

1988 559 2256 616 cietatem
2311 561 2922 632 communionemque
2975 562 3153 616 unitas
3203 565 3432 616 naturis
3463 562 3650 618 Patris

1988 649 2230 721 Filiique
2259 649 2550 706 describit.
2591 650 2698 716 Qui
2719 650 2878 706 enim
2907 649 3176 706 distincte
3205 650 3386 706 simul
3414 649 3652 708 exsistit

1987 751 2125 794 eum
2137 739 2335 809 genito
2353 739 2601 808 genitor,
2619 738 2884 810 nihilque
2905 743 3250 812 separatum
3265 744 3372 796 aut
3387 739 3648 798 divisum

1987 827 2064 884 ab
2095 828 2226 900 ejus
2255 827 2558 884 voluntate
2589 844 2659 884 ac
2691 834 2890 886 mente
2921 829 2982 884 in
3014 829 3328 892 creationis
3357 845 3426 884 ac
3454 828 3651 900 provi-

1986 916 2202 974 dentiae
2246 932 2424 990 opere
2468 917 2626 984 facit,
2669 917 2830 973 hunc
2879 923 3040 990 patet
3067 917 3192 974 fore
3239 923 3302 974 ut
3353 933 3474 974 non
3519 918 3647 974 sine

1987 1007 2305 1076 conjuncto
2325 1006 2607 1078 socioque
2637 1007 2754 1064 Filii
2777 1007 3023 1064 consilio
3040 1007 3240 1070 omnia
3261 1007 3554 1078 producat
3577 1023 3648 1064 ac
3703 997 3712 1006 ’

1986 1094 2366 1167 providentia
2417 1095 2712 1167 dignetur.
2763 1096 2992 1162 Quibus
3042 1097 3200 1152 enim
3231 1095 3446 1152 similis
3491 1096 3648 1152 inest

1988 1183 2448 1254 communisque
2479 1184 2763 1253 dignitas,
2797 1191 3010 1242 natura
3039 1190 3095 1242 et
3123 1189 3409 1256 potestas.
3440 1184 3531 1244 his
3561 1185 3648 1240 ni-

1987 1273 2206 1328 mirum
2256 1288 2456 1328 creare
2487 1274 2662 1338 etiam
2713 1279 2770 1330 et
2813 1273 3070 1336 condere
3109 1273 3506 1344 inseparabile
3539 1274 3644 1330 erit

1987 1367 2166 1434 atque
2199 1361 2628 1430 indistinctum,
2673 1378 2869 1434 neque
2903 1362 3023 1418 ulla
3070 1361 3298 1418 consilii
3353 1361 3646 1422 dissensio

1988 1451 2247 1508 accidet:
2281 1452 2340 1506 id
2369 1452 2534 1524 quod
2576 1467 2840 1523 prassens
2889 1452 3070 1512 etiam
3123 1457 3369 1508 testatur
3401 1451 3643 1508 locutio.

1987 1543 2135 1598 Nam
2168 1541 2290 1596 sive
2322 1542 2380 1596 in
2412 1541 2674 1598 universi
2705 1541 3022 1606 creatione,
3054 1542 3176 1594 sive
3198 1541 3256 1596 in
3283 1539 3435 1610 lapsi
3463 1539 3647 1596 nostri

1991 1630 2224 1700 generis
2253 1634 2432 1702 atque
2459 1629 2516 1684 in
2548 1629 2872 1702 perniciem
2895 1629 3130 1686 decidui
3162 1628 3546 1684 renovatione
3577 1644 3648 1684 ac

255 1719 430 1786 τηρίᾳ
475 1721 568 1766 τού
619 1714 1110 1787 παρολισθάσαντος
1151 1716 1296 1784 ἡμῶν
1368 1719 1542 1786 γένους
1589 1719 1678 1768 καὶ
1720 1734 1878 1767 κατα-

1991 1717 2418 1790 redemptione,
2451 1733 2834 1774 communem
2860 1734 2992 1774 esse
3009 1717 3182 1774 docet
3211 1718 3358 1773 Petri
3383 1717 3648 1790 Filioque

257 1807 522 1866 πεσόντος
553 1803 622 1866 εἱς
667 1803 965 1876 συντριϐἠν,
1011 1807 1187 1862 κοινὴν
1231 1807 1320 1856 καὶ
1377 1809 1470 1861 τὴν
1525 1800 1876 1876 δημιουργίαν

265 1891 386 1946 εἰνα
439 1897 528 1944 καὶ
569 1897 662 1951 τὴν
699 1897 943 1968 πρόνοιαν
999 1895 1204 1967 Πατρός
1241 1897 1330 1944 καὶ
1373 1895 1494 1944 Υίού
1524 1889 1832 1946 ἐκδιδάσκει
1861 1909 1874 1926 ⁸

265 1984 298 2040 ξ
333 2000 394 2036 τε
432 1984 536 2054 γὰρ
584 1989 682 2034 τῶν
731 1982 858 2034 ὅλων
907 1981 962 2034 ἐκ
992 1985 1064 2054 μὴ
1117 1983 1271 2034 ὄντων
1303 1977 1548 2054 πρόοδος,
1587 1987 1675 2034 καὶ
1721 1983 1750 2040 ἡ
1787 1989 1878 2045 τῆς

265 2072 532 2144 ἡμετέρας
579 2075 781 2142 φύσεως
813 2070 880 2132 εἰς
943 2075 1002 2124 τὸ
1049 2078 1230 2144 χεῖρον
1284 2069 1642 2132 ἁπονευσάσης
1695 2068 1778 2122 ἐπὶ
1821 2074 1878 2122 τό

263 2163 480 2231 ἄμεινον
511 2158 798 2222 ἀνάκτησις
841 2165 929 2213 καὶ
973 2159 1282 2236 ἐπιστροφὴ,
1338 2156 1494 2218 δῆλον
1536 2161 1618 2213 ὅτι
1664 2167 1754 2220 τῆς
1787 2165 1878 2212 τού

267 2251 477 2320 Πατρός
533 2253 752 2302 καὶτοῦ
797 2251 919 2302 Υὶοῡ
961 2253 1052 2302 καὶ
1109 2251 1406 2322 Πνεύματός
1457 2249 1570 2302 ἐστι
1626 2244 1880 2322 δημιουρ-

264 2342 388 2408 γίας
435 2343 526 2390 καὶ
565 2342 812 2412 προνοίας
849 2355 861 2367 ·
911 2337 1018 2390 αλλ’
1064 2341 1092 2396 ἡ
1133 2341 1224 2410 μὲν
1271 2340 1326 2390 ἐκ
1356 2345 1445 2392 τοῦ
1505 2337 1880 2391 συστέλλεσθαι

266 2433 362 2480 καὶ
415 2429 745 2498 μηκύνεσθαι
809 2431 1004 2501 γραφὴ,
1069 2431 1133 2488 ὡς
1191 2425 1273 2480 ἐπὶ
1325 2424 1752 2500 παραδείγματος
1808 2427 1880 2482 εἰ-

266 2525 404 2584 πεῖν,
445 2521 540 2576 τὴν
586 2515 806 2592 ἀπορίαν
853 2517 1012 2578 οὕτως
1065 2511 1438 2577 διασκεδάζει.
1485 2515 1748 2578 Ὡσαύτως
1789 2523 1880 2570 καὶ

263 2609 328 2658 τό
407 2605 676 2676 ἐγέννησεν
749 2603 1022 2679 ἀφαίρεσιν
1095 2609 1186 2678 μὲν
1255 2605 1309 2668 ἐξ
1378 2604 1656 2666 ἐπιϐουλῆς
1729 2609 1758 2664 ἤ
1829 2605 1880 2670 ἐξ

268 2695 493 2766 ἀγνοίας
549 2703 639 2748 τοῦ
719 2695 830 2758 ἑνός
879 2716 904 2745 ν
958 2697 1230 2764 πεπονθός,
1303 2697 1603 2767 κτισμάτων
1661 2693 1880 2767 ὕπαρξιν

269 2784 542 2855 ἐπεισάγει
569 2804 582 2816 ·
635 2783 790 2837 λαϐὸν
831 2781 888 2838 δὲ
935 2789 994 2838 τό
1051 2783 1342 2859 ἀφαιρεθόν,
1395 2787 1526 2858 πρὸς
1567 2787 1624 2836 τό
1659 2785 1880 2856 όμοφυές

265 2893 320 2928 τε
385 2879 478 2926 καὶ
535 2875 812 2944 ὁμοούσιον
869 2875 1165 2927 κατευθύνει
1223 2891 1235 2903 '
1293 2873 1579 2926 καὶπολλὰ
1641 2870 1698 2926 δὲ
1751 2871 1880 2926 ἄλλα

1991 1807 2344 1864 creationem
2396 1825 2462 1864 ac
2493 1808 2945 1880 providentiam.
2995 1811 3140 1870 Nam
3187 1811 3243 1862 et
3283 1806 3544 1866 universi
3575 1821 3648 1868 ex

1987 1897 2174 1954 nihilo
2203 1898 2411 1964 exitus,
2457 1903 2516 1954 et
2559 1903 2788 1954 naturas
2835 1901 3052 1952 nostras
3093 1897 3380 1952 deorsum
3432 1911 3538 1967 per
3585 1910 3647 1952 se

1985 1986 2212 2042 mentis
2243 1987 2594 2042 instauratio
2619 2002 2688 2042 ac
2719 1987 3032 2057 reparatio,
3056 1986 3118 2041 id
3143 2001 3341 2052 omne,
3373 1985 3645 2055 inquam,

1988 2089 2026 2132 a
2057 2074 2243 2132 Patris
2269 2080 2324 2130 et
2358 2075 2478 2130 Filii
2509 2079 2566 2132 et
2589 2076 2836 2146 Spiritus
2871 2075 3166 2132 creatione
3195 2074 3475 2146 procedit.
3498 2076 3645 2132 Tum

1987 2178 2125 2220 vero
2153 2162 2350 2220 brevis
2383 2169 2482 2218 aut
2514 2163 2698 2234 longa
2727 2164 3028 2235 scripturae
3059 2162 3354 2234 praedictae
3403 2160 3644 2233 positio,

1989 2256 2054 2308 ut
2083 2251 2143 2308 id
2188 2251 2444 2323 exempli
2475 2251 2664 2318 instar
2693 2253 2786 2318 sit,
2841 2251 3292 2321 ambiguitatem
3324 2251 3440 2306 hoc
3465 2249 3646 2306 modo

1988 2340 2262 2413 dissipat.
2316 2340 2590 2398 Similiter
2627 2341 2877 2398 verbum
2925 2341 3214 2412 ἐγέννησεν,
3263 2340 3310 2396 si
3353 2339 3530 2396 unius
3559 2337 3648 2398 lit..-

1988 2435 2128 2486 teras
2173 2451 2198 2482 ν
2243 2429 2478 2488 inscitia
2550 2429 2642 2486 vel
2695 2435 2828 2486 astu
2887 2430 3310 2492 detrimentum
3364 2427 3643 2499 patiatur,

1989 2523 2250 2576 creatam
2261 2526 2538 2576 naturam
2555 2519 2782 2576 asserit.
2801 2522 3216 2576 Verumtamen
3231 2518 3278 2572 si
3291 2533 3426 2588 quas
3445 2515 3648 2574 ablata

1989 2606 2182 2666 fuerat
2208 2608 2397 2666 littera
2439 2614 2794 2672 resumatur,
2825 2607 2986 2664 unita
3029 2613 3086 2664 et
3113 2603 3646 2662 consubstantialis

1989 2703 2200 2754 natura
2230 2701 2558 2754 revocatur.
2589 2697 2764 2754 Multa
2810 2696 2927 2754 alia
2957 2697 3073 2752 sive
3103 2696 3164 2752 in
3195 2694 3460 2767 profanis
3509 2693 3647 2748 scri-

1987 2787 2102 2857 ptis
2139 2785 2256 2842 sive
2305 2785 2364 2842 in
2411 2785 2596 2844 sacris
2645 2785 2863 2842 nostris
2907 2785 3167 2842 oraculis
3205 2781 3646 2856 deprehendere

1988 2875 2140 2940 licet,
2166 2891 2298 2946 qua:
2331 2875 2438 2932 sub
2457 2874 2738 2932 eamdem
2761 2874 3303 2930 considerationem
3329 2871 3571 2928 cadunt.

274 2966 418 3015 κατά
473 2981 528 3016 τε
605 2966 726 3026 τούς
795 2963 888 3026 ἔξω
941 2962 1122 3034 λόγους
1183 2961 1276 3015 κᾶν
1346 2971 1450 3026 τοῖς
1508 2965 1663 3036 ἱεροῖς
1717 2959 1775 3016 δὲ
1827 2967 1916 3014 καὶ
1959 2965 2227 3038 ἡμετέροις
2279 2972 2554 3038 χρησμοῖς
2605 2965 2861 3037 φωράσειέ
2907 2983 2988 3026 τις
3036 2962 3106 3026 εἰς
3153 2967 3247 3022 τὴν
3301 2961 3464 3018 αὐτὴν
3521 2961 3644 3012 ανά-

270 3057 530 3124 φερόμενα
581 3052 713 3123 σκέψ
722 3073 788 3106 ιν.

343 3139 408 3194 λ’.
457 3141 534 3194 Ού
581 3147 734 3214 μόνον
792 3137 851 3194 δὲ
907 3143 1212 3214 γράμματος
1270 3140 1374 3201 ἑνός
1456 3143 1737 3214 πρόσθεσις
1793 3145 1882 3194 καὶ
1919 3141 1960 3199 C

271 3231 552 3302 ἀφαίρεσις
631 3231 766 3284 οὕτω
844 3229 1042 3284 πολλῶν
1125 3233 1447 3304 πραγμάτων
1515 3235 1882 3302 καταστροφὴν

269 3325 358 3372 καὶ
415 3318 692 3372 ἀλλοίωσιν
751 3317 1120 3394 ἀπεργάζεται,
1192 3318 1320 3372 ἀλλὰ
1385 3325 1477 3372 καὶ
1535 3325 1682 3372 τόνου
1743 3327 1886 3392 χρῆ-

273 3429 357 3470 σις
389 3409 508 3480 (22)
543 3408 638 3460 οὐκ
685 3412 938 3482 εὔκαιρος,
987 3413 1044 3460 τό
1087 3428 1140 3461 τε
1184 3410 1332 3483 ῥῆμα
1379 3407 1489 3462 ἀνθ’
1535 3407 1728 3482 ἐτέρου,
1771 3413 1885 3460 καί·

269 3518 354 3550 τοι
411 3507 507 3560 τῆς
562 3505 764 3572 γραφῆς
831 3495 1174 3550 ἁναλλοιωτου
1245 3500 1500 3570 μενούσης
1586 3493 1882 3570 παρέδειξεν

273 3589 464 3662 ἕτερον,
525 3593 614 3639 καὶ
667 3587 740 3646 εἰς
788 3591 957 3659 νόημα
1023 3586 1278 3646 παντελῶς
1335 3585 1740 3660 ἀλλοτριώτατόν
1797 3589 1882 3638 τὸν

271 3683 390 3728 νοῦν
429 3675 794 3742 ἐκτοπήσασα,
843 3681 874 3734 ἤ
933 3672 1168 3736 δυσσεϐῆ
1221 3672 1379 3740 δόξαν
1410 3679 1440 3734 ἤ
1473 3674 1754 3748 γελώμενον
1795 3674 1884 3732 λῆ-

271 3785 359 3838 ρον
405 3771 671 3835 συνήγαγε
729 3784 740 3796 ⁸
790 3769 842 3818 τί
892 3761 952 3818 δὲ
988 3765 1120 3836 λέγω
1161 3766 1486 3840 γράμματα;
1540 3767 1668 3818 ὅπου
1699 3783 1757 3836 γε
1795 3769 1886 3818 καὶ

275 3854 401 3906 αύτό
451 3858 510 3907 τό
552 3857 756 3906 πάντων
807 3852 1146 3927 βραχύτατον
1191 3855 1222 3912 ἡ
1259 3858 1454 3926 στιγμὴ
1498 3855 1883 3926 κακουργούμε-

274 3963 356 3996 νον
407 3948 436 4000 ἦ
496 3949 880 4016 παρορώμενον,
953 3948 1042 3996 καὶ
1093 3952 1184 4004 τῆς
1253 3943 1444 4006 οἰκείας
1495 3944 1884 4016 μετατιθέμενον

275 4033 488 4102 λήξεως,
561 4029 902 4094 παντοδαπὰς
957 4035 1048 4105 μεν
1110 4036 1198 4084 καὶ
1252 4033 1474 4106 μεγάλας
1523 4035 1742 4106 αἱρέσεις
1791 4030 1885 4086 ἁπ-

279 4127 438 4176 ίτεκεν
473 4139 487 4152 ·
547 4121 780 4196 ἀφρόνων
825 4118 884 4176 δὲ
938 4121 1098 4174 πολύν
1142 4127 1336 4196 χρόνον
1385 4123 1706 4194 κατενεμήθη
1767 4138 1886 4195 φρο-

278 4219 505 4286 νήματα,
569 4217 660 4264 καὶ
717 4219 822 4272 τοῖς
875 4211 1178 4266 εὐσεϐοῦσιν
1231 4214 1365 4264 ὥστε
1423 4210 1770 4285 θριαμϐεῦσαι
1821 4213 1888 4264 τὰ

282 4311 370 4364 τῆς
401 4299 722 4362 δυσσεϐείας
776 4297 1040 4373 δόγματα,
1095 4303 1274 4374 μακρὰ
1319 4306 1558 4376 παρέσχε
1597 4303 1660 4352 τα
1699 4302 1888 4372 ἀγωνί-

283 4410 474 4462 σματα.
533 4390 754 4456 Αύτίκα,
805 4392 888 4444 ἵνα
937 4393 1004 4442 τὰ
1051 4389 1181 4442 σῦλα
1209 4398 1377 4463 παρῶ,
1431 4391 1456 4440 ό
1481 4391 1760 4463 μετάρσιος
1793 4390 1882 4440 ἄν·

281 4481 484 4554 θρωπος
565 4485 657 4532 καὶ
728 4487 824 4541 τῆς
887 4479 1193 4550 οἰκουμένης
1259 4475 1584 4540 διδάσκαλος
1651 4479 1676 4530 ό
1728 4483 1886 4550 μέγας
1919 4495 1959 4548 ί)

279 4568 602 4630 Ἀπόστολος
643 4571 692 4621 ἓν
744 4589 856 4622 τισι
908 4577 1006 4620 τῶν
1085 4568 1244 4622 αὐτοῦ
1310 4571 1632 4640 γραμμάτων
1684 4567 1887 4640 (Κορίν-

283 4660 382 4710 θιοι
411 4653 472 4710 δὲ
501 4662 596 4716 τὴν
627 4655 906 4715 ἐπιστολὴν
937 4652 1318 4728 ὑποδέχονται)
1364 4657 1496 4708 ούτω
1526 4661 1704 4728 φησίν·
1739 4679 1758 4704 ιι
1807 4656 1885 4708 Ἐν

282 4749 354 4809 οἶς
401 4749 426 4798 ό
459 4751 584 4808 Θεὸς
635 4754 727 4800 τού
775 4747 957 4806 αἰῶνος
999 4749 1186 4800 τούτου
1241 4744 1498 4817 ἐτύφλωσε
1549 4747 1616 4798 τὰ
1652 4751 1888 4817 νοήματα

283 4845 376 4888 τῶν
421 4835 678 4902 ἀπίστῶν,
725 4837 796 4897 εἰς
847 4839 904 4888 τό
949 4840 1022 4908 μὴ
1057 4834 1346 4906 ἑναυγάσαι
1394 4835 1572 4896 αύτοίς
1610 4837 1696 4888 τὸν
1729 4853 1888 4905 φωτι-

287 4929 412 4998 σμόν
455 4933 548 4978 τοῦ
583 4925 900 4997 Εύαγγελίον
952 4933 1046 4988 τῆς
1089 4921 1248 4990 δόξης
1279 4932 1372 4976 τού
1427 4929 1680 4996 Χριστοῦ.
1719 4945 1746 4975 ››
1779 4922 1883 4976 ἀλλ’

283 5015 306 5065 ό
331 5017 421 5086 μὲν
472 5021 625 5068 τοῦτο
669 5014 844 5080 εἰπὼν,
915 5015 1208 5086 θαυμάσιόν
1269 5033 1385 5066 τινα
1433 5017 1524 5066 καὶ
1571 5021 1672 5064 τῶν
1727 5011 1888 5086 ούρα-

281 5109 398 5156 νίων
452 5102 824 5177 ἁπηχημάτων
899 5103 1108 5170 ἐπάξιον
1184 5110 1302 5156 νοῦν
1351 5109 1458 5164 τοίς
1515 5101 1890 5174 τεκελεσμένοις

351 5309 398 5348 ⁸⁸
439 5310 484 5365 ll
516 5311 650 5366 Cor.
693 5325 769 5376 1v,
801 5312 854 5365 4.

2063 3146 2151 3198 30.
2195 3145 2396 3215 Neque
2427 3159 2562 3198 vero
2621 3143 2792 3198 unius
2846 3140 3264 3198 tantummodo
3307 3139 3510 3196 litterae
3541 3138 3642 3194 ad-

1984 3231 2162 3304 jectio
2198 3231 2286 3288 vel
2319 3231 2648 3296 subductio,
2685 3235 2767 3286 tot
2793 3247 2992 3286 rerum
3029 3228 3480 3286 subversionem
3514 3243 3648 3284 mu—

1991 3321 2398 3394 tationemque
2443 3319 2602 3388 facit,
2637 3337 2844 3378 verum
2889 3321 3064 3376 etiam
3113 3323 3468 3374 accentuum
3499 3334 3646 3372 usus

1991 3409 2446 3482 intempestivus
2469 3410 2608 3466 facit
2631 3414 2692 3464 ut
2712 3409 2874 3465 aliud
2895 3423 3004 3481 pro
3025 3407 3142 3464 alio
3166 3405 3528 3463 vocabulum
3547 3407 3644 3472 sit,

1992 3514 2342 3571 quanquam
2367 3499 2618 3554 immota
2641 3499 2934 3570 scriptura
2959 3501 3200 3552 maneat
3233 3515 3244 3564 ;
3270 3501 3395 3552 tum
3418 3495 3496 3550 ad
3518 3509 3648 3550 sen-

1991 3588 2240 3644 tentiam
2269 3589 2446 3662 plane
2491 3588 2790 3644 diversam
2827 3591 3026 3642 mente
3055 3585 3376 3650 abstracta,
3410 3589 3510 3640 aut
3538 3584 3647 3640 im—

1993 3677 2160 3748 pium
2193 3693 2439 3734 sensum
2473 3681 2576 3734 aut
2619 3675 2902 3732 ridiculas
2951 3674 3208 3747 ineptias
3245 3673 3488 3730 invehit.
3534 3673 3648 3730 Sed

1993 3781 2099 3822 cur
2128 3765 2350 3822 litteras
2381 3765 2538 3834 dico,
2569 3764 3064 3838 quandoquidem
3093 3762 3490 3834 interpunctio
3521 3761 3646 3833 (qui

1993 3855 2380 3926 brevissimus
2401 3856 2674 3910 omnium
2701 3870 2856 3924 apex
2876 3855 2987 3914 est)
3015 3869 3202 3925 prava
3230 3851 3530 3908 interdum
3547 3855 3650 3906 aut

1993 3943 2474 4014 negiecta,suove
2487 3943 2620 3998 loco
2631 3941 3260 4013 demota,multiplices
3273 3955 3646 4010 magnasque

1995 4032 2250 4088 haereses
2271 4033 2500 4106 peperit
2528 4033 2552 4086 ‘.’
2587 4031 2914 4090 Stultorum
2941 4036 3140 4086 autem
3167 4031 3356 4086 multo
3383 4035 3647 4100 tempore

1995 4137 2270 4178 mansere
2311 4122 2646 4194 opiniones,
2679 4121 2916 4193 piisque
2953 4119 3300 4176 hominibus
3331 4123 3394 4174 ut
3421 4119 3495 4172 de
3533 4117 3650 4172 im-

1993 4210 2229 4282 pietatis
2277 4210 2664 4282 dogmatibus
2715 4209 3168 4282 triumpharent,
3227 4208 3644 4264 diuturnorum

1995 4299 2388 4356 certaminum
2414 4316 2596 4356 causa
2621 4299 2878 4356 fuerunt.
2915 4297 3178 4368 Exempli
3207 4311 3412 4359 causa,
3445 4297 3510 4348 ut
3539 4309 3648 4348 0&3-

1997 4392 2118 4443 tera
2159 4389 2626 4459 praetermittam,
2653 4387 2740 4441 vir
2768 4386 2864 4442 ille
2907 4385 2968 4440 in
3001 4384 3218 4450 cmlum
3249 4382 3516 4438 mortalis
3545 4381 3648 4438 ad-

1995 4476 2112 4532 huc
2143 4477 2435 4546 sublatus,
2465 4481 2522 4532 et
2547 4475 2758 4532 mundi
2783 4475 3008 4536 doctor.
3035 4488 3292 4542 magnus
3313 4469 3646 4544 apostolus,

1995 4567 2054 4619 in
2077 4566 2200 4620 suis
2216 4566 2578 4637 quibusdam
2613 4564 2817 4620 litteris
2839 4567 3080 4634 (nempe
3103 4562 3162 4618 in
3179 4577 3250 4616 ea
3265 4577 3402 4634 quae
3428 4562 3649 4632 scripta

1996 4657 2082 4710 est
2127 4653 2206 4710 ad
2261 4651 2594 4710 Corinthios
2637 4650 2912 4723 epistola)
2959 4650 3042 4706 sic
3093 4650 3217 4706 ait:
3261 4671 3288 4704 α
3321 4655 3386 4706 In
3425 4649 3648 4722 quibus

1995 4743 2148 4798 Deus
2178 4741 2358 4814 hujus
2384 4741 2586 4796 saeculi
2617 4741 2936 4798 excaecavit
2962 4740 3350 4810 cogitationes
3377 4739 3652 4796 incredu-

1995 4833 2210 4898 lorum,
2239 4829 2564 4904 quominus
2605 4829 2698 4886 his
2727 4830 3090 4886 illucesceret
3117 4829 3320 4886 lumen
3352 4827 3648 4900 Evangelii

1997 4921 2201 4992 gloria:
2248 4919 2456 4978 Christi
2495 4921 2564 4975 ⁸⁸.
2597 4941 2624 4970 ››
2659 4919 2948 4992 Equidem
2993 4919 3098 4990 qui
3151 4920 3233 4974 ita
3275 4917 3506 4974 locutus
3535 4921 3644 4982 est,

1997 5010 2308 5066 miriﬁcam
2359 5009 2685 5080 quamdam
2739 5007 3110 5080 vocibusque
3155 5008 3216 5062 in
3253 5008 3402 5064 ccelo
3431 5005 3648 5070 auditis

1996 5099 2246 5172 dignam
2268 5098 2622 5156 sententiam
2637 5097 2944 5170 discipulis
2961 5097 3264 5170 sapientia
3283 5113 3407 5154 sum
3429 5095 3648 5167 imper-

1859 5485 2082 5540 NOT/E.

353 5667 468 5740 (Ξὲ)
509 5669 622 5723 Res
651 5665 962 5723 notissima
985 5661 1444 5738 lexicograpliis,
1468 5681 1624 5738 quos
1645 5664 1795 5721 inter
1823 5662 1924 5721 adi
1955 5677 2059 5719 seu
2086 5659 2372 5734 Cyrillum
2404 5677 2509 5717 seu
2541 5660 2962 5732 Philoponum.
