4086 6190
364 298 431 352 87

363 421 502 477 titus
550 424 654 475 est.
704 424 769 476 At
823 420 979 475 enim
1032 423 1275 478 Manetis
1323 422 1745 493 Marcionisque
1796 422 2022 477 scelesti
2058 424 2098 475 A

366 509 611 565 asseclze
627 508 988 565 locutionem
1006 510 1162 566 hanc
1177 510 1250 567 ad
1267 526 1512 566 sensum
1532 527 1709 565 suum
1723 509 2023 582 captivam

360 597 815 670 quodammodo
840 599 1193 669 pertrahunt
1216 617 1229 654 :
1249 600 1354 671 qui
1378 600 1652 656 videlicet
1684 600 1830 655 dum
1853 600 2004 655 inter

363 689 517 743 Deus
548 693 603 740 et
624 687 803 755 hujus
829 688 1029 743 saaculi
1059 688 1601 761 interpunctionem
1636 689 1763 745 fieri
1790 704 1910 744 non
1945 690 2028 744 si-

363 780 532 839 nunt,
562 791 633 829 eo
664 775 897 831 sceleris
931 780 1227 848 progressi
1262 783 1423 844 sunt,
1450 783 1515 833 ut
1540 794 1661 833 non
1691 778 1885 833 solum
1916 769 2027 849 ipsi

364 864 709 933 gravissime
733 864 1076 934 religionem
1102 866 1613 933 laederent,verum
1640 867 1819 922 etiam
1846 867 2029 922 sacris

366 953 586 1007 Litteris
616 969 861 1009 causam
888 954 1243 1023 attingerent
1276 956 1637 1012 adversandi
1670 957 1787 1011 Deo
1822 976 1834 1013 :
1866 956 1943 1010 ita
1967 960 2030 1010 ut

366 1040 514 1095 alter
552 1041 628 1095 sit
663 1042 834 1114 Deus,
868 1043 973 1115 qui
1021 1044 1415 1100 invisibilium
1448 1060 1651 1100 rerum
1695 1060 1764 1100 ac
1798 1043 2031 1114 spirita-

364 1128 510 1184 lium
544 1130 922 1187 dominatum
951 1134 1264 1189 creationis
1312 1150 1495 1189 causa
1524 1138 1681 1189 tenet
1711 1152 1724 1202 ;
1758 1134 1902 1189 alter
1931 1150 2032 1190 au-

364 1222 483 1272 tem
516 1218 593 1274 ab
624 1218 765 1290 ipsis
795 1220 1151 1291 praedicetur
1182 1226 1335 1277 Deus
1371 1223 1681 1294 praesentis
1715 1222 1937 1290 saeculi,
1976 1226 2032 1279 et

365 1322 571 1362 earum
600 1323 817 1373 rerum,
848 1325 980 1381 qum
1007 1311 1142 1366 huic
1168 1312 1475 1368 cohaerent
1502 1312 1844 1383 similesque
1868 1316 2029 1367 sunt:

366 1400 615 1451 creator.
637 1397 748 1453 Sed
778 1399 935 1453 enim
972 1399 1183 1457 insana
1206 1400 1363 1457 circa
1384 1401 1610 1457 dictum
1640 1401 1754 1457 hoc
1794 1401 2036 1457 cavilla-

368 1484 874 1559 tio,alibiquoque
902 1495 957 1543 et
982 1505 1396 1561 saepenumero
1419 1490 1599 1545 futilis
1629 1492 2030 1547 demonstrata

366 1574 521 1630 fuit:
556 1576 855 1647 prtecipue
904 1594 1042 1633 vero
1090 1581 1485 1647 convincitur,
1541 1581 1683 1653 quia
1738 1596 1854 1635 non
1894 1581 2029 1635 sinit

367 1663 902 1736 interpunctionem
932 1668 1184 1723 statione
1216 1684 1324 1724 sua
1350 1670 1672 1742 quiescere.
1702 1672 1843 1724 Tum
1865 1669 2028 1725 deni-

1585 298 1669 351 PH
1682 298 1821 352 0TH
1865 297 2349 352 PATRIARCHAZ
2388 297 2495 352 CP.

3664 292 3737 345 88

2136 427 2227 479 τὴν
2260 422 2450 473 ἐκείνου
2503 426 2685 493 σοφίαν
2729 429 3087 493 μυσταγωγεῖ.
3123 423 3188 472 Οἱ
3236 416 3286 471 δ’
3338 417 3439 470 ἀπὸ
3479 420 3739 477 Μάνεντος

2136 517 2223 563 καὶ
2278 512 2581 583 Μαρκίωνος
2655 508 2933 572 δυσσικεῖς
3008 510 3335 581 ἁρπάσαντες
3392 512 3486 564 την
3546 511 3740 578 φωνην,

2136 605 2225 651 καὶ
2282 605 2406 675 πρὸς
2460 605 2550 657 την
2630 597 2769 652 ἰδίαν
2853 599 3335 671 αἱχμαλωτίσαντες
3393 597 3579 668 ὁρμὴν,
3632 594 3741 646 εἶτα

2138 689 2329 761 μεταξύ
2382 697 2474 741 τοῦ
2525 693 2655 751 Θεός
2704 695 2793 741 καὶ
2847 697 2937 741 τοῦ
2997 688 3179 747 αἰῶνος
3260 690 3446 738 τούτου
3501 685 3559 736 οὗ
3607 704 3740 756 παρ-

2140 784 2269 839 έντες
2330 781 2536 831 κεῖσθαι
2614 784 2702 835 την
2782 783 3029 849 στιγμὴν,
3096 777 3162 836 εἰς
3237 778 3497 831 τοσαύτην
3583 770 3740 831 ἦλθον

2142 864 2455 929 δυσσεϐείας
2500 866 2805 939 ὑπερϐολὴν,
2854 870 2921 926 ὡς
2964 871 3034 938 μὴ
3081 870 3233 937 μόνον
3273 866 3338 915 tu
3369 867 3578 934 ἔσχατα
3607 858 3741 913 δυτ-

2142 955 2325 1019 σεϐεἰν,
2390 955 2515 1007 ἀλλά
2573 960 2661 1007 καὶ
2726 964 2839 1017 ταῖς
2893 957 3047 1029 ἱεραῖς
3100 960 3289 1025 φωναῖς
3343 951 3583 1002 ἀνάπτειν
3643 954 3740 1007 τὴν

2143 1045 2311 1096 αἰτίαν
2356 1052 2443 1097 τοῦ
2490 1047 2765 1117 θεομαχεῖν
2794 1064 2806 1076 ·
2840 1050 2929 1096 καὶ
2971 1046 3136 1117 ἕτερον
3184 1046 3273 1114 μὲν
3321 1040 3449 1093 εἰναι
3494 1036 3739 1101 δοξάζειν

2144 1137 2272 1187 Θεὸν
2303 1136 2355 1195 ὃς
2392 1143 2488 1185 τῶν
2538 1132 2768 1206 ἀοράτων
2809 1153 2860 1186 τε
2892 1137 2979 1185 καὶ
3010 1140 3204 1189 νοητῶν
3248 1140 3339 1191 τῆς
3388 1126 3742 1200 δημιουργίας

2144 1225 2255 1293 ἔχει
2298 1226 2390 1279 την
2440 1223 2632 1297 ἀρχὴν,
2681 1224 2846 1296 ἕτερον
2888 1218 2947 1274 δὲ
2976 1226 3061 1273 τὸν
3105 1229 3196 1273 τοῦ
3235 1223 3484 1291 παρόντος
3529 1217 3739 1277 αἰῶνος,

2142 1317 2231 1364 καὶ
2278 1313 2378 1363 ὅσα
2420 1315 2690 1383 σύστοιχα
2719 1314 2901 1363 τούτου
2943 1315 3032 1361 καὶ
3062 1311 3318 1381 ὁμοταγῆ,
3366 1306 3741 1378 ἀνακηρύττειν

2142 1404 2487 1473 Δημιουργόν.
2537 1400 2675 1453 Ἀλλ’
2723 1402 2750 1458 ἡ
2805 1403 2893 1472 μὶν
2945 1404 3061 1471 περὶ
3107 1402 3165 1450 τὸ
3204 1399 3360 1472 ῥητόν
3400 1392 3742 1468 φρενοϐλαϐὴς

2142 1489 2384 1548 ἐπιϐουλὴ
2435 1496 2523 1541 καὶ
2572 1489 2749 1542 ἄλλοτε
2795 1493 2884 1559 μεν
2942 1488 3261 1558 πολλαχόθεν
3320 1482 3587 1537 δείκνυται
3645 1502 3742 1534 σα-

2143 1581 2258 1652 θρά,
2295 1575 2447 1631 οὐδὲν
2492 1575 2551 1631 δὲ
2597 1580 2750 1636 ἧττον
2796 1575 3126 1649 διελεγχθείη
3174 1578 3233 1627 άν
3282 1579 3370 1626 καὶ
3417 1576 3496 1625 ὅτι
3542 1576 3612 1644 μὴ
3641 1576 3739 1629 τὴν

2142 1673 2366 1740 στιγμὴν
2426 1666 2507 1720 ἐπὶ
2579 1677 2673 1729 τῆς
2751 1668 2945 1727 οἰκείας
3010 1672 3192 1738 χώρας
3248 1666 3441 1735 ἀφῆκεν
3503 1663 3734 1735 ἡρεμείνδ

364 1767 481 1824 que
512 1753 654 1824 quia
671 1770 934 1825 praesens
962 1758 1246 1812 saeculum
1268 1759 1449 1815 modo
1471 1758 1716 1831 quidem
1738 1759 2017 1829 temporis

2138 1757 2247 1809 ἐπεὶ
2276 1762 2366 1809 καὶ
2411 1759 2644 1832 ὸπαρὼν
2688 1758 2812 1809 αἰὼν
2850 1759 2972 1809 ποτε
3015 1759 3104 1827 μὶν
3130 1754 3291 1812 αὐτὴν
3342 1758 3434 1811 τὴν
3482 1754 3734 1825 χρονικην

366 1840 642 1910 spatium,
677 1843 857 1898 modo
906 1859 1044 1899 vero
1092 1846 1270 1901 etiam
1312 1846 1638 1916 ﬂagitiosos
1685 1852 1869 1909 actus,
1922 1847 2024 1918 qui

368 1943 474 1999 per
499 1929 653 1985 hanc
679 1931 855 1987 vitam
886 1935 1218 2003 germinare
1246 1937 1452 2001 solent,
1485 1936 1800 2005 significat.
1832 1938 2024 2001 Quare

368 2018 416 2071 si
442 2019 576 2089 quis
594 2020 773 2075 etiam
801 2021 961 2077 illam
991 2023 1147 2079 circa
1172 2025 1707 2095 iuterpunctionem
1737 2024 2023 2079 malitiam

368 2107 673 2177 impunem
730 2125 861 2164 esse
922 2112 1096 2181 sinat,
1158 2113 1540 2168 nihilominus
1613 2113 2023 2169 haereticorum

368 2197 711 2253 sententiam
732 2198 999 2255 funditus
1014 2202 1281 2273 perimet.
1300 2202 1579 2259 Malorum
1597 2203 1755 2257 enim
1774 2217 2025 2273 operum

370 2289 547 2356 atque
573 2291 812 2343 actuum
846 2306 981 2345 cum
1018 2298 1175 2346 sator
1201 2297 1258 2347 et
1301 2292 1576 2349 incitator
1606 2291 1879 2347 diabolus
1910 2291 1983 2346 sit
2011 2306 2023 2355 ;

366 2371 526 2428 hunc
554 2374 599 2428 si
636 2374 779 2432 forte
813 2379 1018 2434 talium
1053 2396 1249 2435 rerum
1282 2380 1595 2436 dominum
1628 2386 1682 2435 et
1719 2385 2026 2434 auctorem

367 2466 424 2516 et
447 2462 625 2517 deum
652 2465 832 2520 etiam
856 2467 1153 2533 dicamus,
1184 2469 1379 2525 verbis
1406 2469 1637 2525 inﬂexis
1664 2470 1923 2524 maxime
1950 2467 2024 2522 ad

368 2564 573 2605 eorum
602 2552 944 2623 opinionem
978 2558 1079 2628 qui
1105 2558 1260 2611 illius
1296 2558 1533 2614 malitia:
1568 2560 2023 2629 morigerantur,

366 2637 590 2693 nullum
622 2641 759 2695 hinc
786 2645 1121 2713 apostatica
1168 2646 1518 2718 improbitas
1572 2648 1802 2703 lucrum
1835 2649 2023 2705 faciet.

366 2728 511 2782 Nam
541 2733 596 2783 et
622 2730 887 2799 gentium
921 2732 1100 2799 idola,
1136 2750 1304 2790 casso
1332 2752 1474 2792 sane
1509 2737 1771 2803 nomine,
1807 2739 1911 2793 sed
1945 2744 2021 2796 ta~

368 2830 502 2870 men
538 2816 892 2875 dicebantur
930 2821 1030 2876 dii.
1067 2825 1130 2877 Et
1160 2822 1435 2879 diabolus
1465 2824 1710 2896 quidem
1736 2830 2023 2881 creatura;

364 2904 619 2976 alicujus
653 2910 742 2963 vel
768 2924 962 2965 rerum
988 2911 1225 2967 firmam
1254 2918 1599 2987 certamque
1622 2914 2018 2971 substantiam

363 2994 713 3052 habentium
746 3014 1057 3071 nunquam
1100 3002 1248 3057 deus
1279 3004 1503 3059 dicetur
1531 3004 1619 3059 vel
1651 3004 2014 3060 existimabi-

365 3088 457 3138 tur
492 3105 503 3139 :
536 3087 851 3159 casteroqui
885 3089 959 3143 ad
993 3106 1209 3162 pravos
1255 3092 1500 3148 affectus
1531 3094 1697 3166 quod
1728 3094 1935 3150 attinet
1964 3096 2017 3149 et

2130 3099 2218 3167 μὲν
2275 3092 2363 3148 οὖν
2429 3096 2523 3148 οὐκ
2579 3098 2639 3147 ἄν
2694 3100 2809 3149 οὔτε
2847 3095 3060 3166 λεχθείη
3108 3098 3223 3146 οὔτε
3270 3095 3539 3165 νομισθείη
3585 3111 3598 3124 ⁸

362 3179 693 3244 peccatum,
728 3176 947 3249 quibus
973 3179 1101 3250 ipse
1146 3189 1200 3235 et
1226 3182 1445 3249 gaudet
1474 3187 1647 3255 atque
1686 3184 1933 3255 laetatur,
1961 3192 2015 3241 et

361 3262 508 3317 alios
536 3264 1171 3323 fraudulenterillicere
1190 3286 1502 3343 nunquam
1529 3272 1745 3329 desinit
1776 3274 2013 3346 ;quoad

360 3350 603 3422 quidem
655 3353 734 3408 ita
784 3371 844 3409 se
889 3364 1070 3425 geret,
1115 3373 1292 3415 nemo
1332 3376 1469 3415 eum
1519 3362 1854 3432 pernicioso
1898 3364 2012 3419 hoc

361 3438 699 3512 infelicique
746 3442 1061 3500 dominatu
1113 3451 1291 3519 atque
1343 3448 1593 3520 imperio
1639 3450 1857 3521 pollere
1905 3468 2012 3507 ne-

362 3527 543 3596 gabit.

432 3620 517 3671 3t.
564 3619 627 3672 Et
658 3633 895 3675 sacrum
925 3621 1167 3692 quidem
1198 3623 1356 3680 Pauli
1383 3625 1608 3682 dictum
1641 3628 1825 3699 probe
1853 3630 2010 3693 novi,

360 3720 480 3760 non
512 3706 795 3776 praedicta
813 3710 1008 3765 solum
1039 3711 1567 3781 demonstratione,
1602 3722 2013 3788 apostatarum

359 3810 603 3849 sensum
640 3796 819 3853 vitare
848 3815 861 3864 ;
892 3815 1096 3856 verum
1125 3803 1301 3858 etiam
1340 3804 1565 3860 omissa
1596 3808 2013 3880 interpunctio-

359 3884 450 3939 nis
477 3886 797 3953 mentione,
840 3888 1227 3947 nihilominus
1259 3909 1432 3965 posse
1465 3897 1854 3953 temeritatem
1885 3898 2011 3953 illo—

358 3989 491 4029 rum
545 3974 805 4046 infringi.
838 3980 983 4033 Nam
1031 3980 1198 4036 sicuti
1253 3998 1425 4038 verus
1475 3985 1628 4039 Deus
1659 3993 1857 4041 noster
1886 3987 2013 4043 uni-

360 4062 515 4117 versi
564 4072 810 4131 creator,
872 4069 1025 4122 Deus
1081 4070 1209 4125 caeli
1261 4076 1565 4145 terraeque,
1626 4074 2011 4131 nihilominus

358 4150 573 4206 dicitur
589 4152 766 4209 etiam
787 4156 941 4210 Deus
960 4156 1284 4215 Abrahami
1302 4165 1358 4216 et
1375 4161 1560 4217 Isaaci
1586 4169 1763 4235 atque
1780 4163 2008 4229 Jacobi,

359 4244 415 4295 et
439 4243 587 4296 Deus
608 4244 1053 4312 consolationis,
1086 4253 1143 4303 et
1175 4251 1325 4305 Deus
1356 4252 1518 4322 pacis
1548 4270 1560 4319 ;
1589 4268 1783 4324 neque
1810 4258 2009 4308 tamen

359 4329 577 4385 idcirco
624 4337 973 4389 ceterarum
1028 4336 1308 4394 similium
1356 4339 1747 4413 ejusdemque
1786 4341 2010 4396 ordinis

357 4433 554 4473 rerum
598 4435 718 4476 non
770 4427 857 4478 est
912 4427 1063 4479 Deus
1112 4442 1123 4479 :
1172 4426 1294 4482 imo
1344 4428 1537 4499 potius
1599 4430 1742 4501 quia
1797 4429 2011 4485 dicitur
2042 4470 2086 4523 Β

356 4507 773 4578 praedictorum
787 4510 1214 4571 elementorum
1228 4516 1597 4574 ethominum
1612 4518 2009 4591 bonitatisquc

362 4598 531 4660 Deus,
564 4597 818 4655 aliarum
847 4617 1090 4675 quoque
1117 4620 1312 4660 rerum
1352 4609 1503 4662 Deus
1528 4608 1959 4678 comprobatur
1991 4624 2004 4673 ;

356 4685 434 4741 ita
465 4701 601 4742 cum
647 4688 861 4744 dicitur
892 4690 1071 4762 hujus
1117 4694 1317 4750 saeculi
1368 4697 1542 4765 Deus,
1571 4713 1604 4751 a
1634 4702 1795 4767 parte
1831 4697 2008 4752 simul

357 4774 700 4845 intelligitur
752 4779 1046 4851 simulque
1096 4782 1450 4852 prmdicatur
1487 4802 1684 4840 rerum
1734 4788 2007 4841 omnium

360 4868 529 4928 Deus,
564 4865 686 4921 sive
724 4883 860 4939 quae
893 4869 969 4923 ad
1011 4871 1365 4940 spiritalium
1408 4874 1529 4930 sive
1557 4892 1687 4947 quae
1720 4876 1794 4931 ad
1828 4876 2009 4931 sensi-

355 4951 501 5007 lium
524 4953 793 5009 ordinem
820 4957 1131 5027 pertinent.
1160 4959 1311 5024 Quin
1342 4962 1489 5019 adeo
1523 4965 1571 5019 si
1602 4964 1805 5021 latiore
1828 4982 2007 5022 sensu

355 5040 584 5096 dictum
608 5042 722 5097 hoc
753 5045 1133 5115 intelligatur,
1168 5050 1336 5106 facile
1367 5052 1426 5107 id
1455 5070 1660 5110 rursus
1684 5054 2007 5111 calumnia-

357 5135 553 5185 torum
578 5131 827 5188 insidias
854 5135 1083 5192 evadet.
1110 5139 1329 5195 Mentes
1360 5142 1642 5200 nimirum
1672 5146 2007 5202 incredulo-

354 5234 487 5274 rum
518 5220 700 5291 hujus
734 5225 930 5279 seaculi
973 5229 1122 5282 Deus
1144 5237 1403 5287 excaecat
1436 5250 1448 5297 ;
1474 5234 1586 5289 hoc
1612 5242 1702 5291 est
1729 5236 2007 5306 indignas

350 5307 579 5378 judicat
608 5310 1030 5370 defaecatarum
1058 5332 1256 5374 rerum
1284 5322 1803 5395 contemplatione,
1836 5326 2005 5396 cujus

353 5412 467 5468 ope
503 5399 867 5470 contingeret
916 5404 1001 5458 eis
1059 5410 1353 5476 Evangelii
1398 5411 1623 5468 lumine
1656 5414 2001 5471 collustrari.

356 5486 679 5544 incredulis
709 5491 867 5547 enim
896 5493 1071 5564 hujus
1114 5498 1314 5554 saeculi
1352 5499 1697 5557 hominibus
1722 5502 2005 5560 rebellare

354 5578 531 5646 atque
545 5576 849 5636 adversari
866 5584 1105 5642 Domino
1119 5601 1228 5642 suo
1241 5589 1616 5661 Creatorique
1629 5592 2001 5663 permittitur;

2138 1850 2456 1919 παράτασιν,
2500 1848 2612 1899 ἔσθ’
2655 1848 2736 1899 ὅτε
2779 1844 2837 1900 δὲ
2868 1852 2956 1898 καὶ
2996 1848 3089 1906 τάς
3136 1844 3359 1904 ἀτόπους
3401 1842 3634 1917 πράξεις,
3677 1842 3733 1890 αἱ

2137 1934 2271 1987 κατά
2318 1940 2404 1988 τὸν
2452 1942 2684 2009 παρόντα
2730 1935 2846 2007 βίον
2890 1936 3132 1987 εἰώθασιν
3178 1932 3497 2004 ἀναφύεσθαι
3540 1933 3732 2000 σημαί-

2135 2044 2208 2077 νει
2259 2043 2272 2056 ο
2307 2028 2441 2078 ὥστε
2492 2030 2582 2077 καὶ
2634 2029 2677 2077 εἴ
2721 2045 2799 2087 τις
2856 2025 3029 2083 αὐτοῖς
3085 2026 3143 2074 τό
3191 2026 3308 2095 περὶ
3359 2024 3452 2078 τὴν
3504 2023 3731 2090 στιγμὴν

2136 2117 2480 2188 κακούργημα
2534 2111 2767 2178 ἐνδώσει,
2824 2110 2973 2166 οὐδὲν
3014 2112 3217 2164 ἔλαττον
3277 2110 3444 2162 αὐτῶν
3492 2112 3551 2160 τὸ
3606 2111 3733 2180 γρό-

2136 2225 2275 2276 νημα
2339 2206 2741 2276 καθαιρούμενον
2814 2200 3094 2274 διελέγχει.
3152 2208 3263 2253 Τῶν
3320 2202 3422 2271 γὰρ
3495 2204 3735 2266 πονηρῶν

2138 2295 2296 2363 ἔργων
2344 2297 2433 2344 καὶ
2490 2293 2719 2365 πράξεων
2777 2292 2866 2344 ἅτε
2919 2288 2987 2349 δὴ
3055 2294 3271 2363 σπορεύς
3317 2292 3407 2339 καὶ
3458 2283 3738 2343 ύποϐολεὺς

2138 2384 2162 2433 ό
2214 2380 2503 2453 ἀρχέκακος
2572 2386 2656 2450 ὧν,
2716 2382 2757 2434 εἰ
2822 2384 3000 2453 κύριος
3044 2380 3211 2431 αὐτῶν
3263 2383 3351 2430 καὶ
3415 2374 3740 2448 δημιουργὸς

2137 2477 2225 2523 καὶ
2280 2473 2389 2532 θεὸς
2437 2472 2643 2544 ῥηθείη,
2695 2474 2823 2545 πρὸς
2877 2475 2970 2528 τὴν
3016 2466 3173 2531 δόξαν
3217 2467 3448 2540 μάλιστα
3498 2472 3598 2516 τῶν
3642 2464 3741 2513 ὐπ-

2139 2565 2485 2634 ηρετουμένων
2549 2561 2705 2613 αὐτοῦ
2760 2568 2821 2633 τῇ
2881 2565 3102 2633 πονηρίᾳ
3163 2567 3261 2610 τῶν
3315 2557 3561 2631 ῥημάτων
3616 2552 3741 2625 μεθ-

2138 2651 2520 2724 αρμοζομένων,
2576 2647 2723 2702 οὐδὲν
2780 2652 2840 2701 ἀν
2893 2652 2922 2707 η
2982 2649 3271 2708 ἀποστάτις
3322 2644 3565 2701 ἐπιϐουλή
3622 2647 3739 2712 κερ-

2138 2737 2225 2800 δος
2264 2742 2492 2814 εὑρήσει·
2568 2738 2674 2792 ἐπεὶ
2740 2744 2829 2791 καὶ
2882 2742 2946 2791 τα
3006 2746 3104 2790 τῶν
3161 2736 3313 2788 ἐθνῶν
3367 2731 3576 2798 εἴδωλα,
3640 2735 3737 2788 οὐκ

2136 2826 2269 2887 ἦσαν
2336 2832 2426 2900 μὲν
2493 2831 2614 2903 ὅπερ
2691 2828 2940 2899 ἐλέγοντο,
3000 2826 3225 2898 ἐλέγοντο
3300 2821 3350 2877 δ’
3412 2826 3549 2897 ὅμως
3604 2826 3730 2877 θεοί.

2135 2922 2264 2979 Θεὸς
2338 2921 2427 2989 μὲν
2492 2921 2593 2993 γὰρ
2653 2914 3007 2990 δημιουργίας
3088 2918 3222 2975 τινός
3294 2914 3322 2972 ἦ
3410 2916 3732 2988 πραγμάτων

2133 3005 2356 3078 ἑχόντων
2407 3009 2673 3080 σταθηράν
2715 3012 2804 3058 καὶ
2855 3006 3238 3079 γνωριζομένην
3292 3006 3607 3069 ὑπόστασιν,
3669 3003 3730 3055 ού

3647 3111 3729 3144 εκ-

2130 3187 2328 3256 θέσμων
2376 3182 2434 3237 δε
2472 3188 2648 3237 παθῶν
2696 3191 2785 3237 καὶ
2819 3184 3095 3258 ἁμαρτίας,
3143 3180 3218 3245 οἷς
3267 3178 3451 3241 ἣδεται
3486 3184 3571 3232 καὶ
3601 3200 3724 3254 τρυ-

2125 3281 2195 3346 φᾷ
2244 3280 2332 3327 καὶ
2376 3279 2494 3336 τοὺς
2550 3275 2732 3337 ἄλλους
2792 3278 2917 3348 πρὸς
2970 3274 3105 3326 αύτά
3154 3269 3210 3325 δι
3249 3290 3259 3301 ·
3318 3270 3519 3331 ἀπάτης
3563 3270 3725 3323 ὓικειν

2123 3367 2391 3417 άπαυστον
2452 3368 2563 3437 ἔχει
2601 3367 2658 3416 τὸ
2704 3364 2997 3436 φιλονικεῖν,
3044 3366 3237 3437 μέχρις
3283 3364 3344 3414 ἄν
3391 3369 3557 3413 ταῦτα
3588 3361 3723 3433 ἑνερ·

2121 3462 2209 3526 γῇ,
2272 3451 2446 3514 οὐδεὶς
2512 3454 2667 3505 αὐτόν
2730 3457 2843 3505 οὔτε
2906 3460 3003 3513 τῆς
3074 3452 3305 3525 ὀλεθρίου
3369 3452 3564 3511 ταύτης
3631 3454 3723 3499 καὶ

2124 3543 2305 3605 ἀθλίας
2344 3546 2672 3617 κυριότητος,
2717 3545 2832 3594 οὔτε
2862 3546 2963 3612 μὴν
2996 3549 3089 3601 τῆς
3113 3539 3283 3614 ἀρχῆς
3313 3538 3611 3600 ἀπαλλάξει-

2192 3632 2291 3684 λα’.
2327 3629 2467 3684 Οἶδα
2508 3628 2556 3683 δ’
2588 3632 2668 3683 ὃτι
2705 3635 2761 3682 τὸ
2790 3633 2920 3702 ἱερὸν
2952 3637 3040 3682 τοῦ
3074 3629 3279 3681 Παύλου
3329 3630 3509 3702 ῥητὸν,
3550 3626 3607 3678 οὗ
3630 3632 3723 3698 μὸ-

2122 3741 2203 3774 νον
2251 3721 2305 3773 ἐκ
2368 3730 2459 3781 τῆς
2512 3724 2761 3780 τοιαύτης
2815 3722 3025 3791 θεωρίας
3076 3720 3168 3777 τήν
3231 3715 3388 3780 δόξαν
3451 3714 3722 3788 διαφεύγει

2121 3820 2217 3863 τῶν
2272 3809 2601 3875 ἀποστατῶν,
2654 3809 2781 3861 ἀλλά
2829 3813 2917 3859 καὶ
2972 3812 3014 3860 εἰ
3067 3828 3145 3869 τις
3188 3810 3273 3859 τόν
3318 3812 3434 3881 περὶ
3493 3813 3722 3877 στιγμῆς

2120 3902 2269 3973 λόγον
2318 3900 2479 3966 ἐάσει,
2542 3896 2692 3951 οὐδὲν
2757 3898 2964 3950 ἔλαττον
3019 3898 3185 3949 αὐτῶν
3264 3898 3595 3969 καταισχύνῃ
3661 3899 3721 3947 τὸ

2120 3995 2386 4063 προπετές.
2437 3989 2637 4063 Ὠσπερ
2686 3989 2844 4060 γάρό
2897 3986 3092 4048 ἀληθὴς
3146 3990 3276 4048 Θεὸς
3324 3988 3469 4058 ἡμῶν
3507 3990 3596 4037 καὶ
3626 3992 3720 4036 τοῦ

2119 4084 2307 4141 παντὸς
2368 4081 2712 4152 Δημιουργὸς,
2765 4081 2891 4138 Θεὸς
2942 4076 3162 4151 ούρανοῦ
3210 4081 3298 4127 καὶ
3355 4083 3477 4147 γῆς,
3528 4073 3721 4144 λέγοιτ’

2121 4171 2180 4220 οἶν
2231 4168 2320 4220 καί
2378 4171 2507 4228 Θεὸς
2555 4166 2792 4239 ’Λϐραάμ
2843 4171 2930 4217 καὶ
2986 4166 3165 4217 Ἰσαάκ
3214 4170 3301 4217 καὶ
3367 4162 3573 4228 Ἰακὼϐ,
3628 4168 3721 4214 καὶ

2121 4262 2243 4319 Θεὸς
2290 4256 2690 4328 παρακλήσεως,
2747 4260 2835 4307 καὶ
2896 4258 3027 4316 (θεὸς
3077 4254 3304 4327 εἰρήνης,
3356 4258 3444 4306 καὶ
3491 4249 3720 4304 οὖδέπου

2122 4345 2215 4401 diu
2269 4354 2435 4397 ταῦτα
2483 4354 2580 4395 τῶν
2631 4346 2902 4416 ὁμοταγῶν
2960 4349 3049 4396 καὶ
3099 4347 3402 4414 σνστοίχων
3460 4343 3554 4394 οὐκ
3607 4343 3721 4392 ἔστι

2122 4439 2263 4497 Θεὸς,
2326 4433 2454 4485 ἀλλά
2501 4433 2689 4505 μᾶλλον
2745 4432 2796 4495 ἐξ
2843 4434 2910 4484 ὧν
2956 4432 3158 4504 λέγεται
3220 4434 3435 4498 τούτων,
3492 4435 3721 4483 καὶτῶν

2120 4523 2283 4577 ἄλλων
2331 4524 2691 4593 συνεισάγεται
2735 4526 2881 4583 Θεὸς
2936 4522 3070 4573 οὕτω
3117 4526 3203 4572 καὶ
3258 4524 3386 4583 Θεὸς
3417 4528 3508 4572 τοῦ
3536 4519 3721 4580 αἰῶνος

2119 4618 2301 4667 τούτου
2337 4612 2563 4683 λεχθεὶς,
2627 4610 2726 4663 ἀπὸ
2777 4616 2964 4684 μέρους
3008 4616 3096 4662 xui
3145 4618 3237 4663 τοῦ
3270 4612 3478 4674 παντὸς,
3532 4611 3633 4661 ὅσα
3669 4629 3725 4661 τε

2122 4704 2191 4765 εἰς
2250 4707 2437 4760 νοητήν
2489 4700 2636 4763 λῆξιν
2694 4705 2783 4752 καὶ
2858 4702 2956 4752 ὅσα
3000 4704 3129 4772 πρός
3182 4702 3432 4757 αἴσθησιν
3481 4698 3722 4773 ἀναφέρε-

2119 4803 2223 4858 ται,
2280 4798 2653 4844 συνεπινοείται
2719 4794 2806 4841 xui
2868 4792 3375 4862 συνανακηρύττεται
3431 4808 3442 4820 ·
3500 4788 3557 4840 οὗ
3622 4793 3722 4860 μὴν

2121 4881 2246 4934 ἀ)λά
2331 4885 2420 4932 xui
2494 4880 2611 4931 καθ’
2709 4880 2983 4952 ὑπέρθεσιν
3072 4882 3127 4929 τὸ
3208 4879 3365 4952 ῥητὸν
3453 4875 3718 4948 ἐκληφθεν,

2119 4978 2291 5025 πᾶσαν
2348 4966 2543 5045 ῥᾳδίως
2600 4977 2698 5020 τῶν
2756 4966 3140 5039 ἐπηρεαζόντων
3206 4964 3475 5038 διαφεύγει
3534 4965 3719 5025 λαϐήν.

2709 4880 2983 4953 ὑπέρθεσιν

2118 5064 2194 5113 Τὰ
2231 5063 2333 5134 γὰρ
2386 5064 2625 5131 νοήματα
2668 5065 2766 5109 τῶν
2812 5055 3045 5109 ἀπίστων
3087 5064 3177 5107 τού
3228 5056 3411 5116 αἰῶνος
3452 5058 3639 5107 τούτου
3694 5057 3719 5107 ό

2120 5154 2247 5211 Θεὸς
2300 5148 2481 5220 τυφλοί
2527 5165 2539 5176 '
2572 5151 2838 5199 τουτέστιν
2893 5144 3078 5208 ἀνάξια
3114 5150 3275 5219 κρίνει
3338 5153 3427 5205 τῆς
3484 5156 3583 5196 των
3635 5164 3717 5197 κε-

2118 5241 2448 5311 καθαρμένων
2504 5238 2713 5311 θεωρίας

2120 5331 2249 5401 σμόν
2295 5327 2675 5395 ἐναυγασθῆναι
2732 5332 2823 5378 τοῦ
2864 5324 3199 5397 Εὑαγγελίου.
3236 5326 3302 5375 Oi
3348 5328 3436 5395 μὲν
3475 5326 3576 5396 γὰρ
3626 5331 3719 5375 τοῦ

2117 5426 2203 5469 νύν
2243 5416 2426 5476 αἰῶνος
2464 5417 2703 5480 ἄπιστοι,
2752 5420 2841 5467 καὶ
2878 5415 3183 5475 στασιάζειν
3229 5419 3319 5466 καὶ
3363 5413 3717 5488 προσφιλονει-

2766 5256 2777 5268 ·
2829 5232 2902 5288 δι’
2951 5237 3014 5298 ἧς
3059 5235 3231 5295 αὐτοῖς
3271 5238 3382 5294 ἐνῆν
3435 5239 3521 5287 τόν
3562 5254 3722 5306 φωτι-

2115 5515 2221 5560 κεὶν
2261 5504 2493 5577 ἀφίενται
2540 5512 2611 5574 τῷ
2654 5503 2825 5574 οἰκείῳ
2856 5508 3085 5575 Δεσπότη
3142 5508 3231 5555 xui
3262 5510 3571 5576 Δημιουργῷ
3606 5518 3618 5530 ·
3664 5502 3715 5553 ἐν

2118 5592 2177 5647 δὲ
2226 5602 2296 5664 τῷ
2348 5592 2581 5665 μελλοντι
2620 5595 2702 5646 ὅτε
2753 5600 2853 5646 πᾶν
2900 5597 3024 5665 γόνυ
3063 5592 3261 5664 κάμψει
3308 5592 3448 5663 αὐτῷ
3492 5592 3714 5664 ἐπουρα-
