4086 6190
283 211 346 266 39
1367 197 1462 256 AD
1503 185 2052 258 AMPHILOCHIUM
2096 201 2424 266 QUESTIO
2467 204 2508 257 ι.
3553 209 3624 266 90

285 339 390 386 vim
419 337 506 385 καὶ
535 331 764 404 ἐπιγείων
794 333 884 381 καὶ
930 329 1312 400 καταχθονίων,
1356 331 1445 380 καὶ
1473 333 1622 380 πᾶσα
1649 327 1865 398 γλῶσσα

1980 331 2386 384 verumtamen
2427 329 2486 384 in
2526 327 2746 396 futuro,
2787 345 2924 386 cum
2956 346 3136 386 omne
3171 348 3328 404 genu
3359 331 3624 392 ﬂectetur

283 422 701 495 ἐξομολογήσεται
735 419 896 489 αὐτῷ,
941 413 1118 480 οὐδεὶς
1157 415 1324 468 αὐτῶν
1373 419 1489 468 οὔτε
1536 415 1862 476 ἀποστασίας

280 517 388 566 οὗτε
435 511 742 582 φιλονεικίας
795 509 824 567 ἦ
873 507 1085 578 ἀγνοίας
1145 505 1216 567 εἰς
1269 509 1326 558 τὸ
1371 509 1444 578 μὴ
1495 503 1724 558 συνιδεῖν
1768 510 1862 564 τὴν

277 604 400 653 κατά
433 601 630 652 πάντων
676 603 968 670 κυριότητα
1003 601 1089 648 καὶ
1141 599 1198 648 τὸ
1243 597 1448 668 κράτος,
1485 593 1864 669 ἓπιπροσθὰσει

275 697 452 762 γνόγος
483 691 512 748 ᾖ
549 687 730 760 ἀχλύς.

338 867 440 940 ιβ’.
471 867 608 918 Ἀλλ’
665 868 786 940 ὅπερ
843 864 1041 936 ἐλέγετο
1095 866 1186 936 μὲν
1239 865 1268 922 ἡ
1311 867 1430 937 περὶ
1479 871 1574 926 τῆς
1635 871 1866 936 στιγμῆς

279 957 456 1028 σκέψις
513 956 574 1008 οὗ
617 961 768 1028 μόνον
825 953 874 1006 ἐν
927 961 1037 1014 τοῖς
1095 955 1456 1014 θεοπνεύστοις
1513 961 1606 1004 τοῦ
1657 953 1862 1006 Παύλου

273 1049 460 1120 ῥητοῖς,
513 1049 926 1119 κακουργήμασι
984 1046 1075 1115 μὲν
1119 1037 1316 1094 δίδωσι.
1363 1041 1554 1102 πλάνης
1611 1041 1862 1118 ἀφορμὰς,

273 1134 736 1209 ἀκριϐολογουμένη
815 1129 874 1186 δὲ
939 1135 1284 1206 καταστρέφει
1365 1133 1460 1192 τάς
1511 1141 1608 1194 τῆς
1665 1132 1864 1194 ἀπάτης

273 1227 528 1298 μηχανὰς,
587 1222 715 1275 ἀλλά
762 1227 852 1274 καὶ
907 1219 956 1272 ἐν
1013 1221 1199 1282 αὐταῖς
1253 1227 1366 1282 ταῖς
1419 1226 1756 1281 Δεσποτικαῐς
1811 1240 1865 1272 τε

271 1320 354 1366 καὶ
421 1319 706 1384 Κυριακαίς
756 1318 944 1382 φωναῖς
995 1309 1054 1362 οὐ
1097 1314 1192 1368 τήν
1247 1317 1522 1380 τυχοῦσαν
1565 1313 1696 1382 πρὸς
1751 1309 1866 1362 εκά-

271 1423 384 1476 τερα
433 1398 638 1454 δίδωσι
694 1401 882 1474 ῥοπήν.
933 1402 1000 1450 Oi.
1037 1401 1138 1472 γὰρ
1187 1397 1338 1450 αὐτοὶ
1385 1407 1480 1474 τῆς
1539 1397 1866 1459 ἀποστασίας

269 1495 500 1562 ἐρασταὶ,
571 1495 668 1550 τὴς
745 1495 1062 1547 Δεσποτικῆς
1134 1483 1486 1559 δημιουργίας
1559 1491 1616 1540 τὸ
1677 1490 1864 1560 ὡραῖον

273 1589 414 1632 τουτο
461 1583 554 1630 καὶ
609 1579 1045 1649 θαυμασιώτατον
1089 1575 1466 1648 φιλοτέχνημα,
1527 1575 1616 1628 τὸν
1673 1579 1865 1650 ὁρώμε-

1971 415 2050 472 illi
2083 417 2432 482 caelestium,
2467 421 2826 474 terrestrium
2851 425 2906 475 et
2932 419 3320 488 infernorum,
3345 427 3402 478 et
3425 426 3622 480 omnis

1971 504 2174 574 lingua
2203 505 2568 562 conﬁtebitur
2593 506 2646 562 ei
2675 523 2690 572 ;
2719 506 2897 563 nulla;
2923 507 3050 578 jam
3083 509 3160 564 ab
3192 509 3260 564 iis
3306 512 3622 584 apostasiae

1973 594 2064 650 vel
2091 595 2430 666 pertinaciae
2459 595 2552 650 vel
2593 595 2838 652 inscitiae
2870 598 3312 668 prtetendentur
3341 601 3618 666 tenebrir,

1972 683 2296 755 quominus
2319 684 2418 740 Dei
2443 683 2836 741 universalem
2865 685 3241 742 dominatum
3271 690 3624 760 potentiam-

1973 787 2090 843 que
2120 779 2470 840 agnoscant.

2043 860 2138 917 32.
2167 861 2364 932 Atqui,
2399 868 2458 916 ut
2497 861 2786 918 hactenus
2807 862 3032 918 dictum
3063 869 3167 930 est,
3203 865 3624 938 interpunctio-

1973 948 2068 1004 nis
2107 949 2446 1006 observatio
2477 965 2598 1006 non
2624 949 2818 1006 solum
2845 951 2906 1006 in
2931 968 3188 1024 superne
3215 953 3430 1010 atﬂatis
3463 955 3620 1010 Pauli

1977 1037 2148 1092 dictis
2173 1037 2410 1094 malitiae
2435 1038 2742 1110 errorique
2769 1054 2986 1094 ansam
3008 1041 3251 1112 praebet.
3272 1059 3406 1114 quae
3423 1049 3624 1100 tamen

1975 1127 2026 1182 si
2049 1132 2202 1183 recte
2225 1127 2348 1192 fiat,
2381 1127 2604 1184 fraudis
2629 1128 2874 1184 technas
2899 1129 3145 1202 dissipat
3169 1149 3182 1186 :
3215 1148 3422 1188 verum
3441 1134 3622 1188 etiam

1973 1216 2034 1270 in
2065 1215 2382 1272 dominicis
2419 1217 2562 1288 ipsis
2607 1231 2906 1289 supremae
2947 1218 3320 1276 auctoritatis
3351 1221 3622 1286 vocibus,

1973 1321 2096 1360 non
2121 1305 2418 1362 mediocre
2439 1306 2674 1379 utrique
2691 1308 2988 1364 sententiae
3007 1315 3380 1365 momentum
3399 1311 3624 1366 confert

1973 1393 2386 1465 interpunctio.
2409 1397 2676 1466 Namque
2697 1395 2878 1451 iidem
2893 1397 3004 1468 ipsi
3027 1399 3342 1468 apostasize
3359 1399 3617 1466 asseclaa,

1975 1483 2304 1554 speciosum
2325 1483 2440 1540 hoc
2453 1484 2976 1556 admirandumque
2987 1486 3294 1542 dominicae
3313 1488 3622 1544 creationis

1973 1572 2310 1638 tediticiuni,
2343 1572 2770 1644 aspectabilem
2813 1574 2948 1629 dico
2981 1575 3414 1647 pulchrumque
3449 1593 3618 1632 muno

271 1689 346 1720 νον
399 1669 528 1738 λέγω
575 1671 668 1718 καὶ
719 1665 998 1740 περικαλλῆ
1051 1669 1270 1736 κόσμον,
1307 1665 1366 1716 οὗ
1417 1664 1639 1726 θέλοντες
1683 1665 1864 1738 ἀνομο-

1980 1660 2142 1730 dum,
2174 1661 2316 1716 dum
2343 1661 2634 1718 Creatoris
2656 1676 2810 1733 opus
2835 1677 2966 1718 esse
2983 1669 3225 1732 negant,
3255 1665 3624 1736 incongrua:-

271 1757 426 1828 λογεῑν
483 1759 636 1830 ἔργον
676 1753 806 1806 εἶναι
853 1761 946 1806 τοῦ
985 1760 1336 1826 Δημιουργοῦ,
1395 1752 1503 1806 ἀλλ’
1562 1755 1632 1816 εἰς
1693 1754 1864 1829 ἑτέραν

271 1849 448 1898 ἄτοπον
499 1844 899 1916 φιλονεικοῦντες
953 1841 1217 1916 ἀναφέρειν
1279 1841 1454 1916 ἀρχὴν
1483 1847 1563 1908 τὸ,
1609 1865 1628 1893 ε
1691 1846 1866 1896 Πάντα

273 1932 340 1988 δι’
384 1935 546 1986 αὐτοῦ
595 1932 812 2004 ἐγένετο,
865 1937 952 1984 καὶ
1003 1937 1174 2006 χωρὶς
1225 1931 1384 1984 αὐτοῦ
1451 1931 1644 2003 ἐγένετο
1715 1930 1864 1986 οὐδὲν

271 2027 540 2094 όγέγονεν,
579 2045 609 2074 ››
667 2021 762 2074 οὐκ
813 2020 1062 2092 ἀγαπῶσι
1093 2019 1406 2092 καταλήγειν
1465 2021 1536 2082 εἰς
1595 2027 1818 2094 στιγμήν
1848 2041 1860 2052 -

273 2117 582 2184 συνείροντες
627 2107 688 2162 δὲ
727 2115 834 2170 τοῖς
867 2107 1192 2183 προλαϐοῦσι
1243 2114 1334 2161 καὶ
1373 2113 1430 2162 τό
1487 2108 1536 2161 ἐν
1581 2110 1742 2181 αὐτῷ,
1775 2112 1866 2164 οὖ-

273 2219 358 2262 τως
393 2201 664 2274 λήγουσαν
695 2205 790 2258 τὴν
821 2203 990 2272 φωνὴν
1017 2197 1234 2270 ἀφιᾶσιν
1265 2197 1336 2258 εἰς
1369 2203 1617 2271 στιγμὰν.
1651 2203 1744 2252 Διά
1771 2205 1862 2268 τίς

273 2289 370 2344 Ἰνα
403 2293 470 2342 τὰ
505 2289 554 2342 ἐν
607 2288 750 2358 αὖτῷ
795 2283 872 2340 δι’
915 2287 1078 2340 αὐτοῦ
1123 2289 1366 2358 γενέσθαι
1412 2286 1640 2359 λέγοντες
1687 2295 1858 2362 μόνον,

271 2381 414 2432 ὁποία
437 2379 498 2430 ἀν
529 2379 706 2430 αὐτῶν
735 2381 826 2429 καὶ
851 2380 908 2429 τό
939 2378 1160 2448 μάταιον
1190 2385 1292 2428 τῶν
1323 2375 1588 2450 λογισμῶν
1639 2376 1863 2432 ἀναπλά-

271 2489 368 2534 σοι,
419 2477 518 2520 τῶν
589 2471 880 2538 γεγονότων
946 2465 1138 2518 λοιπῶν
1207 2465 1446 2518 ἀπάντων
1497 2471 1591 2525 τὴν
1663 2473 1862 2537 γένεσιν

271 2557 412 2610 αὐτὸν
435 2557 784 2630 ἀφαιρήσωσι
807 2559 896 2606 καὶ
922 2551 1296 2629 δημιουργίαν.
1327 2553 1502 2626 Ὀρᾷς,
1533 2559 1622 2608 καὶ
1651 2557 1712 2608 οὗ
1734 2555 1864 2629 βρα-

269 2651 480 2720 χύτερον
511 2645 610 2698 οὐκ
641 2647 784 2696 ἔστιν
805 2639 988 2715 εὑρεῖν,
1020 2647 1092 2716 μὴ
1123 2651 1186 2716 τῇ
1211 2646 1481 2718 πρεπούσῃ
1505 2650 1675 2717 κρίσει
1703 2647 1862 2698 καθυ-

269 2735 530 2802 ποϐληθὲν,
559 2735 686 2787 οἰων
735 2731 932 2784 ἀτόπων
979 2751 1030 2784 τε
1075 2737 1165 2784 καὶ
1199 2728 1632 2786 δυσσεϐεστάτων
1671 2736 1862 2806 νοημά-

269 2845 358 2878 των
381 2823 588 2898 ἀφορμὴ
620 2829 732 2883 τοῖς
779 2819 1032 2874 ἀσεϐοῦσι
1063 2823 1382 2874 καθίσταται
1428 2825 1518 2874 καὶ
1547 2829 1816 2895 καταφυγή
1847 2839 1859 2888 ;

333 2911 420 2984 λγ’.
455 2913 567 2966 Οὐκ
612 2910 784 2982 ἀγνοώ
827 2907 886 2962 δὲ
929 2913 992 2970 ὡς
1023 2915 1113 2962 καὶ
1169 2909 1326 2972 ἄλλας
1372 2913 1516 2972 τινάς
1575 2910 1864 2964 ἐπαναστά-

1971 1765 2090 1822 que
2111 1749 2208 1804 alii
2223 1749 2434 1821 origini
2453 1748 2706 1806 tribuere
2719 1751 2976 1816 student,
2992 1751 3350 1808 locutionem
3369 1773 3392 1804 ιι
3411 1754 3624 1810 Omnia

1977 1853 2078 1911 per
2103 1838 2291 1911 ipsum
2323 1839 2474 1894 facta
2497 1843 2654 1904 sunt,
2691 1847 2745 1896 et
2783 1841 2904 1896 sine
2938 1839 3071 1912 ipso
3109 1841 3333 1897 factum
3361 1847 3450 1898 est
3475 1842 3624 1898 nihil

1974 1928 2140 2000 quod
2157 1929 2378 1985 factum
2395 1930 2639 1994 est“.7°,
2659 1949 2686 1982 »
2705 1929 3397 2002 noluntinterpunctione
3421 1931 3622 1998 ﬁnire;

1975 2016 2084 2072 sed
2125 2017 2406 2088 copulata
2457 2033 2594 2072 cum
2649 2018 3055 2090 superioribus
3116 2023 3401 2090 sequente
3440 2019 3622 2076 etiam

1975 2105 2232 2162 dictione
2257 2107 2320 2162 in
2351 2109 2494 2175 ipso.
2533 2113 2656 2162 tum
2686 2107 2928 2162 demum
2973 2109 3290 2178 periodum
3323 2107 3627 2179 interpun-

1973 2195 2170 2252 ctione
2193 2195 2572 2252 concludunt.
2597 2196 2744 2260 Cur;
2777 2195 3050 2251 videlicet
3073 2201 3227 2252 utea
3243 2212 3379 2268 quae
3409 2203 3546 2254 sunt
3563 2199 3623 2254 in

1973 2285 2125 2357 ipso,
2181 2283 2596 2342 tantummodo
2625 2283 2824 2340 dicant
2869 2285 3022 2340 facta
3059 2301 3166 2356 per
3207 2287 3404 2357 ipsum
3433 2287 3624 2359 (quae-

1973 2390 2212 2446 cunque
2243 2375 2370 2430 haec
2396 2373 2640 2428 demum
2673 2373 2854 2429 stulta
2885 2390 3054 2430 mens
3081 2375 3318 2431 illorum
3351 2377 3462 2432 sibi
3493 2393 3624 2432 esse

1971 2463 2278 2536 conﬁngit)
2311 2479 2326 2528 ;
2353 2467 2696 2518 ceterarum
2725 2469 2922 2518 autem
2949 2479 3146 2518 rerum
3165 2465 3460 2533 omnium,
3487 2481 3623 2538 qua:

1973 2552 2140 2608 factae
2165 2551 2424 2616 fuerunt,
2455 2551 2647 2608 Verbo
2669 2549 2939 2607 auferant
2977 2551 3268 2622 originem
3299 2561 3354 2608 et
3383 2554 3624 2608 creatio-

1973 2657 2134 2698 nem.
2181 2645 2322 2698 Hem
2367 2657 2482 2706 res,
2529 2655 2652 2712 qua
2681 2639 2846 2696 nulla
2895 2641 3088 2696 minor
3139 2641 3390 2697 iuveniri
3413 2649 3620 2714 potest,

1971 2748 2148 2804 quam
2167 2731 2556 2786 absurdarum
2571 2729 2994 2802 impiarnmque
3005 2729 3348 2802 opinionum
3363 2731 3624 2788 scelestis

1973 2819 2316 2877 hominibus
2340 2835 2550 2875 ansam
2582 2818 2858 2874 obtulerit
2887 2834 2958 2874 ac
2987 2819 3326 2890 perfugium
3367 2821 3378 2872 Ξ

2045 2915 2131 2967 33.
2197 2913 2324 2966 Non
2377 2907 2579 2963 nescio
2631 2907 2760 2962 aliis
2814 2923 3052 2980 quoque
3105 2907 3624 2966 sollicitationibus

273 3021 372 3064 σεις
421 3005 450 3060 ἡ
513 3001 827 3062 αὐτόλεκτος
883 2999 1012 3058 αὕτη
1075 3003 1164 3052 καὶ
1225 3005 1510 3058 Δεσποτική
1567 3003 1710 3074 παρὰ
1771 3007 1863 3060 τὴν

1980 3001 2132 3056 hanc
2144 2999 2342 3070 ipsam
2355 2996 2718 3052 locutionem
2732 2995 3100 3052 dominicam
3126 2997 3336 3054 eadem
3351 2999 3426 3052 de
3441 3013 3625 3054 causa

273 3091 420 3149 αὐτην
469 3092 650 3144 αἰτίαν
699 3087 896 3148 ὑπέστη
949 3093 1106 3161 φωνή.
1154 3088 1212 3140 Ὀ
1267 3092 1358 3160 μὲν
1391 3091 1493 3162 γάρ
1542 3093 1708 3150 κοινὸς
1770 3099 1865 3153 τῆς

273 3181 504 3243 ἀληθείας
533 3185 632 3232 καὶ
673 3178 978 3253 ἀπερίεργος
1006 3177 1156 3249 λόγος
1195 3181 1326 3249 μετά
1373 3177 1452 3244 τό,
1493 3200 1520 3226 ‹‹
1567 3181 1744 3232 Πάντα
1791 3177 1865 3232 δι’

273 3271 424 3322 αὐτου
473 3269 697 3342 ἐγένετο,
749 3271 839 3320 καὶ
889 3271 1060 3340 χωρίς
1109 3266 1274 3318 αὐτοῦ
1316 3265 1510 3338 ἐγένετο
1561 3263 1686 3320 οὐδὲ
1735 3269 1784 3320 ἓν
1839 3269 1866 3320 ὁ

272 3363 484 3428 γέγονεν,
519 3381 550 3412 ››
585 3359 658 3417 ὡς
687 3361 776 3408 καὶ
799 3361 1130 3430 προείρηται,
1165 3355 1330 3416 οὕτως
1367 3353 1548 3426 ἐπάγει
1591 3360 1684 3414 τὴν
1717 3375 1864 3428 στιγ-

273 3452 368 3518 μήν
397 3465 410 3478 ·
447 3449 498 3500 οἱ
529 3442 594 3500 δὲ
615 3446 862 3506 στίζουσι
889 3447 980 3516 μὲν
1013 3445 1144 3516 μετά
1179 3447 1238 3496 τὸ
1270 3439 1440 3510 οὐδὲν,
1482 3452 1659 3517 αρχῆς
1689 3441 1748 3498 δι
1777 3443 1866 3497 ἀπ’

275 3535 422 3598 illi};
467 3539 814 3610 προφέροντες
869 3537 950 3599 τὸ,
1005 3555 1032 3583 ιι
1083 3531 1150 3584 ’⁷0
1192 3537 1398 3604 γέγονεν
1451 3531 1502 3584 ἐν
1559 3537 1700 3603 αὐτῷ
1755 3535 1863 3594 ζωὴ

275 3623 352 3690 ἦν,
385 3649 410 3675 η
457 3635 580 3678 νοῦν
631 3627 720 3696 μὲν
767 3621 1046 3694 ἀναγκαῖον
1076 3617 1264 3674 οὐδένα
1293 3618 1567 3686 δηλοῦσιν,
1597 3622 1867 3694 ἀνοίγουσι

277 3710 332 3765 δὲ
377 3724 478 3774 τοῖς
529 3713 864 3786 βουλομένοις
913 3713 980 3762 τά
1030 3713 1262 3782 μυστικά
1315 3715 1404 3761 καὶ
1463 3714 1652 3784 φρικτὰ
1705 3711 1864 3769 κάλλη

277 3812 370 3854 τῶν
409 3807 552 3878 ἱερῶν
601 3804 747 3873 ἡμῶν
789 3805 986 3871 Λογίων
1031 3802 1412 3874 κατορχείσθαι
1445 3800 1690 3852 πλατεῖαν
1721 3797 1863 3853 ὁδόν.

276 3897 334 3944 Τί
365 3897 460 3966 γὰρ
487 3891 600 3942 ἐνὸν
632 3890 904 3963 ἀρκεῖσθαι
955 3896 1060 3950 τοῖς
1091 3887 1433 3960 ἐγνωσμένοις
1480 3895 1570 3942 καὶ
1616 3889 1869 3944 κάλλιστα

277 3989 362 4041 τῆς
416 3981 686 4056 ἑρμηνείας
745 3981 984 4050 ἔχουσιν,
1041 3980 1396 4052 ὑπερορῶντας
1453 3985 1616 4032 ταῦτα
1669 3980 1865 4052 ζητεῖν,

277 4078 378 4131 τοῖς
429 4066 600 4142 μηδεν
643 4067 818 4139 ὅμοιον
874 4070 1218 4138 κεκτημένοις,
1269 4071 1550 4126 καινότητα
1605 4065 1664 4122 δὲ
1717 4073 1870 4140 μόνον

281 4159 662 4232 χαριζομένοις,
713 4155 1142 4224 καλλωπίζεϐαι;
1199 4159 1299 4208 Καὶ
1357 4156 1414 4209 οὗ
1482 4159 1612 4210 κατά
1666 4159 1870 4210 πάντων

284 4251 406 4322 φέρω
453 4253 550 4306 τὴν
601 4245 795 4318 ψῆφον,
853 4243 960 4296 ἀλλ’
1010 4244 1078 4296 ὧν
1133 4247 1160 4302 ἡ
1217 4251 1398 4318 γνώμη
1449 4249 1536 4298 τὸν
1587 4245 1735 4318 λόγον
1780 4267 1871 4320 μοι

283 4331 536 4388 δείκνυσιν
588 4334 990 4392 ἐπαληθεύοντα.
1022 4332 1214 4406 Ἃρχει
1253 4330 1313 4386 δὲ
1359 4342 1454 4396 τῆς
1485 4331 1612 4387 ὀδοῦ
1652 4338 1869 4403 ταύτης,

285 4425 376 4476 ὃσα
417 4445 474 4497 γε
525 4429 622 4482 τήν
681 4423 806 4495 ἐμὴν
858 4423 952 4474 οὐκ
1007 4422 1148 4474 ἔλιπε
1195 4428 1424 4495 μνήμην,
1485 4425 1511 4475 ό
1564 4423 1872 4496 πολυμαθὴς

285 4515 366 4584 μὲν
413 4511 568 4567 οὐδε-θ
619 4509 680 4566 δὲ
727 4513 881 4570 ἧττον
939 4511 968 4568 ἦ
1020 4509 1351 4574 πολυπλανὴς
1403 4511 1674 4586 Ὠριγένης
1731 4513 1867 4584 (‘23)'

285 4599 548 4676 ἐκδέχεται
607 4597 666 4655 δε
697 4605 790 4659 τήν
837 4605 1063 4672 μίμησιν
1110 4601 1135 4652 ὁ
1177 4603 1624 4674 Πνευματομάχος
1662 4601 1871 4675 [Mace-

285 4691 534 4764 donius],
579 4691 622 4744 εἰ
673 4695 764 4743 καί
792 4693 864 4762 μὴ
894 4696 990 4750 τῆς
1037 4683 1351 4752 δυσσεϐείας
1399 4690 1482 4762 (οὐ
1519 4693 1622 4763 γὰρ
1671 4691 1782 4763 οἶμα
1817 4709 1872 4744 τε

287 4785 370 4838 την
427 4784 656 4852 στιγμὴν
717 4777 906 4839 ἇκείνος
975 4779 1282 4849 ὑπερετίθει,
1337 4785 1426 4832 καὶ
1473 4783 1568 4838 τὴν
1635 4777 1872 4834 ἀσέϐειαν

289 4867 374 4921 ὸιά
411 4877 504 4922 τοῦ
551 4871 716 4944 ῥητοῦ
765 4863 1189 4940 μετεδίδασκεν),
1222 4867 1328 4922 ἀλλ’
1361 4867 1452 4923 οὖν
1497 4891 1558 4944 γε
1613 4879 1706 4934 τῆς
1753 4877 1872 4945 περὶ

357 5023 422 5076 θ’.
445 5023 491 5059 το
519 5023 692 5079 Joan.
725 5037 762 5088 ι,
785 5024 838 5077 3.

1974 3088 2296 3146 obnoxiam
2321 3086 2525 3142 fuisse.
2551 3087 2706 3142 Sane
2733 3085 3070 3142 communis
3097 3091 3154 3142 et
3183 3088 3448 3156 ingenua
3479 3089 3624 3144 veri-

1978 3178 2112 3236 tatis
2151 3175 2301 3232 ratio
2350 3179 2485 3247 post
2531 3174 2706 3231 verba
2737 3195 2764 3226 ‹‹
2797 3173 3012 3230 Omnia
3064 3191 3168 3246 per
3217 3175 3418 3247 ipsum
3468 3177 3629 3234 facta

1977 3271 2132 3332 sunt,
2163 3271 2222 3322 et
2251 3265 2378 3320 sine
2405 3264 2538 3336 ipso
2565 3263 2788 3320 factum
2827 3267 2916 3319 est
2945 3263 3092 3320 nihil
3117 3265 3284 3336 quod
3315 3265 3560 3332 factum,
3595 3287 3624 3318 »

1975 3353 2538 3426 interpunctionem,
2563 3357 2627 3409 ut
2640 3351 3064 3423 jamdiximus,
3082 3354 3270 3425 ponit.
3293 3354 3402 3410 Alii
3425 3361 3624 3412 tamen

1976 3445 2408 3516 interpungunt
2445 3447 2578 3515 post
2605 3441 2758 3499 nihil
2785 3459 2798 3498 :
2831 3445 2958 3498 tum
2995 3441 3174 3498 veluti
3207 3459 3278 3498 ex
3309 3443 3430 3502 alio
3459 3445 3628 3502 initio

1977 3531 2364 3605 proferentes.
2391 3553 2420 3582 «
2463 3531 2632 3596 Quod
2671 3530 2886 3586 factum
2915 3535 3004 3586 est
3033 3531 3090 3586 in
3119 3531 3250 3603 ipso
3279 3533 3394 3588 vita
3421 3538 3567 3600 erat,
3603 3557 3622 3582 ι

1979 3638 2224 3677 sensum
2273 3621 2514 3694 quidem
2563 3619 2844 3676 idoneum
2889 3620 3120 3676 nullum
3174 3619 3471 3688 afferunt;
3507 3623 3629 3676 imo

1976 3711 2162 3767 latam
2187 3712 2342 3766 viam
2377 3714 2646 3764 sternunt
2667 3709 2754 3774 iis,
2779 3710 2880 3782 qui
2911 3725 3214 3766 sacrorum
3239 3713 3550 3782 mysticum
3576 3719 3632 3766 et

1977 3805 2298 3873 augustum
2347 3797 2726 3856 oraculorum
2779 3805 3116 3854 nostrorum
3173 3799 3354 3855 decus
3411 3801 3632 3856 violare

1978 3890 2258 3962 gestiunt.
2292 3888 2408 3944 Cur
2446 3888 2604 3943 enim
2633 3904 2770 3944 cum
2801 3889 2973 3944 liceat
3004 3890 3252 3960 probata
3281 3893 3338 3945 et
3363 3889 3632 3960 pulcher-

1979 3979 2132 4036 rima
2170 3977 2654 4050 interpretatione
2678 3993 2807 4034 esse
2845 3977 3164 4046 contentis,
3196 3994 3320 4046 cur,
3357 3978 3630 4052 inquam,

1977 4068 2093 4124 hac
2115 4071 2335 4140 spreta,
2355 4067 2651 4139 captanda
2667 4070 2757 4122 est
2775 4065 3032 4122 aliorum
3051 4081 3339 4122 sensuum
3361 4067 3631 4135 gloriola,

1979 4156 2082 4230 qui
2108 4155 2264 4228 equi
2295 4154 2574 4227 ponderis
2605 4153 2749 4210 nihil
2787 4154 3027 4222 habentI
3070 4157 3322 4212 novitati
3371 4161 3635 4212 tantum-

1981 4245 2164 4302 modo
2193 4244 2567 4302 veliﬁcantur
2593 4245 2622 4299 ‘I
2644 4247 2844 4316 Neque
2875 4243 3162 4300 adversus
3189 4259 3400 4300 omnes
3426 4243 3636 4301 suﬂ‘ra-

1910 4355 1952 4406 ι)
1981 4335 2146 4406 gium
2176 4335 2320 4406 fero,
2352 4333 2457 4390 sed
2477 4338 2688 4390 contra
2717 4349 2820 4390 eos
2843 4347 3100 4405 quorum
3131 4331 3398 4388 doctrina
3427 4348 3630 4390 veram

1981 4437 2110 4480 esse
2139 4423 2408 4492 coarguit
2443 4421 2966 4494 reprehensionem
3007 4436 3225 4478 meam.
3277 4420 3435 4477 Hanc
3471 4422 3632 4479 viam

1983 4513 2212 4585 primus
2243 4511 2548 4581 ingressus
2580 4515 2690 4576 est,
2725 4509 2836 4566 nisi
2861 4525 2996 4566 mea
3021 4525 3118 4566 me
3149 4511 3441 4568 memoria
3465 4510 3633 4578 fallit,

1982 4599 2358 4659 doctissimus
2413 4599 2510 4656 ille
2573 4614 2764 4668 neque
2829 4599 3028 4656 minus
3088 4616 3358 4658 errorum
3423 4601 3637 4675 plenus

1983 4689 2284 4760 Origenes.
2323 4687 2550 4760 Excipit
2577 4687 2764 4760 hujus
2797 4687 3132 4761 exemplum
3159 4691 3347 4746 sancti
3389 4691 3638 4762 Spiritus

1981 4783 2387 4854 oppugnator:
2405 4793 2758 4851 quanquam
2777 4793 2948 4832 etiam
2977 4779 3337 4850 peculiarem
3363 4779 3637 4836 ἣξει-θείω

1984 4871 2064 4928 ab
2077 4885 2147 4927 eo
2159 4883 2280 4926 non
2296 4865 2720 4940 hausit.Neque
2735 4866 2893 4923 enim
2911 4867 3188 4938 Origenes
3201 4867 3338 4924 dum
3355 4869 3642 4926 transfer-

1845 5147 2078 5204 NOTIE.

357 5311 462 5380 (23)
491 5307 770 5367 Scholion
795 5309 856 5364 in
887 5305 1094 5362 codice
1123 5305 1395 5380 quodam
1429 5309 1553 5362 Vat.
1600 5313 1789 5380 caten.
1823 5308 1882 5362 in

295 5377 452 5437 Joan.
479 5383 561 5436 sic
591 5380 806 5436 habet:
867 5381 1058 5433 Ἰστέον
1110 5377 1174 5438 οἷς
1217 5377 1570 5452 ’ᾼπολινάριος
1607 5383 1696 5452 καὶ
1743 5379 1882 5452 Ὠρισ

294 5455 426 5520 γὲνης
471 5459 554 5504 καὶ
612 5451 858 5526 Κύριλλος
901 5452 1036 5501 κατά
1089 5455 1181 5508 τὴν
1231 5447 1607 5507 διαϐληθεῖσαν
1657 5447 1884 5521 ἀνάγνω-

301 5541 371 5573 σιν
415 5521 720 5586 ἐξέδωκαν’·
779 5523 902 5574 ἀλλά
967 5525 1033 5572 τὰ
1103 5527 1192 5590 μέν
1264 5521 1607 5596 ’ΔΑπολιναρίῳ
1665 5523 1890 5596 ῥηέθντα

299 5601 457 5668 παρεὶς
486 5594 776 5652 ἀδιανόητα
815 5599 958 5658 οντα,
1000 5595 1066 5644 τά
1107 5591 1359 5666 Κορίλλου
1400 5591 1600 5668 πρῶτον
1641 5591 1884 5645 ἐκθετέον·

1998 5303 2096 5359 εἷθ’
2152 5307 2314 5368 οὕτως
2353 5309 2459 5381 Ῠτά
2526 5305 2824 5381 ’.αρε-γένους
2893 5305 3094 5381 πορῥω-
3135 5311 3646 5381 τῆς-,γεγραμμένης

1998 5383 2318 5452 κατηγορίας
2340 5377 2664 5452 ὑπάρχοντα.
2697 5377 2967 5452 Origenis
2989 5377 3043 5452 et
3072 5377 3410 5452 Cyrilliilo‘c‘i
3440 5377 3644 5452 legun-

1999 5457 2092 5505 tur
2135 5447 2334 5505 adhuc
2383 5447 3230 5520 in'eurumsuperstitibusad
3262 5451 3430 5506 Joan.
3475 5447 3646 5506 (Σοω-

1999 5521 2325 5578 mentariis.
2370 5519 2724 5586 Apollinarii
2749 5519 2931 5576 verba
2963 5519 3018 5574 in
3048 5519 3211 5576 nullo
3239 5521 3532 5578 Vaticana:
3563 5523 3646 5579 bi-

2007 5592 2324 5650 bliothecas
2351 5592 2559 5649 codice
2583 5593 2837 5648 invenio.
