4086 6190
251 173 311 234 93

1349 177 1443 231 AD
1484 121 2034 234 Aupmtocmuu
2075 169 2404 244 Quasno
2447 178 2488 233 ι.

3539 169 3612 240 94'

246 303 384 372 μεθα.
441 299 502 351 Ἠ
555 295 610 351 δ’
657 296 742 351 οὖν
799 298 882 353 ἐπὶ
936 308 1044 362 τοῖς
1089 301 1378 376 εἰρημένοις
1421 305 1687 373 γυμνασία
1747 302 1836 353 οὐκ

1951 301 2188 374 quidem
2213 302 2402 374 praedi
2417 307 2636 360 clarum
2655 305 3188 360 controversiarum
3209 305 3396 362 solers
3415 309 3614 378 cogni-

246 391 290 443 ἐν
319 389 493 449 αὐτοῖς
541 397 696 461 μόνον
745 393 1053 466 περιγράφει
1095 395 1154 442 τό
1203 385 1494 465 χρήσιμον,
1547 391 1738 450 πολλὴν
1783 387 1841 444 δὲ

243 482 414 552 ῥώμην
480 484 574 531 καὶ
633 482 829 554 κράπος
873 485 1096 553 παρέχει
1156 485 1284 553 πρός
1333 484 1389 532 τό
1449 484 1542 538 τὴν
1600 479 1842 539 ἀλήθειαν

244 564 542 640 μεθοδεύειν
599 573 685 620 καὶ
734 565 1062 643 διευκρινεῖν,
1103 575 1194 620 καὶ
1241 573 1302 621 τὰ
1361 571 1533 640 ὅμοια.
1593 574 1691 622 Καὶ
1741 571 1840 642 γὰρ

243 661 338 710 ὅσα
387 654 462 708 δι’
519 660 798 730 ὑπέρθεσιν
840 659 1004 729 λόγων
1037 659 1064 715 ἢ
1107 659 1354 733 ῥημάτων
1403 659 1432 717 ἣ
1487 661 1767 730 ὀνομάτων,
1809 660 1838 717 ἣ

239 749 428 798 τούτων
476 746 702 817 ἔλλειψιν
749 752 835 799 καὶ
887 753 1192 820 περικοπὴν,
1235 749 1266 808 ἢ
1315 751 1510 820 τροπὴν
1553 751 1640 799 καὶ
1691 767 1844 820 μετα-

243 839 414 908 φορὰν,
472 835 546 897 εἰς
601 835 880 908 ἀμφίϐολον
945 841 1037 890 καὶ
1093 841 1399 909 μαχομένην
1465 833 1698 888 διάνοιαν
1753 855 1842 888 συ-

239 925 574 990 σκευάζεται,
631 931 720 978 καὶ
773 933 938 978 ταῦτα
989 927 1014 977 ὁ
1066 932 1182 986 ταῖς
1225 925 1514 1001 εἰρημέναις
1555 927 1842 998 ἔμπροσθεν

235 1011 440 1085 ἐφόδοις
495 1013 972 1087 ἐγγυμνασάμενος,
1024 1020 1117 1073 τὴν
1165 1024 1255 1076 τῆς
1305 1013 1572 1088 ἀκριϐείας
1611 1013 1842 1086 βάσανον

235 1101 499 1156 κάνταῦθα
549 1106 774 1174 καθιεὶς,
823 1103 882 1156 οὗ
929 1104 1174 1176 χαλεπῶς
1225 1123 1280 1156 τε
1335 1108 1392 1155 τὸ
1452 1107 1842 1176 συγκεχυμένον

235 1188 512 1264 δίακρινεῖ,
571 1199 662 1244 καὶ
707 1197 768 1245 τό
825 1198 1251 1267 περιτρεπόμενον
1313 1189 1416 1245 ὧδε
1461 1201 1671 1246 κακεῖσε
1717 1196 1842 1268 πρὸς

233 1287 320 1340 τὴν
380 1291 480 1343 τῆς
537 1279 782 1343 ἀληθείας
842 1279 1051 1358 έδράσει
1115 1279 1422 1354 διάγνωσιν.
1491 1283 1690 1336 Αὐτίκα
1734 1291 1840 1344 πῶς

231 1370 322 1422 οὐκ
359 1368 556 1423 ἐκεῖθεν
607 1375 736 1446 πρός
763 1371 970 1443 ἔλελχον
1018 1367 1204 1446 ράὸιον
1235 1372 1260 1422 ὃ
1308 1376 1366 1424 τό
1413 1381 1511 1423 τῶν
1552 1372 1839 1444 Ἀνθρωπο-

1333 1460 1598 1536 Ἀφορμὰς
1655 1464 1757 1534 γὰρ
1815 1463 1841 1512 ὁ

233 1469 494 1532 μορφιτὼν
565 1465 714 1532 γένος
773 1460 1191 1518 ἀπεϐουκόλησεν
1249 1479 1261 1530 ;

233 1547 392 1600 λαϐὼν
445 1551 542 1609 τὰς
597 1549 646 1601 ἐν
705 1557 814 1612 τοῖς
865 1553 1114 1612 τοιούτοις
1202 1547 1454 1624 διαφοράς
1520 1549 1837 1616 ἐπισκοπεῖν,

235 1643 320 1694 τὴν
360 1635 420 1690 δὲ
471 1641 753 1710 σύγχυσιν
795 1639 985 1698 πολλὴν
1023 1645 1116 1698 τὴν
1159 1639 1350 1698 πλάνην
1398 1639 1729 1712 ἐργάζεσθαι,
1765 1640 1842 1692 εὖ·

237 1727 320 1788 9‘3;
345 1726 546 1798 ἐπέγνω
603 1733 696 1780 καὶ
738 1725 1080 1796 διεστείλατο,
1121 1729 1278 1787 ἄλλην
1325 1733 1416 1801 μεν
1459 1735 1659 1803 χρῆσιν
1699 1729 1839 1800 ἔχειν

233 1819 292 1867 τά
333 1820 471 1868 κατα
517 1820 840 1890 μεταφορὰν,
874 1817 1032 1875 ἄλλην
1077 1814 1136 1870 δὲ
1183 1822 1274 1876 τὴν
1317 1825 1412 1878 τῆς
1449 1817 1630 1880 λέξεως
1661 1823 1836 1892 κυριό-

233 1923 374 1962 τητα.
411 1904 512 1956 Ὠν
570 1902 726 1958 οὐδὲν
768 1905 850 1957 ἐπὶ
897 1913 1016 1958 τοῦν
1067 1909 1134 1958 τὰ
1172 1909 1408 1978 αἱρετικά
1453 1905 1676 1959 λαϐόντα
1719 1927 1836 1980 φρο-

229 2001 450 2065 νήματα,
500 1996 610 2047 ὅσα
653 2003 912 2068 τροπικῶς
951 2001 1040 2048 καὶ
1088 1998 1223 2048 κατὰ
1259 1999 1550 2072 μεταφορὰν
1591 1995 1672 2049 ἐπὶ
1703 2005 1837 2051 Θεοῦ

233 2085 448 2158 εἴρηται,
496 2093 706 2158 τροπῆς
751 2089 840 2136 καὶ
880 2083 1134 2158 ἀτρέπτου
1176 2091 1344 2157 φωνῆς
1399 2086 1456 2137 οὗ
1499 2084 1838 2158 βουληθέντες

235 2168 454 2224 συνιδεῖν
500 2173 806 2246 ἑτερότητα,
835 2179 928 2232 τὴν
967 2173 1134 2232 ἁπλῆν
1161 2179 1250 2225 καὶ
1283 2174 1510 2232 ἄληπτον
1543 2181 1632 2227 καὶ
1663 2175 1838 2248 ἀσχη-

233 2261 476 2328 μάτιστον
517 2262 712 2314 οὐσίαν
745 2271 834 2314 τοὺ
886 2269 1038 2326 Θεοῦ,
1093 2265 1172 2314 ὅτι
1212 2269 1398 2336 χεῖρας
1437 2269 1524 2315 καὶ
1555 2261 1723 2326 πόδας
1747 2269 1836 2317 καὶ

236 2347 524 2422 ὀφθαλμοὺς
548 2357 646 2404 καὶ
679 2352 1014 2426 ὀσφραίνεθαι
1045 2357 1132 2404 καὶ
1167 2357 1337 2424 στόμα
1363 2359 1454 2405 καὶ
1474 2353 1658 2423 λόγους
1680 2359 1832 2412 ἥκου-

237 2455 344 2502 σαν,
371 2442 912 2512 όμοιοσχημάτιστον
943 2443 1067 2512 ἡμῖν
1100 2445 1156 2493 τό
1189 2449 1340 2495 Θείον
1363 2437 1637 2504 δυσσεϐῶς
1664 2463 1716 2496 τε
1746 2447 1836 2495 καὶ

235 2525 488 2590 ὰσυνὲτως
517 2530 836 2582 ἐπλάσαντο.

295 2705 378 2759 λε’.
419 2709 578 2760 Οὕτω
625 2715 754 2779 γοῦν
800 2713 888 2761 καὶ
929 2711 972 2760 εἴ
1009 2729 1060 2760 τι
1093 2709 1216 2761 άλλο
1260 2718 1358 2761 τῶν
1406 2711 1549 2784 ἱερῶν
1591 2713 1832 2785 Γραμμά-

233 2813 324 2844 των
387 2798 412 2846 ό
473 2800 758 2869 αἱρετίςων
798 2797 828 2854 ἣ
875 2799 900 2848 ό
955 2797 1240 2869 φιλόνεικος
1301 2797 1539 2871 ἁρπάσας
1587 2799 1833 2872 λογισμός

233 2887 348 2955 πρὸς
395 2883 722 2938 δυσσέϐειαν
785 2888 812 2944 ἡ
874 2886 1092 2962 ἀπορίαν
1149 2887 1364 2939 ἑλκῦσαι
1413 2889 1830 2960 φιλονεικήσειεν,

233 2973 272 3022 εἰ
307 2977 392 3043 μὲν
429 2976 550 3026 καθ’
587 2977 638 3027 ἓν
683 2995 732 3028 τι
775 2984 872 3026 τῶν
935 2973 1370 3049 διευκρινημένων
1415 2981 1472 3028 τό
1513 2985 1830 3051 κακομήχα-
1871 3017 1910 3072 C

231 3081 308 3112 νον
380 3064 595 3130 ἐπινοεῖ,
680 3065 890 3117 αὐτόθεν
962 3065 1061 3128 ἕξει
1127 3066 1244 3116 καθ’
1309 3066 1488 3118 ἑαυτοῦ
1557 3074 1832 3141 φερομένην

235 3153 448 3222 άουκτον
477 3159 576 3212 τήν
633 3152 926 3230 ἀνατροπὴν
963 3169 977 3184 ·
1005 3155 1046 3207 εἰ
1097 3151 1154 3207 δὲ
1203 3157 1319 3206 καθ’
1353 3157 1402 3208 ἓν
1451 3176 1500 3207 τι
1553 3165 1652 3208 τῶν
1701 3179 1829 3233 παρο

235 3245 448 3311 ειμένων,
495 3243 558 3294 οὗ
617 3243 847 3315 χαλεπόν
889 3243 942 3295 ἐκ
998 3253 1092 3296 τῶν
1143 3247 1449 3316 φθασάντων
1506 3249 1598 3304 τὴν
1651 3251 1828 3319 duom

237 3335 398 3401 κρίσιν
445 3337 538 3384 καὶ
589 3332 677 3384 ἐπὶ
723 3336 926 3393 τούτοις
973 3333 1277 3398 ἐλκύσαντα,
1324 3342 1428 3394 τοῖς
1482 3336 1676 3406 ὁμοίοις
1705 3335 1831 3407 ελεγ

235 3439 346 3488 χοις
395 3425 518 3482 τοὺς
569 3427 970 3494 μιμησαμένους
1014 3421 1310 3492 ὑποϐαλεῖν,
1368 3424 1445 3485 οἷς
1493 3429 1582 3476 καὶ
1625 3427 1674 3477 οἱ
1707 3445 1832 3496 προ-

235 3506 462 3571 λαθόντες
523 3509 1020 3585 ἆπερῥαπίσθησαν.
1079 3517 1181 3565 Καὶ
1233 3517 1381 3565 τοῦτό
1421 3511 1536 3565 ἐστι
1574 3517 1702 3586 μετὰ
1733 3523 1829 3566 τῶν

237 3597 388 3650 ἄλλων
419 3603 444 3652 ὃ
487 3605 562 3672 μὴ
612 3603 788 3661 πάσας
831 3603 924 3664 τὰς
963 3601 1132 3664 αἰτίας
1183 3601 1460 3665 ἐπεξελθεῖν
1513 3605 1650 3676 ἡμᾶς
1699 3609 1830 3656 κατά

239 3691 374 3762 μέρος
411 3689 500 3741 οὐκ
550 3689 858 3752 ἔξεϐιάσατο
892 3708 904 3720 ·
939 3695 1056 3752 οὔτε
1101 3693 1202 3766 γὰρ
1246 3697 1586 3763 στοιχείωσιν
1636 3697 1829 3746 τούτων

239 3786 536 3850 συναγαγεῖν
589 3780 952 3852 ὑπεσχόμεθα,
1013 3783 1130 3832 οὔτε
1197 3777 1532 3855 δυσθήρατός
1589 3781 1728 3834 ἐστιν
1776 3781 1830 3834 ἔκ

237 3872 326 3915 τῶν
387 3871 797 3942 προειρημένων,
852 3878 952 3920 τῶν
1019 3873 1356 3944 παρειμένων,
1409 3871 1438 3928 ἡ
1497 3872 1686 3944 θεωρία
1742 3875 1830 3923 καὶ

239 3949 514 4029 διάκρισις.
553 3961 658 4010 Καὶ
701 3959 778 4009 ὅτι
818 3959 883 4010 τὰ
920 3957 1050 4010 ἄλλα
1100 3959 1204 4030 οὐχ
1255 3959 1428 4032 ὥσπερ
1459 3967 1624 4011 ταῦτα
1654 3959 1830 4012 ἐπιπο-

235 4039 369 4102 λάζει
393 4049 628 4107 καὶτοὺς
657 4045 876 4110 πολλοὺς
908 4045 1198 4110 ἐπινέμεται
1229 4065 1242 4076 '
1277 4051 1366 4100 καὶ
1388 4050 1486 4100 ὅσα
1513 4049 1714 4120 φθάσας
1742 4050 1830 4100 αὑ-

239 4134 316 4193 τὸς
345 4131 677 4208 διηπόρησας
713 4139 842 4188 κατα
872 4154 932 4208 γε
957 4141 1050 4195 τὴν
1081 4145 1168 4188 νῦν
1200 4142 1290 4189 καὶ
1335 4141 1426 4196 τὴν
1465 4137 1828 4211 προλαϐοῦσαν

241 4217 460 4290 ἀξίωσιν,
493 4225 770 4296 αὐτάρκως
800 4229 856 4277 τὸ
885 4229 1038 4298 σαφὲς
1069 4231 1158 4278 καὶ
1179 4231 1272 4283 τὴν
1308 4234 1402 4288 τῆς
1435 4225 1650 4300 ἀπορίας
1680 4227 1828 4279 λύσιν

245 4307 336 4366 εῦὴ
345 4331 488 4382 1φασι.

303 4397 395 4462 λς’.
439 4401 580 4460 Πλὴν
631 4405 676 4454 εἴ
720 4407 798 4462 τίς
831 4421 894 4474 γε
933 4408 1022 4455 καὶ
1075 4411 1228 4456 τοῦτο
1275 4412 1374 4454 τῶν
1416 4401 1827 4465 ἑπιπολαξὸντων
1862 4367 1908 4423 D

247 4486 346 4545 θείη
377 4492 508 4560 (ἔστι
538 4493 638 4568 γὰρ
671 4499 775 4552 τοῖς
811 4509 866 4544 τε
892 4491 1062 4553 ἄλλοις
1091 4492 1371 4566 αἱρετικοῖς
1411 4497 1500 4544 καὶ
1543 4501 1647 4554 τοῖς
1694 4493 1829 4547 εἰκο-

245 4579 479 4648 νομάχοις
546 4583 680 4651 μέγα
724 4583 1044 4652 καταφύγιον
1102 4598 1114 4610 ·

248 4662 466 4728 πολλάκις
495 4671 526 4726 ἠ
587 4670 697 4742 ἱερὰ
743 4673 880 4739 φωνὴ
940 4670 1377 4742 σχηματίζουσα,
1437 4669 1494 4721 οὐ
1552 4669 1828 4728 καθολικὴν

247 4747 435 4808 ἀπαιτεί
487 4763 584 4816 τήν
639 4760 832 4810 ἔννοιαν
889 4757 1322 4830 ἐπιλαμϐάνεσθαι,
1367 4758 1437 4820 εἰς
1468 4761 1730 4831 ὡρισμένα
1769 4755 1828 4812 δέ

248 4857 346 4894 τινα
392 4851 480 4898 καὶ
517 4845 906 4920 προειλημμένα
947 4849 1251 4919 συνάγουσα
1289 4852 1383 4906 τὴν
1416 4845 1692 4919 διήγησιν,
1741 4866 1826 4920 με-

245 4935 378 5000 ρικήν
427 4931 744 4987 ἐνδείκνυται
791 4941 884 4994 τὴν
939 4935 1244 5008 ἀπόφασιν),
1297 4941 1529 4988 τοιοῦτόν
1587 4935 1698 4988 ἐστι
1743 4939 1822 5002 τό,

1175 4579 1448 4633 καθολικόν
1501 4582 1600 4658 γὰρ
1669 4583 1827 4635 τύπον

249 5033 270 5064 (ι
305 5023 482 5085 Πάντες
526 5025 642 5076 ὅσοι
686 5027 786 5099 πρὸ
832 5023 956 5098 ἐμοῦ
999 5019 1172 5090 ἦλθον,
1221 5025 1435 5077 κλέπται
1481 5025 1582 5078 εἰσὶ
1611 5031 1700 5078 καὶ
1729 5025 1824 5098 λῃ-

253 5113 370 5164 σταί.
429 5135 452 5164 n
499 5113 876 5168 ’Υποϐάλλουσι
919 5117 1017 5190 γὰρ
1070 5125 1142 5185 τῷ
1199 5115 1459 5186 καθολικῲ
1519 5124 1824 5189 χαρακτῆρι

249 5203 328 5256 τῆς
357 5212 516 5270 φωνῆς
569 5207 617 5256 οἱ
664 5203 764 5256 ἀπὸ
809 5211 1114 5279 Μαρκίωνος
1166 5211 1255 5256 καὶ
1299 5213 1392 5266 τῆς
1440 5211 1662 5276 γείτονος
1698 5225 1822 5278 φρα-

250 5290 391 5355 τρίας,
445 5298 636 5346 Manio:
679 5313 734 5346 τε
779 5299 866 5346 καὶ
915 5299 1030 5354 τοὺς
1082 5293 1262 5355 ὧλους
1310 5303 1402 5346 του
1451 5299 1577 5348 Θεοῦ
1631 5300 1824 5368 προφή-

253 5389 340 5436 ταςν
385 5386 469 5436 τὴν
529 5381 759 5436 Παλαιάν
819 5385 1080 5442 Διαθὴκην
1126 5388 1387 5444 συσκευὴν
1438 5381 1565 5436 εἶναι
1609 5379 1822 5456 δυσφη-

315 5581 356 5618 ⁷¹
388 5585 544 5646 Joan.
589 5607 646 5663 κ,
681 5591 738 5645 8.

1955 391 2033 446 tio
2055 407 2174 448 non
2199 393 2256 446 in
2291 389 2384 447 his
2410 393 2604 448 solum
2627 393 2934 450 utilitatem
2963 409 3135 450 suam
3166 395 3612 456 circumscribit.

1953 480 2058 536 sed
2086 495 2338 550 magnas
2371 482 2520 537 vires
2547 483 2850 554 roburque
2877 483 3045 539 addit
3077 483 3152 540 ad
3178 485 3484 541 veritatem
3518 486 3616 541 eli-

1953 568 2230 626 ciendam
2251 567 2855 644 discernendumque,
2877 578 2930 627 et
2954 573 3029 627 ad
3051 577 3264 628 caetera
3287 573 3610 644 ejusmodi.

1953 661 2102 714 Nam
2133 673 2504 732 quaecunque
2531 660 2610 716 ob
2641 661 3090 718 translationem
3119 662 3486 718 locutionum
3513 671 3618 722 aut

1953 749 2276 803 verborum
2307 755 2407 804 aut
2439 749 2762 815 nominum,
2816 756 2918 805 aut
2947 751 3024 804 ob
3056 751 3273 806 horum
3308 751 3611 809 defectum

1954 849 2024 891 ac
2039 836 2485 893 subductionem
2497 881 2510 904 ,
2527 839 2614 894 vel
2635 839 3078 895 conversionem
3101 855 3170 896 ac
3185 841 3610 912 metaphoram,

1953 924 2301 995 ambiguam
2319 933 2810 1000 pugnantemque
2833 927 3186 984 sententiam
3211 928 3458 994 faciunt,
3483 930 3611 986 haec

1951 1013 2046 1070 ille
2067 1013 2127 1069 in
2159 1015 2452 1085 praedictis
2482 1016 2880 1073 solutionibus
2913 1018 3224 1084 exercitus,
3258 1019 3612 1092 exploratio-

1950 1101 2044 1158 nis
2069 1103 2344 1158 acumine
2369 1104 2483 1158 huc
2517 1104 2822 1170 translato,
2879 1107 3039 1161 haud
3069 1121 3216 1176 aegre
3251 1113 3308 1163 et
3360 1109 3612 1164 confusa

1949 1189 2264 1256 discernet,
2298 1196 2351 1247 et
2377 1207 2502 1246 rem
2559 1191 2710 1247 ultro
2737 1193 2996 1264 citroque
3033 1193 3343 1264 jactatam,
3375 1196 3433 1250 in
3463 1195 3611 1252 veri-

1951 1279 2090 1335 tatis
2111 1279 2334 1334 lumine
2363 1279 2758 1336 constabiliet.
2793 1283 2998 1336 Nonne
3029 1282 3169 1338 hinc
3193 1282 3412 1339 scilicet
3439 1283 3609 1340 facile

1951 1372 2043 1424 est
2083 1383 2406 1438 coarguere
2451 1368 2510 1424 id
2567 1370 2718 1440 quod
2769 1369 3348 1441 anthropomorphiti
3402 1373 3607 1428 fucum

1949 1455 2084 1513 fecit
2105 1458 2132 1512 ?
2149 1457 2356 1513 Noster
2371 1457 2532 1512 enim
2549 1457 2788 1515 criticus
2811 1457 3148 1514 facultatem
3173 1460 3427 1532 adeptus
3443 1460 3610 1518 diffe-

1949 1546 2168 1602 rentias
2196 1545 2551 1602 observandi
2577 1559 2712 1620 qum
2752 1548 2810 1602 in
2841 1547 2935 1603 his
2967 1547 3152 1621 tropis
3178 1553 3521 1613 occurrunt,
3555 1556 3609 1607 et

1881 1659 1919 1716 Β
1948 1636 2108 1708 quod
2131 1637 2402 1692 confusio
2434 1637 2647 1693 multos
2682 1652 2907 1693 errores
2932 1638 3106 1709 parit,
3143 1638 3348 1694 statim
3380 1640 3610 1696 noverit

1949 1731 2128 1796 atque
2154 1725 2494 1794 distinguet,
2515 1726 2699 1782 alium
2721 1741 2850 1782 esse
2879 1741 3052 1782 usum
3079 1743 3286 1782 eorum
3301 1743 3442 1799 quae
3466 1743 3601 1784 cum

1949 1814 2295 1884 metaphora
2313 1814 2614 1879 dicuntur,
2647 1814 2830 1870 alium
2858 1829 3064 1871 eorum
3115 1831 3244 1886 qum
3275 1817 3608 1874 secundum

1947 1899 2224 1958 dictionis
2254 1903 2712 1974 proprietatem:
2746 1919 3006 1976 quorum
3041 1919 3178 1959 cum
3207 1904 3350 1960 nihil
3381 1904 3609 1962 haereti-

1947 1991 2034 2047 cis
2063 1991 2124 2046 in
2161 1999 2420 2047 mentem
2463 1993 2740 2059 venisset,
2765 1992 2826 2048 hi
2861 2008 3232 2065 quaecunque
3261 2010 3398 2049 cum
3429 1999 3607 2065 tropo

1947 2095 2017 2137 ac
2044 2081 2394 2153 metaphora
2426 2081 2498 2136 de
2535 2083 2654 2137 Deo
2681 2082 2980 2152 dicuntur,
3009 2098 3144 2138 cum
3191 2082 3420 2139 nollent
3459 2083 3608 2154 tropi

1947 2173 2050 2224 aut
2063 2167 2208 2224 imm
2219 2174 2392 2226 utatas
2405 2171 2564 2226 vocis
2579 2185 2908 2240 agnoscere
2927 2171 3359 2243 diversitatem;
3378 2171 3600 2242 simpli-

1947 2273 2076 2314 cem
2107 2263 2164 2312 et
2191 2257 2858 2331 incomprehensibilem
2881 2265 2938 2314 et
2967 2260 3090 2314 sine
3115 2259 3308 2332 ﬁgura
3327 2261 3601 2316 substan-

1947 2346 2081 2402 tiam
2114 2347 2234 2414 Dei,
2267 2347 2411 2418 quia
2455 2361 2667 2403 manus
2698 2354 2754 2402 et
2795 2349 2974 2420 pedes
3013 2355 3068 2404 et
3113 2347 3317 2404 oculos
3349 2355 3406 2404 et
3449 2347 3604 2404 olfa-

1945 2439 2108 2490 ctum
2149 2441 2202 2491 et
2225 2451 2296 2492 os
2327 2435 2620 2508 loquelam
2660 2436 3059 2500 inaudierant,
3095 2437 3340 2493 similem
3387 2437 3596 2508 ﬁgurae

1945 2529 2183 2590 nOstras,
2231 2527 2415 2580 Deum
2461 2523 2684 2580 scilicet
2729 2525 2977 2592 homini,
3023 2527 3307 2596 sacrilege
3337 2531 3396 2582 et
3445 2527 3600 2582 fatue

1945 2613 2374 2670 confinxerunt.

2015 2703 2102 2758 35.
2135 2705 2323 2775 Atque
2341 2703 2422 2758 ita
2453 2703 2780 2775 quamlibet
2813 2703 3246 2776 Scripturarum
3290 2719 3599 2760 sacrarum

1945 2797 2176 2862 partem
2203 2792 2458 2847 haeretici
2507 2793 2596 2846 vel
2641 2793 2996 2848 contentiosi
3039 2793 3300 2848 hominis
3343 2794 3599 2848 studium

1945 2879 2024 2934 ad
2057 2881 2324 2935 haeresim
2363 2881 2452 2935 vel
2491 2883 2884 2953 quaestionem
2917 2881 3234 2937 conabitur
3269 2881 3523 2946 trahere,
3553 2882 3601 2938 si

1945 2969 2276 3024 secundum
2299 2969 2520 3040 aliquid
2545 2985 2614 3024 ex
2637 2983 2705 3024 an
2719 2975 2768 3024 te
2783 2969 3106 3039 disputatis
3133 2969 3404 3024 fraudem
3425 2985 3598 3024 suam

1945 3057 2450 3121 comminiscetur,
2486 3059 2684 3114 statim
2713 3059 2850 3112 hinc
2881 3059 3130 3113 habebit
3153 3063 3358 3112 contra
3389 3073 3451 3112 se
3483 3059 3602 3114 ine-

1947 3147 2249 3203 vitabilem
2295 3147 2732 3202 refutationem.
2777 3149 2878 3203 Sin
2931 3163 3070 3202 vero
3121 3147 3450 3202 secundum
3495 3148 3599 3204 ali-

1945 3239 2090 3312 quid
2133 3239 2690 3309 prtetertnissorum,
2732 3235 2894 3292 haud
2956 3237 3196 3292 difficile
3229 3237 3336 3292 erit
3362 3255 3429 3294 ex
3463 3241 3600 3294 ante

1944 3328 2114 3384 dictis
2141 3343 2250 3398 par
2275 3325 2566 3398 iudicium
2597 3327 2671 3381 de
2699 3341 2760 3380 re
2786 3325 3066 3397 praesenti
3095 3341 3388 3392 exercere,
3421 3331 3601 3398 atque

1945 3418 2269 3473 imitatores
2291 3415 2416 3487 pari
2437 3429 2652 3486 genere
2665 3420 3147 3485 argumentorum
3173 3415 3456 3484 refellere,
3483 3432 3600 3488 quo

1943 3506 2278 3578 superiores
2299 3504 2382 3559 illi
2411 3503 2860 3576 vapulaverunt.
2883 3504 2970 3560 0b
2987 3503 3144 3560 hanc
3163 3503 3432 3576 aliasque
3463 3519 3602 3560 cau-

1943 3611 2040 3651 sas
2067 3595 2224 3651 haud
2253 3601 2466 3650 cuncta
2480 3593 2778 3663 sigillatim
2797 3591 2982 3648 dubia
3006 3593 3342 3665 percenseri
3365 3609 3399 3650 a
3421 3593 3598 3648 nobis

1941 3699 2186 3740 necesse
2225 3684 2375 3740 fuit:
2433 3699 2626 3756 neque
2669 3683 2827 3738 enim
2862 3684 3078 3739 horum
3127 3683 3468 3752 catalogum
3501 3697 3600 3740 co-

1942 3789 2218 3830 acervare
2249 3773 2634 3845 promisimus
2669 3789 2680 3828 :
2713 3787 2906 3844 neque
2939 3773 3130 3828 ardua
3151 3777 3264 3835 est,
3291 3776 3428 3844 post
3459 3787 3598 3844 prae»

1942 3863 2119 3930 dicta,
2161 3861 2690 3934 praetermissurum
2737 3861 2998 3931 cognitio
3027 3866 3084 3916 et
3111 3860 3386 3916 discretio
3419 3878 3432 3916 :
3465 3877 3600 3932 pra:-

1943 3951 2144 4008 sertim
2170 3951 2314 4024 quia
2355 3957 2569 4006 cratera
2607 3967 2725 4006 non
2789 3955 2929 4013 tam,
2973 3955 3036 4004 ut
3081 3951 3218 4016 haec,
3267 3950 3600 4022 frequentia

1941 4045 2098 4106 sunt,
2131 4055 2328 4113 neque
2365 4045 2488 4095 tam
2532 4040 2752 4094 multos
2791 4045 3108 4111 occupant.
3147 4039 3328 4108 igitur
3372 4039 3489 4108 illa,
3523 4040 3598 4096 de

1939 4130 2164 4203 quibus
2209 4145 2401 4202 nuper
2448 4127 2816 4200 ambigebas,
2863 4127 3190 4184 secundum
3243 4135 3596 4200 praesentem

1941 4220 2318 4292 prioremque
2352 4219 2836 4290 postulationem,
2865 4217 3012 4274 satis
3055 4217 3436 4272 manifestam
3468 4233 3595 4288 per-

1940 4309 2228 4382 plexitatis
2251 4325 2370 4363 suae
2411 4307 2757 4362 solutionem
2789 4306 3278 4377 impetraverunt.

2013 4399 2100 4454 36.
2144 4396 2294 4462 Quid
2322 4411 2500 4467 porro
2532 4394 2578 4449 si
2610 4394 2744 4467 quis
2775 4393 2932 4450 hanc
2969 4393 3148 4449 etiam
3175 4409 3208 4449 θ
3251 4392 3598 4463 vulgaribus

1937 4485 2366 4560 quaestionibus
2393 4489 2639 4555 poneret
2663 4483 2691 4538 Ἰ
2711 4497 2846 4554 quas
2887 4481 3135 4554 quidem
3167 4487 3292 4538 tum
3319 4481 3450 4537 aliis
3481 4483 3598 4540 hie-

1939 4575 2131 4632 reticis
2149 4581 2270 4628 tum
2289 4571 2514 4641 imagin
2527 4585 2624 4626 um
2641 4570 3159 4642 oppugnatoribus
3175 4585 3452 4641 magnum
3471 4585 3592 4642 per-

1941 4665 2166 4738 fugium
2185 4667 2290 4718 est.
2321 4661 2606 4717 Nimirum
2633 4659 3028 4715 universalem
3049 4676 3458 4731 saepenumero
3479 4661 3591 4716 for-

1937 4769 2102 4812 mam
2131 4767 2312 4810 sacrte
2361 4749 2586 4806 Litterae
2625 4749 2976 4819 ﬁgurantes,
3007 4748 3171 4804 haud
3200 4747 3593 4806 universalem

1938 4842 2294 4900 sententiam
2312 4839 2424 4894 sibi
2445 4836 2620 4894 tribui
2647 4837 2980 4908 postulant:
3003 4837 3108 4894 sed
3133 4837 3288 4894 intra
3309 4836 3594 4894 terminos

1936 4931 2257 5007 quosdam,
2301 4928 2402 5002 qui
2429 4928 2556 4999 jam
2589 4926 2938 4999 praesumpti
2971 4925 3227 4994 fuerunt,
3259 4926 3592 4982 orationem

1939 5037 2110 5080 suam
2154 5021 2545 5080 coarctantes,
2577 5015 2924 5086 partiariam
2957 5013 3208 5070 efferunt
3248 5013 3594 5071 afﬁrmatio-

1935 5125 2095 5168 nem.
2133 5105 2480 5180 Hujusmodi
2513 5109 2638 5160 est:
2677 5127 2706 5154 »
2749 5105 2969 5160 Omnes
3003 5109 3298 5176 quotquot
3327 5109 3465 5161 ante
3497 5118 3592 5160 me

1933 5205 2242 5262 venerunt,
2286 5197 2440 5252 fures
2478 5193 2857 5265 latronesque
2901 5191 3060 5248 fuere
3087 5195 3154 5247 π.
3193 5215 3216 5244 ››
3249 5195 3311 5250 In
3349 5193 3464 5250 hoc
3497 5208 3591 5263 ge-

1937 5291 2122 5348 nerali
2145 5287 2421 5344 dictionis
2454 5285 2796 5340 charactere
2827 5281 3193 5338 concludunt
3211 5283 3590 5343 Marcionita},

1935 5387 1990 5436 et
2026 5381 2300 5452 proxima
2348 5379 2528 5439 secta,
2560 5374 2762 5428 Mosen
2803 5371 2999 5442 ipsum
3028 5374 3296 5446 aliosque
3337 5374 3434 5428 Dei
3459 5385 3594 5443 pro-
