3992 6182
441 189 514 248 95
1587 201 1590 206 -
1678 170 1912 238 PHOTII
1952 170 2436 238 PATRIARCH/E
2476 178 2583 239 cp.
3737 186 3812 241 96

490 314 663 370 hetas
704 327 717 364 :

447 330 663 387 pnetas
704 330 717 364 :
760 330 934 380 atque
961 330 1042 364 Ita
1087 330 1249 362 vetus
1302 330 1734 362 leuamentum
1767 330 1906 361 man
1935 330 2092 376 genu

445 401 674 458 malum
713 415 868 470 opus
901 413 1027 452 esse
1077 395 1539 452 calumniantur.
1576 395 1756 467 Atqui
1799 411 1869 451 ea
1909 394 2094 451 verba

444 507 563 547 non
585 490 863 545 adversus
901 487 1012 542 hos
1038 489 1274 541 constat
1312 501 1441 540 esse
1467 484 1714 557 prolata,
1750 485 1855 540 sed
1885 489 2092 540 contra

446 580 577 635 illos
600 578 704 651 qui
743 576 924 649 paulo
956 581 1092 631 ante
1129 573 1361 630 Domini
1385 573 1709 629 adventum
1743 573 2089 646 deceptores

445 671 503 721 et
531 665 690 737 plani
724 664 1087 720 exstiterunt.
1141 666 1285 720 Nam
1315 663 1360 718 si
1401 662 1536 735 quis
1570 662 1848 735 opinetur
1885 668 2093 719 contra

445 755 757 810 daemonas
793 754 944 810 hanc
974 755 1201 826 jactam
1250 768 1381 808 esse
1434 753 1802 809 Dominicam
1850 751 2093 808 locutio-

442 859 601 907 nem,
648 842 866 898 etiamsi
916 842 976 896 id
1021 841 1099 898 ad
1140 841 1498 911 sacrilegum
1560 840 1791 896 nullum
1847 841 2094 913 impellit

443 947 688 988 sensum
718 948 732 996 ;
761 937 816 986 et
854 930 898 986 si
928 946 1097 1002 teque
1127 929 1450 1002 praesumit,
1499 929 1663 985 haud
1705 945 1943 1002 semper
1967 929 2094 985 uni-

443 1018 952 1076 versalediclionis
970 1020 1216 1074 schema
1242 1017 1573 1088 generalem
1597 1017 1708 1072 sibi
1738 1017 2092 1074 sententiam

443 1108 743 1165 vindicare
777 1126 790 1175 ;
824 1107 1213 1162 nihilominus
1257 1107 1605 1178 exquisitior
1653 1105 1967 1173 subtilitas,
1996 1122 2093 1162 ne-

443 1214 558 1270 que
596 1197 738 1254 satis
765 1195 1106 1267 evangelico
1137 1195 1339 1252 sensui
1366 1211 1723 1266 congruens,
1757 1195 2093 1251 secundum

441 1288 578 1342 huic
598 1287 864 1358 opinioni
898 1291 1030 1356 post
1062 1285 1404 1357 praedictam
1435 1285 1595 1340 illam
1629 1284 1826 1340 locum
1850 1284 1972 1340 dat.
2003 1285 2094 1339 ln-

445 1378 613 1434 terim
647 1381 844 1434 tamen
891 1391 1115 1432 vesana
1139 1379 1196 1430 et
1235 1375 1523 1443 sacrilega
1563 1376 1823 1431 hostium
1866 1374 1963 1430 Dei
1991 1389 2094 1430 au-

438 1468 632 1531 dacia,
672 1466 819 1520 dum
861 1465 1066 1520 formae
1101 1463 1450 1520 universalis
1497 1463 1772 1519 dictionis
1806 1463 2090 1527 adhaaret,

445 1555 674 1611 sceleris
701 1555 787 1609 sui
831 1559 1088 1610 tutamen
1122 1553 1184 1608 in
1214 1552 1535 1609 Dominicis
1564 1552 1756 1609 eﬂ'atis
1783 1552 2006 1608 habere
2034 1568 2097 1607 se

445 1650 635 1717 putat.

513 1740 599 1789 37.
643 1733 790 1788 Illud
833 1748 1078 1804 quoque
1105 1731 1296 1787 simile
1343 1737 1433 1788 est
1458 1754 1485 1780 ‹‹
1519 1731 1732 1788 Omnia
1757 1746 1861 1803 per
1899 1732 2098 1804 ipsum

447 1825 602 1880 facta
629 1828 768 1877 sunt
800 1839 812 1876 :
840 1842 867 1872 »
900 1820 1061 1892 quod
1083 1837 1254 1893 aeque
1285 1819 1474 1877 sancti
1512 1821 1761 1892 Spiritus
1791 1835 2099 1891 oppugna-

446 1911 676 1969 toribus
721 1915 1145 1982 argumentum
1193 1909 1427 1965 errandi
1471 1915 1578 1965 est.
1624 1910 1777 1964 Dum
1815 1909 1977 1965 enim
2018 1910 2098 1966 ob

446 1999 780 2058 universale
801 1999 1080 2055 dictionis
1106 2015 1314 2068 genus,
1349 1997 1783 2055 sanctissimum
1815 1998 2097 2070 Spiritum

442 2107 480 2146 a
524 2094 930 2144 creaturarum
981 2087 1357 2142 universitate
1387 2102 1505 2142 non
1550 2091 1848 2158 separant,
1895 2087 2095 2158 ipsum

441 2179 882 2250 blasphemant.
914 2180 1201 2234 Sexcenta
1229 2175 1347 2231 alia
1375 2191 1560 2232 sacrte
1599 2175 1827 2232 Litterae
1866 2177 2096 2232 univer-

441 2268 548 2324 sali
579 2268 879 2324 schemate
909 2266 1182 2329 efferunt,
1208 2264 1431 2338 quibus
1463 2271 1661 2321 tamen
1693 2265 1934 2321 nonnisi
1956 2282 2090 2336 par-

444 2356 682 2412 tiarium
721 2355 1117 2424 signiﬁcatum
1175 2353 1458 2408 tribuunt.
1519 2352 1702 2408 Veluti
1738 2374 1750 2406 :
1787 2373 1815 2403 «
1849 2353 2092 2410 Vanitas

445 2448 794 2511 vanitatum,
837 2450 890 2500 et
931 2445 1131 2499 omnia
1174 2442 1476 2499 vanitas"
1513 2463 1526 2498 :
1573 2464 1600 2491 ι»
1643 2457 1838 2514 neque
1870 2443 2090 2499 idcirco

443 2541 543 2592 aut
568 2535 754 2590 virtus
782 2539 884 2589 aut
904 2533 1198 2604 sapientia
1221 2531 1547 2600 autreligio
1577 2531 1635 2586 in
1661 2548 1956 2588 vanarum
1983 2549 2086 2588 nu-

445 2639 608 2678 mero
648 2638 844 2677 rerum
879 2625 1033 2675 sunt.
1074 2622 1220 2675 Tum
1269 2619 1413 2674 illud
1446 2635 1459 2673 :
1492 2640 1518 2670 »
1551 2621 1771 2674 Omnes
1811 2620 2086 2677 declina-

442 2717 673 2777 verunt,
701 2709 873 2766 simul
896 2709 1132 2764 inutiles
1161 2707 1295 2763 facti
1322 2713 1460 2763 sunt
1488 2709 1537 2742 ⁷³
1569 2726 1582 2773 ς
1613 2730 1638 2756 ››
1667 2724 1858 2780 neque
1890 2713 2087 2765 tamen

441 2799 738 2872 ejusmodi
775 2803 942 2855 erant
970 2797 1011 2852 ii
1063 2813 1212 2868 quos
1249 2797 1401 2851 Deus
1429 2796 1488 2852 in
1535 2796 1786 2866 singulis
1817 2799 2087 2854 aetatibus

441 2889 719 2946 vitiorum
771 2893 826 2943 et
861 2887 1208 2942 daemonum
1255 2892 1309 2940 et
1353 2889 1746 2956 tyrannorum
1785 2885 1918 2942 fecit
1962 2902 2088 2942 esse

442 2980 716 3036 victores.
758 2976 940 3032 Multa
961 2973 1309 3046 hujusmodi
1341 2973 1475 3030 licet
1516 2975 1726 3046 cuique
1757 2991 1861 3045 per
1898 2975 2087 3032 otium
2118 3007 2159 3062 ρ

443 3070 765 3126 observare
794 3080 1186 3138 :quanquam
1215 3062 1356 3118 mihi
1397 3063 1674 3119 hactenus
1697 3064 1856 3120 dicta
1887 3065 2088 3120 viden-

443 3165 539 3215 tur
559 3157 850 3214 sufticere.
877 3157 1039 3210 Certe
1064 3158 1120 3209 et
1142 3153 1401 3208 furorem
1431 3154 1910 3225 Oppugnantium
1943 3154 2087 3209 ima-

442 3248 628 3317 gines,
657 3245 760 3317 qui
800 3242 979 3298 simili
1010 3241 1238 3297 malitia
1269 3241 1632 3312 vesaniaque
1653 3240 2088 3298 laborantcum

441 3333 762 3391 aliisfatuis
774 3331 1041 3402 ejusdem
1066 3335 1238 3386 sectas
1250 3329 1544 3395 versutiis,
1569 3329 1851 3400 peculiari
1870 3331 2089 3402 scripto

441 3421 1157 3491 debellavimus.Jamque
1169 3417 1320 3473 adeo
1340 3417 1506 3489 quod
1527 3418 1726 3473 multae
1747 3420 2089 3490 questiones

442 3527 712 3569 sermone
738 3510 958 3582 praevio
986 3512 1222 3575 egeant,
1255 3512 1312 3562 et
1341 3507 1503 3578 quod
1538 3512 1651 3561 tum
1682 3507 2088 3564 dubitationes

441 3603 519 3657 ab
549 3597 986 3671 antiquioribus
1013 3595 1236 3651 sanctis
1257 3595 1415 3659 viris,
1436 3601 1609 3664 atque
1635 3613 1671 3649 ιι
1696 3612 1811 3664 me,
1835 3597 2087 3652 ducibus

439 3691 576 3755 illis,
627 3687 933 3758 dissipate
963 3685 1199 3749 fuerint,
1233 3689 1291 3740 et
1327 3685 1483 3756 quod
1517 3683 1808 3756 plurimas
1847 3701 2083 3752 causas,

443 3781 600 3835 unde
631 3777 766 3833 oriri
789 3773 1198 3831 controversiae
1229 3775 1438 3837 solent,
1472 3775 1932 3842 percensuerim,
1969 3792 2088 3829 ser-

441 3886 540 3926 mo
568 3884 738 3924 meus
764 3866 1051 3920 hactenus
1076 3863 1527 3918 demonstravit.
1563 3864 1766 3918 Utrum
1795 3879 1934 3919 vero
1961 3880 2088 3920 om-

437 3960 539 4015 nia
555 3961 829 4014 accurate
858 3949 1431 4023 comprehenderim,
1448 3967 1655 4016 necne,
1679 3951 1845 4008 haud
1871 3953 2085 4010 Hercle

436 4044 862 4106 aftirmaverim
887 4041 1234 4112 :caeteroqui
1253 4040 1420 4112 quod
1441 4055 1562 4097 non
1582 4041 1864 4112 pauciora
1880 4050 2084 4114 postu-

439 4137 570 4194 latis
592 4136 646 4190 in
679 4132 946 4190 medium
976 4128 1230 4194 tulerim,
1250 4128 1310 4184 id
1337 4128 1386 4183 si
1414 4128 1562 4185 forte
1592 4129 1886 4186 affirmem
1906 4147 2086 4187 nemo

438 4243 557 4297 me,
579 4224 779 4297 judice
805 4220 1066 4285 veritate,
1099 4217 1349 4290 superbe
1377 4216 1538 4289 loqui
1579 4217 1940 4275 causabitur.

1057 4313 1372 4382 QUESTIO
1408 4315 1473 4370 ll.

440 4423 504 4478 Si
544 4421 640 4478 die
687 4418 932 4489 septimo
972 4413 1252 4489 requievit
1292 4415 1456 4489 Deus_
1470 4413 1546 4470 ab
1579 4413 1868 4489 υιείυειοείε
1906 4416 2088 4489 operi-

514 4493 616 4547 bus
639 4484 778 4560 suis,
808 4484 1098 4562 quomodo
1126 4487 1389 4562 salutare
1417 4484 1613 4541 Patris
1642 4485 1880 4542 Verbum
1907 4484 2084 4562 dicit:

516 4583 544 4614 «
575 4563 749 4619 Pater
765 4557 922 4616 )n’eus
935 4572 1118 4630 usque
1135 4557 1306 4613 modo
1319 4563 1599 4626 operatur
1618 4562 1673 4612 et
1685 4571 1790 4629 ego
1802 4557 2044 4627 operor?
2061 4580 2083 4610 υ

760 313 934 380 atque
960 307 1042 364 ita
1077 309 1249 362 Vetus
1293 308 1734 362 Testamentum
1764 305 1906 361 mali
1935 305 2087 376 genii

2208 315 2418 377 μοῡντες
2467 314 2560 358 τοῦ
2603 313 2838 379 Πονηροϋ
2871 324 2883 337 '
2919 312 3091 358 καίτοι
3136 327 3195 376 γε
3235 308 3294 358 οὐ
3338 309 3450 359 κατ’
3483 307 3703 374 ἐκείνων,
3739 313 3810 371 ὡς

2207 392 2383 461 δῆλον,
2420 395 2632 469 ἐρρήθη.
2677 394 2782 447 ἀλλ’
2815 396 2903 458 οὓς
2941 397 2967 448 ό
3009 405 3180 467 μικρῴ
3225 399 3446 469 πρόσθεν
3489 405 3682 469 χρόνος
3713 408 3810 461 τῆς

2207 490 2526 546 Δεσποτικῆς
2592 492 2906 558 παρουσίας,
2964 486 3264 547 ἀπατεῶνας
3314 491 3404 538 καὶ
3449 485 3672 546 πλάνους
3711 487 3809 539 ἀπ-

2205 570 2386 636 έδειξε.
2447 577 2516 626 Τό
2563 577 2664 648 γὰρ
2715 575 2782 635 εἰς
2828 579 2948 636 τοὺς
3007 571 3260 647 δαίμονας
3336 574 3646 646 ὑπειλῆφθαι
3712 582 3807 634 τὴν

2207 669 2524 722 Δεσποτικὴν
2573 667 2767 722 ταύτην
2825 663 3138 738 απεσόρίφθαι
3187 669 3374 737 φωνὴν,
3423 663 3515 715 κᾶν
3568 665 3638 727 εἰς
3689 666 3805 718 ασε-

2207 749 2452 824 ϐημάτων
2501 752 2595 804 οὐκ
2641 752 2701 804 ἂν
2761 756 2858 826 ἥκῃ
2927 752 3200 824 λογισμόν,
3257 751 3348 804 κᾶν
3401 754 3590 825 ὁμοίως
3645 763 3804 828 φρονῇ

2205 846 2278 912 μὴ
2309 844 2526 895 πάντοτε
2574 847 2632 894 τὸ
2682 841 2957 894 καθολικόν
3011 851 3202 914 σχῆμα
3243 851 3336 902 τῆς
3366 851 3534 914 φωνῆς
3565 849 3654 894 καὶ
3682 846 3805 895 καθα

2207 931 2386 989 ολικην
2443 935 2634 984 ἔννοιαν
2688 930 2945 997 ἀπαιτεῖν,
2998 931 3104 982 ἀλλ’
3154 928 3241 983 οὖν
3306 935 3362 983 τό
3418 939 3806 1007 περιεργότερον

2206 1027 2296 1073 καὶ
2344 1025 2414 1092 μὴ
2466 1029 2555 1081 τῆς
2603 1020 2937 1092 εὐαγγελικῆς
2983 1017 3283 1093 βουλήσεως
3325 1025 3443 1095 περὶ
3481 1018 3625 1073 πόδα
3679 1019 3808 1074 εἶναι

2208 1107 2452 1182 δευτέραν
2483 1109 2622 1179 αὐτῲ
2657 1107 2857 1162 δίδωσι
2891 1119 2982 1162 του
3014 1114 3384 1184 προειρημένου
3416 1111 3560 1173 τάξιν
3582 1110 3756 1163 λαϐεῖν
3791 1127 3802 1138 ·

2207 1199 2336 1256 πλήν
2366 1219 2422 1270 γε
2463 1203 2520 1250 τό
2568 1198 2811 1252 ἀσύνετον
2849 1205 2940 1251 καὶ
2975 1196 3231 1260 δυσσεϐὲς
3264 1209 3363 1250 τῶν
3405 1202 3806 1270 θεομαλουντων

2209 1290 2402 1359 Θράσος
2452 1298 2523 1358 τῷ
2573 1291 2715 1358 τύπῳ
2775 1297 2867 1348 τῆς
2915 1289 3198 1350 καθολικῆς
3249 1295 3658 1362 προσανέχοντες
3711 1312 3808 1362 φω-

2205 1387 2316 1442 νῆς,
2359 1387 2453 1439 τῆς
2501 1379 2688 1438 οἰκείας
2741 1375 3053 1439 δυσσεϐείας
3091 1377 3431 1452 ἀναχώρησιν
3462 1382 3528 1429 τὰ
3570 1383 3810 1452 Κυριακὰ

2206 1465 2484 1537 νομίζουσι
2514 1467 2683 1538 λόγια.

2278 1730 2377 1791 λζ’.
2418 1731 2633 1803 ’Ὁμοιόν
2676 1732 2791 1784 ἐστι
2833 1738 2921 1785 καὶ
2969 1737 3048 1799 τό,
3096 1756 3124 1781 (ι
3173 1735 3348 1785 Πάντα
3387 1730 3461 1785 δι’
3491 1733 3653 1786 αὐτου
3694 1734 3808 1805 ἐγέ-

2208 1838 2318 1871 νετο
2383 1839 2395 1850 ⁸
2441 1840 2468 1872 »
2514 1826 2603 1872 καὶ
2665 1822 2852 1893 ὁμοίως
2909 1829 3018 1883 τοῖς
3072 1823 3537 1894 Πνευματομάχοις
3588 1828 3806 1894 ᾇογανον

2207 1916 2302 1970 τῆς
2352 1908 2544 1970 πλάνης
2591 1909 2955 1962 ὑποϐάλλεται·
3013 1917 3124 1963 Τῶν
3173 1912 3376 1962 πάντων
3425 1914 3526 1985 γὰρ
3576 1915 3634 1963 τὸ
3671 1932 3808 1964 παν-

2209 2000 2352 2069 άγιον
2385 2005 2591 2071 Πνεῦμα
2622 1996 2714 2051 διὰ
2752 2002 2809 2051 τό
2848 1999 3069 2052 καθόλου
3113 2007 3205 2062 τῆς
3236 2009 3399 2072 φωνῆς
3438 2000 3532 2052 οὐκ
3571 2000 3808 2073 ἐξαιρου-

2206 2105 2348 2159 μενοι
2387 2096 2486 2139 τῶν
2539 2092 2841 2158 γεγονότων,
2885 2093 2975 2140 καὶ
3015 2088 3143 2140 αὐτὸ
3185 2084 3663 2160 ὃεδυσφημήκασι.
3708 2095 3810 2142 Καὶ

2205 2181 2370 2250 μυρία
2426 2172 2476 2228 δ’
2535 2175 2665 2228 σῦλα
2713 2179 2761 2229 οἱ
2816 2178 2944 2249 ἱεροὶ
2985 2182 3148 2248 Λόγοι
3196 2177 3262 2237 εἰς
3296 2181 3354 2229 τὸ
3389 2179 3506 2229 καθ’
3552 2177 3671 2230 ὄλου
3717 2183 3807 2250 μὲν

2204 2266 2628 2338 σχηματίζουσι,
2690 2270 3037 2340 μερικωτέραν
3086 2262 3144 2318 δε
3183 2276 3453 2318 ποιουνται
3504 2274 3592 2325 την
3635 2265 3810 2324 δηλω-

2205 2374 2286 2407 σιν
2312 2373 2323 2384 ’
2357 2358 2424 2416 ὡς
2463 2360 2539 2407 τό.
2580 2376 2607 2406 (ι
2651 2359 2954 2416 Ματαιότης
2996 2361 3377 2424 ματαιοτήτων,
3413 2359 3478 2407 τὰ
3503 2358 3674 2407 πάντα
3711 2373 3811 2426 μα-

2200 2448 2414 2505 ταιότης
2441 2461 2454 2474 ⁸
2491 2465 2519 2495 ›)
2552 2440 2674 2497 οὐδὲ
2712 2447 2812 2516 γὰρ
2845 2441 2958 2496 οὐδ’
2991 2446 3020 2502 ἡ
3055 2443 3206 2518 ἀρετή
3245 2453 3342 2497 τῶν
3384 2450 3641 2516 ματαίων,
3689 2440 3805 2495 οὐδ’

2200 2535 2229 2590 ἡ
2264 2538 2439 2604 σοφία,
2491 2529 2590 2585 οὐδ
2643 2535 2671 2591 ἡ
2711 2533 2964 2588 εὐσεϐεία.
3025 2538 3144 2599 Καὶ,
3203 2554 3231 2583 ι(
3285 2535 3476 2595 ΙΙάντες
3526 2531 3804 2594 ἐξέκλιναν,

2199 2622 2308 2693 ἅμα
2337 2622 2727 2696 ἦχρειώθησαν·
2763 2643 2790 2673 )›
2830 2619 2953 2674 οὐδε
2981 2624 3082 2696 γὰρ
3115 2619 3229 2674 οὐδ’
3261 2624 3309 2674 oi
3349 2624 3490 2697 παρὰ
3520 2628 3656 2673 Θεοῦ
3687 2620 3807 2672 καθ’

2201 2711 2425 2769 ἑκάστην
2468 2713 2642 2781 γενεὰν
2686 2716 2775 2763 καὶ
2833 2714 3005 2782 γενεὰν
3061 2713 3196 2763 κατὰ
3251 2713 3425 2763 παθῶν
3474 2716 3564 2762 καὶ
3619 2707 3812 2781 δαιμό-

2197 2820 2293 2850 νων
2325 2806 2413 2852 καὶ
2460 2803 2718 2872 τυράννων
2770 2808 3072 2872 στεφανίται
3109 2797 3432 2872 δεικνύμενοι
3475 2816 3487 2829 ’
3522 2804 3614 2851 καὶ
3644 2799 3809 2851 πολλὰ

2198 2889 2328 2940 ἄλλα
2375 2897 2594 2941 τοιαῦτα
2643 2888 2725 2941 ἐπὶ
2766 2889 2968 2960 σχολῆς
3015 2891 3076 2940 εἰν
3116 2909 3193 2950 ¹τις
3245 2891 3547 2964 θεωρησειεν
3581 2905 3594 2916 ·
3633 2887 3808 2962 ἀρκεῖν

2199 2974 2249 3030 δ’
2290 2976 2437 3048 οἶμαι
2485 2983 2575 3029 καὶ
2617 2981 2682 3030 τὰ
2717 2980 3140 3050 παρατεθειμένα.
3188 2985 3290 3038 Τῆς
3325 2980 3427 3049 γὰρ
3468 2978 3810 3047 εἰκονομαχι-

2197 3076 2288 3126 κῆς
2345 3067 2544 3128 λύσσης
2599 3072 2690 3125 τὴν
2742 3064 2834 3119 δια
2886 3077 2980 3129 τῆς
3041 3072 3363 3141 κακουργίας
3423 3070 3618 3126 ταύτης
3678 3066 3804 3117 αποο

2198 3174 2358 3219 νοιαν,
2395 3159 2520 3226 μετὰ
2571 3166 2660 3216 τῆς
2721 3155 2874 3216 ἄλλης
2918 3156 3085 3207 αὑτων
3137 3155 3509 3228 φρενοϐλαϐους
3556 3175 3804 3226 κακομη-

2198 3250 2406 3315 χανίας,
2470 3241 2779 3306 ἰδιαζόντως
2841 3247 2965 3316 ἡμῖν
3033 3245 3180 3317 λόγος
3245 3243 3613 3318 ἐθριάμϐευσεν
3661 3245 3800 3316 (26).

2198 3333 2336 3386 Ἀλλ’
2399 3335 2479 3386 ὄτι
2541 3336 2631 3406 μὶν
2707 3333 2870 3386 πολλά
2946 3343 3046 3385 τῶν
3119 3333 3467 3408 ἀπορημάτων
3534 3352 3802 3406 προκατα-

2202 3431 2389 3484 σκευῆς
2439 3420 2628 3489 δεῖται,
2676 3429 2764 3475 καὶ
2807 3425 2885 3475 ὅτι
2939 3425 3004 3475 τὰ
3059 3425 3126 3475 σὰ
3175 3425 3318 3497 παρά
3371 3441 3423 3474 τε
3465 3431 3564 3474 τῶν
3613 3421 3806 3496 προλι-

2198 3510 2386 3563 ϐόντων
2434 3508 2633 3585 ἀνδρῶν
2678 3511 2835 3582 ἁγίων
2892 3515 2980 3563 καὶ
3021 3512 3144 3582 ἡμῖν
3195 3511 3372 3572 αὐτοῖς
3425 3512 3613 3562 ἐκεῖθεν
3651 3493 3806 3582 χιειῇ

2199 3604 2257 3667 α[
2277 3622 2352 3670 γω
2435 3605 2704 3670 γουμένοις
2727 3596 3104 3673 ὃιευκρίνηται,
3139 3605 3226 3649 καὶ
3248 3601 3328 3650 ὅτι
3356 3601 3419 3650 τὰ
3447 3598 3666 3650 πλεῖστα
3699 3607 3801 3648 τῶν

2197 3689 2372 3740 αἰτίων
2414 3690 2531 3761 παρ’
2578 3688 2611 3739 ἃ
2643 3689 2786 3740 εἴωθε
2837 3687 3136 3760 συμϐαίνειν
3185 3691 3241 3739 τό
3294 3690 3486 3762 ἄπορον
3527 3687 3804 3748 ἐπεξήλθοο

2196 3783 2309 3849 μέν,
2365 3779 2389 3827 ό
2447 3777 2596 3848 λόγος
2654 3773 2898 3839 ἐπέδειξε·
2952 3781 3050 3828 Καὶ
3099 3779 3178 3828 ὅτι
3238 3781 3327 3848 μὲν
3376 3784 3469 3838 τῆς
3533 3775 3804 3849 ἀκριϐείας

2196 3869 2398 3919 πάντων
2449 3865 2817 3938 ἐπειλημμεθα,
2871 3865 2963 3917 οὐκ
3016 3864 3075 3916 ἂν
3135 3870 3351 3937 φαίημεν
3412 3883 3423 3894 °
3469 3867 3546 3916 ὅτι
3596 3863 3654 3916 δε
3705 3874 3802 3928 τῆς

2197 3955 2450 4017 αἰτήσεως
2506 3955 2598 4006 οὐκ
2654 3954 2861 4006 ἔλαττον
2920 3954 3307 4026 εἰσηνέγκαμεν,
3373 3954 3466 4006 οὐκ
3534 3953 3594 4004 ἆν
3646 3956 3807 4028 ὑπερ-

2198 4046 2401 4115 ηφάνων
2439 4044 2622 4114 λόγων.
2663 4040 2992 4106 ὃικαζούσης
3035 4041 3298 4107 ἀληθείας,
3331 4039 3505 4104 οὐδεὶς
3547 4043 3609 4094 ἆν
3661 4046 3808 4116 ἡμᾶς

2197 4132 2514 4188 αἰτιάσαιτο.

2795 4325 3104 4374 ΕΡΩΤΗΣΙΣ
3125 4319 3196 4375 Β’.

2199 4416 2320 4487 Hirri
2347 4411 2543 4490 ἑϐδόμη
2575 4417 2741 4490 ἡμέρᾳ
2771 4421 3091 4471 κατέπαυσεν
3123 4419 3148 4470 ὀ
3179 4421 3304 4479 Θεὸς
3327 4417 3427 4470 ἀπό
3468 4421 3676 4470 πάντων
3705 4440 3807 4472 των

2270 4490 2430 4565 ἔργων
2480 4489 2815 4556 «amara;
2855 4490 2880 4540 ό
2937 4495 3190 4565 σωτήριος
3230 4498 3337 4565 τοῦ-
3370 4494 3577 4565 Πατρός
3633 4495 3810 4565 Λόγος

2273 4560 2438 4640 φησίν
2462 4578 2474 4590 ο
2516 4579 2542 4609 (ι
2574 4565 2616 4611 Ο
2656 4565 2837 4632 Πατήρ
2883 4579 2984 4633 μου
3029 4560 3117 4621 ἕως
3161 4563 3279 4634 οῖρτι
3318 4560 3615 4636 ἐργηζεται,
3653 4560 3808 4634 xiv/cz.

2273 4630 2563 4703 ἐργάζομαι
2593 4648 2605 4693 ;
2645 4653 2667 4680 υ

516 4785 687 4838 Edita
713 4783 781 4836 ab
810 4784 962 4849 Aug.
994 4779 1171 4854 Maio,
1213 4778 1326 4834 νει.
1358 4778 1553 4854 script.
1585 4795 1703 4834 nov.
1739 4779 1910 4843 00".,
1933 4786 1975 4835 t.
2013 4779 2114 4844 IX,
2144 4798 2200 4852 p.
2234 4782 2302 4835 l2
2327 4804 2338 4848 ;
2361 4781 2701 4854 explanaus,
2734 4784 3023 4854 quomodo
3050 4783 3200 4838 inter
3225 4801 3286 4837 se
3314 4785 3655 4841 conveniant
3691 4793 3805 4843 tes-

441 4855 686 4913 timonia
715 4854 852 4909 Gen.
875 4870 931 4918 ιι,
957 4854 988 4904 2
1028 4855 1082 4904 et
1105 4849 1270 4905 Joan.
1305 4867 1355 4915 ν,
1385 4851 1471 4905 17.

514 5011 780 5076 Quatuor
799 5003 1074 5061 videmus
1088 5000 1376 5058 Creatoris
1391 5001 1772 5075 operationes
1797 5020 1810 5071 ;
1829 5017 2086 5075 quarum

445 5099 676 5172 quidem
717 5094 912 5168 prima
942 5096 1030 5148 est
1056 5090 1191 5162 ipso
1223 5090 1301 5146 ab
1331 5089 1494 5148 initio
1533 5108 1743 5149 eorum
1772 5107 1908 5165 quae
1939 5091 2088 5149 exsi-

513 5228 563 5260 ⁷³
605 5220 786 5278 Eccle.
822 5238 855 5282 I,
882 5221 935 5272 2.
1013 5217 1060 5250 ⁷³
1094 5215 1254 5270 PsaL
1286 5231 1405 5280 xm,
1434 5221 1485 5270 3.

2267 5011 2535 5080 Τέσσαρας
2587 5007 2781 5079 ὁρῶμεν
2836 5015 2926 5059 τοῦ
2982 5014 3311 5082 Δημιουργοῦ
3367 5006 3620 5084 ἐργασίας
3668 5028 3681 5040 ·
3735 5010 3807 5060 ὧν

2197 5100 2374 5167 πρώτη
2406 5099 2496 5166 μέν
2527 5097 2666 5147 ἐστιν
2694 5095 2823 5154 αὐτὴ
2861 5106 2960 5148 τῶν
3009 5100 3161 5149 όντων
3209 5099 3240 5155 ἡ
3287 5097 3402 5148 κατ’
3450 5099 3627 5171 ἀρχὰς
3674 5118 3805 5171 προ-

2007 5319 2046 5368 Ν
2057 5317 2207 5370 ΟΤΑῧ
2219 5359 2230 5371 .

519 5447 629 5521 (26)
654 5441 1021 5521 Photiiopus
1050 5443 1530 5521 pro‘sanctarum
1565 5439 1895 5521 imaginum
1928 5439 2090 5521 cultu

447 5510 781 5580 memorare
806 5510 1038 5569 videtur
1064 5510 1412 5582 Euthymius
1441 5511 1599 5582 apud
1623 5511 1913 5582 _Lambec.
1943 5518 2087 5567 tom.

448 5595 542 5660 lll,
571 5607 637 5665 p.
669 5592 794 5644 422.
841 5587 1194 5656 Quanquam
1215 5580 1374 5639 nihil
1406 5580 1568 5638 aliud
1612 5580 1864 5638 fortasse
1889 5583 2091 5639 intelli-

2203 5441 2467 5510 gendum
2500 5449 2604 5516 est,
2639 5448 2844 5516 praeter
2874 5444 2970 5497 illa
3001 5460 3133 5516 quae
3167 5459 3273 5516 pro
3307 5459 3378 5498 eo
3411 5443 3692 5514 dogmate
3716 5445 3809 5516 di-

2203 5519 2415 5586 cuntur
2437 5531 2469 5568 a
2495 5515 2698 5568 Photio
2726 5515 2782 5569 in
2811 5516 3004 5586 prima
3024 5515 3271 5583 epistola
3292 5517 3474 5581 (nunc
3493 5522 3708 5572 octava
3737 5515 3810 5571 li-

2203 5584 2296 5639 bri
2311 5589 2374 5654 ι),
2407 5585 2531 5640 etin
2551 5584 3472 5657 Amphildchianis196tl67),197
3491 5588 3806 5658 (168),205.
