4086 6190
207 268 264 322 97
1287 266 1380 320 AD
1422 267 1968 324 AMPHILOCHIUM
2011 269 2333 338 QU/ESTIO
2373 274 2436 327 Π.
2617 271 2624 282 ’
3470 283 3540 337 98

203 391 302 448 ϐολὴ
331 410 380 442 τε
425 396 511 442 καὶ
565 387 906 464 δημιουργία’
961 391 1081 442 καθ’
1120 391 1146 442 ὃ
1195 395 1588 464 σημαινόμενον
1641 396 1782 466 εἰρη-

1897 399 2058 451 stunt
2094 397 2404 468 productio
2455 402 2512 456 et
2553 401 2772 456 creatio
2812 416 2824 466 ;
2859 415 2982 472 quo
3019 401 3079 456 in
3111 416 3288 457 sensu
3317 402 3541 460 dictum

203 495 288 544 ται,
317 505 342 528 ι(
379 487 472 534 Καὶ
501 489 561 552 τῇ
595 481 636 541 ζ’
667 483 838 554 ἡμέρα
863 484 1196 532 κατέπαυσεν
1243 481 1270 531 6
1307 485 1449 542 Θεὸς
1493 503 1518 530 n
1566 484 1786 556 καὶγὰρ

201 577 274 634 τάς
317 575 490 642 φύσεις
539 579 634 621 των
687 574 844 621 ὄντων
891 569 1134 620 ἁπάντων
1168 568 1216 620 ἐν
1260 569 1390 621 ἐπτὰ
1453 569 1786 644 τελεσάμενός

199 683 240 714 τε
281 665 360 712 καὶ
404 659 662 718 οὖσιωσας
713 661 932 732 ἡμέραις
969 660 996 709 6
1048 663 1388 732 Δημιουργὸς
1441 660 1616 712 οὐκέτι
1655 681 1782 732 παρ-

196 755 380 820 αγωγην
423 746 668 818 οὐδεμίαν
719 744 1036 808 ἐπεδείξατο.
1092 753 1316 820 Δευτέρα
1366 746 1426 801 δὲ
1481 751 1510 806 ἡ
1555 750 1610 812 ἐξ
1650 749 1784 802 ἐκεί-

196 859 268 890 νου
293 842 450 910 μέχρι
480 844 571 888 τοῦ
611 845 698 888 νῦν
744 845 842 888 τῶν
898 837 1040 898 απαξ
1087 835 1380 907 ἐφεστώτων
1441 837 1776 910 ἐνεργουμένη

197 927 392 996 διαμονή
423 945 476 978 τε
517 931 606 976 καὶ
639 931 958 999 συντήρησις
998 929 1088 976 καὶ
1116 922 1340 996 μηδαμῆ
1375 937 1782 1001 παραχωρούσα

195 1019 254 1078 εἰς
294 1015 564 1089 ὀλόκληρον
609 1012 750 1076 εἶδος
801 1013 1196 1088 παραπολέσθαι
1227 1019 1318 1066 καὶ
1364 1019 1491 1088 πρὸς
1527 1021 1586 1068 τό
1618 1021 1688 1088 μὴ
1727 1019 1780 1068 ὄν

517 1106 546 1161 ἡ
611 1101 670 1156 δὲ
719 1107 936 1162 τοιαύτη
997 1102 1226 1176 ἐνέργεια
1279 1109 1372 1156 καὶ
1431 1111 1776 1179 συντήρησις,

193 1197 384 1268 πρόνοιά
431 1213 483 1245 τε
524 1201 659 1246 Θεοῦ
713 1197 802 1245 καὶ
841 1189 1132 1264 κηδεμονία
1159 1193 1412 1245 καλεῖται’
1454 1199 1544 1246 καὶ
1581 1197 1779 1255 ταύτης

191 1115 322 1177 χωρεῖ
333 1121 436 1156 σαι·

193 1293 266 1343 τῆς
317 1282 566 1356 ἐνεργείας
625 1301 680 1334 τε
744 1287 832 1334 καὶ
908 1280 1155 1356 ἐργασίας
1209 1278 1460 1354 οὐδεμίαν
1530 1279 1778 1334 οὐδέποτε

190 1373 516 1440 κατάπαυσιν,
573 1375 770 1444 μέχρις
815 1373 876 1422 ἄν
925 1374 984 1422 τό
1033 1375 1291 1442 περίγειον
1341 1367 1463 1424 τόδε
1510 1374 1779 1444 σύγκριμα

191 1467 270 1518 την
295 1462 582 1512 ὑπόστασιν
613 1463 738 1532 ἔχη,
773 1461 798 1511 ό
839 1459 1040 1522 ἀληθὴς
1083 1459 1416 1522 ἐξεπίσταται
1444 1460 1613 1532 λόγος.
1665 1459 1777 1514 Ἐτι

192 1547 242 1602 δὲ
288 1555 456 1624 τρίτην
507 1551 710 1623 ὁρῶμεν
763 1545 851 1601 τοῦ
907 1557 1240 1622 Δημιουργοῦ
1285 1548 1558 1624 ἐργασίαν,
1613 1549 1668 1612 ἐξ
1716 1551 1778 1610 ἧς

191 1639 363 1695 ἑκάστη
415 1641 574 1710 φύσις
635 1641 702 1690 τά
767 1638 932 1690 οἰκεῖα
983 1640 1291 1710 πράττουσα
1343 1635 1494 1690 οὐδὲν
1540 1635 1777 1710 ἀνόμοιον

191 1733 214 1786 ἦ
269 1727 523 1801 ἀλλότριον
582 1727 752 1789 αὐτῆς
804 1726 1164 1798 προϐάλλεται,
1227 1726 1334 1778 ἀλλ’
1393 1726 1584 1784 ἑκάστη
1649 1731 1778 1800 πρὸς

191 1821 240 1870 τό
281 1817 454 1869 οἰκεῖον
516 1821 610 1870 καὶ
675 1815 884 1889 ἐμφερὲς
941 1813 1358 1888 διαπλαττομένη
1428 1821 1517 1868 καὶ
1583 1835 1780 1888 μορφο-

193 1915 392 1958 ποιουσα
433 1909 490 1958 τό
542 1909 782 1977 γέννημα
833 1903 1098 1958 ἀνόθευτον
1145 1909 1238 1962 τὴν
1285 1900 1556 1976 διαδοχὴν
1587 1901 1780 1958 ἐπιδεί-

192 2014 366 2046 κνυται·
425 1997 502 2052 εἴη
543 1990 596 2046 δ’
644 1993 705 2046 ἄν
734 1996 882 2052 καὶὴ
938 1996 1156 2050 τοιαύτη
1186 1991 1410 2066 ἐργασία
1459 1993 1528 2054 εἰς
1556 1997 1641 2045 τόν
1689 2002 1780 2054 τῆς

195 2089 408 2158 προνοίας
463 2089 556 2136 καὶ
611 2079 930 2154 κηδεμονίας
979 2081 1238 2155 ἀνηγμένη
1280 2082 1450 2153 λόγον.
1502 2081 1639 2140 Πλὴν
1680 2091 1778 2133 τῶν

195 2173 441 2246 εἰρημένων
499 2181 663 2246 τριῶν
711 2171 986 2245 ἐργασιῶν,
1037 2173 1067 2228 ἡ
1131 2174 1220 2243 μεν
1280 2176 1398 2246 περὶ
1463 2171 1774 2236 ούσιώσεως,

195 2263 218 2318 η
247 2259 298 2314 3’5
331 2266 444 2334 περὶ
489 2258 771 2333 διαμονῆς,
816 2263 846 2318 ἡ
885 2257 942 2313 δὲ
976 2265 1095 2332 περὶ
1127 2262 1431 2332 ὁμοιότητος
1461 2264 1546 2312 τὸν
1585 2265 1778 2312 σκοπὸν

196 2347 461 2404 ἀπευθύνει.
495 2351 590 2412 Εἰς
640 2353 728 2402 τὸν
759 2353 914 2402 αὐτὸν
946 2345 1006 2402 δε
1038 2351 1329 2422 συναχθείη
1384 2348 1534 2422 λόγον
1566 2355 1655 2401 καὶ
1685 2357 1780 2411 τῆς

195 2439 360 2501 τάξεως
407 2449 504 2491 τῶν
559 2441 895 2490 ὑποστάντων
945 2439 974 2496 ἠ
1034 2437 1374 2500 ἀναλλοίωτός
1433 2457 1487 2490 τε
1525 2443 1614 2489 καὶ
1659 2436 1780 2508 ἀμεσι

195 2533 446 2590 τακίνητος
473 2525 752 2599 διαδοχή
797 2527 934 2588 ἥλιός
980 2531 1036 2579 τέ
1084 2545 1143 2598 γε
1187 2531 1278 2579 καὶ
1318 2525 1657 2592 ἀποστάσεις,
1689 2531 1778 2578 καὶ

192 2615 266 2676 ini;
297 2635 346 2668 τε
389 2621 476 2668 καὶ
521 2614 736 2684 δύσεις,
784 2611 1036 2676 συνόδους
1081 2634 1136 2667 ἰε
1179 2619 1270 2666 καὶ
1301 2613 1634 2681 ἀποστάσεις,
1687 2619 1778 2666 καὶ

193 2707 272 2766 τὰς
321 2705 466 2765 ἄλλοις
523 2704 808 2778 ἐνεργείας,
857 2704 914 2764 οἷς
971 2705 996 2754 6
1051 2700 1430 2778 δημιουργικὰς
1478 2701 1652 2763 αὐτοῖς
1696 2703 1780 2755 ἐν-

193 2796 384 2846 απέθετο
433 2794 590 2865 λόγος
632 2793 727 2845 ούκ
773 2795 833 2844 ἄν
875 2792 1186 2864 ἀμείϐοντες,
1223 2787 1349 2844 οὐδὲ
1393 2797 1487 2850 την
1523 2791 1576 2854 ἐξ
1605 2790 1782 2866 ἀρχῆς

193 2883 348 2944 αὐτοῖς
401 2889 666 2954 παγεῖσαν
741 2885 984 2934 εὔτακτον
1065 2889 1156 2932 τού
1233 2877 1432 2952 δρόμου
1502 2883 1781 2954 περιφορὰν

193 2973 442 3042 γωραθείεν
494 2969 907 3046 διαφθείροντες·
961 2966 1076 3022 οὐδ’
1108 2972 1134 3021 6
1179 2968 1354 3030 λοιπὸς
1403 2977 1502 3020 τῶν
1553 2967 1780 3040 ἀστέρων

1897 488 1987 539 est
2019 501 2076 540 :«
2101 488 2164 541 Et
2180 485 2276 541 die
2299 488 2552 559 septimo
2575 489 2858 561 requievit
2877 493 3046 544 Deus.
3073 510 3103 540 »
3121 491 3355 546 Naturis
3379 492 3541 549 enim

1895 589 2098 628 eorum
2118 576 2387 630 omnium
2400 593 2536 649 quae
2553 582 2688 633 sunt
2705 577 3123 635 etsubstantiis
3142 579 3294 634 intra
3313 584 3544 652 septem

1894 662 2019 716 dies
2048 663 2340 733 perfectis,
2383 666 2622 722 Creator
2649 667 2877 724 nullam
2928 667 3080 722 ultra
3109 667 3372 723 exhibuit
3409 686 3546 741 pro—

1893 749 2255 806 ductionem.
2308 753 2586 810 Secuuda
2627 759 2826 811 autem
2879 761 2967 811 est
3020 755 3122 810 illa
3149 757 3436 814 stabilitas
3489 763 3546 812 et

1892 843 2261 897 conservatio
2279 847 2704 910 creaturarum,
2720 863 2788 900 ex
2804 862 2926 916 quo
2944 845 3226 902 exsistere
3239 853 3547 918 coeperunt

1895 945 2080 1000 usque
2097 930 2175 985 ad
2195 931 2309 986 hoc
2333 937 2589 1004 tempus,
2609 949 2729 989 non
2747 933 2948 990 sinens
2963 935 3047 990 vel
3075 950 3257 990 unam
3283 935 3543 1007 speciem

1890 1019 2137 1074 omnino
2155 1021 2344 1090 perire
2361 1028 2417 1076 et
2440 1022 2502 1076 in
2527 1023 2782 1078 nihilum
2809 1023 3001 1078 redire
3031 1040 3042 1079 :
3069 1040 3139 1080 ea
3159 1040 3337 1094 porro
3365 1025 3454 1080 vis
3489 1031 3545 1082 et

1890 1109 2283 1174 conservatio,
2331 1110 2706 1180 providentia
2749 1113 2846 1166 Dei
2877 1116 2933 1167 et
2983 1127 3126 1168 cura
3181 1119 3446 1169 vocatur.
3483 1117 3548 1170 Et

1887 1196 2016 1252 haec
2042 1197 2130 1250 vis
2158 1205 2214 1252 et
2239 1200 2392 1254 actio
2418 1215 2730 1272 nunquam
2771 1199 3034 1256 futurum
3077 1218 3204 1258 esse
3251 1209 3312 1258 ut
3335 1209 3544 1269 cesset,

1888 1285 2154 1357 quandiu
2194 1287 2478 1343 subsistet
2513 1288 2642 1344 haec
2681 1295 2911 1345 terrena
2958 1291 3196 1358 creatio,
3253 1292 3546 1348 veridicus

1889 1374 2055 1428 testis
2074 1379 2162 1428 est
2180 1390 2394 1430 sermo.
2425 1377 2678 1431 Tertiam
2702 1393 2946 1448 quoque
2964 1377 3236 1434 videmus
3257 1381 3547 1436 Creatoris

1889 1463 2318 1534 operationem,
2351 1463 2406 1517 vi
2450 1464 2623 1534 cujus
2671 1481 3052 1538 unaquaque
3110 1475 3324 1523 natura
3363 1483 3546 1537 agens

1888 1551 2132 1624 propria
2163 1551 2306 1607 nihil
2331 1551 2442 1607 sibi
2473 1553 2762 1610 dissimile
2789 1561 2890 1610 aut
2917 1572 3038 1610 non
3069 1561 3540 1613 consentaneum

1888 1639 2164 1712 producit
2191 1657 2206 1708 ;
2231 1641 2332 1696 sed
2369 1641 2540 1711 juxta
2569 1659 2707 1696 suas
2734 1644 3122 1715 proprietates
3169 1649 3225 1700 et
3254 1661 3428 1701 suam
3471 1645 3547 1700 si-

1813 1749 1857 1803 Β
1889 1727 2288 1784 militudinem
2320 1729 2612 1798 efﬁngens
2642 1735 2698 1786 et
2728 1731 2994 1788 formans
3025 1749 3097 1789 ea
3125 1749 3262 1804 qua:
3293 1749 3364 1789 ex
3407 1735 3544 1805 ipsa

1889 1823 2233 1883 nascuntur,
2257 1817 2582 1888 legitimam
2611 1818 2884 1876 sobolem
2905 1821 3243 1878 successive
3269 1822 3542 1890 exhibet;

1887 1905 2022 1960 talis
2053 1910 2256 1962 autem
2286 1907 2556 1979 operatio
2595 1909 2838 1965 nomine
2873 1911 3257 1982 providentiae
3301 1917 3359 1967 et
3387 1927 3545 1968 curre

1889 1993 2249 2064 designatur.
2286 1997 2571 2052 Caeterum
2599 1998 3018 2068 praedictarum
3049 2000 3224 2056 trium
3257 2001 3546 2072 Operatio-

1889 2100 2020 2138 num
2035 2088 2145 2140 tum
2161 2099 2231 2140 ea
2245 2100 2380 2156 quae
2395 2084 2776 2151 substantias,
2791 2091 2908 2142 tum
2923 2103 2994 2143 ea
3005 2104 3140 2160 quae
3153 2091 3546 2146 conservatio-

1887 2188 2048 2238 nem,
2083 2178 2208 2228 tum
2241 2189 2312 2228 ea
2331 2189 2468 2245 quas
2491 2173 2938 2231 similitudinem
2965 2192 3072 2248 pro
3103 2177 3340 2247 objecto
3359 2177 3547 2234 habet

1889 2278 2054 2316 suum
2069 2260 2242 2316 ﬁnem
2257 2261 2520 2333 apprime
2533 2269 2958 2335 assequuntur.
2978 2264 3064 2320 Ad
3079 2265 3332 2321 eamdem
3352 2270 3542 2322 autem

1888 2350 2180 2406 rationem
2209 2350 2552 2408 reducenda
2581 2350 2692 2408 erit
2726 2352 2904 2408 etiam
2929 2352 3159 2408 ordinis
3181 2355 3545 2411 substantia-

1887 2456 2012 2494 rum
2031 2438 2412 2494 immutabilis
2430 2444 2485 2494 et
2501 2445 2782 2496 constans
2801 2442 3120 2498 successio.
3140 2441 3469 2516 Solquippe
3491 2451 3548 2501 et

1887 2526 2042 2594 luna,
2057 2533 2216 2582 ortus
2228 2531 2562 2594 etoccasus,
2577 2545 2924 2600 congressus
2937 2529 3542 2588 etdefectionesetcae-

1891 2614 2042 2672 teras
2055 2616 2204 2671 vires
2217 2617 2494 2688 quasillis
2509 2617 2714 2674 indidit
2729 2618 2982 2674 divinum
2998 2619 3286 2676 Creatoris
3297 2620 3546 2676 Verbum

1889 2721 2200 2776 nunquam
2233 2711 2532 2761 mutantes
2559 2723 2754 2778 neque
2786 2707 2898 2762 sibi
2921 2707 3550 2782 abinitioimpressum

1891 2809 2100 2848 cursus
2139 2795 2482 2850 ordinatum
2541 2796 2649 2850 iter
2703 2795 3124 2853 obliviscentes
3154 2799 3550 2854 animadverti

1891 2889 2154 2954 possent.
2199 2885 2400 2954 Neque
2445 2883 2712 2956 reliquus
2765 2893 3060 2942 astrorum
3110 2887 3329 2942 chorus
3388 2887 3550 2946 illam

1893 2971 2008 3026 sibi
2027 2971 2102 3026 ab
2120 2970 2289 3025 initio
2309 2970 2654 3043 impositam
2679 2977 2874 3028 motus
2895 2978 2952 3028 et
2964 2973 3208 3038 ordinis,
3231 2974 3552 3046 apparitio-

191 3063 338 3130 χορός
382 3064 468 3112 τόν
517 3059 574 3122 ἐξ
626 3059 802 3131 ἀρχῆς
851 3059 1024 3120 αὐτοῖς
1077 3056 1352 3110 ἐνδοθέντα
1399 3066 1488 3118 τῆς
1543 3076 1598 3109 τε
1641 3077 1781 3131 περι-

1893 3061 1982 3116 nis
2001 3065 2056 3115 et
2075 3059 2484 3116 occultationis
2504 3061 2781 3116 semitam
2802 3065 3141 3133 permutare
3162 3062 3551 3118 etdissolvere

195 3154 334 3220 φοράς
382 3155 466 3200 καὶ
517 3158 622 3210 τῆς
677 3148 867 3210 τάξεως
931 3149 1126 3221 εἱρμὸν,
1183 3149 1386 3218 φάσεως
1433 3166 1488 3198 τε
1525 3151 1614 3197 καὶ
1656 3149 1784 3219 κρύ-

194 3236 330 3304 ψεως,
379 3238 470 3288 οὐκ
523 3240 590 3289 ἄν
644 3236 809 3289 ἁλοῖεν
857 3235 1184 3309 ἀμειϐόμενοί
1233 3255 1287 3288 τε
1337 3239 1427 3288 καὶ
1471 3232 1778 3296 διαλύοντες·

193 3329 348 3388 νύκτες
393 3347 446 3379 τε
503 3335 624 3386 ταῖς
688 3328 907 3398 ἡμέραις
960 3327 1360 3398 ὑποχωρούσαι,
1418 3329 1508 3376 καὶ
1555 3328 1614 3376 τὸ
1665 3325 1782 3376 6mi-

193 3414 326 3465 πάλιν
385 3418 438 3467 αἰ
485 3417 686 3488 ἡμέραι
732 3415 846 3476 ταῖς
901 3413 1042 3476 νυξὶν
1101 3413 1453 3486 ἐξιστάμεναι,
1513 3411 1784 3465 ἀνόθευτόν

195 3521 240 3554 τε
287 3509 370 3555 καὶ
417 3503 818 3578 ἀπαραποίητον
885 3507 979 3560 τὴν
1053 3505 1296 3554 εὔτακτον
1353 3500 1631 3573 ἀναλογίαν
1699 3499 1785 3554 δι-

199 3597 455 3645 εσώσαντο·
490 3595 744 3652 ὡσαύτως
781 3596 870 3644 καὶ
899 3593 1042 3662 ὡρῶν
1074 3593 1128 3642 αἱ
1160 3594 1340 3662 φύσεις
1388 3593 1477 3650 τὰς
1515 3587 1785 3662 διαδοχὰς

197 3676 418 3744 (inﬂat;
513 3685 984 3754 παραπέμπουσαι,
1093 3677 1345 3752 οὐδεμίαν
1450 3684 1784 3751 καινοτομίαν

197 3764 432 3834 ἐδέξαντο,
491 3770 625 3822 ἀλλά
676 3775 769 3829 τὴν
819 3769 1052 3844 ἀρχαίαν
1101 3775 1191 3820 καὶ
1249 3771 1549 3842 θαυμασίαν
1591 3771 1785 3828 ταύτην

196 3857 479 3928 μεταϐολὴν,
537 3858 894 3932 ἀμετάϐλητον
947 3863 1038 3911 καὶ
1123 3856 1494 3930 ἀμετακίνητον
1572 3864 1785 3917 συνετή-

197 3964 364 4016 ρησαν·
413 3955 504 4002 καὶ
541 3951 742 4006 ταύτην
787 3953 880 4006 την
919 3946 968 4000 ἓν
1015 3955 1126 4009 τοῖς
1156 3947 1304 3999 οὖσιν
1339 3946 1573 4009 εὐταξίαν
1613 3966 1668 3999 τε
1696 3952 1786 4000 καὶ

1893 3149 2368 3214 convinceretur,
2401 3154 2728 3220 noctesque
2745 3149 2958 3204 diebus
2981 3151 3366 3206 succedentes
3391 3157 3448 3206 et
3467 3151 3550 3206 vi-

1892 3237 2094 3293 cissim
2114 3237 2240 3292 dies
2263 3239 2399 3309 post
2420 3243 2622 3293 noctes
2649 3244 3026 3308 resurgentes
3050 3237 3342 3310 integram
3360 3245 3548 3296 etnon

1892 3326 2286 3382 adulteratam
2305 3327 2742 3398 proportionem
2758 3333 3156 3384 servaverunt.
3179 3330 3326 3386 Item
3341 3329 3552 3386 etanni

1897 3421 2232 3487 temporum
2281 3421 2510 3471 natura;
2561 3416 2672 3471 sibi
2704 3417 2957 3472 invicem
2995 3418 3380 3474 succedentes
3409 3417 3550 3476 nihil

1893 3504 2032 3560 novi
2065 3521 2254 3576 passae
2283 3509 2422 3559 sunt
2447 3521 2460 3571 ;
2491 3504 2598 3559 sed
2621 3505 2931 3577 antiquam
2954 3510 3008 3561 et
3031 3506 3363 3564 mirabilem
3381 3507 3554 3563 vicis-

1895 3592 2220 3648 situdinem
2249 3593 2682 3648 immutabilem
2725 3601 2782 3649 et
2808 3600 3180 3650 constantem
3220 3611 3548 3653 servavere.

1895 3681 2063 3737 Illam
2093 3696 2272 3754 porro
2302 3683 2362 3736 in
2389 3682 2462 3737 iis
2485 3699 2620 3755 quae
2648 3687 2788 3738 sunt
2815 3689 3012 3739 creata
3033 3683 3471 3742 ordinationem
3498 3690 3556 3741 et

1896 3771 2346 3843 proportionem
2379 3771 2694 3828 manifeste
2725 3773 2984 3830 continet
3016 3789 3086 3828 ac
3121 3774 3322 3830 ﬁrmat
3357 3773 3552 3846 provi-

1895 3859 2111 3915 dentiae
2170 3859 2421 3916 verbum
2456 3877 2634 3932 ;quaa
2698 3863 2968 3932 operatio
3023 3866 3115 3918 est
3165 3863 3344 3920 etiam
3397 3863 3554 3920 illius

1897 3949 1996 4003 Dei
2023 3949 2126 4021 qui
2148 3949 2348 4004 omnia
2377 3948 2676 4020 sapienter
2706 3950 2992 4006 condidit.

197 4033 468 4108 ἀναλογίαν,
545 4033 712 4096 δῆλον
771 4040 840 4097 ὡς
908 4038 934 4088 ό
989 4043 1078 4097 τῆς
1135 4040 1382 4110 προνοίας
1439 4039 1651 4106 συνέχει
1707 4055 1762 4089 τε
1818 4041 1909 4090 καὶ
1964 4044 2246 4112 συγκροτεῖ
2289 4037 2456 4109 λόγος·
2509 4035 2734 4111 ἐργασία
2785 4035 2837 4091 δ’
2885 4041 2948 4092 ἄν
2996 4041 3072 4097 εἴη
3125 4044 3215 4092 καὶ
3263 4047 3417 4094 τοῦτο
3463 4047 3555 4096 τοῦ

197 4127 348 4178 πάντα
377 4127 424 4179 ἐν
458 4132 624 4200 σοφίᾳ
663 4123 1156 4202 δημιουργήσαντος
1184 4133 1341 4184 Θεοῦ.

259 4221 399 4268 Ἐστι
429 4213 488 4269 δέ
517 4237 600 4278 τις
629 4214 712 4268 ἐπὶ
755 4219 954 4276 τούτοις
1001 4221 1090 4268 καὶ
1130 4215 1274 4290 ἑτέρα
1319 4214 1560 4289 ἐργασία,
1609 4215 1781 4287 φιλαν-

1976 4220 2072 4273 Est
2113 4221 2314 4273 autem
2387 4223 2668 4290 praeterea
2716 4223 2773 4274 et
2837 4218 2956 4275 alia
3002 4218 3290 4292 operatio,
3337 4233 3556 4290 nempe

205 4301 388 4374 ῦρωπία
443 4303 734 4364 δεσποτικὴ
787 4313 858 4374 τῷ
927 4304 1230 4376 ἀνθρωπίνῳ
1291 4304 1523 4376 μάλιστα
1577 4303 1784 4357 ἐπιθεω-

201 4401 401 4466 ρονμένη
455 4400 608 4466 γένει·
662 4392 819 4454 διπλῆ
869 4391 928 4448 δὲ
983 4394 1136 4454 αὕτη*
1197 4397 1226 4454 ἡ
1277 4399 1366 4467 μὲν
1403 4397 1502 4468 γὰρ
1551 4398 1786 4466 τέμνεται

205 4488 306 4554 περὶ
361 4493 508 4557 σῶμα
567 4481 640 4537 δι’
697 4485 760 4545 ἧς
807 4483 970 4536 λῶϐαί
1013 4503 1064 4536 τε
1112 4489 1201 4536 καὶ
1254 4486 1394 4541 πάθη
1447 4488 1612 4559 μυρία
1658 4483 1788 4535 ἄλλα

205 4579 284 4622 τοῦ
343 4573 640 4646 πλάσματος
708 4572 1068 4641 ἀπελαύνεται,
1127 4573 1162 4624 ά
1218 4569 1286 4632 δὴ
1349 4577 1712 4646 παραγεγονὼς
1761 4574 1786 4625 6

207 4665 352 4722 κοινός
407 4673 495 4715 τοῦ
565 4669 746 4734 γένους
819 4667 996 4735 Σωτὴρ
1055 4665 1270 4735 ἔπραττέ
1319 4681 1374 4715 τε
1420 4667 1510 4714 καὶ
1567 4661 1784 4734 ἐνήργει,

209 4748 530 4814 παντοδαπῶς
581 4755 900 4824 παθημάτων
968 4757 1058 4804 καὶ
1116 4757 1280 4804 νόσων
1337 4757 1392 4804 τὸ
1469 4749 1788 4824 ἀνθρώπινον

211 4835 472 4915 ὒιενθιρῶν·
537 4843 568 4899 ἡ
621 4837 680 4894 δὲ
736 4847 854 4916 περὶ
903 4841 1109 4913 ψυχὴν·
1165 4844 1360 4899 ταύτην
1417 4843 1518 4914 γὰρ
1581 4841 1790 4902 πολλοῖς

215 4923 528 5001 ἁμαρτήμασι
597 4935 1043 5003 συγκεχωσμένην
1091 4936 1180 4982 καὶ
1252 4931 1600 4982 κατάστικτον
1668 4929 1788 4988 ὃλην

213 5025 524 5090 γεγενημένην
567 5027 682 5082 ταῖς
752 5027 842 5072 τοῦ
907 5027 1137 5092 πονηροῦ
1211 5023 1426 5094 μυρίαις
1505 5019 1712 5083 αἰκίαις,
1763 5020 1788 5070 ό

216 5103 352 5167 αὐτὸς
401 5111 542 5179 ἡμῶν
589 5110 828 5170 πλάστης
879 5113 969 5160 καὶ
1053 5113 1383 5180 Δημιουργὸς
1457 5107 1788 5180 ἀποκαθηρά-

217 5201 338 5260 μενος
371 5215 420 5248 τε
461 5203 546 5249 καὶ
597 5197 856 5260 ἀποξέσας
897 5193 992 5249 διὰ
1035 5205 1130 5260 τῆς
1176 5197 1336 5248 αύτού
1387 5197 1513 5268 ὑπὲρ
1554 5205 1670 5247 νοῦν
1701 5199 1789 5248 καὶ

217 5277 346 5352 λόγον
391 5283 686 5358 ἐπιδημίας,
754 5289 820 5347 εἷς
869 5305 924 5339 τε
975 5289 1032 5338 τὸ
1101 5293 1327 5358 ἀρχαῖον
1389 5283 1592 5356 ἀξίωμα
1643 5283 1791 5336 ἐπαν-

221 5373 380 5440 ήγαγε,
421 5380 506 5426 καὶ
545 5381 602 5427 τό
641 5376 754 5427 κατ’
805 5375 976 5427 εἰκόνα
1013 5376 1166 5427 πάλιν
1218 5372 1482 5425 ἀναλαϐὼν
1540 5373 1699 5444 ἰσχύν
1739 5391 1792 5424 τε

220 5464 296 5510 καὶ
341 5467 504 5534 χαρὰν
557 5470 872 5536 παρέσχετο·
951 5463 1079 5521 αὓτη
1136 5471 1412 5534 τοιγαροῦν
1473 5465 1500 5518 ἡ
1561 5467 1676 5536 περὶ
1733 5465 1791 5513 τό

221 5547 414 5620 πλάσμα
455 5561 548 5604 τῶν
597 5563 786 5626 χειρῶν
843 5553 1002 5604 αὐτοῦ
1045 5553 1267 5625 ἐργασία
1313 5551 1520 5623 τυφλοῖς
1572 5554 1630 5602 τό
1677 5547 1792 5622 βλέ-

545 5641 783 5696 ΡΑτηοι..
827 5639 931 5697 Gn.
975 5643 1062 5695 Cl.

1898 4303 2315 4362 benevolentia
2345 4305 2579 4362 Domini
2627 4307 2895 4362 humano
2936 4308 3137 4376 generi
3187 4305 3506 4376 invigilans
3539 4322 3554 4372 ;

1897 4409 2033 4466 quae
2063 4393 2285 4466 duplex
2333 4398 2437 4449 est.
2475 4393 2633 4450 Prior
2663 4395 2907 4466 quidem
2955 4411 3062 4466 pro
3111 4395 3338 4466 objecto
3373 4393 3558 4450 habet

1897 4498 2135 4554 corpus,
2160 4498 2280 4554 qua
2301 4481 2566 4538 morbiet
2595 4489 2872 4538 sexcenta
2893 4482 3008 4539 alia
3033 4483 3191 4539 mala
3214 4499 3250 4538 a
3275 4484 3557 4539 creaturis

1897 4570 2296 4642 expelluntur;
2319 4571 2484 4642 quod
2504 4571 2724 4640 agebat
2754 4576 2809 4626 et
2839 4573 3194 4643 operabatur
3218 4573 3557 4630 communis

1898 4659 2130 4730 generis
2169 4659 2358 4714 nostri
2399 4657 2685 4730 Salvator,
2721 4658 3088 4731 quibuslibet
3118 4661 3424 4718 doloribus
3455 4661 3558 4718 ho-

1899 4749 2090 4804 mines
2120 4747 2400 4804 liberans.
2433 4748 2628 4804 Altera
2666 4763 2806 4804 vero
2835 4749 2912 4806 ad
2961 4749 3232 4806 animam
3271 4749 3556 4822 respicit:

1896 4837 2062 4893 illam
2089 4837 2248 4893 enim
2279 4837 2448 4894 multi
2489 4837 2748 4910 peccatis
2789 4837 3068 4895 obrutam
3119 4843 3176 4896 et
3217 4843 3399 4896 totam
3435 4854 3562 4896 sex-

1898 4926 2085 4982 centis
2103 4925 2328 4982 diaboli
2347 4927 2579 4983 astutiis
2603 4925 2984 4995 maculatam,
3003 4928 3338 5000 plasmator
3362 4931 3560 4984 noster

1899 5022 1956 5071 et
1987 5016 2228 5072 Creator
2257 5015 2609 5085 abstergens
2658 5021 2714 5072 et
2748 5015 3049 5072 abradens
3087 5032 3192 5088 per
3237 5032 3418 5072 suum
3460 5033 3562 5072 su-

1899 5121 2012 5176 pra
2067 5109 2330 5161 mentem
2383 5109 2438 5159 et
2483 5105 2777 5162 rationem
2829 5105 3155 5161 adventum
3205 5105 3416 5176 priscae
3472 5105 3559 5161 di-

1900 5193 2110 5264 gnitati
2157 5193 2425 5258 restituit,
2459 5199 2514 5248 et
2561 5194 2725 5266 quod
2781 5193 2858 5248 ad
2921 5209 3092 5249 suam
3131 5193 3456 5265 imaginem
3481 5193 3560 5248 et-

1903 5281 2264 5338 formaverat
2293 5297 2587 5346 recreans,
2623 5282 2674 5338 ei
2731 5281 2848 5338 vim
2886 5287 2942 5338 et
2968 5283 3249 5352 gaudium
3284 5281 3556 5354 pI‘EBbUit.

1903 5371 2006 5425 Illa
2033 5369 2212 5439 igitur
2246 5370 2305 5424 in
2337 5385 2486 5440 opus
2517 5385 2808 5426 manuum
2849 5370 3038 5442 ipsius
3071 5371 3226 5426 actio
3255 5371 3430 5427 caecis
3475 5371 3562 5426 vi-

1903 5475 2036 5513 sum
2055 5457 2317 5526 largitur,
2351 5457 2748 5529 paralyticum
2770 5458 3063 5526 astringit,
3087 5461 3560 5530 quatriduauuin

1903 5552 2208 5603 mortuum
2259 5547 2504 5602 suscitat
2535 5563 2604 5603 ex
2640 5547 2937 5619 sepulcro,
2969 5551 3028 5604 et
3067 5547 3386 5604 innumera
3443 5547 3560 5603 alia
