4086 6190
467 281 538 338 99
667 293 672 298 ·
1697 273 1927 336 ΡΗΟΤΙΙ
1965 273 2443 335 ΡΑΤΒΙΑΗΟΗΕ
2483 277 2596 338 CP.

3733 273 3834 334 100

470 413 747 464 naturam
769 404 1112 462 excedentia
1133 418 1316 476 opera.
1331 403 1590 460 ostendit
1607 425 1620 469 ς
1635 405 1924 474 quaedam
1946 403 2120 460 bene-

2236 425 2340 458 πειν
2397 406 2701 480 χαρίζεται,
2761 403 3052 480 παράλυτον
3115 409 3342 478 σφίγγει,
3395 413 3692 478 τεταρταῖον
3741 405 3834 455 ἁν-

469 497 741 554 volentiie
765 495 984 566 regulis
1010 499 1066 550 et
1096 495 1325 566 legibus
1363 493 1540 549 efﬁcit
1583 495 1868 548 Dominus
1899 499 2119 562 noster,

469 587 830 643 beneﬁcium
851 585 902 641 ei
925 583 1236 656 exprobrat
1263 583 1535 654 ingratus
1562 583 1900 638 Judatorum
1934 597 2122 655 popu-

469 675 583 740 lus,
618 675 874 732 Sabbato
905 673 1168 730 debitam
1220 673 1658 729 venerationem
1687 677 2034 743 praetextum
2065 678 2121 730 et

473 781 594 820 sua:
648 763 883 820 invidiae
939 763 1298 835 malitiaeque
1339 761 1536 818 velum
1591 760 2122 831 objicienszaudit

470 869 611 910 vero
653 853 995 919 Dominum,
1029 857 1157 908 tum
1205 855 1503 924 quatenus
1537 851 1825 906 Dominus
1854 854 1962 914 est,
1999 855 2119 905 tum

469 947 767 1016 quatenus
799 942 1082 1012 magister
1125 945 1182 996 et
1210 939 1482 1006 salvator,
1525 939 1858 996 dicentem:
1893 959 1920 991 «
1955 939 2122 996 Pater

471 1049 644 1089 meus
667 1047 859 1104 usque
880 1031 1060 1087 modo
1073 1035 1350 1101 operatur
1367 1033 1422 1086 et
1437 1045 1550 1100 ego
1567 1044 1781 1101 operor
1801 1029 1887 1082 73'.
1916 1050 1942 1078 »
1969 1031 2120 1084 Dum

470 1127 669 1180 autem
701 1121 948 1191 ingratis
977 1119 1198 1175 Judaeis
1229 1119 1410 1174 istam
1441 1120 1706 1190 corporis
1729 1119 2116 1188 curationem,

471 1213 608 1284 quia
640 1211 901 1267 Sabbato
955 1210 1110 1265 facta
1149 1215 1292 1276 erat,
1327 1207 1796 1281 vituperantibus
1855 1213 1911 1263 et
1965 1207 2120 1263 blas-

471 1299 897 1372 phemantibus
953 1299 1034 1356 ita
1093 1299 1378 1354 Dominus
1433 1313 1501 1353 os
1527 1297 1785 1367 obturat,
1827 1311 1936 1352 n03
1967 1295 2122 1352 clare

470 1390 677 1445 edocet
715 1389 792 1446 ab
844 1389 1259 1460 hujuscemodi
1317 1387 1600 1460 operibus
1655 1401 1849 1458 neque
1889 1387 2122 1442 Patrem

469 1479 853 1549 requiescere,
889 1494 1080 1550 neque
1125 1478 1388 1549 seipsum
1420 1476 1654 1548 operari
1701 1475 1992 1530 desinere.
2039 1477 2121 1530 Ex

469 1570 584 1626 hac
611 1569 786 1640 igitur
819 1567 1050 1622 Domini
1083 1567 1466 1638 responsione
1498 1570 1556 1620 et
1594 1581 1664 1619 ex
1695 1563 1942 1620 diversis
1989 1579 2123 1636 opeo

469 1657 770 1714 rationum
797 1656 1240 1714 characteribus
1280 1654 1447 1711 facile
1481 1654 1581 1710 tibi
1616 1659 1698 1709 est
1739 1653 2061 1724 intelligere
2087 1669 2122 1709 a

2231 500 2355 566 ίστᾴ
2405 503 2492 548 τοῦ
2539 499 2722 567 τάφου,
2764 501 2854 548 καὶ
2899 503 3143 569 κρεῖσσον
3191 499 3222 554 ἤ
3267 495 3624 570 ἀριθμεῖσθαι,
3674 497 3836 570 ύπερ-

2230 591 2330 654 φυῇ
2386 587 2512 657 ἔργα
2559 580 2876 646 ἐπεδείξατο·
2929 583 2962 636 ἃ
3003 592 3097 636 τοῦ
3152 589 3410 637 Δεσπότου
3452 584 3834 658 φιλανθρωπίας

2229 675 2331 748 ὅρῳ
2387 679 2476 726 καὶ
2529 677 2668 746 νόμῳ
2723 669 3188 746 διαπραττομένου,
3247 670 3546 737 ἐξονειδίζει
3598 677 3688 746 μὲν
3739 679 3834 732 τὴν

2230 762 2521 836 εὐεργεσίαν
2573 764 2600 814 ό
2661 763 2956 836 ἀχάριστος
3007 771 3108 814 τῶν
3165 759 3431 816 Ἰουδαίων
3488 759 3678 836 δῆμος,
3739 767 3834 822 τὴν

2227 859 2318 904 τοῦ
2377 851 2644 904 Σαϐϐάτου
2693 856 2850 924 τιμὴν
2899 856 3158 928 πρόφασίν
3213 871 3266 905 τε
3325 859 3416 906 καὶ
3479 853 3836 926 προκάλυμμα

2228 947 2320 993 τοῦ
2379 942 2564 1012 φθόνου
2612 945 2702 993 καὶ
2751 950 2846 1002 τῆς
2891 945 3141 1016 πονηρίας
3173 941 3598 1015 προϐαλλόμενος·
3653 941 3834 994 ἀκούει

2231 1025 2290 1083 δὲ
2337 1033 2478 1104 παρὰ
2519 1039 2608 1083 τοῦ
2651 1035 2908 1084 Δεσπότου
2963 1039 3116 1083 τοῦτο
3163 1035 3250 1102 μὲν
3283 1039 3630 1097 Δεσποτικῶς,
3677 1039 3834 1084 τοῦτο

2231 1117 2289 1173 δὲ
2319 1117 2716 1180 διδασκαλικῶς
2759 1139 2813 1172 τε
2841 1126 2930 1173 καὶ
2963 1118 3330 1194 σωτηριωδως·
3367 1143 3394 1170 ‹‹
3425 1120 3484 1174 Ὀ
3515 1126 3698 1196 Πατήρ
3729 1139 3832 1194 μου

2229 1211 2320 1270 ἕως
2378 1211 2496 1284 οἶρτι
2545 1208 2841 1284 ἐργάζεται,
2891 1208 3036 1280 κάγώ
3077 1209 3384 1285 ἐργάζομαι.
3433 1233 3460 1260 ››
3523 1209 3678 1262 Ἀλλὰ
3717 1214 3837 1272 τοὺς

2229 1303 2320 1371 μὲν
2359 1298 2688 1372 ἀχαρίστους
2735 1295 3026 1360 Ἰουδαίους
3073 1305 3166 1358 την
3209 1305 3328 1374 περὶ
3377 1303 3434 1352 τό
3485 1307 3636 1372 σῶμα
3685 1301 3833 1372 θερα-

2231 1393 2376 1442 πείαν
2430 1390 2508 1440 ότι
2551 1393 2727 1460 γέγονε
2777 1387 3022 1460 Σαϐϐάτῳ
3077 1385 3430 1465 διασύροντας
3487 1393 3577 1441 καὶ
3629 1385 3838 1460 δυσφη-

2231 1483 2452 1550 μοῦντας
2503 1477 2662 1537 οὕτως
2715 1479 2740 1529 6
2796 1482 3054 1538 Δεσπότης
3103 1477 3473 1550 ἐπιστομίζων,
3523 1480 3716 1529 τούτων
3785 1496 3838 1529 τε

2231 1572 2320 1618 καὶ
2376 1575 2474 1618 τὼν
2531 1569 2776 1618 τοιούτων
2832 1569 2988 1640 ἔργων
3053 1571 3184 1638 μήτε
3235 1571 3322 1620 τὸν
3383 1571 3586 1642 Πατέρα
3639 1575 3841 1620 πεπαῦ-

2235 1657 2378 1724 σθαι,
2430 1660 2561 1727 μὸτε
2616 1655 2772 1707 αὐτὸν
2819 1663 2914 1717 τῆς
2956 1655 3208 1730 ἐργασίας
3251 1657 3427 1728 λήγειν
3458 1664 3649 1730 τρανῶς
3697 1658 3841 1728 ἡμᾶς

471 1747 681 1820 quibus
712 1746 994 1817 operibus
1023 1744 1409 1816 requieverint
1449 1745 1613 1800 Pater
1643 1748 1697 1798 et
1738 1743 1933 1806 Filius,
1962 1757 2122 1814 quae-

2236 1740 2554 1807 ἆνεδίδαξεν.
2601 1745 2728 1796 Ἀπὸ
2779 1741 2838 1797 δὲ
2879 1753 2970 1805 τῆς
3021 1751 3340 1808 Δεσποτικῆς
3373 1745 3676 1818 ἀποφάσεως
3713 1749 3838 1798 ταύ-

473 1851 612 1892 nam
647 1841 844 1891 autem
895 1850 1088 1906 usque
1143 1833 1324 1888 modo
1369 1849 1489 1888 non
1537 1832 1815 1888 desinant
1865 1829 2117 1902 operari.

473 1925 711 1981 Creator
749 1923 1044 1980 enimvero
1076 1923 1431 1978 substantias
1465 1921 1820 1993 jamdudum
1849 1921 2118 1977 termina-

473 2015 554 2070 vit
585 2033 598 2082 ;
631 2014 777 2069 dum
813 2020 1011 2069 autem
1039 2010 1510 2083 incorruptibilia
1557 2027 1627 2066 ea
1665 2027 1801 2082 qum
1833 2009 2118 2074 condidit,

473 2107 688 2168 servat,
749 2102 1009 2174 itemque
1054 2099 1266 2156 illtesas
1313 2103 1369 2156 et
1415 2115 1536 2155 non
1591 2098 1948 2154 adulterinas
1995 2114 2123 2154 esse

471 2207 680 2248 eorum
730 2191 1016 2246 essentias
1047 2207 1153 2245 sua
1188 2187 1557 2260 providentia
1589 2192 1888 2260 procurat,
1931 2193 1987 2244 et
2017 2188 2124 2242 im-

469 2282 734 2355 positum
749 2281 1020 2338 ordinem
1041 2281 1434 2352 semitamque
1453 2277 1892 2335 immutabilem
1911 2283 2120 2342 servat,

471 2372 717 2427 minime
749 2372 1019 2426 videntur
1035 2385 1270 2426 cessare
1287 2383 1480 2440 neque
1495 2367 1687 2436 Pater,
1713 2383 1906 2440 neque
1923 2367 2119 2432 Filius,

469 2477 664 2533 neque
707 2461 886 2516 etiam
933 2458 1181 2531 Spiritus
1224 2464 1488 2513 sanctus.
1525 2456 2123 2528 Supersubstantialis

473 2549 633 2604 enim
661 2553 716 2603 et
746 2547 1172 2619 omnipotentis
1192 2551 1248 2602 et
1270 2546 1474 2601 omnia
1496 2546 1748 2601 creantis
1775 2545 2123 2600 substantiae

471 2651 596 2693 una
620 2641 707 2693 est
733 2643 784 2692 et
811 2636 1086 2692 voluntas
1115 2641 1170 2691 et
1197 2635 1461 2707 potentia
1491 2640 1545 2690 et
1575 2635 1662 2689 vis
1691 2653 1702 2702 ;
1737 2633 2121 2690 manifestum

473 2731 560 2783 est
590 2731 789 2782 autem
821 2742 890 2781 ea
929 2726 1076 2780 hora
1105 2739 1222 2798 qua
1249 2724 1422 2794 signa
1464 2741 1574 2778 sua
1632 2723 1899 2779 Salvator
1929 2728 2124 2778 noster

471 2815 851 2887 operabatur,
909 2817 1219 2886 cperatum
1269 2829 1396 2868 esse
1453 2812 1698 2886 quidem
1765 2811 1990 2876 Filium,
2043 2811 2123 2865 illi

469 2921 609 2961 vero
639 2911 991 2976 cooperatos
1020 2919 1150 2958 esse
1184 2903 1416 2958 Patrem
1441 2901 1792 2973 ctSpiritum
1821 2904 2118 2956 sanctum.

2233 1853 2326 1895 της
2369 1839 2458 1886 καὶ
2503 1833 2536 1884 οἱ
2581 1837 2680 1906 πρὸ
2725 1833 2952 1908 βραχέος
2999 1831 3356 1910 διευκρίνησεν
3410 1835 3612 1906 ὁλόγος
3639 1854 3836 1908 σημαι-

2232 1927 2417 1995 νόμενα
2463 1931 2558 1983 τῆς
2605 1923 2856 1996 ἐργασίας
2905 1924 3112 1998 εὐχερές
3155 1923 3267 1978 ἐστί
3321 1945 3404 1977 σοι
3443 1924 3634 1991 λαϐεῖν,
3672 1929 3836 1977 ποίων

2233 2015 2322 2084 μὲν
2349 2015 2506 2085 ἔργων
2559 2017 2880 2064 κατέπαυσεν
2913 2014 2938 2064 6
2993 2017 3172 2090 Πατὴρ
3226 2019 3315 2066 καὶ
3365 2015 3389 2066 6
3435 2017 3573 2080 Υἱὸς,
3615 2017 3730 2066 τινὰ
3777 2011 3840 2067 δὲ

2233 2105 2397 2174 μέχρι
2450 2109 2540 2152 τοῦ
2591 2109 2680 2152 νῦν
2749 2101 2806 2154 ού
2869 2105 3089 2154 παύεται
3145 2103 3501 2177 ἐργαζόμενος·
3567 2108 3657 2156 καὶ
3727 2106 3834 2178 γὰρ

2235 2186 2571 2264 δημιουργῶν
2601 2193 2689 2262 μὲν
2739 2194 2832 2251 τὰς
2877 2194 3057 2264 φύσεις
3085 2191 3246 2244 πάλαι
3291 2198 3636 2259 κατέπαυσεν,
3679 2189 3840 2246 ἀδιά-

2234 2281 2399 2353 φθορα
2441 2276 2501 2331 δὲ
2576 2275 3035 2353 δημιουργηθέντα
3111 2291 3402 2355 συντηρῶν,
3471 2285 3720 2343 ὡσαύτως
3779 2279 3842 2336 δὲ

2232 2373 2322 2420 καὶ
2363 2367 2842 2443 ὼταραχαράκτους
2871 2373 2960 2422 καὶ
2992 2366 3397 2433 ἀκιϐδηλεύτους
3443 2373 3537 2434 τὰς
3586 2372 3842 2434 όλότητας

2233 2467 2331 2509 τῶν
2383 2457 2733 2510 ούσιωθέντων
2783 2455 2875 2510 διὰ
2929 2467 3027 2522 τῆς
3084 2459 3240 2513 αὐτοῦ
3293 2465 3526 2533 συνέχων
3575 2465 3840 2534 προνοίας,

2232 2551 2322 2598 καὶ
2351 2549 2444 2604 τὴν
2489 2544 2774 2599 ἐντεθεῖσαν
2810 2547 3048 2610 εὐταξίαν
3097 2567 3150 2601 τε
3191 2553 3278 2601 καὶ
3322 2553 3408 2602 τὸν
3455 2553 3648 2624 εἱρμὸν,
3690 2549 3843 2602 ἀναλ-

2232 2634 2423 2688 λοίωτα
2504 2646 2789 2710 συντηρών,
2871 2637 3109 2710 οὐδαμοῦ
3207 2645 3440 2711 φαίνεται
3513 2645 3848 2712 πεπαυμένος

2233 2727 2348 2776 οὔτε
2392 2725 2417 2774 ό
2447 2729 2625 2798 Πατὴρ
2673 2728 2787 2777 οὔτε
2835 2727 2858 2777 ό
2903 2727 3037 2789 Υἱὸς,
3085 2726 3143 2779 οὗ
3187 2732 3289 2800 μὴν
3335 2727 3444 2780 ἀλλ’
3473 2726 3598 2781 οῦδὲ
3629 2735 3844 2802 Πνεῦμα

2233 2815 2290 2864 τὸ
2343 2812 2509 2883 ἅγιον·
2560 2819 2654 2875 τῆς
2703 2816 2804 2888 γὰρ
2855 2815 3168 2888 ύπερουσίου
3220 2821 3310 2869 καὶ
3357 2825 3842 2892 παντοκρατορικῆς

2233 2906 2320 2954 καὶ
2351 2898 2736 2976 δημιουργικῆς
2770 2912 2869 2954 τῶν
2903 2904 3028 2955 ὅλων
3059 2904 3239 2966 οὐσίας
3268 2910 3368 2978 μία
3409 2925 3462 2958 τε
3504 2911 3594 2960 καὶ
3627 2909 3658 2965 ἡ
3695 2907 3834 2966 αύτὴ

473 2993 725 3068 βούλησις
771 2999 859 3046 καὶ
899 2989 1122 3065 δύναμις
1165 2997 1253 3044 καὶ
1309 2989 1552 3066 ἐνέργεια*
1616 2987 1770 3050 δῆλον
1825 2985 1884 3043 δὲ
1942 2993 2006 3051 ὡς
2061 2991 2174 3043 κατ’
2225 2989 2383 3043 ἔκείνο
2417 2998 2602 3066 καιροῦ
2656 2992 2775 3045 καθ’
2821 2995 2848 3045 ὅ
2895 2995 2984 3054 τὰς
3025 2995 3334 3068 θεοσημείας
3378 2997 3404 3048 6
3465 3001 3636 3072 Σωτὴρ
3685 2997 3841 3069 ἡμῶν

472 3083 710 3155 ἐπετέλει,
744 3083 1040 3156 εἰργάζεται
1061 3084 1155 3154 μὲν
1181 3083 1205 3133 ὁ
1233 3083 1374 3146 Υἱὸς,
1407 3083 1749 3156 συνεργάζετο
1777 3075 1836 3132 δὲ
1858 3078 1999 3150 αὐτῷ
2031 3085 2212 3154 Πατὴρ
2239 3083 2404 3132 καὶτὸ
2437 3081 2585 3152 οἶγιον
2617 3087 2844 3154 Πνεῦμα.

1081 3226 1395 3290 ΟυίΕΞΤΙΟ
1425 3225 1517 3280 ΙΙΙ.

478 3326 606 3382 Cur
629 3339 768 3380 usus
791 3329 876 3380 est
916 3324 1041 3380 (qu
1071 3323 1373 3387 Dominus,
1415 3338 1536 3378 non
1565 3327 1760 3378 autem
1789 3320 1902 3377 alio
1929 3321 2120 3384 modo,

2829 3230 3140 3280 ΕΡΩΤΗΣΙΣ
3167 3226 3240 3280 Γ’.

2236 3323 2353 3398 ΔιὸιΔ
2377 3323 2434 3398 ,τί
2485 3323 2820 3396 χρησάμενος
2883 3321 3125 3398 πηλῷό
3172 3328 3478 3398 ,Δεσπότης
3559 3324 3686 3378 ἀλλά
3761 3331 3842 3398 μή

927 3402 988 3451 ut
1020 3395 1198 3450 oculos
1223 3393 1362 3450 cwci
1390 3397 1623 3451 curaret
1654 3393 1683 3448 ?

2305 3391 2440 3468 αλλῳ
2486 3391 2709 3466 τρόπω,
2821 3397 2938 3455 τοὺς
3001 3391 3328 3468 ’ὀφθαλμοὺς
3419 3395 3663 3462 ἐξιάσατο
3745 3391 3846 3450 τοῦ

2305 3447 2499 3536 τυφλοῦ
2521 3481 2536 3532 ;

1283 3591 1436 3640 Edita
1463 3603 1495 3640 ο,
1523 3590 1676 3644 Maio,
1711 3590 1746 3638 l.
1774 3605 1816 3640 c.
1839 3605 1892 3654 p.
1917 3591 1963 3638 3.
1991 3589 2064 3638 De
2089 3589 2366 3640 sanatione
2391 3591 2512 3641 caeci
2545 3592 2672 3642 nati.
2703 3591 2858 3642 Joan.
2886 3607 2955 3649 ix,
2978 3596 3024 3642 6.

553 3707 698 3765 Luto
735 3725 875 3764 usus
900 3715 988 3764 est
1015 3709 1273 3778 Creator,
1304 3723 1442 3764 cum
1475 3723 1629 3764 caeco
1651 3707 1961 3763 innovavit
1982 3722 2127 3761 oeu-

481 3799 587 3869 los,
608 3797 1092 3854 utdubitantibus
1110 3797 1414 3870 quomodo
1428 3797 1501 3852 de
1521 3803 1673 3852 terra
1690 3795 1920 3868 primus
1942 3797 2126 3851 homo

479 3889 768 3944 formatus
799 3887 990 3951 fuerit,
1032 3903 1102 3944 eo
1150 3889 1314 3960 quod
1353 3887 1534 3957 hujus
1565 3885 1879 3943 creationis
1929 3883 2127 3940 nullus

479 3977 683 4034 aderat
713 3979 1012 4051 inspector
1043 3981 1099 4033 et
1120 3977 1302 4044 testis,
1339 3981 1598 4032 mentem
1629 3976 1704 4032 ad
1735 3976 1988 4032 solidam
2016 3975 2129 4030 eri-

480 4073 641 4138 geret
671 4067 872 4123 lidem.
901 4067 1048 4122 lllud
1081 4067 1240 4122 enim
1285 4068 1442 4122 circa
1473 4065 1892 4136 dignissimum
1939 4063 2129 4120 homi-

479 4155 572 4212 nis
615 4157 1015 4212 membrorum
1057 4155 1348 4228 0pilicium
1377 4154 1565 4211 oculis
1604 4154 1879 4210 omnium
1915 4169 2130 4226 propo-

481 4247 666 4311 situm,
685 4245 895 4302 utetde
914 4245 1142 4302 cretei-is
1159 4245 1425 4318 corporis
1445 4243 1726 4316 partibus,
1749 4244 1954 4316 quibus
1967 4241 2128 4298 efﬁn-

481 4337 691 4406 gendis
719 4335 916 4391 nullus
939 4333 1146 4392 aderat
1165 4335 1398 4398 oculus,
1429 4349 1608 4389 nemo
1653 4333 1907 4388 incertas
1937 4331 2131 4386 difﬁn-

481 4423 620 4480 dere
651 4425 974 4481 sententias
1000 4424 1248 4490 dubitet,
1273 4421 1522 4479 multam
1557 4422 1676 4477 vim
1711 4426 1768 4477 et
1787 4421 2129 4476 ﬁrmitatem

483 4513 726 4585 prtebet.
761 4513 866 4570 Ubi
923 4513 1083 4569 enim
1129 4513 1288 4569 videt
1331 4509 1478 4568 illud
1513 4509 1678 4586 quod
1725 4511 1786 4566 in
1835 4509 2004 4566 nobis
2046 4513 2132 4566 est

482 4603 792 4674 optimum,
817 4607 872 4658 et
911 4601 1334 4672 dignissimum
1373 4617 1544 4657 suam
1585 4599 2039 4674 plasmationem
2077 4603 2133 4656 et

485 4691 880 4748 substantiam
917 4707 986 4746 ex
1018 4689 1139 4746 luto
1178 4689 1511 4756 deduxisse,
1553 4687 1856 4760 quomodo
1887 4703 2008 4744 non
2047 4687 2132 4743 in-

483 4795 775 4836 concusso
800 4783 1150 4849 argumento
1190 4785 1246 4835 et
1297 4783 1508 4835 caetera
1545 4793 1773 4848 organa
1805 4793 1876 4832 ex
1919 4777 2132 4834 eadem

485 4867 728 4925 materia
757 4885 826 4924 ac
855 4867 1122 4940 potentia
1148 4867 1298 4923 facta
1335 4883 1462 4923 esse
1501 4867 1877 4924 confitebitur
1901 4865 1930 4922 ‘l
1956 4870 2134 4923 Caete-

483 4976 614 5014 rum
645 4963 698 5012 ut
731 4957 945 5012 clarius
972 4955 1163 5011 discas
1203 4955 1260 5012 in
1292 4958 1578 5012 omnibus
1608 4957 1681 5012 iis
1710 4955 1929 5029 quibus
1967 4959 2134 5011 Pater

485 5053 546 5104 ut
573 5049 758 5103 Deum
791 5063 850 5102 se
877 5051 1085 5102 notum
1126 5045 1280 5118 facit,
1317 5047 1572 5118 potentia
1599 5061 1814 5118 nempe
1857 5049 1912 5102 et
1945 5045 2134 5115 gloria

482 5145 537 5195 et
577 5137 912 5194 substantia
943 5141 998 5193 et
1037 5137 1462 5202 dominatione,
1496 5137 1555 5193 in
1585 5137 1658 5193 iis
1708 5137 1886 5193 etiam
1919 5136 2130 5193 Filium

481 5228 884 5302 aequalitatem
917 5231 1112 5283 tenere
1152 5231 1206 5282 et
1244 5226 1797 5294 immutabilitatem,
1845 5226 2036 5282 lutum
2076 5231 2133 5284 et

479 5335 600 5374 non
645 5317 824 5374 aliam
866 5316 1176 5373 materiam
1217 5315 1372 5388 cepit
1413 5321 1474 5372 ut
1521 5315 1728 5372 oculos
1772 5317 1908 5372 czeci
1953 5317 2132 5376 refor-

479 5413 669 5464 maret
697 5405 1248 5482 ;quemadmodum
1277 5411 1332 5460 et
1357 5407 1528 5462 Pater
1552 5405 1675 5476 ejus
1688 5407 1830 5462 olim
1846 5422 1983 5463 cum
2003 5407 2129 5480 ipso

478 5511 544 5552 ex
575 5497 696 5554 luto
727 5497 1034 5554 hominem
1061 5499 1240 5552 creat.
1271 5493 1682 5552 Manifestatur
1720 5499 1918 5554 autem
1950 5496 2128 5554 etiam

545 5681 639 5736 73'
673 5682 812 5736 Joan
838 5695 888 5744 v,
925 5683 1006 5733 l7.

2311 3707 2464 3778 Πηλῷ
2497 3704 2556 3761 δὲ
2599 3711 2938 3784 χρησάμενος
2983 3712 3009 3762 ὁ
3054 3709 3296 3771 Πλάστης
3347 3709 3642 3784 ὀφθαλμοὺς
3671 3709 3844 3764 ἐκαιν-

2238 3799 2495 3872 ούργησεν
2547 3805 2617 3870 τῷ
2683 3800 2876 3872 τυφλῷ,
2950 3801 3034 3852 ἵνα
3097 3809 3196 3853 τῶν
3263 3797 3672 3875 διαπορούντων,
3733 3809 3848 3864 πῶς

2237 3885 2338 3938 ἀπὸ
2381 3895 2477 3958 γῆς
2533 3887 2559 3938 ό
2609 3897 2812 3960 πρῶτος
2855 3890 3120 3962 ἄνθρωπος
3167 3887 3422 3962 ἐπλάσθη,
3491 3893 3690 3963 ἐπείπερ
3749 3899 3848 3951 τῆς

2237 3977 2477 4037 τοιαύτης
2541 3971 2887 4050 δημιουργίας
2942 3975 3114 4042 οὐδεὶς
3183 3977 3411 4042 ἐπόπτης
3467 3976 3591 4034 οῦδὲ
3639 3981 3850 4056 μάρτυς

2237 4067 2486 4136 εἱστήκει,
2545 4071 2636 4125 τὴν
2689 4073 2896 4140 γνώμην
2967 4067 3034 4129 εἰς
3109 4067 3450 4142 ἀναμφίϐολον
3532 4067 3844 4144 συμϐιϐάση

2237 4159 2435 4207 πίστιν·
2471 4157 2499 4214 ἡ
2554 4158 2655 4228 γὰρ
2704 4161 2821 4230 περὶ
2850 4159 2905 4210 τὸ
2955 4163 3270 4231 τιμιώτατον
3303 4167 3401 4212 τῶν
3434 4157 3482 4212 έν
3511 4167 3583 4232 τῷ
3633 4165 3850 4234 σώματι

2237 4251 2328 4296 τοῦ
2378 4243 2648 4319 ἀνθρώπου
2702 4245 2864 4319 μελῶν
2915 4242 3243 4320 δημιουργία
3289 4247 3375 4300 ὑπ’
3431 4247 3548 4321 όψιν
3602 4249 3850 4304 ἁπάντων

2238 4333 2548 4408 προτεθεῖσα
2589 4339 2678 4388 καὶ
2726 4340 2842 4410 περὶ
2885 4336 3068 4390 λοιποῦ
3121 4343 3381 4412 σώματος,
3509 4338 3850 4414 πλαττομένῳ

2240 4419 2461 4495 οὐδεμία
2516 4423 2632 4496 ὄψις
2685 4423 2976 4498 ἐφεστήκει,
3021 4429 3092 4500 μη
3141 4425 3435 4502 ἀμφιϐάλλη
3477 4423 3667 4502 μηδεὶς
3707 4427 3850 4484 ἁπο-

2239 4515 2490 4588 ρουμένας
2547 4510 2936 4586 διασχίζεσθαι
2989 4521 3216 4590 γνώμας,
3256 4517 3484 4590 μεγάλην
3540 4521 3704 4591 ἰσχύν
3753 4525 3850 4573 καὶ

2243 4600 2526 4675 βεϐαίωσιν
2577 4607 2820 4678 παρέχευ
2891 4605 2968 4667 οἷς
3013 4607 3113 4684 γὰρ
3168 4607 3228 4659 ἄν
3277 4625 3350 4668 τις
3407 4609 3465 4660 τὸ
3521 4609 3740 4684 ἄριστόν
3794 4629 3854 4664 τι

2240 4695 2329 4744 καὶ
2385 4697 2696 4764 τιμιώτατον
2757 4701 2856 4746 τῶν
2906 4691 2956 4747 ἓν
3003 4689 3128 4768 ἡμῖν
3185 4693 3238 4747 ἐκ
3287 4703 3454 4753 πηλοῦ
3501 4700 3592 4756 τὴν
3649 4695 3852 4751 πλάσιν

2241 4785 2329 4833 καὶ
2381 4781 2672 4834 ύπόστασῐν
2739 4783 2838 4856 ὁρᾷ
2886 4785 3269 4858 προαχθεῖσαν,
3347 4793 3456 4849 πῶς
3521 4785 3673 4847 οὗτος
3747 4785 3852 4839 ούκ

2242 4867 2588 4946 ἂναντιρῥήτῳ
2634 4871 2870 4944 λογισμῷ
2922 4877 3011 4926 καὶ
3065 4877 3124 4926 τὸ
3179 4877 3352 4927 λοιπὸν
3381 4879 3593 4948 ὄργανον
3647 4873 3703 4928 ἐκ
3751 4884 3853 4938 τῆς

2241 4959 2404 5021 αὐτῆς
2433 4960 2555 5020 ὕλης
2603 4965 2692 5012 καὶ
2743 4957 3015 5035 δυνάμεως
3065 4963 3442 5038 ἀνομολογὴσει
3478 4965 3797 5037 γεγενῆσθαι
3833 4982 3850 5034 ;

2240 5049 2398 5110 άλλως
2445 5068 2496 5102 τε
2527 5045 2586 5102 δὲ
2631 5050 2712 5103 ἵνα
2763 5059 2914 5104 τοῦτο
2964 5061 3156 5126 τρανῶς
3199 5051 3466 5128 ἀναμάθῃς
3514 5057 3594 5108 ὅτι
3647 5075 3742 5129 περ
3799 5055 3852 5109 ἓν

2239 5143 2399 5191 πᾶσιν
2455 5137 2532 5200 οἷς
2577 5141 2602 5192 ό
2655 5143 2836 5215 Πατὴρ
2877 5143 2934 5194 τὸ
2974 5145 3100 5204 Θεὸς
3136 5139 3265 5196 εἶναι
3308 5143 3635 5218 γνωρίζεται,
3687 5139 3856 5199 δυνά-

2240 5247 2322 5300 μει
2347 5227 2478 5301 λέγω
2507 5235 2596 5284 καὶ
2637 5227 2764 5304 δόξῃ
2798 5235 2886 5284 καὶ
2914 5231 3071 5306 ούσίᾳ
3097 5235 3187 5286 καὶ
3233 5237 3529 5308 κυριότητι,
3563 5233 3611 5287 ἐν
3643 5237 3858 5301 τούτοις

2239 5323 2328 5370 καὶ
2388 5319 2414 5370 6
2459 5321 2581 5382 Υἱὸς
2609 5322 2667 5372 τό
2713 5321 2827 5373 ἴσον
2879 5323 3020 5394 ἔχειν
3051 5321 3502 5396 καταλαμϐάνεται
3551 5328 3644 5376 καὶ
3677 5321 3862 5399 ἀπαρ-

2241 5407 2510 5474 άλλακτον,
2575 5409 2736 5467 πηλόν
2807 5415 2896 5463 καὶ
2969 5412 3064 5464 οῦκ
3121 5411 3278 5472 ἄλλην
3337 5413 3462 5472 ύλην
3505 5411 3673 5466 λαϐὼν
3733 5419 3862 5478 τούς

2240 5495 2532 5573 ὀφθαλμούς
2589 5497 2900 5554 ἀναπλάττει
2967 5509 3056 5554 τοῦ
3123 5502 3334 5576 τυφλοῦ·
3391 5503 3567 5582 ὥσπερ
3645 5509 3738 5558 καὶ
3826 5507 3858 5558 ὁ
