  <div class='ocr_page' id='page_1' title='image "/cluster/home/n/w/nwhite01/storage/ocr_20150623/101/hvd.32044054112305/071.png"; bbox 0 0 4086 6190; ppageno 0'>
   <div class='ocr_carea' id='block_1_1' title="bbox 507 308 610 365">
    <p class='ocr_par' dir='ltr' id='par_1_1' title="bbox 507 308 610 365">
     <span class='ocr_line' id='line_1_1' title="bbox 507 308 610 365; baseline 0.01 -1"><span class='ocrx_word' id='word_1_1' title='bbox 507 308 610 365; x_wconf 78' lang='grc'>103</span> 
     </span>
    </p>
   </div>
   <div class='ocr_carea' id='block_1_2' title="bbox 1724 301 2642 364">
    <p class='ocr_par' dir='ltr' id='par_1_2' title="bbox 1724 301 2642 364">
     <span class='ocr_line' id='line_1_2' title="bbox 1724 301 2642 364; baseline 0.002 -5"><span class='ocrx_word' id='word_1_2' title='bbox 1724 301 1960 361; x_wconf 83' lang='grc' dir='ltr'>ΡΗΟΤΙΙ</span> <span class='ocrx_word' id='word_1_3' title='bbox 2000 303 2492 364; x_wconf 72' lang='grc' dir='ltr'>ΡΑΤΒΙΑΒΟΗΑΞ</span> <span class='ocrx_word' id='word_1_4' title='bbox 2531 305 2642 361; x_wconf 74' lang='lat' dir='ltr'>CP.</span> 
     </span>
    </p>
   </div>
   <div class='ocr_carea' id='block_1_3' title="bbox 3767 297 3874 352">
    <p class='ocr_par' dir='ltr' id='par_1_3' title="bbox 3767 297 3874 352">
     <span class='ocr_line' id='line_1_3' title="bbox 3767 297 3874 352; baseline 0 -1"><span class='ocrx_word' id='word_1_5' title='bbox 3767 297 3874 352; x_wconf 73' lang='grc'>104</span> 
     </span>
    </p>
   </div>
   <div class='ocr_carea' id='block_1_4' title="bbox 507 425 2146 504">
    <p class='ocr_par' dir='ltr' id='par_1_4' title="bbox 507 429 2146 504">
     <span class='ocr_line' id='line_1_4' title="bbox 507 429 2146 504; baseline -0.002 -14"><span class='ocrx_word' id='word_1_6' title='bbox 507 435 661 490; x_wconf 82' lang='lat' dir='ltr'><strong>dicat</strong></span> <span class='ocrx_word' id='word_1_7' title='bbox 697 450 709 490; x_wconf 92' lang='lat'><strong>:</strong></span> <span class='ocrx_word' id='word_1_8' title='bbox 745 431 1063 504; x_wconf 70' lang='lat' dir='ltr'>Oportebat</span> <span class='ocrx_word' id='word_1_9' title='bbox 1100 429 1244 486; x_wconf 91' lang='lat' dir='ltr'>diris</span> <span class='ocrx_word' id='word_1_10' title='bbox 1285 445 1490 486; x_wconf 85' lang='lat' dir='ltr'>vovere</span> <span class='ocrx_word' id='word_1_11' title='bbox 1528 429 1854 486; x_wconf 87' lang='lat' dir='ltr'>hominem.</span> <span class='ocrx_word' id='word_1_12' title='bbox 1899 431 1952 486; x_wconf 90' lang='lat' dir='ltr'>Si</span> <span class='ocrx_word' id='word_1_13' title='bbox 1994 430 2146 486; x_wconf 86' lang='lat' dir='ltr'>enim</span> 
     </span>
    </p>
   </div>
   <div class='ocr_carea' id='block_1_5' title="bbox 2255 425 3874 504">
    <p class='ocr_par' dir='ltr' id='par_1_5' title="bbox 2261 425 3874 504">
     <span class='ocr_line' id='line_1_5' title="bbox 2261 425 3874 504; baseline -0.006 -21"><span class='ocrx_word' id='word_1_14' title='bbox 2261 451 2366 501; x_wconf 84' lang='grc' dir='ltr'>γειν</span> <span class='ocrx_word' id='word_1_15' title='bbox 2406 430 2534 491; x_wconf 82' lang='grc' dir='ltr'>ἀλλ’,</span> <span class='ocrx_word' id='word_1_16' title='bbox 2577 433 2774 504; x_wconf 77' lang='grc' dir='ltr'>Ἐχρῆν</span> <span class='ocrx_word' id='word_1_17' title='bbox 2819 431 2918 482; x_wconf 74' lang='grc' dir='ltr'>υπὸ</span> <span class='ocrx_word' id='word_1_18' title='bbox 2963 431 3192 502; x_wconf 78' lang='grc' dir='ltr'>κατάραν</span> <span class='ocrx_word' id='word_1_19' title='bbox 3237 427 3503 478; x_wconf 87' lang='grc' dir='ltr'>ποιεῖσθαι</span> <span class='ocrx_word' id='word_1_20' title='bbox 3543 427 3630 476; x_wconf 87' lang='grc' dir='ltr'>τόν</span> <span class='ocrx_word' id='word_1_21' title='bbox 3671 425 3874 495; x_wconf 82' lang='grc' dir='ltr'>άνθρω-</span> 
     </span>
    </p>
   </div>
   <div class='ocr_carea' id='block_1_6' title="bbox 506 518 2155 593">
    <p class='ocr_par' dir='ltr' id='par_1_6' title="bbox 506 518 2155 593">
     <span class='ocr_line' id='line_1_6' title="bbox 506 518 2155 593; baseline -0.002 -15"><span class='ocrx_word' id='word_1_22' title='bbox 506 521 768 583; x_wconf 88' lang='lat' dir='ltr'>aliunde,</span> <span class='ocrx_word' id='word_1_23' title='bbox 786 537 980 593; x_wconf 89' lang='lat' dir='ltr'>neque</span> <span class='ocrx_word' id='word_1_24' title='bbox 1003 536 1074 576; x_wconf 83' lang='lat' dir='ltr'>ex</span> <span class='ocrx_word' id='word_1_25' title='bbox 1100 523 1304 575; x_wconf 87' lang='lat' dir='ltr'>nostra</span> <span class='ocrx_word' id='word_1_26' title='bbox 1321 527 1377 574; x_wconf 89' lang='lat' dir='ltr'>et</span> <span class='ocrx_word' id='word_1_27' title='bbox 1399 518 1584 574; x_wconf 86' lang='lat' dir='ltr'>libera</span> <span class='ocrx_word' id='word_1_28' title='bbox 1603 520 1903 575; x_wconf 73' lang='lat' dir='ltr'>voluntate</span> <span class='ocrx_word' id='word_1_29' title='bbox 1935 534 2155 591; x_wconf 86' lang='lat' dir='ltr'>expan-</span> 
     </span>
    </p>
   </div>
   <div class='ocr_carea' id='block_1_7' title="bbox 505 607 2155 679">
    <p class='ocr_par' dir='ltr' id='par_1_7' title="bbox 505 607 2155 679">
     <span class='ocr_line' id='line_1_7' title="bbox 505 607 2155 679; baseline -0.002 -14"><span class='ocrx_word' id='word_1_30' title='bbox 505 611 726 666; x_wconf 90' lang='lat' dir='ltr'>duntur</span> <span class='ocrx_word' id='word_1_31' title='bbox 746 609 1052 676; x_wconf 88' lang='lat' dir='ltr'>scandala,</span> <span class='ocrx_word' id='word_1_32' title='bbox 1079 610 1286 664; x_wconf 88' lang='lat' dir='ltr'>merito</span> <span class='ocrx_word' id='word_1_33' title='bbox 1303 623 1499 663; x_wconf 90' lang='lat' dir='ltr'>sermo</span> <span class='ocrx_word' id='word_1_34' title='bbox 1528 608 1621 663; x_wconf 91' lang='lat' dir='ltr'>ille</span> <span class='ocrx_word' id='word_1_35' title='bbox 1649 607 1790 679; x_wconf 89' lang='lat' dir='ltr'>petit</span> <span class='ocrx_word' id='word_1_36' title='bbox 1805 624 1878 663; x_wconf 90' lang='lat' dir='ltr'>ne</span> <span class='ocrx_word' id='word_1_37' title='bbox 1899 607 2032 678; x_wconf 89' lang='lat' dir='ltr'>quis</span> <span class='ocrx_word' id='word_1_38' title='bbox 2049 609 2155 662; x_wconf 91' lang='lat' dir='ltr'>ho-</span> 
     </span>
    </p>
   </div>
   <div class='ocr_carea' id='block_1_8' title="bbox 507 695 2152 770">
    <p class='ocr_par' dir='ltr' id='par_1_8' title="bbox 507 695 2152 770">
     <span class='ocr_line' id='line_1_8' title="bbox 507 695 2152 770; baseline -0.002 -16"><span class='ocrx_word' id='word_1_39' title='bbox 507 715 606 754; x_wconf 90' lang='lat' dir='ltr'>mo</span> <span class='ocrx_word' id='word_1_40' title='bbox 636 697 1163 770; x_wconf 80' lang='lat' dir='ltr'>imprecationibus</span> <span class='ocrx_word' id='word_1_41' title='bbox 1188 696 1534 766; x_wconf 85' lang='lat' dir='ltr'>subjiciatur</span> <span class='ocrx_word' id='word_1_42' title='bbox 1562 715 1575 759; x_wconf 88' lang='lat'><strong>;</strong></span> <span class='ocrx_word' id='word_1_43' title='bbox 1606 697 1653 750; x_wconf 92' lang='lat' dir='ltr'>si</span> <span class='ocrx_word' id='word_1_44' title='bbox 1674 702 1871 751; x_wconf 89' lang='lat' dir='ltr'>autem</span> <span class='ocrx_word' id='word_1_45' title='bbox 1906 695 2152 768; x_wconf 88' lang='lat' dir='ltr'>projicio</span> 
     </span>
    </p>
   </div>
   <div class='ocr_carea' id='block_1_9' title="bbox 505 783 2153 859">
    <p class='ocr_par' dir='ltr' id='par_1_9' title="bbox 505 783 2153 859">
     <span class='ocr_line' id='line_1_9' title="bbox 505 783 2153 859; baseline -0.002 -17"><span class='ocrx_word' id='word_1_46' title='bbox 505 787 631 859; x_wconf 91' lang='lat' dir='ltr'>ipse</span> <span class='ocrx_word' id='word_1_47' title='bbox 662 785 1074 844; x_wconf 89' lang='lat' dir='ltr'>scandalorum</span> <span class='ocrx_word' id='word_1_48' title='bbox 1109 785 1360 850; x_wconf 87' lang='lat' dir='ltr'>semina,</span> <span class='ocrx_word' id='word_1_49' title='bbox 1395 790 1703 858; x_wconf 86' lang='lat' dir='ltr'>postquam</span> <span class='ocrx_word' id='word_1_50' title='bbox 1737 791 1936 840; x_wconf 89' lang='lat' dir='ltr'>autem</span> <span class='ocrx_word' id='word_1_51' title='bbox 1977 783 2153 839; x_wconf 81' lang='lat' dir='ltr'>semi—</span> 
     </span>
    </p>
   </div>
   <div class='ocr_carea' id='block_1_10' title="bbox 503 872 2150 944">
    <p class='ocr_par' dir='ltr' id='par_1_10' title="bbox 503 872 2150 944">
     <span class='ocr_line' id='line_1_10' title="bbox 503 872 2150 944; baseline -0.004 -12"><span class='ocrx_word' id='word_1_52' title='bbox 503 882 645 932; x_wconf 88' lang='lat' dir='ltr'>nata</span> <span class='ocrx_word' id='word_1_53' title='bbox 669 881 826 942; x_wconf 89' lang='lat' dir='ltr'>sunt,</span> <span class='ocrx_word' id='word_1_54' title='bbox 858 891 1096 930; x_wconf 91' lang='lat' dir='ltr'>necesse</span> <span class='ocrx_word' id='word_1_55' title='bbox 1127 880 1214 929; x_wconf 90' lang='lat' dir='ltr'>est</span> <span class='ocrx_word' id='word_1_56' title='bbox 1240 880 1300 928; x_wconf 92' lang='lat' dir='ltr'>ut</span> <span class='ocrx_word' id='word_1_57' title='bbox 1329 873 1595 929; x_wconf 85' lang='lat' dir='ltr'>colantur</span> <span class='ocrx_word' id='word_1_58' title='bbox 1623 879 1679 929; x_wconf 87' lang='lat' dir='ltr'>et</span> <span class='ocrx_word' id='word_1_59' title='bbox 1707 874 1910 944; x_wconf 89' lang='lat' dir='ltr'>spinas</span> <span class='ocrx_word' id='word_1_60' title='bbox 1942 872 2150 937; x_wconf 81' lang='lat' dir='ltr'>ferant,</span> 
     </span>
    </p>
   </div>
   <div class='ocr_carea' id='block_1_11' title="bbox 503 962 2150 1036">
    <p class='ocr_par' dir='ltr' id='par_1_11' title="bbox 503 962 2150 1036">
     <span class='ocr_line' id='line_1_11' title="bbox 503 962 2150 1036; baseline -0.004 -15"><span class='ocrx_word' id='word_1_61' title='bbox 503 981 614 1036; x_wconf 89' lang='lat' dir='ltr'>ego</span> <span class='ocrx_word' id='word_1_62' title='bbox 644 964 746 1036; x_wconf 88' lang='lat' dir='ltr'>qui</span> <span class='ocrx_word' id='word_1_63' title='bbox 779 964 921 1019; x_wconf 90' lang='lat' dir='ltr'>mihi</span> <span class='ocrx_word' id='word_1_64' title='bbox 949 964 1072 1034; x_wconf 93' lang='lat' dir='ltr'>ipse</span> <span class='ocrx_word' id='word_1_65' title='bbox 1098 979 1335 1034; x_wconf 83' lang='lat' dir='ltr'>poenam</span> <span class='ocrx_word' id='word_1_66' title='bbox 1367 978 1470 1034; x_wconf 90' lang='lat' dir='ltr'>per</span> <span class='ocrx_word' id='word_1_67' title='bbox 1493 962 1918 1018; x_wconf 88' lang='lat' dir='ltr'>scaudalorum</span> <span class='ocrx_word' id='word_1_68' title='bbox 1946 962 2150 1034; x_wconf 90' lang='lat' dir='ltr'>spinas</span> 
     </span>
    </p>
   </div>
   <div class='ocr_carea' id='block_1_12' title="bbox 504 1049 2154 1122">
    <p class='ocr_par' dir='ltr' id='par_1_12' title="bbox 504 1049 2154 1122">
     <span class='ocr_line' id='line_1_12' title="bbox 504 1049 2154 1122; baseline -0.001 -16"><span class='ocrx_word' id='word_1_69' title='bbox 504 1051 834 1116; x_wconf 86' lang='lat' dir='ltr'>conciliavi,</span> <span class='ocrx_word' id='word_1_70' title='bbox 859 1052 991 1121; x_wconf 88' lang='lat' dir='ltr'>jure</span> <span class='ocrx_word' id='word_1_71' title='bbox 1025 1067 1118 1107; x_wconf 90' lang='lat' dir='ltr'>me</span> <span class='ocrx_word' id='word_1_72' title='bbox 1144 1059 1198 1106; x_wconf 94' lang='lat' dir='ltr'>et</span> <span class='ocrx_word' id='word_1_73' title='bbox 1228 1050 1635 1122; x_wconf 89' lang='lat' dir='ltr'>imprecationi</span> <span class='ocrx_word' id='word_1_74' title='bbox 1662 1056 1717 1105; x_wconf 86' lang='lat' dir='ltr'>et</span> <span class='ocrx_word' id='word_1_75' title='bbox 1741 1065 1933 1122; x_wconf 80' lang='lat' dir='ltr'>poenae</span> <span class='ocrx_word' id='word_1_76' title='bbox 1956 1049 2154 1121; x_wconf 84' lang='lat' dir='ltr'>subje-</span> 
     </span>
    </p>
   </div>
   <div class='ocr_carea' id='block_1_13' title="bbox 502 1138 2151 1212">
    <p class='ocr_par' dir='ltr' id='par_1_13' title="bbox 502 1138 2151 1212">
     <span class='ocr_line' id='line_1_13' title="bbox 502 1138 2151 1212; baseline -0.003 -15"><span class='ocrx_word' id='word_1_77' title='bbox 502 1145 659 1198; x_wconf 90' lang='lat' dir='ltr'>ctum</span> <span class='ocrx_word' id='word_1_78' title='bbox 687 1141 880 1195; x_wconf 85' lang='lat' dir='ltr'>efﬁcio</span> <span class='ocrx_word' id='word_1_79' title='bbox 910 1156 923 1196; x_wconf 89' lang='lat'><strong>:</strong></span> <span class='ocrx_word' id='word_1_80' title='bbox 950 1155 1070 1195; x_wconf 92' lang='lat' dir='ltr'>non</span> <span class='ocrx_word' id='word_1_81' title='bbox 1087 1139 1442 1212; x_wconf 89' lang='lat' dir='ltr'>judicareris</span> <span class='ocrx_word' id='word_1_82' title='bbox 1467 1143 1663 1194; x_wconf 91' lang='lat' dir='ltr'>autem</span> <span class='ocrx_word' id='word_1_83' title='bbox 1685 1138 1906 1208; x_wconf 90' lang='lat' dir='ltr'>dignus</span> <span class='ocrx_word' id='word_1_84' title='bbox 1931 1138 2036 1210; x_wconf 88' lang='lat' dir='ltr'>qui</span> <span class='ocrx_word' id='word_1_85' title='bbox 2058 1153 2151 1192; x_wconf 90' lang='lat' dir='ltr'>ve-</span> 
     </span>
    </p>
   </div>
   <div class='ocr_carea' id='block_1_14' title="bbox 503 1227 2152 1299">
    <p class='ocr_par' dir='ltr' id='par_1_14' title="bbox 503 1227 2152 1299">
     <span class='ocr_line' id='line_1_14' title="bbox 503 1227 2152 1299; baseline -0.002 -15"><span class='ocrx_word' id='word_1_86' title='bbox 503 1229 664 1285; x_wconf 87' lang='lat' dir='ltr'>niam</span> <span class='ocrx_word' id='word_1_87' title='bbox 680 1228 1255 1284; x_wconf 89' lang='lat' dir='ltr'>autbenevolcntiam</span> <span class='ocrx_word' id='word_1_88' title='bbox 1273 1227 1390 1283; x_wconf 91' lang='lat' dir='ltr'>ullo</span> <span class='ocrx_word' id='word_1_89' title='bbox 1403 1234 1574 1299; x_wconf 87' lang='lat' dir='ltr'>pacto</span> <span class='ocrx_word' id='word_1_90' title='bbox 1586 1227 1950 1299; x_wconf 90' lang='lat' dir='ltr'>implorares.</span> <span class='ocrx_word' id='word_1_91' title='bbox 1970 1227 2152 1282; x_wconf 90' lang='lat' dir='ltr'>Porro</span> 
     </span>
    </p>
   </div>
   <div class='ocr_carea' id='block_1_15' title="bbox 501 1316 2154 1388">
    <p class='ocr_par' dir='ltr' id='par_1_15' title="bbox 501 1316 2154 1388">
     <span class='ocr_line' id='line_1_15' title="bbox 501 1316 2154 1388; baseline -0.001 -15"><span class='ocrx_word' id='word_1_92' title='bbox 501 1318 602 1374; x_wconf 91' lang='lat' dir='ltr'>illa</span> <span class='ocrx_word' id='word_1_93' title='bbox 623 1317 914 1373; x_wconf 90' lang='lat' dir='ltr'>scandala</span> <span class='ocrx_word' id='word_1_94' title='bbox 927 1321 1446 1388; x_wconf 67' lang='lat' dir='ltr'>suntquaecunque</span> <span class='ocrx_word' id='word_1_95' title='bbox 1466 1316 1893 1388; x_wconf 90' lang='lat' dir='ltr'>impedimenta</span> <span class='ocrx_word' id='word_1_96' title='bbox 1918 1331 2154 1371; x_wconf 89' lang='lat' dir='ltr'>moran-</span> 
     </span>
    </p>
   </div>
   <div class='ocr_carea' id='block_1_16' title="bbox 503 1403 2154 1471">
    <p class='ocr_par' dir='ltr' id='par_1_16' title="bbox 503 1403 2154 1471">
     <span class='ocr_line' id='line_1_16' title="bbox 503 1403 2154 1471; baseline -0.003 -9"><span class='ocrx_word' id='word_1_97' title='bbox 503 1415 594 1462; x_wconf 86' lang='lat' dir='ltr'>tur</span> <span class='ocrx_word' id='word_1_98' title='bbox 619 1406 784 1462; x_wconf 88' lang='lat' dir='ltr'>viam</span> <span class='ocrx_word' id='word_1_99' title='bbox 807 1407 866 1460; x_wconf 90' lang='lat' dir='ltr'>in</span> <span class='ocrx_word' id='word_1_100' title='bbox 879 1409 1161 1461; x_wconf 75' lang='lat' dir='ltr'>aeternam</span> <span class='ocrx_word' id='word_1_101' title='bbox 1184 1406 1364 1462; x_wconf 87' lang='lat' dir='ltr'>vitam</span> <span class='ocrx_word' id='word_1_102' title='bbox 1381 1405 1719 1461; x_wconf 86' lang='lat' dir='ltr'>ducentem.</span> <span class='ocrx_word' id='word_1_103' title='bbox 1745 1403 2030 1471; x_wconf 63' lang='lat' dir='ltr'>Quaenam</span> <span class='ocrx_word' id='word_1_104' title='bbox 2049 1419 2154 1460; x_wconf 87' lang='lat' dir='ltr'>au-</span> 
     </span>
    </p>
   </div>
   <div class='ocr_carea' id='block_1_17' title="bbox 500 1493 2154 1560">
    <p class='ocr_par' dir='ltr' id='par_1_17' title="bbox 500 1493 2154 1560">
     <span class='ocr_line' id='line_1_17' title="bbox 500 1493 2154 1560; baseline -0.002 -8"><span class='ocrx_word' id='word_1_105' title='bbox 500 1501 620 1552; x_wconf 85' lang='lat' dir='ltr'>tem</span> <span class='ocrx_word' id='word_1_106' title='bbox 650 1499 790 1551; x_wconf 88' lang='lat' dir='ltr'>sunt</span> <span class='ocrx_word' id='word_1_107' title='bbox 815 1496 842 1550; x_wconf 82' lang='lat' dir='ltr'>‘I</span> <span class='ocrx_word' id='word_1_108' title='bbox 863 1494 1244 1558; x_wconf 84' lang='lat' dir='ltr'>Adulterium,</span> <span class='ocrx_word' id='word_1_109' title='bbox 1277 1494 1549 1560; x_wconf 86' lang='lat' dir='ltr'>ebrietas,</span> <span class='ocrx_word' id='word_1_110' title='bbox 1580 1493 1825 1558; x_wconf 86' lang='lat' dir='ltr'>furtum,</span> <span class='ocrx_word' id='word_1_111' title='bbox 1855 1493 2154 1549; x_wconf 86' lang='lat' dir='ltr'>calumnia</span> 
     </span>
    </p>
   </div>
   <div class='ocr_carea' id='block_1_18' title="bbox 499 1581 2152 1654">
    <p class='ocr_par' dir='ltr' id='par_1_18' title="bbox 499 1581 2152 1654">
     <span class='ocr_line' id='line_1_18' title="bbox 499 1581 2152 1654; baseline -0.001 -15"><span class='ocrx_word' id='word_1_112' title='bbox 499 1590 555 1640; x_wconf 89' lang='lat' dir='ltr'>et</span> <span class='ocrx_word' id='word_1_113' title='bbox 584 1585 643 1640; x_wconf 89' lang='lat' dir='ltr'>in</span> <span class='ocrx_word' id='word_1_114' title='bbox 671 1584 878 1654; x_wconf 88' lang='lat' dir='ltr'>primis</span> <span class='ocrx_word' id='word_1_115' title='bbox 903 1583 1290 1639; x_wconf 88' lang='lat' dir='ltr'>homicidium</span> <span class='ocrx_word' id='word_1_116' title='bbox 1321 1587 1377 1637; x_wconf 91' lang='lat' dir='ltr'>et</span> <span class='ocrx_word' id='word_1_117' title='bbox 1401 1581 1665 1646; x_wconf 84' lang='lat' dir='ltr'>avaritia,</span> <span class='ocrx_word' id='word_1_118' title='bbox 1693 1589 1748 1637; x_wconf 91' lang='lat' dir='ltr'>et</span> <span class='ocrx_word' id='word_1_119' title='bbox 1775 1597 2152 1654; x_wconf 60' lang='lat' dir='ltr'>quacunque</span> 
     </span>
    </p>
   </div>
   <div class='ocr_carea' id='block_1_19' title="bbox 499 1671 2149 1742">
    <p class='ocr_par' dir='ltr' id='par_1_19' title="bbox 499 1671 2149 1742">
     <span class='ocr_line' id='line_1_19' title="bbox 499 1671 2149 1742; baseline -0.002 -13"><span class='ocrx_word' id='word_1_120' title='bbox 499 1672 617 1729; x_wconf 88' lang='lat' dir='ltr'>alia</span> <span class='ocrx_word' id='word_1_121' title='bbox 660 1688 731 1727; x_wconf 86' lang='lat' dir='ltr'>ex</span> <span class='ocrx_word' id='word_1_122' title='bbox 762 1671 834 1728; x_wconf 84' lang='lat' dir='ltr'>iis</span> <span class='ocrx_word' id='word_1_123' title='bbox 867 1671 1021 1726; x_wconf 90' lang='lat' dir='ltr'>mala</span> <span class='ocrx_word' id='word_1_124' title='bbox 1059 1673 1328 1727; x_wconf 87' lang='lat' dir='ltr'>oriuntur</span> <span class='ocrx_word' id='word_1_125' title='bbox 1358 1687 1371 1736; x_wconf 91' lang='lat'>;</span> <span class='ocrx_word' id='word_1_126' title='bbox 1403 1686 1534 1742; x_wconf 67' lang='lat' dir='ltr'>quae</span> <span class='ocrx_word' id='word_1_127' title='bbox 1575 1672 1845 1727; x_wconf 85' lang='lat' dir='ltr'>humana</span> <span class='ocrx_word' id='word_1_128' title='bbox 1877 1687 2046 1725; x_wconf 88' lang='lat' dir='ltr'>mens</span> <span class='ocrx_word' id='word_1_129' title='bbox 2073 1671 2149 1726; x_wconf 87' lang='lat' dir='ltr'>ad</span> 
     </span>
    </p>
   </div>
   <div class='ocr_carea' id='block_1_20' title="bbox 2263 511 3870 592">
    <p class='ocr_par' dir='ltr' id='par_1_20' title="bbox 2263 511 3870 592">
     <span class='ocr_line' id='line_1_20' title="bbox 2263 511 3870 592; baseline -0.005 -21"><span class='ocrx_word' id='word_1_130' title='bbox 2263 538 2396 572; x_wconf 80' lang='grc' dir='ltr'>πον⁸</span> <span class='ocrx_word' id='word_1_131' title='bbox 2433 520 2474 572; x_wconf 83' lang='grc' dir='ltr'>εὶ</span> <span class='ocrx_word' id='word_1_132' title='bbox 2527 523 2616 590; x_wconf 68' lang='grc' dir='ltr'>μὲν</span> <span class='ocrx_word' id='word_1_133' title='bbox 2673 522 2774 592; x_wconf 78' lang='grc' dir='ltr'>γὰρ</span> <span class='ocrx_word' id='word_1_134' title='bbox 2833 519 3038 570; x_wconf 69' lang='grc' dir='ltr'>ἄλλοθέν</span> <span class='ocrx_word' id='word_1_135' title='bbox 3110 519 3256 568; x_wconf 82' lang='grc' dir='ltr'>ποθεν</span> <span class='ocrx_word' id='word_1_136' title='bbox 3303 519 3393 566; x_wconf 86' lang='grc' dir='ltr'>καὶ</span> <span class='ocrx_word' id='word_1_137' title='bbox 3443 519 3537 565; x_wconf 67' lang='grc' dir='ltr'>οὐκ</span> <span class='ocrx_word' id='word_1_138' title='bbox 3611 511 3714 564; x_wconf 82' lang='grc' dir='ltr'>ἀπὸ</span> <span class='ocrx_word' id='word_1_139' title='bbox 3775 519 3870 572; x_wconf 79' lang='grc' dir='ltr'>τῆς</span> 
     </span>
    </p>
   </div>
   <div class='ocr_carea' id='block_1_21' title="bbox 2261 603 3870 681">
    <p class='ocr_par' dir='ltr' id='par_1_21' title="bbox 2261 603 3870 681">
     <span class='ocr_line' id='line_1_21' title="bbox 2261 603 3870 681; baseline -0.006 -20"><span class='ocrx_word' id='word_1_140' title='bbox 2261 611 2513 681; x_wconf 74' lang='grc' dir='ltr'>ἡμετέρας</span> <span class='ocrx_word' id='word_1_141' title='bbox 2537 614 2626 659; x_wconf 83' lang='grc' dir='ltr'>καὶ</span> <span class='ocrx_word' id='word_1_142' title='bbox 2664 605 3052 659; x_wconf 82' lang='grc' dir='ltr'>αὐτοδεσπότου</span> <span class='ocrx_word' id='word_1_143' title='bbox 3093 612 3300 676; x_wconf 85' lang='grc' dir='ltr'>γνώμης</span> <span class='ocrx_word' id='word_1_144' title='bbox 3340 603 3569 661; x_wconf 81' lang='grc' dir='ltr'>ὴπλοῦτο</span> <span class='ocrx_word' id='word_1_145' title='bbox 3609 605 3675 653; x_wconf 57' lang='lat' dir='ltr'>re.</span> <span class='ocrx_word' id='word_1_146' title='bbox 3713 604 3870 653; x_wconf 84' lang='grc' dir='ltr'>σκάν-</span> 
     </span>
    </p>
   </div>
   <div class='ocr_carea' id='block_1_22' title="bbox 2263 687 3869 768">
    <p class='ocr_par' dir='ltr' id='par_1_22' title="bbox 2263 687 3869 768">
     <span class='ocr_line' id='line_1_22' title="bbox 2263 687 3869 768; baseline -0.006 -19"><span class='ocrx_word' id='word_1_147' title='bbox 2263 695 2414 768; x_wconf 86' lang='grc' dir='ltr'>δαλα,</span> <span class='ocrx_word' id='word_1_148' title='bbox 2470 697 2671 756; x_wconf 76' lang='grc' dir='ltr'>εἰκότως</span> <span class='ocrx_word' id='word_1_149' title='bbox 2702 715 2755 748; x_wconf 89' lang='grc' dir='ltr'>τε</span> <span class='ocrx_word' id='word_1_150' title='bbox 2804 694 2862 746; x_wconf 82' lang='grc' dir='ltr'>ἀν</span> <span class='ocrx_word' id='word_1_151' title='bbox 2906 697 2931 746; x_wconf 89' lang='grc' dir='ltr'>ό</span> <span class='ocrx_word' id='word_1_152' title='bbox 2979 694 3130 764; x_wconf 91' lang='grc' dir='ltr'>λόγος</span> <span class='ocrx_word' id='word_1_153' title='bbox 3181 692 3370 764; x_wconf 68' lang='grc' dir='ltr'>ἀπῄτει</span> <span class='ocrx_word' id='word_1_154' title='bbox 3411 687 3552 763; x_wconf 77' lang='grc' dir='ltr'>μηδὲ</span> <span class='ocrx_word' id='word_1_155' title='bbox 3604 690 3752 763; x_wconf 84' lang='grc' dir='ltr'>ἀραῖς</span> <span class='ocrx_word' id='word_1_156' title='bbox 3793 709 3869 741; x_wconf 81' lang='grc' dir='ltr'>τι·</span> 
     </span>
    </p>
   </div>
   <div class='ocr_carea' id='block_1_23' title="bbox 2260 777 3868 860">
    <p class='ocr_par' dir='ltr' id='par_1_23' title="bbox 2260 777 3868 860">
     <span class='ocr_line' id='line_1_23' title="bbox 2260 777 3868 860; baseline -0.006 -22"><span class='ocrx_word' id='word_1_157' title='bbox 2260 807 2322 838; x_wconf 87' lang='grc' dir='ltr'>να</span> <span class='ocrx_word' id='word_1_158' title='bbox 2378 794 2475 837; x_wconf 81' lang='grc' dir='ltr'>τῶν</span> <span class='ocrx_word' id='word_1_159' title='bbox 2535 784 2812 860; x_wconf 87' lang='grc' dir='ltr'>ἀνθρώπων</span> <span class='ocrx_word' id='word_1_160' title='bbox 2868 782 3254 835; x_wconf 72' lang='grc' dir='ltr'>ύποϐάλλεσθαι</span> <span class='ocrx_word' id='word_1_161' title='bbox 3289 798 3299 810; x_wconf 89' lang='grc'><strong>·</strong></span> <span class='ocrx_word' id='word_1_162' title='bbox 3342 780 3386 832; x_wconf 84' lang='grc' dir='ltr'>εὶ</span> <span class='ocrx_word' id='word_1_163' title='bbox 3443 777 3503 832; x_wconf 75' lang='grc' dir='ltr'>δὲ</span> <span class='ocrx_word' id='word_1_164' title='bbox 3555 778 3868 831; x_wconf 71' lang='grc' dir='ltr'>καταϐάλλω</span> 
     </span>
    </p>
   </div>
   <div class='ocr_carea' id='block_1_24' title="bbox 2261 865 3869 947">
    <p class='ocr_par' dir='ltr' id='par_1_24' title="bbox 2261 865 3869 947">
     <span class='ocr_line' id='line_1_24' title="bbox 2261 865 3869 947; baseline -0.006 -20"><span class='ocrx_word' id='word_1_165' title='bbox 2261 880 2349 947; x_wconf 71' lang='grc' dir='ltr'>μὲν</span> <span class='ocrx_word' id='word_1_166' title='bbox 2388 876 2488 946; x_wconf 83' lang='grc' dir='ltr'>ἐγώ</span> <span class='ocrx_word' id='word_1_167' title='bbox 2521 884 2618 926; x_wconf 80' lang='grc' dir='ltr'>τῶν</span> <span class='ocrx_word' id='word_1_168' title='bbox 2661 869 2964 925; x_wconf 73' lang='grc' dir='ltr'>σκανδάλων</span> <span class='ocrx_word' id='word_1_169' title='bbox 3010 875 3074 924; x_wconf 87' lang='grc' dir='ltr'>τά</span> <span class='ocrx_word' id='word_1_170' title='bbox 3128 874 3423 941; x_wconf 86' lang='grc' dir='ltr'>σπέρματα,</span> <span class='ocrx_word' id='word_1_171' title='bbox 3473 868 3584 921; x_wconf 83' lang='grc' dir='ltr'>ἐπεὶ</span> <span class='ocrx_word' id='word_1_172' title='bbox 3631 865 3692 921; x_wconf 69' lang='grc' dir='ltr'>δε</span> <span class='ocrx_word' id='word_1_173' title='bbox 3743 887 3869 919; x_wconf 81' lang='grc' dir='ltr'>κατ-</span> 
     </span>
    </p>
   </div>
   <div class='ocr_carea' id='block_1_25' title="bbox 2261 961 3868 1034">
    <p class='ocr_par' dir='ltr' id='par_1_25' title="bbox 2261 961 3868 1034">
     <span class='ocr_line' id='line_1_25' title="bbox 2261 961 3868 1034; baseline -0.005 -19"><span class='ocrx_word' id='word_1_174' title='bbox 2261 964 2470 1030; x_wconf 71' lang='grc' dir='ltr'>εϐλήθη,</span> <span class='ocrx_word' id='word_1_175' title='bbox 2534 961 2731 1033; x_wconf 87' lang='grc' dir='ltr'>ἀνάγκη</span> <span class='ocrx_word' id='word_1_176' title='bbox 2791 966 2876 1013; x_wconf 81' lang='grc' dir='ltr'>καὶ</span> <span class='ocrx_word' id='word_1_177' title='bbox 2947 961 3311 1034; x_wconf 79' lang='grc' dir='ltr'>γεωργηθῆναι</span> <span class='ocrx_word' id='word_1_178' title='bbox 3377 963 3466 1009; x_wconf 80' lang='grc' dir='ltr'>καὶ</span> <span class='ocrx_word' id='word_1_179' title='bbox 3527 966 3868 1031; x_wconf 76' lang='grc' dir='ltr'>καρποφορῆ-</span> 
     </span>
    </p>
   </div>
   <div class='ocr_carea' id='block_1_26' title="bbox 2264 1042 3871 1121">
    <p class='ocr_par' dir='ltr' id='par_1_26' title="bbox 2264 1042 3871 1121">
     <span class='ocr_line' id='line_1_26' title="bbox 2264 1042 3871 1121; baseline -0.007 -14"><span class='ocrx_word' id='word_1_180' title='bbox 2264 1075 2352 1107; x_wconf 89' lang='grc' dir='ltr'>σαι</span> <span class='ocrx_word' id='word_1_181' title='bbox 2414 1057 2506 1110; x_wconf 80' lang='grc' dir='ltr'>τὴν</span> <span class='ocrx_word' id='word_1_182' title='bbox 2559 1053 2806 1116; x_wconf 77' lang='grc' dir='ltr'>ἄκανθαν,</span> <span class='ocrx_word' id='word_1_183' title='bbox 2870 1052 2895 1102; x_wconf 87' lang='grc' dir='ltr'>ό</span> <span class='ocrx_word' id='word_1_184' title='bbox 2962 1049 3280 1121; x_wconf 75' lang='grc' dir='ltr'>προξενήσας</span> <span class='ocrx_word' id='word_1_185' title='bbox 3351 1046 3556 1118; x_wconf 78' lang='grc' dir='ltr'>ἐμαυτῷ</span> <span class='ocrx_word' id='word_1_186' title='bbox 3617 1042 3710 1098; x_wconf 82' lang='grc' dir='ltr'>διά</span> <span class='ocrx_word' id='word_1_187' title='bbox 3768 1054 3871 1097; x_wconf 81' lang='grc' dir='ltr'>τών</span> 
     </span>
    </p>
   </div>
   <div class='ocr_carea' id='block_1_27' title="bbox 2263 1134 3871 1208">
    <p class='ocr_par' dir='ltr' id='par_1_27' title="bbox 2263 1134 3871 1208">
     <span class='ocr_line' id='line_1_27' title="bbox 2263 1134 3871 1208; baseline -0.004 -15"><span class='ocrx_word' id='word_1_188' title='bbox 2263 1137 2566 1193; x_wconf 84' lang='grc' dir='ltr'>σκανδάλων</span> <span class='ocrx_word' id='word_1_189' title='bbox 2623 1148 2718 1198; x_wconf 78' lang='grc' dir='ltr'>τῆς</span> <span class='ocrx_word' id='word_1_190' title='bbox 2774 1138 3003 1200; x_wconf 86' lang='grc' dir='ltr'>ἀκάνθης</span> <span class='ocrx_word' id='word_1_191' title='bbox 3065 1141 3122 1189; x_wconf 88' lang='grc' dir='ltr'>τό</span> <span class='ocrx_word' id='word_1_192' title='bbox 3176 1136 3453 1208; x_wconf 79' lang='grc' dir='ltr'>ἐπιτίμιον,</span> <span class='ocrx_word' id='word_1_193' title='bbox 3510 1134 3720 1194; x_wconf 74' lang='grc' dir='ltr'>εἰκότως</span> <span class='ocrx_word' id='word_1_194' title='bbox 3778 1139 3871 1186; x_wconf 83' lang='grc' dir='ltr'>καὶ</span> 
     </span>
    </p>
   </div>
   <div class='ocr_carea' id='block_1_28' title="bbox 2262 1225 3867 1303">
    <p class='ocr_par' dir='ltr' id='par_1_28' title="bbox 2262 1225 3867 1303">
     <span class='ocr_line' id='line_1_28' title="bbox 2262 1225 3867 1303; baseline -0.004 -22"><span class='ocrx_word' id='word_1_195' title='bbox 2262 1237 2350 1290; x_wconf 78' lang='grc' dir='ltr'>τῆς</span> <span class='ocrx_word' id='word_1_196' title='bbox 2398 1228 2522 1303; x_wconf 78' lang='grc' dir='ltr'>ἀρᾶς</span> <span class='ocrx_word' id='word_1_197' title='bbox 2567 1234 2656 1280; x_wconf 85' lang='grc' dir='ltr'>καὶ</span> <span class='ocrx_word' id='word_1_198' title='bbox 2700 1237 2788 1288; x_wconf 82' lang='grc' dir='ltr'>τῆς</span> <span class='ocrx_word' id='word_1_199' title='bbox 2833 1225 2990 1289; x_wconf 85' lang='grc' dir='ltr'>δίκης</span> <span class='ocrx_word' id='word_1_200' title='bbox 3038 1225 3258 1298; x_wconf 81' lang='grc' dir='ltr'>ἐμαυτόν</span> <span class='ocrx_word' id='word_1_201' title='bbox 3303 1229 3603 1298; x_wconf 86' lang='grc' dir='ltr'>παρίστημι</span> <span class='ocrx_word' id='word_1_202' title='bbox 3634 1227 3819 1295; x_wconf 81' lang='grc' dir='ltr'>ἔνοχον</span> <span class='ocrx_word' id='word_1_203' title='bbox 3855 1241 3867 1252; x_wconf 72' lang='grc'><strong>⁸</strong></span> 
     </span>
    </p>
   </div>
   <div class='ocr_carea' id='block_1_29' title="bbox 2261 1310 3872 1388">
    <p class='ocr_par' dir='ltr' id='par_1_29' title="bbox 2261 1310 3872 1388">
     <span class='ocr_line' id='line_1_29' title="bbox 2261 1310 3872 1388; baseline -0.006 -18"><span class='ocrx_word' id='word_1_204' title='bbox 2261 1317 2369 1370; x_wconf 86' lang='grc' dir='ltr'>ἀλλ’</span> <span class='ocrx_word' id='word_1_205' title='bbox 2421 1318 2479 1370; x_wconf 85' lang='grc' dir='ltr'>οὐ</span> <span class='ocrx_word' id='word_1_206' title='bbox 2535 1323 2844 1388; x_wconf 85' lang='grc' dir='ltr'>συγγνώμην</span> <span class='ocrx_word' id='word_1_207' title='bbox 2895 1318 3048 1368; x_wconf 72' lang='grc' dir='ltr'>ποθεν</span> <span class='ocrx_word' id='word_1_208' title='bbox 3101 1314 3359 1382; x_wconf 88' lang='grc' dir='ltr'>ἀπαιτεῖν,</span> <span class='ocrx_word' id='word_1_209' title='bbox 3409 1310 3534 1366; x_wconf 74' lang='grc' dir='ltr'>οὐδὲ</span> <span class='ocrx_word' id='word_1_210' title='bbox 3583 1312 3872 1383; x_wconf 71' lang='grc' dir='ltr'>φιλανθρω-</span> 
     </span>
    </p>
   </div>
   <div class='ocr_carea' id='block_1_30' title="bbox 2261 1396 3870 1478">
    <p class='ocr_par' dir='ltr' id='par_1_30' title="bbox 2261 1396 3870 1478">
     <span class='ocr_line' id='line_1_30' title="bbox 2261 1396 3870 1478; baseline -0.005 -20"><span class='ocrx_word' id='word_1_211' title='bbox 2261 1411 2386 1468; x_wconf 83' lang='grc' dir='ltr'>πίας</span> <span class='ocrx_word' id='word_1_212' title='bbox 2422 1405 2665 1478; x_wconf 87' lang='grc' dir='ltr'>οὐμενοῦν</span> <span class='ocrx_word' id='word_1_213' title='bbox 2717 1400 2955 1476; x_wconf 85' lang='grc' dir='ltr'>οὐδαμοῦ</span> <span class='ocrx_word' id='word_1_214' title='bbox 3003 1405 3235 1478; x_wconf 86' lang='grc' dir='ltr'>κριθείης</span> <span class='ocrx_word' id='word_1_215' title='bbox 3277 1402 3418 1465; x_wconf 79' lang='grc' dir='ltr'>οῖξιος</span> <span class='ocrx_word' id='word_1_216' title='bbox 3459 1423 3472 1434; x_wconf 74' lang='grc' dir='ltr'><strong>ο</strong></span> <span class='ocrx_word' id='word_1_217' title='bbox 3508 1396 3786 1452; x_wconf 74' lang='grc' dir='ltr'>σκάνδαλα</span> <span class='ocrx_word' id='word_1_218' title='bbox 3817 1399 3870 1451; x_wconf 75' lang='grc' dir='ltr'>δ’</span> 
     </span>
    </p>
   </div>
   <div class='ocr_carea' id='block_1_31' title="bbox 2261 1492 3869 1564">
    <p class='ocr_par' dir='ltr' id='par_1_31' title="bbox 2261 1492 3869 1564">
     <span class='ocr_line' id='line_1_31' title="bbox 2261 1492 3869 1564; baseline -0.003 -20"><span class='ocrx_word' id='word_1_219' title='bbox 2261 1493 2321 1545; x_wconf 79' lang='grc' dir='ltr'>ἀν</span> <span class='ocrx_word' id='word_1_220' title='bbox 2380 1493 2544 1547; x_wconf 85' lang='grc' dir='ltr'>ἐκεῖνα</span> <span class='ocrx_word' id='word_1_221' title='bbox 2591 1497 2667 1551; x_wconf 88' lang='grc' dir='ltr'>εῖη</span> <span class='ocrx_word' id='word_1_222' title='bbox 2727 1495 2828 1545; x_wconf 88' lang='grc' dir='ltr'>ὃσα</span> <span class='ocrx_word' id='word_1_223' title='bbox 2880 1492 3161 1564; x_wconf 72' lang='grc' dir='ltr'>κωλύματα</span> <span class='ocrx_word' id='word_1_224' title='bbox 3205 1495 3405 1562; x_wconf 87' lang='grc' dir='ltr'>γίνεται</span> <span class='ocrx_word' id='word_1_225' title='bbox 3456 1498 3548 1550; x_wconf 85' lang='grc' dir='ltr'>τῆς</span> <span class='ocrx_word' id='word_1_226' title='bbox 3595 1492 3723 1562; x_wconf 84' lang='grc' dir='ltr'>πρὸς</span> <span class='ocrx_word' id='word_1_227' title='bbox 3773 1494 3869 1546; x_wconf 78' lang='grc' dir='ltr'>τὴν</span> 
     </span>
    </p>
   </div>
   <div class='ocr_carea' id='block_1_32' title="bbox 2261 1576 3865 1654">
    <p class='ocr_par' dir='ltr' id='par_1_32' title="bbox 2261 1576 3865 1654">
     <span class='ocr_line' id='line_1_32' title="bbox 2261 1576 3865 1654; baseline -0.005 -19"><span class='ocrx_word' id='word_1_228' title='bbox 2261 1584 2400 1644; x_wconf 75' lang='grc' dir='ltr'>ζωὴν</span> <span class='ocrx_word' id='word_1_229' title='bbox 2429 1582 2659 1654; x_wconf 87' lang='grc' dir='ltr'>ἀγούσης</span> <span class='ocrx_word' id='word_1_230' title='bbox 2688 1579 2817 1634; x_wconf 86' lang='grc' dir='ltr'>ὁδοῦ</span> <span class='ocrx_word' id='word_1_231' title='bbox 2852 1587 2946 1640; x_wconf 78' lang='grc' dir='ltr'>τὴν</span> <span class='ocrx_word' id='word_1_232' title='bbox 2978 1581 3182 1633; x_wconf 84' lang='grc' dir='ltr'>αἰώνιον</span> <span class='ocrx_word' id='word_1_233' title='bbox 3216 1600 3228 1612; x_wconf 77' lang='grc' dir='ltr'><strong>ο</strong></span> <span class='ocrx_word' id='word_1_234' title='bbox 3263 1585 3378 1632; x_wconf 89' lang='grc' dir='ltr'>τίνα</span> <span class='ocrx_word' id='word_1_235' title='bbox 3409 1576 3464 1631; x_wconf 82' lang='grc' dir='ltr'>δ’</span> <span class='ocrx_word' id='word_1_236' title='bbox 3508 1581 3622 1630; x_wconf 81' lang='grc' dir='ltr'>ἔστι</span> <span class='ocrx_word' id='word_1_237' title='bbox 3657 1585 3865 1642; x_wconf 75' lang='grc' dir='ltr'>ταύτας</span> 
     </span>
    </p>
   </div>
   <div class='ocr_carea' id='block_1_33' title="bbox 2259 1668 3867 1745">
    <p class='ocr_par' dir='ltr' id='par_1_33' title="bbox 2259 1668 3867 1745">
     <span class='ocr_line' id='line_1_33' title="bbox 2259 1668 3867 1745; baseline -0.005 -22"><span class='ocrx_word' id='word_1_238' title='bbox 2259 1677 2485 1745; x_wconf 79' lang='grc' dir='ltr'>πορνεία,</span> <span class='ocrx_word' id='word_1_239' title='bbox 2553 1673 2704 1742; x_wconf 80' lang='grc' dir='ltr'>μέθη,</span> <span class='ocrx_word' id='word_1_240' title='bbox 2760 1671 2947 1735; x_wconf 76' lang='grc' dir='ltr'>κλοπὴ,</span> <span class='ocrx_word' id='word_1_241' title='bbox 3006 1668 3313 1732; x_wconf 79' lang='grc' dir='ltr'>καταλαλιά,</span> <span class='ocrx_word' id='word_1_242' title='bbox 3372 1673 3462 1719; x_wconf 87' lang='grc' dir='ltr'>καὶ</span> <span class='ocrx_word' id='word_1_243' title='bbox 3509 1671 3610 1741; x_wconf 85' lang='grc' dir='ltr'>πρὸ</span> <span class='ocrx_word' id='word_1_244' title='bbox 3669 1669 3867 1718; x_wconf 85' lang='grc' dir='ltr'>τούτων</span> 
     </span>
    </p>
   </div>
   <div class='ocr_carea' id='block_1_34' title="bbox 498 1752 2146 1834">
    <p class='ocr_par' dir='ltr' id='par_1_34' title="bbox 498 1759 2146 1829">
     <span class='ocr_line' id='line_1_34' title="bbox 498 1759 2146 1829; baseline 0.001 -16"><span class='ocrx_word' id='word_1_245' title='bbox 498 1761 822 1829; x_wconf 84' lang='lat' dir='ltr'>imaginem</span> <span class='ocrx_word' id='word_1_246' title='bbox 852 1760 952 1814; x_wconf 90' lang='lat' dir='ltr'>Dei</span> <span class='ocrx_word' id='word_1_247' title='bbox 979 1760 1155 1828; x_wconf 88' lang='lat' dir='ltr'>facta,</span> <span class='ocrx_word' id='word_1_248' title='bbox 1187 1759 1523 1816; x_wconf 87' lang='lat' dir='ltr'>indolentiae</span> <span class='ocrx_word' id='word_1_249' title='bbox 1549 1765 1605 1814; x_wconf 91' lang='lat' dir='ltr'>et</span> <span class='ocrx_word' id='word_1_250' title='bbox 1636 1759 1894 1815; x_wconf 78' lang='lat' dir='ltr'>mollitiae</span> <span class='ocrx_word' id='word_1_251' title='bbox 1926 1759 2146 1825; x_wconf 89' lang='lat' dir='ltr'>dedita,</span> 
     </span>
    </p>
   </div>
   <div class='ocr_carea' id='block_1_35' title="bbox 2255 1752 3867 1834">
    <p class='ocr_par' dir='ltr' id='par_1_35' title="bbox 2259 1752 3867 1834">
     <span class='ocr_line' id='line_1_35' title="bbox 2259 1752 3867 1834; baseline -0.004 -21"><span class='ocrx_word' id='word_1_252' title='bbox 2259 1765 2406 1832; x_wconf 78' lang='grc' dir='ltr'>φόνος</span> <span class='ocrx_word' id='word_1_253' title='bbox 2447 1765 2535 1812; x_wconf 83' lang='grc' dir='ltr'>καὶ</span> <span class='ocrx_word' id='word_1_254' title='bbox 2572 1760 2886 1834; x_wconf 72' lang='grc' dir='ltr'>φιλαργυρία</span> <span class='ocrx_word' id='word_1_255' title='bbox 2934 1763 3024 1811; x_wconf 81' lang='grc' dir='ltr'>καὶ</span> <span class='ocrx_word' id='word_1_256' title='bbox 3075 1760 3176 1810; x_wconf 83' lang='grc' dir='ltr'>ὅσα</span> <span class='ocrx_word' id='word_1_257' title='bbox 3228 1757 3356 1809; x_wconf 75' lang='grc' dir='ltr'>ἄλλα</span> <span class='ocrx_word' id='word_1_258' title='bbox 3406 1759 3545 1808; x_wconf 87' lang='grc' dir='ltr'>κοικά</span> <span class='ocrx_word' id='word_1_259' title='bbox 3594 1752 3690 1808; x_wconf 86' lang='grc' dir='ltr'>διά</span> <span class='ocrx_word' id='word_1_260' title='bbox 3744 1759 3867 1807; x_wconf 86' lang='grc' dir='ltr'>τού-</span> 
     </span>
    </p>
   </div>
   <div class='ocr_carea' id='block_1_36' title="bbox 498 1847 2150 1914">
    <p class='ocr_par' dir='ltr' id='par_1_36' title="bbox 498 1847 2150 1914">
     <span class='ocr_line' id='line_1_36' title="bbox 498 1847 2150 1914; baseline -0.001 -10"><span class='ocrx_word' id='word_1_261' title='bbox 498 1853 564 1904; x_wconf 86' lang='lat' dir='ltr'>ut</span> <span class='ocrx_word' id='word_1_262' title='bbox 587 1849 647 1904; x_wconf 90' lang='lat' dir='ltr'>in</span> <span class='ocrx_word' id='word_1_263' title='bbox 679 1849 976 1906; x_wconf 90' lang='lat' dir='ltr'>mundum</span> <span class='ocrx_word' id='word_1_264' title='bbox 1017 1849 1256 1905; x_wconf 89' lang='lat' dir='ltr'>veniant</span> <span class='ocrx_word' id='word_1_265' title='bbox 1299 1847 1436 1904; x_wconf 83' lang='lat' dir='ltr'>facit</span> <span class='ocrx_word' id='word_1_266' title='bbox 1465 1865 1479 1914; x_wconf 89' lang='lat'><strong>;</strong></span> <span class='ocrx_word' id='word_1_267' title='bbox 1507 1853 1564 1903; x_wconf 89' lang='lat' dir='ltr'>et</span> <span class='ocrx_word' id='word_1_268' title='bbox 1591 1863 1728 1904; x_wconf 90' lang='lat' dir='ltr'>cum</span> <span class='ocrx_word' id='word_1_269' title='bbox 1761 1855 1958 1903; x_wconf 88' lang='lat' dir='ltr'>creata</span> <span class='ocrx_word' id='word_1_270' title='bbox 1998 1856 2150 1903; x_wconf 81' lang='lat' dir='ltr'>esset</span> 
     </span>
    </p>
   </div>
   <div class='ocr_carea' id='block_1_37' title="bbox 496 1936 2146 2008">
    <p class='ocr_par' dir='ltr' id='par_1_37' title="bbox 496 1936 2146 2008">
     <span class='ocr_line' id='line_1_37' title="bbox 496 1936 2146 2008; baseline -0.001 -16"><span class='ocrx_word' id='word_1_271' title='bbox 496 1943 559 1994; x_wconf 91' lang='lat' dir='ltr'>ut</span> <span class='ocrx_word' id='word_1_272' title='bbox 573 1942 916 2008; x_wconf 85' lang='lat' dir='ltr'>operaretur</span> <span class='ocrx_word' id='word_1_273' title='bbox 929 1936 1188 2001; x_wconf 83' lang='lat' dir='ltr'>virtutes,</span> <span class='ocrx_word' id='word_1_274' title='bbox 1209 1937 1589 2008; x_wconf 86' lang='lat' dir='ltr'>semetipsam</span> <span class='ocrx_word' id='word_1_275' title='bbox 1607 1936 1799 1992; x_wconf 80' lang='lat' dir='ltr'>effecit</span> <span class='ocrx_word' id='word_1_276' title='bbox 1812 1939 2146 2008; x_wconf 88' lang='lat' dir='ltr'>operariam</span> 
     </span>
    </p>
   </div>
   <div class='ocr_carea' id='block_1_38' title="bbox 495 2023 2147 2098">
    <p class='ocr_par' dir='ltr' id='par_1_38' title="bbox 495 2023 2147 2098">
     <span class='ocr_line' id='line_1_38' title="bbox 495 2023 2147 2098; baseline 0 -18"><span class='ocrx_word' id='word_1_277' title='bbox 495 2025 895 2098; x_wconf 89' lang='lat' dir='ltr'>iniquitatum.</span> <span class='ocrx_word' id='word_1_278' title='bbox 928 2023 1110 2081; x_wconf 88' lang='lat' dir='ltr'>Simul</span> <span class='ocrx_word' id='word_1_279' title='bbox 1142 2029 1344 2082; x_wconf 86' lang='lat' dir='ltr'>autem</span> <span class='ocrx_word' id='word_1_280' title='bbox 1384 2029 1558 2096; x_wconf 90' lang='lat' dir='ltr'>atque</span> <span class='ocrx_word' id='word_1_281' title='bbox 1598 2041 1667 2080; x_wconf 86' lang='lat' dir='ltr'>ex</span> <span class='ocrx_word' id='word_1_282' title='bbox 1710 2024 1876 2080; x_wconf 90' lang='lat' dir='ltr'>nobis</span> <span class='ocrx_word' id='word_1_283' title='bbox 1918 2031 2147 2080; x_wconf 88' lang='lat' dir='ltr'>motum</span> 
     </span>
    </p>
   </div>
   <div class='ocr_carea' id='block_1_39' title="bbox 494 2113 2147 2186">
    <p class='ocr_par' dir='ltr' id='par_1_39' title="bbox 494 2113 2147 2186">
     <span class='ocr_line' id='line_1_39' title="bbox 494 2113 2147 2186; baseline 0.001 -18"><span class='ocrx_word' id='word_1_284' title='bbox 494 2115 998 2170; x_wconf 87' lang='lat' dir='ltr'>etincrementum</span> <span class='ocrx_word' id='word_1_285' title='bbox 1019 2113 1357 2169; x_wconf 88' lang='lat' dir='ltr'>istiusmodi</span> <span class='ocrx_word' id='word_1_286' title='bbox 1375 2113 1731 2184; x_wconf 89' lang='lat' dir='ltr'>cupiditates</span> <span class='ocrx_word' id='word_1_287' title='bbox 1752 2120 2054 2186; x_wconf 89' lang='lat' dir='ltr'>ceperunt,</span> <span class='ocrx_word' id='word_1_288' title='bbox 2079 2131 2147 2169; x_wconf 80' lang='lat' dir='ltr'>ex</span> 
     </span>
    </p>
   </div>
   <div class='ocr_carea' id='block_1_40' title="bbox 496 2201 2144 2274">
    <p class='ocr_par' dir='ltr' id='par_1_40' title="bbox 496 2201 2144 2274">
     <span class='ocr_line' id='line_1_40' title="bbox 496 2201 2144 2274; baseline -0.001 -15"><span class='ocrx_word' id='word_1_289' title='bbox 496 2204 844 2260; x_wconf 82' lang='lat' dir='ltr'>necessitate</span> <span class='ocrx_word' id='word_1_290' title='bbox 865 2202 1080 2258; x_wconf 90' lang='lat' dir='ltr'>deinde</span> <span class='ocrx_word' id='word_1_291' title='bbox 1106 2203 1166 2256; x_wconf 90' lang='lat' dir='ltr'>in</span> <span class='ocrx_word' id='word_1_292' title='bbox 1184 2206 1386 2258; x_wconf 89' lang='lat' dir='ltr'>nostra</span> <span class='ocrx_word' id='word_1_293' title='bbox 1401 2201 1519 2257; x_wconf 91' lang='lat' dir='ltr'>vita</span> <span class='ocrx_word' id='word_1_294' title='bbox 1537 2207 1844 2258; x_wconf 86' lang='lat' dir='ltr'>versantur</span> <span class='ocrx_word' id='word_1_295' title='bbox 1860 2208 1916 2257; x_wconf 90' lang='lat' dir='ltr'>et</span> <span class='ocrx_word' id='word_1_296' title='bbox 1941 2207 2144 2274; x_wconf 85' lang='lat' dir='ltr'>agunt.</span> 
     </span>
    </p>
   </div>
   <div class='ocr_carea' id='block_1_41' title="bbox 493 2289 2149 2362">
    <p class='ocr_par' dir='ltr' id='par_1_41' title="bbox 493 2289 2149 2362">
     <span class='ocr_line' id='line_1_41' title="bbox 493 2289 2149 2362; baseline 0.001 -16"><span class='ocrx_word' id='word_1_297' title='bbox 493 2290 549 2346; x_wconf 91' lang='lat' dir='ltr'>Si</span> <span class='ocrx_word' id='word_1_298' title='bbox 579 2291 738 2346; x_wconf 87' lang='lat' dir='ltr'>enim</span> <span class='ocrx_word' id='word_1_299' title='bbox 768 2291 1050 2362; x_wconf 89' lang='lat' dir='ltr'>antiquus</span> <span class='ocrx_word' id='word_1_300' title='bbox 1091 2291 1272 2346; x_wconf 88' lang='lat' dir='ltr'>nostri</span> <span class='ocrx_word' id='word_1_301' title='bbox 1311 2291 1540 2359; x_wconf 82' lang='lat' dir='ltr'>generis</span> <span class='ocrx_word' id='word_1_302' title='bbox 1578 2289 1769 2346; x_wconf 89' lang='lat' dir='ltr'>hostis</span> <span class='ocrx_word' id='word_1_303' title='bbox 1809 2290 2056 2361; x_wconf 87' lang='lat' dir='ltr'>impellit</span> <span class='ocrx_word' id='word_1_304' title='bbox 2093 2296 2149 2347; x_wconf 93' lang='lat' dir='ltr'>et</span> 
     </span>
    </p>
   </div>
   <div class='ocr_carea' id='block_1_42' title="bbox 492 2378 2146 2450">
    <p class='ocr_par' dir='ltr' id='par_1_42' title="bbox 492 2378 2146 2450">
     <span class='ocr_line' id='line_1_42' title="bbox 492 2378 2146 2450; baseline 0.001 -16"><span class='ocrx_word' id='word_1_305' title='bbox 492 2379 703 2434; x_wconf 85' lang='lat' dir='ltr'>excitat</span> <span class='ocrx_word' id='word_1_306' title='bbox 755 2378 833 2434; x_wconf 91' lang='lat' dir='ltr'>ad</span> <span class='ocrx_word' id='word_1_307' title='bbox 882 2378 1090 2450; x_wconf 89' lang='lat' dir='ltr'>pejora</span> <span class='ocrx_word' id='word_1_308' title='bbox 1147 2383 1420 2434; x_wconf 88' lang='lat' dir='ltr'>nostram</span> <span class='ocrx_word' id='word_1_309' title='bbox 1478 2386 1777 2446; x_wconf 89' lang='lat' dir='ltr'>naturam,</span> <span class='ocrx_word' id='word_1_310' title='bbox 1831 2393 2146 2450; x_wconf 87' lang='lat' dir='ltr'>nunquam</span> 
     </span>
    </p>
   </div>
   <div class='ocr_carea' id='block_1_43' title="bbox 491 2465 2145 2538">
    <p class='ocr_par' dir='ltr' id='par_1_43' title="bbox 491 2465 2145 2538">
     <span class='ocr_line' id='line_1_43' title="bbox 491 2465 2145 2538; baseline -0.001 -14"><span class='ocrx_word' id='word_1_311' title='bbox 491 2471 690 2524; x_wconf 89' lang='lat' dir='ltr'>tamen</span> <span class='ocrx_word' id='word_1_312' title='bbox 721 2467 953 2523; x_wconf 86' lang='lat' dir='ltr'>videtur</span> <span class='ocrx_word' id='word_1_313' title='bbox 976 2467 1151 2522; x_wconf 87' lang='lat' dir='ltr'>nobis</span> <span class='ocrx_word' id='word_1_314' title='bbox 1171 2465 1366 2522; x_wconf 90' lang='lat' dir='ltr'>invitis</span> <span class='ocrx_word' id='word_1_315' title='bbox 1387 2482 1578 2537; x_wconf 88' lang='lat' dir='ltr'>neque</span> <span class='ocrx_word' id='word_1_316' title='bbox 1599 2467 1808 2538; x_wconf 84' lang='lat' dir='ltr'>pejora</span> <span class='ocrx_word' id='word_1_317' title='bbox 1830 2466 2020 2523; x_wconf 89' lang='lat' dir='ltr'>facere</span> <span class='ocrx_word' id='word_1_318' title='bbox 2043 2484 2145 2523; x_wconf 90' lang='lat' dir='ltr'>cu-</span> 
     </span>
    </p>
   </div>
   <div class='ocr_carea' id='block_1_44' title="bbox 489 2554 2145 2626">
    <p class='ocr_par' dir='ltr' id='par_1_44' title="bbox 489 2554 2145 2626">
     <span class='ocr_line' id='line_1_44' title="bbox 489 2554 2145 2626; baseline 0.001 -16"><span class='ocrx_word' id='word_1_319' title='bbox 489 2554 787 2625; x_wconf 89' lang='lat' dir='ltr'>pientibus</span> <span class='ocrx_word' id='word_1_320' title='bbox 814 2554 1108 2626; x_wconf 88' lang='lat' dir='ltr'>imperare</span> <span class='ocrx_word' id='word_1_321' title='bbox 1142 2572 1155 2620; x_wconf 90' lang='lat'><strong>;</strong></span> <span class='ocrx_word' id='word_1_322' title='bbox 1186 2555 1328 2609; x_wconf 91' lang='lat' dir='ltr'>dum</span> <span class='ocrx_word' id='word_1_323' title='bbox 1362 2560 1562 2610; x_wconf 86' lang='lat' dir='ltr'>autem</span> <span class='ocrx_word' id='word_1_324' title='bbox 1592 2554 1896 2626; x_wconf 89' lang='lat' dir='ltr'>quasdam</span> <span class='ocrx_word' id='word_1_325' title='bbox 1931 2556 2145 2612; x_wconf 84' lang='lat' dir='ltr'>excita-</span> 
     </span>
    </p>
   </div>
   <div class='ocr_carea' id='block_1_45' title="bbox 489 2642 2147 2716">
    <p class='ocr_par' dir='ltr' id='par_1_45' title="bbox 489 2642 2147 2716">
     <span class='ocr_line' id='line_1_45' title="bbox 489 2642 2147 2716; baseline 0.004 -20"><span class='ocrx_word' id='word_1_326' title='bbox 489 2643 682 2700; x_wconf 86' lang='lat' dir='ltr'>tiones</span> <span class='ocrx_word' id='word_1_327' title='bbox 704 2649 760 2698; x_wconf 89' lang='lat' dir='ltr'>et</span> <span class='ocrx_word' id='word_1_328' title='bbox 783 2643 958 2715; x_wconf 88' lang='lat' dir='ltr'>quasi</span> <span class='ocrx_word' id='word_1_329' title='bbox 976 2642 1185 2698; x_wconf 87' lang='lat' dir='ltr'>solatia</span> <span class='ocrx_word' id='word_1_330' title='bbox 1204 2642 1481 2698; x_wconf 90' lang='lat' dir='ltr'>alicunde</span> <span class='ocrx_word' id='word_1_331' title='bbox 1507 2647 1954 2714; x_wconf 86' lang='lat' dir='ltr'>exspectamus,</span> <span class='ocrx_word' id='word_1_332' title='bbox 1975 2645 2086 2716; x_wconf 87' lang='lat' dir='ltr'>ipsi</span> <span class='ocrx_word' id='word_1_333' title='bbox 2111 2661 2147 2702; x_wconf 79' lang='grc' dir='ltr'>ει</span> 
     </span>
    </p>
   </div>
   <div class='ocr_carea' id='block_1_46' title="bbox 489 2731 2144 2802">
    <p class='ocr_par' dir='ltr' id='par_1_46' title="bbox 489 2731 2144 2802">
     <span class='ocr_line' id='line_1_46' title="bbox 489 2731 2144 2802; baseline 0.002 -16"><span class='ocrx_word' id='word_1_334' title='bbox 489 2731 639 2788; x_wconf 85' lang='lat' dir='ltr'>virili</span> <span class='ocrx_word' id='word_1_335' title='bbox 661 2735 719 2787; x_wconf 86' lang='lat' dir='ltr'>et</span> <span class='ocrx_word' id='word_1_336' title='bbox 739 2746 1029 2802; x_wconf 80' lang='lat' dir='ltr'>generoso</span> <span class='ocrx_word' id='word_1_337' title='bbox 1060 2731 1288 2786; x_wconf 87' lang='lat' dir='ltr'>virtutis</span> <span class='ocrx_word' id='word_1_338' title='bbox 1314 2747 1494 2787; x_wconf 87' lang='lat' dir='ltr'>sensu</span> <span class='ocrx_word' id='word_1_339' title='bbox 1527 2731 1918 2798; x_wconf 85' lang='lat' dir='ltr'>declinantes,</span> <span class='ocrx_word' id='word_1_340' title='bbox 1945 2732 2144 2790; x_wconf 90' lang='lat' dir='ltr'>locum</span> 
     </span>
    </p>
   </div>
   <div class='ocr_carea' id='block_1_47' title="bbox 486 2819 2144 2893">
    <p class='ocr_par' dir='ltr' id='par_1_47' title="bbox 486 2819 2144 2893">
     <span class='ocr_line' id='line_1_47' title="bbox 486 2819 2144 2893; baseline 0.001 -16"><span class='ocrx_word' id='word_1_341' title='bbox 486 2825 739 2892; x_wconf 90' lang='lat' dir='ltr'>occupat</span> <span class='ocrx_word' id='word_1_342' title='bbox 763 2819 982 2876; x_wconf 91' lang='lat' dir='ltr'>diaboli</span> <span class='ocrx_word' id='word_1_343' title='bbox 1009 2819 1348 2884; x_wconf 89' lang='lat' dir='ltr'>consilium,</span> <span class='ocrx_word' id='word_1_344' title='bbox 1370 2826 1426 2875; x_wconf 88' lang='lat' dir='ltr'>et</span> <span class='ocrx_word' id='word_1_345' title='bbox 1447 2819 1512 2877; x_wconf 83' lang='lat' dir='ltr'>ﬁt</span> <span class='ocrx_word' id='word_1_346' title='bbox 1533 2820 1850 2876; x_wconf 82' lang='lat' dir='ltr'>auxiliator</span> <span class='ocrx_word' id='word_1_347' title='bbox 1875 2822 2144 2893; x_wconf 90' lang='lat' dir='ltr'>quidem,</span> 
     </span>
    </p>
   </div>
   <div class='ocr_carea' id='block_1_48' title="bbox 486 2908 2143 2981">
    <p class='ocr_par' dir='ltr' id='par_1_48' title="bbox 486 2908 2143 2981">
     <span class='ocr_line' id='line_1_48' title="bbox 486 2908 2143 2981; baseline 0.002 -18"><span class='ocrx_word' id='word_1_348' title='bbox 486 2910 591 2964; x_wconf 92' lang='lat' dir='ltr'>sed</span> <span class='ocrx_word' id='word_1_349' title='bbox 627 2924 749 2965; x_wconf 92' lang='lat' dir='ltr'>non</span> <span class='ocrx_word' id='word_1_350' title='bbox 781 2909 1013 2981; x_wconf 88' lang='lat' dir='ltr'>primus</span> <span class='ocrx_word' id='word_1_351' title='bbox 1040 2924 1217 2964; x_wconf 88' lang='lat' dir='ltr'>casus</span> <span class='ocrx_word' id='word_1_352' title='bbox 1246 2908 1433 2965; x_wconf 89' lang='lat' dir='ltr'>nostri</span> <span class='ocrx_word' id='word_1_353' title='bbox 1461 2914 1693 2965; x_wconf 88' lang='lat' dir='ltr'>auctor.</span> <span class='ocrx_word' id='word_1_354' title='bbox 1725 2909 1890 2965; x_wconf 88' lang='lat' dir='ltr'>Patet</span> <span class='ocrx_word' id='word_1_355' title='bbox 1921 2916 2143 2977; x_wconf 89' lang='lat' dir='ltr'>autem,</span> 
     </span>
    </p>
   </div>
   <div class='ocr_carea' id='block_1_49' title="bbox 484 2996 2148 3069">
    <p class='ocr_par' dir='ltr' id='par_1_49' title="bbox 484 2996 2148 3069">
     <span class='ocr_line' id='line_1_49' title="bbox 484 2996 2148 3069; baseline 0.001 -15"><span class='ocrx_word' id='word_1_356' title='bbox 484 2996 1002 3069; x_wconf 87' lang='lat' dir='ltr'>quemadmodum</span> <span class='ocrx_word' id='word_1_357' title='bbox 1028 2997 1208 3052; x_wconf 91' lang='lat' dir='ltr'>vitam</span> <span class='ocrx_word' id='word_1_358' title='bbox 1230 2996 1457 3054; x_wconf 90' lang='lat' dir='ltr'>bonam</span> <span class='ocrx_word' id='word_1_359' title='bbox 1477 2997 1730 3069; x_wconf 90' lang='lat' dir='ltr'>perdunt</span> <span class='ocrx_word' id='word_1_360' title='bbox 1747 2999 2148 3057; x_wconf 85' lang='lat' dir='ltr'>acdestruunt</span> 
     </span>
    </p>
   </div>
   <div class='ocr_carea' id='block_1_50' title="bbox 482 3083 2220 3181">
    <p class='ocr_par' dir='ltr' id='par_1_50' title="bbox 482 3083 2220 3181">
     <span class='ocr_line' id='line_1_50' title="bbox 482 3083 2220 3181; baseline 0.001 -41"><span class='ocrx_word' id='word_1_361' title='bbox 482 3083 825 3181; x_wconf 76' lang='lat' dir='ltr'>istiusmodi</span> <span class='ocrx_word' id='word_1_362' title='bbox 856 3084 1224 3181; x_wconf 57' lang='lat' dir='ltr'>scandalaet</span> <span class='ocrx_word' id='word_1_363' title='bbox 1255 3084 1632 3156; x_wconf 88' lang='lat' dir='ltr'>cupiditates,</span> <span class='ocrx_word' id='word_1_364' title='bbox 1662 3085 1746 3140; x_wconf 92' lang='lat' dir='ltr'>ita</span> <span class='ocrx_word' id='word_1_365' title='bbox 1774 3087 1954 3142; x_wconf 90' lang='lat' dir='ltr'>etiam</span> <span class='ocrx_word' id='word_1_366' title='bbox 1983 3086 2069 3144; x_wconf 89' lang='lat' dir='ltr'>ita</span> <span class='ocrx_word' id='word_1_367' title='bbox 2093 3091 2148 3144; x_wconf 91' lang='lat' dir='ltr'>et</span> <span class='ocrx_word' id='word_1_368' title='bbox 2179 3125 2220 3181; x_wconf 77' lang='lat' dir='ltr'>C</span> 
     </span>
    </p>
   </div>
   <div class='ocr_carea' id='block_1_51' title="bbox 483 3171 2145 3245">
    <p class='ocr_par' dir='ltr' id='par_1_51' title="bbox 483 3171 2145 3245">
     <span class='ocr_line' id='line_1_51' title="bbox 483 3171 2145 3245; baseline 0.001 -18"><span class='ocrx_word' id='word_1_369' title='bbox 483 3171 618 3245; x_wconf 91' lang='lat' dir='ltr'>pios</span> <span class='ocrx_word' id='word_1_370' title='bbox 650 3188 956 3229; x_wconf 87' lang='lat' dir='ltr'>sermones</span> <span class='ocrx_word' id='word_1_371' title='bbox 985 3172 1264 3228; x_wconf 89' lang='lat' dir='ltr'>invadere</span> <span class='ocrx_word' id='word_1_372' title='bbox 1294 3178 1350 3228; x_wconf 89' lang='lat' dir='ltr'>et</span> <span class='ocrx_word' id='word_1_373' title='bbox 1389 3181 1620 3230; x_wconf 87' lang='lat' dir='ltr'>vastare</span> <span class='ocrx_word' id='word_1_374' title='bbox 1652 3174 1930 3230; x_wconf 69' lang='lat' dir='ltr'>haeretica</span> <span class='ocrx_word' id='word_1_375' title='bbox 1953 3179 2008 3229; x_wconf 91' lang='lat' dir='ltr'>et</span> <span class='ocrx_word' id='word_1_376' title='bbox 2031 3175 2145 3231; x_wconf 89' lang='lat' dir='ltr'>dis-</span> 
     </span>
    </p>
   </div>
   <div class='ocr_carea' id='block_1_52' title="bbox 488 3261 2145 3334">
    <p class='ocr_par' dir='ltr' id='par_1_52' title="bbox 488 3261 2145 3334">
     <span class='ocr_line' id='line_1_52' title="bbox 488 3261 2145 3334; baseline 0.002 -18"><span class='ocrx_word' id='word_1_377' title='bbox 488 3276 640 3317; x_wconf 89' lang='lat' dir='ltr'>sona</span> <span class='ocrx_word' id='word_1_378' title='bbox 668 3261 982 3334; x_wconf 86' lang='lat' dir='ltr'>impiorum</span> <span class='ocrx_word' id='word_1_379' title='bbox 1015 3262 1302 3330; x_wconf 82' lang='lat' dir='ltr'>dogmata</span> <span class='ocrx_word' id='word_1_380' title='bbox 1331 3267 1389 3318; x_wconf 88' lang='lat' dir='ltr'>et</span> <span class='ocrx_word' id='word_1_381' title='bbox 1413 3264 1675 3332; x_wconf 86' lang='lat' dir='ltr'>cogitata</span> <span class='ocrx_word' id='word_1_382' title='bbox 1705 3279 1716 3318; x_wconf 92' lang='lat'><strong>:</strong></span> <span class='ocrx_word' id='word_1_383' title='bbox 1751 3264 1855 3334; x_wconf 89' lang='lat' dir='ltr'>qui</span> <span class='ocrx_word' id='word_1_384' title='bbox 1897 3279 2035 3319; x_wconf 90' lang='lat' dir='ltr'>cum</span> <span class='ocrx_word' id='word_1_385' title='bbox 2066 3263 2145 3319; x_wconf 91' lang='lat' dir='ltr'>ab</span> 
     </span>
    </p>
   </div>
   <div class='ocr_carea' id='block_1_53' title="bbox 485 3349 2146 3422">
    <p class='ocr_par' dir='ltr' id='par_1_53' title="bbox 485 3349 2146 3422">
     <span class='ocr_line' id='line_1_53' title="bbox 485 3349 2146 3422; baseline 0.002 -18"><span class='ocrx_word' id='word_1_386' title='bbox 485 3349 651 3405; x_wconf 90' lang='lat' dir='ltr'>initio</span> <span class='ocrx_word' id='word_1_387' title='bbox 682 3351 884 3422; x_wconf 89' lang='lat' dir='ltr'>pravis</span> <span class='ocrx_word' id='word_1_388' title='bbox 916 3349 1038 3405; x_wconf 88' lang='lat' dir='ltr'>suis</span> <span class='ocrx_word' id='word_1_389' title='bbox 1070 3350 1535 3418; x_wconf 80' lang='lat' dir='ltr'>cogitationibus</span> <span class='ocrx_word' id='word_1_390' title='bbox 1561 3367 1633 3407; x_wconf 89' lang='lat' dir='ltr'>ea</span> <span class='ocrx_word' id='word_1_391' title='bbox 1680 3351 2056 3420; x_wconf 84' lang='lat' dir='ltr'>collegissent</span> <span class='ocrx_word' id='word_1_392' title='bbox 2089 3359 2146 3408; x_wconf 92' lang='lat' dir='ltr'>et</span> 
     </span>
    </p>
   </div>
   <div class='ocr_carea' id='block_1_54' title="bbox 485 3437 2144 3507">
    <p class='ocr_par' dir='ltr' id='par_1_54' title="bbox 485 3437 2144 3507">
     <span class='ocr_line' id='line_1_54' title="bbox 485 3437 2144 3507; baseline 0.002 -15"><span class='ocrx_word' id='word_1_393' title='bbox 485 3437 546 3494; x_wconf 89' lang='lat' dir='ltr'>in</span> <span class='ocrx_word' id='word_1_394' title='bbox 572 3438 763 3493; x_wconf 91' lang='lat' dir='ltr'>lucem</span> <span class='ocrx_word' id='word_1_395' title='bbox 789 3439 1140 3507; x_wconf 88' lang='lat' dir='ltr'>edidissent;</span> <span class='ocrx_word' id='word_1_396' title='bbox 1171 3454 1290 3493; x_wconf 93' lang='lat' dir='ltr'>non</span> <span class='ocrx_word' id='word_1_397' title='bbox 1320 3440 1665 3494; x_wconf 87' lang='lat' dir='ltr'>necessitate</span> <span class='ocrx_word' id='word_1_398' title='bbox 1685 3440 1786 3494; x_wconf 89' lang='lat' dir='ltr'>sed</span> <span class='ocrx_word' id='word_1_399' title='bbox 1809 3441 2144 3496; x_wconf 90' lang='lat' dir='ltr'>voluntario</span> 
     </span>
    </p>
   </div>
   <div class='ocr_carea' id='block_1_55' title="bbox 488 3527 2145 3600">
    <p class='ocr_par' dir='ltr' id='par_1_55' title="bbox 488 3527 2145 3600">
     <span class='ocr_line' id='line_1_55' title="bbox 488 3527 2145 3600; baseline 0.002 -20"><span class='ocrx_word' id='word_1_400' title='bbox 488 3527 736 3582; x_wconf 89' lang='lat' dir='ltr'>consilio</span> <span class='ocrx_word' id='word_1_401' title='bbox 755 3531 810 3582; x_wconf 92' lang='lat' dir='ltr'>et</span> <span class='ocrx_word' id='word_1_402' title='bbox 824 3530 1138 3590; x_wconf 87' lang='lat' dir='ltr'>sententia,</span> <span class='ocrx_word' id='word_1_403' title='bbox 1155 3527 1560 3597; x_wconf 84' lang='lat' dir='ltr'>proximorum</span> <span class='ocrx_word' id='word_1_404' title='bbox 1576 3543 1745 3582; x_wconf 88' lang='lat' dir='ltr'>aures</span> <span class='ocrx_word' id='word_1_405' title='bbox 1768 3527 2145 3600; x_wconf 91' lang='lat' dir='ltr'>blasphemia</span> 
     </span>
    </p>
   </div>
   <div class='ocr_carea' id='block_1_56' title="bbox 487 3615 2144 3688">
    <p class='ocr_par' dir='ltr' id='par_1_56' title="bbox 487 3615 2144 3688">
     <span class='ocr_line' id='line_1_56' title="bbox 487 3615 2144 3688; baseline 0.001 -18"><span class='ocrx_word' id='word_1_406' title='bbox 487 3615 900 3688; x_wconf 90' lang='lat' dir='ltr'>impleverunt,</span> <span class='ocrx_word' id='word_1_407' title='bbox 935 3622 991 3670; x_wconf 88' lang='lat' dir='ltr'>et</span> <span class='ocrx_word' id='word_1_408' title='bbox 1021 3616 1288 3670; x_wconf 84' lang='lat' dir='ltr'>fecerunt</span> <span class='ocrx_word' id='word_1_409' title='bbox 1316 3620 1383 3670; x_wconf 88' lang='lat' dir='ltr'>ut</span> <span class='ocrx_word' id='word_1_410' title='bbox 1415 3631 1519 3682; x_wconf 89' lang='lat' dir='ltr'>per</span> <span class='ocrx_word' id='word_1_411' title='bbox 1558 3631 1620 3670; x_wconf 90' lang='lat' dir='ltr'>se</span> <span class='ocrx_word' id='word_1_412' title='bbox 1649 3621 1703 3671; x_wconf 89' lang='lat' dir='ltr'>et</span> <span class='ocrx_word' id='word_1_413' title='bbox 1734 3632 1837 3671; x_wconf 89' lang='lat' dir='ltr'>eos</span> <span class='ocrx_word' id='word_1_414' title='bbox 1865 3618 1970 3688; x_wconf 92' lang='lat' dir='ltr'>qui</span> <span class='ocrx_word' id='word_1_415' title='bbox 2001 3617 2144 3688; x_wconf 90' lang='lat' dir='ltr'>ipsis</span> 
     </span>
    </p>
   </div>
   <div class='ocr_carea' id='block_1_57' title="bbox 487 3703 2142 3769">
    <p class='ocr_par' dir='ltr' id='par_1_57' title="bbox 487 3703 2142 3769">
     <span class='ocr_line' id='line_1_57' title="bbox 487 3703 2142 3769; baseline -0.002 -9"><span class='ocrx_word' id='word_1_416' title='bbox 487 3704 890 3769; x_wconf 87' lang='lat' dir='ltr'>crediderunt,</span> <span class='ocrx_word' id='word_1_417' title='bbox 929 3719 1002 3760; x_wconf 85' lang='lat' dir='ltr'>ex</span> <span class='ocrx_word' id='word_1_418' title='bbox 1049 3705 1396 3759; x_wconf 87' lang='lat' dir='ltr'>necessitate</span> <span class='ocrx_word' id='word_1_419' title='bbox 1434 3703 1723 3760; x_wconf 90' lang='lat' dir='ltr'>scandala</span> <span class='ocrx_word' id='word_1_420' title='bbox 1757 3704 1816 3759; x_wconf 93' lang='lat' dir='ltr'>in</span> <span class='ocrx_word' id='word_1_421' title='bbox 1856 3705 2142 3760; x_wconf 88' lang='lat' dir='ltr'>mundum</span> 
     </span>
    </p>
   </div>
   <div class='ocr_carea' id='block_1_58' title="bbox 487 3792 2144 3866">
    <p class='ocr_par' dir='ltr' id='par_1_58' title="bbox 487 3792 2144 3866">
     <span class='ocr_line' id='line_1_58' title="bbox 487 3792 2144 3866; baseline -0.001 -18"><span class='ocrx_word' id='word_1_422' title='bbox 487 3793 1039 3866; x_wconf 89' lang='lat' dir='ltr'>venirent;quibus</span> <span class='ocrx_word' id='word_1_423' title='bbox 1069 3801 1125 3848; x_wconf 89' lang='lat' dir='ltr'>et</span> <span class='ocrx_word' id='word_1_424' title='bbox 1155 3793 1302 3848; x_wconf 93' lang='lat' dir='ltr'>illud</span> <span class='ocrx_word' id='word_1_425' title='bbox 1347 3811 1453 3858; x_wconf 70' lang='lat' dir='ltr'>vae,</span> <span class='ocrx_word' id='word_1_426' title='bbox 1498 3795 1839 3865; x_wconf 89' lang='lat' dir='ltr'>incorrupta</span> <span class='ocrx_word' id='word_1_427' title='bbox 1873 3792 2144 3865; x_wconf 86' lang='lat' dir='ltr'>judiciali</span> 
     </span>
    </p>
   </div>
   <div class='ocr_carea' id='block_1_59' title="bbox 487 3882 2144 3956">
    <p class='ocr_par' dir='ltr' id='par_1_59' title="bbox 487 3882 2144 3956">
     <span class='ocr_line' id='line_1_59' title="bbox 487 3882 2144 3956; baseline 0.001 -19"><span class='ocrx_word' id='word_1_428' title='bbox 487 3883 798 3950; x_wconf 88' lang='lat' dir='ltr'>sententia,</span> <span class='ocrx_word' id='word_1_429' title='bbox 827 3882 1101 3938; x_wconf 91' lang='lat' dir='ltr'>divinum</span> <span class='ocrx_word' id='word_1_430' title='bbox 1129 3883 1428 3938; x_wconf 89' lang='lat' dir='ltr'>decretum</span> <span class='ocrx_word' id='word_1_431' title='bbox 1455 3883 1511 3938; x_wconf 93' lang='lat' dir='ltr'>in</span> <span class='ocrx_word' id='word_1_432' title='bbox 1541 3899 1643 3938; x_wconf 90' lang='lat' dir='ltr'>eos</span> <span class='ocrx_word' id='word_1_433' title='bbox 1667 3883 1930 3940; x_wconf 90' lang='lat' dir='ltr'>immittit</span> <span class='ocrx_word' id='word_1_434' title='bbox 1954 3883 2050 3956; x_wconf 91' lang='lat' dir='ltr'>qui</span> <span class='ocrx_word' id='word_1_435' title='bbox 2082 3899 2144 3939; x_wconf 88' lang='lat' dir='ltr'>se</span> 
     </span>
    </p>
   </div>
   <div class='ocr_carea' id='block_1_60' title="bbox 487 3970 2143 4043">
    <p class='ocr_par' dir='ltr' id='par_1_60' title="bbox 487 3970 2143 4043">
     <span class='ocr_line' id='line_1_60' title="bbox 487 3970 2143 4043; baseline 0.001 -17"><span class='ocrx_word' id='word_1_436' title='bbox 487 3970 766 4039; x_wconf 87' lang='lat' dir='ltr'>indignos</span> <span class='ocrx_word' id='word_1_437' title='bbox 787 3970 1050 4042; x_wconf 88' lang='lat' dir='ltr'>qualibet</span> <span class='ocrx_word' id='word_1_438' title='bbox 1070 3970 1906 4043; x_wconf 59' lang='lat' dir='ltr'>misericordiapraestiterunt,</span> <span class='ocrx_word' id='word_1_439' title='bbox 1934 3975 1996 4028; x_wconf 90' lang='lat' dir='ltr'>ut</span> <span class='ocrx_word' id='word_1_440' title='bbox 2016 3971 2143 4028; x_wconf 91' lang='lat' dir='ltr'>etin</span> 
     </span>
    </p>
   </div>
   <div class='ocr_carea' id='block_1_61' title="bbox 485 4058 2144 4123">
    <p class='ocr_par' dir='ltr' id='par_1_61' title="bbox 485 4058 2144 4123">
     <span class='ocr_line' id='line_1_61' title="bbox 485 4058 2144 4123; baseline 0.001 -7"><span class='ocrx_word' id='word_1_441' title='bbox 485 4058 603 4116; x_wconf 90' lang='lat' dir='ltr'>alio</span> <span class='ocrx_word' id='word_1_442' title='bbox 640 4058 773 4116; x_wconf 87' lang='lat' dir='ltr'>loco</span> <span class='ocrx_word' id='word_1_443' title='bbox 812 4059 973 4123; x_wconf 89' lang='lat' dir='ltr'>dicit,</span> <span class='ocrx_word' id='word_1_444' title='bbox 1017 4058 1226 4116; x_wconf 90' lang='lat' dir='ltr'>talium</span> <span class='ocrx_word' id='word_1_445' title='bbox 1263 4059 1546 4116; x_wconf 88' lang='lat' dir='ltr'>interesse</span> <span class='ocrx_word' id='word_1_446' title='bbox 1593 4064 1656 4117; x_wconf 90' lang='lat' dir='ltr'>ut</span> <span class='ocrx_word' id='word_1_447' title='bbox 1683 4060 1845 4116; x_wconf 90' lang='lat' dir='ltr'>mola</span> <span class='ocrx_word' id='word_1_448' title='bbox 1883 4060 2144 4117; x_wconf 90' lang='lat' dir='ltr'>asinaria</span> 
     </span>
    </p>
   </div>
   <div class='ocr_carea' id='block_1_62' title="bbox 485 4148 2138 4222">
    <p class='ocr_par' dir='ltr' id='par_1_62' title="bbox 485 4148 2138 4222">
     <span class='ocr_line' id='line_1_62' title="bbox 485 4148 2138 4222; baseline 0 -16"><span class='ocrx_word' id='word_1_449' title='bbox 485 4164 693 4206; x_wconf 87' lang='lat' dir='ltr'>eorum</span> <span class='ocrx_word' id='word_1_450' title='bbox 743 4149 907 4206; x_wconf 92' lang='lat' dir='ltr'>collis</span> <span class='ocrx_word' id='word_1_451' title='bbox 954 4148 1226 4219; x_wconf 89' lang='lat' dir='ltr'>alligetur</span> <span class='ocrx_word' id='word_1_452' title='bbox 1279 4153 1334 4205; x_wconf 86' lang='lat' dir='ltr'>et</span> <span class='ocrx_word' id='word_1_453' title='bbox 1391 4149 1449 4204; x_wconf 90' lang='lat' dir='ltr'>in</span> <span class='ocrx_word' id='word_1_454' title='bbox 1501 4165 1664 4205; x_wconf 90' lang='lat' dir='ltr'>mare</span> <span class='ocrx_word' id='word_1_455' title='bbox 1731 4149 2138 4222; x_wconf 80' lang='lat' dir='ltr'>proiiciantur.</span> 
     </span>
    </p>
   </div>
   <div class='ocr_carea' id='block_1_63' title="bbox 483 4237 2142 4312">
    <p class='ocr_par' dir='ltr' id='par_1_63' title="bbox 483 4237 2142 4312">
     <span class='ocr_line' id='line_1_63' title="bbox 483 4237 2142 4312; baseline 0.001 -18"><span class='ocrx_word' id='word_1_456' title='bbox 483 4238 689 4296; x_wconf 90' lang='lat' dir='ltr'>Soluta</span> <span class='ocrx_word' id='word_1_457' title='bbox 713 4237 890 4309; x_wconf 88' lang='lat' dir='ltr'>igitur</span> <span class='ocrx_word' id='word_1_458' title='bbox 918 4241 1011 4295; x_wconf 89' lang='lat' dir='ltr'>est</span> <span class='ocrx_word' id='word_1_459' title='bbox 1034 4237 1354 4294; x_wconf 80' lang='lat' dir='ltr'>difﬁcultas</span> <span class='ocrx_word' id='word_1_460' title='bbox 1385 4254 1454 4294; x_wconf 81' lang='lat' dir='ltr'>ex</span> <span class='ocrx_word' id='word_1_461' title='bbox 1481 4237 1552 4293; x_wconf 92' lang='lat' dir='ltr'>iis</span> <span class='ocrx_word' id='word_1_462' title='bbox 1579 4238 1798 4312; x_wconf 90' lang='lat' dir='ltr'>quibus</span> <span class='ocrx_word' id='word_1_463' title='bbox 1826 4238 2142 4303; x_wconf 90' lang='lat' dir='ltr'>videbatur</span> 
     </span>
    </p>
   </div>
   <div class='ocr_carea' id='block_1_64' title="bbox 484 4325 2141 4400">
    <p class='ocr_par' dir='ltr' id='par_1_64' title="bbox 484 4325 2141 4400">
     <span class='ocr_line' id='line_1_64' title="bbox 484 4325 2141 4400; baseline 0 -16"><span class='ocrx_word' id='word_1_464' title='bbox 484 4329 867 4400; x_wconf 89' lang='lat' dir='ltr'>potissimum</span> <span class='ocrx_word' id='word_1_465' title='bbox 892 4325 1177 4383; x_wconf 89' lang='lat' dir='ltr'>roborari.</span> <span class='ocrx_word' id='word_1_466' title='bbox 1225 4329 1422 4399; x_wconf 86' lang='lat' dir='ltr'>Neque</span> <span class='ocrx_word' id='word_1_467' title='bbox 1445 4327 1506 4383; x_wconf 89' lang='lat' dir='ltr'>in</span> <span class='ocrx_word' id='word_1_468' title='bbox 1536 4327 1703 4383; x_wconf 91' lang='lat' dir='ltr'>illum</span> <span class='ocrx_word' id='word_1_469' title='bbox 1725 4327 2000 4397; x_wconf 90' lang='lat' dir='ltr'>dirigitur</span> <span class='ocrx_word' id='word_1_470' title='bbox 2031 4328 2141 4384; x_wconf 89' lang='lat' dir='ltr'>im-</span> 
     </span>
    </p>
   </div>
   <div class='ocr_carea' id='block_1_65' title="bbox 481 4415 2139 4490">
    <p class='ocr_par' dir='ltr' id='par_1_65' title="bbox 481 4415 2139 4490">
     <span class='ocr_line' id='line_1_65' title="bbox 481 4415 2139 4490; baseline -0.001 -16"><span class='ocrx_word' id='word_1_471' title='bbox 481 4418 765 4489; x_wconf 86' lang='lat' dir='ltr'>precatio,</span> <span class='ocrx_word' id='word_1_472' title='bbox 798 4417 901 4490; x_wconf 90' lang='lat' dir='ltr'>qui</span> <span class='ocrx_word' id='word_1_473' title='bbox 926 4417 1044 4473; x_wconf 90' lang='lat' dir='ltr'>vim</span> <span class='ocrx_word' id='word_1_474' title='bbox 1067 4416 1308 4490; x_wconf 87' lang='lat' dir='ltr'>patitur,</span> <span class='ocrx_word' id='word_1_475' title='bbox 1337 4415 1443 4472; x_wconf 91' lang='lat' dir='ltr'>sed</span> <span class='ocrx_word' id='word_1_476' title='bbox 1469 4417 1528 4472; x_wconf 90' lang='lat' dir='ltr'>in</span> <span class='ocrx_word' id='word_1_477' title='bbox 1561 4432 1698 4473; x_wconf 92' lang='lat' dir='ltr'>eum</span> <span class='ocrx_word' id='word_1_478' title='bbox 1721 4417 1824 4490; x_wconf 90' lang='lat' dir='ltr'>qui</span> <span class='ocrx_word' id='word_1_479' title='bbox 1852 4416 2139 4473; x_wconf 89' lang='lat' dir='ltr'>scandala</span> 
     </span>
    </p>
   </div>
   <div class='ocr_carea' id='block_1_66' title="bbox 485 4505 2142 4579">
    <p class='ocr_par' dir='ltr' id='par_1_66' title="bbox 485 4505 2142 4579">
     <span class='ocr_line' id='line_1_66' title="bbox 485 4505 2142 4579; baseline 0 -18"><span class='ocrx_word' id='word_1_480' title='bbox 485 4507 744 4563; x_wconf 83' lang='lat' dir='ltr'>seminat</span> <span class='ocrx_word' id='word_1_481' title='bbox 771 4511 826 4562; x_wconf 90' lang='lat' dir='ltr'>et</span> <span class='ocrx_word' id='word_1_482' title='bbox 853 4519 959 4578; x_wconf 88' lang='lat' dir='ltr'>per</span> <span class='ocrx_word' id='word_1_483' title='bbox 983 4522 1158 4579; x_wconf 88' lang='lat' dir='ltr'>quem</span> <span class='ocrx_word' id='word_1_484' title='bbox 1191 4505 1490 4578; x_wconf 91' lang='lat' dir='ltr'>prodeunt</span> <span class='ocrx_word' id='word_1_485' title='bbox 1518 4522 1532 4571; x_wconf 94' lang='lat'>;</span> <span class='ocrx_word' id='word_1_486' title='bbox 1557 4505 1735 4561; x_wconf 89' lang='lat' dir='ltr'>simul</span> <span class='ocrx_word' id='word_1_487' title='bbox 1756 4522 1826 4562; x_wconf 91' lang='lat' dir='ltr'>ac</span> <span class='ocrx_word' id='word_1_488' title='bbox 1855 4505 2142 4562; x_wconf 88' lang='lat' dir='ltr'>scandala</span> 
     </span>
    </p>
   </div>
   <div class='ocr_carea' id='block_1_67' title="bbox 483 4593 2139 4666">
    <p class='ocr_par' dir='ltr' id='par_1_67' title="bbox 483 4593 2139 4666">
     <span class='ocr_line' id='line_1_67' title="bbox 483 4593 2139 4666; baseline 0 -16"><span class='ocrx_word' id='word_1_489' title='bbox 483 4595 750 4666; x_wconf 91' lang='lat' dir='ltr'>projecit,</span> <span class='ocrx_word' id='word_1_490' title='bbox 779 4610 851 4650; x_wconf 85' lang='lat' dir='ltr'>ex</span> <span class='ocrx_word' id='word_1_491' title='bbox 875 4595 1224 4651; x_wconf 89' lang='lat' dir='ltr'>necessitate</span> <span class='ocrx_word' id='word_1_492' title='bbox 1245 4594 1459 4651; x_wconf 90' lang='lat' dir='ltr'>deinde</span> <span class='ocrx_word' id='word_1_493' title='bbox 1485 4593 1543 4650; x_wconf 92' lang='lat' dir='ltr'>in</span> <span class='ocrx_word' id='word_1_494' title='bbox 1573 4595 1803 4652; x_wconf 90' lang='lat' dir='ltr'>mundo</span> <span class='ocrx_word' id='word_1_495' title='bbox 1829 4601 2139 4651; x_wconf 89' lang='lat' dir='ltr'>versantur</span> 
     </span>
    </p>
   </div>
   <div class='ocr_carea' id='block_1_68' title="bbox 484 4687 768 4752">
    <p class='ocr_par' dir='ltr' id='par_1_68' title="bbox 484 4687 768 4752">
     <span class='ocr_line' id='line_1_68' title="bbox 484 4687 768 4752; baseline -0.011 -15"><span class='ocrx_word' id='word_1_496' title='bbox 484 4687 768 4752; x_wconf 74' lang='lat' dir='ltr'>etagunL</span> 
     </span>
    </p>
   </div>
   <div class='ocr_carea' id='block_1_69' title="bbox 2255 1844 3869 1922">
    <p class='ocr_par' dir='ltr' id='par_1_69' title="bbox 2255 1844 3869 1922">
     <span class='ocr_line' id='line_1_69' title="bbox 2255 1844 3869 1922; baseline -0.004 -21"><span class='ocrx_word' id='word_1_497' title='bbox 2255 1869 2352 1901; x_wconf 80' lang='grc' dir='ltr'>τών</span> <span class='ocrx_word' id='word_1_498' title='bbox 2385 1868 2397 1881; x_wconf 92' lang='grc'><strong>·</strong></span> <span class='ocrx_word' id='word_1_499' title='bbox 2440 1849 2568 1921; x_wconf 81' lang='grc' dir='ltr'>άπερ</span> <span class='ocrx_word' id='word_1_500' title='bbox 2625 1850 2650 1899; x_wconf 87' lang='grc' dir='ltr'>ό</span> <span class='ocrx_word' id='word_1_501' title='bbox 2703 1848 3022 1922; x_wconf 77' lang='grc' dir='ltr'>ἀνθρώπινος</span> <span class='ocrx_word' id='word_1_502' title='bbox 3077 1847 3190 1899; x_wconf 79' lang='grc' dir='ltr'>κατ’</span> <span class='ocrx_word' id='word_1_503' title='bbox 3248 1847 3421 1900; x_wconf 78' lang='grc' dir='ltr'>εἰκόνα</span> <span class='ocrx_word' id='word_1_504' title='bbox 3479 1853 3614 1898; x_wconf 89' lang='grc' dir='ltr'>Θεοῦ</span> <span class='ocrx_word' id='word_1_505' title='bbox 3665 1844 3869 1896; x_wconf 85' lang='grc' dir='ltr'>πεπλα-</span> 
     </span>
    </p>
   </div>
   <div class='ocr_carea' id='block_1_70' title="bbox 2259 1934 3867 2011">
    <p class='ocr_par' dir='ltr' id='par_1_70' title="bbox 2259 1934 3867 2011">
     <span class='ocr_line' id='line_1_70' title="bbox 2259 1934 3867 2011; baseline -0.002 -23"><span class='ocrx_word' id='word_1_506' title='bbox 2259 1943 2440 2009; x_wconf 73' lang='grc' dir='ltr'>σμένος</span> <span class='ocrx_word' id='word_1_507' title='bbox 2495 1945 2612 1997; x_wconf 84' lang='grc' dir='ltr'>νοῦς</span> <span class='ocrx_word' id='word_1_508' title='bbox 2662 1938 2897 2011; x_wconf 76' lang='grc' dir='ltr'>ῥᾳθυμίᾳ</span> <span class='ocrx_word' id='word_1_509' title='bbox 2947 1940 3036 1988; x_wconf 84' lang='grc' dir='ltr'>καὶ</span> <span class='ocrx_word' id='word_1_510' title='bbox 3095 1937 3333 2009; x_wconf 73' lang='grc' dir='ltr'>ῥαστώνῃ</span> <span class='ocrx_word' id='word_1_511' title='bbox 3390 1939 3685 2007; x_wconf 85' lang='grc' dir='ltr'>παρασχών</span> <span class='ocrx_word' id='word_1_512' title='bbox 3743 1934 3867 1985; x_wconf 82' lang='grc' dir='ltr'>ἐαυ-</span> 
     </span>
    </p>
   </div>
   <div class='ocr_carea' id='block_1_71' title="bbox 2257 2023 3868 2098">
    <p class='ocr_par' dir='ltr' id='par_1_71' title="bbox 2257 2023 3868 2098">
     <span class='ocr_line' id='line_1_71' title="bbox 2257 2023 3868 2098; baseline -0.004 -19"><span class='ocrx_word' id='word_1_513' title='bbox 2257 2029 2341 2079; x_wconf 78' lang='grc' dir='ltr'>τὸν</span> <span class='ocrx_word' id='word_1_514' title='bbox 2412 2026 2478 2086; x_wconf 85' lang='grc' dir='ltr'>εἰς</span> <span class='ocrx_word' id='word_1_515' title='bbox 2531 2029 2616 2077; x_wconf 88' lang='grc' dir='ltr'>τόν</span> <span class='ocrx_word' id='word_1_516' title='bbox 2681 2030 2879 2097; x_wconf 85' lang='grc' dir='ltr'>κόσμον</span> <span class='ocrx_word' id='word_1_517' title='bbox 2937 2024 3098 2077; x_wconf 80' lang='grc' dir='ltr'>ἐλθεῖν</span> <span class='ocrx_word' id='word_1_518' title='bbox 3157 2023 3589 2098; x_wconf 77' lang='grc' dir='ltr'>παρασκευάζει·</span> <span class='ocrx_word' id='word_1_519' title='bbox 3633 2027 3868 2074; x_wconf 78' lang='grc' dir='ltr'>καὶτῶν</span> 
     </span>
    </p>
   </div>
   <div class='ocr_carea' id='block_1_72' title="bbox 2255 2112 3872 2189">
    <p class='ocr_par' dir='ltr' id='par_1_72' title="bbox 2255 2112 3872 2189">
     <span class='ocr_line' id='line_1_72' title="bbox 2255 2112 3872 2189; baseline -0.002 -23"><span class='ocrx_word' id='word_1_520' title='bbox 2255 2115 2446 2186; x_wconf 80' lang='grc' dir='ltr'>ἀρετῶν</span> <span class='ocrx_word' id='word_1_521' title='bbox 2527 2113 2749 2189; x_wconf 75' lang='grc' dir='ltr'>ἐργάτης</span> <span class='ocrx_word' id='word_1_522' title='bbox 2834 2113 3087 2175; x_wconf 80' lang='grc' dir='ltr'>πλασθεὶς</span> <span class='ocrx_word' id='word_1_523' title='bbox 3143 2116 3371 2186; x_wconf 86' lang='grc' dir='ltr'>γεωργὸν</span> <span class='ocrx_word' id='word_1_524' title='bbox 3458 2112 3638 2164; x_wconf 84' lang='grc' dir='ltr'>ἑαυτὸν</span> <span class='ocrx_word' id='word_1_525' title='bbox 3707 2131 3872 2163; x_wconf 83' lang='grc' dir='ltr'>κατα-</span> 
     </span>
    </p>
   </div>
   <div class='ocr_carea' id='block_1_73' title="bbox 2257 2198 3871 2276">
    <p class='ocr_par' dir='ltr' id='par_1_73' title="bbox 2257 2198 3871 2276">
     <span class='ocr_line' id='line_1_73' title="bbox 2257 2198 3871 2276; baseline -0.002 -20"><span class='ocrx_word' id='word_1_526' title='bbox 2257 2205 2498 2264; x_wconf 75' lang='grc' dir='ltr'>σκευάζει</span> <span class='ocrx_word' id='word_1_527' title='bbox 2542 2211 2640 2255; x_wconf 79' lang='grc' dir='ltr'>τών</span> <span class='ocrx_word' id='word_1_528' title='bbox 2690 2202 2889 2275; x_wconf 76' lang='grc' dir='ltr'>φαύλων</span> <span class='ocrx_word' id='word_1_529' title='bbox 2918 2220 2930 2233; x_wconf 79' lang='grc'><strong><em>⁸</em></strong></span> <span class='ocrx_word' id='word_1_530' title='bbox 2981 2205 3146 2276; x_wconf 78' lang='grc' dir='ltr'>ῥοπὴν</span> <span class='ocrx_word' id='word_1_531' title='bbox 3181 2198 3240 2254; x_wconf 75' lang='grc' dir='ltr'>δὲ</span> <span class='ocrx_word' id='word_1_532' title='bbox 3287 2201 3429 2264; x_wconf 79' lang='grc' dir='ltr'>ἅπαξ</span> <span class='ocrx_word' id='word_1_533' title='bbox 3477 2199 3530 2263; x_wconf 77' lang='grc' dir='ltr'>ἐξ</span> <span class='ocrx_word' id='word_1_534' title='bbox 3573 2203 3721 2272; x_wconf 78' lang='grc' dir='ltr'>ἡμῶν</span> <span class='ocrx_word' id='word_1_535' title='bbox 3777 2206 3871 2253; x_wconf 81' lang='grc' dir='ltr'>καὶ</span> 
     </span>
    </p>
   </div>
   <div class='ocr_carea' id='block_1_74' title="bbox 2257 2289 3872 2364">
    <p class='ocr_par' dir='ltr' id='par_1_74' title="bbox 2257 2289 3872 2364">
     <span class='ocr_line' id='line_1_74' title="bbox 2257 2289 3872 2364; baseline -0.001 -21"><span class='ocrx_word' id='word_1_536' title='bbox 2257 2291 2493 2364; x_wconf 77' lang='grc' dir='ltr'>βλάστην</span> <span class='ocrx_word' id='word_1_537' title='bbox 2563 2294 2629 2344; x_wconf 89' lang='grc' dir='ltr'>τά</span> <span class='ocrx_word' id='word_1_538' title='bbox 2697 2299 2913 2344; x_wconf 87' lang='grc' dir='ltr'>τοιαῦτα</span> <span class='ocrx_word' id='word_1_539' title='bbox 2968 2300 3066 2343; x_wconf 87' lang='grc' dir='ltr'>τῶν</span> <span class='ocrx_word' id='word_1_540' title='bbox 3128 2292 3450 2362; x_wconf 81' lang='grc' dir='ltr'>παθημάτων</span> <span class='ocrx_word' id='word_1_541' title='bbox 3507 2289 3754 2357; x_wconf 79' lang='grc' dir='ltr'>λαϐόντα,</span> <span class='ocrx_word' id='word_1_542' title='bbox 3817 2289 3872 2353; x_wconf 80' lang='grc' dir='ltr'><strong>ἐξ</strong></span> 
     </span>
    </p>
   </div>
   <div class='ocr_carea' id='block_1_75' title="bbox 2254 2377 3872 2454">
    <p class='ocr_par' dir='ltr' id='par_1_75' title="bbox 2254 2377 3872 2454">
     <span class='ocr_line' id='line_1_75' title="bbox 2254 2377 3872 2454; baseline -0.002 -21"><span class='ocrx_word' id='word_1_543' title='bbox 2254 2380 2486 2452; x_wconf 90' lang='grc' dir='ltr'>ἀνάγκης</span> <span class='ocrx_word' id='word_1_544' title='bbox 2537 2384 2594 2433; x_wconf 87' lang='grc' dir='ltr'>τό</span> <span class='ocrx_word' id='word_1_545' title='bbox 2646 2379 2822 2432; x_wconf 85' lang='grc' dir='ltr'>λοιπὸν</span> <span class='ocrx_word' id='word_1_546' title='bbox 2861 2379 3210 2454; x_wconf 72' lang='grc' dir='ltr'>ἐπιχωριάζει</span> <span class='ocrx_word' id='word_1_547' title='bbox 3266 2399 3320 2432; x_wconf 86' lang='grc' dir='ltr'>τε</span> <span class='ocrx_word' id='word_1_548' title='bbox 3367 2384 3457 2432; x_wconf 82' lang='grc' dir='ltr'>καὶ</span> <span class='ocrx_word' id='word_1_549' title='bbox 3494 2377 3872 2452; x_wconf 78' lang='grc' dir='ltr'>παρρησιάζε-</span> 
     </span>
    </p>
   </div>
   <div class='ocr_carea' id='block_1_76' title="bbox 2253 2466 3874 2542">
    <p class='ocr_par' dir='ltr' id='par_1_76' title="bbox 2253 2466 3874 2542">
     <span class='ocr_line' id='line_1_76' title="bbox 2253 2466 3874 2542; baseline -0.001 -21"><span class='ocrx_word' id='word_1_550' title='bbox 2253 2489 2340 2521; x_wconf 91' lang='grc' dir='ltr'>ται</span> <span class='ocrx_word' id='word_1_551' title='bbox 2387 2477 2458 2540; x_wconf 85' lang='grc' dir='ltr'>τῷ</span> <span class='ocrx_word' id='word_1_552' title='bbox 2500 2472 2729 2542; x_wconf 75' lang='grc' dir='ltr'>ἡμετέρῳ</span> <span class='ocrx_word' id='word_1_553' title='bbox 2763 2467 2883 2540; x_wconf 84' lang='grc' dir='ltr'>βίῳ.</span> <span class='ocrx_word' id='word_1_554' title='bbox 2934 2469 2995 2520; x_wconf 83' lang='grc' dir='ltr'>Εἰ</span> <span class='ocrx_word' id='word_1_555' title='bbox 3031 2472 3132 2542; x_wconf 81' lang='grc' dir='ltr'>γὰρ</span> <span class='ocrx_word' id='word_1_556' title='bbox 3181 2473 3272 2521; x_wconf 84' lang='grc' dir='ltr'>καὶ</span> <span class='ocrx_word' id='word_1_557' title='bbox 3315 2470 3341 2520; x_wconf 88' lang='grc' dir='ltr'>ό</span> <span class='ocrx_word' id='word_1_558' title='bbox 3381 2466 3608 2542; x_wconf 86' lang='grc' dir='ltr'>ἀρχαῖος</span> <span class='ocrx_word' id='word_1_559' title='bbox 3646 2476 3738 2519; x_wconf 87' lang='grc' dir='ltr'>τοῦ</span> <span class='ocrx_word' id='word_1_560' title='bbox 3786 2472 3874 2538; x_wconf 80' lang='grc' dir='ltr'>γέ-</span> 
     </span>
    </p>
   </div>
   <div class='ocr_carea' id='block_1_77' title="bbox 2252 2556 3874 2631">
    <p class='ocr_par' dir='ltr' id='par_1_77' title="bbox 2252 2556 3874 2631">
     <span class='ocr_line' id='line_1_77' title="bbox 2252 2556 3874 2631; baseline 0 -23"><span class='ocrx_word' id='word_1_561' title='bbox 2252 2577 2366 2618; x_wconf 88' lang='grc' dir='ltr'>νους</span> <span class='ocrx_word' id='word_1_562' title='bbox 2426 2559 2568 2628; x_wconf 72' lang='grc' dir='ltr'>ἡμῶν</span> <span class='ocrx_word' id='word_1_563' title='bbox 2628 2557 2820 2631; x_wconf 79' lang='grc' dir='ltr'>ἐχθρὸς</span> <span class='ocrx_word' id='word_1_564' title='bbox 2876 2557 3103 2610; x_wconf 77' lang='grc' dir='ltr'>ἀνακινεῖ</span> <span class='ocrx_word' id='word_1_565' title='bbox 3157 2576 3210 2610; x_wconf 90' lang='grc' dir='ltr'>τε</span> <span class='ocrx_word' id='word_1_566' title='bbox 3268 2561 3359 2609; x_wconf 83' lang='grc' dir='ltr'>καὶ</span> <span class='ocrx_word' id='word_1_567' title='bbox 3437 2556 3684 2630; x_wconf 73' lang='grc' dir='ltr'>ἀνεγείρει</span> <span class='ocrx_word' id='word_1_568' title='bbox 3734 2559 3874 2630; x_wconf 82' lang='grc' dir='ltr'>πρὸς</span> 
     </span>
    </p>
   </div>
   <div class='ocr_carea' id='block_1_78' title="bbox 2253 2641 3874 2720">
    <p class='ocr_par' dir='ltr' id='par_1_78' title="bbox 2253 2641 3874 2720">
     <span class='ocr_line' id='line_1_78' title="bbox 2253 2641 3874 2720; baseline -0.001 -22"><span class='ocrx_word' id='word_1_569' title='bbox 2253 2649 2318 2698; x_wconf 83' lang='grc' dir='ltr'>τά</span> <span class='ocrx_word' id='word_1_570' title='bbox 2381 2650 2598 2720; x_wconf 84' lang='grc' dir='ltr'>χείρονα</span> <span class='ocrx_word' id='word_1_571' title='bbox 2634 2650 2727 2703; x_wconf 83' lang='grc' dir='ltr'>τὴν</span> <span class='ocrx_word' id='word_1_572' title='bbox 2777 2649 2952 2717; x_wconf 80' lang='grc' dir='ltr'>φύσιν,</span> <span class='ocrx_word' id='word_1_573' title='bbox 3007 2645 3116 2697; x_wconf 79' lang='grc' dir='ltr'>ἀλλ’</span> <span class='ocrx_word' id='word_1_574' title='bbox 3168 2641 3406 2717; x_wconf 87' lang='grc' dir='ltr'>οὐδαμοῦ</span> <span class='ocrx_word' id='word_1_575' title='bbox 3457 2651 3691 2717; x_wconf 63' lang='grc' dir='ltr'>φαίνεται</span> <span class='ocrx_word' id='word_1_576' title='bbox 3739 2665 3874 2717; x_wconf 86' lang='grc' dir='ltr'>κρα-</span> 
     </span>
    </p>
   </div>
   <div class='ocr_carea' id='block_1_79' title="bbox 2253 2731 3873 2806">
    <p class='ocr_par' dir='ltr' id='par_1_79' title="bbox 2253 2731 3873 2806">
     <span class='ocr_line' id='line_1_79' title="bbox 2253 2731 3873 2806; baseline -0.001 -20"><span class='ocrx_word' id='word_1_577' title='bbox 2253 2743 2352 2786; x_wconf 84' lang='grc' dir='ltr'>τῶν</span> <span class='ocrx_word' id='word_1_578' title='bbox 2383 2735 2527 2806; x_wconf 70' lang='grc' dir='ltr'>ἡμῶν</span> <span class='ocrx_word' id='word_1_579' title='bbox 2580 2739 2652 2806; x_wconf 82' lang='grc' dir='ltr'>μὴ</span> <span class='ocrx_word' id='word_1_580' title='bbox 2694 2736 3023 2805; x_wconf 83' lang='grc' dir='ltr'>πειθομένων,</span> <span class='ocrx_word' id='word_1_581' title='bbox 3061 2731 3200 2805; x_wconf 80' lang='grc' dir='ltr'>μηδί</span> <span class='ocrx_word' id='word_1_582' title='bbox 3248 2736 3313 2786; x_wconf 80' lang='grc' dir='ltr'>τὰ</span> <span class='ocrx_word' id='word_1_583' title='bbox 3361 2739 3579 2806; x_wconf 82' lang='grc' dir='ltr'>χείρονα</span> <span class='ocrx_word' id='word_1_584' title='bbox 3616 2735 3873 2806; x_wconf 83' lang='grc' dir='ltr'>πράττειν</span> 
     </span>
    </p>
   </div>
   <div class='ocr_carea' id='block_1_80' title="bbox 2253 2818 3876 2896">
    <p class='ocr_par' dir='ltr' id='par_1_80' title="bbox 2253 2818 3876 2896">
     <span class='ocr_line' id='line_1_80' title="bbox 2253 2818 3876 2896; baseline -0.001 -22"><span class='ocrx_word' id='word_1_585' title='bbox 2253 2825 2565 2896; x_wconf 83' lang='grc' dir='ltr'>ὡρμημένων</span> <span class='ocrx_word' id='word_1_586' title='bbox 2599 2841 2612 2854; x_wconf 79' lang='grc'><em>’</em></span> <span class='ocrx_word' id='word_1_587' title='bbox 2648 2821 2952 2894; x_wconf 77' lang='grc' dir='ltr'>ἐρεθισμούς</span> <span class='ocrx_word' id='word_1_588' title='bbox 3002 2818 3062 2875; x_wconf 77' lang='grc' dir='ltr'>δέ</span> <span class='ocrx_word' id='word_1_589' title='bbox 3109 2841 3248 2882; x_wconf 88' lang='grc' dir='ltr'>τινας</span> <span class='ocrx_word' id='word_1_590' title='bbox 3294 2827 3386 2875; x_wconf 83' lang='grc' dir='ltr'>καὶ</span> <span class='ocrx_word' id='word_1_591' title='bbox 3437 2823 3543 2874; x_wconf 84' lang='grc' dir='ltr'>οἷον</span> <span class='ocrx_word' id='word_1_592' title='bbox 3593 2821 3876 2895; x_wconf 75' lang='grc' dir='ltr'>παρακλή-</span> 
     </span>
    </p>
   </div>
   <div class='ocr_carea' id='block_1_81' title="bbox 2256 2907 3874 2985">
    <p class='ocr_par' dir='ltr' id='par_1_81' title="bbox 2256 2907 3874 2985">
     <span class='ocr_line' id='line_1_81' title="bbox 2256 2907 3874 2985; baseline -0.001 -21"><span class='ocrx_word' id='word_1_593' title='bbox 2256 2931 2364 2973; x_wconf 84' lang='grc' dir='ltr'>σεις</span> <span class='ocrx_word' id='word_1_594' title='bbox 2420 2910 2705 2982; x_wconf 86' lang='grc' dir='ltr'>ἀλλαχόθεν</span> <span class='ocrx_word' id='word_1_595' title='bbox 2756 2909 3123 2982; x_wconf 85' lang='grc' dir='ltr'>ἀναμενόντων,</span> <span class='ocrx_word' id='word_1_596' title='bbox 3183 2913 3329 2983; x_wconf 77' lang='grc' dir='ltr'>ἡμῶν</span> <span class='ocrx_word' id='word_1_597' title='bbox 3397 2907 3458 2965; x_wconf 73' lang='grc' dir='ltr'>δε</span> <span class='ocrx_word' id='word_1_598' title='bbox 3502 2918 3594 2964; x_wconf 92' lang='grc' dir='ltr'>τοῦ</span> <span class='ocrx_word' id='word_1_599' title='bbox 3648 2909 3874 2985; x_wconf 78' lang='grc' dir='ltr'>ἀρῥενω·</span> 
     </span>
    </p>
   </div>
   <div class='ocr_carea' id='block_1_82' title="bbox 2253 2997 3869 3073">
    <p class='ocr_par' dir='ltr' id='par_1_82' title="bbox 2253 2997 3869 3073">
     <span class='ocr_line' id='line_1_82' title="bbox 2253 2997 3869 3073; baseline -0.001 -21"><span class='ocrx_word' id='word_1_600' title='bbox 2253 3008 2354 3052; x_wconf 87' lang='grc' dir='ltr'>ποῦ</span> <span class='ocrx_word' id='word_1_601' title='bbox 2419 3019 2472 3052; x_wconf 90' lang='grc' dir='ltr'>τε</span> <span class='ocrx_word' id='word_1_602' title='bbox 2525 3004 2614 3052; x_wconf 89' lang='grc' dir='ltr'>καὶ</span> <span class='ocrx_word' id='word_1_603' title='bbox 2663 3004 2897 3070; x_wconf 76' lang='grc' dir='ltr'>γενναίου</span> <span class='ocrx_word' id='word_1_604' title='bbox 2963 3007 3056 3060; x_wconf 83' lang='grc' dir='ltr'>τῆς</span> <span class='ocrx_word' id='word_1_605' title='bbox 3123 2997 3312 3073; x_wconf 85' lang='grc' dir='ltr'>ἀρετῆς</span> <span class='ocrx_word' id='word_1_606' title='bbox 3367 2999 3869 3064; x_wconf 80' lang='grc' dir='ltr'>ὑπολισοαινόντων,</span> 
     </span>
    </p>
   </div>
   <div class='ocr_carea' id='block_1_83' title="bbox 2254 3086 3876 3161">
    <p class='ocr_par' dir='ltr' id='par_1_83' title="bbox 2254 3086 3876 3161">
     <span class='ocr_line' id='line_1_83' title="bbox 2254 3086 3876 3161; baseline 0 -21"><span class='ocrx_word' id='word_1_607' title='bbox 2254 3087 2504 3161; x_wconf 80' lang='grc' dir='ltr'>λαμϐάνει</span> <span class='ocrx_word' id='word_1_608' title='bbox 2550 3094 2731 3161; x_wconf 88' lang='grc' dir='ltr'>χώραν</span> <span class='ocrx_word' id='word_1_609' title='bbox 2775 3089 2804 3146; x_wconf 77' lang='grc' dir='ltr'><strong>ἡ</strong></span> <span class='ocrx_word' id='word_1_610' title='bbox 2848 3095 2939 3140; x_wconf 78' lang='grc' dir='ltr'>τοῦ</span> <span class='ocrx_word' id='word_1_611' title='bbox 2974 3095 3203 3160; x_wconf 87' lang='grc' dir='ltr'>πονηροῦ</span> <span class='ocrx_word' id='word_1_612' title='bbox 3255 3086 3549 3159; x_wconf 79' lang='grc' dir='ltr'>συμϐουλὴ,</span> <span class='ocrx_word' id='word_1_613' title='bbox 3598 3092 3690 3140; x_wconf 82' lang='grc' dir='ltr'>καὶ</span> <span class='ocrx_word' id='word_1_614' title='bbox 3727 3093 3876 3159; x_wconf 88' lang='grc' dir='ltr'>γίνε-</span> 
     </span>
    </p>
   </div>
   <div class='ocr_carea' id='block_1_84' title="bbox 2255 3175 3873 3250">
    <p class='ocr_par' dir='ltr' id='par_1_84' title="bbox 2255 3175 3873 3250">
     <span class='ocr_line' id='line_1_84' title="bbox 2255 3175 3873 3250; baseline -0.001 -20"><span class='ocrx_word' id='word_1_615' title='bbox 2255 3197 2343 3230; x_wconf 87' lang='grc' dir='ltr'>ται</span> <span class='ocrx_word' id='word_1_616' title='bbox 2395 3180 2639 3250; x_wconf 88' lang='grc' dir='ltr'>συνεργὸς</span> <span class='ocrx_word' id='word_1_617' title='bbox 2688 3175 2797 3228; x_wconf 82' lang='grc' dir='ltr'>ἀλλ’</span> <span class='ocrx_word' id='word_1_618' title='bbox 2835 3176 2929 3229; x_wconf 83' lang='grc' dir='ltr'>οὐκ</span> <span class='ocrx_word' id='word_1_619' title='bbox 2984 3175 3226 3250; x_wconf 84' lang='grc' dir='ltr'>ἀρχηγός</span> <span class='ocrx_word' id='word_1_620' title='bbox 3275 3184 3368 3228; x_wconf 85' lang='grc' dir='ltr'>τοῦ</span> <span class='ocrx_word' id='word_1_621' title='bbox 3415 3182 3873 3248; x_wconf 81' lang='grc' dir='ltr'>παραπτώματος,</span> 
     </span>
    </p>
   </div>
   <div class='ocr_carea' id='block_1_85' title="bbox 2257 3262 3872 3338">
    <p class='ocr_par' dir='ltr' id='par_1_85' title="bbox 2257 3262 3872 3338">
     <span class='ocr_line' id='line_1_85' title="bbox 2257 3262 3872 3338; baseline 0 -21"><span class='ocrx_word' id='word_1_622' title='bbox 2257 3263 2415 3325; x_wconf 80' lang='grc' dir='ltr'>δῆλον</span> <span class='ocrx_word' id='word_1_623' title='bbox 2457 3262 2516 3318; x_wconf 74' lang='grc' dir='ltr'>δὲ</span> <span class='ocrx_word' id='word_1_624' title='bbox 2563 3267 2642 3317; x_wconf 88' lang='grc' dir='ltr'>ότι</span> <span class='ocrx_word' id='word_1_625' title='bbox 2675 3266 2907 3338; x_wconf 81' lang='grc' dir='ltr'>καθάπερ</span> <span class='ocrx_word' id='word_1_626' title='bbox 2947 3274 3018 3336; x_wconf 83' lang='grc' dir='ltr'>τῷ</span> <span class='ocrx_word' id='word_1_627' title='bbox 3065 3265 3178 3317; x_wconf 88' lang='grc' dir='ltr'>κατ’</span> <span class='ocrx_word' id='word_1_628' title='bbox 3211 3263 3395 3338; x_wconf 79' lang='grc' dir='ltr'>ἀρετὴν</span> <span class='ocrx_word' id='word_1_629' title='bbox 3438 3263 3540 3337; x_wconf 83' lang='grc' dir='ltr'>βίῳ</span> <span class='ocrx_word' id='word_1_630' title='bbox 3585 3264 3872 3337; x_wconf 74' lang='grc' dir='ltr'>ἐπιλυμαί-</span> 
     </span>
    </p>
   </div>
   <div class='ocr_carea' id='block_1_86' title="bbox 2253 3349 3875 3426">
    <p class='ocr_par' dir='ltr' id='par_1_86' title="bbox 2253 3349 3875 3426">
     <span class='ocr_line' id='line_1_86' title="bbox 2253 3349 3875 3426; baseline 0 -20"><span class='ocrx_word' id='word_1_631' title='bbox 2253 3359 2393 3407; x_wconf 85' lang='grc' dir='ltr'>νεταί</span> <span class='ocrx_word' id='word_1_632' title='bbox 2449 3373 2504 3406; x_wconf 86' lang='grc' dir='ltr'>τε</span> <span class='ocrx_word' id='word_1_633' title='bbox 2558 3359 2646 3406; x_wconf 83' lang='grc' dir='ltr'>καὶ</span> <span class='ocrx_word' id='word_1_634' title='bbox 2706 3353 2976 3426; x_wconf 87' lang='grc' dir='ltr'>ἀνατρέπει</span> <span class='ocrx_word' id='word_1_635' title='bbox 3031 3356 3099 3406; x_wconf 82' lang='grc' dir='ltr'>τὰ</span> <span class='ocrx_word' id='word_1_636' title='bbox 3157 3361 3378 3406; x_wconf 87' lang='grc' dir='ltr'>τοιαῦτα</span> <span class='ocrx_word' id='word_1_637' title='bbox 3444 3349 3719 3406; x_wconf 86' lang='grc' dir='ltr'>σκάνδαλα</span> <span class='ocrx_word' id='word_1_638' title='bbox 3778 3360 3875 3406; x_wconf 84' lang='grc' dir='ltr'>καὶ</span> 
     </span>
    </p>
   </div>
   <div class='ocr_carea' id='block_1_87' title="bbox 2254 3439 3873 3514">
    <p class='ocr_par' dir='ltr' id='par_1_87' title="bbox 2254 3439 3873 3514">
     <span class='ocr_line' id='line_1_87' title="bbox 2254 3439 3873 3514; baseline -0.001 -19"><span class='ocrx_word' id='word_1_639' title='bbox 2254 3445 2419 3510; x_wconf 87' lang='grc' dir='ltr'>πάθη,</span> <span class='ocrx_word' id='word_1_640' title='bbox 2487 3443 2622 3494; x_wconf 75' lang='grc' dir='ltr'>οὕτω</span> <span class='ocrx_word' id='word_1_641' title='bbox 2679 3439 2745 3500; x_wconf 80' lang='grc' dir='ltr'>δὴ</span> <span class='ocrx_word' id='word_1_642' title='bbox 2804 3444 2938 3494; x_wconf 72' lang='grc' dir='ltr'>οὕτω</span> <span class='ocrx_word' id='word_1_643' title='bbox 2984 3447 3073 3495; x_wconf 80' lang='grc' dir='ltr'>καὶ</span> <span class='ocrx_word' id='word_1_644' title='bbox 3127 3451 3197 3513; x_wconf 82' lang='grc' dir='ltr'>τῷ</span> <span class='ocrx_word' id='word_1_645' title='bbox 3251 3444 3364 3494; x_wconf 80' lang='grc' dir='ltr'>κατ’</span> <span class='ocrx_word' id='word_1_646' title='bbox 3414 3441 3674 3495; x_wconf 80' lang='grc' dir='ltr'>εὐσέϐειαν</span> <span class='ocrx_word' id='word_1_647' title='bbox 3727 3443 3873 3514; x_wconf 76' lang='grc' dir='ltr'>λόγῳ</span> 
     </span>
    </p>
   </div>
   <div class='ocr_carea' id='block_1_88' title="bbox 2255 3531 3872 3606">
    <p class='ocr_par' dir='ltr' id='par_1_88' title="bbox 2255 3531 3872 3606">
     <span class='ocr_line' id='line_1_88' title="bbox 2255 3531 3872 3606; baseline 0 -24"><span class='ocrx_word' id='word_1_648' title='bbox 2255 3531 2564 3606; x_wconf 79' lang='grc' dir='ltr'>ἐπιπροσθεῖ</span> <span class='ocrx_word' id='word_1_649' title='bbox 2604 3551 2658 3584; x_wconf 88' lang='grc' dir='ltr'>τε</span> <span class='ocrx_word' id='word_1_650' title='bbox 2704 3537 2792 3583; x_wconf 85' lang='grc' dir='ltr'>καὶ</span> <span class='ocrx_word' id='word_1_651' title='bbox 2843 3531 3210 3594; x_wconf 82' lang='grc' dir='ltr'>καταληῖζεται</span> <span class='ocrx_word' id='word_1_652' title='bbox 3257 3536 3322 3584; x_wconf 83' lang='grc' dir='ltr'>τά</span> <span class='ocrx_word' id='word_1_653' title='bbox 3361 3534 3597 3604; x_wconf 84' lang='grc' dir='ltr'>αἱρετικά</span> <span class='ocrx_word' id='word_1_654' title='bbox 3637 3536 3729 3583; x_wconf 85' lang='grc' dir='ltr'>καὶ</span> <span class='ocrx_word' id='word_1_655' title='bbox 3770 3551 3872 3582; x_wconf 81' lang='grc' dir='ltr'>πα-</span> 
     </span>
    </p>
   </div>
   <div class='ocr_carea' id='block_1_89' title="bbox 2253 3617 3866 3694">
    <p class='ocr_par' dir='ltr' id='par_1_89' title="bbox 2253 3617 3866 3694">
     <span class='ocr_line' id='line_1_89' title="bbox 2253 3617 3866 3694; baseline 0.001 -23"><span class='ocrx_word' id='word_1_656' title='bbox 2253 3621 2494 3693; x_wconf 73' lang='grc' dir='ltr'>λίμφημα</span> <span class='ocrx_word' id='word_1_657' title='bbox 2533 3629 2630 3672; x_wconf 80' lang='grc' dir='ltr'>τῶν</span> <span class='ocrx_word' id='word_1_658' title='bbox 2663 3617 3056 3672; x_wconf 72' lang='grc' dir='ltr'>δυσσεϐούντων</span> <span class='ocrx_word' id='word_1_659' title='bbox 3088 3617 3334 3693; x_wconf 88' lang='grc' dir='ltr'>δόγματα</span> <span class='ocrx_word' id='word_1_660' title='bbox 3378 3626 3468 3673; x_wconf 84' lang='grc' dir='ltr'>καὶ</span> <span class='ocrx_word' id='word_1_661' title='bbox 3513 3626 3828 3694; x_wconf 72' lang='grc' dir='ltr'>φρονήματα</span> <span class='ocrx_word' id='word_1_662' title='bbox 3853 3639 3866 3650; x_wconf 75' lang='grc'><strong><em>⁸</em></strong></span> 
     </span>
    </p>
   </div>
   <div class='ocr_carea' id='block_1_90' title="bbox 2255 3707 3874 3782">
    <p class='ocr_par' dir='ltr' id='par_1_90' title="bbox 2255 3707 3874 3782">
     <span class='ocr_line' id='line_1_90' title="bbox 2255 3707 3874 3782; baseline 0 -21"><span class='ocrx_word' id='word_1_663' title='bbox 2255 3711 2398 3782; x_wconf 85' lang='grc' dir='ltr'>οἷπερ</span> <span class='ocrx_word' id='word_1_664' title='bbox 2444 3709 2496 3772; x_wconf 84' lang='grc' dir='ltr'>ἐξ</span> <span class='ocrx_word' id='word_1_665' title='bbox 2543 3708 2714 3782; x_wconf 83' lang='grc' dir='ltr'>ἀρχῆς</span> <span class='ocrx_word' id='word_1_666' title='bbox 2759 3717 2870 3770; x_wconf 88' lang='grc' dir='ltr'>ταῖς</span> <span class='ocrx_word' id='word_1_667' title='bbox 2907 3717 3160 3782; x_wconf 86' lang='grc' dir='ltr'>πονηραῖς</span> <span class='ocrx_word' id='word_1_668' title='bbox 3215 3710 3382 3762; x_wconf 83' lang='grc' dir='ltr'>αὐτῶν</span> <span class='ocrx_word' id='word_1_669' title='bbox 3432 3707 3694 3771; x_wconf 81' lang='grc' dir='ltr'>διανοίαις</span> <span class='ocrx_word' id='word_1_670' title='bbox 3735 3709 3874 3762; x_wconf 83' lang='grc' dir='ltr'>συλ-</span> 
     </span>
    </p>
   </div>
   <div class='ocr_carea' id='block_1_91' title="bbox 2253 3795 3873 3871">
    <p class='ocr_par' dir='ltr' id='par_1_91' title="bbox 2253 3795 3873 3871">
     <span class='ocr_line' id='line_1_91' title="bbox 2253 3795 3873 3871; baseline 0.001 -21"><span class='ocrx_word' id='word_1_671' title='bbox 2253 3797 2488 3860; x_wconf 70' lang='grc' dir='ltr'>λαϐόντες</span> <span class='ocrx_word' id='word_1_672' title='bbox 2529 3798 2662 3850; x_wconf 89' lang='grc' dir='ltr'>αὐτά</span> <span class='ocrx_word' id='word_1_673' title='bbox 2704 3802 2790 3850; x_wconf 83' lang='grc' dir='ltr'>καὶ</span> <span class='ocrx_word' id='word_1_674' title='bbox 2838 3797 3168 3860; x_wconf 86' lang='grc' dir='ltr'>ἀποτεκόντες</span> <span class='ocrx_word' id='word_1_675' title='bbox 3220 3799 3312 3850; x_wconf 83' lang='grc' dir='ltr'>οὐκ</span> <span class='ocrx_word' id='word_1_676' title='bbox 3366 3798 3420 3862; x_wconf 78' lang='grc' dir='ltr'><strong>ἐξ</strong></span> <span class='ocrx_word' id='word_1_677' title='bbox 3458 3798 3690 3871; x_wconf 84' lang='grc' dir='ltr'>ἀνάγκης</span> <span class='ocrx_word' id='word_1_678' title='bbox 3739 3795 3873 3852; x_wconf 75' lang='grc' dir='ltr'>οὐδὲ</span> 
     </span>
    </p>
   </div>
   <div class='ocr_carea' id='block_1_92' title="bbox 2256 3883 3874 3960">
    <p class='ocr_par' dir='ltr' id='par_1_92' title="bbox 2256 3883 3874 3960">
     <span class='ocr_line' id='line_1_92' title="bbox 2256 3883 3874 3960; baseline 0.001 -22"><span class='ocrx_word' id='word_1_679' title='bbox 2256 3885 2373 3960; x_wconf 79' lang='grc' dir='ltr'>βίᾳ,</span> <span class='ocrx_word' id='word_1_680' title='bbox 2426 3887 2757 3946; x_wconf 81' lang='grc' dir='ltr'>ἐκουσιότητι</span> <span class='ocrx_word' id='word_1_681' title='bbox 2814 3883 2872 3940; x_wconf 72' lang='grc' dir='ltr'>δὲ</span> <span class='ocrx_word' id='word_1_682' title='bbox 2930 3885 3126 3959; x_wconf 81' lang='grc' dir='ltr'>βουλῆς</span> <span class='ocrx_word' id='word_1_683' title='bbox 3177 3907 3230 3939; x_wconf 90' lang='grc' dir='ltr'>τε</span> <span class='ocrx_word' id='word_1_684' title='bbox 3266 3892 3356 3939; x_wconf 82' lang='grc' dir='ltr'>καὶ</span> <span class='ocrx_word' id='word_1_685' title='bbox 3393 3894 3620 3960; x_wconf 82' lang='grc' dir='ltr'>γνώμης,</span> <span class='ocrx_word' id='word_1_686' title='bbox 3663 3889 3761 3950; x_wconf 87' lang='grc' dir='ltr'>τάς</span> <span class='ocrx_word' id='word_1_687' title='bbox 3814 3908 3874 3940; x_wconf 90' lang='grc' dir='ltr'>τε</span> 
     </span>
    </p>
   </div>
   <div class='ocr_carea' id='block_1_93' title="bbox 2251 3972 3874 4048">
    <p class='ocr_par' dir='ltr' id='par_1_93' title="bbox 2251 3972 3874 4048">
     <span class='ocr_line' id='line_1_93' title="bbox 2251 3972 3874 4048; baseline 0.001 -20"><span class='ocrx_word' id='word_1_688' title='bbox 2251 3984 2350 4028; x_wconf 87' lang='grc' dir='ltr'>τῶν</span> <span class='ocrx_word' id='word_1_689' title='bbox 2402 3975 2620 4033; x_wconf 88' lang='grc' dir='ltr'>πλησίον</span> <span class='ocrx_word' id='word_1_690' title='bbox 2680 3974 2838 4038; x_wconf 81' lang='grc' dir='ltr'>ἀκοὰς</span> <span class='ocrx_word' id='word_1_691' title='bbox 2889 3983 2986 4036; x_wconf 82' lang='grc' dir='ltr'>τῆς</span> <span class='ocrx_word' id='word_1_692' title='bbox 3043 3972 3352 4048; x_wconf 78' lang='grc' dir='ltr'>δυσφημίας</span> <span class='ocrx_word' id='word_1_693' title='bbox 3410 3975 3718 4044; x_wconf 72' lang='grc' dir='ltr'>ἐνέπλησαν,</span> <span class='ocrx_word' id='word_1_694' title='bbox 3777 3981 3874 4030; x_wconf 86' lang='lat' dir='ltr'>xui</span> 
     </span>
    </p>
   </div>
   <div class='ocr_carea' id='block_1_94' title="bbox 2254 4059 3872 4138">
    <p class='ocr_par' dir='ltr' id='par_1_94' title="bbox 2254 4059 3872 4138">
     <span class='ocr_line' id='line_1_94' title="bbox 2254 4059 3872 4138; baseline 0.002 -23"><span class='ocrx_word' id='word_1_695' title='bbox 2254 4063 2306 4128; x_wconf 79' lang='grc' dir='ltr'><strong>ἐξ</strong></span> <span class='ocrx_word' id='word_1_696' title='bbox 2361 4062 2594 4134; x_wconf 85' lang='grc' dir='ltr'>ἀνάγκης</span> <span class='ocrx_word' id='word_1_697' title='bbox 2651 4059 2723 4116; x_wconf 89' lang='grc' dir='ltr'>δι’</span> <span class='ocrx_word' id='word_1_698' title='bbox 2773 4063 2966 4116; x_wconf 81' lang='grc' dir='ltr'>ἑαυτῶν</span> <span class='ocrx_word' id='word_1_699' title='bbox 3017 4083 3072 4116; x_wconf 86' lang='grc' dir='ltr'>τε</span> <span class='ocrx_word' id='word_1_700' title='bbox 3115 4069 3204 4116; x_wconf 81' lang='grc' dir='ltr'>καὶ</span> <span class='ocrx_word' id='word_1_701' title='bbox 3263 4073 3359 4116; x_wconf 84' lang='grc' dir='ltr'>τῶν</span> <span class='ocrx_word' id='word_1_702' title='bbox 3423 4061 3872 4138; x_wconf 77' lang='grc' dir='ltr'>παραδεξαμένων</span> 
     </span>
    </p>
   </div>
   <div class='ocr_carea' id='block_1_95' title="bbox 2253 4150 3867 4228">
    <p class='ocr_par' dir='ltr' id='par_1_95' title="bbox 2253 4150 3867 4228">
     <span class='ocr_line' id='line_1_95' title="bbox 2253 4150 3867 4228; baseline 0 -22"><span class='ocrx_word' id='word_1_703' title='bbox 2253 4153 2323 4214; x_wconf 85' lang='grc' dir='ltr'>εἰς</span> <span class='ocrx_word' id='word_1_704' title='bbox 2370 4155 2458 4204; x_wconf 85' lang='grc' dir='ltr'>τόν</span> <span class='ocrx_word' id='word_1_705' title='bbox 2509 4157 2704 4225; x_wconf 89' lang='grc' dir='ltr'>κόσμον</span> <span class='ocrx_word' id='word_1_706' title='bbox 2753 4151 2912 4205; x_wconf 83' lang='grc' dir='ltr'>ἐλθεῖν</span> <span class='ocrx_word' id='word_1_707' title='bbox 2965 4155 3030 4205; x_wconf 84' lang='grc' dir='ltr'>τὰ</span> <span class='ocrx_word' id='word_1_708' title='bbox 3083 4150 3354 4206; x_wconf 84' lang='grc' dir='ltr'>σκάνδαλα</span> <span class='ocrx_word' id='word_1_709' title='bbox 3411 4156 3818 4228; x_wconf 83' lang='grc' dir='ltr'>παρεσκεύασαν</span> <span class='ocrx_word' id='word_1_710' title='bbox 3854 4174 3867 4188; x_wconf 88' lang='grc'><strong>·</strong></span> 
     </span>
    </p>
   </div>
   <div class='ocr_carea' id='block_1_96' title="bbox 2252 4237 3873 4316">
    <p class='ocr_par' dir='ltr' id='par_1_96' title="bbox 2252 4237 3873 4316">
     <span class='ocr_line' id='line_1_96' title="bbox 2252 4237 3873 4316; baseline 0.001 -23"><span class='ocrx_word' id='word_1_711' title='bbox 2252 4243 2330 4303; x_wconf 86' lang='grc' dir='ltr'>οἷς</span> <span class='ocrx_word' id='word_1_712' title='bbox 2371 4245 2461 4293; x_wconf 83' lang='grc' dir='ltr'>καὶ</span> <span class='ocrx_word' id='word_1_713' title='bbox 2507 4244 2566 4292; x_wconf 86' lang='grc' dir='ltr'>τό</span> <span class='ocrx_word' id='word_1_714' title='bbox 2614 4241 2753 4304; x_wconf 80' lang='grc' dir='ltr'>οὐαὶ,</span> <span class='ocrx_word' id='word_1_715' title='bbox 2799 4237 3074 4312; x_wconf 85' lang='grc' dir='ltr'>ἀδεκάστῳ</span> <span class='ocrx_word' id='word_1_716' title='bbox 3113 4247 3286 4316; x_wconf 84' lang='grc' dir='ltr'>κρίσει</span> <span class='ocrx_word' id='word_1_717' title='bbox 3329 4243 3359 4299; x_wconf 81' lang='grc' dir='ltr'>ἡ</span> <span class='ocrx_word' id='word_1_718' title='bbox 3416 4243 3530 4294; x_wconf 86' lang='grc' dir='ltr'>θεία</span> <span class='ocrx_word' id='word_1_719' title='bbox 3557 4241 3739 4314; x_wconf 68' lang='grc' dir='ltr'>ψῆφος</span> <span class='ocrx_word' id='word_1_720' title='bbox 3782 4241 3873 4295; x_wconf 71' lang='grc' dir='ltr'>ἕπ-</span> 
     </span>
    </p>
   </div>
   <div class='ocr_carea' id='block_1_97' title="bbox 2252 4328 3871 4404">
    <p class='ocr_par' dir='ltr' id='par_1_97' title="bbox 2252 4328 3871 4404">
     <span class='ocr_line' id='line_1_97' title="bbox 2252 4328 3871 4404; baseline 0.002 -23"><span class='ocrx_word' id='word_1_721' title='bbox 2252 4334 2469 4402; x_wconf 78' lang='grc' dir='ltr'>αφίησιν</span> <span class='ocrx_word' id='word_1_722' title='bbox 2528 4329 2738 4391; x_wconf 78' lang='grc' dir='ltr'>ἑαυτούς</span> <span class='ocrx_word' id='word_1_723' title='bbox 2783 4328 3024 4392; x_wconf 83' lang='grc' dir='ltr'>ἀναξίους</span> <span class='ocrx_word' id='word_1_724' title='bbox 3070 4334 3493 4404; x_wconf 88' lang='grc' dir='ltr'>παρεσκευακόσι</span> <span class='ocrx_word' id='word_1_725' title='bbox 3543 4334 3742 4392; x_wconf 83' lang='grc' dir='ltr'>παντὸς</span> <span class='ocrx_word' id='word_1_726' title='bbox 3794 4332 3871 4384; x_wconf 84' lang='grc' dir='ltr'>οἰ-</span> 
     </span>
    </p>
   </div>
   <div class='ocr_carea' id='block_1_98' title="bbox 2249 4417 3872 4492">
    <p class='ocr_par' dir='ltr' id='par_1_98' title="bbox 2249 4417 3872 4492">
     <span class='ocr_line' id='line_1_98' title="bbox 2249 4417 3872 4492; baseline 0.003 -24"><span class='ocrx_word' id='word_1_727' title='bbox 2249 4425 2491 4492; x_wconf 85' lang='grc' dir='ltr'>κτιρμοῦ,</span> <span class='ocrx_word' id='word_1_728' title='bbox 2542 4419 2610 4480; x_wconf 80' lang='grc' dir='ltr'>ὥς</span> <span class='ocrx_word' id='word_1_729' title='bbox 2652 4437 2752 4470; x_wconf 90' lang='grc' dir='ltr'>που</span> <span class='ocrx_word' id='word_1_730' title='bbox 2796 4422 2886 4470; x_wconf 81' lang='grc' dir='ltr'>καὶ</span> <span class='ocrx_word' id='word_1_731' title='bbox 2925 4417 3183 4490; x_wconf 84' lang='grc' dir='ltr'>ἀλλαχόθι</span> <span class='ocrx_word' id='word_1_732' title='bbox 3232 4424 3391 4491; x_wconf 77' lang='grc' dir='ltr'>φησὶν</span> <span class='ocrx_word' id='word_1_733' title='bbox 3428 4421 3508 4471; x_wconf 87' lang='grc' dir='ltr'>ὅτι</span> <span class='ocrx_word' id='word_1_734' title='bbox 3545 4427 3655 4481; x_wconf 87' lang='grc' dir='ltr'>τοῖς</span> <span class='ocrx_word' id='word_1_735' title='bbox 3696 4423 3872 4473; x_wconf 86' lang='grc' dir='ltr'>τοιού-</span> 
     </span>
    </p>
   </div>
   <div class='ocr_carea' id='block_1_99' title="bbox 2248 4502 3873 4583">
    <p class='ocr_par' dir='ltr' id='par_1_99' title="bbox 2248 4502 3873 4583">
     <span class='ocr_line' id='line_1_99' title="bbox 2248 4502 3873 4583; baseline 0.002 -26"><span class='ocrx_word' id='word_1_736' title='bbox 2248 4524 2358 4566; x_wconf 89' lang='grc' dir='ltr'>τοις</span> <span class='ocrx_word' id='word_1_737' title='bbox 2411 4510 2658 4580; x_wconf 73' lang='grc' dir='ltr'>συμφέρει</span> <span class='ocrx_word' id='word_1_738' title='bbox 2707 4508 2789 4558; x_wconf 85' lang='grc' dir='ltr'>ίνα</span> <span class='ocrx_word' id='word_1_739' title='bbox 2827 4506 2988 4580; x_wconf 89' lang='grc' dir='ltr'>μύλος</span> <span class='ocrx_word' id='word_1_740' title='bbox 3036 4509 3206 4570; x_wconf 87' lang='grc' dir='ltr'>όνικός</span> <span class='ocrx_word' id='word_1_741' title='bbox 3247 4502 3372 4580; x_wconf 73' lang='grc' dir='ltr'>δεθῇ</span> <span class='ocrx_word' id='word_1_742' title='bbox 3423 4512 3539 4580; x_wconf 76' lang='grc' dir='ltr'>περὶ</span> <span class='ocrx_word' id='word_1_743' title='bbox 3595 4512 3684 4561; x_wconf 87' lang='grc' dir='ltr'>τὸν</span> <span class='ocrx_word' id='word_1_744' title='bbox 3746 4513 3873 4583; x_wconf 79' lang='grc' dir='ltr'>τράο</span> 
     </span>
    </p>
   </div>
   <div class='ocr_carea' id='block_1_100' title="bbox 2247 4594 3865 4671">
    <p class='ocr_par' dir='ltr' id='par_1_100' title="bbox 2247 4594 3865 4671">
     <span class='ocr_line' id='line_1_100' title="bbox 2247 4594 3865 4671; baseline 0.004 -25"><span class='ocrx_word' id='word_1_745' title='bbox 2247 4594 2413 4667; x_wconf 77' lang='grc' dir='ltr'>χηλον</span> <span class='ocrx_word' id='word_1_746' title='bbox 2475 4595 2660 4661; x_wconf 82' lang='grc' dir='ltr'>αὐτῶν,</span> <span class='ocrx_word' id='word_1_747' title='bbox 2725 4601 2812 4648; x_wconf 82' lang='grc' dir='ltr'>καὶ</span> <span class='ocrx_word' id='word_1_748' title='bbox 2883 4595 3239 4671; x_wconf 66' lang='grc' dir='ltr'>ἀπορραγῶσιν</span> <span class='ocrx_word' id='word_1_749' title='bbox 3279 4597 3349 4660; x_wconf 81' lang='grc' dir='ltr'>εἰς</span> <span class='ocrx_word' id='word_1_750' title='bbox 3410 4601 3505 4656; x_wconf 80' lang='grc' dir='ltr'>τὴν</span> <span class='ocrx_word' id='word_1_751' title='bbox 3562 4597 3865 4652; x_wconf 86' lang='grc' dir='ltr'>θάλασσαν.</span> 
     </span>
    </p>
   </div>
   <div class='ocr_carea' id='block_1_101' title="bbox 2249 4682 3870 4760">
    <p class='ocr_par' dir='ltr' id='par_1_101' title="bbox 2249 4682 3870 4760">
     <span class='ocr_line' id='line_1_101' title="bbox 2249 4682 3870 4760; baseline 0.002 -23"><span class='ocrx_word' id='word_1_752' title='bbox 2249 4683 2473 4737; x_wconf 77' lang='grc' dir='ltr'>Λελυται</span> <span class='ocrx_word' id='word_1_753' title='bbox 2511 4689 2680 4737; x_wconf 90' lang='grc' dir='ltr'>τοίνυν</span> <span class='ocrx_word' id='word_1_754' title='bbox 2720 4684 2913 4760; x_wconf 88' lang='grc' dir='ltr'>ἀπορία</span> <span class='ocrx_word' id='word_1_755' title='bbox 2951 4684 3004 4748; x_wconf 88' lang='grc' dir='ltr'>ἐξ</span> <span class='ocrx_word' id='word_1_756' title='bbox 3033 4686 3100 4737; x_wconf 82' lang='grc' dir='ltr'>ὧν</span> <span class='ocrx_word' id='word_1_757' title='bbox 3128 4682 3298 4738; x_wconf 79' lang='grc' dir='ltr'>ἐδόκει</span> <span class='ocrx_word' id='word_1_758' title='bbox 3327 4688 3683 4760; x_wconf 87' lang='grc' dir='ltr'>κρατύνεσθαι</span> <span class='ocrx_word' id='word_1_759' title='bbox 3715 4705 3727 4716; x_wconf 90' lang='grc'><strong>·</strong></span> <span class='ocrx_word' id='word_1_760' title='bbox 3773 4693 3870 4740; x_wconf 88' lang='grc' dir='ltr'>καὶ</span> 
     </span>
    </p>
   </div>
   <div class='ocr_carea' id='block_1_102' title="bbox 483 4769 3869 4851">
    <p class='ocr_par' dir='ltr' id='par_1_102' title="bbox 483 4769 3869 4851">
     <span class='ocr_line' id='line_1_102' title="bbox 483 4769 3869 4851; baseline 0.002 -28"><span class='ocrx_word' id='word_1_761' title='bbox 483 4770 587 4843; x_wconf 83' lang='grc' dir='ltr'>οὐχ</span> <span class='ocrx_word' id='word_1_762' title='bbox 617 4773 643 4823; x_wconf 89' lang='grc' dir='ltr'>ὁ</span> <span class='ocrx_word' id='word_1_763' title='bbox 669 4770 913 4844; x_wconf 81' lang='grc' dir='ltr'>βιασθεὶς</span> <span class='ocrx_word' id='word_1_764' title='bbox 942 4773 1057 4843; x_wconf 77' lang='grc' dir='ltr'>ἔχει</span> <span class='ocrx_word' id='word_1_765' title='bbox 1083 4775 1177 4829; x_wconf 83' lang='grc' dir='ltr'>τὴν</span> <span class='ocrx_word' id='word_1_766' title='bbox 1206 4769 1356 4844; x_wconf 78' lang='grc' dir='ltr'>ἀρὰν,</span> <span class='ocrx_word' id='word_1_767' title='bbox 1383 4770 1492 4824; x_wconf 89' lang='grc' dir='ltr'>ἀλλ’</span> <span class='ocrx_word' id='word_1_768' title='bbox 1518 4773 1544 4824; x_wconf 88' lang='grc' dir='ltr'><strong><em>ὁ</em></strong></span> <span class='ocrx_word' id='word_1_769' title='bbox 1573 4781 1672 4825; x_wconf 85' lang='grc' dir='ltr'>τῶν</span> <span class='ocrx_word' id='word_1_770' title='bbox 1703 4769 2006 4826; x_wconf 85' lang='grc' dir='ltr'>σκανδάλων</span> <span class='ocrx_word' id='word_1_771' title='bbox 2036 4773 2316 4848; x_wconf 82' lang='grc' dir='ltr'>προϐολεὺς</span> <span class='ocrx_word' id='word_1_772' title='bbox 2361 4771 2434 4826; x_wconf 88' lang='grc' dir='ltr'>δι’</span> <span class='ocrx_word' id='word_1_773' title='bbox 2460 4774 2522 4826; x_wconf 77' lang='grc' dir='ltr'>εὖ</span> <span class='ocrx_word' id='word_1_774' title='bbox 2559 4773 2750 4847; x_wconf 79' lang='grc' dir='ltr'>προέϐη</span> <span class='ocrx_word' id='word_1_775' title='bbox 2784 4777 2849 4827; x_wconf 86' lang='grc' dir='ltr'>τὰ</span> <span class='ocrx_word' id='word_1_776' title='bbox 2889 4771 3160 4828; x_wconf 82' lang='grc' dir='ltr'>σκάνδαλα</span> <span class='ocrx_word' id='word_1_777' title='bbox 3183 4792 3194 4804; x_wconf 86' lang='grc'><strong>·</strong></span> <span class='ocrx_word' id='word_1_778' title='bbox 3227 4777 3411 4828; x_wconf 83' lang='grc' dir='ltr'>τούτου</span> <span class='ocrx_word' id='word_1_779' title='bbox 3441 4777 3544 4849; x_wconf 80' lang='grc' dir='ltr'>γὰρ</span> <span class='ocrx_word' id='word_1_780' title='bbox 3575 4777 3869 4851; x_wconf 78' lang='grc' dir='ltr'>προϐαλλο-</span> 
     </span>
    </p>
   </div>
   <div class='ocr_carea' id='block_1_103' title="bbox 481 4857 2852 4936">
    <p class='ocr_par' dir='ltr' id='par_1_103' title="bbox 481 4857 2852 4936">
     <span class='ocr_line' id='line_1_103' title="bbox 481 4857 2852 4936; baseline 0.001 -22"><span class='ocrx_word' id='word_1_781' title='bbox 481 4864 657 4933; x_wconf 80' lang='grc' dir='ltr'>μένου,</span> <span class='ocrx_word' id='word_1_782' title='bbox 695 4859 750 4922; x_wconf 79' lang='grc' dir='ltr'>ίξ</span> <span class='ocrx_word' id='word_1_783' title='bbox 776 4858 1010 4931; x_wconf 88' lang='grc' dir='ltr'>ἀνάγκης</span> <span class='ocrx_word' id='word_1_784' title='bbox 1036 4859 1216 4912; x_wconf 88' lang='grc' dir='ltr'>λοιπὸν</span> <span class='ocrx_word' id='word_1_785' title='bbox 1238 4857 1483 4933; x_wconf 77' lang='grc' dir='ltr'>ἐπιδημεῖ</span> <span class='ocrx_word' id='word_1_786' title='bbox 1505 4881 1561 4915; x_wconf 91' lang='grc' dir='ltr'>τε</span> <span class='ocrx_word' id='word_1_787' title='bbox 1589 4867 1679 4916; x_wconf 84' lang='grc' dir='ltr'>καὶ</span> <span class='ocrx_word' id='word_1_788' title='bbox 1709 4860 2132 4936; x_wconf 72' lang='grc' dir='ltr'>παρρησιάζεται</span> <span class='ocrx_word' id='word_1_789' title='bbox 2157 4870 2230 4934; x_wconf 82' lang='grc' dir='ltr'>τῷ</span> <span class='ocrx_word' id='word_1_790' title='bbox 2255 4867 2439 4936; x_wconf 84' lang='grc' dir='ltr'>κόσμῳ</span> <span class='ocrx_word' id='word_1_791' title='bbox 2460 4864 2526 4916; x_wconf 80' lang='grc' dir='ltr'>τὰ</span> <span class='ocrx_word' id='word_1_792' title='bbox 2559 4859 2852 4918; x_wconf 87' lang='grc' dir='ltr'>σκάνδαλα.</span> 
     </span>
    </p>
   </div>
  </div>
