4086 6190
513 249 618 306 107

1736 246 1975 302 PHOTH
2020 231 2504 301 PATHIAHCHIE
2543 243 2658 299 ΟΡ.

3772 246 3874 300 108

509 375 726 433 latroni
753 378 1045 447 tanquam
1079 375 1426 446 prmludium
1453 373 1970 442 arrhabonemque
2000 370 2160 440 regni

2277 371 2495 422 νέσθαιο
2547 372 2638 421 καὶ
2686 367 2935 440 λαμϐάνει
2995 367 3172 420 λοιπόν
3217 371 3310 426 τήν
3358 369 3406 419 ἐν
3450 363 3758 442 παραδείσῳ
3792 365 3881 422 δι-

511 464 798 522 cmlorum
826 463 1036 520 datum
1062 464 1232 530 dicat,
1270 479 1466 536 neque
1501 479 1636 518 eum
1669 460 1954 534 praedicto
1983 475 2166 529 regno

509 553 830 611 cariturum
851 551 992 617 ;ista
1007 550 1253 624 quidem
1276 552 1481 624 opinio
1497 551 1710 608 rationi
1730 549 1975 606 minime
1995 564 2161 620 repu-

509 646 693 716 gnat:
722 657 848 697 rem
883 644 1081 697 autem
1118 641 1179 697 in
1226 640 1535 697 communi
1581 639 1856 696 omnium
1898 653 2166 694 resurre-

509 733 700 788 ctione
715 746 783 786 ac
799 730 1029 802 judicio
1054 734 1319 802 actaque
1339 730 1475 786 vitae
1493 728 1974 785 remuneratione
1993 742 2164 783 accu-

507 821 692 878 ratius
723 834 1177 890 cognoscemus.
1209 819 1439 876 lnterim
1473 819 1599 875 haec
1631 817 1688 874 in
1719 816 1940 888 judicis
1964 820 2162 872 mente

508 911 720 967 latent.

2279 465 2509 530 ἀγωγην,
2567 461 2627 517 ην
2682 460 2730 510 οἱ
2800 465 2892 510 τοῦ
2944 462 3123 529 γένους
3172 458 3316 530 ἡμῶν
3371 455 3668 528 ἀρχηγέται
3717 463 3878 530 μήπω

2277 555 2372 609 τῆς
2423 545 2623 607 ἐντολῆς
2653 545 2951 608 ἐκπεσόντες
2997 542 3364 619 διεκληροῦντο
3412 546 3542 616 (30⁷)
3585 562 3596 575 ⁸
3627 545 3672 598 εἰ
3702 543 3761 599 δὲ
3799 567 3880 608 τις

2274 639 2361 688 τόν
2421 631 2743 710 παράδεισον
2817 635 2956 705 αὐτῷ
3035 636 3187 687 οἱονεί
3260 653 3377 686 τινα
3431 639 3881 707 προοιμιαζόμενα

2276 721 2424 799 δῶρα
2469 730 2558 777 καὶ
2605 723 2878 800 ἀρραϐῶνα
2920 732 3011 784 τῆς
3059 732 3157 776 τῶν
3207 723 3435 798 οὐρανῶν
3485 722 3762 796 βασιλείας
3802 725 3881 778 λέ-

2272 833 2356 886 γοι
2409 809 2685 884 δεδόσθαι,
2727 812 2821 865 οὐκ
2861 812 3235 875 ἀποτεύξεσθαί
3289 809 3348 865 δί
3401 811 3557 865 αὐτὸν
3606 809 3731 866 οὐδὲ
3782 823 3880 877 τῆς

2273 911 2371 956 τῶν
2427 902 2655 979 οὐρανῶν
2713 901 3006 975 βασιλείας,
3048 908 3201 954 τοῦτο
3251 897 3317 959 δὴ
3382 909 3535 954 τοῦτο
3591 898 3744 954 οὖδεν
3785 907 3876 975 μὲν

509 998 635 1062 ὅλως
660 1000 892 1071 μάχεται
915 997 1139 1070 τῷλόγῳ
1165 1015 1177 1028 ·
1210 996 1398 1071 μᾶλλον
1435 994 1470 1049 δ
1473 1000 1493 1050 ε
1519 995 1566 1048 ἐν
1594 1005 1654 1069 τῇ
1689 1004 1831 1069 κοινῇ
1866 996 2068 1050 πάντων
2100 993 2386 1046 ἀναστάσει
2414 1011 2467 1046 τε
2495 997 2585 1044 καὶ
2617 988 2882 1066 διακρίσει
2910 995 2998 1043 καὶ
3020 999 3118 1042 τῶν
3147 989 3471 1063 βεϐιωμένων
3498 988 3873 1056 ἀνταποδόσει,

511 1088 753 1161 εἰσόμεθα
782 1085 1142 1161 ἀκριϐέστερον
1165 1087 1276 1158 (31)
1310 1106 1323 1119 ·
1367 1089 1431 1139 τά
1455 1094 1542 1138 νῦν
1570 1082 1628 1139 δε
1659 1086 1820 1138 αὐτοῦ
1860 1085 1918 1136 ἂν
1950 1089 2027 1142 εἰη
2060 1083 2438 1147 ἐξεπίστασθαι
2471 1088 2562 1133 τοῦ
2593 1088 2794 1154 κριτοῦ.

582 1182 632 1233 3.
669 1176 776 1233 Sed
807 1177 966 1232 enim
999 1177 1136 1233 Mosi
1171 1175 1334 1233 nulla
1366 1177 1681 1232 necessitas
1723 1190 2018 1245 scopusve
2059 1173 2160 1228 ad-

509 1271 653 1331 erat,
670 1281 774 1322 cur
789 1265 1067 1321 caelorum
1085 1281 1327 1335 regnum
1344 1264 1943 1321 manifestaret.Porro
1961 1263 2157 1328 multa,

509 1360 568 1410 ut
599 1355 872 1418 diximus,
903 1370 1039 1428 quae
1087 1370 1337 1410 sensum
1377 1353 1766 1421 excedebant,
1809 1351 1954 1408 dum
1996 1351 2158 1408 orbis

508 1443 674 1499 initia
697 1443 998 1506 scriberet,
1041 1443 1437 1516 praetermisit.
1481 1444 1609 1497 lam
1645 1442 1691 1496 si
1724 1441 1859 1514 quis
1890 1441 2036 1497 forte
2076 1441 2162 1496 di-

509 1549 632 1589 cere
656 1532 810 1598 velit,
827 1533 1080 1602 iigurate
1095 1547 1203 1588 nec
1224 1532 1348 1587 sine
1371 1531 1898 1602 aanigmateipsum
1921 1545 2160 1602 quoque

507 1637 759 1691 regnum
792 1621 1077 1676 cmlorum
1106 1637 1138 1674 a
1161 1622 1316 1676 Mose
1340 1619 1680 1685 innui,dum
1707 1620 1790 1674 ait
1818 1639 1828 1678 :
1855 1641 1882 1669 «
1914 1620 1976 1674 ln
2007 1621 2162 1691 prin—
2197 1649 2240 1704 Β

507 1711 660 1783 cipio
691 1709 826 1766 fecit
867 1709 1020 1764 Deus
1060 1709 1278 1765 calum
1317 1715 1372 1766 et
1419 1713 1634 1765 terram
1665 1710 1714 1744 7°
1747 1726 1759 1774 ;
1813 1729 1838 1760 ››
1868 1708 2006 1764 huic
2054 1723 2163 1764 nos

508 1814 893 1871 nequaquam
926 1797 1398 1853 adversabimur.
1421 1799 1626 1871 Neque
1647 1798 1804 1854 enim
1833 1797 1953 1852 ullo
1982 1796 2162 1853 modo

507 1887 883 1943 afﬁrmamus
909 1889 1146 1953 Mosem,
1169 1886 1272 1958 qui
1305 1891 1470 1942 tanto
1511 1885 1779 1958 prodigio
1809 1885 2026 1957 dignus
2059 1884 2164 1941 fuit

507 1981 572 2032 ut
604 1979 787 2032 Deum
832 1976 1029 2048 ipsum
1079 1975 1472 2048 conspexerit,
1517 1990 1643 2031 rem
1683 1974 1861 2031 talem
1901 1975 2161 2047 tantique

506 2065 728 2136 negotii
776 2064 1186 2137 ignoravisse:
1232 2080 1444 2121 verum
1488 2079 1578 2129 ea,
1615 2080 1750 2137 quae
1801 2063 1970 2120 multi
2013 2063 2162 2120 ferre

507 2154 774 2210 nondum
797 2155 1094 2224 poterant,
1119 2153 1422 2220 reticebat,
1453 2153 1740 2226 vulgique
1776 2152 2020 2209 auribus
2046 2153 2162 2208 ine-

506 2243 719 2299 ruditis
744 2242 912 2298 valde
928 2241 1214 2314 parcebat
1238 2261 1250 2300 :
1275 2242 1508 2299 interim
1527 2243 1672 2298 dum
1693 2242 1922 2298 semina
1937 2243 2165 2315 aliquot

507 2333 568 2388 in
595 2331 974 2388 sublimiores
1005 2331 1510 2404 perfectioresque
1535 2335 1761 2388 mentes
1781 2331 2163 2402 immittebat,

510 2435 730 2494 easque
760 2419 1070 2475 altioribus
1101 2435 1171 2476 ac
1215 2420 1683 2476 mirabilioribus
1723 2420 2165 2491 contemplatio-

510 2509 689 2563 nibus
715 2507 961 2563 fortasse
989 2507 1277 2564 initiabat.
1300 2509 1632 2579 PrOpterea,
1652 2509 1838 2574 aiunt,
1863 2509 2006 2564 dum
2037 2525 2167 2565 sen-

513 2596 696 2652 sibilis
727 2596 934 2651 mundi
967 2596 1327 2652 creationem
1358 2596 1585 2662 scribit,
1619 2597 1916 2668 sigillatim
1959 2597 2167 2654 omnia

513 2686 906 2757 persequitur,
939 2700 1075 2758 quae
1105 2685 1183 2741 ad
1222 2701 1357 2741 eam
1388 2701 1515 2741 rem
1554 2687 1846 2759 pertinent
1887 2709 1897 2740 :
1934 2703 2166 2743 verum-

514 2779 713 2830 tamen
746 2789 873 2828 cum
903 2773 1034 2829 caeli
1074 2774 1339 2845 genesim
1371 2779 1593 2839 narrat,
1626 2790 2000 2847 quaecunque
2041 2791 2164 2832 em-

511 2863 678 2920 lestia
700 2862 777 2918 ad
805 2867 1137 2919 terrestrem
1163 2863 1460 2920 mundum
1482 2864 1836 2930 referuntur,
1857 2881 1928 2920 ea
1948 2865 2167 2936 pariter

513 2955 794 3008 accurato
821 2967 1094 3007 sermone
1136 2951 1372 3022 digerit,
1401 2953 1562 3022 solis,
1611 2953 1885 3026 inquam,
1921 2959 1976 3009 et
2008 2954 2165 3010 lunas

513 3041 937 3113 stellarumque
985 3041 1355 3098 dominatum
1410 3047 1591 3115 atque
1649 3047 1972 3114 naturam;
2029 3060 2164 3116 quae

514 3135 713 3185 autem
747 3131 1066 3185 aterrestri
1116 3130 1342 3186 fabrica
1385 3135 1814 3188 ornamentove
1857 3132 2160 3199 recedunt,

513 3234 764 3290 quaeque
796 3220 1033 3290 proprie
1055 3219 1131 3274 ad
1163 3235 1483 3291 supernam
1508 3221 1818 3277 stationem
1849 3222 2160 3294 pertinent,

515 3305 642 3360 haec
671 3305 835 3361 haud
862 3323 1031 3378 aeque
1063 3307 1317 3363 disserit.
1353 3309 1523 3373 Quod
1551 3309 1596 3364 si
1623 3310 1682 3366 in
1709 3310 1800 3365 his
1839 3311 1916 3366 ita
1951 3326 2012 3366 se
2039 3327 2164 3379 ges-

515 3395 609 3457 sit,
644 3394 829 3449 multo
873 3397 1058 3463 magis
1091 3396 1149 3450 in
1182 3396 1292 3451 illis
1330 3413 1464 3469 quae
1506 3398 1800 3468 praedictis
1841 3399 2164 3456 excelsiora

514 3488 671 3538 sunt.
722 3483 955 3550 Horum,
1004 3485 1274 3556 inquam,
1318 3485 1734 3541 sublimiorum
1783 3488 2163 3559 perspicuam

513 3577 976 3643 accuratamque
1023 3575 1459 3630 enarrationem
1501 3574 1760 3631 Creatori
1793 3579 2164 3648 Dominoque

514 3660 781 3715 omnium
809 3661 1033 3718 Christo
1062 3663 1179 3717 Deo
1200 3668 1403 3718 nostro
1428 3663 1689 3735 reliquit:
1718 3665 1820 3736 qui
1843 3665 2163 3721 nobiseum

515 3753 681 3804 terrae
722 3750 929 3804 incolis
969 3751 1318 3817 diversatus,
1361 3756 1419 3807 et
1451 3753 1721 3808 caelestes
1767 3754 2066 3810 doctrinas
2093 3771 2164 3810 ac

513 3837 714 3894 divina
742 3840 1021 3911 mysteria
1047 3841 1403 3912 impertiens,
1439 3858 1690 3911 regnum
1722 3860 1962 3916 quoque
1991 3844 2163 3900 caelo-

514 3943 647 3982 rum
664 3943 774 3982 nos
795 3927 1046 3985 edocuit.
1076 3928 1476 3995 Quamobrem
1505 3931 1634 3987 alia
1659 3948 1901 4006 quoque
1926 3932 2086 4003 leges
2107 3937 2165 3990 et

514 4016 941 4087 promissiones
963 4022 1018 4073 et
1040 4018 1214 4073 minae
1227 4035 1296 4074 ac
1309 4019 1776 4086 benedictiones,
1796 4039 1930 4094 quae
1956 4038 2165 4095 corpo-

512 4119 679 4160 reum
699 4104 843 4178 quid
865 4105 1196 4177 sapiebant,
1223 4107 1300 4164 ad
1313 4109 1483 4164 Mosis
1502 4114 1701 4181 partes
1723 4126 1957 4182 semper
1983 4112 2161 4183 perti-

511 4198 656 4250 nent
688 4217 702 4250 :
732 4209 930 4250 verum
959 4196 1298 4251 communis
1328 4197 1606 4254 Servator
1635 4199 1886 4268 generis,
1918 4201 2020 4271 qui
2053 4199 2163 4256 sibi

511 4281 776 4339 ofﬁcium
802 4284 1056 4356 sumpsit
1095 4284 1256 4341 omni
1287 4301 1483 4343 errore
1509 4287 1812 4343 hominem
1845 4287 2160 4355 liberandi,

510 4370 772 4428 coelestia
797 4371 967 4428 nobis
996 4373 1375 4430 credentibus
1401 4390 1471 4431 ac
1497 4374 1704 4432 divina
1733 4374 1894 4432 bona
1924 4377 2161 4433 nuntia-

581 4497 629 4533 "
669 4495 816 4556 Gen.
846 4513 884 4564 ι,
918 4498 969 4554 1.

2341 1169 2405 1241 γ’.
2475 1169 2630 1222 Ἀλλά
2689 1172 2789 1243 γὰρ
2867 1175 3049 1222 Μωσεῐ
3086 1171 3175 1240 μὲν
3221 1168 3315 1220 οὑκ
3366 1165 3428 1226 ἧν
3491 1167 3689 1240 ἀνάγκη
3749 1167 3877 1224 οὐδὲ

2276 1263 2464 1320 σκοπὸς
2534 1258 2885 1311 ἀναπτύσσειν
2963 1263 3057 1316 τὴν
3113 1256 3386 1330 βασιλείαν
3442 1266 3543 1309 τῶν
3593 1257 3824 1330 οὐρανῶν
3861 1279 3874 1292 ο

2271 1348 2434 1401 πολλὰ
2477 1351 2601 1421 γὰρ,
2630 1350 2802 1420 ὥσπερ
2850 1349 3061 1419 ἔφημεν,
3092 1351 3186 1406 τὴν
3227 1351 3595 1418 κοσμογένειαν
3651 1345 3882 1422 ἀναγρά-

2274 1458 2378 1511 φων
2404 1446 2502 1489 τῶν
2534 1439 2660 1509 ὑπερ
2712 1438 2963 1493 αἴσθησιν
2994 1435 3254 1510 παρῆλθεν
3299 1453 3312 1466 ⁸
3355 1435 3398 1488 εἰ
3445 1432 3503 1488 δὲ
3531 1445 3758 1498 τυπικῶς
3800 1457 3881 1500 τις

2273 1531 2362 1579 xui
2393 1525 2442 1578 ἐν
2488 1527 2757 1598 αἰνίγματι
2800 1529 2892 1578 καὶ
2945 1526 3107 1583 αὐτὴν
3165 1529 3257 1584 τὴν
3302 1533 3400 1578 τῶν
3452 1525 3678 1600 οὐρανῶν
3720 1524 3882 1599 βασι-

2271 1615 2408 1668 λείαν
2449 1618 2824 1687 ὑποσημαίνειν
2875 1613 3036 1667 ἐθέλοι
3083 1614 3263 1686 λέγειν,
3307 1613 3354 1666 ἐν
3388 1622 3460 1685 τῷ
3515 1615 3692 1681 εἰπεῖν,
3732 1635 3761 1667 (ι
3797 1615 3880 1670 Ἐν

2272 1704 2414 1780 ἀρχῇ
2451 1703 2688 1762 ἐποίησεν
2719 1705 2744 1755 ό
2769 1707 2894 1764 Θεὸς
2920 1707 3006 1756 τόν
3038 1704 3253 1779 οὐρανόν
3283 1707 3372 1756 καὶ
3396 1709 3488 1763 τὴν
3512 1711 3632 1776 γῆν,
3664 1725 3692 1753 ››
3722 1702 3878 1758 οὐδεν

2272 1797 2396 1869 πρὸς
2428 1793 2578 1846 αὐτόν
2607 1789 2918 1866 διοισόμεθα
2944 1794 3056 1861 (32)
3095 1809 3110 1823 '
3144 1789 3268 1845 οὐδὲ
3314 1795 3416 1866 γὰρ
3464 1790 3588 1846 οὐδὲ
3627 1799 3782 1846 τοῦτό
3817 1800 3879 1866 γέ

2273 1887 2432 1957 φαμέν
2480 1884 2632 1935 ποθεν
2678 1884 2742 1943 ὡς
2794 1882 2969 1953 ἠγνόει
3021 1884 3191 1934 ταῦτά
3240 1901 3294 1934 τε
3336 1887 3426 1934 καὶ
3477 1885 3544 1934 τά
3591 1891 3813 1936 τοιαῦτα
3853 1886 3878 1935 ό

3465 1979 3525 2029 τῆ
3538 1993 3560 2034 ς
3636 1973 3818 2025 θεοπτί
3832 1993 3879 2033 ις

2273 2062 2552 2134 ἠξιωμένος
2590 2067 2785 2122 Μωσῆς
2829 2076 2840 2090 ·
2899 2059 3005 2111 ἀλλ’
3064 2061 3143 2112 ὅτι
3193 2065 3303 2121 τοῖς
3353 2059 3560 2122 πολλοῖς
3618 2059 3878 2135 ἀνέκφορα

2274 2147 2520 2224 διετήρει,
2555 2154 2642 2202 καὶ
2673 2157 2767 2211 τῆς
2805 2152 2895 2223 μὲν
2930 2145 3230 2221 συγκλύδου
3262 2148 3422 2212 ἀκοῆς
3465 2147 3627 2222 φειδὼ
3681 2151 3878 2211 πολλὴν

2274 2241 2512 2306 ἐποιεῖτο,
2562 2247 2673 2302 τοῖς
2721 2238 3057 2314 ὑψηλοτέοοις
3111 2235 3170 2291 δὲ
3218 2243 3308 2291 καὶ
3350 2237 3678 2314 τελειοτέροις
3719 2261 3875 2314 σπερ-

2273 2350 2414 2403 ματα
2464 2327 2816 2393 καταϐάλλων,
2877 2336 2974 2380 τῶν
3034 2326 3358 2401 ὑψηλοτέρων
3424 2347 3478 2381 τε
3532 2334 3620 2382 καὶ
3675 2333 3877 2404 θαυμα-

2277 2422 2535 2493 σιωτέρων
2588 2420 2714 2478 ἴσως
2746 2414 2960 2471 διετέλει
3003 2419 3348 2490 θεωρημάτων
3383 2433 3395 2447 ·
3448 2423 3537 2470 καὶ
3565 2421 3689 2492 γὰρ,
3721 2427 3874 2492 φασὶ,

2271 1972 2575 2031 τηλικούτου
2651 1975 2740 2023 xui
2807 1973 3061 2023 τοσούτου
3140 1972 3390 2043 θεάματος

2275 2504 2370 2560 διά
2414 2514 2566 2559 τοῦτο
2614 2511 2707 2565 τὴν
2737 2509 2828 2578 μὲν
2861 2513 2950 2558 τοῦ
2991 2506 3248 2564 αἰσθητοῦ
3287 2510 3488 2580 κόσμου
3523 2504 3876 2583 δημιουργίαν

2275 2595 2447 2661 εἰπων,
2479 2594 2784 2667 λεπτουργεῖ
2819 2613 2872 2647 τε
2911 2599 2996 2646 καὶ
3049 2593 3380 2666 ἐπεξέρχεται
3418 2599 3508 2647 καὶ
3558 2593 3592 2648 ἃ
3630 2597 3872 2669 συμπλη-

2273 2693 2428 2761 ροῦσι
2458 2692 2636 2737 τοῦτον
2668 2701 2680 2714 ’
2713 2689 2806 2743 τὴν
2853 2681 2912 2736 δὲ
2959 2688 3158 2755 γένεσιν
3189 2682 3622 2757 ἀναγραψάμενος
3650 2693 3743 2738 τοῦ
3794 2688 3877 2739 οῦ-

2275 2782 2452 2847 ρανοῦ,
2508 2775 2608 2826 ὅσα
2654 2775 2743 2845 μὲν
2820 2772 2979 2825 αὐτοῦ
3042 2775 3168 2845 πρὸς
3214 2777 3297 2825 τόν
3367 2778 3623 2846 περίγειον
3675 2779 3876 2848 κόσμον

2277 2861 2463 2935 ἀφορᾷ,
2512 2866 2602 2914 καὶ
2645 2869 2814 2915 ταῦτα
2842 2861 3216 2936 παραπλησίως
3249 2859 3533 2930 διεξῆλθεν,
3590 2863 3737 2921 ὁλιου
3788 2871 3876 2918 καὶ

2225 3003 2240 3019 ,
2278 2951 2514 3016 σελήνης,
2573 2956 2662 3003 καὶ
2715 2956 2810 3009 τὴν
2864 2949 3089 3026 ἀστέρων
3159 2953 3440 3026 κυριότητά
3499 2972 3554 3005 τε
3610 2949 3874 3006 διαλαϐὼν

2646 3042 2712 3092 τά
2761 3037 2819 3093 δε
2872 3049 2967 3101 τῆς
3021 3045 3282 3112 περιγείου
3337 3040 3650 3094 ἀπονεύοντα
3688 3039 3877 3096 διακο-

2280 3134 2536 3201 σμήσεως,
2592 3135 2681 3182 καὶ
2745 3131 2846 3182 ὅσα
2905 3139 2996 3190 τῆς
3047 3129 3278 3202 ἀνωτέρω
3335 3129 3510 3193 λέξεώς
3563 3129 3696 3200 ἐστι,
3768 3133 3874 3206 οὐχ

2277 3219 2467 3290 ὁμοίως
2498 3214 2726 3271 διέλαϐεν
2756 3235 2768 3248 ·
2807 3219 2848 3271 εἰ
2881 3215 2937 3270 δὲ
2976 3226 3147 3283 τοῦτο,
3177 3218 3345 3290 πολλῷ
3375 3219 3566 3290 μᾶλλον
3615 3218 3733 3274 οὐδ’
3775 3224 3876 3275 ὅσα

2275 3044 2364 3092 καὶ
2390 3043 2544 3111 φύσιν
2587 3057 2599 3071 '

2276 3306 2690 3381 ὑπεραναϐἐϐηκε
2743 3310 2936 3360 τούτων
2985 3323 3000 3339 ⁸
3056 3307 3435 3380 καταλιμπάνει
3493 3305 3552 3363 δὲ
3611 3314 3706 3368 τὴν
3761 3314 3878 3364 τού-

2276 3417 2374 3449 των
2415 3404 2551 3468 σαφῆ
2607 3402 2696 3448 καὶ
2741 3395 3168 3470 διευκρινημένην
3228 3393 3484 3468 διήγησιν
3535 3406 3606 3470 τῷ
3658 3399 3874 3459 Πλάστη

2275 3491 2362 3536 καὶ
2395 3489 2624 3558 Δεσπότῃ
2657 3487 2860 3538 πάντων
2910 3493 3124 3560 Χριστῶ
3181 3492 3253 3555 τῷ
3307 3494 3420 3557 Θεῷ
3465 3488 3630 3558 ἡμῶν,
3674 3488 3729 3550 ὃς
3770 3488 3877 3542 ἔπι-

2277 3570 2527 3646 δημησας
2553 3576 2676 3647 ἡμῖν
2714 3582 2819 3634 τοῖς
2848 3572 2896 3626 ἐν
2929 3582 3018 3647 γῇ,
3051 3579 3141 3627 καὶ
3173 3577 3237 3626 τά
3275 3574 3490 3649 οὐράνια
3527 3581 3617 3629 καὶ
3661 3580 3727 3630 τά
3767 3581 3879 3631 θεῖα

2273 3659 2607 3736 παραδιδοὺς
2636 3665 2923 3736 μαθήματά
2974 3682 3027 3716 τε
3075 3667 3164 3715 καί
3209 3669 3494 3737 μυστήρια,
3526 3670 3615 3718 xui
3650 3671 3746 3724 τὴν
3777 3676 3878 3719 τῶν

3232 3772 3243 3784 ·
3287 3752 3395 3806 ἐπεὶ
3453 3759 3543 3806 καὶ
3598 3757 3664 3807 τὰ
3721 3756 3874 3828 ἄλλοι⁹

2274 3843 2574 3914 νομοθεσίαι
2621 3860 2674 3894 τε
2726 3847 2815 3894 καὶ
2864 3841 3178 3913 εὐαγγελίαι,
3223 3839 3348 3917 ἀραί
3397 3861 3452 3895 τε
3499 3847 3587 3896 καὶ
3622 3844 3874 3918 εὐλογίαι,

2275 3752 2499 3822 οὐρανῶν
2561 3750 2830 3824 βασιλείαν
2884 3753 3040 3824 ἐξηγῇ
3052 3772 3179 3804 σατο

2275 3935 2330 3983 τό
2366 3936 2793 4005 σωματικώτερον
2851 3934 3095 4002 ἔχουσαι,
3141 3939 3418 4004 πανταχοῦ
3457 3941 3528 4004 τῷ
3563 3939 3745 3987 Melas?
3779 3955 3879 3988 πα-

2797 4021 2822 4072 ό
2882 4017 2940 4072 δε
2983 4024 3149 4081 κοινός
3179 4028 3270 4072 τοῦ
3307 4025 3489 4093 γένους
3527 4028 3705 4097 Σωτὴρ
3763 4025 3878 4078 ὃλον

2275 4111 2360 4160 τόν
2399 4109 2666 4180 ἄνθρωπον
2707 4106 2997 4171 ἀπαλλάξαι
3053 4115 3149 4171 τῆς
3195 4108 3392 4172 πλάνης
3445 4112 3778 4183 προθέμενος,
3811 4117 3880 4166 τά

2274 4018 2690 4092 ραλαμϐάνονται
2736 4036 2749 4049 ⁸

2275 4197 2564 4271 ῦπουράνια
2614 4204 2702 4250 καὶ
2758 4199 2869 4251 θεῖα
2924 4200 3048 4270 ἡμῖν
3100 4206 3211 4259 τοῖς
3261 4201 3581 4272 πειθομένοις
3634 4200 3880 4275 ἐπηγγεί-

2274 4286 2397 4339 λατο
2438 4285 2611 4359 ἀγαθά
2644 4304 2657 4318 ·
2691 4289 2863 4361 ὥσπερ
2922 4293 3011 4340 καὶ
3063 4295 3172 4350 τοῖς
3229 4287 3533 4342 ἀπειθοῦσιν
3584 4287 3876 4364 ὑπέδειξεν,

2275 4379 2343 4438 ὡς
2373 4372 2681 4439 ὑποδέξεται
2729 4377 2918 4440 αὐτοὺς
2953 4376 3011 4429 οὗ
3049 4379 3114 4429 τά
3143 4379 3442 4452 πρόσκαιρά
3480 4397 3541 4431 τε
3579 4382 3666 4431 καὶ
3695 4387 3877 4455 χρόνῳ

2074 4627 2114 4682 Ν
2122 4623 2278 4682 ΟΤᾸΕ
2287 4668 2301 4683 .

580 4772 720 4848 (39')
734 4771 998 4848 Paradisi
1017 4773 1426 4848 intellectualis
1442 4789 1666 4848 nomen
1691 4791 1728 4848 a
1749 4775 2029 4848 paradiso
2053 4780 2162 4848 ter-

509 4843 671 4898 restri
686 4843 1022 4900 derivatum
1043 4844 1246 4919 fuisse,
1265 4861 1444 4902 nemo
1465 4846 1695 4902 inﬁcias
1717 4843 1776 4902 it'.
1799 4847 2160 4919 Cmteroquin

509 4920 845 4989 sanctarum
879 4915 1344 4989 anteﬁhristum
1373 4919 1710 4974 animarum
1735 4918 1965 4989 quietas
1988 4915 2160 4974 sedes

511 5001 546 5058 a
568 4985 823 5058 terrestri
844 4985 1122 5058 paradiso
1146 4987 1349 5042 Adami
1371 4985 1822 5058 distinguendas
1852 5006 1998 5055 esse,
2021 4991 2161 5045 satis

508 5055 682 5131 docet
720 5055 1033 5131 scriptura»
1055 5072 1192 5113 cum
1223 5059 1303 5114 ait
1333 5055 1629 5116 Christum
1659 5065 1790 5131 post
1820 5061 2047 5116 obitum
2082 5061 2160 5116 ad

508 5127 728 5202 inferos
757 5127 1156 5202 descendisse.
1187 5131 1379 5195 Quare
1409 5139 1465 5186 et
1492 5132 1565 5186 ad
1601 5127 1698 5186 illa
1729 5131 1890 5202 apud
1942 5135 2160 5189 Lucam

508 5198 686 5254 verba
719 5197 790 5254 ad
816 5199 1107 5274 latronem
1143 5207 1294 5256 recte
1343 5208 1586 5257 monent
1619 5197 1784 5258 sacri'
1810 5204 2160 5274 interpretes

507 5272 1223 5343 ter_restrem_paradisum
1251 5286 1371 5328 non
1400 5289 1532 5328 esse
1571 5273 1648 5328 ibi
1693 5272 2155 5343 intelligendum.

580 5341 695 5418 (3!)
738 5341 1326 5418 pe_hac_Grmcorum
1353 5344 1761 5418 quorumdam,
1787 5341 2067 5418 opinione
2105 5351 2159 5401 et

509 5427 618 5466 nos
647 5411 758 5485 ipsi
783 5412 922 5485 alibi
955 5412 1129 5485 locuti
1159 5411 1389 5485 sumus;
1411 5420 1468 5470 et
1488 5411 1844 5471 Muratorius
1877 5411 2158 5485 singulari

509 5483 1340 5557 Operelatissimedisputavit.
1364 5485 1687 5557 thuidem
1703 5492 1911 5543 contra
1927 5483 2158 5544 Graecos

509 5570 649 5608 suos
670 5554 911 5625 copiose
937 5554 1172 5611 disserit
1203 5554 1522 5612 Eustratius
1547 5557 1624 5612 ab
1642 5557 1846 5614 Allatio
1869 5560 2080 5614 editus.

582 5626 693 5696 (32)
744 5626 1144 5691 Quaestionem
1196 5626 1348 5684 hanc
1396 5643 1601 5684 rursus
1653 5633 1861 5688 tractat
1913 5631 2153 5688 Photius

2270 4776 2330 4832 in
2377 4777 3164 4856 Amphilochianaudecima
3211 4785 3397 4848 sexta,
3447 4781 3580 4838 aliis
3610 4783 3877 4856 quidem

2274 4847 2858 4923 verbis,'caateroquin
2875 4851 3089 4907 iisdem
3110 4868 3262 4923 saepe
3284 4847 3872 4923 argumentis-utens;

2271 4935 2457 4992 quam
2485 4937 2610 4996 rem
2655 4922 2987 4996 nuntiatam
3019 4922 3208 4996 Roma
3235 4922 3561 4996 Neapolim
3594 4933 3731 4982 ante
3763 4927 3877 4984 hos

2272 4991 2464 5067 annos
2495 4991 2673 5067 {uisse
2703 4992 2876 5067 video
2903 4993 2973 5048 cl.
2999 4994 3287 5067 Andresio
3317 4991 3620 5067 prodrom.
3653 4998 3874 5056 Anecd.

2273 5062 2374 5117 Gr.
2409 5077 2468 5132 p.
2497 5064 2585 5118 85.
2621 5064 2734 5119 Sed
2783 5069 2986 5120 tamen
3031 5064 3109 5121 ad
3165 5062 3334 5120 hunc‘
3367 5066 3567 5122 locum
3623 5068 3877 5126 Pbotius

2271 5132 2327 5187 in
2351 5133 2585 5208 decima
2607 5135 3250 5208 sextaaliterjudicare
3273 5137 3519 5193 videtur.
3541 5139 3683 5195 Huic
3709 5142 3876 5197 enim

2269 5204 2533 5276 opinioni
2567 5204 2992 5262 nonnullorum
3021 5209 3338 5276 propositae
3365 5209 3449 5264 sic
3479 5211 3836 5270 contradicit
3863 5230 3876 5268 :

2269 5274 2425 5328 Ἀλλά
2466 5285 2617 5352 τοῦτο
2648 5282 2753 5352 μὲν-
2791 5282 2883 5352 οῦκ
2923 5278 2982 5330 ἃν
3011 5274 3204 5352 ῥᾳδίως
3250 5277 3503 5351 ἀγαπήση
3550 5283 3579 5338 ἡ
3630 5281 3874 5349 ἀλήθεια,

2269 5349 2347 5398 ὅτι
2423 5366 2476 5399 τε
2541 5347 2656 5400 λίαν
2735 5347 3088 5414 ἐκϐεϐίασται,
3158 5355 3246 5402 καὶ
3292 5347 3378 5402 ὅτι
3436 5347 3587 5404 εἰπὼν
3641 5347 3878 5427 οἰερανῶν

2268 5422 2502 5493 ποίησιν,
2534 5424 2653 5493 περὶ
2701 5428 2790 5482 τῆς
2837 5431 2935 5472 τῶν
2985 5421 3211 5493 οὐρανῶν
3267 5420 3545 5493 βασιλείας
3573 5420 3713 5486 τοὺς
3745 5427 3880 5480 ’1ου-

2268 5486 2451 5550 δαίους
2499 5486 2852 5566 οῦδένῌῆττον
2889 5486 3145 5566 ὠφέλησεν
3191 5493 3220 5553 ἦ
3267 5486 3314 5545 εἰ
3349 5494 3607 5566 παντελῶς
3638 5495 3880 5550 amma-

2265 5579 2401 5617 πησε
2422 5580 2445 5638 Α·
2471 5565 2560 5614 καὶ
2586 5562 2744 5622 πολλή
2778 5563 2904 5622 άλλη
2939 5562 3090 5638 ⁷πρός
3126 5567 3315 5622 ταύτην
3345 5571 3430 5624 τὴν
3479 5565 3743 5638 ὑπόληψιν
3777 5571 3879 5622 ὑπ-

2266 5636 2573 5694 εναντίωσις.
