3992 6182
478 252 573 307 111
1710 250 1945 305 PlIOTlI
1986 248 2145 302 PATI

2263 248 2461 303 KGH/IS
2501 247 2606 303 ΟΡ.
3749 247 3854 301 112

473 378 545 433 lis
580 374 951 446 corruptibili
976 391 1221 446 corpore
1257 376 1433 430 vitam
1476 379 1741 430 nostram
1770 373 2135 446 perticimus,

2263 379 2565 431 ὶεσποτικῆς
2612 375 2978 443 χρηστότητος
3025 376 3113 422 καὶ
3164 370 3457 441 φιλοτιμίας
3511 370 3721 445 ἀρρήτῳ
3768 371 3855 423 λό-

475 463 1027 537 supervenientibus
1044 469 1236 519 autem
1253 464 1683 534 corruptionem
1702 462 2139 533 incorruptione

2263 484 2320 532 νῳ
2352 466 2440 513 καὶ
2472 460 2857 520 ἀκαταλήπτοις
2904 460 3173 531 λογισμοῖς
3221 461 3343 530 ημῖν
3398 457 3851 529 ἐπιδαψιλεύοιτο.

476 554 879 617 mutantes,sic
892 552 1191 608 inﬁnitum
1205 568 1399 608 aevum
1414 553 1925 625 percurremusJEt
1941 567 2138 606 rursus

475 642 705 698 saeculis
720 642 1098 711 praesentibus
1112 642 1427 711 insurgens
1443 643 1497 696 in
1519 658 1623 696 nos
1638 646 1694 695 et
1708 658 1814 695 nos
1828 641 2139 711 impediens

475 736 775 803 peccatum
792 730 1633 802 subimus;supervenientibus
1648 735 2063 801 autem,neque
2084 730 2135 783 in

478 837 586 876 nos
606 835 893 891 pugnam,
918 824 1019 875 aut
1035 835 1213 889 agens
1236 824 1569 891 peccatum,
1587 823 1688 873 sed
1704 835 1893 890 neque
1910 818 2139 873 occulte

478 902 538 964 in
570 908 742 963 nobis
764 913 924 963 stans
942 913 1044 963 aut
1062 914 1219 963 stare
1242 908 1443 963 valens
1466 908 1850 979 reperiemus.
1880 907 2053 962 Multa
2085 912 2139 963 et

480 998 597 1054 alia
610 1003 888 1052 sexcenta
900 996 993 1051 his
1008 998 1149 1053 addi
1164 1003 1410 1069 possent
1424 997 1636 1067 quibus
1650 996 1978 1051 differentia
1992 996 2140 1051 inter

480 1088 703 1142 directa
736 1086 814 1141 ad
838 1085 1019 1141 finem
1044 1087 1263 1142 saecula
1283 1092 1341 1141 et
1370 1103 1441 1142 ea
1470 1086 1674 1158 quaain
1700 1086 1992 1141 inﬁnitum
2016 1102 2139 1141 ma-

478 1180 624 1231 nent
659 1174 830 1230 facile
861 1174 1237 1231 discernitur.
1270 1179 1455 1247 Atque
1480 1176 1560 1231 ita
1590 1174 1915 1247 praeposita
1954 1174 2138 1229 verba

481 1279 600 1319 non
626 1263 875 1318 invicem
910 1270 1318 1335 opponuntur,
1351 1280 1543 1336 neque
1569 1266 1721 1319 inter
1748 1280 1812 1318 se
1838 1267 2131 1335 pugnant.

482 1354 619 1419 θείη,
649 1349 722 1404 δι’
753 1352 820 1403 ὧν
847 1354 876 1409 ἠ
914 1348 1142 1424 διαφορὰ
1173 1362 1270 1405 τών
1296 1372 1349 1405 τε
1374 1356 1499 1425 πρὸς
1522 1352 1663 1413 τέλος
1686 1352 2021 1422 ἐπειγομένων
2044 1352 2239 1402 αἰώνων
2266 1357 2355 1403 xxi
2379 1360 2475 1403 τῶν
2506 1351 2573 1423 εἰς
2604 1350 2885 1424 ἀπέραντον
2918 1347 3263 1423 διαμενόντων
3287 1347 3488 1424 ῥᾳδίως
3518 1350 3858 1423 καταλαμϐά-

2250 551 2310 602 Εἰ
2350 549 2527 621 βούλει
2573 546 2631 601 δὲ
2662 548 2708 601 ἐν
2749 553 2837 619 μὲν
2885 556 2992 610 τοῖς
3042 554 3440 621 περατουμένοις
3487 549 3641 600 αἰῶσι
3690 552 3859 623 φθαρ-

2248 646 2319 708 τῷ
2353 645 2555 709 σώματι
2580 640 2662 689 τόν
2710 636 2825 706 βίον
2853 638 2996 707 ἡμῶν
3044 633 3341 707 διανύομεν,
3373 636 3419 687 ἐν
3468 634 3527 688 δὲ
3556 646 3661 696 τοῖς
3709 637 3859 703 ἐπερ-

2248 732 2493 799 χομένοις
2537 736 2630 788 τῆς
2664 728 2852 799 φθορᾶς
2891 730 2983 782 τὴν
3015 726 3309 798 ἀφθαρσίαν
3337 724 3684 797 ἀμειϐόμενοι,
3714 728 3857 777 οὕτω

2248 820 2335 868 τὸν
2364 815 2692 873 ἀτελεύτητον
2725 812 3060 885 διατελοῦμεν
3107 815 3293 870 αἰῶνα.
3347 820 3444 867 Καὶ
3485 814 3641 865 πάλιν
3679 816 3726 866 ἐν
3758 820 3855 887 μεν

2248 913 2356 965 τοῖς
2400 912 2628 977 παροῦσι
2672 909 2764 961 τὴν
2812 903 3313 974 κατεξανισταμένην
3357 906 3501 976 ἡμῶν
3547 909 3639 962 τὴν
3678 904 3853 977 ἁμαρ-

2247 999 2361 1045 τίαν
2391 1000 2479 1045 καὶ
2512 991 2887 1065 διενοχλοῦσαν
2919 995 3248 1063 ύφιστάμεθα
3278 1007 3289 1019 ⁸
3323 992 3371 1043 ἐν
3413 990 3470 1044 δὲ
3499 1002 3606 1053 τοῖς
3632 992 3855 1067 ἐπερχο-

2247 1088 2418 1155 μένοις
2474 1083 2645 1135 ούκέτι
2698 1090 3236 1153 καταστρατηγοῦσαν
3293 1078 3414 1133 οὐδὲ
3460 1081 3851 1155 ἐνεργουμένην,

2248 1171 2375 1223 ἁλλὰ
2400 1168 2537 1244 μηδὲ
2568 1174 2871 1243 ὑφεστῶσαν
2903 1172 3028 1233 ὅλως
3056 1172 3361 1245 εὑρήσομεν,
3387 1167 3523 1242 μηδι
3556 1168 3855 1243 δυναμένην

2247 1263 2594 1333 ὑφίστασθαι,
2624 1261 2793 1313 Πολλὰ
2810 1257 2859 1313 δ’
2883 1263 2943 1312 οἶν
2970 1280 3047 1322 τις
3070 1266 3158 1312 καὶ
3180 1260 3309 1311 ἄλλα
3330 1266 3492 1335 μυρία
3508 1262 3709 1320 τούτοις
3741 1260 3857 1312 ἐπι·

479 1460 619 1493 νεται
651 1458 663 1470 ⁸
702 1445 792 1492 καὶ
821 1442 891 1501 ὡς
914 1444 980 1493 τὰ
1004 1446 1316 1514 προκείμενα
1352 1444 1489 1515 ρητὰ
1516 1438 1640 1493 ούδε
1681 1440 1918 1502 ἀλληλοις
1951 1439 2333 1511 ἁντινομοθετεῖ
2348 1438 2471 1493 ούδε
2502 1437 2853 1511 διαμάχεται.

1052 1531 1370 1593 ΟυλΕΞΤΙΟ
1413 1530 1557 1584 VIII.

484 1636 774 1704 Quomodo
799 1635 1016 1689 dicitur
1032 1637 1187 1702 ﬁlios
1208 1636 1627 1704 Deipeccatum
1655 1652 1774 1691 non
1794 1638 2014 1705 facere,
2039 1638 2135 1706 qui

551 1710 726 1777 iuxta
747 1706 995 1762 eamdem
1024 1706 1396 1776 Seripluram
1426 1723 1501 1763 ex
1523 1722 1681 1778 aqua
1712 1714 1766 1762 et
1791 1708 2018 1777 Spiritu
2035 1722 2138 1762 na-

552 1784 835 1837 scuntur;
865 1782 917 1832 et
941 1783 1136 1832 tamen
1149 1780 1365 1833 multos
1390 1780 1649 1833 videmus
1661 1794 1769 1846 per
1790 1778 2135 1849 baptismum

554 1849 709 1917 ﬁlios
738 1849 843 1904 Dei
871 1849 1103 1917 effectos
1128 1855 1424 1919 peccatum
1444 1850 1731 1919 facientes
1768 1867 1783 1907 :

2842 1534 3153 1581 ΕΡΩΤΙΙΣΙΣ
3191 1528 3267 1582 II'.

2249 1642 2366 1695 Πῶς
2403 1638 2470 1686 τὰ
2497 1639 2649 1708 τέκνα
2678 1642 2769 1686 τού
2814 1642 2947 1686 Θεοῦ
2995 1634 3196 1704 λέγεται
3250 1634 3503 1708 ἁμαρτίαν
3551 1639 3619 1708 μὴ
3667 1644 3856 1708 ποιεῖν,

2322 1704 2450 1758 εἶναι
2499 1703 2556 1758 δε
2605 1713 2769 1757 ταῦτα
2800 1708 2827 1763 ἡ
2878 1706 3007 1763 αύτὴ
3039 1703 3174 1777 λέγει
3221 1703 3394 1780 Γραφή
3444 1703 3623 1780 τὰ-δί
3666 1704 3859 1767 ὕδατος

2321 1783 2409 1829 xui
2439 1780 2730 1849 Πνεύματος
2758 1779 3085 1847 γεννηθέντα,
3120 1783 3208 1829 καὶ
3240 1777 3391 1830 πάλιν
3422 1777 3637 1837 πολλοὺς
3660 1780 3857 1850 ορῶμεν

2322 1853 2442 1924 τοὺς
2474 1847 2579 1901 διὰ
2599 1848 2961 1921 βαπτίσματος
3016 1851 3409 1911 υίοποιηθέντας
3460 1854 3551 1908 τὴν
3598 1847 3859 1924 ἁμαρτίαν

2327 1918 2812 1996 διαπραττομένους
2832 1938 2844 1987 ;

488 2070 640 2120 Edita
668 2084 699 2119 a
729 2070 879 2127 Maio,
909 2070 947 2118 l.
983 2084 1029 2119 c.
1058 2085 1109 2134 p.
1146 2072 1249 2124 6-8.
1285 2070 1355 2118 De
1382 2071 1558 2118 verbis
1589 2070 1605 2117 1
1642 2070 1793 2134 .loan.
1814 2083 1888 2124 in,
1918 2071 1945 2116 9
1975 2085 1985 2121 ς
2018 2073 2070 2117 et
2089 2069 2375 2134 quomodo
2407 2068 2487 2117 his
2515 2083 2633 2134 non
2650 2070 2842 2124 obstet,
2865 2070 3007 2132 quod
3036 2068 3346 2131 baptizatos,
3374 2070 3465 2131 qui
3495 2082 3617 2117 vere
3645 2070 3738 2118 lilii
3767 2070 3858 2119 Dei

1481 2136 1606 2181 sunt
1633 2133 1811 2193 (Joan.
1851 2146 1924 2188 iu,
1956 2133 2005 2193 5)
2037 2131 2212 2181 adhuc
2239 2136 2517 2195 peccantes
2550 2132 2848 2181 videamus.

562 2252 619 2307 Si
642 2252 987 2323 quicunque
1014 2266 1084 2305 ex
1108 2267 1267 2323 aqua
1289 2256 1345 2307 et
1372 2252 1587 2323 Spiritu
1620 2256 1827 2305 sancto
1860 2264 2145 2317 generan-

490 2344 604 2403 tur,
637 2340 672 2393 ii
701 2344 843 2393 sunt
871 2339 978 2393 ﬁlii
1012 2340 1144 2403 Dei;
1178 2338 1280 2393 tilii
1308 2344 1508 2394 autem
1536 2339 1654 2402 Dei,
1689 2344 1748 2393 ut
1772 2338 1943 2393 divus
1970 2340 2146 2393 Joan-

491 2443 591 2481 nes
622 2429 862 2493 clamat,
886 2433 1201 2498 peccatum
1222 2442 1338 2482 non
1366 2427 1604 2491 faciunt,
1634 2428 1849 2497 quieris
1883 2431 1938 2481 et
1958 2428 2149 2481 disce-

492 2522 626 2587 ptas
656 2516 983 2585 quomodo,
1018 2522 1340 2586 postquam
1366 2531 1469 2586 per
1498 2515 1796 2569 lavacrum
1841 2531 2149 2584 regenera-

496 2603 675 2659 tionis
694 2609 855 2658 tanta
880 2604 1068 2672 gratia
1093 2604 1257 2673 digni
1283 2604 1467 2659 habiti
1489 2621 1715 2667 sumus,
1739 2605 1813 2659 ad
1840 2611 2149 2675 peccatum

497 2693 858 2746 deferamur.
894 2692 1005 2747 Sed
1048 2698 1365 2762 antequam
1400 2692 1578 2747 verba
1616 2692 1987 2747 resolvamus
2016 2710 2150 2765 qua:

500 2780 609 2835 sibi
641 2780 891 2835 invicem
940 2780 1345 2835 contradicere
1384 2781 1682 2845 videntur,
1733 2781 1921 2853 ipsum
1990 2783 2048 2836 in
2091 2797 2152 2836 se

500 2869 997 2941 Apostolidictum
1014 2869 1472 2925 examinandum
1491 2871 1906 2942 est:quomodo
1919 2870 2151 2926 omnino

2328 2248 2385 2301 Εἰ
2423 2246 2495 2301 δι’
2537 2244 2732 2308 ὕδατος
2775 2252 2863 2299 καὶ
2908 2251 3200 2319 “nuptura;
3249 2249 3297 2297 οἱ
3344 2248 3662 2317 γεννηθέντες
3706 2253 3859 2301 τέκνα

2259 2345 2390 2389 Θεοῦ
2429 2338 2849 2410 χρηματίζουσι,
2883 2340 2949 2387 τὰ
2993 2334 3051 2389 δι
3100 2341 3249 2389 τέκνα
3288 2344 3379 2387 τοῦ
3412 2343 3567 2400 Θεοῦ,
3609 2340 3675 2397 ως
3704 2339 3730 2388 ό
3780 2341 3858 2391 6:-

2260 2432 2470 2487 σπέσιος
2510 2428 2748 2486 Ἰωάννης
2794 2425 2917 2496 βοᾷ,
2963 2424 3219 2501 ἁμαρτίαν
3282 2425 3338 2477 ού
3390 2433 3547 2493 ποιεῖ,
3599 2425 3862 2499 ἐπερωτᾲς

2257 2520 2347 2567 καὶ
2378 2512 2649 2589 διαπορεῐς
2694 2524 2803 2574 πῶς
2849 2516 2961 2587 μεθ’
3018 2516 3042 2566 ὃ
3086 2523 3176 2567 τοῦ
3208 2514 3426 2587 λουτροῦ
3457 2522 3551 2575 τῆς
3582 2514 3860 2587 nulla/75-

2260 2610 2433 2665 νεσίας
2480 2612 2571 2656 τοῦ
2620 2604 2926 2661 τηλικούτου
2976 2610 3301 2677 χαρίσματος
3359 2603 3674 2675 ἠξιώθημεν,
3734 2611 3863 2677 πρός

2264 2695 2520 2767 ἁμαρτίαν
2578 2696 2993 2766 καταφερομεθα.
3060 2693 3218 2746 Ἀλλὰ
3272 2698 3369 2765 πρό
3417 2712 3475 2763 γε
3524 2701 3617 2753 τῆς
3663 2694 3863 2755 λύσεως

2262 2792 2361 2835 τῶν
2388 2781 2676 2836 δοκούντων
2718 2786 2855 2853 ἔχειν
2901 2781 3233 2840 ἐναντιότητα
3260 2783 3527 2857 ῥημάτων,
3575 2783 3701 2835 αὐτὸ
3744 2787 3861 2837 καθ’

2263 2873 2388 2925 αύτό
2432 2876 2489 2924 τό
2541 2872 2885 2925 ἁποστολικόν
2940 2871 3273 2924 ἐπισκεπτέον
3311 2872 3469 2945 ῥητόν
3518 2889 3529 2900 ·
3570 2882 3682 2933 πῶς
3735 2874 3863 2935 ὅλως

500 2959 684 3014 homo
713 2958 869 3013 ﬁlius
886 2960 983 3014 Dei
1013 2958 1206 3014 factus
1230 2964 1535 3029 peccatum
1563 2975 1683 3015 non
1712 2964 1903 3031 potest
1930 2960 2145 3015 facere?

2263 2965 2525 3034 ἄνθρωπος
2583 2966 2752 3013 τέκνον
2783 2968 2909 3014 Θεοῦ
2952 2967 3175 3032 γεγονὼς
3224 2961 3476 3034 ἁμαρτίαν
3526 2962 3584 3012 ού
3638 2959 3863 3014 δύναται

502 3047 755 3113 Quidam
778 3047 955 3116 igitur
975 3048 1181 3103 dicunt
1214 3047 1358 3103 illud
1407 3048 1603 3119 ipsum
1648 3050 1940 3105 Joannem
1974 3050 2153 3120 expli-

500 3142 737 3192 cantem
752 3136 967 3191 addere
988 3157 998 3194 :
1018 3138 1307 3209 quoniam
1329 3153 1532 3192 semen
1557 3138 1744 3208 ipsius
1763 3139 1821 3193 in
1844 3154 1913 3194 eo
1929 3147 2149 3203 manet;

499 3225 666 3296 quod
681 3225 928 3298 quidem
947 3242 1149 3280 semen
1177 3232 1262 3281 est
1286 3242 1430 3281 sane
1459 3226 1714 3282 docendi
1738 3228 1993 3298 peritum
2018 3243 2141 3282 ver-

498 3313 643 3369 bum
676 3329 689 3368 :
718 3314 855 3368 exiit
879 3314 1041 3368 enim
1070 3314 1173 3384 qui
1200 3315 1449 3369 seminat
1470 3316 1785 3372 seminare.
1822 3316 1919 3371 lllo
1952 3321 2151 3371 autem

499 3402 724 3457 semine
766 3402 825 3456 in
858 3402 1065 3457 anima
1094 3402 1326 3457 radices
1356 3410 1569 3474 agente
1610 3411 1665 3459 et
1698 3412 1995 3473 manente,
2031 3421 2151 3460 non

502 3494 697 3561 potest
721 3506 969 3561 peccare
995 3490 1097 3562 qui
1123 3491 1237 3545 hoc
1254 3493 1482 3548 semine
1505 3494 2000 3549 assimilationem
2024 3511 2150 3549 cum

498 3582 819 3648 generante
846 3579 957 3633 Dee
990 3580 1271 3649 possidet.
1297 3579 1397 3635 Illo
1424 3587 1624 3637 autem
1652 3582 1875 3637 semine
1906 3598 1973 3637 ex
1999 3584 2154 3652 cogi-

500 3669 717 3723 tatione
738 3671 942 3723 nostra
968 3668 1170 3737 ejecto,
1196 3669 1396 3724 statim
1427 3670 1646 3725 diaboli
1675 3688 1877 3727 semen
1912 3672 1969 3726 in
1997 3671 2151 3726 illius

498 3754 696 3809 locum
728 3755 1005 3826 injicitur,
1038 3761 1091 3811 et
1133 3757 1489 3813 zizaniorum
1525 3761 1879 3825 germinatio
1922 3761 2146 3832 incipit,

500 3844 698 3899 Plures
722 3844 963 3916 quidem
996 3844 1079 3899 sic
1110 3846 1369 3917 propius,
1392 3853 1450 3902 ut
1482 3848 1623 3903 mihi
1661 3849 1907 3914 videtur,
1938 3850 2015 3905 ad
2057 3867 2151 3905 ve-

495 3932 730 3988 ritatem
778 3938 1064 3989 steterunt
1101 3934 1245 3989 illud
1291 3936 1540 4006 apostoli
1594 3937 1820 3993 dictum
1870 3938 2151 4009 interpre-

498 4022 698 4078 tando.
733 4020 841 4077 Alii
880 4028 1081 4078 autem
1122 4024 1449 4095 simplicius
1479 4025 1683 4080 dicunt
1714 4028 2149 4097 nequejustum

491 4110 783 4181 justitiam
833 4110 1146 4175 colentem,
1192 4128 1383 4184 neque
1418 4114 1746 4184 sapientem
1788 4116 2148 4185 sapientiam

496 4200 944 4272 adimplentem,
980 4216 1175 4273 neque
1202 4201 1382 4257 alium
1406 4218 1708 4275 quemque
1735 4220 1907 4259 suum
1926 4220 2147 4260 nomen

2260 3058 2423 3103 ποιεῖν
2456 3066 2468 3117 ;
2500 3054 2643 3112 Τινὲς
2692 3055 2779 3123 μεν
2838 3047 2926 3102 οὖν
2968 3069 3144 3122 φασιν,
3205 3052 3268 3110 ὡς
3316 3049 3471 3110 αύτὸς
3520 3048 3704 3111 ἐκεῖνος
3756 3055 3863 3103 ἐπι-

2260 3139 2497 3212 λυόμενός
2537 3139 2715 3209 ἐπάγει
2762 3143 2840 3207 τὸ,
2886 3141 2964 3191 ὅτι
3024 3144 3229 3213 σπέρμα
3269 3139 3423 3190 αὐτοῦ
3464 3138 3513 3190 ἐν
3544 3140 3684 3209 αύτῷ
3723 3160 3735 3169 ·
3772 3150 3861 3193 τοῦ

2260 3231 2360 3300 γὰρ
2394 3226 2707 3281 δεσποτικοῦ
2748 3233 3041 3302 σπέρματος
3083 3232 3196 3287 ἦτοι
3237 3224 3626 3280 διδασκαλικοῦ
3656 3229 3815 3299 λόγου
3846 3248 3857 3259 ’

2262 3318 2498 3380 Ἐξῆλθεν
2537 3321 2660 3390 γὰρ,
2698 3322 2878 3389 φησὶν,
2926 3318 2951 3369 ό
2985 3321 3205 3391 σπείρων
3245 3324 3333 3368 τοῦ
3377 3325 3588 3389 σπεῖραι
3631 3332 3645 3347 ⁸
3678 3322 3862 3370 τούτου

2264 3402 2331 3463 δη
2378 3414 2471 3457 τοῦ
2515 3411 2812 3476 σπέρματος
2854 3404 2899 3456 ἐν
2947 3413 3007 3462 τῆ
3050 3404 3202 3475 ψυχῇ
3234 3406 3545 3478 ⁸όιζιριθιιὲντος
3582 3412 3673 3457 καὶ
3702 3426 3867 3478 παρα-

2262 3498 2497 3568 μένοντος
2552 3495 2609 3547 ού
2670 3492 2888 3547 δύναται
2936 3502 3098 3546 ποιεῖν
3154 3494 3410 3566 ἁμαρτίαν
3467 3496 3492 3545 ό
3534 3494 3727 3547 ἐκείνου
3777 3506 3866 3548 τοῦ

2266 3588 2462 3657 σπόρου
2519 3588 2610 3641 τὴν
2652 3582 2971 3655 ἁγομοίωσιν
3013 3587 3138 3655 πρὸς
3195 3587 3281 3634 τόν
3335 3590 3683 3654 γεγεννηκότα
3736 3606 3865 3643 κτη-

2266 3674 2479 3744 σάμενος
2518 3677 2639 3725 Θεόν
2682 3692 2693 3704 ·
2743 3675 3134 3746 παραιρεθίντος
3182 3669 3240 3724 δε
3290 3681 3378 3724 τοῦ
3423 3676 3663 3725 τοιούτου
3711 3680 3868 3747 σεντέρ⁸

2262 3782 2423 3833 ματος
2452 3761 2505 3812 ἐκ
2536 3770 2625 3821 τῆς
2656 3758 2886 3821 διανοίας
2915 3763 3080 3829 ημῶν,
3116 3760 3306 3812 αὐτίκα
3334 3763 3359 3812 ό
3394 3770 3485 3813 τοῦ
3508 3765 3706 3836 ἐχθροῦ
3736 3763 3870 3815 αντι-

2261 3851 2638 3903 καταϐάλλεται
2671 3856 2883 3923 σπόρος,
2923 3856 3010 3901 καὶ
3041 3852 3069 3907 η
3100 3860 3196 3901 τῶν
3226 3852 3471 3911 ζιζανίων
3501 3850 3711 3923 βλάστη
3734 3854 3869 3926 λαμ-

2262 3940 2397 3993 ϐάνει
2429 3940 2622 4014 ἀρχὴν.
2657 3939 2819 3992 Ἐνιοι
2844 3944 2932 4012 μὲν
2965 3940 3143 4005 οὕτως,
3178 3944 3241 3999 ως
3273 3944 3446 4011 ἔμοιγε
3476 3937 3643 4005 δοκεῖ,
3668 3950 3868 4005 καὶτῆς

2261 4029 2499 4089 ἀληθείας
2527 4028 2677 4100 ἐγγὺς
2704 4034 2761 4080 τό
2798 4028 3137 4081 ἁποστολικόν
3168 4030 3325 4102 ῥητόν
3356 4036 3680 4086 νενοὴκασιν.
3707 4035 3773 4083 0i
3806 4029 3867 4085 δὲ

2259 4117 2609 4193 ἁπλούστερον
2640 4138 2816 4190 φασιν,
2846 4120 2915 4179 ὡς
2948 4122 3062 4170 οὔτε
3103 4120 3127 4169 ό
3164 4114 3366 4177 δίκαιος
3396 4122 3490 4175 τὴν
3518 4115 3865 4179 δικαιοσύνην

2259 4209 2517 4279 πράττων,
2552 4211 2667 4259 οὔτε
2694 4210 2719 4258 ό
2750 4213 2964 4280 σώφρων
2990 4213 3082 4264 την
3134 4210 3472 4280 σωφροσύνην
3509 4210 3778 4274 ἐπιτελῶν,
3805 4212 3864 4263 οὗ

496 4305 533 4346 a
565 4291 776 4346 virtute
802 4290 1132 4346 trahentem
1159 4307 1227 4346 eo
1248 4291 1412 4363 quod
1433 4291 1597 4346 illam
1622 4298 1863 4362 peragat
1885 4298 1939 4349 et
1960 4294 2145 4349 adim-

2263 4300 2359 4368 μὴν
2391 4294 2496 4347 ἁλλ’
2524 4293 2636 4347 οὐδ’
2674 4296 2824 4356 άλλος
2876 4306 3181 4367 παρώνυμος
3222 4295 3321 4348 ἀπὸ
3371 4304 3461 4355 τῆς
3514 4294 3701 4370 ἀρετῆς
3745 4303 3791 4351 εν
3824 4301 3866 4369 ᾧ

495 4380 672 4451 pleat,
706 4396 974 4453 unquam
1009 4380 1233 4451 peccati
1266 4380 1616 4436 exstiturum
1648 4380 1960 4439 factorem.

570 4556 680 4610 Sed
710 4556 824 4611 hoc
839 4557 1105 4629 quidem,
1126 4573 1475 4629 quanquam
1500 4556 1903 4629 aquibusdam
1922 4558 2145 4616 dictum

496 4648 605 4709 est,
635 4659 753 4698 non
781 4644 1158 4701 altitudinem
1199 4646 1540 4717 apostolicae
1582 4648 1884 4703 sententiae
1911 4648 2147 4704 videtur

497 4731 779 4803 attigisse.
796 4732 923 4788 Non
947 4734 1104 4788 enim
1120 4736 1405 4790 callidum
1428 4736 1692 4800 estscire,
1711 4736 1814 4790 sed
1832 4752 2026 4809 neque
2044 4738 2148 4792 do-

496 4835 626 4875 cere
650 4820 882 4889 justum
904 4822 1061 4892 juste
1093 4829 1366 4890 agentem
1398 4840 1519 4880 non
1550 4826 1898 4895 iniustitiam
1933 4827 2146 4882 admit-

495 4914 635 4975 tere,
674 4926 868 4982 neque
911 4912 1239 4982 sapientem
1296 4914 1758 4986 intemperanter
1793 4932 1908 4971 non
1953 4918 2145 4973 vivere

494 4999 641 5054 dum
673 4998 853 5071 sapit.
893 5000 1097 5055 Melius
1140 5000 1287 5057 forte
1317 5009 1471 5059 esset
1498 5009 1553 5059 et
1582 5004 1697 5059 hoc
1728 5005 1908 5061 modo
1939 5006 2147 5061 intelli-

495 5103 632 5157 gere
661 5104 799 5144 eum
829 5090 931 5161 qui
960 5106 1027 5145 ex
1055 5092 1175 5146 Deo
1206 5096 1382 5147 natus
1410 5100 1496 5149 est
1523 5099 1581 5148 et
1605 5110 1809 5150 semen
1841 5096 1965 5166 ejus
1993 5097 2049 5151 in
2085 5113 2145 5151 se

495 5176 622 5249 ipso
653 5179 944 5250 concepit,
966 5194 1184 5251 nempe
1210 5180 1487 5237 virtutem
1512 5184 1707 5251 (omne
1738 5184 1885 5239 enim
1914 5184 2143 5241 donum

495 5266 823 5338 perfectum
844 5269 1164 5324 desursum
1193 5274 1297 5333 est,
1329 5269 1696 5327 descendens
1715 5290 1750 5329 a
1776 5274 1938 5329 Patre
1968 5274 2146 5330 lumi-

494 5358 691 5426 num),
726 5361 781 5413 et
825 5358 1114 5428 perfectus
1162 5363 1247 5414 est
1287 5357 1347 5412 in
1380 5374 1467 5423 ea,
1501 5359 1576 5414 ita
1607 5362 1757 5417 utin
1796 5362 1948 5418 illius
1979 5364 2143 5419 habi-

493 5448 620 5499 tum
678 5461 825 5517 pure
874 5447 1187 5515 transierit,
1235 5462 1355 5501 non
1397 5447 1625 5503 habens
1665 5450 1774 5505 sibi
1819 5452 2144 5507 admistum

494 5533 636 5590 mali
658 5549 884 5602 semen,
909 5551 1065 5602 eum,
1084 5536 1351 5608 inquam,
1384 5552 1501 5592 non
1536 5552 1708 5607 posse
1734 5549 2046 5610 peccatum
2065 5542 2145 5597 fa-

494 5637 626 5679 cere
650 5635 675 5697 ,·
701 5622 763 5678 id
780 5628 885 5692 est,
910 5640 1031 5681 non
1054 5625 1272 5681 habere
1298 5624 1661 5683 voluntatem
1688 5628 1765 5683 ad
1790 5630 2144 5700 cupiditates

2257 4387 2451 4442 ταύτην
2483 4384 2612 4437 τελεῖ
2645 4391 2734 4437 xui
2776 4383 3174 4456 διαπράττεται,
3208 4388 3451 4457 οὖμενουν
3497 4385 3592 4437 οὐκ
3636 4388 3699 4437 οἷν
3742 4406 3868 4439 ποτε

2256 4478 2345 4525 καὶ
2368 4482 2456 4534 τῆς
2481 4474 2739 4547 ἁμαρτίας
2772 4474 3015 4549 ὑπάρξειε
3048 4472 3390 4549 δημιουργός.

2329 4562 2485 4615 Ἀλλὰ
2514 4570 2663 4615 τοῦτο
2694 4566 2783 4636 μεν
2832 4564 2873 4615 εἰ
2912 4569 3000 4615 καί
3030 4582 3168 4615 τισιν
3199 4568 3424 4635 εἴρηται,
3475 4566 3535 4615 οὔ
3581 4583 3672 4635 μοι
3719 4561 3871 4617 δοκεῖ

2256 4659 2347 4703 τοῦ
2378 4651 2539 4722 ύψους
2567 4661 2665 4714 τῆς
2707 4651 3060 4714 ἁποστολικῆς
3090 4651 3375 4723 ἐφικεῖσθαι
3408 4648 3647 4715 διανοίας
3681 4667 3695 4683 ’
3739 4650 3871 4706 οὐδε

2255 4744 2353 4815 γὰρ
2388 4746 2542 4814 σοφὸν
2575 4740 2785 4808 εἰδέναι,
2844 4742 2951 4793 ἀλλ’
2984 4740 3105 4794 οὐδὲ
3150 4738 3449 4809 διδάσκειν,
3482 4746 3547 4803 ὡς
3578 4745 3604 4795 ό
3657 4740 3872 4805 δίκαιος

2258 4827 2650 4905 δικαιοπραγῶν
2674 4833 2765 4883 ούκ
2798 4828 2991 4897 ἁδικεῖ,
3027 4830 3132 4881 ἁλλ’
3160 4828 3283 4883 οὐδὲ
3314 4832 3339 4882 ό
3369 4836 3587 4906 σώφρων
3618 4833 3711 4884 ούκ
3742 4833 3870 4885 ἁκο-

2256 4917 2519 4971 λασταίνει
2552 4919 2606 4971 ix
2637 4929 2708 4990 τῷ
2771 4928 3045 4991 σωφρονεῖν
3080 4940 3092 4951 ·
3126 4922 3332 4991 ἄμεινον
3380 4917 3437 4972 δε
3488 4920 3547 4971 ἄν
3608 4924 3732 4981 ἴσως
3778 4926 3865 4979 εἴη

2256 5006 2458 5061 κακεῖνο
2488 5006 2737 5073 συνιδεῖν,
2791 5010 2913 5070 ωςό
2958 5014 3321 5081 γεγεννημένος
3366 5008 3419 5060 ἐκ
3465 5017 3558 5061 τοῦ
3601 5019 3735 5063 Θεοῦ
3769 5017 3871 5063 καὶ

2254 5100 2313 5148 τὸ
2356 5102 2563 5171 σπέρμα
2602 5097 2760 5148 αὐτοῦ
2800 5095 2848 5147 ὲν
2900 5097 3063 5167 ἑαυτῷ
3113 5097 3377 5149 συλλαϐών
3437 5102 3552 5156 ἤτοι
3602 5104 3696 5157 την
3746 5098 3866 5173 ἁρε-

2256 5192 2348 5243 την
2404 5188 2527 5255 (πᾶν
2597 5188 2695 5258 γὰρ
2758 5182 2985 5257 δώρημα
3050 5187 3233 5238 τέλειον
3283 5189 3473 5239 οἰνωθίν
3536 5190 3649 5240 ἐστι
3702 5208 3871 5240 κατα-

2258 5274 2429 5327 ϐαῖνον
2484 5275 2583 5327 ἁπὸ
2630 5284 2720 5327 τοῦ
2780 5280 2979 5348 Πατρός
3030 5285 3128 5327 τῶν
3185 5279 3383 5348 φώτων)
3435 5282 3524 5328 καὶ
3584 5278 3876 5337 τελειωθεὶς

2258 5364 2306 5416 ἐν
2348 5364 2476 5436 αὐτῇ
2511 5368 2579 5425 ως
2606 5370 2695 5417 καὶ
2745 5368 2941 5427 ταύτης
2971 5367 3211 5437 καθαρῶς
3252 5365 3320 5426 εἰς
3370 5366 3470 5428 ἕξιν
3530 5365 3735 5432 ἐλάσαι,
3784 5374 3870 5438 μὴ

2257 5458 2391 5525 ἔχων
2441 5454 2839 5526 ἐπιμιγνυμένην
2900 5454 3060 5524 ἐαυτῷ
3108 5463 3199 5507 τοῦ
3247 5463 3409 5506 κακοῦ
3450 5460 3544 5513 τὴν
3579 5460 3802 5529 σπορὰν,
3844 5462 3875 5510 ὸ

2256 5550 2487 5604 τοιοῦτος
2519 5544 2576 5595 ού
2619 5540 2840 5596 δύναται
2887 5552 3050 5596 ποιεῖν
3100 5545 3354 5617 ἁμαρτίαν
3385 5562 3397 5573 ·
3442 5550 3735 5613 τουτέστιν,
3767 5547 3877 5598 οὐκ

2258 5632 2370 5703 ἔχει
2432 5636 2524 5690 τὴν
2580 5640 2787 5706 γνώμην
2851 5636 3111 5709 ῥέπουσαν
3178 5638 3307 5709 πρὸς
3374 5636 3438 5686 τὰ
3498 5636 3665 5701 πάθη,
3737 5632 3879 5689 οὐδὲ
