3992 6182
202 244 267 299 113
865 308 875 310 _
1155 238 1251 294 AD
1293 236 1753 295 AMPHILOCHII

1876 240 2196 308 QUIESTIO
2243 241 2380 310 Vill,
2422 242 2516 297 IX.

852 308 877 323 ⁴

3418 243 3515 300 illi

195 372 273 439 πρὸς
307 365 482 419 ἐκεῖνα
523 365 611 417 τόν
660 373 779 417 νοῦν
833 358 1509 439 ἐπιστρεφόμενον.⁴.().σπερ
1567 367 1665 439 γὰρ
1715 366 1745 423 ἠ

1870 372 2213 437 serpentem,
2271 383 2462 440 neque
2518 370 2774 424 mentem
2829 367 2907 424 ad
2964 366 3090 422 illas
3141 382 3512 424 conversam.

191 452 433 517 ἀδίδακτος
475 457 631 527 φύσις
683 454 911 527 ἰσχυρὸν
954 457 1019 507 τὰ
1054 457 1197 521 παρὰ
1244 456 1397 527 φύσιν
1437 451 1750 528 ἀποστρέφε-

190 546 281 609 σῦαι,
324 545 497 606 οὕτως
542 546 573 601 ἡ
635 542 690 596 ἐκ
722 540 1074 604 διδασκαλίας
1128 539 1223 595 διὰ
1271 549 1364 604 τῆς
1404 550 1502 595 τῶν
1541 539 1749 614 ἀγαθῶν

187 631 372 704 πράξεως
436 637 736 705 γυμνασίας
804 630 1131 704 ἐπιγινομίνη
1187 630 1288 693 ἕξις
1344 630 1571 703 μεγάλην
1621 629 1752 703 λαμ-

185 721 275 772 Exim
315 724 413 778 τὴν
473 722 633 793 ἰσχύν
666 721 738 783 εἰς
774 725 834 773 τό
866 725 992 796 πρὸς
1034 716 1199 793 μηδὲν
1246 728 1346 772 τῶν
1377 719 1578 793 φαύλων
1609 718 1748 794 ἓπιρ-

182 812 295 885 636;
337 813 485 881 ἔχειν
533 816 623 862 καὶ
662 813 868 872 τούτοις
922 806 1210 881 ἐφήδεσθαι
1243 827 1255 842 ·
1290 806 1398 859 ἀλλ’
1443 809 1473 866 ἡ
1525 810 1615 881 μὲν
1660 815 1751 860 τοῦ

179 902 292 973 ῥητοῦ
332 900 456 952 καθ’
501 898 689 958 ἑαυτὴν
732 898 918 970 σκέψις
966 901 1180 956 τοιαύτη
1235 916 1311 958 τις
1358 896 1417 949 ἂν
1468 899 1567 954 εἴη,
1612 898 1752 950 Ἐπι-

182 989 307 1041 lintre
341 984 397 1040 δ’
428 990 493 1040 ἄν
522 994 613 1040 καὶ
664 991 694 1047 ἠ
728 992 865 1040 κατὰ
911 986 1214 1061 συμπλοκὴν
1261 993 1361 1039 τῶν
1411 987 1583 1063 ῥητῶν
1627 1004 1753 1058 προ-

180 1082 341 1149 Ἠιμένη
376 1076 576 1151 ἀπορία
603 1074 756 1130 οὐδὲν
787 1078 994 1130 ἔλαττον
1022 1081 1109 1130 καὶ
1159 1072 1195 1129 δ
1200 1075 1232 1128 ι’
1265 1075 1369 1137 ἐνὸς
1400 1074 1624 1129 ἑκάστου
1651 1083 1749 1126 τῶν

180 1166 417 1238 εἰρημένων
468 1187 482 1198 ·
519 1163 671 1219 οὐδὲν
717 1170 820 1240 γὰρ
860 1168 1053 1239 ἄπορον
1101 1166 1217 1218 οὗτε
1256 1169 1341 1218 τόν
1390 1167 1583 1236 ἔχοντα
1631 1166 1750 1226 τοὺς

178 1260 527 1329 σπερματικοὺς
554 1255 737 1327 λογούς
784 1254 833 1308 ἐν
873 1255 1038 1326 ἑαυτῷ
1071 1254 1481 1327 βλαστάνοντας,
1522 1256 1622 1306 εἴτε
1653 1261 1750 1305 τῶν

176 1342 327 1418 ἀρετῶν
377 1347 587 1412 εἴησαν,
627 1348 727 1397 εἴτε
760 1352 858 1406 τῆς
896 1343 1152 1405 εὐσεϐείας
1191 1344 1248 1395 αἱ
1290 1341 1594 1407 καταϐολαὶ,
1636 1346 1752 1395 τότε

171 1430 507 1506 μὲνμηδαμῶς
534 1430 903 1506 ἀποδέχεσθαι
928 1439 1021 1492 τὴν
1047 1434 1339 1506 ἑπισπορὰν
1369 1439 1461 1485 τοῦ
1482 1438 1709 1504 πονηροῦ
1735 1448 1748 1462 ·

171 1518 343 1575 imaue
374 1519 438 1576 δε
468 1531 561 1575 τού
592 1530 758 1575 κακοῦ
783 1521 1156 1595 βλαστήματος
1174 1526 1361 1595 ἔρημοι
1390 1529 1750 1593 καταστῶμεν,

170 1615 246 1664 τότε
284 1615 417 1685 πρὸς
456 1616 554 1669 τήν
593 1620 694 1665 τῶν
735 1612 982 1676 ζιζανίων
1021 1608 1300 1683 ὑποδοχὴν
1338 1629 1752 1684 παρασκευασα-

1860 453 2383 519 Quemadmodum
2420 456 2579 511 enim
2608 455 2847 512 indocta
2886 461 3100 512 natura
3130 456 3415 512 violenter
3444 472 3514 513 ea

1859 558 1995 616 quia
2029 559 2211 616 supra
2241 548 2518 601 naturam
2550 550 2689 599 sunt
2718 549 3045 609 aversatur,
3074 545 3155 601 ita
3185 544 3278 600 ille
3309 560 3382 600 ex
3411 544 3515 601 do-

1859 631 2047 688 ctrina
2067 648 2172 705 per
2192 632 2489 690 bonarum
2504 633 2802 690 actionum
2825 634 3169 690 exercitium
3195 634 3385 690 factus
3407 633 3514 689 ha-

1859 719 2009 775 bitus
2057 721 2173 777 vim
2216 738 2502 792 magnam
2534 723 2748 796 accipit
2788 728 2850 778 ut
2880 723 3056 779 nullis
3098 723 3269 778 malis
3317 727 3515 796 serpat

1860 813 1962 864 aut
1992 809 2171 865 nullis
2200 810 2538 868 delectetur.
2576 814 2658 868 Ea
2694 812 2944 886 quidem
2977 817 3131 868 esset
3160 812 3338 883 hujus
3374 812 3513 867 dicti

1861 897 1920 952 in
1941 914 2002 952 se
2024 898 2419 968 investigatio.
2444 900 2778 956 Solveretur
2799 899 3189 957 etditﬁcultas
3218 901 3274 956 in
3302 899 3513 956 verbo-

1860 1002 1992 1041 rum
2016 987 2382 1044 connexione
2408 988 2519 1045 sita
2544 1005 2661 1045 non
2691 990 2889 1045 minus
2912 1004 3016 1061 per
3044 987 3515 1062 unumquodque

1859 1074 2175 1131 dictorum.
2213 1078 2339 1132 Non
2371 1077 2527 1133 enim
2564 1077 2818 1134 dubium
2846 1084 2933 1134 est
2960 1080 3107 1151 quin
3139 1079 3186 1133 is
3216 1078 3314 1151 qui
3344 1077 3515 1133 semi-

1858 1164 2019 1220 nalia
2039 1167 2218 1221 verba
2234 1165 2407 1223 habet
2428 1167 2486 1222 in
2510 1184 2570 1222 se
2592 1168 2724 1239 ipso
2751 1167 3166 1238 germinantia,
3190 1168 3313 1222 sive
3336 1168 3516 1223 virtu-

1860 1257 1978 1310 tem
2021 1254 2155 1319 sint,
2189 1255 2311 1310 sive
2339 1256 2572 1328 pietatis
2598 1256 2760 1327 jacta
2790 1256 3040 1323 semina,
3074 1255 3319 1313 minime
3350 1256 3409 1311 in
3452 1271 3513 1311 se

1862 1342 2003 1398 mali
2023 1344 2311 1400 sationem
2336 1344 2644 1413 admittat;
2670 1361 2807 1401 cum
2835 1351 3035 1402 autem
3065 1345 3221 1402 malo
3245 1344 3511 1415 germine

1859 1431 2034 1487 vacui
2075 1436 2326 1499 stamus,
2372 1438 2509 1489 tunc
2547 1434 2608 1490 in
2647 1435 3005 1491 zizaniorum
3044 1436 3513 1508 acceptationem

1861 1519 2241 1591 accingentes
2263 1538 2372 1578 nos
2399 1522 2729 1589 videamur,
2760 1523 2864 1579 sed
2894 1539 3088 1597 neque
3110 1539 3249 1579 eum
3270 1523 3376 1596 qui
3399 1522 3513 1578 vir-

1861 1613 2047 1665 tutem
2094 1609 2235 1679 agit,
2288 1609 2578 1667 adversus
2621 1611 2869 1674 malum,
2922 1610 3288 1668 inefficacem
3339 1624 3510 1677 esse;

169 1704 319 1771 μένους
354 1702 592 1776 ὁρᾶσθαι
622 1718 636 1733 '
673 1700 781 1753 ἀλλ’
816 1697 940 1754 οὐδὲ
979 1703 1063 1753 τόν
1102 1701 1397 1774 πράττοντα
1430 1703 1524 1758 τὴν
1565 1696 1750 1772 ἀρετὴν

1870 1711 2000 1753 eum
2031 1703 2231 1755 autem
2260 1699 2361 1772 qui
2394 1700 2676 1772 pulchros
2722 1706 2890 1757 actus
2921 1700 3167 1771 negligit
3197 1701 3274 1757 ad
3306 1698 3513 1773 pejora

169 1786 345 1842 ἐπειδὰν
377 1794 580 1849 ταύτην
627 1790 916 1866 εἰλικρινῶς
957 1792 1181 1864 πράττη,
1225 1788 1555 1864 ἀνενίργητον
1593 1788 1748 1841 αὑτὸν

1861 1786 2096 1855 deferri,
2129 1805 2308 1846 nemo
2338 1796 2425 1847 est
2454 1792 2556 1864 qui
2584 1791 2898 1864 disceptat.

170 1882 261 1951 πρὸς
290 1883 389 1937 τὴν
414 1883 606 1931 κακίαν
634 1876 765 1933 εἶναι
799 1896 812 1909 ·
846 1878 1179 1953 ἀμελήσαντα
1204 1875 1263 1932 δι
1282 1886 1379 1932 τῶν
1405 1877 1571 1930 καλῶν
1598 1880 1759 1951 ἔργων
1783 1880 1913 1953 πρὸς
1956 1879 2021 1930 τά
2058 1883 2277 1954 χείρονα
2305 1882 2704 1953 κατενεχθῆναι,
2744 1876 2921 1943 οὐδεὶς
2956 1880 3014 1933 ἃν
3048 1876 3516 1955 διαμφιῶητήσῃ.

212 1971 409 2027 Λυθείη
468 1971 562 2041 μὲν
618 1970 680 2020 ἄν
722 1970 899 2042 ὥσπερ
949 1971 1148 2041 εἴρηται
1190 1964 1285 2020 διὰ
1330 1969 1527 2021 τούτων
1580 1971 1669 2018 καὶ
1725 1966 1755 2025 ἠ

169 2052 378 2109 δοκοῦσα
424 2055 542 2109 κατ’
574 2055 749 2132 ἀρχὰς
778 2066 879 2110 τῶν
906 2057 1077 2133 ῥητῶν
1121 2056 1473 2128 ἕναντιολογία
1502 2072 1516 2088 ⁸
1549 2055 1756 2107 οἰκειω-

166 2150 257 2217 τέρα
290 2142 352 2199 δέ
401 2151 495 2199 καὶ
546 2143 835 2207 ἱδιάζουσα
881 2145 1032 2208 λύσις
1084 2150 1160 2205 εἰη
1202 2147 1263 2198 ἄν
1310 2145 1441 2217 αὐτῇ
1484 2164 1758 2220 προσαγο-

164 2239 260 2305 μένη
306 2237 557 2294 τοιαύτη.
619 2240 800 2296 Διττός
857 2234 989 2288 ἔστιν
1039 2237 1065 2287 6
1121 2242 1213 2308 τῇς
1260 2234 1447 2288 ἀνωθεν
1496 2236 1759 2289 υἱοθεσίας

164 2329 331 2397 τρόπος
373 2344 386 2357 ’
441 2325 468 2376 6
526 2327 618 2395 μεν
664 2325 719 2376 ἐκ
769 2328 931 2395 μόνης
977 2334 1072 2387 τῆς
1122 2324 1412 2397 φιλοτιμίας
1457 2332 1548 2376 τοῦ
1592 2326 1760 2377 υἱοθε-

164 2420 347 2476 toﬁ-ato;
403 2408 844 2485 ἐπιδεικνύμενος,
898 2414 924 2466 6
991 2410 1049 2467 δὲ
1093 2416 1221 2486 μετὰ
1271 2419 1610 2487 συνεισφορᾶς
1661 2420 1758 2476 τῆς

164 2503 397 2575 ἡμετέρας
430 2498 698 2566 σπουδῆς,
725 2502 844 2555 καθ’
874 2505 937 2561 ἦν
968 2505 997 2561 ἠ
1032 2512 1131 2555 τῶν
1167 2502 1357 2578 ἀρετῶν
1389 2505 1756 2575 συνεισάγεται

162 2592 367 2663 ἐργασία
413 2609 427 2622 ·
473 2596 567 2643 καὶ
611 2592 642 2650 ἡ
686 2588 906 2644 δοθεῖσα
938 2600 1032 2653 τῆς
1059 2593 1325 2653 υἱοθεσίας
1370 2592 1560 2645 ἄνωθεν
1598 2593 1758 2665 χάρις

162 2688 205 2752 τῇ
240 2679 344 2733 ἀπό
396 2687 495 2742 τῆς
538 2685 751 2752 γνώμης
801 2678 1120 2733 συνελθοῦσα
1169 2688 1266 2733 τῶν
1321 2678 1512 2755 ἀρετῶν
1550 2680 1753 2756 πράξει,

161 2768 257 2821 ὅλον
312 2768 610 2844 ἀναμορφοῖ
658 2772 745 2821 τὸν
782 2770 1164 2841 υἱοθετούμενον
1201 2771 1333 2843 πρὸς
1369 2773 1464 2828 τὴν
1509 2770 1756 2841 ὁμοίωσιν

160 2862 234 2909 καὶ
277 2861 367 2910 τὸν
407 2865 753 2930 χαρακτῆρα,
801 2859 918 2910 καθ’
967 2859 1088 2909 ὅσον
1118 2857 1259 2911 ἐστὶν
1309 2855 1562 2934 ἀνθρώπῳ
1589 2864 1756 2931 μιμή-

161 2948 351 2999 σασθαι
418 2943 645 2999 δυνατὸν
698 2948 785 2999 τόν
835 2950 1180 3019 γεγεννηκότα
1236 2950 1384 3000 Θεὸν.
1441 2948 1618 3008 Ούτως
1668 2951 1758 3021 μὲν

1941 1969 2047 2022 Per
2078 1966 2206 2023 haec
2245 1968 2489 2042 quidem
2521 1969 2863 2038 solveretur,
2906 1975 2969 2025 ut
2998 1970 3224 2026 dictum
3265 1974 3371 2033 est,
3419 1969 3516 2026 illa

1870 2054 2065 2128 primo
2105 2056 2319 2113 intuitu
2350 2073 2650 2130 apparens
2678 2057 3007 2131 oppositio;
3042 2059 3234 2128 magis
3277 2059 3517 2131 propria

1868 2160 2010 2200 vero
2057 2150 2114 2202 et
2153 2147 2655 2203 accommodatior
2692 2153 2847 2203 esset
2884 2147 2965 2203 illi
3010 2147 3254 2202 admota
3300 2146 3515 2202 solutio

1868 2234 2023 2291 talis.
2056 2236 2280 2308 Duplex
2300 2242 2384 2292 est
2402 2236 2582 2307 hujus
2604 2236 2898 2292 tiliationis
2923 2236 3140 2292 modus
3165 2254 3177 2291 :
3211 2251 3367 2291 unus
3388 2236 3517 2308 qui-

1866 2322 2004 2380 dem
2026 2340 2094 2380 ea
2115 2323 2242 2381 sola
2271 2324 2613 2397 adoptantis
2633 2325 2941 2396 largitione
2967 2341 3036 2381 ac
3054 2324 3249 2380 studio
3271 2322 3515 2380 demon-

1866 2417 2111 2481 stratus;
2143 2413 2288 2470 alter
2317 2430 2466 2478 vero,
2490 2414 2774 2485 adjuncto
2801 2414 3043 2487 proprio
3070 2419 3273 2470 nostro
3300 2412 3511 2481 studio,

1868 2502 1921 2556 vi
1944 2503 2114 2572 cujus
2134 2503 2526 2560 introducitur
2552 2503 2835 2560 virtutum
2856 2503 3111 2576 Operatio
3136 2521 3149 2571 ;
3177 2511 3233 2558 et
3253 2504 3396 2559 data
3421 2520 3512 2557 su-

1866 2605 2065 2663 pernae
2105 2591 2405 2648 liliationis
2450 2592 2640 2661 gratia
2678 2608 2810 2647 cum
2852 2592 3181 2648 voluntaria
3234 2590 3513 2647 virtutum

1867 2681 2029 2754 prati
2052 2681 2433 2747 conveniens,
2458 2687 2644 2737 totum
2662 2680 3042 2737 transformat
3063 2679 3251 2736 ﬁlium
3268 2679 3516 2752 adopta-

1869 2772 1994 2824 tum
2011 2769 2084 2825 ad
2105 2770 2548 2826 similitudinem
2573 2775 2629 2825 et
2644 2770 3067 2833 characterem,
3092 2774 3387 2841 quantum
3407 2768 3514 2825 ho-

1870 2857 2016 2912 mini
2054 2857 2187 2914 licet
2224 2858 2435 2914 intueri
2475 2875 2611 2914 eum
2644 2858 2747 2932 qui
2776 2857 2976 2929 genuit
3008 2859 3215 2914 Deum.
3261 2858 3353 2914 Sic
3387 2857 3516 2929 qni-

1868 2946 2005 3003 dem
2050 2946 2143 3003 ille
2190 2947 2291 3021 qui
2322 2964 2383 3003 se
2415 2948 2528 3003 hoc
2560 2948 2741 3003 modo
2772 2946 2963 3001 ﬁlium
2997 2946 3094 3003 Dei
3142 2945 3288 3015 gerit
3336 2949 3514 3018 atque

160 3031 234 3087 οὖν
296 3036 324 3087 6
390 3038 535 3087 κατὰ
592 3041 773 3087 τοῦτον
816 3038 902 3088 τὸν
950 3040 1138 3107 τρόπον
1189 3041 1539 3111 χρηματίσας
1585 3039 1753 3090 τέκνον

1870 3035 1951 3092 ita
1980 3035 2232 3092 solidam
2264 3041 2318 3092 et
2347 3036 2782 3091 immutabilem
2811 3034 3194 3107 adoptionem
3229 3032 3513 3105 possidet,

160 3131 307 3195 Θεοῦ,
338 3127 431 3176 καὶ
476 3122 615 3176 οὕτω
656 3122 874 3196 βεϐαίαν
917 3126 1001 3176 καὶ
1046 3122 1420 3198 ἀμετακίνητον
1457 3129 1552 3185 τήν
1590 3127 1757 3178 υἱοθε-

161 3218 269 3264 σίαν
313 3215 665 3285 κτησάμενος,
717 3211 1050 3266 ἀναλλοίωτον
1091 3212 1341 3287 λαμϐάνει
1388 3218 1482 3273 τὴν
1525 3215 1627 3278 ἕξιν
1665 3223 1758 3268 τοῦ

157 3301 329 3369 καλοῦ,
375 3307 470 3354 καὶ
502 3308 651 3374 μισεί
692 3306 788 3361 τὴν
817 3301 1076 3375 ἁμαρτίαν
1104 3308 1196 3355 καὶ
1226 3301 1622 3379 ἀποστρέφεται,
1667 3309 1758 3357 καὶ

157 3390 243 3441 οὐκ
286 3390 438 3444 ἐθέλει
479 3393 681 3449 ταύτην
710 3387 919 3464 οὐδαμῆ
970 3398 1155 3447 ποιεῖν.
1190 3392 1251 3445 Ὀ
1294 3396 1385 3464 μέν
1432 3397 1515 3445 τοί
1560 3411 1620 3464 γε
1662 3400 1756 3456 τῆς

157 3487 473 3543 Δεσποτικῆς
508 3478 810 3543 ἀπολαύσας
857 3480 1174 3554 φιλοτιμίας,
1204 3478 1371 3554 μηδὲν
1419 3477 1479 3534 δι
1518 3481 1758 3540 τηλικοῦ-

156 3588 235 3621 τον
282 3574 683 3641 συνεισενεγκὼν
730 3570 796 3631 ὡς
840 3568 1056 3643 βεϐαίαν
1100 3573 1194 3629 τὴν
1245 3572 1509 3624 υἱοθεσίαν
1562 3567 1752 3638 δείξαι,

155 3664 238 3711 καὶ
280 3658 461 3712 ἑαυτὸν
507 3659 654 3722 ἄξιον
683 3661 874 3720 ταύτης
922 3655 1015 3712 διὰ
1047 3666 1148 3712 τῶν
1192 3662 1348 3733 ξογων
1387 3666 1753 3729 παραστῆσαι,

158 3744 297 3809 οὗτος
343 3745 414 3807 δή
447 3748 602 3809 οὗτος
648 3749 744 3800 κάν
792 3756 888 3810 τῆς
932 3749 1199 3812 υἱοθεσίας
1239 3751 1442 3820 ἔτυχεν,
1476 3752 1540 3808 ἦν
1587 3750 1617 3807 ἡ
1673 3756 1755 3802 Δε-

160 3842 373 3896 “erat
455 3836 746 3911 χαρίζεται
835 3836 1122 3911 φιλοτιμία,
1194 3845 1265 3909 τῷ
1332 3840 1525 3897 ταύτην
1591 3839 1757 3911 οἰκείᾳ

158 3932 325 3999 γνώμῃ
368 3931 460 3979 καὶ
511 3922 723 3999 σπουδῇ
770 3930 843 3999 μή
892 3934 1214 4001 συγκροτεῖν,
1274 3925 1501 4003 εὐχερῶς
1552 3931 1756 4001 φέρεται

161 4018 279 4085 πρὸς
338 4018 435 4076 τὰς
489 4023 594 4068 τῶν
663 4015 1050 4090 ἁμαρτημάτων
1103 4015 1311 4091 πράξεις
1360 4032 1373 4046 ·
1415 4018 1473 4068 τὸ
1521 4018 1611 4088 μεν
1650 4018 1753 4068 ἀπὸ

162 4111 246 4165 τῆς
272 4106 496 4178 χάριτος
528 4100 679 4157 δοθεν
733 4108 960 4178 σπέρμα,
1002 4107 1107 4158 οἷον
1147 4103 1551 4180 ἀτελεσφόρητον
1594 4125 1753 4159 κατα-

161 4187 328 4257 λιπὼν,
387 4195 448 4246 τὸ
499 4188 561 4247 δι
602 4192 705 4245 ἀπὸ
761 4201 853 4247 τοῦ
899 4200 1128 4266 πονηροῦ
1179 4192 1483 4269 ἐπισπαρεν,
1520 4194 1753 4267 τελεσφο-

1866 3125 2289 3181 inconcussam
2316 3126 2520 3198 accipit
2542 3124 2951 3181 habitudinem
2973 3123 3115 3179 boni
3137 3127 3193 3179 et
3211 3138 3246 3178 a
3272 3126 3515 3195 peccato

1867 3214 2166 3283 abhorret,
2198 3230 2306 3270 nec
2335 3214 2477 3270 illud
2512 3214 2636 3270 vult
2664 3230 2909 3287 quoquo
2943 3212 3126 3269 modo
3155 3211 3370 3267 facere.
3404 3212 3516 3277 Qui

1868 3309 2067 3360 tamen
2091 3302 2189 3358 illa
2216 3303 2450 3359 Domini
2477 3302 2786 3372 largitione
2814 3302 3020 3358 fruitus
3048 3306 3140 3357 est
3160 3316 3354 3372 neque
3377 3301 3516 3357 satis

1868 3394 2091 3449 curavit
2115 3403 2177 3449 ut
2197 3391 2451 3448 solidam
2474 3392 2855 3464 ad0ptionem
2877 3391 3213 3448 ostenderet
3236 3394 3294 3446 et
3319 3406 3380 3445 se
3402 3389 3516 3444 hac

1865 3497 1998 3539 esse
2026 3481 2277 3556 dignum
2308 3481 2590 3554 operibus
2621 3481 2976 3545 ostenderet,
3009 3479 3103 3535 ille
3134 3495 3297 3545 sane,
3328 3494 3518 3552 quan-

1864 3587 2047 3645 quam
2064 3570 2448 3643 adoptionem
2467 3569 2705 3626 sortitus
2723 3575 3005 3642 estquam
3026 3568 3518 3639 Dominilargitur

1865 3661 2121 3727 affectio,
2149 3660 2290 3734 quia
2320 3676 2437 3716 non
2463 3676 2594 3715 eam
2622 3660 2864 3732 propria
2890 3658 3190 3714 voluntate
3221 3664 3276 3713 et
3303 3657 3516 3712 ardore

1864 3749 2198 3815 conﬁrmat,
2248 3749 2325 3804 ad
2356 3754 2731 3821 peccatorum
2763 3754 2930 3803 actus
2956 3745 3129 3802 facile
3161 3745 3365 3802 fertur.
3413 3744 3516 3800 illo

1862 3837 2129 3909 quidem,
2157 3837 2321 3911 quod
2349 3838 2538 3907 gratia
2557 3836 2767 3893 datum
2795 3840 2899 3902 est,
2919 3836 3145 3890 semine
3173 3832 3515 3906 imperfecto

1861 3927 2083 3991 relicto,
2115 3927 2280 3999 quod
2310 3942 2347 3983 a
2380 3925 2541 3983 malo
2571 3926 2931 3982 seminatum
2963 3930 3052 3981 est
3081 3924 3318 3996 propria
3350 3924 3516 3978 indo-

1862 4015 2043 4073 lentia
2077 4015 2377 4088 perticxtnr
2416 4019 2472 4071 et
2509 4013 2749 4080 colitur;
2789 4014 2953 4088 quod
2994 4013 3055 4070 in
3096 4030 3158 4071 se
3201 4012 3513 4070 conferens

1862 4105 2066 4173 homo,
2113 4104 2325 4161 merito
2372 4120 2494 4161 non
2533 4110 2621 4161 est
2658 4103 2815 4160 ﬁlius
2854 4104 2973 4170 Dei,
3015 4102 3123 4159 sed
3167 4102 3332 4160 ﬁlius
3385 4101 3513 4157 dia-

1861 4193 2003 4249 boli.

427 4300 483 4335 τε
525 4286 615 4334 καὶ
642 4284 1025 4355 γεωργούμενον
1062 4282 1229 4356 οἰκείᾳ
1255 4283 1490 4358 ῥᾳθυμίᾳ
1532 4299 1544 4312 ·
1579 4285 1700 4360 ὅπερ
1731 4287 1818 4337 καὶ
1844 4286 2124 4359 περιφέρων
2152 4281 2199 4336 ἐν
2226 4284 2412 4354 ἐαυτῷ,
2447 4281 2659 4345 εἰκότως
2688 4280 2801 4334 ἀντὶ
2830 4289 2921 4335 τοῦ
2961 4284 3130 4333 τέκνον
3169 4280 3298 4332 εἶναι
3353 4285 3512 4345 Θεοῦ,

164 4371 320 4421 τέκνον
345 4374 677 4443 χρηματίζει
708 4378 798 4424 τοῦ
829 4367 1098 4425 διαϐόλου.

742 4493 1057 4542 ΕΡΩΤΗΣΙΣ
1097 4486 1179 4543 ϐ’.

172 4612 272 4670 Πῶς
315 4618 408 4663 τοῦ
462 4612 776 4685 θεοπάτορος
843 4608 1012 4664 Δαϐὶδ
1041 4611 1311 4685 Αεὶπόντος,
1365 4611 1751 4685 «ΛέΑνθρωτι-ος

232 4686 347 4736 ὡσεὶ
402 4688 599 4757 χόρτος
649 4682 708 4735 at
753 4684 944 4757 ἡμέραι
991 4682 1171 4750 αὐτοῦ,
1222 4703 1251 4735 »
1280 4688 1371 4737 καὶ
1402 4683 1537 4752 ἑξῆς,
1576 4682 1602 4736 6
1632 4686 1750 4736 τού-

234 4770 316 4804 του
355 4753 487 4816 παῖς
522 4753 758 4830 Σολομὼν
790 4753 1173 4827 ἀποφαίνεται,
1203 4773 1233 4807 ι(
1281 4758 1431 4828 Μέγα
1477 4756 1750 4830 ἄνθρωπος

234 4829 315 4877 καὶ
350 4831 520 4899 τίμιον
550 4824 680 4901 ἀνὴρ
710 4840 723 4891 ;
760 4848 779 4873 ε

2454 4484 2775 4551 ΟΠΛΕΒΤΙΟ
2819 4486 2911 4540 ΙΧ.

1862 4609 2148 4681 Quomodo
2212 4609 2429 4666 Davide
2490 4609 2597 4681 Dei
2654 4615 2825 4676 patre
2878 4608 3109 4665 dicente
3167 4624 3180 4664 :
3243 4631 3269 4659 ι(
3324 4609 3515 4665 Homo

1929 4686 2210 4751 tanquam
2235 4682 2444 4750 fenum
2475 4680 2597 4735 dies
2629 4682 2777 4750 ejus,
2822 4699 2850 4731 «
2882 4681 3165 4736 Salomon
3195 4682 3323 4751 ejus
3351 4682 3515 4749 ﬁlius

1930 4698 2026 4738 tan
2074 4698 2210 4737 uam
2235 4698 2444 4750 fenum
2475 4698 2597 4735 aues
2629 4698 2777 4750 εμιε,
2822 4699 2850 4731 ‹‹
2882 4698 3165 4736 o'awmon
3195 4698 3323 4751 ejus
3351 4698 3515 4749 [mus

1930 4698 2235 4809 decliurat:
2267 4772 2294 4803 ‹‹
2316 4752 2418 4807 Est
2439 4751 2664 4823 aliquid
2683 4767 2966 4823 magnum
2991 4752 3182 4817 homo,
3206 4758 3259 4809 et
3280 4752 3516 4824 aliquid

1931 4824 2155 4881 honore
2182 4824 2429 4895 dignum
2465 4826 2560 4879 vir
2584 4824 2612 4880 ?
2643 4843 2672 4875 »

229 4972 411 5026 Editaa
430 4977 589 5033 Maio,
614 4976 649 5025 l.
673 4989 742 5033 c.,
765 4990 817 5040 ι).
847 4977 876 5025 8
904 4977 949 5025 9.
969 4974 1248 5036 Quomodo
1272 4974 1489 5028 Davidis
1511 4976 1834 5089 verbacl’sal.
1858 4990 1941 5089 9:,
1965 4976 2046 5087 tu,
2067 4976 2145 5032 15.
2172 4988 2294 5025 cum
2321 4974 2620 5025 Salomonis
2639 4974 2816 5031 ell'ato.
2842 4974 2993 5025 Prov.
3012 4988 3096 5037 xx,
3119 4977 3148 5024 6
3172 4975 3345 5040 (juxta
3366 4970 3517 5032 LXX)

1692 5053 1886 5089 onvem
1924 5053 1958 5088 n
1987 5074 2000 5088 .

1692 5053 1958 5090 onveman
1965 5053 2000 5088 ι.

234 5184 329 5235 Τήν
354 5188 447 5233 τῶν
490 5180 777 5256 ἀνθρώπων
820 5184 976 5255 φύσιν
1010 5184 1081 5245 ὡς
1122 5182 1190 5234 τὰ
1238 5180 1402 5234 πολλά
1427 5186 1516 5234 καὶ
1554 5182 1581 5234 6
1621 5183 1755 5243 θεῖος

181 5264 321 5319 Διϐὶδ
377 5269 764 5337 κατευτελίζων,
818 5275 909 5322 καὶ
964 5271 991 5323 ό
1051 5273 1207 5343 σοφός
1253 5269 1548 5343 μεγαλύνων
1603 5268 1748 5323 Σολο-

177 5359 286 5422 μὼν,
342 5357 429 5410 οὐκ
482 5358 717 5413 ὶναντίαν
792 5356 1027 5422 ἀλλήλοις
1094 5357 1471 5430 ἀντεισάγουσι
1523 5354 1681 5422 δόξαν
1733 5375 1746 5389 ο

176 5440 226 5490 θ’)
380 5444 517 5501 οὗτοι
554 5452 712 5522 μόνον
756 5450 1000 5511 τοιαύτας
1039 5446 1330 5521 ἀποφάσεις
1368 5453 1486 5518 περὶ
1529 5455 1621 5500 τού
1665 5445 1750 5499 ἀν-

178 5528 399 5598 θρωπείου
449 5542 631 5608 γένους
666 5543 963 5606 ποιοῦνται,
1017 5535 1146 5590 ἀλλὰ
1196 5540 1286 5589 καὶ
1330 5536 1604 5608 πολλαχοῦ
1658 5543 1748 5597 τῆς

176 5622 292 5683 Θείας
341 5628 532 5699 Γραφῆς
602 5628 862 5700 εὑρήσεις,
914 5634 1062 5680 τοῦτο
1118 5628 1210 5700 μεν
1274 5624 1583 5701 ἐπαίρουσα,
1650 5628 1746 5685 τὴν

1937 5184 2276 5237 Humanam
2317 5184 2598 5237 naturam
2638 5180 2991 5254 plerumque
3033 5186 3090 5238 et
3127 5182 3363 5239 divinus
3400 5184 3512 5238 Da-

1862 5269 1962 5326 vid
1990 5269 2160 5342 parvi
2191 5268 2418 5325 faciens
2450 5272 2509 5325 et
2533 5269 2771 5341 sapiens
2805 5270 3087 5327 Salomon
3114 5270 3515 5341 magniﬁcans

1860 5373 1984 5414 non
2010 5359 2320 5431 oppositas
2344 5358 2494 5414 inter
2516 5373 2578 5413 se
2605 5359 2927 5414 sententias
2953 5359 3357 5417 introducunt.
3386 5362 3513 5416 Non

1859 5447 2025 5504 enim
2048 5447 2127 5503 illi
2148 5446 2535 5504 solummodo
2551 5448 2626 5503 de
2646 5447 2916 5505 humano
2939 5465 3153 5519 genere
3172 5449 3309 5506 talia
3325 5448 3515 5505 decla-

1858 5542 2010 5603 rant,
2044 5535 2149 5592 sed
2180 5540 2237 5592 et
2268 5535 2324 5591 in
2357 5534 2658 5608 plerisque
2691 5551 2873 5592 sacrze
2907 5538 3222 5610 Scripturaa
3253 5536 3397 5594 locis
3430 5538 3515 5591 in-

1856 5625 2061 5683 venies
2084 5639 2221 5683 eam
2248 5624 2614 5684 attollentem
2640 5624 2888 5696 quidem
2915 5632 3182 5683 nostram
3207 5630 3510 5690 naturam,
