3992 6182
424 197 524 255 1Ἰὸ
1643 192 1883 249 PHOTII
1924 191 2072 249 PATl

2184 190 2409 248 .RCH/E
2446 192 2552 247 ΟΡ.
3686 195 3786 249 116

419 337 626 379 rursus
648 325 849 377 autem
876 335 1008 378 eam
1037 319 1499 393 vilipendentem
1522 322 1577 376 et
1596 318 2031 391 deprimentem
2057 333 2072 385 ;

2191 319 2441 393 ἡμετέραν
2491 319 2666 390 φύσιν,
2696 322 2849 370 τοῦτο
2899 314 2958 370 δὲ
2988 315 3142 369 πάλιν
3192 317 3655 379 κατευτελίζουσαν
3698 326 3788 371 καὶ

420 427 529 467 nec
555 414 782 467 tantum
808 408 1128 483 Scriptura,
1158 408 1265 465 sed
1292 413 1345 465 et
1365 409 1708 483 quicunque
1734 411 2072 464 nostrorum

420 504 765 556 sanctorum
789 501 1024 555 Patrum
1048 515 1252 556 veram
1284 497 1637 572 sapientiam
1664 496 1802 553 inde
1831 496 2075 569 mystice

420 589 580 646 docti
612 591 771 660 sunt,
801 586 1073 645 diversas
1104 587 1432 644 sententias
1458 586 1531 644 de
1561 586 1829 643 humano
1861 601 2075 655 genere

422 682 768 748 statuentes,
788 693 908 734 non
927 693 999 734 ea
1016 676 1441 734 sententiarum
1459 674 1791 732 differentia
1808 673 2075 731 rebellio-

421 783 559 824 nem
588 770 685 823 aut
717 781 987 839 pugnam
1014 766 1073 822 in
1105 782 1166 823 se
1192 765 1358 840 ipsos
1383 770 1440 821 et
1472 763 1531 820 in
1561 763 1711 821 alios
1742 765 2073 821 concitasse

419 856 708 925 videntur,
742 855 847 913 sed
877 854 1263 912 concordiam
1296 858 1349 910 et
1381 859 1737 911 concentum
1770 857 2074 910 servantes

419 946 812 1019 reperiuntur.
830 943 1144 1012 Quomodo
1159 948 1359 1001 autem
1376 960 1476 1000 eas
1489 941 1831 1000 differentes
1847 947 2075 999 senten-

425 1036 531 1091 tias
551 1034 712 1090 nulla
730 1033 787 1089 in
802 1034 1107 1089 veritatem
1121 1031 1752 1106 pugnaautoppositio
1767 1035 2071 1104 sequatur,

422 1123 559 1180 hinc
582 1121 750 1179 facile
778 1127 863 1179 est
891 1121 1231 1192 intelligere.
1268 1122 1569 1194 Duplicem
1593 1120 2072 1177 constitutionem

420 1213 603 1270 habet
621 1213 824 1278 homo,
845 1217 899 1268 et
920 1211 1220 1284 duplicem
1243 1213 1382 1269 vixit
1402 1213 1601 1277 vitam,
1631 1226 1813 1267 unam
1833 1210 2073 1283 quidem

421 1307 555 1359 ante
582 1301 1132 1374 praevaricationem
1162 1304 1219 1357 et
1246 1300 1494 1357 alteram
1523 1306 1659 1374 post
1684 1298 2073 1357 violationem

420 1391 587 1463 legis.
631 1392 766 1462 Ejus
804 1396 1003 1447 autem
1044 1389 1374 1446 constitutio
1414 1406 1485 1446 ex
1528 1405 1642 1445 una
1684 1393 1850 1462 parte
1886 1387 2075 1445 lutum

420 1484 475 1535 et
500 1481 646 1535 cinis
659 1484 764 1546 est,
783 1497 850 1535 ex
870 1480 1054 1536 altera
1075 1496 1212 1536 vero
1230 1479 1699 1552 omnipotentem
1723 1483 1996 1534 naturam
2021 1481 2077 1533 et

420 1569 490 1625 iis
521 1569 806 1625 omnibus
836 1586 971 1643 quas
1003 1574 1139 1625 sunt
1166 1570 1561 1642 imperantem
1595 1568 1873 1624 imitatur.
1909 1569 2073 1633 Quaa-

2186 408 2327 458 κάτω
2377 408 2608 459 τιθεῖσαν
2648 422 2665 440 ⁸
2709 405 2767 458 οὗ
2797 409 2948 479 μόνον
2987 403 3046 459 δὲ
3076 406 3207 459 ἄλλα
3244 412 3333 459 καὶ
3364 408 3481 459 ὅσοι
3511 416 3609 460 τῶν
3655 409 3788 481 ἠμε-

2184 500 2340 569 τέρων
2393 498 2538 571 ἱερῶν
2599 500 2835 571 Πατέρων
2893 495 3078 549 ἐκεῖθεν
3130 500 3222 554 τὴν
3280 494 3525 555 ὀληθινην
3566 500 3792 569 ἐμυστα-

2182 586 2503 657 γωγήθησαν
2546 589 2749 657 σοφίαν,
2784 588 2873 637 καὶ
2896 585 3040 638 οὗτοι
3068 582 3347 661 διαφόρους
3395 581 3549 650 δόξας
3594 588 3792 658 Θέμενοι

2182 678 2299 750 περὶ
2363 678 2421 727 τό
2497 673 2835 749 ἀνθρώπινον,
2925 674 3019 726 οὐκ
3087 672 3135 727 ἓν
3222 682 3294 745 τῷ
3377 670 3610 747 διαφόρῳ
3690 684 3790 728 τῶν

2181 762 2536 836 ψηφισμάτων
2594 764 2778 816 στάσιν
2822 766 2851 823 ἦ
2905 766 3090 837 μάχην
3142 766 3273 837 πρὸς
3329 763 3540 825 ἑαυτοὺς
3581 768 3610 823 ἤ
3665 768 3793 839 πρὸς

2184 851 2427 915 ἀλλήλους
2486 858 2751 925 φαίνονται
2823 858 3301 926 συνεισενεγκόντες,
3372 852 3477 905 αλλ’
3548 855 3791 927 ὁμόνοιάν

2181 961 2235 995 τε
2282 946 2371 994 καὶ
2430 947 2727 1015 συμφωνίαν
2773 943 2995 1016 ὁρῶνται
3051 938 3513 1017 διαπεπραγμένοι.
3568 950 3688 1005 Πῶς
3732 940 3793 996 δί

2184 1027 2413 1107 διάφορα
2468 1029 2883 1104 ἀποφαινομένων
2938 1029 3161 1104 οὐδεμία
3208 1033 3361 1104 μάχη
3412 1035 3441 1091 ἦ
3486 1030 3795 1094 ἐναντίωσις

2184 1123 2312 1197 πρὸς
2364 1124 2456 1179 τὴν
2510 1120 2750 1180 ἀληθειαν
2808 1119 3162 1191 ἐπακολουθεῖ,
3226 1118 3447 1173 ἐντεῦθεν
3505 1122 3645 1173 ἔστιν

2184 1205 2298 1262 διον
2362 1208 2553 1263 λαϐεῖν.
2625 1209 2815 1268 Διπλῆν
2872 1216 2964 1269 την
3027 1214 3354 1268 κατασκευὴν
3421 1210 3446 1261 6
3514 1211 3795 1284 ἅνθρωπος

2184 1300 2315 1371 ἔχει,
2359 1304 2446 1351 καὶ
2498 1295 2714 1351 διπλοῦν
2771 1297 3135 1352 ἐπολιτεύσατο
3194 1297 3311 1371 βίον
3366 1316 3377 1328 ·
3420 1301 3505 1350 τόν
3548 1302 3640 1371 μὲν
3690 1300 3796 1373 πρὸ

2183 1397 2276 1450 τῆς
2328 1387 2690 1461 παραϐάσεως,
2741 1390 2825 1439 τόν
2883 1382 2940 1440 δε
2983 1390 3116 1460 μετὰ
3165 1393 3256 1445 τήν
3297 1385 3544 1445 ἀθέτησιν
3584 1395 3681 1449 τῆς
3720 1386 3797 1438 ἐν-

2184 1477 2337 1540 τολῆς
2372 1495 2383 1506 ·
2427 1480 2455 1536 ἡ
2494 1472 2550 1530 δε
2590 1480 2909 1543 κατασκευὴ,
2939 1480 2996 1529 τό
3027 1480 3115 1549 μεν
3157 1475 3315 1529 αὐτοῦ
3369 1476 3532 1540 πηλός
3562 1476 3673 1528 ἐστι
3703 1481 3800 1529 καὶ

2185 1573 2342 1632 κόνις,
2399 1570 2453 1619 τό
2522 1563 2579 1619 δὲ
2644 1572 2734 1625 τὴν
2797 1571 3271 1639 παντοκρατορικὴν
3322 1570 3414 1617 καὶ
3465 1562 3799 1624 δεσποτικήν

421 1674 657 1732 cunque
674 1657 1169 1730 igiturhominem
1184 1657 1455 1715 attollunt
1469 1663 1524 1714 et
1537 1674 1771 1713 sursum
1789 1660 2070 1728 statuunt,

2188 1665 2285 1709 τῶν
2312 1659 2465 1708 ὄντων
2508 1655 2744 1707 ἁπάντων
2777 1654 3069 1720 ἐξεικονίζει
3103 1658 3257 1728 φύσιν
3293 1672 3303 1684 ·
3339 1657 3439 1707 ὅσα
3466 1651 3554 1708 οὖν
3586 1653 3795 1728 ἐπαίρει

420 1746 511 1803 vel
542 1747 593 1802 ei
626 1747 778 1803 datae
809 1747 1112 1819 dignitatis
1146 1746 1620 1818 magnitudinem
1654 1744 1950 1814 exhibent,
1980 1744 2074 1802 vel

420 1834 657 1892 beatam
708 1842 763 1890 et
804 1835 1032 1891 felicem
1071 1840 1209 1892 ante
1263 1835 1807 1909 praevaricationem
1851 1834 2071 1904 vitam;

420 1939 797 1997 quaecunque
810 1930 1007 1981 autem
1027 1923 1190 1980 illum
1206 1924 1539 1997 depretiant
1554 1923 1984 1997 etdeprimunt,
2004 1938 2075 1980 ex

420 2027 539 2066 una
562 2016 729 2085 parte
749 2011 908 2068 mala
930 2017 1065 2085 post
1092 2012 1627 2082 transgressionem
1655 2010 1861 2082 gravia
1882 2016 2077 2067 osten-

419 2100 588 2165 dunt,
619 2115 690 2155 ex
716 2098 898 2157 altera
926 2116 1066 2157 vero
1098 2099 1268 2158 illum
1294 2116 1429 2156 esse
1457 2100 1761 2173 pulverem
1793 2105 1849 2157 et
1875 2100 1933 2155 in
1968 2104 2076 2155 ter-

417 2205 548 2246 ram
577 2188 846 2257 dissolvi,
876 2189 1187 2246 manifeste
1219 2189 1653 2248 demonstrant.
1688 2189 1799 2246 Sed
1830 2188 1958 2245 haec
1984 2188 2073 2244 di-

418 2277 608 2334 cimus
636 2283 920 2352 tanquam
948 2280 1143 2352 prima
1172 2283 1229 2336 et
1258 2278 1631 2335 dominantia
1664 2278 1949 2352 principia
1977 2276 2075 2333 de—

418 2367 769 2423 scribentes.
806 2370 882 2423 Ex
912 2367 1004 2424 his
1030 2373 1229 2423 autem
1256 2367 1444 2423 multa
1470 2372 1526 2424 et
1553 2364 1669 2423 alia
1694 2370 2025 2425 nascuntur
2054 2384 2069 2425 :

416 2456 851 2511 conterminum
876 2462 960 2511 est
991 2456 1151 2512 enim
1173 2455 1482 2528 quomodo
1505 2456 1686 2512 homo
1718 2472 1853 2512 cum
1880 2455 2071 2511 factus

421 2543 496 2598 sit
524 2548 578 2599 et
609 2545 817 2616 possit,
852 2545 898 2600 si
926 2544 1082 2611 velit,
1117 2546 1261 2601 deus
1286 2544 1459 2611 effici,
1492 2562 1600 2601 nec
1631 2546 1851 2602 habeat
1875 2561 2072 2601 neces-

420 2632 676 2698 sitatem,
734 2632 784 2688 si
815 2632 971 2699 velit,
1006 2633 1083 2689 ad
1117 2634 1322 2707 pejora
1361 2634 1527 2689 illum
1561 2634 1852 2707 impetum
1900 2635 2071 2691 attol-

418 2720 633 2776 lentem
685 2726 931 2792 vertere,
968 2721 1128 2779 mille
1156 2721 1366 2779 laudes
1399 2722 1661 2779 obtinere
1691 2723 1907 2796 dignus
1958 2725 2070 2791 sit;

419 2809 674 2867 stolidus
714 2816 914 2867 autem
955 2817 1009 2867 et
1040 2811 1270 2879 brutus,
1305 2828 1376 2868 ne
1417 2812 1615 2868 dicam
1656 2812 2071 2885 improborum

417 2900 833 2956 daemoniorum
854 2901 1076 2957 malitiae
1092 2917 1335 2957 consors
1353 2901 1616 2966 effectus,
1634 2902 1780 2957 mille
1795 2902 2073 2973 subjicia-

2191 1749 2277 1799 τόν
2326 1746 2594 1818 ἄνθρωπον
2638 1750 2727 1796 καὶ¹
2757 1746 2859 1796 άνω
2896 1746 3127 1812 ῖστησιν,
3161 1748 3191 1804 ἦ
3235 1751 3325 1797 τοῦ
3358 1739 3597 1805 δοθέντος
3643 1744 3789 1814 αὐτῷ

2186 1834 2479 1907 ἀξιώματος
2530 1837 2584 1886 τό
2659 1836 2875 1907 μέγεθος
2930 1835 3255 1906 ὑπεμφαίνει,
3314 1836 3342 1892 ἣ
3401 1836 3486 1886 τόν
3540 1835 3642 1906 πρὸ
3690 1842 3791 1894 τῆς

2184 1923 2530 1993 παραϐάσεως
2557 1926 2813 1998 μακάριον
2839 1929 2926 1976 καὶ
2972 1919 3257 1995 εὐδαίμονα
3287 1920 3403 1997 βίον
3434 1943 3446 1955 ⁸
3477 1923 3578 1975 ὅσα
3622 1919 3683 1975 δὲ
3714 1922 3799 1975 εὖ·

2184 2013 2373 2076 τιλίζει
2410 2018 2500 2066 καὶ
2532 2015 2671 2064 κάτω
2714 2015 2915 2079 τίθησι,
2961 2019 3113 2064 τοῦτο
3143 2015 3233 2085 μὲν
3282 2014 3345 2065 τὰ
3393 2014 3523 2084 μετὰ
3562 2017 3657 2070 την
3696 2032 3797 2066 πα-

2182 2102 2405 2177 ράϐασιν
2458 2105 2667 2161 τίθησιν
2710 2101 2933 2175 ἀλγεινὰ,
2986 2109 3142 2155 τοῦτο
3180 2094 3239 2155 δε
3278 2106 3363 2154 καί
3400 2103 3479 2154 ὅτι
3509 2108 3647 2173 χοῦς
3679 2100 3797 2155 ἐστι

2183 2197 2272 2246 καὶ
2325 2192 2393 2254 εἰς
2421 2200 2520 2265 γῆν
2560 2191 2786 2257 ἀναλύει,
2824 2196 3145 2265 παρίστησιν
3183 2199 3378 2264 σαφῶς.
3427 2189 3584 2243 Ἀλλὰ
3620 2191 3794 2244 ταῦτά

2184 2302 2344 2355 φαμεν
2396 2284 2548 2335 οἱονεὶ
2618 2283 2708 2343 τὰς
2769 2287 2971 2356 πρώτας
3040 2284 3128 2333 καὶ
3184 2281 3505 2352 κυριωτάτας
3563 2277 3792 2356 ἀναγρά-

2183 2391 2360 2445 φοντες
2387 2369 2574 2447 ἀρχάς.
2614 2372 2702 2424 Ἐκ
2739 2366 2799 2423 δε
2837 2372 3030 2423 τούτων
3072 2368 3233 2422 πολλὰ
3270 2374 3359 2422 καὶ
3385 2368 3515 2422 ὧλα
3554 2372 3742 2441 φύεται
3776 2390 3790 2404 ο

2181 2463 2421 2537 μεθόριον
2452 2462 2552 2534 γὰρ
2591 2462 2764 2534 ὥσπερ
2796 2461 2821 2511 6
2868 2461 3137 2532 ἅνθρωπος
3182 2463 3408 2532 γεγονὼς
3435 2464 3527 2511 καὶ
3565 2454 3795 2531 δυνάμε-

2180 2570 2264 2613 νος
2308 2554 2444 2626 εἴπερ
2495 2548 2738 2623 βούλοιτο
2791 2550 3061 2614 θεωθῆναι,
3122 2548 3215 2601 οὐκ
3263 2550 3397 2620 ἒχων
3448 2543 3508 2600 δὲ
3555 2546 3793 2620 ἀνάγκην

2181 2642 2242 2692 οἷν
2286 2659 2378 2713 περ
2422 2637 2660 2711 βούλοιτο
2696 2641 2824 2712 πρός
2863 2639 2929 2690 τὰ
2970 2642 3136 2712 χείρω
3182 2637 3340 2712 ῥέψαι
3374 2635 3794 2689 ἁναστέλλονσαν

2180 2735 2269 2788 τὴν
2309 2730 2492 2804 ὁρμὴν,
2538 2729 2803 2799 θεούμενος
2859 2728 2948 2799 μὲν
2997 2734 3098 2778 τῶν
3135 2731 3330 2801 μυρίων
3379 2722 3598 2777 ἱπαίνων
3649 2726 3795 2788 ἄξιός

2181 2817 2293 2871 ἐστι
2324 2819 2625 2890 τυγχάνειν,
2676 2813 3115 2888 ἁποθηριούμενος
3162 2811 3219 2868 δὲ
3264 2819 3353 2866 καὶ
3393 2809 3669 2876 κτηνώὸης
3708 2834 3797 2886 γε-

2179 2912 2405 2980 νόμενος,
2468 2907 2548 2957 ἱνα
2593 2909 2664 2977 μὴ
2723 2904 2853 2975 λέγω
2921 2912 2983 2976 τῇ
3054 2912 3152 2956 τῶν
3226 2912 3459 2977 πονηρῶν
3525 2900 3795 2975 δαιμόνων

416 2991 511 3045 tur
559 2988 1161 3062 exprobrationibus;
1214 2994 1271 3047 et
1318 2997 1454 3046 ante
1497 2990 1626 3046 haec
1674 2990 1882 3048 omnia
1935 2992 2068 3048 vitm

2184 2994 2633 3071 παραμιλλὼμενος
2682 2999 2862 3066 κακίᾳ,
2911 2995 3122 3067 μυρίοις
3161 2991 3503 3046 ὑποϐάλλεται
3538 2992 3736 3065 ψόγοις
3777 3009 3791 3021 ·

415 3078 813 3151 voluptatibus
832 3096 903 3135 ac
925 3078 1148 3136 deliciis
1170 3085 1426 3136 mentem
1453 3095 1754 3147 exercens,
1780 3081 2070 3137 sexcentis

398 3166 680 3239 ,quotidie
699 3166 1211 3224 circumfundatur
1225 3167 1415 3233 malis,
1432 3168 1529 3224 vix
1543 3167 2064 3241 aliquandoillud:

416 3254 659 3311 Vanitas
676 3255 1006 3313 vanitatum
1028 3261 1084 3311 et
1104 3257 1307 3313 omnia
1323 3258 1553 3313 vanitas
1570 3260 1617 3293 ⁸ο
1639 3257 1844 3314 valens
1862 3257 2070 3315 intelli-

418 3358 574 3413 gere.
594 3345 662 3399 Se
685 3347 877 3399 autem
901 3345 1128 3401 ratione
1144 3362 1178 3401 a
1198 3347 1417 3401 mundo
1436 3362 1759 3418 segregans
1782 3351 1837 3402 et
1852 3348 1929 3405 ab
1942 3364 2069 3403 om-

418 3431 594 3488 nibus
622 3448 759 3503 quae
793 3433 848 3487 in
885 3433 1113 3490 mundo
1159 3435 1542 3492 circumstant
1574 3436 1767 3507 nugis,
1803 3436 2073 3494 maxima

419 3519 631 3576 fruitur
674 3520 1002 3593 voluptate,
1036 3526 1092 3577 et
1122 3528 1444 3595 antequam
1473 3523 1670 3580 futura
1700 3508 1863 3582 bona
1906 3541 2070 3581 asse-

417 3612 656 3683 quatur,
689 3614 971 3682 tanquam
1005 3610 1265 3680 imagine
1287 3618 1342 3667 et
1364 3612 1655 3685 praeludio
1685 3613 1839 3669 illius
1870 3613 2070 3670 multa;

417 3696 707 3753 felicitatis
746 3698 1020 3771 praesenti
1061 3704 1325 3772 tempore
1378 3699 1611 3758 fruitur.
1654 3705 1853 3775 Neque
1893 3703 2077 3775 igitur

417 3791 584 3858 pater
626 3786 747 3842 filio
786 3786 1155 3859 adversatur,
1196 3794 1385 3862 pater,
1435 3790 1705 3863 inquam,
1749 3791 1933 3848 David
1976 3808 2073 3849 sa-

416 3874 601 3947 pienti
644 3875 966 3942 Salomoni,
998 3876 1142 3933 dum
1177 3876 1322 3934 alter
1355 3878 1577 3944 laudat,
1614 3879 1759 3936 alter
1788 3896 1929 3936 vero
1969 3881 2071 3937 de-

418 3963 618 4036 primit
648 3963 974 4034 hominem,
1009 3982 1201 4039 neque
1247 3966 1446 4024 divina
1477 3969 1784 4041 Scriptura
1816 3969 1925 4026 sibi
1958 3968 2073 4043 ipsi

419 4057 668 4125 pugnat,
692 4053 795 4110 sed
818 4070 1012 4128 neque
1035 4052 1274 4111 Patrum
1300 4060 1643 4113 nostrorum
1670 4057 1906 4114 divinus
1930 4057 2071 4115 cho-

419 4158 520 4198 rus
537 4158 694 4198 nunc
709 4143 952 4216 quidem
981 4143 1312 4201 humanam
1337 4152 1613 4202 naturam
1637 4146 2071 4215 deiﬁcantium,

418 4246 580 4288 nunc
600 4237 801 4288 autem
815 4233 980 4305 parvi
998 4233 1409 4305 pendentium,
1429 4240 1483 4290 et
1499 4235 1573 4290 ad
1596 4236 1865 4292 ultimam
1887 4235 2073 4292 vilita-

420 4324 539 4376 tem
570 4319 983 4392 redigentium.
1015 4323 1081 4376 Et
1109 4321 1376 4393 sepositis
1402 4338 1535 4395 qua:
1560 4323 1717 4379 dicta
1748 4328 1902 4389 sunt,
1928 4340 2074 4397 quo-

422 4409 605 4465 modo
651 4410 915 4483 corporis
972 4409 1314 4467 affectiones
1370 4417 1428 4467 et
1478 4412 1828 4485 quotidiana
1869 4418 2074 4470 nostra

421 4498 646 4554 damna
698 4515 819 4554 non
861 4516 970 4555 nos
1008 4500 1458 4572 deprimerent?
1496 4501 1814 4559 Conversio
1870 4508 2072 4559 autem

424 4587 638 4643 mentis
666 4588 741 4643 ad
770 4588 1334 4661 contemplationem
1364 4597 1421 4647 et
1449 4607 1723 4664 supernae
1749 4592 2075 4665 voluptatis

423 4675 758 4747 puritatem,
800 4679 1111 4750 quomodo
1144 4685 1412 4738 nostram
1448 4680 1634 4737 vitam
1671 4696 1790 4738 non
1832 4681 2072 4739 beatam

424 4777 495 4819 ac
526 4762 754 4819 felicem
785 4768 1172 4835 prrestarent?

1027 4979 1343 5043 QUA'ISTIO
1384 4983 1423 5037 X
1437 5026 1450 5039 .

497 5102 693 5171 Quare
727 5100 1092 5159 dwmnm‘aco
1129 5107 1332 5180 morbo
1362 5113 1737 5180 aegrotantes,
1782 5112 2075 5170 lunalicos

943 5177 1307 5247 evangelista
1337 5186 1504 5236 vocat
1526 5179 1554 5236 τ

2177 5117 2242 5168 Τί
2318 5110 2385 5173 δή
2463 5132 2586 5167 ποτε
2658 5115 2778 5173 τοὺς

2180 3089 2269 3137 καὶ
2322 3087 2419 3157 πρό
2465 3102 2523 3155 γε
2569 3084 2754 3135 τούτου
2797 3087 2916 3156 περὶ
2969 3084 3035 3134 τὰ
3083 3079 3131 3133 ἐν
3177 3088 3250 3152 τῷ
3307 3078 3409 3153 βίῳ
3456 3082 3655 3155 τερπνὰ
3699 3084 3795 3132 καὶ

2180 3169 2316 3233 ἡδέα
2365 3176 2451 3226 τόν
2498 3178 2613 3224 νοῦν
2658 3169 3089 3243 ἒνησχολημένος,
3147 3174 3355 3242 μυρίοις
3400 3169 3516 3222 καθ’
3563 3168 3795 3228 ἑκάστην

2180 3260 2558 3335 περιαντλεῖται
2611 3267 2791 3322 κακοῖς
2828 3278 2841 3292 ο
2889 3258 3037 3331 μόλις
3081 3261 3204 3311 ποτε
3247 3261 3304 3310 τό
3350 3261 3647 3330 ματαιότης
3687 3280 3793 3331 μα-

2181 3354 2484 3418 ταιοτὴτων,
2528 3352 2592 3402 τα
2620 3351 2788 3400 πάντα
2824 3351 3137 3421 ματαιότης,
3176 3342 3458 3420 δυνάμενος
3505 3342 3744 3399 συνιδεῖν
3778 3364 3791 3377 ·

2182 3438 2361 3492 ἑαυτὸν
2392 3434 2451 3491 δὲ
2489 3446 2559 3505 τῷ
2601 3436 2738 3509 λόγῳ
2769 3436 3015 3511 χωρίζων
3055 3444 3147 3488 τοῦ
3193 3442 3418 3508 κόσμου,
3470 3440 3561 3487 καὶ
3610 3444 3712 3487 τῶν
3745 3435 3796 3487 ἐν

2181 3536 2253 3598 τῷ
2297 3532 2478 3600 κόσμῳ
2511 3528 2862 3601 περιστάσεων
2909 3530 2999 3578 καὶ
3045 3522 3373 3598 ἀδολεσχιὼν
3418 3533 3514 3585 τῆς
3563 3526 3644 3577 ὅτι
3692 3527 3797 3596 μά-

2180 3617 2336 3670 λιστα
2373 3613 2707 3687 εὐδαιμονίας
2739 3614 2986 3668 ἀπολαύει
3020 3632 3031 3644 ·
3064 3620 3154 3668 καὶ
3188 3618 3287 3688 πρὸ
3324 3621 3415 3667 τοῦ
3459 3622 3648 3685 τυχεῖν
3691 3623 3797 3667 τῶν

2184 3704 2369 3759 ἐκεῖθεν
2435 3707 2499 3766 ὡς
2556 3704 2603 3758 ἐν
2659 3705 2817 3758 εἰκόνι
2863 3713 2934 3776 τῷ
2986 3708 3226 3777 παρόντι,
3284 3707 3372 3755 καὶ
3421 3701 3468 3755 ἐν
3526 3708 3796 3778 προοιμίῳ

2181 3794 2368 3856 πολλῆς
2410 3804 2505 3858 τῆς
2532 3798 2915 3867 μακαριότητος
2964 3791 3182 3867 ἐντρυφᾴ
3224 3807 3238 3822 ·
3284 3793 3417 3845 ὥστε
3460 3795 3575 3844 οὔτε
3614 3793 3641 3844 6
3681 3812 3795 3845 πα-

2182 3890 2277 3959 τὴρ
2307 3894 2379 3958 τῷ
2408 3881 2561 3938 παιδὶ
2604 3887 2857 3957 μάχεται,
2904 3885 2929 3935 6
2975 3885 3256 3957 θεοπάτωρ,
3304 3887 3456 3956 φημὶ,
3508 3879 3679 3935 Δαϐίὸ
3720 3890 3794 3953 τῷ

2185 3983 2325 4048 σοφῷ
2384 3974 2690 4048 Σολομῶντι,
2734 3975 2759 4026 6
2798 3977 2887 4046 μὲν
2937 3973 3173 4039 ἐπαινῶν,
3229 3973 3254 4025 6
3300 3969 3359 4025 δὲ
3408 3975 3652 4043 κατάγων
3702 3976 3793 4025 τὸν

2182 4065 2471 4137 ἄνθρωπον,
2503 4065 2669 4122 οὕτεὴ
2717 4065 2827 4116 θεία
2867 4066 3040 4135 Γραφὴ
3086 4059 3408 4134 διαμάχεται
3453 4060 3639 4133 ἑαυτῇ,
3683 4060 3795 4113 ἀλλ’

2183 4149 2307 4205 οὐδὲ
2353 4161 2452 4204 τῶν
2500 4157 2736 4225 Πατέρων
2772 4154 2912 4223 ἡμῶν
2955 4153 2978 4203 ό
3022 4152 3153 4212 θεῖος
3191 4154 3374 4223 χορός,
3408 4151 3531 4203 ποτε
3561 4152 3654 4221 μὲν
3695 4155 3796 4209 τήν

2182 4239 2454 4317 ἀνθρώπου
2507 4239 2855 4305 ἐκθειάζοντις
2907 4243 3080 4312 φύσιν,
3122 4242 3246 4292 ποτε
3296 4235 3354 4291 δε
3396 4237 3799 4300 κατευτελίζον-

2182 4349 2260 4391 τις
2304 4335 2394 4382 καὶ
2442 4329 2513 4393 εἰς
2556 4333 2782 4402 ἔσχατον
2832 4328 3319 4400 συγκατακλείοντες
3357 4333 3734 4392 ταπεινότητος
3777 4348 3791 4360 -

2182 4425 2272 4472 καὶ
2328 4424 2492 4494 χωρὶς
2542 4415 2601 4472 δε
2648 4428 2747 4471 τῶν
2805 4418 3080 4493 εἰρημένων
3130 4419 3195 4469 τα
3250 4421 3367 4489 περὶ
3408 4420 3465 4469 τὸ
3522 4419 3797 4489 σωμάτιον

2182 4509 2322 4566 πάθη
2378 4513 2467 4561 καὶ
2525 4510 2579 4560 αἱ
2627 4511 2971 4580 καθημεριναὶ
3017 4504 3181 4558 λῶϐαι
3228 4514 3339 4567 πῶς
3385 4506 3445 4558 οὐ
3498 4506 3800 4559 κατευτελίο

2184 4597 2338 4659 ζουσι
2386 4599 2451 4650 τὰ
2488 4598 2749 4671 ἡμέτερας
2782 4598 2812 4655 ἡ
2849 4593 2907 4649 δὲ
2938 4599 3068 4670 πρὸς
3113 4596 3325 4667 θεωρίαν
3371 4592 3663 4669 ἐπιστροφὴ
3699 4602 3798 4648 τοῦ

2180 4694 2270 4739 νοῦ
2312 4691 2402 4739 καὶ
2449 4690 2508 4739 τό
2548 4685 2732 4739 ἐκεῖθεν
2776 4694 2866 4746 τῆς
2909 4681 3103 4745 ἡδονῆς
3136 4685 3386 4756 καθαρόν,
3430 4690 3537 4744 πῶς
3584 4684 3644 4736 οὗ
3693 4704 3800 4756 μα-

2180 4780 2365 4849 καρίαν
2436 4776 2581 4848 ἡμῶν
2655 4779 2744 4827 καὶ
2814 4769 3099 4846 εὐδαίμονα
3160 4776 3247 4831 τὴν
3320 4771 3586 4825 πολιτείαν
3663 4773 3799 4825 ὑπο.

2182 4860 2482 4918 δεικνύουσι
2510 4882 2523 4935 ;

2780 4992 3089 5041 ΕΡΩΤΠΣΙΣ
3130 4986 3182 5040 Γ.

2855 5109 3104 5184 δαιμονία
3184 5113 3345 5184 νόσῳ-
3412 5113 3795 5183 κακουμένους,

2353 5185 2807 5259 σεληνιαζομένους
2845 5186 2871 5237 6
2910 5180 3302 5257 εὗαγγελιστὴς
3321 5180 3566 5253 ὀνομάζει
3585 5180 3611 5249 ⁷;

483 5295 637 5346 Edita
662 5307 693 5345 a
720 5295 878 5352 Maio,
909 5296 945 5345 l.
979 5310 1024 5347 c.
1050 5308 1100 5362 p.
1133 5300 1244 5349 9-10
1270 5313 1282 5357 ;
1315 5300 1609 5364 explanans
1630 5318 1727 5353 cur
1756 5307 2087 5370 evangelista
2118 5306 2324 5364 (Matth.
2348 5321 2415 5365 ιν,
2453 5309 2512 5357 ii
2536 5323 2547 5365 ;
2579 5322 2626 5356 χ·
2650 5322 2704 5363 ιι,
2733 5306 2810 5369 ii)
2843 5307 3201 5359 dmmoniacos
3229 5312 3377 5357 vocet
3406 5308 3693 5357 lunaticos.

492 5413 814 5469 Lunaticos
838 5414 1202 5482 evangelista
1231 5432 1268 5472 a
1293 5416 1567 5473 daemone
1587 5418 1866 5478 obsessos
1886 5428 2072 5488 vocat.

420 5518 543 5558 non
593 5500 800 5558 lunam
841 5501 1172 5560 affectionis
1210 5520 1456 5562 causam
1494 5506 1828 5578 assignans.
1881 5528 2076 5584 neque

491 5602 539 5636 ⁸ο
566 5600 754 5657 Eccle.
780 5615 819 5669 ι,
851 5604 905 5655 2.

2258 5423 2713 5496 Σεληνιαζομένους
2802 5425 2827 5476 6
2893 5424 3265 5497 εὖαγγελιστὴς
3329 5428 3446 5485 τοὺς
3533 5419 3802 5495 δαιμονίᾳ

2189 5518 2456 5585 κατόχους
2513 5513 2755 5586 ὀνομάζει
2810 5517 2964 5585 νόσῳ,
3015 5513 3144 5585 οὖχὶ
3196 5518 3289 5572 τὴν
3344 5513 3561 5571 σελήνην
3612 5512 3797 5565 αἰτίαν
