4086 6190
272 241 370 296 117

1364 231 1458 288 AD
1497 231 2040 288 AMPHILOCHIUM
2079 231 2407 300 ΟυιΕΞΤΙΟ
2448 231 2524 288 Χ.

3527 228 3631 292 118

268 373 352 417 τοῦ
401 364 604 422 πάθους
649 359 982 434 ἀναγράφων,
1031 355 1147 412 οὐδ’
1193 358 1272 409 ὅτι
1303 360 1434 416 αὐτή
1467 361 1551 410 τόν
1592 359 1860 431 ἄνθρωπον

1975 357 2115 429 quia
2129 356 2373 426 maligno
2389 355 2670 412 hominem
2688 353 3018 427 occupandi
3033 355 3372 412 occasiones
3387 356 3625 427 praebet,

263 461 348 507 τοῦ
399 451 590 504 ἀλῶναι
645 458 716 520 τῷ
781 455 924 518 κακῶ
989 451 1082 508 τας
1149 446 1388 520 ἀφορμὰς
1456 452 1695 521 παρέχει,
1753 446 1861 499 ἀλλ’

261 543 458 612 ἐθίμοις
517 548 582 609 τῷ
625 537 812 594 πλήθει
881 541 970 590 καὶ
1022 541 1304 611 γνωρίμοις
1354 538 1574 608 ὀνόμασι
1627 539 1713 596 τὰς
1771 545 1862 590 τοῦ

263 633 526 686 Δεσπότου
567 630 988 700 θαυματουργίας
1038 621 1354 686 σπουδάζων
1412 621 1718 696 διηγεῖσθαι
1757 641 1768 653 ·
1803 624 1861 676 οὗ

261 724 358 794 γὰρ
393 717 455 777 ἦν
489 716 630 787 αὐτῷ
682 722 862 784 σκοπῷ
918 714 1136 776 ἀττικῶς
1193 715 1350 768 εἰπεῖν
1399 713 1528 766 ἀλλά
1561 721 1732 786 σαφῶς
1770 716 1863 772 τήν

263 809 506 866 ἀλήθειαν
559 802 778 867 διδάξαι
813 822 824 834 ·
876 811 1029 856 τοῦτο
1075 800 1126 856 δ’
1171 801 1229 854 ἂν
1261 803 1510 880 ὑπάρξαι,
1544 803 1588 856 εἰ
1715 810 1858 875 κοινῇ

261 903 458 973 χρήσει
490 903 592 946 τῶν
633 893 896 965 ὀνομάτων
941 897 1030 944 καὶ
1061 894 1132 954 ως
1171 891 1516 966 ἐπιχωριάζει
1546 895 1604 946 τὸ
1643 893 1752 952 ἔθος
1800 893 1866 944 τὰ

259 989 506 1058 γεγονότα
561 1003 635 1044 τις
694 981 972 1054 ἀπαγγελεῖ
1004 999 1014 1011 ·
1049 981 1211 1042 ἄλλως
1256 1000 1310 1034 τε
1351 977 1409 1033 δε
1457 977 1572 1033 οὐδ’
1628 975 1864 1052 ἐμπεδῶν

262 1073 318 1135 ἧν
355 1081 449 1126 τοῦ
493 1074 732 1147 ῥήματος
779 1073 808 1129 ἠ
869 1078 1072 1144 χρῆσις
1117 1079 1189 1140 τῷ
1241 1073 1545 1146 κηρύγματι
1583 1077 1676 1130 τῆς
1724 1069 1862 1122 εὐσε-

258 1163 396 1223 ϐείας
423 1179 436 1191 ·
473 1161 588 1214 ἐπεὶ
626 1163 726 1234 γὰρ
779 1159 960 1212 πολλοὶ
1007 1169 1107 1212 τῶν
1155 1159 1284 1231 ἡλίῳ
1331 1164 1421 1210 καὶ
1480 1158 1664 1231 σελήνῃ
1723 1157 1863 1211 λελα-

256 1255 542 1323 τρευκότων
617 1249 820 1322 ἔμελλον
873 1254 1124 1308 κατήκοοι
1193 1257 1292 1301 τῶν
1357 1255 1680 1301 Δεσποτικῶν
1731 1253 1866 1318 γίνε-

259 1342 379 1392 σθαι
421 1341 726 1410 θαυμάτων,
775 1336 830 1389 ἐκ
882 1345 977 1398 τῆς
1015 1337 1138 1410 παρ’
1189 1334 1366 1399 αὐτοῖς
1413 1336 1718 1407 ὑπολήψεως
1777 1341 1864 1388 καὶ

251 1437 340 1491 τῆς
371 1437 472 1480 τῶν
503 1428 754 1502 ῥημάτων
807 1431 1071 1498 χρήσεως,
1123 1435 1218 1488 τῆς
1277 1425 1506 1498 ἀρχαίας
1548 1425 1733 1485 αὐτοὺς
1774 1430 1863 1477 καὶ

257 1514 550 1576 δυσσεϐοῦς
589 1514 901 1568 ἀπαλλάττει
927 1515 1150 1580 πλάνης,
1183 1521 1466 1588 μονονουχὶ
1495 1518 1714 1576 τούτους
1739 1512 1862 1566 ἀνα⁶

255 1606 568 1678 καλούμενος
627 1610 719 1657 καὶ
769 1603 950 1677 βοῶν’
999 1604 1316 1678 Ἄνθρωποι,
1359 1613 1468 1666 πῶς
1522 1603 1708 1676 σελήνη
1776 1608 1864 1656 καὶ

259 1695 380 1766 ἡλίῳ
412 1715 464 1746 τι
519 1693 681 1754 σέϐας
713 1693 954 1748 ἀνάπτετε
996 1699 1086 1746 καὶ
1141 1696 1284 1756 θεοὺς
1322 1700 1408 1746 καὶ
1469 1693 1736 1767 εὐεργέτας
1785 1714 1864 1746 νο-
1897 1709 1935 1762 Β

259 1785 452 1858 μίζετε,
517 1783 572 1847 ἐξ
626 1785 693 1835 ὢν
751 1785 895 1856 ὑμεῖς
951 1786 1016 1845 ὡς
1073 1782 1132 1835 ἂν
1192 1783 1340 1836 αὐτοὶ
1387 1789 1476 1836 καὶ
1537 1793 1608 1854 τῷ
1663 1785 1862 1857 ῥήματι

259 1877 440 1945 φαίητε
509 1873 808 1932 τηλικαῦτα
870 1875 959 1945 μὲν
1017 1873 1307 1944 μαθήματα
1367 1877 1560 1946 φέρετε,
1629 1875 1858 1932 τοσαύτη

262 1957 318 2014 δε
364 1961 502 2034 λύμη
563 1970 640 2032 τῷ
695 1961 997 2036 ἀνθρωπίνῳ
1044 1967 1180 2032 γένει
1229 1965 1563 2034 ἐπινέμεταις
1616 1958 1731 2014 δέον
1775 1981 1862 2016 σε-

264 2049 416 2112 λήνης
459 2055 552 2104 καὶ
613 2059 713 2103 τῶν
766 2051 926 2103 ἄλλων
985 2049 1426 2118 ἀπαλλάττεσθαι,
1481 2051 1644 2113 οὕτως
1699 2050 1864 2123 χαλε-

263 2146 366 2200 πῶς
409 2144 502 2192 καὶ
557 2138 772 2210 ἀθλίως,
808 2143 877 2202 ὡς
930 2140 1263 2213 ὑπειλήφατε,
1304 2137 1639 2194 διατεθέντων
1679 2141 1818 2212 ὑμῶν
1850 2157 1862 2169 ·

261 2235 329 2296 τῷ
383 2225 442 2281 ri":
497 2234 598 2281 καὶ
647 2232 838 2282 τούτων
886 2235 974 2281 καὶ
1025 2229 1188 2282 illam;
1218 2235 1415 2304 μυρίων
1453 2231 1631 2282 παθῶν
1665 2234 1866 2301 νέμοντι

1971 445 2076 502 sed
2105 443 2260 516 plebi
2285 443 2512 500 usitatis
2547 448 2602 500 et
2628 444 2786 498 notis
2809 443 3058 499 vocibus
3083 443 3312 500 Domini
3344 443 3632 500 miracula

1971 533 2164 590 nitens
2216 549 2534 606 exponere.
2585 535 2713 589 Non
2740 533 2898 589 enim
2939 531 3287 588 attendebat
3329 531 3499 588 attice
3552 533 3634 589 lo-

1971 623 2096 696 qui,
2121 623 2226 678 sed
2247 623 2401 678 clare
2425 623 2730 678 veritatem
2753 621 2986 688 docere,
3011 619 3176 693 quod
3190 621 3318 678 ﬁeri
3349 621 3630 687 debebat,

1973 711 2022 768 si
2047 712 2344 768 communi
2376 711 2692 767 nominum
2745 728 2856 766 usu
2895 715 2945 766 et
2978 715 3039 766 ut
3061 710 3300 767 solitum
3342 716 3450 776 est,
3475 709 3634 768 facta

1972 802 2442 858 enuntiarentur.
2491 801 2744 856 Aliunde
2798 816 2918 856 non
2964 799 3244 857 obstabat
3279 800 3442 856 verbi
3487 817 3632 856 usus

1972 890 2203 964 pietatis
2226 890 2661 946 annuntiationi
2698 909 2711 948 :
2745 905 2882 945 cum
2909 890 3066 946 enim
3091 889 3256 946 multi
3296 904 3504 946 eorum
3531 889 3634 962 qui

1973 980 2078 1036 soli
2123 984 2178 1036 et
2235 979 2392 1034 lunae
2445 979 2790 1042 servierant,
2836 979 3067 1034 Domini
3108 977 3397 1034 miracula
3427 979 3632 1034 audire

1973 1069 2272 1130 deberent,
2325 1085 2392 1124 ex
2443 1083 2648 1124 eorum
2699 1067 2982 1140 opinione
3038 1075 3092 1123 et
3130 1067 3454 1124 verborum
3497 1085 3631 1134 usu,

1973 1159 2052 1214 ab
2077 1159 2320 1230 antiquo
2341 1163 2398 1214 et
2423 1157 2608 1229 impio
2620 1171 2816 1212 errore
2837 1173 2940 1212 eos
2959 1156 3192 1220 liberat,
3216 1156 3336 1212 fere
3353 1173 3453 1212 eos
3473 1157 3634 1212 invo-

1933 1271 1936 1276 '
1974 1263 2133 1311 cans,
2176 1252 2229 1302 et
2257 1246 2524 1302 clamans
2561 1267 2572 1300 :
2603 1246 2894 1311 Homines,
2933 1243 3240 1318 quomodo
3272 1246 3424 1301 lunae
3449 1251 3500 1300 et
3526 1245 3632 1300 soli

1973 1337 2234 1407 aliquam
2261 1335 2553 1392 adhibetis
2605 1337 3047 1392 venerationem
3085 1340 3140 1389 et
3169 1334 3315 1390 deos
3347 1339 3404 1390 et
3457 1335 3635 1390 bene-

1971 1425 2224 1482 factores
2245 1441 2346 1480 eos
2373 1424 2612 1495 putatis,
2647 1439 2716 1478 ex
2742 1424 2959 1496 quibus
2993 1429 3055 1478 ut
3076 1424 3206 1496 ipso
3233 1423 3415 1478 verbo
3438 1423 3632 1479 dicere

1972 1515 2276 1580 videmini,
2309 1519 2470 1572 tanta
2494 1514 2734 1586 quidem
2763 1513 2922 1568 mala
2953 1512 3239 1584 accipitis,
3269 1517 3500 1568 tantum
3533 1529 3634 1570 au-

1974 1609 2091 1662 tem
2111 1605 2354 1660 exitium
2373 1604 2684 1660 hominum
2705 1618 2893 1672 genus
2907 1601 3201 1674 despascit
3216 1603 3243 1659 ‘?
3266 1604 3506 1674 Oportet
3529 1617 3634 1658 vos

1975 1711 2008 1750 a
2035 1693 2176 1750 luna
2202 1693 2495 1748 etczeteris
2517 1691 2798 1764 separari,
2823 1708 2960 1746 cum
2987 1696 3105 1748 tam
3137 1691 3292 1748 male
3322 1697 3376 1746 et
3397 1695 3516 1746 tam
3544 1691 3636 1748 in-

1975 1783 2234 1848 feliciter,
2285 1787 2348 1837 ut
2387 1781 2500 1853 ipsi
2532 1781 2882 1854 opinamini,
2915 1779 3190 1852 dispositi
3222 1780 3384 1846 sitis;
3421 1778 3502 1836 illi
3532 1796 3632 1836 au-

1949 1875 2094 1927 ‘tem
2125 1871 2230 1944 qui
2264 1869 2340 1926 ab
2387 1869 2510 1926 istis
2543 1877 2596 1925 et
2635 1869 2767 1925 aliis
2799 1869 3087 1926 sexcentis
3133 1867 3307 1924 malis
3333 1867 3547 1924 liberat
3577 1873 3632 1923 et

1975 1959 2230 2016 coelestia
2259 1959 2419 2016 bona
2441 1959 2685 2030 largitur
2711 1965 2765 2014 et
2793 1957 3237 2014 venerationem
3272 1956 3556 2014 adhibere
3579 1964 3634 2012 et

1977 2066 2186 2122 puram
2227 2048 2638 2104 adorationem
2666 2047 2877 2103 offerre
2911 2063 2924 2103 :
2954 2048 3152 2120 itaque
3189 2046 3301 2118 piis
3323 2045 3632 2118 principiis

1975 2138 2120 2194 nihil
2149 2137 2502 2194 contradicit
2532 2137 2873 2193 communis
2899 2141 2954 2192 et
2985 2136 3213 2192 usitatae
3255 2135 3420 2192 vocis
3469 2135 3635 2192 adhi-

1975 2227 2140 2284 bitio.

261 2323 348 2375 τήν
423 2318 722 2390 ἐλευθερίαν
797 2325 886 2371 καὶ
961 2322 1025 2372 τὰ
1091 2319 1272 2372 αἰώνια
1338 2316 1816 2390 ἐπιδαψιλευομένῳ
1873 2316 2064 2388 ἀγαθὰ,
2132 2315 2305 2388 ἐκείνῳ
2380 2321 2468 2370 καὶ
2543 2318 2600 2367 τὸ
2678 2314 2834 2376 σέϐας
2909 2313 3149 2368 ἀνάπτειν
3224 2317 3313 2365 καὶ
3383 2317 3476 2371 τήν
3543 2312 3632 2364 λα-

261 2411 426 2480 τρείαν
467 2410 758 2480 προσάγειν
789 2409 1031 2481 καθαρῶς
1063 2427 1074 2440 ·
1107 2409 1262 2469 οὕτως
1309 2405 1460 2462 οὐδὲν
1511 2413 1870 2482 προσίσταται
1926 2416 2020 2470 τῆς
2077 2415 2256 2468 κοινῆς
2294 2411 2382 2460 καὶ
2433 2405 2612 2478 ἐθίμου
2668 2404 2844 2468 λέξεως
2892 2407 2920 2462 ἡ
2983 2411 3184 2476 χρῆσις
3233 2410 3348 2464 τοῖς
3400 2402 3634 2456 εὐσεϐέσι

261 2495 556 2568 λογισμοῖς.

327 2591 578 2638 Ἤκουσα
621 2581 681 2638 δέ
711 2604 861 2638 τινων
909 2584 1154 2658 λεγόντων
1207 2589 1278 2648 ὡς
1323 2586 1501 2638 οἶλλοτι
1531 2589 1588 2638 τὸ
1630 2585 1863 2644 σεληνιά-

265 2675 444 2735 ζεσθαι
498 2677 654 2750 παρά
681 2677 738 2727 τό
789 2670 1042 2747 δαιμονᾷν
1091 2677 1116 2726 ό
1169 2675 1538 2747 εὐαγγελιστής
1583 2672 1722 2728 οἶδεν
1751 2693 1763 2704 ·
1805 2674 1864 2727 οὐ

263 2765 360 2837 γὰρ
429 2763 491 2815 ἂν
565 2764 724 2816 εἰπὼν
797 2764 1279 2838 σεληνιαζομένους,
1353 2764 1402 2816 ἐν
1469 2764 1640 2834 ταύτῷ
1705 2783 1868 2837 προσ-

267 2855 410 2910 έθηκε
433 2858 525 2905 καὶ
563 2849 1031 2926 δαιμονιζομένους
1063 2870 1075 2882 ·
1109 2859 1199 2906 καὶ
1247 2850 1376 2906 εἶναι
1430 2857 1514 2906 τόν
1565 2853 1866 2914 σεληνιαζό-

267 2961 406 3013 μενον
435 2943 542 3015 οὐχ
591 2945 696 2995 ὑπὸ
741 2939 986 3016 δαίμονος
1016 2942 1392 3018 ἐνεργούμενον,
1425 2942 1531 2995 ἀλλ’
1577 2944 1678 2996 ὑπό
1731 2963 1866 3006 τινος

2043 2583 2256 2640 Audivi
2287 2582 2605 2640 nonnullos
2646 2582 2908 2638 dicentes
2951 2581 3114 2638 aliud
3142 2580 3473 2636 lunaticum
3509 2593 3634 2636 esse

1973 2679 2030 2730 et
2054 2672 2218 2730 aliud
2250 2689 2286 2730 a
2315 2673 2590 2730 daemone
2621 2670 2882 2727 obsideri
2931 2670 3356 2740 evangelistam
3409 2668 3627 2739 signiti-

1974 2777 2141 2818 casse
2185 2777 2344 2818 :non
2377 2761 2559 2826 enim,
2586 2765 2909 2834 postquam
2942 2759 3088 2814 dixit
3111 2758 3430 2824 lunaticos,
3463 2758 3634 2827 adje-

1975 2851 2150 2908 cisset
2177 2856 2235 2906 et
2285 2849 2654 2906 dmmonium
2688 2849 2977 2906 habentes
3013 2853 3107 2906 :et
3142 2863 3268 2902 esse
3303 2847 3631 2906 lunaticum

1977 2955 2098 2996 non
2117 2956 2153 2996 a
2169 2939 2445 2996 daemone
2465 2938 2852 3008 exagitatam,
2876 2936 2982 2992 sed
2996 2936 3110 2992 alio
3125 2937 3390 3008 quodam
3417 2935 3629 2990 morbo

271 3031 430 3102 ἐτέρου
473 3037 799 3104 νοσήματος,
833 3032 860 3084 6
905 3035 998 3094 τὰς
1041 3031 1216 3104 ἀρχὰς
1276 3031 1376 3084 ἀπὸ
1425 3041 1522 3084 τῶν
1562 3031 1610 3083 ἐν
1661 3039 1865 3104 σώματι

1975 3029 2078 3102 qui
2107 3027 2471 3100 principium
2501 3043 2572 3082 ex
2597 3025 2888 3098 corruptis
2921 3025 2979 3080 in
3004 3040 3251 3096 corpore
3277 3022 3632 3078 humoribus

273 3126 564 3178 σεσηπότων
619 3129 810 3194 χυμῶν
866 3121 1115 3194 λαμϐάνει
1164 3140 1182 3159 ο
1224 3122 1364 3174 οὗτοι
1424 3117 1482 3174 δὲ
1536 3121 1725 3192 μᾶλλον
1779 3125 1868 3174 αὕ-

271 3209 433 3271 ξονται
505 3215 598 3262 καὶ
669 3205 1016 3284 σφοδρότερον
1100 3209 1414 3264 ἐπιτίθενται
1493 3219 1582 3270 τῆς
1651 3209 1868 3272 σελήνης

269 3296 592 3369 gina-quoa;
622 3301 784 3358 οὔσης
819 3316 832 3327 '
873 3303 961 3350 καὶ
998 3301 1100 3371 γὰρ
1149 3298 1312 3350 πολλά
1362 3307 1458 3350 τῶν
1485 3298 1651 3350 ἄλλων
1698 3300 1867 3372 ὑγρῶν

271 3391 354 3438 καὶ
393 3385 438 3438 ἐν
480 3387 628 3458 ὑγρῷ
691 3383 1064 3459 διαιτωμένων,
1093 3390 1266 3462 ὥσπερ
1322 3389 1510 3459 ὄστρεά
1558 3407 1612 3440 τε
1657 3393 1746 3440 καὶ
1801 3390 1868 3442 τὰ

270 3483 498 3544 τοιαῦτα,
525 3480 642 3528 τότε
685 3475 873 3546 μᾶλλον
921 3477 1102 3546 ὁρᾶται
1137 3479 1266 3550 πρὸς
1305 3477 1454 3540 αὕξιν
1501 3473 1864 3544 ἐπιδιδοϋντα,

273 3563 358 3616 οὐκ
405 3562 784 3636 αὖτοδεσπότῳ
835 3567 1014 3639 κράτει
1073 3572 1166 3627 τῆς
1235 3565 1448 3626 σελήνης
1501 3573 1652 3618 τοῦτο
1704 3586 1866 3640 πρατ-

271 3655 476 3718 τούσης,
527 3654 722 3726 ἀπαγε,
755 3652 882 3706 ἀλλά
918 3661 1010 3715 τῆς
1045 3652 1345 3728 ἀπορρήτου
1392 3651 1745 3729 δημιουργίας
1775 3665 1866 3710 τοῦ

274 3745 452 3808 πάντα,
483 3745 534 3795 ὲν
586 3748 746 3815 σοφίᾳ
790 3747 1131 3804 πεποιηκότος
1161 3746 1408 3804 τοιαύτας
1437 3743 1566 3816 αὐτῇ
1613 3747 1706 3806 τὰς
1735 3743 1864 3818 ἐνερ-

275 3835 410 3900 γείας
486 3830 916 3904 έγκαταθεμένου.
974 3837 1075 3884 Καὶ
1137 3834 1260 3904 γὰρ,
1325 3836 1506 3904 φησὶν,
1567 3835 1635 3894 ὡς
1708 3837 1765 3885 τὸ
1819 3833 1867 3886 ἓν

277 3918 397 3990 αὐτῇ
433 3921 620 3992 θερμόν
671 3923 871 3991 φύσεως
921 3919 1147 3992 χλιαρᾶς
1199 3921 1460 3994 ὑπάρχον,
1513 3917 1721 3974 ἐπειδὰν
1769 3930 1867 3974 τῶν

275 4008 522 4082 ἡμετέρων
575 4010 831 4079 σωμάτων
880 4017 990 4070 ταῖς
1045 4007 1229 4080 βολαῖς
1275 4008 1545 4080 ἐπιψαύοι,
1606 4009 1867 4081 ἀνάχυσιν

277 4099 358 4165 μὲν
415 4105 514 4148 τῶν
570 4097 622 4149 ἐν
676 4099 802 4169 ἡμῖν
855 4099 1026 4171 ὑγρᾶν
1079 4099 1492 4170 παρασκευάζει,
1554 4095 1867 4174 διαφόρησιν

279 4181 332 4237 δὲ
377 4191 464 4238 καὶ
503 4185 784 4259 ἀπόκρισιν
819 4194 918 4238 τῶν
967 4185 1328 4258 ἀναχυθέντων
1385 4184 1476 4238 διὰ
1529 4190 1588 4239 τό
1643 4191 1715 4259 μή
1747 4207 1869 4259 σφο-

280 4269 400 4346 δράν
437 4271 567 4328 εἶναι
609 4280 704 4333 τήν
746 4277 958 4347 θερμήν,
991 4277 1164 4348 ὥσπερ
1205 4279 1298 4333 τὴν
1356 4274 1410 4328 ἐκ
1459 4283 1550 4327 τοῦ
1598 4275 1766 4338 ἡλίου,
1809 4275 1867 4328 οὗ

279 4371 406 4414 ποιεῖ
435 4380 448 4393 ·
478 4368 698 4416 τουτωνὶ
731 4359 789 4416 δὲ
831 4373 928 4416 τῶν
971 4373 1161 4436 χυμῶν
1208 4365 1373 4426 οὕτως
1419 4363 1780 4436 ἀναχυθέντων
1817 4363 1867 4414 έν

279 4457 344 4518 τῷ
375 4457 578 4523 σώματι
607 4457 698 4504 καὶ
739 4455 1216 4528 συνταραχθέντων,
1252 4453 1442 4526 μᾶλλόν
1474 4473 1528 4506 τε
1565 4456 1622 4506 τὸ
1661 4457 1868 4525 νόσημα

283 4537 470 4609 ἰσχύει,
523 4546 616 4593 καὶ
667 4540 858 4613 μᾶλλον
915 4542 1266 4613 ἐπιτιθέμενον
1325 4551 1396 4613 τῷ
1453 4541 1712 4614 ἐγκεφάλῳ
1779 4546 1867 4595 καὶ

281 4635 336 4698 τῇ
383 4629 594 4702 κεφαλῇ,
632 4626 936 4702 διαστρέφει
993 4649 1046 4684 τε
1093 4633 1150 4683 τό
1197 4631 1348 4692 ζῶον,
1390 4637 1478 4683 καὶ
1529 4631 1742 4697 ἀλλοιοῖ,
1776 4636 1866 4683 καὶ

281 4717 366 4778 τὰς
412 4721 637 4789 φυσικὰς
688 4715 1055 4793 παραποδίζον
1125 4719 1372 4794 ἐνεργείας
1443 4721 1740 4794 ῥήγνυσθαί
1813 4739 1866 4774 τε

282 4809 362 4856 καὶ
393 4809 798 4882 σπαράσσεσθαι
849 4811 1240 4882 παρασκευάζει
1273 4827 1286 4838 '
1323 4814 1413 4862 καὶ
1463 4805 1556 4862 διὰ
1585 4816 1735 4862 τοῦτο
1765 4809 1864 4862 ὑπὸ

285 4897 502 4947 τοιούτου
551 4901 819 4968 κατόχους
869 4901 1162 4969 νοσήματος
1219 4902 1306 4950 καὶ
1359 4901 1415 4951 τὸ
1474 4897 1672 4959 πλῆθος
1719 4897 1867 4955 σελη-

283 4983 601 5055 νιαζομένους
651 4985 814 5054 καλεῖ,
845 4991 934 5038 καὶ
987 4985 1157 5039 καλεῖν
1204 4983 1353 5039 οὐδέν
1407 4986 1546 5039 ἐστιν
1601 4984 1860 5058 ἐμποδῶν.

283 5068 420 5123 Ἐστι
460 5069 520 5126 δέ
559 5095 639 5137 τις
676 5079 766 5126 καὶ
821 5076 968 5149 παρὰ
1014 5083 1182 5128 ταῦτα
1227 5075 1378 5147 λόγος
1407 5077 1580 5148 ἕτερος
1607 5093 1620 5105 '
1651 5079 1718 5138 ὡς
1749 5072 1863 5129 δαι-

285 5169 485 5227 μονιῶσι
513 5167 602 5234 μὲν
639 5168 730 5216 καὶ
769 5163 914 5216 οὗτοι
960 5163 1048 5226 οὓς
1077 5167 1126 5216 οὶ
1165 5163 1341 5218 πολλοί
1369 5164 1580 5236 λέγουσι
1629 5164 1864 5223 σεληνια-

287 5247 514 5320 ζομένους
546 5271 559 5284 ·
613 5254 679 5304 τὰ
733 5248 984 5326 δαιμόνια
1018 5249 1076 5306 δὲ
1127 5251 1421 5306 διαϐάλλειν
1474 5257 1542 5306 τά
1599 5259 1866 5326 κτίσματα

287 5344 367 5388 τοῦ
421 5345 746 5417 Δημιουργου
805 5349 912 5406 τοῖς
989 5341 1279 5414 ἀνθρώποις
1347 5346 1542 5415 ἔχοντα
1606 5340 1862 5412 σπουδὴν,

289 5419 504 5500 ἐπιτηρεῖ
548 5432 638 5492 τὰς
691 5431 934 5495 αὐξήσεις
983 5440 1076 5492 τῆς
1137 5431 1353 5494 σελήνης
1401 5451 1412 5463 ·

291 5510 501 5570 ὶτίθεσιν
537 5525 624 5572 καὶ
662 5523 718 5574 τὸ
749 5523 912 5582 παθος
961 5517 1292 5594 ἔκδηλότεροι
1335 5518 1515 5574 ποιεῖ’

1457 5436 1545 5484 καὶ
1600 5435 1714 5484 τότε
1770 5437 1862 5492 τήν

1569 5523 1649 5572 ἵνα
1688 5529 1864 5584 κακῶς

1975 3118 2174 3190 capit:
2209 3117 2288 3174 illi
2343 3121 2541 3172 autem
2581 3115 2790 3170 dicunt
2844 3114 2953 3170 hos
2994 3113 3281 3168 humores
3341 3111 3530 3182 magis
3579 3115 3635 3166 et

1977 3207 2172 3264 acrius
2205 3220 2546 3276 augescere,
2575 3220 2710 3259 cum
2739 3203 2880 3258 luna
2911 3201 3088 3274 plena
3115 3205 3220 3256 est.
3267 3200 3444 3254 Multa
3475 3199 3630 3254 enim

1975 3295 2230 3352 aliorum
2261 3293 2649 3350 humidorum
2681 3297 2738 3348 et
2775 3293 2832 3346 in
2873 3291 3124 3348 humido
3177 3290 3523 3356 viventium,
3573 3293 3636 3344 ut

1978 3389 2118 3440 sunt
2147 3389 2364 3440 ostrina
2411 3388 2467 3438 et
2514 3383 2632 3440 alia
2685 3379 3125 3452 hujuscemodi,
3175 3385 3313 3435 tunc
3350 3377 3634 3450 temporis

1978 3473 2236 3530 maxime
2269 3471 2542 3528 videntur
2567 3471 3000 3528 incrementum
3029 3469 3318 3540 accipere,
3349 3483 3470 3523 non
3494 3482 3633 3540 pro-

1973 3563 2100 3636 pria
2127 3561 2387 3634 potentia
2413 3561 2470 3618 id
2524 3564 2806 3632 operante
2842 3559 3005 3623 luna,
3043 3559 3216 3622 absit,
3251 3557 3357 3613 sed
3414 3572 3636 3612 arcana

1975 3652 2320 3724 operatione
2343 3651 2474 3722 ejus
2505 3649 2607 3722 qui
2634 3649 2840 3705 omnia
2871 3647 2930 3704 in
2969 3647 3256 3720 sapientia
3298 3646 3432 3702 fecit
3481 3645 3635 3702 hanc

1973 3743 2248 3798 virtutem
2297 3740 2380 3796 illi
2427 3740 2586 3796 intus
2617 3739 2967 3810 deponente.
3019 3737 3269 3802 Etenim,
3301 3736 3516 3808 inquit,
3558 3739 3636 3790 te-

1975 3831 2134 3903 pidie
2180 3835 2408 3886 natura:
2433 3830 2538 3902 qui
2567 3829 2624 3884 in
2675 3844 2749 3884 ea
2779 3832 2868 3883 est
2897 3825 3076 3894 calor,
3105 3841 3242 3881 cum
3274 3829 3482 3882 nostra
3511 3839 3634 3880 cor-

1975 3935 2124 3992 pora
2155 3919 2368 3975 ictibus
2404 3918 2526 3974 suis
2578 3917 2830 3988 attingit,
2865 3916 3149 3972 humores
3201 3915 3306 3987 qui
3359 3915 3417 3970 in
3460 3913 3636 3970 nobis

1977 4013 2115 4064 sunt
2144 4007 2474 4078 confundit,
2510 4006 2898 4065 confusorum
2948 4009 3144 4062 autem
3180 4004 3632 4077 dissipationem

1976 4103 2032 4154 et
2062 4096 2483 4162 excretionem,
2511 4111 2581 4152 eo
2611 4095 2778 4168 quod
2817 4111 2936 4150 non
2969 4095 3112 4150 satis
3141 4093 3310 4150 ardet
3356 4093 3538 4159 calor,
3575 4097 3634 4150 ut

1977 4187 2140 4242 calor
2165 4187 2330 4248 solis,
2361 4201 2480 4240 non
2514 4185 2669 4240 facit.
2707 4185 2801 4240 His
2832 4189 3030 4240 autem
3059 4181 3411 4240 humoribus
3455 4182 3536 4236 ita
3575 4181 3634 4236 in

1977 4291 2224 4346 corpore
2283 4274 2544 4330 confusis
2577 4277 2633 4328 et
2681 4271 3069 4336 conturbatis,
3129 4287 3199 4326 eo
3233 4269 3426 4339 magis
3471 4268 3627 4323 valet

1903 4352 1946 4405 Π
1981 4364 2226 4420 morbus
2243 4381 2255 4430 ;
2275 4368 2332 4418 et
2347 4361 2540 4432 magis
2563 4361 2806 4418 cerebro
2821 4365 2874 4416 et
2891 4359 3069 4432 capiti
3093 4358 3354 4422 additur,
3381 4361 3636 4428 torquet-

1977 4468 2094 4526 que
2125 4451 2350 4510 animal
2375 4456 2432 4506 et
2462 4453 2672 4514 mutat,
2704 4455 2758 4505 et
2786 4447 3084 4504 naturales
3111 4447 3264 4501 vires
3287 4461 3422 4500 cum
3447 4445 3639 4516 impe-

1977 4543 2122 4606 diat,
2153 4557 2238 4596 eae
2269 4539 2629 4610 franguntur
2651 4543 2707 4593 et
2731 4537 3120 4608 dissipantur.
3153 4535 3220 4590 Et
3263 4533 3484 4590 idcirco
3511 4533 3638 4590 illos

1977 4629 2078 4704 qui
2111 4627 2210 4685 tali
2239 4627 2448 4684 morbo
2474 4631 2743 4683 tenentur
2773 4623 2984 4694 vulgus
3015 4624 3311 4680 lunaticos
3343 4622 3636 4690 nominat,

1975 4723 2030 4776 et
2052 4718 2196 4792 quin
2245 4717 2330 4773 sic
2366 4732 2470 4772 eos
2519 4715 2787 4772 nominet
2809 4713 2953 4770 nihil
2976 4711 3197 4770 obstat.
3235 4715 3330 4770 Est
3377 4718 3433 4768 et
3487 4711 3639 4769 ultra

1977 4807 2103 4864 haec
2125 4808 2269 4864 alter
2296 4821 2492 4862 sermo
2521 4804 2626 4878 qui
2670 4803 3040 4862 daemonium
3091 4802 3312 4858 habere
3363 4801 3502 4858 dicit
3531 4816 3636 4860 eos

1975 4913 2129 4970 quos
2151 4896 2364 4966 vulgus
2387 4893 2684 4952 lunaticos
2705 4897 2908 4960 vocat;
2933 4892 3235 4948 daemonia
3251 4907 3390 4948 vero
3415 4891 3639 4950 calum-

1975 4987 2211 5042 niandis
2236 4983 2522 5042 Creatoris
2551 4983 2833 5056 operibus
2873 4982 3036 5055 apud
3075 4981 3348 5038 homines
3389 4979 3636 5046 intenta,

1975 5076 2287 5146 diligenter
2310 5074 2676 5130 incrementa
2703 5073 2862 5129 lunae
2893 5073 3230 5138 observare,
3259 5075 3314 5126 et
3341 5074 3478 5126 tunc
3505 5084 3640 5124 ma-

1973 5165 2099 5222 lum
2147 5179 2368 5234 augere
2421 5167 2478 5220 et
2569 5161 2904 5219 evidentius
2951 5162 3164 5226 facere,
3216 5165 3281 5217 ut
3347 5157 3639 5232 pessimae

1975 5268 2184 5309 causas
2210 5267 2342 5308 esse
2389 5251 2642 5323 pulchra
2675 5251 2774 5306 Dei
2819 5249 3061 5322 opificia
3099 5248 3328 5322 opinari
3391 5261 3641 5320 persua-

1974 5341 2158 5398 deant
2199 5347 2256 5396 et
2307 5340 2440 5396 inde
2497 5342 2834 5396 Creatorem
2885 5339 3329 5412 blasphement.
3391 5335 3504 5394 Sed
3543 5335 3639 5390 hic

1973 5431 2218 5503 quidem
2253 5446 2451 5486 sermo
2483 5444 2600 5485 non
2617 5430 2908 5486 rationem
2931 5427 3101 5484 affert
3130 5443 3234 5482 cur
3261 5425 3362 5482 tali
3382 5423 3638 5482 dictione

1974 5519 2212 5576 divinus
2243 5517 2554 5590 Apostolus
2605 5535 2749 5572 usus
2795 5519 2916 5586 sit;
2959 5517 3066 5574 sed
3119 5515 3432 5588 quomodo
3495 5527 3638 5567 sane
