3992 6182
442 237 546 292 119

1667 235 1902 292 ΡΗΟΤΙΙ
1942 233 2414 292 ΡΑΤΒΙΑΗΟΙΙΑΞ
2453 237 2566 292 CP.

3699 239 3800 292 1‘20

441 359 742 416 daemonia
758 358 1298 432 speculantialuna:
1321 360 1536 428 phases
1553 365 1688 416 tunc
1703 361 1872 416 nobis
1895 361 2067 418 acrius

2201 365 2346 412 αἴτια
2409 365 2474 412 τά
2525 359 2657 412 καλά
2711 368 2802 412 τού
2851 367 2986 412 Θεοῦ
3045 357 3496 435 δημιουργήματα
3548 367 3804 413 πείσωσιν

439 449 716 506 insultent
748 453 804 504 et
827 449 885 504 in
917 465 1024 504 nos
1059 449 1434 522 tyrannidem
1459 454 1792 505 exerceant.
1817 454 2088 506 Attamen

437 540 580 612 quia
611 537 789 594 multa
819 537 996 602 dicta,
1033 543 1189 608 sunt,
1225 539 1488 611 nihilque
1519 539 1628 611 piis
1651 537 1960 610 principiis
1985 538 2087 594 ad-

439 633 722 696 versetur,
763 629 1017 702 quisque
1047 644 1178 684 eam
1213 643 1396 700 quam
1451 627 1701 684 voluerit
1741 628 2088 699 opinionem

442 721 742 790 sequatur.

2201 453 2451 516 ὑπονοεῖν,
2503 448 2737 502 κάκεῖθεν
2795 449 3258 522 βλασφημήσωσιν
3315 455 3401 504 τόν
3453 455 3802 522 Δημιουργόν.

2202 539 2336 592 Ἀλλ’
2393 540 2544 601 οὗτος
2569 543 2658 610 μὲν
2711 541 2735 590 6
2789 538 2940 610 λόγος
2979 540 3036 591 όύ
3079 536 3172 591 δια
3203 545 3254 591 τί
3299 543 3561 612 κέχρηται
3587 543 3800 611 τοιαύτη

2199 627 2330 692 λέξει
2385 630 2410 679 6
2461 629 2595 689 θεῖος
2651 626 2939 688 ἀπόστολος
2994 635 3206 700 γνώμην
3248 631 3446 700 εἰσάγει
3506 647 3518 658 ’
3573 629 3702 680 ἀλλά
3753 633 3806 679 τί

2201 713 2398 774 δήποτε
2453 714 2790 790 ἐφεδρεύοντα
2839 720 2904 769 τά
2957 714 3208 790 δαιμόνια
3263 725 3358 779 τῆς
3409 715 3625 779 σελήνης
3679 721 3805 778 τοὺς

439 810 650 880 καιρούς
689 812 804 859 τότε
823 807 938 860 καθ’
971 809 1114 878 ἡμῶν
1147 805 1492 881 σφοδρότερον
1523 804 1758 878 ἐπιπηδᾲ
1785 813 1875 860 καὶ
1905 811 1998 865 την
2027 803 2314 879 τυραννίδα
2343 810 2602 880 κρατύνει.
2649 807 2786 864 Πλὴν
2825 807 3020 859 πολλῶν
3061 807 3338 881 εἰρημένων
3370 811 3454 858 καὶ
3485 804 3698 866 οὐδενός
3731 817 3802 878 τῷ

439 895 733 950 εὖσεϐοῦντι
756 893 1151 970 ὃιαμαχομένου
1177 897 1430 970 λογισμῷ,
1459 899 1517 950 τὸ
1553 893 1740 950 δοκοῦν
1773 897 1974 969 ἑκάστῳ
1999 905 2149 950 τοῦτο
2175 900 2264 948 καὶ
2295 901 2574 971 κρατείτω,

1043 1029 1364 1095 ΟΗΑΕΞΤΙΟ
1399 1031 1482 1086 ΧΙ.

441 1135 634 1202 Quare
647 1151 770 1190 cum
793 1138 834 1188 Α
844 1136 1054 1192 damus
1064 1145 1354 1206 peccasset
1367 1145 1426 1194 et
1437 1137 1635 1193 mortis
1645 1151 1870 1206 poenam
1891 1139 2089 1194 incur-

509 1209 700 1274 risset,
713 1209 832 1277 ejus
843 1208 1002 1280 ﬁlius
1015 1210 1115 1280 qui
1129 1224 1246 1266 non
1257 1209 1523 1279 peccavit
1539 1215 1735 1266 tamen
1747 1215 1886 1266 ante
1897 1209 2085 1278 ipsum

507 1289 752 1335 mortem
783 1279 1026 1336 subierit
1058 1297 1072 1346 ;

2767 1037 3078 1086 ΕΡΩΤΗΣΙΣ
3123 1029 3224 1082 IA'.

2199 1139 2299 1210 Δίδε
2338 1143 2396 1210 Τί
2441 1145 2530 1190 τοῦ
2571 1135 2746 1210 ’Ἀδάμ
2797 1140 3162 1210 ἡμαρτηκότος
3205 1143 3292 1190 καὶ
3327 1141 3524 1210 tam
3569 1140 3798 1190 θανάτου

2271 1205 2549 1284 δεξαμένου
2578 1205 2856 1282 ἐπιτίμιον,
2889 1205 2920 1263 ὅ
2946 1212 3126 1262 τούτου
3161 1217 3283 1272 παῖς
3311 1205 3448 1282 μηδὲ
3475 1211 3802 1284 ἡμαρτηκὼς

2269 1280 2582 1354 προτελευτᾴ
2605 1297 2618 1348 ;

1645 1403 1796 1452 Edita
1816 1416 1848 1452 ἢ
1872 1403 2026 1460 Maio,
2061 1402 2159 1452 loc.
2193 1404 2301 1460 cit.,
2331 1419 2381 1468 p.
2414 1405 2574 1452 10-12.

505 1517 860 1574 Profundior
889 1523 943 1574 et
981 1517 1268 1574 excelsior
1295 1519 1369 1574 de
1401 1518 1515 1572 hac
1547 1533 1608 1572 re
1657 1533 1854 1573 sermo
1879 1517 2082 1572 forsan
2117 1519 2159 1570 Β

433 1607 662 1674 ingredi
693 1607 938 1663 libenter
963 1607 1022 1662 in
1042 1607 1386 1662 divinorum
1411 1607 1767 1679 judiciorum
1791 1605 2082 1676 abyssum

433 1696 576 1761 vult,
627 1699 926 1752 humanas
978 1697 1298 1752 sententias
1343 1713 1654 1768 superans,
1715 1695 1972 1767 exceptis
2013 1695 2082 1750 iis

432 1801 567 1854 quae
609 1785 682 1840 ad
707 1789 970 1840 nostram
999 1785 1396 1855 cognitionem
1429 1785 1816 1840 devenerunt.
1859 1783 2084 1856 Accipit

431 1875 674 1945 quidem
699 1875 964 1928 Adamus
991 1891 1160 1929 suam
1191 1891 1449 1946 pteuam,
1477 1874 1662 1930 oritur
1709 1881 1908 1930 autem
1952 1873 2080 1943 ejus

429 1961 604 2026 filius,
647 1968 710 2018 ut
739 1961 866 2033 ipse
897 1963 1036 2019 mali
1069 1969 1275 2018 auctor
1303 1963 1424 2018 suis
1455 1963 1644 2018 oculis
1677 1962 1883 2018 mortis
1934 1977 2080 2034 pon-

426 2050 542 2106 dus
575 2055 630 2106 et
665 2049 1046 2108 atilictionem
1079 2053 1334 2118 intuens,
1361 2053 1436 2109 ad
1477 2052 1926 2122 intelligentiam
1959 2052 2078 2106 cul-

427 2155 519 2212 pas
553 2141 746 2210 magis
796 2141 1068 2198 deveniat
1103 2158 1117 2206 ;
1147 2147 1210 2198 ut
1257 2147 1415 2198 metu
1469 2149 1526 2197 et
1577 2159 1802 2214 angore
1833 2157 2078 2214 pressus

427 2230 770 2302 poenitentia
795 2236 849 2286 et
873 2231 1077 2287 dolore
1107 2233 1340 2288 sceleris
1369 2233 1470 2288 sibi
1501 2232 1832 2288 molliorem
1870 2231 2078 2287 reddat

425 2335 687 2392 poenam.
719 2321 924 2376 Omnis
949 2321 1108 2376 enim
1129 2321 1538 2386 comminatio,
1561 2321 1758 2376 omnis
1789 2323 2076 2376 intentata

425 2423 604 2478 poena
629 2413 766 2464 tunc
788 2409 1060 2464 timidum
1089 2411 1303 2475 reddit,
1326 2427 1463 2465 cum
1485 2409 1759 2466 alicunde
1776 2409 2073 2465 malorum

423 2497 787 2566 experientia
819 2499 874 2551 in
905 2513 1142 2554 reorum
1171 2501 1436 2554 notitiam
1468 2500 1652 2554 venit.
1684 2501 1884 2570 Neque
1915 2499 2074 2553 enim

423 2583 620 2638 sinon
667 2591 966 2640 mortuum
997 2586 1265 2642 Adamus
1313 2587 1493 2641 ﬁlium
1553 2587 1829 2652 novisset,
1879 2603 2073 2658 neque

422 2673 626 2728 omnia
656 2689 790 2746 quae
831 2691 990 2730 mors
1040 2691 1241 2731 secum
1277 2675 1444 2732 affert
1491 2677 1789 2732 horrenda
1847 2675 2046 2732 consci

421 2760 618 2828 visset,
667 2777 786 2817 non
841 2761 1008 2818 illum
1059 2779 1346 2832 magnum
1393 2771 1446 2820 et
1490 2764 1712 2820 auxilio
1769 2771 2067 2820 carentem

2265 1516 2322 1569 Ὀ
2381 1521 2472 1590 μὲν
2547 1517 2834 1594 βαρύτερος
2888 1525 2975 1572 καὶ
3041 1519 3354 1592 ὑψηλότερος
3410 1524 3528 1592 περὶ
3609 1521 3798 1570 τούτου

2193 1605 2342 1677 λόγος
2399 1607 2773 1683 ἑμφιλοχωρεῖν
2824 1611 2954 1670 ἴσως
3011 1609 3080 1670 εἰς
3117 1613 3212 1666 τήν
3263 1617 3360 1660 τῶν
3407 1609 3552 1660 θεία-ν
3599 1607 3798 1678 κρεμά-

2191 1715 2290 1748 των
2341 1695 2496 1748 ἐθέλει
2553 1697 2807 1760 άϐυσσον,
2839 1701 2958 1758 τοὺς
3015 1697 3361 1768 ἀνθρωπίνους
3418 1697 3580 1748 λιπὼν
3647 1695 3794 1766 λογι-

2195 1789 2377 1856 σμούς,
2432 1785 2563 1844 πλὴν
2609 1789 2708 1839 ὃσα
2758 1793 2847 1840 καὶ
2905 1787 2973 1850 εἰς
3031 1789 3281 1862 ἡμετέραν
3328 1793 3521 1858 γνῶσιν
3571 1783 3792 1841 κατέϐη.

2195 1873 2458 1946 Λαμϐάνει
2509 1877 2598 1946 μὲν
2647 1872 2824 1948 Ἀδὰμ
2861 1879 2917 1928 τὸ
2949 1875 3228 1948 ἐπιτίμιον,
3277 1874 3588 1946 προτελευτᾷ
3651 1870 3710 1926 δὲ
3765 1875 3792 1926 6

2189 1965 2374 2015 τούτου
2417 1971 2561 2029 παῖς,
2593 1967 2674 2016 ἱνα
2705 1971 2810 2024 τοῖς
2859 1964 3141 2036 ὀφθαλμοῖς
3193 1966 3218 2016 6
3269 1965 3548 2022 ὑπεύθυνος
3595 1967 3654 2014 τό
3695 1971 3790 2014 τοῦ

2191 2053 2412 2104 θανάτου
2445 2051 2584 2125 βαρύ
2637 2059 2726 2106 καὶ
2779 2051 3038 2106 ἐπώδυνον
3091 2056 3344 2127 καθορῶν,
3373 2053 3439 2113 εἰς
3495 2055 3790 2108 συναίσθη-

2191 2160 2272 2193 σιν
2307 2145 2397 2213 μεν
2450 2142 2640 2214 μᾶλλον
2677 2151 2768 2195 τοῦ
2821 2143 3195 2217 ἁμαρτήματος
3251 2149 3510 2214 καταστῇ,
3573 2141 3640 2201 εἰς
3699 2147 3790 2212 φό-

2189 2228 2274 2282 ϐον
2333 2227 2391 2282 δε
2447 2237 2536 2282 καὶ
2595 2229 2816 2302 ἀγωνίαν
2871 2231 3050 2304 ἐμϐὰς,
3111 2231 3413 2304 μεταμελείᾳ
3463 2236 3554 2282 καὶ
3611 2231 3790 2282 πένθει

2187 2327 2278 2370 τοῦ
2335 2319 2672 2390 τολμηθέντος
2741 2321 2906 2392 ἐαυτῷ
2971 2323 3306 2395 καταπραΰνῃ
3378 2326 3472 2378 την
3547 2325 3734 2376 ποινήν
3777 2341 3788 2352 ·

2187 2413 2274 2460 καὶ
2321 2413 2422 2483 γὰρ
2461 2415 2608 2462 πᾶσα
2659 2415 2748 2482 μὶν
2810 2409 3015 2474 ἀπειλὴ,
3049 2417 3198 2462 πᾶσα
3248 2407 3307 2462 δὲ
3359 2407 3789 2480 ἐπανατεινομένη

2186 2494 2310 2555 δίκη
2353 2503 2466 2552 τότε
2515 2502 2833 2552 καθίσταται
2881 2499 3110 2572 φοϐερόν,
3169 2501 3326 2557 ἡνίκα
3371 2501 3520 2550 ποθεν
3561 2501 3590 2556 ἡ
3631 2505 3792 2571 πείρα

2183 2595 2280 2638 τῶν
2322 2585 2502 2640 δεινῶν
2561 2589 2631 2649 εἰς
2681 2597 2874 2659 γνῶσιν
2933 2589 3070 2642 ὓιθοι
3115 2597 3212 2640 τῶν
3267 2589 3562 2640 ὑπευθύνων
3599 2605 3614 2618 ·
3659 2584 3790 2640 οὐδὲ

2181 2677 2280 2748 γὰρ
2313 2673 2431 2728 οὐδ’
2461 2677 2504 2728 εί
2551 2681 2622 2749 μὴ
2655 2679 2940 2735 τεθνηκότα
2996 2679 3020 2728 6
3063 2673 3240 2749 Ἀδὰμ
3271 2673 3390 2748 ᾔδει
3441 2679 3530 2730 τόν
3583 2673 3786 2742 παῖδα,

2181 2761 2294 2818 οὐδ’
2321 2765 2380 2816 ἂν
2407 2763 2522 2818 οὐδ’
2553 2768 2653 2819 ὃσα
2697 2768 2722 2818 6
2769 2769 2986 2828 θάνατος
3019 2770 3409 2840 συνεπιφέρεται
3439 2767 3626 2839 φρικτά
3659 2783 3782 2817 συν-

419 2863 693 2920 agonem,
729 2867 848 2906 non
883 2853 1092 2908 mentis
1117 2853 1540 2922 turbationem,
1573 2869 1692 2909 non
1717 2855 1844 2926 ejus
1874 2871 1908 2909 a
1945 2869 2067 2910 cor-

2182 2849 2318 2926 ῄδει,
2351 2855 2412 2906 οὗ
2443 2858 2526 2907 τὸν
2585 2855 2742 2908 πολύν
2773 2855 2960 2908 ἐκεῖνον
3009 2875 3098 2908 και
3143 2853 3434 2912 ἀϐοήθητον
3471 2853 3665 2925 ἀγῶνα,
3719 2860 3784 2906 οὗ

417 2955 560 3011 pore
591 2943 1045 3012 separatiouem,
1065 2959 1184 2998 non
1201 2959 1578 3016 quascunque
1599 2943 1716 3000 alia
1739 2949 2070 3015 sequuntur

416 3029 872 3086 dissolutionem
903 3035 960 3087 et
988 3033 1502 3104 putrefactionem,
1533 3031 1902 3104 pestilentem
1924 3033 2068 3088 odo-

417 3134 563 3182 rem,
593 3125 648 3174 et
679 3120 1006 3192 pulverem,
1040 3127 1094 3176 et
1123 3122 1350 3178 saniem
1385 3128 1439 3177 et
1469 3137 1722 3178 vermes.
1757 3121 1928 3176 Videt
1957 3121 2063 3190 igi-

417 3213 512 3262 tur
541 3207 808 3264 Adamus
839 3209 896 3264 in
929 3209 1046 3266 alio
1071 3211 1366 3284 quidquid
1399 3213 1548 3268 inest
1573 3211 1632 3266 in
1667 3211 1906 3283 propria
1943 3227 2062 3282 pce-

416 3311 496 3354 na
547 3297 806 3352 terribile
847 3305 900 3352 et
951 3299 1320 3356 intolerabile
1355 3317 1368 3366 ;
1405 3299 1564 3372 quod
1595 3299 1822 3364 videns,
1873 3301 2064 3368 magis

415 3389 638 3456 quanta
667 3385 1036 3459 fueritculpa
1067 3389 1336 3460 intelligit
1369 3409 1383 3460 ;
1414 3395 1466 3445 et
1499 3391 1631 3446 ideo
1667 3405 1848 3445 manu
1897 3389 2066 3444 duci-

417 3478 510 3527 tur
533 3475 608 3528 ad
663 3477 1090 3545 paenitentiam,
1121 3483 1174 3532 et
1213 3477 1334 3533 tilio
1373 3477 1620 3534 orbatus
1669 3479 1795 3548 jam
1853 3479 2064 3533 animae

415 3578 538 3616 sure
569 3563 818 3618 salutem
881 3565 1156 3620 lucratur.
1219 3567 1276 3622 Si
1329 3567 1461 3639 quis
1517 3583 1656 3622 vero
1713 3585 1832 3623 non
1875 3573 2062 3624 morte

415 3651 653 3722 propria
676 3651 1129 3710 tolerabiliorem
1161 3655 1392 3711 Adamo
1419 3655 1520 3711 filii
1565 3662 1814 3712 mortem
1847 3657 2062 3729 cogita-

413 3743 519 3802 ret,
545 3739 830 3796 inveniret
877 3741 1097 3798 multos
1151 3747 1348 3813 patres
1388 3743 1519 3800 talis
1549 3745 1926 3814 cogitationis
1983 3751 2062 3801 te-

415 3831 554 3891 stes,
577 3829 680 3900 qui
712 3829 1009 3886 multoties
1025 3833 1341 3888 morientes
1361 3833 1474 3904 ipsi
1497 3833 1598 3888 ﬁlii
1627 3837 1718 3889 sui
1737 3835 2060 3907 szepissime

415 3915 658 3973 salutem
717 3925 942 3974 emunt.
995 3919 1274 3977 l’raavenit
1330 3921 1504 3993 igitur
1548 3923 1844 3979 Adamum
1891 3923 2060 3994 juxta

413 4003 568 4060 hunc
597 4023 934 4062 sermonem
961 4013 1016 4063 et
1061 4013 1196 4064 ante
1239 4017 1508 4076 mortem,
1567 4011 1668 4067 ﬁlii
1723 4029 1896 4084 poena
1945 4013 2058 4084 ipsi

411 4093 673 4163 deﬁnita,
707 4097 962 4166 graviori
984 4097 1102 4154 ictu
1133 4114 1318 4170 quam
1356 4115 1516 4156 mors
1543 4107 1650 4166 est,
1683 4101 2059 4157 intoleranda

411 4199 626 4257 nempe
661 4186 886 4243 tristitia
912 4193 1272 4260 correptum.

479 4366 558 4420 Tu
589 4381 724 4421 vero
756 4365 896 4422 mihi
919 4373 974 4423 et
996 4367 1231 4422 tertium
1253 4367 1362 4422 hoc
1387 4367 1698 4438 diligenter
1723 4369 2054 4426 considera.

406 4453 543 4508 Tres
557 4455 710 4512 viros
739 4461 894 4513 totus
919 4457 1175 4512 mundus
1193 4461 1332 4512 tunc
1349 4455 1606 4512 habebat
1621 4457 1808 4524 cives;
1837 4458 2058 4514 femina

410 4545 604 4596 autem
631 4559 766 4600 cum
783 4546 926 4617 ipsis
949 4545 1186 4602 vivebat
1205 4547 1398 4602 unica.
1415 4545 1678 4614 Quorum
1697 4545 1794 4602 alii
1808 4549 2054 4620 quidem

409 4629 721 4698 genitores,
745 4633 840 4688 alii
863 4651 1002 4690 vero
1033 4635 1135 4690 ﬁlii
1154 4641 1320 4691 erant
1341 4637 2054 4708 generantiurn.Atlamus

407 4717 650 4787 quidem
685 4737 802 4776 non
831 4725 1142 4792 subjicitur
1181 4741 1391 4796 poenae,
1432 4731 1672 4798 propter
1701 4741 1834 4780 eam
1867 4742 2050 4798 quam

407 4821 604 4862 sermo
628 4823 873 4864 causam
899 4811 1106 4866 attulit.
1144 4813 1205 4868 Et
1236 4815 1354 4869 Eva
1382 4829 1454 4870 ex
1477 4831 1595 4871 una
1615 4819 1782 4887 parte
1811 4821 2055 4886 propter

409 4893 670 4950 eamdem
703 4911 948 4954 causam
978 4899 1150 4955 morti
1177 4917 1296 4956 non
1329 4902 1665 4976 subjicitur,
1699 4919 1769 4958 ex
1802 4903 1920 4958 alia
1954 4919 2054 4959 au-

405 4987 520 5037 tem
545 4990 726 5054 parte,
750 4987 895 5057 quia
918 5003 1054 5042 cum
1075 5003 1193 5044 una
1207 4989 1614 5058 essetfemina,
1631 4992 1761 5062 ejus
1783 4992 2054 5050 absentia

403 5077 594 5128 totum
637 5089 844 5144 genus,
869 5077 1250 5146 generatione
1291 5079 1544 5146 sublata,
1579 5097 1716 5137 cum
1743 5097 1814 5136 ea
1841 5083 2048 5137 traxis-

407 5165 492 5216 set
516 5162 572 5217 in
607 5161 870 5220 exitium.
912 5167 1186 5222 Attamen
1219 5181 1415 5239 neque
1442 5169 1582 5226 Cain
1616 5171 1818 5226 datam
1865 5187 1936 5226 ex
1965 5171 2052 5226 in-

403 5250 570 5307 sidiis
597 5258 848 5308 mortem
874 5255 1074 5310 subire
1097 5256 1410 5326 oportebat
1435 5274 1447 5318 ;
1473 5259 1640 5329 pejor
1664 5259 1910 5332 quidem
1929 5265 2054 5318 erat

405 5339 516 5406 ille,
561 5340 765 5396 melior
796 5347 992 5398 autem
1033 5351 1160 5398 erat
1183 5343 1326 5400 Abel
1361 5361 1374 5410 ;
1402 5349 1458 5398 et
1486 5348 1795 5417 quomodo
1821 5353 2051 5419 poterat

405 5429 530 5485 ﬁeri
557 5433 619 5485 ut
641 5429 690 5484 is
711 5431 812 5502 qui
827 5431 903 5486 ab
925 5431 1084 5487 omni
1102 5433 1241 5488 dolo
1289 5439 1344 5488 et
1395 5433 1620 5490 invidia
1641 5439 1698 5489 et
1723 5435 1841 5492 alia
1859 5437 2050 5509 quali-

405 5519 504 5576 bet
534 5517 759 5577 malitia
809 5521 1062 5578 mundus
1115 5529 1260 5588 erat,
1317 5523 1648 5579 homicidas
1693 5525 1754 5579 in
1807 5525 2048 5583 fratrem

2176 2946 2262 2996 τόν
2293 2943 2506 3019 Θόρυϐον
2532 2953 2624 3005 τῆς
2671 2944 2874 3017 ψυχῆς,
2925 2949 2983 2996 ού
3037 2949 3122 2996 τόν
3152 2947 3403 3018 μερισμὸν
3453 2943 3612 3005 αὐτῆς
3673 2942 3784 2996 ἀπὸ

2177 3040 2266 3084 τοῦ
2300 3039 2561 3106 σώματος,
2613 3031 2728 3086 οὐδ’
2787 3037 2884 3086 ὅσα
2915 3033 3042 3086 ἄλλα
3089 3037 3286 3104 ἕπεται,
3315 3034 3478 3100 λύσις,
3537 3037 3622 3084 καὶ
3683 3041 3784 3090 σῆ-

2174 3121 2284 3191 ψις,
2311 3127 2398 3174 καὶ
2427 3119 2690 3186 δυσωδία,
2723 3128 2810 3174 καὶ
2837 3131 2992 3194 χούς,
3023 3129 3112 3176 καὶ
3137 3123 3345 3198 ἰχῶρες,
3373 3126 3464 3174 καὶ
3491 3123 3778 3182 σκώληκες.

2173 3209 2302 3284 Ὀρᾷ
2331 3217 2500 3263 τοίνυν
2536 3213 2561 3263 6
2593 3209 2766 3284 Ἀδὰμ
2813 3211 2858 3264 ἐν
2909 3212 3060 3284 ἑτέρῳ
3103 3219 3196 3264 τοῦ
3245 3209 3384 3264 ἰδίου
3417 3210 3680 3283 ἐπιτιμίου
3715 3217 3780 3264 τό

2176 3299 2386 3373 φοϐερόν
2417 3307 2502 3352 καὶ
2556 3301 2910 3354 ἀνυπόστατον
2945 3321 2956 3334 ·
2991 3307 3080 3353 καὶ
3131 3303 3279 3373 ὁρῶν,
3339 3300 3526 3374 μᾶλλον
3573 3304 3633 3352 τό
3683 3304 3778 3370 μέ-

2172 3391 2322 3460 γεθος
2367 3397 2458 3441 τον
2503 3395 2828 3462 πταίσματος
2873 3391 3274 3442 συναισθάνεται
3305 3407 3318 3420 ’
3361 3393 3449 3441 καὶ
3493 3386 3588 3442 δια
3617 3397 3778 3442 τοῦτο

2173 3485 2582 3550 χειραγωγείται
2639 3483 2764 3552 πρὸς
2819 3483 2912 3536 τήν
2965 3481 3238 3550 μετάνοιαν
3297 3498 3307 3510 ·
3361 3499 3448 3530 και
3505 3475 3777 3550 κερδαίνει

2171 3567 2346 3618 λοιπόν
2387 3565 2579 3630 παιδός
2625 3570 2912 3639 στερηθεὶς,
2945 3575 3040 3630 τῆς
3097 3567 3282 3620 ἑαυτοῦ
3317 3567 3499 3638 ψυχῆς
3555 3573 3612 3619 τό
3671 3587 3776 3620 σω-

2169 3661 2366 3730 τήριον.
2397 3657 2454 3709 Εἰ
2503 3653 2561 3709 δε
2609 3661 2698 3708 καὶ
2733 3659 2954 3710 θανάτου
2989 3676 3070 3719 τις
3123 3654 3273 3709 οὐδὲν
3305 3655 3628 3729 ἀνεκτότερον
3677 3663 3776 3716 την

2173 3743 2429 3802 ἀποϐολὴν
2485 3753 2576 3797 τοῦ
2634 3741 2828 3808 παιδὸς
2885 3745 3238 3816 ἐπιλογίσοιτο
3287 3753 3358 3815 τῷ
3387 3742 3582 3817 Ἀδὰμ,
3619 3747 3776 3818 εὑρή-

2173 3853 2254 3886 σοι
2311 3833 2526 3896 πολλοὺς
2575 3839 2794 3908 πατέρας
2851 3843 2942 3895 τῆς
2985 3837 3234 3896 τοιαύτης
3283 3831 3512 3894 διανοίας
3567 3837 3776 3907 μάρτυο

2169 3943 2282 3995 ρας,
2321 3925 2371 3975 οῖ
2425 3923 2622 3976 πολλων
2657 3921 2804 3976 ἰδίων
2851 3925 3078 3976 θανάτων
3111 3928 3203 3981 τὴν
3255 3931 3346 3975 τοῦ
3375 3919 3566 3983 παιδὸς
3595 3923 3774 3976 αὐτῶν

2169 4012 2416 4074 πολλάκις
2466 4017 2728 4084 σωτηρίαν
2787 4012 3137 4066 ἀλλάσσονται
3195 4030 3206 4042 ·
3259 4015 3439 4085 φθάνει
3487 4021 3772 4084 τοιγαροῦν

2169 4105 2254 4152 τὸν
2281 4099 2456 4173 Ἀδὰμ
2499 4105 2633 4154 κατά
2685 4105 2770 4153 τόν
2815 4101 2965 4172 λόγον
2992 4109 3169 4154 τοῦτον
3215 4107 3306 4154 καὶ
3351 4105 3452 4174 πρὸ
3481 4109 3574 4154 τοῦ
3609 4103 3772 4154 θανά-

2107 4233 2131 4264 ,
2169 4209 2279 4254 του,
2311 4197 2401 4242 τοῦ
2431 4187 2624 4253 παιδὸς
2671 4195 2728 4242 τὸ
2779 4189 3054 4263 ἀφορισθεν
3109 4191 3248 4243 αύτώ
3289 4191 3565 4262 ἐπιτίμιον,
3599 4189 3774 4264 βαρυ·

2167 4283 2286 4350 τέρᾳ
2315 4281 2537 4331 θανάτου
2571 4279 2764 4352 πληγῇ,
2799 4288 2858 4351 τῇ
2892 4278 3131 4353 ἀφορὴτῳ
3163 4279 3296 4352 λύπῃ
3333 4279 3692 4351 ἁλισκόμενον.

2237 4372 2303 4420 Σύ
2367 4364 2426 4420 δέ
2475 4389 2565 4440 μοι
2617 4373 2706 4420 καὶ
2761 4373 2930 4442 τρίτον
2973 4368 3236 4437 ἐπιθεώρει
3269 4377 3444 4442 ’τρεῖς
3496 4366 3694 4444 ἄνδρας
3745 4375 3772 4423 6

2170 4459 2380 4529 σύμπας
2435 4463 2630 4529 κόσμος
2681 4457 2897 4517 πολίτας
2945 4455 3058 4529 εἶχε
3105 4463 3418 4528 τότε·γυνὴ
3475 4454 3531 4510 δ’
3587 4458 3774 4520 αὐτοῖς

2169 4546 2578 4598 συνεπολιτεύετο
2631 4551 2727 4618 μία
2783 4565 2795 4579 ·
2857 4547 2924 4597 ὧν
2974 4549 3020 4598 οἰ
3077 4550 3165 4618 μὲν
3217 4551 3535 4620 γεννήτορες,
3597 4549 3644 4598 οἰ
3709 4545 3774 4601 δὲ

2165 4632 2352 4696 παῖδες
2401 4631 2533 4693 ἦσαν
2591 4643 2690 4686 τὼν
2745 4639 3154 4708 γεννησαμένων.
3187 4635 3245 4686 Ὀ
3294 4639 3382 4708 μὲν
3437 4632 3608 4708 Ἀδάμ
3655 4637 3770 4709 οὔχ

2165 4726 2416 4795 ὑπάγεται
2561 4721 2708 4796 δίκη,
2741 4721 2814 4776 δι’
2863 4725 2924 4783 ἣν
2957 4727 2981 4776 6
3011 4727 3164 4795 λόγος
3193 4721 3378 4776 ἔδωκεν
3419 4725 3591 4776 αἰτίαν
3625 4743 3637 4756 ·
3671 4737 3770 4780 και

2165 4815 2194 4871 ἡ
2231 4817 2335 4866 Εὕα
2387 4811 2446 4866 6“:
2475 4821 2626 4866 τοῦτο
2657 4817 2745 4885 μεν
2797 4809 2890 4864 διά
2923 4818 3017 4872 τὴν
3065 4813 3226 4872 αὐτὴν
3279 4813 3452 4866 αἰτίαν
3481 4813 3586 4885 οὐχ
3633 4816 3766 4868 {nro-

2165 4902 2401 4954 ϐάλλεται
2448 4911 2520 4974 τῷ
2567 4904 2787 4974 θανάτῳ,
2839 4910 2990 4955 τοῦτο
3051 4900 3110 4955 δε
3159 4904 3238 4955 ὃτι
3295 4907 3384 4954 καὶ
3429 4910 3550 4974 μιᾶς
3599 4907 3768 4966 οὔσης

2161 4995 2425 5062 γυναικός,
2471 4993 2497 5042 6
2527 4993 2722 5053 ταύτης
2771 4990 3060 5064 ἀφανισμός
3109 4991 3220 5044 ὅλον
3251 4995 3308 5044 τό
3357 4997 3522 5063 γένος,
3545 5001 3640 5054 τῆς
3671 5015 3766 5064 γε-

2161 5085 2347 5142 νέσεως
2401 5079 2742 5155 ἀνῃρημένης,
2779 5080 3090 5139 συνήλαυνεν
3139 5081 3208 5143 εἰς
3265 5083 3474 5153 φθοράν.
3531 5081 3608 5133 Ού
3655 5087 3768 5154 μὴν

2165 5169 2290 5221 ἀλλὰ
2321 5166 2442 5222 οὐδὲ
2471 5189 2558 5220 τον
2593 5171 2721 5222 Κάῑν
2753 5171 2776 5222 6
2808 5169 2860 5232 ἐξ
2899 5169 3176 5232 ἐπιϐουλῆς
3213 5167 3326 5241 εἶχε
3383 5169 3532 5242 λόγον
3580 5167 3770 5224 διαδέ-

2163 5259 2354 5322 ξασθαι
2400 5260 2653 5320 θάνατος·
2691 5265 2884 5334 χείρων
2932 5263 3021 5332 μεν
3063 5261 3164 5332 γὰρ
3219 5259 3385 5322 οὗτος.
3443 5265 3662 5332 αμείνων
3707 5257 3768 5313 δ’

2163 5345 2222 5406 ἦν
2271 5347 2426 5401 ”Λϐελ
2456 5365 2468 5378 ·

2163 5439 2348 5508 φθόνου
2401 5443 2489 5488 καὶ
2545 5447 2640 5498 τῆς
2699 5437 2856 5498 οἷλλης
2927 5443 3108 5498 κακίας
3171 5440 3524 5512 καθαρεύοντα
3552 5445 3770 5511 μιαιφό-

2525 5353 2613 5400 καὶ
2671 5335 2790 5410 ad)!
2817 5350 2922 5401 οἷόν
2977 5367 3028 5401 τε
3085 5345 3145 5406 ἧν
3197 5351 3284 5401 τὸν
3327 5349 3416 5401 καί
3461 5345 3616 5401 δόλου
3675 5355 3770 5403 καὶ

2159 5545 2274 5586 νους
2317 5525 2582 5598 ἐπαφεῖναι
2611 5535 2797 5602 χεῖρας
2844 5535 2917 5590 τῷ
2947 5524 3190 5599 £46:po;
3221 5527 3450 5582 λείπεταί
3505 5524 3572 5586 δὴ
3631 5531 3770 5581 ἐκεί-
