3992 6182
427 274 528 337 123

1658 267 1891 335 unum
1933 271 2408 337 PATRIARCHAS
2447 278 2557 336 Ct).

3695 265 3803 337 ist

423 406 744 463 noluerunt
769 407 845 462 ad
874 422 1045 461 suam
1071 406 1382 461 utilitatem
1412 406 1697 476 aspicere,
1733 422 1922 477 neque
1948 405 2051 462 dili

2190 409 2493 481 κατάκριμα
2545 412 2748 479 γέγονεν
2801 406 3010 470 ἐκείνοις
3055 409 3169 460 ὅσοι
3212 410 3283 479 μὴ
3341 403 3622 476 διαϐλέψαι
3669 410 3805 480 πρὸς

422 497 684 566 gentiam
704 495 1100 551 adhibuerunt
1119 501 1180 550 ut
1205 511 1377 550 suam
1399 495 1868 566 redemptionem
1895 511 2074 563 agno-

424 591 668 646 scerent.
735 584 850 640 Illis
910 584 967 638 in
1034 584 1328 656 judicium
1403 583 1591 638 factus
1655 589 1741 638 est
1801 599 2078 640 commu-

425 676 517 730 nis
567 679 836 730 nostrum
889 673 1163 729 omnium
1216 671 1524 737 Salvator;
1578 687 1699 726 non
1738 673 1903 744 quod
1952 673 2079 745 ipse

423 781 665 836 poenam
707 780 805 819 eos
859 762 1182 818 incurrisse
1213 767 1421 818 auctor
1462 762 1556 826 sit,
1613 761 1710 818 sed
1758 762 1923 834 quod
1967 762 2078 834 ipsi

426 869 601 911 suam
634 853 884 908 salutem
916 853 974 907 in
1005 851 1378 907 mortiferum
1409 851 1522 906 sibi
1557 849 2080 907 tranformaverint

427 957 741 997 venenum.
799 940 948 996 Illud
989 940 1171 1003 enim,
1217 947 1279 994 ut
1335 939 1618 1004 videntes,
1677 946 1786 994 etc.
1822 954 1939 994 non
1995 945 2080 994 est

423 1047 622 1086 causae
654 1029 955 1093 indicatio,
991 1029 1097 1085 sed
1136 1045 1342 1085 eorum
1377 1028 1755 1085 annuntiatio
1784 1029 1887 1100 qui
1921 1027 2081 1084 mala

423 1119 723 1176 voluntate
739 1126 792 1174 et
805 1124 989 1175 mente
1004 1119 1208 1191 pejora
1225 1117 1560 1173 melioribus
1576 1122 2075 1190 anteposuerunt;

425 1227 488 1264 se
531 1210 692 1281 ipsos
739 1208 897 1264 enim
935 1209 1233 1279 subjectos
1273 1206 1500 1280 judicio
1547 1207 1853 1263 declarare
1885 1222 2079 1278 neque

421 1313 805 1354 communem
829 1297 1190 1354 Salvatorem
1211 1296 1590 1369 accipientes,
1623 1297 1855 1352 malitiae
1871 1312 2079 1352 eorum

419 1391 504 1442 est
535 1387 827 1452 revelatio,
871 1385 1010 1442 nihil
1054 1391 1248 1441 autem
1294 1385 1368 1442 ad
1400 1385 1696 1441 dicentem
1742 1385 1991 1457 pertinet
2019 1399 2080 1440 se

421 1477 656 1533 venisse
682 1493 801 1533 non
837 1482 897 1532 ut
921 1475 1148 1547 judicet
1178 1475 1489 1541 mundum,
1521 1475 1697 1530 sedut
1727 1474 1930 1529 salvet.

491 1656 706 1711 Contra
725 1669 865 1709 vero
887 1658 1130 1709 testatur
1150 1651 1420 1708 bonitatis
1446 1649 1693 1723 pelagus
1714 1654 2076 1707 immensum

2189 502 2282 554 τὴν
2351 497 2542 549 ἑαυτῶν
2611 497 2870 556 ἠθέλησαν
2947 495 3288 565 λυσιτέλειαν,
3375 493 3513 568 μηδὲ
3590 501 3803 548 σύνεσιν

2190 590 2458 660 παρέσχον
2512 586 2788 658 ἐπιγνῶναι
2843 591 2937 646 τὴν
2993 587 3183 640 ἑαυτῶν
3244 584 3629 658 ἀπολύτρωσιν·
3675 589 3802 637 τού-

2190 692 2299 736 τοις
2361 671 2448 726 οὖν
2497 675 2562 736 εἰς
2611 683 2776 749 κρῖμα
2830 679 3032 747 γέγονεν
3082 676 3108 728 ὁ
3171 677 3340 735 κοινός
3394 675 3540 746 ἡμῶν
3594 679 3798 747 Σωτὴρ·

2190 763 2282 815 οὐκ
2315 763 2469 826 αὐτὸς
2520 767 2684 826 αἴτιος
2729 771 2822 817 τοῦ
2869 760 3026 822 δίκην
3072 763 3288 836 ὀφείλειν
3335 763 3526 825 αὐτούς
3553 768 3795 835 γεγονὼς,

2191 850 2296 903 ἀλλ’
2352 851 2550 904 ἐκείνων
2598 856 2656 906 τὸ
2713 857 2966 926 σωτήριον
3004 853 3076 915 εἰς
3123 852 3351 928 ὀλέθριον
3397 851 3598 915 ἑαυτοίς
3642 869 3798 925 μετα·

2193 945 2588 1013 σκευασαμένων
2664 945 2951 1017 φάρμακον.
2999 943 3070 996 Τό
3111 943 3236 1016 γὰρ,
3291 943 3373 996 ἶνα
3428 943 3476 995 οἱ
3527 940 3805 1014 βλέποντες

2189 1035 2278 1082 καὶ
2328 1030 2460 1096 ἑξῆς,
2512 1031 2606 1083 οὐκ
2654 1031 2825 1094 αἰτίας
2883 1034 3025 1084 ἐστὶν
3089 1027 3322 1096 ἔνδειξις,
3378 1029 3674 1103 ἀπαγγελία
3738 1025 3804 1083 δὲ

2191 1126 2288 1170 τῶν
2359 1118 2642 1191 ἐθελοκάκῳ
2707 1126 2884 1194 γνώμη
2973 1124 3036 1173 τὰ
3103 1125 3269 1194 χείρω
3331 1129 3428 1172 τῶν
3493 1123 3802 1194 κρειττόνων

2190 1213 2550 1280 ποιησαμένων
2606 1209 2934 1284 ἐπίπροσθεν.
2989 1213 3059 1262 Τὸ
3120 1214 3208 1282 μὲν
3265 1205 3350 1261 οὖν
3409 1209 3625 1280 ἐνόχους
3673 1207 3804 1260 ἑαν-

2190 1301 2306 1358 τούς
2344 1303 2592 1370 κρίματος
2640 1298 2900 1372 ἀποφῆναι
2943 1304 3032 1350 καὶ
3087 1303 3157 1371 μὴ
3205 1294 3661 1372 παραδεξαμένους
3707 1300 3803 1348 τόν

2189 1390 2357 1438 κοινόν
2397 1395 2629 1462 Σωτῆρα,
2684 1395 2774 1449 τῆς
2827 1387 3025 1441 ἐκείνων
3074 1386 3187 1440 ἐστὶ
3235 1388 3534 1462 μοχθηρίας
3579 1382 3809 1438 ἀπόδει-

2192 1476 2288 1539 ξιςο
2320 1475 2610 1530 ἀντιπίπτει
2661 1474 2720 1530 δὲ
2751 1473 2899 1530 οὐδὲν
2948 1481 3080 1550 πρὸς
3109 1480 3196 1529 τόν
3240 1476 3446 1529 εἰπόντα
3488 1473 3647 1528 ἐλθεῖν
3696 1474 3799 1527 οὐκ

2190 1567 2272 1620 ἐπὶ
2298 1571 2354 1619 τό
2385 1573 2558 1642 κρῖναι
2587 1571 2673 1618 τὸν
2704 1571 2900 1639 κόσμον
2931 1565 3038 1618 ἀλλ’
3071 1566 3142 1628 εἰς
3170 1569 3229 1619 τό
3254 1573 3444 1618 σῶσαι.

2259 1655 2563 1709 Τούναντίον
2636 1651 2722 1707 οὖν
2795 1663 3049 1730 μαρτυρεῖ
3117 1654 3501 1727 φιλανθρωπίας
3569 1652 3800 1724 πελαγος

434 1759 494 1798 se
525 1743 745 1799 multos
779 1741 855 1797 ab
887 1758 1084 1798 errore
1117 1741 1446 1806 retraxisse,
1484 1749 1538 1795 et
1568 1757 1688 1796 non
1720 1746 1995 1814 parentes
2025 1753 2063 1795 εί

2189 1748 2420 1820 άπειρον,
2472 1747 2552 1797 ὅτι
2603 1765 2655 1798 τε
2707 1744 2924 1806 πολλοὺς
2970 1752 3064 1806 τῆς
3115 1743 3308 1804 πλάνης
3359 1742 3643 1806 ἀνείλκυσε,
3704 1748 3802 1794 καὶ

421 1849 483 1888 se
537 1832 643 1886 sub
687 1830 982 1901 judicium
1034 1835 1323 1902 ponentes
1390 1846 1506 1885 non
1560 1829 1829 1894 multare,
1887 1845 2080 1900 neque

420 1922 648 1994 punire,
706 1937 899 1993 neque
953 1923 1265 1990 damnare,
1319 1920 1425 1975 sed
1475 1937 1618 1989 erga
1671 1935 1767 1975 eos
1816 1919 1918 1991 qui
1958 1935 2077 1974 non

419 2016 625 2084 parent
653 2011 975 2080 benignum
1003 2027 1128 2064 esse
1154 2026 1164 2063 :
1192 2033 1217 2058 ‹‹
1244 2013 1448 2066 Totam
1471 2009 1630 2064 diem
1655 2009 1834 2075 enim,
1868 2009 2076 2080 inquit,

419 2099 651 2157 extendi
688 2115 904 2155 manus
947 2115 1112 2154 meas
1154 2099 1230 2153 ad
1275 2098 1563 2170 populum
1608 2114 1728 2154 non
1767 2103 2076 2170 parentem

417 2194 473 2246 et
498 2190 1020 2245 contradicentem.
1052 2211 1072 2236 ι
1109 2188 1418 2244 Damnatio
1449 2188 1625 2258 igitur
1656 2187 1716 2242 fit
1745 2186 1909 2259 apud
1940 2202 2049 2242 nos

416 2284 679 2334 versatus
735 2278 1003 2334 Salvator
1062 2277 1284 2333 malitia
1324 2293 1532 2332 eorum
1591 2277 1694 2348 qui
1744 2277 1940 2348 ipsum
1987 2291 2078 2329 ac-

415 2372 719 2438 ceperunt,
756 2384 874 2422 non
911 2367 1142 2436 judicat
1175 2366 1304 2421 illos
1343 2382 1536 2438 neque
1577 2366 1763 2436 punit,
1798 2371 2076 2420 extremae

416 2455 796 2523 benignitatis
824 2455 1032 2525 gratia,
1063 2461 1116 2510 et
1144 2456 1285 2528 quia
1311 2457 1559 2526 priorem
1587 2455 1716 2525 ejus
1749 2454 2076 2509 adventum

416 2541 756 2615 nonjudicii
777 2550 1032 2615 tempus,
1057 2543 1162 2598 sed
1191 2543 1540 2601 meonomize
1564 2549 1620 2598 et
1641 2541 2078 2614 compassionis

417 2633 729 2688 ostendere
760 2633 810 2688 ei
842 2638 930 2688 est
957 2633 1017 2688 in
1055 2633 1278 2688 animo.
1316 2634 1371 2688 Si
1411 2632 1543 2704 quis
1584 2639 1785 2688 autem
1821 2631 1958 2686 velit
1983 2631 2075 2701 ju-

418 2722 686 2779 veniliter
719 2723 838 2777 vim
870 2721 1176 2777 intendere
1204 2728 1260 2778 et
1288 2727 1518 2776 mutare
1547 2720 1839 2792 judicium
1869 2721 1928 2776 in
1957 2722 2078 2774 dis-

416 2812 740 2867 cretionem
758 2816 813 2866 et
831 2809 1297 2883 separationem,
1321 2811 1377 2866 in
1393 2810 1570 2866 sacris
1585 2809 1832 2882 quidem
1852 2810 2076 2866 Litteris

416 2915 562 2966 non,
597 2905 656 2955 ut
686 2899 962 2966 arbitror,
995 2900 1152 2956 hanc
1189 2917 1388 2956 vocem
1423 2900 1482 2954 id
1511 2905 1839 2966 sonantem,
1872 2903 2078 2954 contra

417 3005 595 3045 usum
622 2989 865 3044 ﬁrmum
892 2989 1178 3058 inveniet;
1209 2987 1722 3060 reperietfortasse
1748 2987 1949 3060 quoad
1969 2987 2076 3042 bos

418 3093 632 3133 sensus
654 3078 1042 3148 cogitationes
1061 3093 1179 3132 non
1203 3077 1344 3133 satis
1366 3078 1704 3148 probantes,
1726 3082 1823 3132 ut:
1852 3075 2075 3132 «Nolite

417 3168 652 3223 credere
692 3166 835 3239 quia
871 3167 1006 3222 veni
1051 3167 1278 3222 mittere
1324 3182 1536 3239 pacem
1586 3182 1766 3239 super
1817 3171 2073 3231 terram;

417 3274 539 3314 non
578 3258 708 3313 veni
741 3273 954 3330 pacem
988 3257 1214 3314 mittere
1246 3257 1350 3313 sed
1394 3256 1656 3329 gladium
1687 3273 1700 3312 :
1745 3257 1870 3311 veni
1914 3257 2072 3311 enim

417 3345 744 3418 dijudicare
772 3347 1069 3404 hominem
1095 3353 1303 3403 contra
1336 3352 1565 3416 patrem
1593 3346 1743 3418 ejus,
1777 3351 1830 3402 et
1855 3361 2072 3404 nurum

416 3441 623 3492 contra
681 3452 914 3491 socrum
974 3452 1184 3501 suam;
1228 3441 1301 3500 et,
1355 3436 1525 3507 cujus
1570 3435 1968 3492 ventilabrum
2012 3434 2073 3490 in

414 3541 602 3581 manu
624 3525 774 3596 ejus,
805 3530 859 3580 et
879 3525 1158 3597 purgabit
1179 3541 1381 3581 aream
1406 3541 1602 3591 suam,
1627 3529 1683 3581 et
1705 3525 2072 3581 frumentum

413 3614 654 3687 quidem
702 3613 1088 3685 congregabit
1133 3615 1191 3670 in
1246 3614 1549 3681 horreum,
1594 3615 1831 3687 paleam
1872 3619 2072 3670 autem

412 3702 709 3761 comburet
729 3705 864 3776 igne
883 3705 1346 3774 inexstinguibili
1365 3725 1376 3772 ;
1397 3727 1421 3754 »
1439 3705 1778 3776 etquaadam
1796 3704 2073 3776 hujusce-

412 3793 578 3851 modi
609 3795 745 3850 alia.
780 3799 1049 3851 Attamen
1084 3811 1274 3866 neque
1303 3795 1387 3850 ita
1414 3810 1721 3850 sacrorum
1755 3794 2070 3849 verborum

411 3899 614 3955 pugna
639 3883 719 3939 illi
750 3884 853 3956 qui
884 3883 966 3939 sic
993 3899 1124 3940 eam
1158 3882 1412 3954 instruit,
1443 3884 1593 3938 inter
1615 3881 1778 3948 illud,
1810 3882 2067 3956 inquam,

410 3995 437 4021 ι(
459 3973 818 4044 lnjudicium
845 3989 956 4044 ego
988 3973 1048 4027 in
1070 3972 1229 4028 hunc
1266 3973 1560 4028 mundum
1587 3972 1738 4038 veni,
1773 3994 1792 4022 ν
1827 3977 1880 4027 et
1904 3971 2068 4038 illud,

413 4083 432 4110 ι
452 4063 578 4117 Non
595 4062 997 4134 venijudicare
1017 4061 1361 4128 mundum,»
1381 4061 1494 4116 ullo
1510 4061 1675 4116 modo
1692 4060 2066 4118 conﬂabitur.

411 4151 679 4210 Salvator
708 4151 867 4207 enim
902 4157 964 4207 ut
997 4151 1286 4206 mundum
1320 4150 1664 4222 pacificaret
1695 4157 1749 4205 et
1783 4150 1938 4206 Patri
1977 4166 2068 4206 re-

408 4240 748 4297 conciliaret
785 4257 889 4296 eos
929 4241 1032 4314 qui
1071 4239 1214 4296 olim
1251 4238 1330 4295 illi
1384 4239 1595 4295 infensi
1637 4245 1826 4308 erant,
1862 4240 2021 4296 venit
2054 4256 2066 4305 ;

407 4329 737 4402 etquidem
782 4330 1046 4386 medium
1095 4327 1378 4403 parietem
1433 4327 1790 4384 munimenti
1838 4327 2068 4385 solvens

407 4435 541 4474 cum
577 4419 645 4475 iis
676 4437 813 4494 quae
844 4419 1128 4476 deorsum
1165 4423 1304 4475 sunt
1329 4417 1426 4475 illa
1453 4434 1586 4490 quae
1612 4435 1856 4474 sursum
1885 4417 2068 4475 univit

408 4513 462 4563 et
506 4508 564 4564 in
603 4524 748 4580 pace
796 4510 1138 4574 constituit;
1171 4509 1218 4564 si
1266 4525 1403 4565 vero
1451 4507 1701 4580 quidam
1743 4523 1956 4580 pacem
2002 4506 2063 4563 in

405 4597 771 4653 inimicitiam
804 4603 1201 4665 mutaverunt,
1232 4603 1288 4654 et
1320 4597 1604 4654 unionem
1647 4597 1704 4654 in
1741 4597 2063 4653 tumultum

406 4685 682 4753 fecerunt,
729 4703 848 4742 non
883 4688 941 4743 in
981 4704 1162 4744 causa
1202 4692 1288 4743 est
1334 4686 1438 4760 qui
1472 4702 1679 4759 pacem
1722 4686 1972 4760 praebuit
2011 4690 2067 4741 et

405 4773 709 4839 unionem,
742 4776 843 4831 sed
879 4775 955 4830 illi
979 4777 1081 4848 qui
1118 4793 1177 4830 se
1215 4777 1378 4848 ipsos
1409 4775 1485 4831 ab
1513 4777 1583 4831 iis
1611 4775 1712 4850 qui
1755 4775 1902 4830 Patri
1927 4789 2065 4830 con-

398 4863 584 4934 juncti
627 4872 791 4920 erant
843 4872 898 4920 et
938 4865 1100 4937 pacis
1132 4865 1306 4920 bonis
1338 4863 1710 4931 fruebantur,
1748 4879 2064 4936 separave-

402 4956 558 5008 runt.

2191 1833 2572 1895 ἀπειθήσαντας
2619 1837 2702 1885 καὶ
2735 1835 2835 1885 ύπό
2879 1840 3044 1906 κρῖμα
3096 1834 3273 1894 θέντας
3303 1830 3518 1892 ἑαυτούς
3565 1829 3659 1882 ούκ
3706 1831 3800 1882 εύ-

2191 1926 2347 1990 θύνει,
2381 1919 2503 1976 οὐδὲ
2540 1922 2766 1987 κολάζει,
2810 1918 2934 1974 οὐδὲ
2971 1924 3289 1994 κατακρίνει,
3336 1919 3462 1972 ἀλλὰ
3493 1923 3622 1992 πρὸς
3652 1921 3804 1971 απειο

2192 2015 2406 2074 θοῦντας
2452 2015 2824 2086 χρηστεύεταιο
2878 2008 3002 2064 ούδε
3056 2010 3174 2068 ὃλην
3211 2013 3332 2084 γὰρ,
3367 2013 3518 2081 φησι,
3548 2013 3636 2067 τὴν
3670 2010 3806 2080 ἠμέ-

2187 2122 2280 2178 ραν
2309 2101 2592 2164 ἐξεπέτασα
2637 2104 2726 2162 τὰς
2774 2102 2956 2172 χεῖράς
3005 2119 3103 2172 μου
3144 2104 3276 2174 πρὸς
3318 2097 3440 2151 λαὸν
3480 2096 3805 2151 ἀπειθοῦντα

2187 2196 2275 2243 καὶ
2331 2189 2674 2262 ἀντιλέγοντα.
2757 2192 3069 2264 Κατάκριμα
3133 2189 3222 2240 οὖν
3291 2192 3491 2261 γίνεται
3565 2206 3807 2260 παραγε-

2186 2287 2342 2353 γονὼς
2399 2282 2423 2332 ὁ
2478 2284 2653 2352 Σωτὴρ
2711 2276 2805 2331 διὰ
2856 2280 3156 2352 μοχθηρίας
3209 2286 3308 2330 τῶν
3358 2272 3802 2350 παραδεξαμένων

2187 2370 2361 2423 αὐτόν·
2422 2370 2480 2422 ού
2532 2374 2696 2442 κρίνει
2754 2365 2813 2421 δὲ
2884 2372 3100 2430 τούτους
3158 2363 3281 2419 οὐδὲ
3340 2372 3645 2440 τιμωρεῖται
3703 2361 3802 2417 δια

2188 2459 2573 2532 φιλανθρωπίαν
2650 2459 2835 2531 ἄκραν,
2896 2462 2984 2508 καὶ
3039 2460 3097 2508 τὸ
3160 2459 3254 2514 τὴν
3306 2458 3558 2529 προτέραν
3633 2452 3801 2505 αὐτοῦ

2186 2552 2477 2623 παρουσίαν
2547 2551 2616 2618 μὴ
2675 2551 2896 2621 κρίσεως
2952 2549 3132 2622 καιρόν
3191 2543 3298 2596 ἀλλ’
3357 2545 3656 2615 οἰκονομίας
3705 2547 3798 2594 καὶ

2190 2639 2511 2706 συμπαθείας
2567 2633 2826 2698 ἐπιδεῖξαι
2893 2634 3159 2708 βούλεται.
3232 2632 3291 2688 Εἰ
3363 2629 3421 2686 δέ
3492 2651 3568 2691 τις
3631 2629 3800 2682 ἐθέλοι

2185 2731 2544 2798 νεανικώτερον
2589 2723 2960 2789 ἐκϐιάσασθαι,
3014 2728 3103 2774 καὶ
3165 2720 3464 2794 μεταλαϐεῖν
3517 2722 3575 2771 τό
3631 2724 3802 2790 κρῖμα

2187 2814 2252 2875 εἰς
2280 2810 2546 2885 διάκρισιν
2585 2817 2675 2864 καὶ
2724 2809 3118 2885 διαχωρισμόν,
3171 2812 3313 2885 παρὰ
3355 2813 3444 2883 μεν
3489 2815 3598 2868 τοῖς
3646 2808 3802 2878 ἱεροῖς

2183 2905 2510 2976 γράμμασιν,
2545 2902 2639 2954 οὐκ
2673 2903 2734 2953 οἷν
2771 2897 2918 2972 οἶμαι
2960 2906 3053 2959 τὴν
3083 2899 3216 2962 λέξιν
3247 2907 3399 2951 τοῦτο
3429 2900 3799 2970 σημαίνουσαν

2183 2995 2314 3045 κατα
2344 3001 2544 3066 χρῆσιν
2595 2987 2927 3043 ἀδιάπτωτον
2964 2989 3124 3063 εὗρον
3177 2989 3385 3062 εὑρήσει
3430 2982 3478 3039 δ’
3509 2988 3642 3046 ἴσως
3675 2981 3796 3036 δια-

2184 3086 2320 3141 νοίας
2370 3076 2485 3132 οὐδ’
2539 3078 2918 3152 ἀποφαινούσας
2978 3081 3110 3152 πρὸς
3161 3080 3224 3130 τα
3273 3083 3492 3128 τοιαῦτα
3537 3077 3797 3147 σημαινό-

2183 3189 2327 3243 μενα·
2359 3170 2464 3221 οἷον
2495 3172 2566 3241 μὴ
2617 3172 2863 3241 νομίσητε
2910 3169 2990 3221 ὅτι
3047 3164 3201 3226 ἦλθον
3241 3165 3418 3239 βαλεῖν
3449 3165 3658 3238 εἰρήνην
3706 3159 3797 3213 έπί

2183 3264 2277 3318 τὴν
2324 3267 2444 3331 γῆν,
2499 3258 2591 3310 ούκ
2641 3254 2794 3317 ἦλθον
2845 3256 3021 3329 βαλεῖν
3071 3256 3298 3331 εἰρήνην,
3333 3252 3460 3306 ἀλλὰ
3493 3256 3796 3326 μάχαιραν·

2184 3347 2339 3406 ἦλθον
2367 3350 2468 3421 γὰρ
2511 3343 2733 3399 δικάσαι
2777 3348 3045 3422 ἄνθρωπον
3085 3347 3220 3397 κατὰ
3267 3350 3360 3396 τοῦ
3392 3345 3591 3418 πατρὸς
3629 3339 3797 3392 αὐτοῦ

2183 3441 2272 3488 καὶ
2323 3439 2582 3510 θυγατέρα
2632 3437 2768 3488 κατὰ
2812 3443 2908 3498 τῆς
2956 3438 3154 3508 μητρὸς
3211 3433 3391 3497 αὐτῆς,
3443 3435 3532 3483 καὶ
3585 3431 3796 3502 νύμφην

2182 3528 2316 3577 κατὰ
2367 3532 2463 3586 τῆς
2519 3527 2761 3600 πενθερᾶς
2809 3523 2992 3586 αὐτῆς·
3024 3527 3135 3591 καὶ,
3189 3523 3250 3575 οὗ
3296 3525 3354 3575 τὸ
3403 3523 3562 3574 πτύον
3620 3518 3670 3571 ἓν
3721 3525 3791 3590 τῇ

2182 3619 2327 3688 χειρὶ
2372 3614 2552 3679 αὐτοῦ,
2604 3619 2692 3666 καὶ
2742 3610 3079 3688 διακαθαριεῖ
3123 3617 3218 3671 τήν
3269 3610 3439 3664 ἅλωνα
3482 3609 3666 3674 αὐτοῦ,
3697 3613 3795 3660 καὶ

2183 3707 2268 3756 τόν
2311 3707 2400 3777 μὲν
2438 3711 2579 3755 σῖτον
2615 3703 2821 3766 συνάξει
2877 3703 2949 3765 εἰς
2977 3707 3068 3761 τὴν
3118 3701 3410 3765 ἀποθήκην,
3453 3701 3511 3752 τὸ
3563 3694 3623 3750 δέ
3651 3698 3797 3769 ἅχυ·

2180 3813 2268 3868 ρον
2316 3795 2638 3846 κατακαύσει
2695 3797 2824 3868 πυρὶ
2896 3791 3156 3864 ἀσϐέστῳ·
3219 3794 3309 3844 καί
3381 3807 3498 3842 τινα
3569 3793 3798 3840 τοιαῦτα

2181 3885 2346 3958 ἕτερα.
2402 3883 2540 3942 Πλὴν
2591 3877 2708 3936 οὐδ’
2761 3881 2924 3944 οὕτως
2976 3883 3005 3941 ἠ
3049 3889 3149 3934 τῶν
3199 3882 3344 3956 ἱερῶν
3389 3879 3646 3954 ῥημάτων
3686 3879 3795 3950 μά-

2179 3993 2255 4045 χη
2307 3981 2378 4044 τῷ
2421 3976 2617 4031 ταύτην
2678 3968 3139 4044 διασκευαζομένῳ
3193 3970 3322 4042 λέγω
3353 3965 3420 4027 δὴ
3477 3970 3536 4020 τό
3577 3984 3656 4036 τε,
3701 3967 3796 4027 Εἰς

2179 4070 2345 4135 κρῖμα
2395 4060 2492 4134 ἐγὼ
2544 4061 2612 4123 εἰς
2665 4064 2750 4113 τὸν
2790 4066 2985 4133 κόσμον
3027 4058 3248 4118 ἐλήλυθα
3278 4079 3288 4091 ·
3325 4062 3412 4111 καὶ
3442 4060 3522 4124 τό,
3553 4055 3666 4108 Ούκ
3697 4051 3796 4113 ἧλ-

2183 4153 2268 4204 θον
2324 4157 2494 4224 κρῖναι
2540 4155 2626 4203 τόν
2674 4155 2870 4224 κόσμον
2914 4148 3040 4202 ἀλλὰ
3088 4157 3276 4216 σῶσαι,
3322 4151 3567 4220 οὖμενουν
3623 4141 3792 4197 οὖδα-

2178 4249 2288 4313 μῶς
2339 4243 2852 4317 συγκροτηθὴσεται.
2905 4238 2964 4292 Ὀ
3015 4241 3104 4312 μιν
3157 4239 3257 4314 γὰρ
3327 4239 3503 4311 σωτὴρ
3557 4234 3783 4309 siprius-3-

2181 4349 2271 4383 σαι
2318 4332 2405 4383 τόν
2459 4335 2657 4403 κόσμον
2729 4334 2818 4382 καὶ
2890 4327 3212 4390 καταλλάξαι
3285 4333 3356 4398 τῷ
3432 4327 3597 4398 Πατρὶ
3667 4327 3796 4388 τοὺς

2180 4417 2686 4492 ἐκπεπολεμωμένους
2741 4417 2905 4472 πάλαι
2968 4417 3108 4489 αὐτῷ
3161 4419 3498 4491 παραγέγονεο
3562 4416 3652 4464 καὶ
3714 4408 3789 4471 δὴ

2179 4511 2269 4561 καὶ
2318 4511 2378 4560 τὸ
2428 4511 2742 4581 μεσότοιχον
2786 4513 2878 4560 τοῦ
2919 4513 3161 4582 φραγμοῦ
3191 4502 3453 4579 περιελὼν,
3485 4509 3594 4564 τοῖς
3645 4501 3792 4554 κάτω

2176 4601 2240 4650 τὰ
2295 4599 2399 4650 οἷνω
2451 4596 2652 4669 συνῆψέ
2709 4616 2761 4650 τε
2815 4601 2906 4649 καὶ
2956 4596 3366 4670 εἰρηνοποίησεν·
3431 4591 3472 4644 εἰ
3540 4587 3601 4644 δέ
3658 4609 3793 4652 τινες

2177 4686 2377 4748 ἑαυτοῖς
2425 4690 2519 4747 τὴν
2569 4686 2773 4762 εἰρήνην
2807 4685 2879 4749 εἰς
2908 4687 3106 4761 ἔχθραν
3151 4685 3500 4758 μετεστησαν,
3554 4685 3648 4733 καὶ
3692 4684 3789 4739 τὴν

2176 4772 2462 4850 διαλλαγὴν
2512 4776 2577 4837 εἰς
2627 4771 2909 4829 διάστασιν
2956 4773 3362 4850 ἀπειργάσαντο,
3396 4770 3524 4843 ούχὶ
3551 4777 3648 4823 τοῦ
3689 4773 3788 4828 τὴν

2173 4865 2378 4938 εἰρήνην
2435 4870 2802 4942 παρασχόντος
2855 4861 2979 4918 οὐδὲ
3029 4871 3118 4918 τοῦ
3159 4861 3567 4924 καταλλάξαντος
3615 4860 3645 4919 ἠ
3707 4860 3785 4912 αἱ.

2170 4958 2277 5022 τία,
2309 4953 2437 5006 ἀλλὰ
2473 4962 2573 5006 τῶν
2602 4951 3012 5008 διασπασάντων
3043 4951 3249 5012 ἑαυτούς
3295 4955 3384 5003 καὶ
3415 4945 3787 5021 διακοῲάντων

2117 3120 2155 3173 C

403 5039 504 5093 ἀπὸ
534 5049 634 5094 τῶν
673 5044 1089 5117 καταλλαγέντων
1116 5052 1186 5116 τῷ
1220 5047 1404 5118 Πατρὶ,
1433 5049 1521 5096 καὶ
1552 5052 1649 5096 τῶν
1681 5051 1774 5102 τῆν
1805 5042 2014 5118 εἰρήνης
2045 5041 2460 5097 ἆπολελαυκότων
2488 5042 2714 5116 ἀγαθῶν.
