3992 6182
455 250 555 306 127
1672 241 1911 300 ΡΗΟΤΙΙ
1951 241 2099 298 ΡΑΤΙ

2218 242 2434 300 ΒΟΗᾸΞ
2472 244 2578 300 CP.
3706 245 3809 301 128

454 374 724 430 homines
755 373 1024 429 nonnulli
1078 371 1294 445 lapsuri
1350 371 1408 426 in
1442 373 1751 442 peccatum
1797 374 1983 435 erant,
2017 367 2102 424 id-
2130 371 2176 422 A
2205 388 2330 429 τινες
2412 371 2510 420 τὼν

453 464 608 519 circo
633 479 736 517 eos
768 479 886 516 non
916 462 1098 518 fuisse
1139 461 1453 528 creandos,
1501 461 1614 525 hic,
1651 460 1922 530 inquam,
1956 457 2100 513 nihil

452 552 608 607 aliud
645 553 921 616 afﬁrmat,
957 552 1065 606 nisi
1093 557 1404 622 peccatum
1438 550 1706 606 nomium
1762 550 1959 621 ipsum
2003 565 2099 604 na-

453 646 576 695 tum
613 640 710 694 Dei
754 639 1152 695 creationibus
1191 638 1482 695 dominari
1513 638 1812 693 debuisse.
1855 639 2005 692 Nam
2051 636 2099 691 si

451 731 593 800 quia
635 729 902 783 nonnulli
935 729 1231 799 peccaturi
1264 734 1450 792 erant,
1498 727 1631 782 ideo
1663 730 1832 791 Deus,
1861 726 2097 799 quomi-

2605 368 2882 443 ἀνθρὼπων
2956 367 3024 428 εἰς
3084 371 3345 441 ἁμαρτίας
3420 367 3810 433 ἱξολισθαίνειν,

2209 455 2300 510 διὰ
2358 467 2505 510 τοῦτο
2553 455 2659 511 ἔδει
2703 461 2919 519 τούτους
2964 463 3034 528 μη
3090 453 3148 509 δὲ
3193 457 3451 526 γενέσθαι,
3505 460 3530 507 ο
3575 467 3816 517 moi-:9;

2207 546 2357 600 οὐδὲν
2402 551 2568 619 ἕτερον
2620 547 2772 619 λέγει,
2815 552 2842 605 ἦ
2893 549 2972 598 ὅτι
3024 543 3132 598 ἔδει
3167 551 3260 604 τὴν
3293 547 3549 618 ἁμαρτίαν
3591 551 3676 597 καὶ
3711 552 3816 618 μή-

2207 657 2286 689 πω
2333 642 2673 708 γεγενημένην
2726 646 2820 698 τῆς
2876 645 2966 688 τον
3019 641 3145 688 Θεον
3197 631 3550 709 δημιουργίας
3600 635 3817 710 ἐπικρα-

2208 735 2330 780 τεῖν.
2386 729 2441 777 lii
2484 730 2583 799 γαρ
2629 728 2708 778 ὅτι
2767 725 2967 797 ἔμελλον
3013 744 3140 784 τινες
3179 725 3509 797 ἁμαρτάνειν,
3561 722 3667 776 ἔδει
3720 732 3818 782 τὴν

452 833 564 870 nus
593 834 692 873 eos
723 825 965 884 crearet,
1001 817 1408 889 prohibendus
1434 817 1560 882 fuit,
1591 816 1856 887 sequitur
1883 821 2099 886 utpec-

2212 816 2286 868 ἐπ’
2339 816 2526 877 αὐτους
2578 813 2929 886 δημιουργίαν
2963 815 3263 865 πεπανσθαι
3320 821 3410 864 τον
3453 822 3608 881 Θεοῦ,
3652 811 3820 871 δῆλον

451 907 561 961 cati
592 906 1207 977 majorquanulivinm
1235 906 1515 960 efﬁcaciae
1536 904 1801 976 potentia
1815 903 1910 958 sit.
1933 903 2098 958 Adde

449 997 610 1066 quod
628 1011 868 1066 peccare
899 996 1176 1050 humanm
1201 995 1516 1050 Voluntatis
1547 1001 1634 1049 est
1661 1001 1837 1065 atque
1851 991 2094 1057 arbitrii,

450 1083 668 1139 creatio
700 1089 898 1138 autem
929 1083 1186 1147 factoris,
1223 1087 1337 1138 Cur
1371 1098 1512 1151 ergo
1545 1081 1844 1155 quispiam
1878 1081 2099 1136 omisso

450 1173 676 1245 peccati
730 1189 849 1240 reo,
901 1172 960 1227 id
1017 1174 1074 1228 in
1105 1172 1435 1228 innocuum
1492 1171 1811 1227 transferre
1839 1170 2040 1226 nititur
2072 1171 2100 1223 ?

449 1265 649 1332 Neque
674 1277 812 1318 vero
843 1261 920 1317 ab
944 1262 1054 1317 hac
1087 1262 1321 1317 insania
1348 1260 1691 1325 absolvitur,
1727 1261 1775 1315 si
1802 1260 1928 1331 quis
1954 1259 2100 1315 forte

449 1352 548 1415 ait,
591 1357 942 1422 peccaturos
993 1349 1409 1406 tantummodo
1447 1350 1720 1404 homines
1759 1365 1880 1405 non
1920 1364 2098 1420 opor-

454 1437 629 1492 tuisse
661 1452 697 1491 a
732 1436 1006 1492 Creatore
1033 1435 1400 1490 nativitatem
1445 1434 1638 1490 sortiri
1687 1450 1880 1506 neque
1907 1436 1965 1489 in
2004 1434 2098 1488 lu-

452 1527 624 1581 minis
654 1541 832 1580 auras
852 1524 1139 1597 protrahi.
1167 1527 1305 1580 Nam
1318 1530 1373 1580 et
1396 1525 1491 1579 hic
1509 1523 1745 1579 videtur
1766 1540 1922 1594 aegre
1950 1524 2102 1580 ferre

453 1617 498 1669 si
529 1616 678 1686 quis,
705 1614 849 1685 quia
865 1621 951 1668 est
977 1630 1132 1677 reus,
1156 1629 1368 1685 pcenas
1385 1613 1718 1685 dependat;
1743 1613 1974 1669 studere
2000 1628 2099 1668 au-

2212 1626 2519 1691 μετασχεῖν,
2561 1621 2589 1674 ἦ
2646 1620 2776 1690 πρὸς
2832 1616 2991 1686 αὖγάς
3022 1614 3172 1672 ἡλίου
3222 1616 3560 1688 προαχθῆναι
3619 1631 3630 1642 ·

451 1709 568 1759 tem
599 1703 768 1774 utqui
799 1708 1036 1773 peccato
1066 1709 1248 1766 caret,
1279 1702 1325 1756 is
1355 1701 1650 1757 damnum
1672 1701 1838 1757 ferat.
1865 1701 1925 1756 ld
1945 1702 2099 1757 enim

2212 1711 2312 1781 γάρ
2367 1709 2392 1759 ὁ
2439 1715 2672 1767 τοιοῦτος
2728 1701 3099 1776 δυσχεραίνειν
3151 1707 3242 1772 μὶν
3295 1701 3377 1754 ἐάν
3435 1721 3515 1762 τις
3574 1702 3829 1774 ἁμαρτὼν

451 1807 658 1863 reapse
689 1791 932 1860 contigit
956 1791 1004 1845 si
1031 1790 1320 1862 peccaturi
1350 1791 1651 1846 nativitate
1681 1795 1737 1845 et
1760 1791 2104 1846 exsistentia

451 1882 774 1952 priventur,
804 1882 950 1933 Deus
983 1886 1181 1934 autem
1227 1896 1260 1934 a
1306 1879 1566 1934 creando
1597 1879 1974 1950 impediatur.
2017 1883 2104 1934 ln-

451 1986 630 2041 super
670 1970 848 2024 datur
894 1983 1078 2040 opera
1123 1974 1188 2024 ut
1235 1967 1456 2023 divinas
1504 1968 1876 2040 praescientiae
1917 1984 2104 2024 causa

449 2059 811 2114 damnentur
840 2057 877 2113 ii
907 2059 1008 2129 qui
1039 2073 1260 2112 noxam
1285 2057 1639 2113 contracturi
1663 2064 1799 2112 sunt
1827 2074 1840 2112 :
1865 2073 2104 2113 rursus-

451 2163 563 2220 que
595 2152 660 2204 ut
699 2145 904 2213 iidem,
937 2152 1254 2218 postquam
1289 2147 1682 2217 peccaverint,
1716 2147 1794 2202 ad
1833 2146 2103 2203 animad-

451 2236 720 2292 versione
751 2241 1138 2307 protegantur
1167 2251 1178 2288 :
1207 2251 1340 2306 quae
1363 2251 1454 2290 res
1483 2251 1675 2308 neque
1707 2235 1973 2292 humano
2005 2251 2104 2290 ne-

449 2341 568 2397 que
593 2325 794 2380 divino
819 2324 951 2394 jure
989 2324 1115 2379 ﬁeri
1141 2324 1415 2379 creditur.
1451 2324 1672 2380 Etenim
1705 2332 1766 2380 ut
1795 2342 1830 2380 a
1862 2324 2102 2380 nemine

452 2420 588 2470 ante
601 2413 838 2485 cuipam
855 2418 1199 2484 reposcatur
1215 2428 1415 2484 poena,
1431 2430 1626 2467 comm
1638 2415 1770 2468 unis
1785 2414 2101 2470 hominum

453 2501 743 2557 sententia
763 2507 854 2556 est
881 2501 1220 2572 divinisque
1246 2500 1477 2570 legibus
1507 2506 1929 2558 consentanea.
1953 2505 2099 2558 'l‘um

451 2607 592 2646 vero
609 2591 683 2645 de
716 2590 998 2662 pertinaci
1023 2594 1268 2660 peccato
1292 2606 1501 2661 poenas
1525 2605 1783 2654 sumere,
1805 2590 1864 2646 id
1889 2591 2102 2646 divinae

451 2695 761 2736 nemeseos
786 2677 1153 2750 justitiaaque
1199 2678 1624 2734 demonstratio
1663 2684 1773 2735 est.
1817 2679 1933 2735 Cur
1961 2696 2102 2749 ergo

451 2769 660 2840 aliquis
700 2767 852 2833 velit,
882 2783 1020 2838 quae
1053 2767 1279 2822 cunctis
1309 2773 1471 2823 recta
1509 2768 1806 2832 videntur,
1852 2769 1941 2824 his
1967 2785 2098 2823 eon-

453 2858 634 2915 traria
679 2858 867 2911 facere
906 2857 933 2911 ?
972 2871 1042 2911 ea
1081 2871 1242 2924 vero,
1282 2872 1416 2927 quae
1458 2858 1642 2912 Deum
1681 2858 1971 2913 vindicem
2011 2859 2102 2929 ju-

451 2954 730 3018 stumque
784 2947 1220 3009 demonstrant,
1264 2946 1323 3000 in
1375 2945 1564 3016 pretio
1612 2946 1831 3002 habere
1886 2947 2032 3003 nolit
2076 2949 2099 3004 ?

2212 2952 2520 3024 μελετήσας,
2577 2952 2610 3002 ά
2652 2955 2741 3021 μεν
2781 2957 2914 3002 πᾶσι
2958 2946 3123 3014 δοκεῖ,
3163 2951 3356 3000 τούτων
3406 2947 3660 2998 τάναντία
3709 2966 3830 3017 ppo-

447 3041 656 3094 Nonne
681 3035 776 3090 hic
803 3050 1058 3090 summm
1090 3035 1368 3090 amentiae
1389 3040 1568 3107 atque
1599 3036 1912 3108 impietatis
1933 3053 2100 3092 reum
2141 3073 2181 3127 Ο
2212 3051 2312 3094 νεῖν
2346 3059 2358 3107 ;

449 3144 510 3182 se
541 3125 677 3182 facit
705 3127 731 3181 ?
764 3125 875 3180 Cur
905 3125 992 3179 ais
1033 3124 1341 3180 hominem
1389 3129 1680 3195 oportere,
1715 3142 1836 3198 quo
1869 3143 2102 3197 poenam

444 3215 607 3279 vitet,
632 3214 707 3269 ad
721 3214 956 3283 culpam
976 3213 1221 3268 minime
1241 3214 1403 3268 nasci
1433 3212 1667 3269 labilem
1684 3213 1922 3269 ?Nonne
1944 3216 2102 3271 enim

447 3309 647 3373 aperte
677 3302 846 3364 dicis,
875 3302 1107 3356 etiamsi
1150 3301 1394 3356 minime
1419 3301 1607 3369 dicas,
1646 3304 1978 3367 oportuisse
2005 3306 2106 3361 ho-

449 3392 671 3446 minem
717 3389 905 3448 creari
949 3389 1423 3461 impeccabilem,
1467 3406 1540 3445 ne
1587 3391 1810 3446 scilicet
1851 3395 2105 3457 coronis,

447 3497 704 3553 quarum
733 3478 922 3548 gratia
951 3479 1132 3533 fortes
1163 3484 1410 3548 peccato
1439 3479 1781 3549 superiores
1811 3482 1981 3548 fiunt,
2012 3483 2111 3537 do-

446 3575 619 3625 netur
647 3569 675 3622 ?
719 3569 872 3623 Sane
925 3567 972 3621 si
999 3565 1136 3637 quis
1170 3568 1386 3621 mentis
1437 3583 1562 3621 suae
1609 3583 1872 3640 compos,
1917 3587 2110 3643 neque

446 3659 767 3714 vehemens
799 3656 1021 3727 peccati
1061 3662 1314 3720 amator,
1349 3661 1405 3710 et
1435 3656 1805 3712 cruciatuum
1839 3659 2056 3716 timens
2092 3679 2106 3728 ;

447 3748 578 3812 siis,
607 3747 877 3818 inquam,
902 3760 933 3799 e
955 3744 1202 3799 duobus
1223 3743 1575 3799 alterutrum
1593 3744 1847 3812 eligendi
1870 3751 2105 3820 copiam

442 3835 708 3899 haberet,
729 3849 944 3905 nempe
974 3832 1065 3888 vel
1101 3833 1199 3902 (ne
1223 3832 1328 3904 qui
1360 3832 1509 3888 forte
1536 3843 1845 3903 peccantes
1867 3853 2106 3908 pmnam

443 3924 691 3992 luerent)
723 3938 980 3978 coronas
1003 3920 1305 3992 capitibus
1330 3927 1702 3978 strenuorum
1725 3924 2099 3999 detrahendi;

2221 3951 2274 3984 τε
2305 3934 2490 4002 θερμὸς
2535 3930 2779 4004 ἐραστὴς,
2837 3934 2928 3982 καὶ
2974 3932 3066 3989 τὰς
3119 3927 3386 3999 βασάνους
3448 3931 3668 3998 φεύγων,
3731 3927 3836 3980 ἐλέ-

445 4014 536 4070 vel
556 4014 816 4084 (propter
841 4028 943 4066 eos
971 4011 1247 4082 quijuste
1270 4012 1670 4068 certaminum
1694 4015 1943 4084 praemia
1959 4018 2099 4073 refe-

2223 4023 2348 4072 σθαι
2389 4023 2598 4094 θάτερον
2652 4030 2748 4071 των
2805 4015 2902 4072 δύο
2951 4022 3045 4077 τὴν
3085 4016 3323 4080 ἐξουσίαν
3377 4021 3420 4070 εἰ
3472 4035 3564 4089 περ
3608 4016 3833 4088 εἰλήφει,

442 4102 602 4174 runt)
627 4118 699 4157 ne
723 4104 1035 4173 peccatum
1053 4099 1299 4171 quidem
1335 4099 1460 4155 sine
1483 4116 1661 4171 paena
1687 4118 1816 4158 esse
1837 4105 2099 4161 sinendi:

2219 4114 2429 4183 πότερον
2462 4112 2544 4161 ἱνα
2573 4115 2641 4179 μη
2685 4128 2812 4168 τινες
2843 4110 3232 4180 ἅμαρτησαντες
3281 4103 3419 4158 δῶσι
3449 4101 3626 4170 δίκην,
3657 4104 3830 4176 ἐχρῆν

444 4207 645 4249 nonne
662 4190 756 4246 hic
775 4189 964 4245 multo
983 4188 1179 4244 mallet
1202 4189 1383 4244 fortes
1405 4189 1656 4246 athletas
1679 4193 1913 4248 coronis
1935 4210 2099 4250 orna-

2219 4202 2335 4257 τοὺς
2369 4201 2648 4270 στεφάνους
2697 4207 2794 4248 των
2841 4196 3067 4268 κεφαλῶν
3117 4194 3314 4266 ἀφελεῖν
3359 4203 3456 4246 τῶν
3490 4191 3832 4267 ἀνδραγάθη-

443 4287 536 4338 tos
554 4295 813 4343 cernere,
844 4293 1100 4350 reosque
1125 4278 1302 4332 simul
1335 4277 1544 4333 meritis
1569 4280 1879 4351 suppliciis
1901 4284 2054 4339 tradi
2081 4287 2099 4341 ‘1

2221 4290 2438 4355 σάντων,
2483 4291 2509 4344 ἦ
2547 4285 2640 4338 ὸιά
2689 4290 2808 4348 τοὺς
2855 4281 3077 4348 δικαίως
3118 4293 3218 4336 τῶν
3263 4282 3346 4336 ἐπὶ
3377 4291 3480 4345 τοῖς
3529 4283 3713 4345 οἰθλοις
3742 4302 3838 4353 γε-

441 4381 542 4444 ρῶν
573 4369 1043 4442 ἀξιωθησομένους,
1091 4364 1224 4440 μηδ’
1273 4366 1609 4442 ἀτιμώρητων
1667 4374 1760 4428 τὴν
1788 4370 2045 4446 ἁμαρτίαν
2094 4376 2238 4449 ὁρᾲν,
2271 4385 2380 4437 πῶς
2425 4376 2518 4427 οὐκ
2549 4378 2608 4426 άν
2641 4374 2808 4444 πολλῷ
2838 4380 3123 4432 ποιήσαιτο
3155 4374 3440 4445 ἔμπροσθεν
3483 4380 3594 4434 τοῖς
3626 4392 3679 4424 τε
3728 4383 3829 4436 τῆς

445 4457 800 4533 ἀνδραγαθίας
829 4460 1093 4530 στεφάνοις
1145 4461 1266 4519 τοὺς
1320 4455 1548 4515 ἀθλητὰς
1601 4459 1723 4531 ὁρᾴν
1773 4467 2213 4534 κεκοσμημένους,
2248 4471 2335 4516 καὶ
2368 4469 2485 4526 τοὺς
2517 4466 2811 4534 ὑποχρέους
2843 4473 2940 4515 τῶν
2980 4462 3288 4534 ὀφλημάτων
3332 4463 3820 4533 κατατιθεμένουςς

2209 908 2288 957 ὁτι
2345 910 2401 957 τὸ
2442 907 2632 980 κράτος
2669 912 2761 965 τῆς
2803 905 3060 976 ἁμαρτίας
3107 906 3166 953 άν
3218 907 3293 960 εῖη
3337 907 3363 959 ἦ
3409 911 3502 963 τῆς
3558 902 3824 974 ἐνεργείας

2209 1004 2300 1047 του
2348 1006 2480 1046 Θεον
2528 1013 2538 1022 ’
2591 998 2665 1046 ἔτι
2701 991 2758 1045 δε
2807 998 2863 1044 τὸ
2896 999 2984 1064 μεν
3042 993 3372 1064 ἁμαρτάνειν,
3421 999 3514 1052 τῆς
3553 991 3827 1063 ἀνθρωπι-

2208 1105 2301 1147 νης
2344 1084 2452 1136 ἐστὶ
2499 1090 2707 1154 γνώμης
2747 1087 2836 1133 καὶ
2884 1086 3252 1154 προαιρέσεως,
3304 1083 3332 1137 η
3391 1077 3447 1132 δὲ
3489 1077 3829 1152 δημιουργία

2208 1183 2300 1227 του
2371 1173 2681 1233 πλάσαντος.
2751 1177 2812 1223 Τί
2866 1168 2952 1222 οὖν
3019 1191 3100 1231 τις
3159 1169 3302 1237 ἀφεὶς
3353 1175 3446 1226 τὴν
3498 1169 3670 1221 αἰτίαν
3729 1179 3828 1222 τοῦ

2210 1264 2542 1336 ἁμαρτάνειν,
2591 1261 2658 1321 εἰς
2696 1264 2782 1312 τὸν
2837 1259 3062 1311 ἀναίτιον
3119 1262 3312 1316 ταύτην
3378 1257 3609 1332 ἐγχειρεῖ
3663 1278 3828 1329 μετοι-

2212 1358 2374 1426 φέρειν
2409 1370 2421 1414 ;
2469 1347 2592 1402 οὐδὲ
2625 1353 2820 1408 ταύτης
2865 1345 2924 1400 δὲ
2971 1357 3066 1408 τῆς
3105 1346 3278 1408 ἀνοίας
3336 1345 3610 1399 ἀπολύεται
3653 1349 3678 1398 ὁ
3719 1347 3830 1418 dari-

2213 1460 2301 1513 ρον
2369 1440 2589 1511 εἰσάγων
2670 1440 2750 1490 ὃτι
2816 1457 2906 1509 περ
2977 1441 3094 1496 τοὺς
3167 1435 3436 1508 μέλλοντας
3502 1436 3829 1510 ἁμαρτάνειν

2212 1529 2373 1602 ἐχρῆν
2449 1525 2578 1600 μηδ’
2641 1528 2764 1588 ὅλως
2828 1529 2969 1600 παρά
3027 1534 3117 1577 τον
3186 1533 3515 1597 ⁴Δημιουργον
3576 1529 3829 1595 γενέσεως

3691 1615 3829 1666 ἔοικε

2215 1794 2370 1853 δίκην
2423 1792 2499 1865 δῷ
2535 1813 2547 1824 ·
2584 1794 2882 1866 φιλονεικεῖν
2933 1790 2992 1844 δε
3041 1795 3185 1866 παρὰ
3237 1801 3334 1844 τῶν
3371 1787 3538 1863 μηδεν
3593 1786 3827 1861 μηδέπω

2213 1886 2626 1958 ἁμαρτησάντων
2670 1888 2923 1955 τιμωρίαν
2974 1881 3145 1934 λαϐεῖν
3193 1899 3204 1910 ⁸
3264 1888 3414 1933 τοῦτο
3467 1882 3570 1954 γάρ
3615 1880 3735 1932 ἐστι
3770 1884 3829 1931 το

2212 1981 2332 2036 τους
2388 1973 2665 2046 μέλλοντας
2721 1973 3032 2045 ἁμαρτάνειν
3097 1974 3342 2040 γενέσεως
3402 1975 3491 2021 καὶ
3557 1969 3831 2039 ὑπάρξεως

2214 2064 2534 2135 ἀποστερεῖν,
2581 2067 2671 2114 καὶ
2700 2069 2794 2122 τῆς
2837 2057 3184 2132 δημιουργίας
3220 2059 3485 2110 ἐκκόπτειν
3525 2066 3616 2109 τοῦ
3651 2063 3785 2110 Θεοῦ
3814 2077 3825 2088 ·

2214 2152 2339 2204 ἁλλά
2385 2155 2486 2226 γάρ
2534 2157 2623 2202 καὶ
2675 2149 2775 2202 ἀπὸ
2829 2158 2919 2210 τῆς
2966 2151 3106 2209 θείας
3150 2155 3489 2222 προγνώσεως
3531 2143 3832 2198 καταδικάι

2215 2243 2319 2302 ζειν
2350 2245 2439 2312 μεν
2491 2239 2776 2313 βούλεσθαι
2821 2243 2941 2300 τοὺς
2981 2237 3404 2309 ἁμαρτήσοντας,
3447 2235 3495 2287 ἐν
3543 2236 3728 2295 αὐταῖς
3772 2233 3831 2287 δι

2212 2337 2328 2390 ταῖς
2382 2329 2604 2402 πράξεσι
2652 2332 3018 2400 γεγενημένους
3068 2327 3238 2386 ζητεῖν
3289 2324 3531 2397 ἁφιεσθαι
3583 2333 3686 2376 τῶν
3743 2343 3831 2376 κο-

2212 2417 2407 2470 λάσεων
2463 2435 2476 2448 θ
2540 2420 2661 2490 ὅπερ
2704 2421 2820 2468 οὔτε
2878 2415 3194 2488 ἀνθρώπινον
3243 2418 3359 2467 οὔτε
3415 2416 3546 2466 θεῖον
3607 2412 3826 2464 ἐπίστα-

2212 2527 2296 2559 ται
2337 2504 2557 2560 δίκαιον.
2614 2512 2713 2559 Καὶ
2766 2511 2822 2557 τὸ
2855 2509 2944 2577 μὲν
2997 2508 3096 2578 πρὸ
3151 2513 3250 2555 τῶν
3282 2504 3675 2576 ἁμαρτημάτων
3720 2521 3828 2574 μη-

2215 2593 2338 2649 δένα
2369 2594 2524 2653 δίκην
2579 2594 2836 2660 ἀπαιτεῖν,
2894 2599 3038 2650 κοινή
3085 2613 3137 2645 τε
3182 2600 3341 2644 πᾶσιν
3385 2591 3680 2662 ἀνθρώποις
3716 2596 3829 2664 κρί-

2217 2705 2298 2745 σις
2337 2692 2426 2737 καὶ
2469 2687 2625 2746 θείοις
2656 2688 2832 2754 νόμοις
2873 2679 3124 2754 ἁρμόδιον
3160 2701 3171 2712 ο
3204 2681 3438 2733 ἀπαιτεῖν
3473 2678 3530 2732 δὲ
3561 2683 3694 2751 μετά
3733 2686 3830 2736 τὴν

2215 2773 2586 2846 ἀνεπίστροφον
2641 2773 2899 2845 ἁμαρτίαν
2961 2776 3053 2828 την
3107 2767 3282 2828 δίκην,
3337 2778 3428 2830 τῆς
3489 2772 3627 2829 θείας
3676 2789 3833 2840 μισο-

2213 2868 2460 2934 πονηρίας
2509 2868 2599 2914 καὶ
2627 2859 2967 2920 δικαιοσύνης
3019 2856 3310 2921 ἀπόδειξις.
3367 2866 3482 2919 "aii;
3513 2854 3601 2910 οὖν
3647 2860 3706 2908 άν
3750 2878 3833 2917 τις

2449 3039 2507 3093 δὲ
2537 3045 2889 3112 μισοπόνηρον
2920 3044 3008 3090 καὶ
3041 3035 3248 3090 δίκαιον
3281 3033 3517 3089 δείκνυσι
3549 3041 3636 3088 τὸν
3671 3042 3826 3097 Θεὸν,

2212 3139 2380 3182 ταῦτα
2431 3136 2501 3202 μὴ
2564 3129 2846 3200 ἀνέχεσθαι
2904 3133 3098 3199 τιμᾲν;
3167 3124 3289 3179 Ιίἷτα
3339 3127 3488 3187 οὗτος
3545 3125 3676 3196 οὐχὶ
3733 3135 3831 3186 τῆς

2215 3221 2447 3292 ἐσχάτης
2486 3223 2574 3271 καὶ
2612 3217 2979 3292 παραπληξίας
3019 3222 3108 3268 καὶ
3156 3213 3469 3275 δυσσεϐείας
3510 3214 3667 3274 αὐτὸς
3709 3215 3828 3267 ἐαυ-

2217 3315 2302 3362 τὸν
2343 3313 2522 3379 ἔνοχον
2568 3315 2703 3359 ποιεῖ
2732 3323 2746 3371 ;
2779 3312 2830 3358 τί
2878 3307 3039 3377 λέγεις
3081 3307 3340 3376 άπρεπτον
3370 3308 3499 3377 πρὸς
3541 3304 3828 3375 ἁμαρτίαν.

2220 3403 2301 3451 ἱνα
2354 3398 2511 3456 αὐτὴν
2558 3398 2772 3448 κόλασιν
2825 3392 3080 3467 διαφύγῃ,
3114 3398 3198 3446 τὸν
3239 3396 3506 3466 άνθρωπον
3539 3391 3705 3465 ἐχρῆν
3745 3412 3830 3463 γει

2217 3490 2488 3559 γενῆσθαι,
2545 3490 2632 3538 καὶ
2690 3494 2800 3546 πῶς
2865 3485 2993 3556 οὐχὶ
3051 3483 3297 3556 λαμπρῶς
3352 3482 3532 3553 λέγεις,
3602 3484 3699 3532 κάν
3754 3486 3830 3552 μὴ

2218 3577 2385 3648 λὴῃς,
2437 3580 2500 3635 ὼς
2547 3577 2796 3647 ἄτρεπτον
2851 3574 3019 3647 ἐχρῆν
3059 3577 3188 3647 πρὸς
3249 3572 3506 3644 ἁμαρτίαν
3567 3567 3834 3642 δημιουρο

2219 3668 2446 3736 γηθῆναι
2490 3668 2575 3716 τὸν
2633 3665 2923 3737 ἄνθρωπον,
2971 3664 3052 3713 ἵνα
3099 3667 3170 3734 μὴ
3225 3670 3323 3713 τῶν
3365 3663 3647 3732 στεφάνων,
3679 3659 3735 3722 ἐξ
3762 3661 3835 3710 ὧν

2220 3754 2590 3826 ἀγωνιζόμενοι
2643 3761 2906 3826 κρατῶσιν
2978 3751 3158 3821 αὐτῆς,
3230 3749 3523 3815 ἁξιωθείη;
3577 3752 3662 3800 καὶ
3725 3754 3833 3820 μὴν

2222 3847 2264 3894 εἰ
2294 3862 2374 3903 τις
2403 3862 2462 3914 γε
2509 3849 2596 3894 νοῦ
2637 3846 2890 3913 μετέχων,
2923 3845 3012 3892 καὶ
3061 3844 3132 3912 μὴ
3167 3848 3258 3899 τῆς
3301 3838 3559 3912 ἁμαρτίας
3594 3841 3669 3895 εἰη
3720 3839 3838 3909 ἅμα

515 4585 566 4636 4.
597 4581 711 4636 Sed
743 4588 948 4654 praeter
994 4582 1280 4638 hactenus
1323 4582 1503 4647 dicta,
1538 4599 1682 4638 num
1729 4589 1781 4639 te
1823 4586 1949 4642 sola
1990 4587 2092 4643 ho-

2280 4587 2345 4641 δ’.
2401 4592 2536 4662 Πρὸς
2568 4585 2626 4640 δέ
2677 4607 2737 4658 γε
2785 4595 2893 4649 τοῖς
2943 4588 3250 4660 εἰρημένοις,
3291 4581 3393 4659 ἀρα
3435 4590 3565 4658 μόνη
3617 4605 3677 4638 σε
3726 4594 3832 4636 τῶν

447 4671 676 4726 minam
703 4672 924 4726 creatio
957 4672 1261 4742 perturbat
1285 4669 1313 4724 ‘P
1332 4687 1408 4726 an
1430 4672 1916 4744 incorporearum
1949 4693 2094 4748 quo-

447 4775 564 4833 que
603 4775 672 4813 ac
713 4761 840 4814 sine
877 4760 1120 4814 materia
1150 4766 1500 4816 naturarum
1533 4767 1590 4818 et
1638 4763 2094 4820 immortalitatis

446 4864 693 4906 munere
734 4849 1182 4920 perfruentium,
1220 4850 1274 4904 in
1325 4851 1604 4907 eamdem
1639 4853 2092 4924 perplexitatem

447 4936 641 5008 dejicit
662 4935 689 4991 ?
709 4939 852 4993 Nam
864 4942 916 4992 et
931 4952 1001 4992 ex
1022 4937 1093 4993 iis
1111 4937 1451 4994 coelestibus
1472 4940 1780 4996 ordinibus
1801 4941 2094 5015 beatoque

447 5025 682 5098 fastigio
705 5032 913 5096 sponte
926 5025 1020 5082 ille
1037 5026 1340 5098 delapsus,
1355 5028 1628 5102 princeps
1654 5030 1890 5087 malitia!
1904 5031 2095 5088 factus

447 5122 536 5172 est
578 5113 896 5170 diabolus:
945 5120 1001 5170 et
1047 5115 1221 5171 simul
1268 5123 1563 5188 quotquot
1607 5126 1868 5175 mentem
1921 5137 2095 5176 suam

446 5204 716 5279 partibus
746 5203 900 5259 illius
923 5204 1355 5276 applicuerunt,
1383 5206 1679 5263 meliorem
1703 5209 2095 5265 conditionem

447 5295 649 5368 pejore
680 5299 1142 5348 commutarunt.
1181 5293 1395 5366 Reliqui
1429 5302 1622 5350 autem
1656 5314 1726 5352 ex
1757 5298 1825 5352 iis
1852 5299 2099 5354 immor-

447 5385 662 5440 talibus
708 5384 1057 5456 inclytisque
1102 5385 1294 5438 choris
1331 5386 1388 5438 in
1427 5385 1740 5442 devotione
1781 5388 2097 5460 debitaque

447 5472 743 5529 modestia
774 5478 1132 5537 constantes,
1163 5472 1307 5527 nihil
1333 5473 1406 5528 de
1431 5489 1541 5528 sua
1567 5475 2002 5544 pulchritudine
2029 5495 2099 5533 ac

446 5563 734 5634 dignitate
777 5563 1104 5618 amiserunt
1136 5580 1147 5616 :
1182 5561 1287 5617 sed
1309 5565 1616 5619 communi
1644 5565 1894 5621 Domino
1933 5569 2101 5623 Crea-

2210 4677 2487 4752 ἁνθρωττων
2528 4680 2556 4735 η
2611 4674 2938 4750 δημιουργία
2979 4675 3181 4748 θορυϐεῖ
3216 4691 3229 4740 ;
3270 4679 3300 4732 ἧ
3339 4680 3428 4727 καὶ
3467 4683 3566 4726 τῶν
3606 4672 3834 4747 ἀσωμά-

2209 4786 2306 4818 των
2350 4773 2435 4818 καὶ
2483 4766 2646 4818 ask.»
2697 4769 2894 4838 φύσεων
2942 4771 3032 4818 καὶ
3080 4769 3205 4839 πρὸς
3255 4768 3348 4822 τὴν
3400 4762 3693 4815 ἀθανασίαν
3742 4763 3836 4815 ἀν-

2207 4862 2458 4927 ηγμένων,
2514 4857 2584 4918 εἰς
2628 4861 2720 4913 τὴν
2778 4855 2939 4912 αὐτην
2996 4873 3052 4907 σε
3109 4859 3353 4926 ταραχὴν
3394 4851 3683 4925 ἐμϐάλλεις
3727 4858 3827 4904 καὶ

2205 4949 2305 5018 γάρ
2365 4949 2557 4997 τούτων
2617 4954 2713 4996 των
2755 4943 3003 5018 οὐρανίων
3051 4945 3322 5015 ταγμάτων
3373 4947 3462 4994 καὶ
3518 4949 3613 5002 τῆς
3644 4962 3822 5013 μακα-

2205 5039 2320 5106 ρίας
2384 5033 2578 5095 ἐκείνης
2638 5033 2850 5096 λήξεως,
2917 5035 2942 5084 ὁ
3009 5035 3097 5104 μὲν
3165 5031 3352 5084 έκεῖθεν
3409 5031 3536 5083 ἑκὼν
3592 5029 3825 5102 ἑκρυεὶς,

2209 5122 2452 5195 ἀρχηγὸς
2501 5128 2684 5183 κακίας
2727 5127 2930 5193 γέγονεν
2963 5123 2988 5173 ὁ
3021 5118 3280 5184 διάϐολος,
3327 5125 3414 5172 καὶ
3452 5121 3564 5172 ὅσοι
3612 5125 3710 5178 τὴν
3739 5122 3836 5193 ρο-

2208 5218 2308 5270 πην
2357 5216 2487 5283 πρὸς
2533 5218 2627 5268 τὴν
2673 5211 2862 5263 ἐκείνου
2915 5216 3125 5282 γνώμην
3177 5209 3508 5282 τρεψάμενοι,
3551 5212 3607 5260 τὸ
3639 5218 3836 5281 χεῖρον

2209 5302 2321 5353 ἀντὶ
2363 5310 2452 5352 τοῦ
2511 5307 2792 5372 κρείττονος
2861 5302 3260 5374 μεθηρμόσαντο
3303 5316 3315 5330 ·
3364 5302 3412 5350 οἱ
3460 5295 3520 5351 δέ
3562 5318 3620 5368 γε
3677 5299 3838 5350 ἄλλοι

2206 5398 2302 5440 τῶν
2353 5388 2618 5441 ἀθανάτων
2666 5389 2864 5442 ἐκείνων
2909 5396 2997 5441 καὶ
3059 5391 3339 5441 θεσπεσίων
3391 5397 3568 5460 χορῶν
3623 5407 3836 5459 προσο-

2209 5488 2314 5549 οχῇ
2357 5487 2440 5528 και
2482 5475 2750 5548 σπουδαία
2794 5478 2968 5548 νηψει,
3021 5475 3170 5530 οὐδὲν
3219 5487 3308 5537 τῆς
3351 5477 3544 5536 οἰκείας
3575 5477 3844 5536 καλλονῆς

2212 5571 2243 5624 ἣ
2277 5567 2468 5628 τάξεως
2507 5566 2901 5630 ἀλλοιώσαντες,
2947 5567 3075 5619 ἁ)λά
3119 5571 3248 5639 πρὸς
3298 5571 3383 5618 τὸν
3411 5573 3581 5618 κοινὸν
3627 5570 3843 5618 Δεσπό-
