4086 6190
203 247 214 297 l
223 243 280 300 '39

191 389 269 425 τεν
287 373 369 418 καὶ
395 369 712 438 Δημιουργὸν
740 363 1024 429 ἀνενδοτως
1053 368 1266 430 ἑαυτοὺς
1288 369 1646 431 ἀνατείνοντες,
1667 371 1756 417 καὶ
1787 367 1832 418 Α

189 465 316 528 κόρον
355 466 446 515 τῇς
489 453 814 525 ἀγαθοὸὀτον
859 457 1038 517 οὐσίας
1073 458 1166 508 οὐκ
1213 461 1433 528 ἔχοντες.
1478 458 1568 508 οὐκ
1609 457 1756 507 αὐτοὶ

188 553 318 616 μόνον
353 545 534 614 ἀγαθοὶ
565 548 698 596 κατά
725 551 952 617 μετοχὴν
986 543 1340 618 διαμένουσιν,
1385 546 1514 596 ἀλλα
1550 551 1638 596 καὶ
1683 551 1755 612 τῷ

187 645 270 687 τών
297 635 568 702 ἀνθρώπων
595 639 728 704 γένει
769 641 859 692 τὴν
907 638 1044 687 θείαν
1083 635 1176 686 καν
1208 640 1373 706 τούτῳ
1406 635 1756 709 ἐξυπηρετού-

185 744 308 796 μενοι
359 723 628 795 βούλησιν,
678 723 1014 797 ἀγαθοεργίας
1074 731 1310 800 συνεργοὶ
1352 730 1439 776 καὶ
1492 724 1758 796 ἐπίκουροι

183 819 440 883 γίνοντςιι.’
471 817 554 862 καὶ
595 815 645 863 οἱ
689 815 778 883 μὲν
833 815 948 864 ὅσοι
992 817 1294 882 κατέπεσον,
1335 819 1424 865 καὶ
1476 813 1630 864 αὑτὸν
1672 817 1758 864 τὸν

185 906 326 952 τύπον
369 911 458 952 τοῦ
507 910 736 973 σταυροῦ
766 907 1168 974 χαρασσόμενον
1222 905 1443 976 ὀργάνου
1489 906 1654 972 τύπῳ,
1686 899 1759 952 δι’

185 991 234 1040 οὗ
253 995 304 1040 τὸ
337 995 592 1062 ο-ωτὴρίον
635 989 868 1047 ἐτελέσθη
903 994 1088 1054 πάθος,
1139 997 1450 1065 φρίττοντες,
1487 996 1757 1064 τρέμουσι,

183 1085 260 1130 και
309 1082 373 1140 ως
427 1079 746 1152 πορρωτάτω
802 1077 1212 1150 ὃραπετεύουσιν
1259 1100 1271 1112 ·
1333 1083 1380 1132 οἱ
1429 1078 1488 1131 δὲ
1527 1089 1597 1151 τῷ
1645 1083 1761 1149 θείῳ

186 1172 326 1239 θθοονῳ
357 1171 746 1240 περιιστάμενοι
774 1177 864 1230 τῆς
895 1175 1160 1242 μακαρίας
1208 1170 1402 1230 ἐκείνης
1431 1175 1518 1221 καὶ
1551 1168 1764 1240 φοϐερᾶς

185 1260 286 1318 θεας
343 1258 460 1308 ὅσον
517 1257 748 1328 ἐγχωρεῖ
803 1261 950 1328 φύσει
1005 1267 1216 1331 κτιστῇ,
1275 1262 1366 1320 τὰς
1415 1261 1762 1332 μαρμαρυγὰς

181 1343 516 1414 ὑποδέχονται
551 1367 564 1378 ·
599 1351 688 1397 καὶ
718 1354 826 1408 τοῖς
869 1350 960 1418 μὶν
1000 1349 1075 1408 οἷς
1110 1344 1279 1419 δρῶσί
1309 1367 1362 1398 τε
1391 1353 1480 1399 καὶ
1507 1344 1766 1420 δεδράκα-

185 1453 248 1498 σι,
289 1441 384 1506 πῦρ
417 1436 746 1506 ἡτοίμασται
773 1439 832 1486 τὸ
855 1435 1096 1508 ἐξώτερον
1129 1453 1142 1466 ’
1175 1439 1224 1487 οἱ
1257 1434 1316 1489 δὲ
1368 1433 1442 1488 δι’
1485 1437 1552 1486 ὧν
1577 1439 1636 1487 τὸ
1670 1435 1764 1486 αὖ·

182 1529 531 1596 τοκρατορικόν
560 1531 654 1584 τῆς
689 1523 856 1596 ῥοπῆς
887 1523 937 1576 ἐν
967 1533 1074 1584 ταῖς
1101 1524 1332 1597 ἀμείνοσι
1360 1533 1648 1598 προκοπαῖς
1677 1529 1766 1576 καὶ

183 1611 450 1664 ἀναθέσεσι
485 1622 810 1685 συντηροῦσι
837 1619 928 1666 καὶ
958 1619 1336 1688 συνετήρησαν,
1389 1614 1436 1666 ἓν
1491 1612 1767 1685 ἀδιηγήτῳ

181 1711 330 1774 τρνφῇ
364 1707 452 1754 καὶ
484 1703 678 1774 αἰωνίᾳ
706 1699 964 1774 διαμένειν
995 1701 1280 1755 ἀπολαύσει
1301 1705 1394 1764 τὰς
1421 1703 1626 1775 ψήφους
1656 1700 1762 1761 ἤδη
1799 1675 1844 1730 Β

181 1797 392 1862 κατέχον
401 1810 502 1846 σιν.

243 1880 289 1934 ε’.
331 1882 496 1952 Ἐρεῖς
547 1881 638 1932 οὖν
688 1883 907 1945 παντως,
963 1883 1060 1933 Διὰ
1112 1885 1162 1932 τί
1217 1885 1420 1952 γεγόνεν
1469 1883 1496 1932 ὁ
1549 1885 1768 1955 πονηρὸς

183 1970 372 2032 ἐκεῖνος,
423 1975 514 2020 καὶ
598 1971 720 2022 ὅσαι
782 1971 921 2038 αὐτῷ
980 1977 1162 2043 μοῖραι
1222 1973 1690 2026 συναπεστάτησαν
1751 1987 1764 2037 ;

184 2059 330 2128 ἐχρῆν
385 2062 484 2132 γὰρ
549 2062 640 2110 τὸν
681 2061 808 2110 Θεὸν
856 2059 1052 2129 ἀγαθὸν
1097 2063 1235 2124 ὄντα,
1289 2069 1381 2119 τῆς
1428 2060 1608 2120 οὐσίας
1647 2079 1769 2133 προ-

184 2147 424 2207 εξελέσθαι
449 2152 538 2198 καὶ
567 2147 861 2218 προανελεῖν
914 2150 981 2198 τὰ
1009 2155 1228 2200 τοιαῦτα
1275 2146 1724 2222 δημιουργήματα
1749 2163 1764 2180 ⁸

183 2237 372 2306 ἄμεινον
407 2239 508 2307 γὰρ
577 2236 756 2296 αὐταῖς
799 2237 880 2299 ὴν,
921 2237 964 2309 ,ἣ
1017 2240 1148 2309 πρὸς
1192 2235 1546 2310 ἀπαραίτητον
1595 2256 1768 2312 παρα-

183 2327 458 2394 πέμπεσθαι
505 2323 745 2397 βάσανον
795 2343 807 2354 ·
868 2324 979 2377 εἶτα
1037 2334 1136 2377 τῶν
1184 2325 1352 2377 αὐτῶν
1389 2345 1446 2378 σε
1489 2331 1768 2400 περιέργων

181 2412 426 2485 λογισμῶν
457 2417 516 2465 τὸ
575 2413 874 2480 ἀκόλουθον,
933 2419 1022 2466 καὶ
1076 2414 1160 2466 ἐπὶ
1200 2416 1264 2466 τὰ
1311 2415 1468 2466 λοιπὰ
1523 2425 1622 2466 τῶν
1661 2434 1771 2466 κτι-

186 2506 380 2572 σμάτων
409 2503 760 2577 παραπέμψει
807 2519 820 2532 '
871 2500 980 2555 ἔδει
1023 2505 1124 2576 γὰρ
1183 2507 1276 2560 τήν
1314 2511 1413 2574 γῆν
1469 2505 1768 2577 προαχθεῖ-

185 2609 270 2641 σαν
303 2593 330 2648 ἡ
390 2596 562 2662 μένειν
615 2591 858 2650 ἀκίνητον
904 2591 987 2644 ἐπὶ
1025 2600 1119 2653 τῆς
1175 2601 1506 2664 προαγωγῆς,
1558 2597 1644 2644 καὶ
1697 2601 1770 2662 τῷ

183 2678 400 2752 ἀτρέπτῲ
461 2682 946 2752 περιτειχίζεσθαι,
1021 2682 1051 2739 ἦ
1129 2681 1208 2732 ἵνα
1271 2684 1336 2732 τὰ
1391 2682 1518 2734 ἄλλα
1579 2679 1770 2741 ταύτης

183 2769 306 2824 παθη
355 2774 440 2818 καὶ
493 2773 596 2829 τας
645 2767 946 2831 ἀλλοιώσεις
1007 2769 1166 2834 ἐάσω,
1218 2775 1288 2841 μή
1331 2779 1436 2831 τοῖς
1475 2767 1688 2836 ὕδασιν,
1729 2770 1774 2822 εἰ
1808 2817 1846 2872 C

183 2863 260 2907 καὶ
309 2865 376 2926 μή
423 2860 544 2909 καθ’
601 2859 746 2922 ὅλην,
787 2861 922 2909 κατά
979 2858 1140 2910 πολλα
1194 2859 1252 2910 0‘":
1305 2869 1403 2910 τῶν
1435 2868 1598 2933 μερῶν
1633 2879 1772 2933 περι-

184 2945 448 3004 κλύζεσθαι
497 2964 510 2976 ·
556 2954 650 2999 καὶ
690 2955 879 3020 μικροῦ
936 2945 1102 3016 μηδὲν
1147 2949 1350 3000 ἔλαττον
1409 2949 1437 3006 ἦ
1485 2950 1568 3000 ὅτε
1621 2949 1774 3019 αορα-

186 3053 256 3092 τος
291 3041 378 3086 καὶ
427 3035 902 3097 ἀκατασκεύαστος
949 3033 1010 3094 ἦν
1053 3044 1112 3108 τῇ
1175 3035 1510 3110 πλημμυρίδι
1542 3041 1772 3109 συγκρύ-

186 3126 388 3175 πτεσθαι
443 3143 454 3154 ·
517 3130 612 3176 καὶ
654 3129 740 3176 τὸν
789 3123 914 3198 ἀέρα
967 3121 1024 3176 δὲ
1077 3127 1316 3198 χαθαρόν
1369 3145 1422 3177 τε
1465 3131 1554 3178 καὶ
1602 3129 1774 3186 πάσης

189 3211 558 3286 ἀπηλλαγμένον
615 3216 770 3265 νόθου
829 3219 1130 3285 μετουσίας,
1183 3219 1438 3286 σωτήριόν
1479 3234 1530 3266 τε
1581 3215 1774 3289 ἀνθρώ-

187 3320 290 3360 ποις
318 3308 404 3354 καὶ
443 3311 556 3364 τοῖς
609 3303 788 3364 ἄλλοις
819 3303 972 3364 ζώοις
1013 3305 1336 3367 ὑποστάντα,
1369 3305 1462 3356 οὐκ
1491 3301 1598 3356 ἔδει
1646 3307 1775 3376 πρὸς

185 3387 401 3460 λοιμώδη
453 3397 546 3444 καὶ
599 3393 887 3464 φθαρτικὴν
945 3401 1044 3444 τῶν
1097 3393 1402 3463 σωζομένων
1450 3395 1773 3444 κατάστασιν

186 3485 526 3548 μεταπίπτειν.
591 3481 654 3533 Εἰ
711 3477 961 3533 δὲταῦτα
1007 3487 1382 3554 προαγομένοις
1437 3482 1615 3543 αὐτοῖς
1662 3483 1774 3550 ὅρος

187 3571 388 3638 ἐνεπαγη
447 3569 866 3640 μεταϐάλλεσθαι
924 3576 1012 3628 την
1059 3574 1234 3642 φύσιν,
1275 3571 1333 3622 οὗ
1377 3579 1544 3622 ταῦτα
1579 3568 1636 3622 δὲ
1684 3577 1774 3642 μό-

186 3676 278 3723 νον,
303 3657 428 3710 ἦλα
463 3665 554 3710 καὶ
603 3663 672 3710 τὰ
709 3663 912 3721 τούτοις
956 3662 1240 3731 σύστοιχα,
1276 3663 1480 3730 ἄμεινον
1511 3658 1572 3718 ἦν
1610 3657 1774 3732 μηδὲν

187 3749 365 3798 τούτων
413 3749 484 3810 εἰς
529 3753 848 3822 προαγωγὴν
890 3751 1166 3820 ἐνεχθῆναι
1214 3767 1224 3778 ·
1259 3748 1424 3800 εἷταὸ
1467 3755 1558 3807 τὴν
1603 3755 1774 3801 κτίσιν

188 3833 294 3889 ὃλην
323 3837 479 3896 οὕτως
515 3835 910 3902 ἀνασκευαζων,
956 3839 1054 3894 ὅση
1099 3857 1154 3890 τε
1195 3835 1244 3888 ἐν
1283 3845 1506 3904 νοητοῖς,
1555 3843 1643 3890 καὶ
1675 3839 1770 3895 ὅση

189 3921 230 3972 ἐν
266 3925 556 3992 αἰσθητοῖς,
601 3931 693 3976 καὶ
725 3923 862 3995 μηδὲ
901 3935 1000 3977 τῶν
1032 3925 1256 3996 ἀψύχων
1301 3923 1618 3998 φειδόμενος,
1649 3926 1778 3980 ἀλλὰ

190 4015 342 4064 πάντα
395 4025 595 4088 πικρῶς
656 4015 792 4066 οὕτω
847 4016 1204 4086 ζυγοστατών,
1246 4020 1335 4066 καὶ
1379 4025 1440 4087 τῇ
1498 4013 1612 4086 ἰδίᾳ
1655 4019 1778 4068 καθ-

189 4101 472 4153 νποϐαλλων
521 4113 626 4155 τῶν
673 4103 937 4176 λογισμῶν
980 4109 1171 4178 κρίσει,
1217 4109 1306 4156 καὶ
1348 4102 1530 4175 μηδενὶ
1585 4109 1777 4158 τούτων

191 4197 642 4261 σνναρεσκόαενος,
683 4199 734 4244 τί
787 4199 926 4244 ποιεῖ
977 4211 988 4258 ;

192 4275 532 4353 δημιουργίας
593 4281 699 4341 ἐνὸς
752 4279 922 4342 εἰδους
975 4291 1072 4334 τῶν
1123 4279 1406 4353 γεγονότων
1472 4280 1712 4355 διαπορεῖ
1762 4301 1774 4314 ·

191 4368 216 4424 ᾖ
271 4373 392 4422 Θεὸν
443 4373 618 4436 ἕτερον
691 4375 778 4422 καὶ
835 4367 1157 4443 δημιουργὸν
1214 4370 1450 4432 ἐπιζητεῖ
1504 4372 1668 4442 (ἵλεως
1722 4370 1780 4425 δὲ

191 4456 304 4526 ἡμῖν
341 4459 440 4530 εἴη)
493 4459 674 4530 ἀμαθῇ
715 4456 772 4512 δε
820 4468 912 4514 τοῦ
965 4465 1253 4532 κρείττονος
1311 4465 1398 4511 τὸν
1441 4469 1608 4512 ταῦτα
1651 4479 1780 4532 προ-

193 4551 440 4616 αγαγοντα
481 4550 658 4600 πάντα
689 4544 894 4600 ἀναιδεῖ
932 4553 1196 4623 προσώπῳ
1227 4553 1316 4601 καὶ
1347 4548 1598 4620 ἀπυλώτῳ
1641 4553 1734 4602 στὸ
1763 4565 1776 4578 ⁰

191 4653 306 4702 ματι
347 4633 708 4708 διακνιιμῳδεί.
759 4641 821 4690 Τί
877 4635 936 4690 δὲ
979 4638 1110 4709 λέγω
1159 4641 1286 4690 Θεὸν
1335 4639 1501 4710 ἕτερον
1550 4643 1640 4690 καὶ
1685 4634 1781 4696 δη-

193 4741 426 4797 μιουργον
465 4725 710 4786 ἐπιζητεῖ
747 4741 760 4790 ;
803 4725 958 4778 αὑτὸν
1008 4729 1108 4800 γὰρ
1156 4726 1308 4786 αὐτὸς
1351 4729 1577 4788 καθίσας
1618 4726 1665 4778 ἐν
1708 4735 1779 4796 τῷ

193 4819 278 4872 τῆς
315 4811 558 4874 ἀπονοίας
593 4819 684 4866 καὶ
723 4813 896 4876 ἀνοίας
937 4815 1059 4886 ὕψει
1089 4823 1188 4866 τῶν
1231 4820 1516 4888 γεγονότων
1551 4813 1782 4888 διορθω-

194 4903 294 4964 τὴν,
333 4900 528 4974 ἀφελεῖν
583 4899 877 4966 σπουδάζει
925 4903 1184 4966 παντελῶς
1226 4909 1320 4962 τὴν
1367 4909 1484 4977 περὶ
1530 4911 1656 4958 Θεοῦ
1707 4907 1781 4957 ἓν·

193 5007 338 5054 νοιαν,
389 4993 449 5048 ἣν
507 5000 604 5054 τῆς
673 4989 816 5054 ἰδίας
871 4991 1232 5067 προαφείλετο,
1295 5002 1394 5044 τῶν
1451 4992 1782 5067 ἀνθρωπίνων

194 5075 366 5148 ψυχῶν
413 5098 424 5109 ’

200 5167 336 5220 ἱκανὰ
363 5168 509 5240 οἶμαι
547 5175 638 5222 καὶ
672 5179 774 5222 τῶν
807 5169 1284 5246 παραλελειμμένων
1333 5172 1400 5232 εἰς
1433 5174 1624 5223 ἔννοιαν
1655 5171 1781 5224 ἀνα-

461 5079 591 5132 me
635 5089 802 5133 ταῦτα
830 5085 920 5153 μὲν
970 5084 1038 5143 ὡς
1081 5085 1216 5134 κατά
1253 5081 1402 5152 λόγον
1449 5080 1780 5154 κεφαλαιώδη

197 5265 354 5326 γαγεῖν
387 5275 399 5287 '
426 5265 518 5310 καὶ
557 5263 681 5320 τοὺς
721 5258 996 5330 ἀντιλέγειν
1045 5259 1206 5312 πάλαι
1261 5262 1688 5333 θρασυνομένους,
1720 5263 1783 5321 ὡς

201 5341 313 5412 βοῦς
339 5347 447 5417 (31)
483 5346 636 5406 ἐπέϐη
664 5353 756 5405 τὴν
790 5353 1095 5420 παροιμίαν,
1129 5353 1216 5400 καὶ
1238 5357 1418 5401 πεῖσαι
1447 5353 1778 5422 μεταμαθεῖν.

261 5526 368 5596 (3|)
425 5527 585 5597 Diog.
644 5544 814 5598 υτον.
871 5533 1020 5582 cent.
1087 5529 1181 5592 Ill,
1241 5529 1300 5581 6|
1368 5545 1380 5581 :

533 5616 767 5670 PATROL.
812 5615 918 5670 GR.
962 5615 1046 5671 Cl.

1443 5535 1568 5589 Βοῦς

1221 245 1314 300 AD
1351 241 1902 298 AMPHILOCIIIUM
1945 241 2266 310 QUAESTIO
2307 245 2450 300 XIII.

3417 256 3522 314 130
3589 303 3594 310 .

1868 367 2098 437 torique
2137 368 2387 425 firmiter
2417 369 2811 437 adhaerentes,
2847 387 3040 444 neque
3071 373 3292 432 fontem
3329 381 3524 434 omnis

1865 454 2006 510 boni
2046 458 2445 513 substantiam
2486 459 2875 526 fastidientes,
2915 477 3036 516 non
3073 463 3268 520 solum
3306 467 3418 538 ipsi
3462 468 3522 522 in

1864 543 2142 600 bonitatis
2196 547 2622 604 communione
2668 556 3039 616 manserunt,
3086 568 3288 609 verum
3343 557 3525 611 etiam

1863 632 2180 688 hominum
2225 637 2449 704 generi,
2493 637 2710 692 divinae
2745 639 2957 708 pariter
2991 640 3049 695 in
3079 640 3194 696 hoc
3241 643 3527 706 voluntati

1867 722 2288 795 obsequentes,
2319 725 2616 782 bonorum
2650 742 2903 797 operum
2935 729 3236 803 adjutores
3262 735 3524 806 sociique

1867 817 2196 867 evaserunt.
2219 815 2284 868 Et
2305 814 2342 867 ii
2369 831 2512 869 sane
2540 815 2638 886 qui
2661 817 3030 887 exciderunt,
3061 818 3258 892 ipsam
3283 837 3526 894 quoque

1869 903 2058 954 crucis
2099 903 2443 972 imaginem,
2478 903 2538 959 in
2570 905 2698 974 ejus
2731 905 3104 963 instrumenti
3133 909 3328 968 forma
3365 913 3523 968 exhi-

1869 989 2054 1044 bitam
2107 1007 2227 1062 quo
2279 993 2606 1048 Servatoris
2669 996 2872 1066 passio
2917 1003 3152 1068 peracta
3205 999 3331 1066 fuit,
3387 1017 3520 1056 cum

1869 1079 2112 1134 horrore
2136 1080 2532 1138 extimescunt
2560 1099 2628 1138 ac
2654 1083 3006 1154 longissime
3042 1087 3274 1158 fugiunt
3300 1107 3314 1146 :
3343 1093 3526 1147 caatcri

1871 1173 2068 1224 autem
2097 1169 2366 1225 divinum
2401 1172 2616 1228 solium
2649 1174 3122 1241 circumstantes,
3151 1178 3341 1234 beatas
3373 1180 3527 1235 illius

1871 1272 1940 1310 ac
1991 1257 2309 1312 tremendae
2361 1260 2629 1326 visionis,
2693 1269 2988 1333 quantum
3045 1275 3254 1322 creata:
3299 1275 3527 1324 naturas

1869 1343 2024 1410 licet,
2069 1346 2264 1401 radios
2303 1349 2624 1420 excipiunt.
2670 1350 2784 1405 Illis
2823 1353 2902 1407 ob
2941 1369 3012 1409 ea
3050 1369 3182 1426 qua:
3223 1363 3409 1428 agunt
3451 1359 3528 1412 fe-

1873 1440 2218 1506 ceruntque,
2282 1437 2438 1504 ignis
2494 1440 2744 1494 exterior
2811 1447 3054 1510 paratus
3109 1447 3238 1510 est;
3299 1445 3358 1500 hi
3425 1447 3530 1518 qui

1873 1523 2126 1578 liberum
2145 1524 2456 1580 arbitrium
2471 1528 2718 1582 suumin
2741 1530 3090 1586 melioribus
3113 1535 3530 1605 progressibus

1875 1611 2286 1685 gradibusque
2325 1613 2610 1670 faciendis
2649 1617 3070 1675 continuerunt
3109 1625 3164 1675 et
3201 1624 3525 1690 continent,

1876 1699 2364 1758 inenarrabilium
2391 1704 2750 1773 gaudiorum
2777 1711 2949 1778 atque
2973 1713 3208 1764 ceterum
3233 1709 3531 1767 beatitatis

1877 1793 2094 1844 sortem
2127 1790 2363 1846 decreto
2395 1792 2599 1848 divino
2629 1793 2920 1850 obtinent.

1951 1883 2000 1932 5.
2019 1878 2202 1934 Porro
2219 1880 2380 1936 dices
2405 1897 2416 1934 :
2439 1884 2554 1938 Cur
2565 1897 2706 1938 nam
2719 1883 2816 1939 ille
2833 1885 3146 1956 improbus
3157 1891 3389 1943 creatus
3403 1887 3528 1954 fuit,

1877 1970 1932 2020 et
1961 1973 2257 2039 quotquot
2285 1985 2422 2025 cum
2453 1985 2524 2025 eo
2553 1971 2790 2027 ordines
2821 1975 3135 2044 apostatici
3166 1979 3534 2033 evaserunt?

1881 2056 2183 2110 Decuisset
2229 2057 2385 2113 enim
2439 2061 2534 2114 Dei
2565 2059 2817 2116 bonitati
2847 2077 2883 2118 a
2913 2077 3114 2118 rerum
3158 2069 3374 2121 natura
3419 2067 3535 2137 pri-

1879 2143 2058 2198 mitus
2109 2145 2360 2201 eximere
2391 2147 2500 2202 has
2535 2153 2838 2204 creaturas
2869 2153 3048 2222 atque
3079 2153 3412 2209 excludere.
3467 2155 3532 2208 ld

1877 2232 2036 2288 enim
2075 2234 2288 2289 melius
2327 2241 2452 2291 erat
2489 2236 2584 2291 his
2623 2253 2805 2308 quam
2858 2240 3208 2296 inexorabili
3247 2244 3532 2298 cruciatui

1878 2321 2186 2392 deputare.
2235 2324 2412 2396 Atqui
2441 2325 2582 2380 vani
2614 2325 2796 2396 hujus
2821 2327 3112 2384 ratiocinii
3144 2331 3386 2400 sequela
3427 2347 3534 2403 per

1879 2415 2115 2466 caeteras
2168 2429 2400 2485 quoque
2453 2430 2544 2469 res
2597 2419 2826 2471 creatas
2879 2421 2934 2472 te
2985 2418 3206 2490 pariter
3257 2419 3528 2476 deducet.

1880 2500 2182 2556 Decuisset
2219 2504 2378 2558 enim
2419 2503 2684 2558 tellurem
2717 2521 2948 2578 quoque
2987 2512 3246 2563 creatam
3291 2525 3534 2565 manere

1881 2589 2250 2645 immobilem
2277 2593 2338 2646 in
2358 2597 2514 2648 statu
2535 2609 2642 2648 suo
2672 2597 2730 2650 et
2755 2593 3032 2650 ﬁrmitate
3058 2598 3270 2652 muniri
3302 2613 3314 2652 :
3339 2614 3532 2670 neque

1879 2677 1964 2748 (ut
2017 2684 2254 2736 crateras
2308 2681 2435 2750 ejus
2481 2682 2791 2752 passiones
2845 2685 3328 2758 mutationesque
3383 2703 3532 2758 prae-

1877 2770 2126 2838 teream)
2153 2769 2326 2840 aquis
2352 2771 2400 2824 si
2426 2771 2624 2826 minus
2654 2772 2994 2828 universam
3019 2780 3176 2830 certe
3205 2776 3532 2832 maximam

1877 2863 2108 2926 partem
2139 2858 2454 2924 inundari;
2487 2860 2745 2930 paulove
2777 2863 2978 2916 minus
3007 2879 3192 2934 quam
3219 2879 3355 2918 cum
3387 2865 3533 2919 invi-

1877 2944 2063 3000 sibilis
2085 2951 2210 3002 crat
2230 2951 2286 3002 et
2309 2946 2604 3012 informis,
2628 2947 2908 3004 ﬂuctibus
2931 2950 3124 3007 obrui.
3151 2955 3356 3005 Aerem
3389 2969 3531 3022 quo-

1877 3050 1993 3105 que
2035 3034 2324 3090 decuisset
2355 3051 2572 3106 purum
2603 3053 2728 3092 esse
2761 3043 2938 3109 atque
2970 3041 3134 3093 omni
3173 3040 3532 3096 humiditate

1877 3139 2157 3188 vacuum,
2189 3124 2536 3179 hominibus
2561 3125 2907 3197 cteterisque
2937 3127 3348 3182 animantibus
3377 3129 3531 3183 salu-

1879 3217 2066 3266 tarem
2095 3230 2107 3278 ;
2141 3229 2258 3268 non
2291 3221 2489 3268 autem
2523 3215 2600 3270 ad
2630 3215 3004 3286 pestilentem
3038 3217 3530 3290 mortiferamque

1877 3301 2216 3358 viventibus
2247 3302 2652 3358 conditionem
2683 3305 2966 3360 converti.
3007 3305 3176 3370 Quod
3211 3305 3258 3360 si
3289 3307 3419 3362 haec
3451 3308 3533 3362 ita

1879 3395 2160 3456 generata
2191 3399 2344 3456 sunt,
2379 3397 2442 3446 ut
2462 3398 2740 3448 naturam
2773 3394 3000 3448 variare
3027 3395 3302 3460 soleant;
3337 3411 3531 3467 neque

1878 3483 2007 3536 hinc
2047 3483 2468 3538 tantummodo
2499 3483 2600 3538 sed
2633 3483 2751 3538 alia
2779 3483 3117 3555 ejusmodi;
3153 3485 3336 3540 satius
3381 3491 3528 3552 erat,

1879 3571 2069 3642 inquit
2115 3570 2354 3642 aliquis,
2397 3571 2524 3626 Ιιιθο
2563 3573 2808 3626 omnino
2847 3589 2964 3626 non
3003 3573 3209 3628 creari.
3259 3575 3351 3628 Sic
3394 3591 3532 3644 ergo

1879 3660 1984 3714 iste
2031 3660 2368 3714 universam
2403 3665 2682 3716 naturam
2717 3661 3108 3724 labefactans,
3145 3663 3266 3718 sive
3297 3681 3426 3734 quae
3473 3665 3530 3720 in

1881 3747 2382 3803 intellectualibus
2411 3753 2498 3802 est
2527 3749 2652 3804 sive
2681 3766 2815 3820 quae
2841 3749 2902 3804 in
2935 3751 3344 3818 sensibilibus,
3375 3758 3430 3806 et
3461 3769 3533 3808 ne

1880 3836 2162 3892 inanimis
2181 3837 2425 3908 quidem
2454 3837 2634 3893 rebus
2657 3853 2938 3909 parcens,
2962 3841 3064 3894 sed
3088 3845 3300 3895 cuncta
3323 3841 3534 3896 acerbe

1883 3925 1969 3980 sic
1999 3942 2342 3998 exrequans,
2376 3927 2588 3997 suique
2613 3927 2908 3983 ratiocinii
2933 3929 3160 3998 judicio
3192 3929 3534 4000 subjiciens,

1881 4015 2148 4086 nihilque
2197 4016 2412 4070 horum
2453 4015 2740 4086 probans,
2782 4017 2929 4088 quid
2969 4017 3214 4073 demum
3251 4019 3419 4088 agit?
3461 4020 3536 4074 de

1883 4105 2144 4160 hominis
2169 4105 2487 4168 creatione,
2517 4105 2676 4175 quod
2699 4121 2888 4161 unum
2917 4112 3006 4161 est
3033 4123 3062 4161 e
3085 4109 3293 4162 creatis
3317 4110 3537 4176 generi-

1047 4197 1165 4266 περί
1213 4201 1308 4254 τῆς
1366 4201 1458 4246 τοῦ
1511 4193 1774 4269 ἀνθρώπου

1885 4193 1998 4248 bus
2017 4192 2299 4264 ambigit;
2325 4193 2414 4247 vel
2441 4195 2625 4248 Deum
2648 4193 2835 4248 alium
2859 4202 3306 4266 creatoremque
3327 4197 3540 4266 qiiterit

1887 4281 1943 4354 (0
1992 4285 2141 4338 Deus
2179 4282 2336 4338 bone
2363 4282 2401 4352 Ξ)
2433 4297 2614 4354 quem
2647 4285 2790 4338 dum
2824 4285 3100 4352 ignarum
3146 4285 3226 4338 rei
3277 4284 3538 4340 melioris

1885 4387 1954 4426 ea
1976 4387 2112 4443 quas
2131 4371 2393 4426 diximus
2416 4371 2620 4426 fecisse
2645 4371 2748 4440 ait,
2772 4371 3004 4428 effronti
3027 4371 3192 4426 vultu
3213 4373 3538 4443 linguaque

1885 4459 2088 4516 effreni
2111 4461 2318 4516 omnia
2343 4459 2700 4516 subsannat.
2726 4461 2840 4516 Sed
2862 4475 2968 4516 cur
2993 4460 3116 4515 dixi
3145 4463 3328 4516 Deum
3355 4461 3537 4517 alium

1886 4555 2335 4619 creatoremque
2379 4549 2458 4604 ab
2496 4565 2568 4604 eo
2597 4549 2826 4620 quaeri?
2858 4553 2992 4620 Ipse
3019 4551 3218 4620 potius
3244 4565 3306 4606 se
3345 4551 3405 4605 in
3453 4551 3542 4606 in-

1888 4639 2070 4694 saniae
2127 4637 2502 4710 stultitique
2561 4637 2798 4706 fastigio
2863 4637 3164 4694 collocans
3221 4640 3541 4696 creationis

1886 4727 2356 4790 emendatorem,
2415 4742 2658 4782 omnem
2713 4725 2812 4782 Dei
2868 4727 3144 4784 notitiam
3203 4743 3270 4784 ex
3321 4729 3539 4785 animis

1885 4816 2221 4880 hominum,
2250 4831 2432 4887 quam
2454 4816 2528 4871 de
2549 4831 2658 4870 suo
2677 4815 2803 4886 jam
2829 4815 3074 4888 expulit,
3102 4815 3297 4872 delere
3319 4817 3539 4874 nititur.

1891 4905 2004 4960 Sed
2043 4905 2331 4959 hactenus
2369 4904 2740 4975 capitulatim
2781 4903 3084 4975 disputata
3123 4903 3426 4961 sufﬁciunt
3465 4907 3544 4962 ad

1890 4994 2418 5065 praetermissarum
2459 4993 2656 5057 etiam,
2691 4997 2756 5048 ut
2785 4999 2957 5065 puto,
2985 4994 3390 5050 refricandam
3431 5011 3544 5050 me-

1889 5082 2142 5138 moriam
2173 5099 2186 5148 ;
2230 5085 2408 5154 atque
2440 5085 2504 5136 ut
2533 5081 2570 5136 ii
2601 5081 2704 5152 qui
2735 5081 2878 5138 olim
2917 5082 3324 5138 contradicere
3365 5083 3544 5138 aude-

1888 5171 2054 5236 bant,
2081 5177 2366 5242 tanquam
2387 5172 2434 5226 si
2457 5171 2570 5228 bos
2597 5171 2923 5242 irrupisset,
2955 5177 3018 5226 ut
3034 5173 3114 5228 ait
3134 5172 3540 5243 proverbium,

1889 5261 2196 5316 dediscere
2228 5276 2347 5315 non
2379 5265 2666 5315 recusent.

1625 5527 1799 5585 ἐπέϐη·
1857 5530 1939 5580 ἐπὶ
2001 5537 2097 5578 τών
2156 5527 2392 5599 ἐξαίφνης
2454 5533 2784 5579 σιωπώντων*
2845 5533 2902 5578 τὸ
2959 5531 3054 5602 γὰρ
3115 5527 3358 5603 αργὺριον
3417 5527 3544 5600 βονν

3158 5621 3190 5670 5
