4086 6190
495 253 586 312 l3-l
1716 243 1953 304 PHOTll
1997 244 2480 302 PATH'ARCH/E
2521 243 2635 303 ΟΡ.
3754 243 3855 304 1'39.

1059 376 1380 441 QUAESTIO
1427 377 1560 431 XIV.

491 486 646 555 Qiud
676 490 757 541 est
786 485 944 540 illud
975 500 987 536 :
1024 506 1052 534 «
1087 483 1293 552 .rlperli
1321 488 1457 538 sunt
1487 498 1684 538 eorum
1718 482 1894 555 oculi.
1935 502 1960 530 ξ)
1995 479 2136 555 Gen.

561 574 640 626 ni,
663 563 728 639 7,.
744 579 769 606 ››
790 563 844 683 es
858 556 1148 684 ςζέιοοηοιίο
1164 555 1553 625 transgressio
1570 556 1684 610 vim
1709 553 1916 609 habuit
1941 553 2141 607 oculos

561 644 826 684 aperient
846 644 866 683 ι

559 644 866 699 aperiendi

2830 375 3142 422 ΕΡΩΤΗΣΙΣ
3187 367 3283 423 Li’.

2251 479 2320 534 Τί
2367 481 2478 530 ἐστι
2519 483 2596 546 το;
2651 499 2675 529 (ι
2725 480 3115 548 Διηνοίχθησαν
3169 477 3335 529 αὐτῶν
3382 481 3429 530 οἱ
3462 479 3718 551 ὀφθαλμοί
3767 498 3778 508 ·
3832 504 3858 528 ››

2322 555 2410 601 καὶ
2441 559 2544 610 πῶς
2576 552 2604 608 ἡ
2634 547 2938 623 παράϐασις
2983 549 3139 620 ἰσχὺν
3170 551 3300 621 ἔσχε
3345 547 3636 621 διανοίγειν-
3667 551 3856 622 r3791).-

2327 642 2457 692 μους
2487 638 2500 688 ;

1579 750 1731 798 Edita
1762 764 1792 798 a
1822 748 1976 804 Maio,
2013 748 2148 796 Nov.
2188 745 2337 799 Coll.,
2373 749 2413 799 t.
2453 746 2532 801 IX,
2569 747 2643 801 l-i,
2680 747 2760 798 l5.

559 869 707 926 lllud
730 874 949 936 autem,
975 892 1002 919 «
1027 868 1224 942 Aperti
1253 875 1384 924 sunt
1411 867 1729 924 amborum
1755 866 1933 931 oculi,
1962 886 1989 918 »
2017 881 2136 920 non

485 961 649 1033 quod
683 959 1082 1031 transgressio
1115 957 1414 1031 aperuerit
1445 974 1650 1014 eorum
1684 957 1912 1022 oculos,
1947 956 2137 1018 absit;

486 1065 608 1106 non
635 1051 793 1106 enim
825 1049 1112 1120 scriptum
1143 1051 1233 1102 est
1263 1049 1394 1120 ipsa
1425 1047 1903 1116 transgressione
1933 1060 2137 1099 eorum

486 1139 690 1196 oculos
725 1143 965 1210 apertos
1010 1137 1210 1203 fuisse,
1256 1137 1360 1193 sed
1402 1143 1536 1208 post
1582 1135 2137 1206 transgressionem.

487 1229 634 1284 Dicit
659 1228 817 1284 enim
844 1244 857 1282 :
888 1246 914 1276 «
942 1229 1006 1282 Et
1032 1230 1355 1298 postquam
1384 1225 1613 1297 accepit
1633 1224 1862 1290 mulier,
1892 1225 1960 1278 de
1989 1223 2140 1278 fruc-

484 1322 547 1372 tu
575 1317 852 1381 comedit,
878 1320 934 1372 et
963 1316 1150 1387 aperti
1181 1319 1316 1371 sunt
1343 1315 1500 1370 oculi
1528 1315 1883 1378 amborum;
1921 1334 1947 1364 ››
1976 1311 2141 1384 quod

483 1405 596 1463 tale
635 1405 947 1478 quoddam
987 1409 1073 1460 est
1115 1422 1127 1460 :
1162 1405 1298 1460 Post
1327 1403 1616 1475 peccandi
1654 1409 1874 1468 actum,
1921 1407 1983 1458 ut
2020 1401 2142 1473 ple-

483 1511 739 1567 rumque
783 1494 1008 1568 peccati
1053 1493 1311 1563 cognitio
1360 1493 1720 1564 supervenit,
1767 1497 1821 1548 et
1872 1489 2141 1546 audaciai

484 1583 839 1654 magnitudo
863 1582 1056 1652 magis
1081 1582 1443 1651 agnoscitur.
1476 1581 1805 1654 Cupiditate
1829 1580 1987 1636 enim
2006 1595 2140 1651 quae

485 1676 562 1732 ad
590 1673 966 1746 peccandum
992 1671 1355 1745 impellebat,
1389 1675 1445 1728 et
1475 1671 1713 1728 stimulo
1740 1671 1842 1743 qui
1872 1670 2139 1726 animum

485 1764 772 1835 agitabat,
785 1761 1188 1834 postexlegem
1208 1765 1408 1818 actum
1424 1765 1693 1817 cessante
1711 1759 2138 1832 etquiescente,

488 1859 625 1909 tunc
666 1867 807 1909 sane
847 1857 1136 1925 tanquam
1175 1866 1282 1922 per
1332 1851 1492 1906 hanc
1533 1850 1781 1906 multam
1823 1849 2136 1919 caliginem

486 1942 852 2016 perspiciens
880 1941 1032 1998 ratio
1067 1946 1122 1996 et
1151 1940 1530 2012 resipiscens,
1573 1956 1644 1996 ea
1675 1956 1809 2012 quae
1841 1943 1972 1995 acta
2007 1944 2142 1993 sunt

485 2033 765 2095 intuetur,
801 2035 858 2089 et
895 2031 956 2087 in
999 2046 1179 2103 quem
1221 2034 1442 2086 statum
1483 2035 1538 2086 et
1575 2046 1610 2085 a
1647 2045 1770 2102 quo
1810 2032 2035 2084 mutata
2071 2029 2143 2082 sit

488 2121 684 2192 magis
709 2120 1006 2190 intelligit;
1032 2127 1245 2176 etcum
1267 2118 1632 2176 conscientia
1655 2119 1850 2190 ipsam
1876 2117 2143 2174 vulneret

487 2215 545 2268 et
570 2214 865 2283 torqueat,
892 2209 1048 2265 clare
1074 2209 1360 2265 discernit
1386 2225 1475 2272 ea,
1504 2225 1659 2280 quae,
1688 2208 2013 2281 cupiditate
2035 2207 2144 2261 im-

487 2300 758 2373 pellente,
811 2313 932 2354 non
982 2298 1249 2354 similiter
1287 2298 1584 2354 cernebat.
1636 2297 1885 2352 Aliunde
1939 2301 2141 2351 autem

486 2390 746 2462 quisque
771 2392 1014 2460 peccato
1028 2387 1266 2454 cedens,
1287 2387 1356 2441 iis
1370 2386 1588 2458 quibus
1608 2385 1887 2442 diabolus
1905 2384 2142 2440 titillans

487 2483 543 2533 et
565 2478 832 2533 mulcens
853 2492 967 2532 nos
991 2475 1293 2532 effeminat
1311 2480 1366 2530 et
1389 2475 1645 2530 tenebris
1668 2473 1871 2546 replet,
1892 2474 2141 2528 innexos

488 2566 658 2638 quasi
694 2566 802 2622 fert
842 2581 983 2621 suos
1014 2580 1241 2628 sensus,
1278 2569 1332 2620 et
1362 2563 1565 2635 quoad
1607 2564 1721 2618 vim
1765 2562 2138 2617 discernendi

490 2654 812 2710 mutilatos.
867 2655 1005 2710 Post
1055 2653 1356 2709 actionem
1406 2657 1605 2708 autem
1661 2652 1772 2707 sub
1830 2651 2030 2706 oculos
2081 2651 2141 2707 id

489 2745 653 2816 quod
685 2746 973 2799 tentatum
1007 2747 1096 2798 est
1124 2742 1387 2809 adducit,
1428 2745 1488 2800 et
1519 2741 1729 2797 acerbe
1761 2741 1948 2812 aperit
1975 2741 2141 2812 quod

489 2834 652 2907 prius
698 2831 897 2889 multis
945 2831 1206 2888 artiﬁciis
1251 2831 1566 2887 celaverat.
1620 2830 1758 2885 Dein
1806 2829 1878 2884 iis
1921 2829 2141 2902 quibus

490 2922 724 2978 sceleris
752 2921 970 2978 molem
1003 2920 1505 2993 comprehensam
1532 2919 1746 2984 reddit,
1778 2919 1835 2974 in
1865 2919 2140 2991 despera-

491 3013 714 3068 tionem
745 3028 882 3067 eum
913 3011 1013 3083 qui
1046 3011 1310 3083 peccavit
1340 3009 1642 3082 impellere
1673 3016 1939 3064 conatur.

2320 866 2388 915 Τὸ
2413 859 2488 928 δὲ,
2528 885 2554 914 (‹
2585 864 2976 934 ,διηνοίχθησαν
3001 865 3047 915 οἱ
3069 863 3324 935 ὀφθαλμοὶ
3349 872 3446 916 τῶν
3470 860 3587 930 δύο,
3607 865 3756 936 »οὐχ
3779 867 3859 918 ὅτι

2251 955 2277 1012 ἡ
2324 951 2620 1025 παράϐασις
2677 949 2929 1015 διήνοιξεν
2980 952 3146 1004 αὐτῶν
3194 958 3307 1013 τοὺς
3354 954 3662 1025 οφθαλμους,
3722 957 3857 1006 ἄπα·

2249 1061 2307 1113 γε
2363 1061 2374 1073 ο
2424 1038 2547 1093 οὗὸε
2589 1045 2689 1114 γαρ
2751 1039 2864 1094 οὐδ’
2912 1041 2956 1092 ἐν
3015 1042 3143 1114 αὐτῇ
3195 1051 3253 1114 τῇ
3323 1042 3616 1114 παράϐασει
3669 1048 3860 1116 γέγρα-

2251 1150 2376 1183 πται
2417 1135 2535 1192 τοὺς
2581 1130 2868 1203 ὀφθαλμοὺς
2901 1131 3066 1182 αὐτῶν
3117 1129 3510 1203 διανοιχθῆναι,
3563 1131 3688 1182 ἀλλὰ
3727 1135 3860 1204 μετὰ

2251 1224 2344 1278 τὴν
2375 1219 2674 1294 παράϐασιν
2708 1241 2719 1251 ι
2754 1225 2882 1291 φησί
2911 1223 3009 1292 γάρ
3040 1240 3050 1252 ·
3087 1244 3112 1271 ‹‹
3149 1226 3247 1274 Καὶ
3276 1221 3510 1273 λαϐοῦσα
3533 1223 3561 1278 ἡ
3596 1226 3723 1292 γυνὴ
3756 1221 3858 1274 απὸ

2252 1317 2340 1362 τοῦ
2394 1317 2594 1384 καρποῦ
2663 1309 2817 1361 αὐτοῦ
2860 1311 3011 1380 ἔφαγε
3054 1315 3142 1361 καὶ
3209 1307 3369 1362 ἔδωκε
3420 1316 3509 1361 καὶ
3575 1319 3644 1378 τῷ
3702 1307 3860 1383 ἀνδρὶ

2252 1397 2430 1463 αὐτῆς,
2485 1404 2573 1450 καὶ
2605 1401 2787 1470 ἔφαγον
2834 1403 2921 1448 καὶ
2963 1395 3356 1469 διηνοίχθησαν
3394 1401 3442 1451 οὶ
3472 1398 3727 1471 ὀφθαλμοὶ
3759 1408 3858 1451 τῶν

2254 1484 2349 1542 δύο
2393 1506 2404 1516 ’
2454 1489 2634 1560 «ὅπερ
2679 1491 2908 1540 τοιοῦτον
2949 1486 3057 1540 ἐστι
3105 1507 3116 1518 ο
3170 1491 3313 1540 Μετὰ
3361 1492 3458 1547 τὴν
3504 1487 3762 1561 ἁμαρτίαν
3795 1491 3861 1550 ὡς

2253 1581 2316 1630 τὰ
2342 1576 2500 1630 πολλὰ
2540 1579 2567 1634 ἡ
2617 1575 2890 1647 ἐπίγνωσις
2928 1584 3020 1628 τοῦ
3064 1577 3440 1649 ἁμαρτήματος
3501 1583 3716 1649 γίνεται,
3768 1584 3861 1631 καὶ

2253 1671 2309 1722 τὸ
2367 1669 2577 1738 μέγεθος
2647 1674 2736 1718 τοῦ
2815 1665 3142 1738 τολμήματος
3209 1673 3322 1719 τότε
3366 1667 3557 1740 μαλλον
3616 1667 3861 1740 ἐπιγινώ-

2254 1775 2430 1807 σκεται
2465 1774 2476 1786 ο
2511 1763 2600 1806 τοῦ
2641 1758 2736 1830 γὰρ
2771 1754 3250 1830 ἐπιπροσωθοῦντος
3290 1758 3489 1818 πάθους
3520 1761 3608 1809 καὶ
3647 1765 3856 1809 κινοῦν-

2252 1865 2336 1906 τος
2381 1848 2591 1917 οἴστρου
2642 1847 2766 1916 πρὸς
2812 1850 2904 1903 τὴν
2955 1844 3231 1918 ἁμαρτίαν,
3271 1849 3402 1916 μετὰ
3454 1851 3545 1903 τήν
3600 1849 3858 1919 ἔκθεσμον

2252 1935 2438 2009 πρᾶξιν
2493 1937 2820 2006 πεπαυμένον
2871 1953 2924 1986 τε
2971 1939 3059 1986 καὶ
3109 1935 3416 2008 ἠρεμοῦντος
3456 1940 3567 1987 τότε
3621 1931 3687 1993 δή
3743 1940 3861 1988 τότε

2254 2027 2425 2096 ὥσπερ
2478 2021 2746 2094 διακύψας
2801 2031 2892 2084 τῆς
2948 2022 3134 2083 πολλῆς
3196 2021 3396 2094 ἀχλύος
3465 2023 3725 2086 ἐκείνηςὸ
3773 2024 3861 2077 λο-

2252 2116 2440 2185 γισμὸς
2501 2118 2590 2164 καὶ
2648 2110 2915 2182 ἀνανήψας
2982 2110 3138 2186 ἐφορᾷ
3209 2116 3272 2164 τα
3346 2118 3701 2186 πεπταγμένα,
3765 2119 3859 2166 καὶ

2253 2202 2325 2264 εἰς
2365 2204 2474 2255 οἵαν
2506 2204 2831 2255 κατάστασιν
2877 2207 2966 2253 καὶ
3019 2201 3072 2264 ἐξ
3115 2203 3227 2264 οἵας
3253 2205 3573 2274 μετηνέχθη,
3601 2206 3692 2261 τὴν
3726 2223 3857 2256 συν-

2253 2293 2504 2349 αίσθησιν
2561 2290 2749 2362 μᾶλλον
2797 2289 3064 2362 λαμϐάνει,
3125 2295 3214 2343 καὶ
3269 2295 3325 2343 τὸ
3376 2289 3614 2354 συνειδὸς
3673 2302 3860 2366 τιτρώ·

2255 2400 2377 2433 σκον
2422 2380 2575 2432 αὐτὸν
2625 2385 2713 2432 καὶ
2757 2377 3007 2452 διεγεῖρον
3057 2382 3212 2451 ἔχων,
3271 2377 3538 2434 διαϐλέπει
3577 2391 3774 2454 τρανῶς
3827 2381 3863 2432 ἆ

2254 2479 2343 2522 του
2390 2471 2590 2529 πάθους
2655 2468 3129 2542 ἐπιπροσωθοῡντος
3187 2469 3292 2540 οὐχ
3359 2472 3549 2542 ὁμοίως
3600 2471 3803 2523 ἔϐλεπεν
3838 2488 3851 2500 °

2253 2559 2416 2621 ἄλλως
2475 2579 2527 2611 τε
2593 2555 2650 2611 δε
2715 2562 2842 2632 πρὸς
2910 2563 3001 2617 τήν
3068 2558 3324 2631 ἁμαρτίαν
3392 2562 3607 2621 ἕκαστος
3668 2571 3859 2634 χωρῶν

2252 2651 2328 2711 οἷς
2370 2651 2394 2701 ὸ
2430 2651 2647 2723 πονηρὸς
2698 2644 3120 2722 διαλαργαλίζων
3168 2667 3218 2700 τι
3263 2654 3351 2700 καί
3393 2649 3687 2721 ὑποθέλγων
3722 2652 3860 2721 ἡμᾶς

2251 2738 2514 2796 ἐκθηλυνει
2575 2742 2662 2789 καὶ
2722 2742 2912 2808 γνόφου
2978 2737 3170 2809 πληροῖ
3231 2743 3619 2813 κεκαρωμένους
3678 2742 3855 2812 ὡσπερ

2253 2832 2384 2900 φέρει
2445 2829 2564 2888 τοὺς
2610 2825 2895 2898 λογισμοὺς
2942 2831 3030 2878 καὶ
3078 2831 3476 2899 πεπηρωμένους
3528 2833 3585 2880 τὸ
3641 2828 3857 2881 ὀπτικὸν

2250 2926 2343 2977 τῆς
2400 2913 2711 2988 ἳιακρίσεως
2757 2935 2769 2946 ·
2807 2917 2938 2986 μετὰ
2969 2912 3027 2967 δὲ
3068 2920 3159 2974 τὴν
3201 2916 3387 2989 πρᾶξιν
3437 2917 3522 2968 ὑπ’
3575 2916 3694 2988 ὄψιν
3737 2920 3856 2988 οἱγει

2174 3005 2214 3060 C
2251 3010 2307 3058 τὸ
2369 3005 2639 3077 τολμηθὲν,
2698 3009 2787 3056 καὶ
2855 3003 3202 3058 ἀνακαλύπτει
3261 3015 3462 3078 πικρῶς
3525 3007 3550 3058 ὃ
3608 3012 3856 3081 πρότερον

490 3101 703 3162 πολλαῖς
734 3109 1002 3173 μηχαναῖς
1034 3099 1409 3152 συνεκάλυπτεν
1440 3117 1450 3130 ·
1480 3098 1591 3152 εἶτα
1620 3095 1654 3152 δ
1662 3098 1692 3150 ι’
1725 3099 1790 3158 ὧς
1822 3101 2127 3171 κατάφωρον
2165 3099 2250 3150 τὸν
2280 3100 2429 3166 ὄγκον
2457 3093 2694 3147 ἀποτελεῖ
2714 3102 2805 3146 τοῦ
2835 3094 3184 3167 τολμήματος,
3226 3100 3355 3168 πρὸς
3393 3094 3688 3168 ἀπογνωσιν
3710 3099 3861 3150 ὠθεῖν

490 3200 732 3267 πειρᾶται
760 3195 844 3244 τὸν
869 3195 1078 3263 αμαρτή
1089 3209 1253 3242 σαντα
1264 3233 1276 3245 .

562 3282 707 3337 Illud
723 3282 917 3350 igitur,
937 3301 961 3330 α
983 3281 1176 3351 Aperti
1197 3284 1552 3335 sunteorum
1575 3278 1752 3344 oculi,
1777 3299 1803 3330 »
1823 3294 1941 3333 non
1956 3276 2146 3332 relati-

493 3387 562 3427 ve
583 3372 660 3427 ad
683 3370 1041 3426 antecedens
1075 3374 1328 3441 tempus,
1363 3385 1557 3440 neque
1586 3369 1938 3440 priusquam
1963 3385 1996 3422 ιι
2020 3367 2145 3436 lege

491 3461 637 3533 ipsis
655 3460 933 3532 imposita
951 3458 1314 3522 deciderent,
1335 3457 1849 3530 interpretandum
1867 3462 1982 3522 est;
2010 3461 2147 3510 tunc

492 3549 648 3606 enim
673 3549 880 3606 oculos
906 3549 1099 3618 magis
1124 3551 1364 3618 apertos
1385 3547 1708 3617 habebant,
1736 3546 2004 3602 nondum
2034 3561 2145 3600 ser-

491 3640 684 3713 pentis
704 3637 1211 3694 susurrationibus
1232 3636 1486 3708 decepti,
1514 3641 1570 3692 et
1593 3635 1940 3707 vigilantem
1963 3635 2038 3690 ad
2067 3635 2144 3690 vi-

491 3729 758 3785 dendum
790 3727 935 3800 quid
965 3726 1308 3782 faciendum
1341 3730 1516 3795 esset,
1549 3731 1808 3781 mentem
1840 3725 2136 3780 ferebant.

492 3821 618 3876 Non
646 3819 823 3889 igitur
847 3817 1043 3872 visum
1070 3831 1192 3872 non
1217 3815 1527 3880 habentes,
1556 3821 1868 3889 peccatum
1895 3815 2147 3871 admiseo

492 3912 650 3972 runt,
671 3906 774 3963 sed
790 3911 995 3962 contra
1009 3904 1067 3960 in
1089 3904 1462 3960 admittendo
1476 3910 1722 3977 peccato
1740 3905 2142 3970 caecutientes;

491 4002 807 4070 postquam
823 4000 1022 4052 autem
1037 3999 1338 4067 peccatum
1356 3994 1474 4059 fuit,
1497 3995 1686 4049 visum
1701 3999 2143 4066 recuperarunt.

492 4087 722 4142 Pravus
779 4085 958 4154 igitur
995 4089 1051 4140 et
1091 4083 1168 4139 ab
1208 4083 1371 4138 initio
1411 4083 1603 4138 malus
1656 4089 1873 4138 nostrae
1927 4086 2145 4137 natura:

490 4176 679 4232 hostis
721 4175 916 4230 sciens
955 4179 1011 4229 et
1039 4173 1164 4246 ipse
1195 4189 1266 4228 ex
1306 4173 1374 4227 iis
1405 4189 1536 4244 quae
1571 4189 1780 4242 passus
1824 4177 1968 4235 erat,
2013 4173 2147 4243 post

492 4266 714 4322 malam
742 4264 1038 4320 actionem
1070 4263 1348 4318 exsistere
1375 4262 1567 4318 delicti
1597 4261 2062 4331 intelligentiam,
2091 4265 2146 4317 et
2178 4259 2220 4313 D
2259 4260 2606 4319 συναίσθησις

489 4358 688 4427 ipsum
737 4369 860 4409 non
900 4368 960 4408 se
1001 4351 1080 4407 ad
1118 4351 1590 4422 resipiscentiam
1645 4350 2036 4420 convertisse,
2089 4352 2146 4404 et

489 4462 624 4500 cum
651 4443 1015 4517 experientia
1039 4441 1309 4496 didicerit
1334 4445 1647 4512 peccantes
1673 4445 1808 4512 post
1829 4443 2144 4512 peccatum

489 4535 654 4606 sequi
673 4532 1050 4588 conscientia
1069 4529 1400 4596 stimulum,
1429 4529 1797 4586 etAdamum
1819 4530 2144 4584 adhortans

491 4623 822 4696 utperlegis
837 4620 1362 4692 transgressionem
1380 4624 1608 4692 peccet:
1627 4641 1653 4669 «
1673 4621 1800 4684 Qua
1819 4617 2029 4690 inquit,
2049 4617 2143 4672 die

489 4729 561 4768 ex
587 4727 658 4767 eo
686 4709 1029 4774 comedetis,
1063 4711 1404 4780 aperientur
1431 4709 1610 4764 vestri
1643 4707 1833 4776 oculi;
1869 4730 1896 4758 »
1929 4707 2144 4762 deinde

490 4818 626 4857 cum
649 4803 720 4856 sit
739 4801 815 4855 ab
834 4799 997 4854 initio
1020 4797 1156 4855 mali
1184 4797 1558 4854 machinator
1575 4802 1629 4853 et
1648 4797 1940 4852 mendacii
1956 4803 2142 4868 pater,

490 4889 834 4946 commiscet
851 4888 1113 4943 veritatis
1132 4885 1429 4958 ellychnio
1443 4902 1653 4943 omnes
1673 4886 1969 4942 mendacii
1990 4891 2145 4943 tene-

489 4980 650 5044 bras,
695 4984 751 5036 et
789 4979 869 5034 ait
901 4994 914 5032 :
949 4995 978 5027 ‹‹
1011 4975 1178 5031 Eritis
1218 4977 1370 5032 sicut
1399 4976 1500 5041 dii,
1535 4977 1782 5033 scientes
1821 4976 2050 5032 bonum
2090 4980 2146 5032 et

489 5070 739 5125 malum.
786 5090 808 5117 »
849 5067 962 5124 Sed
1000 5066 1517 5138 quemadmodum
1558 5067 1860 5139 peccando
1899 5065 2144 5139 quidem

490 5158 827 5224 caecutiunt,
869 5155 1363 5225 transgressionis
1397 5173 1622 5220 amore,
1656 5161 1789 5229 post
1831 5161 2143 5229 peccatum

491 5247 938 5318 intelligentiam
964 5249 1020 5302 et
1047 5244 1527 5317 resipiscentiam
1554 5246 1750 5302 delicti
1775 5248 2141 5318 receperunt.

2325 3278 2393 3327 Τὸ
2432 3282 2575 3346 γοῦν,
2629 3296 2654 3323 ‹‹
2698 3275 3088 3345 Διηνοίχθησαν
3135 3273 3302 3326 αὐτῶν
3334 3277 3382 3326 οἱ
3431 3275 3704 3348 ὀφθαλμοὶ,
3739 3298 3764 3328 ι
3798 3277 3861 3328 οὐ

2255 3368 2382 3439 πρὸς
2423 3368 2508 3416 τὸν
2552 3365 2836 3436 ἔμπροσθεν
2878 3367 3089 3436 χρόνον,
3143 3360 3267 3416 οὐδὲ
3297 3369 3418 3438 πρὶν
3465 3365 3492 3423 ἧ
3536 3373 3625 3425 τῆς
3657 3364 3863 3428 ἐντολῆς

2256 3455 2445 3516 αὐτοὺς
2490 3453 2719 3506 ἐκπεσεῖν
2756 3453 3116 3525 παραληπτέον
3169 3473 3181 3486 ·
3229 3459 3341 3506 τότε
3369 3457 3471 3526 γὰρ
3506 3457 3859 3528 ἡνεωγμένους

2255 3564 2308 3596 τε
2365 3543 2553 3616 μᾶλλον
2607 3539 2771 3614 εἶχον,
2826 3547 2985 3614 μήπω
3029 3550 3120 3594 τοῦ
3161 3547 3320 3615 ὄφεως
3350 3551 3458 3606 τοῖς
3504 3543 3856 3618 ψιθυρισμοῑς

2255 3633 2650 3697 ὑποκλαπέντες,
2720 3637 2810 3684 καὶ
2869 3637 3087 3706 συνορᾷν
3152 3635 3208 3684 τὸ
3262 3638 3514 3705 πρακτέον
3569 3634 3860 3710 ἐγρήγορον

2257 3726 2426 3796 ἔφερον
2467 3727 2560 3780 τήν
2609 3718 2863 3775 διάνοιαν.
2918 3721 3028 3774 Οὐκ
3075 3716 3162 3774 οὖν
3206 3726 3263 3774 τὸ
3314 3720 3518 3794 βλέπειν
3571 3723 3663 3775 οὐκ
3704 3727 3866 3796 ἔχον-

2255 3831 2354 3882 τες,
2409 3811 2490 3864 ἐπὶ
2551 3820 2646 3872 τῆς
2698 3811 2952 3886 ἁμαρτίας
2993 3809 3233 3863 ἀνέλαϐον
3278 3831 3289 3844 ·
3333 3811 3627 3865 τούναντίον
3677 3809 3736 3865 δὲ
3767 3819 3866 3872 τὴν

2258 3902 2515 3975 ἁμαρτίαν
2561 3901 2608 3952 έν
2651 3909 2720 3971 τῷ
2771 3902 3012 3975 πράττειν
3044 3899 3421 3972 τυφλώττοντις
3453 3919 3464 3930 ’
3507 3907 3861 3974 πεπαυμένης,

2255 3995 2348 4048 τὴν
2379 3993 2560 4065 ὅρασιν
2621 3989 2967 4048 ἀνεκτήσαντο
3001 4007 3011 4019 ·
3048 3992 3072 4041 ὁ
3098 3997 3223 4061 γοῦν
3271 3996 3500 4066 πονηρὸς
3556 3996 3645 4042 καὶ
3701 3990 3864 4066 ἀρχέ-

2255 4099 2409 4140 κακος
2453 4081 2597 4151 ἡμῶν
2637 4088 2730 4139 τῆς
2770 4082 2972 4151 φύσεως
3020 4079 3214 4152 ἐχθρὸς
3268 4077 3419 4142 εἰδὼς
3467 4085 3556 4132 καὶ
3607 4080 3763 4142 αὐτὸς
3810 4081 3866 4143 ἐξ

2256 4169 2322 4219 ὧν
2368 4167 2651 4234 ἐπεπόνθει,
2712 4171 2781 4230 ὡς
2850 4171 2982 4240 μετὰ
3051 4172 3144 4226 τὴν
3216 4177 3306 4220 τοῦ
3364 4178 3526 4221 κακοῦ
3592 4171 3778 4244 πρᾶξιν
3829 4172 3860 4227 ἡ

2697 4256 2971 4329 ἐφίσταται
3053 4265 3143 4310 τοῦ
3221 4258 3682 4332 πλημμελήματος,
3770 4266 3863 4311 καὶ

2256 4348 2406 4407 αὐτὸς
2434 4347 2526 4398 οὐκ
2567 4346 2859 4420 ἐπεστράφη
2909 4351 3038 4420 πρὸς
3085 4351 3179 4406 τὴν
3221 4345 3476 4418 ἀνάνηψιν
3529 4386 3542 4400 .
3608 4353 3698 4400 καὶ
3754 4353 3868 4402 πείο

2255 4457 2321 4511 ρᾳ
2368 4439 2544 4508 μαθὼν
2593 4439 2659 4497 ὡς
2701 4437 2877 4488 ἕπεται
2929 4443 3035 4498 τοῖς
3080 4437 3442 4509 ἁμαρτάνουσι
3491 4439 3548 4489 τὸ
3592 4441 3722 4509 μετα
3768 4443 3865 4496 τὴν

2256 4527 2514 4598 ἁμαρτίαν
2560 4529 2766 4599 κέντρον
2806 4535 2902 4587 τῆς
2943 4521 3317 4594 συνειδήσεως,
3360 4533 3445 4578 καὶ
3494 4534 3599 4587 τοῖς
3630 4533 3747 4600 περὶ
3773 4532 3865 4580 τὸν

2257 4613 2430 4688 Ἀδὰμ
2471 4615 2717 4689 αμαρτεὶν
2771 4612 2863 4668 διὰ
2918 4614 3262 4690 παραϐάσεως
3307 4617 3686 4688 ὑποτιθέμενος,
3729 4639 3750 4667 ιι
3793 4619 3864 4690 ⁷ῌ

2256 4702 2306 4758 δ’
2338 4703 2418 4776 ἂν,
2463 4709 2640 4777 φησὶν,
2695 4707 2863 4779 ἡμέρα
2921 4708 3118 4776 φάγητε
3179 4702 3266 4754 ἀπ’
3317 4705 3496 4774 αὐτοῦ,
3549 4701 3871 4777 διανοιχθη-

2258 4814 2435 4847 σονται
2467 4797 2607 4866 ὑμῶν
2634 4796 2681 4846 οἱ
2712 4793 2965 4865 ὀφθαλμοί
3000 4809 3010 4820 ·
3049 4815 3076 4844 ›)
3119 4791 3228 4845 εἶτα
3257 4798 3627 4865 κακομήχανος
3668 4795 3734 4844 ὢν
3772 4794 3867 4844 ἀπ’

2255 4882 2432 4956 ἀρχῆς
2478 4888 2567 4935 καὶ
2611 4881 2838 4954 ψεύδους
2880 4887 3077 4954 πατὴρ,
3148 4886 3595 4956 συγκαταμιγνύει
3648 4890 3705 4955 τῇ
3767 4892 3869 4946 τῆς

2255 4972 2493 5032 ἀληθείας
2526 4969 2800 5046 θρυαλλίδι
2839 4972 2950 5024 ὅλον
3009 4975 3066 5023 τὸ
3119 4981 3212 5024 τοῦ
3267 4969 3499 5042 ψεύδους
3544 4977 3726 5034 σκότος
3773 4978 3870 5024 καί

2257 5081 2413 5135 φησιν
2440 5081 2452 5094 ο
2487 5083 2510 5112 (ι
2544 5061 2764 5115 ’Ἐσεσθε
2795 5064 2856 5122 ὡς
2889 5063 3014 5127 θεοὶ,
3048 5067 3388 5132 γινώσκοντες
3435 5061 3588 5115 καλὸν
3634 5067 3722 5114 καὶ
3771 5081 3867 5116 πο-

2253 5157 2409 5224 νηρόν
2459 5169 2470 5181 ο
2519 5174 2544 5201 ‹‹
2589 5150 2696 5202 ἀλλ’
2745 5154 2810 5214 ὡς
2851 5151 2899 5203 ἐν
2938 5160 3010 5222 τῷ
3055 5151 3364 5224 ἁμαρτάνειν
3412 5154 3501 5226 μεν
3543 5151 3868 5224 τυφλώττον-

2254 5261 2349 5309 τες,
2400 5249 2472 5311 τῷ
2547 5249 2641 5303 τῆς
2717 5240 3062 5315 παραϐάσεως
3133 5244 3282 5316 ἔρωτι

3365 5259 3380 5274 °
3430 5245 3562 5314 μετά
3641 5238 3700 5295 δί
3768 5247 3869 5300 τὴν

2067 5392 2285 5445 ΝΟΤᾹῧ.

492 5544 603 5613 εἶχε
647 5551 744 5594 τῶν
791 5542 1090 5602 Ἀθηναίων’
1144 5541 1247 5595 οἷον
1292 5541 1339 5594 οἱ
1389 5537 1834 5614 ὃωροὸοκούμενὸι
1891 5543 2147 5598 ἐσιώπων.

490 5615 600 5670 Bos
625 5614 867 5685 irrupit,
897 5617 968 5672 de
996 5617 1067 5670 iis
1093 5617 1314 5672 dicitur
1339 5615 1440 5686 qui
1462 5621 1699 5684 repente
1722 5621 1936 5671 lacent.
1968 5616 2146 5671 Athe-

2260 5543 2551 5598 niensium
2579 5542 2731 5598 enim
2755 5539 3005 5610 pecunia
3021 5539 3161 5596 bove
3182 5538 3468 5610 insignita
3494 5537 3638 5608 fuit.
3674 5539 3870 5596 Sitent

2257 5620 2441 5670 autem
2476 5615 2648 5669 donis
2681 5612 2968 5682 corrupti.
