4086 6190
491 259 595 324 135
1735 249 1970 314 PHOTII
2011 255 2099 313 PA

2248 255 2496 312 \RCHAZ
2537 253 2645 312 ΟΡ.
3753 239 3861 308 136

487 407 608 447 non
641 391 721 446 ita
755 387 924 444 facile
953 377 1167 441 veritas
1198 383 1562 456 probaverit,
1594 388 1718 439 tum
1773 384 1913 455 quia
1967 384 2100 439 mini

2253 380 2611 434 ἀναπτύσσει⁶
2647 383 2731 434 τόν
2785 379 2998 452 οὐρανὸν
3041 376 3100 431 δὲ
3163 378 3421 454 προτάξας
3483 381 3576 436 τὴν
3625 381 3726 451 πρὸ
3773 385 3865 430 τοῦ

487 463 824 536 contortum
855 481 960 542 est,
990 479 1116 529 tum
1145 475 1284 546 quia
1312 473 1564 528 dicendo
1587 475 1871 528 cmlorum
1903 474 2100 528 creatic

2255 477 2605 544 στερεῶματος
2659 474 2748 520 καὶ
2804 471 2929 541 ὑπὲρ
2971 473 3189 540 κόσμιον
3247 471 3574 520 κατάστασιν
3631 465 3726 519 διὰ
3769 475 3867 529 τῆς

484 585 620 624 nem
649 569 722 623 de
745 563 964 622 coelein
985 579 1170 632 regno
1189 562 1425 618 Judaeos
1453 562 1596 617 nihil
1620 561 1819 616 minus
1843 559 2097 616 illuminz

2254 563 2434 610 τούτου
2490 565 2744 618 ποιήσεως
2797 555 3151 614 ὑπεδήλωσεν.
3208 557 3363 610 Ἀλλὰ
3419 564 3572 608 τοῦτο
3627 559 3718 617 μὲν
3773 556 3867 606 οὐκ

487 658 588 720 vit,
615 673 799 728 quam
833 654 880 708 si
920 653 1167 708 omnino
1195 651 1594 717 conticuisset,
1625 656 1746 705 tum
1780 650 1922 721 quia
1953 651 2100 706 mult

2250 648 2310 698 ἂν
2337 643 2538 722 ῥαδίως
2565 647 2817 720 ἀγαπήση
2851 649 2880 704 ἡ
2916 646 3146 710 ἀλήθεια,
3181 647 3261 698 ὅτι
3287 666 3340 698 τε
3361 646 3474 698 λίαν
3505 644 3863 708 ἐκϐεϐίασται,

488 748 626 802 item
657 745 773 800 alia
801 742 938 799 huic
965 740 1234 812 opinioni
1263 739 1673 795 adversantur.

2252 743 2338 789 xui.
2382 739 2462 788 ὅτι
2513 738 2666 789 εἰπὼν
2697 736 2922 810 οὐρανῶν
2967 742 3177 794 ποίησιν
3208 741 3326 808 περὶ
3355 745 3450 796 τῆς
3489 744 3588 786 τῶν
3633 735 3865 808 οὐρανῶν

495 834 770 907 βασιλείας
816 836 934 892 τοὺς
971 827 1262 890 Ἰουδαίους
1292 826 1442 881 οὐδὲν
1476 826 1629 886 ἧττον
1661 828 1923 900 ὠφέλησεν
1965 829 1993 886 ἦ
2052 827 2094 879 εἰ
2136 825 2392 886 παντελῶς
2437 824 2792 882 ἀπεσιώπησε·
2843 830 2932 876 καὶ
2978 825 3138 883 πολλὴ
3181 825 3308 882 οἰλλη
3355 828 3486 898 πρὸς
3533 827 3732 882 ταύτην
3773 829 3866 882 τὴν

487 923 748 994 ὑπόληψιν
774 924 1164 980 ὑπεναντίωσις.

557 1019 610 1067 2.
645 1011 751 1067 Alii
779 1025 919 1065 vero
949 1009 1008 1064 in
1041 1006 1303 1079 paradisi
1331 1005 1706 1062 enarratione
1732 1006 1939 1060 dicunt
1969 1006 2143 1060 etiam

2327 1003 2402 1075 β’.
2447 1003 2622 1057 Ἄλλοι
2662 1001 2720 1056 δὲ
2760 1002 2807 1055 ἐν
2839 1011 2898 1074 τῇ
2944 1007 3061 1074 περὶ
3109 999 3436 1077 παραδείσου
3487 999 3740 1074 διηγήσει
3773 1023 3867 1074 φα-

485 1117 740 1172 regnum
767 1098 1050 1154 caelorum
1081 1096 1301 1151 includi
1331 1112 1344 1162 ;
1386 1111 1526 1166 pars
1579 1095 1732 1149 enim
1787 1099 2098 1149 teternorul

2258 1097 2312 1144 σὶ
2363 1097 2453 1144 καὶ
2507 1097 2599 1150 τὴν
2657 1102 2756 1144 τῶν
2811 1093 3038 1166 οὐρανῶν
3097 1091 3370 1164 βασιλείαν
3429 1093 3859 1162 συνεισάγεσθαι·

485 1190 788 1245 bonorum
830 1191 888 1242 et
915 1184 1293 1241 beatitudinis
1335 1183 1631 1255 perceptio
1663 1183 1980 1254 paradisus
2014 1186 2098 1236 est

2253 1185 2406 1254 μέρος
2471 1185 2570 1255 γὰρ
2629 1190 2726 1232 τῶν
2803 1181 3020 1232 αἰωνίων
3075 1179 3282 1251 ἀγαθῶν
3330 1184 3418 1232 καὶ
3469 1185 3866 1253 μακαριότητος

490 1279 625 1333 ideo
653 1283 706 1332 et
727 1275 946 1332 latroni
977 1273 1292 1343 ﬂagitanti,
1325 1279 1389 1328 ut
1417 1273 1478 1327 in
1505 1287 1690 1342 regno
1721 1271 1820 1326 Dei
1854 1271 2102 1326 memori

2254 1269 2544 1330 ἀπόλαυσις
2576 1271 2601 1320 ό
2631 1267 2954 1342 παράδεισος
2983 1289 2995 1302 ·
3041 1266 3127 1322 διὸ
3179 1273 3268 1320 καί
3317 1277 3388 1339 τῷ
3419 1269 3587 1342 ληστῇ
3642 1271 3867 1326 αἰτησα-

495 1367 586 1421 sui
635 1365 974 1431 haberetur,
1025 1361 1346 1434 paradisus
1396 1361 1745 1417 incolendus
1791 1362 2060 1416 tribuitur
2099 1362 2108 1396 ¹

2254 1362 2384 1430 μένῳ
2424 1359 2472 1410 ἐν
2504 1365 2564 1431 τῇ
2607 1357 2854 1430 βασιλείᾳ
2903 1366 2994 1410 τοῦ
3033 1366 3164 1410 Θεοῦ
3209 1364 3419 1430 μνήμης
3445 1365 3650 1430 τυχεῖν,
3692 1360 3722 1415 ἠ
3773 1365 3867 1410 τοῦ

490 1458 703 1510 Verum
746 1451 1106 1513 cavendum,
1143 1467 1214 1506 ne
1246 1451 1359 1506 hoc
1391 1450 1580 1506 multo
1609 1449 1763 1504 infra
1794 1449 2103 1518 dignitate:

2253 1443 2577 1520 παραδείσου
2609 1443 2856 1521 διατριϐὴ
2902 1443 3240 1500 ἀποδίδοται.
3282 1446 3438 1498 Ἀλλά
3475 1453 3678 1520 μήποτε
3709 1454 3866 1499 τοῦτο

493 1544 656 1613 regni
685 1543 966 1598 ccelornm
997 1539 1089 1594 sit.
1119 1540 1460 1594 Plantarum
1489 1539 1645 1594 enim
1679 1537 1856 1593 ﬂores
1884 1542 1938 1593 et
1963 1553 2106 1593 venu

2252 1543 2348 1596 τῆς
2403 1543 2500 1586 τῶν
2554 1536 2781 1608 οὐρανῶν
2851 1535 3120 1608 βασιλείας
3188 1536 3316 1588 πολὺ
3372 1537 3433 1588 οἷν
3507 1541 3865 1608 ταπεινότερον

489 1637 686 1696 states,
715 1630 996 1700 ﬂuviique
1022 1645 1090 1684 ac
1113 1627 1314 1684 latices
1339 1628 1538 1682 locum
1565 1627 1732 1682 illum
1753 1626 2102 1682 circumluer

2253 1627 2328 1682 εἴη
2359 1641 2372 1653 ·
2427 1632 2594 1696 φωτῶν
2625 1627 2714 1696 μεν
2763 1627 2864 1699 γὰρ
2925 1627 3054 1682 ἄνθη
3113 1630 3203 1676 καὶ
3253 1625 3436 1686 κάλλη,
3495 1631 3722 1698 ποταμοὶ
3773 1633 3865 1678 καὶ

490 1727 597 1786 tes,
648 1697 1065 1788 fructuumque
1109 1717 1494 1787 pulchrorum
1551 1715 1805 1772 varietas
1849 1721 1905 1770 et
1944 1715 2103 1771 herba

2252 1717 2456 1785 νάματα
2505 1719 2563 1765 τὸ
2613 1719 2812 1786 χωρίον
2867 1713 3217 1788 περιρρέοντα,
3291 1723 3504 1788 καρπῶν
3553 1734 3606 1766 τε
3659 1719 3865 1787 ὡραίων

491 1810 850 1864 suavitatem
883 1809 1174 1878 spirantes
1214 1822 1283 1861 ac
1328 1806 1601 1876 gratiam,
1636 1811 1692 1860 et
1723 1805 1918 1860 modis
1951 1806 2104 1859 omni

2254 1802 2484 1854 ποικιλία
2537 1807 2626 1854 καὶ
2685 1801 2918 1874 βοτανῶν
2968 1807 3144 1874 φύσεις
3204 1799 3310 1860 ἡδύ
3371 1823 3424 1855 τε
3489 1808 3579 1855 καὶ
3641 1803 3867 1878 ἐπίχαρι

491 1900 604 1954 bus
629 1905 794 1951 terrae
817 1896 992 1951 facies
1019 1901 1300 1950 exornata
1327 1911 1396 1950 ac
1419 1895 1713 1958 decorata,
1743 1899 1798 1949 et
1821 1895 1972 1948 aeris
2001 1901 2104 1948 tem

2254 1895 2520 1956 πνέουσαι,
2567 1897 2660 1944 καὶ
2701 1889 2794 1944 διὰ
2841 1894 3044 1944 πάντων
3076 1896 3133 1944 τὸ
3167 1897 3446 1964 πρόσωπον
3490 1901 3587 1954 τῆς
3632 1901 3728 1964 γῆς
3777 1913 3867 1945 κο-

491 1988 678 2058 peries
699 2002 851 2057 pura
877 1992 1050 2056 atque
1078 1984 1378 2056 pellucida
1403 1985 1749 2056 primosque
1777 1984 1916 2037 solis
1942 1983 2104 2038 radio

2255 1983 2540 2052 σμούμενόν
2579 2000 2632 2032 τι
2675 1985 2764 2032 καὶ
2821 1984 3188 2054 ὡραῖζόμενον,
3239 1987 3326 2033 καὶ
3375 1979 3519 2053 ἀέρος
3557 1988 3748 2054 κρᾶσις
3795 1983 3864 2043 εἰς

492 2074 845 2146 suscipiens,
871 2089 1070 2128 nonne
1091 2073 1216 2127 ᾔτεε
1235 2079 1414 2128 totam
1439 2071 1913 2142 regionemillam
1931 2071 2105 2141 jucur

2253 2071 2586 2141 καθαρότητα
2659 2075 2748 2120 καὶ
2834 2067 3102 2140 διαύγειαν
3179 2069 3516 2128 ἀνηπλωιιένη
3597 2075 3688 2122 καὶ
3767 2073 3866 2132 τὰς

490 2165 666 2218 ditate
689 2179 757 2218 ac
779 2163 1082 2233 voluptate
1107 2161 1380 2216 sensibus
1405 2160 1838 2232 permulcendis
1860 2165 2000 2230 apta
2019 2175 2103 2231 pri

2252 2163 2461 2230 πρώτας
2515 2156 2722 2218 ἀκτῖνας
2775 2155 3138 2230 ὑποδεχομένη
3199 2167 3290 2210 τοῦ
3350 2159 3516 2228 ἡλίου,
3576 2167 3680 2219 πῶς
3731 2159 3865 2230 οὐχὶ

491 2252 609 2308 alio
649 2267 1010 2324 quocunque
1047 2250 1180 2305 loco
1221 2249 1773 2320 praestantissumam
1814 2249 2078 2304 efﬁciunt

2251 2250 2309 2298 τό
2348 2250 2545 2320 χωρίον
2595 2245 2705 2298 ὅλον
2753 2245 3060 2299 ἀποτελοῦσι
3111 2252 3449 2322 τερπνότητός
3497 2267 3552 2300 τε
3597 2253 3688 2300 καὶ
3725 2244 3864 2304 ἡδο-

495 2343 913 2396 Verumtamen
943 2339 1110 2407 regni
1142 2338 1430 2394 caelorum
1461 2338 1623 2394 bona
1653 2337 1947 2392 immenso
1978 2337 2108 2392 illan

2251 2343 2359 2399 νῆς,
2411 2337 2507 2392 ὅση
2557 2337 2790 2406 γοητεύει
2835 2339 2928 2396 τὰς
2987 2337 3281 2401 αἰσθήσεις,
3332 2339 3536 2388 πάντων
3585 2341 3752 2408 φέρειν
3801 2339 3864 2388 τὸ

490 2433 847 2500 exsuperant
875 2426 1198 2483 intervallo.
1233 2448 1258 2476 »
1291 2429 1491 2498 Neque
1531 2427 1686 2481 enim
1733 2427 1944 2481 oculus
1975 2425 2103 2480 vidi‘

2253 2423 2578 2497 ἀκρότατον;
2625 2424 2761 2482 Πλὴν
2821 2423 2947 2476 ἀλλὰ
2996 2444 3056 2496 γε
3111 2434 3206 2486 τῆς
3261 2424 3534 2497 βασιλείας
3573 2428 3636 2477 τὰ
3686 2424 3866 2496 ἀγαθὰ

495 2533 682 2588 neque
705 2517 863 2570 auris
891 2515 1135 2576 audivit,
1165 2530 1358 2587 neque
1391 2513 1450 2568 in
1481 2530 1583 2569 cor
1611 2514 1874 2569 hominis
1901 2515 2108 2569 descen

2253 2510 2445 2586 ἀπείρῳ
2501 2517 2668 2584 μέτρῳ
2735 2514 3162 2586 ὐπερανέστηκεν.
3225 2533 3250 2565 ‹‹
3301 2510 3442 2566 Οὐδὲ
3505 2515 3606 2586 γὰρ
3669 2513 3863 2586 ὀφθαλ-

494 2606 598 2669 dit,
617 2621 753 2677 quae
769 2604 1130 2675 przeparavit
1147 2603 1696 2672 Deusdiligentibus
1713 2620 1775 2658 se
1799 2607 1842 2660 ³.
1857 2624 1883 2655 ››
1910 2607 2107 2658 Praeset

2251 2605 2343 2674 μός
2403 2597 2555 2668 εἶδεν,
2589 2605 2706 2653 οὔτε
2749 2599 2836 2664 οὖς
2894 2607 3136 2664 ἤκουσεν,
3187 2605 3304 2654 οὔτε
3362 2601 3445 2654 ἐπὶ
3503 2599 3728 2677 καρδίαν
3775 2602 3863 2654 ἀν-

495 2693 593 2748 tim
621 2709 758 2748 cum
785 2693 1018 2746 Adamo
1041 2693 1357 2763 paradisus
1383 2707 1498 2746 non
1523 2697 1648 2747 erat
1675 2697 1962 2764 tanquam
1995 2709 2108 2764 pra!

2253 2693 2459 2764 θρώπου
2509 2689 2682 2754 ἀνέϐη,
2746 2691 2780 2742 α’
2830 2693 3114 2763 ἡτοίμασεν
3163 2693 3188 2742 ό
3243 2695 3364 2754 Θεὸς
3421 2700 3526 2752 τοῖς
3579 2689 3859 2763 ἀγαπῶσιν

493 2783 684 2837 mium
700 2781 1090 2836 certaminum
1105 2787 1158 2835 et
1173 2779 1451 2836 laborum
1471 2781 1831 2852 assignatus,
1851 2781 1952 2836 sed
1969 2798 2106 2852 quas

2251 2779 2424 2831 αὐτόν.
2457 2800 2484 2830 ››
2531 2779 2727 2840 ’Ἄλλως
2768 2799 2822 2832 τε
2889 2775 2946 2832 δὲ
2998 2785 3085 2832 καὶ
3141 2783 3219 2832 ὅτι
3275 2789 3344 2852 τῷ
3385 2778 3560 2854 Ἀδὰμ
3607 2783 3632 2833 ὁ
3689 2785 3859 2853 παρά-

493 2871 768 2943 palaastra
791 2869 985 2942 potius
1002 2887 1070 2925 ac
1086 2870 1348 2925 stadium
1375 2870 1601 2925 virtutis
1625 2887 1637 2936 ;
1657 2871 1908 2940 praemia
1927 2887 2068 2926 vero
2089 2887 2106 2925 ε

2252 2864 2426 2930 δεισος
2479 2868 2537 2920 οὐ
2599 2867 2854 2942 βραϐείων
2909 2875 2998 2921 καὶ
3037 2869 3269 2922 ἐπάθλων
3315 2875 3474 2944 γέρας
3525 2870 3855 2945 ἐγνωρίζετο.

489 2975 726 3016 coronas
769 2958 1058 3028 majorem
1099 2958 1320 3030 ubique
1349 2964 1405 3014 et
1443 2959 1849 3029 perfectiorem
1890 2959 2102 3014 aﬂ'erur

2249 2959 2537 3026 γυμνάσιον
2578 2953 2636 3009 δὲ
2675 2957 2864 3029 μᾶλλον
2913 2961 2970 3010 τό
3023 2964 3222 3032 χωρίον
3275 2963 3550 3034 προῦκειτο
3594 2966 3685 3012 xui
3733 2963 3859 3012 στά-

490 3047 903 3104 oblectationis
926 3063 1123 3112 usum,
1143 3053 1199 3102 et
1215 3047 1473 3102 stadium
1499 3063 1674 3102 nemo
1693 3047 1890 3103 adhuc
1913 3064 2094 3119 prtem

2251 3041 2363 3097 διον
2395 3045 2579 3118 ἀρετῆς
2613 3064 2624 3075 ·
2659 3049 2722 3097 τα
2763 3043 2822 3098 δὲ
2865 3047 3059 3100 ἔπαθλα
3089 3052 3175 3099 καὶ
3229 3051 3276 3100 οἱ
3320 3053 3560 3120 στέφανοι
3609 3045 3857 3106 δηλονότι

489 3139 687 3194 locum
717 3137 984 3193 obtinere
1021 3136 1270 3192 audivit.
1305 3135 1658 3192 Conseditur
1695 3143 1895 3192 autem
1927 3137 2102 3192 latror

2244 3135 2408 3206 μείζω
2463 3141 2552 3186 καὶ
2605 3135 2914 3208 τελειοτέραν
2979 3141 3070 3194 τὴν
3131 3136 3418 3190 ἀπόλαυσιν
3477 3142 3712 3212 φέρουσι,
3763 3144 3855 3190 καὶ

492 3225 800 3296 paradisus
825 3224 983 3280 velut
1009 3224 1188 3279 arrha
1211 3225 1492 3294 quaedam
1513 3229 1568 3280 et
1593 3225 1923 3280 futurorum
1955 3225 2105 3281 bonc

2249 3221 2466 3275 στάδιον
2513 3220 2683 3284 οὐδεὶς
2731 3222 2936 3276 οὐδέπω
2985 3223 3242 3299 βραϐείων
3293 3231 3382 3278 καὶ
3419 3225 3650 3278 ἐπάθλων
3695 3229 3854 3298 φύσιν

491 3330 626 3368 rum
656 3314 1014 3384 prommium
1054 3329 1068 3378 ;
1101 3329 1238 3368 cum
1281 3313 1436 3367 enim
1471 3318 1612 3368 tunc
1642 3315 1948 3369 communi
1978 3319 2104 3369 inter

2245 3312 2498 3385 μετελθεῖν
2537 3311 2653 3365 οὐδ’
2689 3311 2847 3371 ἀκοὴν
2897 3313 3010 3388 εὗρε
3063 3311 3409 3368 διδάσκαλον.
3459 3315 3744 3386 Εὶσάγεται
3793 3313 3857 3368 δὲ

491 3417 706 3456 norum
739 3401 1035 3456 bonorum
1063 3401 1431 3456 retributioni
1465 3401 1738 3456 nondum
1769 3406 1924 3456 eSset
1944 3402 2104 3456 locus

2245 3407 2373 3476 πρὸς
2418 3406 2503 3454 τὸν
2546 3400 2868 3474 παράδεισον
2917 3405 2942 3454 ό
2973 3403 3173 3475 ληστὴς
3223 3405 3328 3456 οἷον
3373 3403 3666 3478 ἀρραϐῶνός
3711 3425 3855 3467 τινος

489 3504 610 3544 non
633 3493 758 3544 erat
783 3505 1044 3560 aequum,
1080 3493 1141 3542 ut
1167 3488 1292 3558 ipse
1322 3487 1484 3542 solus
1507 3504 1577 3542 ex
1604 3489 1903 3560 omnibus,
1933 3489 2102 3561 quia

2243 3497 2328 3542 xui
2365 3496 2640 3563 προοιμίου
2679 3501 2776 3543 τῶν
2820 3491 3101 3563 μελλόντων
3133 3491 3340 3564 ἀγαθῶν
3372 3492 3674 3566 ἀξιούμενος

490 3579 656 3633 initio
672 3578 782 3632 cha
793 3577 834 3630 ri
861 3577 1132 3648 gratique
1149 3577 1267 3631 Deo
1290 3577 1542 3638 fuerant,
1565 3577 1642 3632 ad
1657 3578 1834 3632 tinem
1859 3584 2103 3633 extremi

2245 3580 2414 3652 ἐπείγε
2481 3590 2569 3641 τῆς
2635 3590 2810 3642 κοινῆς
2861 3579 3252 3643 ἀνταποδόσεως
3307 3591 3405 3634 τῶν
3451 3583 3669 3634 αἰωνίων
3725 3583 3855 3656 ἀγα-

485 3664 871 3720 beatitudinis
897 3665 1224 3735 perveniret
1261 3671 1316 3719 et
1343 3666 1466 3720 sine
1497 3665 1824 3720 innumeris
1857 3667 1968 3720 illis
1999 3683 2098 3720 san

2247 3671 2344 3722 θῶν
2375 3674 2532 3740 μήπω
2575 3674 2686 3722 τότε
2723 3675 2901 3742 καιρόν
2937 3669 3183 3741 ἐχούσης.
3233 3667 3348 3723 οὐδ’
3381 3671 3532 3732 αὐτὸς
3566 3669 3594 3730 ἦ
3641 3669 3855 3736 δίκαιος

487 3760 717 3810 ctorum
740 3752 992 3808 canibus
1015 3758 1549 3818 consummaretur,
1575 3759 1637 3808 ut
1657 3758 1712 3810 et
1728 3755 1902 3810 divus
1917 3755 2100 3810 Paulu

2245 3763 2397 3830 μόνος
2447 3757 2501 3810 ἐκ
2559 3761 2760 3810 πάντων
2828 3768 2926 3810 τῶν
2995 3758 3082 3810 ἀπ’
3151 3759 3331 3822 αἰῶνος
3387 3761 3852 3834 εὐαρεστησάντων

485 3848 864 3914 protestatur.

2247 3855 2360 3916 Θεῷ
2391 3851 2520 3922 πρὸς
2549 3851 2606 3900 τὸ
2655 3848 2794 3910 τέλος
2837 3849 3034 3920 φθάσαι
3063 3855 3155 3910 τῆς
3193 3847 3431 3920 ἐσχάτης
3461 3857 3853 3925 μακαριότητος

485 3937 574 3984 καὶ
599 3937 764 4005 χωρὶς
793 3940 892 3982 τῶν
921 3936 1118 4005 μυρίων
1146 3931 1342 3982 ἐκείνων
1371 3941 1548 4004 χορῶν
1586 3939 1682 3984 τῶν
1713 3933 1873 4004 ἀγίων
1909 3934 2258 4005 τελειωθῆναι,
2293 3938 2359 3998 ὡς
2390 3955 2487 3988 που
2513 3942 2604 3988 καὶ
2635 3937 2660 3988 ὁ
2689 3938 2962 3999 θεσπέσιος
2995 3937 3194 4000 Παῦλος
3235 3935 3670 4014 διαμαρτύρεται.

552 4021 603 4076 3.
637 4022 858 4075 Horum
897 4021 1073 4088 igitur
1101 4035 1237 4088 quze
1267 4021 1528 4076 diximus
1561 4022 1762 4093 aliqua
1801 4038 1922 4076 non
1951 4025 2131 4094 pauci

2313 4025 2378 4096 γ’.
2424 4033 2535 4078 Τῶν
2577 4030 2746 4078 τοίνυν
2795 4027 3068 4098 εἰρημένων
3117 4029 3224 4079 ἔνια
3255 4027 3348 4080 οὐκ
3399 4027 3566 4099 ὀλίγοι
3609 4033 3698 4101 μὲν
3744 4041 3849 4084 τῶν

479 4114 618 4166 ante
643 4125 754 4164 nos
775 4114 836 4164 ut
856 4125 1067 4164 causas
1085 4109 1425 4176 retulerunt,
1449 4127 1554 4166 cur
1574 4111 1736 4166 nulla
1758 4113 1924 4180 regni
1955 4113 2092 4168 coelc

2239 4117 2340 4187 πρὸ
2371 4116 2515 4186 ἡμῶν
2566 4117 2634 4175 ως
2663 4113 2855 4174 αἰτίας
2899 4121 2990 4165 τοῦ
3034 4119 3104 4185 μὴ
3141 4122 3322 4184 τυγεῐν
3375 4123 3582 4188 μνήμης
3619 4123 3712 4176 τὴν
3743 4128 3849 4170 τῶν

477 4215 600 4254 rum
648 4198 868 4254 mentio
909 4197 1065 4252 facta
1112 4197 1285 4254 fuerit
1325 4199 1427 4254 ubi
1465 4203 1649 4256 Moses
1690 4201 1898 4256 mundi
1927 4208 2090 4257 ortun

2239 4203 2465 4274 οὐρανῶν
2524 4201 2814 4274 βασιλείαν,
2876 4201 2923 4253 ἄν
2981 4204 3020 4272 ᾧ
3067 4209 3296 4264 Μωύσῆς
3345 4211 3438 4263 τὴν
3488 4215 3581 4258 τοῦ
3637 4213 3845 4279 κόσμου

477 4287 1018 4344 etconstitutioncm
1034 4286 1236 4342 litteris
1250 4287 1584 4354 mandavit;
1603 4304 1726 4344 non
1741 4290 1914 4360 pauci
1929 4294 2090 4346 tame

2237 4290 2528 4348 καταϐολὴν
2575 4290 2812 4364 ἔγραψεν,
2855 4287 3281 4358 ἀποδεδώκασιν,
3315 4293 3408 4345 οὐκ
3441 4293 3608 4366 ὀλίγοι
3653 4293 3714 4348 δε
3753 4303 3847 4350 xui

473 4376 532 4432 in
559 4377 806 4432 dubium
835 4391 906 4432 ea
936 4381 1307 4432 revocarunt.
1343 4374 1618 4446 Effugerit
1648 4381 1846 4433 autem
1878 4381 2086 4434 fortass

2236 4379 2308 4441 εἰς
2352 4379 2750 4451 ἀμφισϐήτησιν
2803 4381 3188 4454 περιείλκυσαν.
3241 4381 3398 4443 Ἴσως
3451 4380 3502 4436 δ’
3545 4386 3606 4435 ἄν
3645 4405 3722 4445 τις
3771 4387 3846 4438 εἰ-

474 4465 683 4536 aliquis
716 4481 894 4520 ansas
929 4465 1058 4519 illas
1081 4464 1357 4530 dicendo,
1377 4471 1692 4537 propterea
1718 4469 1934 4522 Mosem
1957 4483 2087 4536 regr

2236 4473 2342 4520 πὼν
2401 4467 2615 4540 ἐκφύγοι
2681 4473 2775 4530 τὰς
2830 4475 3207 4544 προειρημένας
3267 4471 3446 4537 λαϐὰς,
3510 4475 3579 4534 ὡς
3635 4473 3846 4548 ἐπείπερ

471 4554 750 4608 caelorum
777 4569 897 4609 non
919 4553 1286 4621 meminisse,
1313 4555 1455 4626 quia
1477 4555 1772 4626 Scriptura
1801 4560 1856 4610 et
1883 4556 1972 4611 lex
1994 4573 2029 4612 a
2061 4575 2084 4611 s

2234 4559 2262 4614 ἡ
2308 4565 2402 4609 τοῦ
2440 4561 2704 4619 Μωυσέως
2744 4563 3016 4632 συγγραφὴ
3048 4563 3138 4611 καὶ
3175 4561 3456 4632 νομοθεσία
3503 4561 3610 4633 οὐχ
3657 4565 3744 4615 οἶα
3789 4583 3845 4617 τε

472 4659 586 4697 non
615 4647 844 4714 poterat
873 4643 1156 4697 caelorum
1206 4659 1459 4714 regnum
1499 4643 1730 4712 largiri.
1772 4645 1924 4710 Quid
1963 4647 2085 4701 enir

2235 4642 2294 4702 ἦν
2351 4644 2622 4718 βασιλείαν
2684 4646 2909 4719 οὐρανῶν
2969 4649 3314 4720 χαρίζεσθαι,
3369 4645 3463 4701 διὰ
3509 4659 3662 4704 τοῦτο
3713 4651 3847 4706 οὐδὲ

471 4747 606 4786 mea
645 4731 900 4792 interest,
947 4731 1234 4785 caelorum
1269 4747 1518 4799 regnum
1559 4733 1884 4796 addiscere,
1937 4735 1983 4787 si
2024 4735 2080 4789 ill

2232 4737 2424 4794 ταύτης
2479 4735 2552 4794 εἰς
2575 4740 2784 4807 μνήμην
2833 4735 3060 4807 ἀφίκετο.
3093 4741 3157 4788 Τί
3190 4739 3288 4810 γὰρ
3329 4756 3392 4810 με
3429 4735 3512 4790 δεῖ
3561 4738 3845 4812 βασιλείαν

468 4834 574 4888 per
595 4819 743 4887 legis
765 4817 1096 4873 institutum
1133 4819 1307 4889 potiri
1335 4835 1563 4892 nequeo
1593 4821 1620 4875 ?
1648 4823 1994 4878 Communis
2016 4839 2081 4880 ac

2230 4823 2455 4896 οὐρανῶν
2503 4826 2682 4896 μαθεῖν
2728 4827 2788 4884 ἢν
2829 4823 2884 4876 ἐκ
2933 4832 3028 4884 τῆς
3079 4827 3214 4876 κατά
3251 4829 3403 4898 νόμον
3441 4827 3704 4890 πολιτείας
3745 4831 3843 4884 οὐκ

469 4913 585 4962 tem
617 4907 902 4962 Dominus
933 4912 988 4962 et
1020 4907 1304 4972 Salvator,
1337 4910 1624 4980 quoniam
1655 4909 1770 4966 tale
1800 4911 1974 4967 nobis
2003 4917 2082 4969 tra

2229 4916 2340 4966 ἔστι
2391 4933 2480 4985 μοι
2515 4911 2734 4982 λαϐεἶνς
2779 4913 2836 4966 Ὁ
2867 4911 2926 4966 δὲ
2971 4917 3142 4977 κοινὸς
3189 4920 3452 4978 Δεσπότης
3490 4923 3581 4970 καὶ
3633 4925 3839 4994 Σωτὴρ,

466 4995 612 5050 didit
639 4995 992 5060 institutum,
1026 5011 1088 5050 se
1109 4995 1310 5067 ipsum
1329 4997 1390 5052 in
1411 4998 1750 5068 exemplum
1773 5013 2079 5071 proponen

2228 5001 2334 5054 ἐπεὶ
2393 5005 2640 5061 τοιαύτην
2702 5005 2826 5076 ἡμῖν
2876 5009 3241 5062 κατεστήσατο
3297 5005 3580 5074 πολιτείαν,
3653 5008 3841 5062 ἑαυτὸν

464 5083 742 5154 (habetur
769 5083 926 5138 enim
959 5083 1019 5138 in
1051 5085 1360 5156 Scripturis
1391 5102 1402 5140 :
1441 5107 1464 5137 ‹‹
1499 5086 1604 5142 Ubi
1636 5088 1814 5158 cmpit
1843 5087 2077 5145 faceree

2230 5087 2564 5164 παράδειγμα
2611 5095 2839 5165 προθεὶς·
2903 5117 2922 5142 ι
2969 5093 3064 5144 Ὧν
3106 5095 3208 5166 γὰρ
3240 5095 3456 5169 ἦρξατο,
3489 5101 3643 5168 φησὶ,
3671 5108 3843 5153 ποιεῖν

538 5209 552 5243 ¹
583 5209 720 5262 Luc.
753 5223 913 5274 XXlll,
945 5213 1035 5276 42,
1061 5209 1151 5263 43.
1231 5211 1252 5244 ³
1281 5213 1298 5265 l
1327 5213 1456 5267 Cor.
1485 5227 1544 5280 ιι,
1579 5217 1628 5268 9.

2027 5331 2253 5388 NOTAE.

529 5449 644 5534 (32)_
703 5451 850 5534 Haec.
879 5451 1218 5534 Graecorum
1248 5451 1611 5534 opinionem
1657 5452 1908 5510 innuunt
1961 5455 2031 5510 de
2069 5455 2350 5512 dilatione
2393 5457 2803 5524 beatitudinis,
2855 5458 2954 5530 qui
3003 5457 3242 5515 nonnisi
3292 5464 3560 5518 extremo
3605 5463 3846 5534 judicio

455 5527 691 5592 peracto
719 5521 1102 5594 perfruantur
1125 5521 1440 5578 beatorum
1467 5525 1704 5580 animae.
