4086 6190
447 209 552 264 139

1669 207 1902 262 ΡΗΟΤΙΙ
1945 207 2112 262 ΙἌῚἝ

2227 207 2425 262 ζίΟΙΙΑέ
2466 208 2578 262 CP.
3703 211 3809 266 'lx'it)

451 339 754 390 auctorem
794 333 1104 390 diabolum
1147 333 1428 398 crederet,
1483 332 1772 403 abyssum
1829 349 1960 388 vers
2001 349 2097 388 eas

2227 337 2393 398 mreg,
2429 332 2553 386 ἀλλὰ
2599 337 2684 385 τόν
2715 331 3010 407 ἀρχέκακον
3057 330 3296 386 διάϐολον
3333 331 3602 403 ὑπολάϐοι,
3647 334 3816 386 άϐνσ-

451 441 578 495 (pia:
610 423 720 478 sub
753 421 852 478 illo
885 427 1023 478 sunt
1061 425 1398 496 potestates,
1431 421 1604 492 longe
1647 439 1680 477 a
1725 423 1966 478 veritate
2005 422 2099 478 ille

451 513 771 578 aberraret,
812 519 866 567 et
904 511 1085 584 impia
1127 511 1337 582 plenus
1397 516 1554 566 esset
1615 511 1916 584 opinione,
1961 513 2100 584 quia

453 603 666 656 seriem
707 599 1059 656 narrationis
1113 616 1232 656 non
1275 605 1465 672 potest
1521 599 1865 670 intelligere,
1909 616 2101 674 neque

452 691 711 746 ordinem
740 693 841 746 aut
861 690 1374 746 enumerationem
1409 705 1637 754 eorum,
1673 707 1806 762 quae
1829 689 2102 744 sensibus

452 779 838 854 percipienda
877 777 1022 835 facta
1058 785 1196 834 sunt
1229 795 1529 852 ;quorum
1569 781 1752 836 Moses
1789 779 2102 836 historiam

454 867 825 940 conscripsit,
881 884 1074 940 neque
1129 869 1483 940 incorporea:
1541 873 1596 924 et
1646 869 1965 941 spiritualis
2005 885 2106 926 na-

457 963 600 1014 tura:
633 961 688 1014 et
729 959 1088 1014 creationem
1119 963 1175 1014 et
1214 957 1544 1014 doctrinam
1575 961 1632 1014 et
1671 963 1903 1032 tempus
1942 957 2107 1031 quod

455 1048 606 1104 miro
655 1047 862 1103 ordine
913 1047 986 1102 de
1032 1048 1125 1102 his
1175 1047 1356 1103 rebus
1407 1049 1784 1104 traditionem
1818 1049 2104 1104 detinivit.

457 1137 704 1208 Spiritus
734 1137 832 1191 Dei
865 1152 964 1192 aer
993 1137 1186 1192 dictus
1219 1139 1324 1204 est,
1355 1137 1868 1208 quemadmodum
1899 1143 1954 1193 et
1980 1137 2108 1192 aliae

456 1225 732 1297 quaelibet
762 1227 912 1296 ejus,
947 1229 1230 1281 creaturae
1257 1227 1312 1280 et
1339 1241 1518 1296 Opera
1551 1243 1566 1280 :
1603 1247 1630 1276 (ι
1663 1225 1894 1280 Emittet
1927 1226 2108 1290 enim,

457 1315 671 1386 inquit,
715 1315 964 1370 verbum
1001 1331 1176 1369 suum
1236 1319 1290 1369 et
1327 1313 1662 1386 liquefaciet
1712 1325 1844 1370 eam
1885 1333 1901 1386 ;
1945 1315 2112 1372 ﬂabit

456 1405 693 1476 spiritus
721 1405 1136 1476 ejus,etﬂuent
1156 1419 1324 1475 aquae
1347 1407 1366 1438 ³
1399 1407 1444 1474 ’;
1467 1427 1489 1454 υ
1509 1405 1672 1477 quod
1697 1405 1766 1460 de
1793 1405 2111 1476 liquefacta

457 1494 816 1552 australibus
837 1492 1025 1548 ventis
1081 1497 1232 1548 terra
1272 1493 1526 1550 canebat
1564 1494 1771 1550 David.
1817 1497 1881 1550 Et
1917 1494 2110 1550 dictus

457 1585 666 1640 fuisset
691 1583 932 1656 spiritus
956 1583 1128 1638 Deiin
1151 1582 1362 1638 eodem
1389 1600 1568 1640 sensu
1595 1600 1664 1640 ac
1696 1583 1834 1639 illud
1864 1601 1875 1636 :
1909 1609 1926 1633 ι
1961 1585 2114 1640 Fecit

2212 441 2298 473 σον
2350 417 2406 474 δὲ
2459 424 2544 482 ru;
2594 423 2678 474 ὑπ’
2739 421 2892 474 αὐτόν
2941 425 3164 494 πονηρὰς
3214 417 3481 494 δυνάμεις,
3541 421 3716 496 πόρρω
3763 443 3816 475 τε

2210 519 2300 572 τῆς
2347 509 2586 574 ἀληθείας
2641 511 2790 572 οὗτος
2824 511 3144 582 πλανώμενος
3187 515 3260 566 εἴη
3307 515 3392 562 καὶ
3443 507 3818 572 ὃνσσεϐούσης

2213 599 2470 662 ἀνάπλεως
2513 597 2686 666 δόξης,
2727 603 2858 674 μετά
2904 609 2992 652 τοῦ
3033 605 3102 672 μὴ
3155 596 3415 652 δύνασθαι
3449 608 3670 672 σννορᾲν
3717 605 3818 674 εἱρ-

2211 691 2305 761 μόν
2351 687 2646 760 διηγήσεως
2699 693 2786 741 καὶ
2837 689 2982 752 τάξιν
3034 693 3122 740 καὶ
3157 687 3518 762 ἀπαρίῦμησιν
3559 699 3656 740 τῶν
3699 691 3816 742 κατ’

2214 779 2464 836 αἴσθησιν
2510 787 2756 850 γενητῶν,
2809 779 2873 828 ὧν
2929 781 2953 829 ό
3003 785 3200 838 Μωσῆς
3253 783 3343 835 την
3405 779 3640 852 ἱστορίαν
3698 799 3816 830 συν-

2215 867 2454 940 έγραψεν,
2496 874 2582 920 καὶ
2631 868 2908 940 ἀσωμάτου
2952 873 3040 920 καὶ
3083 873 3254 940 νοερᾶς
3299 869 3498 940 φύσεως
3555 865 3818 940 δημιουρ-

2215 961 2330 1028 γίαν
2377 977 2428 1008 τε
2481 963 2568 1009 καὶ
2615 960 2828 1030 Θεωρίαν
2885 961 2974 1009 καὶ
3021 960 3200 1031 καιρόν
3252 957 3305 1017 ὃς
3359 957 3620 1028 ἀφορίζειν
3677 953 3818 1009 οἶδεν

2219 1047 2470 1107 εὐτάκτως
2524 1052 2615 1105 τὴν
2673 1053 2790 1120 περὶ
2845 1050 3035 1099 τούτων
3105 1041 3399 1120 παράδοσιν
3431 1063 3441 1074 ·
3505 1055 3708 1117 πνεῦμα
3761 1042 3820 1098 δὲ

2219 1143 2350 1188 Θεοῦ
2391 1138 2414 1187 ό
2473 1136 2566 1209 ἀὴρ
2617 1141 2811 1210 εἴρηται
2842 1155 2852 1166 ·
2901 1138 3130 1208 καθάπερ
3173 1141 3260 1186 καὶ
3303 1139 3366 1186 τὰ
3419 1135 3574 1186 λοιπά
3611 1137 3698 1186 οἶα
3749 1132 3816 1192 δὴ

2219 1231 2413 1298 κτίσμα
2456 1233 2542 1276 xui
2575 1231 2778 1297 ποίημα
2809 1225 2967 1278 αὐτοῦ
2999 1243 3010 1255 ·
3045 1249 3072 1274 «ι
3107 1223 3464 1288 Ἐξαποστελεί
3507 1225 3629 1294 γὰρ,
3665 1227 3820 1294 φησὶ,

2217 1315 2478 1384 τὸνλόγον
2519 1314 2672 1366 αὐτοῦ
2715 1320 2802 1366 καὶ
2847 1315 2990 1376 τηΞει
3031 1314 3192 1372 αὐτην
3225 1334 3235 1345 ·
3265 1316 3474 1366 πνεύσει
3516 1316 3572 1364 τὸ
3619 1321 3826 1382 πνεῦμα

2219 1405 2374 1458 αὐτοῦ
2415 1409 2502 1456 καὶ
2541 1405 2793 1480 ρνησεται
2825 1401 3027 1458 ὕδατα·
3071 1425 3098 1456 )›
3145 1409 3262 1478 περὶ
3298 1407 3583 1475 τηκομένης
3625 1402 3678 1454 ἐκ
3723 1411 3824 1454 τῶν

2219 1499 2398 1548 νοτίων
2432 1497 2731 1566 πνευμάτων
2780 1493 2936 1564 λέγων
2977 1498 3153 1564 χιόνος
3189 1495 3212 1544 ὁ
3257 1489 3422 1544 Δαϐίδ
3458 1510 3468 1520 ·
3503 1497 3591 1544 καὶ
3643 1495 3719 1550 εἰη
3763 1491 3824 1542 ἂν

2221 1585 2482 1658 εἰρημένον
2529 1591 2727 1656 πνεῦμα
2759 1592 2890 1636 Θεοῦ
2927 1585 2975 1636 έν
3019 1587 3118 1656 ἴσω
3149 1587 3228 1652 τό,
3263 1605 3290 1632 ιι
3321 1585 3600 1639 Ἐποίησεν
3637 1583 3662 1633 ό
3698 1587 3826 1644 Θεὸς

459 1675 612 1730 Deus
637 1673 854 1730 caelum
878 1677 934 1729 et
959 1677 1175 1728 terram
1201 1690 1214 1739 ;
1247 1695 1274 1722 υ
1303 1676 1359 1728 et
1381 1679 1444 1728 ut
1463 1673 1560 1728 illa
1581 1673 1822 1745 quidem
1847 1679 1984 1730 sunt
2012 1673 2112 1730 Dei

2227 1678 2306 1728 τὸν
2359 1674 2572 1746 οὐρανόν
2623 1677 2712 1724 xui
2767 1677 2858 1732 τὴν
2915 1682 3013 1744 γῆν
3046 1690 3058 1702 ·
3095 1693 3124 1725 ›)
3175 1670 3386 1724 κάκεῖνα
3423 1674 3522 1744 γάρ
3571 1679 3706 1723 Θεον
3761 1674 3828 1732 ὡς

459 1767 763 1828 creaturae,
787 1769 842 1818 et
867 1762 963 1818 ille
989 1761 1256 1818 similiter
1279 1767 1647 1818 creatur-aest
1676 1767 1730 1820 et
1761 1779 1912 1836 opus
1938 1764 2066 1836 ejus
2095 1779 2108 1816 :

459 1853 594 1912 ideo
621 1851 774 1908 bene
797 1851 1126 1924 appellatus
1157 1855 1242 1906 est
1281 1851 1514 1924 spiritus
1555 1851 1682 1908 Dei.

881 1959 1198 2023 QUIESTIO
1235 1957 1370 2012 xvn
1403 1957 1508 2030 [al]
1535 1957 1696 2030 xw].

532 2067 658 2125 Cur
683 2063 942 2137 prohibet
967 2065 1108 2136 quin
1141 2079 1342 2189 campie:
1374 2065 1580 2192 p/éeris
1611 2073 1801 2136 captas
1850 2065 2114 2122 homines

1095 2151 1254 2192 come
1293 2151 1368 2190 an

1095 2151 1368 2192 comeaan

528 2267 870 2338 Discrepare
899 2261 1176 2335 praesenti
1213 2265 1512 2334 praecepto
1541 2265 1694 2317 Deus
1737 2263 1932 2318 statuit
1963 2261 2116 2316 fera-

457 2373 590 2412 rum
616 2353 999 2410 ethominum
1021 2351 1206 2406 vitam
1232 2367 1244 2404 :
1265 2351 1485 2422 quibus
1507 2351 1665 2406 enim
1687 2351 2026 2423 prohibetur
2047 2367 2114 2405 ne

460 2445 534 2500 sit
567 2460 684 2498 una
707 2447 764 2497 et
789 2441 998 2496 eadem
1037 2455 1266 2506 mensa,
1310 2455 1411 2495 eos
1451 2445 1507 2494 et
1546 2439 1692 2496 alios
1733 2457 1942 2496 omnes
1987 2458 2113 2496 mo-

459 2549 552 2588 res
573 2537 628 2588 et
649 2531 1129 2586 vitaeinstitutum
1148 2533 1417 2584 etmotus
1449 2533 1504 2584 et
1534 2533 1700 2584 actus
1729 2529 1982 2584 multum
2007 2529 2114 2584 dif-

462 2621 611 2678 ferre
639 2621 726 2676 lex
751 2618 1026 2674 addocet.
1057 2617 1227 2690 Rapit
1259 2617 1382 2673 fera
1407 2621 1462 2673 et
1484 2617 1658 2673 avida
1690 2625 1779 2674 est
1805 2625 1860 2674 et
1891 2619 1968 2674 ad
1995 2636 2114 2674 mo-

467 2717 559 2765 tus
589 2713 676 2764 est
713 2705 1190 2780 petulantissima
1229 2705 1508 2778 legesque
1548 2713 1600 2762 et
1641 2707 2020 2777 benignitatis
2061 2713 2114 2763 et

470 2797 915 2856 communitatis
967 2799 1024 2852 et
1071 2795 1503 2851 masuctudinis
1571 2797 1754 2852 nescit
1820 2815 1832 2852 :
1887 2799 1964 2854 ab
2023 2797 2114 2854 his

461 2888 740 2945 omnibus
782 2903 994 2958 pltl‘llm
1021 2891 1077 2940 et
1105 2885 1358 2940 liberum
1387 2901 1516 2940 esse
1557 2885 1865 2941 hominem
1898 2886 2064 2943 decet
2099 2906 2110 2956 ;

461 2979 600 3034 item
619 2992 760 3032 vero
783 2979 838 3030 et
857 2973 930 3030 ad
946 2973 1092 3030 alios
1108 2973 1352 3029 affectus
1369 2975 1776 3046 intemperans
1799 2983 1884 3030 est
1899 2977 2114 3032 animal

463 3072 516 3123 et
557 3065 928 3121 iufrenatum.
973 3067 1174 3135 Itaque
1210 3063 1525 3118 hominum
1562 3045 1784 3134 agendi
1825 3065 1968 3121 ratio
2009 3083 2114 3137 per
2153 3045 2192 3100 (ἶ

463 3153 910 3226 temperantiam
939 3157 994 3208 et
1021 3151 1450 3208 institutionem
1483 3153 1812 3224 procedens
1837 3153 1936 3210 illa
1967 3172 2116 3225 prae-

464 3251 642 3302 staret
663 3243 1007 3298 ditt‘erentire
1029 3241 1228 3313 signa;
1249 3241 1308 3296 id
1326 3258 1466 3298 vero
1485 3243 1644 3314 quod
1661 3259 1780 3298 non
1800 3244 1910 3299 hos
1931 3243 2114 3312 signis

464 3333 760 3404 signatum
787 3335 840 3385 et
867 3335 1138 3386 notatum
1171 3331 1279 3386 erit
1305 3333 1588 3402 tanquam
1613 3331 1802 3386 ferum
1835 3337 1889 3387 et
1921 3349 1956 3388 a
1981 3333 2114 3388 feris

465 3426 706 3492 captum
723 3419 935 3492 quidet
953 3425 1328 3476 mansuetam
1347 3419 1874 3492 rationabilemque
1896 3438 2115 3476 exuens

463 3515 742 3565 naturam
783 3508 1097 3579 rejicietur.
1163 3507 1220 3562 Si
1259 3507 1394 3579 quis
1436 3513 1637 3564 autem
1691 3509 1762 3564 ad
1807 3510 2116 3580 puritatem

464 3600 753 3654 instruere
793 3603 847 3652 et
909 3597 1207 3652 adducere
1264 3595 1480 3652 diceret
1527 3614 1633 3668 per
1698 3597 2116 3653 abstinentiam

465 3687 734 3742 carnium
767 3703 803 3742 a
841 3685 977 3741 feris
1016 3691 1323 3758 captarum
1355 3684 1500 3741 illud
1540 3685 1614 3741 ad
1647 3685 1972 3755 imaginem
2015 3687 2116 3742 Dei

465 3778 788 3834 formatum
816 3791 990 3846 opus,
1033 3779 1086 3830 et
1119 3775 1312 3829 omnis
1343 3773 1721 3846 turpitudinis
1754 3792 1958 3847 expers
1989 3775 2116 3831 red-

465 3867 602 3920 dere
643 3881 770 3936 quae
813 3867 1056 3933 gustum
1095 3861 1305 3934 polluit
1343 3867 1396 3918 et
1427 3881 1561 3935 quae
1589 3881 1694 3936 per
1729 3863 1877 3920 alios
1906 3881 2115 3920 sensus

465 3953 944 4027 procedit(unius
966 3953 1124 4008 enim
1143 3968 1354 4008 sensus
1383 3953 1654 4008 custodia
1677 3957 1732 4008 et
1758 3953 2112 4017 observatio,

468 4049 522 4099 et
565 4043 708 4099 alios
749 4041 1015 4096 similiter
1055 4041 1132 4096 ab
1191 4039 1356 4096 omni
1395 4041 1733 4112 impuritate
1774 4049 1828 4097 et
1864 4043 2116 4114 turpitu-

467 4133 602 4188 dine
634 4129 875 4186 mundos
926 4147 1032 4202 per
1061 4129 1223 4186 illum
1267 4127 1445 4201 facit),
1487 4129 1548 4184 id
1579 4147 1700 4186 non
1742 4149 1777 4187 a
1807 4131 1956 4188 civili
1985 4149 2118 4204 pro-

469 4219 730 4277 videntia
755 4225 810 4276 et
843 4223 1052 4276 sancta
1081 4218 1449 4274 institutione
1488 4223 1637 4274 esset
1657 4219 1936 4276 alienum.

2222 1769 2490 1836 ποιήματα
2529 1769 2617 1814 xui
2661 1771 2812 1814 τουτο
2843 1764 3030 1834 ὁμοίως
3067 1767 3266 1834 κτίσμα
3313 1769 3446 1816 Θεοῦ
3491 1765 3580 1812 xui
3619 1765 3830 1833 ποίημα

2223 1863 2312 1908 τοῦ
2337 1855 2495 1907 αὐτόν
2527 1871 2540 1885 ’
2571 1850 2656 1904 διὸ
2687 1852 2854 1915 καλῶς
2883 1857 3086 1925 εἰρηται
3111 1861 3312 1924 πνενμα
3335 1857 3483 1905 Θεοῦ.

2793 1966 3102 2012 ΕΡΩΤΗΣΙΣ
3137 1959 3214 2012 1Ζ’
3229 2005 3240 2016 .

2359 2071 2452 2120 Διὰ
2479 2073 2529 2121 τί
2561 2067 2870 2141 Gepiulwtu
2884 2071 3008 2138 κρέα
3030 2071 3148 2141 τοὺς
3177 2064 3480 2138 ἀνθρώπους
3505 2064 3694 2117 ἐσθίειν

2849 2137 3139 2190 ἀποκωλύει
3163 2155 3180 2209 ;

2297 2265 2724 2339 Παρηλλαγμένον
2787 2261 2878 2316 δια
2943 2271 3034 2315 τοῦ
3097 2267 3350 2338 παρόντος
3421 2265 3833 2334 προστάγματος

2224 2357 2485 2428 νομοθετεῖ
2521 2357 2607 2406 τὸν
2655 2363 2752 2405 τῶν
2805 2353 2994 2427 θηρίων
3049 2350 3176 2404 εἶναι
3226 2355 3410 2426 τρόπον
3457 2357 3547 2402 καὶ
3593 2355 3679 2402 τὸν
3739 2349 3830 2402 ἀν-

2227 2447 2476 2518 Θρωπινον
2505 2442 2619 2516 βίον
2655 2461 2666 2472 ⁸
2710 2439 2785 2504 οἷς
2821 2445 2921 2514 γὰρ
2945 2443 2974 2500 ἡ
3005 2442 3238 2516 τράπεζα
3269 2439 3520 2492 κωλύεται
3547 2445 3642 2512 μία
3673 2445 3764 2491 καὶ
3797 2441 3826 2498 ἡ

2227 2535 2355 2592 αὐτὴ
2406 2529 2552 2597 εἶναι,
2595 2535 2794 2592 τούτοις
2841 2535 2928 2582 καὶ
2981 2531 3047 2583 τά
3094 2531 3223 2582 άλλα
3281 2533 3450 2582 πάντα
3503 2532 3602 2588 ἤθη
3645 2549 3694 2582 τε
3741 2535 3832 2581 καὶ

2227 2619 2408 2675 δίαιτα
2455 2627 2542 2674 καὶ
2597 2624 2752 2694 ὁρμαὶ
2807 2625 2896 2672 καὶ
2952 2621 3155 2694 πράξεις
3202 2623 3335 2672 κατά
3391 2619 3520 2672 πολὺ
3565 2615 3833 2692 διαφέρειν

2229 2713 2588 2783 συνεισάγεται
2643 2713 2792 2784 νόμος
2826 2729 2837 2742 ·
2883 2709 3104 2783 ἁρπάζει
3155 2711 3212 2762 τό
3283 2712 3459 2782 Θηρίον
3511 2714 3598 2760 καὶ
3649 2707 3832 2760 πλεον-

2225 2809 2376 2866 εκτεῖ,
2437 2806 2526 2852 καὶ
2576 2803 2704 2876 πρὸς
2749 2801 2841 2862 τάς
2890 2801 3054 2871 ὁρμάς
3103 2797 3212 2851 ἐστι
3263 2801 3695 2874 προπετέστατον,
3739 2801 3834 2849 καὶ

2224 2895 2411 2962 νόμους
2476 2890 2568 2942 οὐκ
2621 2885 2732 2942 οἶδε
2794 2887 3172 2960 φιλανθρωπίας
3239 2893 3327 2939 καὶ
3395 2891 3662 2947 κοινωνίας
3741 2892 3834 2938 καὶ

2225 2981 2540 3052 ἡμερότητος
2569 2998 2579 3008 ·
2621 2981 2811 3031 τούτων
2863 2977 3098 3030 ἀπάντων
3151 2979 3376 3052 καθαρόν
3425 2979 3514 3028 καὶ
3562 2975 3836 3046 ἀπηλλαγ-

2225 3075 2370 3141 μένον
2459 3074 2713 3142 προσήκει
2796 3069 2881 3118 τόν
2967 3067 3234 3138 ἄνθρωπον
3325 3063 3496 3118 εἶναι·
3577 3067 3836 3126 ὡσαύτως

2227 3155 2284 3210 δὲ
2315 3164 2401 3210 xui
2447 3161 2580 3208 κατά
2609 3159 2673 3208 τά
2721 3155 2848 3208 ἄλλα
2877 3165 2976 3207 των
3008 3157 3204 3222 παθών,
3241 3153 3454 3226 ἀκρατὲς
3495 3153 3607 3206 ἐστι
3635 3155 3692 3204 τὸ
3742 3155 3834 3210 θη-

2224 3253 2331 3320 ρίον
2363 3253 2450 3298 xui
2483 3245 2800 3318 ἀχαλίνωτον
2836 3265 2847 3276 ·
2883 3245 3065 3296 οὔκουν
3095 3245 3125 3301 ἡ
3159 3253 3254 3295 τῶν
3291 3243 3568 3317 ἀνθρώπων
3601 3243 3834 3295 πολιτεία

2227 3333 2298 3390 δι’
2327 3336 2626 3410 ἐγκρατείας
2655 3339 2744 3386 xui
2773 3329 3138 3404 παιδαγωγίας
3163 3329 3443 3398 orla-Jovem,
3473 3339 3635 3383 ταῦτα
3655 3335 3828 3404 παρά-

2229 3445 2356 3497 σχοι
2409 3434 2502 3486 τῆς
2561 3421 2813 3496 διαφορᾶς
2849 3425 2912 3474 τά
2962 3427 3302 3496 γνωρίσματα
3333 3437 3346 3450 ·
3392 3427 3478 3472 καὶ
3517 3427 3662 3492 τόνγε
3711 3425 3840 3473 τοὺ-

2225 3535 2334 3576 τοις
2367 3513 2665 3584 ἀσήμαντον
2713 3531 2765 3564 τε
2813 3515 2899 3564 καὶ
2951 3509 3328 3582 ἀνεπίγνωστον
3379 3517 3483 3572 τοῖς
3527 3515 3837 3582 γνωρίσμα-

2230 3623 2311 3655 σιν
2361 3605 2422 3662 ὡς
2479 3603 2653 3674 Οηρίον
2703 3605 2792 3652 xui
2839 3599 3156 3672 θηριάλωτον
3210 3605 3297 3650 καὶ
3343 3607 3434 3660 τῆς
3493 3601 3687 3672 ἡμέρου
3741 3605 3836 3652 xui

2225 3691 2439 3764 λογικῆς
2511 3685 2959 3762 καταψευδόμενον
3033 3692 3226 3761 φύσεως
3307 3691 3706 3762 ἐκτραπησεται.
3775 3689 3838 3742 Εἰ

2231 3777 2287 3833 δὲ
2335 3785 2461 3854 πρὸς
2504 3781 2886 3854 καθαρειότητα
2927 3775 3195 3830 παιδεύειν
3233 3797 3284 3830 τε
3318 3781 3407 3828 xui
3453 3776 3658 3848 ἀνάγειν
3705 3783 3834 3849 φαίη

2227 3890 2308 3930 τις
2353 3865 2443 3921 diu
2489 3877 2576 3929 τῆς
2621 3867 2832 3938 ἀποχῆς
2887 3877 2986 3919 των
3029 3867 3360 3940 θηριαλωτων
3405 3869 3462 3918 τό
3515 3867 3632 3918 κατ’
3664 3867 3840 3919 εἰκόνα

2230 3965 2360 4010 Θεοῦ
2429 3954 2875 4028 διαπεπλασμένον
2941 3955 3313 4027 φιλοτέχνημα,
3383 3959 3470 4007 καὶ
3549 3951 3838 4028 ϐδελυρίας

2229 4049 2436 4108 ἀπάσης
2489 4045 2895 4105 κατασκευάζειν
2943 4043 3224 4116 ἀμέτοχον,
3279 4045 3376 4101 ὅση
3429 4063 3480 4095 τε
3531 4039 3838 4115 διαμολύνει

2227 4141 2314 4194 την
2356 4143 2534 4206 γεῦσιν
2584 4139 2673 4186 xui
2713 4137 2808 4191 ὅση
2862 4129 2954 4186 διὰ
3005 4141 3102 4185 τῶν
3149 4132 3309 4184 ἄθλων
3363 4131 3658 4190 αἰσθήσεων
3714 4139 3840 4208 πρό-

2230 4245 2358 4276 εισιν
2389 4241 2401 4253 ·
2437 4225 2465 4281 ἡ
2517 4227 2615 4298 γὰρ
2675 4227 2757 4275 ἐπὶ
2807 4231 2896 4283 τῆς
2943 4229 3064 4286 μιᾶς
3109 4221 3454 4296 παραφυλακή
3511 4227 3600 4272 καὶ
3643 4227 3840 4280 συντή-

465 4329 642 4385 ρησις,
673 4315 762 4362 καὶ
792 4311 884 4369 τὰς
915 4307 1072 4368 ἄλλας
1113 4309 1304 4380 ὁμοίως
1329 4315 1423 4370 τῆς
1455 4307 1784 4382 ἀκαθαρσίας
1815 4317 1899 4362 xui
1935 4309 2220 4386 βδελυρίας
2259 4315 2559 4386 καθαρεύειν
2593 4309 2666 4365 δι’
2705 4311 2894 4372 ἐκείνης
2925 4309 3285 4383 ἀσφαλίζεται,
3321 4305 3442 4363 οὐδὲ
3473 4319 3624 4363 τοῦτο
3655 4309 3716 4362 ἀν
3759 4315 3834 4370 εἰη

465 4407 560 4462 τῆς
585 4399 850 4460 πολιτικῆς
883 4403 1122 4472 προνοίας
1147 4401 1234 4449 καὶ
1257 4399 1599 4472 ἀγιοπρεποῦς
1637 4397 1901 4476 ἀλλότριον
1940 4407 2335 4465 καταστάσεως.

905 4519 1063 4582 QUAE
1075 4517 1224 4572 STlO
1265 4515 1428 4572 XVlll
1489 4516 1690 4589 [XVII].

471 4624 764 4692 Quomodo
793 4623 1236 4694 intelligendum
1263 4623 1434 4686 illud,
1474 4643 1496 4672 «
1524 4624 1660 4678 Non
1681 4626 1996 4694 apparebis
2028 4641 2118 4682 co-

975 4711 1106 4752 ram
1144 4711 1228 4750 me
1269 4709 1482 4750 vacuus
1523 4695 1551 4748 ?
1589 4717 1616 4746 υ

2799 4523 3112 4572 ΕΡΩΤΙΙΣῙΣ
3153 4516 3260 4572 ΗΓ.

2277 4631 2386 4686 ita);
2405 4629 2614 4682 νοητέον
2639 4627 2717 4691 τὸ,
2755 4645 2782 4676 (ι
2809 4625 2918 4676 Οὐκ
2950 4625 3148 4698 ὀφθήση
3181 4627 3316 4685 κενὸς
3347 4623 3568 4676 ἐναντίον
3595 4643 3696 4696 μον
3725 4641 3737 4688 ;
3771 4647 3798 4674 ιι

1089 4817 1244 4868 Edita
1270 4831 1302 4868 θ.
1327 4817 1478 4875 Maio,
1521 4835 1554 4870 ι.
1591 4837 1656 4878 c.,
1687 4835 1738 4884 p.
1773 4823 1847 4876 17,
1873 4821 1926 4870 in
1957 4822 2112 4878 Exod.

2227 4835 2296 4878 ιιι,
2337 4825 2396 4870 15
2428 4837 2439 4880 ;
2471 4835 2622 4872 xxxiv
2654 4823 2712 4869 1ο
2749 4821 2960 4871 Denter.
2997 4835 3082 4871 m
3113 4823 3190 4870 16.

539 4935 788 5002 Quidam
827 4934 1004 5006 igitur
1033 4934 1238 4990 dicunt
1268 4951 1404 4990 eum
1436 4937 1540 5008 qui
1581 4938 1766 4992 Deum
1800 4937 2120 4994 adoratum

469 5027 626 5082 venit
655 5033 922 5096 Oportere
956 5029 1012 5080 et
1035 5023 1198 5081 dona
1234 5023 1464 5083 liberali
1503 5043 1688 5082 manu
1715 5027 1965 5094 offerre;
2001 5043 2121 5084 non

469 5121 758 5186 tanquam
785 5113 938 5169 Deus
968 5113 1057 5170 his
1079 5114 1362 5184 indigeat,
1395 5115 1637 5188 (quibus
1668 5117 1824 5171 enim
1857 5119 2006 5172 Deus
2031 5117 2121 5172 in-

467 5203 666 5272 digere
696 5201 957 5275 possit?)
989 5202 1094 5260 sed
1133 5205 1423 5276 tanquam
1455 5203 1747 5261 beneticia
1795 5211 1934 5261 tunc
1968 5207 2120 5262 acci-

467 5293 590 5364 piat
611 5291 658 5347 is
679 5292 782 5364 qui
801 5307 1052 5348 munera
1073 5291 1260 5348 offert.
1289 5293 1538 5358 Quando
1561 5295 1698 5366 quis
1716 5295 1876 5350 enim
1903 5295 2121 5366 dignus

469 5385 744 5436 censetur
757 5379 858 5452 qui
893 5379 1010 5436 Deo
1033 5379 1259 5436 fructus
1283 5381 1512 5452 offerat,
1537 5387 1590 5438 et
1611 5383 1904 5440 internam
1935 5383 2122 5454 pieta-

470 5475 585 5526 tem
617 5485 722 5541 per
751 5473 992 5525 externa
1024 5469 1258 5536 revelet,
1302 5475 1356 5528 et
1389 5471 1789 5528 mediantibus
1837 5472 2118 5544 placami-

541 5655 562 5687 ⁸
593 5651 779 5708 'Psal.
828 5667 993 5720 nvn,
1039 5654 1124 5706 18.

2303 4943 2445 5001 Τινὲς
2497 4941 2585 5012 μὲν
2654 4935 2739 4990 Οὖν
2823 4959 2978 5010 φασιν
3043 4943 3110 5000 ὡς
3179 4937 3394 4990 ἀπιόντα
3471 4947 3846 5012 προσκννῇσαι

2235 5037 2348 5100 Θεῴ
2398 5025 2479 5080 δεῖ
2522 5033 2611 5079 καὶ
2645 5025 2791 5102 δῶρα
2821 5029 3172 5102 προσάγεινῶν
3215 5029 3240 5085 ἡ
3293 5032 3414 5100 χεὶρ
3459 5031 3696 5102 εὔπορος,
3738 5030 3846 5100 οὐχ

2233 5119 2298 5180 ὡς
2327 5115 2373 5168 ἐν
2409 5123 2564 5190 χρεία
2595 5121 2787 5168 τούτων
2829 5120 3151 5178 καθεστῶτος
3183 5125 3314 5170 Θεοῦ
3338 5135 3348 5145 '
3383 5123 3515 5177 τίνος
3539 5120 3640 5192 γὰρ
3675 5119 3735 5169 ἂν
3765 5123 3844 5176 εἴη

2233 5211 2360 5268 Θεὸς
2429 5203 2728 5281 προσδεης;
2785 5207 2892 5258 ἀλλ’
2955 5209 3022 5269 ὡς
3085 5209 3505 5279 εὑεργετουμένου
3575 5207 3849 5262 κάντανῡα

2231 5305 2322 5348 του
2363 5297 2712 5370 προσάγοντος
2747 5315 2757 5326 ·
2795 5295 2842 5348 ἐν
2893 5297 2931 5366 ᾧ
2961 5299 3062 5372 γάρ
3113 5317 3193 5358 τις
3225 5295 3460 5358 ἀξιονται
3499 5307 3848 5370 καρποφορεῖν

2233 5393 2366 5456 Θεῷ,
2429 5391 2514 5438 καὶ
2575 5395 2671 5438 τῶν
2731 5381 2874 5438 ἔνδον
2938 5383 3032 5438 διὰ
3083 5396 3182 5437 τῶν
3259 5386 3407 5446 ἐκτός
3465 5385 3848 5440 ἀνακαλύπτειν

2233 5473 2513 5540 εὐσέϐειαν,
2561 5480 2644 5526 xui
2709 5476 3060 5527 συνάπτεσθαι
3107 5471 3198 5526 διὰ
3263 5479 3432 5546 μέσων
3485 5483 3584 5526 τῶν
3643 5476 3846 5548 μειλιγ·
