3950 6180
479 260 504 307 1
515 255 584 308 43

1707 247 1940 304 ΡΗΟΤΙΙ
1981 242 2454 300 ΡΑΤΒΙΑΒΟΗᾹΞ
2491 245 2606 302 CP.

3683 259 3772 312 144

479 386 536 434 et
565 380 886 446 perlectum
917 391 1066 447 Opus
1087 375 1236 430 inter
1253 391 1320 431 ea
1341 389 1478 448 qua:
1507 374 1674 431 valde
1697 373 1948 446 pulchra
1963 375 2123 426 sunt.

2246 375 2386 420 τοῦτο
2425 374 2514 420 καὶ
2549 373 2704 442 σοφόν
2755 371 3114 442 φιλοτέχνημα
3155 381 3252 422 τὼν
3299 372 3404 424 λίαν
3453 373 3552 426 ἐστὶ
3601 378 3774 430 καλῶν·

479 467 554 522 iis
593 470 794 522 autem
831 467 934 536 qui
965 463 1110 520 illud
1135 463 1426 533 efﬁngunt
1457 463 1683 520 animal
1715 462 1921 516 videns
1949 464 2008 516 et
2036 475 2129 514 ra-

477 556 634 610 tione
667 553 978 625 prasditum
1011 559 1066 608 et
1093 557 1297 619 Deum,
1331 553 1554 624 quique
1587 569 1708 608 non
1731 550 2008 613 Creatori,
2029 547 2130 603 sed

481 649 767 698 creaturae
789 642 1231 698 venerationem
1264 645 1567 712 prmstant,
1593 647 1648 696 et
1671 640 1894 712 quibus
1915 639 2132 694 licebat

479 749 548 788 eo
581 733 666 786 uti
694 729 1208 800 quemadmodum
1260 735 1529 786 creatura
1569 730 1748 785 utitur
1786 743 2129 796 conservus,

479 819 592 874 illis
605 835 748 874 sane
765 819 930 889 quod
957 823 1184 874 naturae
1199 818 1646 890 pulcherrimun
1667 822 1812 880 erat,
1829 817 2129 872 funestum

479 914 536 964 et
558 909 886 979 pessimum
915 907 1312 976 constituitur,
1347 907 1486 962 nihil
1515 907 1761 978 quidem
1794 905 2048 977 propriae
2079 909 2134 960 et

479 997 754 1066 ingenitae
773 996 1232 1068 pulchritudinis
1256 997 1554 1066 amittens,
1585 996 1690 1050 sed
1711 999 1951 1066 propter
1977 995 2135 1049 insa-

481 1102 620 1140 nam
647 1101 1076 1140 conservorum
1092 1085 1410 1141 audaciam
1437 1089 1493 1140 et
1512 1086 1770 1140 abusum
1799 1089 2134 1138 extremum

481 1175 710 1230 malum
749 1174 862 1230 illis
895 1175 1117 1230 factum
1149 1193 1161 1229 :
1197 1174 1394 1246 itaque
1427 1173 1592 1230 aliud
1643 1178 1733 1229 est
1763 1177 1987 1234 naturae
2013 1171 2135 1243 pul-

481 1264 777 1328 chritudo,
803 1268 858 1318 et
874 1263 1038 1318 aliud
1051 1279 1272 1334 pravus
1285 1261 1462 1333 hujus
1483 1268 1710 1318 natura
1735 1278 1898 1316 usus.
1921 1260 2136 1316 Omnia

481 1353 656 1422 igitur
687 1353 910 1408 ratione
932 1357 1160 1408 naturae
1209 1351 1384 1408 valde
1423 1352 1676 1424 pulchra
1709 1357 1850 1406 sunt
1884 1367 1896 1416 ;
1925 1366 2134 1406 eorum

479 1457 622 1497 vero
637 1459 782 1496 usus
795 1457 916 1496 non
929 1440 1206 1496 omnibus
1219 1441 1435 1505 bonus,
1451 1457 1646 1512 neque
1659 1439 1910 1496 omnium
1923 1437 2132 1494 similis

483 1547 603 1586 non
627 1530 808 1586 modo
821 1530 1063 1585 relative
1085 1530 1158 1586 ab
1176 1529 1510 1585 humanam
1537 1535 1838 1594 naturam,
1867 1528 1969 1584 sed
1993 1527 2134 1583 alio-

479 1635 616 1674 rum
650 1619 722 1673 ad
753 1619 890 1673 alia.

557 1707 821 1762 Forsitan
853 1713 1054 1762 autem
1071 1706 1171 1762 illa
1195 1706 1410 1763 solutio
1430 1708 1508 1762 ad
1535 1707 1840 1778 propriam
1866 1706 2134 1777 pervenit

483 1796 966 1866 perspicuitatem
999 1813 1012 1861 ;
1047 1795 1150 1849 sed
1194 1795 1392 1852 adhuc
1437 1795 1682 1867 propius
1713 1794 1980 1850 eundum
2027 1800 2132 1850 est.

483 1886 683 1955 Itaque
714 1883 964 1938 dicimus
1013 1884 1147 1954 hoc,
1197 1883 1405 1940 omnia
1445 1899 1664 1955 nempe
1707 1899 1836 1940 esse
1865 1883 2026 1939 bona
2055 1884 2134 1940 ad

483 1973 799 2030 creationis
837 1979 892 2029 et
921 1985 1147 2030 natura;
1195 1975 1486 2030 rationem
1514 1973 1716 2030 referri
1748 1991 1760 2040 ;
1807 1973 1950 2030 illud
1995 1989 2134 2030 vero

483 2063 600 2118 alia
627 2078 836 2118 eorum
865 2080 992 2118 esse
1047 2064 1296 2130 munda,
1337 2070 1392 2120 et
1423 2064 1880 2120 aliaimmunda
1911 2079 2032 2120 non
2057 2065 2134 2119 ad

483 2151 796 2208 creationis
825 2168 1020 2224 neque
1065 2157 1314 2218 naturae,
1371 2153 1478 2208 sed
1517 2155 1592 2210 ad
1635 2154 1904 2210 sacriﬁcii
1943 2161 2000 2210 et
2021 2153 2136 2208 hu-

483 2257 680 2298 manaa
709 2241 1012 2313 opinionis
1057 2242 1392 2308 rationem;
1437 2245 1658 2299 creatio
1689 2249 1888 2300 autem
1929 2251 1986 2299 et
2035 2261 2136 2299 na-

481 2338 616 2388 tura
635 2331 714 2386 ad
731 2331 1076 2402 opinionem
1093 2339 1148 2388 et
1170 2333 1528 2388 sacriﬁcium
1556 2349 1676 2388 non
1695 2339 1824 2388 rata
1845 2349 2134 2389 mensura

484 2421 860 2487 dirimuntur,
913 2422 1234 2491 praisertim
1289 2422 1594 2478 sacriﬁciis
1645 2427 1700 2478 et
1745 2422 2134 2494 opinionibus

484 2523 607 2563 non
637 2508 848 2563 iisdem
873 2509 1118 2564 omnino
1146 2509 1202 2564 in
1223 2509 1437 2565 eodem
1464 2511 1692 2580 judicio
1714 2511 2014 2567 stantibus
2041 2529 2053 2578 ;
2079 2519 2136 2568 et

486 2595 628 2668 quia
659 2611 778 2650 non
809 2596 887 2650 ab
939 2596 1103 2650 initio
1135 2599 1448 2654 creationis
1479 2599 1598 2655 alia
1625 2599 1871 2672 quidem
1901 2617 2052 2672 pura
2081 2606 2139 2657 et

487 2685 605 2740 alia
629 2686 868 2756 impura
897 2686 1440 2756 distinguebantur,
1473 2705 1544 2744 ex
1567 2690 1834 2762 quadam
1865 2707 2004 2746 vero
2027 2691 2138 2746 cir-

487 2775 848 2830 cumstantia
875 2775 1032 2830 hanc
1089 2776 1484 2833 diﬂerentiam
1517 2785 1891 2850 acceperunt.
1919 2779 2134 2852 Egyp-

485 2864 578 2920 tiis
599 2865 758 2919 enim
781 2865 943 2935 apud
960 2881 1113 2936 quos
1127 2865 1444 2924 Israelitica
1466 2882 1613 2936 gens
1634 2869 1927 2925 serviebat
1949 2869 2138 2926 multa

483 2953 772 3010 animalia
803 2959 866 3007 ut
887 2953 1031 3010 deos
1059 2955 1504 3023 venerantibus,
1529 2973 1666 3012 cum
1685 2957 1758 3012 iis
1789 2957 1965 3014 valde
1989 2975 2134 3014 sane

484 3043 748 3113 pulchris
789 3043 944 3098 male
983 3049 1302 3111 uterentur,
1337 3059 1410 3100 ne
1443 3051 1501 3102 et
1535 3047 1861 3104 Israelitica
1888 3063 2034 3118 gens
2075 3048 2136 3103 in

484 3132 645 3188 hunc
671 3131 998 3204 pessimum
1019 3151 1194 3188 usum
1217 3134 1614 3191 abduceretur
1639 3143 1693 3192 et
1719 3136 1988 3192 divinum
2013 3142 2137 3192 cul-

486 3227 614 3276 tum
643 3222 833 3276 brutis
859 3221 1188 3287 adhiberet,
1209 3223 1639 3282 immundailla
1657 3225 1961 3291 legislator
1981 3230 2138 3298 Moy-

487 3325 580 3364 ses
625 3310 836 3364 merito
877 3311 1284 3382 nuncupavit;
1343 3329 1460 3368 non
1509 3314 1671 3370 enim
1712 3331 1784 3370 ex
1840 3317 2137 3372 creatione

487 3397 881 3454 immunditiaa
935 3399 1394 3470 participabant,
1451 3402 1623 3467 absit,
1676 3419 1869 3476 neque
1919 3411 2138 3462 natura

486 3486 804 3542 immunda
829 3491 1016 3551 erant,
1049 3487 1155 3542 sed
1201 3503 1322 3544 non
1375 3492 1622 3556 munde,
1656 3491 1904 3562 profane
1935 3499 2136 3550 autem

487 3579 544 3630 et
573 3574 744 3645 impie
777 3574 958 3628 nimis
989 3573 1340 3646 Egyptiaca
1387 3579 1549 3633 natio
1581 3579 1650 3632 iis
1697 3580 1988 3636 utebatur.
2019 3585 2137 3638 Etsi

488 3679 629 3718 vero
659 3663 940 3734 quaedam
953 3679 1160 3719 eorum
1185 3681 1321 3737 quas
1340 3667 1505 3737 apud
1528 3667 1838 3739 Egyptios
1853 3670 1931 3727 dii
1963 3673 2138 3729 babe-

487 3747 726 3816 bantur,
751 3757 812 3806 ut
839 3751 1056 3807 bovem
1079 3757 1136 3808 et
1160 3753 1410 3820 hircum,
1446 3757 1508 3811 in
1539 3757 1904 3815 mundorum
1933 3777 2142 3818 nume-

487 3857 616 3895 rum
650 3844 876 3912 Moyses
907 3843 1120 3906 retulit,
1152 3843 1298 3900 nihil
1321 3851 1526 3902 contra
1549 3848 1894 3916 praedictam
1925 3851 2142 3908 doctri-

492 3945 634 3987 nam
691 3947 886 4001 neque
943 3937 1151 3988 contra
1199 3933 1510 4005 proprium
1560 3953 1811 4007 scopum
1861 3940 2138 4010 perfecit;

491 4019 708 4074 etenim
735 4035 944 4074 eorum
965 4036 1102 4090 quae
1124 4021 1285 4090 apud
1314 4038 1416 4078 eos
1441 4029 1502 4079 ut
1521 4025 1600 4080 dii
1622 4025 1996 4094 colebantur,
2025 4031 2142 4088 alia

491 4108 735 4179 quidem
757 4109 1072 4164 immunda
1097 4125 1343 4174 vocans,
1371 4111 1488 4168 alia
1517 4120 1716 4170 autem
1741 4117 2142 4176 immolationi

491 4207 545 4251 et
575 4197 856 4267 sanguini
893 4204 948 4252 et
999 4199 1170 4254 morti
1208 4215 1448 4266 vovens,
1499 4202 1577 4258 ab
1621 4219 1828 4260 eorum
1873 4207 2036 4262 cultu
2069 4211 2144 4262 ls-

489 4287 1089 4351 raclitas,etadamno
1101 4288 1362 4346 illisinde
1377 4297 1656 4348 nascente
1671 4295 1889 4364 pariter
1901 4299 2111 4354 avertit
2126 4315 2139 4358 :

490 4377 652 4450 quod
683 4378 842 4433 enim
883 4377 1366 4435 abominandum
1395 4385 1483 4436 est
1520 4387 1574 4436 et
1615 4383 2056 4442 immolandum
2087 4393 2144 4444 et

492 4467 668 4537 epulo
691 4473 1111 4539 prcharatum,
1144 4485 1265 4526 non
1323 4471 1485 4526 credi
1507 4478 1700 4543 potest
1729 4489 1858 4529 esse
1897 4475 2044 4530 deus
2075 4479 2143 4532 ab

493 4555 562 4609 iis
592 4557 696 4626 qui
735 4557 813 4612 ita
839 4559 1038 4614 animo
1069 4558 1428 4616 afﬁciuntur.

567 4803 747 4873 Igitur
766 4806 981 4860 creatio
1007 4805 1104 4860 Dei
1122 4821 1306 4877 opera
1326 4810 1531 4866 omnia
1553 4811 1728 4867 valde
1745 4811 1995 4884 pulchra
2015 4830 2147 4886 pro-

496 4891 692 4960 duxit;
709 4897 993 4950 etnatura
1009 4897 1280 4950 omnium
1299 4903 1386 4951 est
1402 4900 1629 4970 optima
1646 4917 1658 4964 ;
1675 4901 1988 4957 hominum
2003 4920 2144 4962 vero

495 4981 690 5038 insani
715 4987 771 5038 et
800 4983 1035 5053 exleges
1061 4999 1204 5038 usus
1226 4985 1412 5043 multa
1437 5005 1509 5043 ex
1530 4991 1742 5046 creatis
1767 4991 2143 5062 profanando

495 5072 612 5128 alia
668 5072 910 5143 quidem
959 5073 1284 5130 existimari
1352 5081 1408 5132 et
1473 5081 1756 5150 appellari
1833 5081 2144 5140 immunda

497 5163 774 5226 fecerunt,
808 5163 927 5218 alia
959 5179 1118 5228 vero,
1144 5165 1252 5218 etsi
1281 5165 1428 5221 hanc
1452 5167 1530 5223 ab
1561 5169 1938 5226 immunditia
1967 5172 2145 5228 deno-

497 5251 878 5307 minatiouem
923 5251 1274 5322 cll‘ugerunt,
1333 5260 1534 5312 tamen
1599 5259 1780 5314 iidem
1843 5277 1988 5316 usus
2047 5263 2146 5318 Dei

498 5341 694 5397 amico
734 5357 980 5396 causam
1019 5343 1408 5413 pra-buerunt
1451 5346 1633 5402 altera
1665 5351 1941 5406 methodo
1982 5352 2146 5408 intel-

495 5431 738 5500 ligendi,
763 5435 818 5486 et
858 5447 929 5488 ea
971 5447 1007 5485 a
1035 5431 1446 5502 profanatione
1499 5435 1841 5504 eximendi;
1878 5445 1932 5497 et
1982 5447 2144 5498 utro-

499 5539 616 5598 que
659 5521 839 5577 modo
878 5537 946 5576 ex
997 5521 1392 5579 lsraelitarum
1439 5531 1634 5581 mente
1679 5527 2140 5599 polytheismum

2239 465 2348 518 τοῖς
2379 455 2437 510 δε
2470 459 2600 518 ζῶον
2627 458 2867 530 ἔμψυχον
2913 459 3038 511 αὐτὸ
3075 465 3164 512 καὶ
3203 459 3402 530 λογικὸν
3430 469 3508 516 καὶ
3542 471 3654 517 Θεὸν
3682 467 3782 520 ανα-

2241 547 2495 612 πλοίσασι,
2537 553 2626 600 καὶ
2669 548 2781 600 ἀντὶ
2811 557 2902 600 τοῦ
2934 557 3261 624 Δημιουργοῦ
3291 559 3358 620 τῷ
3403 549 3781 626 δημιουργήματι

2241 639 2299 686 τὸ
2345 635 2496 696 σέϐας
2551 635 2806 708 ἀνάφασι,
2859 645 2946 690 καὶ
3013 640 3091 699 οἷς
3141 638 3250 700 ἐξόν
3323 644 3407 710 μὲν
3455 647 3672 716 χρῆσθαι
3728 647 3785 706 ὡς

2241 730 2491 796 κτίσματι
2547 729 2634 778 τόν
2665 723 2970 796 ὁμόδουλον,
3023 731 3226 788 τούτοις
3283 726 3350 786 δὴ
3383 733 3568 792 τούτοις
3608 737 3658 784 τό
3685 735 3785 784 καλε

2240 813 2415 866 λιστον
2489 822 2548 886 τῇ
2617 817 2789 886 φύσει,
2849 815 3077 889 ὀλέθριόν
3155 835 3206 868 τε
3271 823 3358 868 καὶ
3405 821 3629 870 κάκιστον
3684 821 3784 874 ανα-

2244 899 2528 968 δείκνυται,
2595 900 2743 956 οὐδὲν
2808 907 2896 975 μὲν
2971 905 3096 956 αὑτό
3177 914 3268 965 τῆς
3345 907 3526 968 οἰκείας
3586 914 3665 960 καὶ
3719 909 3788 980 ἐμ-

2245 994 2404 1062 φύτου
2459 991 2707 1053 καλλονῆς
2761 991 3038 1060 ἀποϐαλόν,
3105 997 3247 1068 παρὰ
3305 991 3360 1047 δὲ
3419 1001 3506 1052 την
3559 997 3790 1070 ἀγνώμονα

2243 1088 2342 1131 τῶν
2381 1077 2682 1152 ὁμοδούλων
2727 1081 2919 1155 τολμαν
2959 1088 3048 1135 καὶ
3083 1085 3421 1156 παραχρησιν
3467 1089 3671 1156 ἔσχατον
3710 1089 3788 1138 αὐ-

2243 1174 2352 1228 τοῖς
2403 1173 2561 1220 κακόν
2603 1175 2849 1240 γεγονός·
2901 1171 3061 1234 οὕτως
3114 1173 3280 1248 ἕτερον
3329 1171 3438 1224 ἐστι
3477 1177 3654 1246 φύσεως
3695 1175 3790 1228 καλ-

2243 1255 2361 1313 λονὴ
2417 1263 2506 1309 καὶ
2553 1267 2751 1332 χρῆσις
2815 1261 3182 1334 ἀπροσφοροςο
3231 1263 3396 1314 πάντα
3451 1267 3535 1334 μὲν
3583 1259 3660 1315 οὖν
3700 1264 3790 1316 λίαν

2243 1345 2378 1398 καλὰ
2405 1355 2476 1418 τῷ
2505 1346 2640 1418 λόγῳ
2671 1357 2762 1408 τῆς
2802 1353 3002 1420 φύσεως
3027 1367 3039 1380 ·
3076 1353 3106 1408 ἡ
3163 1348 3222 1402 δὲ
3265 1355 3452 1404 τούτων
3502 1360 3678 1427 χρῆσις
3699 1356 3792 1405 οὔτε

2244 1441 2378 1486 πᾶσι
2423 1435 2579 1503 καλὴ,
2626 1441 2741 1490 οὔτε
2787 1440 2988 1490 πάντων
3047 1440 3222 1510 όμοία,
3275 1440 3332 1492 οὐ
3381 1445 3526 1512 μόνον
3569 1446 3682 1513 πρὸς
3723 1447 3792 1500 τὴν

2246 1521 2570 1594 ἀνθρωπίνην
2625 1525 3054 1600 παραϐαλλομένη
3129 1531 3300 1600 φύσιν,
3377 1528 3481 1580 ἀλλ’
3541 1527 3650 1582 οὐδὲ
3715 1539 3791 1581 τῶν

2245 1611 2408 1663 ille»
2441 1619 2570 1688 πρὸς
2591 1614 2806 1672 ἄλληλα.

2173 1723 2214 1776 Β
2314 1703 2472 1773 Τοίχα
2521 1700 2580 1756 δὲ
2624 1699 2739 1755 οὐδ’
2775 1707 2804 1762 η
2853 1704 3004 1766 λύσις
3043 1707 3174 1763 αὕτη
3227 1710 3356 1780 πρὸς
3398 1711 3488 1766 τὴν
3533 1705 3795 1770 ἰδιάζουσαν

2244 1790 2469 1848 κατῆλθε
2539 1798 2834 1864 σαφήνειαν,
2899 1793 3005 1846 ἀλλ’
3063 1797 3140 1846 ἔτι
3202 1792 3284 1847 δεῖ
3327 1801 3549 1848 κατιέναι
3591 1797 3795 1855 πλησιαί-

2243 1897 2384 1952 τερον
2411 1901 2424 1912 ·
2479 1877 2562 1932 διό
2605 1901 2764 1953 φαμεν
2813 1886 2871 1934 τό
2921 1887 3014 1954 μὲν
3049 1883 3181 1935 καλὰ
3208 1884 3323 1936 λίαν
3379 1881 3501 1937 εἶναι
3541 1887 3704 1955 πάντα,
3742 1885 3797 1945 εἰς

2243 1971 2327 2020 τὸν
2353 1977 2444 2040 τῇς
2483 1966 2834 2043 δημιουργίας
2883 1977 2972 2023 καὶ
3008 1975 3209 2042 φύσεως
3273 1973 3422 2045 λόγον
3469 1973 3796 2046 ἀναφέρεσθαι*

2243 2060 2301 2110 τὸ
2349 2053 2411 2110 δὲ
2439 2061 2502 2109 τὰ
2531 2063 2620 2130 μὲν
2679 2059 2846 2110 αὐτων
2905 2061 3032 2112 εἰναι
3089 2065 3318 2136 καθαρὰ,
3353 2066 3418 2114 τὰ
3447 2060 3502 2114 δὲ
3553 2061 3798 2134 ἀκάθαρτα,

2244 2143 2367 2198 οὐδὲ
2417 2147 2484 2208 εἰς
2529 2151 2615 2200 τόν
2667 2158 2758 2210 τῆς
2805 2145 3181 2222 δημιουργίας,
3243 2155 3360 2204 οὔτε
3405 2157 3502 2224 μὴν
3541 2153 3603 2212 εἰς
3627 2155 3700 2202 τόν
3725 2159 3801 2211 τῆς

2245 2236 2464 2306 φύσεως,
2511 2235 2621 2288 ἀλλ’
2667 2237 2738 2298 εἰς
2792 2243 2878 2290 τόν
2928 2249 3022 2300 τῆς
3075 2243 3258 2301 θυσίας
3317 2247 3406 2293 καὶ
3459 2251 3544 2301 τῆς
3589 2239 3802 2315 ἀνθρωπί-

2243 2343 2332 2383 νης
2362 2325 2664 2396 ὑπολήψεως
2689 2343 2702 2357 '
2733 2325 3062 2402 δημιουργία
3093 2326 3151 2381 δε
3193 2336 3282 2381 καὶ
3315 2333 3468 2401 φύσις
3495 2333 3611 2402 πρός
3647 2329 3803 2386 ὑπόλη-

2245 2411 2336 2482 ψιν
2363 2419 2454 2466 καὶ
2487 2417 2690 2481 θυσίαν,
2715 2414 2838 2469 οὐδὲ
2865 2419 3008 2490 ρητῴ
3039 2421 3209 2492 μέτρῳ
3237 2417 3656 2491 διατειχείζεται,
3684 2418 3805 2490 μάλι-

2249 2503 2350 2552 στα
2379 2521 2438 2572 γε
2465 2511 2563 2554 τῶν
2593 2506 2788 2556 ουσίῶν
2813 2511 2900 2557 καὶ
2929 2515 3025 2557 τῶν
3052 2507 3360 2578 omnem
3389 2508 3514 2580 ουχὶ
3547 2517 3634 2559 τῶν
3669 2507 3804 2558 αὐτῶν

2249 2586 2341 2642 διὰ
2369 2595 2557 2652 παντὸς
2599 2593 2683 2644 ἐπὶ
2713 2601 2808 2655 τῆς
2839 2595 3003 2654 αὐτῆς
3045 2597 3326 2668 ἱσταμένων
3363 2613 3600 2671 κρισεως·
3647 2601 3723 2648 καὶ
3745 2597 3808 2647 ότι

2245 2675 2360 2732 οὐδ’
2389 2678 2477 2731 ἀπ’
2504 2683 2676 2754 ἀρχῆς
2718 2691 2812 2744 τῆς
2843 2681 3197 2757 δημιουργίας
3225 2689 3290 2736 τα
3319 2691 3413 2757 μὲν
3445 2689 3654 2757 καθαρὰ,
3684 2689 3738 2736 τὰ
3761 2681 3807 2734 δὲ

2247 2767 2520 2842 ἀκάθαρτα
2563 2768 2880 2824 διεστέλλετο
2905 2793 2917 2805 ·
2954 2772 3054 2825 ἀπὸ
3083 2793 3216 2834 τινος
3259 2773 3318 2827 δὲ
3373 2778 3703 2850 περιστάσεως
3735 2776 3808 2829 τήν

2249 2853 2505 2930 διαφορὰν
2555 2865 2752 2918 ταύτην
2809 2859 3038 2926 ἐδέξατο.
3099 2865 3400 2934 Αἰγυπτίων
3451 2869 3548 2940 γὰρ
3601 2867 3643 2918 ἐν
3681 2865 3808 2923 οἰςτὸ

2245 2945 2626 3018 Ἰσραηλιτικόν
2697 2953 2842 3011 ἔθνος
2913 2951 3114 3010 ἐθήτευε
3183 2953 3348 3006 πολλὰ
3421 2964 3517 3006 τῶν
3577 2955 3705 3014 ζώων
3755 2950 3810 3010 εἰς

2177 3072 2218 3128 C
2250 3037 2372 3088 θεῶν
2413 3035 2760 3111 ἀναφερόντων
2809 3043 2984 3104 σέὸας,
3044 3039 3322 3116 ἐπειδήπερ
3383 3044 3558 3104 αὐτοῖς
3583 3043 3684 3094 λίαν
3717 3037 3812 3092 οὖσι

2247 3125 2422 3186 καλοῖς
2467 3136 2641 3190 κακῶς
2669 3127 2974 3201 ἐκέχρηντο,
3011 3133 3091 3182 ἱνα
3135 3137 3206 3202 μὴ
3249 3138 3338 3184 καὶ
3377 3139 3434 3186 τό
3479 3133 3812 3206 Ἰσραηλιτικόν

2247 3219 2391 3284 γένος
2421 3215 2492 3277 εἰς
2537 3215 2736 3274 ἐκείνην
2773 3223 2864 3276 τὴν
2895 3219 3092 3290 φαύλην
3125 3219 3390 3296 ἀπενεχθῇ
3433 3231 3644 3294 χρῆσιν,
3671 3225 3748 3270 καὶ
3772 3237 3814 3270 το

2249 3305 2380 3354 θεῖον
2435 3303 2584 3365 σέϐας
2649 3313 2754 3368 τοῖς
2813 3306 3018 3379 ἀλόγοις
3061 3310 3316 3383 περιάψη,
3383 3311 3644 3384 ἀκάθαρτα
3684 3317 3816 3361 ταῦτα

2246 3395 2530 3464 νομοθετῶν
2563 3395 2588 3446 ό
2631 3403 2828 3457 Μωσῆς
2887 3393 3106 3458 δικαίως
3155 3401 3397 3471 ὠνόμασε
3423 3418 3434 3432 ⁸
3486 3405 3695 3473 μέτοχον
3735 3403 3814 3470 γὰρ

2249 3481 2576 3554 ἀκαθαρσίας
2625 3485 2718 3536 ουκ
2761 3483 2864 3538 ἀπό
2919 3495 3011 3548 τῆς
3069 3483 3444 3561 δημιουργίας,
3499 3492 3673 3560 ἄπαγε,
3723 3483 3816 3539 οὐδ’

2247 3573 2278 3628 ἡ
2323 3573 2478 3642 φύσις
2525 3569 2636 3643 εἶχε
2691 3577 2746 3625 τό
2802 3572 3112 3647 ἀκάθαρτον,
3169 3575 3276 3628 ἀλλ’
3333 3580 3416 3632 ὅτι.
3475 3579 3534 3631 οὗ
3593 3579 3816 3651 καθαρῶς,

2247 3657 2438 3730 μᾶλλον
2480 3657 2538 3712 δὲ
2583 3659 2818 3732 βεϐήλους
2861 3663 2973 3714 λίαν
3022 3670 3111 3717 καὶ
3163 3663 3397 3739 ἀνιέρως,
3456 3671 3513 3720 τό
3563 3667 3816 3738 Αἰγυπτίων

2249 3749 2389 3810 ἔθνος
2419 3751 2619 3810 τούτοις
2665 3750 3022 3826 ἐπεχρησατο.
3069 3753 3128 3807 Εἰ
3185 3752 3243 3807 δὲ
3293 3761 3382 3808 καί
3440 3777 3556 3810 τινα
3598 3765 3686 3810 τῶν
3735 3755 3820 3806 Θεό.

2249 3841 2564 3908 ποιουμένων
2621 3842 2763 3912 παρὰ
2822 3849 2930 3902 τοῖς
2985 3841 3292 3912 Αἰγυπτίοις
3339 3847 3364 3896 ό
3421 3853 3614 3907 Μωσῆς
3675 3849 3817 3914 ὥσπερ

2250 3928 2336 3976 τόν
2375 3923 2502 3997 βοῦν
2534 3933 2621 3980 καὶ
2659 3932 2744 3980 τόν
2775 3932 2962 4004 τροίγον
2997 3931 3064 3991 εἰς
3113 3937 3206 3991 τὴν
3260 3942 3362 3984 τῶν
3417 3938 3650 4008 καθαρῶν
3701 3933 3820 3994 τάξιν

2251 4017 2536 4086 ἁπέκρινεν,
2595 4014 2745 4069 οὐδὲν
2815 4015 2936 4071 οὐδὲ
2985 4023 3128 4094 ποιρὰ
3196 4027 3288 4079 τὴν
3339 4029 3674 4096 προκειμένην
3727 4025 3820 4074 θεω·

2251 4111 2383 4176 ρίαν,
2436 4103 2559 4157 οὐδὲ
2589 4111 2732 4180 παρὰ
2777 4111 2865 4159 τόν
2909 4109 3093 4160 οἰκεῖον
3127 4115 3320 4164 σκοπόν
3364 4109 3711 4188 διεπράξατο·
3751 4112 3823 4160 καὶ

2252 4196 2352 4267 γὰρ
2399 4203 2496 4245 των
2549 4196 2886 4266 θειαζομένων
2944 4197 3064 4270 παρ’
3115 4199 3291 4262 αὐτοῖς
3321 4204 3386 4252 τὰ
3445 4206 3536 4274 μὲν
3594 4199 3826 4274 βδελυκτα

2252 4282 2496 4347 καλέσας,
2561 4287 2625 4336 τὰ
2707 4281 2765 4336 δε
2825 4295 2998 4358 σφαγῇ
3063 4293 3151 4339 καὶ
3205 4289 3391 4360 αἵματι
3454 4296 3544 4342 καὶ
3599 4289 3826 4363 ἀναιρέσει

2255 4369 2393 4441 δοὺς,
2455 4381 2549 4434 τῆς
2615 4376 2807 4425 τούτων
2883 4373 3118 4446 λατρείας
3175 4381 3300 4438 τοὺς
3366 4378 3693 4452 Ἰσραηλίτας
3753 4381 3826 4428 καὶ

2253 4470 2348 4522 τῆς
2414 4462 2623 4514 αὐτόθεν
2701 4465 2874 4524 αὐτοῖς
2957 4463 3310 4538 ἀναφυομένης
3385 4467 3592 4540 βλάϐης
3669 4471 3826 4540 ὁμοίως

2255 4549 2612 4603 ἀπεκωλυσεν·
2665 4555 2782 4604 οὔτε
2837 4555 2936 4626 γὰρ
2989 4557 3044 4606 τό
3097 4551 3384 4626 βδελυκτον
3443 4561 3564 4610 οὗτε
3619 4562 3674 4610 τὸ
3723 4575 3830 4628 σφα-

2253 4639 2559 4712 γιαζόμενον
2589 4645 2678 4692 καὶ
2711 4643 2850 4714 θοίνη
2877 4647 3206 4716 προκείμενον
3237 4644 3330 4696 οὐκ
3359 4645 3420 4697 ἂν
3447 4649 3716 4720 νομισθείη
3741 4651 3830 4702 τοῖς

2255 4729 2389 4780 οὕτω
2415 4735 2532 4803 περὶ
2563 4729 2696 4781 αὐτὰ
2719 4727 3066 4802 διακειμένοις
3089 4735 3218 4793 θεός.

2325 4817 2380 4869 Ἡ
2435 4821 2523 4889 μὲν
2581 4815 2667 4870 οὖν
2708 4815 3032 4890 δημιουργία
3095 4829 3187 4872 τοι)
3241 4830 3373 4875 Θεοῦ
3411 4827 3478 4876 τὰ
3537 4822 3832 4896 δημιουργή-

2255 4925 2396 4978 ματα
2425 4909 2594 4958 πάντα
2621 4907 2732 4958 λίαν
2765 4908 2895 4960 καλὰ
2939 4913 3261 4984 προηγάγετο
3286 4931 3296 4944 ·
3329 4917 3416 4965 καὶ
3449 4916 3478 4971 η
3527 4917 3680 4986 φύσις
3719 4913 3832 4964 ποίν-

2255 5015 2353 5046 των
2397 4997 2511 5066 ἔχει
2571 4999 2629 5047 τό
2669 4999 2918 5067 ἄριστον·
2965 4997 3242 5073 ἀνθρώπων
3301 4997 3360 5052 δὲ
3415 5003 3708 5076 παράλογοι
3759 5004 3834 5052 καὶ

2255 5087 2494 5156 ἓκθεσμοι
2525 5091 2750 5158 χρήσεις
2787 5087 2949 5138 πολλὰ
2997 5097 3094 5140 τῶν
3145 5086 3640 5164 δημιουργηθέντων
3693 5090 3834 5164 βεϐη-

2253 5175 2512 5240 λώσασαι,
2561 5179 2626 5226 τα
2664 5179 2753 5246 μὲν
2812 5175 3083 5252 ἀκάθαρτα
3139 5183 3228 5230 καὶ
3281 5181 3596 5250 νομίζεσθαι
3625 5186 3708 5232 καί
3759 5199 3840 5228 κα-

2253 5262 2457 5314 λεῖσθαι
2499 5267 2923 5336 παρεσκεύασαν·
2975 5270 3039 5318 τὰ
3089 5264 3146 5318 δὲ
3185 5266 3279 5318 κᾶν
3329 5273 3421 5326 τὴν
3455 5268 3560 5321 ἀπὸ
3591 5278 3679 5328 τῆς
3731 5267 3837 5318 ἀκα-

2255 5354 2472 5424 θαρσίας
2524 5351 2708 5412 κλῆσιν
2764 5351 3024 5426 διέφυγεν,
3055 5355 3163 5406 αλλ’
3217 5353 3304 5407 οὖν
3357 5365 3633 5430 παρέσχον
3662 5369 3730 5428 τῷ
3752 5359 3840 5409 θεό-

2253 5461 2354 5514 πτῃ
2413 5442 2585 5493 αἰτίαν
2645 5439 2872 5496 συνιδεῖν
2927 5445 3073 5518 ἑτέρα
3125 5441 3352 5517 μεθόδῳ,
3407 5452 3498 5498 καὶ
3555 5455 3719 5499 ταῦτα
3761 5453 3840 5502 τῆς

2255 5530 2595 5604 βεϐηλώσεως
2643 5535 2901 5604 ἐκτεμεῖν·
2955 5539 3044 5586 καὶ
3097 5531 3170 5586 δι’
3204 5533 3442 5610 ἐκατέρου
3501 5540 3698 5608 τρόπου
3755 5544 3840 5586 τῶν
