3950 6180
198 287 269 340 liii
1167 293 1262 346 AD
1303 292 1859 348 AMPHILUCHIUM
1902 292 2228 360 QUIES'I'IO
2267 298 2388 352 ΧΧ.

3353 310 3454 365 146
3502 348 3515 353 ε

191 409 452 482 Ἰσραηλιτῶν
508 418 591 470 τῆς
650 407 886 476 διανοίας
943 418 1002 467 τό
1073 435 1127 469 τε
1181 417 1427 471 πολύθεον
1493 415 1691 482 ἐξελεῖν,

1873 416 2037 473 nferre
2079 425 2135 475 et
2168 419 2618 480 damnationem
2663 425 2742 482 ab
2784 426 2871 483 eis
2915 433 3176 487 avertere
3232 433 3445 493 valuit.

183 505 247 550 καὶ
316 500 363 549 τὸ
412 495 786 569 ἀκατάγνωστον
855 508 1385 578 πραγματεύσασθαι·
1444 511 1533 559 καὶ
1593 509 1694 581 γὰρ

183 592 247 638 καὶ
285 586 434 646 κλῆσις
481 586 759 662 ἀκάθαρτος
811 596 901 644 καὶ
963 603 1160 665 χρῆσις
1206 599 1264 648 τὸ
1333 599 1575 668 θυόμενον
1626 596 1696 658 εἰς

179 680 355 749 γαστέρα
402 681 824 749 παραπέμπουσα,
892 679 1044 735 οὐδὲν
1124 686 1258 737 θεῖον
1318 681 1441 737 οὐδὲ
1511 688 1695 738 σεπτὸν

180 764 316 815 ἐννοεῖν
358 769 455 837 περὶ
498 765 677 835 αύτῶν,
730 766 836 820 ἀλλ’
874 766 999 823 οὐδὲ
1049 770 1207 842 ψιλήν
1241 793 1357 824 τινα
1409 779 1694 845 φαντασίαν

178 859 424 925 παραχωρεῖ
458 851 825 926 ἀναδέχεσθαι.
868 858 927 912 Εἰ
972 856 1032 912 δέ
1068 878 1144 922 τις
1187 860 1305 935 ἐρεῖ,
1342 869 1456 925 Πῶς
1501 862 1587 913 οὖν
1622 872 1694 933 τῷ

176 946 261 992 Νῶε
325 949 404 1002 τῆς
478 949 759 1007 Μωσαῐκῆς
842 949 1151 1019 νομοθεσίας
1227 953 1369 1003 οὔπω
1451 946 1694 1012 δοθείσης

175 1030 329 1099 καθαρὰ
381 1036 459 1082 καὶ
528 1031 796 1109 ἀκάθαρτα
872 1033 1158 1110 διακρίνειν
1223 1045 1312 1093 καὶ
1370 1043 1693 1112 συνεισάγειν

173 1125 216 1188 τῇ
259 1118 430 1188 κιϐωτῷ
499 1126 893 1195 προστετάχθαι
966 1129 1205 1200 εἶρηται;
1276 1128 1534 1203 πρόληψις
1604 1133 1694 1202 μὲν

168 1208 241 1273 γάρ
267 1205 359 1258 ἐστι
385 1212 434 1260 τὸ
462 1218 665 1281 σχῆμα·
693 1216 778 1264 καὶ
814 1214 858 1266 εἰ
901 1219 973 1287 μὴ
1006 1215 1058 1279 ἐξ
1100 1217 1167 1267 ὧν
1204 1221 1320 1270 τότε
1357 1216 1693 1290 ὶγνωρίζοντο

165 1298 212 1345 τὰ
238 1296 341 1359 ζῶα,
378 1295 475 1348 ἀλλ’
499 1297 552 1361 ἐξ
586 1301 654 1350 ὧν
685 1304 915 1374 ἔσχατον
948 1307 1348 1376 inv-aduentum
1380 1306 1694 1377 ὠνομάσθη-

165 1401 249 1452 σαν,
289 1381 394 1436 οὐδὲ
441 1391 575 1461 παρὰ
627 1393 685 1441 τό
752 1398 844 1443 τοῦ
919 1392 1183 1465 εἰρημένου
1248 1394 1404 1466 λόγου
1473 1391 1688 1468 ἰδίωμα.

159 1477 224 1523 καὶ
268 1476 352 1546 γὰρ
403 1479 484 1527 καὶ
528 1481 615 1535 τὴν
666 1483 868 1532 Γένεσιν
922 1482 1047 1553 οὐχὶ
1098 1490 1211 1536 Νῶε
1260 1487 1467 1556 γράφει,
1509 1485 1562 1547 ὃς
1600 1493 1691 1545 τῆς

160 1563 403 1630 νομοθεσίας
443 1567 652 1638 ὑπῆρχε
695 1568 1064 1644 πρεσϐύτερος,
1113 1571 1240 1625 ἀλλὰ
1277 1580 1471 1634 Μωσῆς
1519 1574 1544 1625 ὁ
1574 1577 1690 1645 περὶ

156 1650 342 1722 καθαρῶν
388 1658 470 1706 καὶ
508 1653 816 1731 ἀκαθάρτων
863 1664 1014 1732 νόμον
1065 1660 1346 1734 ἐκθέμενος·
1396 1662 1439 1715 εἰ
1492 1659 1551 1716 δὲ
1600 1667 1690 1715 καὶ

155 1738 179 1787 ἆ
212 1739 232 1789 ὁ
268 1744 398 1811 νόμος
423 1743 633 1818 ὕστερον
665 1748 827 1815 ἔθετο,
858 1756 1021 1802 ταῦτα
1049 1759 1122 1822 τῷ
1152 1756 1267 1804 Νῶε
1302 1755 1692 1824 προανεκηρύτ-

155 1845 253 1896 me,
298 1828 570 1903 θαυμαστὸν
626 1832 799 1889 οὐδέν·
848 1839 954 1890 ἐπεὶ
1010 1844 1100 1892 καὶ
1166 1847 1258 1892 τού
1318 1848 1491 1894 κοινοῦ
1538 1862 1691 1894 ναυα-

154 1920 243 1985 γίου
287 1924 427 1989 μήπω
473 1924 712 1995 στάντος,
767 1931 860 1984 τὴν
910 1937 1102 1998 γνῶσιν
1159 1928 1324 1982 λαϐὼν
1378 1929 1515 2001 εἶχεν
1570 1926 1691 1983 ἀδί-

157 2022 348 2057 cruror
373 2018 473 2072 πῶς
498 2008 584 2063 οὖν
627 2021 819 2073 συνῆκε
851 2017 1090 2091 καθαρῶν
1114 2022 1205 2071 καὶ
1233 2017 1540 2094 ἀκαθάρτων
1566 2016 1602 2073 δ
1606 2039 1696 2073 ια-

156 2097 276 2167 ῖορὰν
302 2095 645 2172 ἓνωτιζόμενος
677 2099 948 2178 διάκρισιν
994 2110 1189 2160 τούτων
1232 2109 1692 2184 καταπράξασθαι,

153 2190 230 2241 τοῖς
291 2184 426 2256 ἐγγὺς
474 2189 762 2263 εἰρημένοις
827 2199 916 2246 καὶ
980 2203 1134 2248 τοῦτο
1202 2198 1694 2270 συμπεριείληπταυ

149 2273 278 2344 ὁγὰρ
316 2278 366 2326 τὸ
411 2284 740 2351 παγκόσμιον
786 2283 1033 2354 ναυάγιον
1080 2290 1200 2357 πρὶν
1244 2288 1521 2344 ἐπιστῆναι
1567 2284 1692 2340 δια-

148 2363 281 2425 γνούς,
319 2368 397 2415 καὶ
441 2373 648 2441 σπέρμα
679 2378 750 2440 τῷ
800 2368 1101 2445 ἀνθρωπίνῳ
1139 2378 1273 2445 γένει
1318 2372 1694 2429 διασώσασθαι

147 2452 257 2521 παρά
296 2458 416 2504 Θεοῦ
443 2459 606 2528 χάριν
647 2457 884 2531 εἰληφὼς,
927 2462 1070 2522 οὗτος
1116 2459 1240 2515 ούὸὲ
1274 2468 1363 2521 τὴν
1402 2472 1499 2516 τῶν
1529 2466 1693 2516 καθα-

146 2544 223 2605 ρῶν
266 2545 343 2592 καὶ
399 2541 706 2617 ἀκαθάρτων
764 2544 1051 2620 διάγνωσιν
1109 2550 1296 2604 ἄνωθεν
1354 2550 1547 2620 λαϐεῖν,
1605 2558 1694 2607 καὶ

146 2632 219 2675 τῶν
259 2627 497 2702 ὀνομάτων
536 2637 566 2693 ἠ
626 2646 831 2708 χρῆσις
874 2638 966 2690 ούκ
1024 2641 1394 2713 ἑπεχωρίαζεν,
1450 2641 1692 2715 ούμενουν

142 2711 344 2788 οὐδαμῶς
369 2722 656 2797 ὑστερίζων
686 2722 768 2783 ἦν.

678 2839 991 2888 ΕΡΩΤΠΣΙΣ
1034 2834 1111 2891 κ’.

144 2934 466 3020 initiari;
542 2942 792 3013 αἱρέσεως
884 2940 1229 3020 ἐφιστάμενος
1326 2963 1352 2997 ο
1426 2947 1696 3020 ἄνθρωπος

195 3006 266 3081 ῗόν
328 3005 439 3077 βίον
512 3005 612 3063 otii
657 3013 826 3091 ,ἔχων
901 3005 1162 3091 ἓέτίμωμον
1236 3019 1365 3086 πρὸς
1416 3005 1696 3091 ἱερωσύνην

196 3079 457 3153 ᾁνέρχεται·
535 3084 562 3135 ὁ
645 3079 1006 3159 δὲ”κηλίδων
1067 3079 1401 3157 ’σωματικῶν
1457 3079 1697 3159 ’γεγονὼς

194 3151 464 3230 ξπεύθυνος,
557 3156 662 3206 κᾶν
753 3164 853 3206 τῶν
940 3151 1197 3227 ἀθεμίτων

194 3228 313 3302 ἐξεφ,
403 3228 529 3297 πρὸς
633 3229 691 3277 τὸ
795 3233 889 3287 τῆς
987 3228 1267 3302 ἱερωσύνης

192 3306 404 3361 αναγεται
430 3312 444 3363 ;

1272 3159 1477 3231 ἀποστῇ
1568 3163 1697 3232 πρά-

1370 3230 1509 3292 τελος
1604 3230 1698 3284 οὐκ

1806 505 2032 562 Etenim
2058 523 2176 563 vox
2203 509 2445 582 impura
2471 518 2798 587 nuncupat,
2827 521 2885 572 et
2914 533 3055 573 usus
3076 518 3452 579 immolatain

1803 598 2071 651 ventrem
2097 597 2378 667 immittit,
2406 617 2601 674 neque
2622 602 2888 660 divinum
2912 610 3015 661 aut
3044 610 3453 669 venerandum

1804 683 2030 757 aliquid
2056 686 2130 742 de
2160 688 2230 744 iis
2261 690 2507 761 cogitari
2545 690 2699 758 licet,
2750 694 2853 750 sed
2884 711 3079 770 neque
3124 700 3217 756 vel
3259 701 3453 759 levem

1804 774 2137 845 quamdam
2166 776 2364 833 ideam
2395 780 2574 853 accipi
2606 781 2680 837 de
2709 797 2917 840 eorum
2944 786 3179 844 deitate.
3220 790 3279 845 Si
3319 792 3453 863 quis

1806 867 2000 918 autem
2017 864 2759 941 interrogaveritquomodo
2771 873 3305 946 Noemus,nondum
3321 880 3454 937 data

1803 952 2061 1009 Mosaica
2090 953 2240 1025 lege,
2277 955 2471 1012 dictus
2492 958 2564 1014 sit
2587 958 2858 1029 jucunda
2894 967 2952 1020 et
2984 964 3296 1025 immunda
3332 969 3451 1024 dis-

1804 1042 2084 1097 cernendi
2105 1047 2161 1099 et
2184 1043 2244 1099 in
2271 1046 2896 1106 arcamintroducendi
2927 1054 3271 1112 mandatum
3291 1072 3454 1113 acce-

1804 1128 1964 1200 pisse
1993 1129 2022 1185 ?
2054 1130 2181 1187 haec
2237 1132 2431 1203 ﬁgura
2480 1140 2567 1193 est
2605 1154 2784 1208 quam
2843 1141 3167 1214 prolepsim
3212 1151 3447 1203 vocant.

1803 1217 1922 1273 Etsi
1959 1218 2111 1274 enim
2154 1236 2275 1277 non
2324 1238 2394 1278 ex
2450 1223 2543 1279 his
2592 1226 2808 1297 quibus
2865 1233 3002 1285 tunc
3046 1233 3454 1292 noscebantur

1802 1307 2095 1379 animalia,
2130 1310 2234 1365 sed
2270 1327 2341 1368 ex
2385 1312 2477 1368 his
2509 1314 2732 1386 quibus
2763 1316 2972 1375 ultimo
3002 1322 3240 1391 cognita
3289 1331 3449 1394 sunt,

1800 1395 2093 1452 nominati
2126 1398 2260 1464 sint,
2293 1400 2435 1457 nihil
2472 1402 2611 1459 dicti
2654 1404 2821 1461 verbi
2864 1408 3211 1479 proprietati
3239 1412 3452 1469 adver-

1800 1489 1984 1540 satur.
2026 1486 2250 1543 Etenim
2294 1505 2415 1545 non
2456 1493 2688 1565 scripsit
2729 1497 2847 1551 Noe
2879 1497 3173 1570 Genesim,
3198 1502 3298 1573 qui
3323 1502 3452 1573 lege

1799 1572 2099 1646 antiquior
2122 1574 2250 1642 fuit,
2306 1580 2407 1633 sed
2458 1580 2698 1653 Moyses
2740 1583 2868 1655 ipse
2893 1586 2997 1656 qui
3023 1587 3093 1643 de
3124 1572 3367 1647 mundis
3390 1572 3453 1648 et

1797 1661 2126 1718 immundis
2142 1663 2333 1735 legem
2353 1669 2573 1725 statuit.
2601 1669 2661 1727 Si
2685 1678 2883 1728 autem
2902 1688 2973 1731 ea
3002 1690 3136 1747 quae
3158 1679 3452 1749 posterius

1800 1751 2071 1817 sancivit,
2101 1757 2321 1811 Noemo
2351 1759 2742 1828 praenuntiata
2756 1759 2990 1827 fuerint,
3019 1764 3165 1820 nihil
3195 1766 3449 1833 mirum;

1799 1840 2086 1912 quoniam
2108 1847 2413 1902 communi
2434 1847 2750 1919 naufragio
2776 1851 3049 1909 nondum
3071 1854 3448 1921 adventante,

1802 1944 1924 1985 non
1966 1929 2217 1988 dubiam
2257 1935 2482 2007 accepit
2533 1935 2608 1992 de
2659 1936 2760 1994 illo
2797 1939 3091 1998 notitiam.
3135 1944 3452 2009 Quomodo

1801 2023 2001 2075 autem
2032 2019 2377 2078 intellexerit
2397 2024 2763 2083 mundorum
2789 2033 2844 2083 et
2864 2027 3314 2088 immundorum
3345 2032 3454 2088 dif-

1800 2107 2133 2177 ferentiam,
2160 2127 2296 2166 cum
2330 2111 2536 2182 jussus
2578 2120 2663 2169 est
2693 2130 2763 2171 ea
2792 2115 3170 2187 distinguere,
3204 2119 3274 2176 iis
3315 2136 3451 2193 quas

1807 2195 1987 2252 modo
2007 2196 2168 2253 dicta
2191 2205 2329 2254 sunt
2357 2200 2581 2272 percipi
2619 2207 2849 2274 potest;
2877 2204 2981 2276 qui
3024 2205 3184 2261 enim
3218 2208 3452 2264 univer-

1802 2288 1927 2341 sale
1963 2285 2338 2359 naufragium
2368 2294 2689 2362 antequam
2719 2291 3037 2360 adveniret,
3060 2295 3367 2365 prmscivit,
3398 2301 3454 2352 et

1802 2375 2048 2430 seminis
2071 2374 2338 2433 humano
2357 2379 2556 2448 generi
2583 2381 2973 2438 conservandi
2995 2382 3248 2455 gratiam
3269 2399 3306 2440 a
3332 2385 3451 2441 Deo

1801 2464 2050 2537 accepit,
2080 2463 2174 2520 ille
2230 2465 2593 2523 mundorum
2638 2473 2695 2524 et
2740 2468 3194 2529 immundorum
3240 2474 3452 2530 intelli-

1802 2552 2063 2622 gentiam
2084 2552 2160 2608 de
2200 2568 2439 2610 sursum
2484 2556 2771 2629 accipere,
2807 2558 2914 2615 etsi
2952 2560 3266 2618 nominum
3309 2579 3453 2620 usus

1801 2656 1924 2697 non
1940 2641 2134 2699 adhuc
2150 2642 2427 2717 frequens
2454 2643 2643 2713 fuerit,
2659 2646 2824 2704 nullo
2837 2648 3021 2706 modo
3034 2664 3179 2707 sane
3196 2650 3274 2707 im
3283 2668 3456 2725 pera-

1804 2734 1989 2787 verat.

2244 2839 2572 2906 QUESTIO
2604 2844 2687 2898 xx
2722 2842 2830 2916 [αι.
2867 2843 3024 2918 XIX].

1806 2944 2008 3022 Quare
2024 2960 2100 3001 ex
2124 2946 2335 3022 ligeg'esi
2356 2962 2621 3022 egressus
2642 2948 2838 3022 homo.
2861 2951 2917 3004 si
2943 2953 3124 3007 vitam
3144 2957 3286 3022 agat
3310 2956 3457 3009 irre-

1874 3017 2438 3105 preheusibilemmgi
2447 3019 3133 3105 εᾳεξνιέοιῐιιεπρενυβηξιί
3145 3017 3248 3105 qui
3257 3030 3455 3105 autern

1873 3088 2129 3162 maculis
2154 3090 2749 3162 corporeisiinﬁcjtur,
2774 3088 3007 3147 etiamsi
3022 3094 3093 3147 ab
3107 3088 3455 3162 irijustisab-

1874 3159 2108 3230 stineat,
2139 3159 2219 3215 ad
2246 3160 2556 3217 sacerdotii
2578 3160 2923 3232 dignitatem
2953 3180 3067 3219 non
3107 3159 3407 3231 invehitur
3428 3166 3455 3222 ?

138 3460 257 3512 Edita
279 3479 307 3515 a
332 3469 481 3530 Maio,
509 3472 543 3520 1.
566 3488 636 3528 c.,
661 3489 711 3538 p.
736 3476 901 3524 20-21.
930 3478 1034 3527 Cur
1053 3478 1295 3530 defectus
1317 3482 1558 3544 corporis
1585 3481 2033 3593 irrigularitatem
2056 3480 2237 3547 quoad
2255 3481 2469 3532 ordines
2482 3484 2791 3545 constituat,
2814 3497 2925 3533 non
2944 3497 3069 3534 vero
3091 3484 3369 3534 conversio
3390 3499 3454 3535 ex

1706 3557 1879 3593 aerem.

1706 3557 1879 3594 aerem.

184 3638 242 3685 Τὸ
279 3633 326 3689 δ’
367 3640 438 3702 εἰς
477 3641 707 3717 ἀπορίαν
754 3651 1103 3719 προαγόμενον
1152 3649 1448 3724 πρόϐλημα,
1490 3655 1543 3704 τί
1599 3648 1695 3711 δή·

133 3738 229 3773 ποτε
284 3735 375 3778 τῶν
446 3731 910 3806 πλημμελημάτων
976 3740 1033 3789 τὸ
1114 3738 1486 3809 χαλεπώτατον
1533 3740 1692 3792 λιπὼν

131 3812 204 3865 τὴν
245 3818 427 3886 αἰρεσιν
482 3822 759 3896 ἄνθρωπος
814 3824 881 3887 εἰς
927 3827 1227 3899 ἱερωσύνην,
1269 3833 1340 3900 μὴ
1386 3838 1485 3882 τῶν
1528 3830 1691 3881 ἄλλων

134 3898 261 3967 ξονι-ιν
290 3916 621 3981 μαχομένων,
675 3914 1047 3987 παραγγέλλειν
1094 3914 1334 3969 δύναταιθ
1383 3920 1408 3970 ό
1443 3915 1492 3971 δ’
1541 3923 1693 3995 ὀρθό-

132 3981 252 4049 δθξον
303 4002 456 4070 φέρων
512 4004 571 4053 τὸ
631 4007 886 4075 φρόνημα,
953 4004 1154 4077 ἐμφύλῳ
1212 4012 1304 4065 τὴν
1356 4016 1516 4083 χεῖρα
1571 4012 1689 4081 μιά-

130 4094 199 4136 νας
236 4084 425 4153 αἵματι,
475 4093 505 4147 ἦ
545 4092 742 4162 τάφους
786 4091 1053 4169 ἀνορύξας,
1101 4099 1131 4154 ἥ
1165 4098 1490 4168 κατενεχθεὶς
1529 4101 1691 4172 μέχρι

130 4170 328 4237 σώματος
380 4175 448 4237 εἰς
508 4180 935 4250 κατενοχλοῦσαν
1008 4180 1226 4249 ἡδονὴν,
1314 4186 1343 4244 ἦ
1412 4184 1565 4246 ἆλλης
1616 4206 1689 4238 τι-

129 4261 190 4313 νός
262 4261 345 4312 οὐκ
417 4266 641 4337 εύαγούς
699 4269 924 4343 πράξεως
991 4275 1167 4345 ἶνοχος
1221 4280 1465 4344 γεγονὼς,
1520 4274 1690 4327 οὐκέτι

128 4340 226 4398 οὐδε
250 4354 365 4423 πρὸς
392 4360 673 4424 μετάνοιαν
710 4358 1156 4434 ἐπιστρεφόμενος,
1190 4359 1313 4416 οὐδε
1339 4359 1526 4426 διδοὺς
1566 4364 1691 4422 πλη-

127 4443 330 4507 ρηορίοο
380 4449 450 4514 μὴ
504 4441 871 4510 διστάζουσαν
923 4459 1027 4511 τοῖς
1070 4448 1376 4516 ἀδεκάστως
1427 4458 1686 4526 κρίνουσι,

128 4532 207 4572 τῶν
252 4529 594 4604 μολυσμάτων
640 4538 975 4611 κεκάθαρται·
1036 4539 1164 4592 ἀλλὰ
1225 4544 1327 4614 γὰρ
1376 4539 1552 4604 οὐδεὶς
1591 4551 1689 4594 τῶν

127 4618 347 4683 τοιούτων,
400 4619 544 4693 μηδὲ
590 4632 691 4675 τῶν
735 4625 898 4679 ἄλλων
947 4627 1139 4702 ἀρετῶν
1178 4629 1685 4705 ἐπιμαρτυρούντων,

129 4704 335 4771 οὖμενουν
358 4710 417 4762 ού
444 4712 721 4785 νομίζεται
749 4723 839 4777 τῆς
876 4719 1153 4790 ἱερωσύνης
1177 4717 1399 4781 ὶπάξιος.

181 4796 239 4843 Τό
286 4802 373 4868 μὲν
422 4796 512 4852 οὖν
546 4801 764 4875 ζήτημα
816 4804 1031 4858 παλαιόν
1070 4826 1125 4859 τε
1172 4814 1257 4861 καὶ
1302 4813 1394 4868 τὴν
1441 4811 1687 4867 τοιαύτην

1877 3652 1940 3708 In
1996 3651 2431 3708 dubitationem
2489 3668 2650 3708 nunc
2710 3653 3029 3710 adducitur
3098 3654 3255 3711 istud
3306 3670 3452 3727 pro-

1802 3739 2047 3796 blema:
2088 3756 2275 3813 quare
2332 3741 2379 3794 is
2431 3741 2531 3813 qui
2598 3747 2979 3814 peccatorum
3029 3743 3453 3813 gravissimum

1800 3827 2080 3884 hmresim
2107 3845 2323 3902 nempe
2346 3829 2598 3903 reliquit,
2615 3831 3033 3898 sacerdotium,
3061 3832 3174 3887 nisi
3193 3831 3312 3888 alia
3326 3832 3453 3903 ejus

1801 3933 1986 3991 opera
2015 3918 2389 3991 prohibeant,
2423 3920 2653 3975 ambire
2678 3919 2866 3992 possit
2891 3938 2903 3989 ;
2932 3920 3028 3976 ille
3058 3937 3198 3976 vero
3227 3921 3329 3994 qui
3356 3937 3453 3977 or-

1800 4007 2099 4064 thodoxos
2145 4008 2325 4065 habet
2355 4026 2586 4080 sensus,
2626 4026 2874 4066 manum
2904 4026 3048 4067 vero
3091 4010 3279 4067 fratris
3319 4027 3453 4067 san-

1802 4097 1980 4166 guine
2019 4097 2310 4169 polluerit,
2342 4098 2433 4153 vel
2458 4097 2732 4170 sepulcra
2752 4098 3078 4165 violaverit,
3105 4099 3195 4154 vel
3233 4114 3452 4170 corpus

1800 4184 2035 4241 funesta
2066 4186 2368 4258 voluptate
2400 4186 2699 4255 fedaverit,
2759 4186 2844 4243 vel
2895 4187 3076 4253 aliam
3116 4186 3450 4258 quamdam

1800 4289 1923 4330 non
1965 4275 2254 4332 mundam
2294 4276 2590 4332 actionem
2647 4275 2971 4342 admiserit,
3024 4290 3217 4347 neque
3271 4273 3316 4327 si
3376 4273 3449 4328 ad

1800 4364 2211 4433 paenitentiam
2233 4370 2609 4421 convertatur
2637 4381 2832 4437 neque
2865 4364 2914 4419 si
2929 4364 3270 4433 incorrupte
3295 4360 3453 4431 judi-

1800 4453 2065 4507 cantium
2110 4453 2402 4524 opinione,
2468 4453 2643 4525 plene
2704 4451 3062 4516 satisfecerit,
3104 4449 3450 4522 impollutus

1799 4540 2034 4596 evadat.
2060 4543 2245 4597 Nemo
2268 4542 2425 4597 enim
2458 4541 2675 4597 talibus
2696 4545 2795 4596 aut
2816 4539 2949 4596 aliis
2971 4539 3286 4596 virtutibus
3313 4554 3448 4612 pro-

1801 4633 2010 4694 tectus,
2039 4630 2364 4686 sacerdotio
2386 4630 2601 4702 dignus
2626 4628 2952 4701 judicatur.

1870 4807 2009 4873 Quae
2039 4805 2288 4879 quidem
2325 4804 2578 4878 quaestio
2611 4806 2864 4879 antiqua
2893 4810 3001 4873 est,
3035 4810 3091 4864 et
3119 4805 3234 4863 hoc
3265 4806 3448 4863 modo

130 4892 396 4956 προαγωγὴν
474 4893 841 4963 οἰκειούμενον
911 4894 955 4946 εἰ
1012 4892 1072 4948 δέ
1120 4916 1250 4959 τινες
1307 4897 1472 4972 ὀρθῶς
1514 4897 1687 4951 ἐπελύ-

1873 4895 1948 4951 let
1988 4895 2280 4951 enuntiari
2313 4912 2326 4963 ;
2363 4895 2408 4949 si
2437 4895 2543 4967 qui
2582 4911 2719 4951 vero
2749 4899 2902 4951 recte
2943 4910 3074 4951 eam
3122 4894 3445 4963 solverunt,

130 4983 273 5039 παντο,
302 4973 466 5040 ἡδέως
505 4980 571 5031 οἶν
620 4980 789 5032 αὐτῶν
835 4984 1077 5054 μαθητὴς
1107 4990 1370 5057 γενοίμην·
1408 4982 1689 5058 διδάξαιμι

130 5052 171 5104 δ’
203 5063 254 5110 ἄν
288 5068 407 5127 ἴσως
446 5068 489 5119 εἰ
527 5072 620 5120 καὶ
663 5073 734 5140 μὴ
767 5069 968 5136 ἄλλους,
1012 5074 1069 5124 σε
1109 5070 1168 5126 δὲ
1196 5078 1417 5137 πάντως·
1468 5078 1537 5136 ὡς
1576 5079 1690 5128 ὅσοι

126 5150 198 5213 μὲν
227 5147 490 5209 δνσσεϐεἰν
533 5160 740 5228 εἴχοντο
791 5166 1002 5232 γνώμης
1055 5162 1310 5234 προῆλθον
1356 5163 1461 5235 οὐχ
1509 5167 1688 5239 αἱρου-

126 5242 247 5303 μένης
279 5247 333 5294 τὸ
386 5247 601 5317 pauit”,
652 5246 762 5298 ἀλλ’
805 5247 1152 5313 ἐπιζητούσης
1190 5255 1247 5304 τὸ
1292 5251 1514 5322 ἀμείνονι
1558 5252 1687 5307 iuro"

130 5326 362 5395 σφαλέντες
399 5332 458 5387 δὲ
502 5343 595 5388 τοῦ
646 5337 783 5410 ἱεροῦ
828 5347 926 5390 τῶν
964 5344 1267 5415 κρειττόνων
1315 5343 1520 5416 ἔρωτος,
1563 5345 1687 5415 πρός

126 5416 170 5461 τὸ
216 5425 377 5491 χεῖρον
435 5425 462 5474 ὅ
491 5428 564 5495 μὴ
621 5426 893 5496 προέθεντο
942 5426 1339 5499 ἀπηνέχθησαν
1388 5430 1417 5487 ἡ
1456 5430 1546 5501 μὶν
1596 5430 1685 5481 ἀπ’

129 5495 273 5572 ἀρχῆς
303 5510 431 5583 ὁρμὴ
477 5517 685 5575 τούτοις
726 5516 869 5572 ἤνθει
897 5520 955 5568 τὸ
987 5516 1201 5589 ἀγαθόν’
1234 5519 1263 5575 ἠ
1312 5514 1372 5570 δὲ
1417 5516 1688 5591 ἁποτυχία

126 5583 292 5646 δῦναιεθ
345 5598 403 5649 ἰιν
452 5604 794 5675 καταφεύγειν
833 5603 900 5666 εἰς
937 5608 995 5657 τὸ
1026 5615 1121 5667 τῆς
1151 5609 1353 5678 φύσεως
1394 5605 1687 5681 ὁιπομαραι⁹

125 5694 297 5748 iam
354 5693 444 5742 καὶ
495 5688 722 5757 ἀσθενές*
777 5696 867 5745 καὶ
932 5693 1077 5747 οὗτοι
1134 5697 1224 5767 μεν
1274 5704 1374 5747 τῶν
1435 5702 1688 5771 χειρόνων

1796 4983 2050 5040 libenter
2062 5001 2155 5040 me
2171 5000 2370 5040 eorum
2384 4983 2746 5056 discipulum
2764 4984 3207 5041 constituerem.
3221 4983 3448 5041 Docebo

1800 5077 1998 5129 autem
2021 5073 2190 5137 forte,
2222 5073 2270 5128 si
2299 5073 2497 5129 minus
2527 5072 2696 5138 alios,
2722 5079 2774 5130 te
2805 5073 3015 5129 saltem
3044 5074 3321 5143 omnino;
3350 5074 3449 5145 qui

1797 5162 2037 5234 quidem
2077 5159 2248 5235 impii
2296 5161 2669 5219 habebantur
2716 5179 2751 5218 a
2789 5162 3094 5219 voluntate
3143 5162 3446 5234 progressi

1798 5253 1937 5305 sunt
1964 5249 2191 5306 malum
2218 5266 2338 5307 nou
2360 5250 2629 5322 eligente,
2658 5250 2761 5307 sed
2782 5252 3012 5307 bonum
3035 5251 3443 5321 investigante,

1798 5353 1968 5395 sacro
1993 5343 2193 5394 autem
2222 5339 2587 5409 optimorum
2617 5355 2821 5395 amore
2851 5338 3088 5412 privati,
3119 5338 3198 5394 ad
3227 5338 3446 5394 malum

1796 5426 1956 5499 quod
1994 5443 2116 5483 non
2148 5431 2625 5499 prmposuerunt,
2660 5427 2841 5483 delati
2880 5434 3018 5483 sunt
3046 5446 3059 5496 ;
3091 5444 3128 5484 a
3156 5426 3448 5500 principio

1795 5518 1957 5575 enim
1981 5516 2202 5574 amoris
2231 5517 2512 5573 terminus
2536 5516 2607 5572 iis
2634 5515 2887 5572 ﬂorebat
2932 5516 3182 5584 bonum;
3242 5531 3447 5572 eorum

1795 5622 1977 5680 porro
2002 5605 2201 5662 infelix
2232 5603 2423 5662 exitus
2460 5609 2664 5675 posset
2693 5607 2770 5661 ad
2801 5605 3238 5676 corruptionem
3268 5609 3325 5660 et
3361 5603 3449 5659 in-

1796 5695 2144 5755 ﬁrmitatem
2209 5700 2428 5753 naturae
2479 5693 2836 5764 confugere;
2892 5694 2990 5750 etii
3048 5710 3085 5751 a
3138 5693 3448 5766 pejoribus
