4086 6190
260 245 349 299 HQ

250 369 348 421 ἀλλ’

247 457 481 532 δευτέραν
550 458 641 511 οὐκ
707 461 913 531 ἔχοντες
974 458 1138 524 τάξι),
1195 464 1286 518 τὴν
1338 468 1618 512 συνιοῦσαν
1681 455 1834 531 ἀνδρὶ

243 551 361 622 πρὸς
406 548 562 619 lix-9;
613 553 931 620 σημίίίνθυσι
973 558 1042 619 τῷ
1087 546 1322 622 ὀνόματι.
1381 547 1538 601 Πάλιν
1581 553 1833 621 σοφιστὴν

245 641 375 690 ἔστιν
430 635 631 689 ἀκούειν
677 641 763 689 τὸν
810 640 900 697 τὰς
939 636 1151 709 λογικὰς
1206 643 1411 710 τέχνας
1450 633 1772 690 διδάσκοντα
1818 652 1829 665 °

243 724 474 801 δεύτερον
506 722 567 779 δὲ
680 730 737 778 τὸ
777 726 1008 779 λεκτικὸν
1042 723 1181 789 Sido;
1224 726 1521 786 ἐπήσκηται
1559 744 1571 756 ·
1607 731 1696 779 καὶ
1730 728 1833 799 τρί-

240 834 321 867 τον
390 817 443 875 5;
487 835 565 877 τις
612 820 703 874 τὴν
750 813 798 867 ἐν
846 823 955 876 τοὶς
1018 815 1192 888 λόγοις
1230 821 1526 891 γυμνασίαν
1570 824 1669 868 τῶν
1708 813 1835 872 πλη-

243 906 522 965 σιαζόντων
577 908 702 981 πρὸς
764 910 853 963 τὴν
915 904 1306 982 ἐπηρεάζουσαν
1356 910 1458 981 ἔριν
1528 902 1831 980 διέφθειρεν.

244 995 394 1047 Ἀλλὰ
433 998 539 1069 γὰρ
596 999 781 1047 καὶτὸ
839 998 1087 1066 σταθερὸν
1139 996 1197 1048 οὗ
1251 1000 1309 1049 τὸ
1351 998 1605 1068 στάσιμον
1658 999 1830 1067 μόνον,

240 1082 359 1135 ἄλλα
418 1089 508 1136 καὶ
556 1087 615 1136 τὸ
665 1084 910 1158 ἰσχυρὸν,
962 1091 1051 1137 καὶ
1108 1087 1312 1159 θερμὸν,
1363 1091 1452 1137 καὶ
1508 1084 1596 1148 ὁξὺ
1646 1090 1832 1155 σημαὶ.

236 1194 313 1225 νον
342 1174 662 1245 εὑρίσκεται.
720 1178 817 1226 Καὶ
862 1171 927 1233 δὴ
979 1180 1068 1227 καὶ
1113 1179 1169 1227 τὸ
1210 1174 1416 1248 φαῦλον,
1467 1175 1524 1227 οὗ
1571 1177 1627 1225 τὸ
1675 1177 1831 1225 κακον

233 1268 399 1335 μόνον,
441 1260 569 1316 οὐδὲ
605 1267 662 1316 τὸ
696 1265 993 1337 μοχθηρὸν,
1033 1260 1156 1318 οὐδὲ
1196 1267 1253 1317 τὸ
1295 1264 1532 1337 ἀπρεπές·
1579 1264 1705 1315 ἀλλὰ
1744 1268 1832 1315 καὶ

233 1357 285 1404 τὸ
322 1358 477 1424 μέγα,
520 1358 612 1405 καὶ
657 1358 715 1405 τὸ
761 1359 966 1428 μικρόν·
1019 1354 1269 1417 ὡσαύτως
1317 1352 1373 1407 δὲ
1412 1360 1500 1407 καὶ
1539 1357 1593 1406 τὸ
1622 1348 1829 1428 ῥᾴδιον,

232 1448 313 1493 καὶ
360 1446 415 1494 τὸ
466 1442 665 1494 ἁπλοῦν
718 1448 807 1495 καὶ
851 1442 1127 1516 ἀπόνηρον,
1179 1448 1265 1496 καὶ
1308 1448 1365 1496 τὸ
1410 1449 1595 1516 τυχὸν,
1639 1448 1726 1494 καὶ
1772 1447 1829 1494 τὸ

230 1531 388 1591 ἁπλῶς
442 1531 759 1604 περιείληφε.
815 1537 918 1585 Ναὶ
961 1529 1027 1592 δὴ
1094 1537 1180 1585 καὶ
1242 1535 1297 1585 τὸ
1344 1533 1691 1585 πυνθάνεσθαι
1746 1528 1825 1583 δο-

230 1630 342 1673 κουν
398 1625 530 1693 πρὸς
584 1622 631 1674 ἓν
675 1620 962 1696 ἀναφέρειν,
1014 1617 1275 1696 διαφόρων
1323 1621 1460 1674 ἐστὶν
1516 1610 1830 1693 ἁπογυάθων

1306 245 1399 299 AD
1440 237 1990 297 AMPHILOCHIUM
2033 243 2361 308 QU/ESTIO
2402 249 2551 305 XXI.

389 371 413 420 ο
447 369 603 431 αὐτὸς
632 387 679 421 τε
710 367 863 419 πάλιν
903 388 991 419 και
1028 368 1208 422 πολλοὶ
1248 369 1394 422 ἄλλοι
1442 374 1534 427 τὴν
1576 367 1621 420 ἐν
1658 367 1825 439 λόγοις

1946 369 2105 425 Plato
2135 372 2332 445 ἄλοχον
2364 375 2626 448 appellat
2657 377 2967 448 virginem,
2993 380 3337 455 videturque
3373 387 3599 458 sapien-

3496 260 3596 315 150

1948 461 2031 514 ter
2069 459 2252 533 loqui,
2297 463 2436 537 quia
2483 468 2642 521 vocis
2695 466 3051 541 etymologia
3091 471 3375 529 feminam
3409 475 3598 533 innuit

1946 548 2055 638 tori
2076 550 2273 607 adhuc
2288 555 2744 626 expertem.Sed
2771 563 2969 614 tamen
2997 552 3154 615 idem
3192 558 3597 638 Plato,aliique

1944 635 2142 710 plures
2174 656 2295 697 non
2342 641 2632 700 inferioris
2674 644 2917 703 subselii
2951 652 3248 717 auctores,
3290 669 3425 709 eam
3460 635 3597 726 quae

1943 726 2074 783 viro
2100 728 2378 787 societate
2418 732 2662 790 thalami
2690 736 3010 809 conjuncta
3038 744 3126 794 est
3166 740 3280 797 hoc
3312 742 3597 800 vocabulo

1943 815 2278 888 indigitant.
2340 820 2480 878 Item
2513 830 2766 897 σοφιστὴν
2798 824 3050 884 dicimus
3106 833 3226 885 tum
3289 847 3426 887 eum
3491 831 3596 904 qui

1943 905 2169 978 logicas
2199 909 2543 983 disciplinas
2594 914 2790 985 tradit,
2834 919 2958 972 tum
2990 919 3168 974 etiam
3209 921 3312 991 qui
3360 921 3597 978 dicendi

1944 998 2131 1053 artem
2154 999 2481 1071 proﬁtetur,
2507 1003 2675 1059 tertio
2692 1002 2952 1078 denique
2980 1006 3148 1063 illum
3171 1008 3596 1082 quischolasti-

1942 1101 2079 1141 cum
2128 1086 2467 1145 auditorum
2517 1108 2761 1148 suorum
2804 1095 3146 1155 exercitium
3188 1098 3266 1154 ad
3324 1099 3594 1157 fallacem

1942 1175 2383 1233 contentionem
2408 1178 2612 1236 vitiose
2637 1182 2937 1238 traducere
2961 1183 3131 1241 solct.
3161 1186 3448 1263 Praeterea
3473 1209 3596 1241 στα-

1945 1262 2107 1338 Θερὸν,
2142 1280 2262 1320 non
2299 1265 2492 1323 solum
2525 1267 2752 1337 stabile,
2787 1262 2993 1328 verum
3028 1276 3205 1329 etiam
3240 1262 3499 1331 validum
3541 1282 3596 1332 et

1940 1346 2255 1419 fervidum,
2282 1360 2338 1410 et
2354 1371 2487 1411 acre
2506 1354 2840 1426 signiﬁcare
2860 1362 3276 1433 comperimus.
3298 1363 3446 1420 Tum
3469 1374 3595 1436 φαο-

1939 1439 2022 1492 λον
2052 1456 2173 1497 non
2216 1458 2465 1513 pravum
2498 1440 2914 1504 tantummodo
2945 1455 2999 1504 et
3047 1449 3387 1521 improbum
3419 1459 3475 1509 et
3508 1455 3594 1511 in~

1941 1528 2243 1597 decorum,
2289 1532 2390 1588 sed
2440 1534 2619 1590 etiam
2660 1553 2973 1606 maguum,
3014 1539 3135 1595 imo
3181 1546 3239 1595 et
3287 1559 3529 1613 parvum
3577 1562 3590 1613 ;

1940 1616 2203 1691 itemque
2221 1620 2390 1678 facile
2415 1626 2473 1678 et
2494 1623 2745 1697 simplex
2773 1628 2829 1682 et
2858 1624 3172 1683 innoxium
3200 1635 3254 1685 et
3285 1630 3592 1688 fortuitum

227 1711 362 1786 ῥίζα.
418 1709 772 1784 προϐάλλεται
812 1715 912 1784 γὰρ
964 1717 1077 1764 τότε
1123 1714 1415 1784 μανθάνειν,
1458 1717 1545 1763 καὶ
1585 1715 1641 1763 τὸ
1693 1712 1825 1762 ἱστο-

1942 1708 2253 1780 quodlibet
2281 1716 2337 1767 et
2367 1709 2759 1785 incogitatum
2792 1714 3055 1772 denotat.
3090 1719 3157 1773 Et
3185 1718 3433 1791 quidem
3467 1737 3591 1778 ver-

229 1806 345 1872 ρείν,
402 1805 493 1852 καὶ
544 1798 765 1875 ἐρωτᾷν,
813 1806 901 1853 καὶ
956 1803 1154 1854 τοιαύθ³
1208 1802 1371 1873 ἔτερα.
1419 1801 1475 1852 Ὀ
1527 1798 1584 1853 ὃε
1624 1799 1831 1862 πελανές

231 1893 256 1947 ἦ
303 1889 433 1953 λέξις
474 1893 661 1961 πέμμα
710 1910 764 1943 τε
805 1889 857 1953 ἐξ
901 1890 1115 1966 ἀλεύρου
1166 1892 1371 1953 θυσίαις
1416 1886 1701 1950 ἐπιτήδειον
1738 1884 1833 1947 δη-

228 1978 320 2031 λοῖ·
354 1974 511 2037 δηλοῖ
540 1977 601 2032 δε
622 1984 714 2031 καὶ
747 1984 832 2032 τὸν
863 1985 980 2056 περὶ
1011 1990 1081 2052 τῷ
1107 1986 1329 2053 στόματι
1358 1983 1625 2051 πεπηγότα
1652 1978 1826 2055 ἄφρονε

389 2073 480 2121 καὶ
523 2072 584 2121 τὸ
638 2066 843 2134 ὀπώδεε
886 2067 1115 2144 δάκρυον
1166 2074 1399 2142 πεπηγὸς
1425 2088 1477 2122 τε
1519 2074 1608 2121 καὶ
1647 2068 1829 2143 ἐξηρα-

228 2162 387 2228 μένον,
434 2159 542 2210 οἷον
594 2163 781 2231 κόμμι,
835 2164 924 2212 καὶ
968 2162 1032 2211 τὰ
1080 2162 1235 2231 ὁμοια
1276 2176 1287 2189 ⁸
1325 2163 1411 2211 καὶ
1462 2164 1701 2232 τέταρτον
1746 2162 1829 2211 τὸν

231 2246 396 2299 ὀϐολὸν
436 2249 562 2300 ὅσον
593 2255 707 2310 τοῖς
745 2250 990 2320 μάντεσιν
1025 2250 1168 2301 εἴωθε
1199 2244 1454 2301 δίδοσθαι
1483 2250 1692 2320 μισθός.
1732 2252 1829 2300 Καὶ

227 2340 277 2388 τό
341 2338 501 2410 ὁμόσε
552 2332 614 2390 δὲ
670 2340 729 2389 τὸ
770 2336 1031 2413 ἐπίρρημα
1075 2334 1229 2396 δηλοῖ
1282 2340 1372 2409 μὲν
1417 2340 1472 2389 τὸ
1521 2336 1823 2400 ἐξεναντίας

232 2428 257 2484 ἡ
292 2422 348 2479 δὲ
386 2435 485 2479 τῶν
517 2425 766 2500 ἀρχαίων
795 2434 997 2501 χρῆσις
1030 2424 1381 2479 ἐπιδείκνυσιν
1422 2426 1547 2478 αὖτὸ
1590 2431 1678 2478 καὶ
1712 2424 1826 2478 ἀντὶ

229 2524 312 2567 τοῦ
365 2512 589 2588 σχεδὸν,
652 2520 743 2567 καὶ
785 2520 899 2568 ἀντὶ
937 2524 1028 2569 τοῦ
1080 2516 1236 2587 ἐγγυς
1279 2514 1822 2590 παραλαμϐανόμενον.

231 2605 297 2657 Οὐ
323 2610 423 2677 μὴν
640 2609 732 2658 καὶ
771 2609 828 2657 τὸ
861 2614 948 2657 νῦν
995 2602 1088 2671 δὴ,
1121 2605 1179 2658 οὗ
1219 2609 1275 2659 τὸ
1315 2608 1476 2680 παρὸν
1507 2602 1612 2664 ἤδη
1651 2609 1822 2677 μόνον,

385 2698 476 2746 καὶ
523 2697 583 2746 τὸ
629 2697 818 2767 μικρὸν
868 2697 1153 2769 ἔμπροσθεν
1204 2698 1412 2767 γεγονὸς
1461 2694 1822 2748 ὑποϐάλλεται.

228 2778 358 2841 Ἤδη
414 2779 475 2836 δὲ
531 2788 626 2836 καὶ
675 2786 732 2834 τὸ
780 2784 980 2856 κομψὸν
1039 2784 1149 2855 (33)
1220 2783 1288 2845 εἰς
1348 2783 1511 2836 πολλα
1562 2787 1827 2856 μερίζεται

231 2877 599 2945 σημαινόμενα’
650 2878 709 2924 τὸ
749 2892 802 2924 τε
839 2876 939 2945 γὰρ
983 2878 1283 2948 περίτρανον
1324 2878 1412 2925 καὶ
1460 2876 1517 2925 τὸ
1564 2878 1823 2943 τεχνικόν.

228 2964 290 3013 Τὸ
332 2958 388 3013 δὲ
417 2960 844 3034 πολυθρύλλητον
883 2958 911 3019 ἧ
962 2958 1012 3014 δ’
1055 2962 1128 3030 ὃς,
1178 2967 1266 3014 καὶ
1307 2958 1366 3020 ἦν
1418 2958 1469 3013 δ’
1508 2961 1627 3032 ἐγὼ,
1672 2963 1699 3019 ἡ
1735 2968 1824 3012 τοῦ

1940 1792 2089 1882 bum
2119 1816 2361 1872 quoque
2386 1804 2758 1874 πυνθάνεσθαι,
2789 1804 2953 1877 quod
2982 1821 3170 1862 unum
3198 1824 3439 1865 sensum
3463 1827 3594 1882 spe-

1941 1878 2099 1943 ctare
2147 1882 2397 1959 videtur,
2446 1892 2845 1964 complurium
2888 1895 3225 1964 germinum
3269 1898 3441 1955 radix
3484 1878 3589 1956 est.

1942 1976 2313 2051 Quandoque
2334 1979 2494 2037 enim
2520 1981 2795 2054 exprimit
2820 1982 3068 2050 discere,
3099 1992 3156 2042 et
3179 1986 3512 2060 explorare,
3536 1993 3594 2045 et

1942 2065 2254 2134 sciscitari,
2313 2072 2370 2125 et
2419 2060 2537 2126 alia
2595 2062 2914 2141 ejusmodi.
2967 2074 3098 2130 Jam
3150 2075 3331 2133 dictio
3378 2076 3611 2142 minue;

1941 2153 2095 2213 valet
2120 2154 2456 2228 placentam
2478 2173 2550 2214 ex
2574 2156 2768 2216 farina
2799 2160 3098 2218 sacriﬁciis
3128 2160 3411 2220 idoneam
3441 2180 3454 2221 :
3486 2143 3591 2222 sed

1939 2236 2140 2301 tamen
2169 2244 2329 2303 valet
2354 2245 2532 2304 etiam
2551 2262 2827 2321 spumam
2857 2250 3013 2307 circa
3034 2267 3102 2307 os
3136 2251 3543 2311 adhaerentem
3573 2272 3587 2311 :

1939 2349 2048 2390 nec
2078 2350 2200 2391 non
2230 2351 2503 2393 crassam
2526 2334 2864 2411 lacrymam
2893 2347 3223 2397 concretam
3258 2346 3439 2416 atque
3465 2360 3591 2400 are-

1938 2424 2157 2482 factam
2204 2440 2313 2481 ceu
2355 2425 2609 2501 gummi,
2662 2433 2718 2483 et
2769 2427 3029 2485 similia:
3070 2437 3284 2503 quarto
3331 2431 3591 2504 denique

1937 2513 2205 2582 obolum,
2238 2515 2343 2588 qui
2376 2514 2616 2572 hariolis
2652 2518 2944 2575 mercedis
2978 2534 3119 2590 ergo
3154 2521 3372 2592 porrigi
3418 2520 3589 2580 solet.

1937 2602 2118 2660 Porro
2173 2605 2331 2676 ὁμόσε
2404 2603 2758 2662 adverbium
2822 2607 3122 2678 signiﬁcat
3189 2626 3257 2665 ex
3312 2611 3588 2678 adverso,

1935 2709 2289 2765 quanquam
2333 2694 2393 2750 in
2443 2710 2558 2750 usu
2603 2700 2869 2752 veterum
2907 2702 3228 2769 usurpatur
3269 2699 3447 2755 etiam
3487 2716 3592 2771 pro

1935 2782 2112 2854 quasi
2139 2788 2192 2839 et
2233 2798 2444 2856 prope.
2484 2784 2633 2849 Quin
2676 2784 2859 2841 etiam
2898 2794 2985 2838 νῦν
3018 2803 3140 2843 non
3187 2804 3288 2858 pro
3317 2803 3479 2843 nunc
3504 2803 3592 2844 so-

1934 2869 2061 2926 lum
2090 2871 2196 2927 sed
2226 2873 2404 2928 etiam
2436 2889 2544 2943 pro
2575 2889 2769 2945 nuper
2797 2874 2952 2930 facto
2983 2876 3246 2948 ponitur,
3286 2878 3418 2932 Jam
3446 2892 3588 2932 vero

1936 2965 1991 3016 et
2020 2959 2221 3034 κομψὸν
2246 2960 2308 3016 in
2339 2960 2557 3019 multas
2589 2961 2864 3018 tribuitur
2894 2964 3360 3034 signiﬁcationes
3397 2983 3410 3032 ;
3446 2981 3588 3020 nam

234 3050 481 3110 Πλάτωνος
526 3049 822 3122 φιλοτιμίω
873 3049 999 3102 ἀλλὰ
1045 3053 1146 3124 γὰρ
1198 3046 1317 3108 τ’ὸῆ
1366 3046 1415 3102 δ’
1456 3052 1531 3115 ὃς,
1583 3054 1824 3121 σημαίνει

1937 3053 1992 3103 et
2016 3048 2400 3121 perspicuum
2421 3049 2665 3106 denotat
2684 3052 2741 3106 et
2769 3052 3080 3121 garrulum
3113 3058 3169 3108 et
3192 3057 3501 3109 versutum
3530 3058 3587 3108 et

229 3142 310 3210 μὲν
357 3141 423 3200 ὡς
467 3138 663 3191 ἐπίπαν
708 3142 768 3191 τὸ
803 3141 893 3211 ἔφη
950 3135 1010 3191 δέ
1062 3140 1207 3199 οὗτος
1248 3157 1260 3168 ⁸
1315 3139 1442 3191 ἀλλὰ
1494 3143 1579 3190 καὶ
1620 3141 1678 3191 τὸ
1729 3141 1818 3210 ἔφη

226 3232 385 3297 μόνον,
439 3237 527 3280 τοῦ
601 3224 905 3300 συνδέσμου
948 3232 1036 3281 καὶ
1082 3236 1172 3280 τοῦ
1230 3230 1424 3302 ἄρθρου
1484 3227 1822 3300 παρέλκοντος

228 3315 432 3369 ἐνταῦθα
480 3324 674 3392 χώραν
727 3316 971 3388 ἐχόντων·
1027 3321 1057 3376 ἤ
1113 3314 1253 3390 μηδὲ
1312 3313 1623 3389 συνδεσμὸν,
1681 3314 1819 3388 μηδὲ

227 3408 402 3476 ἄρθρον
452 3407 902 3480 ὑπεμφαινοντων,
951 3405 1079 3458 ἀλλὰ
1126 3415 1217 3467 τῆς
1261 3406 1377 3467 ὅλης
1434 3416 1600 3478 φωνῆς
1649 3414 1816 3478 μερῷν

226 3494 579 3567 ὑπαρχόντων,
643 3496 800 3553 ἡνίκα
850 3492 989 3568 μηδὲ
1043 3500 1184 3567 γένος
1252 3493 1382 3567 μηδ’
1443 3494 1662 3570 αριθμὸν
1722 3491 1813 3547 δύ-

226 3586 342 3634 ναιτ’
400 3587 459 3636 οἰν
499 3588 875 3657 παρεμφαίνειν
925 3587 954 3643 ἡ
1007 3584 1155 3647 λέξις·
1206 3584 1258 3648 ἐξ
1301 3585 1360 3636 οὗ
1398 3590 1487 3637 καὶ
1531 3588 1817 3659 καθορᾶται

227 3674 277 3722 τὸ
331 3669 358 3729 ἦ
414 3670 463 3725 δ’
521 3676 574 3734 ὅς
621 3673 682 3725 οὐ
729 3678 881 3746 μονον
928 3672 1011 3726 ἐπὶ
1067 3682 1158 3726 τοῦ
1205 3673 1377 3734 θήλεος
1432 3674 1815 3746 μεθελκομενον,

227 3760 321 3811 οἷον
362 3762 450 3833 ἔφη
498 3763 659 3829 αὕτη,
710 3760 837 3815 ἀ).λὰ
884 3767 972 3816 καὶ
1018 3766 1148 3837 πρὸς
1196 3762 1391 3824 πλῆθος
1443 3761 1542 3815 ἀπὸ
1590 3772 1677 3823 τῆς
1726 3761 1821 3814 ἑνι-

228 3857 311 3909 κῆς
337 3860 503 3919 φωνῆς
552 3855 1007 3926 περιτρεπόμενον
1066 3856 1309 3924 σημαίνει
1350 3855 1450 3924 γὰρ
1481 3856 1570 3903 καὶ
1616 3856 1673 3903 τὸ
1706 3854 1822 3924 ἔρα-

232 3956 332 3988 σαν·
388 3939 430 3992 εἰ
483 3938 542 3993 δε
609 3944 703 3992 καὶ
747 3944 804 3993 τὸ
858 3941 897 3991 ὧ
948 3940 1086 4013 φίλος
1146 3938 1319 4005 δηλοῖ,
1382 3944 1524 3994 οὔπω
1574 3945 1822 4013 παρέχειν

230 4024 355 4080 ἐστὶν
386 4030 723 4091 ἀξιοπιστίαν
752 4028 1092 4101 Κριτόϐουλος
1120 4030 1282 4101 (33').
1316 4029 1444 4082 ἀλλὰ
1470 4038 1705 4082 τοσαῦτα
1734 4034 1823 4102 μεν

230 4120 341 4177 τέως
368 4116 673 4194 παραδηλοῖ
705 4122 765 4171 τὸ
810 4115 839 4177 ἦ
888 4115 939 4172 δ’
968 4121 1042 4179 ὃς.
1087 4124 1156 4173 Τὸ
1205 4116 1263 4172 δὲ
1307 4116 1366 4179 ἦν
1400 4116 1450 4171 δ’
1493 4118 1611 4191 ἐγὼ,
1653 4122 1826 4172 καίτοι

228 4224 281 4271 γε
323 4212 404 4259 τὸν
460 4210 639 4280 ὅμοιον
698 4212 1080 4280 σχηματισμὸν
1124 4211 1268 4280 ἔχον,
1316 4209 1387 4270 εἰς
1430 4212 1553 4280 τρία
1591 4213 1825 4279 τέμνεται

230 4303 397 4367 ταῦτα,
465 4300 531 4358 εἰς
582 4317 639 4349 τε
698 4300 757 4348 τὸ
816 4300 940 4369 ἔφην
995 4293 1045 4348 0‘"
1100 4296 1218 4368 ἐγὼ,
1275 4303 1363 4350 καὶ
1423 4298 1487 4358 εἰς
1548 4302 1604 4350 τὸ
1658 4297 1824 4359 ἁπλῶς

1935 3143 2144 3209 aptum
2168 3154 2245 3194 an
2267 3138 2779 3210 persuadendum,
2809 3142 2865 3196 et
2893 3141 3150 3213 denique
3173 3142 3583 3198 artiﬁciosum.

1934 3227 2087 3293 Quid
2118 3243 2255 3283 vero
2284 3226 2433 3283 illud
2463 3226 2787 3288 solemne?)
2838 3227 2888 3282 δ’
2930 3232 3000 3296 ὃς,
3049 3234 3103 3287 et
3138 3227 3198 3289 ἦν
3237 3227 3286 3283 δ’
3324 3229 3444 3303 ἐγώ,
3485 3230 3589 3302 qui

1930 3315 2188 3373 Platonis
2212 3322 2459 3373 ornatus
2504 3322 2592 3373 est
2616 3313 2694 3376 ἳῆ
2742 3315 2790 3370 δ’
2832 3320 2906 3384 ὃς,
2940 3318 3188 3392 quidem
3220 3336 3326 3392 per
3365 3336 3425 3376 se
3465 3336 3589 3375 om-

1928 3404 2073 3461 nino
2088 3404 2405 3477 signiﬁcat,
2423 3405 2570 3463 dixit
2586 3406 2680 3463 hic
2701 3430 2713 3461 :
2735 3407 2841 3464 sed
2862 3409 3029 3465 etiam
3058 3407 3587 3481 dixitsimpliciter;

1926 3494 2010 3550 ita
2032 3499 2095 3552 ut
2116 3494 2453 3568 copulativa
2478 3495 2772 3569 particula
2793 3500 2851 3553 et
2880 3496 3159 3553 articulus
3179 3497 3460 3554 relativus
3476 3496 3588 3553 hoc

1925 3570 2060 3640 loco
2097 3583 2316 3641 frustra
2360 3585 2477 3641 sint
2519 3601 2533 3640 :
2579 3585 2701 3641 imo
2729 3601 2867 3641 vero
2912 3601 3108 3659 neque
3151 3586 3589 3657 coniunctionis

1928 3688 2124 3747 neque
2154 3673 2383 3731 articuli
2405 3674 2527 3730 vice
2552 3674 2904 3745 fungantur,
2938 3676 3040 3730 sed
3067 3676 3281 3746 integri
3306 3675 3589 3733 vocabuli

1930 3767 2128 3836 partes
2158 3764 2275 3818 sint
2306 3780 2321 3831 ;
2351 3764 2842 3837 quotiescumque
2877 3765 3000 3820 haec
3038 3763 3218 3822 dictio
3270 3781 3463 3838 neque
3489 3780 3590 3835 ge-

1931 3851 2087 3909 neris
2111 3867 2306 3925 neque
2335 3852 2570 3908 numeri
2598 3852 2894 3908 rationem
2927 3852 3126 3909 habet.
3157 3856 3349 3921 Quare
3389 3853 3588 3910 videre

1933 3938 2117 4000 liceti
2143 3937 2193 3994 δ’
2223 3943 2277 4004 ὃς
2307 3957 2429 3997 non
2472 3941 2668 3998 solum
2692 3941 2951 3999 femineo
2983 3959 3195 4015 genere
3222 3942 3587 4007 adhibitum,

1935 4030 2017 4087 ita
2061 4034 2121 4086 ut
2159 4035 2330 4086 sonet
2362 4028 2504 4086 dixit
2533 4029 2681 4102 ipsa,
2735 4046 2945 4086 verum
2987 4031 3168 4088 etiam
3199 4031 3276 4088 ad
3328 4030 3591 4088 multitu-

1934 4119 2137 4175 dinem
2158 4117 2547 4175 indicandam
2571 4119 2685 4175 hoc
2711 4119 3032 4189 singularis
3056 4120 3288 4176 numeri
3325 4120 3589 4176 vobabu-

1938 4211 2060 4266 lum
2076 4207 2406 4280 aliquando
2434 4223 2790 4265 conversum
2824 4228 2836 4267 :
2871 4225 3014 4265 nam
3048 4208 3324 4265 dixerunt
3347 4224 3589 4281 quoque

1936 4297 2251 4368 signiﬁcat.
2284 4301 2460 4354 Porro
2492 4302 2692 4353 utrum
2715 4297 2946 4354 dicatur
2975 4299 3152 4355 etiam
3184 4314 3292 4371 pro
3324 4314 3360 4353 ο
3392 4297 3586 4363 sodes,

233 4384 359 4453 ἔφην,
412 4388 531 4461 ὅπερ
591 4388 783 4458 ὁμοίως
836 4385 917 4438 ἐπί
976 4406 1030 4438 τε
1082 4386 1302 4461 ἀρρένων
1357 4386 1825 4460 παραλαμϐάνουσι

1937 4387 2204 4444 nondum
2244 4386 2385 4469 satis
2423 4386 2697 4443 credibile
2723 4386 2855 4443 fecit
2892 4387 3249 4445 Critobulus.
3286 4387 3584 4443 Hactenus

234 4478 313 4523 καὶ
361 4474 588 4532 Θηλειών.
652 4480 755 4528 Καὶ
811 4478 869 4527 τὸ
927 4476 1161 4550 ϐράττειν
1221 4473 1300 4541 δὲ,
1354 4482 1596 4548 σημαίνει
1642 4480 1730 4549 μεν
1771 4481 1826 4529 τὸ

237 4566 499 4635 ταράσσειν
548 4569 639 4617 καὶ
689 4568 747 4617 τὸ
796 4563 1044 4637 ἐνοχλεῖν·
1083 4570 1328 4637 σημαίνει
1372 4564 1431 4618 δὲ
1477 4571 1567 4618 καὶ
1605 4570 1663 4618 τὸ
1709 4570 1829 4619 νύσ-

242 4668 333 4702 σειν
372 4660 458 4705 καὶ
486 4661 663 4706 κινεῖν’
721 4651 847 4705 ἀλλὰ
885 4660 974 4706 καὶ
1006 4657 1061 4706 τὸ
1101 4652 1491 4725 δυσωπεῖσθαι,
1531 4660 1621 4708 καὶ
1652 4659 1707 4708 τὸ
1740 4658 1830 4728 ὑφ’

241 4743 465 4811 οροὶσθαι.
520 4748 621 4796 Καί
666 4761 725 4814 γε
754 4747 840 4795 καὶ
879 4746 937 4795 τὸ
974 4744 1241 4804 τευτάξειν
1284 4746 1517 4817 εὑρήσεις
1552 4748 1688 4797 κατὰ
1714 4741 1807 4799 δια

242 4832 389 4899 φόρων
458 4833 805 4904 ὑποκειμένων
876 4836 1171 4905 φερόμενον
1256 4839 1346 4886 καὶ
1411 4836 1510 4907 γὰρ
1568 4832 1681 4886 ἀντὶ
1739 4842 1829 4887 τοῦ

243 4923 682 4990 πραγματεύεσθαι
725 4920 1202 4995 παραλαμϐάνεται,
1234 4928 1323 4975 καὶ
1363 4922 1475 4975 ἀντὶ
1505 4931 1595 4975 τοῦ
1638 4943 1830 4976 σκευω-

242 5011 444 5077 ρεῖσθαι,
486 5012 861 5083 στρατεύεσθαί
904 5030 956 5062 τε
1003 5014 1092 5063 καὶ
1133 5007 1437 5083 διατρίϐειν,
1488 5016 1576 5064 καὶ
1619 5018 1829 5085 φροντί-

246 5096 335 5155 ζειν
373 5098 523 5152 ἐνίοτε
570 5119 582 5131 ·
618 5097 938 5173 ἐπιστρεφῶς
978 5096 1038 5152 δὲ
1081 5102 1323 5173 πράττειν
1354 5120 1405 5153 τι
1445 5106 1533 5153 καὶ
1585 5101 1821 5177 ἐνεργεῖν·

244 5190 321 5235 καὶ
373 5193 468 5259 μὴν
524 5194 611 5241 καὶ
676 5183 1017 5253 σπουδάζειν,
1076 5193 1164 5241 καὶ
1218 5186 1422 5243 δεῖπνον
1494 5193 1821 5263 παραθεῖναι·

1938 4478 2008 4533 de
2056 4462 2579 4544 significationibus
2609 4474 2883 4531 dictionis
2933 4472 2961 4534 ἧ
3009 4473 3058 4528 δ’
3100 4476 3168 4536 ὃς.
3221 4477 3355 4531 Jam
3408 4474 3587 4531 dictio

1940 4562 2000 4624 ἧν
2048 4560 2222 4636 δ’ἑσγὼ,
2264 4580 2398 4637 quae
2437 4563 2565 4637 pari
2604 4563 2811 4620 forma:
2852 4564 3077 4621 ratione
3122 4564 3319 4629 utitur,
3367 4564 3428 4620 in
3468 4568 3587 4619 tres

1937 4654 2211 4711 notiones
2229 4652 2499 4709 tribuitur
2528 4671 2541 4721 ;
2574 4668 2791 4726 nempe
2822 4652 2944 4709 dixi
2969 4669 3081 4724 ego
3111 4670 3125 4720 ;
3158 4657 3213 4709 et
3249 4651 3589 4725 simpliciter

1937 4743 2059 4800 dixi
2091 4741 2273 4815 ;quod
2298 4757 2503 4799 rursus
2533 4748 2659 4799 tam
2700 4742 3042 4799 masculinis
3084 4760 3271 4816 quam
3315 4740 3584 4799 femineis

1938 4831 2211 4906 personis
2253 4830 2594 4889 assumitur.
2637 4833 2762 4903 Age
2805 4848 2946 4888 vero
2977 4837 3031 4888 et
3074 4833 3308 4906 ϐράττειν
3353 4836 3584 4905 pertur-

1936 4922 2080 4978 bare
2100 4921 2409 4993 signiﬁcat,
2443 4925 2498 4977 et
2523 4921 2792 4978 molestia
2829 4921 3067 4978 afﬁcere
3101 4938 3114 4988 ;
3149 4921 3424 4978 vellicare
3445 4921 3586 4977 item

1936 5016 2475 5085 atqueconcutere;
2496 5028 2602 5068 nec
2639 5027 2763 5068 non
2784 5010 3079 5083 pudorem
3106 5012 3396 5082 ingerere,
3425 5016 3481 5066 et
3499 5026 3588 5065 re-

1933 5102 2142 5159 vereri.
2184 5100 2405 5157 Deinde
2454 5105 2511 5157 et
2550 5102 2812 5164 τευτάζειν
2840 5116 2963 5156 non
2997 5100 3125 5158 sine
3156 5117 3435 5157 sensuum
3474 5116 3585 5157 va-

1934 5191 2138 5250 rietate
2172 5190 2469 5265 prolatum
2494 5189 2720 5248 videbis
2746 5207 2758 5246 :
2784 5206 2926 5247 nam
2950 5197 3006 5249 et
3051 5208 3159 5263 pro
3190 5196 3463 5262 satagere
3492 5190 3584 5245 ca-

1824 5372 2050 5428 NOT/E.

309 5546 407 5621 (3.3)
439 5551 510 5621 De
540 5547 817 5621 vocabuli
842 5548 1232 5621 κομψονίιριιά
1255 5547 1747 5621 ὶρρυιῃΡιιοῑὶιιω
1773 5549 1831 5604 in

250 5614 580 5676 Bibliotheca
623 5614 1162 5688 signiﬁcationibus
1201 5614 1383 5675 variis
1413 5620 1664 5675 disserui
1695 5636 1830 5689 ego-

249 5689 419 5744 metin
439 5691 778 5762 praefatione
810 5691 888 5747 ad
929 5707 1120 5749 novas
1145 5691 1410 5762 Dionysii
1430 5690 1605 5747 Halic.
1633 5698 1830 5761 partes

1943 5551 2036 5607 ed.
2068 5549 2298 5622 Mediol.
2323 5550 2490 5622 prmi.
2519 5566 2648 5622 cap.
2675 5550 2765 5622 14.

2011 5610 2150 5695 (33⁸)
2188 5622 2252 5679 In
2279 5610 2491 5680 Léxico
2519 5610 2709 5680 ΡΗοῐὶὶ
2737 5619 3038 5695 Κριτόλαος.
