4126 6190
432 289 528 344 151
1669 289 1907 344 PHUTII
1950 288 2084 342 PAT

2195 287 2430 342 LRCH/E
2475 289 2584 343 ΟΡ.
3704 289 3799 342 152

375 431 378 436 ·
432 416 607 489 pitur,
642 419 696 470 ct
729 429 832 486 pro
867 414 1054 470 moliri
1085 415 1338 487 aliquid,
1371 421 1427 470 et
1456 432 1558 488 pro
1592 415 1861 479 militare,
1895 419 1948 469 et
1980 430 2085 484 pro

2198 415 2293 484 ὅρα
2325 410 2381 465 δε
2411 419 2498 465 xui
2532 418 2595 465 τα
2644 416 2835 472 συνήθη
2883 421 3049 465 ταῦτα
3092 413 3218 484 ούχὶ
3265 417 3389 484 μίαν
3438 411 3673 463 iiiis-nu
3710 433 3806 468 ση-

431 503 735 566 diversari,
786 509 841 559 et
878 504 1242 576 quandoque
1273 521 1381 576 pro
1402 521 1606 560 curam
1647 519 1870 574 gerere,
1899 509 1954 559 et
1979 518 2088 574 pro

431 593 638 649 sedulo
660 592 879 664 aliquid
907 609 1082 662 agere
1105 597 1280 665 atque
1310 593 1585 649 effectum
1615 594 1758 648 dare
1786 607 1798 646 :
1829 607 1939 647 nec
1966 606 2086 646 non

427 699 538 754 pro
559 681 824 736 ofﬁcium
842 681 1119 737 exhibere
1136 688 1188 737 et
1205 698 1442 738 ccenam
1459 697 1784 754 apponere,
1805 684 2089 736 Praeterea

430 770 744 826 familiaria
781 771 908 825 haec
943 769 1162 825 videsis
1203 787 1386 842 quam
1429 787 1550 826 non
1583 787 1771 826 unum
1817 769 2091 825 evolvant

428 859 830 927 signiﬁcatum
884 860 1185 930 :exempli
1215 861 1401 928 gratia
1453 859 1687 921 ἐπιεικῶς
1739 864 1792 915 et
1839 857 1920 910 ἐπὶ
1967 857 2083 932 κόρ-

429 950 526 1023 ρης
567 965 580 1013 ;
633 947 772 1002 illud
813 947 1056 1018 quidem
1103 956 1156 1003 et
1198 949 1440 1004 abunde
1490 948 1640 1004 valet
1680 954 1733 1003 et
1776 947 2077 1002 moderate

431 1045 487 1092 et
513 1037 716 1092 festive
753 1053 766 1101 ;
795 1037 908 1091 hoc
941 1043 1142 1092 autem
1170 1042 1227 1093 et
1255 1037 1549 1093 verberari
1590 1036 1650 1091 in
1687 1036 1878 1107 capite
1910 1035 2086 1102 signi-

430 1125 584 1190 ﬁcat,
631 1130 687 1180 et
733 1123 908 1179 etiam
952 1124 1015 1179 iu
1064 1125 1254 1195 genis.
1311 1125 1422 1180 Sed
1471 1140 1667 1197 neque
1706 1123 2088 1195 ἐπισκηπτόμε-

429 1234 510 1266 νον
537 1228 723 1268 unum
750 1212 1063 1281 signiﬁcat,
1096 1213 1201 1269 sed
1233 1218 1288 1268 et
1316 1213 1565 1268 ﬁrmiter
1592 1213 1775 1268 menti
1806 1211 2082 1278 inﬁxum,

430 1309 486 1358 et
514 1301 1008 1369 demonstratum,
1042 1309 1097 1356 et
1124 1302 1289 1374 quod
1329 1318 1364 1358 a
1403 1302 1691 1358 moriente
1730 1300 2083 1356 mandatum

431 1396 534 1456 est,
568 1396 624 1446 et
662 1391 908 1462 insuper
939 1391 1102 1463 quod
1135 1391 1509 1448 adversatur.
1551 1392 1800 1446 Pertinet
1831 1391 1906 1446 ad
1938 1389 2084 1444 varii

432 1479 799 1548 signiﬁcatus
833 1479 1132 1536 vocabula
1174 1481 1351 1536 etiam
1391 1476 1757 1532 δυσωπεῖσθαι
1791 1496 1804 1535 :
1840 1495 1980 1534 nam
2031 1485 2086 1538 et

432 1569 682 1624 revereri
730 1568 992 1633 denotat,
1036 1573 1093 1624 et
1141 1574 1401 1624 metuere
1440 1585 1578 1624 cum
1625 1568 1978 1640 suspicione,
2029 1573 2083 1622 et

431 1658 631 1714 tetrico
686 1657 848 1712 vultu
894 1673 1042 1712 osse.
1101 1657 1351 1724 Quidam
1403 1674 1543 1714 vero
1600 1657 1820 1726 lingua:
1868 1656 2085 1711 Graecae

2195 1655 2731 1729 παραλαμϐάνουσιν·
2774 1659 2802 1713 ὴ
2856 1661 2945 1728 μέν
2989 1676 3068 1708 τοι
3121 1659 3369 1715 συνήθεια
3423 1657 3506 1709 ἐπὶ
3557 1666 3648 1709 τού
3700 1659 3806 1709 ἱκε-

431 1745 700 1818 apprime
753 1746 944 1818 periti,
985 1761 1340 1818 quanquam
1373 1747 1599 1802 Atticus
1628 1747 1874 1801 minime
1920 1745 2084 1817 lepos

2195 1750 2352 1799 τεύειν
2383 1752 2470 1797 καὶ
2499 1746 2812 1817 παρακαλεῖν
2842 1751 3122 1820 κέχρηται.
3160 1751 3259 1798 Καὶ
3297 1750 3356 1798 τὸ
3399 1743 3552 1818 δεῦρο
3585 1743 3644 1798 δε
3672 1747 3810 1819 μετὰ

433 1840 541 1904 est,
583 1851 790 1891 vocem
831 1835 988 1890 hanc
1027 1835 1208 1891 etiam
1248 1851 1356 1906 pro
1397 1836 1623 1907 pudere
1654 1835 1975 1907 accipiunt.
2021 1837 2086 1889 Et

431 1925 676 1997 quidem
696 1924 853 1994 vulgi
871 1924 1240 1980 consuetudo
1266 1926 1446 1980 utitur
1469 1924 1582 1980 hac
1606 1939 1746 1979 voce
1768 1923 1846 1980 ad
1865 1922 2085 1994 suppli-

431 2015 694 2068 candum
722 2018 900 2084 atque
926 2013 1003 2068 ad
1031 2015 1426 2068 exorandum.
1452 2013 1577 2068 Vox
1609 2009 1788 2087 δεῦρο,
1812 2028 1950 2066 cum
1974 2026 2086 2079 age

431 2101 728 2173 signiﬁcat
765 2107 820 2156 et
847 2101 984 2168 huc,
1019 2108 1140 2157 tum
1169 2117 1244 2157 ne
1274 2101 1351 2157 ab
1382 2101 1674 2157 adesdum
1706 2100 1948 2172 quidem
1979 2101 2087 2157 ab-

431 2192 648 2247 horret.
693 2190 858 2246 Adde
904 2191 996 2245 his
1039 2198 1291 2261 γενναῖον,
1340 2191 1505 2262 quod
1537 2197 1858 2260 cognatum
1890 2195 2081 2254 sonat,

431 2289 483 2337 et
509 2283 754 2346 bonum,
789 2287 844 2336 et
873 2280 1155 2346 nobilem,
1175 2286 1228 2336 et
1253 2285 1561 2335 strenuum
1586 2295 1775 2351 aeque.
1809 2278 2086 2333 Similiter

433 2371 624 2425 cernis
671 2372 861 2422 οἶτοπον
909 2385 1026 2424 non
1080 2369 1274 2424 solum
1334 2384 1659 2438 coarguere
1731 2383 1978 2438 pravum
2031 2371 2086 2422 et

433 2459 799 2529 improbum,
826 2459 928 2512 sed
953 2459 1130 2513 etiam
1159 2458 1320 2529 quod
1349 2457 1609 2513 alienum
1633 2457 1765 2512 loco
1793 2461 1878 2511 est
1902 2473 1916 2521 ;
1940 2472 2083 2511 nam

433 2553 486 2601 et
515 2547 630 2601 hoc
659 2549 849 2598 ἄτοπον
889 2545 1102 2600 dicitur
1134 2561 1147 2611 ;
1183 2544 1356 2600 sicuti
1389 2546 1566 2600 etiam
1599 2561 1719 2600 non
1752 2546 2080 2615 provisum,

431 2651 537 2690 ceu
581 2634 654 2689 de
684 2651 806 2706 quo
837 2635 1125 2705 suspicari
1154 2651 1274 2689 non
1317 2634 1480 2689 licuit
1519 2651 1532 2688 :
1579 2640 1703 2688 tum
1749 2649 1888 2689 vero
1927 2631 2085 2688 valet

433 2723 610 2778 etiam
648 2722 1638 2795 peregrinum,inOpinum,mirum
1667 2721 1949 2777 etrationi
1967 2737 2083 2776 non

433 2819 918 2870 consentaneum.
973 2813 1215 2883 Insuper
1271 2810 1548 2884 ἀρνύμενον
1611 2811 1685 2866 de
1746 2815 2083 2882 permutato

431 2903 644 2959 dicitur
695 2906 750 2956 et
801 2901 874 2956 de
932 2899 1226 2972 acquisito
1281 2917 1292 2954 :
1347 2900 1454 2955 sub
1497 2900 1706 2955 eadem
1756 2915 1898 2956 vero
1939 2914 2083 2955 voce

2195 2912 2281 2964 τῆς
2325 2903 2488 2964 αὐτῆς
2526 2911 2694 2974 φωνῆς
2730 2908 2819 2954 καὶ
2862 2905 2888 2954 6
2929 2903 3194 2974 φυλάττων
3424 2901 3566 2956 Ούδίε
3614 2908 3670 2956 τὸ
3726 2908 3806 2958 ἀεὶ

432 2990 786 3048 concludere
857 2989 992 3044 licet
1056 2989 1224 3045 etiam
1321 2989 1606 3060 φυλάττων,
1685 2989 1800 3043 Sed
1888 3003 2084 3060 neque

2195 2989 2252 3045 δὲ
2296 2995 2705 3066 περιπτύσσεται
2753 2996 2810 3044 τὸ
2870 2991 3167 3064 ἀμέριστον,
3223 2991 3349 3044 ἀλλὰ
3397 2999 3487 3044 καὶ
3538 2993 3604 3054 εἰς
3656 2993 3805 3045 ἐναν-

433 3081 510 3133 ἀεὶ
556 3095 674 3135 non
712 3078 836 3134 vult
871 3077 1054 3133 dividi
1089 3096 1102 3143 ;
1144 3077 1291 3150 quin
1325 3079 1436 3134 imo
1482 3079 1536 3131 in
1570 3077 1895 3134 contrarias
1926 3077 2080 3132 scin-

2195 3087 2306 3142 τίας
2337 3081 2690 3152 ἀποσχίζεται
2729 3078 2947 3154 μερίδας
2983 3099 2994 3110 ·
3025 3086 3269 3153 σημαίνει
3313 3085 3403 3153 μὲν
3452 3085 3550 3156 γὰρ
3582 3086 3639 3134 τὸ
3681 3080 3811 3135 δια-

2197 507 2392 573 μασίαν
2452 506 2823 576 περιπτύσσειν
2858 521 2869 532 ·
2921 502 3104 554 αύτίκα
3167 499 3234 558 δὴ
3312 505 3369 553 76
3423 500 3664 561 ἐπιεικῶς
3715 507 3809 552 xui

2198 589 2280 643 ἐπὶ
2332 591 2521 666 κόρρης
2557 595 2654 643 ’τὸ
2711 595 2800 662 μὲν
2855 596 2920 651 εἵς
2973 611 3024 643 τε
3073 595 3128 643 τὸ
3188 594 3374 652 ἱκανῶς
3419 597 3508 642 καὶ
3563 595 3805 663 μετρίως,

2197 685 2286 732 καὶ
2331 681 2400 742 εἰς
2458 685 2515 732 τὸ
2571 681 2788 742 ἀστείως
2829 681 3207 752 ἐπιμερίζεται,
3251 685 3307 731 76
3367 678 3428 732 δὲ
3482 679 3564 731 ἐπὶ
3615 679 3809 753 κόρρης

2195 773 2251 822 τὸ
2307 772 2444 821 κατὰ
2497 769 2718 841 κεφαλῆς
2758 771 3044 822 τύπτεσθαι
3104 775 3365 841 σημαίνει,
3408 774 3497 820 καὶ
3549 776 3651 840 μὴν
3715 774 3806 819 καὶ

2197 862 2254 910 1'6
2309 857 2389 910 ἐπὶ
2435 868 2530 910 τῶν
2578 865 2829 929 σιαγόνων
2865 876 2876 888 ·
2933 857 3056 910 ούδε
3115 863 3171 909 τὸ
3233 858 3681 928 ἐπισκήπτομενον
3745 855 3807 909 δὲ

2198 947 2266 1008 εἰς
2317 947 2364 1000 ἓν
2416 951 2807 1021 περιγράφεται,
2868 947 2994 998 ἀλλὰ
3056 953 3144 999 καὶ
3200 951 3283 999 1'69
3352 944 3807 1019 ἐναπερειὸομενον

2197 1035 2367 1106 δηλοῖ,
2410 1041 2498 1089 xui
2550 1040 2636 1088 1'69
2690 1033 3092 1108 ἐνδεικνύμενον,
3130 1042 3218 1087 xui
3273 1039 3360 1088 1'69
3418 1034 3497 1087 ἐπὶ
3561 1035 3807 1096 τελευτῆς

2195 1124 2556 1197 ἐντελλόμενον,
2624 1130 2713 1177 καὶ
2787 1128 2918 1196 πρὸς
2973 1128 3176 1186 τούτοις
3244 1129 3300 1176 τὸ
3380 1123 3796 1196 ἐναντιούμενον,

2192 1215 2461 1276 Ὡσαύτως
2523 1211 2581 1266 δὲ
2609 1223 2706 1266 τῶν
2757 1214 3071 1286 πολυσὴμων
3127 1212 3239 1265 ἐστὶ
3283 1218 3373 1265 καὶ
3424 1218 3482 1265 τὸ
3533 1210 3807 1266 δυσωπεῖ-

2198 1305 2321 1355 σθαι
2339 1319 2350 1332 ·
2374 1304 2663 1376 ὑφορᾶσθαι
2689 1305 2788 1376 γὰρ
2819 1301 3149 1374 ἀπαγγέλλει,
3181 1307 3272 1354 καὶ
3297 1307 3353 1355 τὸ
3387 1301 3662 1374 φοϐεῖσθαι
3690 1296 3808 1374 μεθ’

2195 1393 2458 1455 ὑπονοίας,
2504 1396 2592 1443 καὶ
2648 1395 2704 1443 τὸ
2763 1391 3342 1462 σκυθρωπάζειν·ἔνιοι
3396 1388 3455 1443 δὲ
3508 1400 3606 1442 τῶν
3659 1390 3812 1448 ἑλλη-

2193 1485 2340 1537 νικήν
2395 1480 2640 1550 γλῶσσαν
2699 1479 3123 1551 ἐξακριϐούντων,
3171 1480 3212 1531 εἰ
3263 1484 3353 1531 καὶ
3406 1484 3476 1550 μὴ
3519 1489 3618 1531 τῶν
3669 1479 3811 1532 ἀττι-

2194 1577 2293 1618 κῶν
2325 1571 2354 1626 ἡ
2385 1567 2584 1638 κομψία
2611 1568 2745 1638 (34),
2776 1572 2861 1619 xui
2892 1566 3005 1619 ἀντὶ
3051 1576 3142 1619 τοῦ
3187 1565 3458 1620 αἰδεῖσθαι
3498 1574 3585 1626 τὴν
3636 1573 3809 1640 φωνὴν

2193 1845 2283 1888 τοῦ
2332 1841 2599 1907 σημαίνειν
2642 1839 2700 1887 1'6
2749 1837 2862 1906 οἶγε,
2899 1841 2987 1886 καὶ
3039 1839 3095 1887 τὸ
3146 1835 3386 1900 ἐνταῦθα,
3429 1834 3551 1889 οὐδὲ
3589 1841 3648 1889 τὸ
3693 1837 3807 1890 ἐλθὲ

2194 1924 2588 1998 ἀποστρέφεται.
2625 1929 2807 1976 Σκόπει
2858 1920 2918 1976 δὲ
2961 1930 3049 1976 καὶ
3093 1928 3149 1976 1'6
3206 1934 3480 1995 γενναῖοιν,
3531 1928 3664 1986 ὅπως
3716 1930 3806 1978 τὸν

2193 2034 2245 2066 τε
2291 2021 2508 2085 συγγενῇ
2563 2011 2717 2071 δηλοῖ
2761 2018 2846 2064 καὶ
2897 2017 2980 2065 1'69
3015 2013 3227 2084 ἀγαθὸν,
3277 2013 3406 2066 ἀλλὰ
3451 2020 3541 2066 καὶ
3591 2020 3677 2067 1'69
3719 2017 3805 2068 εύ-

2191 2111 2334 2173 γενῆ,
2394 2108 2480 2153 καὶ
2530 2106 2615 2153 τὸν
2671 2099 2924 2176 ἀνδρεῖον,
2978 2103 3069 2153 ούκ
3123 2103 3380 2158 ἕλλαττον.
3441 2100 3604 2165 Ἵδοις
3641 2101 3692 2156 δ’
3744 2106 3805 2156 ἂν

2193 2198 2281 2244 xui
2317 2196 2373 2244 τὸ
2424 2194 2630 2257 οἰτοπον,
2668 2192 2724 2243 ού
2765 2196 2917 2262 μόνον
2965 2199 3056 2243 τοῦ
3105 2201 3267 2244 κακού
3317 2197 3402 2245 xui
3455 2201 3546 2245 τοῦ
3587 2198 3807 2265 μοχθη-

2191 2292 2284 2356 ρού
2331 2285 2796 2354 κατηγορούμενον,
2860 2279 2986 2332 ἀλλὰ
3041 2288 3130 2333 xui
3188 2286 3322 2333 κατά
3375 2291 3466 2334 τοῦ
3522 2289 3591 2354 μὴ
3646 2289 3806 2336 τόπον

2193 2374 2440 2441 ἓχοντος”
2497 2372 2686 2422 ἄτοπον
2743 2374 2843 2441 γὰρ
2903 2369 3106 2421 κάκεῖνο
3161 2370 3439 2441 λέγουσιν·
3485 2375 3655 2444 ὥσπερ
3711 2380 3804 2424 και

2190 2463 2246 2512 1'6
2302 2460 2667 2523 ἀνυπονόητον,
2725 2459 2895 2510 οἶονὸ
2953 2465 3022 2530 μὴ
3081 2463 3193 2511 ἔστι
3251 2463 3525 2512 τοπάσαι·
3562 2461 3667 2513 ἀλλ’
3728 2467 3808 2514 ἔτι

2193 2552 2424 2621 περιέχει
2473 2551 2561 2599 xui
2614 2551 2671 2598 1'6
2733 2547 2886 2613 ξένον,
2938 2553 3028 2598 καὶ
3079 2545 3397 2620 παράδοξον,
3459 2554 3548 2601 καὶ
3604 2552 3808 2621 θαυμα-

2195 2656 2326 2700 σιον,
2368 2641 2457 2687 καί
2509 2655 2568 2706 γε
2613 2641 2703 2688 xui
2751 2640 2810 2688 1'6
2855 2639 3169 2708 παράλογον.
3217 2637 3333 2688 Ἐπὶ
3374 2641 3574 2700 τούτοις
3623 2646 3712 2691 καὶ
3747 2645 3806 2692 76

2193 2725 2466 2799 ἀρνύμενον
2524 2729 2650 2797 πρὸς
2717 2743 2770 2776 τε
2817 2729 2874 2776 τὸ
2930 2723 3402 2797 καταλλαττόμενον
3456 2725 3802 2790 ἀποδίδοται,

2191 2820 2279 2866 καὶ
2337 2818 2396 2866 76
2449 2817 2868 2887 περιποιούμενον
2912 2829 2924 2842 ⁸
2981 2813 3414 2886 περιλαμϐάνοιτο
3471 2813 3522 2867 6“
3576 2816 3636 2868 ἂν
3702 2819 3805 2869 ύπὸ

1321 2989 1606 3060 φυλάττων,

429 3171 588 3226 ditur
618 3174 831 3240 partes,
860 3167 1015 3224 valet
1046 3168 1226 3235 enim,
1251 3167 1415 3239 quod
1442 3183 1653 3222 omnes
1685 3167 1896 3234 sciunt,
1928 3183 2085 3222 sem-

430 3274 535 3331 per
572 3276 584 3313 :
616 3262 671 3313 et
702 3263 901 3312 tamen
932 3257 1296 3311 contrarium
1330 3272 1574 3328 quoque
1605 3255 1869 3320 denotat,
1903 3256 1963 3310 id
1997 3261 2084 3311 est

431 3362 624 3419 usque
657 3345 735 3402 ad
767 3351 992 3400 certum
1032 3349 1262 3416 tempus
1292 3349 1348 3401 et
1376 3345 1819 3417 quadamtenus.
1848 3345 2001 3400 Tum
2029 3349 2084 3400 et

430 3438 523 3497 ἓως
563 3435 922 3507 quandoque
971 3433 1286 3488 deﬁnitum
1331 3439 1568 3504 tempus
1609 3434 2080 3499 circumscribit;

431 3524 797 3597 quandoque
842 3523 1123 3578 terminos
1173 3521 1539 3591 indignatus,
1573 3523 1709 3578 sinit
1737 3527 1975 3593 tempus
2022 3524 2081 3577 in

431 3612 728 3669 inﬁnitum
774 3611 1034 3667 extendi.
1087 3611 1328 3666 Manant
1377 3626 1444 3665 ex
1489 3613 1735 3685 ἄντικρυς
1779 3611 2081 3678 continuo,

429 3702 718 3765 directim,
752 3706 912 3756 recta
943 3701 1054 3764 via,
1102 3699 1321 3763 valide,
1355 3700 1665 3772 sapienter,
1700 3707 1896 3772 aperte
1929 3715 1942 3753 :
1977 3715 2084 3755 nec

431 3807 552 3848 non
581 3790 926 3861 simpliciter
951 3795 1008 3844 et
1032 3795 1335 3845 accurate.
1367 3789 1539 3854 Quod
1570 3790 1616 3844 si
1648 3797 1975 3845 extremam
1997 3805 2085 3844 re-

423 3882 591 3954 jiciat
614 3894 968 3942 consonam,
993 3885 1172 3950 atque
1198 3885 1481 3934 accentus
1510 3878 1586 3934 ab
1609 3878 1775 3934 initio
1802 3878 1877 3933 ad
1903 3878 2082 3933 ﬁnem

430 3970 756 4041 trajiciatur
786 3967 1066 4042 (ἀντικρὺ),
1111 3973 1236 4023 tum
1275 3984 1345 4022 ex
1377 3983 1436 4022 se
1483 3967 1669 4036 gignit
1698 3983 1730 4022 e
1761 3968 2002 4036 regione
2033 3971 2086 4022 et

429 4077 500 4115 ex
521 4059 788 4114 adverso.
821 4057 1000 4111 Viden
1019 4057 1199 4112 etiam
1240 4056 1600 4112 vocabulum
1623 4058 1726 4130 ἄρα
1745 4056 1773 4111 ‘I
1805 4071 1920 4111 non
1941 4054 2086 4110 illud

430 4150 526 4204 aio
556 4147 722 4220 quod
750 4151 1058 4202 accentum
1089 4144 1367 4202 distrahit
1396 4151 1573 4217 atque
1604 4145 1664 4200 in
1707 4145 1855 4201 duas
1891 4150 2086 4200 exten-

430 4237 509 4292 dit
549 4240 766 4308 partes,
813 4250 1024 4290 verum
1060 4234 1113 4288 id
1151 4233 1311 4304 quod
1354 4235 1566 4289 eadem
1607 4235 1885 4305 prosodia
1923 4233 2087 4288 meti.

433 4342 587 4391 mur,
619 4325 850 4396 etquod
881 4339 918 4379 a
947 4322 1275 4378 dubitativo
1297 4321 1703 4392 distinguitur.
1740 4326 1859 4378 Hoc
1888 4322 2087 4394 itaque

2191 3175 2395 3239 παντὸς,
2427 3171 2451 3222 ὃ
2483 3177 2570 3222 xui
2611 3173 2796 3232 πάντες
2833 3174 2984 3222 ἴσασι
3014 3185 3026 3200 ·
3064 3177 3307 3242 σημαίνει
3341 3168 3399 3224 δε
3439 3177 3528 3223 καὶ
3561 3178 3616 3224 1'6
3666 3172 3810 3224 ἀντι-

2191 3266 2439 3331 κείμενον,
2498 3255 2602 3310 οἷον
2651 3263 2708 3310 1'6
2767 3261 2858 3321 ἕως
2903 3263 3061 3322 τινὸς,
3115 3264 3205 3311 xui
3257 3263 3421 3332 μέχρι
3474 3266 3634 3320 τινος.
3705 3267 3810 3313 Καὶ

2193 3349 2318 3400 αύτὸ
2351 3345 2410 3400 δέ
2437 3368 2495 3419 γε
2545 3351 2602 3399 τὸ
2635 3351 2744 3414 ἕως,
2796 3352 2917 3400 ποτε
2968 3352 3056 3418 μὲν
3097 3351 3380 3422 ὡρισμένον
3427 3353 3618 3421 χρόνον
3664 3369 3812 3421 περι-

2191 3438 2394 3510 γράφει,
2450 3439 2568 3488 ποτε
2623 3433 2681 3488 δὲ
2739 3442 2831 3494 τὴν
2897 3441 3220 3509 περιγραφὴν
3269 3435 3672 3511 ἀπαρνούμενον,
3745 3438 3807 3508 ἐᾲ

2193 3530 2278 3577 1'69
2324 3531 2511 3597 χρόνον
2552 3529 2680 3596 πρὸς
2733 3530 2789 3576 76
2819 3524 3058 3596 ἀόριστον
3103 3529 3528 3600 παρατείνεσθαι.
3573 3533 3668 3580 Καὶ
3702 3533 3811 3598 μὴν

2193 3619 2281 3665 xui
2332 3619 2389 3665 1'6
2452 3616 2697 3687 ἄντικρυς
2751 3612 3036 3685 ἀποφύεται
3085 3619 3200 3666 τοτε
3254 3611 3556 3689 διαμπερὲς,
3599 3621 3686 3667 καὶ
3723 3622 3810 3668 εύ-

2196 3706 2278 3768 θύ,
2311 3708 2400 3755 xui
2446 3702 2522 3754 ἐπ’
2563 3703 2779 3768 εύθείας,
2814 3708 2900 3754 xui
2948 3707 3004 3754 1'6
3059 3703 3313 3778 ἰσχυρῶς,
3350 3710 3438 3755 xui
3493 3714 3683 3776 σοφῶς,
3718 3711 3812 3756 καὶ

2193 3796 2250 3843 τὸ
2294 3791 2400 3851 ἰθύς
2435 3811 2446 3823 '
2478 3790 2607 3842 ἀλλὰ
2654 3797 2739 3842 καὶ
2789 3795 2847 3843 1'6
2889 3791 3061 3852 ἁπλῶς
3112 3797 3201 3844 καὶ
3246 3791 3489 3865 ἀκριϐῶς.
3535 3791 3594 3844 Εἰ
3644 3789 3702 3844 ὃε
3747 3796 3811 3842 76

2195 3881 2482 3932 τελευταῖον
2541 3879 2820 3932 ἀποϐάλλει
2880 3883 3172 3952 σύμφωνον,
3215 3890 3312 3942 τῆς
3367 3880 3542 3955 ἀρχῆς
3587 3885 3672 3932 τὸν
3720 3887 3814 3932 76-

2195 3988 2276 4020 969
2322 3976 2412 4020 τού
2470 3968 2644 4030 τέλους
2715 3967 3176 4040 ἀναλαμϐάνοντος,
3227 3975 3316 4021 xui
3392 3989 3450 4021 1'6
3517 3974 3810 4031 κατέναντι,

2195 4064 2284 4109 καὶ
2335 4057 2619 4120 ἐξεναντίας
2666 4056 3064 4114 ἀναϐλαστάνει,
3141 4058 3263 4129 Ούχ
3317 4059 3438 4129 ὁρᾷς
3491 4057 3547 4111 5":
3603 4063 3691 4110 xui
3750 4064 3811 4111 76

2197 4150 2336 4221 cipu;
2370 4147 2427 4198 ού
2467 4146 2598 4217 λέγω
2639 4143 2696 4199 δε
2747 4147 2772 4198 ὁ
2821 4153 2962 4199 76969
3014 4167 3066 4199 τε
3115 4143 3399 4218 διατέμνει,
3457 4152 3547 4199 xui
3596 4148 3667 4210 εἰς
3709 4145 3812 4200 δύο

2197 4242 2325 4309 μέρη
2370 4241 2726 4307 περιίστησιν,
2770 4235 2876 4287 ἀλλ’
2918 4236 2942 4287 ὁ
2983 4239 3117 4288 κατὰ
3157 4242 3250 4294 τὴν
3300 4237 3462 4294 αύτὴν
3501 4233 3814 4310 προσῳδίαν

2197 4327 2526 4400 ῥυθμίζεται,
2582 4330 2671 4376 xui
2725 4329 2850 4399 πρὸς
2907 4330 2964 4376 76
3035 4322 3444 4396 διαπορούμενον
3513 4322 3809 4378 διαστέλλε-

431 4411 732 4482 signiﬁcat
772 4412 1254 4483 conjunctionem
1310 4411 1735 4482 syllogisticam
1768 4429 1782 4467 :
1814 4411 2085 4483 exprimit

2201 4435 2285 4466 ται
2318 4430 2330 4443 ·
2361 4419 2603 4486 σημαίνει
2651 4418 2739 4484 μεν
2774 4411 3068 4486 σύνδεσμον
3102 4419 3188 4466 τὸν
3234 4414 3629 4485 συλλογιστικὸν
3662 4431 3674 4443 '
3711 4433 3819 4470 ση-

431 4505 608 4559 etiam
625 4503 1019 4557 inteusionem
1041 4499 1376 4572 quamdam
1405 4500 1766 4572 expletivam
1797 4517 1808 4555 :
1837 4501 2090 4556 sumitur

431 4593 689 4664 denique
709 4591 840 4647 loco
867 4591 1142 4646 dictionis
1171 4595 1233 4644 ut
1253 4590 1506 4655 videtur,
1543 4596 1603 4646 ut
1634 4595 1900 4662 apparet.
1933 4589 2088 4644 Con-

432 4681 625 4736 sidera
651 4680 827 4735 etiam
863 4680 1099 4750 ἀτεχνῶς
1130 4678 1576 4734 circumﬂexum
1605 4684 1752 4752 quot
1782 4679 1840 4733 in
1882 4693 2085 4732 sensus

2201 4702 2306 4736 ται.

435 4769 875 4825 snbdividatur.
895 4767 1374 4837 Signiﬁcatenim
1400 4784 1554 4835 vere,
1579 4768 1940 4839 simpliciter,
1965 4782 2092 4839 per-

434 4861 602 4923 fecte,
623 4858 876 4924 sincere;
897 4856 1018 4912 imo
1032 4863 1083 4911 et
1097 4856 1291 4912 valide
1307 4863 1361 4913 et
1379 4858 1645 4912 omnino.
1662 4857 1728 4910 Ἀ
1742 4877 1839 4909 ττα
1855 4874 2091 4931 quoque

433 4950 592 5005 varie
609 4946 965 5018 explicatum
986 4947 1273 5001 invenies:
1296 4947 1478 5002 modo
1502 4949 1662 5003 enim
1691 4947 1966 5003 scribitur
1985 4965 2090 5020 pro

434 5055 581 5108 qum,
613 5035 791 5091 modo
814 5051 922 5106 pro
949 5051 1083 5106 quas
1109 5035 1353 5106 quidem
1389 5053 1402 5089 :
1441 5037 1622 5091 modo
1649 5037 1828 5092 etiam
1858 5053 1954 5107 pro
1987 5037 2090 5093 ali-

434 5124 954 5199 quando,atquein
970 5123 1178 5178 similes
1191 5123 1710 5193 abitsigniﬁcatus.
1731 5125 2092 5182 Praeterhac-

439 5224 608 5272 tenus
624 5214 803 5280 dicta,
827 5214 940 5269 hoc
961 5229 1195 5285 quoque
1218 5213 1598 5268 notissimum
1621 5215 1983 5271 vocabulum
2010 5235 2094 5269 σο-

2201 4509 2370 4575 μαίνει
2398 4499 2456 4555 δὲ
2495 4507 2583 4554 καὶ
2615 4507 2699 4554 τὸν
2732 4499 2798 4560 δὴ
2834 4507 2976 4555 τόνον
3019 4504 3565 4576 παραπληρωματικὸν
3601 4524 3613 4535 ·
3644 4510 3819 4574 παρα-

2199 4592 2514 4664 λαμϐάνεται
2561 4588 2617 4643 δὲ
2669 4596 2754 4643 καὶ
2804 4591 2917 4642 ἀντὶ
2966 4599 3055 4644 τού
3109 4596 3172 4652 ὡς
3212 4595 3342 4644 ἔοικε
3377 4598 3466 4643 καὶ
3521 4596 3589 4653 ως
3638 4597 3816 4662 φαίνε-

2369 4685 2672 4733 Ἐπισκόπει
2733 4677 2790 4732 δὲ
2840 4685 2928 4732 xui
2994 4685 3052 4732 76
3108 4680 3340 4752 ἀτεχνῶς
3399 4687 3815 4751 περισπώμενον,

2203 4773 2348 4831 ὅσαις
2399 4766 2656 4830 διανοίαις
2708 4771 3045 4840 ύποτέμνεται
3079 4787 3092 4800 ’
3154 4779 3214 4841 τῇ
3272 4789 3326 4822 τε
3389 4773 3489 4843 γὰρ
3567 4776 3820 4841 σημασία

2201 4868 2290 4912 τού
2335 4858 2535 4918 ἀληθῶς
2573 4864 2662 4909 καὶ
2707 4866 2767 4929 τῇ
2820 4866 2911 4909 τού
2961 4858 3132 4920 ἁπλῶς
3173 4864 3260 4910 καὶ
3293 4858 3493 4918 τελείως
3549 4864 3638 4909 καὶ
3690 4855 3822 4909 (46‘6-

2201 4949 2320 5015 λως,
2365 4953 2453 4999 καὶ
2483 4953 2584 5020 μὴν
2615 4953 2704 4999 καὶ
2734 4955 2794 5020 τῇ
2828 4955 2919 4998 τού
2969 4949 3198 5022 ἰσχυροῦ
3249 4953 3336 5000 καὶ
3385 4947 3648 5009 καθάπαξ,
3682 4965 3823 5018 προ-

2203 5044 2414 5112 έρχεται
2443 5037 2848 5107 πληθυνομένου.
2884 5037 3066 5110 Εύροις
3117 5034 3167 5088 6"
3201 5035 3260 5088 ἆν
3305 5041 3393 5088 xui
3426 5040 3482 5088 τὸ
3534 5036 3664 5087 ἅττα
3695 5031 3823 5086 δια-

2204 5133 2372 5202 φόρως
2415 5131 2767 5200 προαγόμενον
2801 5146 2814 5158 ⁸
2865 5133 2952 5176 νῦν
3001 5129 3090 5196 μὲν
3150 5129 3245 5200 γάρ
3294 5129 3351 5177 τὸ
3404 5126 3574 5188 ἅτινα,
3619 5132 3708 5175 νύν
3755 5121 3825 5176 6‘;-

2205 5220 2262 5267 τὸ
2304 5217 2419 5268 τινά
2450 5233 2461 5246 ·
2503 5215 2678 5266 ἄλλοτε
2726 5211 2784 5266 δὲ
2814 5217 2871 5266 1'6
2896 5213 2929 5264 ἆ
2954 5214 3013 5265 ἂν
3050 5234 3061 5246 ·
3095 5219 3182 5266 καὶ
3229 5215 3408 5266 ἄλλοτε
3457 5217 3514 5265 τὸ
3546 5217 3669 5266 ποτε
3704 5232 3822 5270 ση-

2049 5392 2279 5450 NOL/E.

509 5571 623 5642 (34)
667 5571 719 5626 Si
753 5569 1110 5625 vocabulum
1141 5568 1340 5641 κομψία
1365 5569 1564 5642 exiges
1595 5570 1670 5625 ad
1701 5570 1970 5639 regulam
1997 5587 2092 5626 co-

439 5641 602 5714 gnati
623 5641 845 5714 κομψὸν,
871 5643 1010 5698 satis
1042 5642 1271 5697 varium
1296 5641 1387 5697 vel
1428 5641 1625 5714 potius
1664 5643 1952 5697 incertum
1975 5643 2087 5698 hoc

2200 5569 2257 5625 in
2283 5569 2414 5626 loco
2442 5569 2845 5638 signiﬁcatum
2868 5569 3129 5627 habebis.

2270 5641 2382 5713 (εδ)
2427 5643 2635 5711 Odyss.
2666 5642 2705 5706 ι,
