3950 6180
197 273 276 328 153

195 403 340 450 καίνειν
377 395 532 460 ἐθέλοι,
571 395 652 444 καὶ
701 391 773 454 εἰς
811 400 1046 444 τοσαῦτα
1093 395 1556 468 καταμερίζεσθαι.
1593 394 1706 446 Ἐπὶ
1737 393 1778 446 Α

191 486 236 540 δὲ
253 493 338 546 τοῖς
356 484 606 558 εἰρημένοις
629 487 718 534 καὶ
761 483 786 532 0
819 485 982 552 σοφὸς
1031 491 1179 534 τοῦτο
1211 480 1278 542 δὴ
1313 487 1370 535 τὸ
1401 489 1706 556 πρόχειρον,

189 579 382 646 σημαίνει
411 577 490 644 μὲν
523 575 603 624 τὸν
651 577 1025 642 μετεσχηκότα
1079 579 1262 644 σοφίας
1311 577 1444 632 τινος
1494 591 1504 602 ·
1561 569 1708 632 ἰδίως

188 663 232 717 δε
255 669 326 716 καὶ
365 667 438 714 τὸν
463 663 686 730 λογικαῐς
736 665 952 732 τέχναις
989 667 1458 735 προσανακείμενον
1489 679 1500 690 ·
1535 664 1710 714 ἔπειτα

185 753 322 805 ris-mi
351 757 420 803 τον
451 755 638 802 συνέσει
679 758 776 802 τῶν
819 749 980 800 ὦλων
1025 755 1316 823 προέχοντα
1357 768 1367 780 ·
1403 750 1474 822 ἐφ’
1516 752 1594 812 οἷς
1622 754 1711 801 καὶ

183 842 224 892 ὃν
255 841 400 912 ἀρεταὶ
445 847 644 910 κοσμεῖν
695 842 878 890 ἱσασιν
906 853 920 866 ”
956 839 1080 890 ἀλλά
1109 859 1168 910 γε
1215 837 1281 897 δὴ
1335 845 1421 892 καὶ
1463 843 1548 890 τὸν
1607 839 1710 890 ἐπι-

183 928 342 986 τηδειον
372 947 382 957 ·
424 933 502 980 καὶ
534 933 660 1002 πρὸς
689 930 716 979 ὅ
759 947 812 979 τι
855 927 914 978 ἂν
945 929 1175 1000 ὁρμήσῃ,
1220 931 1560 1002 θεωρούμενον
1587 929 1713 980 ἕτοι-

179 1040 249 1092 ςιον
275 1037 286 1046 ’
315 1019 362 1080 ἐξ
387 1037 438 1069 ου
461 1023 544 1068 καί
591 1035 720 1088 φασι
751 1021 912 1088 Σογὸς
958 1013 1018 1075 ἦν
1058 1025 1150 1070 τοῦ
1200 1025 1573 1080 κακοποιῆσαι,
1621 1019 1711 1066 καί

179 1113 300 1180 σοῖος
333 1107 494 1180 ἀρετὴν
541 1106 818 1178 μετελθεῖν.
875 1112 1155 1178 Συνταγείη
1205 1103 1254 1158 δ’
1303 1107 1362 1158 ἂν
1419 1106 1512 1158 οὐκ
1567 1105 1711 1156 ἀπει-

176 1218 298 1256 κοτοις
342 1199 520 1256 τούτοις
566 1201 657 1247 καὶ
709 1198 770 1246 τὸ
822 1197 1093 1247 θεσπέσιον
1140 1215 1152 1227 ο
1189 1199 1410 1270 καὶγὰρ
1443 1200 1530 1246 καὶ
1560 1202 1712 1246 τοῦτο

175 1293 370 1358 σημαίνει
423 1288 504 1356 μὲν
553 1285 610 1336 τό
671 1285 804 1336 θεῖον
840 1303 851 1313 ·
908 1289 1148 1356 σημαίνει
1194 1281 1252 1336 δε
1291 1290 1379 1336 καὶ
1423 1289 1480 1336 τὸ
1525 1289 1709 1358 πρᾶον,

173 1375 268 1426 ἀλλὰ
310 1379 386 1425 καὶ
425 1377 476 1424 τὸ
509 1375 804 1446 θαυμάσιον
856 1377 946 1425 καὶ
997 1376 1054 1425 τὸ
1097 1373 1245 1427 πολύ.
1283 1379 1382 1426 Καὶ
1411 1377 1466 1424 τὸ
1513 1368 1706 1443 κομιδῇ

173 1461 214 1516 δὲ
239 1468 296 1524 εἰς
337 1483 380 1515 τε
407 1467 460 1514 τὸ
489 1462 601 1513 λίαν
644 1459 932 1534 διαιρεῖται
974 1467 1062 1514 καὶ
1115 1463 1186 1524 εἰς
1231 1466 1287 1514 τὸ
1327 1461 1584 1520 παντελῶς
1624 1465 1710 1512 καὶ

171 1553 401 1624 εἰλικρινῶς
447 1571 498 1603 τε
529 1548 596 1608 δὴ
657 1555 742 1602 καὶ
785 1551 1006 1611 τελείως.
1043 1551 1194 1604 Ἀλλὰ
1237 1557 1326 1604 καὶ
1357 1555 1412 1602 το
1449 1557 1560 1611 τέως
1593 1547 1713 1602 δια-

170 1647 316 1714 οορονς
345 1637 565 1700 διανοίας
599 1645 840 1714 περιέχει
872 1657 885 1669 ·
917 1645 1004 1691 καὶ
1043 1644 1143 1711 γαρ
1199 1645 1440 1692 τάττεται
1481 1643 1572 1710 μὲν
1624 1643 1712 1690 καὶ

167 1729 228 1780 ἐπὶ
267 1737 342 1782 τοῦ
391 1735 506 1790 τέως
539 1745 556 1760 °
587 1733 826 1781 τάττεται
853 1725 912 1782 δὲ
941 1733 1028 1780 καὶ
1077 1728 1158 1780 ἐπὶ
1207 1737 1296 1780 τοῦ
1355 1733 1473 1802 πρίν
1517 1747 1527 1756 ”

165 1823 232 1868 καὶ
261 1817 330 1870 ἐπὶ
363 1827 446 1870 τοῦ
497 1821 590 1880 ἕως
625 1823 762 1878 τινος
806 1836 818 1847 ο
853 1815 1004 1876 δηλοί
1039 1815 1096 1870 δὲ
1126 1823 1214 1870 καὶ
1245 1823 1300 1870 τὸ
1332 1815 1414 1870 ἐπὶ
1441 1825 1708 1874 τοσοῦτον.

166 1909 296 1960 Καὶὸ
343 1907 569 1982 ἀλάστωρ
621 1903 682 1958 δὲ
723 1911 968 1978 σημαίνει
1005 1911 1095 1977 μὲν
1141 1907 1313 1968 ἁπλῶς
1361 1911 1445 1958 τὸν
1498 1913 1712 1978 7.07.099-

161 2015 231 2064 γον
272 2015 282 2026 ·
315 2000 539 2067 σημαίνει
595 1993 656 2048 δὲ
695 2000 786 2046 καὶ
845 1999 928 2046 τὸν
971 1996 1278 2068 αὐτοχειρία
1331 1999 1476 2068 φόνον
1535 1995 1710 2066 εἰργα-

163 2089 306 2153 σμένον
335 2101 346 2112 ’
375 2083 492 2135 ἀλλά
521 2103 582 2155 γε
613 2081 682 2142 δὴ
727 2089 816 2135 καὶ
863 2087 950 2135 τὸν
989 2083 1250 2146 ἐπεξιόντα
1289 2087 1506 2144 τούτους
1546 2086 1612 2146 ὡς
1647 2087 1711 2134 τὰ

163 2171 324 2223 ῡαστα
374 2171 798 2238 ἐπισκοποῦντος,
856 2179 946 2224 καὶ
1000 2177 1116 2234 τοὺς
1168 2173 1534 2248 εἰργασμένους
1607 2173 1710 2224 εἱσ-

157 2263 402 2332 πράττοντα
431 2258 584 2322 δίκας
619 2279 632 2291 ·
689 2264 825 2314 ἔνθεν
869 2262 992 2335 παρ’
1041 2262 1218 2322 αὐτοῖς
1259 2267 1347 2314 καὶ
1389 2263 1560 2324 ὁΖεὺς
1591 2260 1712 2312 ἁλά-

159 2367 282 2422 στωρ.
325 2351 496 2424 Εὖροις
543 2347 594 2402 δ’
649 2349 708 2400 ἂν
753 2356 842 2402 καὶ
883 2355 940 2402 τὸ
979 2359 1106 2402 πῦον
1161 2351 1232 2413 εἰς
1271 2355 1419 2404 πέντε
1467 2348 1710 2424 διαιρού-

153 2457 270 2508 μενον
322 2443 670 2510 σημαινόμενα
723 2454 738 2468 ’
809 2442 880 2502 εἷς
929 2459 982 2492 τε
1021 2443 1112 2501 τὰς
1165 2443 1264 2514 πρὸ
1322 2447 1414 2492 τοῦ
1460 2439 1712 2511 γάλακτος

155 2523 332 2596 ῥανίδας
377 2527 472 2579 τῶν
517 2527 690 2586 θηλῶν
723 2525 1128 2598 ἀποθλιϐομένας
1187 2546 1200 2556 ·
1241 2533 1330 2580 καὶ
1370 2529 1440 2588 εἰς
1489 2529 1615 2580 αὐτὸ
1655 2532 1711 2580 τὸ

155 2615 260 2683 γάλα
301 2635 313 2646 ·
363 2621 448 2668 διαὶ
495 2621 600 2688 μὴν
655 2623 746 2666 καὶ
809 2617 876 2676 εἰς
924 2621 980 2668 τὸ
1016 2616 1396 2688 μεταϐεϐληκὸς
1439 2613 1570 2690 αἷμα
1623 2623 1712 2668 καὶ

155 2699 204 2759 ii,
257 2709 330 2755 καὶ
377 2705 442 2766 εἰς
479 2709 538 2756 τὸ
615 2701 952 2776 γαλακτῶδες
1004 2706 1180 2778 ὑγρὸν,
1241 2707 1362 2779 ὅπερ
1417 2711 1502 2758 καί
1565 2705 1712 2780 ὁρρὁν

156 2791 337 2844 καλοῦσι
360 2811 370 2822 ⁸
405 2797 532 2854 τινες
564 2789 628 2846 δὲ
657 2801 788 2845 πῦον
817 2793 1036 2846 καλοῦσι
1079 2799 1168 2846 καὶ
1216 2799 1274 2846 τὸ
1318 2799 1425 2847 νέον
1479 2803 1549 2866 τῷ
1578 2797 1712 2866 χθε-

155 2901 254 2948 σινρτι
297 2881 572 2954 συντ-ῥηθὲν
603 2881 760 2952 γάλα.
813 2879 942 2934 Οἵδε
993 2879 1051 2934 δὲ
1106 2887 1194 2934 καὶ
1249 2886 1305 2936 τὸ
1347 2882 1439 2936 εἶεν
1485 2879 1714 2957 διάφορα

157 2975 380 3038 σημαίνειν
427 2987 442 3000 ’
497 2976 588 3022 καὶ
643 2975 744 3043 γαρ
798 2971 1253 3043 παραλαμϐάνεται
1311 2975 1401 3044 μὲν
1446 2975 1509 3032 ως
1566 2971 1708 3045 ἀρχὴ

151 3057 272 3127 λόγου
319 3079 332 3090 ·
373 3059 837 3133 παραλαμϐάνεται
893 3056 950 3112 δε
993 3065 1081 3112 καὶ
1128 3060 1213 3112 ἐπὶ
1255 3063 1604 3121 κατανεύσεως
1661 3081 1714 3112 τε
1746 3097 1788 3152 C

151 3151 220 3196 καὶ
257 3151 675 3218 συγκαταθέσεως
707 3163 722 3177 ⁸
776 3157 826 3200 οἳ
865 3145 924 3202 δὲ
973 3149 1410 3220 συλλαμϐάνοντες
1454 3153 1606 3222 οἳμφω
1649 3153 1714 3202 τὰ

153 3235 352 3308 εἰρημένα
411 3239 802 3308 συγκατάθεσίν
871 3257 924 3290 τε
991 3234 1180 3294 δηλοῦν
1247 3239 1370 3290 αὖτὸ
1436 3237 1714 3310 βούλονται

151 3329 229 3370 τῶν
253 3323 294 3373 ἐν
335 3335 400 3395 τῷ
445 3328 584 3398 λόγῷ
643 3329 1046 3400 προειρημένων,
1085 3332 1168 3378 καί
1227 3327 1402 3402 ἀρχὴν
1461 3336 1559 3380 τῶν
1599 3327 1714 3400 μελ-

151 3409 304 3462 λόντων
340 3415 578 3488 εἰρῆσθαι
617 3433 629 3444 ·
675 3415 800 3467 ἀλλὰ
825 3421 914 3466 καὶ
947 3414 1058 3467 ἀντὶ
1088 3424 1183 3467 τοῦ
1233 3419 1327 3488 οἶγε
1359 3413 1426 3474 δὴ
1469 3425 1530 3488 τῇ
1575 3425 1710 3490 φωνῇ

151 3502 398 3570 κέχρηνται
435 3521 446 3532 ·
489 3511 604 3564 τοῖς
649 3499 708 3555 δὲ
767 3503 1224 3577 παραλαμϐάνεται
1283 3509 1372 3557 καὶ
1429 3509 1562 3557 κατὰ
1623 3515 1716 3558 τοῦ

153 3589 286 3638 Emis:
327 3597 410 3642 καὶ
455 3597 700 3664 συνίημι.
759 3597 858 3645 Καὶ
889 3592 1211 3664 πολύστιχον
1239 3595 1300 3645 ἄν
1329 3613 1410 3654 τις
1449 3593 1712 3668 ἀπαρτίση

155 3674 322 3743 3mm,
353 3681 440 3731 οὐκ
471 3681 556 3732 ἐὰν
589 3683 744 3733 ποθὲν
793 3684 887 3742 τας
918 3682 1250 3753 πολυσήμους
1308 3685 1476 3754 φωνὰς
1509 3682 1718 3744 ἁπάσας

155 3767 402 3837 περιλαϐεῖν
433 3771 576 3830 ἐϐελή
589 3790 696 3832 σοι,
732 3769 956 3844 ἐργῶδές
985 3791 1038 3824 τε
1065 3775 1167 3846 γὰρ
1199 3781 1348 3824 τοῦτο
1377 3778 1466 3824 καὶ
1499 3773 1719 3830 πλησίον

153 3865 230 3904 τῶν
249 3855 523 3930 ἀνεφίκτων,
571 3859 680 3911 ἀλλ’
737 3859 819 3912 ἐὰν
869 3861 934 3920 εἰς
989 3861 1037 3912 ἓν
1080 3870 1390 3934 συναγαγεῖν
1437 3861 1718 3934 βουληθείη

153 3947 224 4006 τὰς
273 3945 348 4000 ἐπὶ
397 3949 543 4002 πλέον
593 3957 693 4002 τῶν
741 3949 904 4001 οἴλλων
961 3952 1216 4016 συνήθεις,
1273 3957 1362 4022 καὶ
1409 3959 1518 4014 τοῖς
1556 3951 1724 4022 λόγοις

151 4033 308 4100 μᾶλλον
352 4037 784 4100 ἐπιπολαζούσας
839 4055 852 4068 ·
895 4039 980 4091 οἷα
1034 4035 1102 4096 δὴ
1151 4043 1240 4092 καὶ
1294 4041 1418 4110 ἡμῖν
1479 4039 1720 4114 ἐπράχθη

151 4125 224 4174 τήν
251 4133 337 4174 τῶν
363 4133 647 4198 μειρακίων
697 4126 920 4196 ἡλικίαν,
966 4129 1034 4187 ὡς
1083 4132 1170 4179 καί
1203 4127 1359 4189 αὐτὸς
1385 4125 1561 4194 οἶσθα,
1595 4148 1726 4200 παρ’

151 4207 425 4264 αλλάττουσι
455 4215 596 4285 (36)·
629 4219 740 4266 νυνὶ
764 4212 824 4266 0":
853 4219 942 4267 καὶ
976 4217 1099 4267 ὅσαι
1130 4219 1382 4290 εἴρηνται,
1414 4221 1508 4274 τὴν
1537 4221 1725 4290 χρείαν

155 4297 348 4370 τᾶτάρκη
393 4309 724 4376 παρέχονται
776 4323 787 4336 ν
827 4309 918 4355 καὶ
957 4301 1085 4357 οὐδὲ
1129 4305 1213 4356 ἐπὶ
1273 4313 1546 4358 τοσοῠντον
1601 4305 1660 4357 ἂν
1699 4307 1724 4356 ὁ

155 4391 246 4456 περὶ
273 4390 428 4442 αὐτῶν
451 4393 684 4468 προῆλθε
717 4391 865 4464 λόγος
895 4409 907 4423 ·
939 4393 1082 4464 φίλον
1111 4397 1213 4468 γὰρ
1257 4393 1336 4446 ἀεί
1375 4414 1464 4466 μοι
1518 4391 1723 4448 διευλα-

157 4471 328 4529 ειίσϐαι
355 4483 410 4531 τὸ
441 4479 786 4556 ἀπειρόκαλον
821 4501 832 4513 ·
865 4481 908 4533 εἰ
937 4487 1008 4553 μὴ
1037 4481 1286 4543 πολλάκις
1315 4487 1434 4557 περὶ
1467 4481 1603 4544 ἐνίας
1625 4491 1724 4535 τῶν

159 4557 580 4637 διενιρινηθέντων
609 4569 788 4632 λέξεων
819 4569 1038 4632 πολλοὺς
1077 4567 1164 4622 οἷδ
1169 4591 1202 4622 α
1257 4571 1610 4634 συζητοῦντας
1635 4577 1724 4624 καὶ

159 4651 362 4712 σπουδὴν
387 4657 450 4718 εἰς
477 4660 722 4730 μάθησιν
753 4661 1059 4729 συνεισάγον
1073 4679 1171 4720 τας.

331 4745 482 4798 Ἀλλά
555 4749 660 4822 γὰρ
737 4749 1001 4808 τοσαύτης
1058 4747 1302 4820 ἀφθονίας
1355 4749 1726 4821 εὸρισκομένης

159 4836 238 4878 τῶν
281 4833 591 4906 πολυσὴμων
643 4835 691 4886 ἐν
739 4843 850 4897 τοῖς
901 4845 998 4888 τῶν
1037 4835 1276 4911 ἀρχαίων
1338 4839 1721 4910 συντάγμασιν,

159 4915 380 4992 ὧνὸβίος
407 4927 548 4998 εἴπερ
598 4943 650 4976 τι
697 4923 818 4977 ἄλλο
857 4921 1098 4996 λογάδων
1143 4925 1318 4989 λέξεων
1371 4929 1400 4984 ἡ
1452 4931 1626 4999 σοφία,
1675 4930 1725 4979 τί

157 5005 306 5059 κωλύει
339 5017 425 5063 καὶ
465 5021 580 5074 ταῖς
631 5016 911 5088 ἡμετέραις
965 5014 1290 5088 ἱερολογίαις,
1345 5017 1422 5076 αἷς
1479 5023 1575 5067 τῶν
1627 5035 1726 5068 σω-

157 5103 314 5164 τηρίων
341 5103 498 5172 ἔργων
533 5107 731 5166 σκοπὸς
759 5105 786 5160 ἦ
824 5099 1154 5156 διδασκαλία
1193 5109 1282 5156 καὶ
1323 5107 1354 5162 ἡ
1403 5109 1720 5178 παραίνεσις,

157 5177 378 5258 διαφόρων
483 5193 831 5264 ὑποκειμένων

930 5199 1206 5266 σημαντρα
1301 5193 1724 5266 παραλαμϐάνειν

1186 269 1278 322 AD
1319 253 1868 324 AMPHILOCHIUM
1913 261 2237 334 QUIESTIO
2279 269 2424 324 xxr.

3365 263 3470 330 451i

1821 395 1931 464 φάς,
1955 393 2230 464 designat
2250 393 2496 466 quidem
2513 409 2648 450 eum
2667 395 2772 467 qui
2789 393 2996 465 aliqua
3017 397 3309 468 sapientia
3328 413 3478 470 prie—

1819 481 1979 536 ditus
1993 487 2080 538 est
2099 505 2112 538 :
2131 484 2504 554 peculiariter
2519 489 2714 538 tamen
2733 483 2836 556 qui
2851 483 3058 552 logicis
3077 485 3359 542 doctrinis
3373 488 3477 544 dat

1819 586 2112 641 operam:
2158 572 2294 628 item
2349 573 2452 644 qui
2499 573 2816 644 prudentia
2859 575 3080 628 caeteris
3135 575 3470 632 antecellit:

1819 659 1959 714 item
2007 659 2322 714 virtutibus
2367 667 2712 716 exornatum
2745 684 2756 716 :
2791 661 2932 718 item
2983 663 3161 718 rebus
3199 665 3475 730 gerendis

1821 747 2130 814 idoneum,
2153 755 2206 804 et
2227 749 2326 819 qui
2343 751 2416 804 ad
2434 751 2926 821 consequendum
2943 753 3314 822 propositum
3331 754 3476 808 bene

1823 835 2140 890 instructus
2191 837 2420 892 videtur
2453 855 2464 893 :
2497 839 2654 892 unde
2703 844 2758 894 et
2797 839 2944 894 illud
2975 841 3241 906 effatum,
3272 841 3474 897 Sciens

1823 929 1948 980 erat
1977 931 2032 980 et
2059 925 2214 980 male
2245 926 2521 994 faciendi,
2553 933 2608 984 et
2637 943 2806 998 reque
2831 930 3104 983 virtutem
3139 931 3472 988 exercendi.

1825 1015 1968 1068 Cum
2019 1013 2110 1070 his
2159 1031 2280 1070 non
2336 1015 2596 1070 absurde
2629 1018 3078 1074 coacerrabilur
3105 1019 3284 1074 etiam
3323 1021 3478 1072 οεσπέ

1827 1121 1956 1167 σιον,
1987 1103 2152 1175 quod
2173 1103 2497 1175 explicatur
2522 1105 2811 1170 divinum,
2841 1107 3102 1178 itemque
3125 1109 3263 1164 mite
3285 1113 3344 1162 et
3369 1109 3475 1162 mi-

1823 1193 2055 1246 riﬁcum
2111 1197 2166 1247 et
2219 1193 2552 1265 c0piosum.
2597 1195 2728 1248 Jam
2766 1201 2820 1250 et
2853 1193 3046 1269 κομιδῇ
3086 1197 3369 1252 dividitur
3415 1199 3474 1252 in

1821 1281 2018 1346 valde,
2074 1287 2128 1336 et
2167 1297 2434 1353 prorsus,
2463 1289 2520 1338 et
2565 1283 2892 1348 manifeste,
2945 1292 2999 1340 et
3027 1285 3368 1356 universim,
3421 1291 3476 1342 et

1823 1369 2093 1440 perfecte.
2127 1375 2256 1432 Τέως
2287 1387 2528 1444 quoque
2555 1373 2894 1443 complures
2923 1374 3288 1445 signiﬁcatus
3319 1391 3478 1430 com-

1821 1457 2111 1529 plecitur:
2149 1476 2288 1514 nam
2331 1462 2567 1531 ponitur
2605 1477 2714 1532 pro
2755 1461 3004 1530 interim,
3047 1469 3102 1518 et
3141 1479 3249 1534 pro
3289 1465 3475 1534 prius,

1821 1555 1876 1602 et
1904 1563 2010 1617 pro
2041 1563 2228 1619 usque
2252 1549 2418 1612 dum,
2452 1553 2502 1604 et
2531 1566 2632 1620 pro
2655 1551 2712 1604 in
2745 1557 2991 1605 tantum.
3021 1559 3208 1624 Atque
3235 1551 3476 1626 ἀλάστωρ

1823 1635 2116 1704 signiﬁcat
2135 1635 2376 1706 quidem
2394 1638 2738 1708 simpliciter
2761 1639 3098 1695 maleﬁcum
3118 1658 3130 1706 ;
3149 1642 3254 1696 sed
3275 1649 3478 1698 tamen

1589 1727 1712 1778 ἀ).λά
1743 1750 1788 1806 Β
1825 1725 2124 1793 signiﬁcat
2170 1727 2348 1781 etiam
2389 1727 2492 1798 qui
2536 1743 2712 1782 manu
2749 1731 2990 1799 propria
3029 1730 3254 1784 caedem
3287 1731 3428 1788 facit
3461 1749 3474 1786 :

1819 1815 2066 1885 insuper
2111 1820 2167 1870 et
2205 1831 2340 1870 eum
2397 1816 2500 1887 qui
2549 1817 2900 1886 hujusmodi
2955 1819 3232 1875 scelestos
3281 1837 3480 1892 perse-

1821 1903 2038 1974 quitur,
2073 1919 2288 1976 nempe
2321 1905 2424 1976 qui
2463 1905 2520 1960 in
2553 1907 2848 1962 maleﬁcia
2878 1909 3316 1974 animadvertit,
3351 1928 3480 1981 pa:-

1821 2007 2050 2062 nasque
2097 2009 2132 2046 a
2181 1993 2298 2048 reis
2343 1996 2646 2064 reposcit:
2683 1995 2842 2050 unde
2897 1998 3076 2053 etiam
3129 2001 3355 2070 Jupiter
3401 2001 3480 2058 ab

1822 2079 2072 2134 ethnicis
2117 2080 2308 2136 dictus
2355 2081 2617 2156 ἀλάστωρ.
2671 2091 2804 2136 Πύον
2860 2101 3102 2158 quoque
3156 2090 3371 2144 senties
3419 2091 3478 2144 in

1821 2171 2085 2241 quinque
2114 2170 2482 2242 signiﬁcatus
2513 2172 2678 2226 abire
2703 2191 2716 2228 :
2741 2189 2958 2243 nempe
2985 2175 3282 2244 signiﬁcat
3299 2177 3481 2232 stillas

1821 2258 2182 2328 papillarum
2224 2265 2362 2315 ante
2392 2259 2484 2314 lac
2515 2277 2850 2332 expressas,
2886 2261 2980 2317 lac
3011 2264 3230 2334 ipsum,
3265 2271 3388 2320 tum
3427 2271 3483 2322 et

1819 2347 2165 2416 sanguinem
2213 2353 2583 2419 corruptum,
2633 2355 2758 2404 tum
2806 2351 3066 2424 denique
3115 2353 3482 2410 subviridem

1820 2435 2138 2492 humorem
2169 2435 2428 2492 lacteum
2461 2439 2620 2510 quod
2665 2455 2864 2494 serum
2911 2447 3142 2496 vocant.
3179 2445 3300 2498 lmo
3337 2458 3484 2498 non-

1823 2523 1966 2580 nulli
1997 2533 2126 2578 πῦον
2157 2525 2458 2598 appellant
2481 2543 2704 2582 novum
2735 2528 2824 2584 lac
2855 2545 2990 2584 cum
3025 2530 3298 2586 hesterno
3335 2547 3480 2586 con-

1823 2617 2084 2668 coctum.
2137 2614 2394 2670 Verbum
2439 2631 2678 2688 quoque
2723 2623 2817 2668 εἶεν
2866 2618 3100 2673 diversa
3147 2617 3482 2690 signiﬁcare

1825 2701 1970 2755 solet
1999 2717 2011 2756 :
2047 2717 2188 2758 nam
2227 2707 2283 2758 et
2313 2701 2544 2758 initium
2577 2705 2861 2760 orationis
2889 2710 2978 2761 est
3005 2725 3017 2772 ;
3053 2711 3106 2761 et
3137 2705 3214 2762 ad
3245 2723 3484 2762 conces-

1825 2791 2056 2844 sionem
2106 2805 2587 2864 consensumque
2635 2793 2972 2848 adhibetur.
3025 2795 3300 2850 Nonnulli
3343 2811 3484 2850 vero

1825 2883 2148 2951 utrumque
2179 2879 2610 2951 amplectentes
2649 2881 3000 2953 praedictum
3042 2883 3430 2952 signiﬁcatum
3467 2923 3482 2940 .

1823 2983 1969 3022 voce
1999 2967 2112 3023 hac
2143 2973 2200 3024 et
2235 2969 2734 3040 approbationem
2775 2975 2910 3026 ante
2942 2971 3236 3026 dictorum
3271 2971 3338 3046 in.
3365 2987 3482 3026 ser-

1825 3072 2003 3111 mone
2046 3057 2444 3112 demonstrari
2489 3058 2673 3123 aiunt,
2726 3063 2782 3114 et
2819 3059 3054 3114 initium
3107 3075 3244 3116 mox
3289 3060 3484 3116 dicen-

1823 3145 2061 3200 dorum.
2093 3147 2342 3201 Utuntur
2385 3146 2496 3202 hac
2551 3162 2697 3202 voce
2746 3147 2921 3202 etiam
2967 3163 3074 3219 pro
3118 3155 3229 3218 age
3277 3163 3418 3202 vero
3467 3191 3478 3202 .

1824 3233 2082 3300 Quidam
2113 3233 2370 3306 denique
2396 3235 2695 3306 accipiunt
2727 3237 2907 3292 etiam
2943 3253 3052 3308 pro
3079 3236 3260 3292 audio
3292 3242 3346 3292 et
3373 3253 3481 3310 pro

1823 3321 2108 3391 intelligo.
2143 3323 2420 3396 Ampium
2456 3324 2746 3380 conﬁcere
2785 3325 2985 3381 liceret
3016 3325 3321 3392 volumen,
3365 3343 3484 3382 non

1823 3411 1958 3466 dico
2000 3411 2080 3467 ob
2126 3413 2565 3470 coacervandas
2603 3413 2866 3486 undique
2917 3416 3062 3470 varii
3115 3417 3484 3484 signiﬁcatus

1825 3515 1999 3554 voces
2025 3501 2188 3572 (nam
2215 3501 2272 3555 id
2300 3517 2624 3573 operosum
2658 3509 2713 3558 et
2739 3520 2928 3575 prope
2948 3503 3353 3576 impossibile),
3380 3505 3484 3561 sed

1827 3589 1874 3642 si
1893 3589 2022 3660 quis
2041 3590 2128 3644 vel
2155 3590 2485 3646 usitatiores
2505 3593 2925 3648 tantummodo
2948 3609 3266 3660 congerere
3293 3594 3483 3658 vellet,

1827 3683 1885 3734 et
1910 3695 2045 3750 quae
2063 3677 2124 3734 in
2151 3695 2488 3736 sermonem
2513 3681 2879 3752 frequentius
2911 3682 3220 3738 incurrunt
3251 3702 3263 3750 ;
3293 3684 3488 3754 cujus-

1832 3768 1994 3823 modi
2039 3785 2191 3838 opus
2217 3785 2253 3824 a
2282 3785 2376 3825 me
2415 3771 2548 3841 ipso
2575 3771 2910 3827 confectum
2938 3771 3066 3838 fuit,
3101 3778 3165 3828 ut
3193 3773 3486 3845 scis,qno,

1831 3859 2101 3928 tempore
2145 3873 2175 3912 e
2229 3859 2430 3929 pueris
2471 3859 2858 3916 excedebam.
2907 3863 3074 3916 Nunc
3117 3866 3313 3918 tamen
3357 3878 3488 3934 qum

1831 3945 2118 4000 hactenus
2171 3945 2316 4010 dixi,
2375 3947 2458 4002 rei
2507 3951 2780 4018 praesenti
2849 3949 3092 4006 abunde
3164 3949 3486 4006 sufﬁciunt.

1834 4039 1960 4090 lmo
2013 4051 2088 4090 ne
2133 4037 2340 4092 tandiu
2389 4037 2632 4110 quidem
2685 4053 3022 4094 sermonem
3073 4039 3488 4110 produxissem

1832 4124 2001 4196 (nam
2048 4123 2192 4180 mihi
2231 4127 2309 4180 ab
2353 4125 2664 4182 insolentia
2707 4127 2953 4182 cavendi
2995 4143 3126 4182 mos
3165 4131 3489 4198 perpetuus

1835 4212 1986 4278 fuit),
2017 4215 2128 4269 nisi
2149 4231 2552 4286 saepenumero
2580 4214 3137 4272 animadvertissem
3161 4215 3318 4270 circa
3344 4230 3492 4270 non-

1835 4302 2032 4359 nullas
2084 4305 2404 4377 ceteroqui
2453 4303 2641 4376 probe
2683 4304 3014 4376 exploratas
3045 4319 3238 4368 voces,
3275 4303 3490 4358 multos

1837 4391 2036 4447 adhuc
2062 4392 2388 4464 disputare,
2418 4393 2797 4464 studiumque
2823 4394 2898 4449 ad
2925 4409 3024 4448 eas
3041 4391 3491 4462 cognoscendas

1837 4481 2126 4535 conferre.

1907 4749 1957 4800 2.
1990 4753 2111 4819 Age
2144 4764 2282 4804 vero
2312 4763 2448 4804 cum
2481 4751 2644 4804 tanta
2667 4749 2742 4804 sit
2771 4748 3272 4818 significationum
3305 4751 3491 4808 varia-

1832 4851 1964 4892 rum
1997 4837 2168 4908 capia
2191 4839 2251 4892 in
2283 4837 2516 4908 scriptis
2547 4843 2831 4904 veterum,
2859 4855 3117 4911 quorum
3153 4841 3286 4896 vitea
3317 4845 3496 4896 curri-

1834 4925 2034 4981 culum
2051 4926 2112 4980 in
2130 4926 2375 4982 scientia
2393 4925 2692 4998 praecipue
2706 4926 3156 4997 deligendorum
3170 4927 3492 4984 verborum

1834 5019 2259 5086 consumptum
2307 5013 2632 5086 fuit;quid
2681 5015 2740 5070 ni
2794 5023 3013 5072 nostrae
3055 5033 3298 5090 quoque
3350 5017 3495 5074 Scri-

1835 5108 2024 5176 pturie
2073 5119 2278 5168 sacrae,
2326 5119 2584 5176 quarum
2628 5108 2830 5160 tamen
2855 5106 2992 5162 ﬁnis
3021 5112 3109 5163 est
3146 5107 3492 5162 salutarium

1833 5209 2083 5265 operum
2125 5193 2539 5262 magisterium
2581 5197 2639 5250 et
2679 5193 2902 5260 suasio,
2945 5195 3084 5267 quid
3113 5196 3194 5262 ni,
3225 5197 3494 5284 inquam,

1713 5372 1914 5428 NOTAE

215 5511 312 5594 t3?)
334 5517 916 5594 Hinc_e0gnoscimus
939 5537 1060 5594 qua
1094 5525 1258 5578 aetate
1279 5522 1532 5578 Lexicon
1557 5539 1732 5577 suum

158 5585 438 5664 confecerit
461 5585 704 5648 Phenus
733 5609 746 5646 :
776 5585 1464 5664 quam-lucubrationem
1487 5595 1736 5650 antehac

162 5655 412 5715 meditam
427 5703 440 5726 ,
469 5669 676 5720 nostra
699 5655 924 5720 defnum
939 5671 1114 5722 astate
1133 5665 1740 5737 vulgavit,Lipiman-

1845 5521 1981 5647 l8t08
2107 5522 2506 5648 Hirmannus,
2541 5539 2662 5580 non
2697 5529 2894 5580 tamen
2929 5523 3052 5578 sine
3083 5525 3246 5594 gravi
3281 5525 3496 5580 lacuna

1845 5609 1899 5648 In
1929 5609 1992 5648 er
2085 5603 2140 5648 et
2185 5632 2224 5648 ι.

1841 5603 1992 5650 inter
2018 5603 2056 5647 A
2085 5603 2140 5650 et
2167 5603 2224 5649 Ε.
