4126 6190
439 269 540 340 155

1717 275 1952 332 l‘lllr'l‘ll
1997 271 2480 329 ΡΑΤΗΙΑΗΌΙΙΑΞ
2521 273 2627 330 ΟΡ.

3699 257 3798 326 156

437 407 614 464 verba
647 405 984 478 notionibus
1015 403 1149 461 aliis
1181 407 1360 477 atque
1386 403 1519 460 aliis
1551 403 1799 476 praedita
1827 401 2086 474 comple-

2203 399 2428 472 ὀνόματα
2457 417 2468 465 ;
2501 397 2586 451 διὸ
2637 403 2726 450 καὶ
2765 401 2822 448 τὸ
2869 397 3144 468 απεκρίθη,
3180 395 3301 468 ὅπερ
3335 414 3390 448 σε
3441 395 3690 456 πολλάκις
3733 397 3806 458 εἰς

437 497 906 562 ctantur‘?Quare
921 498 974 550 et
989 493 1434 568 exzxpionauod
1451 493 1548 548 tibi
1563 491 1910 548 vocabulum
1929 506 2086 562 saepe

435 585 866 642 dubitationem
889 583 1164 655 injecisse
1187 584 1272 639 ais
1301 584 1387 654 (ut
1415 599 1575 638 nunc
1608 581 1876 638 omittam
1910 579 2083 648 signi-

434 673 762 736 ticantiam.
793 677 1134 746 separatum
1181 677 1307 740 est;
1342 677 1398 728 et
1439 687 1594 743 quas
1637 668 1850 726 medici
1892 667 2085 741 appri-

437 777 532 818 me
559 761 789 830 callent,
835 759 1154 817 sudoribus
1198 761 1516 830 digestum,
1571 764 1626 816 et
1675 763 1998 822 excretum,
2032 759 2086 812 et

437 851 596 906 vasis
623 849 904 916 effusum,
930 857 984 906 et
1003 851 1062 906 in
1088 850 1200 906 hoc
1223 851 1456 920 desivit)
1483 865 1590 922 pro
1617 849 1972 912 divinarum,
2003 845 2086 901 in-

435 956 642 1012 quam,
683 939 1008 996 litterarum
1053 955 1163 994 usu
1201 937 1452 1006 ἀπεκρίθη
1494 939 1786 1006 significat
1815 937 1892 1000 id,
1929 935 2086 1008 quod

437 1046 606 1084 nemo
625 1029 826 1097 nescit,
857 1045 1212 1100 responsum
1238 1028 1312 1083 ad
1343 1027 1884 1096 interrogationem.
1922 1027 2088 1096 Saepe

439 1119 612 1174 etiam
630 1118 978 1192 expletivum
995 1117 1352 1174 vocabulum
1369 1121 1481 1182 est;
1501 1115 1788 1171 interdum
1806 1115 2088 1170 sermonis

436 1207 748 1261 exordium
769 1211 854 1261 est
883 1223 894 1270 ;
929 1213 1051 1260 tum
1074 1207 1251 1260 etiam
1277 1206 1520 1261 denotat
1544 1221 1747 1260 eorum
1773 1221 1906 1276 quae
1933 1203 2087 1258 dicta

437 1295 1116 1351 fueruntadmissionem
1143 1313 1154 1362 ;
1181 1295 1316 1351 item
1352 1295 1558 1358 oravit,
1588 1294 1942 1366 deprecatus
1962 1297 2082 1364 est;

437 1389 564 1439 tum
583 1385 834 1456 denique
848 1384 1486 1457 interrogavitquoque
1507 1383 1839 1454 signiﬁcare
1855 1399 2090 1454 compe-

437 1472 573 1527 ries.
621 1473 752 1528 Jam
786 1473 914 1544 ejus
959 1473 1349 1542 signiﬁcatus,
1385 1489 1565 1546 quem
1601 1488 1811 1528 omnes
1849 1475 2086 1534 norunt,

439 1560 626 1616 multa
639 1566 817 1634 atque
829 1561 1006 1617 obvia
1027 1562 1533 1618 testimoniasunt.
1559 1562 1761 1624 Veluti,
1787 1585 1812 1612 ‹‹
1834 1549 2091 1632 Responi

439 1649 581 1705 dens
611 1649 818 1706 Simon
855 1651 1058 1706 Petrus
1103 1651 1228 1706 ait:
1259 1655 1338 1706 Tu
1377 1667 1438 1707 es
1469 1652 1728 1708 Christus
1765 1650 1939 1706 Filius
1993 1649 2090 1704 Dei

2199 489 2506 562 ἀμφιϐολίαν
2557 493 2674 560 ἔνης
2707 486 2938 558 ἐμϐαλεῖν
3003 504 3012 515 ·
3075 487 3155 536 ἵνα
3193 491 3279 535 νυν
3333 484 3470 536 ἐάσω
3517 489 3573 536 το
3609 483 3804 556 διεχω-

2195 581 2354 652 ρίσθη
2389 597 2400 608 °
2433 585 2520 630 καὶ
2549 579 2572 630 ὃ
2616 577 2848 648 μάλιστα
2899 573 3088 638 παῖδες
3127 575 3313 648 ἰατρῶν
3361 577 3512 625 ἴσασι
3543 579 3601 626 τὸ
3631 571 3802 646 διεφο-

2196 671 2331 744 ρήθη
2387 688 2458 732 τε,
2509 673 2596 718 καὶ
2643 666 2899 740 ἐξεκρίθη,
2934 669 3020 716 καὶ
3071 663 3318 734 ἐξεχύθη,
3366 669 3452 715 καὶ
3513 664 3586 724 εἰς
3643 672 3802 716 τοῦτο

2197 757 2467 820 κατέληξεν
2503 775 2514 786 ·
2561 755 2666 808 ἀλλ’
2713 755 2784 828 ἐφ’
2835 755 2900 805 ὧν
2945 773 3002 824 γε
3054 756 3286 814 συνήθης
3335 752 3446 806 ἐστὶ
3493 761 3590 804 τῶν
3627 754 3806 804 θεοσὸ-

2200 867 2300 916 φων
2333 847 2360 903 ἠ
2393 855 2590 918 χρῆσις
2627 843 2822 914 λογίων,
2881 847 3124 914 σημαίνει
3163 845 3251 914 μεν
3293 844 3350 892 τὸ
3397 840 3677 916 ἀπεκρίθη,
3712 847 3806 893 καὶ

2199 935 2258 992 ἢν
2291 931 2462 996 οὐδεὶς
2497 933 2668 1004 ἀγνοεῖ
2695 931 2952 996 διάνοιαν,
3009 935 3124 990 ητις
3166 935 3254 982 καὶ
3285 933 3412 1004 πρὸς
3461 935 3552 990 τὴν
3605 930 3805 1004 ἐρώτη-

2201 1043 2282 1076 σιν
2346 1019 2660 1075 ἀποδίδοται
2717 1039 2728 1050 ·
2791 1021 3031 1080 πολλάκις
3077 1017 3135 1072 δὲ
3183 1024 3271 1071 καὶ
3311 1019 3808 1094 παραπληρώματος

2199 1113 2375 1184 ἐπέχει
2403 1113 2544 1174 τάξιν
2579 1131 2588 1142 ·
2623 1111 2796 1163 ἄλλοτε
2829 1108 2886 1163 δε
2934 1115 3022 1161 καὶ
3073 1111 3245 1182 ἀρχὴν
3283 1108 3570 1184 ἀναπληροῖ
3597 1109 3758 1182 λόγου
3792 1132 3804 1144 ·

2197 1207 2282 1254 ναὶ
2339 1199 2396 1254 δὲ
2435 1207 2524 1252 καὶ
2577 1204 2633 1252 τὸ
2681 1197 3032 1262 διαδέξασθαι
3089 1203 3174 1249 τὸν
3245 1199 3605 1272 προρρηθέντα
3655 1203 3806 1270 λόγον

2200 1291 2542 1344 ὑποϐάλλεται
2599 1310 2609 1321 ’
2651 1295 2738 1340 καὶ
2778 1293 2878 1361 μὴν
2931 1293 3019 1340 καὶ
3063 1291 3118 1339 τὸ
3169 1289 3398 1339 ἱκέτευσε
3451 1293 3539 1339 καὶ
3595 1284 3805 1355 ἐδέησε,

2201 1379 2364 1450 εὕροις
2414 1377 2461 1432 δ’
2497 1380 2554 1430 ἂν
2589 1387 2862 1451 σημαῖνον,
2899 1381 2988 1430 καὶ
3025 1381 3082 1429 τὸ
3139 1376 3364 1450 ἐρώτησε
3401 1398 3410 1410 ο
3442 1379 3708 1452 μαρτύρια
3749 1375 3808 1429 δε

2201 1477 2290 1522 τοῦ
2321 1473 2409 1542 μεν
2443 1471 2584 1542 παρὰ
2629 1475 2790 1520 πᾶσιν
2835 1467 3175 1538 ἐγνωσμένου,
3225 1465 3384 1517 πολλα
3441 1470 3497 1518 τέ
3553 1469 3666 1518 ἐστι
3715 1473 3808 1518 καὶ

2199 1557 2370 1610 λαϐεῖν
2403 1563 2703 1632 πρόχειρον,
2763 1554 2888 1624 οἷον,
2939 1577 2964 1606 α
3011 1557 3336 1618 Ἀποκριθεὶς
3381 1560 3548 1627 Σίμων
3611 1561 3806 1628 Πέτρος

2201 1641 2326 1698 εἷπε
2389 1651 2454 1698 Σὺ
2523 1643 2568 1698 εἶ
2621 1649 2643 1697 6
2717 1649 2940 1720 Χριστος
2988 1647 3012 1695 6
3065 1648 3180 1705 Υἱὸς
3227 1665 3318 1696 του
3365 1653 3498 1697 Θεοῦ
3542 1653 3630 1697 τοῦ
3677 1649 3806 1708 ζῶν-

438 1739 552 1794 vivi
583 1740 650 1793 ⁸⁵.
685 1759 712 1790 »
747 1743 890 1794 Nam
933 1739 1255 1796 Dominicre
1289 1741 1734 1810 interrogationi
1772 1755 1907 1804 qua;
1948 1753 2090 1810 prm-

2203 1756 2302 1798 τος.
2349 1759 2366 1784 ι
2409 1741 2507 1788 Καὶ
2553 1739 2651 1808 γαρ
2703 1739 2826 1807 πρὸς
2883 1740 2976 1793 τὴν
3031 1739 3349 1792 Δεσποτικην
3400 1733 3652 1808 ἐρώτησιν
3711 1740 3808 1792 την

437 1833 714 1892 cesserat,
739 1827 906 1884 «Vos
932 1835 1128 1884 autem
1154 1845 1330 1904 quem
1361 1846 1452 1886 me
1478 1846 1603 1886 esse
1643 1827 1832 1885 dicitis
1855 1847 1886 1882 ›
1918 1843 2090 1883 suam

439 1921 494 1973 et
521 1917 1066 1989 condiscipulorum
1109 1917 1458 1974 sententiam
1493 1919 1770 1990 princeps
1803 1915 2087 1970 subdidit.

437 2009 582 2061 Item
607 2005 666 2060 in
699 2021 769 2061 ea
799 2007 1124 2062 locutione:
1153 2029 1178 2056 ‹‹
1213 2007 1538 2079 Respondit
1569 2007 1770 2062 dicens
1805 2023 1819 2060 :
1850 2005 1956 2072 Qui
1987 2005 2092 2061 ha-

437 2093 536 2150 bet
589 2095 736 2150 duas
783 2095 1030 2164 tunicas,
1083 2097 1378 2166 impertiat
1427 2095 1506 2150 illi
1558 2096 1660 2168 qui
1709 2099 1870 2150 caret
1914 2097 1959 2129 ⁸⁸
1999 2113 2014 2162 ς
2065 2115 2085 2143 ι

436 2183 596 2238 idem
621 2200 830 2240 sensus
859 2185 1274 2256 cognoscitur;
1303 2185 1494 2240 ermlit
1521 2187 1678 2240 enim
1709 2185 1934 2252 turbas,
1961 2201 2090 2256 quae

435 2287 574 2328 eum
605 2280 961 2345 rogaverant
991 2291 1256 2346 quonam
1288 2279 1454 2345 pacto
1487 2273 1734 2328 salutem
1765 2289 2092 2346 conseque-

434 2366 655 2416 rentur.
703 2363 886 2417 Sicuti
926 2365 1139 2418 etiam:
1171 2387 1196 2414 ‹‹
1235 2363 1554 2434 Respondit
1591 2365 1672 2417 eis
1715 2366 1971 2418 Joannes
2014 2361 2090 2416 di-

437 2465 577 2504 cens
601 2469 612 2504 :
639 2453 756 2520 Ego
772 2469 930 2523 aqua
951 2451 1188 2524 baptizo
1208 2467 1220 2517 ;
1240 2451 1468 2506 medius
1489 2456 1682 2506 autem
1702 2457 1962 2507 vestrum
1979 2457 2087 2519 est,

437 2555 619 2609 quem
639 2555 740 2594 vos
761 2541 1001 2595 nescitis
1025 2543 1092 2595 ετ.
1131 2563 1153 2590 ››
1185 2543 1451 2614 Namque
1475 2541 1742 2608 verbum,
1763 2543 2087 2614 respondit,

437 2627 716 2682 eumdem
737 2645 909 2683 usum
935 2633 991 2685 et
1015 2630 1126 2685 hoc
1152 2629 1282 2684 loco
1301 2635 1631 2692 conservat.
1665 2631 1947 2685 Sexcenta
1974 2631 2090 2687 alia

438 2717 727 2788 ejusmodi
755 2723 910 2774 sunt.
935 2719 1046 2774 Sed
1065 2719 1224 2774 enim
1243 2719 1600 2774 locutionem
1621 2739 1631 2778 :
1656 2743 1680 2768 ‹‹
1711 2719 1810 2774 Illo
1831 2725 2089 2792 tempore

437 2807 806 2878 respondens
834 2809 1000 2864 Jesus
1023 2807 1204 2864 dixit:
1234 2811 1524 2864 Contiteor
1552 2809 1676 2872 tibi,
1697 2809 1865 2864 Pater
1886 2810 2012 2865 cordi
2035 2815 2090 2866 et

437 2901 600 2951 terra:
621 2897 668 2932 ³⁸
697 2919 710 2964 ς
743 2897 961 2962 nhanc,
987 2898 1252 2970 inquam,
1277 2901 1936 2970 constataprmcedente
1960 2916 2090 2954 sen-

437 2984 618 3042 tentia
657 2984 966 3041 discretam
1021 3003 1166 3054 esse,
1213 2992 1390 3060 atque
1431 2987 1574 3046 initii
1617 2987 1812 3042 locum
1867 2992 2084 3044 tenere.

435 3078 582 3132 Nam
623 3091 816 3148 neque
855 3077 1236 3146 interrogatio
1279 3083 1685 3150 praecesserat,
1727 3095 1921 3149 neque
1971 3080 2090 3132 cui-
2128 3111 2168 3166 Ο

437 3181 623 3238 quam
655 3165 922 3238 loquenti
963 3165 1440 3237 subjungebatur
1473 3184 1485 3233 ;
1517 3184 1720 3222 verum
1757 3167 1884 3240 ipse
1927 3167 2092 3224 Jesus

439 3270 776 3310 sermonem
809 3256 1122 3310 exordiens
1158 3257 1375 3324 gratias
1407 3257 1562 3311 Patri
1594 3255 1731 3326 egit.
1771 3257 1967 3314 Simile
2006 3262 2094 3314 est

438 3341 614 3398 etiam
639 3359 652 3397 :
679 3367 706 3392 ‹‹
733 3343 1124 3414 Respondens
1147 3344 1682 3415 archisynagogus,
1709 3347 2093 3402 stomachans

437 3431 602 3503 quod
625 3431 880 3488 Sabbato
913 3432 1277 3489 medicinam
1313 3433 1548 3488 fecisset
1571 3437 1732 3488 Jesus
1757 3436 1824 3488 39.
1853 3457 1876 3486 υ
1905 3437 2046 3492 Item
2077 3452 2088 3489 :

443 3541 464 3568 ι
505 3520 892 3591 Respondens
911 3520 1174 3592 pontifex
1193 3521 1341 3576 dixit
1358 3521 1408 3576 ei
1432 3543 1442 3575 :
1467 3522 1574 3592 Adj
1587 3539 1690 3578 uro
1705 3527 1758 3578 te
1781 3539 1886 3594 per
1911 3527 2092 3580 Deum

437 3609 660 3676 vivum,
685 3609 780 3665 dic
797 3610 972 3666 nobis
1003 3626 1150 3665 num
1181 3615 1239 3664 tu
1267 3611 1344 3666 sis
1367 3609 1626 3666 Christus
1651 3611 1748 3666 Dei
1773 3611 1947 3668 Filius
1970 3615 2038 3668 9°.
2068 3636 2088 3664 ι

439 3699 655 3754 Rursus
705 3699 999 3754 sermonis
1049 3699 1280 3754 initium
1338 3699 1641 3754 continent
1693 3701 1875 3757 verba
1921 3701 2088 3774 haec;

440 3807 468 3838 «
521 3787 906 3859 Respondens
954 3785 1130 3842 Jesus
1179 3786 1370 3842 dixit:
1407 3788 1515 3852 Qui
1557 3790 1837 3860 receperit
1881 3806 1987 3846 vos
2035 3791 2094 3854 in

439 3877 681 3932 nomine
717 3893 872 3944 meo,
911 3893 1006 3932 me
1049 3876 1298 3950 recipit;
1327 3883 1383 3934 et
1424 3877 1528 3950 qui
1575 3895 1670 3934 me
1700 3878 1927 3954 recipit,
1973 3896 2096 3938 non

439 3982 535 4023 me
565 3965 794 4038 recipit,
830 3965 936 4021 sed
969 3982 1103 4022 eum
1137 3967 1238 4040 qui
1273 3967 1428 4022 misit
1459 3984 1554 4023 me
1585 3969 1651 4023 9'.
1689 3988 1717 4020 »

508 4053 561 4109 3.
595 4053 773 4110 Porro
804 4059 1004 4110 autem
1044 4053 1230 4110 verba
1261 4055 1361 4110 illa
1392 4073 1404 4111 :
1435 4079 1460 4106 ‹‹
1493 4055 1887 4130 Respondens
1923 4060 2096 4128 Jesus

438 4144 631 4202 dixit:
710 4143 752 4198 Ο
822 4143 1053 4212 mulier,
1105 4131 1322 4216 magna
1373 4149 1461 4200 est
1508 4143 1656 4200 ﬁdes
1707 4151 1807 4203 tua
1841 4168 1851 4212 ;
1883 4148 1984 4204 tiat
2037 4151 2100 4204 ut

437 4233 526 4290 vis
545 4233 592 4266 ⁹²
614 4253 626 4288 :
647 4253 674 4282 ››
692 4231 772 4287 ad
792 4231 1022 4287 nullum
1057 4231 1478 4305 praedictorum
1499 4250 1716 4288 usuum
1744 4233 2094 4302 referuntur,

437 4322 536 4378 sed
583 4321 975 4394 praecedentis
1035 4321 1329 4378 sermonis
1388 4323 1818 4379 admissionem
1867 4325 2096 4380 sistunt.

437 4413 583 4466 Nam
615 4427 750 4466 cum
780 4411 1120 4468 Chananitis
1139 4411 1553 4468 miserabiliter
1573 4413 1940 4484 exposuisset
1963 4413 2098 4470 ﬁliae

439 4516 560 4555 suae
579 4500 874 4568 morbum,
899 4501 1305 4574 medelamque
1323 4501 1566 4574 petisset
1585 4518 1600 4570 ;
1616 4517 1866 4576 cumque
1886 4503 2096 4559 eadem

437 4589 806 4660 asperiorem
855 4605 1096 4661 precum
1147 4607 1396 4647 suarum
1445 4591 1758 4663 repulsam
1808 4593 2100 4661 patienter

439 4677 785 4747 excepisset,
818 4678 1184 4752 dixissetque
1226 4694 1239 4734 :
1297 4701 1315 4728 ι
1356 4679 1581 4752 Utique,
1613 4681 1884 4750 Domine,
1919 4681 2096 4738 etiam

439 4763 627 4821 catelli
657 4765 854 4820 herilis
879 4782 1102 4822 mensae
1121 4767 1385 4840 reliquiis
1411 4774 1764 4840 vescuntur;
1791 4788 1819 4820 ‹‹
1848 4771 1962 4826 hac
1995 4771 2098 4827 ad-

441 4853 620 4909 missa
641 4855 907 4910 oratione
937 4855 1212 4912 subditur
1245 4873 1256 4910 :
1285 4877 1312 4908 «
1344 4855 1502 4914 'l‘unc
1525 4859 1900 4930 respondens
1929 4861 2100 4914 Jesus

441 4943 520 4998 ait
549 4941 626 4998 illi
665 4959 678 4998 ε
707 4945 916 5014 Magna
941 4943 1091 5000 ﬁdes
1125 4949 1227 5001 tua
1258 4963 1270 5012 ;
1301 4947 1402 5002 ﬁat
1427 4947 1530 5002 tibi
1571 4953 1631 5003 ut
1659 4947 1766 5003 vis.
1803 4971 1820 4996 ι
1855 4947 2098 5004 Constat

439 5033 596 5089 enim
617 5033 819 5089 Iesum
841 5033 1018 5090 bona:
1038 5035 1443 5110 supplicisque
1457 5037 1694 5093 feminae
1711 5039 1980 5110 oratione
1997 5037 2100 5094 ad-

441 5121 647 5188 missa,
677 5121 858 5178 {idem
891 5123 1018 5194 ejus
1057 5123 1234 5180 laude
1275 5127 1652 5198 mactavisse,
1683 5127 2098 5202 medelamque

437 5211 716 5282 largitum
745 5228 890 5268 esse.
927 5211 1208 5283 Ejusdem
1236 5216 1538 5271 sententiae
1569 5221 1704 5272 sunt
1729 5217 1908 5273 etiam
1939 5217 2094 5273 haec:

439 5321 466 5350 ‹‹
499 5301 880 5371 lteSpondens
911 5301 1080 5356 Jesus
1111 5301 1258 5358 dixit
1287 5303 1390 5370 illi,
1433 5305 1639 5360 Beatus
1677 5321 1738 5361 es
1783 5307 1984 5362 Simon
2017 5307 2098 5362 ﬁli

439 5392 622 5456 Jonas,
656 5391 798 5462 quia
827 5407 968 5446 caro
999 5397 1054 5446 et
1083 5391 1330 5462 sanguis
1365 5409 1486 5448 non
1519 5395 1798 5450 revelavit
1827 5396 1930 5450 tibi
1967 5399 2032 5450 9³.
2067 5417 2093 5446 »

513 5573 558 5607 ³⁵
595 5571 798 5631 Matth.
833 5589 952 5635 xw,
987 5577 1068 5628 t6.
1183 5573 1229 5608 ⁸⁵
1258 5572 1396 5628 Luc.
1431 5589 1504 5640 ιιι,
1541 5573 1620 5627 Η.

437 5655 600 5710 xxvr,
635 5649 722 5700 63.
837 5646 880 5679 9'
913 5647 1086 5716 Marc,
1119 5661 1197 5711 xi,
1226 5651 1314 5702 36.
1429 5647 1476 5682 ⁰²
1509 5646 1708 5702 Matth.
1744 5663 1836 5710 xv,
1873 5653 1957 5702 28.

1737 5576 1782 5610 ⁸⁷
1811 5575 2004 5632 Matth.
2036 5591 2115 5640 ιιι,
2149 5575 2232 5629 tl.

2073 5649 2119 5682 93
2155 5646 2355 5702 Matth.
2389 5641 2514 5714 xvi,
2553 5653 2632 5702 Π.

2201 1823 2577 1898 προλοϐοϋσαν,
2629 1825 2799 1896 Ὑμεῖς
2854 1821 2910 1876 δε
2953 1829 3068 1876 τίνα
3118 1843 3179 1897 με
3233 1823 3399 1895 λέγετε
3458 1821 3587 1876 εἶναι
3635 1841 3648 1888 ;
3709 1831 3806 1883 τὴν

2201 1915 2357 1966 αὐτού
2411 1921 2620 1987 γνώμην
2688 1917 3021 1988 ὸκορυφαῖος
3095 1918 3183 1964 καὶ
3261 1921 3360 1966 τῶν
3447 1915 3806 1986 συμμαθητῶν

2202 2001 2524 2057 ἀποδίδωσι.
2563 2009 2660 2057 Καὶ
2693 2007 2738 2055 ἐν
2771 2011 2862 2074 τῷ,
2901 2024 2922 2054 ιι
2963 2003 3242 2078 ’Λπεκρίθη
3289 1999 3347 2054 δε
3392 2001 3551 2074 λέγων
3605 2003 3804 2064 αὐτοῖς.

2201 2095 2226 2146 6
2255 2097 2389 2165 ἔχων
2419 2091 2514 2145 δύο
2547 2102 2776 2164 ’χιτῶνας
2817 2089 3088 2164 μεταδότω
3121 2101 3189 2162 τῷ
3323 2093 3518 2163 ἔχοντι,
3541 2113 3567 2142 ι)
3603 2095 3630 2150 η
3669 2093 3804 2150 αὖτὴ

2200 2185 2489 2254 καθορᾶται
2523 2189 2702 2254 γνώμη
2742 2201 2751 2210 ·
2787 2189 2896 2241 τοῖς
2935 2184 3035 2254 γὰρ
3093 2180 3420 2255 ἐρωτήσασιν
3463 2181 3644 2252 ὄχλοις
3691 2184 3806 2234 ὅθεν

2201 2277 2568 2345 καρπώσονται
2635 2276 2727 2328 την
2799 2275 3080 2343 σωτηρίαν,
3143 2267 3531 2323 ὑποδείκνυσιν.
3601 2269 3806 2344 Ὠσπερ

2201 2365 2394 2426 καὶτὸ,
2431 2383 2456 2412 (ί
2507 2361 2786 2435 Ἀπεκρίθη
2837 2361 3012 2421 αὐτοῖς
3059 2362 3082 2410 6
3131 2360 3368 2420 Ἰωάννης
3411 2359 3567 2429 λέγων
3603 2378 3613 2388 ·
3671 2363 3806 2432 Ἐγὼ

2203 2450 2446 2523 βαπτίζω
2479 2449 2525 2501 ἐν
2572 2447 2731 2501 ὕδατι
2763 2467 2773 2478 ·
2819 2454 2971 2522 μέσος
3007 2446 3064 2502 δὲ
3113 2451 3251 2522 ὑμῶν
3301 2449 3512 2506 ἕστηκεν
3565 2449 3617 2501 ὃν
3657 2451 3810 2522 ὑμεῖς

2202 2539 2295 2591 οὐκ
2327 2537 2524 2593 οἴδατε.
2563 2561 2589 2588 ››
2645 2540 2853 2612 Ιίἱςγάρ
2907 2543 2998 2596 την
3053 2538 3214 2596 αὐτὴν
3269 2543 3358 2590 καὶ
3405 2545 3556 2590 τοῦτο
3617 2545 3806 2612 χρείαν

2201 2627 2504 2702 ἀναφέρεται
2537 2647 2547 2657 ·
2583 2635 2670 2680 καὶ
2701 2631 2866 2700 μύρια
2908 2627 3056 2682 ἄλλα.
3101 2633 3168 2680 Τὸ
3209 2625 3285 2698 δὲ,
3337 2647 3364 2678 (‹
3397 2627 3478 2678 Ἰζν
3529 2627 3698 2700 ἐκείνῳ
3731 2638 3804 2698 τῷ

2199 2727 2362 2792 καιρῷ
2409 2717 2704 2792 ἀποκριθεὶς
2760 2719 2784 2768 6
2839 2719 3046 2776 Ἰησοῦς
3091 2714 3224 2768 εἶπεν
3285 2733 3296 2743 ·
3361 2716 3806 2790 Ἐξομολογοῦμαί

2203 2827 2305 2872 σοι,
2351 2811 2513 2881 Πάτερ
2547 2811 2702 2879 Κύριε
2733 2815 2823 2858 τοῦ
2865 2807 3083 2880 οὐρανοῦ
3127 2811 3215 2857 καὶ
3267 2814 3360 2867 τῆς
3408 2814 3529 2877 γῆς,
3575 2828 3598 2858 ι)
3645 2803 3806 2865 δῆλον

2201 2899 2278 2949 ὅτι
2323 2905 2414 2958 τῆς
2463 2900 2550 2968 μὲν
2601 2901 2975 2968 προειρημένης
3030 2895 3215 2955 ἐννοίας
3277 2892 3572 2960 διέστηκεν,
3629 2895 3806 2970 ἀρχῆς

2203 2983 2260 3038 δὲ
2303 2991 2483 3060 χώραν
2539 2984 2714 3056 ἐπέχει
2766 3002 2776 3013 ·
2813 2989 2930 3036 οὔτε
2980 2987 3078 3058 γὰρ
3127 2984 3378 3059 ἐρώτησις
3433 2989 3806 3060 προηγήσατο,

2211 3073 2308 3092 μ..
2372 3071 2560 3106 ..η-η
2661 3073 2714 3102 ,λ
2783 3094 2838 3106 μ’
2945 3071 2966 3090 κ
3030 3071 3176 3106 ._.,_._
3477 3073 3549 3103 ._.
3637 3077 3648 3086 .
3703 3076 3760 3104 ._

2203 3091 2292 3126 αλ).
2341 3094 2462 3126 om;
2505 3094 2612 3125 ..ινα
2665 3093 2876 3144 ηγοΑα
2933 3085 3227 3142 οιεοιςαεο,
3277 3075 3364 3124 αλλ
3433 3095 3588 3134 αν.ος
3627 3095 3652 3126 ο
3725 3081 3807 3133 Ιη-

2205 3171 2327 3224 σοῦς
2359 3162 2532 3234 ἀρχὴν
2582 3161 2810 3232 ἐμϐαλὼν
2869 3171 2938 3234 τῷ
2986 3163 3144 3234 λόγῳ,
3191 3169 3282 3222 τὴν
3343 3163 3685 3238 εὐχαριστίαν
3733 3173 3807 3236 τῷ

2205 3259 2370 3324 Πατρὶ
2417 3257 2828 3326 προσηνέγκατο.
2871 3251 3134 3311 Ὡσαύτως
3163 3257 3252 3304 καὶ
3291 3257 3368 3324 τὸ,
3419 3275 3438 3302 ε
3478 3253 3806 3330 Ἀποκριθεὶς

2203 3344 2228 3394 6
2261 3341 2700 3418 ἀρχισυνάγωγος
2741 3341 3042 3414 ἀγανακτῶν
3087 3343 3166 3394 ὅτι
3211 3350 3281 3411 τῷ
3341 3341 3588 3414 Σαϐϐάτῳ
3633 3345 3812 3418 ἐθερα-

2203 3451 2388 3484 πευσεν
2415 3433 2670 3492 ὁἿησοῦς
2701 3447 2716 3463 ⁸
2755 3453 2779 3482 )›
2813 3436 2897 3484 ναὶ
2928 3428 2992 3490 δὴ
3025 3435 3213 3500 καὶτὸ,
3249 3432 3628 3506 «Ἀποκριθεὶς
3661 3435 3684 3484 6
3719 3431 3812 3508 ἀρ-

2203 3526 2409 3597 χιερεὺς
2450 3517 2585 3574 εἶπεν
2631 3521 2788 3592 αὐτῷ,
2823 3521 3112 3596 Ἐξορκίζω
3155 3540 3212 3574 σε
3235 3523 3370 3574 κατὰ
3395 3529 3486 3574 τοῦ
3518 3530 3650 3576 Θεοῦ
3683 3523 3812 3586 ζῶν-

2204 3631 2305 3674 τος,
2339 3611 2444 3662 εἰπε
2471 3613 2594 3684 ημῖν
2621 3611 2663 3662 εἰ
2699 3613 2761 3661 σὺ
2789 3607 2834 3662 εἶ
2879 3613 2903 3662 6
2941 3613 3164 3684 Χριστος
3197 3613 3359 3674 ὁΥἱὸς
3392 3620 3482 3664 τοῦ
3508 3617 3656 3669 Θεοῦ.
3691 3613 3812 3686 Ἀρ-

2204 3705 2305 3772 χὴν
2325 3697 2376 3751 δ’
2409 3699 2466 3750 ειν
2495 3698 2676 3772 ἐπέχοι
2699 3699 2854 3770 λόγου
2886 3705 2976 3751 καί
3009 3704 3065 3752 τό
3102 3719 3112 3729 ·
3149 3725 3176 3750 ι(
3196 3703 3526 3776 Ἀποκριθεὶς
3555 3701 3812 3764 ὁἸησοῦς

2206 3787 2360 3843 εἶπενο
2393 3789 2486 3852 Ὃς
2517 3787 2598 3840 ἐὰν
2641 3786 2858 3851 δέξηται
2889 3791 3024 3862 ὑμᾶς
3067 3787 3148 3842 ἐπὶ
3187 3799 3255 3860 τῷ
3305 3790 3410 3864 ἐμῷ
3459 3791 3692 3864 ὀνόματι,
3723 3791 3812 3866 ἐμὲ

2207 3875 2420 3950 δέχεται
2457 3898 2466 3908 ’
2497 3885 2582 3931 καὶ
2626 3879 2680 3940 ὃς
2707 3877 2764 3928 ἂν
2797 3881 2880 3950 ἐμὲ
2911 3875 3146 3944 δέξηται,
3179 3879 3272 3931 οὐκ
3305 3883 3388 3942 ἐμὲ
3418 3877 3658 3952 δέχεται,
3684 3880 3814 3932 ἀλλὰ

2205 3971 2291 4020 τὸν
2319 3967 2691 4020 ἀποστείλαντά
2721 3987 2802 4039 με,
2835 3991 2861 4018 ›ι

2277 4057 2346 4128 γ’.
2401 4059 2483 4110 Ἐν
2523 4061 2804 4130 μέντοιγε,
2857 4077 2884 4108 ι(
2943 4057 3263 4130 Ἀποκριθεὶς
3320 4061 3344 4110 6
3401 4059 3606 4120 Ἰησοῦς
3675 4057 3812 4114 εἶπεν

2209 4147 2359 4220 αὐτῇ.
2403 4153 2470 4200 Ὦ,
2497 4150 2671 4218 γύναι,
2707 4145 2904 4218 μεγάλη
2961 4166 3054 4199 σου
3088 4151 3116 4208 η
3161 4151 3354 4218 πίστις,
3396 4151 3666 4220 γενηθήτω
3725 4169 3814 4202 σοι

2209 4238 2274 4296 ὡς
2307 4235 2480 4306 θέλεις,
2517 4257 2544 4284 )›
2589 4236 2653 4296 εἰς
2701 4231 2970 4308 οὐδέτερον
3025 4239 3114 4308 μεν
3165 4235 3466 4312 ἀναφέρεται
3513 4247 3611 4290 τῶν
3673 4239 3812 4314 εἰρη-

2207 4329 2388 4398 μένων,
2424 4321 2694 4396 διαδοχὴν
2727 4321 2784 4378 δὲ
2813 4325 2968 4396 λόγον
2999 4327 3296 4398 συνεισάγει
3343 4347 3353 4358 ·
3387 4335 3481 4390 τῆς
3505 4330 3606 4402 γὰρ
3641 4336 3812 4382 Χανα-

2207 4409 2406 4476 νίτιδος
2465 4413 2964 4488 ἐλεεινολογουμένης
3019 4419 3108 4488 μὲν
3162 4420 3218 4468 τὸ
3264 4425 3356 4480 της
3406 4419 3666 4491 θυγατρὸς
3715 4421 3814 4470 πα-

2211 4505 2312 4566 θος,
2369 4507 2460 4560 τὴν
2543 4505 2814 4577 θεραπείαν
2870 4501 2927 4558 δὲ
2987 4505 3315 4580 αἰτουμένης,
3375 4511 3463 4560 καὶ
3517 4510 3648 4580 πρὸς
3715 4513 3812 4574 τὴν

2209 4591 2599 4666 ἀποτρέπουσαν
2637 4597 2730 4650 τὴν
2787 4591 3025 4652 σπουδὴν
3071 4595 3232 4658 αὕτῆς
3276 4595 3424 4670 ὕϐριν
3467 4597 3816 4670 εὐγνωμονου-

2211 4703 2309 4746 σης
2339 4687 2426 4735 καὶ
2465 4683 2739 4755 λεγούσης,
2783 4705 2810 4734 ‹‹
2845 4689 2969 4754 Ναὶ,
3005 4687 3180 4757 Κύριε,
3222 4690 3312 4738 καὶ
3351 4689 3452 4759 γὰρ
3496 4689 3562 4744 τὰ,
3589 4689 3818 4763 κυνάρια

2209 4771 2370 4826 ἓσθίει
2403 4771 2502 4825 ἀπὸ
2541 4780 2629 4833 τῆς
2663 4773 2923 4848 τραπέζης
2951 4783 3048 4825 τῶν
3081 4780 3272 4848 κυρίων
3305 4775 3492 4842 αὐτῶν,
3557 4798 3584 4826 ››
3629 4775 3818 4848 ἐπαγε-

2209 4881 2294 4914 ται
2333 4865 2468 4930 κατὰ
2509 4859 2779 4935 διαδοχὴν
2811 4861 2995 4916 ἐκεῖνον
3041 4867 3127 4916 τὸν
3167 4863 3338 4936 λογον,
3379 4889 3398 4916 ε
3435 4869 3560 4918 Τότε
3592 4863 3816 4942 ἀποκρι-

2211 4955 2316 5014 θεὶς
2361 4955 2386 5004 6
2445 4953 2648 5014 Ἰησοῦς
2689 4949 2821 5005 εἶπεν
2887 4953 3040 5024 αὐτῇ,
3105 4955 3308 5026 Μεγαλη
3371 4974 3464 5026 σον
3517 4956 3546 5014 η
3609 4961 3818 5024 πίστις,

2207 5043 2475 5112 γενηθήτω
2509 5061 2594 5094 σοι
2643 5045 2706 5102 ὡς
2753 5041 2908 5104 θέλεις
2957 5063 2968 5074 ·
3015 5065 3043 5106 »_
3087 5039 3244 5102 δῆλον
3289 5047 3388 5116 γαρ
3439 5046 3519 5098 ὅτι
3547 5048 3668 5110 τοὺς
3717 5055 3818 5108 τῆς

2211 5131 2598 5206 εὐγνωμοσύνης
2647 5135 2736 5183 καὶ
2792 5127 3024 5193 δεήσεως
3071 5131 3256 5204 λογονς
3298 5129 3578 5208 δεξάμενος
3635 5137 3658 5188 6
3713 5138 3822 5196 Ἰη-

2211 5227 2330 5280 σοῦς
2359 5225 2447 5276 τὴν
2487 5225 2666 5272 πίστιν
2704 5219 2861 5280 αὑτῆς
2906 5220 3199 5292 ἐμεγάλυνε,
3262 5229 3350 5275 καὶ
3389 5227 3484 5282 τὴν
3541 5225 3820 5296 θεραπείαν

2209 5312 2525 5382 παρέσχετο,
2561 5308 2646 5370 Εἰς
2676 5313 2768 5366 τὴν
2815 5309 2974 5367 αὐτὴν
3020 5306 3078 5362 δὲ
3119 5306 3355 5363 διάνοιαν
3406 5310 3574 5385 ἀφορᾴ
3603 5318 3692 5365 καὶ
3733 5319 3817 5380 τὸ,

2211 5398 2574 5469 «Ἀποκριθεὶς
2603 5399 2628 5447 6
2659 5396 2865 5458 Ἰησοῦς
2905 5394 3038 5450 εἶπεν
3066 5402 3231 5468 aii-qi,
3257 5400 3530 5474 Μακάριος
3557 5399 3618 5466 εἴ,
3645 5409 3820 5475 Σίμων

2347 5575 2394 5612 ⁸⁸
2417 5575 2610 5630 Μειιιίι.
2641 5591 2718 5641 XI,
2749 5577 2836 5632 25.

2953 5577 2998 5614 ³⁸
3027 5579 3159 5634 Luc.
3191 5593 3312 5642 xm,
3343 5581 3423 5633 14.
3543 5581 3590 5614 ³ο
3613 5581 3818 5637 Matth.
