3950 6180
159 225 228 282 {tif
1115 219 1210 274 AD
1253 219 1804 278 AMPHILOCHIUM
1845 223 2170 290 QU/ESTIO
2211 221 2353 280 XXI.

3316 233 3419 288 162

147 352 274 402 αὐτῶν
305 349 540 418 ἱστάμενον
585 347 866 419 ἐθεώρουν’
925 350 1014 398 καὶ
1063 341 1178 397 δέον
1203 355 1272 416 τῷ
1329 349 1480 400 πάθει
1529 351 1646 421 πρὸς

1816 350 2010 406 esania
2061 351 2385 422 quidquam
2423 352 2816 410 remittebant.
2861 355 3078 410 Eadem
3126 355 3420 414 videretur

145 441 242 492 ᾒεον
263 437 619 510 μεταϐαλέσθαι,
663 437 710 486 οἱ
771 431 830 486 δὲ
875 443 966 495 τῆς
1012 433 1257 498 ἀπονοίας
1301 437 1358 488 ού
1403 439 1653 508 μεθίεντο.

141 533 218 585 Τὴν
241 527 376 584 αύτήν
403 523 446 576 δ’
475 525 528 575 ἂν
565 528 848 598 παρέχοιτο
883 530 1153 596 σημασίαν
1185 529 1274 578 καὶ
1317 529 1396 594 τὸ,
1431 547 1458 576 (ι
1505 526 1658 580 Ἀπο·

137 617 290 686 κριθεὶς
313 611 362 666 δι
396 616 418 664 ο
459 615 648 675 Ἰησοῦς
679 611 812 665 εἶπεν
847 613 1038 678 αὐτοῖς,
1075 614 1260 684 Ἀμὴν,
1315 615 1477 686 ’Λμήν
1528 615 1658 688 λέγω

137 707 244 774 ὑμῖν,
289 703 360 754 ἐστι
385 706 528 774 ἔχητε
559 707 730 754 πίστιν
775 708 865 755 καὶ
914 707 984 773 μὴ
1038 698 1365 776 διακριθῆτε,
1422 705 1479 756 ού
1506 711 1658 778 μόνον

137 795 178 841 τε
217 799 290 850 τῆς
345 801 496 852 σνκης
541 797 804 854 ποιήσετε,
872 790 998 842 ἀλλὰ
1057 790 1152 842 κᾶν
1207 801 1277 862 τῷ
1333 797 1437 866 ὄρει
1493 797 1658 866 τούτῳ

135 886 280 940 signa,
317 879 558 936 Μετάϐηθι
611 880 682 940 εἰς
711 885 804 937 τὴν
859 880 1148 946 θάλασσαν,
1202 881 1589 952 μεταϐήσεται·
1631 906 1656 932 ››

133 972 197 1018 καὶ
235 973 319 1040 γαρ
359 971 448 1020 ὅσα
485 988 542 1038 γε
583 972 718 1020 κατὰ
771 974 822 1020 τὶ
877 974 1158 1042 πρόχειρον
1213 978 1306 1028 τῆς
1367 977 1653 1042 συνεπείας,

133 1060 226 1124 πρὸς
259 1061 338 1114 τὴν
379 1056 422 1108 ἐν
465 1067 534 1126 τῷ
579 1056 734 1128 βάθει
781 1067 874 1118 τῆς
919 1053 1146 1131 καρδίας
1201 1059 1412 1130 μελέτην
1471 1057 1658 1112 ἀπεδί-

133 1143 223 1195 δοτο
259 1145 310 1196 ἂν
355 1151 406 1197 τὸ
459 1145 770 1220 ἀποκριθεὶς,
825 1147 870 1198 εἰ
917 1153 985 1216 μὴ
1045 1150 1256 1218 Μάρκος
1307 1150 1332 1199 ὁ
1387 1151 1657 1212 Θεσπέσιος

131 1235 398 1304 απῖγγέλλων
435 1241 488 1286 τὸ
537 1241 738 1308 χωρίον
787 1241 1115 1310 σαφέστερον,
1177 1237 1246 1298 εὶς
1303 1243 1396 1296 την
1427 1247 1516 1290 τοι)
1572 1239 1660 1290 λό-

125 1343 196 1390 γον
227 1321 462 1394 διαδοχὴν
493 1330 582 1382 τὴν
626 1330 898 1396 σημασίαν
929 1327 1242 1397 μεθίστησιν
1267 1343 1278 1354 ·
1335 1327 1488 1379 εἰπὼν
1535 1331 1654 1402 γὰρ,

127 1437 144 1454 τί
171 1417 246 1464 Καὶ
273 1413 592 1484 ἀναμνησθεὶς
627 1416 654 1466 ὁ
689 1419 875 1488 Πέτρος
907 1413 1041 1485 λέγει
1081 1415 1239 1486 αὐτῷ,
1279 1415 1477 1482 Ῥαϐϐὶ,
1505 1413 1586 1469 id:
1625 1419 1654 1476 ἡ

127 1509 224 1558 mi
259 1501 308 1558 ἣν
347 1507 620 1576 κατηράσω
669 1502 937 1576 ἐξήραται,
971 1523 998 1554 »
1051 1505 1252 1576 εἰσάγει
1311 1509 1396 1556 τὸν
1449 1508 1657 1563 Ἰησοῦν

125 1585 434 1662 indixissem;
463 1596 548 1644 τὸν
591 1593 746 1664 λόγον
776 1597 864 1644 καὶ
923 1592 1154 1664 λεγοντα,
1206 1619 1230 1644 ιι
1265 1593 1452 1667 Ἔχετε
1477 1601 1658 1648 πίστιν

1770 439 2120 508 signiﬁcatio
2161 439 2435 496 dictionis
2475 463 2487 494 :
2539 461 2568 492 ιι
2613 440 3005 513 Respondeas
3053 444 3222 500 Jesus
3271 445 3418 502 dixit

1767 527 1880 581 illis
1917 545 1929 582 :
1963 531 2168 593 Amen.
2203 544 2382 584 amen
2414 529 2550 585 dico
2580 531 2770 600 vobis,
2805 531 2848 586 si
2883 533 3062 588 ﬁdem
3093 533 3420 590 habueritis

1769 633 1962 688 neque
2013 619 2440 686 haesitaveritis,
2497 635 2614 674 non
2656 619 2846 676 solum
2885 621 3036 677 ﬁcus
3077 623 3417 695 prodigium

1767 707 2076 778 pati-abitis
2105 724 2118 770 ;
2153 723 2356 762 verum
2385 709 2563 764 etiam
2593 709 2640 762 si
2671 711 2804 766 huic
2831 711 2976 767 forte
3005 713 3186 769 monti
3210 713 3420 768 dixeri-

1769 797 1858 860 tis,
1911 797 2248 866 Commigra
2287 798 2344 852 in
2387 813 2574 864 mare,
2617 799 3042 870 commigrabit
3079 803 3146 853 1°.
3193 823 3216 852 ››
3270 805 3420 856 Nam

1767 885 1930 956 quod
1979 887 2184 940 attinet
2221 886 2296 940 ad
2337 887 2666 942 naturalem
2711 889 3001 943 sermonis
3049 894 3413 960 contextum,

1767 975 2018 1028 verbum
2054 990 2197 1029 sane
2229 975 2598 1046 respondens
2631 977 2940 1032 referretur
2969 977 3046 1032 ad
3077 979 3292 1034 mentis
3326 995 3418 1032 ar-

1767 1077 1980 1116 canam
2011 1063 2450 1130 cogitationem,
2483 1065 2596 1120 nisi
2623 1065 2793 1120 divus
2819 1069 3066 1133 Marcus,
3094 1067 3196 1138 qui
3223 1067 3416 1122 locum

1767 1151 1926 1206 hunc
1969 1151 2316 1222 explicatius
2361 1153 2644 1218 edisserit,
2687 1154 2848 1208 verbi
2888 1155 3288 1224 significatum
3341 1155 3418 1210 ad

1767 1241 2060 1296 sermonis
2083 1241 2280 1312 prtevii
2301 1243 2730 1298 admissionem
2748 1243 3201 1314 exprimendam
3221 1245 3420 1300 tradu-

1768 1337 1938 1384 ceret.
1981 1329 2202 1386 Etenim
2234 1347 2368 1386 cum
2402 1331 2650 1386 dixisset
2685 1353 2696 1385 :
2736 1353 2760 1382 «
2797 1331 3278 1404 Recordatusque
3313 1333 3420 1386 Pe-

1767 1424 1911 1482 trus,
1945 1419 2026 1474 ait
2055 1418 2132 1474 illi
2168 1437 2180 1474 :
2217 1421 2502 1492 Magister,
2539 1436 2608 1474 en
2649 1421 2802 1477 ficus
2834 1422 2926 1476 cui
2959 1421 3114 1477 male
3145 1427 3416 1493 precatus

1768 1523 1828 1562 es
1874 1507 2139 1572 exaruit;
2175 1529 2202 1559 »
2237 1509 2374 1564 facit
2403 1510 2602 1564 Jesum
2635 1511 2898 1564 sermoni
2927 1510 3068 1564 huic
3106 1525 3420 1566 occurren-

1767 1601 1883 1650 tem
1913 1597 1996 1652 sic
2027 1611 2040 1650 :
2079 1616 2106 1648 ‹‹
2139 1597 2422 1653 Habetote
2454 1599 2550 1652 Dei
2581 1597 2785 1652 ﬁdem.
2815 1599 3004 1653 Amen
3033 1598 3256 1670 quippe
3286 1599 3418 1653 dico

123 1687 248 1730 Θεοῦ·
293 1679 414 1752 ἀμην
442 1685 540 1756 γὰρ
585 1681 718 1754 λέγω
760 1684 898 1754 ὑμῖν,
957 1683 1036 1734 ὅτι
1071 1683 1125 1744 ὃς
1169 1682 1228 1735 ἂν
1277 1687 1391 1758 ε’ίπη
1435 1693 1506 1756 τῷ
1553 1689 1646 1758 ἤοεε

1816 1687 1954 1754 )bis,
1997 1687 2101 1758 qui
2140 1686 2278 1741 huic
2319 1687 2506 1742 monti
2551 1685 2778 1742 dixerit.
2819 1685 3040 1742 Tollere
3079 1687 3218 1742 hinc
3259 1691 3316 1742 et
3357 1687 3418 1742 in

121 1773 260 1838 τούτῳ,
281 1768 480 1842 Ἀρθητι
510 1776 600 1822 καὶ
637 1769 868 1844 βλήθητι
903 1771 969 1832 εἰς
997 1776 1091 1830 τὴν
1133 1772 1419 1840 θαλασσαν,
1455 1780 1542 1827 καὶ
1581 1780 1652 1846 μὴ

121 1852 312 1930 διακριθῇ
364 1857 408 1910 ἐν
458 1868 518 1932 τῇ
571 1857 775 1934 καρδίᾳ
825 1860 1004 1926 αὐτοῦ,
1056 1858 1182 1913 ἀλλὰ
1235 1866 1467 1916 πιστεύει
1524 1865 1654 1916 ὄτιὸ

117 1943 220 1996 λαλεί
243 1953 426 2018 γίνεται,
455 1951 606 2000 ἔσται
627 1949 770 2020 αὐτῷ
796 1949 821 2000 ὃ
850 1947 1002 2020 λέγει.
1039 1972 1067 1999 ››

169 2033 221 2096 ς’.
269 2037 318 2088 Εἰ
357 2041 443 2108 μέν
497 2057 580 2090 τοι
637 2057 698 2108 γε
742 2047 840 2089 τῶν
889 2043 1090 2110 Λογίων
1139 2041 1168 2098 ἡ
1217 2039 1344 2099 αύτὴ
1395 2047 1650 2113 περικοπή

115 2129 164 2188 μὲ
223 2123 285 2194 ἐρ’
359 2127 459 2188 ἐνὸς
519 2131 682 2198 μόνον
752 2135 852 2178 τῶν
933 2127 1208 2200 εἰρημένων
1281 2127 1650 2204 ἐπιθεωρηθείη

113 2209 406 2284 παράδειγμα,
445 2214 574 2268 ἀλλὰ
611 2215 1026 2288 μεθελκυσθῆναι
1077 2213 1291 2269 δύναιτο
1341 2221 1412 2280 εἷς
1460 2239 1512 2271 τε
1559 2225 1652 2280 τὴν

117 2297 313 2374 ἀπαρχὴν
355 2311 440 2356 καὶ
485 2309 580 2364 τὴν
613 2301 886 2376 διαδοχὴν
937 2304 1238 2378 τοῦλόγου,
1285 2309 1432 2380 τάχα
1461 2305 1519 2360 δὲ
1563 2315 1652 2361 καὶ

113 2387 162 2448 εις
207 2395 254 2442 τό
295 2393 552 2466 παρελκον,
625 2389 746 2445 οὐδ’
796 2393 952 2454 οὕτως
1011 2403 1109 2444 τῶν
1174 2401 1561 2468 σημαινομένων
1627 2399 1654 2450 ὁ

111 2475 424 2554 ἀριθμόςπρός
451 2489 510 2534 τὸ
558 2481 894 2556 βραχύτερον
941 2481 1352 2552 συσταλήσεται,
1395 2483 1522 2537 ἀλλὰ
1559 2491 1652 2544 την

113 2567 208 2625 ἴσως
251 2567 586 2624 σννδιασὼσει
649 2575 946 2628 ποσότητα·
1004 2572 1150 2644 ἀρκεῖ
1200 2575 1298 2646 γὰρ
1355 2577 1412 2626 τὸ
1455 2575 1652 2638 πλῆθος

111 2659 160 2722 μή
205 2658 562 2728 καταϐιϐάζειν,
634 2660 730 2712 κᾶν
782 2663 891 2712 ἔνια
936 2669 1036 2712 τῶν
1079 2659 1519 2736 παραδειγμάτων
1572 2667 1652 2717 εύ-

108 2745 236 2812 ρεθείη
263 2753 327 2816 μη
375 2755 494 2823 πρὸς
523 2750 574 2801 ἓν
631 2769 684 2800 τι
711 2754 886 2822 μόνον,
939 2749 1066 2802 ἀλλὰ
1113 2756 1202 2804 καὶ
1249 2757 1376 2826 πρὸς
1423 2751 1652 2829 διάφορα

109 2841 179 2882 τιον
235 2843 604 2910 σημαινομένων
667 2837 1011 2912 ἀναφέρεσθαι
1085 2837 1364 2912 δυνάμενα,
1439 2839 1649 2894 ἐπειδάν

107 2939 142 2970 τι
175 2927 334 2976 τούτων
375 2927 496 2988 ὅλως
557 2929 856 3000 εὑρίσκοιτο
919 2934 1012 2986 τὴν
1069 2939 1160 2981 τοῦ
1219 2931 1326 2991 ἐνὸς
1379 2937 1648 3002 σημασίαν

1765 1790 1928 1829 mare
1955 1774 2281 1845 projicitor,
2311 1775 2358 1829 si
2389 1773 2572 1830 modo
2598 1775 2656 1828 in
2685 1773 2863 1830 corde
2893 1789 3002 1830 suo
3031 1789 3153 1831 non
3177 1774 3414 1840 dubitet,

1765 1863 1865 1917 sed
1889 1861 1949 1917 id
1971 1861 2117 1928 fore,
2135 1863 2300 1936 quod
2323 1865 2423 1930 ait,
2443 1863 2666 1929 credat,
2693 1863 2794 1920 ﬁet
2813 1861 2866 1918 ei
2887 1864 3218 1920 secundum
3241 1881 3416 1920 suam

1761 1949 2121 2006 locutionem
2147 1951 2215 2004 υ.
2247 1973 2272 2004 ν

1835 2044 1886 2094 6.
1935 2040 2106 2105 Quod
2153 2041 2200 2096 si
2239 2039 2560 2112 aliquando
2603 2041 2916 2114 Scriptura:
2967 2057 3150 2098 sacrae
3203 2042 3416 2098 eadem

1761 2129 2035 2201 pericope
2052 2145 2174 2184 non
2194 2130 2271 2184 ad
2291 2131 2465 2185 unius
2482 2145 2512 2185 e
2531 2129 2832 2201 praedictis
2857 2131 3052 2186 modis
3071 2130 3415 2201 exemplum

1763 2219 2034 2284 sumitur,
2077 2235 2282 2275 verum
2315 2225 2370 2276 et
2399 2219 2476 2275 ad
2507 2219 2742 2274 initium
2773 2225 2830 2274 et
2863 2220 2940 2274 ad
2986 2217 3416 2274 admissionem

1763 2309 2056 2364 sermonis
2082 2309 2234 2364 trahi
2257 2315 2469 2380 potest,
2497 2307 2750 2364 fortasse
2771 2307 2952 2364 etiam
2976 2307 3055 2362 ad
3077 2307 3414 2363 redundan-

1762 2398 1904 2453 tiam
1931 2415 1944 2464 ;
1977 2413 2099 2454 non
2125 2397 2344 2454 idcirco
2371 2403 2570 2453 tamen
2599 2397 3101 2468 signiﬁcationum
3128 2411 3414 2452 numerus

1761 2488 1978 2543 arctior
1995 2488 2112 2554 ﬁet,
2135 2487 2238 2542 sed
2256 2487 2648 2559 quantitatem
2661 2503 2834 2542 suam
2857 2485 3250 2542 conservabit.
3267 2489 3412 2542 Nam

1759 2592 1834 2632 ne
1865 2593 2116 2633 numero
2145 2577 2482 2649 quidquam
2515 2577 2875 2640 detrahatur.
2909 2575 3128 2631 suﬁ‘icit
3156 2574 3412 2646 (etiamsi

1760 2665 1988 2736 aliquot
2025 2665 2298 2736 exempla
2340 2665 2458 2721 sint
2493 2681 2631 2734 quae
2671 2681 2790 2720 non
2829 2665 2902 2720 ad
2943 2679 3152 2730 unum,
3195 2665 3294 2718 sed
3335 2663 3413 2719 ad

1759 2756 1955 2810 varios
1973 2755 2338 2824 signiﬁcatus
2361 2755 2562 2810 referri
2589 2754 2856 2826 queant),
2878 2753 3114 2820 sufﬁcit,
3137 2754 3408 2824 inquam,

1759 2845 1804 2898 si
1843 2844 2008 2914 quod
2049 2844 2106 2897 in
2147 2843 2238 2898 his
2276 2845 2523 2898 omnino
2571 2842 2908 2914 exemplum
2948 2842 3210 2908 exsistat,
3249 2841 3408 2910 quod

1757 2933 1934 2988 unius
1991 2931 2070 2986 rei
2123 2931 2524 3000 signiﬁcatum
2575 2931 2688 2986 sibi
2743 2931 3020 2986 vindicet.
3070 2931 3197 2984 Non
3250 2931 3410 2985 enim

107 3011 459 3086 εξοικειούμενον.
515 3020 588 3068 Τὸ
649 3020 752 3088 γὰρ
811 3023 1177 3089 συνεμπίπτειν
1241 3029 1348 3081 πῶς
1409 3019 1646 3080 αλλήλοις

1821 3021 1897 3078 iia
1925 3019 2347 3077 nonnullarum
2383 3035 2600 3076 vocum
2631 3017 2806 3074 varia:
2834 3019 3290 3084 signiﬁcationes
3321 3017 3410 3071 in-

107 3099 162 3146 :z'
199 3101 316 3153 ἐνίων
361 3106 526 3176 ῥητῶν
559 3108 630 3157 τὰ
663 3102 888 3179 διάφορα
943 3113 1319 3180 σημαινόμενα,
1379 3109 1472 3161 οὐκ
1507 3113 1646 3161 ἔστιν

103 3187 230 3238 αἰτῶν
265 3201 346 3244 τον
391 3195 628 3256 πλήθους
681 3193 982 3266 ἀναίρεσις·
1037 3195 1238 3269 ἐπείπερ
1293 3195 1416 3250 οὐδὲ
1475 3197 1526 3262 ἐξ
1577 3199 1645 3250 ὧν

103 3277 438 3348 συμϐαίνουσιν,
489 3283 600 3334 ἀλλ’
651 3281 704 3346 ἐξ
759 3284 826 3334 ὧν
871 3284 1316 3359 παραλλάττουσι,
1371 3307 1643 3360 χαρακτη-

99 3367 298 3432 ρέζονται.
345 3371 544 3424 Ούκοῦν
601 3370 705 3424 ἀπὸ
757 3381 848 3432 τῆς
905 3369 1156 3446 διαφορᾶς
1213 3376 1430 3428 ἕκαστον
1477 3395 1642 3448 προσ-

99 3459 166 3506 ξκε
189 3467 388 3526 σκοπεῖν,
429 3467 520 3514 καὶ
565 3465 626 3513 τὸ
673 3457 816 3523 εἶδος
857 3461 1124 3534 φυλάττειν
1155 3463 1486 3536 ἁσύγχυτον,
1547 3464 1638 3518 αλλ

95 3539 163 3590 οὐκ
203 3545 247 3606 ἐξ
279 3549 338 3598 ὧν
387 3549 452 3610 εἰς
505 3555 782 3602 κοινωνίαν
828 3553 1159 3621 συνάγονται,
1217 3557 1310 3610 τὴν
1363 3551 1410 3604 ἐν
1467 3553 1640 3616 αὐτοῖς

95 3623 350 3708 διαφθείρειν
379 3639 682 3712 ἑτερότητα.

147 3721 196 3776 ζ’.
224 3726 288 3774 Οὐ
331 3733 474 3790 μόνον
507 3726 570 3780 δὲ
613 3735 704 3779 τού
753 3726 1006 3801 ἀπεκρίθη
1059 3726 1302 3801 διάφοροι
1351 3739 1636 3804 σημασίαι,

95 3829 144 3866 ως
170 3809 338 3882 ὁλογος
377 3813 590 3882 ἔδειξεν,
627 3815 964 3888 ἁποφύονται,
1015 3815 1142 3869 ἀλλά
1170 3825 1257 3870 καὶ
1313 3823 1368 3871 τὸ
1401 3822 1640 3892 ἠρώτησε

95 3891 314 3951 avari-15'»
357 3911 410 3955 τὸ
445 3905 736 3976 ἐλάχιστον
777 3907 1118 3978 ὑποκειμένων
1155 3911 1298 3980 παρὰ
1341 3917 1444 3971 τοῖς
1485 3913 1640 3984 ἱεροῖς

93 3995 198 4050 ἐξιών
242 3988 416 4062 λογίοις
477 3993 794 4066 ἀπαγγέλλει
863 3991 1134 4046 dicimur
1188 3997 1256 4047 ὧν
1311 3999 1340 4056 ἡ
1403 4002 1492 4070 μὲν
1549 4007 1638 4054 καὶ

89 4079 168 4132 τάς
213 4077 368 4138 ἔξωθεν
419 4081 750 4150 ἐπιπολάζει,
817 4085 844 4141 ἡ
899 4089 986 4136 καὶ
1043 4089 1136 4141 τὴν
1193 4085 1472 4162 ἀπόκρισιν
1543 4088 1638 4142 ἀπο

91 4169 206 4212 attain
249 4171 402 4222 είωθεν
429 4191 442 4202 ο
477 4175 508 4230 ἡ
579 4169 640 4224 δὲ
682 4173 944 4246 πόρρωθεν
999 4175 1088 4244 μὲν
1132 4177 1324 4237 ταύτης
1379 4186 1469 4238 τῆς
1519 4175 1634 4230 δια·

93 4267 192 4311 σῡιας
227 4251 500 4328 διίσταται,
567 4267 808 4330 σημαίνει
847 4259 905 4312 ὁε
943 4265 1000 4313 τὸ
1033 4264 1352 4336 παρεκάλεσε
1382 4271 1472 4318 καὶ
1510 4268 1634 4338 ᾐτή-

1754 3113 1937 3166 vicem
1955 3113 2287 3177 incurrunt,
2302 3109 2518 3164 idcirco
2541 3107 3076 3179 perimiturharum
3091 3121 3404 3159 numerus:

1751 3215 1893 3254 nam
1919 3215 2112 3270 neque
2137 3199 2270 3253 ideo
2287 3199 2432 3270 quia
2453 3201 2805 3268 congruunt,
2829 3195 2934 3250 sed
2951 3195 3092 3266 quia
3107 3193 3406 3258 differunt,

1752 3289 2152 3344 characterem
2195 3287 2514 3358 accipiunt.
2559 3289 2710 3356 Ergo
2749 3284 3038 3356 cujusque
3075 3282 3408 3340 differentia

1751 3375 2080 3447 spectanda
2101 3381 2204 3442 est,
2231 3381 2290 3432 et
2311 3391 2420 3430 sua
2445 3375 2660 3446 cuique
2682 3373 2904 3446 species
2927 3372 3224 3429 servanda
3249 3390 3263 3425 :
3287 3389 3406 3428 non

1748 3469 1948 3520 autem
1989 3465 2210 3520 idcirco
2253 3465 2392 3536 quia
2434 3463 2652 3520 alicubi
2691 3469 3050 3530 congruunt,
3092 3461 3407 3518 diversitas

1749 3553 2068 3610 abolenda.

1818 3737 1869 3786 7.
1897 3732 2004 3786 Sed
2027 3731 2186 3786 enim
2216 3732 2389 3786 variae
2415 3729 2896 3800 signiﬁcationes,
2921 3733 2984 3784 ut
3008 3743 3204 3783 sermo
3231 3743 3402 3782 meus

1745 3821 2037 3876 hactenus
2093 3821 2370 3884 ostendit,
2409 3835 2530 3876 non
2577 3835 2648 3874 ex
2698 3833 2819 3874 uno
2865 3817 3167 3887 respondit
3221 3817 3404 3872 verbo

1747 3911 2102 3980 gignuntur;
2127 3925 2336 3964 verum
2353 3908 2530 3964 etiam
2551 3907 2794 3964 verbum
2816 3909 3050 3976 rogavit
3076 3907 3122 3942 ¹²
3143 3905 3404 3962 duorum

1747 3999 1954 4054 saltem
1997 3999 2440 4068 signiﬁcatuum
2473 3998 2692 4052 nostris
2721 3997 2780 4052 in
2815 3995 3134 4067 Scripturis
3174 4001 3405 4050 senten—

1747 4088 1888 4143 tiam
1919 4093 2106 4142 tuetur
2133 4105 2146 4152 ;
2179 4103 2436 4159 quorum
2464 4085 2610 4142 alter
2639 4085 2908 4158 profanis
2935 4099 3177 4156 quoque
3207 4090 3404 4138 aucto-

1748 4177 1909 4232 ribus
1933 4175 2248 4234 familiaris
2271 4182 2377 4242 est,
2401 4175 2970 4248 responsionemque
2995 4173 3202 4226 elicere
3228 4171 3400 4236 solet;

1746 4266 1889 4322 alter
1918 4281 2058 4322 vero
2094 4281 2130 4321 a
2163 4265 2447 4336 praedicto
2487 4265 2872 4320 vehementer
2910 4261 3126 4325 differt,
3159 4259 3404 4314 denotat

93 4353 204 4434 ξατο,
249 4347 346 4407 ἣτις
399 4349 490 4402 οὐκ
559 4351 772 4403 ἔλαττον
837 4361 928 4414 τῆς
991 4358 1368 4426 προειρημένης
1425 4355 1476 4407 ἐν
1533 4364 1635 4417 τοῖς

1824 4355 1906 4411 im
1935 4361 2215 4424 precatus
2248 4361 2330 4412 est
2361 4361 2417 4410 et
2453 4353 2803 4422 postulavit.
2836 4354 3023 4421 Atque
3053 4349 3148 4403 hic
3179 4347 3404 4418 signiﬁ-

93 4425 298 4500 ίιεοσὺφοις
329 4447 600 4511 χρησμοῖς
648 4442 966 4512 ἐπιφαίνεται
995 4443 1356 4504 πλεονάζουσα
1377 4461 1388 4474 ·
1419 4447 1478 4496 τὸ
1506 4447 1632 4518 γὰρ,

93 4533 112 4618 1
135 4525 274 4588 πρώτα
299 4523 640 4599 ἐλεημοσύνην
662 4545 674 4557 ·
717 4553 742 4579 »
769 4537 878 4596 καὶ,
913 4552 940 4582 ιι
973 4539 1256 4605 ἠρώτησαν
1281 4533 1460 4600 αὐτὸν,
1489 4533 1634 4587 Ῥαϐ-

91 4611 144 4658 ἱι.
167 4611 304 4680 φάγε·
343 4637 362 4664 ι
395 4623 502 4680 καὶ,
540 4641 570 4668 ιι
603 4617 807 4692 Ἐρωτῶ
839 4639 916 4686 σε,
957 4623 1048 4693 ἔχε
1079 4641 1143 4694 με
1171 4625 1533 4694 παρῃτημένον
1557 4639 1570 4652 ⁶
1601 4645 1630 4672 n

93 4699 282 4760 "i959"
309 4704 508 4778 Ἠρὼτα
545 4727 630 4768 τις
678 4711 831 4760 αὐτὸν
879 4719 978 4762 τῶν
1024 4715 1321 4784 Φαρισαίων
1367 4711 1448 4762 ἶνα
1492 4732 1630 4785 φαγῃ

93 4785 362 4882 αύτού·
409 4817 436 4844 ››
467 4801 560 4848 καὶ
614 4802 778 4869 μυρία
811 4797 940 4850 σῖλλα
986 4804 1080 4858 τὴν
1127 4807 1220 4852 τοῦ
1266 4801 1501 4852 ἱκετεύειν
1545 4803 1634 4854 καὶ

93 4875 254 4962 ξασθαι
287 4879 464 4936 οὐδένα
513 4886 752 4938 λανθάνει
805 4893 900 4944 τὴν
955 4894 1140 4962 χώραν
1199 4888 1438 4960 ἐπέχεινθ
1471 4911 1636 4966 παρα-

95 4961 340 5028 λαμϐάνεται
389 4969 446 5024 δὲ
497 4979 592 5026 καὶ
641 4979 698 5026 τὸ
751 4976 988 5048 ἠρώτησε
1045 4983 1134 5030 καὶ
1177 4977 1290 5030 ἀντὶ
1335 4987 1426 5030 τοῦ
1473 4999 1634 5053 προσ-

97 5051 542 5142 ξτκξτιήνετιίλατο,
577 5069 666 5115 καὶ
711 5061 862 5116 εἶπεν.
912 5087 940 5114 ‹‹
986 5065 1178 5138 Ἔμϐας
1223 5069 1346 5142 γὰρ,
1383 5075 1562 5140 φησὶν,
1609 5071 1634 5120 ὁ

113 5139 254 5206 ίπτσῦς
297 5147 358 5209 εἰς
409 5149 456 5202 ἰν
504 5161 606 5204 τῶν
653 5151 842 5205 πλοίων
892 5153 918 5206 ὃ
961 5151 1022 5212 ἦν
1070 5163 1162 5207 τοῦ
1211 5163 1458 5228 Σίμωνος,
1503 5159 1636 5230 ἡρώ-

103 5243 214 5324 τεςεδ
243 5241 378 5288 αειτοδ
407 5241 506 5292 απὸ
537 5249 634 5302 τῆς
672 5249 772 5312 γῆς
809 5243 1150 5316 ἐπαναγαγεῖν
1191 5245 1396 5317 ὀλίγον·
1441 5269 1466 5296 ιι
1513 5245 1636 5300 οὐδὲ

101 5331 174 5388 γαρ
215 5335 504 5396 αποκρίσεώς
569 5331 712 5384 ἐστιν
769 5329 1050 5394 ἀπαίτησις
1107 5337 1136 5392 ἡ
1195 5341 1355 5406 φωνὴ,
1409 5333 1531 5390 οὐδε
1579 5342 1635 5390 τὸ

155 5441 190 5518 '_°
213 5445 376 5506 latth.
403 5469 518 5518 ut,
555 5455 644 5512 91.

107 5509 138 5538 ¹⁶
159 5513 266 5570 an.
295 5537 380 5588 xv,
415 5525 458 5579 4,

393 5621 628 5680 ΡΑτειοιη
681 5623 786 5680 Gn.
829 5625 916 5682 Cl.

727 5457 770 5491 “
801 5459 962 5514 Marc.
995 5475 1076 5524 χι,
1112 5461 1206 5514 2t.

1295 5461 1338 5494 ¹²
1369 5463 1493 5518 Act.
1535 5477 1614 5529 Ill,
1647 5467 1704 5520 3.

1745 4449 1913 4500 catus
1933 4445 2096 4500 haud
2117 4445 2316 4499 minus
2333 4443 2518 4499 altero
2535 4443 2595 4498 in
2614 4440 2828 4496 divinis
2843 4437 3104 4494 oraculis
3124 4437 3402 4508 frequens

1743 4533 2021 4589 occurrit.
2046 4533 2196 4588 Nam
2221 4553 2246 4582 ιι
2267 4531 2520 4600 rogabat
2537 4531 2988 4600 eteemosynam
3012 4542 3026 4592 ;
3051 4549 3080 4580 ››
3097 4531 3154 4582 et
3171 4545 3196 4576 α
3216 4529 3405 4596 Roga-

1743 4625 1958 4678 verunt
1979 4637 2138 4689 eum,
2161 4621 2450 4690 Magister,
2479 4617 2778 4674 manduca
2797 4619 2844 4652 1³
2869 4632 2882 4682 ;
2909 4635 2933 4666 ››
2957 4621 3014 4671 et
3037 4635 3050 4668 :
3074 4637 3102 4666 «
3129 4617 3302 4688 Rogo
3323 4619 3401 4680 te,

1743 4711 1904 4766 habe
1935 4725 2031 4766 me
2060 4713 2414 4766 excusatum
2445 4709 2532 4774 1‘;
2563 4729 2592 4760 »
2623 4711 2678 4762 et
2706 4722 2722 4762 :
2757 4725 2786 4758 ιι
2815 4703 3086 4774 Rogabat
3111 4720 3246 4760 eum
3273 4705 3406 4777 qni-

1745 4801 1888 4856 dam
1935 4801 2287 4866 Pharisaeus,
2323 4802 2387 4854 ut
2415 4813 2619 4854 secum
2659 4795 2862 4852 cibum
2892 4799 3130 4866 caperet
3161 4796 3246 4860 '5;
3279 4813 3308 4846 »
3349 4799 3407 4850 et

1745 4889 1802 4944 in
1851 4889 2120 4962 plurimis
2165 4888 2294 4944 aliis
2331 4887 2476 4942 locis
2517 4885 2701 4941 verbo
2739 4883 2876 4940 huic
2923 4884 3232 4938 notionem
3269 4898 3407 4954 pre-

1746 4979 1920 5034 candi
1972 4977 2222 5033 subesse
2271 4977 2574 5032 neminem
2614 4975 2777 5030 latet.
2821 4976 2945 5028 lmo
2991 4987 3130 5026 vero
3173 4972 3407 5040 rogavit

1747 5069 2001 5124 sumitur
2043 5068 2218 5123 etiam
2261 5083 2370 5137 pro
2408 5065 2744 5136 imperavit,
2777 5062 2838 5118 in
2877 5060 3180 5117 mandatis
3218 5059 3404 5123 dedit,

1748 5157 1952 5214 edixit.
1995 5177 2022 5208 «
2066 5159 2416 5220 Conscensa,
2461 5155 2539 5208 ait
2581 5153 2899 5224 Scriptura,
2937 5152 3110 5205 Jesus
3151 5146 3407 5204 Simonis

1747 5246 2046 5313 navicula,
2079 5245 2312 5314 rogavit
2338 5260 2476 5298 eum
2505 5249 2568 5298 ut
2597 5259 2630 5296 a
2659 5247 2809 5296 terra
2831 5241 3080 5312 paulum
3113 5238 3406 5292 subduce-

1747 5343 1834 5392 ret
1861 5339 1928 5391 ¹⁶.
1961 5358 1983 5386 ι)
2023 5335 2246 5390 Etenim
2273 5333 2330 5388 id
2363 5333 2615 5388 verbum
2649 5329 2806 5385 haud
2837 5330 2929 5384 hic
2950 5327 3404 5400 responsionem

1795 5463 1838 5496 ¹³
1871 5463 2043 5516 Joan.
2087 5473 2165 5522 1v,
2199 5463 2290 5514 3|.
2381 5459 2740 5520 “l.uc.x1v,
2777 5456 2863 5508 10.
2947 5455 2988 5488 ¹⁵
3015 5453 3150 5508 Luc.
3179 5467 3270 5516 vu,
3302 5452 3396 5506 36.

3082 5621 3119 5672 6
