4126 6190
231 331 312 392 165
1213 333 1310 389 ΑΒ
1353 315 1892 390 .tnrmtoctimM
1936 329 2264 402 oti/aerio
2307 333 2474 392 xxu.

3453 337 3550 394 166

221 465 386 513 τούτων
429 465 482 512 τό
534 460 586 512 ἐκ
623 460 862 533 λαμπροῦ
918 465 1096 532 γένους
1153 459 1412 534 προελθεῖν
1467 459 1776 532 (βασιλικῆς

1894 459 2129 532 οἱρΙὶηεο
2161 461 2505 534 puritatem,
2535 466 2588 518 et
2615 465 2753 520 ante
2793 461 3000 520 omnia
3033 461 3190 518 illius
3229 477 3301 518 ex
3339 463 3546 519 illustri

219 554 302 624 γὰρ
339 554 419 602 καὶ
457 553 710 624 ἱερατικῆς
759 556 1012 621 κατήγετο
1053 549 1260 622 φυλῆς),
1300 555 1394 607 την
1443 549 1492 602 ἐν
1540 553 1656 622 ἱερῷ
1687 557 1780 612 τῆς

219 645 397 710 πρώτης
443 640 641 700 ἡλικίας
681 637 969 712 ἀνιέρωσιν·
1005 647 1173 690 ταῦτα
1209 643 1296 690 καὶ
1343 641 1534 691 τούτων
1575 639 1782 692 πλείονα

211 731 394 800 μακρὰν
439 729 672 790 ὑπονοίας
713 729 842 800 ονχὶ
877 736 970 790 τῆς
1013 729 1219 801 ὁρώσης
1273 727 1344 790 εἰς
1391 728 1624 794 εὐθύνας,
1672 727 1781 780 ἀλλ’

213 813 320 869 οὐδε
371 824 458 877 τῆς
512 821 570 870 τό
629 816 854 890 ἀπρεπὲς
905 817 1280 888 εὐλαϐουμένης
1340 820 1426 868 τὸν
1487 816 1780 891 πρεσϐύτην

211 906 350 958 ἐποίει
400 927 411 938 ·
455 903 576 958 οὐδὲ
623 905 781 958 ἐκεῖνο
823 902 882 958 δὲ
933 907 1084 958 πάλιν
1133 902 1253 978 ᾔδει
1309 911 1400 964 τὴν
1449 909 1640 964 κύησιν
1686 915 1780 968 τῆς

215 996 330 1056 θείας
373 996 620 1068 ἐνεργείας
667 991 796 1046 εἶναι
845 1013 856 1025 ·
897 997 1022 1070 ὑπὲρ
1075 999 1263 1047 ἔννοιαν
1310 997 1410 1068 γαρ
1455 993 1780 1068 ἀνθρωπίνην

209 1092 283 1134 κει
329 1083 466 1154 λόγον
519 1085 726 1136 ἅπαντα
787 1093 876 1146 τῆς
929 1089 1044 1158 περὶ
1091 1086 1232 1156 ημᾶς
1287 1092 1422 1138 Θεοϋ
1466 1081 1781 1158 κηδεμονίας

209 1177 253 1222 τι
293 1175 429 1244 ξονον
477 1174 708 1248 ὑπῆρχε.
753 1179 934 1244 Διόπερ
979 1177 1094 1234 τοὺς
1144 1174 1430 1246 λογισμοὺς
1477 1174 1782 1247 ἐνοχλούμε-

208 1281 293 1326 νος,
335 1261 423 1312 οὐκ
465 1259 578 1334 εἶχε
623 1269 848 1336 συνορᾲν
881 1265 1000 1336 ὅπερ
1045 1265 1104 1314 ἄν
1140 1259 1559 1336 διαπραξάμενος
1598 1268 1690 1321 την
1731 1283 1781 1316 τε

206 1358 282 1400 τοῦ
323 1347 526 1402 δικαίου
565 1356 638 1422 μη
683 1351 974 1426 καθυϐρίση
1029 1351 1234 1416 κλῆσιν,
1283 1357 1370 1404 καὶ
1411 1362 1524 1422 (θεῷ
1565 1349 1780 1404 συνδια-

207 1439 362 1498 σώζων
385 1443 437 1490 τό
466 1440 744 1512 εὐάρεστον
771 1439 978 1512 ὀφθείη.

260 1525 368 1579 Ὅτε
416 1533 584 1581 τοίνυν
633 1528 684 1582 ἐν
745 1537 852 1592 τοῖς
909 1533 1162 1590 τοιούτοις
1221 1525 1550 1596 ιῗιεκλονεῑτο,
1609 1535 1698 1583 καὶ
1748 1533 1776 1588 ἡ

203 1619 308 1688 πρὸς
362 1619 570 1690 ἂνὲτερον
621 1619 758 1692 ῥοπὴ
820 1628 914 1680 τῆς
973 1617 1296 1694 ἀνθρωπίνης
1349 1623 1564 1692 κρίσεως
1625 1619 1780 1672 αὐτόν

202 1703 504 1772 ἕπελελοίπει,
549 1711 668 1760 τότε
721 1707 834 1760 λίαν
889 1703 1154 1782 ἁρμοδίως
1199 1713 1286 1760 καὶ
1333 1711 1470 1760 κατὰ
1515 1712 1696 1784 καιρὸν
1753 1710 1780 1760 ό

1891 565 2106 620 genere
2144 555 2342 607 ortum
2373 551 2463 623 (ex
2491 551 2644 608 tribu
2676 568 2892 626 nempe
2925 551 3082 624 regia
3107 555 3163 608 et
3190 552 3543 609 sacerdotali

1893 645 2036 694 nata
2052 641 2219 708 erat),
2243 639 2373 710 ejus
2397 640 2458 696 in
2479 640 2698 712 templo
2713 657 2748 697 a
2768 641 2984 697 teneris
3005 641 3516 698 consecrationem
3535 657 3547 706 ;

1891 727 2017 782 htBC
2061 733 2114 783 et
2153 727 2247 782 his
2287 729 2460 800 plura
2498 729 2696 786 adhuc
2733 729 2912 800 longe
2965 747 3002 788 a
3041 731 3382 803 suspicione
3421 745 3545 786 non

1893 820 2123 872 tantum
2146 817 2225 874 ad
2249 818 2694 876 accusationem
2727 820 3022 888 tendente,
3049 821 3154 876 sed
3180 819 3359 877 etiam
3382 819 3546 876 inde-

1891 905 2146 962 centiam
2171 905 2383 963 formid
2395 913 2550 974 ante,
2567 924 2772 966 senem
2789 909 3197 966 removebant.
3222 909 3336 966 Sed
3351 925 3546 981 neque

1891 1010 2096 1049 rursus
2115 995 2337 1052 sciebat
2351 997 2502 1052 hanc
2518 999 2970 1070 conceptionem
2981 999 3180 1055 divina
3201 998 3539 1070 operatione

1891 1083 2364 1156 eﬁ‘ectam,supra
2381 1087 2672 1143 rationem
2694 1088 2856 1144 enim
2875 1093 3188 1144 etsensum
3206 1087 3544 1144 humanum

1893 1179 1978 1228 est
2019 1173 2118 1228 Dei
2167 1172 2226 1228 in
2271 1190 2380 1230 nos
2415 1175 2838 1232 misericordim
2871 1193 3048 1248 opus.
3093 1181 3298 1248 Itaque
3343 1183 3542 1232 mente

1891 1261 2247 1318 conturbata
2279 1279 2397 1318 non
2428 1264 2660 1320 valebat
2687 1265 3011 1337 intelligere
3035 1263 3185 1337 quid
3209 1263 3448 1330 faceret,
3481 1273 3544 1320 ut

1887 1349 2028 1420 justi
2081 1351 2541 1422 appellationem
2582 1370 2698 1410 non
2741 1354 2999 1420 foedaret,
3043 1357 3099 1410 el.
3142 1351 3263 1411 Deo
3305 1353 3542 1426 placere

1893 1447 2314 1512 perseveraret.

1963 1531 2109 1586 Cum
2155 1530 2333 1600 igitur
2365 1531 2584 1588 talibus
2618 1532 3080 1604 perturbaretur,
3109 1547 3222 1590 nec
3247 1533 3328 1590 ad
3357 1533 3541 1591 ullam

1889 1623 2120 1690 partem
2143 1620 2390 1676 humani
2408 1621 2614 1692 judicii
2645 1629 2836 1678 motus
2859 1622 3024 1678 illum
3047 1621 3378 1693 inclinaret,
3403 1628 3544 1679 tunc

1889 1713 2024 1780 apte
2056 1715 2112 1764 et
2131 1715 2468 1782 opportune
2497 1713 2652 1768 venit
2681 1711 2929 1782 angelus
2961 1712 3067 1784 qui
3093 1713 3383 1782 agitatam
3413 1713 3542 1782 ejus

199 1795 390 1868 ἅγγελος
447 1798 542 1854 ἧκε
603 1798 869 1872 στηρίζων
917 1797 1074 1850 αὐτοῦ
1129 1801 1222 1855 την
1275 1802 1609 1870 κεκινημένην
1659 1794 1777 1850 διοί-

1892 1803 2150 1852 mentem
2171 1797 2430 1855 firmaret
2452 1805 2507 1856 et
2525 1799 2764 1856 doceret
2784 1800 2882 1856 ubi
2909 1801 3138 1873 absque
3156 1799 3544 1858 sollicitudine

197 1903 336 1950 νοιαν,
383 1883 454 1958 ἐφ’
507 1887 668 1960 οὗπερ
729 1883 836 1939 ἔδει
888 1891 1052 1958 μένειν
1107 1885 1408 1953 ἀκλόνητον,
1463 1892 1552 1939 καί
1601 1906 1776 1958 φησιν·

202 1997 216 2022 ε
253 1973 429 2046 Ἰωσὴφ
458 1977 574 2038 υίὸς
603 1971 792 2046 Δαϐἱδ,
827 1980 899 2048 μὴ
943 1974 1177 2048 φοϐηθῇς
1217 1973 1531 2048 παραλαϐεῖν
1563 1979 1781 2050 Μαριὰμ

195 2067 274 2118 τήν
333 2066 554 2134 γυναῖκα
629 2083 726 2118 σου
780 2081 790 2092 ·
851 2067 908 2116 τό
949 2066 1049 2138 ’γὰρ
1111 2062 1159 2116 ἐν
1221 2064 1351 2136 αὐτῇ
1412 2065 1665 2134 γεννηθὲν,
1725 2063 1781 2116 ἐκ

197 2153 462 2222 Πνεύματός
507 2153 656 2205 ἐστιν
705 2153 858 2226 ἁγίου
911 2170 923 2182 ·
975 2153 1174 2216 τέξεται
1227 2150 1286 2206 δὲ
1328 2155 1460 2220 υἱόν,
1504 2157 1589 2204 καὶ
1633 2152 1782 2205 καλέ-

195 2259 286 2304 σεις
311 2245 362 2292 τὸ
393 2245 554 2313 ὄνομα
585 2242 748 2295 αὐτοῦ
780 2243 1004 2301 Ἰησοῦν’
1027 2263 1055 2294 ››
1087 2247 1296 2314 μηκέτι,
1329 2247 1508 2314 φησὶν,
1535 2251 1626 2302 τῆς
1648 2241 1781 2315 ἁμη-

193 2334 362 2400 κανίας
429 2333 542 2397 ἔσο,
615 2327 762 2404 μηδέ
819 2351 876 2384 σε
925 2327 1078 2394 δόξαι
1143 2335 1442 2404 μαχόμεναι
1512 2327 1779 2404 διαπορεῖν

193 2417 586 2474 ἀναπειθέτωσαν
645 2423 704 2472 τὸ
771 2424 1021 2493 πρακτέον
1090 2438 1104 2452 ·
1173 2419 1228 2472 ἐκ
1299 2423 1590 2492 Πνεύματός
1639 2419 1780 2474 ἐστιν

1153 2507 1304 2580 ἁγίου
1365 2505 1424 2561 δὲ
1493 2512 1780 2582 Πνεύματος

195 2601 456 2668 παρουσία,
513 2603 608 2650 καὶ
673 2597 872 2670 θέλημα
929 2601 1142 2672 σαρκός,
1199 2598 1292 2650 οὐκ
1349 2599 1454 2652 οἶόν
1511 2603 1566 2650 τέ
1614 2598 1776 2665 ἐστιν,

193 2505 328 2576 ἁγίου
383 2511 440 2560 τὸ
497 2507 547 2560 ἓν
603 2508 739 2582 αὐτῇ
791 2511 1026 2580 γεννηθέν
1077 2528 1090 2540 ·

196 2681 302 2736 οὐδέ
349 2704 404 2738 σε
445 2686 680 2756 λέληθεν,
743 2686 814 2748 εἰς
865 2689 913 2740 ἓν
971 2685 1248 2752 συνελθεῖν,
1303 2684 1426 2740 οὐδὲ
1483 2692 1574 2746 τὴν
1618 2689 1779 2746 αὐτὴν

193 2772 548 2836 ἐξοικειοῡσθαι
587 2776 802 2849 πρᾶξιν*
837 2773 1133 2850 παράδοξος
1163 2777 1189 2828 ό
1227 2776 1394 2847 λόγος,
1452 2774 1580 2828 ἀλλα
1617 2797 1782 2850 παρα-

193 2858 440 2936 δοξοτέρου
483 2870 644 2918 τόκου
693 2863 836 2916 ἐστὶν
884 2864 1178 2936 εὐαγγελιον
1222 2882 1232 2892 ·
1287 2887 1308 2915 ε
1364 2865 1448 2916 Ἐκ
1492 2868 1784 2939 Πνεύματός

193 2947 313 3004 ἐστιν
341 2952 510 3024 ἁγίου,
535 2975 564 3005 ››
590 2958 686 3005 καὶ
713 2973 736 3002 ι(
756 2953 1110 3015 Τέξεταιυίόν·
1142 2975 1170 3006 ››
1201 2955 1298 3028 ὅρα
1326 2958 1416 3006 καὶ
1446 2957 1652 3026 πρὸτῆς
1675 2973 1784 3026 ’γεν-

1889 1886 2130 1941 deberet
2163 1886 2386 1943 sedere.
2419 1891 2480 1944 Et
2507 1889 2586 1944 ait
2614 1906 2626 1944 :
2675 1912 2702 1938 «
2731 1889 2970 1962 Joseph,
2996 1889 3079 1946 ﬁli
3108 1889 3318 1960 David,
3337 1889 3458 1946 noli
3482 1889 3546 1944 ti-

1892 1990 2048 2030 mere
2073 1975 2342 2047 accipere
2359 1977 2600 2034 Mariam
2623 1979 2945 2050 conjugem
2972 1984 3136 2036 tuam
3163 1979 3358 2051 ;quod
3381 1979 3542 2034 enim

1891 2062 1952 2119 in
1981 2081 2051 2120 ea
2075 2069 2273 2120 natum
2299 2070 2404 2132 est,
2438 2083 2468 2122 ο
2500 2067 2712 2138 Spiritu
2735 2073 2944 2124 sancto
2969 2072 3098 2139 est;
3123 2068 3311 2140 pariet
3343 2072 3542 2122 autem

1891 2151 2080 2208 tilium
2107 2157 2164 2208 et
2187 2153 2423 2210 vocabis
2455 2171 2675 2212 nomen
2697 2155 2827 2225 ejus
2846 2156 3050 2212 Jesum
3077 2171 3090 2220 ;
3113 2175 3140 2207 »
3168 2171 3278 2210 nec
3297 2155 3422 2226 jam
3443 2155 3540 2220 sis,

1891 2240 2103 2313 inquit,
2135 2241 2393 2298 incertus
2421 2257 2612 2315 neque
2649 2249 2986 2315 pugnantes
3012 2243 3318 2300 sententiae
3353 2249 3414 2298 ut
3444 2243 3547 2298 du-

1889 2330 2042 2386 bites
2075 2333 2475 2402 persuadeant
2513 2347 2523 2386 :
2555 2332 2710 2404 quod
2745 2333 3084 2390 faciendum
3115 2337 3202 2390 est
3245 2349 3281 2388 a
3321 2331 3543 2404 Spiritu

1893 2423 2098 2476 sancto
2127 2425 2214 2476 est
2241 2419 2301 2476 in
2334 2437 2404 2478 ea
2445 2427 2676 2478 natum.
2709 2421 2960 2494 Spiritus
2991 2423 3180 2480 sancti
3225 2437 3364 2478 vero
3397 2437 3545 2493 prse-

1891 2508 2081 2565 sentia
2119 2513 2176 2566 et
2223 2509 2498 2566 voluntas
2554 2511 2750 2567 carnis
2795 2516 3122 2584 nequeunt,
3183 2516 3246 2569 ut
3293 2511 3426 2578 scis,
3483 2512 3544 2567 in

1892 2613 2080 2652 unum
2113 2597 2430 2654 convenire
2459 2615 2650 2670 neque
2670 2599 2954 2656 eumdem
2989 2605 3192 2656 actum
3215 2599 3330 2655 sibi
3354 2599 3542 2655 vindi-

1896 2701 2030 2742 care
2060 2703 2072 2750 ',
2101 2686 2462 2742 incredibilis
2489 2704 2707 2753 sermo,
2739 2687 2844 2744 sed
2863 2688 3314 2745 incredibilioris
3337 2693 3544 2760 partus

1895 2773 2270 2844 evangelium
2295 2779 2416 2833 est:
2443 2799 2464 2826 ι
2491 2777 3007 2848 Despiritnsancto
3033 2781 3143 2844 est,
3171 2797 3198 2829 »
3223 2783 3280 2834 et
3300 2799 3328 2828 «
3361 2779 3546 2850 lfariet

1893 2863 2103 2920 tilium.
2135 2885 2162 2916 »
2199 2864 2336 2920 Vide
2379 2871 2432 2920 et
2459 2873 2596 2922 ante
2629 2867 2997 2924 nativitatem
3041 2866 3232 2922 ﬁlium
3262 2884 3276 2934 ;
3320 2871 3373 2921 et
3405 2883 3542 2920 cum

1892 2957 2067 3010 natus
2097 2953 2288 3020 fuerit,
2323 2953 2394 3008 sit
2428 2954 2528 3010 tibi
2567 2955 2628 3010 in
2661 2953 3066 3012 testimonium
3101 2959 3164 3010 ut
3191 2958 3249 3010 et
3275 2953 3349 3010 de
3380 2955 3544 3010 omni

191 3045 366 3103 νὴσευς
393 3047 478 3094 τόν
529 3045 670 3094 υἱόνο
717 3046 807 3094 καὶ
849 3044 1169 3112 γεννηθέντος
1211 3045 1344 3094 ἔστω
1377 3062 1460 3094 σοι
1509 3048 1777 3116 τεκμήριον

1891 3041 2340 3112 evangeliorum
2358 3043 2612 3110 veritate,
2631 3044 2812 3115 hujus
2829 3049 3078 3100 eventus
3093 3043 3412 3116 praedictio.
3435 3045 3478 3108 Ο
3490 3043 3545 3098 ui

191 3137 268 3180 του
319 3129 658 3191 ἐκϐεϐηκότας
727 3132 756 3188 η
811 3130 1103 3205 πρόρρησις
1158 3136 1247 3183 καὶ
1297 3139 1386 3191 τῆς
1461 3131 1620 3194 οἰλλης
1685 3141 1777 3183 τῶν

1891 3131 2052 3190 enim
2083 3131 2246 3204 quod
2273 3131 2470 3188 adhuc
2499 3134 2558 3188 in
2591 3113 2728 3188 sinu
2756 3140 2980 3190 naturae
3009 3113 3430 3190 absconditum
3459 3139 3547 3188 est

191 3218 494 3290 Εὐαγγελίων
562 3220 810 3281 ἀληθείας
861 3237 872 3249 ·
935 3222 960 3274 ὁ
1023 3223 1124 3293 γὰρ
1179 3223 1256 3273 ἔτι
1317 3224 1374 3273 τό
1435 3226 1782 3294 κρυπτόμενον

193 3304 354 3370 ἐντοῖς
385 3309 644 3382 θαλάμοις
699 3319 794 3370 τῆς
843 3311 1038 3381 φύσεως
1087 3315 1176 3362 καὶ
1223 3307 1378 3372 εἰδὼς
1429 3316 1520 3364 καὶ
1558 3331 1782 3384 προανα-

191 3400 436 3468 κηρύττων
491 3399 632 3466 υἱόν,
688 3399 838 3458 οὗτος
887 3404 974 3452 καὶ
1017 3405 1262 3471 τεχνίτης
1307 3403 1480 3472 γέγονε
1528 3410 1622 3462 τῆς
1661 3403 1780 3454 ἄνευ

193 3492 364 3558 σπορᾶς
437 3489 568 3560 ὑπὲρ
644 3487 798 3559 λόγον
857 3484 1336 3562 δημιουργηθείσης
1413 3493 1622 3563 σαρκός,
1691 3495 1780 3543 καὶ

187 3583 270 3634 τῆς
303 3579 576 3650 παρθενίας
641 3577 830 3649 φύλαξ,
881 3579 1052 3651 ὥσπερ
1111 3579 1242 3650 μετὰ
1291 3581 1378 3630 τὸν
1425 3585 1596 3644 τόκον,
1647 3579 1780 3632 ουτω

187 3668 262 3714 καὶ
305 3671 400 3738 πρό
440 3675 534 3720 τοῦ
589 3675 748 3718 τόκου
792 3671 864 3738 μὴ
899 3663 1126 3718 διαλύων
1169 3669 1235 3718 τὰ
1279 3671 1573 3740 σήμαντρα.
1612 3691 1632 3718 ε
1681 3675 1780 3722 Καὶ

185 3751 398 3817 καλέσεις
445 3759 502 3807 τό
549 3760 717 3828 ὄνομα
765 3755 926 3807 αὐτοῦ
968 3755 1174 3812 Ἰησοῦν
1208 3777 1220 3789 ·
1259 3776 1282 3806 ν
1317 3755 1446 3808 ἀλλὰ
1473 3762 1564 3810 καὶ
1593 3759 1622 3815 ἡ
1657 3757 1776 3818 κλῆ·

191 3855 260 3902 ςις
293 3845 478 3898 ἀνωθεν
523 3847 644 3918 ἔχει
687 3849 781 3903 την
829 3849 1022 3919 κρίσιν’
1066 3847 1274 3906 Ἰησους
1309 3847 1410 3919 γὰρ
1444 3865 1472 3896 ιι
1514 3847 1590 3898 ὅτι
1621 3853 1779 3900 σώσει

187 3933 260 3982 τόν
285 3931 400 3986 λαόν
429 3935 614 3989 αὐτοῦ.
655 3957 679 3984 ν
717 3965 781 3974 -
837 3953 864 3986 (ι
910 3940 994 3993 Μὴ
1029 3933 1264 4006 φοϐηθῇς
1311 3934 1624 4008 παραλαϐεῖν
1666 3938 1779 3992 Μα-

187 4023 300 4092 ριαμ
328 4029 416 4080 τὴν
462 4031 696 4095 γυναῖκα
743 4041 860 4080 σου.
912 4045 940 4073 ι)
971 4031 1150 4076 Ταῦτα
1177 4026 1276 4098 γὰρ
1325 4024 1384 4076 ου
1419 4026 1588 4077 πάντα
1626 4029 1778 4096 μόνον

188 4107 462 4186 ἀφαιρεῖται
511 4112 694 4186 φόϐον,
753 4111 882 4164 ἀλλα
935 4118 1025 4165 καὶ
1081 4113 1310 4186 μεγάλης
1367 4109 1632 4185 θυμηδίας
1687 4117 1778 4166 καὶ

189 4195 386 4252 ἐλπίδων
419 4201 740 4254 ἀνελπίστων
779 4203 1064 4276 χαρίζεται
1095 4203 1332 4254 πλοῦτον·
1363 4221 1392 4253 ι(
1435 4207 1520 4261 Μὴ
1549 4201 1778 4275 φοϐηθῇς

189 4289 478 4360 παραλαϐεῖν
509 4293 736 4364 Μαριὰμ
774 4295 867 4348 τὴν
909 4293 1136 4362 γυναῖκα
1169 4311 1285 4346 σου.
1344 4313 1372 4341 ››
1419 4297 1647 4344 Γυναῖκα
1679 4297 1776 4351 σὴν

187 4381 266 4432 τήν
309 4382 566 4454 ιἸαρὺἐδον
607 4379 810 4432 ἀκούων
870 4383 1010 4452 ἔχεις
1059 4379 1112 4432 ἐκ
1162 4388 1258 4442 τῆς
1303 4388 1474 4452 φωνῆς
1515 4385 1609 4440 τὴν
1651 4386 1776 4456 πρὸς

187 4471 338 4518 πᾶσαν
385 4463 580 4542 ἀνδρὸς
635 4469 840 4540 ὁμιλίαν
888 4471 1242 4542 καθαρότητα.
1303 4469 1363 4522 Εἰ
1405 4473 1504 4542 γὰρ
1557 4471 1598 4542 ᾧ
1657 4491 1776 4524 συν-

187 4558 306 4624 ήοϐη
343 4561 480 4629 νόμῳ
531 4562 592 4610 τό
641 4566 738 4620 τῆς
767 4559 1066 4632 παρθενίας,
1117 4556 1372 4630 ἀνέπαφον
1420 4577 1474 4610 τε
1517 4563 1606 4612 καὶ
1645 4559 1770 4620 ἀκή-

185 4661 320 4712 ρατον
367 4643 720 4710 συνδιέσωσε,
769 4654 878 4708 πῶς
911 4648 972 4699 ἄν
1011 4647 1182 4720 ἐτέρου
1221 4651 1354 4710 τινὸς
1401 4650 1562 4723 ἔρωτα
1607 4669 1774 4726 παρα-

187 4728 454 4804 δέξασθαι;
501 4737 600 4788 κοῖν
645 4743 770 4808 γοῦν
807 4737 958 4788 σκιάν
1003 4755 1120 4790 τινα
1147 4736 1406 4808 καταλίπῃ
1441 4737 1768 4810 ὑπολήψεως,

189 4827 271 4872 σού
321 4829 444 4894 γυνὴ
493 4829 638 4898 νόμῳ
703 4829 1016 4897 γεγενημένη
1073 4831 1358 4900 μνηστείας
1407 4833 1624 4902 κρείττω
1679 4834 1770 4880 καὶ

187 4909 486 4988 ὖψηλοτέραν
571 4913 758 4972 ἑαυτὴν
835 4920 922 4968 καὶ
984 4924 1086 4968 τῶν
1141 4920 1369 4988 νομίμων
1437 4913 1768 4992 διετήρησεν,

189 4995 324 5070 ἑτέρῳ
358 5010 678 5078 παρανομεῖν
719 5011 828 5066 πῶς
871 5007 933 5056 οἶν
965 5007 1162 5064 ὑπέστη
1209 5011 1390 5078 χώραν
1421 5013 1718 5079 παρασχεῖν
1754 5023 1766 5073 ;

187 5092 264 5138 καὶ
305 5098 394 5152 τῆς
451 5093 646 5144 ἐκείνου
701 5094 926 5167 χάριτος
971 5093 1118 5168 ὕϐριν
1169 5093 1508 5162 ἀλλάξασθαι,
1555 5097 1584 5154 ἡ
1631 5091 1770 5168 μηδὲ

187 5181 336 5246 χωρὶς
365 5178 558 5252 ὕϐρεως
607 5179 939 5253 ἀνασχομένη
982 5192 1070 5244 τῆς
1100 5183 1380 5258 παρθενίας
1422 5183 1766 5254 ἐξιστασθαι;

189 5263 349 5335 Ἔχεις
389 5265 478 5320 οὖν
521 5272 666 5344 παρὰ
705 5279 906 5342 σεαυτῷ
953 5279 1046 5333 τῆς
1095 5273 1452 5344 καθαρότητος
1495 5279 1590 5329 τήν
1639 5291 1766 5346 μαρ-

187 5359 346 5426 τυρίαν
391 5356 821 5432 ἀπαράγραπτονο
857 5355 941 5412 διὸ
994 5382 1021 5411 (ι
1073 5361 1161 5418 Μὴ
1197 5359 1425 5432 φοϐηθῇς
1457 5359 1770 5436 παραλαϐεῖν

189 5447 388 5518 Μαριὰμ
417 5453 512 5504 τὴν
553 5451 776 5517 γυναῖκα
811 5469 902 5500 σου
933 5469 943 5478 ·
997 5471 1024 5502 ))
1059 5451 1136 5510 οἷς
1181 5454 1284 5523 γὰρ
1329 5454 1453 5522 πρὸς
1483 5454 1540 5502 σε
1583 5455 1638 5501 τὸ
1681 5457 1770 5510 τῆς

189 5535 448 5608 παρθενίας
511 5537 798 5610 άμόλυντον
862 5535 1182 5610 διεσώσατο,
1251 5543 1450 5600 τούτοις
1502 5546 1592 5592 καὶ
1651 5544 1770 5600 τοὺς

187 5617 574 5700 ἀνα-κιρρητους
609 5628 940 5702 πορίζεσθαι·
975 5635 1102 5702 γυνὴ
1135 5649 1251 5698 σου,
1285 5635 1466 5702 φησιν,
1498 5632 1638 5702 ὁρᾷς,
1680 5635 1769 5682 καὶ

1893 3227 1948 3278 et
1977 3221 2084 3278 scit
2125 3227 2184 3278 et
2209 3222 2566 3294 praenuntiat
2595 3221 2806 3286 tilium,
2837 3221 2932 3278 ille
2977 3222 3184 3278 artifex
3231 3227 3319 3278 est
3364 3222 3543 3293 hujus

1893 3310 2020 3366 sine
2045 3311 2273 3366 semine
2303 3327 2486 3382 supra
2517 3311 2812 3368 rationem
2853 3317 3064 3368 creatas
3095 3309 3318 3374 carnis,
3350 3317 3406 3366 et
3431 3311 3542 3366 vir-

1891 3399 2152 3470 ginitatis
2173 3406 2392 3466 custos,
2421 3407 2484 3456 ut
2506 3405 2640 3472 post
2665 3405 2923 3472 partum,
2941 3400 3034 3466 ,sic
3059 3405 3116 3456 et
3139 3405 3277 3456 ante
3303 3405 3542 3472 partum

1892 3487 2088 3560 sigilla
2105 3503 2224 3544 non
2247 3488 2440 3546 solvit.
2474 3513 2502 3540 «ι
2523 3492 2586 3545 Et
2606 3488 2849 3546 vocabis
2871 3505 3082 3546 nomen
3108 3489 3239 3560 ejus
3271 3491 3490 3546 Iesum.
3513 3509 3540 3540 »

1891 3577 2008 3632 Sed
2033 3583 2092 3632 et
2131 3578 2454 3650 appellatio
2487 3595 2662 3635 suam
2692 3579 3008 3635 desursum
3039 3578 3222 3636 habet
3250 3578 3542 3648 signiﬁca-

1891 3667 2322 3732 tionem;.lesus
2335 3669 2505 3734 enim,
2528 3691 2554 3720 ιι
2577 3668 2724 3740 quia
2739 3667 3292 3740 salvabitpopulum
3305 3683 3494 3724 suum.
3517 3691 3536 3718 ο

1888 3787 1955 3797 —-
1991 3775 2020 3808 ιι
2049 3759 2126 3812 Ne
2155 3757 2364 3814 timeas
2397 3757 2663 3829 accipere
2689 3757 2932 3814 Mariam
2963 3757 3280 3828 conjugem
3307 3762 3538 3814 tuam.»

1889 3844 2022 3901 Haec
2059 3846 2210 3901 enim
2237 3863 2358 3902 non
2391 3846 2572 3903 modo
2599 3861 2832 3902 omnem
2863 3845 3074 3902 tollunt
3108 3845 3400 3912 timorem,
3437 3847 3542 3903 sed

1888 3940 1944 3991 et
1979 3951 2214 4006 magum
2245 3935 2458 3992 laetitias
2494 3939 2552 3992 et
2579 3935 2899 4008 insperata;
2925 3935 3054 4008 spei
3091 3934 3422 4006 largiuntur
3456 3937 3542 3991 di-

1889 4023 2105 4079 vitias:
2151 4047 2178 4076 ι(
2213 4026 2292 4080 Ne
2349 4025 2558 4081 timeas
2599 4024 2868 4096 accipere
2916 4025 3168 4082 Mariam
3223 4024 3538 4095 conjugem

1887 4116 2074 4168 tuam.
2109 4132 2138 4164 »
2167 4113 2492 4184 Conjugem
2529 4117 2696 4172 tuam
2724 4113 3012 4184 virginem
3043 4113 3316 4178 audiens,
3352 4113 3540 4168 habes

1887 4217 1958 4258 ex
1987 4202 2103 4260 hac
2133 4219 2276 4260 voce
2306 4203 2380 4258 ab
2409 4203 2574 4259 omni
2615 4202 2873 4260 hominis
2918 4202 3280 4260 commercio
3313 4201 3536 4256 mundi-

1889 4291 2052 4348 tiam.
2092 4291 2152 4347 Si
2181 4292 2341 4347 enim
2372 4291 2484 4348 sub
2517 4308 2588 4348 ea
2613 4291 2742 4360 lege
2769 4307 2904 4362 quae
2935 4291 3148 4346 innexa
3177 4295 3264 4345 est
3294 4287 3534 4356 virgini-

1887 4384 2064 4437 tatem
2077 4379 2366 4436 intactam
2385 4385 2444 4436 et
2463 4379 2914 4437 immaculatam
2931 4379 3200 4444 servavit,
3216 4394 3337 4450 quo
3355 4376 3536 4430 modo

1811 4506 1853 4559 Β
1885 4469 2121 4527 alterius
2137 4483 2392 4526 amorem
2417 4467 2791 4525 admisisset?
2807 4469 2868 4523 Et
2889 4468 2940 4524 si
2957 4466 3216 4524 umbram
3227 4464 3536 4559 quamdam

1886 4559 2244 4630 suspicionis
2271 4557 2466 4614 adhuc
2495 4557 2813 4630 reliquerit,
2847 4573 2980 4614 reor
3024 4561 3128 4614 tua
3173 4553 3537 4612 matrimonii

1879 4648 2011 4719 jure
2040 4646 2194 4704 facta
2224 4647 2484 4718 seipsam
2512 4647 2801 4717 majorem
2829 4649 2887 4702 et
2916 4645 3296 4703 excelsiorem
3319 4649 3375 4700 et
3399 4643 3538 4714 legi—

1885 4737 2042 4794 timis
2055 4735 2326 4804 servavit,
2345 4734 2649 4808 quomodo
2668 4735 2836 4790 alteri
2851 4734 3040 4808 legem
3059 4733 3538 4805 transgrediendi

1883 4825 2266 4884 sustinuisset
2291 4823 2488 4881 locum
2521 4824 2788 4896 praebere
2821 4825 2848 4882 ?
2873 4827 2940 4880 Et
2968 4841 3041 4880 ex
3063 4824 3192 4896 ejus
3210 4839 3415 4880 amore
3437 4840 3542 4894 op-

1883 4915 2190 4988 probrium
2215 4915 2535 4982 incurrere,
2559 4928 2694 4986 quae
2719 4928 2828 4969 nec
2851 4913 2976 4968 sine
3005 4911 3323 4986 opprobrio
3350 4911 3540 4968 noluit

1881 5004 2217 5075 virginitate
2233 5003 2510 5060 excedere
2525 5002 2552 5057 ‘I
2567 5001 2763 5058 Habes
2795 5002 2972 5072 igitur
2991 5007 3047 5058 et
3065 5017 3251 5074 prope
3285 5001 3354 5058 tei
3363 5017 3539 5072 psum

1879 5093 2459 5164 incircumscriptum
2522 5091 2829 5147 munditiae
2885 5090 3316 5148 testimonium.
3379 5090 3538 5157 Ideo,

1882 5203 1910 5235 «
1943 5182 2068 5240 Noli
2103 5183 2308 5238 timere
2339 5181 2603 5252 accipere
2643 5180 2884 5237 Mariam
2938 5179 3258 5251 conjugem
3291 5185 3474 5234 tuam.
3510 5197 3537 5228 »

1881 5271 2102 5337 Quibus
2163 5271 2322 5325 enim
2378 5268 2581 5341 quoad
2642 5275 2694 5324 te
2735 5267 3090 5338 virginitatis
3146 5267 3539 5338 integritatem

1881 5361 2149 5424 servavit,
2171 5359 2239 5414 iis
2266 5365 2320 5414 et
2343 5359 2696 5414 inconcussa
2721 5363 3076 5429 argumenta
3111 5358 3335 5428 praebet
3360 5373 3372 5421 ;
3400 5373 3544 5410 uxor

1883 5457 2003 5519 tua,
2037 5449 2248 5521 inquit,
2275 5453 2336 5504 ut
2368 5448 2562 5514 audis,
2587 5465 2624 5504 a
2647 5465 2730 5502 me
2757 5447 2885 5520 ipso
2913 5447 3148 5510 dicitur,
3175 5451 3230 5502 et
3260 5461 3393 5500 eam
3423 5459 3540 5498 non

1881 5537 2230 5609 cognovisti.
2271 5537 2328 5594 Si
2355 5541 2558 5593 autem
2582 5553 2654 5592 ex
2676 5553 2798 5610 quo
2825 5535 2940 5591 hoc
2971 5535 3172 5591 uxoris
3195 5549 3400 5588 nomen
3431 5530 3542 5586 sibi

1883 5627 2228 5699 assumpsit,
2255 5631 2437 5683 totum
2459 5626 2572 5683 hoc
2595 5632 2830 5698 tempus
2850 5624 2928 5682 ab
2959 5623 3124 5680 omni
3158 5626 3351 5678 tecum
3385 5635 3544 5676 coni-
