3950 6180
487 261 587 320 167
1728 254 1966 315 PHOTlI
2009 258 2047 313 P

2205 247 2489 312 IAHCH/E
2530 247 2639 311 ΟΡ.
3683 245 3765 313 168

485 388 705 444 mercio
731 387 1026 442 mundum
1059 379 1333 450 ostendit,
1362 384 1670 458 quomodo
1701 399 1819 440 non
1855 383 2045 439 manif

2211 381 2367 454 ,παρ’
2413 381 2536 452 ἐμοῦ
2583 379 2806 450 λέγεται,
2866 383 2953 430 καὶ
3001 385 3181 452 πεῖραν
3231 378 3382 438 αύτῆς
3422 377 3502 431 ούκ
3535 381 3654 452 ἔχεις
3693 399 3704 411 ·
3733 382 3771 433 εἰ

484 485 610 533 tum
628 482 716 533 est
733 476 893 532 illam
916 491 1095 531 omne
1121 475 1360 531 alterius
1382 476 1808 530 commercium
1833 474 2040 529 vitavis

2241 469 2294 524 δ’
2333 468 2404 541 ἐφ’
2455 469 2514 521 οὗ
2565 471 2623 521 τὸ
2672 477 2769 529 τῆς
2809 471 3052 539 γυναικὸς
3099 469 3320 539 ἥρμοσεν
3351 471 3514 539 ὄνομα,
3560 472 3769 526 τοῦτονη

483 566 653 637 cujus
676 581 868 638 neque
882 565 1146 620 humana
1170 580 1361 636 neque
1388 563 1590 619 divina
1607 579 1708 618 vos
1735 578 1968 618 uxorem
1994 578 2043 616 ez

2241 561 2492 631 Παρθένος
2537 555 2698 619 ἔδειξε
2741 559 3094 631 καθαρεύοντα
3128 563 3216 616 τῆς
3260 559 3382 630 πρὸς
3408 556 3546 608 αὐτὸν
3585 557 3770 628 ὁμιλίας,

484 654 812 711 nominavit
839 655 867 709 ?
2238 656 2344 708 πῶς
2380 647 2473 700 ούκ
2500 643 2716 703 εὔδηλον
2752 648 2832 698 ὅτι
2870 650 2956 697 καί
2980 648 3174 706 παντὸς
3203 644 3373 708 ἄλλον,
3402 641 3455 696 οὗ
3482 649 3599 716 μήτε
3619 643 3779 718 ἀνθρω-

2240 755 2378 796 πινος
2441 741 2572 807 μήτε
2627 737 2761 797 θεῖος
2810 735 2962 806 λόγος
3015 734 3279 806 ὀνομάζων
3343 735 3475 805 ὤφθη
3535 741 3776 803 γυναῖκα;

549 833 635 887 Ita
665 830 844 899 igitur
871 828 1116 900 angelus
1162 829 1275 885 hac
1322 828 1520 884 uxoris
1551 827 1948 900 appellatione
1993 842 2109 882 ean

2309 826 2457 877 Ούτω
2501 829 2590 896 μὲν
2635 821 2722 876 οὖν
2774 826 2799 876 ὁ
2847 823 3062 895 ἄγγελος
3101 819 3195 876 διὰ
3237 831 3323 883 τῆς
3359 827 3674 895 προσηγορίας
3703 828 3779 880 τῆς

483 920 774 976 mundam
804 935 935 975 esse
957 918 1035 974 ab
1061 918 1226 973 omni
1252 916 1567 973 immunda
1603 916 1943 988 suspicione
1973 918 2038 971 Jo

2233 916 2483 985 γυναικός
2540 915 2842 987 καθαρεύειν
2901 915 3079 974 πάσης
3129 912 3222 963 ούκ
3271 911 3474 983 εύαγούς
3526 909 3780 978 ὑπολήψεως

483 1009 670 1079 phum
699 1008 885 1063 docet.
918 1006 1263 1063 Nominaret
1294 1012 1493 1062 autem
1527 1005 1676 1062 forte
1702 1021 1836 1062 eam
1881 1021 2043 1060 UXOH

2234 1006 2318 1054 τὸν
2371 1003 2565 1074 Ἰωσὴφ
2610 998 2945 1054 ἐκδιδάσκει.
2980 999 3252 1073 Ὀνομάζει
3297 996 3346 1052 δ’
3392 1001 3449 1051 οἶν
3493 1001 3611 1058 ἴσως
3649 997 3780 1053 αὐτὴν

483 1102 536 1152 et
561 1097 705 1168 quia
730 1096 893 1151 nulla
908 1111 1184 1151 curarum
1209 1112 1344 1168 quae
1375 1095 1448 1151 de
1481 1111 1661 1150 uxore
1694 1095 1886 1149 virum
1915 1093 2040 1148 solli

2233 1099 2478 1161 γυναῖκα,
2547 1095 2636 1142 καὶ
2709 1087 2848 1143 διότι
2913 1096 3031 1161 περὶ
3093 1092 3337 1161 γυναικός
3390 1090 3504 1141 ὅσαι
3565 1081 3783 1158 φροντίδες

482 1191 608 1241 tant
629 1201 758 1240 eam
774 1185 972 1255 justus
995 1184 1280 1256 privabat.
1306 1185 1370 1239 Et
1394 1184 1507 1240 alia
1528 1182 1834 1255 providens
1859 1199 1982 1238 eam
2005 1199 2040 1238 n

2235 1183 2453 1251 ἔχουσιν
2484 1177 2674 1254 ἄνδρα.
2716 1176 2961 1252 οὐδεμιᾶς
2992 1182 3187 1236 ταύτην
3231 1181 3257 1230 ό
3292 1174 3489 1238 δίκαιος
3535 1177 3779 1245 ἀπεστέρει.

483 1273 840 1344 negligebat,
872 1279 929 1330 et
953 1273 1116 1328 domi
1149 1272 1585 1329 cohabitantem
1618 1271 2043 1344 circumloquel

2233 1272 2310 1322 Τά
2367 1289 2420 1322 τε
2474 1273 2574 1342 γὰρ
2637 1269 2767 1321 ἄλλα
2825 1271 3200 1340 προνοούμενος
3264 1267 3420 1326 αύτῆς
3484 1265 3571 1317 ούκ
3627 1262 3783 1334 ημελει,

482 1370 590 1428 tur,
626 1368 683 1418 et
711 1363 876 1418 omni
908 1363 1128 1434 probro
1153 1366 1212 1418 et
1249 1362 1573 1428 calumnia,
1605 1361 2038 1433 quemadmodt

2235 1364 2323 1410 καὶ
2361 1361 2495 1410 οἶκοι
2547 1367 2805 1411 συνοῦσαν
2861 1365 3111 1431 περιεῖπε,
3157 1361 3246 1408 καὶ
3295 1362 3473 1427 μώμου
3514 1357 3680 1411 παντὸς
3715 1356 3785 1401 καί

481 1453 764 1524 sapientis
793 1452 994 1508 uxoris
1009 1452 1273 1516 maritus,
1299 1468 1431 1507 eam
1456 1452 1824 1523 superiorem
1849 1451 2041 1505 studet

2236 1445 2488 1508 διαϐολῆς
2543 1447 2774 1512 ἁπάσης,
2849 1449 2934 1499 οἶα
2997 1443 3062 1503 δὴ
3132 1451 3347 1516 κόσμιος
3414 1444 3534 1514 ἀνὴρ
3591 1444 3789 1512 γυναικὸς

481 1543 698 1596 videre.
744 1542 798 1597 Si
834 1547 1034 1596 autem
1062 1545 1117 1594 et
1144 1556 1391 1594 uxorem
1416 1540 1577 1605 dixit,
1609 1539 1751 1611 quia
1791 1539 1995 1611 sponsi
2036 1563 2041 1588 ‹

2238 1539 2607 1610 σωφρονούσης
2673 1537 2928 1607 ἀνωτέραν
2997 1533 3296 1595 ἐσπούδαζε
3360 1533 3682 1603 καθορᾶσθαι.
3743 1529 3788 1578 lii

479 1631 679 1684 dinem
714 1629 933 1700 Joseph
981 1629 1257 1694 habebat,
1298 1634 1355 1684 et
1397 1634 1458 1683 ut
1501 1644 1755 1700 sponsos
1804 1645 1935 1683 mos
1975 1629 2032 1700 ip

2237 1622 2294 1677 δε
2343 1631 2431 1677 καὶ
2469 1633 2695 1695 γυναῖκα
2750 1633 3018 1699 προσεῖπε,
3074 1620 3214 1676 διότι
3266 1629 3561 1694 μνηστῆρος
3615 1616 3789 1679 τάξινὸ

479 1717 713 1773 etiamsi
742 1719 1011 1772 nondum
1049 1717 1382 1772 thalamum
1413 1717 1660 1786 ingressi
1685 1717 1818 1782 sint,
1851 1733 1968 1772 non
2001 1736 2032 1788 p

2239 1714 2429 1786 Ἰωσὴφ
2470 1712 2630 1785 εἶχεν,
2670 1717 2842 1787 ὥσπερ
2877 1710 2936 1765 δὲ
2983 1717 3072 1765 καὶ
3109 1717 3231 1774 τούς
3259 1719 3557 1784 μνηστῆρας
3595 1711 3644 1760 τό
3684 1708 3787 1768 ἔθος,

480 1807 642 1862 hibet
661 1806 818 1861 viros
851 1805 1150 1877 appellari,
1178 1805 1262 1860 sic
1283 1810 1336 1860 ct
1355 1821 1490 1876 qua:
1515 1805 1904 1874 virginitatem
1929 1806 2040 1861 adh

2234 1805 2327 1854 κοῐν
2376 1807 2518 1855 οὔπω
2573 1803 2824 1861 συνῆλθον
2881 1802 2948 1862 εἰς
3006 1802 3174 1866 εύνῆν,
3227 1802 3287 1854 ού
3347 1800 3526 1852 κωλύει
3570 1813 3791 1870 προσαγο-

481 1902 740 1958 servant,
766 1895 1041 1950 mulieres
1067 1911 1276 1950 eorum
1313 1895 1602 1966 permittit
1628 1896 1980 1966 nuncupari,
2005 1911 2041 1950 n

2235 1894 2395 1962 ρεύειν
2444 1887 2663 1964 ἄνδρας,
2713 1892 2847 1943 οὕτω
2889 1887 2954 1948 δὴ
3004 1895 3093 1942 καὶ
3139 1893 3260 1942 ὅσαι
3315 1894 3411 1947 τὴν
3456 1889 3711 1960 παρθενίαν
3736 1886 3795 1934 ἔτι

478 1985 712 2040 deceret
754 2000 847 2040 me
878 1984 990 2040 hoc
1022 1983 1283 2054 rejicere.
1321 1983 1549 2039 Etenim
1588 1989 1645 2038 et
1667 1985 1850 2038 Jacob
1882 1986 2030 2055 patri

2235 1977 2588 2043 διασώζουσι,
2619 1989 2871 2050 γυναῖκας
2913 1980 3079 2031 αύτὼν
3119 1975 3322 2031 δίδωσι
3364 1978 3646 2040 καλεῖσθαι,
3673 1967 3795 2024 οὐδὲν

477 2074 608 2140 cita,
651 2073 821 2142 cujus
848 2073 1119 2127 nondum
1161 2073 1518 2128 commercio
1552 2088 1694 2126 usus
1722 2077 1846 2128 erat
1887 2072 2037 2128 Rach

2239 2067 2342 2140 ἰμοὶ
2389 2065 2728 2140 διαφέρεσθαι
2783 2074 3039 2141 προσήκει
3101 2085 3112 2096 ·
3152 2072 3242 2120 καὶ
3294 2070 3396 2140 γὰρ
3441 2070 3529 2117 καὶ
3574 2059 3740 2118 Ἰακὼϐ
3780 2060 3799 2110 ὁ

478 2162 786 2217 mulierem
817 2177 991 2217 suam
1037 2161 1341 2216 manifeste
1369 2165 1563 2217 vocat.
1617 2161 1758 2216 Dicit
1788 2161 1864 2216 ad
1902 2162 2038 2217 Labz

2236 2159 2592 2232 πατριάρχης,
2653 2159 2716 2218 ἧς
2755 2159 2898 2209 οὔπω
2949 2158 3216 2218 καταστὰς
3261 2153 3323 2213 ἦν
3367 2155 3439 2216 εἰς
3494 2161 3660 2228 πεῖραν
3709 2151 3796 2221 ὅμι-

477 2255 799 2322 postquam
822 2251 947 2319 jam
971 2249 1063 2304 sui
1085 2249 1301 2304 servitii
1330 2254 1563 2320 tempus
1585 2248 1920 2320 complevit.
1960 2272 1979 2298 ι
2019 2252 2037 2304 [

2243 2251 2362 2311 Χίας,
2419 2251 2511 2303 τὴν
2564 2245 2762 2317 Ῥαχὴλ
2813 2245 2964 2316 λέγω,
3033 2253 3255 2315 γυναῖκα
3320 2245 3481 2296 αύτού
3553 2246 3803 2314 περιφανῶς

478 2354 721 2394 uxorem
755 2354 974 2403 meam,
1018 2338 1290 2409 completi
1321 2343 1459 2392 sunt
1496 2340 1652 2392 enim
1700 2339 1821 2391 dies
1875 2338 2007 2403 mei,

2242 2334 2491 2407 ὄνομάζει.
2557 2341 2693 2392 Φησὶ
2742 2338 2871 2408 πρός
2913 2333 3110 2399 Λάϐαν,
3164 2331 3272 2392 ῆδη
3321 2337 3410 2385 τὸν
3465 2339 3556 2392 τῆς
3603 2327 3802 2385 δουλείας

475 2425 774 2495 ingrediar
795 2425 870 2480 ad
890 2442 1020 2481 eam
1047 2428 1112 2479 ¹⁸.
1150 2448 1168 2474 ι
1203 2425 1293 2481 Sic
1316 2425 1544 2496 priscus
1573 2442 1701 2480 mos
1732 2432 1817 2482 est
1847 2427 2035 2481 mulie:

2244 2426 2344 2499 Ξρον
2410 2423 2840 2495 ἐκπεπληρωκώς,
2902 2445 2927 2473 ‹‹
2988 2419 3214 2483 Ἀπόδος
3277 2427 3375 2480 τῆν
3435 2420 3650 2492 ⁹γυναῖκά
3701 2435 3804 2487 μου,

475 2529 578 2568 eas
605 2530 740 2584 quae
768 2520 906 2568 sunt
932 2529 1167 2585 sponsze
1194 2529 1424 2569 vocare.
1451 2514 1534 2568 Ita
1568 2519 1629 2568 ut
1655 2515 1792 2569 inde
1825 2515 2016 2570 videre

2246 2513 2590 2586 τεπλήρωνται
2639 2516 2740 2586 γὰρ
2787 2514 2841 2564 αὶ
2887 2514 3076 2584 ἡμέραι
3130 2531 3252 2583 μου,
3288 2515 3428 2572 ὅπως
3463 2508 3665 2563 εἰσέλθω
3697 2509 3806 2578 πρὸς

474 2601 733 2656 mulieris
776 2601 1236 2672 appellationem
1277 2602 1520 2656 minime
1578 2601 1867 2670 virginem
1910 2611 2034 2657 coul

2248 2602 2408 2660 ιύτήν.
2481 2624 2507 2653 ))
2571 2603 2744 2662 Οὕτως
2811 2603 2924 2653 ἐστὶ
2977 2601 3197 2653 παλαιόν
3262 2603 3378 2661 ἔθος
3437 2605 3680 2672 γυναῖκας
3733 2599 3808 2646 καὶ

472 2695 626 2745 stare
655 2690 932 2745 voluisse.
968 2690 1216 2758 Virginis
1246 2695 1444 2745 autem
1478 2690 1706 2744 nomini
1741 2707 1857 2745 non
1886 2697 2032 2746 conti

2248 2695 2318 2753 ’ἀς
2391 2696 2839 2764 μεμνηστενμένας
2933 2690 3224 2763 ὀνομάζειν.
3321 2690 3488 2742 Ὠστε
3574 2685 3808 2738 κάντεῦθεν

470 2778 665 2834 dicere
719 2779 982 2834 mulieris
1021 2794 1240 2834 nomen
1299 2784 1460 2850 patet
1509 2795 1580 2834 ex
1633 2781 1863 2850 generis
1915 2781 2030 2836 dist

2253 2801 2336 2832 στι
2383 2780 2554 2832 λαϐεῖν
2609 2783 2672 2840 ὡς
2743 2776 2908 2852 μηδὲν
2965 2781 2995 2836 ὴ
3051 2787 3142 2839 τῆς
3196 2783 3451 2850 γυναικός
3510 2777 3813 2852 προσηγορία

473 2867 686 2932 ctione,
707 2869 766 2923 in
793 2867 1101 2924 hominem
1121 2881 1176 2923 et
1194 2868 1500 2923 mulierem
1525 2873 1802 2924 naturam
1820 2869 2033 2925 dividet

2251 2869 2542 2943 ταραλυπεῖν
2594 2867 2749 2921 ἑθεῆει
2800 2873 2893 2923 τὴν
2943 2870 3242 2941 παρθενίαν.
3277 2868 3405 2920 Ὀτι
3453 2863 3516 2919 δὲ
3566 2869 3688 2938 πρὸς
3734 2865 3811 2919 τὴν

471 2957 723 3014 Mulieris
769 2958 926 3012 enim
984 2957 1164 3013 verbo
1209 2973 1328 3012 non
1379 2958 1573 3014 solum
1631 2973 1766 3029 quae
1809 2959 2031 3014 homini

2253 2961 2471 3030 παρθένον
2535 2961 2591 3010 τὸ
2641 2967 2734 3018 τῆς
2800 2962 3050 3027 γυναικός
3096 2957 3154 3009 ού
3207 2959 3455 3029 μάχεται
3508 2960 3684 3026 ὄνομα,
3739 2955 3813 3008 ἦτε

467 3062 588 3102 non
606 3053 1033 3116 cognoverunt,
1064 3063 1254 3119 neque
1276 3061 1358 3101 etc
1375 3045 1570 3102 solum
1591 3047 1811 3118 quibus
1833 3050 2027 3104 contin

2256 3049 2458 3108 ὐνήθης
2501 3055 2590 3099 τού
2633 3051 2806 3117 γένους
2858 3043 3118 3119 διαίρεσις
3150 3045 3216 3106 εἰς
3261 3043 3448 3120 ἄνδρα
3496 3050 3586 3096 καὶ
3622 3047 3816 3113 γυναῖκα

468 3141 552 3199 ut,
594 3135 925 3206 virginitate
976 3141 1380 3208 permanente,
1427 3133 1842 3191 adolescentiae
1889 3137 2028 3192 ﬁnib

2254 3141 2478 3206 έμνουσα
2551 3140 2644 3193 τὴν
2699 3138 2872 3207 φύσιν,
2935 3143 3074 3186 ποιεῖ
3130 3139 3374 3207 φανερόν,
3440 3141 3527 3204 Τῷ
3580 3136 3676 3203 γὰρ
3738 3135 3814 3188 τῆς

467 3223 892 3292 egrediantur;
940 3223 1044 3279 sed
1083 3229 1138 3279 et
1178 3224 1398 3279 femina
1440 3229 1575 3280 ante
1612 3223 1980 3294 juventutem
2021 3243 2027 3252 π

2260 3228 2465 3286 υναικός
2527 3225 2725 3298 ῥήματι
2800 3223 2903 3295 ούχ
2980 3225 3100 3276 ὅσαι
3162 3228 3319 3294 μόνον
3404 3221 3592 3276 ἔλαϐον
3650 3228 3819 3291 γνῶσιν

466 3310 644 3365 etiam
686 3327 882 3366 recens
929 3318 1071 3368 nata
1126 3312 1670 3383 comprehenditur.
1716 3314 2026 3378 Quemadn

2258 3309 2433 3385 νδρος,
2496 3308 2616 3364 add"
2684 3314 2834 3373 ὅσαις
2885 3316 3088 3383 γέγονεν
3152 3311 3199 3363 ἐν
3262 3321 3341 3383 τῷ
3412 3321 3513 3373 τῆς
3569 3309 3818 3382 παρθενίας

467 3398 634 3464 dum,
657 3404 716 3455 ut
735 3405 913 3470 patet,
939 3415 1155 3456 nomen
1192 3401 1297 3456 viri
1318 3400 1676 3472 participant
1697 3409 1752 3457 et
1771 3403 1874 3473 qui
1900 3419 2026 3474 puel

2260 3401 2597 3474 παραλλάκτῳ
2637 3405 2730 3458 τὴν
2769 3409 2868 3451 τῶν
2911 3397 3158 3452 νεανίδων
3200 3400 3424 3457 ἠλικίαν
3479 3398 3820 3456 ὑπαλλάττειν,

465 3493 801 3556 genuerunt
838 3495 892 3543 et
945 3490 1048 3560 qui
1088 3488 1236 3544 inter
1280 3490 1523 3559 iuvenes
1556 3497 1961 3556 numerantur,
2005 3509 2025 3545 s

2261 3491 2345 3542 λλὰ
2388 3495 2476 3541 καὶ
2514 3492 2573 3541 τό
2627 3491 2725 3560 πρὸ
2766 3495 2860 3550 τῆς
2919 3487 3086 3561 ἀκμῆς
3137 3488 3264 3548 θῆλυ
3320 3495 3500 3563 μέχρι
3541 3496 3634 3542 τού
3680 3502 3821 3554 νεογε-

465 3583 522 3633 et
545 3576 646 3648 qui
677 3577 858 3647 hujus
889 3579 1079 3632 aetatis
1113 3594 1296 3650 usque
1335 3578 1413 3633 ad
1455 3583 1686 3633 teneros
1717 3579 2019 3635 descendu

2267 3588 2329 3640 νύς
2389 3577 2821 3652 περιλαμϐάνεται
2883 3593 2895 3607 ·
2948 3581 3120 3652 ὥσπερ
3185 3574 3445 3636 δηλονότι
3516 3586 3614 3640 τῆς
3677 3591 3827 3647 προσ-

465 3665 556 3720 Sic
586 3664 759 3735 igitur
809 3680 879 3720 ea
927 3665 1098 3720 solito
1154 3682 1255 3718 usu
1312 3664 1480 3721 facile
1525 3671 1806 3736 perceptu
1860 3673 1947 3722 est
1983 3685 2025 3722 ιι

2269 3673 2432 3742 νορίας
2475 3673 2761 3740 μετέχουσι
2800 3674 2891 3718 τοῦ
2923 3663 3109 3738 ἀνδρὸς
3152 3668 3266 3719 ὅσοι
3324 3688 3385 3721 τε
3417 3665 3630 3726 παῖδας
3658 3669 3829 3735 ἔφυσαν

462 3753 618 3807 lieris
652 3770 856 3809 vocem
900 3771 1016 3808 non
1050 3755 1279 3809 auferre
1305 3754 1468 3826 quod
1497 3754 1888 3823 virginitatem
1917 3757 2022 3812 dec

2270 3759 2305 3810 ιί
2348 3760 2463 3810 ὅσοι
2511 3765 2609 3808 τῶν
2649 3757 2833 3814 ἠϊθέων
2872 3760 2967 3813 τὴν
3023 3756 3167 3818 τάξιν
3208 3755 3536 3829 ἐπέχουσιν,
3592 3754 3719 3808 ἀλλὰ
3754 3754 3830 3802 καὶ

463 3843 756 3899 Mulierem
823 3843 980 3898 enim
1029 3859 1142 3898 non
1187 3843 1389 3907 semel,
1427 3844 1524 3896 sed
1559 3849 1615 3898 et
1657 3845 1877 3915 saepius
1925 3849 2023 3901 Evz

2272 3868 2330 3899 ὀι
2373 3855 2464 3906 τῆς
2506 3846 2708 3905 ἡλικίας
2753 3847 2946 3905 ταύτης
3003 3849 3168 3917 μέχρι
3217 3844 3461 3919 βρέφους
3520 3843 3832 3899 ύποϐεϐἠκα-

461 3938 634 3988 vocat
663 3933 871 3987 Adami
909 3949 1152 3987 uxorem
1185 3934 1451 4001 virgineo
1478 3933 1673 3987 adhuc
1703 3942 1975 3990 ornatam
2009 3957 2020 3989 t

2277 3959 2320 3990 ν.
2362 3937 2512 3987 Οὕτω
2553 3938 2640 4006 μὲν
2700 3929 2789 3985 οὖν
2837 3939 2926 3985 καί
2975 3932 3075 3985 ἀπὸ
3122 3942 3210 3994 τῆς
3241 3935 3567 4007 εἰθισμένης
3608 3937 3836 4008 χρήσεως

463 4037 598 4077 core
625 4027 679 4076 et
707 4021 866 4092 puris
891 4021 1156 4093 paradisi
1182 4021 1423 4076 ﬂoribus
1457 4027 1825 4086 vernantem,
1853 4028 1908 4078 et
1932 4023 2023 4078 lon

2273 4046 2357 4078 τιν
2395 4024 2569 4076 λαϐεῖν
2615 4026 2681 4085 ὡς
2721 4025 2750 4080 η
2797 4031 2894 4084 τῆς
2931 4027 3174 4094 ’γυναικός
3219 4023 3313 4076 οὐκ
3348 4024 3675 4099 ἀφαιρεῖται
3713 4024 3833 4093 φωνὴ

459 4128 496 4167 a
541 4111 1029 4180 transgressione,
1073 4116 1128 4166 et
1169 4110 1477 4165 Dominico
1519 4111 1808 4166 mandato
1852 4118 2019 4168 stanti

2291 4136 2311 4176 ς
2354 4115 2631 4188 παρθενίας
2674 4115 2730 4164 τὸ
2771 4107 2976 4164 δίκαιον
3031 4128 3042 4140 °
3091 4121 3318 4183 γυναῖκα
3371 4117 3487 4188 γὰρ
3533 4113 3644 4184 οὐχ
3692 4107 3837 4171 ἅπαξ,

459 4206 513 4258 et
549 4200 815 4256 nuditate
855 4206 911 4255 et
935 4199 1139 4255 bestiae
1172 4199 1420 4255 consilio
1453 4199 1743 4254 excelsius
1775 4201 2019 4258 instituti

2283 4202 2348 4254 λα
2396 4206 2484 4253 καὶ
2527 4201 2769 4260 πολλάκις
2814 4204 2906 4258 τὴν
2937 4203 3071 4252 Εὔαν
3116 4200 3367 4273 ὀνομάζει
3427 4210 3529 4254 τοῦ
3566 4197 3744 4269 Ἀδὰμ
3780 4201 3842 4249 ἔτι

459 4307 638 4345 suum
679 4289 998 4357 ferentem;
1032 4287 1278 4360 quando
1299 4288 1378 4359 (et
1407 4303 1509 4342 eos
1536 4303 1655 4343 non
1685 4287 1821 4344 licet
1845 4305 1952 4361 pro
1979 4290 2019 4363 i;

2281 4300 2327 4352 ῖς
2411 4292 2738 4366 παρθενικοῖς
2833 4287 3196 4360 ἐμπρέπουσαν
3292 4293 3683 4364 ὡραῖσμασιν,
3764 4291 3841 4336 καὶ

455 4395 654 4434 rerum
697 4378 984 4433 evidentia
1035 4378 1353 4449 imputare)
1385 4376 1846 4448 imperturbatos
1881 4379 2015 4436 ferel

2287 4389 2322 4441 ἴς
2353 4378 2637 4452 ἀκηράτοις
2688 4379 2864 4430 ἄνθεσι
2920 4386 3010 4429 τού
3062 4374 3414 4449 παραδείσου
3452 4378 3847 4453 ἐνεαρίζουσαν,

456 4483 750 4537 corporea
797 4467 1116 4538 voluptatis
1159 4482 1390 4533 sensus,
1441 4481 1576 4538 quas
1627 4467 1844 4539 saepius
1897 4484 2016 4525 voca

2290 4475 2306 4522 i
2374 4468 2548 4542 πόρρω
2624 4475 2718 4528 τῆς
2784 4465 3130 4540 παραϐάσεως
3190 4471 3280 4519 καὶ
3344 4477 3452 4530 τῆς
3530 4471 3847 4521 Δεσποτικῆς

455 4555 759 4610 eslArlami
785 4557 1013 4621 mulier,
1044 4557 1284 4612 meliore
1301 4555 1615 4612 vocatione
1635 4556 1819 4626 digna
1836 4558 2015 4628 judica

2293 4561 2600 4630 θισταμένην
2676 4554 2882 4616 ἐντολῆς
2919 4560 3004 4606 καὶ
3065 4564 3160 4617 τῆς
3202 4563 3554 4630 γυμνώσεως
3618 4561 3716 4609 καὶ
3772 4559 3853 4611 τῆς

456 4661 636 4716 quam
678 4650 740 4697 ut
777 4645 1102 4700 carnalium
1158 4644 1587 4700 desideriorum
1630 4647 1846 4716 pugnis
1887 4646 2016 4703 mis¢

2296 4657 2305 4698 ὃ
2402 4648 2584 4717 θηρίον
2657 4643 2951 4716 συμϐουλῆς
3023 4644 3344 4720 ὑψηλότερον
3432 4652 3500 4699 τὸ
3572 4646 3856 4713 πολίτευμα

456 4731 801 4787 efﬁceretur.

2299 4755 2482 4790 »ουσον
2517 4738 2598 4787 ὅτε
2629 4739 2717 4787 καὶ
2754 4733 2940 4794 αύτούς
2978 4733 3071 4784 ούκ
3119 4737 3231 4786 ἔστι
3287 4754 3378 4786 σοι
3415 4734 3519 4788 ἀπ’
3569 4736 3745 4795 αὐτῆς
3773 4738 3859 4788 τῆς

459 4830 558 4873 τῶν
607 4820 926 4896 πραγμάτων
993 4821 1247 4894 ἐνεργείας
1291 4822 1628 4894 λογίσασθαι,
1699 4823 2074 4895 ἀνενοχλήτους
2130 4833 2270 4904 ἔφερε
2323 4827 2439 4886 τούς
2504 4824 2786 4896 λογισμούς
2857 4831 3164 4896 σωματικῆς
3217 4820 3456 4894 ἡδονῆς,
3523 4828 3554 4884 ἦ
3618 4825 3863 4879 πολλάκις

460 4910 875 4984 ἐξονομασθεῖσα
940 4916 1069 4981 γυνη
1137 4920 1226 4964 τοῦ
1293 4910 1488 4986 Ἀδὰμ,
1529 4919 1813 4988 κρείττονος
1878 4915 2152 4990 ἀξιουμένη
2198 4919 2427 4978 κλήσεως
2484 4918 2514 4974 ἡ
2588 4921 2846 4988 σαρκικῶν
2911 4911 3258 4987 ἐρεθισμάτων
3323 4912 3867 4991 ἐπι-ταλαιπωρεῖσθαι

458 5021 685 5073 μάχαις.

843 5125 1165 5190 ΟΗίΕΞΤΙΟ
1208 5129 1361 5182 XXIII
1398 5126 1503 5199 [αι.
1537 5129 1716 5203 XXII].

1693 5131 1716 5202 μ.
2788 5133 3102 5181 armum:
3135 5126 3253 5181 π’.

461 5233 610 5299 Quid
668 5233 948 5303 signi/im!
999 5233 1150 5287 illud
1194 5251 1270 5311 ξι(
1322 5234 1468 5311 Ecce
1521 5237 1715 5311 Adam
1761 5238 1961 5307 factus
2019 5269 2021 5288 ι

2315 5241 2546 5311 πημαίνει
2573 5239 2650 5300 τό,
2685 5257 2706 5284 ε
2744 5231 2890 5288 Ἰδού
2935 5232 3110 5311 ’Δμδὰμ
3139 5239 3338 5305 γέγονεν
3391 5235 3473 5295 ὡς
3510 5237 3593 5296 εἷς
3621 5235 3680 5298 ἐξ
3711 5236 3875 5305 ἡμῶν,

529 5314 812 5374 tanquam
840 5320 991 5358 unus
1013 5321 1087 5360 ex
1103 5305 1289 5368 nobis,
1313 5306 1494 5361 sciens
1514 5307 1726 5364 bonum
1743 5305 1796 5363 et
1818 5311 2085 5366 malum.»

2007 5328 2054 5366 ιι.
2074 5334 2098 5359 ››
2377 5305 2385 5311 ’
2498 5315 2588 5360 τού
2613 5312 2886 5379 γινώσκειν
2925 5305 3080 5358 καλὸν
3108 5311 3198 5358 καὶ
3229 5312 3500 5376 πονηρόν.
3535 5328 3567 5358 ›)

1496 5431 1646 5480 l-Idttu
1672 5448 1702 5482 a
1729 5433 1880 5490 Maio,
1910 5436 1946 5484 Ι.
1979 5451 2045 5491 c.,
2085 5452 2135 5500 p.
2158 5437 2319 5492 24-27,
2358 5439 2410 5484 in
2441 5436 2566 5483 Gen.
2597 5446 2685 5490 III.
2711 5434 2790 5482 9.2.

533 5521 667 5576 Scio
693 5519 867 5586 igitur
892 5519 1189 5590 quosdam
1225 5519 1414 5572 dicere
1448 5519 1742 5577 ironicum
1773 5541 2093 5582 sermonem

2333 5521 2436 5576 ’ἷδα
2485 5528 2576 5596 μεν
2629 5520 2715 5575 οὖν
2773 5524 2842 5583 ὥς
2871 5541 2999 5582 τινες
3048 5540 3133 5573 τον
3164 5523 3346 5593 εἴρωνα
3407 5518 3595 5591 λόγον
3635 5517 3746 5575 διὰ
3795 5527 3893 5573 τῶν

523 5648 568 5681 η
597 5644 741 5699 Gen.
764 5661 922 5708 xmx,
949 5648 1037 5697 Ἦ.
