3950 6180
209 219 288 274 ‘69
1091 213 1184 266 AD
1225 212 1776 270 Ai-il’llILOCHIUM
1819 213 2144 282 QUIESTIO
2186 215 2398 274 XXIII.

3383 223 3484 279 170

199 345 476 415 προκειμένων
519 340 754 412 ῥημάτων
812 343 943 410 paci
1001 340 1396 410 προενηνέχθαι,
1452 343 1540 390 καὶ
1593 338 1692 390 όνει

1846 339 2124 394 )t'aedictis
2150 341 2344 396 verbis
2370 343 2670 414 prolatum
2703 359 2833 398 esse
2865 349 2920 399 et
2946 344 3234 400 Adamum
3263 363 3480 419 oppro-

196 429 428 490 δέξει-δεον
479 425 638 499 Ἀδὰμ
693 427 770 499 ἐφ’
821 429 895 487 οἷς
947 429 1210 501 ὑπέρογκα
1259 429 1570 498 φαντασθεὶς
1629 432 1718 478 καὶ

192 519 218 570 ἆ
259 519 565 590 semesa-xz
603 525 692 568 τοῦ
755 515 1052 576 Πλάσαντος
1109 520 1270 590 χερσὶ
1343 523 1603 587 κατεῖχεν,
1665 515 1718 578 ἐξ

191 605 302 668 ἰδίας
345 605 554 665 ἀϐουλίας
595 604 850 657 ἀπώλεσεν
877 622 891 635 ·
929 607 977 656 οἱ
1022 601 1080 658 δὲ
1117 609 1328 675 γείτονα
1363 605 1716 676 προκομίζον-

185 718 244 758 τες
288 697 431 765 λόγον,
483 696 638 768 ἔτερόν
687 714 739 745 τι
793 695 1072 766 νομίξουσι
1110 691 1294 764 λέγειν.
1363 695 1716 762 Διασύρεσθαι

183 791 274 858 γὰρ,
311 790 439 856 pari,
488 789 570 834 καὶ
621 780 1072 854 διαχλευάζεσθαι
1113 791 1222 843 τοῖς
1271 790 1500 856 παροῦσι
1546 782 1716 853 λόγοις

182 881 252 932 τὶν
285 882 360 926 τοῦ
385 869 544 944 Ἀδὰμ
577 875 927 946 περιπέτειαν.
985 877 1082 925 Καὶ
1125 871 1294 931 ἄλλοις
1343 867 1514 934 ἔδοξεν
1563 869 1712 942 ἐπεγ-

179 964 380 1034 γὰᾱισθαι
415 966 502 1018 τὴν
545 960 750 1032 πρᾶξιν,
813 957 886 1012 δι’
941 961 1002 1018 ἣν
1051 960 1368 1032 ὑψηλότερον
1415 968 1510 1021 τῆς
1553 967 1714 1012 αὐτοῦ

177 1056 332 1124 ινύσεως
375 1059 472 1111 τοῖς
517 1049 785 1122 λογισμοῖς
831 1051 856 1100 ό
913 1051 1177 1124 οἶνθρωπος
1231 1045 1564 1122 ἀναδραμὼν,
1623 1053 1712 1101 καὶ

177 1143 223 1202 ξς
267 1140 434 1200 ἠξιώθη
483 1139 666 1201 τάξεως
732 1142 878 1211 παρά
927 1146 1016 1190 τοῦ
1069 1139 1366 1200 Πλάσαντος
1415 1137 1708 1210 ἐφεστάναι,

172 1229 436 1299 κατηνέχθη.
481 1227 832 1302 Παραπλήσια
889 1235 1056 1279 ταῦτα
1103 1233 1192 1279 καὶ
1239 1226 1342 1279 ἀπὸ
1395 1234 1490 1288 τῆς
1546 1225 1710 1287 αὐτῆς

171 1317 361 1378 ἐπιϐολῆς
395 1322 480 1374 τήν
517 1314 743 1388 πρόοδον
779 1317 1021 1382 λαϐόντα,
1062 1317 1104 1368 εἴ
1143 1321 1232 1368 καὶ
1271 1319 1398 1391 πρὸς
1429 1312 1709 1390 διαφόρους

169 1403 344 1458 δοκοῦσι
393 1403 736 1480 παραφυάδας
791 1407 1206 1478 ἀποσχίζεσθαι,
1267 1405 1364 1476 ἐγὼ
1427 1402 1487 1457 δε
1543 1413 1710 1458 ταῦτα

166 1499 232 1564 μὲν
265 1497 345 1547 οὐκ
383 1495 438 1547 ἀν
479 1497 711 1554 οἰηθείην
759 1499 917 1567 σοφόν
960 1491 1393 1566 ἀποδοκιμάζειν,
1433 1492 1710 1546 ἀκολουθο-

165 1604 272 1656 τερον
319 1582 362 1638 δ’
413 1585 470 1636 ἀν
521 1590 678 1657 φαίην
741 1593 1007 1637 κατανοεῖν
1061 1584 1236 1658 ἐτέρας
1293 1580 1422 1636 εἶναι
1471 1580 1710 1643 διανοίας

161 1678 496 1744 παραστατικὸν
524 1678 584 1726 τό
631 1677 764 1748 ἱερὸν
813 1673 970 1726 ἐκεῖνο
1011 1679 1206 1747 χωρίον
1240 1691 1252 1702 ’
1288 1677 1436 1733 ποίας
1481 1674 1704 1740 ταύτης;

161 1759 418 1836 Ἐπειδιέπερ
454 1765 480 1816 ό
511 1761 694 1835 Ἀδὰμ
747 1761 862 1815 ἀντὶ
909 1771 1000 1815 τοῦ
1033 1763 1444 1834 νομοθετεῖσθαι,
1495 1763 1704 1833 νομοθέ-

157 1871 224 1902 τον
265 1851 448 1925 ἀξίωμα
503 1857 739 1926 ἣρπασεν
774 1871 786 1882 °
817 1851 932 1904 ἀντὶ
971 1861 1060 1904 τοῦ
1091 1849 1403 1923 κηδεμονίας
1449 1855 1538 1902 καὶ
1593 1870 1708 1902 παι-

157 1936 372 2010 δαγωγίας
415 1950 506 2004 τῆς
547 1945 744 1995 ἄνωθεν
795 1941 1085 2006 ἀπολαύειν,
1123 1949 1182 2013 τῇ
1233 1937 1348 2012 ἰδίᾳ
1384 1946 1562 2012 γνώμῃ
1612 1944 1701 1991 καὶ

153 2036 326 2102 προνοίᾳ
357 2037 442 2092 ’ἀς
481 2039 573 2084 τού
627 2031 752 2104 βίου
789 2031 996 2104 πράξεις
1041 2035 1436 2098 κατεπίστευσε,
1474 2034 1564 2080 καὶ
1611 2034 1704 2086 τὴν

149 2117 290 2188 ῥώμην
343 2123 472 2190 ἔχειν
523 2119 758 2192 ἐνόμισεν
817 2121 934 2172 ἄνευ
989 2121 1126 2180 θείας
1167 2118 1417 2191 ἐπιροπῆς
1465 2123 1554 2169 καὶ
1611 2127 1703 2180 τῆς

149 2215 218 2258 τοὺ
273 2213 538 2280 κρείττονος
619 2209 942 2274 ἐπινεύσεως,
1004 2207 1228 2280 ἐξαρκεῖν
1289 2207 1431 2277 αύτῷ
1490 2203 1704 2282 διακρί-

149 2314 224 2346 mw
245 2301 294 2347 τό
337 2298 480 2349 καλόν
511 2299 614 2350 ἀπό
665 2305 760 2349 τοῦ
799 2302 1032 2370 χείρονος
1079 2297 1160 2366 (ού
1199 2299 1300 2370 γὰρ
1341 2294 1401 2348 ἂν
1433 2301 1502 2367 μὴ
1537 2305 1704 2348 ταῦτα

147 2379 402 2456 διαθέμενος
455 2391 540 2438 καὶ
599 2393 849 2458 κυρώσας
903 2387 1024 2459 παρ’
1077 2385 1263 2455 ἐαυτῷ,
1317 2389 1562 2457 οὔμενουν
1609 2384 1702 2436 οὐκ

146 2473 190 2521 ἂν
231 2474 418 2543 ὑψῶσαι
465 2473 626 2538 δόξαν
683 2475 864 2528 ἑαυτὸν
912 2471 1206 2548 ὑπέδραμεν
1261 2477 1332 2536 εἰς
1383 2477 1439 2525 τὸ
1487 2476 1702 2544 μέγεθος

145 2567 214 2621 τες
253 2571 438 2634 πρώτης
491 2563 694 2636 ἀρχῆς,
823 2568 1006 2637 κρίνειν
1049 2583 1102 2616 τε
1142 2568 1230 2614 καὶ
1280 2560 1565 2637 διακρίνειν
1606 2571 1698 2615 τοῦ

145 2659 324 2722 πονηροῦ
363 2656 418 2704 τὸ
455 2654 635 2716 καλὸν,
683 2657 838 2724 σοφία
875 2655 1096 2724 ἔμφυτος
1137 2657 1224 2704 καὶ
1279 2651 1609 2724 ἀπερινόητος
1647 2650 1700 2714 ἐξ

141 2734 282 2790 ἀιδίου
305 2747 580 2814 περίεστιν,
612 2739 724 2794 ἀλλ’
751 2738 865 2794 οὐδ’
909 2739 970 2792 ἀν
1015 2743 1320 2814 προτάττειν
1357 2742 1522 2816 ὁρμὴν
1558 2739 1696 2792 ἐτόλ-

139 2847 268 2896 μῖσιν
317 2835 402 2888 τὴν
451 2832 614 2883 αὑτοῦ
655 2839 753 2892 τῆς
811 2829 1044 2884 ἁπάντων
1090 2826 1456 2890 δεσποζούσης
1503 2848 1558 2882 τε
1607 2833 1696 2880 καὶ

141 2919 274 2978 πείσας
315 2923 536 2992 χάριτας
591 2917 928 2990 διαγνώσεως
977 2922 1324 2990 πηγαζούσης
1356 2924 1446 2970 καὶ
1491 2916 1696 2994 διακρί-

1827 427 1958 483 brio
1987 428 2222 485 afficere
2252 432 2416 502 quod
2453 433 2715 503 superba
2747 433 3113 502 imaginatus
3145 440 3300 490 esset
3329 442 3382 492 et
3413 453 3482 493 ea

1825 531 1961 586 quae
2005 517 2331 574 Conditoris
2377 519 2796 576 benevolentia
2848 521 3131 578 manibus
3173 525 3480 590 retinebat,

1825 605 2080 676 propriae
2109 607 2525 678 imprudentiae
2557 625 2742 666 causa
2769 609 3156 681 perdidisset;
3191 611 3290 668 alii
3322 629 3476 677 vero,

1825 692 2064 749 affinem
2103 697 2392 751 rationem
2433 696 2768 764 afferentes,
2812 698 3068 754 alterum
3109 699 3256 771 quid
3286 701 3481 776 dicere

1824 782 2077 837 student.
2127 783 2352 839 lrrideri
2413 786 2595 846 enim.
2665 787 2965 858 inquiunt,
3030 793 3086 843 et
3149 791 3480 860 praesertim

1822 871 2020 925 verbis
2065 873 2276 928 Adami
2321 873 2710 930 infortunium
2757 875 3066 934 confundi.
3109 880 3172 932 Et
3213 877 3312 934 alii
3343 894 3478 934 cen-

1822 965 2063 1016 suerunt
2113 961 2340 1018 irrideri
2377 963 2672 1021 actionem
2714 982 2829 1037 qua
2865 966 3040 1022 altius
3085 969 3328 1040 propria
3371 985 3480 1024 na-

1823 1055 1953 1104 tura
2002 1050 2128 1105 suis
2170 1052 2628 1124 cogitationibus
2670 1055 2852 1110 homo
2890 1055 3239 1122 ascendens,
3290 1073 3360 1112 ex
3408 1073 3478 1112 eo

1820 1137 1996 1194 etiam
2015 1139 2222 1196 ordine
2241 1142 2300 1195 in
2325 1157 2446 1212 quo
2473 1156 2610 1197 eum
2635 1143 2857 1214 erigere
2878 1143 3156 1214 dignatus
3180 1153 3304 1202 erat
3328 1149 3478 1202 Con-

1818 1227 1990 1290 ditor,
2036 1229 2298 1298 dejectus
2343 1235 2452 1286 est.
2493 1231 2775 1288 Proxima
2813 1247 2883 1286 ea
2927 1237 2982 1288 et
3027 1233 3104 1288 ab
3149 1233 3363 1290 eodem
3392 1235 3478 1290 in-

1818 1322 1990 1388 cepto
2033 1318 2143 1372 iter
2181 1319 2582 1390 suscipientia,
2629 1321 2738 1376 etsi
2785 1319 3192 1376 differentibus
3237 1323 3476 1379 videan-

1819 1409 1912 1460 tur
1951 1406 2166 1461 deinde
2205 1408 2654 1478 propaginibus.
2699 1412 2819 1480 Ego
2859 1425 2998 1466 vero
3029 1427 3148 1466 non
3188 1412 3474 1483 sapientis

1817 1510 1946 1549 esse
1977 1495 2280 1551 crederem
2322 1511 2392 1552 ea
2423 1497 2683 1567 rejicere,
2733 1499 2945 1554 rectius
2976 1505 3173 1555 autem
3213 1500 3474 1556 dicerem

1818 1583 1980 1638 aliud
2011 1583 2272 1640 indicare
2303 1602 2538 1641 sacrum
2589 1585 2758 1642 illum
2794 1586 3012 1642 locum.
3055 1588 3210 1652 Quid
3250 1589 3473 1658 igitur?

1740 1680 1782 1736 Β
1821 1672 2136 1744 Postquam
2170 1675 2381 1742 Adam,
2405 1675 2601 1746 potius
2634 1691 2818 1746 quam
2841 1675 2956 1744 legi
2981 1676 3268 1744 obediret,
3299 1677 3468 1750 legis-

1819 1761 2016 1818 latoris
2053 1762 2402 1832 dignitatem
2447 1764 2745 1836 abripuit;
2794 1765 2984 1836 potius
3013 1782 3196 1836 quam
3243 1782 3387 1822 cura
3415 1771 3474 1822 et

1815 1851 2181 1907 institutione
2211 1851 2413 1908 divina
2457 1851 2768 1919 frueretur,
2815 1853 3070 1926 propriae
3099 1854 3386 1910 voluntati
3417 1862 3474 1910 et

1817 1939 1950 1994 vitae
1984 1940 2306 2010 prudentiae
2337 1945 2506 1996 actus
2553 1941 2839 2008 credidit;
2874 1948 2930 1998 et
2961 1943 3080 1998 vim
3113 1943 3472 2000 existimavit

1815 2044 1876 2084 se
1923 2028 2145 2084 habere
2183 2028 2414 2100 absque
2454 2045 2566 2100 ope
2609 2029 2815 2085 divmo
2856 2035 2912 2086 et
2951 2032 3176 2102 majore
3213 2031 3468 2104 impulsu

1811 2115 2038 2172 bonum
2071 2133 2107 2172 a
2139 2117 2297 2173 malo
2337 2117 2717 2173 discernendi
2767 2119 2900 2190 (nisi
2932 2120 3091 2174 enim
3130 2121 3259 2175 haec
3306 2121 3470 2192 apud

1813 2221 1874 2259 se
1923 2206 2220 2262 statuisset
2263 2211 2319 2262 et
2363 2206 2706 2275 stabilisset,
2759 2223 2880 2262 non
2927 2223 3071 2264 sane
3123 2208 3468 2279 opinionem

1811 2295 2178 2368 concepisset
2225 2312 2284 2350 se
2335 2295 2414 2351 ad
2485 2295 2852 2366 majestatem
2909 2297 3116 2368 primm
3162 2295 3467 2366 dignitatis

1810 2383 2092 2452 erigendi,
2172 2384 2266 2440 cui
2327 2383 2639 2454 judicandi
2701 2390 2757 2440 et
2803 2384 3182 2440 discernendi
3237 2385 3466 2441 bonum

1809 2487 1845 2526 ιι
1885 2472 2040 2527 malo
2089 2472 2238 2527 inest
2289 2471 2574 2528 naturalis
2623 2479 2678 2529 et
2731 2473 3346 2546 incomprehensibilis
3387 2476 3462 2530 ab

1809 2565 2028 2616 aeterno
2055 2561 2348 2632 sapientia
2373 2579 2387 2630 ;
2419 2575 2613 2634 neque
2639 2579 2820 2617 ausus
2848 2565 3002 2618 esset
3035 2563 3340 2634 propriam
3377 2581 3469 2620 sa-

1807 2648 2090 2720 pientiam
2123 2651 2425 2721 sapientiae
2451 2650 2588 2706 huic
2610 2657 2988 2722 anteponere,
3027 2669 3155 2724 quae
3183 2652 3467 2708 omnibus

1806 2737 2150 2794 dominatur
2165 2745 2221 2794 et
2244 2755 2452 2795 omnes
2471 2739 2728 2796 scientiae
2751 2747 2807 2796 et
2832 2741 3209 2797 discretionis
3239 2741 3463 2811 gratias

1805 2827 2074 2896 effundit,
2106 2843 2299 2900 neque
2329 2828 2600 2884 divinum
2633 2829 2983 2884 mandatum
3017 2829 3183 2885 nihili
3214 2829 3460 2894 faciens,

1805 2921 2079 2970 cunctam
2101 2915 2316 2985 agendi
2340 2915 2630 2972 rationem
2645 2919 2902 2988 propriae
2915 2917 3202 2973 voluntati
3218 2918 3466 2974 commi-

141 3023 234 3064 τερος
259 3024 270 3036 ·
302 3005 408 3060 οὐδ’
451 3009 512 3060 ἆν
542 3013 634 3066 την
683 3009 820 3060 θείαν
869 3007 1072 3066 ἐντολὴν
1102 3010 1224 3081 παρ’
1274 3005 1424 3060 οὐδὲν
1466 3009 1688 3079 θέμενος,

1846 3007 1996 3074 isset)
2028 3021 2041 3070 ;
2072 3011 2386 3076 postquam
2427 3005 2621 3076 igitur,
2653 3005 2846 3077 inquit
2879 3005 3054 3068 Deus,
3085 3005 3370 3076 operibus
3399 3021 3460 3060 se

137 3091 228 3148 ὅὶῖεν
263 3095 408 3147 αὑτοῦ
435 3106 496 3169 τῇ
529 3103 714 3170 γνώμῃ
747 3105 848 3150 τῶν
888 3101 1152 3171 πρακτέων
1202 3093 1469 3154 διοίκησιν
1501 3096 1694 3168 ἐνεχεί-

131 3185 262 3250 ρισεν)
292 3205 302 3214 ·
333 3185 436 3238 ἐπεὶ
475 3183 588 3252 οὖν,
633 3192 793 3259 φησιν
844 3187 868 3237 ό
910 3189 1056 3249 Θεὸς,
1092 3193 1200 3247 τοῖς
1241 3188 1406 3260 ἔργοις
1454 3191 1690 3258 παρέσχε

133 3275 198 3319 τὸν
255 3273 470 3344 ὒεγχον,
533 3276 706 3346 ἑαυτῷ
769 3277 1190 3334 καταπιστεύσας
1255 3282 1348 3326 τοὺ
1406 3273 1528 3346 βίον
1594 3281 1688 3334 τὴν

133 3363 328 3429 πρόνοιαν
397 3369 484 3416 καὶ
570 3363 746 3416 οὐκέτι
825 3371 928 3424 τοῖς
1011 3365 1275 3437 ἡμετέροις
1375 3365 1688 3418 ύποκύπτειν

131 3445 250 3500 ﬁala:
297 3457 712 3524 προστάγμασιν,
775 3450 904 3504 ἀλλὰ
953 3455 1007 3504 τό
1053 3472 1114 3522 γε
1171 3451 1320 3504 δοθὲν
1377 3452 1516 3524 αύτῳ
1565 3452 1687 3504 αύτ-

131 3535 316 3596 εξούσιον
351 3545 472 3616 πρὸς
526 3547 622 3600 τὴν
653 3549 742 3594 τού
784 3538 1078 3603 δεδωκότος
1123 3540 1272 3614 ὕϐριν
1319 3539 1684 3612 ἀπεχρήσατο,

127 3635 192 3675 καί
217 3627 428 3700 ἐνόμισεν
470 3631 652 3684 ἑαυτὸν
683 3633 812 3683 εἶναι
857 3633 926 3691 ὡς
971 3631 1058 3682 ἕνα
1105 3629 1157 3692 ἐξ
1199 3631 1364 3701 ἡμῶν,
1407 3631 1684 3701 νομοθέτην

127 3717 522 3792 ημοθετούμενον,
601 3725 894 3794 προνοητὴν
969 3718 1028 3772 ού
1103 3724 1346 3791 προνοίας
1422 3715 1680 3791 δεόμενον,

129 3798 343 3864 δεσπότην
429 3809 490 3860 οὗ
573 3805 979 3880 δεσποζόμενον,
1047 3811 1254 3880 ἄμεινόν
1321 3806 1456 3860 ἐστιν
1528 3808 1682 3860 αὐτόν

127 3888 388 3954 ὲιεὶηθῆναι
435 3905 528 3950 τοῦ
569 3895 919 3970 παραδείσου,
953 3894 988 3950 δ
995 3901 1046 3949 ιά
1084 3893 1181 3949 δύο
1228 3897 1459 3968 μάλιστα
1497 3905 1677 3950 ταῦτα·

129 3979 160 4030 ει
183 3987 256 4052 μὲν
299 3989 374 4038 ἱνα
417 3993 490 4059 μὴ
539 3995 740 4062 τρυφῆς
794 3987 865 4048 εἰς
905 3988 1118 4062 νὶκαιρόν
1147 4005 1202 4039 τε
1244 3990 1332 4038 καὶ
1372 3983 1680 4058 ἀπαιδαγώ-

125 4089 249 4136 γητον
307 4073 594 4128 ἀπόλαυσιν
669 4078 954 4142 καταστὰς,
1020 4079 1230 4150 χείροσι
1311 4077 1676 4150 καταλισθήσῃ

127 4171 486 4236 παραπτώμασι,
529 4171 624 4217 καὶ
677 4161 936 4236 δεύτερον,
984 4167 1066 4216 ἱνα
1113 4171 1222 4225 τοῖς
1269 4172 1358 4225 τῆς
1407 4167 1680 4240 ὑπερορίας

1801 3110 1969 3149 reum
2013 3093 2337 3160 constituit,
2389 3093 2502 3149 sibi
2545 3093 2660 3164 ipsi
2701 3093 2914 3158 fidens,
2969 3093 3028 3148 in
3069 3093 3217 3158 vitas,
3267 3096 3461 3165 provi-

1800 3182 2020 3248 dentia,
2069 3189 2126 3238 et
2166 3182 2351 3238 noluit
2383 3182 2530 3238 meis
2563 3181 2807 3238 obedire
2853 3182 3176 3248 mandatis,
3228 3187 3284 3238 et
3314 3187 3453 3239 dato

1801 3271 1912 3326 sibi
1945 3271 2130 3327 libero
2171 3271 2439 3336 arbitrio,
2473 3271 2548 3327 ad
2579 3271 2858 3342 injuriam
2889 3271 3045 3327 illius
3093 3272 3196 3344 qui
3227 3271 3375 3328 illud
3407 3275 3458 3328 ei

1799 3360 1978 3426 dedit,
2011 3361 2236 3415 abusus
2259 3365 2364 3422 est,
2389 3365 2446 3415 et
2471 3360 2718 3417 credidit
2741 3377 2800 3414 se
2821 3361 3015 3432 ipsum
3041 3377 3169 3416 esse
3195 3365 3257 3417 ut
3278 3377 3454 3416 unum

1797 3467 1866 3505 ex
1887 3450 2076 3516 nobis,
2097 3448 2497 3522 legislatorem
2519 3455 2572 3504 et
2593 3465 2708 3504 non
2737 3449 2882 3520 legis
2907 3450 3457 3522 subjectum,provi-

1797 3539 2036 3594 dentem
2090 3545 2304 3594 etnon
2365 3538 2744 3611 providentia
2783 3545 3077 3610 egentem.
3139 3540 3454 3596 dominum

1795 3632 1852 3684 et
1890 3644 2010 3684 non
2065 3627 2175 3682 sub
2214 3627 2482 3684 dominio
2504 3627 2912 3694 constitutum,
2939 3628 3150 3684 melius
3190 3633 3276 3684 est
3314 3643 3453 3684 eum

1794 3732 1830 3774 a
1865 3716 2144 3789 paradiso
2181 3716 2414 3788 expelli,
2460 3722 2701 3789 propter
2752 3718 2874 3772 duo
2905 3717 3035 3773 haec
3081 3717 3402 3790 praesertim
3435 3733 3448 3772 :

1793 3807 1986 3880 primo
2003 3805 2248 3878 quidem
2269 3821 2363 3872 ne,
2395 3806 2456 3862 in
2481 3805 2716 3862 funesta
2747 3812 2800 3862 et
2832 3805 3072 3862 indocili
3113 3806 3452 3863 deliciarum

1791 3896 2065 3952 fruitione
2109 3901 2294 3960 stans,
2345 3895 2722 3966 gravioribus
2774 3895 3040 3952 offendat
3069 3896 3350 3965 casibus;
3395 3901 3453 3952 et

1791 3986 2078 4052 secundo,
2122 3990 2183 4041 ut
2211 3985 2420 4040 exsilio
2459 3983 2732 4055 afﬂictus,
2776 4001 2846 4040 ex
2883 3985 3032 4058 ipsis
3080 3985 3358 4056 operibus
3395 3992 3450 4042 et

1789 4075 2066 4131 dolorum
2120 4073 2524 4145 experimento
2570 4074 2762 4130 discat
2811 4079 2867 4129 et
2912 4073 3164 4146 propriae
3221 4073 3447 4129 virtutis

1790 4179 2158 4230 mensuram,
2211 4167 2264 4218 et
2311 4167 2600 4234 quantum
2649 4163 2762 4235 ipsi
2815 4163 3118 4218 commodi
3177 4163 3446 4217 conferat

127 4248 288 4312 κολποις
337 4254 892 4328 ἑνταὶαιπωρούμενος,
944 4251 1033 4306 ἀπ’
1073 4253 1240 4304 αὐτῶν
1277 4259 1462 4327 πείρας
1511 4257 1680 4326 μάθοι

1846 4258 2006 4309 astra:
2037 4251 2426 4324 providentiae
2475 4252 2696 4324 proprii
2745 4251 2988 4307 instituti
3028 4255 3082 4306 et
3124 4249 3444 4306 voluntatis

125 4343 196 4397 τὶς
241 4359 286 4392 τε
331 4341 518 4403 οἰκείας
571 4346 632 4394 τὸ
689 4347 874 4414 μέτρον
947 4340 1236 4414 δυνάμεως,
1290 4347 1378 4394 καί
1433 4345 1499 4404 ὡς
1551 4343 1680 4396 πολὺ

127 4425 234 4476 αὖτὼ
283 4429 693 4505 ὶυσιτελὲστερον
748 4427 828 4496 ἦν,
911 4439 1007 4492 τῆς
1074 4432 1218 4503 ἡμῶν
1275 4437 1527 4506 προνοίας
1605 4432 1680 4496 ἐξ-

1791 4347 1989 4399 motus
2005 4343 2308 4412 adaptare,
2333 4344 2388 4396 et
2402 4356 2587 4412 quam
2606 4355 2642 4396 a
2658 4355 2719 4395 se
2737 4341 2871 4411 ipso
2891 4339 3118 4395 bonum
3137 4343 3192 4394 et
3213 4337 3442 4394 malum

1790 4433 2128 4489 discernere
2155 4431 2346 4501 impar
2377 4428 2472 4485 sit.

125 4531 263 4566 πέττειν
289 4523 346 4570 τα
379 4527 468 4582 τῆς
505 4517 748 4582 διανοίας
787 4524 876 4572 καὶ
913 4527 1008 4581 τῆς
1045 4519 1308 4581 πολιτείας
1337 4525 1622 4593 κινήματα,
1654 4526 1774 4578 ὅσον
1826 4542 1880 4575 τε
1918 4521 2235 4577 καθέστηκεν
2267 4514 2445 4578 ἐνδεὴς
2488 4523 2578 4569 τοῦ
2621 4521 2894 4587 γινώσκειν
2939 4513 3024 4587 ἀφ’
3055 4515 3240 4568 ἑαυτοῦ
3281 4535 3335 4569 τε
3383 4519 3441 4569 τὸ

125 4602 242 4654 καλὸν
260 4615 340 4658 καὶ
366 4613 422 4660 τὸ
451 4613 703 4681 πονηρόν.

173 4697 346 4760 Ταύτης
385 4694 442 4752 δὲ
483 4707 580 4760 τῆς
613 4694 849 4760 διανοίας
881 4695 1028 4771 οἶμαι
1056 4703 1146 4750 καὶ
1193 4701 1476 4770 Σύμμαχον
1523 4701 1674 4772 ἐγγύς

123 4788 318 4848 γιγονότα
375 4793 468 4844 τὴν
547 4791 806 4860 περιοχὴν
879 4796 972 4838 τού
1046 4789 1210 4861 ῥητοῦ
1281 4785 1662 4842 ἐκδεδωκέναι’

125 4889 142 4908 ι·
167 4867 282 4923 Ἰδού
316 4873 484 4949 Ἀδὰμ
511 4895 718 4948 γέγονεν
763 4878 832 4936 ὡς
873 4877 941 4937 εἷς
983 4875 1037 4938 ἐξ
1073 4878 1238 4949 ἡμῶν,
1272 4884 1363 4928 τοῦ
1401 4883 1671 4947 γινώσκειν

125 4953 186 5025 ἐᾷ’
230 4960 393 5015 ἑαυτοῦ
437 4965 596 5017 καλὸν
653 4968 744 5016 καὶ
797 4969 1092 5036 πονηρόν.»
1154 4967 1216 5018 Αἰ
1274 4961 1333 5018 δὲ
1386 4967 1674 5038 ἔμπροσθεν

125 5057 338 5120 εἰρημέναι
363 5061 452 5105 τοῦ
487 5055 655 5128 ῥητοῦ
689 5050 962 5124 διηγήσεις
1003 5050 1286 5106 ἐδίδασκον
1327 5053 1386 5105 ἂν
1423 5057 1561 5128 ἡμᾶς
1599 5061 1668 5128 μὴ

125 5143 218 5204 τρες
253 5143 402 5214 ἕτερον
439 5163 492 5196 τι
543 5143 756 5216 βλέπειν
797 5146 840 5195 εἰ
880 5163 940 5213 γε
983 5145 1198 5204 σύνηθες
1245 5145 1368 5215 ἡμῖν
1401 5143 1513 5204 ἐνῆν
1549 5147 1672 5219 όρᾲν

125 5231 204 5284 τθῖς
248 5229 382 5298 ἱεροῖς
431 5233 580 5303 ἡμῶν
623 5231 824 5300 λογίοις
877 5230 924 5283 ἐν
975 5241 1048 5303 τῴ
1117 5229 1426 5304 διασύροντί
1477 5252 1531 5285 τε
1583 5239 1669 5286 καὶ

125 5311 318 5388 aias-aue;
361 5325 448 5372 καὶ
485 5317 524 5373 δ
529 5319 802 5392 ιαγελῶντι
850 5325 1022 5396 τρόπῷ
1070 5324 1136 5374 τὰ
1193 5320 1518 5393 ἀντικείμενα
1567 5329 1671 5382 τοῖς

178 5483 214 5516 ¹⁹
238 5485 364 5542 Gen.
393 5504 472 5552 ιιι,
501 5491 600 5546 22.

1846 4699 2000 4758 Huic
2020 4697 2222 4752 sensui
2245 4696 2490 4766 propius
2507 4694 2828 4750 accessisse
2851 4694 3252 4766 Symmachum
3268 4701 3412 4766 puto

1783 4789 2028 4859 etliujus
2049 4785 2620 4855 dictiargumentum
2645 4783 2978 4855 prodidisse
3009 4785 3220 4839 :«Ecce
3248 4784 3436 4840 Adam

1783 4879 1975 4934 factus
2015 4882 2101 4930 est
2131 4873 2302 4945 quasi
2345 4889 2501 4927 unus
2541 4889 2608 4926 ex
2657 4871 2853 4940 nobis,
2901 4872 3095 4928 sciens
3127 4873 3355 4930 bonum
3385 4879 3441 4930 et

1786 4966 2010 5022 malum
2043 4966 2108 5018 ιθ.
2145 4985 2172 5012 ››
2204 4962 2345 5029 Quae
2371 4969 2568 5017 autem
2605 4962 2767 5033 prius
2814 4961 2968 5016 datm
2995 4969 3132 5016 sunt
3157 4963 3438 5033 explana-

1783 5055 1992 5118 tiones,
2025 5069 2132 5107 nos
2156 5067 2274 5106 non
2298 5051 2454 5105 aliud
2478 5065 2612 5104 esse
2637 5049 3116 5122 prospiciendum
3139 5051 3433 5116 docerent,

1784 5143 1832 5198 si
1879 5143 2059 5197 modo
2093 5140 2416 5196 soleremus
2448 5139 2506 5194 in
2545 5140 2766 5196 nostris
2807 5140 2993 5196 sacris
3023 5139 3282 5196 oraculis
3323 5140 3435 5196 sub

1781 5231 2064 5288 irrisionis
2097 5235 2152 5286 et
2189 5229 2392 5286 ironiae
2423 5235 2479 5284 et
2509 5228 2800 5302 diasyrmi
2833 5229 3026 5285 forma
3058 5228 3334 5301 opposita
3363 5229 3432 5283 iis

1780 5337 1912 5394 quae
1959 5319 2408 5392 praetenduntur
2447 5318 2784 5390 significata
2823 5323 2878 5374 et
2915 5317 3171 5388 figurata
3209 5317 3427 5382 videre,
