3950 6180
492 180 587 234 m

1712 171 1949 226 l’llOTll
1992 170 2374 227 PATRIARCI
2387 171 2475 224 ΙίΕ
2515 167 2620 224 CP.

3729 185 3820 236 172

492 310 634 359 et....
678 317 783 373 per
820 301 1042 354 litteras
1087 297 1255 354 valet.
1307 297 1462 352 Nihil
1507 298 1663 352 enim
1717 296 1966 369 impedit
2014 313 2137 352 om-

2259 299 2673 370 προτεινομένοις
2750 290 3188 367 παραδηλούμενά
3257 318 3308 350 τε
3365 304 3449 350 καὶ
3503 302 3820 373 αἰνίγματιζῄ-

492 394 634 448 nino
680 390 816 460 quin
859 405 966 460 pro
1012 387 1312 458 paucitate
1359 392 1415 442 et
1463 386 1777 442 insolentia
1824 387 2143 442 verborum

492 480 670 536 errari
700 478 905 550 possit.
942 475 1054 533 Sed
1085 476 1390 548 quomodo
1422 492 1540 531 non
1574 476 1827 531 solveret
1859 477 2145 531 irrisionis

493 573 546 625 et
567 568 768 623 ironise
787 574 840 621 et
861 564 1256 622 cavillationis
1285 565 1404 621 vim
1434 565 1510 620 ad
1538 565 1834 636 parabolae
1861 569 1916 621 et
1942 564 2145 619 simili-

494 657 710 714 tudinis
745 655 991 711 modum
1022 653 1177 710 facta
1205 653 1385 710 dictio
1409 654 1437 708 ‘?
1471 654 1688 710 Contra
1718 654 1874 709 enim
1914 655 1964 709 si
2007 669 2145 710 con-

493 746 861 819 sequentiam
891 743 1152 799 habeant
1171 759 1305 815 quas
1327 743 1486 798 dicta
1509 751 1666 809 sunt,
1696 759 1874 799 omne
1899 759 2143 799 necesse

491 840 617 891 erat
644 833 893 889 verbum
923 833 1250 899 observari,
1289 831 1454 904 quod
1482 831 1838 904 injuriarum
1867 832 2144 888 severita-

492 930 612 981 tem
635 927 690 979 et
710 922 1092 978 acerbitatem
1114 920 1374 977 mulcere
1397 925 1623 993 posset.
1657 921 1738 977 Ea
1776 927 1975 977 autem
2001 937 2138 978 vox:

493 1021 559 1069 ut
582 1029 733 1068 unus
755 1027 828 1068 ex
844 1012 1012 1067 nobis
1028 1010 1149 1066 vim
1176 1009 1377 1066 ironiaa
1399 1009 1741 1082 proscindit,
1767 1014 1822 1066 et
1840 1011 2141 1083 opprobrii

494 1102 714 1158 mulcet
742 1100 1150 1157 acerbitatem.
1176 1102 1302 1156 Non
1326 1098 1485 1155 idem
1515 1104 1600 1154 est
1631 1099 1826 1155 dicere
1858 1101 1916 1155 in
1943 1100 2144 1171 objur-

495 1192 814 1261 gationem,
843 1190 1098 1245 multum
1120 1204 1264 1244 sane
1293 1189 1457 1245 abest
1484 1205 1495 1242 :
1521 1209 1546 1239 ‹‹
1575 1191 1718 1244 Ecce
1741 1188 1929 1244 Adam
1957 1189 2143 1244 factus

494 1283 584 1337 est
619 1295 775 1335 unus
805 1296 875 1335 ex
908 1278 1118 1343 nobis;
1150 1301 1169 1328 ι
1215 1283 1270 1334 et
1301 1283 1586 1350 tanquam
1621 1295 1773 1333 unus
1801 1294 1870 1334 ex
1902 1278 2140 1334 nobis.»

495 1373 690 1427 Unum
730 1369 970 1440 quidem
1002 1367 1333 1439 simplicem
1371 1373 1426 1423 et
1461 1367 1723 1422 vividam
1766 1374 1822 1422 et
1862 1367 2142 1423 letlialem

493 1457 720 1514 inducit
756 1457 1092 1512 irrisionem
1125 1473 1138 1523 ;
1173 1455 1425 1512 alterum
1465 1471 1604 1511 vero
1641 1471 1747 1528 per
1787 1456 2143 1527 parabolam

493 1546 1015 1603 etsimilitudinem
1040 1550 1329 1617 temperat
1349 1551 1404 1600 et
1427 1544 1725 1600 imminuit
1750 1545 2146 1616 exprobratio-

2258 405 2386 458 μενοι
2445 389 2626 439 καὶ...
2683 402 2735 434 ον
2792 379 2886 434 διὰ
2922 386 3226 457 γράμματος
3293 388 3485 458 ἰσχύει.
3537 387 3685 443 Οὐδὲν
3734 397 3822 468 γὰρ

2259 474 2307 527 ἐν
2352 474 2531 526 πλάτει
2590 471 2776 524 κωλύει
2825 472 2987 544 λόγων
3019 480 3394 547 παρεμπίπτειν
3449 481 3574 530 κατά
3616 485 3667 531 τό
3711 485 3826 534 67w:-

2257 583 2361 614 νιον
2395 568 2482 614 καὶ
2524 564 2581 613 τό
2621 563 2798 620 ἄηθες.
2841 561 2994 614 Ἀλλά
3032 572 3141 622 πῶς
3199 564 3291 615 ούκ
3349 564 3563 618 ἐκλύσεις
3607 577 3688 620 τού
3724 567 3824 622 δια-

2261 655 2435 724 σύρειν
2490 656 2580 703 καὶ
2629 650 2988 725 εἰρωνεύεσθαι
3043 657 3134 704 καὶ
3198 651 3428 725 ἐπιγελᾷ-ν
3492 659 3571 708 τὸν
3627 663 3752 712 τόνον
3796 663 3819 717 ἡ

2258 743 2394 792 κατά
2469 738 2770 812 παραϐολὴν
2853 744 3164 812 γεγενημένη
3237 747 3325 794 καὶ
3390 745 3620 816 ὁμοίωσιν
3677 747 3822 819 λέξις;

2259 829 2566 882 Τούναντίον
2617 831 2717 903 γὰρ
2772 830 2908 901 εἰπερ
2965 827 3116 900 εἶχεν
3163 829 3464 885 ἀκολουθίαν
3501 838 3562 886 τὰ
3597 835 3823 910 εἰρημένα,

2261 918 2398 970 άπαν
2442 915 2548 971 ἔδει
2601 915 3102 992 παραφυλάττεσθαι
3156 918 3301 994 ῥῆμα
3356 925 3410 973 τὸ
3466 921 3705 996 ἀπότομον
3751 925 3825 978 καὶ

2260 1010 2446 1080 πικρὸν
2495 1002 2814 1078 διαπραῡνον
2851 1013 2948 1058 τῶν
2989 1004 3302 1080 ὀνειδισμῶν
3333 1027 3344 1039 ’
3373 1011 3402 1068 ἠ
3452 1007 3526 1076 δε,
3579 1014 3642 1072 ὡς
3684 1014 3743 1074 εἷς
3783 1013 3826 1078 ἐξ

2261 1097 2424 1167 ἡμῶν,
2467 1098 2523 1148 τό
2586 1091 2750 1169 δριμύ
2804 1102 2896 1155 τῆς
2948 1095 3201 1169 εἰρωνείας
3254 1099 3582 1170 ὑποτέμνεται
3627 1106 3706 1154 καὶ
3747 1109 3824 1161 τὴν

2260 1187 2576 1258 τραχύτητα
2627 1183 2946 1236 καταλεαίνει
2993 1192 3082 1238 τοῦ
3135 1186 3587 1261 προπηλακισμοῦ,
3628 1189 3695 1242 Ού
3739 1195 3823 1265 γὰρ

2259 1271 2373 1326 ἶσον
2425 1273 2582 1326 εἰπεῖν
2637 1273 2709 1335 εἱς
2759 1271 3049 1344 ἐπίπληξιν,
3083 1271 3206 1328 ούδε
3253 1276 3443 1329 πολλού
3501 1274 3596 1342 δεῖ,
3648 1304 3671 1330 (ι
3703 1277 3823 1333 Ἰδού

2259 1366 2465 1434 γέγονεν
2529 1359 2704 1434 Ἀδὰμ
2782 1364 2852 1422 εἷς
2909 1361 2962 1425 ἐξ
3040 1365 3202 1435 ἡμῶν,
3239 1386 3266 1415 ››
3329 1371 3437 1430 καὶ,
3501 1369 3620 1429 ηὼς
3669 1369 3730 1430 εἷς
3781 1369 3823 1432 ἐξ

2260 1453 2405 1524 ἡμῶν
2438 1469 2447 1480 ·
2485 1472 2511 1502 ››
2542 1455 2597 1504 τό
2637 1455 2725 1523 μεν
2765 1453 2989 1526 ἄκρατον
3018 1456 3106 1504 καὶ
3155 1451 3383 1526 σφοδρόν
3414 1455 3583 1527 ἐπάγει
3619 1462 3698 1510 καὶ
3732 1464 3823 1510 καί.

2880 1545 2892 1568 ι

2258 1561 2370 1614 ριον
2416 1543 2500 1592 τόν
2544 1540 2845 1613 χλευασμὸν
2880 1545 2892 1568 ⁴
2934 1545 2992 1592 τὸ
3048 1538 3108 1594 δε
3156 1539 3248 1594 διὰ
3295 1553 3388 1606 τῆς
3435 1544 3714 1618 παραϐολῆς
3751 1553 3821 1598 καὶ

493 1653 628 1692 nem
661 1641 717 1691 et
743 1636 1034 1690 rationem
1063 1633 1392 1706 quamdam
1417 1633 1689 1704 subjiciet
1711 1634 1944 1689 irridere
1972 1634 2137 1690 simul

2261 1631 2551 1702 ὁμοιώσεως
2625 1635 2941 1703 κεκραμένην
3001 1651 3107 1691 πως
3165 1636 3256 1684 καὶ
3321 1634 3688 1705 μετριάζουσαν
3747 1640 3822 1693 τὴν

493 1730 550 1780 et
580 1725 912 1780 irrisionem
935 1723 1260 1787 auferendi,
1289 1739 1423 1778 cum
1453 1723 1529 1778 ab
1560 1722 1727 1780 initio
1752 1723 1951 1779 liceret
1981 1723 2148 1779 nullo

494 1813 675 1870 modo
699 1813 988 1868 irrisionis
1011 1812 1267 1868 formam
1300 1812 1520 1871 subire.

562 1992 651 2049 Ad
684 1992 813 2048 haec
866 1994 921 2047 et
959 1991 1105 2046 illud
1151 1991 1580 2048 animadverte.
1633 1993 1690 2048 Si
1729 1991 2049 2056 irridentis,
2094 1991 2143 2046 si

491 2082 826 2138 irrisionem
857 2081 1240 2153 exprimentis
1269 2087 1421 2137 esset
1452 2097 1651 2138 sermo
1681 2081 1915 2137 dicens:
1949 2102 1970 2131 α
2000 2084 2143 2136 Ecce

491 2173 678 2227 Adam
708 2170 900 2227 factus
935 2175 1022 2227 est
1050 2171 1223 2243 quasi
1254 2187 1410 2226 unus
1440 2187 1504 2227 ex
1528 2171 1703 2227 nobis
1736 2190 1794 2240 ;»
1821 2187 2000 2244 quam
2033 2171 2142 2226 ha-

489 2262 627 2318 beat
655 2277 792 2316 cum
824 2276 894 2317 eo
925 2261 1357 2316 connexionem
1391 2265 1446 2317 et
1470 2261 1956 2333 consequentiam
1983 2260 2141 2332 quod

490 2352 774 2423 sequitur,
801 2366 922 2406 non
963 2354 1156 2422 potest
1189 2349 1580 2422 deprehendi.
1621 2349 1863 2404 Perinde
1888 2354 1975 2404 est
2004 2365 2072 2404 ac
2095 2350 2141 2404 si

489 2439 739 2494 diceret:
770 2442 1090 2509 Postquam
1121 2437 1384 2492 Adamus
1413 2455 1446 2493 a
1477 2454 1579 2510 spe
1607 2437 1840 2506 decidit,
1866 2454 1986 2510 qua
2014 2453 2142 2492 erc-

491 2530 620 2580 ctus
652 2526 971 2597 supercilia
1015 2526 1338 2597 attollebat,
1374 2528 1452 2581 ab
1483 2527 1718 2598 incepto
1750 2526 2139 2581 irrationabili

489 2614 582 2669 vel
598 2614 818 2669 invitus
838 2614 1104 2670 subsedit
1131 2634 1142 2683 ;
1167 2620 1488 2688 postquam
1507 2615 1800 2687 superbiae
1815 2615 1893 2670 hu
1905 2615 2140 2671 miliatio

491 2703 772 2759 successit
799 2721 811 2769 ;
847 2708 1171 2775 postquam
1203 2704 1486 2759 nuditatis
1510 2705 1705 2776 pudor
1725 2720 1862 2759 cum
1890 2705 2140 2760 circum-

488 2794 679 2862 venit;
713 2793 925 2849 deinde
965 2795 1115 2866 quod
1160 2794 1455 2867 sequitur:
1494 2799 1856 2867 quapropter
1893 2795 2142 2851 decebat

489 2900 626 2940 eum
657 2883 783 2956 ejici
815 2900 849 2939 a
880 2883 1178 2956 paradiso,
1227 2900 1301 2940 ne
1330 2883 1496 2956 quod
1526 2884 1791 2940 audaciae
1822 2884 1906 2941 illi
1939 2901 2142 2956 super-

2259 1719 2561 1790 έπιτίμησιν
2608 1726 2764 1784 ποιεῖ,
2798 1725 2887 1771 καί
2937 1739 3052 1772 τινα
3090 1719 3240 1792 λόγον
3282 1723 3450 1793 ὑφέξει
3490 1723 3742 1794 χλευάζειν
3778 1743 3820 1776 τε

2257 1809 2367 1879 οἶμα
2396 1814 2486 1859 καὶ
2530 1812 2619 1866 τὴν
2649 1807 2844 1880 χλεύην
2886 1810 3241 1884 ὑφαιρεῖσθαι,
3285 1809 3394 1873 ἐξόν
3450 1810 3532 1864 ἀπ’
3572 1811 3729 1885 ἀρχῆς
3753 1817 3819 1865 τόν

2257 1902 2447 1971 τρόπον
2477 1893 2724 1969 μηδόλως
2761 1897 2994 1950 ὑπελθεῖν
3024 1906 3114 1959 τῆς
3143 1899 3368 1970 χλεύης,

2327 1987 2443 2039 Ἐπί
2475 1983 2535 2038 δε
2558 1988 2763 2048 τούτοις
2797 1986 3000 2039 κάκεῖνο
3033 1987 3348 2059 συλλογίζου
3376 2007 3388 2020 ’
3423 1990 3465 2042 εἰ
3503 1986 3818 2062 διασύροντος,

2255 2076 2295 2127 εἱ
2352 2072 2713 2146 διαγελῶντος,
2747 2076 2790 2128 εὶ
2826 2075 3084 2150 εἰρωνείας
3127 2077 3557 2151 προϐάλλοντοςό
3601 2080 3733 2151 λόγος
3774 2078 3822 2137 ἦν

2254 2167 2279 2217 ό
2337 2165 2517 2236 λέγων,
2561 2185 2585 2216 ε
2629 2161 2770 2218 Ἰδού
2804 2161 2979 2238 Ἀδὰμ
3031 2170 3236 2237 γέγονεν
3295 2171 3363 2228 ὡς
3412 2170 3478 2229 εἷς
3530 2169 3579 2232 ἐξ
3630 2171 3817 2243 vitam,»

2251 2258 2366 2306 τίνα
2395 2256 2525 2328 πρὸς
2574 2253 2736 2312 αύτὴν
2780 2255 3057 2326 συνάφειαν
3097 2257 3126 2314 ἦ
3172 2254 3486 2310 ἀκολουθίαν
3518 2259 3613 2320 ἔξει
3647 2262 3698 2310 τό
3724 2258 3822 2310 ἐπα-

2251 2347 2484 2414 γόμενον,
2537 2343 2630 2395 ούκ
2682 2342 2741 2394 ἂν
2798 2342 3017 2416 ἐθελήσῃ
3068 2353 3262 2415 γνῶσιν
3315 2355 3641 2420 παρασχεῖν·
3675 2349 3821 2418 ὅμοιον

2249 2434 2352 2504 γὰρ
2406 2435 2529 2483 ὡσεὶ
2610 2431 2792 2503 ἔλεγεν.
2848 2429 3057 2491 Ἐπειδὴ
3113 2443 3214 2487 τῶν
3279 2432 3505 2488 ἐλπίδων
3559 2442 3820 2488 καταπεσὼν

2251 2521 2276 2571 6
2331 2517 2522 2592 Ἀδὰμ,
2579 2522 2660 2582 αἶς
2719 2521 3001 2593 ὀχούμενος
3053 2525 3144 2584 τάς
3199 2523 3364 2598 ὀφρῦς
3425 2524 3632 2589 ἀνέσπα,
3681 2526 3817 2597 ὁρμῆς

2250 2611 2338 2680 μὲν
2387 2613 2476 2661 καὶ
2506 2611 2645 2661 άκων
2675 2620 2770 2671 τῆς
2815 2609 3003 2682 ἀλόγου
3052 2614 3323 2685 καθυφῆκε
3353 2631 3365 2644 '
3400 2617 3458 2666 τὸ
3487 2618 3735 2687 γαυρίαμα
3773 2610 3820 2665 δὲ

2250 2704 2506 2770 κατήφεια
2578 2694 2845 2761 διεδέξατο
2880 2716 2893 2729 ⁸
2935 2705 3025 2753 καὶ
3098 2701 3334 2772 αἰσχύνη
3399 2712 3487 2763 τῆς
3553 2708 3820 2775 γυμνὼσεως

2251 2787 2404 2838 αύτόν
2449 2791 2825 2861 περιετείχισεν
2853 2805 2864 2817 ·
2899 2786 3012 2840 εἶτα
3047 2793 3102 2841 τό
3157 2791 3475 2864 ἐπαγόμενον
3509 2809 3520 2822 ·
3563 2788 3649 2845 διὰ
3694 2798 3817 2843 τούτο

2251 2883 2511 2946 προσῆκεν
2570 2877 2725 2929 αύτόν
2777 2877 3090 2936 ἐκϐληθῆναι
3142 2887 3234 2930 τοῦ
3279 2878 3621 2955 παραδείσου,
3659 2883 3728 2931 ἱνα
3759 2885 3814 2950 μὴ

489 2978 611 3029 erat
655 2977 712 3028 et
757 2972 1072 3028 voluntatis
1130 2973 1412 3045 superbia
1459 2974 1839 3029 audaciorem
1897 2992 2135 3030 manum

2253 2967 2308 3016 1'6
2361 2968 2689 3036 περιγεγονὸς
2739 2966 2879 3036 αύτῷ
2935 2969 3130 3040 θράσος
3180 2973 3270 3021 καὶ
3320 2974 3380 3022 1'6
3433 2971 3697 3043 ὑπέρογκον
3745 2975 3816 3020 τοῦ

486 3062 793 3118 reddentia
810 3062 883 3118 ad
908 3063 1173 3134 rapinam
1197 3062 1556 3135 impellerent
1573 3079 1796 3128 eorum,
1818 3079 1952 3135 quae
1978 3064 2140 3135 prius

489 3168 561 3207 ne
607 3153 892 3224 attingere
923 3153 1168 3224 quidem
1214 3159 1464 3208 conatus
1511 3157 1655 3208 erat.
1690 3155 1841 3207 Num
1870 3153 1998 3208 haec
2030 3153 2141 3208 ali-

486 3257 662 3312 quem
693 3241 1134 3312 consequentiae
1160 3241 1452 3297 rationem
1485 3241 1728 3307 habent,
1759 3247 1862 3298 aut
1894 3257 2138 3296 sensum

487 3328 564 3384 ab
613 3329 774 3384 omni
828 3329 1293 3385 contradictione
1355 3346 1569 3402 purum
1630 3331 1906 3386 servant?
1969 3330 2139 3396 Quod

487 3420 684 3471 autem
706 3422 909 3488 postea
923 3417 1120 3472 adhuc
1136 3417 1422 3490 sequitur,
1442 3417 1585 3473 nihil
1614 3418 1861 3490 amplius
1883 3420 2140 3476 ostendit

487 3520 670 3576 quam
713 3505 877 3575 quod
917 3506 1138 3562 dictum
1169 3512 1273 3561 est.
1322 3505 1461 3562 Dicit
1493 3507 1650 3562 enim
1683 3523 1695 3561 :
1730 3528 1751 3557 ‹‹
1785 3508 1848 3563 Et
1877 3523 2035 3563 nunc
2066 3525 2138 3564 ne

486 3595 636 3648 forte
667 3593 948 3648 extendat
976 3610 1222 3649 manum
1252 3600 1308 3649 et
1337 3594 1748 3666 apprehendat
1780 3597 2032 3651 fructum
2065 3598 2138 3652 de

485 3681 647 3752 ligno
703 3681 832 3736 vitae
877 3687 932 3738 et
979 3682 1256 3738 comedat
1296 3687 1351 3738 et
1379 3683 1536 3738 vivat
1568 3684 1624 3738 in
1654 3688 1939 3739 aeternum
2009 3687 2076 3738 ²⁰.
2110 3708 2133 3738 ιε

488 3770 793 3837 Quomodo
808 3787 915 3826 nou
932 3776 1110 3843 patet,
1131 3772 1177 3826 si
1195 3788 1259 3826 eo
1272 3772 1429 3844 quod
1449 3771 1516 3826 de
1537 3789 1643 3828 sua
1659 3789 1760 3846 spe
1775 3779 1830 3828 et
1844 3780 2136 3846 exspecta-

485 3861 643 3915 tione
686 3859 988 3922 deciderit,
1022 3860 1318 3926 irridetur,
1351 3864 1417 3916 ut
1459 3861 1549 3916 his
1592 3867 1899 3918 ostensum
1941 3868 2050 3928 est,
2084 3871 2138 3919 et

485 3964 727 4004 omnem
761 3964 932 4003 suam
982 3949 1103 4004 vim
1155 3949 1495 4005 inﬁrmitate
1543 3952 1877 4016 mutaverit,
1908 3959 1964 4008 et
2015 3969 2137 4008 suae

484 4037 711 4092 ﬁducize
745 4043 984 4109 propter
1019 4038 1373 4109 jactantiam
1409 4039 1651 4095 subierit
1676 4040 1994 4111 jacturam,
2028 4057 2137 4098 nec

485 4127 737 4199 propriis
770 4126 994 4181 viribus
1015 4127 1263 4198 potuerit
1287 4129 1538 4200 protegi,
1564 4134 1620 4184 et
1644 4145 1781 4184 eum
1801 4129 1892 4184 his
1915 4130 2136 4201 quibus

484 4221 659 4272 antea
686 4215 910 4288 protegi
938 4216 1218 4283 decuerit,
1247 4221 1551 4290 tamquam
1583 4218 1904 4274 voluntatis
1931 4234 2136 4290 pecca-

483 4310 598 4363 tum
631 4309 686 4361 et
723 4304 939 4360 vulnus
972 4306 1186 4360 mentis
1234 4307 1607 4376 generositati
1648 4306 1929 4363 amictum
1978 4308 2136 4363 sufﬁ-

2198 3056 2578 3125 ξιφρονόματος
2634 3056 2956 3127 θρασυτέραν
3006 3061 3098 3114 τὴν
3138 3064 3296 3131 χεῖρα
3345 3057 3724 3131 ἀπεργασάμενα
3764 3057 3817 3116 εἰς

2250 3147 2343 3199 τὴν
2398 3142 2638 3215 ἁρπαγὴν
2695 3143 2894 3196 ἐκείνων
2956 3145 3234 3218 συνελάσῃ,
3287 3147 3358 3198 ὧν
3416 3145 3528 3200 οὐδ’
3601 3148 3816 3199 ἅπτεσθαι

2250 3236 2496 3306 πρότερον
2575 3229 2826 3304 οὐδεμίαν
2899 3233 3091 3305 τόλμαν
3159 3231 3509 3290 ἐπεδείκνυτο.
3562 3237 3685 3310 ΊΓΑρικ
3735 3238 3830 3308 γὰρι

2251 3323 2359 3392 ἔχει
2417 3324 2534 3372 τινά
2593 3329 2759 3373 ταῦτα
2810 3321 2960 3393 λόγον
3022 3322 3354 3390 ἀκολουθίας,
3417 3328 3446 3386 ἡ
3508 3322 3816 3383 συνδιασώζει

2250 3411 2643 3483 καθαρεύουσαν
2690 3413 2874 3482 μάχης
2929 3408 3210 3481 διάνοιαν;
3249 3420 3351 3466 Καὶ
3382 3420 3485 3486 μὴν
3537 3412 3675 3467 οὐδὲν
3715 3413 3816 3485 μᾱλο

2249 3497 2332 3549 λον
2384 3499 2547 3571 ἕτερον
2619 3503 2678 3550 τό
2751 3498 3064 3572 ἐπαγόμενον
3121 3501 3150 3559 ἦ
3228 3505 3285 3554 τό
3336 3503 3596 3576 εἰρημένον
3650 3499 3814 3558 δηλοῖ”

2247 3586 2381 3658 λέγει
2405 3592 2528 3659 γαρ,
2572 3608 2599 3639 ι(
2635 3593 2734 3640 Καὶ
2783 3597 2890 3654 νῦν,
2937 3595 3138 3662 μήποτε
3191 3593 3384 3666 ἐκτείνῃ
3427 3598 3516 3651 τὴν
3571 3601 3712 3665 χεῖρα
3746 3594 3816 3640 καὶ

2248 3675 2377 3749 λάϐῃ
2418 3676 2519 3729 ἀπὸ
2550 3686 2640 3729 τοῦ
2673 3678 2825 3740 ξύλου
2871 3687 2961 3739 τῆς
3001 3680 3141 3742 ζωῆς
3188 3685 3277 3733 καὶ
3328 3685 3469 3755 φάγῃ
3511 3689 3594 3734 καὶ
3635 3683 3815 3742 ζήσεται

2249 3765 2314 3825 εἰς
2361 3769 2446 3817 τόν
2492 3765 2678 3821 αἰῶνα.
2721 3788 2748 3814 ι)
2805 3774 2922 3828 lle);
2969 3770 3070 3839 γὰρ
3121 3769 3214 3820 ούκ
3259 3766 3528 3836 ἐπίδηλον,
3573 3770 3611 3823 εἰ
3652 3767 3718 3841 ἐφ’
3756 3769 3817 3825 οἷς

2247 3863 2343 3916 τῆς
2421 3851 2750 3926 προσδοκίας
2822 3852 3056 3908 διέπεσεν
3135 3855 3471 3928 ἐχλευάζετο,
3524 3861 3591 3921 ὡς
3653 3861 3816 3913 τούτοις

2250 3941 2533 4007 ἐδείκνυτο,
2589 3950 2763 3996 πᾶσαν
2821 3963 2874 3996 τε
2923 3941 3146 4017 δύναμιν
3202 3946 3277 4008 εἰς
3324 3952 3386 4000 τό
3450 3948 3650 4010 ἀσθενὲς
3695 3964 3816 4018 μεταο

2248 4031 2572 4104 ϐεϐλημένος,
2627 4038 2716 4084 καὶ
2765 4042 2857 4095 τῆς
2915 4033 2988 4106 ἐφ’
3045 4037 3118 4094 οἷς
3171 4034 3506 4110 ἐσοϐαρεύετο
3561 4037 3816 4111 παιόρησιας

2247 4123 2481 4182 ὑποστὰς
2532 4121 2824 4194 ἀφαίρεσιν,
2870 4126 2956 4174 καί
3011 4124 3070 4176 ού
3125 4128 3579 4197 περιτειχίζεσθαι
3635 4129 3816 4196 συνεχόο

2245 4223 2393 4283 μενον
2445 4213 2662 4274 οἴκοθεν,
2719 4220 2986 4283 προσῆκον
3040 4209 3100 4271 ἦν
3155 4214 3222 4264 ὧν
3263 4213 3621 4288 ἀπετειχίζετο
3671 4218 3813 4288 πρότε·

2243 4319 2354 4374 ρον,
2386 4303 2452 4362 ὡς
2493 4300 2658 4362 αὐτῆς
2687 4309 2784 4363 τῆς
2813 4309 2904 4353 τοῦ
2939 4300 3267 4374 βουλήματος
3315 4301 3633 4378 διαμαρτίας
3671 4304 3813 4355 καὶτὸ

482 4399 696 4459 cerent,
744 4395 910 4451 illum
938 4412 974 4451 a
1010 4396 1277 4451 secunda
1323 4395 1578 4451 audacia
1617 4396 1916 4452 recedere?
1956 4398 2132 4454 Mani-

2253 4392 2692 4463 ηεριθραυσθῆναι
2749 4394 2806 4443 τὸ
2854 4388 3084 4461 γενναῖον
3137 4400 3228 4444 τοῦ
3287 4401 3612 4469 φρονήματος
3664 4397 3813 4446 ἱκανῶν

481 4482 700 4538 festum
733 4491 823 4539 est
867 4485 1042 4542 etiam
1075 4490 1343 4540 nostram
1396 4484 1453 4540 in
1486 4486 1615 4556 ejus
1644 4485 1878 4557 lapsum
1918 4486 2134 4542 irrisio-

482 4587 620 4626 nem
689 4578 744 4627 et
785 4574 1139 4642 juvenilium
1226 4575 1654 4645 cogitationum
1726 4575 2130 4632 inﬁrmitatem

482 4661 784 4716 evidenter
810 4665 1175 4734 proscribere
1202 4665 1229 4718 ?
1257 4665 1569 4720 Prohibere
1597 4664 1753 4719 enim
1778 4680 1852 4720 ne
1889 4666 2035 4737 quid
2060 4666 2134 4720 de

480 4748 643 4819 ligno
665 4749 798 4804 vitaz
829 4751 1263 4821 apprehendat.
1287 4798 1298 4809 .
1323 4796 1333 4808 .
1359 4797 1370 4810 .
1406 4769 1541 4808 eum
1571 4757 1625 4808 et
1656 4758 1788 4825 post
1817 4759 2136 4825 transgres-

482 4832 712 4888 sionem
736 4833 875 4888 satis
893 4834 1107 4889 virium
1131 4835 1416 4891 habursse
1445 4843 1505 4892 ut
1535 4837 1752 4892 faceret
1772 4837 1936 4908 quod
1965 4843 2139 4892 antea

481 4921 786 4994 nequibat,
821 4926 1089 4979 testatur.
1125 4926 1309 4980 Nemo
1350 4927 1506 4980 enim
1540 4926 1739 4998 aliqua
1771 4942 1829 4981 re
1875 4926 2133 4998 aliquem

479 5009 771 5067 interdicit
793 5027 915 5080 qua
939 5012 1067 5083 jam
1098 5017 1312 5069 natura
1339 5015 1609 5070 exclusus
1636 5021 1739 5072 est.

550 5188 777 5244 Dictum
839 5193 928 5245 est
983 5193 1184 5245 tamen
1239 5205 1274 5245 a
1331 5189 1695 5261 quibusdam
1773 5191 2132 5247 doctissimis

474 5278 618 5334 illud
654 5296 667 5337 :
705 5281 902 5334 «Ecce
948 5277 1135 5335 Adam
1163 5279 1354 5336 factus
1394 5284 1482 5335 est
1527 5284 1818 5352 tanquam
1870 5297 2027 5336 unus
2059 5297 2128 5337 ex

547 5459 594 5491 ὀ
626 5457 765 5512 Gen.
799 5471 956 5523 xxxx,
986 5457 1076 5512 21.

2246 4483 2418 4544 ὄντων,
2463 4475 2707 4552 δευτέρας
2762 4480 2918 4532 αὐτόν
2962 4480 3180 4552 ἀπάγειν
3235 4484 3560 4556 Ορασύτητος
3590 4501 3602 4550 ;
3633 4483 3816 4556 ἐμφανὲς

2247 4565 2305 4621 δι
2355 4573 2446 4619 καὶ
2493 4571 2556 4629 ὡς
2603 4570 2746 4639 ἡμῶν
2783 4567 2946 4640 χλεύη
2994 4572 3127 4620 κατὰ
3173 4573 3510 4624 κατάπτωσιν
3553 4573 3699 4624 αύτού
3736 4578 3814 4622 τῶν

2245 4665 2483 4709 νεανικών
2541 4657 2804 4729 λογισμῶν
2857 4661 2946 4708 καὶ
2991 4656 3256 4710 ἀσθένειαν
3311 4661 3597 4718 στηλιτεύει
3633 4677 3816 4734 περιφα-

2247 4756 2359 4806 νῶς.
2392 4749 2460 4798 T6
2506 4742 2564 4798 δε
2612 4745 2823 4799 κωλύειν
2869 4747 3022 4798 αύτόν
3067 4754 3158 4799 τοῦ
3189 4747 3340 4809 ξύλου
3389 4759 3481 4810 τῆς
3526 4751 3653 4811 ζωῆς
3690 4766 3813 4820 μετα-

2251 4843 2400 4906 σχεῖν
2440 4839 2497 4888 τό
2528 4834 2584 4892 ἀ.
2609 4881 2620 4892 .
2644 4879 2656 4892 .
2679 4879 2690 4890 .
2715 4880 2727 4892 .
2777 4839 2906 4907 μετά
2934 4841 3027 4894 τὴν
3057 4836 3355 4911 παράϐασιν
3385 4845 3474 4891 καὶ
3507 4837 3812 4911 ἀνδρίζεσθαι

2245 4934 2407 4978 ποιεῖν
2437 4923 2470 4976 ἁ
2508 4930 2577 4997 μὴ
2626 4931 2868 4999 πρότερον
2909 4921 3158 4992 ἠδύνατο,
3192 4936 3466 5001 μαρτυρεῖ.
3521 4925 3696 4988 Οὐδεὶς
3730 4926 3810 4997 γὰρ

2246 5013 2481 5088 ἀπείργει
2512 5018 2597 5066 τὸν
2638 5017 2834 5067 οἴκοθεν
2866 5016 3253 5088 ἀπειργόμενον.
3285 5016 3426 5070 Ἀλλ’
3456 5017 3509 5068 ἐκ
3537 5018 3718 5070 πολλῶν
3739 5017 3812 5086 μὲν

2245 5103 2392 5174 ὀλίγα
2417 5112 2600 5157 ταῦτα.

2314 5195 2530 5265 Εἴρηται
2559 5196 2732 5264 μέντοι
2760 5211 2819 5263 γε
2849 5196 2959 5244 τισὶ
2999 5199 3097 5244 τῶν
3135 5199 3492 5267 χαριεστέρων
3522 5199 3597 5259 τό,
3641 5215 3661 5243 ε
3696 5189 3809 5245 Ἰδού

2243 5276 2418 5352 Ἀδὰμ
2468 5285 2672 5352 γέγονεν
2725 5283 2793 5342 ὡς
2843 5282 2910 5341 εἷς
2954 5281 3005 5342 ἑξ
3053 5283 3218 5352 ἡμῶν,
3266 5303 3292 5330 ι)
3340 5282 3396 5334 ού
3436 5287 3565 5355 πρός
3614 5287 3699 5340 τὴν
3741 5286 3812 5336 τῆς
