3950 6180
503 285 604 338 175

1717 277 1959 334 PHOTll
2002 278 2156 333 PATI

2279 276 2488 332 ΗΟΗᾹΞ
2529 277 2644 333 CP.
3698 297 3783 350 ne

502 409 648 464 bant
667 421 1020 478 quanquam
1041 403 1278 460 diversa
1300 407 1495 458 mente
1517 403 1740 474 perciti,
1760 419 1976 475 nempe
1995 408 2056 458 ut
2079 419 2151 458 ne

2279 407 2416 464 ιένης
2471 405 2787 476 ὡρμημένοι,
2836 409 2894 458 τὸ
2925 411 2994 477 μὴ
3052 405 3332 479 βούλεσθαι
3373 414 3530 464 παθεῖν
3567 418 3624 466 τὰ
3669 421 3787 476 πάθη

501 497 768 552 Christus
793 499 1092 565 pateretur
1126 510 1137 547 :
1173 492 1344 564 cujus
1380 491 1584 564 passio
1606 493 1888 548 humanae
1923 498 2151 547 naturae

505 583 883 658 passionibus
933 582 1292 637 medicinam
1327 581 1478 637 fecit.
1512 585 1658 637 Nam
1709 597 1848 636 cum
1891 587 2156 636 cerneret

504 675 781 746 princeps
806 671 1044 728 malitiae
1071 676 1278 726 auctor
1304 670 1602 726 illibatum
1629 671 1772 726 illud
1797 672 2035 743 Deoque
2065 670 2157 726 di-

503 779 690 833 gnum
717 777 932 832 corpus
960 759 1244 832 physicis,
1269 775 1405 831 quas
1436 765 1634 815 tamen
1667 759 1958 815 dedecore
1989 758 2155 814 omni

503 852 808 915 carebant,
833 849 1214 922 passionibus
1237 849 1591 914 obnoxium,
1616 849 1862 903 insidias
1885 848 1936 903 ei
1957 848 2156 903 molie-

505 943 699 1005 batur,
735 955 956 1011 easque
988 939 1226 994 eﬂectas
1255 940 1394 992 dare
1427 937 1719 992 studebat.
1751 941 1972 992 Rursus
2003 939 2060 992 in
2087 953 2157 992 eo

504 1030 828 1085 observans
855 1027 1072 1082 divinae
1097 1027 1402 1095 dignitatis
1428 1027 1808 1098 splendorem
1838 1043 1942 1099 per
1963 1026 2160 1098 prodi-

505 1119 602 1188 gia
621 1120 1051 1182 coruscantem,
1075 1116 1466 1172 cohibebatur
1487 1132 1556 1172 ac
1584 1115 1796 1187 pedem
1827 1115 2117 1171 referebat
2144 1129 2156 1170 :

506 1223 577 1263 ac
590 1206 772 1262 modo
789 1205 1157 1264 Dominicam
1172 1203 1372 1260 volens
1389 1209 1659 1274 mortem,
1681 1205 1861 1260 modo
1885 1204 2160 1260 eamdem

505 1294 735 1359 nolens,
770 1310 805 1349 a
837 1293 1090 1349 versutia
1139 1309 1252 1348 sua
1299 1293 1377 1348 ad
1408 1292 1638 1348 consilii
1674 1291 1942 1364 inopiam
1978 1298 2164 1347 trans-

507 1385 651 1439 ibat.
678 1383 794 1438 Sed
817 1383 1075 1454 denique
1101 1383 1376 1438 timorem
1393 1383 1638 1438 vesania
1662 1382 1986 1453 superavit.
2011 1383 2160 1437 Nam

508 1471 761 1527 caedium
778 1477 1082 1526 auctorem
1103 1488 1244 1526 suus
1262 1472 1455 1541 magis
1477 1488 1608 1526 mos
1628 1471 1961 1535 delectavit,
1976 1487 2161 1542 quam

509 1563 685 1619 timor
727 1561 863 1616 inde
902 1564 1100 1616 oriens
1154 1560 1489 1615 absterruit.
1524 1561 1617 1615 Sic
1656 1560 1833 1628 igitur
1861 1559 2164 1614 evidenter

510 1667 694 1706 sacrae
708 1657 924 1705 nostrae
937 1650 1249 1719 Scriptura:
1262 1649 1994 1720 praadicantvoluntariam
2010 1648 2163 1703 Patri

511 1744 764 1794 mortem
791 1738 911 1792 Filii
943 1739 1142 1803 fuisse,
1178 1737 1637 1793 involuntariam
1668 1744 1868 1793 autem
1897 1737 2156 1793 diabolo.

2279 1734 2421 1792 λητον
2451 1733 2509 1788 δὲ
2537 1746 2606 1806 τῷ
2637 1748 2845 1810 πονηρῴ
2895 1757 2907 1768 '

514 1831 579 1882 Et
599 1833 797 1883 tamen
821 1827 981 1899 quod
1004 1827 1158 1882 idem
1179 1826 1460 1884 diabolus
1481 1828 1674 1882 crucis
1696 1827 2058 1898 supplicium
2081 1826 2166 1881 in-

513 1917 842 1985 ﬂigendum
877 1915 966 1972 vel
993 1916 1263 1988 apprime
1289 1916 1601 1981 curaverit,
1631 1922 1756 1971 tum
1786 1931 1857 1970 ex
1879 1915 2009 1971 aliis
2030 1931 2168 1970 con-

509 2005 778 2077 jecturis,
805 2010 926 2060 tum
951 2021 1023 2059 ex
1049 2005 1160 2060 hac
1182 2004 1434 2061 indubia
1454 2003 1729 2074 colligere
1749 2004 1901 2070 licet,
1925 2005 2067 2076 quia
2089 2004 2169 2059 vi-

513 2095 722 2149 delicet
741 2095 1047 2148 Judaicam
1072 2094 1196 2164 ipse
1216 2100 1452 2163 gentem
1476 2093 1552 2149 ad
1577 2093 1809 2150 facinus
1831 2093 2167 2160 concitavit,

514 2199 637 2256 quo
670 2181 996 2238 Servatoris
1023 2183 1217 2237 cmdes
1248 2189 1486 2254 peracta
1516 2181 1644 2238 fuit.
1674 2182 1851 2254 Atqui
1893 2182 2168 2254 eXplora-

517 2279 639 2327 tum
668 2288 836 2343 aeque
863 2279 965 2336 est,
999 2271 1121 2327 Filii
1149 2272 1489 2344 passionem
1521 2279 1729 2343 praeter
1755 2272 1938 2326 Patris
1962 2277 2171 2326 volun-

520 2368 696 2418 tatem
747 2362 1066 2431 contigisse
1098 2379 1111 2426 ;
1146 2362 1204 2416 id
1237 2362 1401 2432 quod
1455 2361 1868 2434 progrediente
1906 2364 2170 2420 oratione

516 2451 868 2506 luculentius
897 2449 1310 2506 declarabitur.

589 2545 642 2593 2.
658 2543 777 2607 Age
789 2555 951 2603 vero,
966 2540 1446 2610 quaestionisjam
1461 2545 1615 2596 statu
1633 2541 1958 2611 proposito,
1979 2542 2174 2614 sequi-

517 2632 614 2686 tur
631 2631 693 2682 ut
712 2629 929 2684 mentis
939 2628 1249 2684 ratiocinio
1271 2636 1324 2683 et
1343 2630 1812 2684 consideratione
1825 2645 2170 2694 noscamus,

520 2718 750 2772 etiamsi
765 2717 908 2772 forte
931 2719 1088 2773 circa
1107 2719 1382 2774 eamdem
1402 2734 1548 2782 rem,
1577 2719 1942 2774 Dominicam
1959 2736 2172 2790 nempe

521 2813 794 2871 mortem,
809 2807 1412 2876 contrariadicantur,
1428 2807 1588 2862 haud
1610 2809 1736 2862 haec
1754 2813 1949 2862 tamen
1968 2824 2175 2863 secun-

519 2898 666 2953 dum
695 2897 941 2952 modum
971 2898 1248 2952 eumdem
1277 2897 1698 2969 dici.Namque
1725 2914 1912 2953 unum
1939 2898 2172 2967 dicitur,

519 2993 816 3059 quatenus
829 3002 1087 3042 aerumna
1099 2993 1188 3042 est
1200 3002 1374 3058 quam
1393 2987 1654 3042 Christus
1669 2988 1780 3058 pati
1792 2987 2173 3057 tur;alterum,

2260 501 2355 552 τῆς
2414 491 2738 566 ἀνθρωπίνης
2800 494 2987 546 ἰάσατο
3047 500 3246 568 φύσεως
3302 515 3313 526 ·
3361 501 3478 571 ὁρῶν
3525 505 3602 573 μέν
3649 509 3792 577 γάρὸ

2263 588 2354 641 τῆς
2393 585 2580 641 κακίας
2635 587 2996 654 γενεσιουργὸς
3028 589 3087 636 τό
3140 589 3487 660 πανάχραντον
3540 589 3673 644 ἐκεῖνο
3720 600 3794 645 καὶ

2268 671 2539 742 θεοπρεπὲς
2582 679 2733 742 σῶμα
2785 679 2888 732 τοῖς
2923 681 3159 744 φυσικοῖς
3211 680 3297 726 καὶ
3355 673 3652 739 ἀδιαϐλὴτοις
3692 683 3794 733 ὑπο·

2265 763 2491 830 κείμενον
2546 761 2759 828 πάθεσι,
2815 767 2907 818 τὴν
2958 761 3233 820 ἐπιϐουλὴν
3280 764 3495 818 ἐϐούλευέ
3537 786 3585 818 τε
3625 774 3699 820 καὶ
3743 773 3796 828 εἰς

2268 850 2413 920 ἔργον
2468 849 2606 918 άγειν
2665 846 2988 910 ἐσπούδαζεν
3037 872 3049 884 ·
3108 853 3236 926 ὀρῶν
3295 849 3350 905 δὲ
3402 855 3540 905 πάλιν
3593 854 3674 907 διὰ
3720 867 3799 908 τῶν

2272 937 2584 1007 θεοσημείων
2637 946 2732 998 τῆς
2765 939 2934 999 θεὶκῆς
2985 938 3130 1002 ἀξίας
3179 945 3269 996 τὴν
3318 941 3490 1012 αἴγλην
3526 944 3801 1018 ὑπεραστρά-

2268 1042 2520 1095 πτουσαν,
2578 1026 2933 1080 συνεστέλλετο
2974 1047 3028 1080 τε
3057 1035 3146 1081 καὶ
3196 1026 3447 1096 ἀνεδύετο,
3484 1036 3565 1082 καὶ
3614 1038 3720 1104 πρός
3757 1039 3802 1085 τό

2273 1112 2428 1164 θελειν
2468 1133 2519 1166 τε
2558 1114 2667 1186 οἶμα
2719 1120 2809 1167 καὶ
2845 1121 2916 1188 μὴ
2972 1116 3126 1169 θέλειν
3173 1121 3258 1170 τὸν
3311 1123 3600 1171 Δεσποτικόν
3628 1121 3802 1173 θάνατον

2272 1203 2660 1276 ὑποφερόμενος,
2721 1210 2813 1263 τὴν
2871 1211 3119 1278 μηχανὴν
3190 1204 3329 1279 εἶχεν
3405 1207 3473 1269 εἰς
3551 1207 3804 1280 ἀμηχανίαν

2271 1296 2732 1364 καταστρέφουσαν
2765 1315 2778 1326 ·
2807 1296 2940 1365 ὅμως
2994 1293 3134 1347 ἐνίκα
3175 1299 3230 1347 τό
3287 1293 3448 1348 δειλόν
3502 1298 3531 1354 ἠ
3579 1295 3761 1350 ἀπόνοια
3793 1317 3804 1328 ο

2272 1387 2344 1448 τῷ
2397 1383 2498 1451 γὰρ
2557 1389 2651 1443 τῆς
2697 1389 2993 1455 μιαιφονίας
3055 1390 3262 1457 τεχνίτῃ
3315 1384 3496 1456 μᾶλλον
3542 1387 3711 1456 αἱρετὸν
3761 1391 3807 1438 τὸ

2276 1470 2510 1534 σύνηθες,
2543 1473 2573 1528 ἦ
2609 1470 2817 1543 φοϐερὸν
2861 1474 2887 1524 6
2941 1471 3276 1544 ἐπιφυόμενος
3321 1473 3471 1546 φόϐος
3502 1491 3513 1502 '
3555 1478 3669 1526 οὕτω
3708 1484 3808 1545 γοῦν

2274 1556 2502 1628 ἐμφανῶς
2549 1568 2647 1610 τῶν
2697 1562 2840 1634 ἱερῶν
2899 1564 3042 1633 ἡμῶν
3099 1568 3303 1634 Λογίων
3352 1563 3546 1620 θελητὸν
3601 1562 3709 1615 εἶναι
3752 1572 3808 1632 τῷ

2277 1652 2442 1719 Πατρὶ
2495 1653 2579 1700 τόν
2642 1651 2854 1702 θάνατον
2903 1649 3357 1724 ἀνακηρυττόντων
3409 1660 3496 1704 τοῦ
3546 1654 3674 1713 Υἱοῠ,
3722 1651 3811 1702 ἀθε-

2960 1744 3017 1792 τὸ
3047 1744 3148 1814 γὰρ
3203 1743 3281 1792 ὅτι
3333 1745 3513 1801 παντὸς
3561 1741 3683 1809 αὐτῷ
3712 1739 3811 1811 μάλ-

2275 1823 2357 1875 λον
2402 1827 2427 1876 ὁ
2472 1822 2564 1878 δια
2619 1837 2848 1901 σταυροῦ
2908 1831 3125 1891 θάνατος
3176 1831 3478 1901 ἠγωνίζετο,
3527 1828 3679 1882 λαϐεῖν
3728 1832 3815 1880 ἐστι

2275 1919 2363 1965 καὶ
2408 1913 2461 1965 ἐκ
2505 1916 2698 1967 πολλῶν
2730 1917 2891 1969 ἄλλων
2941 1924 3029 1970 καὶ
3078 1921 3187 1971 ὅθεν
3219 1919 3314 1970 οὐκ
3377 1917 3564 1976 ἄδηλον
3598 1936 3608 1946 ·
3640 1920 3814 1989 καὶγὰρ

2278 2005 2335 2053 τὸ
2377 1999 2644 2054 Ἰουδαίων
2699 2007 2833 2065 ἔθνος
2885 2004 3078 2058 ἐκείνου
3130 2015 3439 2081 κακουργεῖν
3497 2005 3820 2066 ἀνακινούντοῇ

2278 2094 2364 2142 τὸν
2403 2094 2537 2144 κατὰ
2585 2101 2814 2166 Σωτῆρος
2871 2095 3203 2168 ἐπαλαμὼντο
3236 2098 3454 2148 θάνατον
3495 2115 3506 2125 °
3541 2095 3636 2146 ἀλλ’
3671 2097 3822 2166 ὁμοίως

2279 2183 2369 2251 μὲν
2397 2178 2643 2238 ἐπίδηλον
2679 2188 2766 2233 καὶ
2797 2186 2865 2245 ὡς
2897 2183 3023 2254 οὐχὶ
3054 2193 3124 2254 τῷ
3158 2191 3321 2258 Πατρὶ
3351 2189 3405 2238 τὸ
3432 2187 3588 2246 πάθος
3621 2191 3701 2236 τον
3725 2184 3824 2234 Υἱοὺ

2283 2268 2486 2326 θελητόν
2520 2289 2532 2301 ο
2568 2273 2642 2322 ἔτι
2668 2267 2726 2323 δὲ
2755 2280 2846 2324 τοῦ
2883 2271 3038 2344 λόγου
3069 2279 3358 2347 προίόντος,
3408 2274 3490 2327 ἐπὶ
3529 2273 3661 2325 πλέον
3689 2268 3826 2328 δηλω-

2284 2358 2342 2414 θη
2355 2377 2517 2412 σεται.

2356 2534 2428 2605 β’.
2472 2539 2612 2588 Ἐπεὶ
2665 2534 2752 2589 οὖν
2797 2539 2866 2599 εἰς
2905 2539 3048 2602 τάξιν
3088 2543 3233 2611 ἤχθη
3292 2549 3459 2593 ταῦτα
3489 2538 3829 2592 διατυπώσει-ιε.

2283 2621 2680 2695 διαλογίζεσθαι
2726 2637 2961 2701 προσῆκε
3000 2635 3085 2681 καὶ
3129 2638 3362 2692 σκοπεῖν,
3423 2633 3487 2691 ὡς
3539 2630 3579 2682 εἰ
3623 2633 3700 2679 καὶ
3739 2630 3830 2698 περὶ

2282 2723 2370 2764 τοῦ
2401 2715 2560 2766 αὐτου
2615 2720 2922 2790 πράγματος
2964 2719 3209 2770 τάναντία
3259 2720 3486 2790 λέγεται,
3541 2727 3625 2770 τοὺ
3671 2725 3831 2768 Δεσπο-

2285 2812 2450 2866 τικοῠ,
2497 2811 2649 2876 φημὶ,
2706 2808 2948 2870 θανάτου,
3009 2808 3114 2858 αλλ’
3159 2813 3217 2860 οὐ
3266 2813 3403 2860 κατὰ
3455 2812 3538 2860 τόν
3588 2808 3723 2859 αὐτόν
3748 2823 3838 2876 τρο-

2283 2911 2376 2942 πον
2429 2909 2440 2920 ⁶
2498 2893 2622 2945 ἀλλα
2680 2901 2737 2946 τό
2777 2899 2864 2966 μὲν
2910 2895 2960 2958 ἐξ
3001 2897 3159 2948 αὑτοῦ
3208 2906 3299 2948 τοι)
3355 2900 3552 2958 πάθους
3599 2898 3622 2947 ὁ
3662 2894 3837 2947 πέπονθε

2284 2980 2501 3052 λέγεται,
2545 2987 2601 3034 τό
2652 2980 2710 3036 δε
2758 2983 2810 3034 ἐκ
2867 2993 2956 3036 τοῦ
2985 2985 3316 3047 ἐκϐεϐηκὸς-ος
3347 3005 3361 3017 ⁶
3423 2991 3482 3040 1'6
3507 2991 3592 3058 μεν
3616 2988 3707 3058 γὰρ
3736 2980 3843 3034 ἐκεῖ·

519 3083 819 3149 quatenus
855 3076 1080 3132 fructus
1109 3077 1352 3148 paritur.
1382 3078 1625 3132 Fructus
1643 3082 1841 3132 autem
1865 3077 1994 3147 ejus
2016 3077 2156 3132 neci:

2286 3069 2447 3132 ϐηκός
2476 3069 2569 3123 διὰ
2594 3081 2684 3124 τοῦ
2714 3075 2956 3140 θανάτου,
2988 3078 3015 3132 ἡ
3049 3081 3286 3150 σωτηρία
3311 3085 3408 3128 τοῦ
3433 3082 3607 3148 γένους
3635 3074 3838 3145 ἐπράχθη

520 3167 647 3230 fuit,
679 3166 842 3221 salus
865 3166 1114 3221 humani
1138 3167 1369 3234 generis
1398 3165 1798 3231 reconciliata,
1831 3165 2176 3238 diabolique

520 3257 790 3326 tyrannis
821 3256 1033 3312 deleta.
1072 3258 1214 3310 Hinc
1247 3262 1405 3327 patet
1449 3257 1604 3311 hanc
1636 3272 1759 3311 rem
1793 3256 1972 3310 fuisse
2028 3255 2176 3310 Patri

521 3345 803 3414 placitam
835 3359 903 3398 ac
921 3344 1342 3408 voluntariam,
1367 3351 1543 3416 atque
1561 3346 1690 3415 ejus
1714 3346 1893 3399 totius
1915 3360 2057 3413 erga
2074 3345 2177 3400 ho-

521 3431 716 3486 mines
771 3431 1159 3502 providentiaa
1201 3434 1624 3488 summarium.
1667 3434 1880 3497 Quidni
1936 3449 2075 3488 vero
2121 3440 2177 3489 et

519 3519 665 3575 illud
682 3522 1062 3592 perspicuum
1087 3522 1394 3588 sit,Christi
1415 3522 1693 3576 nimirum
1717 3523 1947 3577 obitum
1967 3523 2043 3578 ab
2071 3523 2176 3578 ini-

520 3609 660 3664 mici
690 3610 872 3664 nostri
902 3608 1207 3666 voluntate
1231 3610 1489 3666 alienum
1514 3611 1718 3677 fuisse,
1746 3611 1918 3681 eique
1941 3611 2173 3667 cladem

521 3699 847 3753 maximam
871 3698 1133 3753 intulisse
1156 3698 1182 3752 ‘?
1207 3701 1351 3753 Nam
1375 3699 1497 3754 Filii
1516 3699 1732 3764 caedes,
1749 3699 1988 3772 quierat
2006 3705 2175 3755 natu-

519 3786 660 3841 ralis
687 3787 986 3857 passionis
1017 3785 1282 3851 effectus,
1309 3803 1413 3856 per
1442 3804 1502 3842 se
1524 3789 1764 3859 quidem
1797 3788 1950 3843 Patri
1978 3803 2172 3859 neque

516 3875 786 3946 jucunda
798 3883 922 3930 erat
935 3891 1128 3948 neque
1142 3881 1330 3944 grata,
1347 3876 1458 3931 imo
1472 3877 1894 3945 indignationis
1912 3877 2172 3948 apprime

521 3979 755 4018 merens
781 3970 961 4035 atque
1006 3964 1219 4019 furoris
1247 3982 1264 4029 ;
1292 3965 1464 4020 sicuti
1491 3981 1521 4018 e
1553 3966 1850 4021 contrario
1878 3966 2020 4021 nihil
2049 3971 2174 4021 erat

520 4068 590 4106 ex
616 4051 838 4107 diaboli
865 4052 1156 4108 sententia
1179 4053 1390 4123 magis,
1423 4053 1778 4109 nihileidem
1805 4054 2046 4110 charius
2070 4071 2173 4109 au-

519 4141 859 4196 amabilius.
892 4141 1297 4206 Quamobrem
1324 4140 1584 4197 clemens
1616 4145 1886 4199 Servator
1914 4143 2016 4198 illa
2043 4160 2173 4214 pre-

519 4247 653 4284 cum
677 4247 920 4286 suarum
942 4230 1200 4287 formula
1217 4232 1455 4287 veniam
1482 4231 1552 4286 iis
1574 4232 1678 4303 qui
1704 4248 1764 4285 se
1781 4231 2056 4288 laeserant
2073 4238 2172 4288 cut

519 4337 658 4375 rans
689 4337 703 4386 ;
737 4343 755 4370 ι
781 4323 965 4385 Pater,
989 4320 1088 4384 ait,
1108 4319 1385 4376 condona
1409 4320 1520 4376 illis
1548 4321 1660 4375 hoc
1683 4328 1993 4391 peccatum
2017 4337 2170 4387 ;non

520 4411 676 4465 enim
707 4409 1193 4466 animadvertunt
1219 4409 1364 4481 quid
1383 4411 1647 4478 agant".
1674 4430 1701 4457 »
1735 4411 1893 4465 Adeo
1919 4410 2036 4466 Filii
2063 4426 2170 4466 (εω-
2203 4449 2247 4503 D

520 4499 626 4553 des
651 4505 855 4554 contra
877 4500 1061 4554 Patris
1081 4500 1446 4554 voluntatem
1465 4498 1666 4564 ﬁebat,
1693 4503 1753 4553 ut
1768 4500 2019 4555 multam
2033 4499 2170 4555 huic

519 4587 893 4642 iracundiam
925 4594 1325 4644 commoveret
1356 4605 1369 4653 ;
1403 4603 1473 4644 ac
1494 4603 1738 4642 necesse
1765 4587 1937 4642 fuerit
1957 4588 2164 4644 laesum

517 4674 739 4746 ipsum,
773 4675 1218 4746 deprecatorem
1243 4677 1392 4741 ﬁeri,
1429 4693 1550 4748 quo
1580 4676 1662 4732 rei
1695 4677 2039 4748 poenitentia
2068 4693 2171 4732 ex-

519 4762 660 4833 piati
709 4778 918 4833 poenas
967 4765 1305 4820 evaderent.
1340 4769 1539 4837 Neque
1587 4771 1900 4836 repugnat,
1936 4766 2167 4820 Patrem

522 4850 642 4905 Filii
667 4865 873 4906 necem
902 4852 1160 4908 voluisse
1183 4854 1399 4924 pariter
1425 4870 1493 4909 ac
1520 4854 1810 4910 noluisse:
1839 4870 1980 4909 nam
2003 4855 2168 4925 quod

517 4955 649 4995 eam
674 4939 867 5007 vellet,
901 4940 1120 4996 fructus
1151 4943 1490 5013 praestantia
1520 4944 1576 4998 in
1607 4959 1790 4998 causa
1817 4950 1942 4999 erat
1958 4962 1974 5013 ;
2003 4945 2169 5014 quod

516 5043 658 5084 vero
688 5027 886 5092 nollet,
915 5029 972 5083 id
1005 5029 1236 5085 facinus
1267 5046 1372 5101 per
1398 5048 1460 5086 se
1491 5038 1822 5104 spectatum
1854 5033 2126 5089 faciebat.

589 5121 638 5173 3.
669 5120 815 5172 Nam
843 5118 1017 5172 veluti
1039 5119 1364 5190 imperator
1389 5121 1436 5175 si
1462 5121 1672 5177 fortem
1698 5121 1945 5177 militem
1968 5128 2170 5178 cernat

516 5207 764 5261 vulnera
776 5207 1175 5279 excipientem,
1196 5209 1654 5282 vulneribusque
1669 5212 1918 5267 hostium
1933 5213 2168 5267 ordines

514 5303 988 5361 consumentem,
1013 5298 1417 5368 ipsometbelli
1430 5299 1580 5355 duce
1597 5306 1919 5371 prostrato;
1940 5301 2169 5357 laetatur

515 5385 794 5459 equidem
809 5385 976 5457 quod
994 5385 1305 5443 victoriam
1326 5392 1604 5444 strenuus
1615 5389 1713 5446 hic
1724 5390 1798 5446 de
1811 5391 2167 5449 adversariis

585 5570 632 5607 "
674 5568 808 5624 Luc.
844 5583 1005 5632 mu,
1038 5571 1125 5623 34.

2285 3171 2383 3213 τῶν
2423 3162 2726 3235 ἀνθρώπων,
2767 3169 2854 3214 καὶ
2908 3171 3000 3224 τῆς
3044 3172 3135 3216 τοῦ
3191 3162 3444 3218 διαϐόλου
3493 3159 3773 3238 τυραννίδος
3818 3161 3839 3215 ἡ

2283 3254 2586 3326 καθαίρεσις
2621 3270 2632 3280 '
2669 3252 2694 3304 6
2726 3249 2883 3310 δῆλον
2915 3257 2992 3305 ὁτι
3023 3254 3230 3312 θελητόν
3259 3275 3312 3308 τε
3351 3265 3428 3327 τῷ
3491 3259 3649 3317 Πατρὶ
3687 3257 3761 3304 καὶ
3787 3251 3847 3302 εὔ-

2287 3339 2464 3408 δοκία,
2517 3346 2606 3393 καὶ
2653 3350 2748 3402 τῆς
2801 3343 2960 3394 αὐτοῦ
3014 3349 3252 3414 προνοίας
3313 3347 3602 3418 συμπάσης
3652 3346 3755 3416 περὶ
3800 3341 3844 3390 τὸ

2285 3429 2598 3502 ἀνθρώπινον
2627 3436 2767 3502 γένος
2815 3435 2872 3484 τὸ
2918 3433 3190 3504 κεφάλαιον
3251 3451 3261 3464 ·
3323 3444 3483 3487 τοῦτο
3531 3431 3587 3485 δε
3635 3439 3729 3490 πῶς
3773 3427 3847 3478 οὐκ

2285 3516 2501 3577 εὔδηλον
2555 3522 2633 3571 ὅτι
2685 3525 2773 3572 καὶ
2813 3540 2882 3590 τῳ
2938 3521 3112 3594 ἐχθρῷ
3154 3520 3400 3580 ἀθέλητόν
3453 3543 3507 3575 τε
3561 3526 3645 3573 καὶ
3675 3518 3843 3588 ἐσχάτη

2282 3609 2451 3680 πληγή
2499 3626 2512 3674 ;
2544 3613 2602 3660 1'6
2633 3613 2868 3681 μέντοιγε
2914 3613 3306 3682 σφαγιασθῆναι
3338 3617 3428 3664 τὸν
3476 3615 3616 3678 Υίόν,
3658 3611 3764 3680 ὅπερ
3801 3599 3848 3659 ἧν

2283 3700 2312 3756 ἡ
2348 3695 2441 3750 διὰ
2492 3705 2582 3749 τοῦ
2611 3700 2810 3760 πάθους
2862 3708 3122 3771 προῑουσα
3167 3701 3371 3772 πρᾶξις,
3435 3702 3553 3753 καθ’
3607 3699 3744 3751 ἑαυτὸ
3776 3696 3847 3765 ‘U-‘E‘I

2282 3789 2398 3838 οὔτε
2450 3784 2554 3844 ἡδὺ
2611 3796 2682 3857 τῷ
2736 3793 2898 3861 Πατρὶ
2970 3792 3085 3840 οὔτε
3152 3788 3564 3861 εὐπρόσδεκτον,
3616 3786 3732 3838 ἀλλὰ
3778 3786 3851 3833 καὶ

2281 3874 2392 3926 λίαν
2447 3877 2608 3949 ὀργῆς
2651 3876 2792 3938 ἄξιον
2837 3881 2925 3928 καὶ
2974 3879 3140 3948 θυμοῦ
3174 3895 3185 3907 ·
3221 3881 3396 3952 ὥσπερ
3451 3875 3520 3936 δὴ
3565 3885 3634 3947 τῷ
3675 3878 3850 3941 πονηρῷ

2280 3967 2601 4036 καταθύμιόν
2648 3983 2700 4016 τε
2771 3970 2860 4017 καὶ
2900 3967 3104 4018 πάντων
3153 3965 3547 4040 ἐρασμιώτατον
3626 3974 3718 4017 τῶν
3768 3980 3856 4032 τερ-

2279 4063 2414 4105 πνῶν
2450 4071 2461 4082 ·
2504 4051 2588 4106 διό
2631 4060 2716 4106 καὶ
2769 4057 2794 4106 6
2839 4055 3195 4127 φιλάνθρωπος
3238 4059 3385 4128 ἡμᾶν
3445 4062 3624 4130 Σωτὴρ
3665 4054 3708 4105 ἐν
3736 4053 3854 4117 τύπῳ

2279 4138 2571 4213 μεθοδευων
2619 4153 2926 4215 προσευχῆς
2975 4150 3068 4202 τὴν
3108 4146 3291 4216 οἶφεσιν
3344 4155 3448 4198 τῶν
3509 4143 3854 4219 ἐξυϐρισάντων

2281 4231 2347 4290 εἰς
2378 4231 2552 4298 αὐτὸν,
2609 4252 2636 4281 ι(
2690 4235 2878 4303 Πάτερ,
2930 4237 3104 4304 φησὶν,
3163 4237 3288 4306 ἄφες
3331 4236 3516 4296 αὐτοῖς
3569 4239 3662 4292 τὴν
3716 4232 3859 4302 ἁμαρ·

2279 4325 2393 4371 τίαν
2420 4324 2612 4378 ταύτην
2647 4337 2660 4350 ⁶
2694 4321 2752 4372 οὐ
2783 4325 2884 4392 γὰρ
2925 4319 3136 4374 οἴδασιν
3163 4328 3214 4375 τί
3244 4332 3490 4377 ποιοῦσιν
3540 4344 3552 4356 ·
3584 4347 3610 4374 ‹‹
3638 4323 3762 4374 οὕτω

2279 4409 2525 4467 ἀθέλητον
2555 4418 2646 4462 του
2682 4408 2878 4471 Παιδὸς
2927 4413 2956 4470 ἠ
2995 4417 3168 4484 σφαγὴ
3203 4421 3274 4483 τῷ
3318 4420 3514 4488 Πατρὶ,
3572 4418 3661 4465 καὶ
3704 4408 3861 4462 πολλὴν

2279 4503 2366 4554 τήν
2412 4497 2762 4567 ἀγανάκτησιν
2812 4497 3129 4551 ἀνακινοῦσα
3159 4519 3170 4530 ο
3210 4503 3277 4561 ὡς
3325 4508 3415 4554 καί
3453 4503 3617 4561 αὐτῆς
3679 4496 3862 4551 δεῖσθαι

2279 4595 2373 4646 τῆς
2401 4583 2627 4647 δεήσεως
2656 4596 2746 4639 τοῦ
2775 4585 3116 4659 ἠδικημένου,
3150 4589 3223 4660 ἐφ’
3255 4591 3293 4660 ᾧ
3349 4589 3444 4643 διὰ
3476 4595 3750 4663 μετανοίας
3788 4605 3864 4636 κα·

2283 4677 2618 4747 θῃραμένους,
2673 4682 2742 4747 μὴ
2779 4674 2962 4729 δοῦναι
3017 4674 3172 4735 δίκην
3223 4683 3343 4741 τοὺς
3384 4677 3722 4739 ἠδικηκότας
3752 4694 3763 4706 '
3789 4678 3862 4724 καὶ

2280 4765 2369 4815 οὐκ
2411 4763 2633 4816 ἐναντίον
2670 4768 2726 4817 τὸ
2774 4766 2928 4817 θέλειν
2959 4772 3146 4838 καὶμὴ
3185 4767 3342 4820 θέλειν
3402 4772 3494 4820 τόν
3531 4771 3751 4821 θάνατον
3793 4771 3869 4814 τοῦ

2279 4853 2401 4904 Tim)
2432 4856 2515 4904 τόν
2558 4859 2761 4928 Πατέρα
2790 4872 2801 4882 ·
2837 4859 2893 4906 τό
2926 4858 3015 4926 μὲν
3063 4858 3184 4927 γὰρ,
3221 4855 3274 4907 ἐκ
3300 4865 3390 4908 τοῦ
3419 4857 3765 4916 ἐκϐεϐηκότος
3793 4872 3870 4903 κα-

2279 4943 2612 5014 τορθώματος
2644 4960 2655 4972 '
2691 4946 2747 4995 1'6
2781 4941 2860 5011 δὲ,
2893 4942 2945 5006 ἐξ
2983 4943 3141 5004 αὐτῆς
3168 4952 3261 5007 τῆς
3286 4950 3778 5020 προκπαρχούσης
3802 4942 3874 4994 λέ-

2277 5050 2426 5100 γεται
2455 5031 2708 5105 πράξεως.

2349 5120 2420 5191 γ’.
2465 5123 2704 5195 Καθάπερ
2752 5125 2852 5193 γὰρ
2907 5125 2948 5173 εἰ
3004 5141 3084 5182 τις
3139 5126 3429 5195 στρατηγός
3516 5128 3607 5176 τὸν
3681 5123 3883 5195 ἀριστέα

2283 5207 2482 5280 βλέπων
2510 5207 2790 5282 δεχόμενον
2838 5214 3130 5283 τραύματα,
3181 5217 3270 5264 καὶ
3317 5221 3422 5274 τοῖς
3472 5219 3748 5288 τραύμασι
3795 5221 3882 5264 τῶν

3435 5309 3535 5356 καὶ
3589 5304 3751 5356 αὐτόν
3805 5304 3882 5353 τὸν

2281 5389 2521 5462 ἀρχηγόν
2573 5398 2664 5443 τοῦ
2708 5389 2929 5452 πολέμου
2982 5389 3389 5460 καταϐάλλοντα,
3440 5399 3642 5470 χαίρει
3696 5397 3786 5466 μὲν
3824 5392 3888 5449 οἷς

2279 5302 2512 5351 ἐναντίων
2570 5303 2656 5360 τὰς
2712 5301 3028 5374 παρατάξεις
3094 5309 3356 5370 κενοῦντα,
