4126 6190
265 313 362 366 ΠΤ

1285 307 1376 363 AD
1417 303 1960 362 AMPUILOCHIUM
2003 303 2326 372 QUA‘JSTIO
2369 305 2559 360 XXIV.

3527 303 3627 362 178

255 441 312 488 τὸ
361 441 612 508 τρόπαιον
646 437 784 487 κατά
811 443 910 486 τῶν
963 433 1252 486 ἀντιπάλων
1298 435 1324 485 6
1377 431 1618 506 ἀριστευς
1651 433 1856 496 ἵστησι,

1985 430 2202 496 referat,
2227 446 2421 502 neque
2435 431 2565 501 ejus
2597 429 2960 494 vulneribus,
2993 428 3140 485 dum
3159 429 3509 500 praclarum
3539 430 3625 486 fa-

253 530 344 576 καὶ
397 533 512 586 τοῖς
561 527 828 597 τραύμασι
877 527 1008 598 πρὸς
1063 527 1120 575 τὸ
1172 519 1472 596 παράδοξον
1523 519 1722 592 βλέπων
1771 527 1862 571 τοῦ

255 615 664 688 κατορθώματος
719 613 814 664 οὐκ
883 612 1180 684 ἀλγύνεται·
1245 613 1362 664 καθ’
1425 611 1606 669 ἑαυτὰς
1659 605 1718 660 δὲ
1773 611 1865 670 τὰς

257 703 460 772 πληγὰς
509 702 813 773 λογοῦιτῶν,
869 707 958 754 καὶ
999 703 1192 761 ταύτας
1243 699 1690 772 ἐπιστρεφόμενος,
1741 695 1862 768 οὐχ’

257 788 432 852 ἡδέως
480 793 578 865 ὸρᾲ
617 794 939 864 τραυματίαν
985 793 1072 842 τὸν
1123 795 1209 847 τὴν
1251 793 1400 846 νίκην
1447 784 1859 858 ἁναδησοίμενον’

259 881 398 932 οὕτω
429 877 490 932 δὲ
528 885 616 932 καὶ
667 881 692 931 6
734 884 936 953 Πατὴρ,
971 875 1048 940 οἷς
1090 881 1180 950 μὲν
1218 878 1350 952 ἑώρα
1378 880 1464 929 τὸν
1495 877 1612 928 Υἰὸν
1643 883 1734 926 τοῦ
1783 873 1867 925 ἀν-

263 972 526 1042 θρωπίνου
565 973 742 1040 γένους
789 973 874 1020 τὸν
929 967 1170 1039 πολεμίου
1216 974 1330 1027 ταῖς
1369 964 1450 1018 ἔπι
1493 973 1584 1016 τοῦ
1626 969 1867 1036 σώματος

261 1059 486 1128 πληγαῖς
561 1057 972 1124 καταϐάλλοντα,
1031 1065 1124 1118 τῆς
1173 1064 1286 1126 Θιῷ
1333 1057 1632 1128 πρεπούσης
1685 1053 1866 1124 εὖφρο-

265 1151 426 1208 σύνης
469 1143 550 1208 ἧν,
593 1152 682 1198 καὶ
733 1153 843 1206 ταῖς
873 1153 963 1198 τοῦ
995 1141 1192 1206 Παιδὸς
1233 1141 1612 1216 ἀνδραγαθίαις
1655 1141 1867 1212 ἐσεμνύ-

261 1254 394 1288 νετο’
445 1237 524 1298 οἷς
567 1233 622 1288 δ’
699 1237 724 1288 6
773 1236 1013 1306 φίλτατος
1081 1237 1582 1308 τετραυματισμένος
1651 1227 1710 1290 ἦν
1753 1237 1869 1292 ταῖς

259 1325 492 1396 πληγαῖς
531 1329 622 1376 καὶ
667 1333 776 1386 τοῖς
827 1323 1066 1396 μωλωψι,
1125 1321 1242 1374 καθ’
1283 1323 1432 1373 ἑαυτὸ
1461 1341 1520 1392 γε
1567 1321 1636 1382 εἰς
1669 1321 1868 1392 αἰρεσιν

263 1413 360 1466 οὐκ
415 1413 638 1486 ἀνέφερε·
692 1412 880 1485 μᾶλλον
925 1409 976 1465 δ’
1017 1411 1236 1464 ἐνταῦθα
1281 1411 1429 1464 πλέον
1477 1413 1534 1462 τὸ
1579 1417 1669 1469 τῆς
1726 1407 1870 1466 θελή-

265 1522 416 1567 σιως,
461 1503 592 1578 ἢπερ
631 1505 680 1554 ἓν
721 1510 796 1572 τῷ
847 1499 1260 1575 παραδείγματα
1307 1499 1411 1552 ἐκεῖ
1455 1503 1544 1571 μιν
1573 1501 1671 1573 γὰρ
1703 1496 1868 1569 ἀρχο-

261 1597 428 1662 μένων
485 1599 586 1644 τῶν
636 1593 970 1663 τραυμάτων,
1030 1593 1234 1662 ἐπείπερ
1293 1585 1490 1648 ἆδηλος
1537 1585 1598 1645 ἦν
1651 1589 1680 1645 ἡ
1727 1591 1868 1652 νίκη,

262 1683 454 1754 πικρὸν
517 1685 574 1733 τὸ
639 1683 807 1753 θέαμα
863 1688 934 1747 τῷ
991 1687 1292 1751 στρατηγῷ,
1357 1685 1446 1738 τῆς
1513 1685 1705 1750 τροπῆς
1771 1684 1870 1727 τῶν

1972 519 2136 574 cinus
2163 523 2407 591 spectat,
2424 518 2620 583 dolet;
2645 518 2752 574 sed
2775 522 2972 574 tamen
2991 523 3200 590 postea
3223 518 3435 590 plagas
3461 519 3624 589 ipsas

1973 623 2078 681 per
2099 625 2162 664 se
2179 608 2588 676 considerans,
2603 613 2783 680 atque
2805 608 2896 664 his
2921 613 3281 674 commotus,
3315 615 3622 664 cruentam

1971 699 2280 754 victoriam
2313 697 2474 754 haud
2501 697 2636 754 laeto
2659 698 2864 754 animo
2889 698 3102 768 aspicit
3136 713 3148 750 :
3184 698 3267 753 sic
3299 698 3464 753 Pater
3485 713 3628 770 qua-

1973 793 2140 842 tenus
2165 787 2356 854 gentis
2381 787 2658 843 humanas
2679 787 2912 842 hostem
2944 803 2981 843 a
3009 786 3148 842 Filio
3171 803 3280 844 suo
3291 787 3624 858 acceptisin

1973 892 2221 948 corpore
2235 876 2576 932 vulneribus
2591 875 2962 949 proﬂigatum
2975 875 3235 943 videbat,
3252 877 3487 947 dignam
3507 877 3626 932 Deo

1973 965 2242 1022 laetitiam
2262 965 2549 1036 capiebat,
2583 965 2820 1037 Filiique
2843 965 3189 1022 fortitudine
3213 965 3578 1034 gloriabatur
3613 983 3626 1022 :

1975 1059 2193 1126 quaten
2203 1071 2269 1108 us
2281 1069 2422 1110 vero
2435 1055 2812 1110 charissimus
2824 1055 2916 1110 ille
2931 1054 3122 1126 plagis
3136 1059 3315 1126 atque
3329 1053 3626 1110 vibicibus

1975 1142 2360 1209 onerabatur,
2403 1143 2462 1198 id
2503 1159 2610 1214 per
2637 1158 2720 1210 se,
2771 1143 3042 1214 inquam,
3078 1157 3248 1215 aequo
3275 1143 3480 1198 animo
3511 1159 3626 1200 non

1977 1231 2220 1286 ferebat.
2245 1231 2572 1302 Caeteroqui
2605 1231 2731 1302 plus
2754 1230 3078 1288 voluntatis
3097 1233 3158 1286 in
3175 1232 3454 1303 passione
3470 1231 3634 1288 Chri-

1977 1319 2068 1390 sti,
2101 1335 2282 1392 quam
2309 1321 2368 1375 in
2395 1320 2694 1391 proposito
2715 1319 2988 1392 exemplo
3017 1325 3321 1376 versatum
3347 1326 3454 1376 est.
3477 1323 3626 1376 Nam

1977 1408 2140 1482 quod
2155 1409 2358 1464 attinet
2374 1409 2450 1463 ad
2465 1407 2826 1481 exemplum.
2845 1409 2990 1464 dum
3011 1407 3252 1465 vulnera
3268 1408 3510 1481 quidem
3524 1408 3632 1464 im-

1979 1503 2302 1569 ponuntur,
2319 1497 2538 1552 incerta
2553 1497 2768 1562 adhuc,
2783 1497 3048 1564 victoria,
3065 1502 3270 1553 tetrum
3289 1497 3632 1570 imperatori

1979 1586 2382 1659 spectaculum
2401 1591 2504 1650 est,
2523 1587 2784 1642 nondum
2799 1586 3068 1642 hostibus
3085 1585 3380 1642 inclinatis
3397 1603 3412 1652 ;
3431 1601 3630 1642 verum

1979 1676 2040 1730 in
2093 1675 2300 1732 Christi
2359 1675 2634 1746 passione
2691 1675 2824 1747 ipso
2882 1675 3194 1730 vulnerum
3253 1675 3438 1739 initio,
3507 1675 3630 1730 imo

263 1767 474 1843 ἐχθρῶν
537 1773 680 1822 οὔπω
745 1773 1036 1844 παρούσης,
1107 1771 1456 1839 κατεφαίνετοο
1517 1765 1737 1818 ἐνταῦθα
1813 1761 1872 1816 δὲ

1985 1765 2336 1836 priusquam
2360 1764 2586 1820 cruenti
2609 1764 2688 1819 illi
2709 1763 3084 1820 Servatorem
3103 1763 3289 1835 plagis
3310 1763 3632 1832 efﬁcerent,

265 1857 356 1908 ἀπ’
409 1857 580 1910 αὐτῶν
633 1866 732 1910 τῶν
778 1859 1108 1930 τραυμάτων,
1167 1855 1357 1928 μᾶλλον
1411 1851 1469 1906 δὲ
1523 1859 1610 1904 καὶ
1667 1857 1786 1926 πρὶν
1837 1857 1866 1908 ἧ

263 1949 388 2008 τοὺς
442 1951 750 2018 μιαιφονους
811 1950 896 1997 τὸν
937 1953 1151 2018 Σωτῆρα
1205 1951 1312 2006 τοῖς
1357 1945 1626 2015 τραύμασι
1681 1940 1875 2013 ἐνυϐρί-

268 2055 386 2098 σαι,
425 2035 662 2108 λαμπρὸν
721 2053 774 2086 τι
822 2035 1118 2108 καθεωρᾶτο
1157 2037 1214 2085 τὸ
1264 2037 1530 2107 τρόπαιον,
1585 2035 1674 2082 καὶ
1723 2027 1874 2082 οὐδὲν

265 2122 478 2175 ἔλαττον
539 2128 568 2182 ἧ
627 2125 710 2176 ὅτι
763 2131 868 2184 τοῖς
917 2122 1272 2194 ἐναγεστάτοις
1317 2120 1562 2194 ἐτολμᾶτο
1609 2123 1676 2172 τὰ
1729 2118 1876 2172 ἀτόλ-

265 2229 432 2282 μτῑτα·
489 2221 602 2282 Θεῷ
659 2232 714 2266 τε
760 2217 858 2287 γὰρ
901 2217 988 2265 καὶ
1033 2215 1100 2264 τὰ
1128 2211 1375 2282 μέλλοντα
1419 2213 1662 2284 πάρεστι,
1701 2211 1790 2260 καὶ
1841 2207 1871 2264 ἡ

265 2311 464 2371 γνῶσις
519 2307 708 2374 ἀμφοῖν
759 2307 965 2376 πρόεισι
1013 2297 1088 2353 δι’
1117 2305 1258 2354 ’ἰσων
1305 2295 1454 2352 οὐδὲν
1501 2298 1614 2350 κατ’
1647 2297 1772 2348 αὐτὸ
1817 2313 1878 2366 γε

265 2399 424 2442 τούτο
477 2400 578 2442 των
627 2391 1012 2462 ἐπιγενομένων,
1071 2392 1187 2442 οὔτε
1227 2397 1324 2441 τὼν
1365 2388 1525 2440 πάλαι
1568 2391 1876 2458 γεγονότων,

266 2485 388 2532 οὗτε
444 2485 548 2552 μὴν
601 2489 700 2532 τὼν
757 2477 864 2538 ἤδη
913 2484 1198 2554 παρόντων,
1252 2481 1310 2530 τὸ
1363 2477 1564 2530 ἔλαττον
1622 2475 1876 2550 ἀποφερο-

267 2573 452 2640 μένων·
513 2565 666 2622 οὐδὲν
715 2565 803 2620 οὖν
849 2571 1040 2641 ἄπορον
1089 2571 1166 2620 ἔτι
1207 2563 1591 2640 παραδέχεται,
1632 2569 1690 2616 τὸ
1731 2565 1874 2622 θελη-

267 2663 356 2710 τὸν
399 2657 530 2710 εἶναι
579 2667 650 2728 τῷ
707 2663 872 2730 Πατρὶ
913 2662 1000 2710 τὸν
1041 2659 1258 2710 θάνατον
1303 2664 1392 2708 τοῦ
1425 2657 1545 2708 Υὶού
1575 2660 1664 2706 καὶ
1695 2653 1874 2710 eam-

267 2765 372 2799 τον·
427 2743 552 2798 οὐδὲ
583 2751 640 2798 τὸ
673 2743 914 2805 σπουδὴν
939 2750 1028 2818 μὲν
1061 2746 1216 2797 αὐτὸν
1255 2743 1384 2798 εἶναι
1431 2745 1874 2817 καταπραχθῆναι

267 2845 342 2906 τῷ
403 2835 700 2908 ἀρχηκάκῳ
747 2844 834 2896 τῆς
887 2839 1080 2908 φύσεως
1138 2836 1282 2907 ἡμῶν
1345 2833 1540 2907 ἐχθρῷ,
1599 2835 1774 2894 πάσης
1815 2828 1876 2884 δὲ

269 2925 464 2996 μᾶλλον
540 2925 908 2997 χαλεπωτέραν
977 2924 1178 2996 πληγὴν
1255 2943 1418 2998 φερειν
1499 2925 1558 2974 τὸ
1629 2919 1874 2995 προελθὸν

269 3019 434 3086 πέρας
477 3013 579 3066 ἀπὸ
609 3022 706 3075 τῆς
747 3011 952 3073 σπουὸῆ
967 3029 1006 3076 ς’
1041 3014 1066 3065 6
1097 3017 1186 3086 μὲν
1210 3015 1309 3084 γὰρ
1339 3015 1561 3086 πονηρὸς
1591 3019 1664 3081 τῷ
1690 3010 1874 3082 αἱματι

1983 1852 2364 1925 splendidum
2395 1853 2750 1910 coruscabat
2787 1859 3080 1924 trapaeum
3114 1868 3126 1906 :
3161 1867 3358 1925 neque
3405 1853 3634 1908 minore

1981 1943 2400 2015 perspicuitate
2431 1958 2616 2014 quam
2635 1947 2844 2016 postea
2859 1943 3060 1998 visum
3077 1947 3180 2009 est,
3200 1958 3338 1998 cum
3357 1941 3636 1999 iiscelesti

1981 2032 2246 2088 immane
2272 2031 2505 2088 facinus
2533 2032 2659 2102 jam
2709 2035 3214 2104 perpetraverant.
3249 2031 3481 2103 Quippe
3517 2034 3634 2088 Deo

1983 2121 2182 2176 futura
2213 2135 2455 2192 quoque
2483 2119 2865 2190 praesentium
2895 2119 3086 2176 instar
3111 2123 3272 2189 sunt,
3307 2120 3478 2193 isque
3511 2120 3636 2190 pari

1985 2209 2296 2281 utriusque
2349 2209 2630 2280 temporis
2681 2207 2927 2264 scientia
2977 2209 3201 2264 utitur:
3249 2213 3306 2263 et
3351 2225 3454 2264 seu
3501 2223 3634 2280 quas

1985 2297 2184 2354 adhuc
2199 2301 2503 2366 eventura,
2520 2301 2676 2366 sunt,
2695 2313 2798 2352 seu
2813 2313 2950 2368 quae
2959 2297 3194 2366 jamdiu
3209 2296 3633 2368 praeterierunt,

1986 2404 2088 2444 seu
2121 2387 2380 2459 denique
2401 2403 2540 2460 quae
2565 2387 2626 2442 in
2659 2388 2934 2458 praesenti
2969 2385 3208 2450 adsunt,
3233 2386 3448 2459 aequali
3473 2387 3634 2460 apud

1983 2479 2170 2535 Deum
2200 2477 2540 2534 conditione
2570 2477 2862 2534 fruuntur.
2885 2479 3020 2534 Jam
3048 2477 3276 2534 nullam
3305 2478 3500 2549 itaque
3529 2476 3638 2532 du-

1983 2567 2332 2623 bitationem
2357 2567 2592 2638 patitur,
2619 2566 2784 2638 quod
2817 2565 2938 2622 Filii
2961 2566 3160 2622 obitus
3181 2571 3238 2620 et
3270 2566 3636 2621 voluntarius

1985 2657 2134 2713 Patri
2177 2655 2350 2712 fuerit
2371 2661 2428 2712 et
2465 2655 2918 2712 involuntarius.
2945 2659 3172 2712 Rursus
3197 2671 3368 2727 aeque
3397 2653 3639 2710 indubi-

1983 2749 2178 2802 tatum
2207 2749 2316 2812 est,
2349 2745 2615 2800 studiose
2641 2745 2702 2800 in
2735 2743 2966 2801 facinus
2991 2743 3070 2800 ab
3127 2745 3376 2816 antiquo
3405 2747 3634 2798 naturas

1982 2841 2202 2891 nostra)
2215 2835 2386 2892 hoste
2402 2834 2588 2890 fuisse
2601 2839 2896 2900 curatum;
2913 2835 3174 2904 itemque
3187 2831 3638 2888 acerbissimam

1982 2924 2250 2979 omnium
2269 2924 2520 2988 cladem,
2536 2937 2598 2978 re
2610 2921 2840 2984 effecta,
2854 2921 3164 2978 diabolum
3183 2937 3294 2976 suo
3313 2920 3424 2976 sibi
3442 2919 3636 2975 studio

1985 3012 2268 3068 intulisse.
2291 3013 2512 3068 Etenim
2537 3011 2627 3066 his
2645 3011 2748 3082 qui
2769 3011 3091 3068 Servatoris
3109 3025 3318 3065 cruore
3337 3007 3640 3078 gaudebat

269 3109 480 3175 χαίρων
527 3109 618 3155 καὶ
665 3109 960 3177 περιχανὼν
1007 3111 1096 3155 τοι)
1146 3109 1398 3175 Σωτῆροςν
1447 3105 1588 3152 οὔπω
1640 3109 1732 3160 τῆς
1773 3119 1872 3171 χα-

1985 3101 2156 3173 eique
2186 3100 2468 3166 inhiabat,
2493 3100 2716 3169 gaudio
2741 3115 2852 3155 suo
2879 3099 3208 3154 visceribus
3246 3097 3517 3154 nondum
3548 3113 3640 3152 re-

269 3200 362 3267 ρᾶς
403 3199 516 3254 τοίς
571 3192 898 3263 σπλάγχνοις
947 3190 1386 3264 ἐμϐαθυναμένης,
1442 3195 1530 3248 τήν
1579 3209 1632 3242 τε
1671 3187 1874 3240 ἀνίατον

273 3285 404 3352 ἔσχε
475 3280 978 3353 καταλαμϐάνουσαν
1059 3279 1282 3350 πληγὴν,
1356 3285 1442 3330 καὶ
1525 3281 1610 3330 τὸν
1673 3277 1876 3350 ὄλεθρον

273 3371 652 3440 ἀπαραίτητον
703 3371 730 3422 6
787 3367 846 3423 ti":
887 3375 1067 3442 Πατὴρ
1117 3369 1210 3420 οὐκ
1271 3367 1612 3441 ἀρεσκόμενος
1665 3367 1876 3418 αὐτόθεν

273 3469 334 3532 τῇ
378 3469 472 3512 τοῦ
507 3461 722 3531 αἳματος
759 3462 938 3531 χύσει,
993 3459 1190 3534 ἠρέσθη
1231 3477 1284 3510 τε
1314 3457 1544 3530 μάλιστα
1588 3459 1876 3530 συμπροὶὸν

275 3555 332 3602 τὸ
399 3551 546 3612 τέλος
619 3551 770 3622 ὀρῶν,
829 3555 920 3600 καὶ
979 3556 1282 3622 περιχαρῶς
1355 3543 1726 3622 προσιδέξατο’
1785 3545 1878 3596 οὐκ

277 3640 402 3692 αὐτὸ
453 3647 608 3692 τοῦτο
653 3637 808 3710 φιλῶν
855 3642 949 3696 τὴν
1008 3641 1214 3708 σφαγὴν
1262 3643 1352 3688 τοῦ
1401 3632 1615 3700 Παιδὸς,
1659 3633 1765 3686 ἄλλ’
1823 3633 1879 3686 ἐκ

277 3737 368 3780 τοῦ
419 3728 616 3794 τιλους,
675 3731 744 3788 ὡς
803 3729 1022 3799 εἴρηται,
1073 3731 1164 3777 καὶ
1209 3731 1404 3782 ταύτην
1461 3723 1878 3796 ἐξοικειούμενος,

275 3823 360 3870 καὶ
391 3819 464 3878 εἰς
495 3813 740 3877 εὐδοκίας
769 3816 918 3886 λόγον
942 3823 1254 3886 μεταποιῶν.

347 3905 416 3963 δ’.
463 3911 564 3960 Καὶ
611 3909 748 3976 ἔχεις
799 3903 1066 3957 xciv-r3909
1115 3905 1158 3957 εὶ
1188 3903 1364 3978 βούλει
1416 3909 1505 3956 καὶ
1545 3901 1882 3976 ἀπορήματος

278 3997 502 4050 παλαιοῦ
556 3998 686 4068 πρὸς
742 3993 890 4046 λύσιν
957 3995 1158 4067 ὁρῶσαν
1216 3994 1568 4066 ἀναφυομένην
1621 3991 1876 4064 ἀφορμήν¹

277 4091 334 4140 τὸ
379 4084 442 4138 δὲ
480 4085 732 4158 ἀπὸρημα
761 4083 805 4136 εἰ
842 4087 931 4135 καὶ
969 4091 1078 4144 τοῖς
1121 4085 1186 4134 τὰ
1217 4085 1328 4136 θεῖα
1375 4083 1743 4154 φιλοσοφοῦσιν
1788 4081 1882 4133 οὐκ

277 4173 496 4240 ἄδηλον,
540 4173 648 4225 ἀλλ’
699 4173 788 4225 οὖν
837 4173 904 4232 εἰς
956 4177 1130 4230 κοινὴν
1187 4171 1423 4222 ἁπάντων
1483 4179 1677 4241 γνῶσιν
1725 4171 1881 4224 εἰπεῖν

275 4265 712 4336 λυσιτελέστερον·
767 4261 808 4314 ιὶ
870 4262 1051 4334 λύτρον
1109 4257 1265 4318 ἐδόθη
1327 4265 1382 4312 τὸ
1439 4267 1694 4332 σωτήριον
1753 4259 1884 4332 αἱμα

279 4360 370 4412 τὴν
409 4353 514 4406 απὸ
557 4361 651 4414 τῆς
689 4350 1064 4422 αἰχμαλωσίας
1093 4349 1373 4423 ἀνάρρυσιν
1403 4357 1494 4401 τοῦ
1523 4352 1694 4416 γένους
1735 4351 1882 4420 ἡμῶν

1985 3195 2178 3263 cepto,
2201 3189 2558 3246 mortiferum
2581 3189 2797 3244 vulnus
2811 3186 3380 3261 atqueineluctabile
3393 3185 3633 3242 exitium

1984 3293 2304 3350 perpessus
2325 3283 2432 3334 est.
2455 3279 2672 3334 Contra
2692 3277 2874 3342 Pater,
2895 3277 3002 3332 etsi
3025 3273 3336 3346 sanguinis
3347 3273 3638 3332 effusione

1983 3369 2138 3424 illico
2164 3383 2284 3423 non
2315 3373 2400 3423 est
2421 3367 2678 3438 gavisus,
2711 3365 3120 3430 nihilominus,
3145 3366 3230 3421 rei
3257 3365 3480 3420 exitum
3509 3379 3640 3436 spe-

1985 3465 2173 3524 ctans,
2197 3472 2578 3528 summopere
2591 3455 3006 3522 delectabatur,
3025 3461 3204 3526 atque
3217 3455 3376 3509 hunc
3395 3469 3534 3508 eum
3558 3454 3642 3506 in-

1986 3546 2145 3618 genti
2192 3545 2396 3602 laetitia
2439 3544 2868 3616 exspectabat:
2911 3543 3074 3600 haud
3122 3557 3266 3598 sane
3309 3541 3476 3614 quod
3521 3539 3642 3596 Filii

1987 3636 2214 3692 caadem
2225 3650 2331 3706 per
2345 3634 2612 3706 seipsam
2629 3636 2960 3705 expeteret;
2985 3631 3089 3688 sed
3101 3632 3181 3688 ob
3203 3631 3333 3702 eius
3359 3629 3640 3698 fructum,

1989 3729 2052 3780 ut
2081 3724 2352 3788 diximus,
2393 3723 2548 3778 hanc
2587 3721 2952 3794 amplectens
2982 3725 3162 3794 atque
3203 3721 3265 3778 in
3295 3720 3380 3776 rei
3409 3717 3642 3791 placitas

1987 3813 2186 3868 locum
2221 3827 2478 3884 ponens.

2059 3903 2112 3958 4.
2157 3902 2331 3958 Porro
2363 3905 2562 3958 autem
2593 3899 2726 3956 hinc
2772 3905 2940 3971 potes
2975 3899 3180 3955 veteris
3205 3913 3450 3971 quoque
3477 3911 3643 3968 quaa-

1990 3992 2196 4048 stionis
2211 3989 2610 4046 dissolvendai
2629 3989 3012 4046 occasionem
3029 3987 3374 4050 ultroneam.
3406 3987 3456 4042 si
3479 3984 3640 4050 libet,

1991 4097 2204 4153 capere
2224 4097 2236 4136 :
2261 4095 2396 4152 qum
2408 4095 2552 4136 sane
2563 4079 2794 4152 questio
2819 4093 3164 4151 quanquam
3177 4091 3362 4134 sacrae
3379 4075 3638 4132 scientias

1990 4169 2274 4226 studiosis
2315 4185 2432 4225 non
2468 4173 2556 4224 est
2577 4168 2894 4239 incognita,
2923 4183 3083 4223 nunc
3114 4171 3314 4222 tamen
3359 4181 3482 4220 non
3513 4165 3640 4220 sine

1988 4259 2182 4316 fructu
2199 4258 2275 4316 ad
2306 4272 2690 4314 communem
2712 4257 2982 4312 omnium
2997 4255 3266 4310 notitiam
3281 4253 3634 4326 proferetur.

1992 4350 2046 4405 Si
2063 4349 2229 4420 pretii
2243 4347 2376 4404 loco
2389 4347 2712 4404 Servatoris
2725 4361 2830 4401 san
2840 4345 2972 4414 guis
2987 4345 3166 4399 datus
3181 4343 3309 4412 fuit,
3326 4341 3432 4414 qui
3455 4341 3641 4398 nostri

278 4440 580 4514 μεθοδεῦον,
635 4447 718 4503 τίς
759 4443 784 4492 6
823 4439 990 4492 λαϐὼν
1037 4439 1196 4510 (38);
1257 4443 1421 4512 Ιιατρὶ
1474 4443 1562 4510 μὲν
1619 4441 1720 4511 γὰρ
1776 4439 1874 4510 οὐχ

1991 4437 2223 4510 generis
2253 4453 2288 4492 a
2327 4435 2664 4507 captivitate
2703 4434 3180 4504 redemptionem
3217 4437 3470 4494 curaret,
3501 4429 3640 4502 quis

279 4529 382 4588 ἡδύ
409 4539 504 4584 τοὺ
545 4527 746 4592 Παιδὸς
785 4531 814 4586 ἡ
865 4533 1060 4600 σφαγὴ
1103 4535 1174 4597 τῷ
1213 4524 1272 4580 δὲ
1317 4527 1483 4599 λῃστῇ
1523 4535 1626 4588 πῶς
1661 4527 1720 4579 οὗ
1758 4525 1880 4578 τολ-

279 4625 444 4695 μηρὸν
499 4625 590 4672 καὶ
653 4625 810 4690 φονεῖ,
863 4613 1046 4668 δοῦναι
1109 4619 1296 4690 Κύριον
1364 4617 1584 4687 αἵματος
1640 4616 1881 4686 γενέσθαι

279 4719 368 4762 του
401 4707 762 4771 δεσποτικοὺς
803 4705 964 4758 πολλὰ
1011 4709 1102 4776 μὲν
1149 4708 1246 4777 γὰρ
1277 4709 1366 4756 καὶ
1407 4705 1536 4756 illa
1575 4709 1666 4762 τὴν
1699 4700 1878 4756 διαλυ-

283 4817 364 4850 σιν
393 4802 730 4872 παραστήσει
765 4803 856 4847 τοῦ
899 4798 1212 4866 ζητήματος,
1261 4793 1330 4844 ὧν
1359 4793 1453 4845 οὐκ
1499 4795 1714 4866 ἄκαιρον
1759 4793 1882 4850 ἴσως

281 4887 390 4958 μετ’
439 4887 614 4956 ὀλίγον
663 4885 1066 4956 ἐπιμνησθῆναιο
1117 4887 1176 4934 τὸ
1231 4879 1290 4934 δί
1338 4879 1430 4934 διὰ
1475 4889 1576 4934 τῶν
1627 4883 1881 4957 ῥηθέντων

281 4979 478 5049 προιὸν,
518 4977 544 5026 6
617 4979 794 5048 Πατὴρ
843 4976 933 5045 μὲν
985 4969 1204 5043 δέχεται
1245 4973 1302 5022 τὸ
1356 4967 1488 5044 αἷμα
1537 4979 1628 5022 τοῦ
1683 4968 1882 5032 Παιδὸς

283 5069 422 5137 ποθῳ
493 5073 586 5118 τοῦ
643 5061 996 5121 ἐκϐεϐηκὸτος·
1075 5061 1100 5112 6
1153 5055 1212 5112 δὲ
1281 5065 1505 5133 πονηρὸς
1555 5059 1741 5134 ἐτόλμα
1790 5063 1880 5132 μὶν

285 5159 368 5206 καὶ
417 5157 726 5230 ἐθρασύνετο
777 5149 964 5218 λαϐεῖν,
1019 5147 1262 5202 emtas:
1315 5145 1374 5202 δὲ
1431 5157 1525 5210 τῆς
1579 5149 1882 5223 τυραννίδος

1989 4529 2122 4600 ejus
2151 4531 2416 4598 receptor
2437 4529 2524 4579 est
2548 4523 2576 4578 ?
2599 4523 2752 4580 Patri
2783 4529 2934 4578 certe
2963 4522 3128 4578 haud
3157 4526 3283 4576 erat
3311 4527 3482 4588 grata
3515 4519 3640 4574 Filii

1990 4615 2182 4671 caedes
2211 4633 2224 4670 :
2257 4613 2470 4669 latroni
2498 4619 2700 4668 autem
2722 4618 2778 4668 et
2809 4609 3118 4666 homicidae
3147 4607 3392 4664 diabolo
3425 4605 3638 4680 quidni

1993 4704 2068 4760 sit
2081 4703 2358 4759 nefarium
2377 4701 2656 4756 Dominici
2669 4700 2974 4771 sanguinis
2991 4701 3334 4770 potestatem
3347 4696 3602 4754 tribuere
3618 4695 3648 4750 γ

1989 4793 2127 4848 Aliae
2143 4792 2386 4864 quidem
2409 4788 2602 4845 multae
2615 4789 2957 4861 quaestionis
2975 4787 3298 4842 solutiones
3315 4791 3476 4851 sunt,
3489 4799 3644 4857 quas

1991 4881 2166 4954 paulo
2199 4885 2333 4952 post
2365 4893 2694 4936 memorare
2717 4891 2836 4932 non
2865 4877 2972 4932 erit
2998 4875 3248 4932 fortasse
3277 4874 3645 4946 intempesti-

1993 4986 2172 5026 vum:
2205 4972 2308 5024 sed
2339 4969 2458 5022 haec
2507 4971 2720 5038 sponte
2759 4981 2830 5020 ex
2887 4971 3023 5022 ante
3071 4965 3248 5020 dictis
3297 4963 3444 5030 ﬂuit,
3477 4962 3640 5035 quod

1991 5073 2208 5130 nempe
2241 5059 2408 5114 Pater
2447 5055 2570 5110 Filii
2612 5055 2963 5126 sanguinem
3011 5053 3152 5110 boni
3184 5053 3410 5110 fructus
3443 5052 3644 5108 studio

1995 5148 2293 5220 suscepit;
2317 5145 2595 5202 diabolus
2615 5149 2816 5202 autem
2839 5160 2976 5200 cum
2999 5144 3196 5200 furore
3219 5141 3548 5200 etaudacia
3570 5141 3648 5197 ad

1845 5329 2051 5386 ΝΟΤΕ
2065 5371 2080 5385 .

349 5509 462 5580 (38)
509 5510 696 5579 Super
738 5507 851 5562 hac
884 5507 1215 5580 quaestione
1254 5507 1622 5564 celebratum
1676 5513 1882 5580 postea

281 5577 386 5653 fuit
408 5577 568 5653 apud
595 5577 838 5653 Graecos
867 5577 1188 5653 multorum
1236 5581 1653 5653 episcoporum
1677 5577 1880 5636 ‘conci-

283 5649 586 5717 lium,'sub
609 5649 876 5708 Mauuele
893 5651 1034 5722 imp.
1063 5650 1390 5717 Comueno,
1415 5649 1576 5723 quod
1602 5657 1880 5708 accurate

1990 5507 2424 5562 commemorat
2448 5503 2626 5559 etiam
2661 5500 3028 5572 Ephraemius
3055 5516 3093 5572 a
3115 5515 3210 5556 me
3223 5497 3512 5572 editusin
3533 5499 3648 5554 Cae-

1989 5577 2225 5634 saribus
2257 5593 2312 5630 ν.
2347 5575 2485 5647 4742
2511 5589 2680 5647 seqq.
2706 5569 2878 5644 Ipsos
2913 5571 3180 5645 praedicti
3209 5569 3446 5627 concilii
3475 5575 3646 5626 actus

1987 5663 2100 5720 ego
2123 5647 2286 5704 brevi
2319 5645 2584 5704 editurus
2601 5645 2769 5701 sum.
