3950 6180
455 194 557 246 179

449 314 856 388 accipiendum
896 317 1235 384 raperetur,
1263 311 1588 384 tyrannidis
1619 327 1743 366 suae
1770 310 1896 366 vice
1940 326 2108 366 versa

448 405 769 478 perniciem
792 401 998 466 retulit,
1030 407 1221 474 atque
1266 401 1575 473 inOpinam
1625 404 1681 456 et
1711 401 1837 456 sine
1873 399 2108 456 medela

449 495 689 567 plagam
714 508 725 548 :
750 492 823 547 de
842 508 966 564 qua
995 492 1227 563 pridem
1261 491 1828 563 suspicans,partim
1858 489 2106 562 quidem

449 584 526 641 ad
549 598 785 638 crucem
801 581 1034 651 ruebat,
1058 579 1272 654 partim
1294 579 1656 636 retinebatur
1673 584 1848 651 atque
1871 594 1904 634 a
1930 584 2108 634 sacri-

447 673 582 743 lego
603 673 820 743 impetu
835 669 1197 726 abstinebat.
1209 673 1245 724 A
1260 675 1400 742 tque
1416 668 1568 724 adeo
1587 667 1834 741 qumstio
1851 667 2106 739 hmcjam

449 778 570 818 non
586 760 1045 836 poteritpiorum
1072 759 1312 815 auribus
1333 774 1462 815 esse
1483 757 1756 814 molesta.
1785 757 2108 829 Caeteroqui

449 851 595 908 nihil
615 854 771 908 vetat
788 849 1113 922 quominus
1141 864 1330 922 nuper
1353 847 1654 920 promissa
1674 847 1982 903 faciamus.
2007 849 2109 902 Re-

450 938 706 1012 demptis
731 938 989 1011 pretium
1020 936 1240 1009 duplici
1297 936 1407 992 sub
1447 936 1687 992 notione
1732 935 2107 991 considerare

451 1029 605 1094 licet,
637 1028 922 1084 nimirum
955 1031 1018 1084 ut
1070 1026 1442 1099 captivorum
1487 1024 1788 1089 redimias,
1841 1028 2018 1097 atque
2046 1027 2108 1080 ut

451 1118 824 1190 captivorum
857 1115 1101 1171 Domino
1128 1116 1376 1171 donum.
1401 1113 1608 1170 Christi
1633 1115 1878 1182 sanguis
1904 1119 2106 1186 quate-

450 1223 564 1263 nus
616 1206 1008 1262 redimiarum
1069 1205 1196 1260 vice
1226 1203 1518 1274 fungitur,
1551 1218 1695 1259 sane
1726 1203 1980 1275 pretium
2019 1219 2107 1258 re-

451 1295 813 1367 demptionis
843 1294 958 1349 dici
980 1297 1211 1365 potest;
1243 1297 1650 1350 verumtamen
1680 1296 1976 1364 quatenus
2003 1291 2107 1347 do-

450 1383 1132 1454 nummangoniest,illo
1149 1382 1390 1438 nomine
1419 1382 1500 1437 uti
1516 1380 1738 1454 nequit.
1767 1383 1832 1436 Et
1855 1379 2101 1452 quidem

451 1475 563 1532 alia
589 1473 774 1529 multa
791 1471 1216 1544 redemptionis
1243 1471 1481 1544 proprie
1499 1471 1658 1526 dicto
1675 1471 1862 1542 pretio
1880 1469 2101 1532 insunt,

450 1579 587 1636 qum
619 1577 853 1619 arcanae
893 1560 1030 1615 huic
1062 1566 1118 1616 et
1167 1559 1541 1615 inenarrabili
1597 1558 1938 1614 ceconomiae
1981 1573 2101 1613 non

452 1649 1115 1724 congruunt.Siquidem
1133 1650 1234 1721 qui
1255 1649 1498 1720 pretium
1519 1647 1700 1713 dedit,
1718 1648 1856 1720 quia
1873 1648 1951 1702 rei
1973 1648 2102 1718 ejus

453 1741 736 1812 deinceps
776 1738 1057 1794 dominus
1104 1754 1237 1793 esse
1274 1753 1394 1794 non
1442 1743 1646 1808 potest,
1678 1737 2099 1793 detrimentum

452 1829 853 1886 necessarium
884 1827 1103 1900 patitur
1133 1843 1146 1882 :
1183 1832 1390 1884 contra
1413 1827 1516 1899 qui
1548 1826 1775 1898 accipit,
1805 1826 1971 1881 lucro
1998 1841 2095 1882 au-

452 1924 640 1989 getur,
692 1917 878 1990 fitque
916 1917 999 1972 rei
1028 1915 1334 1986 dominus,
1378 1931 1514 1989 qum
1543 1915 1603 1970 in
1647 1916 1776 1986 ejus
1810 1919 2100 1988 potestate

453 2012 626 2064 antea
657 2022 777 2063 non
804 2011 948 2062 erat.
966 2008 1130 2062 Nunc
1155 2020 1335 2061 omne
1353 2009 1559 2062 contra
1580 2009 1685 2060 est.
1712 2004 1820 2070 Qui
1845 2005 2097 2077 pretium

451 2096 663 2153 obtulit
679 2094 1200 2168 (quandoquidem
1219 2095 1422 2168 omnia
1445 2094 1504 2148 in
1525 2095 1620 2150 Dei
1637 2099 1924 2166 potestate
1940 2098 2092 2158 sunt,

450 2201 646 2258 neque
676 2184 864 2258 ipsius
895 2183 1090 2240 Abelis
1127 2199 1322 2257 neque
1360 2189 1689 2254 martyrum
1736 2183 1980 2255 sanguis
2021 2181 2100 2239 ab

451 2277 580 2348 ejus
609 2274 981 2348 providentia
1001 2273 1389 2346 dominioque
1419 2273 1650 2342 abfuit),
1676 2273 1791 2339 hic,
1826 2275 2099 2345 inquam,

449 2363 682 2419 nullum
706 2363 1313 2434 cepitdetrimentum.
1329 2365 1476 2418 Nam
1489 2362 1627 2433 quis
1645 2363 1891 2418 omnino
1904 2361 2100 2417 dicere

449 2451 607 2518 velit,
624 2451 703 2506 ab
727 2467 798 2506 eo
824 2451 926 2522 qui
949 2450 1313 2506 famulorum
1329 2466 1594 2515 suorum,
1620 2455 1944 2523 etquornm
1968 2465 2101 2505 san-

451 2540 582 2608 guis
594 2540 914 2595 exhaustus
931 2539 1056 2608 fuit,
1075 2555 1279 2595 curam
1304 2539 1469 2609 gerit,
1489 2540 1710 2611 quique
1734 2544 2099 2595 mortuorum

449 2634 510 2684 ut
533 2628 855 2684 viventium
888 2628 1181 2684 clamores
1203 2629 1365 2684 audit
1391 2645 1406 2694 ;
1436 2628 1594 2700 quis,
1624 2628 1894 2700 inquam,
1920 2628 2098 2692 dicat,

450 2717 772 2773 salutarem
795 2717 961 2790 etqui
989 2717 1198 2773 orbem
1221 2715 1478 2772 vivificat
1498 2717 1872 2787 sanguinem,
1898 2718 1957 2772 in
1981 2718 2102 2772 the-

429 2806 1044 2878 saurisprovidentim
1063 2823 1189 2862 sum
1214 2807 1291 2862 ab
1313 2821 1384 2862 eo
1405 2821 1525 2862 non
1544 2806 1721 2861 fuisse
1736 2806 2099 2862 incolumem

447 2900 886 2962 conservatum,
911 2901 1091 2968 atque
1121 2897 1196 2952 ab
1222 2896 1386 2952 omni
1405 2911 1695 2968 corporea
1726 2895 2102 2968 corruptione

448 2988 774 3057 protectum
788 2984 817 3040 τ
829 2988 955 3042 Non
975 2985 1152 3056 igitur
1167 2986 1456 3042 damnum
1475 2985 1712 3058 pertulit
1726 2987 1829 3058 qui
1843 2986 2098 3058 pretium

449 3075 696 3132 contulit
721 3091 734 3129 :
761 3075 883 3131 imo
905 3075 1161 3131 universi
1179 3075 1413 3146 generis
1443 3076 1633 3132 nostri
1655 3075 1916 3131 clemens
1931 3077 2099 3132 Jesus
2138 3075 2145 3116 ἓ

451 3164 703 3220 salutem
735 3164 1000 3221 lucratus
1031 3169 1138 3220 est.
1172 3165 1280 3231 Qui
1311 3181 1454 3220 vero
1485 3181 1546 3221 se
1572 3170 1960 3237 accepturum
1998 3182 2100 3237 pn-

448 3252 631 3321 tabat,
646 3252 792 3308 dum
807 3253 879 3308 de
893 3269 1001 3308 suo
1023 3255 1196 3309 unice
1221 3255 1386 3309 lucro
1407 3255 1645 3326 cogitat,
1663 3253 1828 3309 illam
1853 3269 2098 3326 quoque

447 3340 664 3405 amisit,
693 3342 864 3410 cujus
886 3341 1034 3396 vires
1060 3346 1366 3414 tantopere
1384 3343 1666 3412 jactabat,
1691 3343 2095 3415 tyrannidem.

449 3430 633 3493 Quare
662 3430 999 3485 Dominicus
1026 3430 1298 3486 salutaris
1329 3433 1572 3500 sanguis
1603 3432 1853 3503 pretium
1893 3447 2098 3489 revera

447 3517 874 3588 redemptionis
902 3525 1010 3585 est,
1065 3520 1204 3591 quia
1235 3536 1342 3575 nos
1381 3519 1719 3592 captivitate
1749 3521 2048 3592 expedivit
2079 3539 2092 3578 :

451 3606 556 3662 sed
574 3605 734 3662 idem
749 3621 785 3662 a
799 3606 1229 3678 redemptionis
1246 3609 1436 3680 pretio
1455 3608 1662 3678 differt,
1688 3614 1813 3664 tum
1832 3609 1978 3681 quia
1992 3609 2096 3681 illi,

449 3695 548 3765 qui
570 3698 848 3752 naturam
865 3699 1131 3752 nostram
1145 3696 1551 3752 fraudulenter
1563 3697 1802 3754 servitio
1813 3700 2094 3770 oppresit,

447 3799 568 3840 non
585 3788 675 3838 est
701 3782 934 3839 oblatus
957 3801 969 3850 ;
995 3789 1115 3840 tum
1133 3785 1274 3857 quia
1293 3786 1458 3857 pretii
1484 3786 1727 3857 quidem
1742 3787 2096 3858 praclarum

447 3871 680 3928 lucrum
711 3888 838 3928 esse
877 3872 1044 3938 solet,
1078 3874 1237 3929 nullo
1268 3874 1494 3929 damno
1524 3875 1739 3931 comite
1767 3898 1778 3930 :
1831 3881 2093 3932 attamen

447 3960 684 4016 diabolo
723 3963 1087 4033 captivorum
1126 3963 1271 4019 hero
1302 3963 1670 4036 duplicatum
1700 3966 1898 4036 potius
1935 3983 2097 4022 sum-

448 4066 738 4123 mumque
753 4053 1040 4107 damnum
1059 4053 1271 4108 evenit.
1289 4053 1573 4109 Praeterea
1588 4055 2094 4126 redemptionibus

447 4139 576 4197 aliis
616 4140 867 4213 paciﬁca
889 4140 1072 4196 verba
1104 4147 1362 4212 praeeunt
1389 4159 1403 4207 ;
1431 4141 1525 4197 hic
1551 4143 1692 4198 dum
1725 4144 1978 4215 pretium
2008 4161 2094 4200 re-

447 4229 1191 4304 demptionispersolvitur,
1211 4230 1439 4302 justum
1462 4232 1890 4303 Deijnclicium,
1909 4249 2094 4306 quam

446 4321 788 4376 ﬁrmissime
813 4319 953 4376 olim
979 4320 1394 4376 decreveratiu
1418 4321 1647 4377 hostem
1673 4337 1931 4393 poenam,
1961 4339 2094 4379 eam

447 4409 561 4465 hoc
589 4409 971 4480 potissimum
1005 4415 1271 4481 tempore
1302 4409 1670 4465 facinoribus
1696 4411 1826 4481 ejus
1859 4411 2092 4467 inﬂixit.

448 4498 710 4569 Denique
734 4497 792 4552 in
815 4499 1042 4554 caeteris
1063 4497 1556 4571 redemptionibus
1575 4498 2096 4571 fmderaquaadam

448 4584 533 4639 vel
567 4585 643 4641 ad
688 4586 930 4656 longum
960 4586 1049 4643 vel
1088 4589 1162 4643 ad
1196 4588 1373 4643 breve
1402 4594 1636 4659 tempus
1677 4588 1959 4644 feriuntur
1988 4608 2008 4654 ;
2038 4590 2097 4646 in

449 4673 582 4738 hac,
615 4673 690 4728 de
713 4691 832 4745 qua
848 4676 1102 4746 agimus,
1127 4677 1270 4732 nihil
1295 4677 1407 4732 tale
1426 4678 1713 4748 suspicari
1733 4678 1882 4732 licet.
1908 4679 2097 4750 Atque

450 4753 750 4833 ejusmodi
773 4763 1186 4834 alimplurimaa
1205 4765 1544 4821 ditTerentia:
1564 4773 1723 4820 sunt.
1762 4769 1952 4830 Quare
1971 4767 2096 4823 ﬁeri

450 4866 570 4906 non
617 4856 801 4923 potest
851 4859 911 4908 ut
967 4853 1156 4908 oratio
1199 4856 1599 4910 necessitatem
1641 4871 1762 4928 prie
1815 4871 1874 4910 se
1928 4855 2093 4923 ferat,

448 4940 966 5013 quemadmodum
991 4957 1123 4998 eam
1142 4942 1458 5000 obtendere
1479 4950 1692 5017 potest,
1717 4962 1852 5000 cum
1879 4963 1988 5000 vox
2013 4962 2093 5000 re-

448 5030 642 5085 dimire
655 5031 941 5102 primario
964 5047 1144 5087 sensu
1162 5031 1516 5104 intelligitur.
1538 5037 1678 5090 Nam
1713 5034 1964 5105 ﬁgurate
1980 5035 2096 5092 hoc

448 5121 598 5188 loco,
632 5121 680 5176 si
708 5136 977 5194 unquam
1009 5121 1178 5187 alias,
1211 5137 1326 5178 vox
1353 5124 1646 5195 accipitur.

1678 185 1914 241 PHOTll
1962 185 2444 241 PATRIARCllAi
2483 187 2586 240 (ΖΡ.

3675 190 3762 243 180

2138 311 2180 364 Α
2220 310 2378 363 αὑτοῦ
2425 315 2517 368 τὴν
2557 312 2860 385 καθαίρεσιν
2903 315 2994 362 καὶ
3049 317 3142 369 τὴν
3184 307 3555 384 ἀπροσδόκητόν
3601 333 3649 364 τε
3689 321 3767 366 καὶ

2220 402 2426 452 ἀνίατον
2457 399 2680 471 πληγήν*
2734 403 2793 458 ἣν
2825 405 2914 453 καὶ
2945 397 3274 472 ὑπιδόμενος,
3327 400 3430 472 ἅμα
3473 419 3520 452 τε
3561 399 3771 459 ἐπεπάὅα

2217 498 2288 559 τῷ
2341 497 2569 564 σταυρῷ,
2613 495 2702 541 καὶ
2749 490 2860 562 ἅμα
2909 489 3265 542 συνεστελλετό
3315 509 3366 541 τε
3409 493 3493 541 καὶ
3549 489 3771 561 ἀφίστατο

2216 587 2308 641 τῆς
2391 580 2756 652 θεομαχούσης
2822 581 3006 652 ὁρμῆςί
3077 584 3166 630 καὶ
3243 579 3409 630 ούκέτι
3473 579 3772 652 παρενοχλεῖν

2216 667 2362 741 οἶμαι
2391 671 2448 720 τὸ
2479 678 2570 728 τῆς
2615 667 2835 741 ἀπορίας
2882 668 3041 740 ἰσχύν
3095 668 3191 731 ἔξει
3231 671 3321 728 τὰς
3348 677 3441 720 τῶν
3468 667 3771 721 εύσεϐούντων

2216 756 2394 820 ἀκοάς·
2478 757 2607 816 πλὴν
2687 755 2837 810 οὐδὲν
2912 757 3095 810 κωλύει
3169 761 3291 831 πρὸς
3358 762 3447 815 τὴν
3504 757 3771 828 ἐπαγγελίαν

2216 846 2399 900 ἐλθεῖν·
2453 850 2521 909 ὡς
2560 844 2666 900 ἐπεὶ
2705 850 2762 899 τὸ
2803 846 2986 922 λύτρον
3017 851 3147 920 πρὸς
3186 843 3283 898 δύο
3335 848 3448 898 τινὰ
3486 849 3572 903 τὴν
3615 844 3772 918 ἀναιρο-

2214 939 2308 1008 ράν
2344 939 2407 996 ως
2459 935 2645 988 ἐπίπαν
2677 938 2808 1007 ἔχει,
2860 938 3043 1010 ῥύσιόν
3098 954 3150 988 τε
3196 944 3293 988 τῶν
3341 939 3674 1006 κατεχομένων
3717 936 3774 987 ιῖ-

2214 1045 2318 1089 ναι,
2370 1029 2458 1077 καὶ
2504 1021 2672 1098 δῶρον
2723 1027 2948 1100 ὁρᾶσθαι
2987 1034 3057 1096 τῷ
3087 1029 3380 1096 κατέχοντι·
3414 1027 3481 1085 ὡς
3507 1027 3590 1096 μεν
3616 1025 3771 1097 ῥύσιον

2214 1124 2313 1167 τῶν
2361 1120 2744 1187 κατεχομένων,
2784 1114 2967 1190 λύτρον
3016 1117 3077 1166 οἶν
3125 1118 3201 1172 εἴη
3252 1119 3308 1166 τό
3363 1119 3607 1187 σωτήριον
3642 1110 3768 1184 αἷμα,

2214 1207 2284 1266 ὡς
2359 1201 2417 1257 δὴ
2478 1202 2645 1276 δῶρον
2705 1212 2795 1256 τοῦ
2850 1208 3182 1276 κατέχοντος,
3251 1199 3508 1275 ούδαμῶς·
3563 1201 3658 1254 ἐπεὶ
3697 1207 3772 1254 καὶ

2213 1293 2375 1346 πολλὰ
2429 1294 2558 1346 οἰλλα
2616 1303 2688 1365 τῷ
2741 1299 2936 1367 κυρίως
3010 1293 3262 1366 λεγομένῳ
3338 1296 3590 1367 προσόντα
3631 1291 3772 1363 λύτρῳ

2214 1391 2274 1454 τῇ
2332 1381 2580 1456 ἀφράστῳ
2652 1386 2815 1451 ταύτῃ
2870 1387 2959 1434 καὶ
3025 1384 3150 1454 ὑπὲρ
3204 1381 3354 1453 λόγον
3415 1381 3471 1433 ού
3530 1384 3773 1454 πρόσεστιν

2213 1473 2500 1544 οἰκονομία·
2556 1478 2644 1524 καὶ
2692 1475 2791 1546 γαρ
2855 1473 2880 1524 ὁ
2930 1475 3019 1544 μεν
3070 1475 3127 1523 τό
3157 1471 3340 1545 λύτρον
3390 1467 3585 1537 δεδούς,
3630 1469 3772 1522 ούκέτι

2214 1561 2492 1635 δυνάμενος
2548 1559 2676 1614 εἶναι
2731 1565 2919 1634 Κύριος
2948 1563 3015 1611 ὧν
3047 1565 3305 1632 παρέσχε,
3339 1565 3430 1618 τὴν
3465 1559 3644 1630 ζημίαν
3679 1562 3773 1630 ἔχει

2133 1669 2176 1724 B
2211 1655 2345 1706 κατὰ
2371 1655 2428 1704 τό
2469 1650 2824 1724 ἀπαραίτητον
2866 1649 3271 1702 ἀκολουθοῦσαν⁹
3306 1644 3559 1722 κερδαίνει
3587 1644 3632 1699 δ’
3655 1648 3678 1698 ὁ
3701 1646 3774 1698 λαο

2161 1791 2170 1798 .
2212 1743 2310 1795 ϐων
2351 1743 2487 1815 [καὶ]
2521 1742 2838 1792 καθίσταται
2866 1736 3124 1799 δεσπότης
3153 1739 3221 1789 ὧν
3265 1743 3504 1809 πρότερον
3533 1742 3619 1793 τὴν
3654 1736 3774 1798 ἐξου-

2214 1837 2332 1884 σίαν
2363 1830 2454 1882 ούκ
2487 1828 2616 1901 εἶχε·
2652 1829 2872 1880 ἐνταῦθα
2911 1824 2969 1880 δὲ
3012 1827 3306 1879 τούναντίον
3342 1826 3494 1878 ἅπαν·
3529 1827 3659 1897 ὁμὲν
3700 1844 3773 1876 κα-

2211 1922 2483 1993 ταθέμένος
2514 1922 2572 1970 τὸ
2607 1917 2787 1990 λύτρον
2819 1916 2927 1988 (καὶ
2957 1918 3059 1990 γὰρ
3084 1918 3254 1968 πάντα
3285 1913 3334 1967 ἐν
3365 1923 3426 1987 τῇ
3459 1919 3593 1986 χειρὶ
3622 1912 3772 1976 αὐτοῦ,

2211 2015 2299 2062 καὶ
2332 2005 2454 2061 ούδε
2493 2015 2585 2060 τοῦ
2628 2005 2780 2059 Ἀϐελ
2817 2009 2964 2079 αῖμα,
3018 2005 3076 2058 ού
3109 2009 3211 2077 μὴν
3252 2001 3378 2057 ούδέ
3402 2014 3499 2056 τῶν
3535 2005 3772 2077 μαρτύρων

2211 2100 2306 2162 ἔξω
2354 2107 2449 2160 τῆς
2496 2097 2656 2149 αύτού
2703 2098 2992 2153 καθέστηκε
3021 2100 3269 2168 προνοίας
3305 2099 3394 2146 καὶ
3424 2097 3614 2166 χειρός)
3649 2088 3775 2144 οὐδὲν

2212 2191 2301 2260 μὲν
2349 2183 2592 2245 ι*δηλονότι
2647 2185 2951 2256 ἐζημίωται·
2999 2190 3075 2244 τίς
3121 2186 3222 2258 γὰρ
3277 2183 3338 2235 ἂν
3375 2182 3495 2244 ὅλως
3540 2182 3679 2234 εἰπεῖν
3712 2179 3776 2232 ἕν-

2211 2282 2397 2349 νοήσῃ,
2458 2278 2529 2337 ὡς
2577 2280 2666 2348 μὲν
2713 2284 2812 2327 τῶν
2855 2277 3172 2347 θεραπόντων
3224 2273 3409 2339 αὑτοῦ,
3458 2276 3543 2324 καὶ
3588 2273 3648 2321 ὧν
3686 2269 3775 2322 ἐκε-

2210 2369 2450 2424 νώθησαν
2505 2368 2736 2437 αἱμάτων
2786 2367 2896 2417 ἔστι
2941 2363 3088 2435 λόγος
3142 2362 3304 2432 αύτῷ,
3361 2368 3449 2415 καὶ
3494 2363 3610 2426 μετὰ
3649 2361 3767 2412 θοίνα-

2212 2476 2297 2507 τον
2347 2458 2414 2517 ὡς
2465 2453 2726 2506 ἀθανάτων
2785 2452 3024 2525 βοώντων
3074 2453 3289 2512 ἀκούεις
3350 2454 3408 2503 τό
3458 2448 3514 2504 δε
3552 2452 3773 2520 σωτήριον

2211 2550 2300 2597 καὶ
2335 2548 2583 2607 ζωοποιόν
2633 2545 2764 2615 αἷμα
2794 2550 2884 2596 τοῦ
2919 2546 3120 2614 κόσμου
3169 2541 3263 2594 ούκ
3305 2544 3356 2594 ἐν
3401 2548 3504 2600 τοῖς
3539 2538 3773 2598 ἀθανάτοις

2213 2643 2304 2694 τῆς
2347 2634 2506 2686 αὐτοῦ
2538 2638 2782 2707 προνοίας
2811 2636 3038 2704 ταμείοις
3089 2635 3296 2703 συνέχει
3331 2629 3603 2703 ἀνώλεθρον
3639 2624 3771 2694 αύτῷ,

2212 2723 2301 2774 καί
2345 2724 2538 2796 φθορᾶς
2591 2723 2843 2793 σωμάτων
2889 2719 3142 2792 ἀνέπαφον
3197 2721 3603 2792 συντηρούμενος
3647 2712 3770 2783 (39);

2213 2811 2306 2863 ούκ
2357 2811 2640 2883 ἐξημίωται
2685 2815 2853 2862 τοίνυν
2903 2810 2961 2862 ού
3011 2813 3099 2882 μὲν
3141 2805 3226 2860 οὖν
3273 2809 3298 2860 ὃ
3329 2811 3390 2860 τὸ
3415 2807 3590 2881 λύτρον
3636 2821 3773 2856 κατα-

2216 2902 2436 2973 θέμενος,
2479 2898 2605 2951 ἀλλα
2656 2904 2745 2951 καὶ
2805 2907 2895 2952 τοῦ
2940 2903 3117 2970 γένους
3188 2899 3336 2970 ἡμῶν
3391 2899 3573 2955 παντὸς
3619 2895 3642 2944 ό
3688 2889 3772 2961 φιλ·

2131 3025 2174 3092 Ω
2212 2991 2474 3062 άνθρωπος
2529 2984 2918 3062 προσεκέρδησε
2971 2992 3062 3046 τὴν
3115 2991 3400 3059 σωτηρίαν·
3458 2987 3482 3037 ὁ
3525 2981 3581 3037 δὲ
3629 2979 3772 3033 λαϐεῖν

2209 3085 2443 3151 νομίσας,
2490 3080 2569 3130 ὅτι
2611 3077 2780 3130 λαϐεῖν
2829 3082 2982 3150 μόνον
3023 3075 3246 3149 ἐνόμισε,
3301 3080 3395 3128 καὶ
3444 3074 3592 3130 αὐτὴν
3641 3087 3775 3144 προσ-

2210 3167 2489 3236 απώλεσεν,
2543 3167 2617 3239 ἐφ’
2754 3186 2807 3219 τε
2859 3171 2993 3238 μέγα
3049 3165 3243 3238 ἐφρόνει
3299 3171 3394 3217 καὶ
3441 3169 3502 3222 ἣν
3548 3161 3774 3232 ἐνισχύειν

2210 3255 2440 3328 ἐνόμισεν
2503 3257 2663 3309 αύτού
2718 3252 3021 3329 τυραννίδα·
3079 3255 3213 3306 ὣστε
3279 3258 3338 3306 τὸ
3398 3257 3638 3326 σωτήριον
3699 3251 3771 3298 καί

2211 3345 2522 3400 δεσποτικὸν
2569 3347 2701 3418 αἷμα
2730 3349 2818 3396 καὶ
2849 3345 3038 3418 λύτρου
3082 3350 3263 3417 χώραν
3295 3345 3359 3395 ἄν
3391 3341 3586 3414 ἐπέχοι,
3632 3338 3774 3389 ἀνεκοο

2208 3441 2402 3510 μίσατο
2441 3438 2542 3510 γὰρ
2598 3437 2737 3506 ἡμᾶς
2789 3443 2881 3495 τῆς
2924 3433 3308 3506 αἰχμαλωσίας,
3354 3437 3446 3484 καὶ
3485 3439 3570 3483 τοῦ
3615 3429 3773 3498 λύτρον

2208 3525 2586 3598 παραλλάσσει,
2636 3526 2714 3575 ὅτι
2763 3519 2901 3594 μηδὲ
2951 3524 3269 3597 προσενέχθη
3317 3529 3392 3591 τῷ
3441 3525 3530 3578 τὴν
3558 3520 3772 3588 ἡμετέρη

2209 3618 2362 3687 φύσιν
2395 3613 2565 3686 ἀπάτῃ
2601 3609 2999 3684 δουλωσαμένῳ·
3040 3616 3126 3663 καὶ
3172 3612 3253 3662 ὃτι
3299 3609 3352 3661 ἐν
3397 3613 3486 3682 μεν
3524 3616 3591 3678 τῷ
3627 3607 3769 3675 λύτρῳ

2207 3707 2264 3756 τό
2312 3699 2497 3775 κέρδος
2537 3704 2722 3776 ὁρᾶται
2771 3706 2922 3773 μέγα,
2975 3697 3115 3773 μηδὲ
3163 3705 3288 3772 μιᾶς
3350 3698 3771 3766 συνεπινοουμένης

2209 3794 2422 3865 ζημίαςο
2457 3791 2504 3844 ἐν
2549 3788 2608 3843 δὲ
2636 3799 2706 3860 τῷ
2741 3795 3019 3862 κατέχοντι
3044 3794 3159 3850 τούς
3207 3788 3592 3860 αἰχμαλώτους,
3636 3781 3769 3838 διπλῆ

2206 3882 2393 3954 μᾶλλον
2449 3877 2507 3932 δε
2556 3879 2804 3940 παντελὴς
2842 3881 2872 3937 ἡ
2909 3880 3094 3950 ζημία·
3139 3878 3180 3930 εἰ
3225 3877 3406 3950 βούλει
3446 3874 3504 3930 δε
3532 3879 3614 3926 καὶ
3658 3869 3774 3923 διότι

2205 3979 2304 4024 τῶν
2348 3973 2436 4042 μεν
2484 3969 2646 4020 ἄλλων
2689 3969 2884 4042 λύτρων
2927 3966 3279 4039 συμϐατήριοι
3323 3972 3664 4039 προηγούνται
3711 3963 3776 4010 tri-

2204 4080 2311 4132 γοι,
2363 4059 2583 4111 ἐνταῦθα
2635 4054 2693 4110 δὲ
2743 4065 2832 4109 τοῦ
2883 4057 3072 4130 λύτρον
3126 4060 3493 4128 μελετωμένου,
3542 4056 3569 4110 ἡ
3620 4048 3775 4103 δικαία

2205 4155 2376 4223 κρίσις
2425 4147 2478 4199 ἐκ
2512 4147 2833 4199 παλαιτάτου
2881 4154 2949 4216 τῷ
2981 4145 3208 4217 πολεμίῳ
3250 4149 3307 4196 τὸ
3349 4139 3607 4196 ἄσπονδον
3645 4155 3775 4191 κατα-

2205 4238 2557 4310 ψηφιζομένη,
2621 4239 2693 4287 ἔτι
2749 4235 2936 4307 μᾶλλον
2987 4241 3272 4292 τηνικαῦτα
3320 4238 3415 4291 τὴν
3465 4233 3692 4285 τοιαύτην
3735 4224 3776 4285 ἐξ

2208 4328 2274 4376 ὧν
2336 4325 2523 4387 ἐκεῖνος
2596 4328 2840 4396 ἔπραττεν
2909 4322 3167 4376 ἐπιϐάλλει
3227 4319 3540 4379 καταδίκηνν
3602 4321 3678 4370 καὶ
3719 4310 3774 4369 δὴ

2208 4419 2296 4467 καὶ
2327 4414 2409 4467 ἐπὶ
2457 4416 2546 4486 μὲν
2576 4423 2674 4466 τῶν
2706 4413 2889 4476 ἄλλων,
2927 4413 3151 4464 σπονδαὶ
3191 4415 3398 4474 πάντως
3447 4413 3474 4470 ἦ
3527 4409 3605 4461 ἐπὶ
3642 4405 3778 4459 πολὺν

2209 4509 2236 4562 ἧ
2295 4503 2369 4556 ἐπ’
2422 4504 2590 4575 ὀλίγον
2650 4508 2984 4555 συνίστανται
3039 4506 3246 4574 χρόνον·
3300 4500 3348 4553 ἐν
3381 4498 3440 4553 δὲ
3493 4507 3562 4570 τῷ
3591 4499 3776 4569 παρόντι

2206 4594 2374 4666 λύτρῳ
2437 4590 2551 4645 οὐδ’
2606 4592 2806 4664 ἐπινοίᾳ
2864 4590 3036 4642 λαϐεῖν
3097 4594 3210 4642 ἔστι
3267 4590 3396 4663 ψιλῇ
3465 4591 3684 4642 τοιοῦτόν
3736 4601 3777 4633 τι

2207 4685 2603 4756 προενηγμένον,
2644 4685 2733 4731 καὶ
2780 4684 2920 4732 πόσα
2971 4679 3100 4731 ἄλλα
3147 4686 3382 4731 τοιαῦτα·
3441 4681 3573 4730 ὥστε
3620 4679 3776 4746 χώραν

2208 4773 2232 4822 ὁ
2278 4771 2428 4841 λόγος
2486 4771 2842 4842 προτείνεσθαι
2891 4769 3119 4839 ἀνάγκην
3178 4769 3271 4820 ούκ
3325 4771 3456 4839 ἔχει,
3514 4769 3566 4819 ὃν
3615 4769 3776 4834 τρόπον

2208 4860 2292 4912 ἐπὶ
2353 4868 2442 4910 τοῦ
2493 4864 2684 4932 κυρίως
2754 4856 2973 4910 δύναται
3037 4857 3414 4932 προϐάλλεσθαι
3477 4857 3674 4930 λύτρου’
3733 4850 3778 4902 ἐκ

2206 4956 2494 5022 μεταφορᾶς
2533 4952 2632 5021 γαρ
2683 4947 2920 5010 ἐνταῦθα,
2974 4951 3110 5023 εἰπερ
3156 4947 3410 5019 ἀλλαχοῦ,
3457 4944 3777 5020 παρείληπται

2205 5041 2235 5096 ἡ
2271 5044 2430 5110 φωνή.

2004 5279 2202 5337 ΝΟΤῈ
2217 5323 2229 5336 .

516 5401 632 5479 (39)
670 5400 988 5479 Notandus
1011 5401 1106 5457 hic
1140 5401 1329 5460 Photii
1356 5403 1524 5460 locus
1555 5410 1798 5479 propter
1829 5407 2128 5465 famosam
2150 5405 2224 5462 de
2263 5407 2553 5478 sanguine
2587 5407 2790 5463 Christi
2818 5406 2948 5462 fuso
2972 5416 3275 5468 versatam
3309 5407 3457 5464 inter
3483 5404 3779 5462 catholicos

447 5472 758 5546 theologos
785 5472 1196 5546 quaestionem.
