3950 6180
185 199 262 250 181
1139 193 1236 248 Al)
1275 193 1822 250 AMPllIlDClllUM
1865 196 2192 264 QU/ESTIO
2229 197 2440 256 XXIV.

227 321 270 374 ε’.
301 325 386 372 Καὶ
425 315 572 376 δῆλον
619 319 684 378 ὡς
715 318 774 370 οὗ
806 324 916 392 χρὴ
955 319 1238 392 βιάζεσθαι
1288 325 1719 392 συνεφαρμόττειν
1755 323 1796 374 Α

167 418 254 470 τοῖς
293 411 412 460 κατά
469 411 750 478 μεταφορὰν
803 407 1114 480 λεγομένοις,
1175 411 1278 461 ὅσα
1327 411 1531 470 πάντως
1579 429 1718 484 παρ-

165 501 343 552 έπεσθαι
373 499 505 548 εἰωθε
539 505 608 566 τῷ
651 499 790 549 κατά
817 503 912 556 τήν
944 496 1032 549 ἀπ’
1080 497 1255 574 ἀρχῆς
1303 499 1442 550 θίσιν
1491 505 1581 560 τῆς
1613 519 1720 570 φω-

161 597 235 649 vi;
273 589 628 658 ὠνομασμένω-
689 583 774 638 δεῖ
821 589 926 660 γαρ
975 587 1046 648 εἰς
1093 593 1262 640 κοινὸν
1317 586 1590 660 ἀναγαγεῖν
1633 591 1718 641 τύ-

162 677 304 740 πον,ἇ
339 683 420 727 νῦν
457 673 536 727 ἐπὶ
587 683 676 728 τοῦ
727 679 1078 748 προταθέντος
1127 676 1428 750 ἕγυμνάσθη
1487 677 1718 750 προϐλή-

160 785 292 836 ματος
323 783 334 794 ·
389 766 450 824 ὡς
494 764 554 815 ἀν
603 767 734 838 πρὸς
783 765 948 818 πολλά
995 769 1071 824 εἴη
1125 775 1226 818 τῶν
1279 765 1440 825 αὐτὴν
1493 765 1716 840 ἀπορίαν

161 855 434 924 σινάγεσθαι
477 849 790 926 δυναμένων,
821 853 876 918 ἐξ
915 855 1120 928 ἑτοίμου
1167 859 1258 908 καὶ
1303 855 1716 929 καθολικωτέρας

158 939 312 1012 ἔφοδον
339 947 424 1000 τήν
450 941 598 994 λύσιν
643 941 872 1015 ἐπάγειν,
927 949 1018 998 καὶ
1075 947 1134 998 τὸ
1179 947 1530 1020 συνταράττον
1581 945 1716 1000 ἀπο-

157 1031 478 1095 σκευάζεσθαι,
512 1031 572 1083 οὐ
601 1039 756 1084 τοῦτο
808 1029 868 1086 δέ
897 1053 1050 1106 φημι,
1084 1036 1273 1106 ἄπαγε,
1331 1036 1402 1096 ως
1447 1041 1554 1096 τοῖς
1597 1054 1708 1108 τρο-

155 1127 296 1182 τικοῐς
339 1128 430 1170 τῶν
487 1119 750 1192 ὀνομάτων
799 1121 860 1174 οὐ
913 1119 996 1175 δεῖ
1039 1125 1374 1197 κεχρῆσθαι’
1429 1127 1714 1200 σύντροφος

151 1210 230 1279 γὰρ
253 1209 360 1278 ἡμῖν
410 1207 465 1260 οὗ
497 1209 624 1261 πολὺ
660 1218 756 1262 τῶν
813 1216 1008 1284 κυρίων
1039 1211 1244 1264 ἔλαττον
1275 1215 1306 1270 ὴ
1363 1221 1564 1286 χρῆσις
1622 1217 1712 1266 αὖ·

151 1305 260 1348 τῶνε
303 1303 382 1348 καὶ
408 1299 450 1350 εἰ
503 1317 584 1360 τις
631 1297 808 1372 ἀφέλοι
841 1303 1040 1358 ταύτας
1087 1303 1143 1354 ἔκ
1173 1321 1226 1354 τε
1278 1311 1375 1364 τῆς
1405 1301 1500 1354 ἀνά
1552 1309 1710 1376 χεῖρα

149 1385 334 1456 ὁμιλίας,
387 1393 471 1439 καὶ
537 1387 590 1451 ἐξ
645 1389 808 1450 αὐτῆς
866 1409 922 1462 γε
975 1399 1074 1442 τῶν
1143 1394 1568 1466 συγγραμμάτων
1617 1400 1710 1454 τῆς

149 1473 396 1544 saccaria;
426 1482 514 1528 καὶ
571 1479 804 1550 μάλιστά
843 1499 904 1551 γε
961 1483 1054 1541 τὰς
1097 1481 1286 1538 πολλὴν
1345 1480 1577 1553 ἐχούσας
1614 1487 1708 1540 τὴν

149 1564 394 1632 ὁμοιότητα
435 1572 522 1618 καὶ
553 1566 820 1638 ἐγγύτητα
873 1573 1004 1640 πρὸς
1035 1573 1128 1630 τὰς
1179 1567 1332 1623 οὐδὲν
1361 1575 1706 1644 τετραμμένον

3378 213 3482 266 182

1902 324 1954 376 5.
1991 323 2254 380 Profecto
2296 329 2528 380 constat
2559 342 2678 382 non
2717 343 2842 386 esse
2879 331 3265 390 adnitendum
3311 341 3372 390 ut
3408 335 3484 390 ad

1827 413 2096 470 ordinem
2121 415 2668 487 metaphoricorum
2699 421 3008 478 tt‘ahamus
3033 439 3121 488 ea,
3151 440 3284 497 (Ilth
3317 441 3483 498 pror-

1828 517 1930 556 sus
1953 503 2164 560 sectari
2185 501 2448 560 solentid
2471 507 2626 576 quod
2654 510 3018 580 appellatum
3043 513 3146 568 fuit
3163 515 3480 568 secundum

1825 591 2078 664 primam
2098 593 2256 648 vocis
2279 594 2666 664 positionem.
2702 599 2872 666 (Nam
2897 615 2990 654 me
3011 600 3136 671 jam
3161 607 3388 673 oportet
3405 603 3482 658 ad

1823 680 2162 750 generalem
2195 681 2452 738 formam
2493 683 2760 754 redigere
2791 687 2852 743 id
2881 689 3046 760 quod
3085 689 3376 746 hactenus
3407 691 3482 746 de

1824 769 2132 842 proposito
2186 771 2446 828 themate
2489 771 2812 844 disputavi.
2859 778 2948 832 Sic
2991 777 3149 833 enim
3191 779 3388 835 licebit
3425 767 3483 836 et

1822 857 1952 914 aliis
1978 859 2199 926 multis,
2233 877 2364 932 quas
2393 861 2606 918 eadem
2639 865 3084 936 perplexitatem
3115 883 3316 924 creare
3349 885 3482 942 pos-

1822 953 1966 1016 sent,
2007 949 2280 1022 expedite
2320 953 2376 1005 et
2413 953 2822 1010 communiore
2861 955 3086 1012 ratione
3127 957 3480 1014 solutionem

1821 1039 2120 1104 adhibere,
2139 1042 2318 1111 atque
2336 1037 2764 1097 obscuritatem
2788 1047 3094 1116 avertere.)
3117 1049 3270 1102 Cave
3289 1052 3480 1102 autem

1819 1133 2010 1202 putes,
2047 1143 2142 1183 me
2169 1127 2488 1184 verborum
2521 1129 3066 1202 metaphoricorum
3101 1149 3274 1190 usum
3309 1136 3478 1191 inter-

1819 1217 2052 1275 dicere:
2087 1220 2174 1272 est
2201 1215 2362 1271 enim
2395 1217 2570 1273 nobis
2601 1218 2816 1275 horum
2853 1221 3056 1278 innata
3088 1223 3478 1294 familiaritas,

1819 1321 1939 1364 non
1963 1305 2164 1362 minus
2181 1306 2622 1378 propemodum
2646 1325 2830 1381 quam
2850 1326 3056 1367 eorum
3079 1329 3214 1384 quae
3235 1313 3479 1385 proprio

1819 1409 2002 1450 sensu
2035 1393 2381 1450 efferuntur.
2410 1397 2490 1452 Ac
2524 1395 2572 1452 si
2603 1398 2739 1469 quis
2765 1399 2896 1471 ejus
2925 1400 3157 1468 generis
3189 1401 3373 1457 verba
3407 1417 3480 1458 ex

1817 1485 1929 1542 hoc
1965 1484 2116 1556 ipso,
2149 1485 2252 1556 qui
2285 1483 2344 1538 in
2379 1485 2658 1542 manibus
2689 1492 2797 1551 est,
2841 1493 3110 1554 tractatu,
3145 1491 3234 1544 vel
3269 1505 3302 1546 a
3335 1489 3481 1546 Scri-

1815 1579 2130 1646 pturarum
2160 1573 2540 1630 enarratione
2564 1575 2936 1640 submoveat,
2965 1580 3288 1648 praesertim
3313 1579 3480 1636 valde

149 1659 480 1724 παρεχομένας,
537 1655 630 1708 οὒκ
689 1658 768 1708 ἐπὶ
815 1657 943 1710 πολὺ
991 1659 1198 1712 ὒαττον
1251 1660 1322 1722 εἰς
1376 1663 1548 1712 στενὸν
1619 1681 1706 1713 κο-

1871 1662 2032 1718 milia
2059 1677 2130 1717 ac
2151 1662 2420 1734 proxima
2443 1661 2581 1730 illis,
2605 1679 2868 1736 quorum
2895 1665 3088 1722 nullus
3117 1673 3324 1740 tropus
3353 1671 3440 1724 est
3463 1685 3478 1735 ;

147 1737 250 1812 μιόῇ
299 1749 382 1800 τὴν
429 1751 524 1794 τῶν
573 1744 740 1816 λόγων
798 1746 1098 1817 συγκλείσει
1135 1752 1356 1822 χρείαν
1430 1751 1496 1810 ως
1545 1749 1709 1802 πολλὰ

147 1837 224 1880 τῶν
269 1834 575 1904 πραγμάτων
623 1831 754 1906 μηδ’
813 1837 956 1906 ἔχειν
1002 1836 1216 1908 ὀνόματι
1271 1833 1529 1904 δηλῶσαι,
1577 1841 1606 1896 ἤ
1667 1843 1710 1890 εἴ

149 1938 208 1979 τις
231 1925 310 1977 τὰν
337 1927 622 1990 κυριότητα
665 1931 764 1974 τῶν
811 1923 1074 1996 ὀνομάτων
1123 1934 1217 1987 τῆς
1265 1929 1514 2000 ἡμετέρας
1563 1933 1708 1999 7.073"

149 2026 252 2070 σιως
275 2010 530 2086 ὑπερόριον
574 2017 784 2070 ποιήσει
808 2031 824 2044 ·
847 2017 1032 2066 οὔκουν
1083 2014 1382 2088 ἀχρηστίαν
1429 2019 1503 2068 ἔτι
1549 2036 1706 2070 κατα-

145 2103 370 2164 γινώσκειν
407 2109 502 2152 τῶν
539 2099 646 2154 ἀπὸ
700 2109 796 2163 τῆς
837 2111 1034 2177 τροπῆς
1089 2109 1184 2162 τὴν
1230 2108 1428 2176 γένεσιν
1479 2105 1706 2176 ἑλόντων

145 2185 400 2257 ὀνομάτων·
447 2188 556 2242 ἀλλ’
613 2189 772 2243 ἓκεῖνο
831 2196 986 2264 φαίην
1016 2191 1076 2244 ἀν
1129 2195 1197 2256 ὡς
1247 2190 1440 2246 εἰδέναι
1466 2199 1575 2268 χρὴ
1629 2194 1704 2247 λέ-

145 2275 242 2336 ξεως
283 2273 468 2350 ἰδίωμα
513 2285 707 2352 κυρίως
762 2299 818 2334 τε
873 2281 1146 2354 λεγομένης
1192 2287 1280 2334 καὶ
1333 2287 1464 2336 κατὰ
1495 2286 1704 2356 μετάοεο

147 2369 208 2414 σίν
229 2385 328 2418 τινα
365 2375 470 2429 τοῖς
509 2371 822 2442 πράγμασιν
880 2369 1267 2444 ἐπιτιθεμένης·
1321 2377 1408 2424 καὶ
1461 2375 1704 2444 χρῆσθαι

139 2457 212 2520 μὲν
249 2463 352 2518 ταῖς
399 2466 588 2528 φωναῖς
629 2461 698 2520 ὡς
755 2457 1016 2532 ἕπιτρέπει
1069 2464 1126 2512 τὸ
1173 2462 1305 2525 ἔθος,
1357 2465 1426 2534 μὴ
1469 2467 1704 2534 μέντοιγε

141 2545 190 2591 τὰ
209 2545 284 2594 ὑπ’
317 2545 474 2598 αὐτῶν
517 2551 876 2620 σημαινόμενα
929 2548 1000 2609 εἰς
1027 2553 1122 2606 τὴν
1179 2549 1342 2608 αὐτὴν
1399 2549 1450 2613 ἐξ
1481 2548 1704 2622 ἀνάγκης

143 2633 340 2702 ⁴εννάγειν
395 2653 448 2688 τε
499 2641 592 2687 καὶ
641 2631 1034 2688 σκνδιαπλέκειν
1089 2640 1273 2709 φύσιν·
1307 2637 1540 2710 μεγάλων
1595 2643 1700 2714 γὰρ

141 2721 288 2786 γένοιτ’
327 2721 386 2774 ἄν
422 2733 580 2777 τοῦτο
633 2725 948 2797 σφαλμάτων
1001 2726 1166 2794 αἰτία,
1217 2733 1304 2780 καὶ
1356 2726 1574 2800 ἀπορίαι
1611 2725 1705 2781 δό-

143 2807 260 2868 Ξονσι
301 2816 630 2886 προκύπτειν,
714 2813 932 2887 ἀπορίας
996 2819 1088 2887 μὲν
1142 2823 1206 2888 τῇ
1275 2815 1487 2890 ἀληθεία
1557 2823 1704 2890 λόγον

141 2895 292 2951 οὐδένα
323 2901 748 2975 προϐεϐλημέναι,
809 2912 872 2976 τῇ
929 2901 988 2956 δί
1027 2910 1098 2976 μὴ
1133 2909 1266 2958 κατά
1321 2905 1470 2978 λόγον
1505 2913 1704 2980 χρήσει

1816 1753 1865 1808 i
1894 1751 2058 1807 haud
2091 1750 2280 1806 multo
2319 1751 2512 1806 secius
2552 1752 2691 1809 artis
2732 1754 3064 1810 admodum
3093 1755 3316 1812 finibus
3359 1771 3480 1812 ser-

1821 1841 2010 1896 monis
2041 1857 2216 1896 usum
2253 1839 2591 1898 concludat.
2617 1841 2772 1910 Quin
2803 1843 2955 1900 adeo
2983 1845 3176 1901 multae
3199 1861 3292 1901 res
3321 1849 3479 1912 sunt,

1765 1923 1776 1936 ’
1817 1945 1970 2002 quas
1998 1943 2075 1985 ne
2105 1927 2348 1984 nomine
2377 1929 2621 2001 quidem
2651 1930 2952 2002 appellare
2982 1948 3330 2005 possumus,
3363 1933 3480 1992 nisi

1817 2019 2147 2092 proprietas
2166 2017 2482 2074 nominum
2511 2018 2718 2090 procul
2739 2035 2851 2076 usu
2872 2021 3227 2093 quotidiana
3241 2023 3480 2078 submo-

1815 2111 2044 2163 veatur.
2077 2109 2200 2176 Ego
2229 2121 2350 2163 non
2383 2105 2518 2162 licet
2549 2107 2877 2164 inutilitatis
2919 2125 3204 2166 accusare
3233 2111 3480 2168 nomina

1814 2185 1936 2260 illa,
1980 2209 2118 2268 quas
2157 2209 2194 2249 a
2233 2193 2580 2264 metaphora
2619 2195 2912 2266 originem
2951 2196 3180 2253 ducunt
3207 2215 3218 2253 :
3249 2199 3353 2254 sed
3393 2199 3480 2254 vis

1813 2283 2012 2356 potius
2062 2283 2352 2354 cujusque
2409 2281 2686 2340 vocabuli
2733 2285 3156 2354 cognoscenda
3203 2292 3309 2352 est,
3357 2287 3478 2344 sive

1815 2371 2044 2444 proprie
2069 2371 2354 2443 usurpati,
2375 2369 2498 2426 sive
2511 2388 2648 2428 cum
2671 2370 2868 2446 aliqua
2890 2373 3274 2431 translatione
3297 2375 3476 2432 rebus

1813 2459 2098 2534 impositi.
2129 2461 2320 2534 Atque
2350 2459 2552 2516 verbis
2583 2462 2872 2518 utendum
2907 2469 2992 2518 est
3023 2470 3203 2535 prout
3231 2479 3478 2521 consue-

1815 2549 1959 2607 tudo
1981 2549 2112 2614 fert,
2137 2565 2258 2606 non
2283 2553 2483 2608 autem
2511 2550 2745 2606 illorum
2771 2551 3186 2622 signiﬁcantius
3213 2553 3290 2610 ad
3317 2569 3478 2610 eam-

1814 2640 1943 2696 dem
1971 2644 2244 2696 naturam
2273 2639 2628 2696 necessitate
2653 2641 2934 2710 cogendas
2961 2647 3018 2697 et
3055 2643 3476 2700 convolvendas

1813 2733 1972 2786 sunt.
2003 2729 2168 2786 Hunc
2197 2729 2356 2784 enim
2385 2729 2586 2800 magni
2615 2729 2880 2784 orientur
2911 2745 3156 2796 errores,
3188 2748 3256 2788 ac
3287 2733 3476 2789 dubia

1813 2819 2044 2891 passim
2071 2823 2376 2890 emergant
2401 2835 2568 2892 ;quaa
2589 2818 2833 2890 quidem
2859 2836 3065 2876 veram
3099 2821 3324 2878 nullam
3347 2839 3476 2895 per-

1813 2907 2152 2979 plexitatem
2186 2906 2570 2974 exhibebunt,
2595 2914 3012 2964 verumtamen
3041 2909 3116 2965 ob
3145 2911 3474 2966 absurdum

141 2994 218 3036 τῶν
255 2997 654 3064 σημαινομένων,
711 2993 770 3044 οὐ
817 2997 950 3067 πρὸς
997 2993 1194 3066 ἑτέρους
1247 2995 1436 3067 μᾶλλον
1488 3001 1516 3056 ἤ
1583 2997 1702 3050 καθ’

1869 2995 2261 3066 gniﬁcatuum
2285 3011 2487 3060 usum,
2515 2995 2574 3050 hi
2599 2997 2702 3068 qui
2727 2995 2810 3053 ita
2833 2997 3130 3053 vocabula
3164 3003 3472 3070 usurpant,

143 3073 300 3129 ἑαυτῶν
325 3089 420 3131 τῶν
451 3082 590 3134 οὕτω
635 3087 918 3156 χρωμένων
969 3090 1086 3145 ταῖς
1117 3091 1306 3156 φωναῖς
1337 3089 1430 3143 τὴν
1483 3086 1702 3162 ἀπορίαν

143 3182 424 3220 επινοονντων
431 3213 444 3224 .

195 3255 252 3315 τ’.
293 3257 482 3310 Αὐτίκα
532 3261 806 3334 μάρτυρας
854 3260 1106 3334 καλοῦμεν
1147 3265 1268 3323 τοὺς
1311 3263 1702 3337 ὑπεραθλήσαν-

141 3357 206 3400 τις
247 3351 484 3415 Χριστοῦ,
513 3353 606 3400 καὶ
663 3349 729 3400 τὰ
757 3351 954 3421 αῖματα
983 3350 1152 3402 αὐτῶν
1205 3361 1560 3426 προσαγαγεῖν
1613 3375 1706 3426 φα-

139 3431 206 3496 μὲν
227 3439 288 3500 τῷ
335 3443 443 3506 Θεῷ
471 3437 644 3498 καλῶς
671 3457 732 3508 γε
787 3443 878 3490 καὶ
933 3435 1182 3501 δικαίως·
1247 3439 1352 3492 ἀλλ’
1399 3440 1454 3492 ὲκ
1486 3461 1704 3514 μεταφος

139 3535 212 3585 Ρας
238 3530 322 3572 τῶν
349 3523 616 3598 ὀνομάτων
667 3525 904 3600 ἑκάτερον
937 3526 1138 3598 λέγεται
1165 3545 1178 3560 ’
1239 3527 1342 3581 ἀπὸ
1376 3533 1500 3604 γὰρ,
1555 3531 1640 3592 οὓς
1671 3535 1698 3590 ἡ

141 3606 330 3662 τοὶιτεία
367 3617 642 3686 μάρτυρας
693 3615 864 3668 καλεῖν
917 3613 1056 3668 οἶδεν
1113 3616 1162 3668 οἳ
1195 3620 1436 3690 πάρεισιν
1487 3619 1570 3672 ἐπὶ
1619 3619 1704 3692 βε·-

141 3692 315 3751 εαιώσει
349 3711 442 3764 τῆς
469 3707 608 3755 κατά
649 3707 734 3756 τὸν
781 3703 898 3776 βίον
943 3703 1206 3774 ἀληθείας,
1260 3711 1348 3758 καὶ
1403 3713 1584 3760 πίστιν
1629 3703 1704 3762 δι’

143 3783 192 3833 ὧν
225 3789 382 3842 ῐσασιν
433 3791 696 3865 ἐπάγουσι
743 3799 851 3853 τοῖς
897 3800 1327 3867 προτεινομένοις,
1379 3795 1480 3848 ἀπὸ
1511 3801 1703 3850 τούτων

143 3879 208 3924 καὶ
245 3883 351 3941 τοὺς
397 3890 486 3942 τῆς

141 3979 266 4037 ripa;
282 3983 292 3995 ·

547 3879 812 3942 εὐσεϐείας
857 3879 1150 3952 ἀγωνιστὰς
1209 3883 1526 3958 ὀνομάζομεν
1574 3889 1706 3960 μάρ-

345 3975 430 4022 καὶ
491 3975 598 4046 γαρ
649 3973 716 4033 ὡς
776 3969 981 4033 ἀληθῶς
1028 3973 1167 4025 οὗτοι
1215 3979 1304 4032 τὴν
1359 3973 1702 4028 ἑνυπόστατον

145 4052 444 4126 θεολογοῦντες
499 4061 770 4126 ἀλήθειαν,
820 4059 1030 4113 ἰνωπιον
1077 4065 1336 4136 τυράννων
1395 4069 1484 4118 καὶ
1539 4065 1700 4138 βασι-

141 4137 234 4190 iam
277 4145 634 4224 ἐμαρτύρησαν
663 4167 676 4178 ·
729 4154 818 4201 καὶ
873 4159 1234 4223 προσενεγκεῖν
1293 4151 1460 4204 αὐτῶν
1507 4157 1572 4206 τὰ
1623 4159 1702 4206 αῖ·

145 4249 251 4296 ματα
285 4245 348 4306 τῷ
385 4245 598 4312 Χριστῷ
651 4257 835 4310 φαμεν,
889 4245 1274 4311 μετενεγκόντες
1329 4245 1422 4299 τὴν
1475 4261 1702 4317 προσφο-

1814 3099 1934 3141 non
1963 3089 2086 3140 tam
2114 3083 2248 3140 aliis
2276 3099 2462 3156 quam
2494 3085 2606 3140 sibi
2637 3083 3039 3142 dubitationes
3070 3085 3372 3142 creabunt.

1883 3264 1935 3320 6.
1959 3263 2224 3336 Exempli
2249 3262 2440 3334 gratia
2455 3267 2628 3319 testes
2651 3264 2998 3335 (martyres)
3015 3265 3346 3322 vocitamus
3369 3281 3472 3322 eos

1812 3353 1912 3426 qui
1933 3367 2042 3426 pro
2060 3353 2290 3409 Christo
2314 3357 2466 3408 certe
2477 3367 2615 3408 men
2643 3353 2974 3422 subierunt,
2999 3370 3218 3426 eosque
3231 3355 3471 3424 sangui-

1813 3458 1952 3498 nem
1978 3457 2158 3496 suum
2179 3441 2468 3498 obtulisse
2497 3443 2614 3498 Deo
2633 3441 2910 3498 dicimus.
2939 3444 3220 3500 Praeclare
3251 3443 3314 3499 id
3344 3443 3473 3516 qui-

1811 3530 1951 3586 dem
1981 3534 2038 3586 et
2067 3529 2278 3586 merito
2312 3545 2326 3586 :
2356 3527 2460 3584 sed
2492 3533 2692 3586 tamen
2735 3531 2864 3587 sine
2885 3533 3238 3604 metaphora
3261 3538 3473 3589 neutra

1813 3619 2029 3676 locutio
2069 3623 2174 3675 est.
2211 3619 2362 3674 Nam
2402 3619 2546 3691 quia
2591 3619 2835 3691 politica
2887 3621 3258 3676 consuetudo
3297 3625 3472 3677 testes

1815 3707 2070 3781 appellat
2095 3723 2195 3764 eos
2223 3708 2330 3780 qui
2360 3707 2438 3764 ad
2469 3709 2952 3766 conﬁrmandam
2985 3709 3470 3783 quotidianarum

1811 3813 2010 3854 rerum
2031 3797 2336 3853 veritatem
2368 3797 2607 3863 adsunt,
2631 3797 2936 3870 ﬁdemque
2962 3803 3252 3870 quatenus
3284 3799 3474 3854 sciunt

1813 3885 2197 3959 suppeditant
2230 3885 2454 3957 judicio
2493 3887 2876 3954 certantibus,
2919 3887 3158 3952 horum,
3199 3887 3467 3960 inquam,

1811 3975 2086 4046 exemplo
2115 3975 2414 4046 religionis
2443 3991 2688 4048 quoque
2719 3975 2950 4032 athletis
2981 3978 3218 4032 testium
3247 3991 3468 4032 nomen

1811 4065 2238 4136 imposuimus.
2268 4065 2496 4120 Etenim
2521 4064 2580 4120 hi
2607 4079 2812 4120 revera
2842 4065 3296 4121 substantialem
3323 4065 3470 4120 veri-

1810 4157 1992 4211 tatem
2019 4151 2353 4223 theologica
2365 4153 2632 4208 oratione
2649 4169 2842 4208 coram
2859 4155 3125 4224 tyrannis
3139 4171 3208 4209 ac
3229 4153 3471 4222 regibus

1810 4242 1999 4298 testati
2037 4245 2194 4296 sunt.
2241 4243 2482 4313 ﬂosque
2517 4240 2805 4297 obtulisse
2846 4240 3076 4296 Christo
3115 4241 3466 4310 sanguinem

245 4321 316 4394 ἀρ’
343 4327 408 4378 ὧν
455 4347 510 4380 τε
555 4327 714 4380 Ἅϐελ
743 4330 768 4380 ὁ
799 4325 1004 4390 δίκαιος
1057 4331 1122 4380 τὰ
1167 4338 1267 4380 τῶν
1317 4328 1479 4404 ἀρνῶν
1525 4329 1700 4384 ἐστεα-

1869 4331 2086 4396 cimus,
2115 4330 2472 4403 metaphora
2491 4329 2810 4384 oblationis
2838 4345 2910 4384 ex
2936 4329 3110 4384 Abele
3130 4329 3286 4399 justo
3313 4343 3472 4384 sum-

145 4415 322 4477 τνμένα,
361 4421 444 4468 καὶ
513 4416 754 4490 Ἀϐραὰμ
815 4421 882 4469 τα
941 4414 1373 4490 διχοτομήματα,
1433 4425 1522 4471 καὶ
1579 4425 1700 4483 τοὺς

149 4497 292 4566 ἱΡτονς
331 4509 412 4556 καὶ
445 4511 532 4558 τὸν
591 4503 730 4558 οἶνον
754 4508 780 4558 ὁ
827 4503 1160 4578 Μελχισίδεκ
1219 4517 1290 4579 τῷ
1345 4507 1584 4582 Ἀϐραάμ
1609 4529 1620 4542 ’
1657 4509 1698 4562 εἰ

151 4581 286 4652 βούλει
313 4585 367 4644 δε
403 4600 487 4648 καὶ
513 4601 614 4652 τὴν
663 4591 888 4653 δεκάτην
931 4605 1002 4667 τῷ
1051 4594 1384 4668 Μελχισεδὲκ
1415 4599 1440 4650 ὁ
1469 4595 1694 4670 προσδε-

151 4672 304 4738 ξιωθεὶξ
363 4689 746 4756 προσενήνοχε·
807 4689 896 4736 καὶ
961 4681 1122 4743 δῆλον
1189 4689 1258 4746 ὡς
1325 4688 1534 4747 ἕκαστος
1595 4695 1695 4738 τῶν

151 4777 548 4842 προσενεγκάντων,
651 4773 816 4846 ἕτερον
891 4777 1215 4848 προσήνεγκε
1297 4775 1418 4846 παρ’
1490 4775 1692 4840 ἑαυτὸν,

151 4859 214 4902 καὶ
251 4855 394 4924 μηδὲν
447 4861 658 4936 ἀνιαρὸν
715 4865 1080 4935 ὑφιστάμενος,
1130 4860 1256 4917 οὐδέ
1301 4883 1348 4916 τι
1377 4873 1478 4916 τῶν
1531 4865 1694 4937 μελῶν

151 4957 546 5022 περικοπτόμενος
615 4955 663 5005 οἱ
731 4950 790 5005 δὲ
834 4959 927 5006 τοῦ
975 4959 1212 5026 Χριστοῦ
1269 4955 1528 5028 μάρτυρες
1577 4958 1696 5007 οὔτε

153 5047 188 5080 τι
217 5046 564 5113 κεχωρισμένον
605 5047 986 5117 προσήνεγκαν,
1043 5039 1162 5094 οὐδ’
1221 5041 1438 5105 ἀπαθεῖς
1495 5045 1554 5094 τὸ
1599 5051 1696 5095 σῶ-

155 5139 208 5186 με
247 5133 592 5206 προσφέροντες
645 5135 878 5202 ἔμειναν·
927 5129 1040 5184 ἀλλ’
1083 5127 1210 5184 οὗδέ
1267 5131 1540 5194 κληθέντες
1597 5133 1697 5185 ὑπό

157 5225 266 5278 τινες,
303 5229 562 5291 μαρτυρεῖν
612 5219 978 5292 ἐφεστήκασιν,
1035 5219 1144 5272 ἀλλ’
1215 5220 1514 5293 αὐτοκλὴτω
1568 5227 1698 5292 γνω-

157 5316 208 5360 f-‘t
245 5307 322 5360 τὴν
373 5309 674 5382 θαυμαστὴν
719 5311 918 5368 ἐκείνην
973 5315 1062 5361 καὶ
1123 5309 1358 5382 θεολογον
1407 5315 1696 5385 μαρτυρίαν

157 5389 454 5463 εβερτύροσαν
479 5417 492 5430 ·
527 5403 572 5452 εἴ
621 5419 698 5462 τις
725 5395 814 5452 οὖν
853 5403 926 5472 μὴ
969 5395 1274 5461 διαστείλας
1329 5402 1394 5452 τὰ
1429 5407 1519 5451 τοῦ
1567 5401 1698 5470 μάρ-

155 5488 262 5544 ⁷⁴9⁴⁵ἶ
297 5493 646 5558 σημαινόμενα,
691 5488 772 5542 ἐπὶ
822 5491 1042 5560 θατέρου
1079 5490 1144 5540 τὰ
1201 5497 1293 5541 τοῦ
1348 5488 1520 5562 ἑτέρου
1569 5507 1698 5559 συμ-

1807 4425 1930 4490 pta,
1962 4419 2066 4492 qui
2097 4419 2338 4474 arietum
2371 4417 2578 4490 adipes
2607 4431 2623 4482 ;
2653 4421 2710 4471 et
2739 4431 2810 4470 ex
2839 4415 3204 4484 Abrahamo,
3237 4415 3337 4488 qui
3375 4414 3470 4470 di-

1805 4509 1964 4565 visas
1977 4523 2186 4564 carnes
2209 4526 2226 4579 ;
2241 4521 2350 4562 nec
2369 4521 2488 4561 non
2513 4521 2549 4562 a
2563 4504 2999 4570 Melchisedeco,
3021 4504 3122 4576 qui
3139 4503 3470 4560 Abrahamo

1805 4613 1990 4669 panes
2017 4601 2070 4652 et
2095 4596 2302 4651 vinum
2335 4593 2586 4660 obtulit;
2621 4593 2744 4648 imo
2774 4597 2831 4648 et
2869 4593 2948 4649 ab
2985 4593 3101 4649 hoc
3139 4594 3243 4667 qui
3274 4607 3473 4650 susce-

1805 4691 2040 4758 ptarum
2067 4701 2268 4740 rerum
2292 4683 2551 4740 decimas
2577 4681 2999 4740 Melchisedeco
3027 4683 3312 4739 attribuit.
3337 4684 3474 4738 Cer-

1803 4775 2004 4830 nimus
2029 4777 2228 4830 autem
2257 4771 2528 4843 singulos
2558 4771 2670 4828 hos
2697 4787 2823 4828 rem
2853 4789 2887 4828 a
2920 4773 3134 4846 seipsis
3173 4773 3472 4829 diversam

1804 4864 2112 4932 obtulisse,
2155 4863 2300 4918 nihil
2343 4863 2666 4919 molestum
2712 4878 2948 4936 passos,
2991 4863 3290 4936 nullisque
3351 4863 3474 4918 suis

1810 4953 2094 5010 membris
2126 4951 2379 5008 amissis.
2411 4952 2586 5024 Atqui
2629 4951 2842 5008 Christi
2875 4957 3169 5023 martyres
3209 4951 3354 5008 nihil
3395 4952 3474 5008 ab

1808 5059 1870 5100 se
1892 5043 2154 5100 alienum
2182 5039 2600 5106 exhibuerunt,
2633 5055 2830 5114 neque
2855 5041 3002 5097 dum
3037 5041 3094 5096 id
3121 5041 3472 5096 sacriﬁcium

1807 5133 2083 5199 facerent,
2105 5129 2433 5186 incolumia
2450 5143 2698 5200 corpora
2725 5130 3114 5186 retinuerunt.
3135 5129 3248 5186 Sed
3275 5145 3474 5201 neque

1807 5221 1884 5278 ab
1910 5219 2114 5293 aliquo
2145 5219 2422 5292 postulati
2463 5217 2803 5274 testimonio
2841 5219 3094 5276 dicendo
3133 5217 3472 5290 adfuerunt,

1811 5325 2012 5367 verum
2047 5309 2162 5380 ipsi
2195 5313 2528 5382 spontaneo
2555 5307 2804 5365 consilio
2823 5309 3044 5365 mirum
3074 5309 3216 5365 illud
3249 5309 3476 5366 theolo-

1809 5399 2130 5470 gicumque
2161 5396 2569 5453 testimonium
2603 5395 3006 5468 praebuerunt.
3041 5397 3096 5453 Si
3127 5398 3262 5470 quis
3291 5397 3475 5469 igitur

1809 5485 2168 5542 indistinctis
2207 5484 2484 5542 vocabuli
2516 5483 2678 5541 testis
2717 5484 3172 5555 signiﬁcatibus,
3205 5485 3472 5542 alterutri
