4126 6190
454 288 556 345 183

1679 286 1915 342 PHOTll
1955 285 2430 341 ΡΑΤΒΙΑΒΟΗᾹΞ
2469 283 2580 340 CP.

3719 281 3826 336 184

453 416 504 472 id
546 413 1025 470 accommodabit
1060 414 1221 486 quod
1263 413 1502 470 alterius
1542 419 1644 478 est,
1692 429 1891 468 nonne
1929 428 2103 467 aures

2213 409 2442 470 ϐιϐάζειν
2482 408 2842 481 φιλονεικήσει,
2885 403 2968 482 ἆρ’
3023 408 3117 460 ούκ
3177 408 3425 466 ἑκπλησει
3479 406 3706 478 ἀποριῶν
3759 409 3828 455 τὰ

450 501 876 575 imperitiorum
899 502 1330 575 quaestionibus
1353 500 1674 557 onerabit?
1696 504 1896 572 Neque
1916 499 2102 554 minus

452 595 577 667 ipse
603 610 664 649 se
700 593 880 661 fallet,
908 593 1050 648 dum
1078 609 1138 647 se
1180 593 1560 664 quastionem
1583 592 1642 647 in
1684 591 1946 647 medium
1971 606 2102 661 pro-

452 682 600 737 ferre
625 681 932 752 judicabit,
958 698 1141 754 quam
1169 696 1380 752 reapse
1411 697 1530 736 non
1558 696 1755 735 rerum
1781 678 2100 734 difﬁcultas

452 771 707 834 exhibet,
731 771 836 826 sed
859 770 1318 842 ipsiusimperita
1333 768 1752 825 vocabulorum
1775 767 2098 839 usurpatio.

456 860 611 916 Dicet
637 859 792 915 enim
829 859 925 914 hic
957 859 1153 923 etiam,
1185 863 1249 913 ut
1278 858 1445 913 facile
1486 862 1648 929 puto,
1685 858 1732 912 si
1766 862 1939 913 testes
1967 871 2103 911 san-

452 951 690 1018 guinem
723 947 997 1013 offerunt,
1039 948 1172 1020 quis
1211 947 1374 1002 hunc
1408 946 1614 1018 recipit
1650 947 1678 1002 ?
1717 946 1771 1002 Si
1813 945 2098 1008 Christus,

450 1036 758 1109 quomodo
787 1036 902 1092 diei
937 1042 1122 1107 potest
1150 1035 1410 1092 clemens
1451 1035 1545 1090 hic
1576 1034 1967 1104 sanguinibus
2001 1033 2103 1088 ho-

452 1126 681 1181 minum
714 1124 1044 1180 delectari?
1085 1126 1142 1179 Si
1175 1123 1455 1180 diabolus
1495 1123 1734 1195 recepit,
1776 1137 2026 1177 curnam
2063 1121 2101 1176 ii

454 1214 777 1269 voluissent
807 1230 970 1268 suum
1002 1213 1155 1268 hosti
1187 1213 1540 1282 sanguinem
1582 1212 1760 1267 libare
1787 1211 1814 1266 ?
1847 1211 2098 1268 Ubinam

452 1302 620 1372 veroj
633 1302 807 1365 udex,
829 1301 930 1374 qui
943 1302 1147 1372 aquoj
1160 1317 1258 1356 ure
1273 1317 1408 1356 cum
1422 1300 1892 1372 disceptantibus
1909 1305 2048 1368 agat
2073 1298 2101 1354 Ἰ

453 1392 854 1462 Diseeptantes
886 1396 1107 1456 autem,
1142 1406 1400 1463 quorum
1431 1390 1692 1446 alterutri
1727 1388 1885 1444 testis
1915 1388 1991 1443 ad
2023 1387 2103 1443 vi-

453 1479 699 1535 ctoriam
732 1479 1133 1535 testimonium
1165 1481 1283 1545 dat,
1315 1480 1563 1552 quinam
1593 1486 1729 1534 sunt
1758 1478 1785 1533 ‘I

522 1571 573 1624 7.
601 1573 913 1624 lnnumera
935 1568 1231 1640 ejusmodi
1251 1584 1286 1624 a
1315 1568 1646 1624 forensibus
1669 1568 1918 1623 testibus
1944 1583 2103 1622 sum-

451 1661 554 1728 pta
583 1654 659 1712 ad
697 1673 900 1712 sacros
940 1657 1249 1712 transferet
1290 1662 1478 1721 testes,
1523 1657 1862 1729 quicunque
1901 1655 2102 1725 inepto

2211 498 2318 552 ὦτα
2372 508 2468 550 τῶν
2523 498 2850 572 ἀπειρότερον
2908 496 3236 564 ἀκουόντων;
3297 497 3512 569 σφαλείη
3558 494 3616 548 δε
3668 491 3824 547 οὐδὲν

2210 588 2412 641 ἔλαττον
2462 589 2617 649 αὐτὸς
2658 586 2876 658 ἀπορίαν
2909 587 3134 659 οἰόμενος
3189 587 3550 660 προκομίζειν,
3608 585 3670 643 ἢν
3717 583 3826 653 οὐχ

2209 680 2237 735 ἡ
2273 685 2370 729 τῶν
2411 677 2730 748 πραγμάτων
2759 673 3016 728 δυσκολία
3055 680 3342 748 παρέσχεν,
3391 675 3500 727 ἀλλ’
3546 677 3576 732 ἠ
3624 674 3822 728 ἐκείνου

2208 773 2306 818 τῶν
2351 765 2610 837 ὀνομάτων
2665 765 2756 816 ούκ
2789 764 2836 816 ἐν
2875 770 3064 836 γνώσει
3122 770 3487 838 μεταχείρισις
3512 783 3524 795 ·
3562 767 3662 835 ἐρεῖ
3715 769 3822 839 γὰρ

2207 854 2474 906 κάνταῦθα
2540 855 2684 928 ῥᾷον,
2744 861 2853 905 Tm
2907 856 3182 928 μαρτύρων
3253 856 3710 926 προσενεγκάντων
3765 860 3824 907 τὸ

2208 945 2359 1015 αἷμα,
2391 947 2470 1003 τίς
2515 945 2539 994 6
2581 939 3028 1016 προσδεξάμενος
3072 943 3130 995 Εἰ
3181 961 3270 1014 μεν
3319 945 3420 1015 γάρ
3477 943 3502 992 6
3560 947 3822 1013 Χριστὸς,

2208 1037 2296 1084 καὶ
2341 1040 2447 1093 πῶς
2501 1034 2527 1083 ό
2573 1031 2926 1104 φιλάνθρωπος
2985 1029 3265 1104 ἀνθρώπων
3319 1033 3539 1102 αῖμασιν
3593 1030 3824 1103 ἐπαγάλ-

2206 1120 2385 1188 λεται;
2417 1121 2458 1172 εἰ
2479 1117 2530 1173 δ’
2559 1122 2584 1172 6
2629 1123 2871 1192 πονηρὸς,
2913 1125 3140 1180 καὶπῶς
3189 1122 3475 1190 ἠνέσχοντο
3524 1127 3596 1191 τῷ
3641 1120 3827 1193 ἐχθρῷ

2207 1213 2266 1261 τό
2303 1209 2487 1261 οἰκεῖον
2515 1211 2645 1280 αἷμα
2685 1211 3048 1280 σπείσασθαι;
3105 1216 3204 1260 πού
3233 1204 3283 1260 δ’
3314 1210 3340 1260 ό
3379 1213 3581 1281 κριτὴς,
3643 1208 3698 1270 ὃς
3728 1214 3826 1267 τὴν

2207 1302 2331 1356 ’ίσην
2383 1305 2593 1371 γνώμην
2637 1306 2742 1358 τοῖς
2799 1302 3119 1374 κρινομένοις
3176 1294 3549 1368 διένειμεν;οἱ
3599 1294 3658 1350 δὲ
3711 1319 3829 1373 κρι-

2209 1393 2428 1459 νόμενοι,
2475 1389 2540 1437 ὧν
2600 1389 2624 1439 ό
2684 1387 2881 1459 μάρτυς
2945 1388 3140 1462 θατέρῳ
3198 1391 3292 1444 τὴν
3352 1384 3435 1438 ἐπὶ
3476 1391 3590 1459 νίκῃ
3651 1387 3826 1460 ῥοπὴν

2210 1483 2506 1550 παρασχεῖν
2538 1475 2806 1548 ἐφέστηκε,
2833 1480 2964 1536 τίνες
2988 1492 3000 1541 ;

2285 1563 2349 1626 ξ’.
2387 1570 2485 1618 Καὶ
2512 1570 2656 1617 πόσα
2694 1567 2754 1616 ἀν
2785 1584 2864 1625 τις
2903 1571 3121 1616 τοιαῦτα
3175 1562 3343 1615 λαϐὼν
3371 1561 3471 1616 ἀπὸ
3530 1572 3630 1616 τῶν
3684 1567 3827 1616 κοιτά

2211 1659 2304 1714 τὴν
2349 1654 2614 1706 πολιτείαν
2657 1656 2934 1726 μαρτύρων
2968 1653 3050 1705 ἐπὶ
3098 1657 3220 1713 τούς
3256 1652 3525 1723 θεολόγονς
3573 1649 3820 1705 διαϐιϐά-

453 1745 649 1801 studio
678 1744 1078 1819 quastionum
1113 1750 1361 1810 tenetur,
1395 1755 1499 1800 aut
1527 1761 1706 1817 quem
1745 1747 1804 1798 in
1846 1759 1909 1800 re
1950 1743 2103 1800 seria

2215 1763 2318 1796 σειε
2352 1745 2641 1816 μάρτυρας,
2685 1743 2722 1811 ᾧ
2768 1745 2989 1814 φορυτός
3046 1744 3171 1816 ἔρως
3203 1740 3452 1816 ἀποριῶν,
3510 1747 3598 1793 καὶ
3657 1744 3825 1813 μυθο-

451 1833 689 1890 fabulas
719 1834 1018 1890 venditare
1043 1839 1145 1890 aut
1165 1835 1352 1905 jocari
1378 1850 1498 1890 non
1532 1834 1734 1904 pudet.
1767 1833 1943 1906 Atqui
1968 1849 2101 1904 per-

452 1922 639 1978 facilis
670 1923 884 1979 solutio
915 1927 1020 1990 est,
1049 1923 1096 1978 si
1124 1924 1200 1979 ad
1225 1924 1483 1994 primam
1509 1922 1948 1978 dubitationum
1975 1937 2102 1992 spe-

452 2013 601 2068 ciem
642 2012 938 2078 dicamus,
972 2013 1264 2068 Christum
1292 2013 1536 2084 quidem
1564 2013 1725 2068 haud
1749 2011 2104 2068 athletarum

453 2118 660 2158 cruore
685 2102 788 2157 sed
821 2108 1017 2158 mente
1055 2101 1433 2166 delectatum.
1469 2101 1688 2157 cadem
1723 2117 1931 2158 eorum
1971 2116 2106 2156 san-

453 2191 810 2262 guinemque
839 2191 1197 2248 exhaustum
1229 2191 1542 2262 recepisse.
1577 2190 1777 2261 Neque
1802 2189 1969 2246 facile
2000 2190 2107 2245 mi-

455 2296 568 2335 nus
596 2280 778 2343 dicas,
812 2295 1002 2336 cases
1035 2279 1214 2336 fuisse
1254 2296 1362 2352 pro
1395 2280 1622 2336 Christo
1665 2283 1836 2334 testes
1865 2281 1920 2334 et
1959 2294 2105 2334 san-

456 2368 695 2437 guinem
743 2367 1022 2423 effudisse
1066 2390 1076 2433 ;
1129 2369 1186 2424 id
1227 2369 1384 2424 enim
1427 2368 1665 2440 proprie
1703 2367 1940 2430 dicitur,
1984 2382 2104 2422 non

453 2456 728 2526 ﬁgurate.
761 2458 975 2511 Verum
1008 2456 1292 2512 dictiones
1323 2457 1656 2512 obtulerunt
1693 2462 1747 2510 et
1784 2455 2106 2524 o/ferebant

455 2551 511 2600 et
548 2545 674 2600 alia
703 2545 1020 2615 ejusmodi,
1057 2545 1115 2600 in
1149 2545 1345 2600 verbis
1388 2545 1688 2600 translatis
1720 2543 2106 2600 numeranda

455 2640 610 2687 sunt.
643 2636 841 2705 Neque
873 2634 1050 2701 igitur
1090 2635 1490 2689 necessarium
1524 2639 1611 2688 est
1651 2633 1956 2705 exquirere
1988 2633 2107 2687 cui-

454 2737 596 2777 nam
641 2721 960 2778 obtulerint
1011 2740 1023 2777 :
1075 2723 1242 2778 sicuti
1296 2723 1439 2778 nihil
1488 2738 1640 2794 opus
1689 2727 1775 2777 est
1815 2737 2104 2794 quarere,

453 2827 708 2882 quonam
734 2810 772 2866 ii
795 2818 968 2883 pacto
991 2813 1105 2868 dici
1124 2818 1348 2884 queant
1367 2811 1674 2874 obtulisse,
1698 2827 1956 2882 quorum
1980 2827 2106 2866 cor-

452 2916 601 2972 pora
629 2900 922 2956 exhausto
953 2900 1248 2970 sanguine
1277 2901 1620 2956 exanimata
1651 2900 1906 2955 fuerunt.
1953 2901 2103 2966 Quo-

453 2989 636 3044 modo
683 2989 842 3044 enim
882 2989 1182 3056 oﬂ‘errent,
1220 3005 1357 3045 cum
1401 2989 1543 3044 nihil
1587 3005 1623 3043 a
1666 3005 1727 3044 se
1763 2988 2103 3045 distinctum

453 3077 749 3140 afferrent,
774 3093 944 3133 secus
973 3094 1042 3133 ac
1063 3079 1128 3132 ﬁt
1157 3079 1234 3134 ab
1266 3078 1376 3133 illis
1405 3078 1502 3148 qui
1526 3079 1765 3149 proprie
1791 3076 2048 3134 offerunt
2077 3077 2105 3132 ‘l

453 3169 601 3232 Hac,
631 3167 900 3238 inquam,
927 3168 1130 3222 omnia
1153 3173 1458 3237 tantopere
1480 3166 1704 3221 absunt
1729 3165 1971 3222 aforma
1993 3167 2105 3221 du-

452 3255 718 3319 bitativa,
754 3262 814 3309 ut
834 3255 1131 3325 negligere
1156 3257 1346 3310 satius
1370 3255 1466 3321 sit,
1497 3271 1566 3310 ne
1598 3255 1744 3311 forte
1773 3254 1878 3310 tibi
1906 3256 2103 3311 videa-

453 3360 588 3399 mur
599 3360 719 3399 non
742 3344 1037 3400 immerito
1057 3344 1550 3414 reprehendendi,
1580 3345 1724 3416 quia
1738 3361 1874 3400 cum
1902 3344 2103 3400 luden-

452 3431 610 3486 tibus
649 3431 1023 3487 dimicemus.
1070 3436 1216 3488 Nam
1271 3432 1444 3487 sicuti
1492 3433 1549 3488 in
1599 3448 1660 3488 re
1709 3432 1859 3489 seria
1897 3432 2102 3488 ludere

449 3522 724 3575 insanum
757 3527 860 3585 est,
904 3523 988 3576 sic
1027 3522 1087 3576 in
1128 3521 1386 3576 ridiculis
1417 3522 1568 3576 serio
1601 3537 1774 3590 agere
1824 3521 2101 3591 dignissi-

453 3625 618 3664 mum
645 3609 762 3663 risu
781 3616 885 3664 est.
906 3609 962 3664 Si
978 3625 1113 3681 qua
1133 3625 1264 3664 vero
1289 3609 1608 3665 locutiones
1622 3610 1836 3665 absunt
1855 3610 2100 3682 quidem

453 3713 488 3752 a
519 3696 832 3752 manifesta
871 3695 1253 3766 absurditate,
1297 3713 1491 3768 neque
1531 3703 1719 3753 semet
1757 3697 1906 3769 ipsa
1947 3697 2101 3753 refu-

454 3791 596 3855 tant,
643 3786 746 3841 sed
793 3791 981 3841 tamen
1024 3786 1527 3857 perturbationem
1578 3787 2101 3859 confusionemque

446 3874 777 3932 multorum
809 3876 1057 3932 auribus
1083 3881 1304 3942 creant,
1337 3875 1684 3932 hominibus
1711 3876 1980 3932 videlicet
2005 3877 2102 3948 qui

451 3964 784 4021 discernere
829 3966 1099 4022 nesciunt
1136 3965 1322 4021 verba
1364 3971 1537 4038 tropo
1589 3969 1868 4034 carentia,
1920 3966 1997 4021 ab
2033 3966 2102 4021 iis

453 4067 587 4124 qua
603 4059 908 4125 troporum
931 4053 1155 4124 legibus
1169 4053 1533 4125 ﬁgurantur;
1551 4055 1806 4120 facilius,
1829 4056 2098 4126 inquam,

451 4148 534 4198 est
564 4142 611 4197 si
640 4141 984 4198 differentia
1014 4159 1218 4200 earum
1249 4143 1717 4210 considerentur,
1751 4143 2104 4216 propulsare

452 4246 522 4287 ac
546 4231 872 4288 dissolvere
903 4231 1234 4288 umbratilis
1263 4233 1680 4288 controversia
1715 4231 2103 4288 subtilitatem

455 4321 790 4391 Deligenda
803 4321 982 4392 igitur
994 4338 1166 4377 voces
1181 4327 1333 4389 sunt,
1349 4322 1826 4395 collocandaque
1841 4337 1962 4394 quo
1978 4322 2104 4378 loco

450 4410 720 4467 adhiberi
752 4411 962 4467 solent.
995 4411 1149 4468 Scire
1174 4411 1353 4467 etiam
1386 4415 1620 4482 oportet
1651 4417 1967 4482 utramque
1999 4412 2106 4466 cir-
2135 4448 2180 4502 Β

451 4499 900 4572 cumstantiam,
926 4502 1004 4555 ita
1030 4506 1094 4556 ut
1113 4499 1372 4556 distincti
1400 4504 1706 4555 serventur
1732 4500 2104 4569 signiﬁcatus

449 4593 506 4642 et
545 4589 894 4660 proprietas.
939 4591 1084 4644 Hinc
1123 4588 1428 4662 specimen
1461 4595 1608 4644 esto.
1644 4589 1912 4645 Forensis
1945 4589 2105 4645 testis

451 4678 596 4732 dum
627 4678 722 4732 uni
756 4694 787 4733 e
817 4678 1287 4749 disceptantibus
1322 4678 1499 4742 favet,
1533 4677 1787 4734 alterum
1827 4677 2102 4750 iniquum

453 4764 718 4836 coarguit
747 4783 758 4820 :
790 4773 847 4821 at
871 4767 1056 4835 judex
1083 4766 1318 4822 interim
1341 4783 1581 4834 aquam
1607 4766 1960 4822 sententiam
2001 4767 2104 4822 ho-

453 4855 714 4910 minibus
746 4854 953 4910 reddit.
991 4858 1200 4911 Verum
1231 4856 1292 4910 in
1339 4871 1508 4912 sacro
1544 4861 1683 4912 teste
1715 4855 1962 4910 ubinam
2011 4855 2103 4911 hic

451 4958 651 4998 rerum
681 4948 867 4998 status
897 4944 924 5000 ?
949 4943 1037 4998 vel
1071 4944 1373 5000 undenam
1400 4944 1589 5000 libera
1614 4943 1850 5000 dicendi
1880 4944 2053 5014 copia
2078 4945 2105 5000 ?

451 5032 677 5086 Rursus
717 5031 935 5088 athleta
982 5033 1390 5090 adversarium
1449 5033 1730 5089 manibus
1768 5033 2104 5105 pugnisque

451 5121 786 5185 verberans,
818 5137 888 5177 ac
917 5122 1174 5194 denique
1206 5138 1495 5194 superans
1526 5121 1782 5178 victoria
1819 5138 2105 5178 coronam

452 5211 729 5282 impetrat
757 5226 770 5265 :
802 5210 897 5266 hic
927 5215 1125 5266 autem
1147 5211 1250 5282 qui
1284 5211 1608 5282 percutitur
1636 5227 1706 5266 ac
1737 5213 2104 5277 vulneratur,

452 5299 822 5371 ﬂammaque
851 5305 955 5354 aut
991 5299 1145 5355 ferro
1183 5299 1550 5365 interﬁcitur,
1598 5300 1684 5356 vel
1717 5299 1847 5356 aliis
1881 5301 2106 5356 crucia-

454 5396 622 5445 tuum
649 5389 983 5457 generibus,
1010 5404 1146 5461 qua
1166 5387 1516 5444 carnificum
1543 5395 1753 5446 contra
1773 5389 2108 5446 humanam

453 5481 730 5534 naturam
743 5477 1061 5534 crudelitas
1071 5477 1151 5532 ob
1167 5476 1506 5532 enceandos
1521 5477 1796 5533 homines
1810 5479 2114 5548 excogita-

453 5566 553 5631 vit,
581 5565 696 5633 hic,
730 5565 999 5638 inquam,
1029 5566 1288 5622 victoria
1305 5581 1526 5622 corona
1552 5566 1889 5636 insignitur.
1923 5572 2109 5638 Atque

2211 1834 2376 1904 λογεῖν
2430 1837 2518 1884 καὶ
2561 1835 2765 1894 παίζειν
2796 1830 2890 1882 κάν
2947 1839 3051 1892 τοῖς
3121 1827 3435 1892 σπουδαίοις
3483 1829 3822 1906 ἀνύϐριστον.

2217 1927 2315 1975 Καὶ
2361 1925 2460 1996 γὰρ
2519 1917 2669 1974 οὐδέν
2722 1924 2868 1994 ἔργον
2925 1924 3050 1995 πρὸς
3101 1925 3156 1972 1'6
3213 1928 3413 1995 πρῶτον
3475 1929 3668 1993 σχῆμα
3719 1929 3828 1972 τῶν

2216 2011 2564 2086 ἀπορημάτων
2617 2010 2793 2072 εἰπεῖν,
2849 2012 2916 2071 ὡς
2967 2009 3095 2080 ούχὶ
3147 2017 3218 2079 τῷ
3268 2012 3455 2081 αἵματι
3504 2018 3604 2061 τῶν
3663 2008 3830 2067 eum-

2215 2110 2335 2166 τῶν,
2391 2108 2452 2171 τῇ
2518 2096 2576 2151 δὲ
2631 2103 2807 2171 γνώμη
2869 2103 3304 2172 συναρεσκόμενος
3363 2100 3387 2150 6
3433 2103 3682 2170 Χριστός,
3733 2104 3831 2150 καὶ

2215 2194 2309 2248 τὴν
2388 2192 2590 2260 σφαγὴν
2665 2193 2754 2238 καὶ
2825 2190 2882 2238 τό
2958 2189 3172 2239 κενωθεν
3239 2188 3368 2259 uiua
3431 2183 3828 2260 προσεδέξατο·

2217 2282 2388 2350 ὥσπερ
2419 2273 2543 2329 οὐδὲ
2572 2279 2629 2328 1'6
2663 2274 2943 2346 ἐπενεγκεῖν
2995 2279 3062 2338 ὡς
3113 2275 3416 2347 ἐσφάγησαν
3447 2279 3535 2346 μεν
3597 2277 3644 2327 οἱ
3689 2279 3830 2350 μάρ-

2216 2387 2360 2441 τυρες
2408 2368 2532 2438 ύπὶρ
2566 2373 2822 2438 Χριστοῦ,
2856 2368 3030 2417 καὶτὸ
3064 2366 3194 2436 αἷμα
3254 2364 3482 2436 ἐξέχεαν,
3541 2373 3693 2416 τούτο
3735 2385 3835 2416 κν·

2215 2462 2332 2529 ρίως
2370 2461 2459 2507 καὶ
2508 2453 2566 2506 ού
2610 2458 2885 2528 τροπικόν·
2939 2457 2997 2506 1'6
3031 2450 3090 2506 δε
3136 2459 3499 2527 προσήνεγκαν
3525 2458 3614 2505 καὶ
3664 2472 3837 2526 προσο

2218 2550 2389 2618 έφερον
2423 2547 2513 2594 καὶ
2552 2544 2617 2595 τά
2656 2550 2894 2608 τοιαῦτα,
2936 2543 3184 2616 ῥημάτων
3229 2541 3368 2594 ἐστὶν
3411 2541 3834 2613 ἐξοικειουμένων

2218 2639 2308 2692 τὴν
2355 2638 2584 2707 τροπήν·
2655 2635 2839 2683 οὔκουν
2905 2629 3020 2684 οὐδ’
3073 2630 3352 2702 ἀναγκαῖον
3394 2630 3656 2692 ἐπιζητεῖν
3722 2636 3836 2683 τίνι

2215 2727 2605 2798 προσήνεγκαν·
2667 2723 2840 2795 ὥσπερ
2895 2717 3018 2773 οὐδὲ
3066 2724 3238 2778 ζητεῖν
3289 2729 3395 2781 πῶς
3442 2722 3492 2772 οἱ
3555 2721 3836 2794 νεκρωθέν-

2214 2833 2294 2874 τες
2350 2816 2407 2864 τό
2468 2819 2620 2882 σῶμα
2678 2817 2738 2881 τῇ
2797 2816 3006 2862 κενώσει
3069 2818 3158 2862 τού
3209 2811 3430 2881 αἳματος
3483 2805 3714 2862 δύναιντ’
3767 2808 3838 2859 ἆν

2216 2906 2569 2973 προσενεγκεῖν
2617 2898 2891 2969 λέγεσθαι·
2944 2907 3051 2960 πῶς
3085 2895 3144 2950 δὲ
3183 2902 3518 2972 προσέφερον,
3572 2897 3678 2969 ούχ
3725 2898 3840 2950 ἓτε-

2213 3010 2301 3063 ρον
2347 2991 2715 3064 προσάγοντες,
2777 2990 2898 3058 ὁπερ
2952 2986 3064 3040 ἐστὶ
3117 2995 3216 3039 τὼν
3272 2991 3466 3060 κυρίως
3516 2991 3840 3061 προσφερόν-

2143 3103 2182 3158 C
2214 3095 2344 3143 των;
2378 3081 2443 3129 τά
2491 3080 2589 3152 γὰρ
2643 3083 2861 3128 τοιαυτα
2913 3084 3161 3128 τοσοῦτον
3201 3074 3392 3148 ἀπέχει
3431 3083 3522 3128 τού
3569 3072 3837 3147 διαπορη-

2213 3174 2360 3220 τικού
2391 3169 2574 3230 τύπου,
2605 3168 2673 3227 ώς
2715 3167 2920 3237 ἄμεινον
2951 3161 3234 3236 ὑπεριδεῖν,
3297 3169 3368 3236 μὴ
3419 3183 3543 3216 ποτε
3593 3166 3696 3237 ἆρα
3738 3183 3834 3216 σοι

2215 3252 2444 3328 δόξωμεν
2500 3254 2911 3326 συμπλεκόμενοι
2968 3261 3078 3316 τοῖς
3135 3257 3440 3319 παίζουσιν,
3493 3253 3587 3305 ούκ
3640 3254 3832 3316 ἔξωθεν

2212 3353 2303 3396 τοῦ
2371 3345 2566 3406 εἰκότος
2636 3339 3147 3396 συνδιαϐάλλεσθαι·
3203 3345 3376 3414 ὥσπερ
3437 3345 3537 3415 γὰρ
3607 3341 3655 3393 ἐν
3717 3350 3833 3402 τοῖς

2215 3430 2529 3494 σπουδαίοις
2567 3433 2771 3492 παίζειν
2819 3430 3084 3496 ἀσύνετον,
3148 3430 3282 3483 οὕτω
3335 3434 3464 3502 πρὸς
3517 3433 3583 3482 τά
3628 3430 3834 3502 γελοιοο

2213 3542 2335 3596 τερα
2375 3517 2695 3582 σπουδάζειν
2741 3519 3162 3591 καταγέλαστον⁹
3215 3523 3279 3572 τά
3323 3516 3382 3572 δὲ
3424 3528 3512 3580 τῆς
3565 3518 3833 3591 ἐμφανοῦς

2211 3616 2300 3684 μὲν
2340 3610 2554 3670 ἀτοπίας
2583 3615 2671 3660 καὶ
2716 3612 2910 3662 οἴκοθεν
2963 3608 3188 3680 ἐχόντων
3238 3613 3324 3660 τόν
3379 3609 3592 3679 ὓεγχον
3644 3608 3833 3660 ἀνακε-

2209 3703 2513 3772 χωρηκότα,
2567 3703 2810 3770 ταραχὴν
2868 3701 2956 3769 μὲν
3020 3702 3109 3750 καὶ
3168 3696 3384 3771 θόρυϐον
3458 3702 3833 3771 προτεινόμενα

2210 3796 2324 3850 ταῖς
2355 3797 2453 3840 τῶν
2484 3787 2678 3839 πολλῶν
2730 3785 2930 3848 ἀκοαῖς,
2962 3791 3052 3838 καὶ
3082 3787 3160 3848 οἷς
3209 3785 3303 3838 ούκ
3333 3788 3446 3838 ἔστι
3502 3790 3673 3860 κρίσις
3705 3783 3828 3836 δια-

2214 3877 2434 3930 στέλλειν
2474 3885 2572 3928 τὼν
2619 3877 2739 3928 ἄνευ
2770 3883 2967 3948 τροπῆς
3014 3879 3379 3949 προαγομένων
3429 3882 3627 3946 φωνῶν,
3687 3874 3749 3935 ἃς
3803 3876 3832 3926 6

2211 3974 2306 4026 τῆς
2357 3973 2552 4038 τροπῆς
2591 3970 2742 4037 νόμος
2787 3963 3185 4036 ἐσχημάτισεν·
3223 3964 3334 4016 ἐπεὶ
3381 3965 3507 4038 ῥᾷόν
3560 3961 3671 4015 ἐστι
3716 3971 3834 4025 τοῖς

2211 4074 2268 4106 το
2353 4051 2598 4125 διάφορον
2679 4053 2845 4106 αὐτῶν
2939 4055 3357 4126 ἐπεσκεμμένοις,
3434 4051 3834 4126 ἀποκρούεσθαι

2212 4148 2301 4195 καὶ
2355 4139 2585 4194 διαλύειν
2642 4150 2733 4202 τῆς
2793 4138 3061 4204 δοκούσης
3115 4141 3338 4218 ἀπορίας
3393 4145 3448 4194 τὸ
3509 4145 3783 4214 περίεργον
3815 4159 3826 4171 ·

2939 4055 3357 4126 ἐπεσκεμμένοις,

2215 4229 2299 4284 δεῖ
2336 4228 2385 4284 δ’
2431 4227 2517 4283 οὖν
2545 4231 2707 4302 λέγειν
2737 4234 2826 4303 μὲν
2873 4233 2962 4292 τὰς
3022 4235 3190 4303 φωνὰς
3237 4236 3326 4283 καὶ
3380 4232 3576 4283 τιθέναι
3629 4228 3706 4301 ἐφ’
3759 4233 3832 4282 ὡν

2215 4325 2378 4394 φέρειν
2406 4321 2684 4391 εἰώθαμεν·
2743 4317 2937 4372 εἰδέναι
2983 4318 3041 4372 δὲ
3087 4323 3153 4372 τὰ
3204 4320 3420 4395 ἑκάτερα
3465 4325 3828 4394 παρεπόμενα,

2213 4416 2303 4462 xui
2347 4410 2614 4481 φυλάττειν
2659 4409 2822 4461 αὐτῶν
2881 4408 3189 4480 ἀσύγχυτον
3246 4415 3336 4461 καὶ
3389 4412 3446 4461 1'6
3506 4413 3830 4480 σημαινόμε-

2214 4519 2296 4551 νον
2329 4503 2418 4550 καὶ
2447 4501 2502 4550 τό
2531 4495 2759 4569 ἰδίωμα·
2811 4500 2934 4573 όρᾴν
2990 4495 3048 4550 δὲ
3099 4501 3212 4550 ἔστι
3263 4496 3567 4550 κάντεῦθεν·
3604 4499 3631 4549 ό
3689 4501 3830 4572 μάρ-

2215 4590 2355 4648 τυςό
2410 4587 2672 4648 πολιτικός
2699 4588 2783 4639 ἕνα
2830 4596 2929 4639 τῶν
2985 4584 3338 4659 δικαζομένων
3398 4595 3680 4652 συνιστῶν,
3737 4591 3828 4638 τόν

2215 4680 2380 4750 ἕτερον
2427 4679 2750 4748 συκοφάντην
2805 4675 3082 4747 ἁπελέγχει
3111 4683 3202 4728 τού
3245 4684 3425 4743 κριταί
3477 4680 3570 4734 τὴν
3609 4682 3827 4747 γνώμην

2215 4770 2335 4824 ἴσην
2381 4762 2711 4836 διανέμοντος
2767 4773 2871 4825 τοῖς
2923 4771 3256 4838 προσώποις·
3314 4764 3365 4816 ἐν
3419 4761 3477 4818 δε
3540 4773 3611 4833 τῷ
3649 4766 3827 4817 θεολο-

2213 4864 2392 4926 γούντι
2447 4857 2693 4929 μάρτυρι,
2747 4863 2847 4906 πού
2898 4858 3124 4924 σχέσις;
3175 4855 3204 4912 ᾖ
3260 4856 3412 4906 πόθεν
3464 4856 3579 4924 ἔχει
3623 4853 3829 4927 παρρη-

2218 4949 2330 4996 σίαν
2393 4945 2421 5001 ἡ
2493 4946 2751 5008 τοιαύτης
2807 4942 2958 4995 πάλιν
3019 4945 3044 4994 ό
3103 4943 3331 5004 ἀθλητὴς
3392 4945 3477 4994 τὸν
3548 4940 3828 4995 ἀντίπαλον

2215 5037 2376 5107 χερσὶ
2438 5037 2527 5084 καὶ
2569 5039 2804 5102 πυγμαῖς
2844 5036 3032 5097 παίων,
3082 5036 3171 5084 καὶ
3220 5040 3560 5105 κατακρατῶν
3612 5031 3680 5092 εἰς
3747 5036 3826 5083 τέ-

2214 5122 2316 5183 λος,
2375 5129 2466 5173 τού
2514 5127 2784 5178 νικητικού
2845 5123 3098 5192 τυγχάνει
3153 5123 3439 5192 στεφάνου·
3497 5119 3722 5172 ἐνταῦθα
3771 5115 3832 5172 δε

2221 5211 2526 5284 βαλλόμενός
2594 5229 2644 5262 τε
2703 5215 2791 5262 καὶ
2851 5215 3281 5282 τιτρωσκόμενος,
3327 5214 3416 5261 καὶ
3474 5215 3604 5283 πυρὶ
3667 5211 3820 5260 θανα-

2218 5303 2466 5370 τούμενος
2504 5299 2532 5357 ἡ
2570 5296 2797 5371 σιδήρῳ,
2835 5300 2863 5357 ἦ
2913 5295 2987 5350 δι’
3017 5299 3083 5349 ὧν
3113 5297 3275 5350 ἄλλων
3306 5298 3582 5356 ἐπενόησεν
3638 5299 3667 5356 ἡ
3729 5293 3834 5354 δή·

2220 5408 2336 5462 μιος
2368 5388 2574 5459 ὠμότης
2625 5392 2760 5440 κατὰ
2819 5395 2906 5448 τῆς
2947 5385 3271 5459 ἀνθρωπίνης
3323 5390 3526 5460 φύσεως
3581 5391 3705 5449 τοὺς
3747 5385 3837 5439 ἀν-

2225 5480 2460 5553 θρώπους
2509 5475 2772 5548 ἐξαγαγεῖν
2829 5483 2918 5536 τῆς
2983 5480 3141 5543 ζωῆς,
3205 5478 3271 5529 τὰ
3329 5483 3420 5536 τῆς
3480 5479 3625 5536 νίκης
3689 5475 3834 5529 ἐστὶν

2223 5562 2572 5639 ἀναδούμενος
2625 5561 2970 5638 διαδήματα·
3030 5570 3120 5618 καὶ
3187 5564 3271 5618 ἐπὶ
3328 5569 3524 5638 μυρίων
3580 5563 3746 5616 ἄλλων
3794 5573 3828 5625 ἠ
