  <div class='ocr_page' id='page_1' title='image "/cluster/home/n/w/nwhite01/storage/ocr_20150623/101/hvd.32044054112305/112.png"; bbox 0 0 3950 6180; ppageno 0'>
   <div class='ocr_carea' id='block_1_1' title="bbox 208 244 2443 320">
    <p class='ocr_par' dir='ltr' id='par_1_1' title="bbox 208 244 2443 320">
     <span class='ocr_line' id='line_1_1' title="bbox 208 244 2443 320; baseline -0.006 0"><span class='ocrx_word' id='word_1_1' title='bbox 208 257 288 320; x_wconf 74' lang='grc'><strong>183</strong></span> <span class='ocrx_word' id='word_1_2' title='bbox 1147 249 1244 308; x_wconf 80' lang='lat' dir='ltr'><strong>AD</strong></span> <span class='ocrx_word' id='word_1_3' title='bbox 1284 245 1832 308; x_wconf 81' lang='lat' dir='ltr'><strong>AMPHILOCHIUM</strong></span> <span class='ocrx_word' id='word_1_4' title='bbox 1873 244 2202 318; x_wconf 66' lang='lat' dir='ltr'><strong>QUAESTIO</strong></span> <span class='ocrx_word' id='word_1_5' title='bbox 2245 247 2443 306; x_wconf 83' lang='lat' dir='ltr'><strong>XXIV.</strong></span> 
     </span>
    </p>
   </div>
   <div class='ocr_carea' id='block_1_2' title="bbox 3373 243 3478 308">
    <p class='ocr_par' dir='ltr' id='par_1_2' title="bbox 3373 243 3478 308">
     <span class='ocr_line' id='line_1_2' title="bbox 3373 243 3478 308; baseline 0.019 -2"><span class='ocrx_word' id='word_1_6' title='bbox 3373 243 3478 308; x_wconf 71' lang='grc'><strong>186</strong></span> 
     </span>
    </p>
   </div>
   <div class='ocr_carea' id='block_1_3' title="bbox 201 363 1718 460">
    <p class='ocr_par' dir='ltr' id='par_1_3' title="bbox 201 371 1708 460">
     <span class='ocr_line' id='line_1_3' title="bbox 201 371 1708 460; baseline -0.009 -21"><span class='ocrx_word' id='word_1_7' title='bbox 201 371 374 460; x_wconf 53' lang='grc' dir='ltr'>διαφορά</span> <span class='ocrx_word' id='word_1_8' title='bbox 412 400 422 410; x_wconf 92' lang='grc'><strong>·</strong></span> <span class='ocrx_word' id='word_1_9' title='bbox 477 389 568 441; x_wconf 85' lang='grc' dir='ltr'>πῶς</span> <span class='ocrx_word' id='word_1_10' title='bbox 615 375 702 432; x_wconf 72' lang='grc' dir='ltr'>οὖν</span> <span class='ocrx_word' id='word_1_11' title='bbox 761 377 822 431; x_wconf 78' lang='grc' dir='ltr'><strong>ού</strong></span> <span class='ocrx_word' id='word_1_12' title='bbox 875 377 1168 454; x_wconf 75' lang='grc' dir='ltr'>παράλογον</span> <span class='ocrx_word' id='word_1_13' title='bbox 1225 376 1271 430; x_wconf 81' lang='grc' dir='ltr'>ἐν</span> <span class='ocrx_word' id='word_1_14' title='bbox 1331 378 1552 450; x_wconf 82' lang='grc' dir='ltr'>ἐκατέρῳ</span> <span class='ocrx_word' id='word_1_15' title='bbox 1610 383 1708 429; x_wconf 78' lang='grc' dir='ltr'><strong>τῶν</strong></span> 
     </span>
    </p>
   </div>
   <div class='ocr_carea' id='block_1_4' title="bbox 1903 363 3474 460">
    <p class='ocr_par' dir='ltr' id='par_1_4' title="bbox 1903 373 3474 447">
     <span class='ocr_line' id='line_1_4' title="bbox 1903 373 3474 447; baseline 0.001 -17"><span class='ocrx_word' id='word_1_16' title='bbox 1903 391 1946 430; x_wconf 82' lang='lat' dir='ltr'><strong>ae</strong></span> <span class='ocrx_word' id='word_1_17' title='bbox 1977 379 2266 447; x_wconf 80' lang='lat' dir='ltr'><strong>praeterea</strong></span> <span class='ocrx_word' id='word_1_18' title='bbox 2309 375 2635 431; x_wconf 81' lang='lat' dir='ltr'><strong>innumerae</strong></span> <span class='ocrx_word' id='word_1_19' title='bbox 2674 373 3017 431; x_wconf 68' lang='lat' dir='ltr'><strong>differentiae</strong></span> <span class='ocrx_word' id='word_1_20' title='bbox 3047 381 3209 433; x_wconf 90' lang='lat' dir='ltr'><strong>sunt.</strong></span> <span class='ocrx_word' id='word_1_21' title='bbox 3259 375 3474 442; x_wconf 87' lang='lat' dir='ltr'><strong>Quidni</strong></span> 
     </span>
    </p>
   </div>
   <div class='ocr_carea' id='block_1_5' title="bbox 195 467 1712 546">
    <p class='ocr_par' dir='ltr' id='par_1_5' title="bbox 195 467 1712 546">
     <span class='ocr_line' id='line_1_5' title="bbox 195 467 1712 546; baseline -0.007 -21"><span class='ocrx_word' id='word_1_22' title='bbox 195 477 507 546; x_wconf 66' lang='grc' dir='ltr'>σημαινομένων</span> <span class='ocrx_word' id='word_1_23' title='bbox 567 472 629 522; x_wconf 74' lang='grc' dir='ltr'><strong>τᾶ</strong></span> <span class='ocrx_word' id='word_1_24' title='bbox 705 469 840 522; x_wconf 74' lang='grc' dir='ltr'><strong>αύτά</strong></span> <span class='ocrx_word' id='word_1_25' title='bbox 893 469 1064 528; x_wconf 79' lang='grc' dir='ltr'><strong>ζητεῖν</strong></span> <span class='ocrx_word' id='word_1_26' title='bbox 1140 467 1480 542; x_wconf 78' lang='grc' dir='ltr'>ἐπιθεωρεῖν;</span> <span class='ocrx_word' id='word_1_27' title='bbox 1539 471 1626 518; x_wconf 87' lang='grc' dir='ltr'>καὶ</span> <span class='ocrx_word' id='word_1_28' title='bbox 1678 467 1712 515; x_wconf 77' lang='grc' dir='ltr'>οἱ</span> 
     </span>
    </p>
   </div>
   <div class='ocr_carea' id='block_1_6' title="bbox 191 553 1712 637">
    <p class='ocr_par' dir='ltr' id='par_1_6' title="bbox 191 553 1712 637">
     <span class='ocr_line' id='line_1_6' title="bbox 191 553 1712 637; baseline -0.007 -22"><span class='ocrx_word' id='word_1_29' title='bbox 191 571 346 637; x_wconf 71' lang='grc' dir='ltr'>προσῆν</span> <span class='ocrx_word' id='word_1_30' title='bbox 391 569 452 630; x_wconf 73' lang='grc' dir='ltr'>τῷ</span> <span class='ocrx_word' id='word_1_31' title='bbox 503 559 660 634; x_wconf 78' lang='grc' dir='ltr'>ἑτέρῳ,</span> <span class='ocrx_word' id='word_1_32' title='bbox 712 561 778 610; x_wconf 72' lang='grc' dir='ltr'>τὰ</span> <span class='ocrx_word' id='word_1_33' title='bbox 825 557 958 608; x_wconf 79' lang='grc' dir='ltr'><strong>αύτά</strong></span> <span class='ocrx_word' id='word_1_34' title='bbox 1019 558 1215 628; x_wconf 77' lang='grc' dir='ltr'>Θατέρῳ</span> <span class='ocrx_word' id='word_1_35' title='bbox 1283 559 1578 630; x_wconf 71' lang='grc' dir='ltr'><strong>περιάπτειν</strong></span> <span class='ocrx_word' id='word_1_36' title='bbox 1633 553 1712 606; x_wconf 85' lang='grc' dir='ltr'><strong>ἐκ·</strong></span> 
     </span>
    </p>
   </div>
   <div class='ocr_carea' id='block_1_7' title="bbox 189 651 448 712">
    <p class='ocr_par' dir='ltr' id='par_1_7' title="bbox 189 651 448 712">
     <span class='ocr_line' id='line_1_7' title="bbox 189 651 448 712; baseline -0.015 -8"><span class='ocrx_word' id='word_1_37' title='bbox 189 651 408 712; x_wconf 69' lang='grc' dir='ltr'>ϐιάζεσθαι</span> <span class='ocrx_word' id='word_1_38' title='bbox 436 668 448 712; x_wconf 86' lang='grc'><strong>;</strong></span> 
     </span>
    </p>
   </div>
   <div class='ocr_carea' id='block_1_8' title="bbox 241 732 1710 808">
    <p class='ocr_par' dir='ltr' id='par_1_8' title="bbox 241 732 1710 808">
     <span class='ocr_line' id='line_1_8' title="bbox 241 732 1710 808; baseline -0.006 -16"><span class='ocrx_word' id='word_1_39' title='bbox 241 740 296 798; x_wconf 68' lang='grc' dir='ltr'><strong>ιε’.</strong></span> <span class='ocrx_word' id='word_1_40' title='bbox 343 739 488 792; x_wconf 82' lang='grc' dir='ltr'>Πολλὰ</span> <span class='ocrx_word' id='word_1_41' title='bbox 532 740 616 808; x_wconf 63' lang='grc' dir='ltr'><strong>μὲν</strong></span> <span class='ocrx_word' id='word_1_42' title='bbox 674 733 762 788; x_wconf 72' lang='grc' dir='ltr'>οὖν</span> <span class='ocrx_word' id='word_1_43' title='bbox 822 745 922 788; x_wconf 82' lang='grc' dir='ltr'>τῶν</span> <span class='ocrx_word' id='word_1_44' title='bbox 979 738 1064 788; x_wconf 78' lang='grc' dir='ltr'>ἐπὶ</span> <span class='ocrx_word' id='word_1_45' title='bbox 1123 732 1383 808; x_wconf 70' lang='grc' dir='ltr'>διαφόρων</span> <span class='ocrx_word' id='word_1_46' title='bbox 1431 734 1710 806; x_wconf 71' lang='grc' dir='ltr'>πραγάτων</span> 
     </span>
    </p>
   </div>
   <div class='ocr_carea' id='block_1_9' title="bbox 189 819 1710 900">
    <p class='ocr_par' dir='ltr' id='par_1_9' title="bbox 189 819 1710 900">
     <span class='ocr_line' id='line_1_9' title="bbox 189 819 1710 900; baseline -0.005 -20"><span class='ocrx_word' id='word_1_47' title='bbox 189 833 444 900; x_wconf 79' lang='grc' dir='ltr'>ταττομένων</span> <span class='ocrx_word' id='word_1_48' title='bbox 479 827 730 898; x_wconf 70' lang='grc' dir='ltr'>ὀνομάτων</span> <span class='ocrx_word' id='word_1_49' title='bbox 773 825 1160 897; x_wconf 69' lang='grc' dir='ltr'>ἐμφανεστάτην</span> <span class='ocrx_word' id='word_1_50' title='bbox 1213 827 1327 896; x_wconf 71' lang='grc' dir='ltr'>ἔχει</span> <span class='ocrx_word' id='word_1_51' title='bbox 1382 827 1474 882; x_wconf 78' lang='grc' dir='ltr'>τὴν</span> <span class='ocrx_word' id='word_1_52' title='bbox 1531 819 1710 892; x_wconf 69' lang='grc' dir='ltr'>διαφο-</span> 
     </span>
    </p>
   </div>
   <div class='ocr_carea' id='block_1_10' title="bbox 185 911 1707 990">
    <p class='ocr_par' dir='ltr' id='par_1_10' title="bbox 185 911 1707 990">
     <span class='ocr_line' id='line_1_10' title="bbox 185 911 1707 990; baseline -0.006 -20"><span class='ocrx_word' id='word_1_53' title='bbox 185 922 256 990; x_wconf 75' lang='grc' dir='ltr'>ρςίν</span> <span class='ocrx_word' id='word_1_54' title='bbox 297 935 308 948; x_wconf 90' lang='grc'>·</span> <span class='ocrx_word' id='word_1_55' title='bbox 347 919 406 978; x_wconf 75' lang='grc' dir='ltr'><strong>ὡς</strong></span> <span class='ocrx_word' id='word_1_56' title='bbox 450 912 578 987; x_wconf 77' lang='grc' dir='ltr'>μηδέ</span> <span class='ocrx_word' id='word_1_57' title='bbox 617 935 736 968; x_wconf 86' lang='grc' dir='ltr'>τινα</span> <span class='ocrx_word' id='word_1_58' title='bbox 789 923 889 966; x_wconf 82' lang='grc' dir='ltr'>τῶν</span> <span class='ocrx_word' id='word_1_59' title='bbox 941 913 1008 974; x_wconf 85' lang='grc' dir='ltr'>εἰς</span> <span class='ocrx_word' id='word_1_60' title='bbox 1055 915 1213 988; x_wconf 69' lang='grc' dir='ltr'>ἄκρον</span> <span class='ocrx_word' id='word_1_61' title='bbox 1265 911 1638 984; x_wconf 78' lang='grc' dir='ltr'><strong>ἀναισχυντίας</strong></span> <span class='ocrx_word' id='word_1_62' title='bbox 1677 914 1707 968; x_wconf 79' lang='grc' dir='ltr'><strong>ἦ</strong></span> 
     </span>
    </p>
   </div>
   <div class='ocr_carea' id='block_1_11' title="bbox 187 1001 1712 1076">
    <p class='ocr_par' dir='ltr' id='par_1_11' title="bbox 187 1001 1712 1076">
     <span class='ocr_line' id='line_1_11' title="bbox 187 1001 1712 1076; baseline -0.003 -20"><span class='ocrx_word' id='word_1_63' title='bbox 187 1009 394 1065; x_wconf 68' lang='grc' dir='ltr'>ἀσθενείας</span> <span class='ocrx_word' id='word_1_64' title='bbox 427 1008 639 1062; x_wconf 70' lang='grc' dir='ltr'>ἡκόντων</span> <span class='ocrx_word' id='word_1_65' title='bbox 683 1009 850 1076; x_wconf 84' lang='grc' dir='ltr'>χωρὶς</span> <span class='ocrx_word' id='word_1_66' title='bbox 907 1003 1173 1074; x_wconf 80' lang='grc' dir='ltr'><strong>αἰσχύνης</strong></span> <span class='ocrx_word' id='word_1_67' title='bbox 1225 1006 1254 1060; x_wconf 86' lang='grc' dir='ltr'><strong>ἣ</strong></span> <span class='ocrx_word' id='word_1_68' title='bbox 1299 1001 1564 1062; x_wconf 70' lang='grc' dir='ltr'>εὐλαϐείας</span> <span class='ocrx_word' id='word_1_69' title='bbox 1595 1019 1712 1072; x_wconf 86' lang='grc' dir='ltr'>μετ-</span> 
     </span>
    </p>
   </div>
   <div class='ocr_carea' id='block_1_12' title="bbox 182 1087 1706 1166">
    <p class='ocr_par' dir='ltr' id='par_1_12' title="bbox 182 1087 1706 1166">
     <span class='ocr_line' id='line_1_12' title="bbox 182 1087 1706 1166; baseline -0.003 -22"><span class='ocrx_word' id='word_1_70' title='bbox 182 1102 348 1165; x_wconf 65' lang='grc' dir='ltr'>ενεγκεῖν</span> <span class='ocrx_word' id='word_1_71' title='bbox 389 1093 462 1145; x_wconf 81' lang='grc' dir='ltr'>ἐπὶ</span> <span class='ocrx_word' id='word_1_72' title='bbox 531 1095 738 1166; x_wconf 73' lang='grc' dir='ltr'>θάτερον</span> <span class='ocrx_word' id='word_1_73' title='bbox 800 1095 836 1144; x_wconf 76' lang='grc' dir='ltr'><strong><em>ἄ</em></strong></span> <span class='ocrx_word' id='word_1_74' title='bbox 912 1101 982 1162; x_wconf 76' lang='grc' dir='ltr'>τῷ</span> <span class='ocrx_word' id='word_1_75' title='bbox 1039 1091 1192 1165; x_wconf 79' lang='grc' dir='ltr'>ἑτέρῳ</span> <span class='ocrx_word' id='word_1_76' title='bbox 1247 1087 1635 1162; x_wconf 75' lang='grc' dir='ltr'><strong>διωμολόγηται</strong></span> <span class='ocrx_word' id='word_1_77' title='bbox 1695 1105 1706 1118; x_wconf 94' lang='grc'><strong>·</strong></span> 
     </span>
    </p>
   </div>
   <div class='ocr_carea' id='block_1_13' title="bbox 180 1179 1708 1254">
    <p class='ocr_par' dir='ltr' id='par_1_13' title="bbox 180 1179 1708 1254">
     <span class='ocr_line' id='line_1_13' title="bbox 180 1179 1708 1254; baseline -0.003 -20"><span class='ocrx_word' id='word_1_78' title='bbox 180 1183 304 1234; x_wconf 79' lang='grc' dir='ltr'>πολλά</span> <span class='ocrx_word' id='word_1_79' title='bbox 343 1179 394 1234; x_wconf 65' lang='grc' dir='ltr'>δε</span> <span class='ocrx_word' id='word_1_80' title='bbox 435 1185 636 1254; x_wconf 70' lang='grc' dir='ltr'>κρύφιον</span> <span class='ocrx_word' id='word_1_81' title='bbox 683 1185 818 1254; x_wconf 75' lang='grc' dir='ltr'>φέρει</span> <span class='ocrx_word' id='word_1_82' title='bbox 858 1187 951 1239; x_wconf 79' lang='grc' dir='ltr'><strong>τὴν</strong></span> <span class='ocrx_word' id='word_1_83' title='bbox 984 1180 1281 1254; x_wconf 77' lang='grc' dir='ltr'>ἑτερότητα,</span> <span class='ocrx_word' id='word_1_84' title='bbox 1323 1182 1394 1241; x_wconf 78' lang='grc' dir='ltr'><strong>ὡς</strong></span> <span class='ocrx_word' id='word_1_85' title='bbox 1431 1181 1458 1231; x_wconf 83' lang='grc' dir='ltr'><em>ὁ</em></span> <span class='ocrx_word' id='word_1_86' title='bbox 1487 1181 1708 1250; x_wconf 71' lang='grc' dir='ltr'>μάρτυς,</span> 
     </span>
    </p>
   </div>
   <div class='ocr_carea' id='block_1_14' title="bbox 175 1269 1712 1343">
    <p class='ocr_par' dir='ltr' id='par_1_14' title="bbox 175 1269 1712 1343">
     <span class='ocr_line' id='line_1_14' title="bbox 175 1269 1712 1343; baseline -0.017 -1"><span class='ocrx_word' id='word_1_87' title='bbox 175 1275 270 1332; x_wconf 62' lang='grc' dir='ltr'><strong>άςδ</strong></span> <span class='ocrx_word' id='word_1_88' title='bbox 303 1271 520 1336; x_wconf 68' lang='grc' dir='ltr'><strong>ἀθλητής,</strong></span> <span class='ocrx_word' id='word_1_89' title='bbox 569 1275 638 1333; x_wconf 79' lang='grc' dir='ltr'>ὡς</span> <span class='ocrx_word' id='word_1_90' title='bbox 697 1275 756 1322; x_wconf 78' lang='grc' dir='ltr'>τὸ</span> <span class='ocrx_word' id='word_1_91' title='bbox 784 1269 992 1343; x_wconf 72' lang='grc' dir='ltr'>λύτρον,</span> <span class='ocrx_word' id='word_1_92' title='bbox 1025 1271 1094 1330; x_wconf 84' lang='grc' dir='ltr'>ὡς</span> <span class='ocrx_word' id='word_1_93' title='bbox 1144 1273 1202 1321; x_wconf 79' lang='grc' dir='ltr'>τὸ</span> <span class='ocrx_word' id='word_1_94' title='bbox 1251 1274 1516 1336; x_wconf 77' lang='grc' dir='ltr'>τρόπαιον,</span> <span class='ocrx_word' id='word_1_95' title='bbox 1552 1271 1616 1328; x_wconf 83' lang='grc' dir='ltr'>ὡς</span> <span class='ocrx_word' id='word_1_96' title='bbox 1647 1271 1712 1319; x_wconf 79' lang='grc' dir='ltr'>τὰ</span> 
     </span>
    </p>
   </div>
   <div class='ocr_carea' id='block_1_15' title="bbox 175 1357 1710 1432">
    <p class='ocr_par' dir='ltr' id='par_1_15' title="bbox 175 1357 1710 1432">
     <span class='ocr_line' id='line_1_15' title="bbox 175 1357 1710 1432; baseline -0.003 -21"><span class='ocrx_word' id='word_1_97' title='bbox 175 1369 242 1411; x_wconf 67' lang='grc' dir='ltr'><strong>τοῦ</strong></span> <span class='ocrx_word' id='word_1_98' title='bbox 283 1357 398 1428; x_wconf 65' lang='grc' dir='ltr'>ᾅδου</span> <span class='ocrx_word' id='word_1_99' title='bbox 432 1358 692 1430; x_wconf 84' lang='grc' dir='ltr'>βασίλεια,</span> <span class='ocrx_word' id='word_1_100' title='bbox 741 1361 806 1420; x_wconf 77' lang='grc' dir='ltr'><strong>ὡς</strong></span> <span class='ocrx_word' id='word_1_101' title='bbox 854 1363 1017 1432; x_wconf 86' lang='grc' dir='ltr'>μυρία</span> <span class='ocrx_word' id='word_1_102' title='bbox 1053 1358 1184 1410; x_wconf 71' lang='grc' dir='ltr'>ἄλλα</span> <span class='ocrx_word' id='word_1_103' title='bbox 1221 1357 1293 1430; x_wconf 66' lang='grc' dir='ltr'><strong>ἐφ’</strong></span> <span class='ocrx_word' id='word_1_104' title='bbox 1327 1358 1393 1408; x_wconf 77' lang='grc' dir='ltr'>ὧν</span> <span class='ocrx_word' id='word_1_105' title='bbox 1443 1357 1556 1409; x_wconf 83' lang='grc' dir='ltr'>ἐστὶ</span> <span class='ocrx_word' id='word_1_106' title='bbox 1587 1358 1710 1431; x_wconf 73' lang='grc' dir='ltr'>ῥᾷον</span> 
     </span>
    </p>
   </div>
   <div class='ocr_carea' id='block_1_16' title="bbox 171 1445 1712 1518">
    <p class='ocr_par' dir='ltr' id='par_1_16' title="bbox 171 1445 1712 1518">
     <span class='ocr_line' id='line_1_16' title="bbox 171 1445 1712 1518; baseline -0.002 -18"><span class='ocrx_word' id='word_1_107' title='bbox 171 1455 238 1500; x_wconf 75' lang='grc' dir='ltr'>καὶ</span> <span class='ocrx_word' id='word_1_108' title='bbox 272 1449 404 1500; x_wconf 65' lang='grc' dir='ltr'>αὐτὸν</span> <span class='ocrx_word' id='word_1_109' title='bbox 451 1449 696 1510; x_wconf 69' lang='grc' dir='ltr'>πολλάκις</span> <span class='ocrx_word' id='word_1_110' title='bbox 735 1447 936 1508; x_wconf 70' lang='grc' dir='ltr'>ἀπάτης</span> <span class='ocrx_word' id='word_1_111' title='bbox 993 1447 1164 1499; x_wconf 67' lang='grc' dir='ltr'>λαϐεῖν</span> <span class='ocrx_word' id='word_1_112' title='bbox 1213 1453 1304 1505; x_wconf 76' lang='grc' dir='ltr'><strong>τὴν</strong></span> <span class='ocrx_word' id='word_1_113' title='bbox 1350 1445 1568 1518; x_wconf 77' lang='grc' dir='ltr'><strong>ἀπορίαν</strong></span> <span class='ocrx_word' id='word_1_114' title='bbox 1616 1466 1712 1497; x_wconf 85' lang='grc' dir='ltr'>πα-</span> 
     </span>
    </p>
   </div>
   <div class='ocr_carea' id='block_1_17' title="bbox 169 1536 1711 1610">
    <p class='ocr_par' dir='ltr' id='par_1_17' title="bbox 169 1536 1711 1610">
     <span class='ocr_line' id='line_1_17' title="bbox 169 1536 1711 1610; baseline -0.002 -20"><span class='ocrx_word' id='word_1_115' title='bbox 169 1536 450 1610; x_wconf 66' lang='grc' dir='ltr'>ραϐυὸμενον,</span> <span class='ocrx_word' id='word_1_116' title='bbox 503 1542 531 1596; x_wconf 79' lang='grc' dir='ltr'><strong>ἣ</strong></span> <span class='ocrx_word' id='word_1_117' title='bbox 595 1538 784 1610; x_wconf 80' lang='grc' dir='ltr'>ἑτέροις</span> <span class='ocrx_word' id='word_1_118' title='bbox 849 1543 940 1596; x_wconf 68' lang='grc' dir='ltr'>τὴν</span> <span class='ocrx_word' id='word_1_119' title='bbox 999 1537 1202 1594; x_wconf 77' lang='grc' dir='ltr'>ἀπάτην</span> <span class='ocrx_word' id='word_1_120' title='bbox 1257 1538 1500 1607; x_wconf 67' lang='grc' dir='ltr'>προάγειν</span> <span class='ocrx_word' id='word_1_121' title='bbox 1549 1536 1596 1587; x_wconf 86' lang='grc' dir='ltr'>ἐν</span> <span class='ocrx_word' id='word_1_122' title='bbox 1643 1545 1711 1606; x_wconf 71' lang='grc' dir='ltr'><strong>τῳ</strong></span> 
     </span>
    </p>
   </div>
   <div class='ocr_carea' id='block_1_18' title="bbox 169 1624 1713 1698">
    <p class='ocr_par' dir='ltr' id='par_1_18' title="bbox 169 1624 1713 1698">
     <span class='ocr_line' id='line_1_18' title="bbox 169 1624 1713 1698; baseline -0.001 -22"><span class='ocrx_word' id='word_1_123' title='bbox 169 1629 414 1680; x_wconf 69' lang='grc' dir='ltr'>λανθάνοντι</span> <span class='ocrx_word' id='word_1_124' title='bbox 448 1645 460 1659; x_wconf 92' lang='grc'><strong>·</strong></span> <span class='ocrx_word' id='word_1_125' title='bbox 498 1625 578 1679; x_wconf 72' lang='grc' dir='ltr'>δεῖ</span> <span class='ocrx_word' id='word_1_126' title='bbox 621 1624 672 1678; x_wconf 77' lang='grc' dir='ltr'><strong>δ’</strong></span> <span class='ocrx_word' id='word_1_127' title='bbox 713 1624 802 1678; x_wconf 73' lang='grc' dir='ltr'>οὖν</span> <span class='ocrx_word' id='word_1_128' title='bbox 834 1627 888 1678; x_wconf 86' lang='grc' dir='ltr'>ἐκ</span> <span class='ocrx_word' id='word_1_129' title='bbox 927 1635 1026 1678; x_wconf 84' lang='grc' dir='ltr'><strong>τῶν</strong></span> <span class='ocrx_word' id='word_1_130' title='bbox 1058 1625 1444 1698; x_wconf 63' lang='grc' dir='ltr'>ἐμφανεστάτην</span> <span class='ocrx_word' id='word_1_131' title='bbox 1489 1628 1713 1696; x_wconf 77' lang='grc' dir='ltr'>ἐχόντων</span> 
     </span>
    </p>
   </div>
   <div class='ocr_carea' id='block_1_19' title="bbox 1819 463 3479 538">
    <p class='ocr_par' dir='ltr' id='par_1_19' title="bbox 1819 463 3479 538">
     <span class='ocr_line' id='line_1_19' title="bbox 1819 463 3479 538; baseline 0.001 -19"><span class='ocrx_word' id='word_1_132' title='bbox 1819 464 2018 536; x_wconf 91' lang='lat' dir='ltr'><strong>itaque</strong></span> <span class='ocrx_word' id='word_1_133' title='bbox 2050 465 2120 520; x_wconf 87' lang='lat' dir='ltr'><strong>sit</strong></span> <span class='ocrx_word' id='word_1_134' title='bbox 2151 463 2505 534; x_wconf 88' lang='lat' dir='ltr'><strong>absurdum,</strong></span> <span class='ocrx_word' id='word_1_135' title='bbox 2537 464 2596 520; x_wconf 89' lang='lat' dir='ltr'><strong>in</strong></span> <span class='ocrx_word' id='word_1_136' title='bbox 2631 471 2876 538; x_wconf 88' lang='lat' dir='ltr'><strong>utraque</strong></span> <span class='ocrx_word' id='word_1_137' title='bbox 2901 481 2964 520; x_wconf 88' lang='lat' dir='ltr'><strong>re</strong></span> <span class='ocrx_word' id='word_1_138' title='bbox 2991 463 3322 535; x_wconf 84' lang='lat' dir='ltr'><strong>significata</strong></span> <span class='ocrx_word' id='word_1_139' title='bbox 3351 481 3479 522; x_wconf 90' lang='lat' dir='ltr'><strong>eas-</strong></span> 
     </span>
    </p>
   </div>
   <div class='ocr_carea' id='block_1_20' title="bbox 1819 553 3476 626">
    <p class='ocr_par' dir='ltr' id='par_1_20' title="bbox 1819 553 3476 626">
     <span class='ocr_line' id='line_1_20' title="bbox 1819 553 3476 626; baseline 0.001 -18"><span class='ocrx_word' id='word_1_140' title='bbox 1819 553 1959 609; x_wconf 89' lang='lat' dir='ltr'><strong>dem</strong></span> <span class='ocrx_word' id='word_1_141' title='bbox 1997 553 2477 610; x_wconf 81' lang='lat' dir='ltr'><strong>circumstantias</strong></span> <span class='ocrx_word' id='word_1_142' title='bbox 2511 555 2820 626; x_wconf 83' lang='lat' dir='ltr'><strong>exquirere</strong></span> <span class='ocrx_word' id='word_1_143' title='bbox 2851 553 2880 608; x_wconf 68' lang='lat'>7</span> <span class='ocrx_word' id='word_1_144' title='bbox 2913 559 2969 609; x_wconf 90' lang='lat' dir='ltr'><strong>et</strong></span> <span class='ocrx_word' id='word_1_145' title='bbox 3015 569 3151 626; x_wconf 65' lang='lat' dir='ltr'><strong>quae</strong></span> <span class='ocrx_word' id='word_1_146' title='bbox 3201 555 3302 610; x_wconf 89' lang='lat' dir='ltr'><strong>uni</strong></span> <span class='ocrx_word' id='word_1_147' title='bbox 3333 571 3476 611; x_wconf 91' lang='lat' dir='ltr'><strong>con-</strong></span> 
     </span>
    </p>
   </div>
   <div class='ocr_carea' id='block_1_21' title="bbox 1821 642 3232 714">
    <p class='ocr_par' dir='ltr' id='par_1_21' title="bbox 1821 642 3232 714">
     <span class='ocr_line' id='line_1_21' title="bbox 1821 642 3232 714; baseline 0 -17"><span class='ocrx_word' id='word_1_148' title='bbox 1821 647 2061 711; x_wconf 87' lang='lat' dir='ltr'><strong>gruunt,</strong></span> <span class='ocrx_word' id='word_1_149' title='bbox 2091 643 2336 698; x_wconf 91' lang='lat' dir='ltr'><strong>easdem</strong></span> <span class='ocrx_word' id='word_1_150' title='bbox 2363 643 2438 697; x_wconf 88' lang='lat' dir='ltr'><strong>ad</strong></span> <span class='ocrx_word' id='word_1_151' title='bbox 2463 643 2708 698; x_wconf 82' lang='lat' dir='ltr'><strong>alteram</strong></span> <span class='ocrx_word' id='word_1_152' title='bbox 2744 644 2800 698; x_wconf 88' lang='lat' dir='ltr'><strong>vi</strong></span> <span class='ocrx_word' id='word_1_153' title='bbox 2831 642 3172 714; x_wconf 80' lang='lat' dir='ltr'><strong>pertrahere</strong></span> <span class='ocrx_word' id='word_1_154' title='bbox 3205 642 3232 697; x_wconf 80' lang='lat'><strong>?</strong></span> 
     </span>
    </p>
   </div>
   <div class='ocr_carea' id='block_1_22' title="bbox 1893 729 3476 802">
    <p class='ocr_par' dir='ltr' id='par_1_22' title="bbox 1893 729 3476 802">
     <span class='ocr_line' id='line_1_22' title="bbox 1893 729 3476 802; baseline 0.001 -16"><span class='ocrx_word' id='word_1_155' title='bbox 1893 735 1944 786; x_wconf 89' lang='lat'><strong>8.</strong></span> <span class='ocrx_word' id='word_1_156' title='bbox 1979 729 2156 788; x_wconf 83' lang='lat' dir='ltr'><strong>Multa</strong></span> <span class='ocrx_word' id='word_1_157' title='bbox 2185 731 2359 801; x_wconf 81' lang='lat' dir='ltr'><strong>igitur</strong></span> <span class='ocrx_word' id='word_1_158' title='bbox 2400 748 2470 787; x_wconf 85' lang='lat' dir='ltr'><strong>ex</strong></span> <span class='ocrx_word' id='word_1_159' title='bbox 2519 732 2588 786; x_wconf 89' lang='lat' dir='ltr'><strong>iis</strong></span> <span class='ocrx_word' id='word_1_160' title='bbox 2635 731 2998 796; x_wconf 87' lang='lat' dir='ltr'><strong>nominibus,</strong></span> <span class='ocrx_word' id='word_1_161' title='bbox 3051 749 3183 802; x_wconf 68' lang='lat' dir='ltr'><strong>quae</strong></span> <span class='ocrx_word' id='word_1_162' title='bbox 3227 731 3476 788; x_wconf 86' lang='lat' dir='ltr'><strong>diversis</strong></span> 
     </span>
    </p>
   </div>
   <div class='ocr_carea' id='block_1_23' title="bbox 1820 819 3474 892">
    <p class='ocr_par' dir='ltr' id='par_1_23' title="bbox 1820 819 3474 892">
     <span class='ocr_line' id='line_1_23' title="bbox 1820 819 3474 892; baseline 0.002 -18"><span class='ocrx_word' id='word_1_163' title='bbox 1820 819 2000 876; x_wconf 84' lang='lat' dir='ltr'><strong>rebus</strong></span> <span class='ocrx_word' id='word_1_164' title='bbox 2030 820 2436 892; x_wconf 88' lang='lat' dir='ltr'><strong>imponuntur,</strong></span> <span class='ocrx_word' id='word_1_165' title='bbox 2485 821 3028 876; x_wconf 88' lang='lat' dir='ltr'><strong>manifestissimam</strong></span> <span class='ocrx_word' id='word_1_166' title='bbox 3079 821 3474 877; x_wconf 78' lang='lat' dir='ltr'><strong>differentiam</strong></span> 
     </span>
    </p>
   </div>
   <div class='ocr_carea' id='block_1_24' title="bbox 1820 909 3476 984">
    <p class='ocr_par' dir='ltr' id='par_1_24' title="bbox 1820 909 3476 984">
     <span class='ocr_line' id='line_1_24' title="bbox 1820 909 3476 984; baseline 0.001 -20"><span class='ocrx_word' id='word_1_167' title='bbox 1820 909 2043 965; x_wconf 90' lang='lat' dir='ltr'><strong>habent</strong></span> <span class='ocrx_word' id='word_1_168' title='bbox 2077 926 2089 964; x_wconf 91' lang='lat'><strong>:</strong></span> <span class='ocrx_word' id='word_1_169' title='bbox 2118 925 2304 980; x_wconf 89' lang='lat' dir='ltr'><strong>quare</strong></span> <span class='ocrx_word' id='word_1_170' title='bbox 2329 925 2436 963; x_wconf 89' lang='lat' dir='ltr'><strong>nec</strong></span> <span class='ocrx_word' id='word_1_171' title='bbox 2464 909 2564 964; x_wconf 90' lang='lat' dir='ltr'><strong>ulli</strong></span> <span class='ocrx_word' id='word_1_172' title='bbox 2595 909 2865 964; x_wconf 88' lang='lat' dir='ltr'><strong>homines</strong></span> <span class='ocrx_word' id='word_1_173' title='bbox 2896 925 3248 982; x_wconf 87' lang='lat' dir='ltr'><strong>quanquam</strong></span> <span class='ocrx_word' id='word_1_174' title='bbox 3281 909 3476 984; x_wconf 88' lang='lat' dir='ltr'><strong>appri-</strong></span> 
     </span>
    </p>
   </div>
   <div class='ocr_carea' id='block_1_25' title="bbox 1821 997 3474 1070">
    <p class='ocr_par' dir='ltr' id='par_1_25' title="bbox 1821 997 3474 1070">
     <span class='ocr_line' id='line_1_25' title="bbox 1821 997 3474 1070; baseline 0 -17"><span class='ocrx_word' id='word_1_175' title='bbox 1821 1013 1917 1053; x_wconf 89' lang='lat' dir='ltr'><strong>me</strong></span> <span class='ocrx_word' id='word_1_176' title='bbox 1941 998 2317 1070; x_wconf 88' lang='lat' dir='ltr'><strong>impudentes</strong></span> <span class='ocrx_word' id='word_1_177' title='bbox 2345 997 2434 1052; x_wconf 90' lang='lat' dir='ltr'><strong>vel</strong></span> <span class='ocrx_word' id='word_1_178' title='bbox 2467 997 2702 1069; x_wconf 87' lang='lat' dir='ltr'><strong>ingenio</strong></span> <span class='ocrx_word' id='word_1_179' title='bbox 2733 997 3032 1053; x_wconf 89' lang='lat' dir='ltr'><strong>imbecillo</strong></span> <span class='ocrx_word' id='word_1_180' title='bbox 3061 998 3314 1070; x_wconf 73' lang='lat' dir='ltr'><strong>prrediti,</strong></span> <span class='ocrx_word' id='word_1_181' title='bbox 3350 1000 3474 1053; x_wconf 89' lang='lat' dir='ltr'><strong>sinc</strong></span> 
     </span>
    </p>
   </div>
   <div class='ocr_carea' id='block_1_26' title="bbox 1821 1085 3472 1158">
    <p class='ocr_par' dir='ltr' id='par_1_26' title="bbox 1821 1085 3472 1158">
     <span class='ocr_line' id='line_1_26' title="bbox 1821 1085 3472 1158; baseline 0.003 -20"><span class='ocrx_word' id='word_1_182' title='bbox 1821 1085 2050 1158; x_wconf 88' lang='lat' dir='ltr'><strong>pudore</strong></span> <span class='ocrx_word' id='word_1_183' title='bbox 2080 1091 2180 1142; x_wconf 89' lang='lat' dir='ltr'><strong>aut</strong></span> <span class='ocrx_word' id='word_1_184' title='bbox 2209 1093 2368 1142; x_wconf 89' lang='lat' dir='ltr'><strong>metu</strong></span> <span class='ocrx_word' id='word_1_185' title='bbox 2404 1085 2717 1142; x_wconf 82' lang='lat' dir='ltr'><strong>transferre</strong></span> <span class='ocrx_word' id='word_1_186' title='bbox 2742 1087 2932 1142; x_wconf 87' lang='lat' dir='ltr'><strong>solent</strong></span> <span class='ocrx_word' id='word_1_187' title='bbox 2961 1086 3039 1142; x_wconf 89' lang='lat' dir='ltr'><strong>ad</strong></span> <span class='ocrx_word' id='word_1_188' title='bbox 3069 1103 3194 1142; x_wconf 91' lang='lat' dir='ltr'><strong>rem</strong></span> <span class='ocrx_word' id='word_1_189' title='bbox 3227 1088 3472 1143; x_wconf 86' lang='lat' dir='ltr'><strong>alteram</strong></span> 
     </span>
    </p>
   </div>
   <div class='ocr_carea' id='block_1_27' title="bbox 1821 1174 3474 1247">
    <p class='ocr_par' dir='ltr' id='par_1_27' title="bbox 1821 1174 3474 1247">
     <span class='ocr_line' id='line_1_27' title="bbox 1821 1174 3474 1247; baseline 0.001 -17"><span class='ocrx_word' id='word_1_190' title='bbox 1821 1174 1986 1246; x_wconf 88' lang='lat' dir='ltr'><strong>quod</strong></span> <span class='ocrx_word' id='word_1_191' title='bbox 2009 1175 2246 1230; x_wconf 86' lang='lat' dir='ltr'><strong>alterius</strong></span> <span class='ocrx_word' id='word_1_192' title='bbox 2269 1177 2578 1247; x_wconf 88' lang='lat' dir='ltr'><strong>proprium</strong></span> <span class='ocrx_word' id='word_1_193' title='bbox 2597 1181 2706 1234; x_wconf 91' lang='lat' dir='ltr'><strong>est.</strong></span> <span class='ocrx_word' id='word_1_194' title='bbox 2729 1176 2904 1232; x_wconf 84' lang='lat' dir='ltr'><strong>Multa</strong></span> <span class='ocrx_word' id='word_1_195' title='bbox 2923 1181 3120 1232; x_wconf 85' lang='lat' dir='ltr'><strong>tamen</strong></span> <span class='ocrx_word' id='word_1_196' title='bbox 3145 1177 3474 1232; x_wconf 89' lang='lat' dir='ltr'><strong>subobscu-</strong></span> 
     </span>
    </p>
   </div>
   <div class='ocr_carea' id='block_1_28' title="bbox 1822 1265 3478 1331">
    <p class='ocr_par' dir='ltr' id='par_1_28' title="bbox 1822 1265 3478 1331">
     <span class='ocr_line' id='line_1_28' title="bbox 1822 1265 3478 1331; baseline 0.001 -13"><span class='ocrx_word' id='word_1_197' title='bbox 1822 1279 1948 1318; x_wconf 86' lang='lat' dir='ltr'><strong>ram</strong></span> <span class='ocrx_word' id='word_1_198' title='bbox 1982 1265 2377 1320; x_wconf 87' lang='lat' dir='ltr'><strong>diversitatem</strong></span> <span class='ocrx_word' id='word_1_199' title='bbox 2404 1265 2726 1330; x_wconf 89' lang='lat' dir='ltr'><strong>continent,</strong></span> <span class='ocrx_word' id='word_1_200' title='bbox 2761 1272 2820 1320; x_wconf 92' lang='lat' dir='ltr'><strong>ut</strong></span> <span class='ocrx_word' id='word_1_201' title='bbox 2843 1267 3026 1331; x_wconf 91' lang='lat' dir='ltr'><strong>testis,</strong></span> <span class='ocrx_word' id='word_1_202' title='bbox 3063 1272 3123 1322; x_wconf 89' lang='lat' dir='ltr'><strong>ut</strong></span> <span class='ocrx_word' id='word_1_203' title='bbox 3149 1265 3387 1330; x_wconf 84' lang='lat' dir='ltr'><strong>athleta,</strong></span> <span class='ocrx_word' id='word_1_204' title='bbox 3413 1269 3478 1321; x_wconf 89' lang='lat' dir='ltr'><strong>ut</strong></span> 
     </span>
    </p>
   </div>
   <div class='ocr_carea' id='block_1_29' title="bbox 1823 1351 3477 1424">
    <p class='ocr_par' dir='ltr' id='par_1_29' title="bbox 1823 1351 3477 1424">
     <span class='ocr_line' id='line_1_29' title="bbox 1823 1351 3477 1424; baseline 0.002 -18"><span class='ocrx_word' id='word_1_205' title='bbox 1823 1351 2104 1417; x_wconf 68' lang='lat' dir='ltr'><strong>redimite,</strong></span> <span class='ocrx_word' id='word_1_206' title='bbox 2133 1358 2194 1407; x_wconf 90' lang='lat' dir='ltr'><strong>ut</strong></span> <span class='ocrx_word' id='word_1_207' title='bbox 2212 1359 2518 1424; x_wconf 65' lang='lat' dir='ltr'><strong>tropaeum,</strong></span> <span class='ocrx_word' id='word_1_208' title='bbox 2547 1359 2609 1408; x_wconf 92' lang='lat' dir='ltr'><strong>ut</strong></span> <span class='ocrx_word' id='word_1_209' title='bbox 2633 1353 2960 1410; x_wconf 86' lang='lat' dir='ltr'><strong>inferorum</strong></span> <span class='ocrx_word' id='word_1_210' title='bbox 2980 1369 3252 1423; x_wconf 80' lang='lat' dir='ltr'><strong>regnum,</strong></span> <span class='ocrx_word' id='word_1_211' title='bbox 3276 1361 3338 1410; x_wconf 91' lang='lat' dir='ltr'><strong>ut</strong></span> <span class='ocrx_word' id='word_1_212' title='bbox 3360 1353 3477 1409; x_wconf 88' lang='lat' dir='ltr'><strong>alia</strong></span> 
     </span>
    </p>
   </div>
   <div class='ocr_carea' id='block_1_30' title="bbox 1823 1440 3476 1513">
    <p class='ocr_par' dir='ltr' id='par_1_30' title="bbox 1823 1440 3476 1513">
     <span class='ocr_line' id='line_1_30' title="bbox 1823 1440 3476 1513; baseline 0.001 -19"><span class='ocrx_word' id='word_1_213' title='bbox 1823 1440 2081 1512; x_wconf 88' lang='lat' dir='ltr'><strong>plurima</strong></span> <span class='ocrx_word' id='word_1_214' title='bbox 2131 1458 2145 1495; x_wconf 90' lang='lat'><strong>:</strong></span> <span class='ocrx_word' id='word_1_215' title='bbox 2191 1441 2250 1495; x_wconf 91' lang='lat' dir='ltr'><strong>in</strong></span> <span class='ocrx_word' id='word_1_216' title='bbox 2300 1441 2516 1512; x_wconf 83' lang='lat' dir='ltr'><strong>quibus</strong></span> <span class='ocrx_word' id='word_1_217' title='bbox 2565 1441 2793 1496; x_wconf 84' lang='lat' dir='ltr'><strong>facilius</strong></span> <span class='ocrx_word' id='word_1_218' title='bbox 2839 1447 2925 1496; x_wconf 85' lang='lat' dir='ltr'><strong>est</strong></span> <span class='ocrx_word' id='word_1_219' title='bbox 2965 1441 3163 1512; x_wconf 83' lang='lat' dir='ltr'><strong>ipsum</strong></span> <span class='ocrx_word' id='word_1_220' title='bbox 3211 1441 3330 1498; x_wconf 82' lang='lat' dir='ltr'><strong>falli</strong></span> <span class='ocrx_word' id='word_1_221' title='bbox 3371 1443 3476 1513; x_wconf 85' lang='lat' dir='ltr'><strong>qui</strong></span> 
     </span>
    </p>
   </div>
   <div class='ocr_carea' id='block_1_31' title="bbox 1821 1529 3471 1600">
    <p class='ocr_par' dir='ltr' id='par_1_31' title="bbox 1821 1529 3471 1600">
     <span class='ocr_line' id='line_1_31' title="bbox 1821 1529 3471 1600; baseline 0.002 -18"><span class='ocrx_word' id='word_1_222' title='bbox 1821 1529 2214 1600; x_wconf 69' lang='lat' dir='ltr'><strong>quaestionem</strong></span> <span class='ocrx_word' id='word_1_223' title='bbox 2253 1529 2635 1598; x_wconf 81' lang='lat' dir='ltr'><strong>ingredietur,</strong></span> <span class='ocrx_word' id='word_1_224' title='bbox 2669 1546 2854 1600; x_wconf 90' lang='lat' dir='ltr'><strong>quam</strong></span> <span class='ocrx_word' id='word_1_225' title='bbox 2887 1529 3015 1584; x_wconf 87' lang='lat' dir='ltr'><strong>aliis</strong></span> <span class='ocrx_word' id='word_1_226' title='bbox 3043 1529 3247 1585; x_wconf 86' lang='lat' dir='ltr'><strong>fucum</strong></span> <span class='ocrx_word' id='word_1_227' title='bbox 3277 1531 3471 1586; x_wconf 86' lang='lat' dir='ltr'><strong>facere</strong></span> 
     </span>
    </p>
   </div>
   <div class='ocr_carea' id='block_1_32' title="bbox 1823 1617 3466 1690">
    <p class='ocr_par' dir='ltr' id='par_1_32' title="bbox 1823 1617 3466 1690">
     <span class='ocr_line' id='line_1_32' title="bbox 1823 1617 3466 1690; baseline 0.001 -20"><span class='ocrx_word' id='word_1_228' title='bbox 1823 1617 1882 1671; x_wconf 92' lang='lat' dir='ltr'><strong>in</strong></span> <span class='ocrx_word' id='word_1_229' title='bbox 1930 1631 1989 1670; x_wconf 91' lang='lat' dir='ltr'><strong>re</strong></span> <span class='ocrx_word' id='word_1_230' title='bbox 2037 1617 2274 1672; x_wconf 87' lang='lat' dir='ltr'><strong>latente.</strong></span> <span class='ocrx_word' id='word_1_231' title='bbox 2323 1621 2563 1688; x_wconf 87' lang='lat' dir='ltr'><strong>Oportet</strong></span> <span class='ocrx_word' id='word_1_232' title='bbox 2607 1619 2804 1689; x_wconf 88' lang='lat' dir='ltr'><strong>itaque</strong></span> <span class='ocrx_word' id='word_1_233' title='bbox 2847 1635 2916 1672; x_wconf 84' lang='lat' dir='ltr'><strong>ex</strong></span> <span class='ocrx_word' id='word_1_234' title='bbox 2957 1619 3028 1672; x_wconf 91' lang='lat' dir='ltr'><strong>iis</strong></span> <span class='ocrx_word' id='word_1_235' title='bbox 3071 1635 3206 1690; x_wconf 69' lang='lat' dir='ltr'><strong>quae</strong></span> <span class='ocrx_word' id='word_1_236' title='bbox 3281 1618 3466 1674; x_wconf 87' lang='lat' dir='ltr'><strong>mani-</strong></span> 
     </span>
    </p>
   </div>
   <div class='ocr_carea' id='block_1_33' title="bbox 167 1705 1718 1789">
    <p class='ocr_par' dir='ltr' id='par_1_33' title="bbox 167 1713 1714 1789">
     <span class='ocr_line' id='line_1_33' title="bbox 167 1713 1714 1789; baseline -0.001 -21"><span class='ocrx_word' id='word_1_237' title='bbox 167 1723 238 1774; x_wconf 62' lang='grc' dir='ltr'>τὴν</span> <span class='ocrx_word' id='word_1_238' title='bbox 277 1717 592 1789; x_wconf 64' lang='grc' dir='ltr'>παραλλαγήν</span> <span class='ocrx_word' id='word_1_239' title='bbox 653 1723 744 1767; x_wconf 77' lang='grc' dir='ltr'>καὶ</span> <span class='ocrx_word' id='word_1_240' title='bbox 807 1715 1059 1778; x_wconf 82' lang='grc' dir='ltr'>παντελῶς</span> <span class='ocrx_word' id='word_1_241' title='bbox 1110 1713 1408 1766; x_wconf 79' lang='grc' dir='ltr'>ἐπιπόλαιον</span> <span class='ocrx_word' id='word_1_242' title='bbox 1449 1723 1548 1766; x_wconf 77' lang='grc' dir='ltr'><strong>τῶν</strong></span> <span class='ocrx_word' id='word_1_243' title='bbox 1591 1733 1714 1786; x_wconf 80' lang='grc' dir='ltr'>προ-</span> 
     </span>
    </p>
   </div>
   <div class='ocr_carea' id='block_1_34' title="bbox 1903 1705 3476 1789">
    <p class='ocr_par' dir='ltr' id='par_1_34' title="bbox 1903 1705 3476 1777">
     <span class='ocr_line' id='line_1_34' title="bbox 1903 1705 3476 1777; baseline 0.003 -19"><span class='ocrx_word' id='word_1_244' title='bbox 1903 1707 2178 1762; x_wconf 67' lang='grc' dir='ltr'><strong>τιὶεεὶιηοηι</strong></span> <span class='ocrx_word' id='word_1_245' title='bbox 2199 1707 2743 1762; x_wconf 86' lang='lat' dir='ltr'><strong>transmutationem</strong></span> <span class='ocrx_word' id='word_1_246' title='bbox 2765 1705 3008 1770; x_wconf 84' lang='lat' dir='ltr'><strong>habent,</strong></span> <span class='ocrx_word' id='word_1_247' title='bbox 3030 1711 3207 1777; x_wconf 89' lang='lat' dir='ltr'><strong>atque</strong></span> <span class='ocrx_word' id='word_1_248' title='bbox 3229 1708 3476 1762; x_wconf 90' lang='lat' dir='ltr'><strong>omnino</strong></span> 
     </span>
    </p>
   </div>
   <div class='ocr_carea' id='block_1_35' title="bbox 167 1801 1714 1875">
    <p class='ocr_par' dir='ltr' id='par_1_35' title="bbox 167 1801 1714 1875">
     <span class='ocr_line' id='line_1_35' title="bbox 167 1801 1714 1875; baseline -0.001 -20"><span class='ocrx_word' id='word_1_249' title='bbox 167 1810 408 1875; x_wconf 76' lang='grc' dir='ltr'>τεινομένων</span> <span class='ocrx_word' id='word_1_250' title='bbox 469 1811 558 1862; x_wconf 69' lang='grc' dir='ltr'>τήν</span> <span class='ocrx_word' id='word_1_251' title='bbox 627 1801 893 1874; x_wconf 70' lang='grc' dir='ltr'>διάλυσιν,</span> <span class='ocrx_word' id='word_1_252' title='bbox 960 1807 1048 1856; x_wconf 88' lang='grc' dir='ltr'><strong>τὸν</strong></span> <span class='ocrx_word' id='word_1_253' title='bbox 1113 1808 1302 1855; x_wconf 78' lang='grc' dir='ltr'>κανόνα</span> <span class='ocrx_word' id='word_1_254' title='bbox 1361 1802 1554 1868; x_wconf 75' lang='grc' dir='ltr'>λαϐεῖν,</span> <span class='ocrx_word' id='word_1_255' title='bbox 1627 1807 1714 1854; x_wconf 87' lang='grc' dir='ltr'><strong>καὶ</strong></span> 
     </span>
    </p>
   </div>
   <div class='ocr_carea' id='block_1_36' title="bbox 165 1889 1700 1966">
    <p class='ocr_par' dir='ltr' id='par_1_36' title="bbox 165 1889 1700 1966">
     <span class='ocr_line' id='line_1_36' title="bbox 165 1889 1700 1966; baseline 0 -23"><span class='ocrx_word' id='word_1_256' title='bbox 165 1892 414 1945; x_wconf 66' lang='grc' dir='ltr'>ἀπευθύνειν</span> <span class='ocrx_word' id='word_1_257' title='bbox 453 1903 512 1966; x_wconf 75' lang='grc' dir='ltr'>τῇ</span> <span class='ocrx_word' id='word_1_258' title='bbox 569 1901 718 1965; x_wconf 81' lang='grc' dir='ltr'>κοινῇ</span> <span class='ocrx_word' id='word_1_259' title='bbox 761 1889 968 1965; x_wconf 69' lang='grc' dir='ltr'>μεθόδῳ</span> <span class='ocrx_word' id='word_1_260' title='bbox 1022 1897 1112 1944; x_wconf 85' lang='grc' dir='ltr'><strong>καὶ</strong></span> <span class='ocrx_word' id='word_1_261' title='bbox 1161 1892 1194 1943; x_wconf 69' lang='grc' dir='ltr'><em>ἄ</em></span> <span class='ocrx_word' id='word_1_262' title='bbox 1243 1891 1434 1949; x_wconf 69' lang='grc' dir='ltr'>πολλὴν</span> <span class='ocrx_word' id='word_1_263' title='bbox 1485 1896 1580 1949; x_wconf 79' lang='grc' dir='ltr'><strong>τὴν</strong></span> <span class='ocrx_word' id='word_1_264' title='bbox 1623 1895 1700 1962; x_wconf 79' lang='grc' dir='ltr'><strong>ἐγ-</strong></span> 
     </span>
    </p>
   </div>
   <div class='ocr_carea' id='block_1_37' title="bbox 161 1979 1716 2055">
    <p class='ocr_par' dir='ltr' id='par_1_37' title="bbox 161 1979 1716 2055">
     <span class='ocr_line' id='line_1_37' title="bbox 161 1979 1716 2055; baseline 0.001 -24"><span class='ocrx_word' id='word_1_265' title='bbox 161 1985 322 2050; x_wconf 69' lang='grc' dir='ltr'>γύτητα</span> <span class='ocrx_word' id='word_1_266' title='bbox 357 1985 479 2055; x_wconf 74' lang='grc' dir='ltr'>πρὸς</span> <span class='ocrx_word' id='word_1_267' title='bbox 517 1981 720 2040; x_wconf 69' lang='grc' dir='ltr'>ἄλληλα</span> <span class='ocrx_word' id='word_1_268' title='bbox 757 1987 1064 2053; x_wconf 77' lang='grc' dir='ltr'><strong>κεκτημένα,</strong></span> <span class='ocrx_word' id='word_1_269' title='bbox 1111 1985 1170 2033; x_wconf 80' lang='grc' dir='ltr'>τὸ</span> <span class='ocrx_word' id='word_1_270' title='bbox 1201 1989 1298 2042; x_wconf 82' lang='grc' dir='ltr'><strong>τῆς</strong></span> <span class='ocrx_word' id='word_1_271' title='bbox 1337 1979 1540 2042; x_wconf 75' lang='grc' dir='ltr'>ἀπάτης</span> <span class='ocrx_word' id='word_1_272' title='bbox 1571 1989 1716 2052; x_wconf 77' lang='grc' dir='ltr'>σχῆ-</span> 
     </span>
    </p>
   </div>
   <div class='ocr_carea' id='block_1_38' title="bbox 157 2068 1712 2146">
    <p class='ocr_par' dir='ltr' id='par_1_38' title="bbox 157 2068 1712 2146">
     <span class='ocr_line' id='line_1_38' title="bbox 157 2068 1712 2146; baseline -0.001 -24"><span class='ocrx_word' id='word_1_273' title='bbox 157 2073 554 2142; x_wconf 61' lang='grc' dir='ltr'>μαπιθανωτερον</span> <span class='ocrx_word' id='word_1_274' title='bbox 587 2069 964 2146; x_wconf 74' lang='grc' dir='ltr'>προϐάλληται,</span> <span class='ocrx_word' id='word_1_275' title='bbox 1023 2075 1114 2122; x_wconf 78' lang='grc' dir='ltr'>καὶ</span> <span class='ocrx_word' id='word_1_276' title='bbox 1176 2069 1339 2130; x_wconf 75' lang='grc' dir='ltr'>οὕτως</span> <span class='ocrx_word' id='word_1_277' title='bbox 1396 2068 1482 2121; x_wconf 83' lang='grc' dir='ltr'>ἀπ’</span> <span class='ocrx_word' id='word_1_278' title='bbox 1516 2069 1712 2121; x_wconf 81' lang='grc' dir='ltr'>ἐκείνων</span> 
     </span>
    </p>
   </div>
   <div class='ocr_carea' id='block_1_39' title="bbox 157 2155 1709 2230">
    <p class='ocr_par' dir='ltr' id='par_1_39' title="bbox 157 2155 1709 2230">
     <span class='ocr_line' id='line_1_39' title="bbox 157 2155 1709 2230; baseline 0 -22"><span class='ocrx_word' id='word_1_279' title='bbox 157 2167 230 2215; x_wconf 63' lang='grc' dir='ltr'>τὴν</span> <span class='ocrx_word' id='word_1_280' title='bbox 271 2164 428 2230; x_wconf 82' lang='grc' dir='ltr'>κρίσιν</span> <span class='ocrx_word' id='word_1_281' title='bbox 485 2159 687 2218; x_wconf 79' lang='grc' dir='ltr'>ἀπλανῆ</span> <span class='ocrx_word' id='word_1_282' title='bbox 741 2164 834 2211; x_wconf 88' lang='grc' dir='ltr'><strong>καὶ</strong></span> <span class='ocrx_word' id='word_1_283' title='bbox 885 2159 966 2211; x_wconf 86' lang='grc' dir='ltr'>ἐπὶ</span> <span class='ocrx_word' id='word_1_284' title='bbox 1016 2163 1206 2211; x_wconf 81' lang='grc' dir='ltr'>τούτων</span> <span class='ocrx_word' id='word_1_285' title='bbox 1261 2155 1641 2218; x_wconf 77' lang='grc' dir='ltr'><strong>συνδιασώζειν</strong></span> <span class='ocrx_word' id='word_1_286' title='bbox 1697 2175 1709 2188; x_wconf 92' lang='grc'><strong>·</strong></span> 
     </span>
    </p>
   </div>
   <div class='ocr_carea' id='block_1_40' title="bbox 157 2245 1714 2323">
    <p class='ocr_par' dir='ltr' id='par_1_40' title="bbox 157 2245 1714 2323">
     <span class='ocr_line' id='line_1_40' title="bbox 157 2245 1714 2323; baseline 0.006 -26"><span class='ocrx_word' id='word_1_287' title='bbox 157 2247 312 2299; x_wconf 66' lang='grc' dir='ltr'>αὐτίκα</span> <span class='ocrx_word' id='word_1_288' title='bbox 355 2251 408 2300; x_wconf 85' lang='grc' dir='ltr'><strong>τὸ</strong></span> <span class='ocrx_word' id='word_1_289' title='bbox 435 2252 717 2323; x_wconf 82' lang='grc' dir='ltr'>πτερύγιον</span> <span class='ocrx_word' id='word_1_290' title='bbox 747 2257 840 2300; x_wconf 77' lang='grc' dir='ltr'>τοῦ</span> <span class='ocrx_word' id='word_1_291' title='bbox 895 2251 1030 2320; x_wconf 79' lang='grc' dir='ltr'>ἱεροῦ</span> <span class='ocrx_word' id='word_1_292' title='bbox 1086 2267 1100 2279; x_wconf 76' lang='grc'><strong>’</strong></span> <span class='ocrx_word' id='word_1_293' title='bbox 1142 2251 1200 2300; x_wconf 85' lang='grc' dir='ltr'><strong>τὸ</strong></span> <span class='ocrx_word' id='word_1_294' title='bbox 1233 2245 1292 2300; x_wconf 73' lang='grc' dir='ltr'><strong>δὲ</strong></span> <span class='ocrx_word' id='word_1_295' title='bbox 1337 2250 1611 2320; x_wconf 73' lang='grc' dir='ltr'>πτερύγιον</span> <span class='ocrx_word' id='word_1_296' title='bbox 1643 2247 1714 2306; x_wconf 82' lang='grc' dir='ltr'><strong>οἷς</strong></span> 
     </span>
    </p>
   </div>
   <div class='ocr_carea' id='block_1_41' title="bbox 153 2331 1714 2408">
    <p class='ocr_par' dir='ltr' id='par_1_41' title="bbox 153 2331 1714 2408">
     <span class='ocr_line' id='line_1_41' title="bbox 153 2331 1714 2408; baseline -0.001 -20"><span class='ocrx_word' id='word_1_297' title='bbox 153 2336 264 2405; x_wconf 56' lang='lat' dir='ltr'><strong>uiis:</strong></span> <span class='ocrx_word' id='word_1_298' title='bbox 289 2345 372 2398; x_wconf 82' lang='grc' dir='ltr'><strong>τῆς</strong></span> <span class='ocrx_word' id='word_1_299' title='bbox 411 2337 658 2398; x_wconf 80' lang='grc' dir='ltr'>Ἀττικῆς</span> <span class='ocrx_word' id='word_1_300' title='bbox 693 2336 947 2408; x_wconf 79' lang='grc' dir='ltr'>γλώττης,</span> <span class='ocrx_word' id='word_1_301' title='bbox 984 2339 1032 2388; x_wconf 83' lang='grc' dir='ltr'>οἱ</span> <span class='ocrx_word' id='word_1_302' title='bbox 1081 2338 1170 2408; x_wconf 77' lang='grc' dir='ltr'><strong>μεν</strong></span> <span class='ocrx_word' id='word_1_303' title='bbox 1214 2334 1380 2400; x_wconf 86' lang='grc' dir='ltr'>ἀετὸν,</span> <span class='ocrx_word' id='word_1_304' title='bbox 1431 2337 1480 2386; x_wconf 83' lang='grc' dir='ltr'>οἱ</span> <span class='ocrx_word' id='word_1_305' title='bbox 1535 2331 1594 2387; x_wconf 67' lang='grc' dir='ltr'><strong>δι</strong></span> <span class='ocrx_word' id='word_1_306' title='bbox 1623 2339 1714 2386; x_wconf 87' lang='grc' dir='ltr'>καὶ</span> 
     </span>
    </p>
   </div>
   <div class='ocr_carea' id='block_1_42' title="bbox 151 2423 1715 2498">
    <p class='ocr_par' dir='ltr' id='par_1_42' title="bbox 151 2423 1715 2498">
     <span class='ocr_line' id='line_1_42' title="bbox 151 2423 1715 2498; baseline -0.001 -20"><span class='ocrx_word' id='word_1_307' title='bbox 151 2425 321 2498; x_wconf 68' lang='grc' dir='ltr'>ὰέτωμα</span> <span class='ocrx_word' id='word_1_308' title='bbox 385 2427 632 2496; x_wconf 77' lang='grc' dir='ltr'>καλοῦσι,</span> <span class='ocrx_word' id='word_1_309' title='bbox 684 2432 776 2479; x_wconf 80' lang='grc' dir='ltr'><strong>καὶ</strong></span> <span class='ocrx_word' id='word_1_310' title='bbox 827 2431 1096 2498; x_wconf 85' lang='grc' dir='ltr'>στέγασμα</span> <span class='ocrx_word' id='word_1_311' title='bbox 1159 2431 1314 2498; x_wconf 79' lang='grc' dir='ltr'>φασὶν</span> <span class='ocrx_word' id='word_1_312' title='bbox 1370 2423 1498 2478; x_wconf 86' lang='grc' dir='ltr'>εἶναι</span> <span class='ocrx_word' id='word_1_313' title='bbox 1563 2432 1715 2477; x_wconf 76' lang='grc' dir='ltr'>τοῦτο</span> 
     </span>
    </p>
   </div>
   <div class='ocr_carea' id='block_1_43' title="bbox 147 2515 1714 2588">
    <p class='ocr_par' dir='ltr' id='par_1_43' title="bbox 147 2515 1714 2588">
     <span class='ocr_line' id='line_1_43' title="bbox 147 2515 1714 2588; baseline -0.001 -23"><span class='ocrx_word' id='word_1_314' title='bbox 147 2523 222 2566; x_wconf 68' lang='grc' dir='ltr'><strong>τῶν</strong></span> <span class='ocrx_word' id='word_1_315' title='bbox 258 2518 390 2586; x_wconf 74' lang='grc' dir='ltr'>ιερῶν</span> <span class='ocrx_word' id='word_1_316' title='bbox 435 2521 616 2582; x_wconf 77' lang='grc' dir='ltr'>οἴκων,</span> <span class='ocrx_word' id='word_1_317' title='bbox 668 2523 740 2586; x_wconf 85' lang='grc' dir='ltr'><strong>τῷ</strong></span> <span class='ocrx_word' id='word_1_318' title='bbox 793 2521 1037 2588; x_wconf 78' lang='grc' dir='ltr'>σχήματι</span> <span class='ocrx_word' id='word_1_319' title='bbox 1083 2519 1176 2572; x_wconf 74' lang='grc' dir='ltr'><strong>τήν</strong></span> <span class='ocrx_word' id='word_1_320' title='bbox 1206 2523 1399 2574; x_wconf 78' lang='grc' dir='ltr'>πτῆσιν</span> <span class='ocrx_word' id='word_1_321' title='bbox 1445 2523 1536 2566; x_wconf 76' lang='grc' dir='ltr'><strong>τοῦ</strong></span> <span class='ocrx_word' id='word_1_322' title='bbox 1577 2515 1714 2584; x_wconf 73' lang='grc' dir='ltr'>ζῴου</span> 
     </span>
    </p>
   </div>
   <div class='ocr_carea' id='block_1_44' title="bbox 1533 2599 1718 2655">
    <p class='ocr_par' dir='ltr' id='par_1_44' title="bbox 1533 2599 1718 2655">
     <span class='ocr_line' id='line_1_44' title="bbox 1533 2599 1718 2655; baseline -0.005 0"><span class='ocrx_word' id='word_1_323' title='bbox 1533 2599 1718 2655; x_wconf 76' lang='grc' dir='ltr'><strong>ὀἱὸὲ</strong></span> 
     </span>
    </p>
   </div>
   <div class='ocr_carea' id='block_1_45' title="bbox 151 2689 1718 2768">
    <p class='ocr_par' dir='ltr' id='par_1_45' title="bbox 151 2689 1718 2768">
     <span class='ocr_line' id='line_1_45' title="bbox 151 2689 1718 2768; baseline 0.002 -26"><span class='ocrx_word' id='word_1_324' title='bbox 151 2689 478 2747; x_wconf 70' lang='grc' dir='ltr'>διαστέλλουσι</span> <span class='ocrx_word' id='word_1_325' title='bbox 529 2699 592 2746; x_wconf 84' lang='grc' dir='ltr'><strong>τὸ</strong></span> <span class='ocrx_word' id='word_1_326' title='bbox 642 2699 828 2768; x_wconf 80' lang='grc' dir='ltr'>πτερὸν</span> <span class='ocrx_word' id='word_1_327' title='bbox 884 2697 1063 2746; x_wconf 80' lang='grc' dir='ltr'>καὶτὸ</span> <span class='ocrx_word' id='word_1_328' title='bbox 1103 2696 1380 2768; x_wconf 73' lang='grc' dir='ltr'>πτερύγιον</span> <span class='ocrx_word' id='word_1_329' title='bbox 1423 2701 1516 2745; x_wconf 78' lang='grc' dir='ltr'><strong>τοῦ</strong></span> <span class='ocrx_word' id='word_1_330' title='bbox 1569 2691 1718 2745; x_wconf 84' lang='grc' dir='ltr'>ἀετοῦ</span> 
     </span>
    </p>
   </div>
   <div class='ocr_carea' id='block_1_46' title="bbox 145 2603 1480 2678">
    <p class='ocr_par' dir='ltr' id='par_1_46' title="bbox 145 2603 1480 2678">
     <span class='ocr_line' id='line_1_46' title="bbox 145 2603 1480 2678; baseline 0.001 -25"><span class='ocrx_word' id='word_1_331' title='bbox 145 2607 440 2676; x_wconf 65' lang='grc' dir='ltr'>μιμούμενον,</span> <span class='ocrx_word' id='word_1_332' title='bbox 499 2608 526 2658; x_wconf 84' lang='grc' dir='ltr'><em>ὅ</em></span> <span class='ocrx_word' id='word_1_333' title='bbox 575 2603 650 2662; x_wconf 68' lang='grc' dir='ltr'><em>δὴ</em></span> <span class='ocrx_word' id='word_1_334' title='bbox 703 2609 794 2657; x_wconf 83' lang='grc' dir='ltr'>καὶ</span> <span class='ocrx_word' id='word_1_335' title='bbox 847 2609 1032 2678; x_wconf 79' lang='grc' dir='ltr'>πτερὸν</span> <span class='ocrx_word' id='word_1_336' title='bbox 1083 2607 1204 2656; x_wconf 85' lang='grc' dir='ltr'>ἔνιοι</span> <span class='ocrx_word' id='word_1_337' title='bbox 1235 2603 1480 2656; x_wconf 83' lang='grc' dir='ltr'>καλοῦσιν</span> 
     </span>
    </p>
   </div>
   <div class='ocr_carea' id='block_1_47' title="bbox 151 2778 1718 2858">
    <p class='ocr_par' dir='ltr' id='par_1_47' title="bbox 151 2778 1718 2858">
     <span class='ocr_line' id='line_1_47' title="bbox 151 2778 1718 2858; baseline 0.002 -28"><span class='ocrx_word' id='word_1_338' title='bbox 151 2797 190 2831; x_wconf 81' lang='grc' dir='ltr'><strong>τε</strong></span> <span class='ocrx_word' id='word_1_339' title='bbox 221 2785 298 2833; x_wconf 82' lang='grc' dir='ltr'><strong>καὶ</strong></span> <span class='ocrx_word' id='word_1_340' title='bbox 331 2791 420 2835; x_wconf 68' lang='grc' dir='ltr'><strong>τοῦ</strong></span> <span class='ocrx_word' id='word_1_341' title='bbox 461 2785 760 2855; x_wconf 76' lang='grc' dir='ltr'>ἀετώματος</span> <span class='ocrx_word' id='word_1_342' title='bbox 804 2800 815 2811; x_wconf 95' lang='grc'><strong>·</strong></span> <span class='ocrx_word' id='word_1_343' title='bbox 848 2788 978 2854; x_wconf 77' lang='grc' dir='ltr'>φασὶ</span> <span class='ocrx_word' id='word_1_344' title='bbox 1003 2784 1104 2858; x_wconf 83' lang='grc' dir='ltr'>γὰρ</span> <span class='ocrx_word' id='word_1_345' title='bbox 1141 2779 1268 2835; x_wconf 86' lang='grc' dir='ltr'>εἶναι</span> <span class='ocrx_word' id='word_1_346' title='bbox 1305 2786 1363 2834; x_wconf 82' lang='grc' dir='ltr'><strong>τὸ</strong></span> <span class='ocrx_word' id='word_1_347' title='bbox 1405 2778 1718 2855; x_wconf 79' lang='grc' dir='ltr'>δηλούμενον</span> 
     </span>
    </p>
   </div>
   <div class='ocr_carea' id='block_1_48' title="bbox 147 2869 1720 2945">
    <p class='ocr_par' dir='ltr' id='par_1_48' title="bbox 147 2869 1720 2945">
     <span class='ocr_line' id='line_1_48' title="bbox 147 2869 1720 2945; baseline 0.003 -27"><span class='ocrx_word' id='word_1_348' title='bbox 147 2869 214 2918; x_wconf 75' lang='grc' dir='ltr'><strong>ὑπ’</strong></span> <span class='ocrx_word' id='word_1_349' title='bbox 257 2872 434 2936; x_wconf 67' lang='grc' dir='ltr'>αὐτῶν,</span> <span class='ocrx_word' id='word_1_350' title='bbox 489 2877 550 2924; x_wconf 86' lang='grc' dir='ltr'><strong>τὸ</strong></span> <span class='ocrx_word' id='word_1_351' title='bbox 605 2875 706 2941; x_wconf 86' lang='grc' dir='ltr'>πρὸ</span> <span class='ocrx_word' id='word_1_352' title='bbox 745 2880 848 2923; x_wconf 83' lang='grc' dir='ltr'>τῶν</span> <span class='ocrx_word' id='word_1_353' title='bbox 910 2874 1054 2945; x_wconf 70' lang='grc' dir='ltr'>ἱερῶν</span> <span class='ocrx_word' id='word_1_354' title='bbox 1109 2869 1164 2922; x_wconf 81' lang='grc' dir='ltr'>ἐκ</span> <span class='ocrx_word' id='word_1_355' title='bbox 1200 2870 1346 2922; x_wconf 87' lang='grc' dir='ltr'>λίθου</span> <span class='ocrx_word' id='word_1_356' title='bbox 1403 2874 1533 2943; x_wconf 84' lang='grc' dir='ltr'>πρὸς</span> <span class='ocrx_word' id='word_1_357' title='bbox 1587 2871 1720 2942; x_wconf 70' lang='grc' dir='ltr'>ὕψος</span> 
     </span>
    </p>
   </div>
   <div class='ocr_carea' id='block_1_49' title="bbox 149 2955 1715 3032">
    <p class='ocr_par' dir='ltr' id='par_1_49' title="bbox 149 2955 1715 3032">
     <span class='ocr_line' id='line_1_49' title="bbox 149 2955 1715 3032; baseline 0.003 -25"><span class='ocrx_word' id='word_1_358' title='bbox 149 2955 484 3031; x_wconf 62' lang='grc' dir='ltr'>ἀνατεινόμενον</span> <span class='ocrx_word' id='word_1_359' title='bbox 537 2961 732 3032; x_wconf 74' lang='grc' dir='ltr'>μᾶλλον</span> <span class='ocrx_word' id='word_1_360' title='bbox 793 2964 1269 3031; x_wconf 77' lang='grc' dir='ltr'>κατεσκευασμένον</span> <span class='ocrx_word' id='word_1_361' title='bbox 1319 2957 1654 3032; x_wconf 77' lang='grc' dir='ltr'>οἰκοδόμημα</span> <span class='ocrx_word' id='word_1_362' title='bbox 1703 2977 1715 2989; x_wconf 86' lang='grc'><strong><em>⁸</em></strong></span> 
     </span>
    </p>
   </div>
   <div class='ocr_carea' id='block_1_50' title="bbox 1825 1795 3475 1868">
    <p class='ocr_par' dir='ltr' id='par_1_50' title="bbox 1825 1795 3475 1868">
     <span class='ocr_line' id='line_1_50' title="bbox 1825 1795 3475 1868; baseline 0.001 -18"><span class='ocrx_word' id='word_1_363' title='bbox 1825 1797 2018 1852; x_wconf 87' lang='lat' dir='ltr'><strong>tritam</strong></span> <span class='ocrx_word' id='word_1_364' title='bbox 2061 1796 2549 1852; x_wconf 89' lang='lat' dir='ltr'><strong>contradictionis</strong></span> <span class='ocrx_word' id='word_1_365' title='bbox 2603 1813 2726 1851; x_wconf 71' lang='lat' dir='ltr'><strong>suae</strong></span> <span class='ocrx_word' id='word_1_366' title='bbox 2776 1795 3152 1868; x_wconf 86' lang='lat' dir='ltr'><strong>solutionem,</strong></span> <span class='ocrx_word' id='word_1_367' title='bbox 3205 1813 3475 1852; x_wconf 87' lang='lat' dir='ltr'><strong>normam</strong></span> 
     </span>
    </p>
   </div>
   <div class='ocr_carea' id='block_1_51' title="bbox 1824 1884 3480 1958">
    <p class='ocr_par' dir='ltr' id='par_1_51' title="bbox 1824 1884 3480 1958">
     <span class='ocr_line' id='line_1_51' title="bbox 1824 1884 3480 1958; baseline 0.001 -18"><span class='ocrx_word' id='word_1_368' title='bbox 1824 1901 2058 1940; x_wconf 87' lang='lat' dir='ltr'><strong>sumere</strong></span> <span class='ocrx_word' id='word_1_369' title='bbox 2083 1901 2095 1940; x_wconf 90' lang='lat'>:</span> <span class='ocrx_word' id='word_1_370' title='bbox 2121 1893 2298 1958; x_wconf 90' lang='lat' dir='ltr'><strong>atque</strong></span> <span class='ocrx_word' id='word_1_371' title='bbox 2326 1885 2395 1940; x_wconf 91' lang='lat' dir='ltr'><strong>ad</strong></span> <span class='ocrx_word' id='word_1_372' title='bbox 2419 1900 2804 1941; x_wconf 87' lang='lat' dir='ltr'><strong>communem</strong></span> <span class='ocrx_word' id='word_1_373' title='bbox 2833 1884 3182 1940; x_wconf 88' lang='lat' dir='ltr'><strong>methodum</strong></span> <span class='ocrx_word' id='word_1_374' title='bbox 3207 1885 3304 1941; x_wconf 89' lang='lat' dir='ltr'><strong>illa</strong></span> <span class='ocrx_word' id='word_1_375' title='bbox 3331 1901 3480 1956; x_wconf 89' lang='lat' dir='ltr'><strong>quo-</strong></span> 
     </span>
    </p>
   </div>
   <div class='ocr_carea' id='block_1_52' title="bbox 1822 1971 3479 2046">
    <p class='ocr_par' dir='ltr' id='par_1_52' title="bbox 1822 1971 3479 2046">
     <span class='ocr_line' id='line_1_52' title="bbox 1822 1971 3479 2046; baseline 0.001 -18"><span class='ocrx_word' id='word_1_376' title='bbox 1822 1989 1934 2045; x_wconf 89' lang='lat' dir='ltr'><strong>que</strong></span> <span class='ocrx_word' id='word_1_377' title='bbox 1959 1974 2216 2043; x_wconf 82' lang='lat' dir='ltr'><strong>exigere,</strong></span> <span class='ocrx_word' id='word_1_378' title='bbox 2248 1989 2382 2046; x_wconf 68' lang='lat' dir='ltr'><strong>quae</strong></span> <span class='ocrx_word' id='word_1_379' title='bbox 2431 1973 2574 2046; x_wconf 89' lang='lat' dir='ltr'><strong>quia</strong></span> <span class='ocrx_word' id='word_1_380' title='bbox 2622 1971 2790 2028; x_wconf 84' lang='lat' dir='ltr'><strong>valde</strong></span> <span class='ocrx_word' id='word_1_381' title='bbox 2837 1973 3090 2029; x_wconf 84' lang='lat' dir='ltr'><strong>invicem</strong></span> <span class='ocrx_word' id='word_1_382' title='bbox 3135 1973 3479 2046; x_wconf 87' lang='lat' dir='ltr'><strong>propinqua</strong></span> 
     </span>
    </p>
   </div>
   <div class='ocr_carea' id='block_1_53' title="bbox 1825 2061 3476 2134">
    <p class='ocr_par' dir='ltr' id='par_1_53' title="bbox 1825 2061 3476 2134">
     <span class='ocr_line' id='line_1_53' title="bbox 1825 2061 3476 2134; baseline -0.001 -18"><span class='ocrx_word' id='word_1_383' title='bbox 1825 2070 1982 2128; x_wconf 89' lang='lat' dir='ltr'><strong>sunt,</strong></span> <span class='ocrx_word' id='word_1_384' title='bbox 2032 2062 2247 2118; x_wconf 89' lang='lat' dir='ltr'><strong>erroris</strong></span> <span class='ocrx_word' id='word_1_385' title='bbox 2295 2063 2553 2133; x_wconf 86' lang='lat' dir='ltr'><strong>speciem</strong></span> <span class='ocrx_word' id='word_1_386' title='bbox 2602 2061 2990 2117; x_wconf 89' lang='lat' dir='ltr'><strong>credibilioris</strong></span> <span class='ocrx_word' id='word_1_387' title='bbox 3032 2063 3422 2134; x_wconf 90' lang='lat' dir='ltr'><strong>suppeditant</strong></span> <span class='ocrx_word' id='word_1_388' title='bbox 3463 2077 3476 2114; x_wconf 91' lang='lat'><strong>:</strong></span> 
     </span>
    </p>
   </div>
   <div class='ocr_carea' id='block_1_54' title="bbox 1825 2149 3478 2222">
    <p class='ocr_par' dir='ltr' id='par_1_54' title="bbox 1825 2149 3478 2222">
     <span class='ocr_line' id='line_1_54' title="bbox 1825 2149 3478 2222; baseline 0 -16"><span class='ocrx_word' id='word_1_389' title='bbox 1825 2155 2004 2222; x_wconf 88' lang='lat' dir='ltr'><strong>atque</strong></span> <span class='ocrx_word' id='word_1_390' title='bbox 2027 2151 2110 2206; x_wconf 91' lang='lat' dir='ltr'><strong>ita</strong></span> <span class='ocrx_word' id='word_1_391' title='bbox 2136 2165 2206 2204; x_wconf 87' lang='lat' dir='ltr'><strong>ex</strong></span> <span class='ocrx_word' id='word_1_392' title='bbox 2237 2149 2328 2205; x_wconf 93' lang='lat' dir='ltr'><strong>his</strong></span> <span class='ocrx_word' id='word_1_393' title='bbox 2373 2157 2600 2204; x_wconf 92' lang='lat' dir='ltr'><strong>certum</strong></span> <span class='ocrx_word' id='word_1_394' title='bbox 2638 2149 2934 2219; x_wconf 89' lang='lat' dir='ltr'><strong>judicium</strong></span> <span class='ocrx_word' id='word_1_395' title='bbox 2967 2149 3040 2204; x_wconf 90' lang='lat' dir='ltr'><strong>de</strong></span> <span class='ocrx_word' id='word_1_396' title='bbox 3074 2149 3201 2204; x_wconf 91' lang='lat' dir='ltr'><strong>aliis</strong></span> <span class='ocrx_word' id='word_1_397' title='bbox 3243 2165 3478 2222; x_wconf 90' lang='lat' dir='ltr'><strong>quoque</strong></span> 
     </span>
    </p>
   </div>
   <div class='ocr_carea' id='block_1_55' title="bbox 1823 2237 3479 2310">
    <p class='ocr_par' dir='ltr' id='par_1_55' title="bbox 1823 2237 3479 2310">
     <span class='ocr_line' id='line_1_55' title="bbox 1823 2237 3479 2310; baseline 0 -16"><span class='ocrx_word' id='word_1_398' title='bbox 1823 2238 2038 2294; x_wconf 84' lang='lat' dir='ltr'><strong>facere.</strong></span> <span class='ocrx_word' id='word_1_399' title='bbox 2091 2237 2370 2310; x_wconf 81' lang='lat' dir='ltr'><strong>Exemplo</strong></span> <span class='ocrx_word' id='word_1_400' title='bbox 2419 2239 2493 2292; x_wconf 91' lang='lat' dir='ltr'><strong>sit</strong></span> <span class='ocrx_word' id='word_1_401' title='bbox 2535 2239 2810 2310; x_wconf 75' lang='grc' dir='ltr'>πτερύγιον</span> <span class='ocrx_word' id='word_1_402' title='bbox 2841 2237 3280 2310; x_wconf 89' lang='lat' dir='ltr'><strong>(pinnaculum)</strong></span> <span class='ocrx_word' id='word_1_403' title='bbox 3328 2243 3479 2294; x_wconf 90' lang='lat' dir='ltr'><strong>tem-</strong></span> 
     </span>
    </p>
   </div>
   <div class='ocr_carea' id='block_1_56' title="bbox 1825 2327 3477 2404">
    <p class='ocr_par' dir='ltr' id='par_1_56' title="bbox 1825 2327 3477 2404">
     <span class='ocr_line' id='line_1_56' title="bbox 1825 2327 3477 2404; baseline 0.001 -23"><span class='ocrx_word' id='word_1_404' title='bbox 1825 2327 1966 2400; x_wconf 90' lang='lat' dir='ltr'><strong>plis.</strong></span> <span class='ocrx_word' id='word_1_405' title='bbox 2000 2330 2278 2404; x_wconf 87' lang='grc' dir='ltr'>Πτερύγιον</span> <span class='ocrx_word' id='word_1_406' title='bbox 2300 2328 2504 2384; x_wconf 84' lang='lat' dir='ltr'><strong>Atticae</strong></span> <span class='ocrx_word' id='word_1_407' title='bbox 2523 2327 2741 2398; x_wconf 80' lang='lat' dir='ltr'><strong>linguae</strong></span> <span class='ocrx_word' id='word_1_408' title='bbox 2766 2327 3038 2392; x_wconf 87' lang='lat' dir='ltr'><strong>studiosi,</strong></span> <span class='ocrx_word' id='word_1_409' title='bbox 3069 2328 3165 2384; x_wconf 91' lang='lat' dir='ltr'><strong>alii</strong></span> <span class='ocrx_word' id='word_1_410' title='bbox 3187 2329 3477 2400; x_wconf 87' lang='lat' dir='ltr'><strong>aquilam,</strong></span> 
     </span>
    </p>
   </div>
   <div class='ocr_carea' id='block_1_57' title="bbox 1824 2416 3480 2490">
    <p class='ocr_par' dir='ltr' id='par_1_57' title="bbox 1824 2416 3480 2490">
     <span class='ocr_line' id='line_1_57' title="bbox 1824 2416 3480 2490; baseline 0.001 -19"><span class='ocrx_word' id='word_1_411' title='bbox 1824 2417 1919 2472; x_wconf 91' lang='lat' dir='ltr'><strong>alii</strong></span> <span class='ocrx_word' id='word_1_412' title='bbox 1959 2417 2262 2488; x_wconf 82' lang='lat' dir='ltr'><strong>fastigium</strong></span> <span class='ocrx_word' id='word_1_413' title='bbox 2299 2417 2542 2490; x_wconf 73' lang='lat' dir='ltr'><strong>(aquilae</strong></span> <span class='ocrx_word' id='word_1_414' title='bbox 2573 2417 2768 2486; x_wconf 85' lang='lat' dir='ltr'><strong>figura</strong></span> <span class='ocrx_word' id='word_1_415' title='bbox 2799 2416 3140 2488; x_wconf 65' lang='lat' dir='ltr'><strong>praeditum)</strong></span> <span class='ocrx_word' id='word_1_416' title='bbox 3188 2427 3366 2490; x_wconf 87' lang='lat' dir='ltr'><strong>atque</strong></span> <span class='ocrx_word' id='word_1_417' title='bbox 3407 2423 3480 2473; x_wconf 91' lang='lat' dir='ltr'><strong>te-</strong></span> 
     </span>
    </p>
   </div>
   <div class='ocr_carea' id='block_1_58' title="bbox 1826 2505 3481 2579">
    <p class='ocr_par' dir='ltr' id='par_1_58' title="bbox 1826 2505 3481 2579">
     <span class='ocr_line' id='line_1_58' title="bbox 1826 2505 3481 2579; baseline 0.001 -18"><span class='ocrx_word' id='word_1_418' title='bbox 1826 2511 1985 2562; x_wconf 88' lang='lat' dir='ltr'><strong>ctum</strong></span> <span class='ocrx_word' id='word_1_419' title='bbox 2007 2523 2134 2562; x_wconf 89' lang='lat' dir='ltr'><strong>esse</strong></span> <span class='ocrx_word' id='word_1_420' title='bbox 2152 2506 2317 2562; x_wconf 90' lang='lat' dir='ltr'><strong>aiunt</strong></span> <span class='ocrx_word' id='word_1_421' title='bbox 2335 2522 2640 2562; x_wconf 87' lang='lat' dir='ltr'><strong>sacrorum</strong></span> <span class='ocrx_word' id='word_1_422' title='bbox 2665 2505 3075 2572; x_wconf 72' lang='lat' dir='ltr'><strong>aedificiorum,</strong></span> <span class='ocrx_word' id='word_1_423' title='bbox 3097 2507 3269 2579; x_wconf 90' lang='lat' dir='ltr'><strong>cujus</strong></span> <span class='ocrx_word' id='word_1_424' title='bbox 3287 2505 3481 2577; x_wconf 84' lang='lat' dir='ltr'><strong>figura</strong></span> 
     </span>
    </p>
   </div>
   <div class='ocr_carea' id='block_1_59' title="bbox 1825 2595 3478 2668">
    <p class='ocr_par' dir='ltr' id='par_1_59' title="bbox 1825 2595 3478 2668">
     <span class='ocr_line' id='line_1_59' title="bbox 1825 2595 3478 2668; baseline -0.001 -17"><span class='ocrx_word' id='word_1_425' title='bbox 1825 2595 2128 2652; x_wconf 86' lang='lat' dir='ltr'><strong>volantem</strong></span> <span class='ocrx_word' id='word_1_426' title='bbox 2173 2613 2344 2652; x_wconf 88' lang='lat' dir='ltr'><strong>avem</strong></span> <span class='ocrx_word' id='word_1_427' title='bbox 2388 2595 2698 2652; x_wconf 87' lang='lat' dir='ltr'><strong>imitatur:</strong></span> <span class='ocrx_word' id='word_1_428' title='bbox 2741 2611 2927 2666; x_wconf 88' lang='lat' dir='ltr'><strong>quam</strong></span> <span class='ocrx_word' id='word_1_429' title='bbox 2980 2595 3211 2650; x_wconf 57' lang='lat' dir='ltr'><strong>aedificii</strong></span> <span class='ocrx_word' id='word_1_430' title='bbox 3258 2601 3478 2668; x_wconf 90' lang='lat' dir='ltr'><strong>partem</strong></span> 
     </span>
    </p>
   </div>
   <div class='ocr_carea' id='block_1_60' title="bbox 1827 2683 3484 2758">
    <p class='ocr_par' dir='ltr' id='par_1_60' title="bbox 1827 2683 3484 2758">
     <span class='ocr_line' id='line_1_60' title="bbox 1827 2683 3484 2758; baseline 0.001 -20"><span class='ocrx_word' id='word_1_431' title='bbox 1827 2684 2098 2742; x_wconf 90' lang='lat' dir='ltr'><strong>nonnulli</strong></span> <span class='ocrx_word' id='word_1_432' title='bbox 2126 2686 2300 2742; x_wconf 89' lang='lat' dir='ltr'><strong>etiam</strong></span> <span class='ocrx_word' id='word_1_433' title='bbox 2329 2684 2580 2758; x_wconf 88' lang='lat' dir='ltr'><strong>pinnam</strong></span> <span class='ocrx_word' id='word_1_434' title='bbox 2609 2683 2936 2756; x_wconf 91' lang='lat' dir='ltr'><strong>appellant.</strong></span> <span class='ocrx_word' id='word_1_435' title='bbox 2977 2683 3084 2740; x_wconf 80' lang='lat' dir='ltr'><strong>Alii</strong></span> <span class='ocrx_word' id='word_1_436' title='bbox 3111 2684 3484 2756; x_wconf 88' lang='lat' dir='ltr'><strong>distinguunt</strong></span> 
     </span>
    </p>
   </div>
   <div class='ocr_carea' id='block_1_61' title="bbox 1825 2773 3478 2848">
    <p class='ocr_par' dir='ltr' id='par_1_61' title="bbox 1825 2773 3478 2848">
     <span class='ocr_line' id='line_1_61' title="bbox 1825 2773 3478 2848; baseline -0.002 -18"><span class='ocrx_word' id='word_1_437' title='bbox 1825 2775 2078 2846; x_wconf 87' lang='lat' dir='ltr'><strong>pinnam</strong></span> <span class='ocrx_word' id='word_1_438' title='bbox 2105 2781 2160 2831; x_wconf 90' lang='lat' dir='ltr'><strong>et</strong></span> <span class='ocrx_word' id='word_1_439' title='bbox 2185 2774 2576 2848; x_wconf 83' lang='lat' dir='ltr'><strong>pinnaculuin</strong></span> <span class='ocrx_word' id='word_1_440' title='bbox 2611 2775 2656 2808; x_wconf 80' lang='grc'><strong>²⁴</strong></span> <span class='ocrx_word' id='word_1_441' title='bbox 2689 2775 2811 2828; x_wconf 90' lang='lat' dir='ltr'><strong>sive</strong></span> <span class='ocrx_word' id='word_1_442' title='bbox 2843 2773 3058 2845; x_wconf 80' lang='lat' dir='ltr'><strong>aquilae</strong></span> <span class='ocrx_word' id='word_1_443' title='bbox 3091 2775 3211 2828; x_wconf 89' lang='lat' dir='ltr'><strong>sive</strong></span> <span class='ocrx_word' id='word_1_444' title='bbox 3241 2775 3478 2843; x_wconf 85' lang='lat' dir='ltr'><strong>fastigii.</strong></span> 
     </span>
    </p>
   </div>
   <div class='ocr_carea' id='block_1_62' title="bbox 1827 2861 3482 2934">
    <p class='ocr_par' dir='ltr' id='par_1_62' title="bbox 1827 2861 3482 2934">
     <span class='ocr_line' id='line_1_62' title="bbox 1827 2861 3482 2934; baseline -0.001 -14"><span class='ocrx_word' id='word_1_445' title='bbox 1827 2866 2008 2920; x_wconf 83' lang='lat' dir='ltr'><strong>Aiunt</strong></span> <span class='ocrx_word' id='word_1_446' title='bbox 2031 2865 2190 2919; x_wconf 85' lang='lat' dir='ltr'><strong>enim</strong></span> <span class='ocrx_word' id='word_1_447' title='bbox 2219 2863 2310 2918; x_wconf 91' lang='lat' dir='ltr'><strong>his</strong></span> <span class='ocrx_word' id='word_1_448' title='bbox 2340 2863 2660 2934; x_wconf 81' lang='lat' dir='ltr'><strong>signiﬁcari</strong></span> <span class='ocrx_word' id='word_1_449' title='bbox 2689 2867 2920 2933; x_wconf 89' lang='lat' dir='ltr'><strong>partem</strong></span> <span class='ocrx_word' id='word_1_450' title='bbox 2946 2861 3110 2918; x_wconf 90' lang='lat' dir='ltr'><strong>illam</strong></span> <span class='ocrx_word' id='word_1_451' title='bbox 3141 2861 3376 2918; x_wconf 62' lang='lat' dir='ltr'><strong>aedificii</strong></span> <span class='ocrx_word' id='word_1_452' title='bbox 3401 2862 3482 2918; x_wconf 89' lang='lat' dir='ltr'><strong>la-</strong></span> 
     </span>
    </p>
   </div>
   <div class='ocr_carea' id='block_1_63' title="bbox 1829 2950 3480 3027">
    <p class='ocr_par' dir='ltr' id='par_1_63' title="bbox 1829 2950 3480 3027">
     <span class='ocr_line' id='line_1_63' title="bbox 1829 2950 3480 3027; baseline -0.003 -17"><span class='ocrx_word' id='word_1_453' title='bbox 1829 2954 2092 3027; x_wconf 90' lang='lat' dir='ltr'><strong>pideam,</strong></span> <span class='ocrx_word' id='word_1_454' title='bbox 2124 2952 2416 3022; x_wconf 86' lang='lat' dir='ltr'><strong>altiusque</strong></span> <span class='ocrx_word' id='word_1_455' title='bbox 2446 2951 2686 3016; x_wconf 86' lang='lat' dir='ltr'><strong>elatam,</strong></span> <span class='ocrx_word' id='word_1_456' title='bbox 2718 2965 2852 3022; x_wconf 67' lang='lat' dir='ltr'><strong>quae</strong></span> <span class='ocrx_word' id='word_1_457' title='bbox 2911 2965 3218 3005; x_wconf 88' lang='lat' dir='ltr'><strong>sacrarum</strong></span> <span class='ocrx_word' id='word_1_458' title='bbox 3259 2950 3480 3005; x_wconf 61' lang='lat' dir='ltr'><strong>aedium</strong></span> 
     </span>
    </p>
   </div>
   <div class='ocr_carea' id='block_1_64' title="bbox 151 3037 1718 3128">
    <p class='ocr_par' dir='ltr' id='par_1_64' title="bbox 151 3043 1718 3122">
     <span class='ocr_line' id='line_1_64' title="bbox 151 3043 1718 3122; baseline 0.001 -26"><span class='ocrx_word' id='word_1_459' title='bbox 151 3046 252 3104; x_wconf 66' lang='grc' dir='ltr'>πλὴν</span> <span class='ocrx_word' id='word_1_460' title='bbox 287 3048 408 3102; x_wconf 72' lang='grc' dir='ltr'>ἀλλὰ</span> <span class='ocrx_word' id='word_1_461' title='bbox 451 3054 558 3122; x_wconf 76' lang='grc' dir='ltr'>γὰρ</span> <span class='ocrx_word' id='word_1_462' title='bbox 611 3051 763 3112; x_wconf 78' lang='grc' dir='ltr'>εἴτις</span> <span class='ocrx_word' id='word_1_463' title='bbox 801 3054 1070 3120; x_wconf 85' lang='grc' dir='ltr'>προτείνας</span> <span class='ocrx_word' id='word_1_464' title='bbox 1109 3052 1166 3100; x_wconf 84' lang='grc' dir='ltr'>τὸ</span> <span class='ocrx_word' id='word_1_465' title='bbox 1210 3051 1500 3122; x_wconf 73' lang='grc' dir='ltr'>πτερύγιον,</span> <span class='ocrx_word' id='word_1_466' title='bbox 1537 3043 1718 3120; x_wconf 75' lang='grc' dir='ltr'>διερω-</span> 
     </span>
    </p>
   </div>
   <div class='ocr_carea' id='block_1_65' title="bbox 1903 3037 3477 3128">
    <p class='ocr_par' dir='ltr' id='par_1_65' title="bbox 1903 3037 3477 3112">
     <span class='ocr_line' id='line_1_65' title="bbox 1903 3037 3477 3112; baseline -0.004 -13"><span class='ocrx_word' id='word_1_467' title='bbox 1903 3059 1992 3099; x_wconf 84' lang='lat' dir='ltr'><strong>ms</strong></span> <span class='ocrx_word' id='word_1_468' title='bbox 2022 3045 2132 3097; x_wconf 90' lang='lat' dir='ltr'><strong>est.</strong></span> <span class='ocrx_word' id='word_1_469' title='bbox 2166 3039 2220 3096; x_wconf 89' lang='lat' dir='ltr'><strong>Si</strong></span> <span class='ocrx_word' id='word_1_470' title='bbox 2252 3039 2386 3112; x_wconf 88' lang='lat' dir='ltr'><strong>quis</strong></span> <span class='ocrx_word' id='word_1_471' title='bbox 2415 3043 2618 3094; x_wconf 90' lang='lat' dir='ltr'><strong>tamen</strong></span> <span class='ocrx_word' id='word_1_472' title='bbox 2651 3038 2898 3109; x_wconf 88' lang='lat' dir='ltr'><strong>pinnam</strong></span> <span class='ocrx_word' id='word_1_473' title='bbox 2941 3053 3046 3092; x_wconf 93' lang='lat' dir='ltr'><strong>seu</strong></span> <span class='ocrx_word' id='word_1_474' title='bbox 3087 3037 3477 3108; x_wconf 87' lang='lat' dir='ltr'><strong>pinnaculum</strong></span> 
     </span>
    </p>
   </div>
   <div class='ocr_carea' id='block_1_66' title="bbox 149 3138 1720 3212">
    <p class='ocr_par' dir='ltr' id='par_1_66' title="bbox 149 3138 1720 3212">
     <span class='ocr_line' id='line_1_66' title="bbox 149 3138 1720 3212; baseline -0.004 -18"><span class='ocrx_word' id='word_1_475' title='bbox 149 3154 230 3205; x_wconf 68' lang='grc' dir='ltr'><strong>τῳε</strong></span> <span class='ocrx_word' id='word_1_476' title='bbox 265 3144 468 3212; x_wconf 71' lang='grc' dir='ltr'>πότερον</span> <span class='ocrx_word' id='word_1_477' title='bbox 519 3139 790 3203; x_wconf 53' lang='lat' dir='ltr'><strong>egentem</strong></span> <span class='ocrx_word' id='word_1_478' title='bbox 837 3147 910 3208; x_wconf 85' lang='grc' dir='ltr'><strong>τῷ</strong></span> <span class='ocrx_word' id='word_1_479' title='bbox 962 3138 1074 3212; x_wconf 82' lang='grc' dir='ltr'>ἀέρι</span> <span class='ocrx_word' id='word_1_480' title='bbox 1125 3143 1214 3190; x_wconf 80' lang='grc' dir='ltr'><strong>καὶ</strong></span> <span class='ocrx_word' id='word_1_481' title='bbox 1267 3139 1507 3211; x_wconf 72' lang='grc' dir='ltr'>ὑπηρέτει</span> <span class='ocrx_word' id='word_1_482' title='bbox 1553 3141 1720 3190; x_wconf 77' lang='grc' dir='ltr'>κινού-</span> 
     </span>
    </p>
   </div>
   <div class='ocr_carea' id='block_1_67' title="bbox 145 3227 1721 3303">
    <p class='ocr_par' dir='ltr' id='par_1_67' title="bbox 145 3227 1721 3303">
     <span class='ocr_line' id='line_1_67' title="bbox 145 3227 1721 3303; baseline -0.001 -23"><span class='ocrx_word' id='word_1_483' title='bbox 145 3245 266 3294; x_wconf 65' lang='grc' dir='ltr'>μῦον</span> <span class='ocrx_word' id='word_1_484' title='bbox 447 3230 625 3303; x_wconf 45' lang='lat' dir='ltr'><strong>ﬂoreat</strong></span> <span class='ocrx_word' id='word_1_485' title='bbox 681 3233 774 3286; x_wconf 81' lang='grc' dir='ltr'>τὴν</span> <span class='ocrx_word' id='word_1_486' title='bbox 821 3236 1037 3294; x_wconf 82' lang='grc' dir='ltr'>πτῆσιν,</span> <span class='ocrx_word' id='word_1_487' title='bbox 1089 3229 1119 3284; x_wconf 83' lang='grc' dir='ltr'>ἡ</span> <span class='ocrx_word' id='word_1_488' title='bbox 1174 3227 1484 3280; x_wconf 85' lang='grc' dir='ltr'>συνέσταλτό</span> <span class='ocrx_word' id='word_1_489' title='bbox 1523 3245 1576 3279; x_wconf 88' lang='grc' dir='ltr'>τε</span> <span class='ocrx_word' id='word_1_490' title='bbox 1631 3237 1721 3284; x_wconf 81' lang='grc' dir='ltr'>καὶ</span> 
     </span>
    </p>
   </div>
   <div class='ocr_carea' id='block_1_68' title="bbox 149 3316 1718 3390">
    <p class='ocr_par' dir='ltr' id='par_1_68' title="bbox 149 3316 1718 3390">
     <span class='ocr_line' id='line_1_68' title="bbox 149 3316 1718 3390; baseline 0.001 -25"><span class='ocrx_word' id='word_1_491' title='bbox 149 3321 521 3381; x_wconf 74' lang='grc' dir='ltr'>συνεπτύσσετο,</span> <span class='ocrx_word' id='word_1_492' title='bbox 563 3321 658 3370; x_wconf 81' lang='grc' dir='ltr'><strong>καὶ</strong></span> <span class='ocrx_word' id='word_1_493' title='bbox 704 3317 776 3377; x_wconf 83' lang='grc' dir='ltr'>εἰς</span> <span class='ocrx_word' id='word_1_494' title='bbox 805 3320 863 3368; x_wconf 77' lang='grc' dir='ltr'><strong>τὸ</strong></span> <span class='ocrx_word' id='word_1_495' title='bbox 916 3324 1106 3388; x_wconf 82' lang='grc' dir='ltr'>σχῆμα</span> <span class='ocrx_word' id='word_1_496' title='bbox 1151 3325 1252 3367; x_wconf 80' lang='grc' dir='ltr'>τῶν</span> <span class='ocrx_word' id='word_1_497' title='bbox 1299 3316 1621 3390; x_wconf 74' lang='grc' dir='ltr'>ἠρεμούντων</span> <span class='ocrx_word' id='word_1_498' title='bbox 1659 3319 1718 3367; x_wconf 85' lang='grc' dir='ltr'><strong>τὸ</strong></span> 
     </span>
    </p>
   </div>
   <div class='ocr_carea' id='block_1_69' title="bbox 145 3403 1720 3479">
    <p class='ocr_par' dir='ltr' id='par_1_69' title="bbox 145 3403 1720 3479">
     <span class='ocr_line' id='line_1_69' title="bbox 145 3403 1720 3479; baseline 0.001 -25"><span class='ocrx_word' id='word_1_499' title='bbox 145 3409 304 3460; x_wconf 68' lang='grc' dir='ltr'>πτενον</span> <span class='ocrx_word' id='word_1_500' title='bbox 354 3415 604 3479; x_wconf 85' lang='grc' dir='ltr'>συνῆγεν,</span> <span class='ocrx_word' id='word_1_501' title='bbox 647 3403 794 3477; x_wconf 86' lang='grc' dir='ltr'>οἶμαι</span> <span class='ocrx_word' id='word_1_502' title='bbox 837 3407 900 3456; x_wconf 77' lang='grc' dir='ltr'>ἄν</span> <span class='ocrx_word' id='word_1_503' title='bbox 931 3407 1043 3457; x_wconf 82' lang='grc' dir='ltr'>ἀντὶ</span> <span class='ocrx_word' id='word_1_504' title='bbox 1081 3413 1174 3457; x_wconf 81' lang='grc' dir='ltr'>τοῦ</span> <span class='ocrx_word' id='word_1_505' title='bbox 1230 3405 1380 3457; x_wconf 69' lang='grc' dir='ltr'>λύσιν</span> <span class='ocrx_word' id='word_1_506' title='bbox 1421 3405 1583 3456; x_wconf 84' lang='grc' dir='ltr'>αἰτεῖν</span> <span class='ocrx_word' id='word_1_507' title='bbox 1625 3413 1720 3466; x_wconf 71' lang='grc' dir='ltr'><strong>τῆς</strong></span> 
     </span>
    </p>
   </div>
   <div class='ocr_carea' id='block_1_70' title="bbox 145 3489 1720 3568">
    <p class='ocr_par' dir='ltr' id='par_1_70' title="bbox 145 3489 1720 3568">
     <span class='ocr_line' id='line_1_70' title="bbox 145 3489 1720 3568; baseline -0.001 -22"><span class='ocrx_word' id='word_1_508' title='bbox 145 3489 351 3564; x_wconf 71' lang='grc' dir='ltr'>ἀπορίας,</span> <span class='ocrx_word' id='word_1_509' title='bbox 391 3495 604 3566; x_wconf 79' lang='grc' dir='ltr'>γέλωτα</span> <span class='ocrx_word' id='word_1_510' title='bbox 653 3501 954 3568; x_wconf 79' lang='grc' dir='ltr'>παρασχεῖν</span> <span class='ocrx_word' id='word_1_511' title='bbox 1005 3513 1016 3525; x_wconf 94' lang='grc'><strong>·</strong></span> <span class='ocrx_word' id='word_1_512' title='bbox 1074 3494 1244 3545; x_wconf 87' lang='grc' dir='ltr'>καίτοι</span> <span class='ocrx_word' id='word_1_513' title='bbox 1274 3493 1326 3564; x_wconf 82' lang='grc' dir='ltr'>γ’</span> <span class='ocrx_word' id='word_1_514' title='bbox 1378 3495 1438 3544; x_wconf 76' lang='grc' dir='ltr'>ἄν</span> <span class='ocrx_word' id='word_1_515' title='bbox 1471 3497 1598 3554; x_wconf 81' lang='grc' dir='ltr'>ἴσως</span> <span class='ocrx_word' id='word_1_516' title='bbox 1631 3499 1720 3546; x_wconf 84' lang='grc' dir='ltr'>καὶ</span> 
     </span>
    </p>
   </div>
   <div class='ocr_carea' id='block_1_71' title="bbox 144 3578 1721 3658">
    <p class='ocr_par' dir='ltr' id='par_1_71' title="bbox 144 3578 1721 3658">
     <span class='ocr_line' id='line_1_71' title="bbox 144 3578 1721 3658; baseline 0.003 -28"><span class='ocrx_word' id='word_1_517' title='bbox 144 3578 588 3658; x_wconf 79' lang='grc' dir='ltr'>ἑπινεωτερίσαιτο,</span> <span class='ocrx_word' id='word_1_518' title='bbox 643 3585 710 3644; x_wconf 78' lang='grc' dir='ltr'><strong>ὡς</strong></span> <span class='ocrx_word' id='word_1_519' title='bbox 757 3585 998 3656; x_wconf 78' lang='grc' dir='ltr'>ὁπότερον</span> <span class='ocrx_word' id='word_1_520' title='bbox 1051 3584 1111 3634; x_wconf 86' lang='grc' dir='ltr'>οἶν</span> <span class='ocrx_word' id='word_1_521' title='bbox 1149 3601 1229 3644; x_wconf 87' lang='grc' dir='ltr'>τις</span> <span class='ocrx_word' id='word_1_522' title='bbox 1283 3579 1425 3652; x_wconf 69' lang='grc' dir='ltr'>δοίη,</span> <span class='ocrx_word' id='word_1_523' title='bbox 1487 3579 1721 3634; x_wconf 79' lang='grc' dir='ltr'>ἀδύνατα</span> 
     </span>
    </p>
   </div>
   <div class='ocr_carea' id='block_1_72' title="bbox 143 3669 1719 3746">
    <p class='ocr_par' dir='ltr' id='par_1_72' title="bbox 143 3669 1719 3746">
     <span class='ocr_line' id='line_1_72' title="bbox 143 3669 1719 3746; baseline 0.002 -26"><span class='ocrx_word' id='word_1_524' title='bbox 143 3669 274 3739; x_wconf 67' lang='grc' dir='ltr'>λέγων</span> <span class='ocrx_word' id='word_1_525' title='bbox 311 3675 686 3746; x_wconf 61' lang='grc' dir='ltr'>φωραθήσεται</span> <span class='ocrx_word' id='word_1_526' title='bbox 734 3691 745 3702; x_wconf 93' lang='grc'><strong>·</strong></span> <span class='ocrx_word' id='word_1_527' title='bbox 803 3676 920 3725; x_wconf 73' lang='grc' dir='ltr'>οὔτε</span> <span class='ocrx_word' id='word_1_528' title='bbox 963 3674 1064 3746; x_wconf 80' lang='grc' dir='ltr'>γὰρ</span> <span class='ocrx_word' id='word_1_529' title='bbox 1119 3671 1445 3743; x_wconf 77' lang='grc' dir='ltr'>ἐκτεταμένον</span> <span class='ocrx_word' id='word_1_530' title='bbox 1497 3675 1555 3723; x_wconf 88' lang='grc' dir='ltr'><strong>τό</strong></span> <span class='ocrx_word' id='word_1_531' title='bbox 1602 3690 1719 3724; x_wconf 85' lang='grc' dir='ltr'>πτε-</span> 
     </span>
    </p>
   </div>
   <div class='ocr_carea' id='block_1_73' title="bbox 141 3759 1721 3834">
    <p class='ocr_par' dir='ltr' id='par_1_73' title="bbox 141 3759 1721 3834">
     <span class='ocr_line' id='line_1_73' title="bbox 141 3759 1721 3834; baseline 0.001 -25"><span class='ocrx_word' id='word_1_532' title='bbox 141 3761 294 3830; x_wconf 67' lang='grc' dir='ltr'>ρύγιον</span> <span class='ocrx_word' id='word_1_533' title='bbox 331 3766 482 3830; x_wconf 70' lang='grc' dir='ltr'>ὄγκον</span> <span class='ocrx_word' id='word_1_534' title='bbox 541 3769 790 3833; x_wconf 78' lang='grc' dir='ltr'>σώματος</span> <span class='ocrx_word' id='word_1_535' title='bbox 845 3766 934 3813; x_wconf 84' lang='grc' dir='ltr'><strong>καὶ</strong></span> <span class='ocrx_word' id='word_1_536' title='bbox 990 3761 1154 3834; x_wconf 76' lang='grc' dir='ltr'>βάρος</span> <span class='ocrx_word' id='word_1_537' title='bbox 1210 3759 1468 3812; x_wconf 72' lang='grc' dir='ltr'>ἐπιϐαῖνον</span> <span class='ocrx_word' id='word_1_538' title='bbox 1519 3760 1721 3832; x_wconf 78' lang='grc' dir='ltr'>ἀνέχειν</span> 
     </span>
    </p>
   </div>
   <div class='ocr_carea' id='block_1_74' title="bbox 143 3845 1722 3922">
    <p class='ocr_par' dir='ltr' id='par_1_74' title="bbox 143 3845 1722 3922">
     <span class='ocr_line' id='line_1_74' title="bbox 143 3845 1722 3922; baseline 0.001 -24"><span class='ocrx_word' id='word_1_539' title='bbox 143 3845 350 3914; x_wconf 66' lang='grc' dir='ltr'>δύναται,</span> <span class='ocrx_word' id='word_1_540' title='bbox 385 3855 506 3904; x_wconf 68' lang='grc' dir='ltr'>οὔτε</span> <span class='ocrx_word' id='word_1_541' title='bbox 537 3857 638 3909; x_wconf 71' lang='grc' dir='ltr'>τὴν</span> <span class='ocrx_word' id='word_1_542' title='bbox 676 3853 812 3902; x_wconf 83' lang='grc' dir='ltr'><strong>κατά</strong></span> <span class='ocrx_word' id='word_1_543' title='bbox 855 3849 1116 3908; x_wconf 71' lang='grc' dir='ltr'>συστολὴν</span> <span class='ocrx_word' id='word_1_544' title='bbox 1149 3851 1290 3902; x_wconf 79' lang='grc' dir='ltr'>Θέσιν</span> <span class='ocrx_word' id='word_1_545' title='bbox 1333 3853 1457 3922; x_wconf 81' lang='grc' dir='ltr'>ἕχον</span> <span class='ocrx_word' id='word_1_546' title='bbox 1505 3869 1516 3882; x_wconf 77' lang='grc'><em>’</em></span> <span class='ocrx_word' id='word_1_547' title='bbox 1557 3849 1722 3920; x_wconf 78' lang='grc' dir='ltr'>πολλῷ</span> 
     </span>
    </p>
   </div>
   <div class='ocr_carea' id='block_1_75' title="bbox 141 3935 1724 4014">
    <p class='ocr_par' dir='ltr' id='par_1_75' title="bbox 141 3935 1724 4014">
     <span class='ocr_line' id='line_1_75' title="bbox 141 3935 1724 4014; baseline 0.005 -27"><span class='ocrx_word' id='word_1_548' title='bbox 141 3938 302 4006; x_wconf 68' lang='grc' dir='ltr'>μᾶλλον</span> <span class='ocrx_word' id='word_1_549' title='bbox 329 3938 452 3992; x_wconf 69' lang='grc' dir='ltr'><strong>οὐδὲ</strong></span> <span class='ocrx_word' id='word_1_550' title='bbox 517 3945 618 3998; x_wconf 78' lang='grc' dir='ltr'><strong>τὴν</strong></span> <span class='ocrx_word' id='word_1_551' title='bbox 647 3939 890 3992; x_wconf 79' lang='grc' dir='ltr'>ἐπίϐασιν</span> <span class='ocrx_word' id='word_1_552' title='bbox 933 3939 1060 4001; x_wconf 80' lang='grc' dir='ltr'>ὅλως</span> <span class='ocrx_word' id='word_1_553' title='bbox 1109 3936 1459 4012; x_wconf 75' lang='grc' dir='ltr'>παραδέχοιτ⁹</span> <span class='ocrx_word' id='word_1_554' title='bbox 1489 3941 1550 3990; x_wconf 81' lang='grc' dir='ltr'>ἄν</span> <span class='ocrx_word' id='word_1_555' title='bbox 1579 3957 1592 3969; x_wconf 91' lang='grc'><strong>·</strong></span> <span class='ocrx_word' id='word_1_556' title='bbox 1622 3935 1724 4014; x_wconf 75' lang='grc' dir='ltr'><strong>ἀρα</strong></span> 
     </span>
    </p>
   </div>
   <div class='ocr_carea' id='block_1_76' title="bbox 139 4027 1726 4102">
    <p class='ocr_par' dir='ltr' id='par_1_76' title="bbox 139 4027 1726 4102">
     <span class='ocr_line' id='line_1_76' title="bbox 139 4027 1726 4102; baseline 0.002 -25"><span class='ocrx_word' id='word_1_557' title='bbox 139 4029 224 4100; x_wconf 71' lang='grc' dir='ltr'><strong>γὰρ</strong></span> <span class='ocrx_word' id='word_1_558' title='bbox 265 4031 312 4081; x_wconf 77' lang='grc' dir='ltr'>οἱ</span> <span class='ocrx_word' id='word_1_559' title='bbox 350 4032 418 4081; x_wconf 76' lang='grc' dir='ltr'><strong>τὰ</strong></span> <span class='ocrx_word' id='word_1_560' title='bbox 465 4037 698 4082; x_wconf 81' lang='grc' dir='ltr'>τοιαῦτα</span> <span class='ocrx_word' id='word_1_561' title='bbox 725 4031 1036 4102; x_wconf 77' lang='grc' dir='ltr'>προάγοντες</span> <span class='ocrx_word' id='word_1_562' title='bbox 1075 4027 1188 4080; x_wconf 83' lang='grc' dir='ltr'>ἀντὶ</span> <span class='ocrx_word' id='word_1_563' title='bbox 1233 4035 1325 4080; x_wconf 74' lang='grc' dir='ltr'>τοῦ</span> <span class='ocrx_word' id='word_1_564' title='bbox 1381 4030 1622 4100; x_wconf 73' lang='grc' dir='ltr'>συνάγειν</span> <span class='ocrx_word' id='word_1_565' title='bbox 1656 4027 1726 4089; x_wconf 81' lang='grc' dir='ltr'>εἰς</span> 
     </span>
    </p>
   </div>
   <div class='ocr_carea' id='block_1_77' title="bbox 143 4113 1724 4192">
    <p class='ocr_par' dir='ltr' id='par_1_77' title="bbox 143 4113 1724 4192">
     <span class='ocr_line' id='line_1_77' title="bbox 143 4113 1724 4192; baseline 0.001 -25"><span class='ocrx_word' id='word_1_566' title='bbox 143 4113 334 4191; x_wconf 72' lang='grc' dir='ltr'>ἀπορίαν</span> <span class='ocrx_word' id='word_1_567' title='bbox 415 4119 650 4192; x_wconf 77' lang='grc' dir='ltr'>ἑτέρους,</span> <span class='ocrx_word' id='word_1_568' title='bbox 709 4117 768 4170; x_wconf 78' lang='grc' dir='ltr'><strong>ού</strong></span> <span class='ocrx_word' id='word_1_569' title='bbox 843 4117 972 4170; x_wconf 83' lang='grc' dir='ltr'>πολὺ</span> <span class='ocrx_word' id='word_1_570' title='bbox 1048 4121 1293 4192; x_wconf 84' lang='grc' dir='ltr'>πρότερον</span> <span class='ocrx_word' id='word_1_571' title='bbox 1379 4116 1594 4178; x_wconf 83' lang='grc' dir='ltr'>ἑαυτούς</span> <span class='ocrx_word' id='word_1_572' title='bbox 1654 4117 1724 4178; x_wconf 87' lang='grc' dir='ltr'>εἰς</span> 
     </span>
    </p>
   </div>
   <div class='ocr_carea' id='block_1_78' title="bbox 141 4202 1724 4280">
    <p class='ocr_par' dir='ltr' id='par_1_78' title="bbox 141 4202 1724 4280">
     <span class='ocr_line' id='line_1_78' title="bbox 141 4202 1724 4280; baseline 0 -22"><span class='ocrx_word' id='word_1_573' title='bbox 141 4204 308 4274; x_wconf 52' lang='lat' dir='ltr'><strong>xit-Juv</strong></span> <span class='ocrx_word' id='word_1_574' title='bbox 337 4205 680 4278; x_wconf 80' lang='grc' dir='ltr'>ἀπάγουσιν;</span> <span class='ocrx_word' id='word_1_575' title='bbox 713 4207 846 4279; x_wconf 87' lang='grc' dir='ltr'>Ἐρεῖ</span> <span class='ocrx_word' id='word_1_576' title='bbox 883 4209 1005 4280; x_wconf 79' lang='grc' dir='ltr'>γὰρ,</span> <span class='ocrx_word' id='word_1_577' title='bbox 1055 4205 1224 4279; x_wconf 82' lang='grc' dir='ltr'>οἶμαι,</span> <span class='ocrx_word' id='word_1_578' title='bbox 1254 4202 1453 4279; x_wconf 77' lang='grc' dir='ltr'>ῥᾳδίως</span> <span class='ocrx_word' id='word_1_579' title='bbox 1508 4211 1596 4258; x_wconf 87' lang='grc' dir='ltr'><strong>καὶ</strong></span> <span class='ocrx_word' id='word_1_580' title='bbox 1627 4215 1724 4258; x_wconf 81' lang='grc' dir='ltr'><strong>τῶν</strong></span> 
     </span>
    </p>
   </div>
   <div class='ocr_carea' id='block_1_79' title="bbox 143 4283 1724 4368">
    <p class='ocr_par' dir='ltr' id='par_1_79' title="bbox 143 4291 1724 4368">
     <span class='ocr_line' id='line_1_79' title="bbox 143 4291 1724 4368; baseline 0.003 -26"><span class='ocrx_word' id='word_1_581' title='bbox 143 4291 574 4368; x_wconf 78' lang='grc' dir='ltr'>ἐπιτυγχανόντων</span> <span class='ocrx_word' id='word_1_582' title='bbox 602 4297 835 4362; x_wconf 79' lang='grc' dir='ltr'>ἕκαστος,</span> <span class='ocrx_word' id='word_1_583' title='bbox 869 4297 960 4358; x_wconf 82' lang='grc' dir='ltr'>ὡς,</span> <span class='ocrx_word' id='word_1_584' title='bbox 999 4295 1069 4346; x_wconf 78' lang='grc' dir='ltr'><em>Ὠ</em></span> <span class='ocrx_word' id='word_1_585' title='bbox 1109 4293 1396 4367; x_wconf 78' lang='grc' dir='ltr'>βέλτιστοι,</span> <span class='ocrx_word' id='word_1_586' title='bbox 1424 4297 1591 4348; x_wconf 76' lang='grc' dir='ltr'>ταῦτα</span> <span class='ocrx_word' id='word_1_587' title='bbox 1625 4315 1724 4347; x_wconf 89' lang='grc' dir='ltr'><strong>που</strong></span> 
     </span>
    </p>
   </div>
   <div class='ocr_carea' id='block_1_80' title="bbox 1828 3124 3475 3198">
    <p class='ocr_par' dir='ltr' id='par_1_80' title="bbox 1828 3124 3475 3198">
     <span class='ocr_line' id='line_1_80' title="bbox 1828 3124 3475 3198; baseline -0.003 -11"><span class='ocrx_word' id='word_1_588' title='bbox 1828 3132 2156 3198; x_wconf 88' lang='lat' dir='ltr'><strong>inculcans,</strong></span> <span class='ocrx_word' id='word_1_589' title='bbox 2185 3133 2420 3198; x_wconf 84' lang='lat' dir='ltr'><strong>rogaret</strong></span> <span class='ocrx_word' id='word_1_590' title='bbox 2447 3133 2647 3182; x_wconf 89' lang='lat' dir='ltr'><strong>utrum</strong></span> <span class='ocrx_word' id='word_1_591' title='bbox 2678 3126 2736 3181; x_wconf 92' lang='lat' dir='ltr'><strong>id</strong></span> <span class='ocrx_word' id='word_1_592' title='bbox 2778 3124 3217 3196; x_wconf 88' lang='lat' dir='ltr'><strong>expanderetur</strong></span> <span class='ocrx_word' id='word_1_593' title='bbox 3248 3127 3308 3180; x_wconf 91' lang='lat' dir='ltr'><strong>in</strong></span> <span class='ocrx_word' id='word_1_594' title='bbox 3337 3143 3475 3182; x_wconf 85' lang='lat' dir='ltr'><strong>aere</strong></span> 
     </span>
    </p>
   </div>
   <div class='ocr_carea' id='block_1_81' title="bbox 1830 3214 3484 3290">
    <p class='ocr_par' dir='ltr' id='par_1_81' title="bbox 1830 3214 3484 3290">
     <span class='ocr_line' id='line_1_81' title="bbox 1830 3214 3484 3290; baseline -0.004 -13"><span class='ocrx_word' id='word_1_595' title='bbox 1830 3225 2322 3290; x_wconf 91' lang='lat' dir='ltr'><strong>commotumque</strong></span> <span class='ocrx_word' id='word_1_596' title='bbox 2339 3215 2466 3272; x_wconf 90' lang='lat' dir='ltr'><strong>avis</strong></span> <span class='ocrx_word' id='word_1_597' title='bbox 2491 3215 2714 3270; x_wconf 89' lang='lat' dir='ltr'><strong>volatui</strong></span> <span class='ocrx_word' id='word_1_598' title='bbox 2745 3214 3000 3270; x_wconf 86' lang='lat' dir='ltr'><strong>faveret?</strong></span> <span class='ocrx_word' id='word_1_599' title='bbox 3021 3230 3098 3270; x_wconf 90' lang='lat' dir='ltr'><strong>an</strong></span> <span class='ocrx_word' id='word_1_600' title='bbox 3124 3215 3322 3286; x_wconf 89' lang='lat' dir='ltr'><strong>potius</strong></span> <span class='ocrx_word' id='word_1_601' title='bbox 3347 3231 3484 3271; x_wconf 90' lang='lat' dir='ltr'><strong>con-</strong></span> 
     </span>
    </p>
   </div>
   <div class='ocr_carea' id='block_1_82' title="bbox 1830 3303 3482 3378">
    <p class='ocr_par' dir='ltr' id='par_1_82' title="bbox 1830 3303 3482 3378">
     <span class='ocr_line' id='line_1_82' title="bbox 1830 3303 3482 3378; baseline -0.002 -12"><span class='ocrx_word' id='word_1_602' title='bbox 1830 3309 2160 3366; x_wconf 87' lang='lat' dir='ltr'><strong>traheretur</strong></span> <span class='ocrx_word' id='word_1_603' title='bbox 2183 3313 2360 3378; x_wconf 89' lang='lat' dir='ltr'><strong>atque</strong></span> <span class='ocrx_word' id='word_1_604' title='bbox 2387 3304 2867 3375; x_wconf 90' lang='lat' dir='ltr'><strong>complicaretur,</strong></span> <span class='ocrx_word' id='word_1_605' title='bbox 2895 3303 3142 3375; x_wconf 88' lang='lat' dir='ltr'><strong>avisque</strong></span> <span class='ocrx_word' id='word_1_606' title='bbox 3173 3305 3482 3376; x_wconf 85' lang='lat' dir='ltr'><strong>quiescen-</strong></span> 
     </span>
    </p>
   </div>
   <div class='ocr_carea' id='block_1_83' title="bbox 1831 3391 3482 3470">
    <p class='ocr_par' dir='ltr' id='par_1_83' title="bbox 1831 3391 3482 3470">
     <span class='ocr_line' id='line_1_83' title="bbox 1831 3391 3482 3470; baseline -0.004 -16"><span class='ocrx_word' id='word_1_607' title='bbox 1831 3399 1900 3456; x_wconf 90' lang='lat' dir='ltr'><strong>tis</strong></span> <span class='ocrx_word' id='word_1_608' title='bbox 1923 3398 2178 3470; x_wconf 87' lang='lat' dir='ltr'><strong>speciem</strong></span> <span class='ocrx_word' id='word_1_609' title='bbox 2201 3395 2544 3450; x_wconf 85' lang='lat' dir='ltr'><strong>exhiberet?</strong></span> <span class='ocrx_word' id='word_1_610' title='bbox 2559 3392 2736 3447; x_wconf 90' lang='lat' dir='ltr'><strong>credo</strong></span> <span class='ocrx_word' id='word_1_611' title='bbox 2750 3391 3024 3464; x_wconf 90' lang='lat' dir='ltr'><strong>equidem</strong></span> <span class='ocrx_word' id='word_1_612' title='bbox 3045 3393 3369 3449; x_wconf 84' lang='lat' dir='ltr'><strong>excitatum</strong></span> <span class='ocrx_word' id='word_1_613' title='bbox 3386 3393 3482 3448; x_wconf 89' lang='lat' dir='ltr'><strong>iri-</strong></span> 
     </span>
    </p>
   </div>
   <div class='ocr_carea' id='block_1_84' title="bbox 1829 3483 3482 3560">
    <p class='ocr_par' dir='ltr' id='par_1_84' title="bbox 1829 3483 3482 3560">
     <span class='ocr_line' id='line_1_84' title="bbox 1829 3483 3482 3560; baseline -0.002 -18"><span class='ocrx_word' id='word_1_614' title='bbox 1829 3488 2028 3560; x_wconf 86' lang='lat' dir='ltr'><strong>potius</strong></span> <span class='ocrx_word' id='word_1_615' title='bbox 2076 3485 2154 3541; x_wconf 88' lang='lat' dir='ltr'><strong>ab</strong></span> <span class='ocrx_word' id='word_1_616' title='bbox 2183 3487 2297 3539; x_wconf 89' lang='lat' dir='ltr'><strong>hoc</strong></span> <span class='ocrx_word' id='word_1_617' title='bbox 2331 3483 2539 3546; x_wconf 89' lang='lat' dir='ltr'><strong>risum,</strong></span> <span class='ocrx_word' id='word_1_618' title='bbox 2573 3497 2759 3553; x_wconf 89' lang='lat' dir='ltr'><strong>quam</strong></span> <span class='ocrx_word' id='word_1_619' title='bbox 2807 3487 3080 3536; x_wconf 89' lang='lat' dir='ltr'><strong>curatum</strong></span> <span class='ocrx_word' id='word_1_620' title='bbox 3141 3488 3201 3538; x_wconf 88' lang='lat' dir='ltr'><strong>ut</strong></span> <span class='ocrx_word' id='word_1_621' title='bbox 3229 3483 3482 3554; x_wconf 70' lang='lat' dir='ltr'><strong>quaestio</strong></span> 
     </span>
    </p>
   </div>
   <div class='ocr_carea' id='block_1_85' title="bbox 1830 3569 3482 3640">
    <p class='ocr_par' dir='ltr' id='par_1_85' title="bbox 1830 3569 3482 3640">
     <span class='ocr_line' id='line_1_85' title="bbox 1830 3569 3482 3640; baseline -0.004 -8"><span class='ocrx_word' id='word_1_622' title='bbox 1830 3577 2108 3632; x_wconf 87' lang='lat' dir='ltr'><strong>solvatur.</strong></span> <span class='ocrx_word' id='word_1_623' title='bbox 2137 3575 2402 3629; x_wconf 85' lang='lat' dir='ltr'><strong>Fortasse</strong></span> <span class='ocrx_word' id='word_1_624' title='bbox 2428 3571 2606 3627; x_wconf 88' lang='lat' dir='ltr'><strong>etiam</strong></span> <span class='ocrx_word' id='word_1_625' title='bbox 2633 3585 2790 3626; x_wconf 89' lang='lat' dir='ltr'><strong>novo</strong></span> <span class='ocrx_word' id='word_1_626' title='bbox 2819 3569 2935 3625; x_wconf 91' lang='lat' dir='ltr'><strong>alio</strong></span> <span class='ocrx_word' id='word_1_627' title='bbox 2965 3576 3320 3640; x_wconf 86' lang='lat' dir='ltr'><strong>argumento</strong></span> <span class='ocrx_word' id='word_1_628' title='bbox 3357 3577 3482 3626; x_wconf 88' lang='lat' dir='ltr'><strong>ute-</strong></span> 
     </span>
    </p>
   </div>
   <div class='ocr_carea' id='block_1_86' title="bbox 1831 3659 3481 3736">
    <p class='ocr_par' dir='ltr' id='par_1_86' title="bbox 1831 3659 3481 3736">
     <span class='ocr_line' id='line_1_86' title="bbox 1831 3659 3481 3736; baseline -0.005 -13"><span class='ocrx_word' id='word_1_629' title='bbox 1831 3673 1943 3732; x_wconf 90' lang='lat' dir='ltr'><strong>tur,</strong></span> <span class='ocrx_word' id='word_1_630' title='bbox 1967 3680 2173 3736; x_wconf 88' lang='lat' dir='ltr'><strong>nempe</strong></span> <span class='ocrx_word' id='word_1_631' title='bbox 2199 3661 2361 3733; x_wconf 90' lang='lat' dir='ltr'><strong>quod</strong></span> <span class='ocrx_word' id='word_1_632' title='bbox 2388 3661 2736 3716; x_wconf 88' lang='lat' dir='ltr'><strong>alterutrum</strong></span> <span class='ocrx_word' id='word_1_633' title='bbox 2757 3659 2892 3730; x_wconf 87' lang='lat' dir='ltr'><strong>quis</strong></span> <span class='ocrx_word' id='word_1_634' title='bbox 2921 3661 3231 3726; x_wconf 84' lang='lat' dir='ltr'><strong>concedat,</strong></span> <span class='ocrx_word' id='word_1_635' title='bbox 3258 3661 3481 3732; x_wconf 85' lang='lat' dir='ltr'><strong>impos—</strong></span> 
     </span>
    </p>
   </div>
   <div class='ocr_carea' id='block_1_87' title="bbox 1831 3747 3485 3820">
    <p class='ocr_par' dir='ltr' id='par_1_87' title="bbox 1831 3747 3485 3820">
     <span class='ocr_line' id='line_1_87' title="bbox 1831 3747 3485 3820; baseline -0.004 -10"><span class='ocrx_word' id='word_1_636' title='bbox 1831 3755 2022 3810; x_wconf 91' lang='lat' dir='ltr'><strong>sibilia</strong></span> <span class='ocrx_word' id='word_1_637' title='bbox 2051 3752 2246 3807; x_wconf 88' lang='lat' dir='ltr'><strong>dicere</strong></span> <span class='ocrx_word' id='word_1_638' title='bbox 2291 3747 2786 3820; x_wconf 89' lang='lat' dir='ltr'><strong>deprehendetur.</strong></span> <span class='ocrx_word' id='word_1_639' title='bbox 2824 3749 2974 3803; x_wconf 89' lang='lat' dir='ltr'><strong>Nam</strong></span> <span class='ocrx_word' id='word_1_640' title='bbox 3012 3761 3207 3820; x_wconf 87' lang='lat' dir='ltr'><strong>neque</strong></span> <span class='ocrx_word' id='word_1_641' title='bbox 3237 3753 3485 3804; x_wconf 87' lang='lat' dir='ltr'><strong>extensa</strong></span> 
     </span>
    </p>
   </div>
   <div class='ocr_carea' id='block_1_88' title="bbox 1831 3837 3482 3918">
    <p class='ocr_par' dir='ltr' id='par_1_88' title="bbox 1831 3837 3482 3918">
     <span class='ocr_line' id='line_1_88' title="bbox 1831 3837 3482 3918; baseline -0.005 -18"><span class='ocrx_word' id='word_1_642' title='bbox 1831 3847 2016 3918; x_wconf 90' lang='lat' dir='ltr'><strong>pinna</strong></span> <span class='ocrx_word' id='word_1_643' title='bbox 2056 3839 2407 3912; x_wconf 88' lang='lat' dir='ltr'><strong>gravitatem</strong></span> <span class='ocrx_word' id='word_1_644' title='bbox 2451 3839 2713 3908; x_wconf 88' lang='lat' dir='ltr'><strong>corporis</strong></span> <span class='ocrx_word' id='word_1_645' title='bbox 2745 3837 3102 3908; x_wconf 89' lang='lat' dir='ltr'><strong>pondusque</strong></span> <span class='ocrx_word' id='word_1_646' title='bbox 3135 3839 3482 3908; x_wconf 88' lang='lat' dir='ltr'><strong>impositum</strong></span> 
     </span>
    </p>
   </div>
   <div class='ocr_carea' id='block_1_89' title="bbox 1835 3927 3480 4001">
    <p class='ocr_par' dir='ltr' id='par_1_89' title="bbox 1835 3927 3480 4001">
     <span class='ocr_line' id='line_1_89' title="bbox 1835 3927 3480 4001; baseline -0.004 -13"><span class='ocrx_word' id='word_1_647' title='bbox 1835 3934 2127 3988; x_wconf 90' lang='lat' dir='ltr'><strong>sustinere</strong></span> <span class='ocrx_word' id='word_1_648' title='bbox 2159 3933 2371 4001; x_wconf 86' lang='lat' dir='ltr'><strong>potest,</strong></span> <span class='ocrx_word' id='word_1_649' title='bbox 2407 3942 2601 3998; x_wconf 92' lang='lat' dir='ltr'><strong>neque</strong></span> <span class='ocrx_word' id='word_1_650' title='bbox 2631 3927 2770 3982; x_wconf 88' lang='lat' dir='ltr'><strong>item</strong></span> <span class='ocrx_word' id='word_1_651' title='bbox 2802 3941 2941 3980; x_wconf 90' lang='lat' dir='ltr'><strong>cum</strong></span> <span class='ocrx_word' id='word_1_652' title='bbox 2991 3931 3079 3980; x_wconf 89' lang='lat' dir='ltr'><strong>est</strong></span> <span class='ocrx_word' id='word_1_653' title='bbox 3109 3927 3480 3998; x_wconf 90' lang='lat' dir='ltr'><strong>complicata.</strong></span> 
     </span>
    </p>
   </div>
   <div class='ocr_carea' id='block_1_90' title="bbox 1833 4014 3486 4092">
    <p class='ocr_par' dir='ltr' id='par_1_90' title="bbox 1833 4014 3486 4092">
     <span class='ocr_line' id='line_1_90' title="bbox 1833 4014 3486 4092; baseline -0.005 -14"><span class='ocrx_word' id='word_1_654' title='bbox 1833 4021 1984 4078; x_wconf 88' lang='lat' dir='ltr'><strong>Illud</strong></span> <span class='ocrx_word' id='word_1_655' title='bbox 2010 4035 2145 4076; x_wconf 89' lang='lat' dir='ltr'><strong>vero</strong></span> <span class='ocrx_word' id='word_1_656' title='bbox 2167 4016 2556 4092; x_wconf 64' lang='lat' dir='ltr'><strong>praecipuum,</strong></span> <span class='ocrx_word' id='word_1_657' title='bbox 2591 4015 2751 4086; x_wconf 88' lang='lat' dir='ltr'><strong>quod</strong></span> <span class='ocrx_word' id='word_1_658' title='bbox 2777 4030 3090 4071; x_wconf 88' lang='lat' dir='ltr'><strong>ascensum</strong></span> <span class='ocrx_word' id='word_1_659' title='bbox 3119 4014 3180 4070; x_wconf 92' lang='lat' dir='ltr'><strong>in</strong></span> <span class='ocrx_word' id='word_1_660' title='bbox 3201 4031 3340 4070; x_wconf 90' lang='lat' dir='ltr'><strong>aera</strong></span> <span class='ocrx_word' id='word_1_661' title='bbox 3365 4031 3486 4070; x_wconf 91' lang='lat' dir='ltr'><strong>non</strong></span> 
     </span>
    </p>
   </div>
   <div class='ocr_carea' id='block_1_91' title="bbox 1834 4102 3486 4184">
    <p class='ocr_par' dir='ltr' id='par_1_91' title="bbox 1834 4102 3486 4184">
     <span class='ocr_line' id='line_1_91' title="bbox 1834 4102 3486 4184; baseline -0.005 -18"><span class='ocrx_word' id='word_1_662' title='bbox 1834 4111 2074 4184; x_wconf 89' lang='lat' dir='ltr'><strong>patitur.</strong></span> <span class='ocrx_word' id='word_1_663' title='bbox 2107 4107 2308 4162; x_wconf 83' lang='lat' dir='ltr'><strong>Nonne</strong></span> <span class='ocrx_word' id='word_1_664' title='bbox 2334 4104 2436 4176; x_wconf 90' lang='lat' dir='ltr'><strong>qui</strong></span> <span class='ocrx_word' id='word_1_665' title='bbox 2467 4103 2605 4159; x_wconf 85' lang='lat' dir='ltr'><strong>talia</strong></span> <span class='ocrx_word' id='word_1_666' title='bbox 2631 4102 2692 4158; x_wconf 90' lang='lat' dir='ltr'><strong>in</strong></span> <span class='ocrx_word' id='word_1_667' title='bbox 2717 4102 2986 4158; x_wconf 88' lang='lat' dir='ltr'><strong>medium</strong></span> <span class='ocrx_word' id='word_1_668' title='bbox 3015 4103 3232 4168; x_wconf 87' lang='lat' dir='ltr'><strong>ferunt,</strong></span> <span class='ocrx_word' id='word_1_669' title='bbox 3261 4104 3486 4159; x_wconf 88' lang='lat' dir='ltr'><strong>nedum</strong></span> 
     </span>
    </p>
   </div>
   <div class='ocr_carea' id='block_1_92' title="bbox 1835 4191 3488 4264">
    <p class='ocr_par' dir='ltr' id='par_1_92' title="bbox 1835 4191 3488 4264">
     <span class='ocr_line' id='line_1_92' title="bbox 1835 4191 3488 4264; baseline -0.005 -9"><span class='ocrx_word' id='word_1_670' title='bbox 1835 4199 1964 4256; x_wconf 88' lang='lat' dir='ltr'><strong>aliis</strong></span> <span class='ocrx_word' id='word_1_671' title='bbox 1989 4195 2390 4252; x_wconf 89' lang='lat' dir='ltr'><strong>dubitationes</strong></span> <span class='ocrx_word' id='word_1_672' title='bbox 2419 4192 2584 4249; x_wconf 88' lang='lat' dir='ltr'><strong>haud</strong></span> <span class='ocrx_word' id='word_1_673' title='bbox 2605 4197 2828 4259; x_wconf 88' lang='lat' dir='ltr'><strong>creant,</strong></span> <span class='ocrx_word' id='word_1_674' title='bbox 2861 4191 2964 4247; x_wconf 89' lang='lat' dir='ltr'><strong>sed</strong></span> <span class='ocrx_word' id='word_1_675' title='bbox 2995 4191 3181 4264; x_wconf 88' lang='lat' dir='ltr'><strong>ipsos,</strong></span> <span class='ocrx_word' id='word_1_676' title='bbox 3212 4209 3274 4246; x_wconf 92' lang='lat' dir='ltr'><strong>se</strong></span> <span class='ocrx_word' id='word_1_677' title='bbox 3304 4191 3488 4246; x_wconf 91' lang='lat' dir='ltr'><strong>multo</strong></span> 
     </span>
    </p>
   </div>
   <div class='ocr_carea' id='block_1_93' title="bbox 1837 4279 3489 4354">
    <p class='ocr_par' dir='ltr' id='par_1_93' title="bbox 1837 4279 3489 4354">
     <span class='ocr_line' id='line_1_93' title="bbox 1837 4279 3489 4354; baseline -0.007 -9"><span class='ocrx_word' id='word_1_678' title='bbox 1837 4289 2008 4345; x_wconf 90' lang='lat' dir='ltr'><strong>citius</strong></span> <span class='ocrx_word' id='word_1_679' title='bbox 2035 4285 2295 4342; x_wconf 86' lang='lat' dir='ltr'><strong>ludibrio</strong></span> <span class='ocrx_word' id='word_1_680' title='bbox 2319 4281 2608 4354; x_wconf 88' lang='lat' dir='ltr'><strong>objiciunt</strong></span> <span class='ocrx_word' id='word_1_681' title='bbox 2636 4281 2664 4335; x_wconf 85' lang='lat'><strong>?</strong></span> <span class='ocrx_word' id='word_1_682' title='bbox 2705 4280 2988 4336; x_wconf 82' lang='lat' dir='ltr'><strong>Existimo</strong></span> <span class='ocrx_word' id='word_1_683' title='bbox 3022 4280 3184 4335; x_wconf 89' lang='lat' dir='ltr'><strong>enim</strong></span> <span class='ocrx_word' id='word_1_684' title='bbox 3219 4279 3489 4350; x_wconf 88' lang='lat' dir='ltr'><strong>quemvis</strong></span> 
     </span>
    </p>
   </div>
   <div class='ocr_carea' id='block_1_94' title="bbox 141 4367 1718 4466">
    <p class='ocr_par' dir='ltr' id='par_1_94' title="bbox 141 4381 1718 4458">
     <span class='ocr_line' id='line_1_94' title="bbox 141 4381 1718 4458; baseline -0.001 -21"><span class='ocrx_word' id='word_1_685' title='bbox 141 4385 194 4434; x_wconf 72' lang='grc' dir='ltr'><strong>τὰ</strong></span> <span class='ocrx_word' id='word_1_686' title='bbox 233 4381 418 4458; x_wconf 71' lang='grc' dir='ltr'>δριμεῖα</span> <span class='ocrx_word' id='word_1_687' title='bbox 457 4383 842 4458; x_wconf 70' lang='grc' dir='ltr'>διαπορήματα</span> <span class='ocrx_word' id='word_1_688' title='bbox 880 4385 963 4437; x_wconf 82' lang='grc' dir='ltr'><strong>ἐπὶ</strong></span> <span class='ocrx_word' id='word_1_689' title='bbox 1009 4387 1098 4457; x_wconf 65' lang='grc' dir='ltr'><strong>μὲν</strong></span> <span class='ocrx_word' id='word_1_690' title='bbox 1127 4393 1220 4437; x_wconf 84' lang='grc' dir='ltr'>τοῦ</span> <span class='ocrx_word' id='word_1_691' title='bbox 1260 4384 1432 4458; x_wconf 73' lang='grc' dir='ltr'>ἑτέρου</span> <span class='ocrx_word' id='word_1_692' title='bbox 1475 4403 1718 4458; x_wconf 82' lang='grc' dir='ltr'>σημαινο-</span> 
     </span>
    </p>
   </div>
   <div class='ocr_carea' id='block_1_95' title="bbox 1903 4367 3490 4466">
    <p class='ocr_par' dir='ltr' id='par_1_95' title="bbox 1903 4367 3490 4439">
     <span class='ocr_line' id='line_1_95' title="bbox 1903 4367 3490 4439; baseline -0.006 -6"><span class='ocrx_word' id='word_1_693' title='bbox 1903 4378 2009 4434; x_wconf 91' lang='lat' dir='ltr'><strong>cile</strong></span> <span class='ocrx_word' id='word_1_694' title='bbox 2039 4377 2122 4431; x_wconf 88' lang='lat' dir='ltr'><strong>sic</strong></span> <span class='ocrx_word' id='word_1_695' title='bbox 2160 4375 2454 4430; x_wconf 90' lang='lat' dir='ltr'><strong>dicturum</strong></span> <span class='ocrx_word' id='word_1_696' title='bbox 2492 4371 2573 4428; x_wconf 92' lang='lat'>:0</span> <span class='ocrx_word' id='word_1_697' title='bbox 2599 4369 2763 4437; x_wconf 89' lang='lat' dir='ltr'><strong>boni,</strong></span> <span class='ocrx_word' id='word_1_698' title='bbox 2805 4370 2896 4424; x_wconf 66' lang='lat' dir='ltr'><strong>hae</strong></span> <span class='ocrx_word' id='word_1_699' title='bbox 2941 4375 3226 4439; x_wconf 71' lang='lat' dir='ltr'><strong>peracutre</strong></span> <span class='ocrx_word' id='word_1_700' title='bbox 3257 4367 3490 4424; x_wconf 37' lang='lat' dir='ltr'><strong>dubitas</strong></span> 
     </span>
    </p>
   </div>
   <div class='ocr_carea' id='block_1_96' title="bbox 143 4469 1722 4547">
    <p class='ocr_par' dir='ltr' id='par_1_96' title="bbox 143 4469 1722 4547">
     <span class='ocr_line' id='line_1_96' title="bbox 143 4469 1722 4547; baseline 0.002 -24"><span class='ocrx_word' id='word_1_701' title='bbox 143 4477 272 4540; x_wconf 73' lang='grc' dir='ltr'>μένον</span> <span class='ocrx_word' id='word_1_702' title='bbox 309 4473 534 4547; x_wconf 73' lang='grc' dir='ltr'>ἀπορίαν</span> <span class='ocrx_word' id='word_1_703' title='bbox 581 4473 928 4544; x_wconf 78' lang='grc' dir='ltr'>ἐμποιήσειιν,</span> <span class='ocrx_word' id='word_1_704' title='bbox 979 4471 1200 4526; x_wconf 79' lang='grc' dir='ltr'>ἐνταῦθα</span> <span class='ocrx_word' id='word_1_705' title='bbox 1230 4470 1288 4526; x_wconf 78' lang='grc' dir='ltr'>δε</span> <span class='ocrx_word' id='word_1_706' title='bbox 1336 4478 1424 4526; x_wconf 82' lang='grc' dir='ltr'><strong>καὶ</strong></span> <span class='ocrx_word' id='word_1_707' title='bbox 1473 4469 1590 4526; x_wconf 70' lang='grc' dir='ltr'><strong>οὐδ’</strong></span> <span class='ocrx_word' id='word_1_708' title='bbox 1620 4473 1722 4526; x_wconf 76' lang='grc' dir='ltr'>ἕτε-</span> 
     </span>
    </p>
   </div>
   <div class='ocr_carea' id='block_1_97' title="bbox 139 4559 1727 4636">
    <p class='ocr_par' dir='ltr' id='par_1_97' title="bbox 139 4559 1727 4636">
     <span class='ocr_line' id='line_1_97' title="bbox 139 4559 1727 4636; baseline 0.001 -24"><span class='ocrx_word' id='word_1_709' title='bbox 139 4579 214 4630; x_wconf 77' lang='grc' dir='ltr'><strong>ρον</strong></span> <span class='ocrx_word' id='word_1_710' title='bbox 263 4565 454 4618; x_wconf 77' lang='grc' dir='ltr'>ἔνεστιν</span> <span class='ocrx_word' id='word_1_711' title='bbox 531 4564 710 4626; x_wconf 79' lang='grc' dir='ltr'>εἰπεῖν,</span> <span class='ocrx_word' id='word_1_712' title='bbox 760 4568 850 4614; x_wconf 79' lang='grc' dir='ltr'>καὶ</span> <span class='ocrx_word' id='word_1_713' title='bbox 906 4559 1128 4635; x_wconf 74' lang='grc' dir='ltr'>οὐδεμία</span> <span class='ocrx_word' id='word_1_714' title='bbox 1186 4567 1418 4634; x_wconf 74' lang='grc' dir='ltr'>φαίνεται</span> <span class='ocrx_word' id='word_1_715' title='bbox 1469 4567 1727 4636; x_wconf 78' lang='grc' dir='ltr'>πρόφασις</span> 
     </span>
    </p>
   </div>
   <div class='ocr_carea' id='block_1_98' title="bbox 145 4649 1727 4726">
    <p class='ocr_par' dir='ltr' id='par_1_98' title="bbox 145 4649 1727 4726">
     <span class='ocr_line' id='line_1_98' title="bbox 145 4649 1727 4726; baseline 0.002 -25"><span class='ocrx_word' id='word_1_716' title='bbox 145 4649 338 4724; x_wconf 67' lang='grc' dir='ltr'>ἀπορίας</span> <span class='ocrx_word' id='word_1_717' title='bbox 383 4653 768 4706; x_wconf 80' lang='grc' dir='ltr'>ἀνακύπτουσα</span> <span class='ocrx_word' id='word_1_718' title='bbox 816 4669 828 4681; x_wconf 92' lang='grc'><strong>·</strong></span> <span class='ocrx_word' id='word_1_719' title='bbox 878 4649 979 4704; x_wconf 85' lang='grc' dir='ltr'>ἀπὸ</span> <span class='ocrx_word' id='word_1_720' title='bbox 1021 4659 1144 4723; x_wconf 81' lang='grc' dir='ltr'>γοῦν</span> <span class='ocrx_word' id='word_1_721' title='bbox 1193 4661 1292 4704; x_wconf 85' lang='grc' dir='ltr'><strong>τῶν</strong></span> <span class='ocrx_word' id='word_1_722' title='bbox 1345 4653 1480 4705; x_wconf 77' lang='grc' dir='ltr'>οὕτω</span> <span class='ocrx_word' id='word_1_723' title='bbox 1513 4671 1727 4726; x_wconf 79' lang='grc' dir='ltr'>περιφα-</span> 
     </span>
    </p>
   </div>
   <div class='ocr_carea' id='block_1_99' title="bbox 145 4737 1728 4815">
    <p class='ocr_par' dir='ltr' id='par_1_99' title="bbox 145 4737 1728 4815">
     <span class='ocr_line' id='line_1_99' title="bbox 145 4737 1728 4815; baseline 0.001 -25"><span class='ocrx_word' id='word_1_724' title='bbox 145 4745 366 4800; x_wconf 73' lang='grc' dir='ltr'>κστείτην</span> <span class='ocrx_word' id='word_1_725' title='bbox 431 4747 532 4800; x_wconf 79' lang='grc' dir='ltr'>τήν</span> <span class='ocrx_word' id='word_1_726' title='bbox 589 4737 844 4814; x_wconf 72' lang='grc' dir='ltr'>διαφορὰν</span> <span class='ocrx_word' id='word_1_727' title='bbox 889 4739 1136 4812; x_wconf 81' lang='grc' dir='ltr'>ἑχόντων,</span> <span class='ocrx_word' id='word_1_728' title='bbox 1200 4741 1564 4815; x_wconf 75' lang='grc' dir='ltr'>εὐχερέστερον</span> <span class='ocrx_word' id='word_1_729' title='bbox 1617 4740 1728 4793; x_wconf 83' lang='grc' dir='ltr'>ἐστι</span> 
     </span>
    </p>
   </div>
   <div class='ocr_carea' id='block_1_100' title="bbox 143 4827 1725 4907">
    <p class='ocr_par' dir='ltr' id='par_1_100' title="bbox 143 4827 1725 4907">
     <span class='ocr_line' id='line_1_100' title="bbox 143 4827 1725 4907; baseline 0.003 -29"><span class='ocrx_word' id='word_1_730' title='bbox 143 4835 218 4880; x_wconf 75' lang='grc' dir='ltr'><strong>καὶ</strong></span> <span class='ocrx_word' id='word_1_731' title='bbox 241 4828 386 4884; x_wconf 76' lang='grc' dir='ltr'>ούδέν</span> <span class='ocrx_word' id='word_1_732' title='bbox 435 4827 690 4907; x_wconf 82' lang='grc' dir='ltr'>ἐργῶδες,</span> <span class='ocrx_word' id='word_1_733' title='bbox 741 4835 831 4882; x_wconf 80' lang='grc' dir='ltr'><strong>καὶ</strong></span> <span class='ocrx_word' id='word_1_734' title='bbox 877 4831 962 4882; x_wconf 81' lang='grc' dir='ltr'><strong>ἐπὶ</strong></span> <span class='ocrx_word' id='word_1_735' title='bbox 1003 4839 1102 4882; x_wconf 81' lang='grc' dir='ltr'><strong>τῶν</strong></span> <span class='ocrx_word' id='word_1_736' title='bbox 1148 4830 1563 4904; x_wconf 80' lang='grc' dir='ltr'>ἐγκεκρυμμένην</span> <span class='ocrx_word' id='word_1_737' title='bbox 1602 4833 1725 4882; x_wconf 87' lang='grc' dir='ltr'>ταύ-</span> 
     </span>
    </p>
   </div>
   <div class='ocr_carea' id='block_1_101' title="bbox 147 4917 1728 4994">
    <p class='ocr_par' dir='ltr' id='par_1_101' title="bbox 147 4917 1728 4994">
     <span class='ocr_line' id='line_1_101' title="bbox 147 4917 1728 4994; baseline -0.003 -19"><span class='ocrx_word' id='word_1_738' title='bbox 147 4934 226 4975; x_wconf 69' lang='grc' dir='ltr'><strong>την</strong></span> <span class='ocrx_word' id='word_1_739' title='bbox 259 4925 532 4994; x_wconf 56' lang='grc' dir='ltr'>φερόντων,</span> <span class='ocrx_word' id='word_1_740' title='bbox 583 4927 654 4989; x_wconf 80' lang='grc' dir='ltr'><strong>τῷ</strong></span> <span class='ocrx_word' id='word_1_741' title='bbox 703 4928 858 4990; x_wconf 80' lang='grc' dir='ltr'>κοινῷ</span> <span class='ocrx_word' id='word_1_742' title='bbox 887 4923 1190 4992; x_wconf 73' lang='grc' dir='ltr'>χρωμένους</span> <span class='ocrx_word' id='word_1_743' title='bbox 1241 4923 1436 4985; x_wconf 89' lang='grc' dir='ltr'>κανόνι,</span> <span class='ocrx_word' id='word_1_744' title='bbox 1481 4921 1573 4981; x_wconf 84' lang='grc' dir='ltr'>τὰς</span> <span class='ocrx_word' id='word_1_745' title='bbox 1603 4917 1728 4972; x_wconf 80' lang='grc' dir='ltr'>ἀπο-</span> 
     </span>
    </p>
   </div>
   <div class='ocr_carea' id='block_1_102' title="bbox 145 5005 981 5083">
    <p class='ocr_par' dir='ltr' id='par_1_102' title="bbox 145 5005 981 5083">
     <span class='ocr_line' id='line_1_102' title="bbox 145 5005 981 5083; baseline 0.001 -22"><span class='ocrx_word' id='word_1_746' title='bbox 145 5011 238 5078; x_wconf 70' lang='grc' dir='ltr'>ρίας</span> <span class='ocrx_word' id='word_1_747' title='bbox 263 5009 330 5070; x_wconf 80' lang='grc' dir='ltr'>εἰς</span> <span class='ocrx_word' id='word_1_748' title='bbox 353 5011 607 5083; x_wconf 65' lang='grc' dir='ltr'>εὐπορίαν</span> <span class='ocrx_word' id='word_1_749' title='bbox 627 5005 981 5080; x_wconf 79' lang='grc' dir='ltr'>μεταϐάλλειν.</span> 
     </span>
    </p>
   </div>
   <div class='ocr_carea' id='block_1_103' title="bbox 206 5087 1730 5172">
    <p class='ocr_par' dir='ltr' id='par_1_103' title="bbox 206 5087 1730 5172">
     <span class='ocr_line' id='line_1_103' title="bbox 206 5087 1730 5172; baseline 0.001 -26"><span class='ocrx_word' id='word_1_750' title='bbox 206 5095 262 5150; x_wconf 66' lang='grc' dir='ltr'><strong>ϐ’.</strong></span> <span class='ocrx_word' id='word_1_751' title='bbox 287 5103 552 5172; x_wconf 78' lang='grc' dir='ltr'>Τρόπαιον</span> <span class='ocrx_word' id='word_1_752' title='bbox 593 5095 732 5149; x_wconf 71' lang='grc' dir='ltr'>ἔστιν</span> <span class='ocrx_word' id='word_1_753' title='bbox 777 5098 804 5148; x_wconf 84' lang='grc' dir='ltr'><strong>ὁ</strong></span> <span class='ocrx_word' id='word_1_754' title='bbox 840 5099 1064 5172; x_wconf 86' lang='grc' dir='ltr'>σταυρὸς</span> <span class='ocrx_word' id='word_1_755' title='bbox 1093 5103 1184 5149; x_wconf 82' lang='grc' dir='ltr'><strong>τοῦ</strong></span> <span class='ocrx_word' id='word_1_756' title='bbox 1209 5087 1446 5171; x_wconf 80' lang='grc' dir='ltr'>Χριστοῦ</span> <span class='ocrx_word' id='word_1_757' title='bbox 1474 5095 1610 5148; x_wconf 86' lang='grc' dir='ltr'><strong>κατά</strong></span> <span class='ocrx_word' id='word_1_758' title='bbox 1637 5099 1730 5147; x_wconf 83' lang='grc' dir='ltr'>τοῦ</span> 
     </span>
    </p>
   </div>
   <div class='ocr_carea' id='block_1_104' title="bbox 147 5179 1726 5259">
    <p class='ocr_par' dir='ltr' id='par_1_104' title="bbox 147 5179 1726 5259">
     <span class='ocr_line' id='line_1_104' title="bbox 147 5179 1726 5259; baseline 0 -25"><span class='ocrx_word' id='word_1_759' title='bbox 147 5179 368 5239; x_wconf 63' lang='grc' dir='ltr'>έιαεολου</span> <span class='ocrx_word' id='word_1_760' title='bbox 417 5189 700 5258; x_wconf 65' lang='grc' dir='ltr'>ἱστάμενον</span> <span class='ocrx_word' id='word_1_761' title='bbox 731 5203 744 5215; x_wconf 82' lang='grc'><em>’</em></span> <span class='ocrx_word' id='word_1_762' title='bbox 801 5189 889 5237; x_wconf 87' lang='grc' dir='ltr'><strong>καὶ</strong></span> <span class='ocrx_word' id='word_1_763' title='bbox 941 5190 1202 5259; x_wconf 85' lang='grc' dir='ltr'>τροπαίων</span> <span class='ocrx_word' id='word_1_764' title='bbox 1247 5187 1306 5238; x_wconf 88' lang='grc' dir='ltr'>τὸ</span> <span class='ocrx_word' id='word_1_765' title='bbox 1343 5185 1726 5259; x_wconf 81' lang='grc' dir='ltr'>λαμπρότατον,</span> 
     </span>
    </p>
   </div>
   <div class='ocr_carea' id='block_1_105' title="bbox 147 5273 1730 5348">
    <p class='ocr_par' dir='ltr' id='par_1_105' title="bbox 147 5273 1730 5348">
     <span class='ocr_line' id='line_1_105' title="bbox 147 5273 1730 5348; baseline 0.003 -27"><span class='ocrx_word' id='word_1_766' title='bbox 147 5273 256 5324; x_wconf 62' lang='lat' dir='ltr'><strong>em</strong></span> <span class='ocrx_word' id='word_1_767' title='bbox 279 5296 338 5346; x_wconf 79' lang='grc' dir='ltr'><strong>γε</strong></span> <span class='ocrx_word' id='word_1_768' title='bbox 381 5281 474 5328; x_wconf 79' lang='grc' dir='ltr'>καὶ</span> <span class='ocrx_word' id='word_1_769' title='bbox 522 5275 678 5336; x_wconf 75' lang='grc' dir='ltr'>αὐτὸς</span> <span class='ocrx_word' id='word_1_770' title='bbox 727 5275 754 5326; x_wconf 82' lang='grc' dir='ltr'><strong><em>ὁ</em></strong></span> <span class='ocrx_word' id='word_1_771' title='bbox 801 5277 958 5336; x_wconf 86' lang='grc' dir='ltr'>τύπος</span> <span class='ocrx_word' id='word_1_772' title='bbox 986 5274 1146 5326; x_wconf 72' lang='grc' dir='ltr'>αὐτοῦ</span> <span class='ocrx_word' id='word_1_773' title='bbox 1191 5281 1262 5344; x_wconf 82' lang='grc' dir='ltr'>τῷ</span> <span class='ocrx_word' id='word_1_774' title='bbox 1305 5273 1416 5348; x_wconf 83' lang='grc' dir='ltr'>ἀέρι</span> <span class='ocrx_word' id='word_1_775' title='bbox 1453 5277 1730 5347; x_wconf 81' lang='grc' dir='ltr'>χαρασσό-</span> 
     </span>
    </p>
   </div>
   <div class='ocr_carea' id='block_1_106' title="bbox 147 5359 1728 5436">
    <p class='ocr_par' dir='ltr' id='par_1_106' title="bbox 147 5359 1728 5436">
     <span class='ocr_line' id='line_1_106' title="bbox 147 5359 1728 5436; baseline 0 -22"><span class='ocrx_word' id='word_1_776' title='bbox 147 5381 292 5430; x_wconf 61' lang='grc' dir='ltr'>μενος,</span> <span class='ocrx_word' id='word_1_777' title='bbox 337 5372 524 5418; x_wconf 80' lang='grc' dir='ltr'>πᾶσαν</span> <span class='ocrx_word' id='word_1_778' title='bbox 567 5365 712 5434; x_wconf 67' lang='grc' dir='ltr'><strong>αὐτῷ</strong></span> <span class='ocrx_word' id='word_1_779' title='bbox 762 5360 1151 5436; x_wconf 78' lang='grc' dir='ltr'>συμφυγαδεύει</span> <span class='ocrx_word' id='word_1_780' title='bbox 1195 5368 1288 5422; x_wconf 84' lang='grc' dir='ltr'><strong>τὴν</strong></span> <span class='ocrx_word' id='word_1_781' title='bbox 1330 5359 1551 5435; x_wconf 75' lang='grc' dir='ltr'>δύναμιν</span> <span class='ocrx_word' id='word_1_782' title='bbox 1585 5382 1598 5394; x_wconf 90' lang='grc'><strong>·</strong></span> <span class='ocrx_word' id='word_1_783' title='bbox 1641 5367 1728 5414; x_wconf 82' lang='grc' dir='ltr'>καὶ</span> 
     </span>
    </p>
   </div>
   <div class='ocr_carea' id='block_1_107' title="bbox 149 5447 1729 5526">
    <p class='ocr_par' dir='ltr' id='par_1_107' title="bbox 149 5447 1729 5526">
     <span class='ocr_line' id='line_1_107' title="bbox 149 5447 1729 5526; baseline 0 -24"><span class='ocrx_word' id='word_1_784' title='bbox 149 5447 362 5506; x_wconf 52' lang='lat' dir='ltr'><strong>vidium;</strong></span> <span class='ocrx_word' id='word_1_785' title='bbox 413 5452 592 5506; x_wconf 68' lang='grc' dir='ltr'>δεῖται</span> <span class='ocrx_word' id='word_1_786' title='bbox 643 5451 938 5526; x_wconf 79' lang='grc' dir='ltr'>βαθυτέρας</span> <span class='ocrx_word' id='word_1_787' title='bbox 981 5457 1256 5526; x_wconf 74' lang='grc' dir='ltr'>περινοίας,</span> <span class='ocrx_word' id='word_1_788' title='bbox 1299 5455 1344 5504; x_wconf 83' lang='grc' dir='ltr'>εἴ</span> <span class='ocrx_word' id='word_1_789' title='bbox 1380 5472 1458 5513; x_wconf 88' lang='grc' dir='ltr'><strong>τις</strong></span> <span class='ocrx_word' id='word_1_790' title='bbox 1495 5452 1560 5513; x_wconf 85' lang='grc' dir='ltr'>εἰς</span> <span class='ocrx_word' id='word_1_791' title='bbox 1605 5449 1729 5503; x_wconf 85' lang='grc' dir='ltr'>ἀπο-</span> 
     </span>
    </p>
   </div>
   <div class='ocr_carea' id='block_1_108' title="bbox 209 5647 650 5712">
    <p class='ocr_par' dir='ltr' id='par_1_108' title="bbox 209 5647 650 5712">
     <span class='ocr_line' id='line_1_108' title="bbox 209 5647 650 5712; baseline 0.007 -11"><span class='ocrx_word' id='word_1_792' title='bbox 209 5647 226 5680; x_wconf 79' lang='grc'>¹</span> <span class='ocrx_word' id='word_1_793' title='bbox 265 5649 460 5704; x_wconf 68' lang='lat' dir='ltr'><strong>Matth.</strong></span> <span class='ocrx_word' id='word_1_794' title='bbox 487 5665 566 5712; x_wconf 66' lang='grc' dir='ltr'><strong>ιν,</strong></span> <span class='ocrx_word' id='word_1_795' title='bbox 594 5651 650 5704; x_wconf 83' lang='grc'><strong>5.</strong></span> 
     </span>
    </p>
   </div>
   <div class='ocr_carea' id='block_1_109' title="bbox 1839 4455 3489 4528">
    <p class='ocr_par' dir='ltr' id='par_1_109' title="bbox 1839 4455 3489 4528">
     <span class='ocr_line' id='line_1_109' title="bbox 1839 4455 3489 4528; baseline -0.007 -5"><span class='ocrx_word' id='word_1_796' title='bbox 1839 4467 2025 4523; x_wconf 87' lang='lat' dir='ltr'><strong>tiones</strong></span> <span class='ocrx_word' id='word_1_797' title='bbox 2081 4480 2215 4519; x_wconf 88' lang='lat' dir='ltr'><strong>cum</strong></span> <span class='ocrx_word' id='word_1_798' title='bbox 2265 4461 2396 4518; x_wconf 90' lang='lat' dir='ltr'><strong>aliis</strong></span> <span class='ocrx_word' id='word_1_799' title='bbox 2423 4458 2675 4516; x_wconf 85' lang='lat' dir='ltr'><strong>fortasse</strong></span> <span class='ocrx_word' id='word_1_800' title='bbox 2721 4455 3163 4527; x_wconf 87' lang='lat' dir='ltr'><strong>signiﬁcatibus</strong></span> <span class='ocrx_word' id='word_1_801' title='bbox 3213 4457 3489 4528; x_wconf 67' lang='lat' dir='ltr'><strong>quaestio-</strong></span> 
     </span>
    </p>
   </div>
   <div class='ocr_carea' id='block_1_110' title="bbox 1837 4545 3486 4618">
    <p class='ocr_par' dir='ltr' id='par_1_110' title="bbox 1837 4545 3486 4618">
     <span class='ocr_line' id='line_1_110' title="bbox 1837 4545 3486 4618; baseline -0.007 -7"><span class='ocrx_word' id='word_1_802' title='bbox 1837 4571 1976 4611; x_wconf 91' lang='lat' dir='ltr'><strong>nem</strong></span> <span class='ocrx_word' id='word_1_803' title='bbox 2015 4549 2365 4608; x_wconf 81' lang='lat' dir='ltr'><strong>conﬂabant</strong></span> <span class='ocrx_word' id='word_1_804' title='bbox 2405 4564 2420 4614; x_wconf 90' lang='lat'><strong>;</strong></span> <span class='ocrx_word' id='word_1_805' title='bbox 2451 4547 2546 4602; x_wconf 88' lang='lat' dir='ltr'><strong>hic</strong></span> <span class='ocrx_word' id='word_1_806' title='bbox 2579 4551 2780 4601; x_wconf 89' lang='lat' dir='ltr'><strong>tamen</strong></span> <span class='ocrx_word' id='word_1_807' title='bbox 2810 4549 3087 4600; x_wconf 86' lang='lat' dir='ltr'><strong>neutrum</strong></span> <span class='ocrx_word' id='word_1_808' title='bbox 3123 4545 3234 4599; x_wconf 90' lang='lat' dir='ltr'><strong>dici</strong></span> <span class='ocrx_word' id='word_1_809' title='bbox 3271 4551 3486 4618; x_wconf 89' lang='lat' dir='ltr'><strong>potest,</strong></span> 
     </span>
    </p>
   </div>
   <div class='ocr_carea' id='block_1_111' title="bbox 1837 4633 3491 4715">
    <p class='ocr_par' dir='ltr' id='par_1_111' title="bbox 1837 4633 3491 4715">
     <span class='ocr_line' id='line_1_111' title="bbox 1837 4633 3491 4715; baseline -0.006 -15"><span class='ocrx_word' id='word_1_810' title='bbox 1837 4643 2121 4715; x_wconf 88' lang='lat' dir='ltr'><strong>nullaque</strong></span> <span class='ocrx_word' id='word_1_811' title='bbox 2153 4655 2301 4696; x_wconf 88' lang='lat' dir='ltr'><strong>ansa</strong></span> <span class='ocrx_word' id='word_1_812' title='bbox 2344 4635 2656 4692; x_wconf 91' lang='lat' dir='ltr'><strong>dubitandi</strong></span> <span class='ocrx_word' id='word_1_813' title='bbox 2707 4634 2844 4690; x_wconf 90' lang='lat' dir='ltr'><strong>hinc</strong></span> <span class='ocrx_word' id='word_1_814' title='bbox 2875 4633 3116 4689; x_wconf 86' lang='lat' dir='ltr'><strong>exsistit.</strong></span> <span class='ocrx_word' id='word_1_815' title='bbox 3160 4635 3242 4690; x_wconf 88' lang='lat' dir='ltr'><strong>Ex</strong></span> <span class='ocrx_word' id='word_1_816' title='bbox 3271 4635 3363 4690; x_wconf 90' lang='lat' dir='ltr'><strong>his</strong></span> <span class='ocrx_word' id='word_1_817' title='bbox 3387 4635 3491 4705; x_wconf 88' lang='lat' dir='ltr'><strong>igi-</strong></span> 
     </span>
    </p>
   </div>
   <div class='ocr_carea' id='block_1_112' title="bbox 1837 4721 3489 4804">
    <p class='ocr_par' dir='ltr' id='par_1_112' title="bbox 1837 4721 3489 4804">
     <span class='ocr_line' id='line_1_112' title="bbox 1837 4721 3489 4804; baseline -0.006 -15"><span class='ocrx_word' id='word_1_818' title='bbox 1837 4739 1949 4803; x_wconf 89' lang='lat' dir='ltr'><strong>tur,</strong></span> <span class='ocrx_word' id='word_1_819' title='bbox 1987 4746 2123 4804; x_wconf 72' lang='lat' dir='ltr'><strong>quaa</strong></span> <span class='ocrx_word' id='word_1_820' title='bbox 2149 4733 2262 4785; x_wconf 90' lang='lat' dir='ltr'><strong>tam</strong></span> <span class='ocrx_word' id='word_1_821' title='bbox 2290 4725 2656 4797; x_wconf 85' lang='lat' dir='ltr'><strong>exploratam</strong></span> <span class='ocrx_word' id='word_1_822' title='bbox 2685 4721 3078 4779; x_wconf 81' lang='lat' dir='ltr'><strong>differentiam</strong></span> <span class='ocrx_word' id='word_1_823' title='bbox 3127 4723 3376 4794; x_wconf 88' lang='lat' dir='ltr'><strong>habent,</strong></span> <span class='ocrx_word' id='word_1_824' title='bbox 3408 4723 3489 4779; x_wconf 87' lang='lat' dir='ltr'><strong>fa-</strong></span> 
     </span>
    </p>
   </div>
   <div class='ocr_carea' id='block_1_113' title="bbox 1837 4813 3490 4888">
    <p class='ocr_par' dir='ltr' id='par_1_113' title="bbox 1837 4813 3490 4888">
     <span class='ocr_line' id='line_1_113' title="bbox 1837 4813 3490 4888; baseline -0.005 -9"><span class='ocrx_word' id='word_1_825' title='bbox 1837 4822 2005 4879; x_wconf 86' lang='lat' dir='ltr'><strong>cilius</strong></span> <span class='ocrx_word' id='word_1_826' title='bbox 2032 4825 2119 4877; x_wconf 90' lang='lat' dir='ltr'><strong>est</strong></span> <span class='ocrx_word' id='word_1_827' title='bbox 2141 4817 2472 4888; x_wconf 89' lang='lat' dir='ltr'><strong>nulliusque</strong></span> <span class='ocrx_word' id='word_1_828' title='bbox 2495 4813 2738 4878; x_wconf 89' lang='lat' dir='ltr'><strong>laboris,</strong></span> <span class='ocrx_word' id='word_1_829' title='bbox 2765 4827 2974 4868; x_wconf 86' lang='lat' dir='ltr'><strong>eorum</strong></span> <span class='ocrx_word' id='word_1_830' title='bbox 3000 4814 3202 4880; x_wconf 91' lang='lat' dir='ltr'><strong>etiam,</strong></span> <span class='ocrx_word' id='word_1_831' title='bbox 3232 4830 3490 4886; x_wconf 88' lang='lat' dir='ltr'><strong>quorum</strong></span> 
     </span>
    </p>
   </div>
   <div class='ocr_carea' id='block_1_114' title="bbox 1838 4902 3488 4972">
    <p class='ocr_par' dir='ltr' id='par_1_114' title="bbox 1838 4902 3488 4972">
     <span class='ocr_line' id='line_1_114' title="bbox 1838 4902 3488 4972; baseline -0.006 -4"><span class='ocrx_word' id='word_1_832' title='bbox 1838 4910 2172 4968; x_wconf 79' lang='lat' dir='ltr'><strong>differentia</strong></span> <span class='ocrx_word' id='word_1_833' title='bbox 2191 4903 2518 4963; x_wconf 87' lang='lat' dir='ltr'><strong>abstrusior</strong></span> <span class='ocrx_word' id='word_1_834' title='bbox 2533 4907 2639 4968; x_wconf 90' lang='lat' dir='ltr'><strong>est,</strong></span> <span class='ocrx_word' id='word_1_835' title='bbox 2657 4918 2850 4957; x_wconf 92' lang='lat' dir='ltr'><strong>comm</strong></span> <span class='ocrx_word' id='word_1_836' title='bbox 2861 4902 2959 4958; x_wconf 91' lang='lat' dir='ltr'><strong>uni</strong></span> <span class='ocrx_word' id='word_1_837' title='bbox 2983 4903 3187 4972; x_wconf 88' lang='lat' dir='ltr'><strong>regula</strong></span> <span class='ocrx_word' id='word_1_838' title='bbox 3201 4903 3464 4960; x_wconf 88' lang='lat' dir='ltr'><strong>adhibita</strong></span> <span class='ocrx_word' id='word_1_839' title='bbox 3475 4946 3488 4964; x_wconf 86' lang='lat'><strong>,</strong></span> 
     </span>
    </p>
   </div>
   <div class='ocr_carea' id='block_1_115' title="bbox 1840 4991 3110 5074">
    <p class='ocr_par' dir='ltr' id='par_1_115' title="bbox 1840 4991 3110 5074">
     <span class='ocr_line' id='line_1_115' title="bbox 1840 4991 3110 5074; baseline -0.01 -17"><span class='ocrx_word' id='word_1_840' title='bbox 1840 4999 2298 5074; x_wconf 83' lang='lat' dir='ltr'><strong>perplexitatem</strong></span> <span class='ocrx_word' id='word_1_841' title='bbox 2328 4993 2650 5067; x_wconf 88' lang='lat' dir='ltr'><strong>perducere</strong></span> <span class='ocrx_word' id='word_1_842' title='bbox 2689 4991 2764 5047; x_wconf 90' lang='lat' dir='ltr'><strong>ad</strong></span> <span class='ocrx_word' id='word_1_843' title='bbox 2801 4991 3110 5062; x_wconf 90' lang='lat' dir='ltr'><strong>liquidum.</strong></span> 
     </span>
    </p>
   </div>
   <div class='ocr_carea' id='block_1_116' title="bbox 1913 5079 3488 5159">
    <p class='ocr_par' dir='ltr' id='par_1_116' title="bbox 1913 5079 3488 5159">
     <span class='ocr_line' id='line_1_116' title="bbox 1913 5079 3488 5159; baseline -0.004 -15"><span class='ocrx_word' id='word_1_844' title='bbox 1913 5089 1967 5147; x_wconf 89' lang='lat'><strong>9.</strong></span> <span class='ocrx_word' id='word_1_845' title='bbox 1995 5091 2308 5159; x_wconf 71' lang='lat' dir='ltr'><strong>Tropreum</strong></span> <span class='ocrx_word' id='word_1_846' title='bbox 2348 5085 2436 5138; x_wconf 89' lang='lat' dir='ltr'><strong>est</strong></span> <span class='ocrx_word' id='word_1_847' title='bbox 2485 5085 2692 5137; x_wconf 87' lang='lat' dir='ltr'><strong>contra</strong></span> <span class='ocrx_word' id='word_1_848' title='bbox 2737 5079 3041 5136; x_wconf 90' lang='lat' dir='ltr'><strong>diabolum</strong></span> <span class='ocrx_word' id='word_1_849' title='bbox 3096 5080 3306 5136; x_wconf 83' lang='lat' dir='ltr'><strong>Christi</strong></span> <span class='ocrx_word' id='word_1_850' title='bbox 3350 5097 3488 5137; x_wconf 84' lang='lat' dir='ltr'><strong>crux</strong></span> 
     </span>
    </p>
   </div>
   <div class='ocr_carea' id='block_1_117' title="bbox 1839 5167 3490 5245">
    <p class='ocr_par' dir='ltr' id='par_1_117' title="bbox 1839 5167 3490 5245">
     <span class='ocr_line' id='line_1_117' title="bbox 1839 5167 3490 5245; baseline -0.007 -11"><span class='ocrx_word' id='word_1_851' title='bbox 1839 5177 2154 5234; x_wconf 89' lang='lat' dir='ltr'><strong>excitatum</strong></span> <span class='ocrx_word' id='word_1_852' title='bbox 2176 5173 2512 5245; x_wconf 88' lang='lat' dir='ltr'><strong>;etquidem</strong></span> <span class='ocrx_word' id='word_1_853' title='bbox 2529 5167 3100 5242; x_wconf 87' lang='lat' dir='ltr'><strong>splendidissimum,</strong></span> <span class='ocrx_word' id='word_1_854' title='bbox 3115 5169 3490 5242; x_wconf 83' lang='lat' dir='ltr'><strong>quandoqui-</strong></span> 
     </span>
    </p>
   </div>
   <div class='ocr_carea' id='block_1_118' title="bbox 1839 5257 3494 5333">
    <p class='ocr_par' dir='ltr' id='par_1_118' title="bbox 1839 5257 3494 5333">
     <span class='ocr_line' id='line_1_118' title="bbox 1839 5257 3494 5333; baseline -0.006 -11"><span class='ocrx_word' id='word_1_855' title='bbox 1839 5268 1970 5322; x_wconf 90' lang='lat' dir='ltr'><strong>dem</strong></span> <span class='ocrx_word' id='word_1_856' title='bbox 1999 5265 2094 5320; x_wconf 88' lang='lat' dir='ltr'><strong>vel</strong></span> <span class='ocrx_word' id='word_1_857' title='bbox 2137 5263 2266 5333; x_wconf 89' lang='lat' dir='ltr'><strong>ejus</strong></span> <span class='ocrx_word' id='word_1_858' title='bbox 2299 5267 2472 5332; x_wconf 87' lang='lat' dir='ltr'><strong>typus</strong></span> <span class='ocrx_word' id='word_1_859' title='bbox 2510 5260 2568 5314; x_wconf 90' lang='lat' dir='ltr'><strong>in</strong></span> <span class='ocrx_word' id='word_1_860' title='bbox 2595 5273 2729 5314; x_wconf 90' lang='lat' dir='ltr'><strong>aere</strong></span> <span class='ocrx_word' id='word_1_861' title='bbox 2757 5257 3122 5329; x_wconf 85' lang='lat' dir='ltr'><strong>impressum</strong></span> <span class='ocrx_word' id='word_1_862' title='bbox 3172 5257 3494 5329; x_wconf 87' lang='lat' dir='ltr'><strong>quamlibet</strong></span> 
     </span>
    </p>
   </div>
   <div class='ocr_carea' id='block_1_119' title="bbox 1841 5347 3492 5425">
    <p class='ocr_par' dir='ltr' id='par_1_119' title="bbox 1841 5347 3492 5425">
     <span class='ocr_line' id='line_1_119' title="bbox 1841 5347 3492 5425; baseline -0.007 -13"><span class='ocrx_word' id='word_1_863' title='bbox 1841 5373 1978 5413; x_wconf 89' lang='lat' dir='ltr'><strong>cum</strong></span> <span class='ocrx_word' id='word_1_864' title='bbox 2023 5354 2122 5410; x_wconf 91' lang='lat' dir='ltr'><strong>illo</strong></span> <span class='ocrx_word' id='word_1_865' title='bbox 2175 5355 2521 5425; x_wconf 88' lang='lat' dir='ltr'><strong>potestatem</strong></span> <span class='ocrx_word' id='word_1_866' title='bbox 2571 5347 2754 5419; x_wconf 85' lang='lat' dir='ltr'><strong>fugat.</strong></span> <span class='ocrx_word' id='word_1_867' title='bbox 2789 5349 2989 5420; x_wconf 90' lang='lat' dir='ltr'><strong>Neque</strong></span> <span class='ocrx_word' id='word_1_868' title='bbox 3041 5353 3239 5404; x_wconf 88' lang='lat' dir='ltr'><strong>tamen</strong></span> <span class='ocrx_word' id='word_1_869' title='bbox 3289 5347 3492 5402; x_wconf 88' lang='lat' dir='ltr'><strong>altiore</strong></span> 
     </span>
    </p>
   </div>
   <div class='ocr_carea' id='block_1_120' title="bbox 1839 5435 3489 5510">
    <p class='ocr_par' dir='ltr' id='par_1_120' title="bbox 1839 5435 3489 5510">
     <span class='ocr_line' id='line_1_120' title="bbox 1839 5435 3489 5510; baseline -0.008 -6"><span class='ocrx_word' id='word_1_870' title='bbox 1839 5444 2188 5504; x_wconf 88' lang='lat' dir='ltr'><strong>certandum</strong></span> <span class='ocrx_word' id='word_1_871' title='bbox 2217 5445 2304 5496; x_wconf 90' lang='lat' dir='ltr'><strong>est</strong></span> <span class='ocrx_word' id='word_1_872' title='bbox 2332 5439 2628 5502; x_wconf 90' lang='lat' dir='ltr'><strong>acumine,</strong></span> <span class='ocrx_word' id='word_1_873' title='bbox 2653 5437 2699 5492; x_wconf 91' lang='lat' dir='ltr'><strong>si</strong></span> <span class='ocrx_word' id='word_1_874' title='bbox 2731 5437 2867 5510; x_wconf 88' lang='lat' dir='ltr'><strong>quis</strong></span> <span class='ocrx_word' id='word_1_875' title='bbox 2899 5435 3044 5492; x_wconf 88' lang='lat' dir='ltr'><strong>forte</strong></span> <span class='ocrx_word' id='word_1_876' title='bbox 3073 5435 3146 5490; x_wconf 91' lang='lat' dir='ltr'><strong>de</strong></span> <span class='ocrx_word' id='word_1_877' title='bbox 3167 5435 3280 5490; x_wconf 89' lang='lat' dir='ltr'><strong>hoc</strong></span> <span class='ocrx_word' id='word_1_878' title='bbox 3311 5449 3489 5490; x_wconf 84' lang='lat' dir='ltr'><strong>voca-</strong></span> 
     </span>
    </p>
   </div>
  </div>
