3950 6180
462 317 560 384 187
1689 317 1922 376 l’tlUTli
1963 317 2457 378 PA'l'lilARCHA‘J
2497 315 2606 374 GP.
3696 317 3790 378 188

457 452 600 509 bulo
616 449 1004 522 quaestionem
1032 447 1297 524 aliquam
1325 447 1710 505 conﬂandain
1735 446 2068 519 susceperit

2227 449 2334 515 οίαν
2392 440 2684 496 διαπλάσαι
2749 447 2805 494 τὸ
2866 443 3023 516 ῥῆμα
3088 437 3350 515 προέλοιτο
3401 463 3412 474 ·

457 555 721 611 namque
743 555 773 594 e
795 538 1066 611 superius
1087 537 1258 593 dictis
1280 535 1637 596 solutionem
1661 534 2110 609 deprehendere

459 627 733 701 perfacile
781 633 892 682 est.
953 625 1009 681 Si
1060 641 1222 689 crux,
1258 625 1468 698 inquit,
1524 624 1764 698 aliquis,
1819 630 2112 695 tropmum

459 723 568 785 est,
595 717 727 788 quis
763 716 824 770 id
871 718 1052 772 erexit
1089 714 1117 769 7
1151 731 1294 771 nam
1326 715 1372 769 si
1427 716 1552 786 ipse
1606 715 1808 785 victor,
1843 730 1945 770 cur
1985 714 2114 784 jam

460 814 677 863 temere
707 804 952 861 Judaico
1000 803 1220 877 p0pulo
1265 804 1476 861 Christi
1505 803 1699 859 caedes
1731 804 2062 876 imputatur
2085 803 2112 856 ?

463 894 632 961 Quod
659 894 704 948 si
729 894 872 950 illud
903 893 1088 950 Judaei
1122 898 1448 949 statuerunt
1479 892 1665 965 (quod
1702 907 1910 964 reapse
1949 896 2116 947 extra

463 982 653 1038 aleam
677 982 1069 1038 contentionis
1089 985 1203 1052 est)
1219 997 1477 1054 quonam
1499 985 1668 1054 pacto
1692 980 1954 1036 Christus
1976 996 2114 1035 con-

463 1077 551 1128 tra
600 1071 904 1127 diabolum
933 1071 1305 1127 constituisse
1337 1077 1628 1141 tropmum
1678 1069 1894 1124 dicitur
1922 1068 1950 1123 ‘i’
1984 1073 2111 1124 Item

465 1161 510 1216 si
541 1161 675 1234 quis
717 1161 790 1216 de
835 1177 1021 1230 regno
1073 1160 1400 1215 inferorum
1452 1175 1792 1216 sermonem
1822 1158 2111 1230 injiciens,

463 1256 670 1322 pergat
689 1266 863 1321 porro
883 1249 1078 1304 dicere
1104 1265 1115 1301 :
1143 1249 1188 1302 si
1217 1254 1301 1304 est
1327 1247 1651 1303 inferorum
1679 1261 1951 1318 regnum,
1987 1246 2115 1302 sine

463 1339 648 1396 dubio
679 1338 1020 1408 intelligitur
1049 1353 1291 1410 quoque
1330 1353 1451 1392 rex.
1491 1339 1553 1392 Et
1581 1336 1825 1409 quidem
1859 1335 1941 1391 ait
1966 1335 2114 1391 Pau-

460 1426 554 1484 lus
584 1430 630 1463 ³⁵
663 1427 920 1484 veritatis
953 1443 1170 1499 prteco,
1203 1425 1551 1495 regnavisse
1577 1430 1826 1480 mortem
1859 1424 1935 1480 ab
1967 1424 2116 1480 Ada-

464 1532 564 1573 mo
585 1516 663 1572 ad
695 1517 939 1583 Mosem,
965 1532 1085 1571 non
1107 1516 1165 1570 in
1186 1531 1285 1571 eos
1316 1514 1512 1570 solum
1535 1530 1788 1586 quorum
1813 1519 2117 1585 peccatum

465 1606 797 1663 secundum
848 1605 1060 1661 Adarni
1115 1603 1568 1661 similitudinem
1617 1607 1758 1668 erat,
1808 1618 2009 1657 verum
2055 1600 2116 1657 in

464 1712 564 1752 eos
589 1710 831 1768 quoque
858 1694 958 1765 qui
981 1694 1112 1764 ejus
1135 1693 1410 1765 exemplo
1435 1695 1853 1765 peccaverunt.
1881 1690 2048 1756 Quod
2069 1690 2117 1745 si

3468 443 3518 496 ἐκ
3564 449 3655 520 γὰρ
3705 457 3793 499 τὼν

2239 538 2644 608 προειρημένων,
2707 531 3057 606 εύφωροτατον
3107 535 3219 603 ἔχει
3266 537 3355 590 τὴν
3403 529 3656 606 διάκρισιν
3702 539 3794 588 οἷον

2222 623 2263 674 εἰ
2310 627 2555 695 τρόπαιον
2600 623 2624 673 6
2680 626 2920 696 σταυρὸς,
2986 627 3070 682 τίς
3121 623 3146 672 6
3194 627 3394 683 στήσας
3431 626 3486 674 τὸ
3530 628 3792 695 τρόπαιον;

2223 711 2264 763 εἰ
2307 715 2396 784 μὲν
2448 713 2472 762 6
2532 715 2773 775 νικήσας,
2827 716 2878 762 τί
2923 713 3090 782 μάτην
3150 714 3208 762 τὸ
3259 707 3521 762 Ἰουδαίων
3571 714 3696 774 ἔθνος
3734 715 3795 775 εἰς

2219 805 2624 872 χριστοκτονίαν
2687 796 3058 864 διαϐάλλεται;
3127 800 3168 852 εἰ
3215 796 3264 852 δ’
3313 801 3460 853 αὐτοὶ
3509 809 3674 853 τοῦτον
3722 805 3792 855 επ-

2223 889 2410 951 ήξαντο
2445 910 2456 922 ο
2491 884 2614 940 ούδέ
2643 891 2742 963 γὰρ
2781 888 3254 961 ἀμφισϐητησιμον
3281 896 3430 941 τούτο
3473 907 3483 918 ·
3514 899 3615 952 πῶς
3637 892 3661 942 6
3685 899 3794 965 Χρι-

2226 981 2348 1038 στὸς
2395 981 2526 1030 κατὰ
2577 984 2668 1028 τού
2723 973 2976 1028 διαϐόλου
3035 981 3280 1051 τρόπαιόν
3331 985 3522 1036 στῆσαι
3574 977 3791 1048 λέγεταις

2221 1066 2490 1127 Ὡσαύτως
2541 1062 2599 1117 δὲ
2646 1069 2727 1116 καὶ
2769 1069 2810 1118 εἷ
2862 1085 2939 1126 τις
2981 1065 3148 1118 λαϐὼν
3194 1075 3266 1136 τῷ
3296 1066 3427 1138 λόγῳ
3468 1070 3529 1118 τὰ
3566 1076 3650 1119 τού
3680 1066 3795 1138 ᾅδου

2225 1155 2516 1228 βασιλείας,
2571 1150 2810 1211 δηλονότι
2859 1158 2944 1206 τὸν
2999 1153 3223 1227 βασιλέα
3263 1157 3615 1226 συνεπάγεται.
3667 1161 3797 1228 Λέγει

2226 1241 2285 1296 δέ
2316 1264 2413 1296 που
2464 1248 2552 1294 καὶ
2599 1244 2793 1304 Ηαυλος
2841 1245 2992 1306 ὁτῆς
3041 1243 3284 1306 ἀληθείας
3321 1245 3508 1318 κῆρυξ,
3556 1248 3619 1306 ὡς
3646 1244 3798 1298 ἐϐασίο

2222 1333 2396 1385 λευσεν
2451 1335 2474 1384 6
2545 1335 2757 1394 θανάτος
2816 1334 2917 1384 άπὸ
2975 1329 3149 1405 Ἀδάμ
3206 1339 3372 1407 μέχρι
3425 1338 3688 1401 Μωύσέως,
3747 1336 3797 1388 ού

2229 1429 2382 1494 μόνον
2410 1423 2476 1472 ὧν
2512 1418 2571 1479 ἦν
2617 1429 2669 1473 τὸ
2703 1421 2988 1496 ἁμάρτημα
3035 1423 3152 1474 καθ’
3184 1424 3469 1494 ὁμοιότητα
3510 1431 3593 1474 τοῦ
3626 1420 3794 1496 Ἄδαμ,

2225 1511 2350 1563 ἀλλὰ
2402 1516 2490 1564 καὶ
2547 1510 2628 1563 ἐπὶ
2673 1513 2792 1573 τοὺς
2837 1513 2948 1562 κατ’
3009 1511 3206 1568 ἐκείνην
3252 1517 3346 1569 τὴν
3395 1516 3614 1584 μίμησιν
3651 1512 3796 1587 ἁμαρ-

2225 1606 2482 1660 τήσαντας
2531 1618 2541 1629 ·
2579 1600 2620 1652 εἰ
2666 1597 2724 1652 δὲ
2766 1598 3030 1672 βασιλεὺς,
3089 1609 3158 1670 τῷ
3212 1596 3270 1652 δε
3323 1599 3533 1672 βασιλεί
3571 1605 3708 1673 νόμος
3754 1621 3798 1653 τε

2225 1695 2281 1742 τὸ
2334 1689 2537 1761 ἀξίωμα
2589 1696 2677 1741 καὶ
2723 1691 2750 1747 ἡ
2810 1700 2907 1740 των
2953 1691 3194 1747 ὑπηκόων
3247 1689 3593 1763 ἐγχειρίζεται
3627 1690 3794 1762 ’ῥεῖ’οῇ

464 1801 561 1840 rex
600 1789 708 1846 est,
736 1783 860 1852 regi
900 1788 1100 1838 autem
1154 1781 1284 1852 lege
1323 1787 1379 1838 et
1410 1781 1783 1837 subditorum
1832 1780 2076 1853 suffragi

2227 1780 2264 1849 ᾧ
2302 1775 2360 1832 δε
2404 1787 2571 1831 ταῦτα
2602 1784 2851 1851 περίεστι,
2897 1787 3005 1839 πῶς
3057 1781 3116 1829 οἶν
3149 1782 3225 1838 εἰη
3257 1779 3410 1850 λόγον
3462 1783 3580 1850 ἕχον
3609 1788 3694 1840 τῆς
3731 1782 3797 1831 ὁτι

463 1871 721 1942 dignitas
778 1871 1278 1936 attribuitur;cui
1343 1872 1463 1926 htBC
1512 1870 1769 1940 dignitas
1837 1869 2113 1942 suppetit,

464 1960 772 2034 quomodo
795 1965 1268 2016 consentaneum
1283 1960 1372 2025 sit,
1407 1975 1542 2016 eum
1565 1959 1804 2016 honoris
1833 1957 1965 2015 loco
1983 1974 2118 2031 per-

466 2047 580 2120 peti
598 2049 739 2120 justi
768 2049 1030 2105 muneris
1056 2049 1500 2106 abdicationem
1527 2049 1554 2104 ?
1578 2051 1722 2104 Nam
1757 2053 2006 2119 utraque
2035 2046 2119 2104 lo-

465 2137 642 2203 cutio,
667 2137 983 2210 etquidem
1009 2153 1081 2193 ex
1111 2138 1324 2194 eodem
1351 2137 1602 2193 fortasse
1628 2135 1811 2203 fonte,
1844 2153 1969 2193 rem
2001 2143 2118 2192 stu.

464 2226 630 2284 diose
684 2227 1077 2300 pensantibus
1109 2236 1164 2282 et
1194 2227 1624 2284 dubitationem
1675 2226 2018 2299 suppeditat
2063 2231 2120 2282 et

466 2315 960 2388 explanationem.
992 2318 1294 2389 Prtecipue
1329 2333 1466 2372 vero
1510 2333 1582 2373 ex
1614 2322 1748 2374 ante
1775 2315 1949 2371 dictis
1982 2331 2120 2387 pro—

469 2420 549 2461 na
581 2406 888 2477 responsio
925 2409 1148 2461 manat.
1195 2406 1293 2460 Est
1333 2405 1493 2461 enim
1539 2405 1679 2460 satis
1719 2403 2116 2476 exploratum,

470 2493 673 2562 tropaai
712 2491 956 2548 nomine
986 2492 1092 2547 dici
1130 2508 1384 2558 crucem,
1420 2509 1455 2548 a
1480 2498 1702 2563 tropaao
1732 2490 1943 2547 bellico
1977 2507 2121 2546 voce

469 2579 757 2636 translata
793 2597 805 2633 :
848 2580 1137 2653 siquidem
1180 2581 1444 2637 Christus
1486 2581 1758 2652 praeclare
1791 2581 2019 2636 hostem
2064 2580 2119 2635 vi

469 2670 711 2740 propria
748 2670 1050 2740 superavit
1083 2685 1097 2735 ;
1130 2685 1246 2724 non
1292 2676 1490 2724 autem
1523 2676 1689 2741 quod
1717 2670 1841 2742 ipse
1881 2685 2121 2725 crucem

465 2755 872 2813 constituerit:
919 2757 1074 2814 hanc
1122 2759 1279 2814 enim
1329 2757 1620 2828 sacrilega
1672 2773 1816 2828 gens
1870 2757 2118 2824 defixit;

468 2862 664 2918 neque
694 2849 777 2902 uti
804 2852 1092 2919 tropaeum
1123 2847 1198 2904 de
1228 2848 1415 2913 hoste,
1445 2864 1650 2903 verum
1686 2854 1748 2904 ut
1785 2847 2122 2903 communis

471 2937 801 2992 Servatoris
820 2936 1198 3009 supplicium,
1216 2936 1332 2992 Sed
1352 2943 1546 2993 tamen
1565 2936 1661 2992 ille
1677 2937 1900 2993 malitia
1912 2953 2120 2992 eorum

471 3025 533 3080 in
563 3025 870 3082 victoriam
909 3025 984 3082 de
1020 3025 1194 3083 hoste
1227 3041 1419 3092 versa,
1454 3041 1648 3092 cruce,
1685 3031 1972 3098 tanquam
2009 3031 2120 3083 tro-
2171 3082 2177 3094 ,

466 3130 594 3186 ι)ωο
640 3131 785 3170 usus
829 3121 937 3171 est.
986 3118 1186 3189 Neque
1225 3115 1406 3186 igitur
1453 3115 1796 3172 Iudaeorum
1842 3114 2120 3187 impietas

467 3212 757 3276 tropaeum
789 3205 1008 3269 statuit,
1043 3221 1236 3278 neque
1262 3222 1470 3261 rursus
1501 3206 1777 3261 Servator
1810 3204 2118 3261 hominum

464 3309 701 3348 crucem
732 3293 843 3348 sibi
881 3294 1124 3350 deﬁxit:
1154 3295 1255 3350 sed
1287 3294 1452 3367 quod
1489 3294 1569 3350 illi
1616 3294 1850 3365 lignum
1901 3295 1978 3350 ad
2013 3297 2117 3352 Do-

467 3380 613 3436 mini
633 3381 994 3454 supplicium
1019 3383 1369 3449 deﬁxerant,
1399 3382 1494 3438 hic
1522 3384 1596 3438 ad
1620 3381 1867 3439 salutem
1893 3390 2118 3440 natura:

468 3475 687 3526 nostrae
727 3471 934 3543 tropaei
965 3471 1160 3528 forma
1199 3472 1460 3528 donavit.
1497 3476 1640 3528 item
1682 3473 2000 3529 inferorum
2032 3490 2118 3528 rc-

469 3575 654 3630 gnum
677 3559 910 3630 dicitur,
944 3560 1261 3632 reginaque
1291 3577 1446 3618 mors
1479 3577 1493 3627 ;
1524 3576 1644 3616 non
1671 3561 1834 3633 quod
1866 3561 2118 3619 decretis

469 3647 871 3721 suffragioque
899 3648 1263 3706 subditorum
1295 3650 1669 3707 dominatum
1710 3651 1770 3706 in
1801 3665 1903 3706 eos
1933 3651 2117 3723 impe-

466 3737 736 3808 traverit;
765 3737 890 3793 haec
933 3738 1094 3795 enim
1133 3739 1290 3808 regis
1339 3738 1635 3795 vocabulo
1673 3737 1908 3811 praprie
1959 3739 2116 3798 dicto

465 3826 828 3882 conveniunt
855 3845 875 3892 ;
906 3826 1006 3883 sed
1036 3827 1182 3899 quia
1212 3843 1398 3899 quam
1429 3844 1532 3884 rex
1563 3834 1829 3884 terrenus
1864 3827 2116 3887 liberam

465 3919 816 3986 potestatem
847 3916 909 3970 in
939 3915 1210 3972 subditos
1272 3932 1417 3972 suos
1457 3922 1706 3988 exercet,
1749 3917 1961 3974 eadem
2001 3918 2116 3976 sibi

466 4019 625 4060 mors
659 4004 880 4078 peccati
909 4021 1094 4062 causa
1125 4005 1446 4062 vindicavit
1480 4022 1493 4061 :
1528 4011 1708 4080 atque
1740 4007 1818 4063 ob
1849 4006 1912 4063 id
1941 4013 1998 4064 et
2025 4023 2114 4064 re-

465 4093 606 4164 gina
635 4109 798 4150 mors
824 4099 880 4150 et
918 4093 1247 4150 inferorum
1278 4111 1529 4164 regnum
1578 4095 1878 4153 translatis
1917 4096 2116 4169 appel-

463 4181 785 4240 lationibus
814 4183 932 4240 dici
959 4188 1231 4256 possunt.
1260 4187 1324 4241 Et
1354 4200 1496 4240 sane
1527 4185 1736 4242 mortis
1767 4189 1892 4242 erat
1917 4185 1978 4240 in
2004 4202 2115 4242 nos

465 4277 600 4329 ante
631 4288 868 4329 crucem
918 4273 1184 4345 potentia
1228 4273 1468 4343 invicta,
1499 4274 1666 4330 omni
1716 4290 1822 4346 spe
1862 4289 2115 4332 resurre-

465 4361 676 4418 ctionis
699 4363 942 4435 praecisa
971 4367 1029 4419 et
1055 4362 1382 4420 exstincta:
1416 4377 1622 4419 verum
1644 4363 1948 4420 enimvero
1975 4379 2112 4420 cum

466 4450 772 4508 Dominica
798 4452 1002 4524 passio
1027 4451 1141 4510 vim
1162 4450 1317 4509 illius
1353 4451 1601 4510 omnino
1624 4451 1950 4518 abstulerit,
1985 4452 2114 4524 iure

466 4539 797 4612 meritoque
832 4540 1090 4598 dicimus
1120 4557 1376 4613 regnum
1407 4541 1537 4613 ejus
1567 4557 1696 4597 esse
1719 4540 2038 4614 direptum.

2226 1864 2446 1930 δικαίως
2503 1867 2763 1920 ἐϐασίλευε
2814 1876 2987 1940 τιμῆς,
3044 1867 3158 1921 ἀντὶ
3216 1876 3308 1920 τοῦ
3365 1875 3515 1943 γέρας
3561 1868 3797 1941 προσλαμ-

2225 1957 2412 2023 ϐάνειν,
2459 1959 2672 2029 ὑπέχειν
2712 1963 2805 2014 τὴν
2848 1961 3136 2029 στέρησινς
3183 1962 3273 2010 καὶ
3316 1961 3416 2032 γὰρ
3467 1957 3688 2031 ἑκάτερον
3715 1966 3798 2008 τῶν

2226 2047 2520 2118 εἰρημένων,
2575 2049 2697 2106 ἴσως
2745 2049 2834 2117 μὲν
2889 2052 2977 2098 καὶ
3031 2047 3266 2113 αὐτόθεν,
3314 2053 3410 2105 τὴν
3459 2046 3666 2120 ἀπορίαν
3711 2055 3799 2106 τοῖς

2227 2135 2587 2210 ἀκριϐέστερον
2645 2135 2834 2207 ὁρῶσιν
2883 2131 3032 2186 οᾷὅὲν
3092 2136 3241 2192 ἧττον
3292 2140 3321 2194 ἦ
3378 2141 3469 2194 τὴν
3512 2135 3651 2189 λύσιν
3691 2156 3797 2206 προ-

2579 2224 2810 2295 μάλιστα
2857 2219 2914 2276 δε

2227 2224 2460 2277 ϐάλλεται
2515 2243 2525 2253 ·
2579 2224 2810 2295 μάλιστα
2857 2222 2914 2276 δε
2964 2222 3016 2274 ἐκ
3061 2233 3160 2276 των
3204 2230 3597 2299 προειρημένων,
3634 2222 3799 2299 ρᾳδίαν

2227 2315 2434 2367 ἕλκουσι
2473 2317 2564 2371 τὴν
2615 2312 2904 2371 ἀπάντησιν
2960 2330 2972 2343 ⁸
3018 2319 3106 2366 καὶ
3148 2318 3246 2385 γάρ
3296 2311 3542 2372 ἐπίδηλον
3584 2321 3798 2388 τρόπαιον

2227 2408 2315 2476 μεν
2362 2402 2605 2474 λέγεσθαι
2647 2405 2732 2454 τὸν
2766 2405 3011 2476 σταυρὸν,
3067 2401 3166 2454 ἀπὸ
3216 2411 3306 2455 τοῦ
3352 2407 3491 2456 κατὰ
3534 2407 3641 2464 τοὺς
3679 2403 3798 2456 πολέ-

2227 2512 2358 2564 μους
2418 2496 2668 2559 τροπαίου
2718 2500 2811 2552 τῆς
2875 2501 3044 2563 φωνῆς
3109 2495 3512 2565 μετενεχθείσης
3569 2513 3580 2525 ·
3636 2494 3712 2546 ἐπί
3749 2513 3797 2564 γε

2228 2581 2475 2654 λαμπρῶς
2522 2579 2745 2633 καθεῖλεν
2795 2582 2820 2632 6
2854 2585 3080 2655 Χριστὸς
3129 2577 3206 2633 δι’
3255 2581 3415 2634 αύτου
3468 2586 3550 2635 τὸν
3589 2582 3794 2657 ἐχθρόν·

2228 2671 2285 2723 ού
2324 2667 2464 2722 διότι
2514 2667 2570 2722 δε
2628 2673 2712 2721 τὸν
2763 2674 2985 2743 σταυρὸν
3035 2674 3251 2728 ἔστησεν
3309 2688 3322 2700 ’
3367 2668 3494 2725 ούδε
3535 2676 3628 2745 γάρ
3666 2672 3798 2730 αὐτὸς

2228 2763 2464 2827 ἔστησεν,
2508 2757 2733 2820 ἐπήξατο
2763 2762 2853 2830 μεν
2906 2761 3006 2832 γὰρ
3048 2759 3202 2812 αὑτὸν
3252 2764 3311 2812 τὸ
3363 2763 3620 2833 θεομάχον
3660 2763 3794 2824 ἔθνος,

2227 2852 2332 2920 οὐχ
2381 2851 2449 2908 ως
2502 2852 2747 2921 τρόπαιον
2802 2844 2858 2900 δὲ
2891 2851 3026 2900 κατά
3071 2868 3158 2900 του
3207 2847 3428 2923 ἐχθροῦ,
3471 2848 3574 2900 ἀλλ’
3620 2853 3680 2912 ὡς
3721 2869 3797 2902 τω

2227 2947 2400 2988 κοινον
2448 2945 2681 3011 Σωτῆρος
2727 2936 3070 3012 κολαστήριον
3108 2957 3118 2968 ·
3163 2939 3188 2988 6
3233 2934 3290 2990 δε
3349 2943 3446 2997 τὴν
3495 2941 3682 2992 ἐκείνων
3723 2959 3799 2991 κει·

2228 3031 2475 3098 κουργίαν
2521 3025 2590 3087 εἰς
2631 3031 2721 3084 τὴν
2767 3029 2903 3078 κατα
2932 3035 3022 3078 τοῦ
3052 3025 3247 3100 ἐχθρού
3278 3032 3430 3084 νίκην
3462 3026 3796 3101 ἀντιστρέψας,

2229 3116 2313 3166 οἶα
2340 3111 2405 3172 δὴ
2456 3120 2687 3187 τροπαίῳ
2718 3125 2788 3185 τῲ
2823 3125 3031 3187 σταυρῷ
3069 3123 3484 3190 προσεχρήσατο
3518 3135 3528 3145 '
3563 3117 3670 3170 οὖτι
3695 3124 3798 3187 γονν

2229 3209 2285 3256 τὸ
2331 3215 2427 3256 τῶν
2472 3202 2738 3258 Ἰουδαίων
2791 3208 2916 3276 άγος
2966 3210 3022 3258 τὸ
3069 3211 3313 3278 τρόπαιον
3353 3209 3594 3276 ἔστησεν,
3624 3207 3676 3260 ού
3714 3211 3799 3279 μὴν

2229 3293 2336 3345 ἀλλ’
2381 3290 2494 3347 οὐδ’
2527 3296 2552 3346 6
2585 3299 2760 3367 Σωτὴρ
2793 3304 2883 3346 τοῦ
2913 3300 3090 3366 γένους
3121 3295 3286 3366 ἑαυτῷ
3334 3300 3423 3349 τὸν
3458 3300 3672 3372 σταυρὸν
3702 3315 3800 3348 ow-

2229 3384 2472 3455 επὴξατο,
2527 3383 2628 3436 ἀλλ’
2675 3384 2874 3437 ἐκείνων
2926 3384 3008 3437 ἰπὶ
3041 3387 3250 3438 κολάσει
3302 3394 3397 3438 τού
3427 3391 3681 3440 Δεσποτον
3718 3404 3799 3443 πη·

2229 3472 2474 3546 ξαμένων,
2533 3474 2684 3534 αὐτὸς
2742 3473 2826 3527 ἐπὶ
2881 3479 3112 3547 σωτηρίᾳ
3171 3482 3268 3538 τῆς
3325 3476 3578 3549 ἡμετέρας
3629 3479 3801 3548 φύσεως

2228 3562 2297 3622 εἰς
2354 3567 2598 3635 τρόπαιον
2646 3562 2956 3635 μετετάξατο
3013 3581 3026 3595 ο
3077 3568 3166 3616 καὶ
3214 3559 3348 3634 ᾆδον
3383 3561 3444 3618 δε
3484 3563 3716 3638 βασίλεια
3738 3563 3800 3616 λέ·

2225 3670 2391 3723 γεται,
2425 3657 2514 3703 καὶ
2564 3650 2810 3724 βασιλεὺς
2847 3653 2873 3704 6
2917 3654 3153 3717 Θάνατος,
3209 3653 3313 3725 οὐχ
3364 3656 3447 3706 ὃτι
3489 3657 3685 3725 θεσμοῖς
3726 3658 3799 3704 καὶ

2223 3746 2403 3813 γνωμῃ
2447 3749 2544 3792 τῶν
2599 3739 2902 3814 ἀρχομένων
2946 3746 3040 3799 τὴν
3095 3741 3209 3794 κατ’
3265 3742 3435 3795 αὐτῶν
3485 3745 3612 3816 ἔσχε
3653 3744 3800 3815 κνριὸ·

2225 3846 2379 3895 τητα,
2439 3838 2605 3882 ταυτα
2650 3834 2750 3904 γὰρ
2809 3838 2880 3902 τῷ
2936 3835 3127 3906 κυρίως
3169 3837 3532 3905 σημαινομένῳ
3587 3829 3674 3885 διὰ
3721 3838 3800 3890 τῆς

2224 3926 2317 3970 τοῦ
2348 3916 2603 3990 βασιλέως
2655 3927 2823 3991 φωνῆς
2878 3922 3072 3985 ἕπεται,
3107 3919 3212 3973 ἀλλ’
3253 3919 3538 3997 ἐπειδήπερ
3595 3931 3686 3973 τῶν
3732 3918 3801 3970 ἐπὶ

2223 4017 2319 4079 γῆς
2376 4009 2402 4060 6
2455 4006 2746 4080 βασιλεύων
2804 4012 2862 4061 τὸ
2921 4011 3105 4079 κράτος
3162 4007 3457 4064 ἀδέσποτον
3515 4016 3645 4086 φέρει
3691 4010 3803 4061 κατὰ

2225 4104 2323 4148 τῶν
2365 4097 2464 4148 ύπὸ
2503 4105 2664 4172 χεῖρα
2691 4117 2702 4129 ’
2747 4105 2898 4150 τούτο
2931 4095 2989 4151 δὲ
3019 4100 3045 4150 6
3086 4101 3301 4172 θάνατος
3334 4097 3430 4152 διὰ
3456 4111 3550 4163 τῆς
3585 4097 3801 4174 παραϐά-

2227 4204 2355 4247 σεως
2384 4189 2614 4259 ἣρπασεν
2666 4203 2677 4216 ·
2712 4189 2874 4259 ταύτῃ
2909 4183 2968 4239 δε
3011 4193 3099 4240 καὶ
3149 4186 3394 4260 βασιλεὺς
3442 4187 3592 4258 εἶναι,
3645 4187 3805 4240 καιτὰ

2225 4278 2409 4327 τούτου
2462 4274 2709 4348 βασίλεια
2758 4275 3000 4348 λέγεσθαι
3047 4279 3406 4350 μεταθεμένοις
3435 4283 3495 4331 τὸ
3543 4283 3694 4350 ὄνομα
3721 4273 3800 4328 δύο

2224 4383 2375 4416 ναται
2399 4383 2411 4396 ο
2449 4369 2538 4416 καὶ
2570 4361 2630 4423 ἦν
2668 4368 2758 4437 μὲν
2799 4365 2940 4436 αὐτῷ
2978 4369 3077 4440 πρὸ
3109 4375 3200 4420 τού
3243 4377 3473 4442 σταυροῦ
3513 4367 3626 4420 καθ’
3657 4369 3800 4438 ἡμῶν,

2225 4454 2438 4526 ἄμαχος
2467 4455 2496 4512 ἠ
2551 4457 2765 4512 τοιαύτη
2809 4452 2975 4528 ἀρχὴ,
3032 4461 3206 4509 πᾶσαν
3256 4456 3595 4518 ἀναστάσεως
3637 4449 3804 4508 ἐλπίδα

2224 4545 2612 4617 περικόπτουσά
2650 4562 2702 4596 τε
2754 4547 2844 4595 καὶ
2893 4554 3290 4618 νεκροποιούσα,
3341 4555 3433 4600 τοῦ
3485 4543 3543 4600 δέ
3583 4543 3802 4599 δεσποτι-

467 4636 559 4680 κοῦ
598 4632 793 4690 πάθους
839 4641 934 4692 τῆς
990 4631 1178 4704 ἰσχύος
1234 4631 1392 4685 αὐτὸν
1431 4631 1687 4692 παντελῶς
1732 4629 2064 4704 ἀφελομένου,
2123 4631 2328 4694 εἰκότως
2379 4637 2468 4685 καὶ
2525 4635 2660 4686 κατὰ
2698 4633 2851 4705 λόγον
2906 4636 3067 4706 φαμὶν
3123 4634 3467 4689 ἑσκυλεύσθαι
3521 4640 3586 4689 τὰ
3640 4638 3800 4688 τούτον

469 4715 734 4788 βασίλεια.

537 4808 622 4861 10.
669 4809 815 4876 Ergo
843 4805 997 4872 licet,
1047 4813 1109 4865 ut
1151 4809 1421 4878 arbitror,
1456 4809 1638 4867 alacri
1687 4810 1888 4867 animo
1933 4810 2116 4868 conﬁ-

465 4894 747 4968 dentique
773 4894 981 4966 lingua
1002 4895 1217 4965 dicere,
1238 4898 1633 4956 voluntariam
1655 4899 1835 4956 simul
1862 4904 1919 4955 et
1943 4899 2114 4958 invo-

465 4983 790 5040 luntariam
813 4984 963 5041 Patri
984 4986 1269 5043 accidisse
1291 4987 1418 5043 Filii
1443 5004 1651 5045 necem
1684 5007 1698 5044 :
1727 4994 1784 5046 et
1807 4987 1867 5045 id
1891 4993 2114 5045 utrum-

464 5088 582 5144 que
611 5071 686 5128 de
730 5073 900 5128 hoste
957 5089 1200 5146 quoque
1252 5074 1488 5133 diabolo
1540 5076 1902 5148 pronuntiari
1943 5093 2112 5150 posse

468 5160 758 5217 videmus.
776 5161 1038 5218 Dicimus
1054 5163 1298 5235 insuper
1314 5165 1476 5222 cruci
1495 5165 1786 5222 Christum
1809 5183 1917 5238 pro
1940 5165 2114 5222 nobis

466 5250 859 5323 subjacuisse,
877 5267 1175 5324 suumque
1193 5254 1545 5322 sanguinem
1567 5254 1893 5311 clementim
1912 5255 2114 5312 instin-

466 5345 561 5395 ctu
593 5339 926 5413 profudisse
960 5357 972 5396 :
1007 5357 1197 5412 neque
1238 5347 1436 5398 tamen
1468 5344 1748 5415 cuiquam
1776 5344 2061 5401 obtulisse
2097 5369 2108 5400 :

466 5445 585 5485 non
603 5430 760 5486 enim
780 5430 828 5486 ei
852 5430 1224 5504 propositum
1238 5436 1364 5488 erat
1385 5432 1740 5502 sanguinem
1758 5433 1991 5503 offerre,
2009 5434 2113 5490 sed

466 5519 748 5593 passione
775 5536 884 5576 sua
909 5519 1070 5592 quod
1096 5521 1350 5592 perierat
1369 5537 1747 5579 conservare.
1785 5525 1909 5580 Non
1938 5523 2113 5595 igitur

535 5702 582 5735 ³⁵
626 5702 790 5758 Rom.
825 5716 880 5766 v,
906 5701 993 5757 14.

2299 4810 2353 4863 ι’.
2412 4810 2646 4864 ’Ἐνεστιν
2699 4807 2811 4880 οὖν,
2860 4809 3029 4885 οἶμαι,
3085 4818 3258 4886 γνωμῃ
3308 4831 3362 4866 τε
3413 4817 3677 4888 χαιρούσῃ
3725 4815 3801 4862 καὶ

2224 4897 2686 4974 παρρησιαζομένῃ
2745 4899 2959 4973 γλώσσῃ
3039 4900 3222 4973 λέγειν,
3294 4904 3432 4963 ὅπως
3488 4922 3540 4956 τε
3617 4901 3800 4957 θελοι-ον

2224 4986 2334 5040 ἔστι
2366 4994 2453 5041 καὶ
2510 4987 2753 5046 αθελητον
2784 4991 2809 5041 6
2843 4991 3058 5051 θάνατος
3088 4999 3179 5043 τον
3209 4993 3332 5044 Υίοῦ
3378 5000 3448 5062 τῷ
3481 4996 3647 5065 Πατρί
3683 5007 3694 5020 ⁸
3727 4994 3803 5041 καὶ

2223 5080 2356 5138 ὅπως
2399 5077 2632 5154 ἑκάτερον
2679 5078 2846 5132 αὐτῶν
2901 5084 3018 5153 περὶ
3067 5083 3152 5132 τὸν
3182 5080 3422 5154 πολέμιον
3459 5083 3642 5156 ὁρᾶται
3682 5080 3803 5150 λεγο-

2223 5186 2369 5239 μενον
2403 5184 2414 5196 ’
2447 5172 2536 5220 καὶ
2567 5170 2632 5229 ως
2682 5171 2772 5241 μὲν
2825 5169 2950 5241 ύπερ
2982 5170 3128 5242 ἡμῶν
3180 5174 3404 5242 σταυρὸν
3455 5172 3674 5239 ὑπέστη,
3727 5172 3804 5220 καὶ

2225 5261 2281 5308 τὸ
2341 5257 2526 5308 οἰκεῖον
2580 5259 2605 5308 6
2665 5257 3022 5330 φιλάνθρωπος
3091 5259 3223 5330 αἷμα
3275 5258 3488 5331 ἐξέχεεν,
3551 5261 3608 5312 ού
3661 5275 3802 5332 προσ·

2226 5350 2405 5416 ἡνεγκε
2443 5342 2499 5397 δὲ
2531 5352 2680 5397 τοῦτο
2735 5366 2833 5397 τινι
2863 5366 2874 5377 ·
2911 5347 2969 5399 ού
3017 5349 3118 5420 γὰρ
3163 5348 3303 5419 αὐτῷ
3351 5353 3544 5410 σκοπὸς
3575 5346 3634 5406 ἦν
3663 5365 3806 5421 προσ-

2225 5442 2463 5506 ενεγκεῖν,
2531 5434 2636 5485 ἀλλ’
2695 5435 2744 5486 ἐν
2800 5445 2871 5506 τῷ
2920 5438 3072 5488 πάθει
3130 5441 3186 5488 τὸ
3240 5436 3493 5498 ἀπολωλὸς
3543 5438 3800 5490 ἀνασωσασ

2227 5526 2348 5576 σθαι
2393 5541 2404 5553 ’
2437 5524 2495 5576 ού
2545 5532 2892 5600 προσήνεγκεν
2941 5522 3047 5596 οὖν,
3099 5525 3141 5578 εἰ
3178 5534 3248 5599 μή
3279 5547 3376 5580 τινι
3430 5531 3561 5580 κατά
3599 5545 3801 5601 μεταφο-
