4126 6190
476 211 570 279 194
1701 213 1938 282 PHOTII
1976 214 2453 281 PATRIARCHAS
2494 223 2600 282 CP.

3743 223 3850 280 192

474 347 908 405 incrementum
940 349 1234 422 accipiant
1264 367 1275 406 :
1308 366 1444 423 quae
1463 354 1660 408 autem
1694 351 2121 407 sublimitatem

2241 350 2376 421 (40.)
2424 349 2695 424 ἀιαετρὴτῳ
2725 349 2859 420 λόγῳ
2903 352 2996 406 τὴν
3039 349 3308 420 ὑπεροχὴν
3337 350 3468 420 πρὸς
3505 349 3671 400 πάντα
3701 354 3846 421 φέρε-

473 437 530 492 in
564 454 837 494 sermone
863 440 1041 494 etiam
1074 439 1349 496 inornato
1376 441 1640 513 undique
1666 441 1969 506 exhibent,
1996 441 2126 512 ipsa

472 541 709 597 quoque
743 543 844 598 per
871 545 934 582 se
965 528 1365 596 granditatem
1394 529 1719 600 quamdam
1756 531 2123 600 superiorem

473 615 787 684 praeferant
819 632 831 678 ;
873 619 1074 682 modo,
1107 618 1210 690 qui
1235 619 1368 690 ipsa
1387 617 1626 690 profert,
1660 617 1975 674 ineffabilis
2000 635 2121 674 ma-

473 703 798 771 gnitudinis
827 705 1174 774 dignitatem
1207 722 1323 762 non
1355 706 1668 774 deprimat.
1699 707 2125 762 Verumtamen

473 794 765 848 sermonis
804 794 1089 864 particula
1123 795 1181 850 in
1225 795 1659 865 Archangelum
1704 797 1903 868 potius
1927 796 2127 868 subje-

473 885 624 935 ctum
680 886 1024 937 contextum
1065 883 1354 938 transfert.
1407 887 1603 955 Neque
1644 883 1974 940 absurdum
2034 883 2128 938 vi-

473 969 598 1025 deri
624 969 803 1026 debet
831 987 1060 1035 eorum,
1112 987 1239 1043 qua:
1277 971 1463 1027 oculis
1517 972 1609 1026 vel
1652 972 1897 1028 auribus
1941 973 2124 1043 subji-

472 1057 802 1126 ciebantur,
834 1064 1042 1114 testem
1065 1061 1265 1114 vocari
1294 1061 1650 1132 prophetam
1685 1077 1698 1127 ;
1731 1061 1875 1133 quia
1895 1077 2002 1134 per
2020 1077 2126 1116 no-

475 1147 659 1212 mina,
710 1165 845 1219 qua:
886 1154 1098 1203 natura
1158 1152 1217 1202 et
1272 1148 1483 1204 notitia
1539 1149 1614 1204 ad
1675 1166 1786 1204 nos
1857 1150 2125 1214 attinent,

475 1241 678 1290 nostro
731 1235 959 1290 auditui
1015 1236 1166 1290 fides
1225 1235 1455 1293 facilius
1512 1237 1817 1306 ingeritur.
1851 1239 2128 1293 Caeterum

474 1339 668 1396 neque
694 1323 752 1378 in
780 1325 1068 1395 propheta
1098 1324 1245 1379 sistit
1265 1325 1656 1381 testimonium
1690 1325 1830 1390 ;sed
1861 1325 1934 1381 ab
1959 1342 2030 1381 eo
2047 1327 2123 1381 ad

475 1411 866 1468 universalem
897 1429 1084 1486 usque
1119 1414 1420 1469 Dominum
1444 1413 1592 1469 illud
1617 1414 1861 1484 redigit:
1895 1415 2124 1471 Etenim

478 1523 502 1550 «
547 1503 710 1566 Quod
746 1501 971 1556 dictum
1006 1509 1111 1567 est,
1144 1502 1358 1574 inquit,
1389 1519 1425 1559 a
1457 1503 1714 1559 Domino
1739 1519 1846 1573 per
1872 1502 2124 1574 pr0phe-

473 1595 617 1646 tam.
644 1610 674 1641 ›)

855 1681 1180 1745 ΟυλΕετιο
1214 1682 1390 1736 xxvr.
1430 1679 1536 1752 [αι.
1569 1681 1742 1751 XXV].

473 1787 594 1843 Cur
611 1793 788 1844 natus
821 1787 1091 1843 Christus
1115 1788 1448 1856 permiserit
1475 1791 1569 1842 sui
1589 1803 1769 1845 causa
1790 1788 2118 1858 infantium

1043 1859 1256 1915 caedem
1288 1860 1520 1916 evenire
1537 1864 1563 1912 γ

2236 459 2344 507 ται,
2392 445 2478 492 xui
2519 442 2714 492 οἴκοθεν
2749 437 3128 511 προϐάλλεσθαι
3174 445 3264 489 τοῦ
3305 439 3553 508 μεγέθους
3580 441 3634 490 τό
3678 440 3849 509 ἀσύγ-

2235 549 2430 603 κριτον,
2464 533 2506 581 εἶ
2537 549 2617 588 τις
2665 527 2723 580 ἂν
2755 530 2780 580 ό
2833 528 2946 598 (41)
2975 527 3131 598 λέγων
3162 532 3280 600 περὶ
3322 526 3490 578 αὐτῶν
3522 530 3621 591 εἴη,
3655 527 3714 579 οὗ
3755 547 3846 578 κα-

2234 610 2506 679 ταϐιξάζει
2557 627 2649 680 τῆς
2689 617 3041 691 ἀνεκφράστου
3083 616 3474 688 μεγαλειότητος
3514 620 3571 668 τὸ
3622 615 3843 687 ἀξίωμα.

2238 708 2371 766 Πλὴν
2429 726 2487 778 γε
2543 712 2632 760 καὶ
2671 709 2700 766 ἡ
2755 705 3090 780 προλαϐοῦσα
3135 713 3226 757 τοῦ
3273 705 3430 775 λόγου
3484 711 3741 779 περικοπή
3779 705 3849 764 εἰς

2238 800 2322 848 τόν
2379 795 2735 869 Ἀρχάγγελον
2793 793 3030 868 ἀναφέρει
3062 794 3173 865 (42)
3214 793 3403 865 μᾶλλον
3457 799 3546 845 καὶ
3605 798 3699 850 τὴν
3757 792 3846 845 ιξτι·⁹

2239 887 2536 956 ενεχθείσαν
2595 889 2883 937 συνέπειαν.
2953 888 3050 936 Καὶ
3115 879 3266 934 οὐδὲν
3331 881 3537 941 ἀπεικὸς
3600 884 3846 956 μάρτυρα

2237 974 2407 1026 καλεῖν
2459 982 2555 1025 τῶν
2595 974 2859 1046 ὁρωμένων
2914 991 2986 1034 τε,
3028 976 3113 1022 καὶ
3168 971 3448 1043 λεγομένων
3505 975 3589 1023 τὸν
3641 977 3844 1042 προφὴο

2237 1081 2366 1120 την’
2404 1060 2497 1114 διὰ
2538 1065 2638 1136 γὰρ
2690 1071 2786 1112 τῶν
2845 1065 3140 1135 συντρόφων
3197 1061 3458 1132 ὀνομάτων
3507 1059 3718 1131 μᾶλλον,
3755 1069 3846 1110 καί

2235 1156 2627 1222 γινωσκομένων
2707 1159 2767 1222 τῇ
2853 1159 2951 1201 τῶν
3028 1148 3308 1220 ἀνθρώπων
3408 1148 3533 1220 ἀκοῇ
3615 1152 3671 1199 τό
3751 1156 3847 1208 τῆς

2236 1246 2462 1302 πίστεως
2516 1236 2832 1291 ἀδίστακτον
2886 1244 3243 1311 παραγίνεται.
3287 1237 3480 1298 ’Ἄλλως
3527 1257 3578 1289 τε
3617 1234 3676 1289 δὲ
3720 1234 3846 1289 οὐδὲ

2236 1333 2397 1400 μέχρι
2449 1337 2540 1381 τοῦ
2587 1334 2854 1402 προφήτου
2910 1330 3166 1398 προσάγει
3204 1332 3295 1384 τὴν
3344 1332 3635 1400 μαρτυρίαν
3667 1345 3677 1355 ·
3735 1325 3844 1376 ἀλλ’

2234 1417 2420 1470 ἐκεῖθεν
2472 1418 2543 1479 εἰς
2599 1424 2684 1468 τόν
2738 1420 2904 1468 κοινόν
2961 1421 3224 1473 Δεσπότην
3276 1418 3470 1473 ταύτην
3499 1416 3677 1487 ἀνάγει
3723 1433 3734 1443 ·
3770 1419 3842 1466 Τό

2230 1507 2384 1580 ῥηθὲν
2421 1510 2545 1580 γὰρ,
2592 1511 2740 1578 φησὶ,
2789 1507 2888 1556 ὑπὸ
2937 1513 3028 1557 τοῦ
3087 1509 3279 1578 Κυρίου
3342 1501 3435 1556 διὰ
3488 1513 3579 1556 τοῦ
3629 1508 3833 1577 προφή-

2231 1613 2343 1647 του.
2376 1618 2394 1643 ι

2802 1688 3113 1735 ararum:
3154 1673 3275 1747 κζ’

3499 1791 3844 1861 συνεχώρησε

2229 1791 2377 1873 Τίνρς
2482 1791 2624 1842 ἕνεκα
2708 1791 2962 1873 γεννηθεὶς
3059 1790 3084 1839 ό
3173 1791 3403 1872 Χριστός

3575 1878 3674 1910 των
3750 1877 3846 1915 νη-

2304 1857 2381 1911 dt’
2455 1861 2609 1912 αὑτὸν
2697 1857 2790 1918 τὴν
2873 1859 3139 1932 ἀναίρεσιν
3219 1857 3482 1932 προελθεῖν

2301 1936 2434 1983 πίων
2455 1947 2467 1996 ;

1665 2027 1817 2076 Edita
1849 2027 1916 2078 ab
1949 2029 2071 2076 Ant.
2110 2027 2307 2084 Scotto,
2341 2029 2375 2076 l.
2412 2043 2480 2087 c.,
2518 2043 2570 2092 p.
2608 2030 2653 2077 7.

548 2119 668 2172 Tua
707 2116 950 2188 quidem
991 2116 1239 2188 quaestio
1269 2116 1520 2187 pulchra
1551 2121 1658 2184 est,
1687 2122 1864 2188 atque
1895 2132 1932 2172 a
1965 2132 2126 2172 com-

475 2206 854 2261 miseratione
886 2205 1068 2260 oritur
1101 2222 1114 2270 ;
1148 2221 1255 2261 nec
1295 2205 1496 2278 aliqua
1521 2222 1588 2261 ex
1615 2205 1832 2261 infimis
1871 2205 2122 2271 videtur,

472 2294 573 2350 sed
597 2295 942 2364 jucundius,
977 2295 1247 2359 arbitror,
1278 2295 1504 2350 caeteris
1540 2295 1930 2350 solutionibus
1970 2295 2124 2350 obti-

471 2389 570 2438 net
600 2383 906 2452 judicium.
957 2383 1197 2438 Herodis
1243 2385 1655 2438 crudelitatem
1701 2383 1986 2439 omnibus
2027 2400 2125 2437 co-

471 2472 697 2540 gnitam
729 2477 905 2544 atque
926 2478 1296 2542 compertam
1323 2472 1449 2527 fieri
1471 2471 1805 2544 oportebat.
1837 2473 2044 2543 Itaque
2076 2473 2122 2527 si

471 2559 671 2629 ipsam
709 2560 954 2631 quidem
989 2561 1049 2614 in
1095 2577 1216 2626 eos,
1242 2562 1343 2631 qui
1376 2561 1449 2615 ad
1488 2561 1711 2615 virilem
1743 2568 2125 2632 pervenerant

469 2653 724 2714 aetatem,
776 2647 1150 2713 ostendisset,
1207 2649 1351 2703 nihil
1391 2649 1756 2720 prohibebat,
1797 2649 2124 2720 quominus

471 2741 898 2792 assentatorum
943 2742 997 2792 et
1045 2739 1441 2808 parasitorum
1489 2739 1651 2792 natio
1711 2739 2123 2793 excusationes

470 2825 701 2896 aliquas
719 2825 1289 2890 comminisceretur,
1306 2826 1520 2897 quibus
1537 2825 1886 2896 hujusmodi
1914 2825 2122 2897 piaculi

469 2914 905 2970 immanitatem
961 2919 1394 2982 extenuarent;
1451 2921 1630 2985 atque
1689 2915 2124 2986 praetenderent

470 3003 817 3059 criminibus
841 3003 1134 3059 obnoxios
1166 3004 1364 3073 fuisse,
1394 3020 1546 3075 quos
1575 3004 1702 3075 ipse
1733 3003 2118 3068 interfecerat,

471 3109 579 3148 nec
617 3092 886 3148 decuisse
922 3107 1124 3161 regem
1173 3092 1362 3148 inulta
1392 3093 1724 3164 relinquere
1772 3092 2015 3161 flagitia.
2061 3097 2121 3147 In

469 3182 666 3254 pueris
696 3187 896 3237 autem
937 3180 1253 3253 quidpiam
1283 3181 1629 3252 hujusmodi
1681 3198 1790 3236 nec
1821 3181 2121 3251 cogitandi

470 3285 578 3325 nec
609 3269 875 3339 ﬁngendi
906 3270 1141 3340 copiam
1169 3269 1413 3325 habebit
1444 3270 1530 3324 vel
1563 3269 2122 3342 impudentissimus

467 3360 724 3431 quisque
746 3358 1040 3414 fabulator
1067 3377 1080 3410 :
1111 3359 1214 3414 sed
1234 3359 1398 3414 omni
1422 3375 1494 3414 ex
1512 3365 1672 3431 parte
1694 3365 1921 3429 aperta,
1943 3365 2122 3430 atque

469 3447 897 3503 inexcusabilis
924 3447 1254 3513 barbaries,
1285 3454 1342 3503 et
1371 3447 1759 3503 conscelerati
1783 3447 1991 3513 animi,
2017 3448 2124 3502 lin-

467 3551 620 3606 guae,
685 3550 1020 3606 manusque
1098 3535 1442 3591 incredibile
1513 3537 1743 3592 facinus
1803 3536 2124 3607 deprehen-

467 3625 650 3682 ditur.
1833 3626 1836 3629 ’

539 3717 946 3786 l‘rreterquam
972 3712 1137 3785 quod
1164 3727 1318 3784 opus
1346 3716 1489 3778 erat,
1517 3718 1579 3770 ut
1605 3713 1746 3769 novi
1783 3729 1849 3768 ac
1879 3714 2124 3769 inteme-

467 3803 574 3859 rati
607 3802 900 3866 sacriﬁcii,
937 3801 1224 3874 quodque
1245 3802 1434 3856 nostri
1452 3803 1678 3871 generis
1705 3802 1899 3857 scelus
1927 3804 2122 3874 expia-

465 3897 568 3956 ret,
599 3889 899 3962 primitise,
933 3891 1008 3945 ab
1037 3890 1203 3945 omni
1228 3889 1425 3960 culpa,
1459 3906 1591 3962 quae
1617 3890 1859 3962 propria
1891 3891 2122 3946 actione

470 3985 762 4052 patratur,
787 3979 867 4036 ita
886 3979 1096 4051 procul
1120 3979 1389 4046 fuissent,
1420 3987 1484 4034 ut
1502 3986 1558 4036 et
1575 3979 2116 4051 purissimaforent,

465 4077 522 4126 et
545 4085 843 4125 summum
873 4067 1231 4124 sacriﬁcium
1249 4084 1358 4123 sua
1380 4067 1679 4125 oblatione
1706 4085 1822 4125 non
1841 4071 2118 4140 deturpa-

464 4164 614 4216 rent.
645 4160 1014 4230 Quapropter
1043 4172 1074 4212 e
1107 4171 1169 4211 re
1217 4157 1416 4227 potius
1457 4163 1582 4213 erat
1630 4157 1949 4213 infantium
1977 4158 2118 4214 cho-

465 4265 621 4316 rum,
639 4263 826 4318 quam
850 4245 1164 4302 hominum
1183 4244 1478 4316 aliquibus
1503 4246 1686 4318 culpis
1700 4247 2118 4303 devinctorum

2310 2117 2473 2170 Καλόν
2519 2121 2630 2189 μὲν,
2682 2122 2771 2169 καὶ
2809 2118 3132 2190 συμπαθείας
3180 2119 3236 2168 τὸ
3288 2119 3376 2168 σόν
3417 2112 3748 2188 διαπόρημα,
3784 2115 3845 2167 οὗ

2233 2211 2483 2280 χειρόνων
2534 2203 2584 2258 δ’
2637 2209 2780 2271 ἴσως,
2834 2205 2959 2257 ἀλλά
3012 2211 3100 2256 καὶ
3149 2210 3380 2278 κρίσεως,
3433 2201 3604 2276 οἶμαι,
3651 2204 3847 2274 γλυκυ-

2233 2299 2380 2367 τέρας
2422 2297 2675 2366 τυγχάνει
2724 2303 2823 2346 τῶν
2869 2293 3146 2346 ἐπιλύσεων
3187 2295 3324 2364 (43).
3374 2290 3521 2346 Ἔδει
3553 2299 3647 2351 τὴν
3677 2293 3845 2365 Ἡρω-

2235 2380 2331 2436 δου
2386 2390 2545 2436 πᾶσιν
2608 2383 2827 2456 ἐμφανῆ,
2886 2389 2975 2434 καὶ
3045 2378 3338 2440 κατάδηλον
3399 2385 3639 2453 γενέσθαι
3697 2402 3849 2454 μιαι-

2235 2477 2431 2543 φονίαν.
2484 2472 2546 2527 Εἰ
2603 2475 2691 2544 μὲν
2746 2468 2832 2524 οὖν
2889 2469 2981 2524 διὰ
3027 2480 3118 2531 τῆς
3171 2471 3238 2532 εἰς
3277 2470 3569 2528 τελειότητα
3607 2473 3848 2542 φθασάν-

2234 2579 2333 2611 των
2388 2560 2594 2622 ἡλικίας
2669 2557 2966 2623 ἐπεδείξατο
3022 2563 3234 2622 ταύτην,
3290 2557 3438 2612 οὐδὲν
3492 2559 3676 2611 ἐκώλυε
3741 2569 3849 2610 τῶν

3097 2652 3154 2700 τὸ
3233 2650 3371 2710 ἔθνος
3456 2649 3628 2710 αἰτίας
3703 2653 3850 2710 τινας

2234 2649 2463 2702 κολάκων
2528 2655 2617 2702 καὶ
2712 2650 3018 2724 παρασίτων

2235 2736 2592 2806 ἀναπλάττειν,
2669 2735 2744 2790 δι’
2811 2739 2877 2788 ὧν
2937 2744 3276 2811 μετριωτερον
3337 2737 3474 2807 αὐτῷ
3530 2741 3850 2789 κατεσκευά-

2238 2831 2348 2890 ζετο
2392 2830 2450 2879 τὸ
2506 2835 2598 2889 τῆς
2650 2846 2947 2898 μιαιφονιας
2988 2828 3114 2896 άγος
3149 2845 3161 2857 ·
3201 2825 3412 2896 ἐνόχους
3460 2844 3511 2877 τε
3545 2835 3716 2877 κακῶν
3747 2827 3850 2878 οὐκ

2235 2916 2416 2986 ὀλίγων
2463 2919 2582 2977 τοὺς
2641 2914 2995 2988 ἀνῃρημένους
3050 2914 3448 2984 ἀποφαίνοντας,
3499 2920 3587 2967 καὶ
3633 2913 3853 2986 βασιλεῖ

2191 3003 2205 3021 ¹
2233 3009 2423 3079 πρέπον
2467 3009 2538 3076 μὴ
2589 3005 2993 3074 καταλιμπάνειν
3044 3003 3350 3076 ἀτιμώρητα
3398 3007 3462 3054 τα
3510 3000 3846 3074 ἀδικήματα.

2232 3095 2349 3146 Ἐπὶ
2385 3091 2443 3146 δὲ
2488 3102 2584 3145 τῶν
2613 3098 2808 3151 νηπίων
2839 3089 2988 3145 οὐδὲν
3020 3101 3252 3145 τοιοῦτον
3283 3096 3399 3144 οὔτε
3459 3091 3698 3150 ἐννοῆσαι
3725 3097 3850 3146 οὔτε

2236 3181 2528 3234 ἀναπλάσαι
2585 3179 2703 3234 οὐδ’
2750 3184 2774 3233 ὁ
2824 3190 2924 3234 τῶν
2981 3184 3156 3254 μύθων
3199 3178 3575 3242 ἀναιδέστατος
3627 3183 3847 3256 εὑρήσει

2230 3278 2447 3344 χώραν·
2510 3270 2636 3323 ἀλλὰ
2705 3274 2898 3342 γυμνὸν
2979 3267 3073 3322 διὰ
3158 3271 3382 3332 πάντων,
3437 3275 3527 3322 καὶ
3611 3269 3851 3343 ἀπροφά-

2235 3380 2414 3412 σιστον
2494 3359 2766 3432 ἐλέγχεται
2819 3363 2878 3411 τό
2949 3361 3339 3432 μισάνθρωπον,
3394 3364 3483 3410 καὶ
3535 3366 3624 3418 τῆς
3673 3357 3853 3410 παλα-

2232 3455 2418 3520 μναίας
2471 3455 2698 3521 γνώμης,
2730 3453 2820 3500 καὶ
2852 3447 3117 3519 γλώσσης,
3167 3454 3256 3500 καὶ
3295 3451 3478 3522 χειρός
3528 3451 3586 3499 τὸ
3627 3445 3852 3523 ἀνυπέρ-

2233 3538 2440 3596 ϐλητον.

2302 3710 2500 3774 Ἀλλως
2557 3731 2611 3764 τε
2667 3708 2727 3764 δὲ
2778 3717 2867 3764 καὶ
2936 3720 3027 3764 τοὺ
3084 3719 3264 3764 καινοῦ
3317 3716 3408 3763 καὶ
3474 3710 3849 3785 ἀναμαρτήτου

2235 3803 2483 3872 θύματος,
2543 3805 2630 3852 καὶ
2672 3806 2766 3859 τὴν
2815 3801 3076 3873 ἁμαρτίαν
3126 3800 3570 3874 ἀποκαθαίροντος
3619 3810 3711 3853 τοῦ
3759 3807 3849 3872 γέ-

2231 3909 2345 3950 νους
2401 3887 2507 3942 ἔδει
2565 3893 2630 3942 τὰ
2686 3891 2952 3962 προτελεια
3011 3895 3377 3964 κεχωρισμένα
3434 3893 3611 3950 πάσης
3676 3890 3850 3964 ἀμαρ-

2231 3984 2362 4044 τίας,
2396 3981 2517 4030 ὅσαι
2564 3998 2620 4050 γε
2661 3975 2754 4031 διὰ
2795 3987 2894 4030 τῶν
2945 3979 3175 4052 πράξεων
3227 3984 3450 4053 πρόεισι,
3483 3981 3852 4051 κεκαθαρμένα

2231 4087 2286 4120 τε
2339 4065 2486 4134 εἶναι,
2545 4074 2635 4120 καὶ
2709 4073 2780 4139 μὴ
2842 4067 3178 4140 καθυϐρίζειν
3245 4072 3302 4120 τὸ
3359 4071 3496 4140 μέγα
3560 4070 3700 4140 θῦμα
3753 4069 3852 4120 αὖ·

2232 4165 2332 4208 τῶν
2391 4159 2569 4228 θυσίᾳ.
2619 4162 2802 4230 Διόπερ
2857 4158 3160 4230 οἰκειότερον
3234 4154 3293 4215 ἧν
3363 4160 3450 4208 τόν
3523 4160 3686 4230 χορόν
3740 4168 3851 4208 των

2231 4251 2448 4311 νηπίων,
2513 4247 2542 4303 ἦ
2605 4255 2704 4298 τῶν
2762 4265 2901 4298 τισιν
2967 4246 3319 4318 eho-Grip.qu
3385 4245 3695 4317 ἐνεχομένων
3751 4257 3849 4298 τοῦ

465 4342 602 4394 ante
631 4339 872 4407 Agnum
902 4335 1022 4400 Dei,
1057 4335 1160 4406 qui
1199 4334 1353 4390 tollit
1380 4340 1687 4407 peccatum
1746 4336 1978 4402 mundi,
2012 4337 2116 4392 im-

2234 4337 2370 4388 θείου
2416 4335 2604 4406 Ἀμνου
2661 4344 2752 4387 τοῦ
2805 4341 2897 4394 τὴν
2946 4335 3206 4408 ἁμαρτίαν
3250 4338 3484 4409 αἴροντος
3515 4343 3606 4386 τοῦ
3637 4354 3848 4406 κόσμου

467 4426 702 4483 molari.

2230 4425 2466 4498 προθυθῆ
2476 4443 2576 4478 ναι.

2047 4524 2264 4582 ΝΟΤΕ.

561 4621 685 4689 4Ο*)
716 4619 937 4692 Medica
967 4635 1152 4676 manu
1175 4620 1333 4692 hunc
1358 4619 1555 4676 locum
1579 4619 1846 4692 indigere
1859 4619 2119 4692 quisque

466 4689 622 4765 _videt
655 4708 676 4765 ελ
700 4691 908 4746 vellem
952 4692 1168 4760 legisse
1223 4690 1432 4747 saltem
1478 4695 1545 4744 τὰ
1598 4689 1657 4744 δὲ
1709 4698 1797 4744 καὶ
1847 4689 2119 4765 ἀμετρῆτῳ

466 4763 603 4834 λόγῳ
657 4763 924 4836 ὑπεροχήν
959 4765 1119 4836 Δπρὸς
1151 4832 1161 4836 _
1188 4764 1362 4836 πάντα
1421 4768 1688 4836 Ῠφερόμενα
1746 4768 1835 4815 καὶ
1882 4763 2118 4830 οἴκοθεν,

466 4831 542 4908 κί’
577 4831 628 4888 τ.
688 4831 763 4897 λ.,
790 4831 902 4888 nisi
951 4831 1100 4908 forte
1147 4832 1206 4888 id
1251 4831 1851 4908 ⁸Ρὶὶοζὶὸ’πὀιχυτέρως,
1893 4839 1951 4908 e_t_
2002 4851 2120 4891 non

470 4904 896 4976 ἐξειργασμένως,
958 4908 1021 4959 ut
1065 4903 1196 4976 ipse
1248 4903 1461 4977 inquit,
1521 4903 1799 4961 scribenti
1860 4905 2120 4961 tribuere

468 4978 767 5032 malimus.

541 5047 652 5173 S41)
681 5045 740 5102 '0
773 5060 882 5117 pro
912 5045 969 5106 ὃς
1016 5059 1085 5099 ex
1114 5045 1417 5117 scriptoris
1457 5046 1686 5103 incuria
1711 5045 1804 5102 his
1834 5046 2119 5103 excidisse

541 5167 546 5173 .
572 5123 721 5173 etur.
745 5117 836 5172 vel
868 5115 1136 5173 πλεονάζει
1160 5121 1217 5168 τὸ
1248 5120 1346 5173 εἴη.

467 5115 721 5184 videtur,
745 5115 836 5172 v'el
868 5115 1136 5176 πλεονάζει
1160 5121 1217 5168 τὸ
1235 5115 1346 5174 εἴη.

540 5189 650 5258 (ίὲ)
687 5189 845 5243 llanc
880 5188 1058 5242 Photii
1094 5189 1445 5244 sententiam
1478 5205 1596 5243 non
1632 5189 1960 5260 amplector
1993 5190 2120 5260 qui-

540 5205 650 5258 (12)
688 5205 845 5243 nunc
880 5205 1058 5242 I'noul
1094 5205 1445 5244 sententiam
1478 5205 1596 5243 non
1632 5205 1960 5260 amplector
2039 5206 2119 5245 lli-

465 5262 623 5327 dem;
654 5261 756 5314 sed
780 5260 1071 5313 damnare
1097 5276 1212 5312 non
1248 5262 1462 5314 ausim.
1487 5261 1746 5316 Profecto
1771 5269 1892 5315 tum
1924 5205 2119 5316 orato-

465 5335 624 5396 doxi,
659 5348 794 5386 cuiu
811 5331 1163 5405 heterodoxi
1187 5333 1504 5405 scriptores
1526 5347 1676 5405 pene
1697 5348 1928 5397 omnes,
1953 5333 2118 5405 quod

465 5405 674 5466 sciam,
709 5402 1008 5474 prOphetaa
1043 5402 1444 5474 testimonium
1474 5418 1508 5456 a
1531 5402 1675 5457 divo
1718 5402 1991 5459 Matthaao
2017 5420 2118 5474 po-

465 5479 598 5541 tius,
621 5471 908 5546 quam'ah
928 5471 1139 5546 angelo
1158 5471 1351 5526 afferri
1376 5472 1630 5546 fatentur
1656 5491 1667 5527 :
1689 5475 1912 5545 quippe
1940 5471 2115 5529 evan-

464 5543 707 5616 gelistie,
739 5561 858 5616 non
880 5545 1076 5613 angeli
1097 5543 1867 5616 frequentissimesolebant
1899 5546 2112 5600 Veteris

462 5615 812 5674 Testamenti
841 5615 994 5680 loca,
1024 5621 1086 5672 ut
1109 5615 1232 5670 suis
1249 5615 1692 5672 narrationibus
1708 5615 1912 5681 ﬁdem,
1936 5632 2007 5673 ac
2019 5618 2045 5669 J
2056 5634 2112 5672 u-

2231 4621 2491 4676 daaorum
2507 4619 2961 4676 benevolentiam
2977 4619 3851 4685 conciliarent,memorare:imo

2231 4708 2321 4753 ea,
2336 4707 2480 4764 qua:
2500 4699 2848 4764 sequuntur,
2865 4694 3130 4761 Surgens
3153 4691 3568 4764 autemloseph
3587 4707 3626 4748 a
3641 4709 3850 4749 somno

2224 4763 2401 4835 fecit,
2416 4763 2566 4818 sicut
2587 4763 2869 4835 prwcepit
2899 4765 2954 4820 ei
2973 4764 3214 4832 angelus
3242 4763 3494 4835 Domini,
3513 4765 3659 4820 satis
3681 4765 3852 4820 evin-

2232 4841 2373 4906 cunt
2391 4833 2736 4906 historicum
2752 4849 3087 4906 sermonem
3100 4835 3226 4905 jam
3245 4834 3736 4906 priusincepisse.
3751 4835 3854 4892 Et-

2231 4905 2491 4961 siautem
2507 4921 2602 4961 res
2621 4905 2700 4962 ita
2713 4923 2774 4960 se
2787 4905 3454 4969 habeat,Pbotiotamen
3478 4909 3673 4961 Patres
3691 4922 3851 4962 non-

2229 4976 2377 5032 nulli
2390 4975 2961 5049 faven_t,Euthymius
2975 4976 3327 5032 videlicetac
3337 4975 3848 5049 Theophylactus,

2229 5063 2339 5121 nec
2359 5063 2474 5103 non
2494 5047 2637 5121 et_is,
2655 5047 2822 5118 cujus
2841 5048 2934 5104 ille
2947 5050 3360 5121 auctoritatem
3377 5047 3575 5121 magni
3593 5047 3854 5121 semper

2230 5119 2386 5192 facit,
2420 5123 2478 5173 et
2507 5117 2860 5192 plerumque
2890 5119 3181 5192 sequitur,
3226 5117 3509 5192 Joannes,
3562 5117 3849 5192 inquam,

2230 5191 2711 5262 Chrysostomus,
2736 5190 2944 5246 homil.
2968 5195 3032 5246 £59
3054 5192 3113 5244 in
3135 5190 3355 5252 Matth..
3382 5190 3480 5245 ubi
3507 5190 3850 5249 adductum

2228 5263 2396 5317 [salte
2445 5262 2754 5316 oraculum
2804 5265 3048 5333 proinde
3074 5267 3532 5325 commentatur,
3569 5278 3638 5316 ue
3671 5265 3721 5318 si
3766 5266 3847 5318 ad

2229 5334 2532 5401 angelum,
2564 5349 2681 5388 nou
2707 5334 2782 5388 ad
2817 5333 3290 5403 hagiographum
3329 5334 3662 5403 pertineret.

2301 5406 2413 5474 (43)
2457 5405 2541 5458 lta
2570 5420 2640 5458 ex
2686 5405 2994 5460 codicibus
3025 5403 3328 5467 Vaticano,
3373 5419 3441 5459 ac
3484 5404 3850 5461 Taurinensi

2225 5475 2544 5546 legendum
2579 5483 2752 5545 puto:
2778 5476 2966 5530 verbis
2988 5474 3170 5536 enim.
3205 5490 3340 5544 qum
3360 5475 3418 5529 in
3445 5483 3647 5530 nostro
3674 5483 3847 5538 sunt,

2224 5546 2533 5618 γλυκύτερον
2587 5549 2838 5618 τυγχάνει
2887 5558 2984 5599 τῶν
3015 5547 3316 5610 ἐπιλύσεων,
3351 5562 3533 5616 quem
3585 5562 3852 5604 sensum

2223 5617 2564 5673 excuderim
2582 5617 2610 5672 ἢ
