3950 6180
155 275 221 330 I93
1061 267 1155 323 AD
1195 265 1614 322 AMPHILOCH

1798 266 2116 332 QUIESTIO
2158 265 2356 322 XXVI.
3272 268 3373 323 194

193 400 232 452 Ei
257 397 390 470 βούλει
427 393 475 448 δε
507 401 586 447 καὶ
631 397 966 467 παραμύθιον
1001 402 1115 456 ταῖς
1153 398 1430 466 μεγίσταις
1459 411 1606 468 περι-

1798 393 1977 458 Adde,
2014 393 2060 448 si
2091 393 2305 466 placet,
2337 392 2504 465 quod
2534 393 2594 450 in
2631 394 3002 465 gravissimis
3033 394 3371 452 infortuniis

145 486 318 536 στάσεσιν
370 481 647 552 ἐταζόμενον,
727 481 853 555 όρᾲν
931 483 1070 532 ἔστιν
1135 477 1480 550 ἀναφυόμενον
1531 480 1607 530 εν-

141 575 271 624 τεῡθιν.
315 571 602 641 Σγαγιάζεται
651 573 753 643 γὰρ
798 572 865 622 τὰ
939 567 1128 642 βρέφη,
1184 569 1252 619 ὧν
1292 569 1317 619 6
1358 566 1472 637 βίος
1526 565 1609 618 ἀν-

140 657 330 720 επίδεκτος
365 659 576 734 ἁμαρτίας
608 674 619 685 ·
674 661 721 709 ἰν
755 654 980 710 ’έπειδάν
1028 660 1289 728 πάσχωσί
1341 675 1494 722 τινες,
1533 659 1606 729 μή

137 748 200 800 διὰ
240 747 454 820 βαρύτητα
506 747 969 819 πλημμελημάτων
1006 747 1304 818 νομίζοντες
1355 747 1606 817 πάσχειν,

136 844 196 894 τὴν
231 837 270 888 ἐκ
313 847 390 888 τῶν
431 840 586 890 παθῶν
657 837 867 907 πληγήν
920 837 1237 908 ὑφίστανται
1292 832 1609 906 βαρυτέραν,

133 930 416 1000 ξπικροτίραν,
450 933 527 980 καὶ
569 931 703 1001 πρὸς
749 926 1043 997 ἀπόγνωσιν
1099 921 1229 976 ὦσιν
1282 922 1567 996 ἀφορῶντες
1593 943 1606 956 ·

131 1014 203 1064 ἀλλ’
245 1017 308 1066 ἱνα
355 1019 402 1066 τὸ
445 1015 796 1090 ἀναμάρτητον
845 1022 944 1065 τῶν
997 1012 1220 1086 βρεφῶν,
1289 1017 1376 1063 καί
1436 1015 1494 1063 τὸ
1534 1010 1611 1064 ἐπ’

126 1104 270 1163 ἐκείνοις
314 1103 519 1176 τόλμημα
571 1113 672 1157 τῶν
740 1103 1039 1175 ἀλαστόρων
1115 1105 1317 1173 ἔχοντες
1363 1097 1614 1175 παράδει-

124 1212 198 1262 γμα
217 1192 524 1264 ψυχαγωγίας,
575 1199 667 1246 καὶ
721 1196 893 1245 ἱκανὸν
943 1191 1304 1267 παρακαλέσαι
1351 1192 1610 1264 μακροθυο

121 1288 211 1350 iub,
235 1281 294 1343 εἰς
320 1282 631 1354 εὐχαριστίαν
666 1279 1033 1335 διανίστανται
1084 1289 1177 1333 τοῦ
1224 1282 1396 1332 πάντα
1441 1288 1613 1352 σοφῶς

122 1374 164 1419 τὰ
183 1373 354 1443 ἡμέτερα
391 1373 786 1445 οἰκονομοῦντος.
837 1375 934 1424 Καί
971 1390 1031 1442 γε
1061 1367 1129 1428 δὴ
1163 1374 1252 1422 καὶ
1293 1373 1350 1422 τό
1384 1365 1456 1422 δι’
1497 1370 1564 1420 ὧν
1587 1371 1612 1422 6

121 1459 243 1527 φθονος
283 1457 423 1521 οὐδεὶς
477 1461 850 1534 ἀναφλέγεσθαι
903 1465 1081 1532 χώραν
1139 1455 1278 1530 εἶχεν
1344 1457 1608 1530 (ἀρτιγενῆ

116 1551 184 1616 γάρ
213 1546 344 1618 βρέφη
385 1552 472 1602 τίν’
521 1550 580 1602 ἀν
629 1552 908 1624 παράσχοι
963 1555 1226 1621 πρόφασιν
1276 1545 1610 1619 βασκανίας),

117 1633 202 1686 ἀλλὰ
223 1641 300 1711 γὰρ
341 1642 390 1690 τό
440 1640 545 1692 κατ’
617 1639 816 1691 ἐκείνων
858 1639 924 1699 εἰς
977 1642 1184 1710 σφαγὴν
1240 1636 1397 1695 οὕτως
1461 1634 1611 1687 ἀναί-

114 1744 294 1794 σχυντον,
359 1734 438 1780 καὶ
514 1728 855 1803 ἀνιστόρητον
926 1727 1238 1802 ἐξορμῆσαι,
1313 1727 1611 1798 ζητήματος

113 1812 215 1864 λύσιν
254 1815 330 1867 οὐκ
369 1819 492 1868 ἔστιν
538 1820 734 1892 ἄπορον
800 1824 1119 1890 παρασχεῖν,
1187 1813 1301 1869 οὐδ’
1346 1816 1415 1877 εἰς
1459 1816 1614 1887 εὐμά-

108 1921 206 1971 ρειαν
263 1909 637 1978 μεταρυθμίσαι,
707 1908 860 1978 ὅπως,
928 1911 984 1958 τό
1078 1910 1434 1980 μισόχριστον
1513 1913 1612 1956 τῶν

110 1988 308 2043 Ἰουδαίων
348 1999 472 2064 γένος
517 1997 902 2069 εὐεργετοῦντα,
957 2000 1045 2047 καὶ
1115 1997 1478 2066 θεραπεύοντα,
1529 1998 1614 2044 νό-

106 2098 188 2140 τονς
234 2080 436 2144 ἀνιάτους
474 2089 557 2137 τὸν
607 2093 826 2159 Σωτῆρα
869 2085 982 2137 ἀντὶ
1029 2092 1119 2136 τοῦ
1169 2080 1481 2155 δοξολογεῐν,
1525 2088 1613 2136 καὶ

106 2173 307 2239 στεφάνοις
351 2171 646 2245 ἀμείϐεσθαι
697 2179 952 2249 χαρίτων,
1009 2181 1219 2246 σταυρῷ
1272 2169 1609 2234 κατεδίκασε,

101 2263 161 2308 καὶ
199 2257 492 2334 ἐπονειδίστῳ
546 2265 773 2333 θανοίτῷ.
815 2263 877 2316 Εἰ
919 2266 1040 2336 γὰρ,
1097 2261 1171 2334 ἐφ’
1240 2261 1308 2312 ὧν
1347 2263 1372 2313 6
1432 2263 1616 2332 φθόνος

101 2343 286 2418 οὐδεμίαν
329 2348 542 2423 πάροδον
582 2349 718 2425 εἶχε,
760 2361 933 2425 σφαγῇ
971 2355 1093 2412 τούς
1147 2349 1410 2413 ἀναιτίους
1456 2352 1481 2402 ό
1515 2360 1612 2402 τῶν

101 2431 306 2488 Ἰονδᾱίων
342 2440 530 2512 ἡγεμὼν
589 2441 858 2513 μετῆλθεν,
914 2443 964 2493 οἱ
1019 2447 1136 2502 ταῖς
1179 2439 1613 2513 μιαιφονίαιςύπ’

99 2523 212 2575 αὐτοῦ
243 2524 730 2600 παιδοτριϐηθέντες,
767 2535 856 2582 καὶ
907 2531 1388 2604 προγυμνασθίντες
1435 2532 1486 2580 τί
1521 2528 1614 2579 ούκ

98 2609 138 2659 ἂι
179 2611 517 2688 ἀπετόλμησαν,
570 2619 805 2691 μάλιστα
858 2619 1026 2671 αύτών
1080 2617 1388 2677 τηλικούτου
1428 2618 1613 2689 φθόνου

97 2713 430 2774 στρατηγοῦντος
458 2726 474 2777 ;
521 2713 621 2761 Καὶ
679 2711 788 2782 γὰρ
851 2708 918 2758 ὧν
975 2710 1114 2760 ἔστιν
1167 2708 1290 2780 όρᾴν
1349 2707 1471 2780 ἔργα
1519 2725 1614 2777 με-

94 2789 204 2859 γςῦα,
257 2799 333 2846 καὶ
385 2797 673 2869 θαυμάσια,
728 2802 816 2849 καὶ
885 2805 984 2848 τῶν
1050 2796 1249 2848 πολλῶν
1305 2799 1435 2870 πρὸς
1482 2794 1615 2847 αύτά

91 2875 197 2930 οὐδε»
228 2882 410 2936 ίλαττον
451 2891 544 2945 τὴν
586 2888 726 2954 θέαν,
755 2888 784 2945 ἡ
828 2889 921 2944 τὴν
969 2888 1167 2937 εὔνοιαν
1220 2882 1612 2958 ἐπιστρέφοντα,

93 2967 166 3037 ὗεν
188 2975 286 3032 τοὺς
311 2973 615 3048 εὐγνώμονας
669 2976 736 3036 εἰς
765 2975 1041 3048 εύφημιαν,
1097 2979 1188 3026 καὶ
1229 2975 1407 3045 θαῦμα
1448 2973 1612 3044 γλυκύ

88 3060 149 3106 ui
184 3057 537 3134 σεϐασμιότητα
607 3061 874 3138 διεγείρει,
941 3066 1173 3134 τοσούτῳ
1221 3062 1454 3134 μάλιστα
1507 3068 1614 3123 τοῖς

91 3151 338 3215 αχαρίστοις
408 3155 492 3203 καὶ
569 3153 966 3224 κακομηχάνοις
1011 3154 1068 3203 τό
1123 3149 1393 3222 έξάγιστον
1461 3157 1614 3202 τοῦτο

88 3233 204 3294 πάθος
249 3233 591 3294 ἐνδυναστεύει
653 3245 740 3292 καὶ
786 3246 844 3292 τό
890 3243 1071 3300 κοάτος
1118 3242 1321 3312 ἄμαγον
1378 3238 1615 3312 περιϐάλ-

87 3338 187 3372 Αεται
198 3367 209 3377 ,

135 3410 179 3460 Εἰ
219 3408 268 3466 δέ
312 3433 390 3468 σοι
441 3417 584 3489 φίλον
635 3423 724 3470 καὶ
804 3417 1010 3479 πλείους
1069 3417 1360 3492 ἐπιθεωρείν
1418 3417 1612 3481 αἰτίας,

85 3508 332 3574 πρῶτοςμὲν
377 3508 401 3557 6
447 3505 658 3569 δίκαιος
707 3505 865 3560 ’Λϐελ
915 3505 1065 3560 οὐδὲν
1115 3507 1346 3578 ὀφείλων,
1405 3509 1507 3559 ὅσα
1557 3526 1617 3578 γε

86 3584 169 3640 Em
207 3589 263 3652 είς
321 3593 513 3647 οἰκείων
572 3599 736 3669 ἔργων
810 3595 1032 3668 ὀφειλὴν,
1107 3593 1447 3670 παραδοθεὶς,
1527 3601 1616 3648 καὶ

86 3676 328 3742 ζτοῧηθεὶς
369 3692 439 3755 τῷ
485 3687 692 3755 θανάτῳ
747 3687 944 3756 σαθρὰν
1000 3684 1158 3736 αὐτοῦ
1229 3693 1324 3736 τῶν
1377 3684 1615 3756 θεμελίων

82 3780 146 3819 τεν
184 3768 394 3841 κρηπῖδα
447 3772 906 3845 καταϐαλλομένην
962 3769 1173 3836 ἔδειξεν.
1227 3773 1366 3825 Ἐπεὶ
1407 3770 1465 3825 δε
1504 3775 1613 3846 μετ’

81 3852 190 3904 κᾶτι»
228 3859 387 3913 πολλοὶ
441 3871 542 3913 τῶν
595 3861 792 3933 ἐνόχων
852 3862 1240 3934 περιετείχισάν
1296 3880 1350 3914 τε
1394 3867 1484 3913 καὶ
1539 3861 1616 3924 ἐξ·

81 3960 299 4013 ωιονφωσαν
327 3950 483 4002 αὐτοῦ
521 3955 618 4009 τὴν
649 3947 936 4022 οἰκοδομὴν
991 3950 1057 4010 εἰς
1087 3949 1348 4025 ὀχύρωμα
1391 3965 1404 3979 ⁸
1448 3950 1617 4022 ἔμελλε

78 4024 117 4080 ἴι
156 4035 175 4083 ο
215 4043 372 4112 Σωτὴρ
429 4039 507 4092 ἐπ’
567 4040 837 4113 εὐεργεσίᾳ
873 4048 968 4091 τοῦ
1020 4044 1199 4111 γένους
1253 4045 1616 4113 παραγεγονὼς

80 4121 282 4176 σκυλεύειν
316 4127 470 4181 αὐτοῦ
532 4132 601 4180 τὰ
640 4126 888 4200 βασίλεια
931 4146 943 4158 °
1005 4130 1158 4180 οἱονεὶ
1208 4125 1490 4204 δορυφόροι
1537 4149 1619 4180 τι-

74 4225 129 4268 νες
166 4220 236 4264 καὶ
286 4213 580 4293 πρόδρομοι
627 4225 718 4270 τοῦ
797 4216 1025 4290 μεγάλου
1073 4215 1334 4288 βασιλέως
1383 4216 1618 4292 ἀναμάρ-

75 4305 184 4350 τητοί
222 4320 286 4370 τε,
339 4311 424 4359 καὶ
481 4315 589 4368 τοῖς
655 4313 994 4381 μαρτυρικοίς
1046 4306 1238 4378 αῐμάσι
1294 4305 1618 4380 περιρρεόμε-

75 4389 423 4448 νοικατιλαϐεῖν
470 4400 592 4458 τοὺς
629 4394 677 4448 ἕν
730 4403 801 4467 τῷ
843 4392 949 4468 ᾄδῃ
997 4397 1375 4467 κατεχομένους
1417 4391 1619 4448 διοικο-

75 4485 313 4544 νοξιοῦνται,
380 4490 469 4538 καὶ
578 4483 1081 4558 προαποστέλλονται
1129 4499 1141 4512 ⁸

75 4571 334 4631 inmunia
388 4579 702 4647 παρουσίαν,
758 4579 848 4626 καὶ
895 4577 1072 4633 κοινήν
1125 4571 1484 4646 ἀπολύτρωσιν
1524 4569 1618 4625 διὰ

75 4661 142 4712 τες
193 4659 342 4712 αὐτῶν
431 4667 748 4723 ἐπιστασίας
835 4661 1306 4733 εὐαγγελιζόμενοι,
1363 4667 1453 4713 καὶ
1511 4659 1618 4714 δει-

76 4745 230 4808 Iri-nr;
255 4752 335 4810 τὰς
381 4755 608 4824 σφαγὰς,
657 4751 715 4812 ἃς
758 4747 851 4804 διὰ
894 4755 981 4803 τὸν
1021 4754 1191 4804 κοινὸν
1237 4750 1615 4824 Ἐλευθερωτὴν

75 4829 255 4904 ὖῖέτιον
291 4857 304 4870 ο
343 4848 431 4893 καὶ
483 4837 563 4894 δι’
614 4842 783 4893 αὐτῶν
843 4843 1182 4914 πιστούμενοι
1231 4843 1617 4916 παραγενέσθαι

77 4933 138 4966 ττι
200 4925 285 4978 ύπό
341 4939 621 5003 προφητῶν
694 4928 1174 5004 ἀνακηρυττόμενον
1242 4937 1458 5002 Σωτῆρα
1523 4938 1615 4983 τού

72 5025 201 5072 Ἱεκυς
240 5035 251 5046 .
281 5023 364 5070 καὶ
399 5015 468 5077 δὴ
530 5026 621 5070 καὶ
665 5023 752 5072 τὸν
795 5015 931 5090 ᾅδην
979 5021 1177 5091 ὁρῶντα
1204 5022 1464 5078 τοσαύτην
1515 5021 1616 5087 φά-

77 5115 204 5181 (τηε
264 5112 452 5179 μυρίων
512 5107 799 5160 ἰςνευθύνων
848 5108 1126 5181 ἁμαρτίαις
1182 5110 1472 5161 ἐπιστᾶσαν
1528 5108 1615 5161 ίκο

74 5178 340 5256 δειματῶσαί
366 5216 440 5268 τε,
497 5201 592 5249 καὶ
647 5201 741 5256 τήν
780 5198 902 5249 ὅσον
949 5201 1110 5265 οὔπω,
1152 5197 1438 5270 μέλλουσαν
1475 5197 1616 5270 αύτῳ

73 5279 240 5338 "mli
302 5287 605 5361 καθαίρεσιν
667 5282 763 5338 διὰ
817 5294 916 5338 τῶν
980 5291 1266 5362 προοιμίων
1331 5283 1610 5350 ίπιδείξαι.

75 5359 416 5451 ’ρνκμαρτήτων
457 5379 586 5451 γὰρ,
637 5381 726 5429 καὶ
774 5379 886 5430 τότε
932 5378 1192 5430 τοσούτων
1240 5385 1410 5450 σφαγῇ
1449 5396 1613 5430 κατα-

72 5448 205 5508 ίαῦὖιι
229 5462 496 5533 παντελῶς,
541 5469 636 5518 καὶ
690 5461 986 5539 ἀφαιρεῖται
1019 5468 1080 5520 τό
1117 5473 1212 5520 τοῦ
1252 5468 1470 5521 θανάτου
1529 5463 1619 5520 δι-

68 5549 250 5620 alapa,

309 5668 535 5731 Panos
573 5670 686 5732 Gs.
727 5668 818 5728 CI.

1718 481 1994 538 solatium
2045 483 2184 538 hinc
2224 481 2460 553 prodire
2499 483 2790 540 videatur.
2836 487 3167 541 Enecantur
3213 485 3374 542 enim

1718 571 1906 644 pueri,
1949 587 2204 643 quorum
2246 571 2364 628 vita
2403 580 2650 642 peccato
2679 572 2943 642 carebat,
2974 588 3050 629 ne
3090 589 3226 629 cum
3269 590 3373 646 pa.

1717 659 1943 744 tiuntur
1982 659 2185 732 aliqui,
2229 659 2306 716 ob
2345 661 2659 732 culparum
2703 662 3058 732 gravitatem
3099 679 3162 718 se
3198 662 3376 736 plecti

1718 754 2016 822 putantes,
2049 749 2293 820 plagam
2325 765 2397 806 ex
2427 749 2576 822 ipsis
2609 751 2792 806 animi
2824 751 3374 823 perturbationibus

1720 837 2077 908 graviorem,
2113 841 2215 893 aut
2242 837 2611 894 acerbiorem
2643 838 2916 907 reddant,
2952 855 3146 912 neque
3177 841 3240 896 in
3269 840 3377 897 de-

1720 926 2116 995 sperationem
2151 926 2535 997 dejiciantur;
2578 930 2683 983 sed
2720 928 3129 986 innocentiam
3164 945 3378 1001 puero-

1720 1029 1876 1077 rum,
1905 1015 2201 1087 simulque
2227 1015 2284 1070 in
2304 1031 2407 1072 eos
2431 1016 2803 1073 exsecranda:
2829 1017 3151 1089 impietatis
3177 1034 3378 1074 exem-

1721 1103 1889 1175 plum
1935 1104 2226 1160 habentes
2274 1120 2382 1175 pro
2421 1111 2775 1174 argumento
2814 1106 3025 1170 solatii,
3076 1106 3245 1179 quod
3295 1107 3375 1163 ad

1722 1194 2122 1248 constantiam
2138 1193 2462 1250 hortationi
2477 1194 2753 1261 sufﬁciat,
2773 1195 2851 1251 ad
2865 1195 3086 1265 gratias
3107 1195 3377 1267 agendas

1721 1281 1795 1349 ei,
1817 1281 1920 1354 qui
1937 1288 2142 1338 nostra
2161 1283 2369 1339 omnia
2385 1283 2818 1354 sapientissime
2836 1283 3200 1349 moderatur,
3224 1284 3377 1339 exci-

1721 1373 1940 1426 tentur.
1970 1369 2153 1426 Porro
2184 1377 2386 1426 autem
2409 1387 2481 1426 ex
2509 1387 2577 1426 eo
2601 1371 2787 1444 quod,
2818 1373 2876 1427 in
2905 1371 3124 1444 quibus
3151 1371 3377 1428 nullam

1722 1460 2113 1514 succensendi
2153 1474 2362 1515 ansam
2401 1459 2664 1516 habebat
2713 1459 2939 1518 invidia
2979 1462 3179 1531 (quam
3216 1459 3378 1516 enim

1721 1562 1912 1619 nuper
1951 1549 2071 1604 nati
2111 1548 2280 1620 pueri
2320 1547 2649 1618 praeberent
2686 1548 2808 1605 odii
2848 1549 3150 1620 causam?)
3187 1550 3246 1604 in
3286 1548 3380 1606 bis

1721 1635 2110 1692 nihilominus
2158 1652 2347 1708 usque
2386 1636 2466 1693 ad
2504 1653 2712 1694 necem
2752 1637 2904 1694 adeo
2949 1637 3374 1709 impudentem,

1722 1730 1900 1798 atque
1939 1725 2272 1781 inauditam
2311 1725 2590 1798 impietas
2630 1727 2937 1797 exarserit,
2976 1725 3215 1782 difﬁcile
3254 1742 3377 1782 non

1722 1821 1808 1871 est
1837 1815 2184 1887 quaestionis
2215 1815 2572 1872 solutionem
2599 1816 2892 1888 depromi,
2927 1821 3108 1888 atque
3133 1816 3195 1871 in
3225 1817 3378 1888 apri-

1721 1920 1859 1959 cum
1898 1903 2169 1976 proferri,
2203 1920 2471 1977 quanam
2511 1904 2737 1961 scilicet
2767 1907 2994 1961 ratione
3033 1905 3380 1961 Iudaeorum

1720 1993 1882 2049 natio
1919 1993 2150 2050 Christo
2188 1993 2617 2058 infensissima,
2674 1993 3023 2049 fundentem
3062 1993 3376 2062 beneﬁcia,

1721 2089 1897 2156 atque
1915 2083 2387 2139 immedicabiles
2411 2084 2648 2139 morbos
2670 2090 2984 2140 sanantem
3009 2086 3376 2140 Servatorem

1721 2187 1842 2228 non
1886 2171 2068 2227 modo
2116 2187 2239 2227 non
2286 2171 2568 2228 laudibus
2609 2177 2664 2227 et
2708 2172 2944 2228 coronis
2995 2172 3147 2241 grati
3191 2171 3379 2227 animi

1720 2277 1861 2332 ergo
1901 2265 2210 2329 mactaret,
2251 2261 2357 2316 sed
2397 2260 2578 2316 etiam
2618 2275 2792 2316 cruce
2831 2276 2902 2316 ac
2941 2266 3129 2316 morte
3168 2261 3378 2332 turpis-

1721 2350 1873 2406 sima
1885 2349 2207 2405 damnarit.
2226 2347 2462 2408 Sienim
2484 2349 2851 2415 innocentes,
2869 2349 2926 2404 in
2943 2349 3164 2421 quibus
3177 2349 3382 2404 nullus

1720 2438 1954 2494 invidias
2003 2439 2246 2511 patebat
2295 2438 2512 2505 aditus,
2571 2437 2911 2494 Judaaorum
2970 2437 3250 2509 princeps
3299 2437 3378 2494 ad

1721 2533 1976 2584 mortem
2026 2532 2374 2600 persecutus
2413 2532 2523 2593 est,
2563 2527 2710 2599 quid
2749 2543 2870 2584 non
2918 2526 3214 2600 praecipue
3263 2528 3378 2582 sub

1721 2621 1900 2673 tanta:
1939 2616 2260 2689 impietatis
2293 2616 2581 2688 auspiciis
2612 2616 2902 2673 auderent
2931 2616 2968 2673 ii
2999 2617 3102 2689 qui
3136 2617 3213 2674 ab
3247 2616 3380 2688 ipso

1723 2704 1959 2761 saevitiae
1999 2705 2430 2761 institutionem
2473 2721 2545 2761 ac
2583 2704 2942 2777 praeludium
2983 2704 3380 2776 acceperant?

1723 2795 1867 2849 Cum
1911 2794 2070 2850 enim
2107 2793 2363 2864 grandia
2401 2798 2458 2850 et
2492 2796 2644 2850 mira
2680 2799 3028 2866 spectantur
3075 2793 3377 2859 facinora;

1722 2888 1778 2939 et
1824 2899 1956 2954 quat
1997 2883 2319 2938 multorum
2357 2898 2480 2939 non
2523 2883 2724 2938 minus
2763 2883 3147 2939 attentionem
3191 2897 3380 2953 quam

1721 2971 2188 3028 benevolentiam
2238 2970 2350 3027 sibi
2383 2971 2722 3037 conciliant,
2755 2975 2982 3044 quanto
3013 2971 3207 3041 magis
3253 2969 3381 3026 haec

1723 3061 1783 3118 in
1815 3060 2024 3117 amicis
2055 3059 2534 3126 celebrationem,
2563 3059 3146 3132 demirationemque
3173 3058 3380 3131 jucun-

1722 3149 1866 3206 dam
1907 3159 2088 3222 atque
2125 3148 2485 3221 obsequium
2516 3148 2796 3216 excitant,
2827 3153 2988 3204 tanto
3029 3149 3086 3204 in
3135 3147 3381 3220 ingratis

1724 3256 1795 3297 ac
1828 3239 2102 3310 malignis
2132 3237 2476 3293 detestabile
2506 3237 2620 3293 hoc
2650 3237 2857 3293 vitium
2886 3237 3204 3310 imperium
3234 3237 3381 3292 vim-

1723 3345 1843 3402 que
1869 3327 2341 3400 insuperabilem
2370 3327 2648 3399 acquirit.

1798 3416 1970 3483 Quod
2017 3418 2062 3472 si
2109 3415 2214 3471 tibi
2255 3414 2429 3487 plura
2466 3430 2710 3488 quoque
2762 3414 2995 3486 placeat
3034 3415 3382 3486 conspicere

1725 3505 2073 3577 hujusmodi
2113 3505 2380 3570 crimina,
2416 3507 2716 3559 memento
2746 3502 2912 3576 quod
2941 3503 3109 3571 Abel,
3151 3503 3382 3576 primus

1725 3596 1821 3652 ille
1873 3595 2068 3666 justus
2121 3611 2259 3650 cum
2314 3593 2476 3649 nulla
2531 3609 2780 3649 suarum
2839 3593 3145 3649 actionum
3202 3593 3383 3666 culpa

1725 3689 2039 3748 teneretur,
2083 3683 2354 3756 proditus
2393 3687 2572 3754 atque
2607 3697 2713 3754 per
2747 3681 2990 3738 insidias
3031 3681 3204 3738 morti
3245 3682 3381 3737 sub-

1721 3775 1934 3844 jectus,
1974 3771 2340 3828 exsecranda
2378 3771 2648 3843 ejusdem
2688 3771 2813 3827 vitii
2853 3771 3382 3827 fundamentorum

1726 3863 2019 3936 principia
2057 3861 2217 3932 jacta
2251 3861 2380 3932 jam
2421 3877 2549 3917 esse
2582 3861 2859 3918 ostendit.
2905 3861 3202 3927 Quoniam
3243 3876 3381 3917 vero

1727 3956 1856 4024 post
1921 3949 2087 4006 illum
2143 3950 2310 4005 multi
2369 3949 2751 4006 conscelerati
2808 3950 3084 4006 homines
3148 3949 3383 4005 invidia:

1724 4039 1910 4111 ipsius
1933 4039 2137 4095 sedem
2169 4054 2343 4095 muro
2375 4055 2445 4095 ac
2473 4043 2620 4095 tecto
2649 4039 3013 4104 munierunt,
3041 4044 3220 4110 atque
3247 4054 3382 4094 eam

1725 4129 1906 4199 regali
1935 4129 2088 4184 fastu
2114 4128 2473 4198 Redemptor
2501 4129 2817 4185 hominum
2849 4128 3008 4184 bono
3041 4134 3216 4184 natus
3247 4143 3381 4198 spo-

1723 4217 1969 4274 liaturus
2033 4221 2179 4280 erat,
2249 4221 2538 4289 tanquam
2608 4217 2812 4287 magni
2879 4217 3035 4289 regis
3102 4215 3380 4271 satellites

1724 4307 1974 4380 quidam
2000 4312 2180 4378 atque
2210 4321 2606 4378 praacursores
2632 4306 2996 4371 innocentes,
3025 4310 3082 4359 et
3113 4303 3381 4373 martyrii

1725 4397 2017 4466 sanguine
2056 4394 2401 4451 circumfusi
2433 4394 2512 4450 ad
2541 4409 2666 4459 eos,
2700 4394 2805 4465 qui
2834 4394 2896 4449 in
2925 4392 3114 4448 limbo
3157 4390 3383 4447 detine-

1193 4483 1304 4555 οἶμα
1392 4502 1446 4536 τε
1521 4487 1615 4542 τὴν
1648 4481 1694 4534 D
1723 4485 1962 4552 bantur,
1983 4483 2417 4556 amplexandos
2435 4483 2773 4551 diriguntur
2793 4480 3374 4553 praemittunturque,

1725 4580 1784 4632 ut
1813 4590 1922 4632 sua
1948 4571 2262 4646 praesentia
2287 4571 2467 4626 simul
2495 4575 2552 4626 et
2579 4571 2810 4626 Domini
2841 4569 3168 4626 adventum
3201 4575 3382 4640 atque

1726 4677 2111 4720 communem
2134 4661 2542 4716 liberationem
2565 4660 3053 4730 evangelizarent,
3077 4661 3386 4715 mactatio-

1726 4767 1985 4824 nemque
2017 4765 2192 4806 suam
2233 4765 2339 4821 pro
2378 4749 2682 4806 communi
2725 4751 3034 4805 Servatore
3069 4747 3383 4804 toleratam

1725 4842 2126 4906 ostenderent,
2155 4855 2225 4896 ac
2247 4839 2450 4895 Patres
2480 4854 2586 4911 per
2613 4854 2713 4894 eos
2745 4839 3052 4894 crederent
3071 4853 3108 4894 a
3133 4838 3384 4910 prophe-

1726 4932 1798 4988 tis
1825 4931 2209 5002 praadicatum
2236 4929 2416 4984 nostri
2445 4927 2679 4998 generis
2709 4927 3110 4982 Liberatorem
3135 4925 3383 4995 adesse;

1726 5020 1848 5076 imo
1876 5021 2056 5075 etiam
2089 5024 2151 5074 ut
2179 5017 2445 5073 infernus
2493 5020 2658 5071 tanta
2689 5017 3143 5071 innumerorum
3175 5014 3379 5071 inson-

1726 5110 1873 5167 tium
1925 5106 2302 5164 multitudine
2357 5105 2710 5161 adveniente
2758 5109 3090 5175 terreretur,
3143 5103 3386 5160 absolu-

1725 5206 1959 5272 tamque
1975 5195 2422 5253 debellationem
2441 5211 2478 5251 a
2496 5211 2558 5251 se
2578 5195 2839 5252 nondum
2863 5199 3261 5267 exspectatam
3281 5211 3389 5267 per

1723 5288 2006 5361 quaedam
2027 5283 2314 5358 prmludia
2338 5285 2822 5355 prmsentisceret.
2849 5284 3082 5342 Scilicet
3105 5284 3386 5340 innocen-

1724 5377 1892 5446 tium,
1943 5380 2000 5430 et
2027 5373 2276 5446 quidem
2311 5376 2393 5429 tot
2422 5388 2740 5445 puerorum
2771 5372 2998 5430 occisio
3028 5373 3238 5432 mortis
3284 5373 3386 5443 jus

1725 5481 1971 5540 prorsus
1999 5463 2204 5521 evertit
2230 5478 2301 5522 ac
2331 5461 2601 5520 destruit.

3048 5668 3109 5735 7.
