4126 6190
530 269 633 323 193

604 394 701 447 His
731 391 979 456 accedit,
1011 392 1180 464 quod
1219 391 1437 447 divinae
1470 390 1783 463 Sapientiae
1815 389 2185 446 consuetudo
2217 389 2260 441 A

528 481 644 538 hac
691 482 751 537 in
803 497 863 537 re
923 480 1140 536 mirum
1192 485 1492 554 quantum
1549 479 1847 550 eﬂ'ulgeat.
1911 483 2184 544 Quonam

527 570 746 642 pacto?
786 570 943 626 Solet
982 570 1042 624 in
1084 569 1366 625 omnibus
1407 569 1733 641 ingenium,
1779 574 1835 624 et
1878 568 2184 639 eloquium

527 659 822 715 excedens
872 658 1076 714 divina
1129 657 1430 730 Sapientia
1479 673 1546 712 ex
1603 656 1868 713 tristibus
1926 673 1996 712 ea
2045 671 2182 728 quae

526 747 818 820 gaudium
857 749 915 802 et
943 746 1310 819 voluptatem
1350 750 1655 819 praestant,
1689 745 1962 816 educere,
2005 749 2183 817 atque

527 853 595 893 ex
653 835 960 892 contrariis
1017 835 1316 891 contraria
1367 851 1740 906 comparare.
1799 835 1866 890 Et
1917 834 2183 906 primum

524 925 771 996 quidem
818 924 1146 996 Josephum
1189 923 1456 980 fraterna
1497 923 1726 980 invidia
1775 927 2052 979 vexatum
2104 921 2182 978 ad

524 1015 762 1086 ZEgypti
807 1014 1126 1086 imperium
1167 1014 1380 1069 evexit.
1423 1013 1542 1069 Nisi
1582 1013 1742 1068 enim
1794 1012 2006 1070 fratres
2051 1011 2182 1083 ejus

523 1101 759 1157 invidos
798 1100 859 1155 in
900 1101 1100 1172 ipsum
1130 1101 1339 1156 oculos
1374 1100 1786 1170 conjecissent,
1828 1099 2181 1170 neutiquam

522 1189 800 1244 venditus
838 1187 1064 1252 fuisset,
1102 1188 1474 1259 neutiquam,
1517 1188 1632 1243 nisi
1667 1188 1938 1244 venditus
1975 1192 2030 1242 et
2068 1202 2183 1241 ser-

521 1273 706 1339 viens,
761 1279 818 1328 et
869 1271 1170 1344 pudicitiae
1228 1288 1351 1328 non
1405 1272 1763 1328 erubescens
1821 1271 2179 1337 libertatem,

519 1362 791 1419 latuisset
831 1365 892 1417 in
926 1360 1182 1417 vinculis
1222 1361 1497 1418 detentus
1535 1378 1547 1416 :
1592 1362 1707 1417 nisi
1751 1361 2000 1418 vinculis
2043 1376 2183 1416 con-

521 1452 758 1508 strictus
795 1456 973 1520 esset,
1005 1452 1158 1508 duos
1185 1452 1434 1507 somniis
1477 1451 1818 1523 implicatos
1853 1467 1970 1506 non
2009 1451 2178 1506 extri-

521 1545 736 1606 casset,
785 1557 982 1613 neque
1031 1540 1170 1596 inde
1214 1541 1574 1596 innotuisset
1621 1541 1938 1605 Pharaoni,
1991 1555 2180 1611 neque

520 1631 730 1686 fuisset
772 1630 1108 1686 secundum
1153 1629 1314 1684 hunc
1355 1631 1605 1701 imperio
1655 1629 1889 1701 zEgypti
1935 1628 2177 1700 potitus.

1761 264 1999 319 PHOTII
2041 260 2525 318 PATRIARCHAE
2565 259 2673 316 CP.

3796 252 3897 308 196

2371 389 2508 461 Πρὸς
2539 382 2598 438 δέ
2628 405 2688 456 γε
2719 392 2825 445 τοῖς
2867 383 3146 456 εἰρημένοις
3191 384 3279 433 καὶ
3314 383 3371 431 τὸ
3419 379 3631 437 σύνηθες
3673 386 3763 437 τῆς
3807 384 3899 428 τοῦ

2297 484 2428 529 Θεοῦ
2462 481 2642 547 σοφίας
2693 474 2913 526 ἐνταῦθα
2951 472 3182 544 μάλιστα
3230 469 3676 543 παρρησιάζεται,
3747 473 3902 518 Ποῖον

2291 574 2444 618 τουτο
2506 584 2518 630 ;
2567 566 2751 616 Εῖωθεν
2811 566 2878 624 ως
2923 565 3109 614 ἐπίπαν
3158 562 3187 618 ἡ
3253 559 3609 630 ἀπερινόητος,
3673 559 3763 606 καὶ
3818 560 3902 604 ἀν-

2294 654 2581 727 έκφραστος
2636 649 2726 704 τοῦ
2790 660 2923 705 Θεοῦ
3000 655 3158 722 σοφία
3207 648 3260 701 ἐκ
3309 656 3408 699 τῶν
3489 645 3712 718 ἀνιαρῶν
3776 663 3903 716 προ-

2292 747 2455 816 άγειν,
2505 743 2538 794 ἃ
2591 748 2767 814 χαρᾶς
2820 740 2953 804 ἐστι,
3004 745 3092 791 καὶ
3133 738 3452 810 εὐφροσύνης
3482 735 3774 808 παρεκτικά
3811 737 3901 784 καὶ

2292 837 2346 886 ἐκ
2384 841 2485 885 τῶν
2543 831 2778 884 ἐναντίων
2837 830 3094 901 πηγάζειν
3149 829 3215 879 τά
3280 825 3618 896 ἀντικείμενα.
3699 821 3902 875 Αὐτίκα

2293 921 2347 974 ἐκ
2376 931 2472 983 τῆς
2503 920 2801 994 βασκανίας
2829 928 2929 971 τῶν
2980 915 3212 989 ἀδελφῶν
3247 918 3332 968 τὸν
3374 915 3566 984 Ἰωσήφ
3595 915 3681 964 τόν
3713 911 3902 982 φθονη-

2295 1014 2440 1064 θέντα
2493 1017 2583 1070 τῆς
2636 1009 2910 1080 Αἰγύπτου
2963 1011 3256 1064 κατέστησε
3302 1007 3500 1078 κύριον.
3546 1001 3605 1054 Εἰ
3663 1004 3733 1072 μὴ
3794 1001 3897 1070 γὰρ

2293 1103 2530 1173 φθονερὸν
2570 1101 2708 1166 αὐτῷ
2740 1096 2980 1150 ἐπέϐαλον
3023 1101 3166 1166 ἅμμα
3196 1098 3245 1146 οἱ
3273 1102 3371 1146 τῶν
3403 1089 3603 1144 ὠδίνων
3632 1093 3896 1153 κοινωνοὶ,

2292 1193 2385 1240 οὐκ
2429 1187 2488 1239 ἂν
2520 1186 2742 1262 ἐπράθη,
2776 1184 2869 1237 ούκ
2901 1185 2961 1235 ἂν
2993 1188 3064 1256 μη
3093 1185 3330 1256 πραθεὶς,
3370 1186 3459 1232 καὶ
3497 1176 3776 1244 δουλεύων,
3807 1180 3895 1227 xui

2291 1279 2384 1334 τὴν
2416 1283 2512 1336 τῆς
2543 1277 2881 1349 σωφροσύνης
2920 1273 3012 1325 oux
3053 1273 3323 1344 αἰσχύνων
3365 1269 3649 1340 ἐλευθερίαν
3691 1263 3899 1337 δεσμω·

2291 1371 2469 1438 τηριον
2500 1369 2701 1436 ᾤκησεν
2745 1383 2755 1395 ’
2790 1363 2834 1414 εἰ
2871 1367 2942 1434 μὴ
2985 1359 3202 1434 δέσμιος
3231 1359 3472 1431 ἐγεγόνει,
3524 1358 3619 1408 ούκ
3676 1355 3736 1408 ὄιν
3775 1359 3897 1416 τους

2292 1453 2504 1528 ὀνείροις
2546 1450 2873 1525 δεδεμένους,
2927 1448 3124 1504 διέλυεν
3158 1470 3170 1481 ·
3211 1449 3304 1502 οὐκ
3351 1448 3410 1500 ἂν
3458 1447 3644 1498 ἐκεῖθεν
3675 1444 3896 1517 ἐγνωρί-

2292 1547 2406 1604 ςετο
2439 1542 2666 1616 βασιλεῖ,
2693 1540 2816 1594 ούδε
2851 1547 2942 1599 τὴν
2970 1541 3086 1612 μετ’
3119 1540 3272 1592 αὑτὸν
3306 1538 3474 1612 ἀρχὴν
3502 1544 3597 1598 τῆς
3627 1535 3896 1606 Αἰγύπτου

2290 1632 2636 1706 ἐκεχείριστο.
2678 1632 2835 1703 Ὀρᾷς
2860 1630 3037 1688 ἡλίκον
3088 1629 3144 1681 ἐκ
3177 1631 3386 1701 φθόνου,
3413 1631 3502 1678 καὶ
3542 1621 3896 1697 μισαδελφίας

523 1721 723 1777 Cernis
761 1724 1056 1791 quantum
1098 1734 1171 1774 ex
1204 1718 1428 1774 invidia
1465 1718 1725 1790 odioque
1759 1719 2018 1774 fraterno
2056 1731 2173 1772 ma-

2289 1726 2378 1794 ἕφυ
2419 1722 2634 1793 ἀγαθὸν,
2667 1726 2757 1773 xui
2798 1723 2948 1781 ὅσαις
2979 1721 3002 1770 ό
3049 1723 3180 1779 Θεὸς
3214 1722 3297 1770 τὸν
3345 1717 3558 1786 Ἰωστηρ
3589 1712 3770 1776 δόξαις
3805 1733 3894 1764 xu-

520 1810 676 1865 narit
715 1808 968 1877 bonum,
1023 1812 1080 1864 et
1125 1811 1356 1879 quanta
1408 1809 1564 1863 Dens
1606 1807 1938 1879 Josephum
1990 1805 2178 1876 gloria

522 1898 828 1955 coronavit
851 1899 879 1954 7

592 1988 754 2042 Alius
783 1986 999 2042 deinde
1033 1987 1262 2043 Pharao
1293 1989 1501 2044 contra
1531 1986 1909 2043 lsraeliticam
1939 1988 2176 2055 gentem

519 2077 658 2133 odio
691 2077 926 2144 exarsit,
962 2092 1031 2131 ac
1059 2076 1276 2146 impius
1308 2077 1592 2132 masculis
1621 2075 1950 2131 infantibus
1981 2074 2176 2130 Nilum

517 2182 625 2240 pro
653 2164 926 2221 carniﬁce
958 2166 1280 2221 constituit.
1315 2171 1385 2221 At
1412 2182 1485 2221 ex
1514 2166 1670 2221 illius
1697 2165 1926 2220 feritate
1952 2164 2176 2220 factum

517 2259 623 2320 est,
670 2259 733 2309 ut
763 2271 870 2326 pro
900 2254 1288 2321 domuncula,
1329 2256 1388 2311 in
1419 2271 1544 2327 qua
1575 2255 1750 2309 simul
1782 2253 1952 2308 multi
2000 2254 2176 2322 dege-

516 2345 678 2409 bant,
714 2359 971 2416 quaeque
1006 2342 1153 2399 nihil
1189 2360 1222 2400 a
1257 2344 1473 2400 caeteris
1507 2342 1902 2416 popularibus
1941 2341 2174 2396 ditl'ere-

513 2433 640 2497 bat,
674 2434 733 2488 in
765 2432 900 2488 aula
930 2432 1346 2503 Aigyptiorum
1386 2449 1592 2503 regum
1624 2433 1858 2502 Moyses
1889 2430 2179 2485 enutrirc-

517 2527 631 2587 tur,
671 2521 810 2577 inde
848 2522 1053 2576 divina
1079 2521 1458 2578 Providentia
1487 2521 1834 2576 ostendente
1874 2520 2038 2592 quod
2072 2520 2176 2592 qui

517 2610 748 2666 insidiis
785 2610 1202 2681 impetcbatur,
1241 2610 1652 2666 insidiatorum
1687 2609 2004 2680 imperium
2044 2609 2177 2662 sub«

517 2704 757 2756 acturus
801 2703 973 2755 esset.
1013 2698 1304 2754 Nimirum
1344 2699 1526 2770 paulo
1565 2704 1700 2770 post
1737 2697 1947 2753 mortis
1996 2713 2178 2768 paena

517 2787 786 2844 atiiciens
824 2788 1184 2860 (Egyptium,
1225 2788 1326 2860 qui
1360 2804 1496 2843 eam
1529 2787 1848 2843 contribuli
1887 2803 1994 2843 suo
2034 2787 2177 2842 infe-

515 2878 700 2941 rebat,
757 2881 812 2932 et
857 2877 984 2946 jam
1043 2876 1308 2932 detectus
1365 2876 1523 2932 illinc
1585 2876 1752 2946 fugit,
1807 2892 1878 2932 ac
1936 2891 2174 2930 rursum

516 2965 700 3034 signis
713 2965 1122 3037 prodigiisque
1137 2965 1424 3030 munitus,
1441 2970 1649 3021 contra
1661 2965 2173 3037 exspectationem

517 3055 778 3124 exsurgit
810 3054 1182 3126 percutitque
1221 3058 1563 3126 Egyptum,
1607 3060 1663 3110 et
1702 3071 1873 3110 suam
1914 3054 2174 3125 denique

515 3150 751 3214 gentem
774 3161 808 3200 a
833 3145 985 3198 dura
1006 3143 1216 3200 liberat
1244 3144 1515 3199 servitute
1545 3162 1558 3200 ;
1582 3160 1686 3200 eos
1707 3149 1930 3212 autem,
1954 3144 2174 3215 quibus

516 3232 847 3287 serviebant
913 3233 1166 3300 Hebraei,
1234 3249 1374 3288 cum
1440 3233 1604 3288 omni
1667 3234 1930 3288 exercitu
1991 3233 2174 3288 maris

513 3320 792 3377 ﬂuctibus
842 3338 949 3392 pro
997 3321 1264 3376 ﬂuminis
1315 3323 1489 3393 aquis
1537 3323 1714 3377 tradit
1763 3321 2168 3378 sutl'ocandos.

515 3410 707 3477 Quare
745 3426 812 3464 ex
852 3426 922 3465 eo
961 3410 1105 3482 quia
1160 3410 1544 3466 Hebraeorum
1586 3411 1850 3466 insontes
1889 3411 1949 3465 in
1987 3411 2170 3465 ﬂuvio

514 3498 738 3553 enecati
765 3504 922 3565 sunt,
954 3505 1075 3553 tota
1103 3500 1263 3553 natio
1291 3515 1324 3553 a
1350 3499 1585 3554 servitio
1613 3499 1923 3570 redempta
1951 3505 2037 3554 est
2061 3517 2074 3566 ;
2101 3514 2170 3553 ac

512 3586 782 3644 fremitus
811 3588 1224 3658 Egyptiorum
1255 3603 1394 3642 cum
1421 3587 1564 3658 ipsis
1591 3589 1954 3657 agminibus,
1985 3587 2171 3642 curri-

511 3676 640 3742 bus,
675 3675 1153 3747 satellitibusque
1182 3675 1362 3731 ﬂuctu
1393 3676 1589 3732 obruti
1616 3682 1774 3731 sunt.

585 3858 652 3910 Et
692 3855 880 3912 multa
931 3855 1176 3928 quidem
1222 3855 1574 3926 huiusmodi
1623 3872 1695 3912 ex
1747 3856 1933 3912 sacris
1977 3856 2165 3913 Eccle-

514 3944 614 3999 siae
674 3945 935 4000 historiis
995 3945 1242 4000 collecta
1301 3951 1502 4016 posset
1564 3945 1866 4017 quispiam
1929 3945 1983 4000 in
2046 3962 2169 4001 me-

509 4033 678 4088 dium
709 4032 935 4089 afferre.
975 4032 1194 4089 Eadem
1224 4033 1426 4105 itaque
1462 4033 1689 4090 ratione
1718 4049 1825 4106 per
1853 4050 2168 4091 exsecran-

510 4121 652 4177 dam
674 4122 1127 4194 immanemque
1153 4137 1480 4194 puerorum
1507 4123 1726 4177 caedem
1754 4139 1984 4178 coronae
2008 4138 2163 4179 mar-

509 4211 740 4282 tyribus
797 4211 1018 4281 dignae,
1079 4217 1136 4266 et
1193 4209 1724 4267 immarcescibiles
1777 4211 1922 4283 ipsis
1974 4212 2164 4267 beatis

508 4299 914 4355 exﬂoruerunt
941 4305 1119 4372 atque
1149 4299 1388 4355 intextae
1419 4305 1558 4355 sunt
1599 4315 1613 4354 :
1647 4300 1770 4355 imo
1801 4298 2022 4356 factum
2055 4307 2160 4365 est,

508 4395 571 4443 ut
627 4389 817 4444 securi
867 4392 985 4445 Deo
1041 4389 1400 4454 sisterentur,
1461 4405 1531 4444 ac
1590 4394 1941 4460 perpetuam
1999 4389 2163 4445 illam

506 4478 792 4534 ineffabili
857 4478 1080 4548 gaudio
1147 4484 1200 4534 et
1264 4478 1536 4534 felicitate
1598 4493 1734 4533 cum
1798 4478 2165 4550 incorporeis

507 4567 838 4636 agminibus
877 4567 1156 4624 choream
1196 4568 1570 4640 plauderent,
1617 4567 2064 4638 beatissimaque
2108 4573 2165 4624 et

507 4657 767 4728 perfecta
818 4657 1175 4727 optabilium
1241 4649 1439 4713 rerum
1503 4658 1726 4713 visione
1779 4657 2158 4723 laetarentur;

504 4745 727 4817 quibus
756 4761 1035 4817 quaenam
1069 4746 1500 4802 interneciones
1540 4753 1594 4801 et
1621 4762 1907 4818 quaenam
1939 4747 2163 4818 suppli-

506 4835 736 4890 ciorum
763 4834 1115 4890 acerbitates
1139 4835 1451 4905 condignae
1477 4836 1935 4891 aestimabuntur
1953 4838 1981 4892 ?
2007 4837 2161 4900 Qua-

503 4929 746 4997 propter
791 4925 942 4979 adeo
973 4939 1092 4979 non
1127 4925 1478 4996 expediebat
1507 4926 1774 4996 iniquam
1805 4930 1859 4979 et
1900 4940 2160 4998 praepro-

504 5029 705 5084 peram
734 5013 1046 5069 int‘antium
1083 5021 1333 5069 mortem
1365 5030 1727 5087 quacunque
1758 5015 1986 5070 ratione
2017 5031 2158 5087 prae-

504 5102 741 5173 pedire;
796 5107 856 5159 ut
902 5103 1088 5158 multo
1133 5103 1346 5158 melius
1388 5104 1557 5160 fuerit
1602 5121 1735 5160 eam
1784 5105 2039 5176 permitti
2087 5122 2156 5162 ac

502 5192 846 5264 perpetrari,
876 5207 998 5264 quo
1023 5192 1136 5264 ipsi
1167 5193 1340 5248 tantis
1363 5193 1422 5247 in
1449 5200 1671 5249 aeterna
1697 5200 1751 5250 et
1779 5194 2154 5250 inenarrabili

500 5281 778 5338 beatitate
804 5281 1222 5353 pullulantibus
1249 5281 1420 5337 bonis
1448 5283 1911 5339 cumularentur.

570 5374 758 5442 Atque
795 5372 926 5427 haec
962 5371 1134 5443 quasi
1167 5371 1246 5426 ad
1276 5372 1635 5442 explendam
1675 5389 1859 5428 sacrae
1900 5374 2156 5430 scientia}

500 5462 886 5534 cupiditatem
920 5461 1019 5516 tibi
1051 5459 1371 5516 sufﬁciant.
1401 5462 1572 5527 Quod
1601 5463 1648 5518 si
1677 5463 1811 5533 quis
1842 5463 1903 5518 in
1933 5479 2156 5520 arcana

501 5566 638 5608 cum
697 5549 879 5608 Paulo
940 5549 1121 5608 verba
1181 5549 1503 5619 admissus,
1569 5553 1744 5611 nobis
1806 5553 2019 5610 melius
2083 5571 2155 5612 ea

2287 1810 2474 1881 τεστέψ
2483 1830 2573 1863 ατο
2606 1827 2619 1876 ;

2357 1989 2541 2051 ’Ἄλλος
2607 1989 2820 2060 ὕστερον
2895 1991 3080 2062 Φαραώ
3138 1987 3274 2037 κατά
3341 1991 3440 2045 τῆς
3499 1977 3896 2056 Ἰσραηλίτιδος

2288 2079 2449 2151 φυλῆς
2497 2079 2734 2150 ἐξεμάνη,
2791 2081 2879 2128 καὶ
2929 2084 3038 2137 τοῖς
3083 2083 3180 2127 τῶν
3227 2072 3428 2145 βρεφῶν
3468 2072 3651 2146 ἄρρεσι
3683 2075 3767 2123 τὸν
3801 2090 3893 2122 πο-

2286 2172 2446 2239 ταμόν
2500 2169 2525 2218 ό
2557 2168 2855 2241 παράνομος
2907 2164 3151 2221 ἐπενόησε
3203 2160 3414 2234 δήμιον.
3474 2161 3629 2214 Ἀλλά
3678 2159 3734 2212 ἐκ
3796 2167 3896 2220 τῆς

2287 2256 2476 2309 ἐκείνου
2526 2261 2820 2329 μιαιφονίας
2865 2257 2892 2306 ό
2930 2261 3161 2312 Μωυσῆς
3215 2252 3326 2304 ἀντὶ
3378 2259 3470 2312 τῆς
3523 2247 3666 2312 ἰδίας
3723 2249 3896 2308 ἑστίας

2285 2353 2404 2417 μιᾶς
2443 2355 2540 2397 τῶν
2586 2345 2780 2398 πολλῶν
2839 2348 3023 2408 οὔσης,
3063 2347 3154 2394 καὶ
3203 2338 3352 2394 οὐδὲν
3410 2349 3501 2400 τῆς
3554 2349 3652 2392 τῶν
3699 2340 3896 2410 ὁμοφύ-

2284 2435 2381 2486 λων
2423 2432 2778 2507 διαφερούσης
2832 2432 2880 2484 ἰν
2927 2439 3034 2493 τοῖς
3084 2439 3182 2482 τῶν
3238 2430 3536 2500 Αἰγυπτίων
3594 2426 3894 2501 ἀνακτόρων

2288 2523 2595 2599 ἀνετρέφετο,
2660 2523 2874 2574 αὐτόθεν
2940 2531 3031 2581 τῆς
3103 2523 3238 2579 θείας
3305 2523 3547 2592 προνοίας
3613 2513 3896 2574 ἐπιδηλού-

2290 2633 2408 2676 σης,
2463 2617 2526 2672 ὡς
2556 2613 2581 2663 ό
2617 2611 3082 2682 ἐπιϐουλευόμενος,
3133 2609 3287 2669 αὐτὸς
3346 2607 3600 2679 ἐγκρατὴς
3646 2615 3738 2665 τῆς
3792 2614 3892 2657 τῶν

2288 2702 2713 2754 ἐπιϐουλευόντων
2772 2697 3082 2759 δυναστείας
3160 2701 3323 2750 ἔσται.
3397 2695 3611 2749 Ἔπειτα
3660 2698 3760 2769 γάρ
3811 2691 3893 2746 δί-

2285 2812 2380 2853 κας
2426 2795 2578 2862 φόνου
2622 2789 2810 2854 λαϐὼν,
2868 2791 2992 2862 ὑπὲρ
3073 2789 3139 2838 ὧν
3210 2783 3387 2845 ἠδίκει
3437 2789 3523 2837 τὸν
3577 2783 3834 2857 ὁμόφυλον
3865 2786 3891 2837 ὁ

2286 2881 2592 2952 Αἰγύπτιος,
2635 2883 2723 2930 καὶ
2749 2879 3052 2951 κατάφωρος
3080 2881 3301 2947 γεγονώς
3331 2895 3383 2926 τε
3429 2874 3636 2942 ἐκεῖθεν,
3666 2877 3757 2924 καὶ
3790 2875 3892 2923 πά-

2283 2969 2363 3020 λιν
2397 2969 2691 3041 όχυρωθεὶς
2729 2971 2967 3038 σημείοις
2996 2985 3048 3018 τε
3083 2971 3171 3016 καὶ
3206 2970 3410 3036 τέρασι,
3441 2968 3530 3014 καὶ
3562 2965 3706 3036 παρὰ
3731 2959 3892 3024 δόξαν

2286 3058 2576 3131 ἐφίσταται,
2609 3063 2697 3108 xui
2729 3057 2974 3127 μαστίζει
3003 3060 3096 3112 τὴν
3131 3057 3396 3124 Αἴγυπτον
3439 3068 3452 3082 ·
3487 3057 3576 3104 καὶ
3599 3052 3741 3113 τέλος
3771 3056 3893 3113 τούς

2285 3152 2373 3220 μὲν
2404 3147 2687 3218 ὁμοφύλους
2718 3154 2811 3208 τῆς
2852 3146 3086 3217 χαλεπῆς
3135 3141 3374 3204 δουλείας
3406 3141 3688 3194 ἀπαλάττει
3723 3161 3734 3172 ·
3768 3146 3892 3203 τούς

2286 3235 2344 3290 δὲ
2392 3233 2958 3306 καταδουλωσαμένους
3030 3238 3362 3307 πανστρατιᾲ
3441 3230 3698 3292 θαλάττης
3776 3229 3893 3283 ἀντὶ

2283 3335 2378 3388 τῆς
2425 3330 2686 3396 ποταμίου
2731 3328 3030 3396 μιαιφονίας
3071 3321 3397 3392 ἐναποπνίγει
3425 3322 3700 3395 ῥεύμασιν.
3731 3327 3893 3372 Ὥστε

2282 3414 2337 3476 ἐξ
2367 3416 2435 3465 ὧν
2467 3416 2491 3465 ὁ
2525 3418 2710 3486 Φαραὼ
2741 3416 2803 3464 ru
2844 3421 2942 3464 τῶν
2970 3411 3216 3484 Ἐϐραίων
3250 3410 3416 3486 βρέφη
3449 3414 3691 3480 ποταμίῳ
3724 3411 3890 3460 θανά-

2281 3524 2351 3574 τῳ
2377 3501 2783 3570 κατεδικάσατο,
2826 3501 2880 3553 ἐκ
2925 3505 3118 3553 τούτων
3149 3521 3202 3553 τε
3231 3504 3288 3552 τό
3319 3505 3459 3571 γένος
3481 3499 3616 3551 ἅπαν
3649 3498 3887 3556 ἀνεσώθη

2280 3601 2373 3653 τῆς
2404 3594 2797 3665 αἰχμαλωσίας,
2837 3597 2926 3643 καὶ
2950 3600 3047 3642 τῶν
3077 3590 3363 3661 Αἰγυπτίαν
3389 3594 3448 3641 τὸ
3471 3591 3721 3662 φρύαγμα
3753 3588 3885 3660 αὐτῇ

2282 3689 2521 3756 στρατιᾷ,
2557 3687 2646 3733 καὶ
2677 3682 2896 3754 ἅρμασι,
2931 3684 3018 3731 καὶ
3049 3681 3357 3753 τριστάταις
3385 3677 3712 3752 ὑποϐρύχιον
3732 3684 3890 3749 γεγό-

2277 3790 2416 3823 νασι.

2354 3865 2452 3912 Καὶ
2481 3859 2637 3912 πολλὰ
2679 3867 2898 3912 τοιαῦτα
2927 3860 2983 3911 ἐκ
3009 3867 3108 3910 τῶν
3161 3859 3304 3932 ἱερῶν
3351 3856 3606 3928 λειμώνων
3636 3863 3733 3917 τῆς
3768 3855 3887 3908 Ἐκ-

2277 3948 2502 4010 κλησίας
2549 3948 3027 4021 ἀνθολογησάμενος
3077 3943 3393 4008 ἐπιδείξειεν.
3449 3946 3600 3996 Οὕτω
3634 3943 3711 4007 δε,
3746 3944 3886 3996 οὕτω

2277 4043 2366 4089 καὶ
2412 4034 2505 4089 διά
2548 4046 2644 4098 τῆς
2702 4036 2980 4109 ἀλάστορος
3041 4040 3131 4087 καὶ
3170 4034 3500 4105 παλαμναίας
3538 4043 3638 4085 τῶν
3682 4038 3885 4090 νηπίων

2279 4135 2484 4198 σφαγῆς
2515 4129 2562 4178 οὶ
2591 4130 2904 4198 μαρτυρικοί
2948 4143 3018 4188 τε,
3051 4129 3139 4176 καὶ
3181 4123 3436 4197 ἀκήρατοι
3465 4129 3572 4184 τοῖς
3598 4126 3885 4196 μακαρίοις

2277 4215 2562 4278 ἐξήνθησαν
2603 4235 2675 4280 τε,
2704 4220 2792 4266 καὶ
2825 4211 3182 4271 διεπλάκησαν
3237 4217 3479 4283 στέφανοι
3525 4228 3539 4241 ⁸
3571 4215 3661 4262 καὶ
3693 4214 3754 4262 τὸ
3788 4215 3883 4262 σὺν

2275 4305 2546 4380 παρρησία
2576 4305 2938 4377 παρίστασθαί
2985 4321 3037 4355 τε
3082 4311 3154 4372 τῷ
3209 4309 3343 4372 Θεῷ,
3392 4306 3482 4352 καὶ
3529 4305 3622 4358 τὴν
3655 4299 3881 4357 ἀληκτον

2275 4395 2467 4452 ἐκείνην
2490 4393 2538 4445 ἐν
2566 4390 2843 4464 ἀδιηγήτῳ
2863 4397 3029 4464 χαρᾷ,
3057 4395 3146 4443 καὶ
3177 4391 3461 4464 εὐφροσύνη
3487 4394 3583 4440 σύν
3603 4397 3707 4448 τοῖς
3737 4389 3880 4440 ἀσω-

2273 4486 2454 4556 μάτοις
2492 4487 2724 4554 τάγμασι
2757 4482 3130 4544 συνεξελίσσειν
3162 4484 3394 4551 χορείαν,
3440 4483 3530 4529 xui
3585 4487 3677 4530 τοῦ
3708 4497 3882 4549 μακα-

2272 4577 2552 4647 ριωτάτου,
2580 4577 2668 4623 καὶ
2713 4570 3004 4645 ἀκροτάτου
3058 4578 3157 4621 τῶν
3195 4569 3414 4641 ὀρεκτῶν
3447 4566 3723 4619 ἀπολαύειν
3768 4569 3880 4619 θεά-

2272 4682 2431 4735 ματος
2457 4681 2468 4694 ο
2495 4663 2560 4712 ὧν
2590 4667 2747 4714 πόσαι
2793 4665 3012 4732 σφαγαὶ,
3049 4665 3195 4710 ποῖαι
3235 4654 3295 4710 δε
3322 4665 3580 4730 τιμωριῶν
3610 4652 3882 4728 δριμύτη-

2272 4771 2351 4812 τες
2391 4751 2606 4813 ἀντάξια
2638 4751 3094 4822 λογισθήσονται;
3144 4747 3305 4799 ”Ωστε
3350 4747 3409 4798 ού
3464 4751 3616 4818 μόνον
3669 4745 3765 4797 οὐκ
3813 4743 3878 4803 ἦν

2271 4842 2476 4913 ἄμεινον
2499 4837 2788 4912 οὐδαμόθεν
2815 4840 3056 4909 ἐπισχεῖν
3098 4840 3184 4888 τὸν
3217 4836 3478 4907 ἓχθεσμόν
3510 4854 3582 4898 τε,
3634 4839 3726 4886 καὶ
3773 4836 3880 4886 iu-

2269 4950 2357 5004 ρον
2383 4938 2482 4982 τῶν
2535 4928 2734 5002 βρεφῶν
2781 4930 2997 4980 θάνατον
3044 4943 3056 4956 ⁸
3109 4925 3235 4977 ἀλλὰ
3278 4930 3368 4976 καὶ
3410 4924 3581 4994 πολλῷ
3624 4932 3875 4996 κρεῖσσον

2269 5019 2520 5092 ἐναφεῖναί
2550 5039 2602 5071 τε
2631 5024 2720 5070 καὶ
2771 5014 3007 5070 ἐνδοῦναι
3055 5015 3315 5090 προελθεῖν
3372 5016 3636 5066 τοσούτων
3689 5013 3877 5075 αὖτοίς

2268 5108 2454 5161 ἐκεῖθεν
2506 5108 2722 5160 αἰωνίων
2776 5125 2828 5159 τε
2872 5111 2962 5158 καὶ
3020 5101 3321 5176 ἀδιηγήτων
3363 5101 3875 5162 ἀναϐλαστησάντων

2267 5200 2499 5270 ἀγαθῶν,

2337 5377 2497 5431 Ἀλλά
2542 5385 2706 5430 ταῦτα
2757 5379 2846 5448 μεν
2910 5376 3039 5428 ἔστω
3092 5393 3177 5427 σοι
3234 5379 3330 5435 τῆς
3377 5374 3514 5447 ἱερᾶς
3553 5371 3876 5445 φιλομαθίας

2264 5471 2436 5540 ὥσπερ
2480 5487 2553 5528 τις
2600 5469 2709 5537 ἱερά
2757 5467 3067 5538 ἀφοσίωσις.
3123 5463 3184 5516 Εἰ
3234 5460 3292 5515 δέ
3344 5483 3423 5525 τις
3481 5471 3581 5515 τῶν
3641 5461 3880 5538 ἀπορῥή.

2262 5576 2362 5609 των
2425 5563 2514 5610 τοῦ
2579 5555 2784 5609 Παύλου
2836 5556 3082 5630 ῥημάτων
3133 5556 3342 5629 μύστης
3393 5557 3638 5627 γεγονὼς,
3701 5571 3880 5627 μυστ-
