3950 6180
586 277 691 331 199

1809 272 2045 329 PHOTII
2086 272 2571 331 PATRIABCHAE
2610 275 2722 331 CP.
3757 285 3847 341 200

586 399 918 455 admodum
976 398 1225 454 nomina
1262 397 1446 453 homo
1476 401 1531 453 et
1580 398 1912 455 humanitas
1968 414 2089 454 non
2156 415 2198 455 ai

2343 402 2371 457 ἡ
2448 400 2785 475 ἀνθρωποτης
2837 400 2931 452 ούκ
2982 400 3150 468 ἄλλον,
3195 407 3281 453 καὶ
3330 402 3467 454 ἄλλον
3504 403 3848 478 παραδεχόμενοι

585 488 771 545 alium
798 492 977 561 atque
1015 487 1195 543 alium
1238 502 1480 542 sensum
1507 493 1769 559 spectant
1804 505 1818 553 ;
1858 492 1917 543 et
1940 488 2232 544 nihilomi-

584 594 700 635 nus
721 578 861 634 illud
886 579 957 634 de
984 578 1227 633 Socrate
1249 575 1413 632 nullo
1430 575 1861 648 impedimento
1892 584 2230 649 usurpatur,

582 668 695 725 hoc
750 674 950 723 autem
1004 682 1391 739 nequaquam
1436 684 1449 731 ;
1500 664 1582 721 ita
1630 682 1873 738 quoque
1913 682 2088 723 voces
2119 667 2230 723 illa:

584 759 734 813 Deus
791 762 845 812 et
884 756 1095 820 Deitas,
1152 754 1286 811 licet
1324 754 1591 811 diversas
1647 755 1814 811 ideas
1869 772 1991 812 non
2048 757 2231 812 conti-

582 854 782 911 neant,
808 850 1107 917 nequeant
1136 850 1336 900 tamen
1364 844 1438 899 de
1464 844 1679 900 divinis
1712 846 1980 917 personis
2012 845 2231 917 pariter

580 936 697 992 dici
734 936 762 991 ?
800 938 871 991 At
923 934 1077 990 dicet
1123 932 1373 989 fortasse
1428 932 1856 1003 elegantiorum
1913 933 2227 991 hominum

578 1025 900 1098 quispiam,
933 1022 1093 1095 quod
1124 1027 1341 1093 augeat
1366 1022 1498 1086 hoc,
1541 1037 1661 1079 non
1701 1023 1889 1078 diluat
1920 1023 2227 1095 propositas

579 1114 924 1188 quaestionis
945 1112 1348 1168 difﬁcultatem
1374 1131 1389 1181 ;
1416 1118 1592 1184 atque
1620 1112 1916 1183 petitionis
1952 1113 2224 1185 principii

578 1202 978 1275 suspicionem
1007 1201 1252 1257 minime
1290 1199 1553 1272 effugiat.
1597 1204 1710 1257 Hos
1740 1206 1939 1257 autem
1978 1216 2106 1257 rem
2136 1218 2229 1258 ac-

576 1296 776 1349 curate
798 1307 915 1347 non
947 1290 1125 1345 fuisse
1157 1294 1463 1345 assecutos
1488 1288 1627 1344 inde
1660 1294 1837 1361 patet,
1861 1290 2027 1361 quod
2048 1306 2167 1345 non
2195 1306 2227 1347 ο

573 1399 635 1438 re
676 1379 851 1437 simili
889 1380 968 1436 ad
1018 1395 1145 1435 rem
1184 1384 1547 1450 proposttam
1605 1378 1665 1433 in
1728 1379 2061 1451 quastione
2123 1378 2227 1435 ﬁat

574 1470 863 1535 transitio,
892 1485 1083 1540 neque
1109 1467 1168 1522 id
1186 1466 1608 1523 obscuritatem
1631 1475 1865 1537 augeat,
1891 1469 2013 1523 imo
2031 1483 2225 1541 neque

572 1561 829 1632 primam
891 1556 1297 1626 interrogandi
1355 1571 1625 1621 causam,
1684 1556 1858 1628 quasi
1899 1556 2222 1626 cognitam,

573 1652 875 1721 supponat
923 1664 934 1701 :
1001 1651 1179 1717 atque
1232 1645 1373 1700 hinc
1412 1645 1607 1716 potius
1668 1646 1759 1701 isti
1818 1651 2047 1701 rectum
2104 1663 2223 1703 non

2342 490 2510 561 λογον,
2563 491 2700 561 ὅμως
2749 494 2806 541 τὸ
2870 492 2959 560 μὲν
3017 489 3217 561 λέγεται
3270 495 3397 542 κατά
3464 500 3544 543 τού
3597 498 3847 567 Σωκράτους

2343 578 2638 645 ἀκωλύτως,
2677 582 2733 629 τὸ
2786 574 2845 630 δε
2888 578 3077 630 ούκέτι·
3127 580 3259 631 ούτω
3297 585 3377 631 καὶ
3416 581 3583 642 ἠΘιός
3609 588 3743 652 φωνή,
3782 591 3849 636 καί

2342 672 2369 727 ἡ
2411 674 2627 734 Θεοτης,
2676 668 2769 720 ούκ
2806 668 2873 729 είς
2915 669 3100 741 ἕτερον,
3155 674 3243 720 καὶ
3291 670 3445 735 ἕτερον
3487 668 3855 743 ἀναπτυσσομενα

2338 763 2525 829 νόημα,
2583 758 2687 829 ούχ
2752 760 2943 829 ὁμοίως
3008 753 3255 810 δύνανται
3327 763 3411 810 καὶ
3469 766 3555 811 τῶν
3614 760 3851 831 θεαρχικών

2339 849 2675 900 ύποστάσεων
2730 846 3018 916 λέγεσθαι;
3090 846 3244 899 Ἀλλά
3293 850 3466 899 εἴποιεν
3514 848 3568 898 άν
3628 867 3693 908 τις
3754 852 3854 910 ἴσως

2338 945 2438 989 τῶν
2496 940 2867 1011 χαριεστέρωνο
2920 939 2984 995 ὡς
3033 935 3255 998 αὔξησίς
3307 936 3458 1001 ἔστιν,
3516 935 3568 987 ού
3614 936 3738 997 λύσις
3784 946 3853 987 τοῦ

2339 1024 2675 1099 ἀπορήματος
2723 1032 2899 1088 τοῦτο,
2931 1030 3019 1075 καὶ
3057 1028 3149 1082 τὴν
3193 1032 3283 1077 τοῦ
3325 1024 3406 1075 ἀπ’
3454 1023 3611 1098 ἀρχῆς
3646 1024 3855 1085 αἰτεῖσθαι

2338 1115 2565 1185 ύπορίαν
2608 1114 2701 1167 ούκ
2749 1113 3001 1185 ἐκφεύγει.
3048 1118 3183 1176 Τούς
3230 1110 3287 1165 δε
3337 1115 3509 1185 μάθοις
3561 1111 3614 1162 ἀν
3659 1111 3853 1169 έντεύθεν,

2336 1208 2405 1267 ὡς
2458 1201 2769 1275 διαπέφευγε
2816 1206 2874 1254 τὸ
2931 1200 3161 1275 ἀκριϐές·
3214 1202 3272 1255 ού
3318 1206 3413 1275 γὰρ
3450 1201 3543 1253 ἀπὸ
3590 1208 3667 1253 τού
3711 1203 3853 1272 ὁμοίου

2334 1297 2464 1367 πρὸς
2520 1297 2577 1345 τό
2643 1297 2971 1365 προκείμενον
3027 1291 3109 1344 ἐπὶ
3172 1293 3391 1353 ζήτησιν
3448 1288 3721 1363 μετάϐασις,
3769 1293 3857 1341 οὔτε

2335 1386 2573 1457 κρατύνει
2623 1381 2812 1454 μᾶλλον
2868 1386 2926 1434 τὸ
2997 1383 3209 1453 ἄπορον·
3288 1380 3389 1432 ἀλλ’
3445 1376 3553 1431 ούδ’
3616 1377 3857 1451 έπισύρεται

2333 1478 2426 1531 την
2471 1474 2636 1524 αἰτίαν
2680 1479 2771 1523 τοῦ
2804 1471 3051 1544 ἀπαρχῆς
3080 1471 3359 1523 αἰτεῖσθαι”
3404 1468 3578 1521 ἐκεῖθεν
3620 1466 3671 1519 δι
3713 1466 3857 1538 μᾶλλον

2336 1559 2675 1633 διελέγχοιντ⁹
2717 1562 2777 1611 ἄν
2817 1560 2910 1611 ούκ
2950 1559 3107 1631 ὀρθὴν
3148 1559 3439 1618 ὑπελθόντες
3481 1562 3566 1614 τήν
3616 1561 3776 1627 κρίσιν.
3803 1558 3853 1605 Τὸ

2332 1655 2431 1724 γὰρ
2465 1654 2586 1725 όρᾴν
2627 1649 2673 1701 ἐν
2720 1649 3027 1721 φυσιολογίᾳ
3068 1652 3313 1706 τοιαύτην
3358 1648 3603 1718 ὀνομάτων
3649 1646 3782 1707 θέσιν,
3824 1642 3859 1691 ἐν

570 1738 778 1794 tulisse
820 1734 1113 1806 judicium
1163 1742 1514 1803 arguuntur.
1569 1734 1627 1790 Si
1671 1735 1830 1789 enim
1886 1734 1945 1789 in
1992 1740 2198 1791 natura

2334 1744 2405 1801 οἷς
2436 1746 2524 1792 καὶ
2571 1744 2629 1791 τὸ
2677 1742 2865 1790 ταυτὸν
2909 1741 2966 1790 ού
3020 1738 3342 1810 λυμαίνεται,
3388 1741 3473 1788 καὶ
3517 1739 3636 1806 πρὸς
3681 1736 3727 1783 τὸ
3767 1749 3858 1781 κατ-

572 1841 845 1882 sermone
865 1822 1213 1894 hujusmodi
1228 1822 1653 1880 vocabulorum
1669 1823 1929 1879 conditio
1952 1824 2223 1881 animad-

570 1916 814 1971 vertitur
853 1914 913 1969 in
961 1912 1071 1967 illis
1117 1912 1317 1977 rebus,
1382 1912 1441 1966 in
1491 1912 1713 1984 quibus
1763 1912 2044 1968 identitas
2106 1929 2223 1969 non

568 2005 822 2073 laeditur,
864 2008 1037 2074 atque
1092 2002 1151 2056 in
1190 2001 1703 2057 enuntiationibus
1745 2001 1875 2073 ipsa
1933 2002 2224 2058 vocabula

569 2110 744 2149 usum
776 2108 894 2148 non
938 2090 1191 2146 similem
1226 2089 1448 2145 habent
1490 2111 1501 2156 ;
1544 2090 1853 2162 quomodo
1891 2090 2132 2146 evidens
2170 2095 2225 2147 et

567 2183 954 2255 perspicuum
979 2196 1096 2236 non
1137 2183 1243 2246 est,
1286 2179 1451 2251 quod
1489 2195 1684 2251 neque
1732 2179 2076 2235 abstrusum
2120 2196 2224 2252 pu-

567 2272 812 2328 tandum
836 2271 929 2338 sit,
962 2285 1155 2341 neque
1182 2268 1519 2324 absurdum
1550 2269 1610 2323 in
1651 2268 1971 2338 theologia,
2012 2286 2147 2341 quas
2188 2286 2223 2325 a

566 2362 809 2416 materie
847 2360 1028 2429 longo
1068 2356 1373 2413 intervallo
1413 2357 1609 2422 distat,
1663 2374 1907 2429 quasque
1955 2360 2222 2414 maxima

563 2449 912 2503 difficultate
933 2448 1269 2502 humanam
1294 2452 1551 2501 mentem
1574 2447 1977 2518 undequaque
1993 2448 2221 2516 gravio-

564 2537 722 2591 ribus
755 2535 1018 2606 implicat
1055 2535 1509 2605 quaestionibus,
1540 2535 1601 2589 in
1631 2533 1842 2606 quibus
1875 2551 2068 2606 neque
2102 2535 2219 2591 ulla

564 2625 681 2680 alia
710 2640 855 2679 voce
884 2622 1257 2678 adamussim
1285 2621 1419 2677 licet
1447 2622 1822 2692 quaestionem
1846 2626 2171 2695 exprimere
2200 2642 2217 2689 ;

562 2714 623 2769 in
656 2714 769 2778 his,
799 2712 1063 2784 inquam.
1102 2726 1345 2783 quoque
1386 2711 1567 2766 modo
1597 2711 2215 2782 hujusmodicommi-

562 2802 709 2858 nisci
769 2818 944 2857 usum
1002 2798 1461 2864 vocabulorum,
1525 2816 1677 2871 quae,
1746 2800 1978 2856 etiamsi
2037 2803 2216 2857 rebus

561 2891 858 2963 corporeis
918 2890 1099 2946 veteri
1152 2893 1206 2943 et
1244 2894 1481 2961 recepto
1518 2889 1746 2959 judicio
1806 2890 2211 2958 accomodari,

560 2986 737 3053 atque
779 2979 936 3035 idem
999 2976 1335 3047 signiﬁcare
1378 2977 1715 3043 videantur,
1758 2978 1970 3034 eodem
2013 2984 2211 3035 tamen

560 3075 735 3142 pacto
760 3068 1069 3141 praedicari
1098 3082 1219 3122 non
1252 3072 1507 3138 possunt
1535 3065 1563 3121 ?
1593 3066 1847 3123 Ubinam
1874 3069 2075 3139 itaque
2106 3069 2213 3124 dif-
2244 3093 2284 3148 ρ

558 3158 791 3214 ﬁcultas
820 3157 917 3213 hic
946 3161 1217 3226 augetur,
1249 3160 1351 3212 aut
1376 3172 1559 3211 causa
1583 3172 1689 3227 pro
1712 3173 1895 3212 causa
1917 3158 2161 3229 ponitur
2185 3159 2213 3213 ‘I

629 3247 775 3302 Novi
806 3252 1005 3301 autem
1036 3244 1358 3316 quosdam,
1393 3245 1495 3317 qui
1524 3244 1775 3300 dubium
1808 3245 2032 3301 diluere
2054 3246 2213 3301 arbi-

557 3340 783 3390 trantur
804 3334 1135 3400 hominem,
1164 3349 1231 3388 ac
1258 3339 1558 3397 naturam,
1595 3336 1970 3406 speciemque
2000 3335 2212 3391 huma-

554 3439 699 3479 nam
731 3421 1115 3486 assumendo,
1144 3437 1280 3493 quas
1311 3421 1765 3492 quodammodo
1792 3424 1849 3477 in
1877 3423 2036 3479 idem
2062 3424 2207 3480 invi-

554 3527 684 3566 cem
715 3510 1027 3566 concidere
1054 3510 1326 3564 videntur
1352 3525 1364 3575 ;
1394 3508 1453 3564 in
1485 3510 1740 3565 Socratis
1769 3516 1967 3566 autem
1997 3513 2209 3583 praedi-

553 3600 783 3656 catione
808 3598 1227 3665 diversitatem,
1252 3613 1373 3653 non
1401 3598 1837 3655 covenientiam
1880 3600 2204 3670 proferunt.

554 3689 824 3744 Socrates
848 3686 1005 3741 enim
1028 3686 1204 3741 homo
1232 3686 1479 3757 quidem
1502 3687 1734 3752 dicitur,
1768 3695 1827 3744 at
1850 3704 2044 3761 neque
2075 3706 2205 3762 spe-

551 3776 689 3842 cies,
724 3791 917 3847 neque
947 3778 1181 3840 natura,
1216 3774 1263 3829 si
1294 3774 1381 3829 vis
1407 3779 1630 3839 autem,
1658 3792 1849 3848 neque
1890 3775 2083 3834 forma
2113 3780 2205 3835 his

548 3866 871 3936 conjuncta
892 3862 1179 3934 appellari
1211 3863 1441 3934 poterit.
1470 3866 1581 3919 llos
1607 3872 1805 3921 autem
1828 3866 1994 3937 fugit,
2027 3874 2083 3923 ut
2119 3869 2204 3925 vi-

548 3954 738 4019 detur,
772 3952 1079 4024 quomodo
1115 3952 1189 4007 sit
1214 3951 1287 4008 de
1318 3952 1664 4008 nominibus
1696 3954 2112 4024 judicandum,
2146 3964 2199 4014 et

546 4042 709 4115 quod
747 4056 1123 4114 quaecunque
1164 4041 1241 4097 ad
1280 4041 1563 4113 physicas
1601 4058 1695 4097 res
1743 4046 1989 4100 nomina
2027 4048 2199 4117 perti-

546 4137 691 4187 nent
720 4131 853 4203 ipsa
883 4129 961 4186 ad
990 4146 1083 4185 res
1106 4128 1467 4199 signiﬁcatas
1490 4130 1835 4195 luculenter,
1862 4148 1931 4187 ac
1960 4136 2197 4205 proprii:

544 4222 808 4278 ferantur
840 4238 851 4275 :
892 4235 1025 4292 quae
1056 4235 1193 4275 vero
1221 4237 1254 4274 a
1292 4219 1602 4276 dialectica
1628 4220 1894 4275 oriuntur
1925 4223 2196 4294 specula-

542 4312 721 4377 tione,
754 4314 807 4365 et
863 4308 1226 4365 dialecticum
1249 4309 1577 4381 quemdam
1600 4310 2193 4379 involvuntsensum,

2334 1831 2640 1905 ηγορεῖσθαι
2688 1832 2779 1885 την
2827 1832 3011 1900 χρείαν
3070 1826 3175 1899 ούχ
3226 1828 3407 1898 ὁμοίαν
3460 1826 3738 1895 παρέχεται,
3777 1826 3860 1877 πῶς

2332 1920 2447 1972 έστι
2502 1923 2670 1988 σαφής
2726 1936 2802 1979 τε,
2870 1922 2958 1967 καὶ
3016 1914 3381 1989 ἀναντίῤῥητος
3448 1914 3747 1986 παράστασις
3792 1912 3860 1957 τον

2332 2004 2496 2081 μηδὲν
2536 2008 2728 2078 ἄπορον
2767 2005 3014 2075 νομίζειν,
3066 2001 3205 2076 μηδὲ
3235 2002 3523 2075 παράλογον
3566 1999 3609 2050 ἐν
3638 2006 3688 2068 τῇ
3732 1994 3860 2060 πολλῴ

2331 2104 2423 2157 τῆς
2481 2094 2608 2155 ύλης
2680 2095 3024 2167 ύπερκαιμένη
3093 2092 3203 2163 (46)
3292 2091 3541 2161 θεολογίᾳ,
3611 2092 3690 2137 καὶ
3739 2082 3860 2151 πολλῇ

2331 2185 2658 2255 πανταχόθεν
2711 2186 2797 2233 τὸν
2851 2181 3169 2255 ἀνθρώπινον
3207 2189 3326 2233 νούν
3375 2179 3422 2232 έν
3469 2180 3572 2237 τοῖς
3616 2174 3863 2247 βαθυτέροις

2331 2282 2429 2324 τῶν
2465 2274 2780 2343 ζητημάτων
2819 2270 3013 2345 ἀπορίᾳ
3051 2272 3508 2342 περιτειχιζούση,
3550 2264 3615 2337 ἐφ’
3660 2264 3718 2314 ὧν
3750 2257 3866 2313 ούδεν

2331 2358 2452 2413 οὐδὲ
2494 2370 2592 2412 τῶν
2640 2360 2800 2412 ἄλλων
2854 2360 3115 2432 ὀνομάτων
3169 2355 3346 2411 οὐδενὶ
3374 2359 3496 2432 ῥᾲὸν
3537 2354 3636 2407 ἔστι
3677 2348 3865 2407 δηλῶσαι

2331 2459 2419 2502 τού
2467 2452 2784 2521 ζητουμένου
2844 2454 2937 2507 τὴν
2981 2448 3268 2520 ἀκρίϐειαν·
3321 2447 3404 2500 ἐπὶ
3460 2448 3642 2497 τούτων
3682 2440 3868 2511 ἀμωσγέ-

2328 2559 2437 2601 πως
2488 2542 2733 2595 τοιαύτην
2806 2546 2980 2609 φωνών
3055 2536 3375 2612 ἀνευρίσκειν
3442 2542 3650 2607 χρῆσιν,
3703 2531 3747 2579 αῖ
3798 2528 3867 2575 κάν

2328 2636 2434 2688 τοῖς
2475 2626 2663 2686 ένύλοις
2715 2629 2936 2699 ὁρῶνται
2976 2626 3173 2696 παλαιᾲ
3226 2631 3319 2678 καὶ
3360 2625 3568 2682 συνήθει
3617 2624 3764 2694 κρίσει
3813 2613 3870 2664 ἑν-

2326 2735 2697 2789 αρμοττουσαι,
2759 2720 2847 2766 καὶ
2896 2724 2985 2775 τῆς
3014 2719 3103 2787 μὲν
3155 2722 3478 2773 ταυτότητος
3518 2711 3605 2762 ουκ
3649 2706 3870 2774 έξιστάμευ

2324 2826 2428 2862 ναι.
2475 2804 2522 2855 έν
2573 2802 2631 2857 δε
2679 2813 2750 2875 τῷ
2803 2804 3213 2876 κατηγορεῖσθαι
3264 2801 3629 2867 διιστάμεναῆ
3661 2802 3751 2848 ιῐου
3792 2795 3870 2843 τοί-

2323 2914 2411 2945 νυν
2465 2893 2684 2945 ένταύθα
2739 2895 2765 2951 η
2822 2902 2915 2955 τῆς
2962 2892 3179 2967 ἀπορίας
3233 2894 3499 2956 ἐπίτασις,
3551 2893 3578 2947 ἦ
3624 2896 3709 2947 τῆς
3747 2881 3870 2938 ὧλλίῖ

2325 2982 2496 3043 αἰτίας
2522 2982 2783 3053 ὑπόληψις
2808 2999 2820 3048 ;

2392 3253 2541 3311 Τινάς
2595 3247 2652 3302 δὴ
2698 3250 2835 3303 λύειν
2873 3255 3184 3323 νομίσαντας
3214 3247 3346 3303 οἶδα
3376 3249 3432 3301 έκ
3472 3256 3563 3301 τοῦ
3605 3248 3684 3297 τὸν
3722 3242 3874 3310 ἀνθρω-

2322 3359 2415 3391 πον
2454 3339 2787 3414 παραλαϐεῖν,
2846 3345 2935 3391 καὶ
2986 3345 3079 3398 τὴν
3130 3343 3307 3411 φύσιν,
3363 3344 3456 3391 καὶ
3532 3340 3588 3388 τὸ
3657 3328 3788 3389 εἶδος·
3849 3344 3872 3373 α

2322 3424 2470 3480 δοκεῖ
2499 3433 2588 3501 μέν
2621 3448 2723 3490 πως
2773 3428 3010 3491 ἀλληλοις
3060 3428 3130 3490 εἰς
3169 3434 3364 3481 ταυτὸν
3401 3430 3643 3481 συνιέναι·
3677 3420 3719 3473 έν
3747 3414 3793 3470 δε

2319 3526 2411 3569 τοῦ
2473 3521 2775 3591 Σωκράτους
2822 3522 3117 3592 κατηγορίᾳ
3168 3522 3261 3575 τὴν
3328 3515 3615 3570 διάστασιν
3672 3509 3769 3561 ἀντὶ
3808 3510 3875 3559 τῆς

2319 3607 2597 3679 ὁμολογίας
2649 3607 3033 3670 ἐξοικειοῦνται.
3086 3609 3394 3681 Ἀνθρωπος
3449 3609 3539 3677 μὶν
3588 3604 3685 3675 γὰρ
3730 3601 3755 3648 ὅ
3798 3600 3875 3646 Σω-

2316 3698 2532 3770 κράτης,
2574 3700 2691 3748 οὔτε
2727 3693 2786 3748 δε
2817 3693 2971 3763 εἶδος,
3005 3698 3121 3748 οὔτε
3171 3699 3347 3767 φύσις,
3388 3695 3437 3748 εἰ
3482 3693 3652 3766 βούλει
3695 3684 3764 3752 δὲ,
3792 3681 3876 3733 οὗθ’

2316 3786 2345 3842 ἡ
2401 3790 2775 3858 συνταττομένη
2825 3787 3021 3846 τούτοις
3064 3790 3235 3857 μορφὴ
3282 3781 3495 3837 δύναιτ’
3549 3784 3607 3833 ἄν
3659 3774 3875 3847 W690“-

2314 3877 2568 3926 Λανθάνει
2640 3871 2699 3926 δε
2754 3877 2989 3942 τούτους,
3048 3876 3117 3934 ὡς
3176 3876 3361 3939 ἔοικεν,
3422 3876 3452 3931 ἡ
3511 3880 3607 3923 τῶν
3663 3864 3878 3935 ὀνομάτων

2313 3959 2606 4037 διάκρισις,
2640 3968 2729 4015 καὶ
2759 3965 2839 4015 ὅτι
2886 3965 2985 4015 ὃσα
3023 3968 3112 4035 μέν
3162 3961 3271 4014 ἐστι
3326 3970 3568 4035 φυσικῶν
3608 3956 3877 4031 πραγμάτων

2310 4051 2558 4123 ὀνόματα,
2633 4060 2798 4104 ταῦτα
2863 4060 3152 4125 περιφανῶς
3200 4071 3274 4119 τε,
3334 4057 3430 4103 καῖ
3502 4051 3734 4121 καθαρῶς
3776 4056 3881 4091 κατα

2309 4150 2405 4191 τῶν
2500 4142 2841 4212 ὑποκειμένων
2918 4144 3141 4214 φέρεται·
3242 4142 3344 4191 ὅσα
3441 4135 3504 4191 δί
3593 4132 3879 4187 διαλεκτικῆς

2306 4228 2565 4299 προῆλθον
2618 4228 2865 4290 ἐπινοίας,
2919 4234 3003 4280 καὶ
3066 4225 3399 4280 διαλεκτικόν
3447 4247 3567 4279 τινα
3620 4226 3882 4295 περιέχουσι

2305 4326 2442 4381 νοῦν,
2526 4327 2692 4369 ταυτα
2772 4326 2872 4369 τῶν
2936 4320 3285 4389 ὑποκειμένων
3357 4325 3454 4377 τῆς
3511 4319 3709 4387 φύσεως
3758 4310 3882 4377 ἔργων

539 4402 667 4457 haec
692 4400 769 4456 ad
799 4398 1167 4468 significatas
1190 4404 1411 4453 naturas
1442 4414 1534 4454 res
1559 4399 1613 4453 vi
1644 4401 1885 4471 propria
1908 4417 2029 4456 non
2063 4419 2194 4474 per-

2327 4411 2466 4477 σχύν
2510 4408 2604 4459 ούκ
2648 4410 2759 4477 ἔχει
2806 4403 3233 4466 διαϐιϐάζισθαι.
3275 4407 3334 4457 Ὀ
3396 4403 3460 4457 δε
3503 4406 3782 4474 ἄνθρωπος,
3821 4396 3887 4442 καὶ

541 4492 793 4559 tingunt.
831 4488 1022 4544 Homo
1055 4503 1194 4543 vero
1224 4493 1279 4542 et
1307 4487 1677 4551 humanitas,
1714 4505 1945 4545 necnon
1980 4492 2191 4547 Divini-

541 4583 649 4639 tas,
684 4582 738 4631 et
762 4576 913 4631 Deus
942 4592 1062 4631 non
1086 4576 1454 4645 suntlogicaa
1496 4576 1843 4632 subtilitatis
1887 4594 2191 4636 commen-

536 4665 810 4728 tationes,
840 4665 943 4719 sed
962 4665 1294 4720 exsistentis
1314 4666 1392 4720 rei
1419 4666 1663 4721 nomina
1687 4683 1698 4722 :
1722 4672 1985 4723 attamen
2008 4685 2076 4725 ex
2098 4671 2189 4727 his

535 4752 814 4824 quaedam
849 4769 1089 4824 quoque
1134 4756 1384 4823 vestigia
1414 4755 1645 4823 ingreli
1679 4755 1766 4811 fas
1810 4762 1921 4821 est,
1948 4774 2079 4828 quae
2110 4762 2187 4815 ad

534 4839 702 4895 dubii
743 4841 1095 4897 solutionem
1127 4842 1453 4899 adducunt.
1499 4844 1725 4899 Etenim
1762 4862 1899 4900 cum
1940 4846 2069 4902 haec
2103 4866 2189 4905 se-

533 4945 669 4984 cum
702 4929 956 4985 invicem
980 4937 1420 5001 comparantur,
1448 4948 1645 4988 rerum
1681 4932 1898 4989 scilicet
1919 4936 2182 5003 nomina,

530 5022 592 5078 et
623 5036 693 5074 ea
724 5036 857 5091 quae
897 5018 1151 5089 logicum
1192 5021 1251 5075 in
1292 5022 1487 5077 verbis
1518 5022 1904 5079 subtilitatem
1943 5025 2188 5096 habent,

531 5125 653 5165 non
673 5108 975 5165 minimam
998 5109 1202 5180 inipsa
1216 5110 1541 5168 differentia
1566 5120 1838 5168 mutuam
1864 5117 2187 5171 communi-

528 5198 822 5255 cationem
862 5197 1132 5253 retinent.
1158 5198 1348 5255 Verba
1365 5201 1523 5256 enim
1564 5203 1965 5273 singularibus
2004 5204 2184 5261 rebus

526 5287 751 5344 tributa
763 5293 818 5344 et
843 5286 1150 5345 involvunt
1167 5288 1280 5345 ista
1297 5289 1555 5356 nomina,
1576 5298 1632 5347 et
1659 5292 1803 5364 ipsis
1822 5292 2176 5361 innituntur,

2302 4497 2332 4553 ἡ
2372 4495 2725 4567 ἀνθρωποτης,
2767 4501 2857 4547 καὶ
2907 4492 2974 4553 δη
3025 4500 3114 4547 καὶ
3162 4498 3187 4553 ὁ
3237 4500 3464 4563 Θεοτης,
3511 4499 3604 4544 καὶ
3648 4480 3883 4543 66εόςεῦ

2300 4583 2511 4655 λογικῆς
2561 4583 2671 4636 ἔστι
2750 4587 3128 4655 τεχνασμάτων
3196 4582 3581 4657 προϐλήματα,
3656 4581 3888 4643 {momms-

2298 4693 2386 4725 νου
2429 4670 2486 4725 δὲ
2539 4676 2847 4745 πράγματος
2899 4674 3149 4745 ὀνοματα’
3209 4674 3336 4731 πλὴν
3390 4672 3501 4724 κάκ
3546 4672 3727 4723 τούτου
3777 4666 3885 4713 ἷστίν

2298 4765 2424 4833 ἴχνη
2481 4766 2595 4814 τινὰ
2642 4762 2811 4815 λαϐεῖν
2869 4767 2997 4837 πρὸς
3055 4768 3147 4821 τὴν
3204 4770 3299 4824 τῆς
3358 4761 3600 4834 ἀπορίας
3649 4757 3785 4810 λύσιν
3836 4766 3887 4798 Fr

2298 4854 2505 4922 άγοντα.
2562 4858 2660 4905 Καὶ
2689 4856 2789 4925 γὰρ
2826 4852 3063 4914 ἀλληλοις
3112 4860 3279 4904 ταῦτα
3314 4857 3593 4915 συνιέντα,
3646 4850 3709 4899 τά
3742 4861 3789 4895 τε
3814 4846 3891 4890 τῶν

2296 4942 2615 5011 πραγμάτων
2688 4941 2937 5014 ὀνόματα,
3002 4946 3092 4993 καὶ
3147 4941 3275 5014 ἂπερ
3336 4950 3440 5002 τῆς
3492 4940 3710 5011 λογικῆς
3761 4930 3892 5002 ἐντρε·

2294 5033 2469 5099 χείας,
2523 5033 2777 5101 τυγχάνει
2832 5034 2962 5102 πρὸς
3030 5030 3254 5104 ῥήματα,
3320 5029 3421 5081 οὐκ
3506 5028 3696 5098 ὀλίγην
3756 5020 3799 5071 ἓν
3845 5020 3890 5082 τῇ

2295 5114 2549 5191 διαστολῇ
2584 5124 2676 5177 τὴν
2709 5122 2835 5191 πρὸς
2865 5119 3061 5178 ἄλληλα
3089 5123 3355 5171 κοινωνίαν
3391 5117 3746 5178 ἀσπάζεσθαι
3774 5106 3890 5178 (4η.

2294 5212 2614 5280 ΙῙεριέχυυσι
2645 5210 2745 5277 γὰρ
2789 5211 2855 5260 τά
2890 5210 3006 5261 καθ’
3039 5210 3235 5261 ἕκαστα
3264 5213 3353 5260 καὶ
3385 5216 3595 5275 ταῦτα,
3636 5208 3725 5258 καὶ
3770 5202 3896 5268 {amp-

2293 5292 2507 5371 ἰδρυται
2555 5300 2764 5364 τούτων,
2808 5302 2897 5350 καὶ
2941 5301 3072 5371 πρὸς
3114 5296 3280 5351 έκείνα
3328 5296 3576 5370 λέγεται,
3623 5294 3667 5347 εἰ
3711 5294 3794 5344 καὶ
3839 5286 3894 5356 μὴ

2101 5397 2144 5450 Ν
2150 5395 2303 5451 ΟΤᾹΞ
2314 5435 2328 5451 .

594 5485 706 5565 μδ)
769 5484 913 5565 Υῖόθ
964 5501 1042 5565 an
1094 5484 1268 5542 scribi
1322 5485 1539 5544 debeat
1585 5488 2027 5565 ύπερκαινυμένη,
2090 5492 2184 5550 vel

521 5556 735 5617 Saltem
764 5559 1099 5635 ὑπερκειμένη

2365 5492 2775 5568 (ᾂἹλΟοι-τὶεοε
2793 5495 2968 5552 velim
2992 5494 3307 5563 ἀσπάζεται,
3324 5496 3417 5552 vel
3445 5511 3528 5552 ex
3547 5488 3855 5568 praeceden
3870 5480 3900 5536 ti

2291 5564 2542 5640 periodo
2564 5581 2838 5626 resumas
2866 5570 3029 5622 ἔστιν.
