4126 6190
152 275 249 329 201
1136 272 1233 327 AD
1273 271 1824 328 AMPHILOCHIUM
1866 271 2194 337 QUfESTIO
2233 272 2454 329 XXVII.

3419 274 3524 330 202

149 402 283 451 κατὰ
335 402 424 450 τόν
473 401 652 469 ὅμοιον
694 402 903 469 τρόπον.
955 400 1124 471 Φαμὲν
1183 400 1286 471 γὰρ
1338 399 1614 471 Σωκράτην
1670 400 1763 469 φύ-

1876 397 2173 470 simulque
2215 397 2551 455 referuntur
2590 398 2668 455 ad
2717 398 2837 463 illa,
2871 398 3005 456 licet
3037 414 3160 456 non
3192 397 3399 455 eadem
3429 415 3524 456 ra-

153 508 254 551 σιν,
314 493 406 539 καὶ
457 484 615 552 εἶδος,
664 492 756 539 καὶ
802 492 1026 561 μορφὴν,
1086 487 1130 539 εἰ
1184 492 1276 538 καὶ
1334 491 1406 559 μὴ
1452 495 1550 538 τῶν
1592 486 1639 538 ἐν
1697 494 1760 558 τῇ

154 578 408 651 προτάσει
475 585 663 651 μερῶν,
741 578 915 648 ὥσπερ
985 574 1033 627 ἐν
1084 583 1196 636 ταῖς
1263 583 1506 647 φυσικαῖς
1579 576 1764 648 ὁρᾶται

154 674 364 738 γωναίς,
426 666 662 738 ἑκάτερον
730 666 991 738 ὁμολόγως
1038 668 1172 717 κατὰ
1252 669 1347 723 τὴν
1410 664 1763 736 ὀνομαστικὴν

153 757 444 829 προάγεται
483 754 577 813 κλῆ
587 773 690 808 σιν.

224 933 341 986 "Et:
392 930 453 986 δέ
502 952 662 1005 φαμεν
692 936 778 984 τόν
835 951 889 984 τε
930 933 1220 1006 ἄνθρωπον,
1270 936 1360 985 καὶ
1396 932 1455 983 τὸ
1510 931 1641 993 ζῶον
1678 930 1761 983 λο-

148 1026 322 1092 γικὸν,
376 1024 581 1087 θνητόν,
649 1026 835 1073 ταυτόν
886 1038 899 1051 ο
949 1025 1031 1073 ναὶ
1069 1023 1160 1093 μὲν
1218 1026 1307 1073 καὶ
1357 1024 1416 1073 τὸ
1459 1020 1759 1091 γελαστικόν

150 1113 380 1185 ἐκατέρῳ
413 1128 426 1141 ·
460 1111 520 1163 οὗ
556 1114 681 1182 μὴν,
739 1112 838 1163 ὅσα
866 1115 983 1183 περὶ
1034 1110 1143 1170 ἐνὸς
1191 1112 1384 1161 τούτων
1415 1108 1638 1180 λέγεται,
1671 1113 1761 1161 καὶ

148 1205 264 1271 περὶ
306 1209 408 1251 τῶν
464 1199 653 1252 λοιπῶν
710 1195 930 1251 δυνατόν
978 1197 1118 1250 ἐστιν
1176 1198 1352 1252 εἰπεῖν.
1411 1201 1480 1250 Τὸ
1520 1201 1609 1270 μεν
1661 1200 1759 1270 γὰρ

145 1286 288 1341 ἴδιον
342 1288 640 1363 ἀνθρώπου,
681 1292 740 1339 τὸ
792 1284 850 1341 δὲ
881 1290 1015 1359 ὄρος,
1068 1285 1336 1361 οὐδέτερον
1387 1284 1445 1339 δε
1506 1290 1696 1338 τούτων
1735 1289 1761 1338 ό

150 1379 428 1450 ἅνθρωπος
490 1378 675 1451 ῥηθείη
744 1378 804 1428 οἶν
874 1375 1146 1448 ἀνθρώπου
1206 1393 1216 1404 ⁸
1268 1380 1440 1427 καίτοι
1506 1378 1639 1427 κατὰ
1702 1378 1760 1427 τὸ

149 1467 391 1538 μάλιστα
431 1470 618 1519 ταυτὸν
660 1470 752 1523 τὴν
790 1470 1086 1523 ταυτότητα
1118 1462 1536 1537 διεκληρώσαντο
1576 1471 1758 1517 ταῦτα.

152 1556 293 1613 Πλὴν
360 1559 448 1608 τόν
501 1555 764 1629 εἰρημένον
834 1561 951 1627 περὶ
1014 1562 1107 1607 τοῦ
1161 1553 1450 1627 ἀνθρώπου,
1510 1559 1600 1606 καὶ
1667 1561 1763 1615 τῆς

152 1649 369 1716 θύσεως,
418 1649 507 1696 καὶ
551 1652 644 1696 τοῦ
693 1641 866 1704 εἴδους
918 1644 1069 1715 λόγον
1122 1643 1390 1695 κάνταῦθα
1436 1643 1608 1695 λαϐεῖν
1647 1646 1762 1695 ἔστι

1871 487 2047 543 tione.
2076 487 2336 544 Dicimus
2358 488 2517 544 enim
2537 487 2845 544 Socratem
2871 493 3173 554 naturam,
3193 493 3247 544 et
3264 489 3524 561 speciem

1872 580 1928 632 et
1978 576 2259 641 formam,
2307 577 2539 632 etiamsi
2584 593 2703 633 non
2764 578 3048 634 alterutra
3100 577 3527 649 propositionis

1872 665 2552 739 pars,quemadmodum
2567 667 2625 721 in
2640 667 2907 738 physicis
2920 666 3183 723 cernitur
3196 666 3522 732 vocabulis,

1870 755 2081 811 eodem
2122 760 2299 827 pacto
2341 757 2401 811 in
2449 755 2865 828 appellationis
2914 756 3253 813 conditione
3297 755 3525 828 produ-

1870 848 2062 901 catur.

1940 932 2230 988 Praeterea
2272 933 2527 989 dicimus
2585 933 2890 990 hominem
2930 941 2983 989 et
3024 933 3250 990 animal
3302 932 3526 989 ratione

1870 1021 2206 1093 praeditum,
2261 1027 2317 1078 et
2373 1022 2548 1078 morti
2603 1023 2935 1079 obnoxium
2992 1023 3154 1079 idem
3208 1037 3355 1088 esse,
3402 1022 3525 1077 imo

1869 1109 2050 1166 etiam
2080 1110 2309 1168 risibile
2337 1117 2657 1184 utrumque
2685 1129 2698 1167 :
2726 1128 2848 1168 non
2880 1118 3102 1181 tamen,
3145 1126 3524 1185 quaecunque

1870 1198 1943 1253 de
1971 1199 2254 1271 quopiam
2293 1200 2510 1257 horum
2540 1200 2840 1266 dicuntur,
2878 1201 2954 1257 de
2994 1200 3237 1273 reliquis
3276 1215 3525 1272 quoque

1869 1290 2460 1360 possuntenuntiari.
2489 1293 2606 1345 Hoc
2642 1290 2911 1361 profecto
2940 1291 3198 1346 hominis
3218 1289 3524 1360 proprium

1869 1381 1973 1446 est,
2014 1376 2160 1433 illud
2189 1393 2325 1433 vero
2366 1377 2668 1434 deﬁnitio:
2690 1384 2965 1435 neutrum
2990 1383 3193 1434 tamen
3213 1378 3431 1433 horum
3462 1377 3523 1430 in

1868 1466 2112 1522 homine
2142 1467 2324 1522 homo
2356 1468 2696 1538 nuncupari
2726 1468 2889 1535 licet;
2914 1476 2971 1523 et
2993 1468 3040 1523 si
3058 1468 3187 1524 haec
3212 1467 3335 1532 uni,
3365 1465 3522 1537 quod

1869 1554 2027 1610 idem
2071 1556 2321 1611 omnino
2353 1562 2457 1622 est,
2489 1556 2687 1613 eadem
2736 1558 2871 1614 sint.
2916 1561 3315 1629 Praeterquam
3358 1555 3522 1627 quod

1870 1660 2066 1700 sermo
2096 1646 2247 1716 ipse,
2281 1645 2384 1717 qui
2431 1646 2502 1702 de
2540 1645 2804 1712 homine,
2846 1651 3061 1702 natura
3086 1661 3157 1701 ac
3204 1644 3393 1717 specie
3436 1644 3523 1699 fa-

149 1739 243 1791 τὴν
295 1737 492 1785 τούτων
542 1738 718 1807 κρίσιν
771 1728 1175 1804 ἀναδεχόμενον.
1220 1737 1321 1784 Καὶ
1369 1734 1472 1803 γὰρ
1514 1730 1759 1803 ἀφαιρου-

1876 1740 1997 1789 ctus
2019 1738 2123 1799 est,
2160 1734 2252 1789 hic
2272 1749 2514 1806 quoque
2539 1735 2616 1790 ad
2638 1735 2931 1806 judicium
2955 1735 3029 1790 de
3059 1734 3185 1790 istis
3207 1732 3520 1789 ferendum

148 1828 313 1893 μένων
364 1831 457 1883 τῆς
504 1821 717 1893 λογικῆς
773 1829 947 1893 φωνῶν
994 1826 1182 1873 ταυτόν
1226 1820 1365 1873 ἐστιν
1420 1821 1637 1873 ἕκαστον
1678 1819 1763 1872 ἁλ-

148 1911 316 1969 ληλων
345 1920 442 1963 τῶν
467 1931 530 1983 τρ
539 1920 649 1962 ιών.

223 1999 381 2051 Ἀλλὰ
436 2000 524 2052 ἐπὶ
571 2005 662 2072 μὲν
706 2008 802 2051 τῶν
847 1999 1123 2072 εἰρημένων
1163 1997 1451 2051 αἰτιάσαιτ’
1483 2001 1544 2051 ἀν
1585 2018 1663 2059 τις
1703 2002 1761 2051 τὸ

149 2088 434 2160 ἐτερογενὶς
493 2096 592 2139 τῶν
654 2096 828 2159 φωνῶν
881 2086 1313 2161 μεταῤῥυθμίξων
1371 2087 1441 2148 εἰς
1497 2091 1556 2140 τὸ
1617 2092 1762 2141 εὔπο-

148 2198 239 2251 ρον
282 2183 376 2235 την
437 2177 679 2251 ἀπορίαν.
728 2176 846 2229 Ἐπὶ
905 2172 964 2228 δε
1021 2183 1112 2228 τοῦ
1159 2177 1522 2250 ῥηθησομένου
1552 2182 1602 2229 τί
1647 2177 1760 2229 ποτ’

150 2269 212 2319 ἄν
277 2265 435 2340 ἕρεί;
497 2266 557 2319 Ὀ
606 2271 697 2338 μὲν
751 2268 852 2337 γὰρ
916 2267 1188 2338 ἄνθρωπος
1253 2264 1393 2317 ἐστὶν
1448 2266 1622 2335 οὐσία,
1674 2271 1763 2319 καὶ

153 2357 287 2415 ζῶον

344 2373 355 2383 ·
408 2358 599 2407 ταυτὸν
663 2351 723 2406 δὲ
780 2359 833 2407 ὅν
881 2362 953 2415 τῷ
1010 2352 1263 2427 ἀνθρώπῳ
1321 2357 1378 2406 τὸ
1433 2354 1761 2425 γελαστικόν,

149 2447 275 2515 ὅπερ
338 2447 453 2496 ἐστὶ
511 2452 735 2514 φυσικοῦ
798 2444 1106 2518 πράγματος
1183 2447 1345 2510 φωνὴ,
1410 2445 1523 2495 οὔτε
1584 2444 1761 2507 οὐσία,

151 2539 269 2585 οὗτε
322 2535 454 2594 ζῶον
514 2534 575 2585 ἄν
623 2534 803 2607 ῥηθείη
854 2553 867 2565 ο
930 2531 1095 2583 ἐπεὶὸ
1149 2533 1421 2606 ἅνθρωπος
1470 2532 1651 2585 πολλαὶ
1702 2536 1763 2585 ἄν

152 2626 340 2684 εἴησαν
392 2622 591 2686 οὐσίαι,
633 2626 723 2674 καὶ
766 2623 895 2682 ζῶα.
945 2620 1104 2673 Ὠστε
1148 2621 1243 2673 οῦκ
1290 2620 1342 2683 ἐξ
1394 2620 1624 2693 ἀνάγκης
1653 2623 1765 2674 ἒπε-

152 2731 240 2763 ται
278 2713 479 2784 θατέρῳ
524 2719 621 2761 τῶν
670 2714 1064 2781 συναπτομένων
1116 2718 1178 2782 τῇ
1220 2714 1497 2768 ταυτότητι
1544 2712 1645 2763 ὅσα
1674 2716 1764 2764 καὶ

152 2809 225 2869 τῷ
268 2799 424 2869 ἑτέρῳ
478 2804 785 2870 παρέπεται,
832 2802 860 2856 ἦ
894 2801 919 2850 ό
962 2799 1114 2869 λόγος
1144 2799 1289 2859 οὗτος
1320 2796 1603 2871 διορισμοῦ
1653 2798 1763 2852 δεῖ·

151 2910 260 2943 ται.
312 2890 367 2941 Εἰ
397 2893 489 2959 μεν
526 2892 627 2962 γὰρ
657 2888 969 2959 γελαστικόν
1013 2888 1171 2959 λέγων
1212 2908 1289 2948 τις
1342 2893 1434 2947 τὴν
1482 2897 1573 2941 τοῦ
1623 2886 1762 2941 ἰδίου

153 2983 349 3031 ἔννοιαν
390 2974 686 3048 ἐνδέχεται,
718 2977 809 3028 οὐκ
840 2978 900 3028 οἷν
941 2980 1057 3029 οὐτε
1087 2976 1239 3043 ζῶον,
1282 2980 1398 3029 οὔτε
1428 2977 1587 3029 οὐσία
1610 2987 1762 3031 τοῦτο

154 3070 231 3124 εἴη
292 3083 306 3096 ⁸
356 3063 458 3118 εἶδ’
507 3067 633 3117 αῦτό
684 3070 742 3118 τό
780 3067 1110 3137 ὑποκείμενον
1165 3062 1258 3118 διὰ
1291 3075 1390 3117 τῶν
1433 3076 1606 3138 φωνῶν
1646 3071 1759 3120 τού·
1799 3100 1839 3153 C

155 3176 256 3207 των
317 3153 739 3228 παραδηλοῦσιν,
790 3155 895 3226 οὐχ
951 3156 1098 3228 ἕτερά
1128 3173 1263 3218 τινα,
1309 3156 1346 3206 οἷ
1382 3161 1453 3227 μὴ
1510 3154 1761 3230 ἁπαρχῆς

155 3246 400 3318 ὑπῆρχεν
458 3243 652 3314 ἐκείνῳ,
720 3248 937 3313 προσέτι
995 3246 1287 3315 συνάγουσι
1344 3260 1360 3277 ’
1418 3249 1507 3296 καὶ
1573 3246 1762 3318 μᾶλλον

156 3336 216 3385 οἷν
272 3333 451 3404 ἐπεῖχε
504 3338 688 3404 χώραν
746 3338 877 3403 μήτε
934 3332 1135 3403 λογικὸν
1195 3333 1325 3392 ζῶον
1382 3332 1563 3403 λέγειν,
1632 3338 1764 3405 μήτε

160 3434 318 3495 σῶμα
366 3439 379 3451 °
440 3422 567 3474 ἀλλά
618 3420 755 3494 μηδι
814 3422 995 3474 οὐσίαν
1035 3424 1293 3494 ὑπάρχειν
1346 3426 1432 3474 τόν
1472 3424 1759 3495 ἄνθρωπον,

158 3516 242 3565 ἱνα
272 3518 343 3584 μὴ
399 3520 629 3564 τοιοῦτον
686 3512 880 3572 πλῆθος
936 3511 1243 3583 ληρημότων
1285 3514 1559 3583 Σωκράτην
1607 3532 1763 3564 κατα-

154 3602 414 3672 λείψεται.
449 3601 587 3659 Πλὴν
637 3600 677 3653 εἰ
727 3606 815 3652 καὶ
868 3600 985 3652 καθ’
1027 3600 1261 3671 ἑκάτερον
1309 3604 1457 3674 μέρος
1488 3608 1581 3661 τῆς
1626 3598 1765 3653 διαι-

156 3698 349 3765 ρέσεως
400 3693 586 3763 ὁρᾶται
620 3694 692 3762 μὴ
744 3697 816 3760 τῷ
856 3689 1007 3761 ἑτέρῳ
1067 3693 1405 3761 συνεπόμενα,
1461 3690 1494 3741 ἆ
1544 3697 1766 3743 συνόντα

153 3791 227 3851 τῷ
290 3781 445 3852 ἑτέρῳ
510 3778 836 3852 ἑγνωρίζετο,
892 3775 1042 3830 οὐδὲν
1093 3779 1247 3836 ἧττον
1306 3781 1330 3830 ό
1395 3779 1546 3850 λόγος
1595 3780 1763 3853 εὕρετο

716 3865 839 3921 οὐδὲ
882 3870 983 3941 γὰρ
1038 3871 1082 3919 εἴ
1136 3887 1200 3939 με
1253 3868 1365 3939 (48)
1422 3870 1608 3935 πάντα,
1664 3871 1764 3922 ὅσα

151 3966 322 4010 ταῦτα
359 3961 664 4032 προῦκειτο,
720 3953 890 4020 δεῖξαι
921 3960 1015 4015 τὴν
1066 3953 1318 4029 διαφορὰν
1363 3956 1757 4029 ἕξοικειούμενα·

157 3866 588 3940 σπουδαζόμενος
642 3890 654 3902 ο

152 4047 261 4098 ἀλλ’
308 4052 458 4121 ἤρκει
511 4054 580 4117 τῷ
610 4046 748 4117 λόγῳ
802 4054 1167 4118 παραστῆσαι,
1201 4048 1245 4098 εἰ
1288 4065 1404 4097 τινα
1434 4046 1545 4117 (49)
1578 4046 1625 4098 ἐν
1658 4055 1764 4109 τοῖς

148 4140 409 4197 τοιούτοις
446 4136 731 4208 λεγομένων
775 4134 823 4186 ἓν
875 4142 939 4205 τῇ
992 4138 1122 4206 πρὸς
1160 4133 1360 4193 ἄλληλα
1396 4140 1638 4209 κοινωνίᾳ
1676 4142 1763 4190 καὶ

152 4232 245 4283 τὴν
278 4226 556 4298 ἑτερότητα
596 4221 977 4284 διασῴζουσιν,

224 4492 387 4545 Ὀσον
428 4488 483 4543 δ’
522 4493 583 4541 οἷν
622 4510 703 4552 τις
740 4509 852 4564 ερη,
886 4492 954 4551 ὡς
997 4486 1147 4544 οὐδὲν
1187 4499 1285 4542 τῶν
1324 4488 1763 4565 παραδειγμάτων

160 4580 228 4640 εἰς
281 4582 572 4652 ὁμοιότητα
619 4587 727 4639 τοῖς
788 4578 877 4631 ἀπ’
918 4578 1095 4652 ἀρχῆς
1135 4581 1483 4652 ἠπορημένοις
1520 4586 1765 4655 συνέρχε-

158 4688 267 4737 ται,
316 4673 433 4721 οὔτε
462 4666 603 4721 ’ἰδιον
644 4672 855 4742 θατέρου
906 4671 1136 4739 θάτερον,
1188 4673 1301 4723 οὔτε
1348 4672 1583 4743 ὁρισμὸς,
1634 4670 1761 4736 ἀλλ’,

158 4761 221 4818 ως
275 4760 335 4809 οἷν
389 4762 527 4810 εἱετοι
585 4778 684 4823 τις,
739 4758 969 4829 ὀνόματα
1018 4755 1115 4811 δύο
1163 4764 1281 4831 περὶ
1338 4760 1387 4811 ἓν
1436 4760 1763 4832 ὑποκείμενον

159 4846 599 4921 ἀναστρεφόμενοι,
660 4848 724 4907 ὡς
767 4847 981 4911 λώπιον,
1033 4851 1122 4899 καὶ
1190 4849 1411 4919 ἱμάτιον.
1476 4856 1589 4909 Πῶς
1654 4845 1760 4914 οὖν,

159 4942 337 5006 φασιν,
387 4937 436 4988 ἐν
471 4945 581 4996 σοῖς
631 4941 929 5007 προνομίοις
972 4939 1030 4987 τὸ
1061 4937 1228 5008 ἕτερον
1270 4942 1379 4999 τοῖς
1410 4936 1603 5003 αὐτοῖς,
1636 4937 1763 5009 οὐχὶ

156 5031 245 5077 καὶ
296 5028 505 5096 Θάτερον
568 5028 1012 5097 inv/iudicatum;
1076 5021 1217 5077 Οἶδα
1254 5029 1343 5097 μὲν
1399 5029 1486 5078 οὖν
1553 5026 1599 5077 ἐν
1654 5035 1763 5088 ταῖς

153 5119 473 5185 γυμνασίαις
515 5113 665 5185 λόγον
716 5112 979 5185 εἰρημένον
1032 5120 1265 5167 τοιοῦτον
1319 5133 1331 5146 ·
1368 5116 1438 5177 ὡς
1485 5116 1510 5167 ό
1550 5118 1640 5188 μεν
1670 5117 1762 5167 οἶν-

158 5203 377 5274 θρωπος,
433 5204 585 5261 καὶὴ
620 5200 954 5275 ἇινθρωπότης
991 5206 1051 5255 τό
1108 5202 1236 5255 αὐτὸ
1288 5206 1379 5275 μεν
1432 5205 1760 5277 ὑποκείμενον

1870 1822 2146 1893 usurpari
2172 1826 2386 1894 potest.
2414 1822 2560 1879 Nam
2590 1824 2751 1880 idem
2774 1828 2881 1892 est,
2907 1824 2956 1879 si
2974 1824 3203 1894 logicas
3221 1838 3399 1879 voces
3427 1837 3522 1877 ex-

1866 1912 2071 1983 cipias,
2114 1912 2277 1983 quod
2307 1929 2342 1967 a
2364 1912 2611 1983 singulis
2640 1914 2733 1969 his
2772 1913 2958 1969 tribus
2988 1913 3303 1969 indicatur.

1937 2007 2069 2060 Jam
2104 2020 2246 2060 vero
2278 2005 2338 2060 in
2389 2006 2501 2073 his,
2532 2022 2665 2077 quas
2704 2005 2864 2062 dicta
2894 2010 3052 2069 sunt,
3094 2004 3248 2060 dicet
3273 2002 3520 2058 fortasse

1868 2094 2189 2166 quispiam,
2224 2098 2285 2148 ut
2314 2094 2372 2149 in
2426 2095 2753 2166 perspicuis
2782 2095 3059 2149 tenebras
3097 2092 3412 2157 obfundat,
3446 2106 3517 2146 ex

1868 2183 2099 2254 generis
2129 2183 2462 2238 diversitate
2484 2199 2730 2239 causam
2752 2182 3149 2239 distinctionis
3180 2195 3513 2251 erumpere.

1868 2276 1938 2327 At
1965 2271 2042 2326 ad
2068 2287 2159 2339 ea,
2191 2287 2325 2344 quae
2356 2271 2729 2343 adjiciemus,
2754 2272 2900 2344 quid
2919 2271 3201 2343 reponet?
3223 2272 3411 2326 Homo
3433 2267 3518 2323 ni-

1871 2360 2089 2415 mirum
2121 2360 2457 2417 substantia
2482 2365 2539 2417 et
2560 2360 2785 2417 animal
2809 2365 2897 2417 est
2921 2378 2933 2416 ε
2962 2361 3185 2416 interea
3206 2358 3339 2414 licet
3358 2356 3517 2412 idem

1870 2449 1959 2515 sit,
1985 2463 2168 2520 quam
2186 2449 2392 2519 homo,
2410 2448 2652 2516 risibz'le,
2675 2450 2843 2522 quod
2867 2449 3133 2521 physicae
3166 2446 3415 2503 actionis
3431 2449 3519 2501 est

1870 2553 2112 2606 nomen,
2154 2537 2215 2593 id
2244 2544 2439 2593 tamen
2470 2554 2665 2612 neque
2692 2538 3043 2607 substantia,
3071 2552 3267 2610 neque
3294 2534 3517 2592 animal

1872 2626 2071 2681 vocari
2117 2626 2296 2682 debet
2328 2643 2341 2681 :
2370 2626 2515 2698 quia
2564 2626 2766 2683 multae
2806 2626 3168 2693 substantiae,
3213 2624 3519 2697 multaque

1871 2714 2151 2771 animalia
2191 2716 2375 2772 homo
2395 2720 2566 2772 esset.
2596 2716 2999 2783 Quamobrem
3032 2715 3283 2772 alterum
3308 2728 3520 2769 coeun-

1873 2804 2016 2859 tium
2038 2804 2097 2859 in
2120 2803 2275 2859 idem
2290 2820 2409 2859 non
2437 2805 2776 2861 necessario
2799 2808 3128 2877 sequuntur
3148 2816 3519 2874 quaecunque

1872 2897 1928 2949 et
1955 2892 2205 2948 alterum
2222 2894 2603 2962 comitantur,
2627 2894 2721 2949 vel
2739 2899 2892 2949 certe
2905 2893 3205 2948 distinctio
3234 2893 3295 2947 in
3316 2891 3519 2961 hujus-

1872 2981 2034 3037 modi
2082 2997 2356 3037 sermone
2402 2982 2776 3047 adhibeatur,
2804 2986 3055 3054 oportet.
3090 2982 3149 3036 Si
3188 2980 3319 3052 quis
3357 2978 3518 3034 enim

1872 3068 2098 3124 risibile
2121 3069 2327 3124 dicens
2353 3069 2732 3141 proprietatis
2773 3070 3081 3125 notionem
3113 3066 3521 3123 consideraret

1872 3159 1998 3213 haec
2028 3173 2222 3229 neque
2271 3158 2487 3214 animal
2517 3163 2690 3225 esset,
2721 3174 2915 3230 neque
2948 3156 3281 3213 substantia
3312 3172 3324 3209 :
3359 3154 3520 3227 quod

1874 3247 1924 3302 si
1954 3247 2051 3302 alii
2077 3248 2275 3320 ipsum
2297 3248 2634 3317 subjectum
2667 3263 2770 3320 per
2792 3248 2899 3302 has
2926 3262 3102 3302 voces
3132 3245 3315 3301 velint
3335 3244 3522 3300 deno-

1875 3341 2017 3403 tare,
2066 3352 2189 3392 non
2228 3336 2345 3392 alia
2389 3336 2694 3408 quaedam,
2734 3352 2926 3408 quaea
2957 3335 3245 3408 principio
3277 3334 3359 3389 illi
3398 3348 3521 3389 non

1871 3426 2119 3491 inerant,
2151 3427 2558 3497 superaddunt
2586 3444 2598 3481 :
2629 3432 2805 3500 atque
2832 3426 2891 3481 id
2914 3425 3107 3499 potius
3132 3424 3369 3497 copiam
3401 3424 3497 3480 adi

1875 3516 1981 3571 mit
2005 3516 2239 3572 dicendi
2264 3517 2568 3572 hominem
2592 3516 2816 3573 animal
2834 3532 2961 3571 esse
2984 3514 3283 3581 rationale,
3306 3530 3523 3586 corpus

1875 3607 1995 3661 imo
2035 3612 2089 3661 et
2115 3606 2531 3673 substantiam,
2576 3622 2651 3661 ne
2696 3610 2860 3662 tanta
2890 3606 3172 3661 tricarum
3202 3603 3524 3659 multitudo

1874 3695 2128 3751 Socratis
2159 3694 2359 3751 ideam
2395 3695 2682 3751 destruat.
2726 3697 2947 3767 Itaque,
2991 3694 3226 3750 tametsi
3256 3694 3315 3748 in
3356 3692 3527 3749 alter-

1878 3789 2008 3840 utra
2036 3783 2345 3839 divisionis
2365 3791 2530 3855 parte
2556 3798 2934 3857 quaecunque
2963 3782 3175 3839 adesse
3205 3781 3527 3853 deprehen-

1876 3872 2099 3927 duntur
2120 3872 2178 3927 in
2202 3871 2404 3937 altero,
2435 3872 2512 3928 ad
2525 3872 2773 3928 alterum
2787 3871 3087 3928 conﬂuere
3107 3885 3228 3926 non
3256 3869 3528 3926 animad-

1876 3967 2199 4026 vertantur,
2234 3977 2431 4017 sermo
2475 3966 2673 4018 tamen
2699 3977 2824 4017 non
2857 3960 3054 4016 minus
3084 3963 3400 4015 accuratus
3433 3959 3525 4013 in-

1877 4050 2110 4106 venitur
2144 4067 2154 4106 :
2189 4066 2298 4106 nec
2345 4050 2503 4106 enim
2548 4066 2701 4123 opus
2739 4054 2883 4115 erat,
2918 4053 2979 4105 ut
3006 4048 3231 4117 omnia,
3264 4063 3400 4120 quas
3448 4048 3528 4103 ita

1878 4155 1940 4196 se
1968 4139 2292 4209 habebant,
2311 4139 2781 4195 secuminvicem
2808 4138 3128 4194 convenire
3148 4136 3527 4193 ostenderen-

1878 4232 1971 4284 tur
2003 4245 2016 4283 :
2048 4244 2249 4284 verum
2302 4228 2445 4283 satis
2483 4233 2625 4293 erat,
2671 4233 2731 4283 ut
2769 4243 2965 4283 sermo
3024 4226 3319 4298 proderet,
3362 4224 3526 4296 quod

1878 4315 2077 4389 aliqua
2094 4332 2323 4385 eorum,
2347 4330 2471 4388 quae
2492 4315 2890 4388 proferuntur,
2907 4315 2966 4369 in
2989 4315 3119 4386 ipsa
3137 4320 3345 4369 mutua
3361 4327 3528 4367 com-

1801 4441 1843 4494 Β
1878 4405 2163 4461 munione
2202 4405 2607 4461 diversitatem
2632 4419 2867 4476 quoque
2892 4403 3201 4458 retineant.

1946 4494 2116 4566 Atqui
2140 4494 2200 4549 id
2222 4498 2456 4549 tantum
2474 4498 2724 4564 reponat
2744 4491 3064 4564 quispiam,
3101 4490 3263 4561 quod
3294 4487 3526 4544 nullum

1876 4599 1945 4639 ex
1992 4581 2267 4639 adductis
2319 4582 2612 4651 exemplis
2660 4598 2799 4637 cum
2842 4580 3147 4652 proposita
3196 4579 3527 4651 quaestione

1873 4672 2092 4728 habeat
2139 4671 2363 4744 aliquid
2411 4687 2731 4726 commune
2763 4687 2776 4732 ;
2814 4670 3039 4742 quippe
3070 4669 3129 4724 in
3170 4685 3242 4725 ea
3273 4668 3524 4725 alterum

1873 4761 2124 4816 verbum
2154 4776 2273 4816 non
2316 4765 2403 4815 est
2434 4759 2673 4815 alterius
2703 4760 3056 4831 proprietas,
3096 4761 3188 4815 vel
3233 4758 3523 4825 deﬁnitio,

1873 4851 1976 4908 sed
2005 4849 2122 4906 dici
2140 4849 2527 4922 possuntduo
2549 4848 2822 4915 nomina,
2841 4864 2977 4919 qua,
2990 4849 3147 4905 circa
3165 4864 3353 4903 unum
3381 4848 3524 4904 sub-

1866 4941 2086 5011 jectum
2137 4944 2471 5005 versantur,
2520 4938 2699 4994 veluti
2757 4937 2934 4993 vestis
2984 4942 3038 4992 et
3076 4937 3524 4993 indumentum.

1871 5028 2183 5093 Quomodo
2242 5028 2455 5100 itaque,
2514 5026 2812 5099 inquiunt,
2872 5026 2963 5080 bis
3020 5025 3080 5080 in
3136 5030 3518 5081 antecessum

1872 5118 2203 5172 constitutis
2256 5117 2526 5181 alterum,
2570 5123 2777 5171 etnon
2817 5115 3058 5171 alterum
3118 5114 3265 5187 ipsis
3304 5115 3525 5169 divinis

1872 5206 2143 5278 personis
2176 5205 2463 5261 tributum
2490 5203 2981 5261 invenitur?Novi
3003 5202 3287 5260 nimirum
3315 5203 3375 5259 in
3399 5219 3527 5259 sco-

1733 5345 1960 5401 NOT/E.

223 5485 342 5629 ἓ-ιὸ)
380 5483 494 5539 Pro
531 5482 774 5565 duabus
800 5482 922 5540 istis
965 5483 1192 5565 voculis
1224 5486 1284 5536 τό
1316 5482 1501 5558 ἐχρῆν,
1536 5486 1600 5540 ni
1628 5484 1820 5550 fallor,
1846 5486 2262 5559 reponendum
2311 5492 2484 5545 esset.

248 5557 340 5629 49)
372 5554 462 5613 Ita
490 5570 742 5613 omnino
775 5571 885 5628 pro
921 5575 975 5609 τι
1014 5555 1407 5613 scribendum
1441 5561 1709 5613 autumo.

248 5557 340 5629 49)
372 5554 462 5613 Ita
490 5556 742 5613 omnino
775 5571 885 5628 pro
921 5575 975 5609 τι
1014 5554 1407 5613 scribendum
1441 5561 1709 5613 autumo.
