4126 6190
537 239 646 296 203

1786 241 2024 296 PHOTll
2061 229 2550 299 PATRlAHCHAi
2587 242 2696 298 CP.

3809 248 3917 304 204

535 364 761 424 lasticis
783 363 1295 423 exercitationibus
1321 364 1437 422 hoc
1462 365 1579 421 dici
1606 365 1870 435 solitum,
1892 366 2059 438 quod
2088 365 2199 422 sci-

2319 365 2581 434 ἳηλούσιν,
2649 368 2754 440 ούχ
2808 372 3062 432 ὡσαύτως
3126 368 3184 423 δὲ
3236 369 3752 442 παραλαμϐάνονται·
3823 354 3918 425 καὶ

535 455 888 522 licethomo,
919 460 976 510 et
994 455 1344 511 humanitas
1363 455 1519 511 idem
1540 453 1803 511 indicent
1823 454 2195 525 subjectum;

539 544 644 601 sed
674 559 798 600 non
827 545 1041 601 eodem
1073 548 1250 616 pacto
1285 544 1654 615 accipiantur
1683 561 1697 609 ;
1725 543 1906 616 idque
1950 545 2197 600 fortasse

539 638 600 690 tu
654 633 873 705 pariter
911 634 1282 688 memineris.
1327 635 1474 689 Sane
1523 647 1660 688 cum
1711 633 2010 689 hominem
2051 635 2194 689 dici-

540 740 694 790 mus,
726 728 1004 778 naturam
1033 722 1347 778 individuo
1378 722 1757 777 inhterentem
1783 722 2194 794 intelligimus;

539 828 668 866 cum
685 827 822 866 vero
836 812 1295 878 humanitatem,
1328 813 1523 883 ipsam
1549 810 1794 882 quidem
1821 812 2081 868 hominis
2095 828 2199 868 na-

540 907 752 966 turam,
801 901 906 956 sed
952 916 1074 956 non
1119 901 1522 969 inhaerentem,
1567 905 1628 956 at
1675 899 1918 972 qualem
1953 916 2124 957 mens
2162 918 2199 958 a

539 991 786 1046 materie
805 989 1169 1046 abstractam
1185 989 1515 1044 secundum
1537 1005 1601 1044 se
1622 989 1980 1046 considerat.
2007 991 2198 1057 Quare

539 1080 698 1136 idem
727 1085 864 1136 sunt
891 1079 1075 1134 homo
1114 1085 1171 1134 et
1197 1079 1564 1144 humanitas,
1599 1079 1707 1135 sed
1739 1079 1990 1134 modum
2020 1079 2200 1149 signi-

539 1169 760 1224 ﬁcandi
787 1167 1088 1224 diversum
1113 1167 1362 1225 habent:
1383 1183 1453 1223 ac
1479 1171 1788 1239 propterea
1814 1182 2054 1224 necesse
2076 1183 2197 1224 non

540 1263 646 1324 est,
691 1257 845 1313 utin
893 1257 1344 1328 quibuscunque
1378 1255 1627 1312 alterum
1677 1255 2195 1320 animadvertitur,

538 1347 598 1402 in
625 1346 771 1419 ipsis
791 1345 1192 1416 conspiciatur
1213 1353 1268 1400 et
1299 1344 1575 1402 alterum.
1593 1345 1798 1400 Modus
1834 1346 1993 1401 enim
2021 1346 2200 1416 signi-

538 1434 839 1491 ticandiin
855 1433 1078 1506 quibus
1109 1435 1364 1490 invicem
1395 1437 1663 1490 mutatus
1697 1439 1803 1500 est,
1834 1435 1896 1490 in
1925 1435 1994 1490 iis
2013 1441 2198 1492 muta-

539 1529 668 1581 tum
693 1539 937 1596 quoque
965 1523 1253 1595 loquendi
1285 1539 1458 1578 usum
1485 1523 1731 1580 reddere
1761 1523 1956 1582 debet.
1974 1524 2198 1580 Idcirco

541 1619 599 1670 et
647 1615 948 1670 Socratem
999 1617 1155 1668 recte
1205 1613 1510 1668 hominem
1553 1612 1944 1684 appellamus,
1991 1617 2051 1668 at
2077 1628 2198 1669 non

2311 461 2375 508 σὺ
2427 453 2478 507 δ’
2531 458 2590 507 οἶν
2635 461 2762 518 ῖσως
2823 457 3229 530 ἁναμνησθείης.
3287 459 3468 512 Ἠνίκα
3519 463 3609 532 μὲν
3666 465 3765 535 γὰρ
3826 465 3914 513 ἄν·

2311 547 2510 619 θρωπόν
2573 567 2752 618 φαμεν,
2849 554 2936 606 τὴν
3016 549 3522 621 ἐγκατατεταγμένην
3584 559 3645 622 τῇ
3711 553 3918 604 ύποστά

2311 654 2388 686 σει
2443 637 2598 705 φύσιν
2650 635 2967 709 λογιζόμεθα
3017 657 3030 669 ο
3089 640 3243 695 ἡνίκα
3299 636 3347 690 δ’
3397 637 3774 712 ἀνθρωπότητα
3819 645 3916 698 τὴν

2309 723 2464 780 αὐτὴν
2519 729 2608 795 μεν
2663 725 2933 799 ἀνθρώπου
2985 730 3158 798 φύσιν,
3215 727 3273 778 ού
3328 732 3416 784 τὴν
3471 727 3918 801 ἐγκατατεταγμέ-

2307 832 2397 870 νην
2439 809 2517 881 δὲ,
2561 812 2666 863 ἀλλ’
2723 818 2782 872 ἣν
2830 816 2854 865 6
2893 823 3011 876 νοῦς
3041 815 3254 887 ἐξαιρῶν
3277 823 3366 876 τῆς
3415 815 3536 877 ύλης
3569 820 3684 869 καθ’
3727 818 3916 876 ἑαυτὴν

2308 901 2746 974 πολυπραγμονεῖ.
2805 903 2965 956 Ὠστε
3022 911 3204 957 ταυτόν
3241 903 3378 956 ἐστιν
3433 907 3458 956 6
3498 906 3785 978 ἄνθρωπος,
3825 912 3915 958 καὶ

2309 993 2338 1048 ἡ
2397 989 2751 1065 ἁνθρωπότης,
2802 998 2890 1044 καὶ
2941 998 3130 1066 τρόπον
3185 997 3351 1068 ἕτερον
3408 994 3838 1069 παραλλάττοντα
3901 1015 3912 1026 ’

2311 1077 2395 1132 διὸ
2434 1081 2528 1132 οὐκ
2577 1080 2874 1152 ἀναγκαῖον,
2919 1085 3057 1143 ὅσοις
3110 1082 3428 1156 ἐνθεωρεῖται
3473 1089 3531 1136 τό
3572 1085 3760 1158 ἕτερον,
3805 1093 3918 1146 τοῖς

2310 1169 2482 1229 αὐτοῖς
2537 1171 2762 1243 ὁρᾶσθαι
2800 1177 2888 1223 καὶ
2944 1174 3174 1246 θάτερον.
3223 1174 3313 1233 Οἷς
3363 1177 3464 1247 γὰρ
3513 1172 3742 1231 ἀλλήλων
3774 1195 3913 1246 παρ-

2309 1259 2580 1324 ηλλακται,
2657 1261 3087 1336 παρηλλαγμένην
3155 1265 3354 1323 πάντως
3411 1268 3499 1315 καὶ
3565 1269 3658 1321 τὴν
3723 1270 3916 1336 χρείαν

2259 1376 2271 1384 -
2308 1350 2630 1423 παράσχοιτ’
2678 1352 2759 1404 οἶν.
2810 1355 2896 1403 Διό
2954 1357 3043 1403 καὶ
3089 1354 3357 1425 ἄνθρωπον
3407 1357 3496 1424 μὲν
3541 1352 3760 1424 εὐλόγως
3815 1375 3912 1425 φα-

2308 1441 2397 1508 μὲν
2436 1441 2521 1489 τόν
2571 1441 2864 1512 Σωκράτην,
2917 1439 3294 1514 ἁνθρωπότητα
3325 1437 3384 1493 δὲ
3414 1442 3506 1493 οὐκ
3551 1444 3643 1494 ἔτι.
3690 1442 3768 1495 Ἐν
3808 1447 3912 1514 γαρ

2307 1535 2376 1596 τῷ
2425 1527 2830 1600 παραλλάττοντι
2884 1539 2979 1592 τῆς
3031 1535 3351 1603 κατηγορίας
3402 1532 3542 1601 ἔχειν
3600 1535 3772 1602 μέντοι
3821 1536 3915 1588 τὴν

2311 1615 2686 1688 ἀνθρωπότητα
2761 1621 2847 1668 τόν
2911 1621 3185 1691 Σωκράτην
3248 1618 3456 1694 ἐροῦμεν
3523 1636 3535 1649 ·
3603 1620 3691 1671 καὶ
3774 1640 3919 1694 περι-

542 1707 830 1774 praeterea
857 1701 1312 1756 humanitatem.
1346 1701 1573 1756 Etenim
1594 1701 1992 1771 permutando
2015 1717 2201 1757 enun-

2319 1707 2531 1776 ἔχεσθαι
2569 1709 2627 1757 τὸ
2665 1707 2782 1758 καθ’
2829 1709 3043 1760 ἕκαστον
3093 1709 3182 1760 ὑπ’
3235 1709 3416 1773 αὐτῆς,
3468 1712 3640 1780 ὥσπερ
3686 1709 3784 1761 ύπό
3827 1718 3920 1762 τοῦ

543 1791 800 1847 tiationis
828 1789 1145 1845 formulam
1175 1792 1475 1846 Socratem
1501 1789 1687 1860 probe
1711 1789 1966 1846 dicimus
1978 1790 2200 1846 habere

542 1881 1002 1946 humanitatem,
1040 1895 1110 1935 ac
1142 1879 1220 1934 ab
1261 1879 1391 1950 ipsa
1429 1894 1525 1935 res
1563 1880 1642 1935 ad
1679 1879 1994 1934 individua
2031 1880 2203 1950 perti-

544 1974 772 2035 nentes,
807 1969 892 2024 uti
922 1974 978 2024 et
1009 1969 1087 2024 ab
1126 1968 1368 2023 homine
1428 1967 1715 2024 contineri
1746 1987 1763 2039 ;
1799 1968 2091 2040 siquidem
2143 1969 2201 2024 in

543 2058 893 2129 hujusmodi
907 2057 1193 2129 loquendi
1214 2057 1413 2112 modis
1431 2056 1698 2128 ipsarum
1715 2073 1913 2113 rerum
1928 2057 2206 2114 identitas

552 2147 775 2203 s‘ervari
796 2147 1042 2202 videtur.
1078 2148 1141 2201 Et
1156 2146 1204 2200 si
1222 2146 1421 2217 itaque
1443 2160 1565 2202 non
1579 2145 1910 2201 secundum
1926 2145 2206 2202 eumdem

547 2237 822 2301 modum,
848 2235 908 2290 in
940 2234 1163 2307 quibus
1190 2235 1376 2290 homo
1406 2234 1644 2299 dicitur,
1681 2236 1739 2290 in
1763 2234 1909 2306 ipsis
1940 2239 2132 2306 potest
2155 2239 2212 2291 et

552 2325 900 2381 humanitas
929 2323 1203 2395 apposite
1234 2322 1354 2378 dici
1383 2339 1396 2389 ;
1421 2323 1554 2394 jure
1580 2327 1780 2379 tamen
1802 2322 2101 2395 quispiam
2131 2323 2214 2378 di-

2313 1793 2584 1866 ὰνθρώπου
2627 1815 2639 1827 ·
2683 1795 2732 1847 ἐν
2772 1805 2880 1858 τοῖς
2931 1801 3185 1858 τοιούτοις
3243 1801 3342 1872 γὰρ
3383 1798 3552 1851 αὐτῶν
3607 1796 3774 1851 ἐδόκει
3832 1806 3922 1852 καὶ

2314 1885 2341 1940 ἡ
2396 1889 2670 1944 ταυτότης.
2718 1885 2877 1937 ’Ὼστε
2917 1886 2960 1938 εἰ
2991 1892 3079 1938 καὶ
3123 1893 3192 1958 μη
3243 1891 3328 1939 τόν
3380 1888 3534 1939 αὐτόν
3598 1893 3810 1960 τρόπον,
3864 1888 3920 1960 ἐς)

2316 1971 2382 2020 ὧν
2433 1973 2457 2022 6
2495 1973 2764 2047 ἄνθρωπος
2805 1973 3029 2044 λέγεται,
3073 1973 3147 2026 ἐπ’
3189 1975 3358 2026 αὐτῶν
3398 1975 3644 2049 ἆρμόζειν
3695 1973 3924 2028 δύναται

2316 2065 2406 2111 καὶ
2456 2063 2484 2117 ἡ
2535 2059 2892 2135 ἀνθρωπότης.
2955 2062 3114 2116 Ἀλλὰ
3166 2071 3495 2137 περιεκτικην
3549 2084 3602 2116 τε
3653 2063 3779 2116 εἶναι
3827 2073 3929 2117 τῶν

2320 2146 2524 2221 ἀτόμων
2576 2152 2815 2224 καθαρῶς
2860 2152 2922 2202 ἄν
2968 2172 3041 2212 τις
3092 2157 3184 2210 τὴν
3229 2151 3604 2224 ἁνθρωπότητα
3653 2158 3805 2224 φαίη,
3839 2159 3930 2206 καὶ

2321 2241 2459 2308 ἔχειν
2516 2242 2712 2297 ταύτην
2782 2244 2867 2292 τόν
2904 2244 3198 2314 Σωκράτην,
3253 2247 3341 2294 καὶ
3397 2244 3700 2315 θεωρεῖσθαι
3761 2243 3928 2302 αὐτὴν

2321 2324 2375 2378 ἐκ
2395 2334 2493 2378 τῶν
2522 2326 2746 2397 ἀτόμων.

551 2420 642 2469 cet
660 2413 826 2485 quod
855 2417 913 2468 et
943 2411 1250 2468 individua
1272 2411 1573 2468 contineat
1595 2412 1961 2480 humanitas,
1989 2417 2044 2468 et
2063 2411 2494 2485 complectatur
2512 2416 2641 2472 haec
2670 2419 2991 2484 Socratem,
3012 2423 3190 2490 atque
3219 2421 3352 2491 ipsa
3383 2434 3453 2475 ex
3481 2418 3808 2475 individuis
3824 2419 3930 2476 ab-

553 2506 772 2559 stracta
800 2502 997 2558 fuerit.

624 2595 801 2648 Porro
839 2591 991 2647 ratio
1020 2589 1305 2663 loquendi
1341 2590 1416 2646 de
1458 2589 1834 2646 naturalibus
1875 2590 1952 2646 ad
1983 2591 2210 2648 solven-

553 2680 696 2736 dam
726 2681 796 2736 de
824 2679 1005 2735 rebus
1037 2684 1322 2736 naturam
1353 2679 1783 2736 excedentibus
1813 2680 2209 2752 quaestionem

554 2773 886 2840 opportuna
907 2774 1012 2825 est.
1046 2769 1160 2826 Sed
1183 2785 1312 2841 quae
1341 2769 1631 2825 hactenus
1649 2768 2018 2825 enucleavim
2030 2787 2096 2825 us
2119 2770 2212 2840 ju-

553 2874 773 2915 venum
798 2874 946 2924 esse,
979 2858 1156 2930 quiin
1185 2857 1815 2930 dialecticispalasstris
1847 2859 2045 2914 adhuc
2083 2858 2207 2915 for-

558 2955 712 3004 tasse
754 2953 1019 3010 currunt,
1052 2947 1326 3003 nondum
1358 2953 1560 3003 autem
1599 2947 1678 3004 ad
1715 2947 2012 3013 bravium,
2045 2947 2212 3020 quod

558 3036 823 3094 veritatis
854 3036 1081 3108 agnitio
1129 3037 1334 3106 donat,
1367 3041 1782 3108 pervenerunt,
1818 3036 2213 3093 existimanda

2388 2594 2444 2646 Ὁ
2513 2592 2570 2648 δὲ
2623 2595 2705 2648 ἐπὶ
2769 2604 2858 2656 τῆς
2915 2599 3115 2668 φύσεως
3168 2597 3319 2668 λόγος
3382 2600 3585 2672 ἕτοιμός
3652 2599 3766 2651 ἐστι
3834 2604 3926 2651 καὶ

2317 2689 2434 2757 περὶ
2501 2693 2598 2736 τῶν
2673 2687 2939 2758 ὑπερφυῶν
3025 2692 3116 2744 την
3186 2686 3582 2759 ἀμφισϐήτησιν
3664 2685 3922 2740 διαλύειν.

2317 2769 2466 2822 Ἀλλὰ
2522 2775 2587 2824 τὰ
2629 2777 2718 2845 μὲν
2767 2783 3042 2848 προσεχοῦς
3092 2777 3354 2850 εἰρημένα,
3417 2783 3740 2850 σκιρτώντων
3792 2779 3929 2838 ἴσως

2320 2864 2393 2913 ἔτι
2423 2864 2553 2932 μετὰ
2591 2865 2683 2924 τὰς
2744 2860 3074 2926 διαλεκτικὰς
3118 2865 3464 2942 παλαίστρας,
3517 2871 3658 2918 οὔπω
3709 2863 3768 2918 δὲ
3825 2874 3927 2917 τῶν

2321 2951 2386 3010 εἰς
2438 2955 2495 3002 τό
2544 2951 2784 3025 βραϐεῖον
2862 2953 3172 3026 ἀφιγμένων,
3230 2957 3254 3007 ὅ
3307 2956 3591 3027 χαρίζεται
3653 2964 3742 3016 τῆς
3797 2954 3932 3012 ἀλη-

2323 3040 2456 3099 θείας
2512 3043 2542 3097 η
2602 3041 2917 3112 κατάληψις,
2967 3048 3251 3114 νομιστέον.
3311 3051 3424 3106 Πῶς
3475 3047 3576 3119 γὰρ
3624 3046 3653 3101 η
3719 3043 3914 3116 ἀνθρωο

559 3131 717 3183 sunt.
755 3126 1073 3192 Quomodo
1105 3127 1253 3182 enim
1291 3126 1641 3183 humanitas
1672 3130 1729 3182 et
1779 3127 1857 3181 ab
1887 3126 2208 3182 individuis

2321 3130 2480 3188 πότης
2537 3135 2625 3181 καὶ
2683 3129 2931 3203 ἐξῄρηται
2997 3141 3095 3184 τῶν
3163 3132 3386 3205 ἀτόμων,
3441 3139 3529 3186 καὶ
3593 3134 3683 3185 ὑπ’
3750 3133 3926 3185 αὐτῶν

560 3215 940 3280 abstrahitur,
973 3215 1128 3271 etab
1157 3215 1305 3286 ipsis
1329 3215 1584 3272 habetur
1611 3216 1639 3271 ‘I
1670 3216 1987 3282 Quomodo
2012 3220 2212 3272 autem

558 3304 1159 3369 individuacontinet,
1188 3304 1335 3360 dum
1361 3320 1484 3361 non
1503 3309 1696 3376 potest
1721 3304 2004 3360 omnibus
2019 3305 2214 3361 modis

560 3394 634 3450 de
659 3393 807 3465 ipsis
822 3393 1162 3448 enuntiari?
1177 3392 1402 3448 Habere
1429 3393 1717 3465 profecto,
1735 3398 1952 3458 etesse,
1982 3393 2213 3450 etiamsi

562 3483 718 3538 brevi
748 3482 1076 3538 litterarum
1117 3481 1399 3538 varietate
1425 3482 1664 3550 distent,
1695 3498 1982 3553 magnam
2014 3488 2212 3538 tamen

561 3587 762 3627 rerum
791 3569 1198 3627 diversitatem
1231 3571 1571 3641 important.

634 3660 879 3716 Facilius
909 3664 1111 3716 autem
1146 3660 1295 3716 foret
1321 3659 1628 3731 objectum
1669 3660 1747 3717 ab
1779 3661 2079 3718 identitate
2118 3661 2216 3718 de-

564 3755 874 3821 sumptum
887 3749 1646 3822 diluerezquandoquidem,
1662 3750 1883 3807 etiamsi
1895 3751 2101 3807 demus
2111 3751 2216 3807 ho-

563 3838 786 3894 minem
829 3842 885 3895 et
919 3837 1355 3894 humanitatem
1387 3838 1546 3895 idem
1576 3854 1723 3905 esse,
1766 3840 2104 3896 necessario
2135 3844 2214 3896 ta-

563 3943 702 3983 men
727 3942 850 3984 non
875 3927 1162 3997 sequitur,
1197 3931 1260 3983 ut
1300 3927 1483 3984 altero
1508 3928 1832 4000 praedicata
1862 3929 2217 4002 praedicetur

563 4021 622 4072 et
651 4015 922 4072 alterum.
950 4017 1222 4072 Socrates
1248 4016 1407 4072 enim
1426 4015 1579 4074 idem
1597 4022 1768 4074 estac
1788 4018 2003 4084 homo;
2032 4019 2215 4074 modo

563 4105 816 4163 alterum
853 4105 927 4162 de
958 4105 1141 4161 altero
1181 4121 1300 4161 non
1342 4105 1677 4164 enuntietur
1710 4123 1722 4163 :
1757 4107 1981 4180 quippe
2011 4108 2082 4163 de
2111 4110 2218 4164 So-

563 4198 722 4250 crate
752 4193 938 4266 probe
962 4193 1311 4266 praedicatur
1335 4194 1541 4259 homo,
1573 4195 1677 4251 sed
1704 4211 1820 4252 non
1847 4195 1986 4253 item
2011 4197 2216 4252 Socra-

566 4290 650 4338 tes
670 4283 1150 4355 praedicationem
1183 4283 1410 4340 homini
1439 4283 1636 4340 reddit
1660 4300 1672 4338 :
1701 4285 2212 4356 proiectodicitur,

567 4375 838 4430 Socrates
878 4373 1118 4446 quidem
1147 4378 1236 4429 est
1272 4373 1456 4430 homo
1489 4388 1502 4429 :
1534 4389 1657 4431 non
1680 4382 1897 4440 autem,
1931 4375 2114 4432 homo
2131 4380 2218 4432 est

2323 3221 2545 3289 ἔχεται;
2609 3227 2724 3281 Πῶς
2765 3217 2822 3273 δὲ
2880 3225 3112 3293 περιέχει
3167 3231 3351 3288 ταῦτα,
3409 3220 3539 3294 μηδ’
3586 3223 3710 3283 ὅλως
3757 3223 3930 3274 αὐτῶν

2322 3314 2793 3382 κατηγορουμένη;
2859 3314 2926 3362 Τό
2977 3315 3077 3383 γὰρ
3139 3314 3299 3382 ἔχειν,
3359 3318 3446 3364 καὶ
3500 3316 3557 3364 τὸ
3619 3309 3768 3378 εἶναι,
3830 3314 3930 3363 κάν

2322 3400 2636 3470 γραμμάτων
2703 3397 2951 3472 ἐναλλαγῇ
3030 3399 3263 3474 βραχείᾳ
3331 3398 3624 3467 διίσταται,
3694 3401 3930 3474 μεγάλην

2324 3490 2642 3560 πραγμάτων
2673 3489 2980 3560 ἀπαγγέλλει
3006 3490 3295 3562 ἑτερότητα.

2395 3669 2499 3721 Τὴν
2549 3661 2599 3716 δ’
2661 3664 2760 3718 ἀπὸ
2809 3675 2898 3728 τῆς
2951 3672 3262 3728 ταυτότητος
3320 3665 3662 3742 καταδρομὴν
3717 3674 3933 3741 ευχερέ-

2327 3772 2503 3827 στερον
2542 3753 2864 3808 ἀναστέλλειν
2907 3758 2966 3807 οἶν
3007 3761 3082 3814 εἴη
3120 3777 3131 3790 ο
3177 3758 3281 3829 οὐχ
3321 3762 3389 3820 ὡς
3428 3757 3626 3829 ἀνάγκη
3674 3760 3786 3828 (50)
3828 3778 3930 3826 τις,

2327 3846 2462 3916 εἴπερ
2518 3849 2607 3896 καὶ
2657 3841 2775 3903 δοίη
2830 3851 3015 3898 ταυτὸν
3068 3845 3320 3919 ἀνθρώπῳ
3377 3853 3470 3906 τὴν
3524 3850 3931 3921 άνθρωπότητα,

2325 3938 2776 4005 κατηγορουμένου
2835 3942 2926 3986 τού
2986 3936 3156 4010 ἐτέρου
3214 3942 3302 3987 καὶ
3363 3940 3420 3988 τό
3476 3938 3641 4008 ἕτερον
3705 3956 3934 4008 κατηγο-

2324 4023 2550 4093 ρεῖσθαι.
2593 4026 2792 4075 Ταυτὸν
2834 4027 2934 4098 γὰρ
2990 4027 3014 4076 6
3075 4027 3350 4096 Σωκράτης
3403 4034 3475 4095 τῷ
3529 4025 3802 4100 ἀνθρώπῳ,
3865 4031 3936 4077 εἰς

2325 4128 2416 4183 περ
2459 4111 2562 4181 οὐχ
2615 4112 2781 4185 ἕτερον
2840 4112 3012 4187 ἐτέρου
3053 4122 3441 4188 κατηγορεῖται.
3487 4115 3641 4167 Ἀλλά
3689 4119 3788 4187 γὰρ
3841 4123 3938 4167 τοῦ

2327 4203 2626 4271 Σωκράτους
2677 4206 2766 4272 μὲν
2818 4210 3185 4276 κατηγορεῖται
3227 4200 3384 4261 δῆλον
3439 4206 3463 4254 ό
3513 4206 3771 4276 άνθρώπς,
3837 4205 3934 4255 οὒκ

2326 4292 2404 4340 ἔτι
2457 4285 2515 4340 δὲ
2564 4291 2588 4340 6
2643 4293 2914 4362 Σωκράτης
2964 4289 3362 4345 ἀνταποδίδωσι
3417 4303 3488 4363 τῷ
3543 4292 3796 4366 ἀνθρώπῳ
3838 4298 3935 4351 την

2325 4383 2644 4450 κατηγορίαν
2697 4418 2709 4428 .
2766 4380 2966 4450 λέγεται
3024 4387 3114 4451 μεν
3165 4385 3262 4456 γὰρ
3313 4384 3338 4432 6
3394 4384 3667 4455 Σωκράτης
3734 4384 3937 4454 ἅνθρω-

564 4463 858 4519 Socrates.
894 4464 1088 4528 Quare
1119 4461 1360 4519 difficile
1387 4469 1636 4532 nonest,
1664 4468 1729 4520 ut
1758 4463 1820 4519 in
1849 4464 2208 4536 quibusdam

2326 4485 2441 4530 πος,
2495 4467 2588 4518 ούκ
2644 4471 2715 4520 ἔτι
2766 4465 2825 4520 δὲ
2883 4471 2907 4521 6
2954 4472 3218 4533 ἄνθρωπος
3276 4473 3565 4544 Σωκράτης.
3630 4469 3791 4523 Ὠστε
3841 4472 3936 4523 οὐκ

565 4551 913 4608 nominibus
939 4550 1253 4608 diversitas
1293 4567 1433 4608 cum
1461 4551 1768 4609 identitate
1799 4553 2066 4625 prodeat.

639 4726 807 4792 Quod
823 4729 1014 4782 autem
1034 4726 1583 4798 exposuimus,cum
1598 4743 1704 4801 per
1721 4729 2218 4800 comparationem

567 4815 930 4889 persuadere
949 4816 1188 4881 nitatur,
1213 4816 1290 4872 ad
1307 4818 1677 4889 propositam
1692 4819 2088 4889 quaestionem
2108 4821 2219 4876 sol-

568 4904 817 4962 vendam
842 4905 1044 4961 eadem
1065 4905 1177 4960 vim
1208 4921 1331 4961 non
1360 4908 1608 4977 exserit;
1633 4907 1919 4979 siquidem
1947 4908 2007 4964 in
2025 4909 2220 4965 allatis

569 4993 846 5065 exemplis
859 4992 1082 5066 aliquid
1095 5010 1389 5051 commune
1401 4996 1741 5068 est,aliquid
1758 5013 1890 5053 vero
1905 4999 2216 5068 peculiare:

570 5084 700 5141 atin
719 5081 923 5138 divinis
939 5084 1634 5157 communicationemque
1652 5086 1871 5155 gaudet
1885 5087 2221 5144 alterutrum

574 5174 856 5238 Quianam
904 5171 1084 5241 igitur
1131 5171 1344 5230 solutio
1401 5173 1527 5238 erit,
1556 5190 1688 5246 quae
1728 5175 1894 5230 omni
1954 5192 2024 5232 ex
2053 5184 2220 5248 parte

2327 4558 2518 4629 οἶπορον
2573 4555 2648 4608 ἐπ’
2699 4555 2839 4608 ἐνίων
2893 4557 3154 4631 ὀνομάτων
3214 4559 3375 4630 λέγειν
3435 4565 3780 4633 συμπροῐέναι
3838 4566 3938 4620 τήν

2329 4645 2598 4718 ἑτερότητα
2637 4654 2698 4719 τῇ
2732 4651 3033 4705 ταυτότητι.

2402 4734 2554 4787 Ἀλλά
2611 4734 2722 4788 ἐστι
2776 4738 2893 4805 (ΞΗ)
2949 4743 3038 4788 καὶ
3095 4740 3151 4788 τὸ
3226 4739 3379 4811 ῥηθὲν
3436 4735 3938 4811 παραδειγματικήν

2331 4827 2650 4882 πιθανότητα
2705 4831 2850 4898 φέρον
2904 4827 2962 4878 οὗ
3021 4832 3113 4884 τὴν
3165 4828 3320 4884 αὐτὴν
3383 4828 3541 4899 ἰσχὺν
3589 4829 3940 4902 προϐάλλεται

2328 4922 2434 4974 τοῖς
2489 4913 2538 4975 ἐξ
2599 4913 2774 4986 ἀρχῆς
2835 4917 3183 4986 ἡπορημένοις
3231 4925 3531 4989 παρασχεῖν
3587 4923 3680 4974 την
3739 4918 3890 4970 λύσιν
3923 4938 3937 4950 ·

2329 5004 2412 5051 καὶ
2470 5003 2570 5073 γὰρ
2622 5001 2841 5054 ἐνταῦθα
2896 5009 2953 5054 τό
3025 5007 3112 5074 μὲν
3168 5024 3354 5070 κοινον,
3407 5009 3462 5055 τό
3533 5001 3590 5056 δὲ
3652 5014 3752 5056 τῶν
3820 5008 3943 5059 καθ’

2332 5091 2546 5141 ἕκαστον

2621 5110 2632 5122 ·
2700 5089 2747 5142 ἐν
2817 5094 3030 5152 ἐκείνοις
3096 5089 3155 5144 δὲ
3219 5092 3600 5164 παραπλησίως
3696 5094 3948 5168 ἑκάτερον

2333 5177 2577 5231 ἀπολαύει
2615 5187 2709 5241 τῆς
2762 5185 3074 5241 κοινότητος,
3123 5187 3212 5243 Τίς
3253 5179 3340 5233 οὖν
3389 5184 3417 5239 η
3471 5185 3802 5254 πανταχόθεν
3852 5191 3950 5239 καὶ

2146 5293 2368 5368 NOT/E.

647 5386 758 5457 (50)
802 5385 1026 5459 V_oc_em
1077 5385 1234 5441 hanc
1287 5393 1632 5459 corruptam
1685 5395 1951 5446 asservat
2011 5390 2220 5457 codex,

575 5456 799 5538 quippe
843 5456 1022 5538 habet
1065 5458 1172 5538 αντ’
1205 5478 1350 5538 ,αγνη
1397 5475 1410 5513 :
1460 5456 1529 5516 ac
1567 5460 1815 5518 fortasse
1850 5477 1956 5534 pro
2003 5462 2109 5534 οὐχ
2155 5456 2224 5523 ὡς

576 5529 975 5605 opportunius
1007 5533 1165 5587 esset
1193 5532 1260 5598 ὡς
1291 5529 1404 5585 οὐκ.

2405 5392 2519 5462 (51)
2557 5392 2814 5464 Verbum
2844 5393 3292 5451 substantivum
3334 5396 3505 5452 otiari
3545 5396 3804 5464 videtur,
3841 5406 3954 5457 aut

2333 5479 2441 5535 pro
2470 5463 2812 5540 προϐάλλεται
2845 5465 3226 5538 προϐάλλεσθαι
3256 5467 3578 5538 legendum
3611 5469 3739 5525 erit.
