4126 6190
224 272 331 328 εοξς
1222 268 1318 326 AD
1357 266 1904 327 AMPHILOCHIUM
1942 265 2263 336 QUESTIO
2302 265 2551 322 XXVIII.

1942 265 2263 336 QUIESTIO
2302 265 2551 322 XXVIII.
3116 256 3127 275 ί
3509 268 3621 325 206

225 399 408 459 πάσης
463 398 626 459 λαϐῆς
675 397 1049 471 ἁνακεχὼρηκε
1104 396 1289 463 λύσις;
1324 402 1425 449 Καὶ
1466 398 1589 471 γὰρ,
1637 397 1720 447 ὅτι
1761 396 1853 467 μεν
1883 393 1929 448 Α
1962 407 2141 450 omne
2158 392 2334 449 etiam
2349 391 2564 449 devitet
2584 392 2739 448 incOI

1962 407 2141 450 omne
2158 392 2334 449 etiam
2349 391 2564 449 devitet
2584 391 3039 449 incommodum
3053 390 3083 444 ?
3102 390 3318 464 Aliquo
3329 390 3616 459 nimirum

228 488 286 541 οῦ
318 489 490 540 πάντα
534 491 602 539 τὰ
638 487 705 548 εἰς
754 490 943 540 ταυτὸν
984 491 1223 539 συνιέντα
1278 489 1410 538 κατά
1458 488 1623 538 πάντα
1674 503 1850 536 κοινωο
1959 485 2131 555 pacto
2154 487 2465 540 ostensum
2486 487 2594 547 est,
2624 496 2739 554 quo

1959 485 2131 555 pacto
2154 487 2465 540 ostensum
2486 487 2594 547 est,
2624 480 2787 554 quod
2818 480 3194 559 non‘omnia,
3227 496 3366 552 qua:
3395 484 3615 539 eodem

221 586 341 630 νοῦν
377 576 623 639 ἀλλήλοις
666 576 985 645 ἁπαιτεῖται,
1026 572 1296 629 δέδεικται
1342 579 1529 649 τρόπον
1570 576 1685 627 τινα
1714 591 1726 602 ·
1760 587 1850 635 καὶ
1957 572 2226 636 redeunt,
2267 576 2538 627 mutuam
2565 570 2627 626 in
2679 587 2739 626 tu

1957 572 2226 636 redeunt,
2267 576 2538 627 mutuam
2565 570 2627 626 in
2679 570 2967 627 universis
3002 568 3614 628 communicationem

222 666 303 716 ότι
372 666 403 723 ἡ
465 662 567 717 ἀπὸ
625 673 722 727 τῆς
780 664 1076 739 ἀνθρώπου,
1142 670 1232 717 καὶ
1289 672 1387 727 τῆς
1453 662 1849 738 ἀνθρωπότητος
1956 664 2320 732 exposcant;
2349 659 2590 732 etquod
2615 674 2739 715 νοω

1956 664 2320 732 exposcunt;
2349 665 2407 716 et
2424 659 2590 732 quod
2615 674 2834 715 vocum
2855 658 3117 715 hominis
3142 664 3198 713 et
3223 658 3614 716 humanitatis

221 762 393 825 φωνῆς
434 760 797 828 προτεινομένη
848 764 1051 827 χρῆσις
1094 758 1188 813 τὴν
1240 752 1289 806 ὶν
1329 761 1391 826 τῇ
1436 752 1673 824 θεολογίᾳ
1732 748 1847 804 δια·
1954 750 2257 821 expositus
2287 764 2429 804 usus
2457 747 2739 804 dirimati

1954 750 2257 821 expositus
2287 764 2429 804 usus
2457 748 2698 804 dirimat
2723 747 2783 803 in
2808 747 2990 803 rebus
3030 746 3245 803 divinis
3274 753 3614 805 controver-

217 842 329 896 λύει
361 847 489 917 ἔριν.
520 845 678 915 Τάχα
708 841 760 897 δ’
801 843 861 895 ἂν
893 843 975 896 ἐπὶ
1024 847 1211 916 μέρους
1250 845 1325 895 ἔτι
1362 846 1500 915 μένει
1536 846 1596 894 τὸ
1630 843 1848 913 ζήτημα
1954 839 2126 895 siam.
2156 838 2431 894 Protinus
2462 838 2661 910 itaque
2691 854 2739 910 qt

1954 839 2126 895 siam.
2156 838 2431 894 Protinus
2462 838 2661 910 itaque
2691 837 2943 910 quaestio
2963 853 3038 894 ex
3066 853 3188 895 una
3215 837 3410 894 adhuc
3444 844 3611 910 parte

219 938 312 984 καὶ
372 938 463 985 τόν
513 936 681 1005 ἔρωτα
729 942 831 984 τῶν
898 933 1194 1005 φιλοσοφεῖν
1248 935 1563 1007 αἱρουμένων
1636 930 1823 1003 ἁναφλέ
1952 927 2275 984 enodanda
2293 932 2583 999 superest,
2602 932 2662 983 et
2681 926 2739 982 dt

1952 927 2275 984 enodanda
2293 932 2583 999 superest,
2602 932 2662 983 et
2681 926 3046 983 desiderium
3059 941 3269 983 eorum
3288 925 3391 998 qui
3416 926 3611 998 philo-

216 1042 331 1092 γειν
356 1041 369 1053 ·
403 1024 483 1074 ὅτι
536 1028 608 1094 μὴ
682 1027 769 1074 καὶ
823 1026 882 1075 τό
947 1021 1126 1074 λοιπόν
1185 1028 1407 1095 συνορᾲν
1485 1025 1843 1095 χειραγη-γίαν
1951 1018 2196 1090 sophari
2223 1017 2492 1089 cupiunt,
2516 1017 2739 1074 accend

1951 1018 2196 1090 sophari
2223 1017 2492 1089 cupiunt,
2516 1017 2873 1083 accendere;
2897 1016 3044 1089 quia
3069 1016 3132 1072 id
3147 1031 3408 1089 quoque,
3440 1017 3609 1088 quod

217 1112 394 1184 εύροι.
1948 1104 2224 1177 iniquum
2244 1111 2354 1172 est,
2382 1105 2656 1162 nondum
2685 1121 2793 1161 sua
2816 1104 3225 1162 enucleatione
3243 1105 3419 1178 potiri
3445 1105 3611 1163 vide-

1951 1200 2063 1249 tur.

287 1291 360 1342 Ti
406 1287 499 1341 οὖν
552 1293 667 1342 ἔστι
715 1291 1001 1361 φάναιςΤί
1047 1286 1107 1342 δι
1153 1295 1440 1364 σοφώτερον
1493 1290 1660 1361 ἕτερον
1710 1291 1841 1359 πρὸς
2019 1281 2320 1349 Quidnam
2341 1286 2430 1339 est
2457 1298 2600 1353 ergo
2620 1281 2739 1338 dice

2019 1281 2320 1349 Quidnam
2341 1286 2430 1339 est
2457 1298 2600 1353 ergo
2620 1281 2947 1338 dicendum
2966 1282 2995 1337 ‘I
3024 1285 3088 1339 Et
3112 1281 3408 1355 quidnam
3438 1282 3605 1339 aliud

211 1384 310 1437 τήν
338 1378 393 1442 ἐξ
431 1379 613 1451 ἀρχῆς
660 1377 903 1453 ἀπορίαν,
943 1380 972 1437 ἡ
1020 1375 1161 1431 διότι
1202 1380 1232 1437 ἡ
1284 1382 1376 1450 μιν
1408 1381 1534 1439 Θεός
1576 1381 1713 1449 φωνὴ
1744 1381 1840 1435 τήν
1949 1370 2143 1441 magis
2161 1371 2239 1427 ad
2263 1371 2739 1443 qumstionempr

1949 1370 2143 1441 magis
2161 1371 2239 1427 ad
2263 1371 2664 1443 qumstionem
2678 1370 3049 1443 propositam
3062 1370 3221 1436 facit,
3235 1386 3424 1443 quam
3436 1371 3603 1443 quod

211 1487 266 1520 τε
317 1470 478 1538 φύσιν
535 1470 680 1520 εἴωθε
719 1463 932 1534 δηλοῦν,
974 1473 1064 1519 καὶ
1110 1475 1212 1519 τῶν
1262 1466 1467 1539 ἀτόμων
1503 1468 1721 1519 ἕκαστον
1753 1464 1838 1517 ού·
1947 1474 2021 1515 ex
2049 1474 2139 1524 eo,
2173 1460 2318 1531 quia
2356 1476 2468 1516 vox
2505 1460 2660 1515 Deus
2696 1468 2739 1516 ei

1947 1474 2021 1515 ex
2049 1474 2139 1524 eo,
2173 1460 2318 1531 quia
2356 1476 2468 1516 vox
2505 1460 2660 1515 Deus
2696 1464 2754 1516 et
2788 1463 3066 1517 naturam
3100 1460 3432 1532 exprimere
3462 1475 3603 1516 con-

212 1554 303 1610 δἐν
353 1557 566 1609 ἔλαττον
618 1560 813 1628 πέφυκε
858 1560 1130 1628 σημαίνειν
1155 1570 1169 1585 ·
1203 1558 1232 1614 ἡ
1288 1554 1349 1609 δέ
1388 1560 1585 1616 Θεότης
1637 1573 1839 1627 σημαν-
1948 1548 2156 1615 suevit,
2210 1553 2265 1604 et
2325 1548 2406 1605 ad
2455 1564 2739 1621 unamqul

1948 1548 2156 1615 suevit,
2210 1553 2265 1604 et
2325 1548 2406 1605 ad
2455 1563 2950 1621 unamquamque
3002 1564 3395 1622 personarum
3450 1547 3602 1604 indi-

210 1652 359 1699 τικόν
389 1665 466 1709 τε,
513 1650 603 1698 καὶ
634 1642 923 1703 δηλωτικόν
958 1644 1118 1705 αὐτῆς
1167 1665 1226 1713 γε
1269 1651 1430 1718 μόνης
1470 1652 1561 1706 τῆς
1600 1644 1835 1716 φύσεωςῖ
1947 1636 2206 1693 caudam
2240 1652 2363 1693 non
2395 1638 2595 1693 minus
2622 1653 2739 1709 opp

1947 1636 2206 1693 caudam
2240 1652 2363 1693 non
2395 1638 2595 1693 minus
2622 1642 2966 1709 opportuna
2994 1643 3118 1693 est:
3150 1654 3266 1693 vox
3289 1642 3487 1695 autem
3512 1636 3604 1694 Di-

211 1740 300 1789 Διό
354 1739 683 1809 περιεκτικόν
730 1736 876 1806 μὲνὴ
919 1738 1135 1798 Θεότης,
1194 1737 1366 1810 ὥσπερ
1425 1739 1516 1787 καὶ
1561 1736 1592 1792 ἠ
1654 1735 1831 1805 φύσις,
1872 1755 1913 1809 Β
1945 1725 2166 1782 vinitas
2216 1724 2443 1783 indicat
2496 1726 2739 1799 exprimi

1945 1725 2166 1782 vinitas
2216 1724 2443 1783 indicat
2496 1726 2892 1799 exprimitque
2941 1726 3138 1798 ipsam
3187 1728 3601 1784 tantummodo

211 1826 430 1886 εἰκότως
476 1824 538 1876 ἂν
577 1826 763 1899 ῥηθείη
805 1832 904 1876 τῶν
947 1825 1289 1878 ύποστάσεων
1322 1841 1336 1855 ’
1377 1822 1501 1877 ούδε
1537 1821 1596 1877 δι
1639 1828 1834 1884 Θεότης
1945 1815 2511 1881 naturam;idcirco
2540 1816 2739 1871 divinit

1945 1819 2262 1881 naturam;
2288 1815 2511 1871 idcirco
2540 1816 2844 1883 divinitas,
2871 1819 2937 1872 ut
2963 1820 3021 1872 et
3047 1820 3284 1881 natura,
3313 1831 3603 1888 personas

208 1924 313 1966 τῶν
370 1914 459 1967 ὑπ’
510 1914 676 1976 αύτῆς
726 1918 1105 1989 περιεχομένων
1156 1916 1263 1981 (καὶ
1310 1916 1411 1989 γὰρ
1480 1910 1604 1966 ούδε
1656 1914 1833 1985 φύσις)
1943 1905 2245 1960 continere
2278 1905 2486 1960 merito
2516 1904 2632 1960 dici
2658 1920 2739 1977 p0

1943 1905 2245 1960 continere
2278 1905 2486 1960 merito
2516 1904 2632 1960 dici
2658 1909 2901 1977 posset:
2934 1908 2997 1961 at
3016 1920 3138 1961 non
3168 1909 3361 1976 potest
3389 1905 3602 1961 Divini-

216 2002 447 2057 δύναται
496 2003 760 2074 λέγεσθαι.
828 2010 883 2056 'Il
942 2000 1001 2055 δὲ
1057 2006 1184 2063 Θεὸς
1237 2008 1399 2076 φωνὴ,
1459 2005 1632 2074 ὥσπερ
1691 2022 1834 2075 περι.
1942 1997 2032 2050 tas
2063 1994 2311 2065 (quippe
2352 2009 2429 2049 ne
2477 1992 2611 2066 ipsa
2642 1994 2739 2066 qui

1942 1997 2032 2050 tas
2063 1994 2311 2065 (quippe
2352 2009 2429 2049 ne
2477 1992 2611 2066 ipsa
2642 1993 2887 2066 quidem
2922 1994 3160 2065 natura)
3200 1992 3277 2049 de
3328 1996 3600 2066 personis

206 2094 487 2159 ληπτικόν,
515 2094 653 2145 οὕτω
681 2091 751 2151 δή
783 2098 873 2145 καὶ
904 2089 1196 2150 δηλωτικὸν
1223 2102 1324 2145 τῶν
1357 2095 1626 2167 ὑπερφυῶν
1657 2094 1830 2145 ύποσ-
1940 2098 2094 2155 quas
2125 2083 2403 2148 continet,
2444 2082 2729 2139 enuntiari

1940 2098 2094 2155 quas
2125 2083 2403 2148 continet,
2444 2082 2752 2139 enuntiari.
2789 2082 2915 2138 Vox
2955 2088 3158 2138 autem
3192 2085 3366 2149 Deus,
3390 2087 3594 2156 utpote

206 2186 412 2236 τάσεων
446 2201 459 2212 ·
492 2179 526 2235 δ
533 2186 579 2234 ιό
611 2187 700 2234 καὶ
732 2180 1022 2243 ἀκολούθως
1051 2184 1077 2235 6
1113 2182 1265 2253 λόγος
1296 2184 1512 2235 ἕκαστον
1542 2189 1642 2234 τῶν
1672 2191 1828 2256 τριῶν
1937 2173 2083 2246 quia
2109 2186 2233 2228 non
2254 2171 2436 2228 modo
2462 2171 2628 2244 ipsas
2651 2187 2739 2244 pel

1937 2173 2083 2246 quia
2109 2186 2233 2228 non
2254 2171 2436 2228 modo
2462 2171 2628 2244 ipsas
2651 2186 2943 2244 personas
2970 2171 3428 2243 angustissimas
3455 2188 3595 2230 con-

208 2277 335 2329 Θεὸν
364 2273 639 2344 ὀνομάζειν
670 2270 967 2325 ἐπίσταται.
1938 2260 2101 2327 tinet,
2143 2260 2249 2317 sed
2296 2260 2537 2317 easdem
2566 2260 2734 2333 expri

1938 2260 2101 2327 tinet,
2143 2260 2249 2317 sed
2296 2260 2537 2317 easdem
2566 2260 2866 2333 exprimit,
2916 2259 3051 2317 ideo
3090 2260 3495 2333 consequitur,
3531 2266 3595 2320 ut

1934 2350 1995 2407 in
2020 2365 2295 2407 sermone
2310 2349 2643 2423 quamlibet
2658 2349 2834 2407 trium
2846 2349 3258 2423 hypostaseon
3286 2351 3592 2423 possimus

1933 2440 2123 2495 Deum
2153 2454 2527 2512 nuncupare.

280 2538 343 2590 Ei
382 2535 447 2590 δέ
486 2557 568 2599 τις
601 2537 771 2590 αἰτίαν
812 2540 1187 2610 νεανιευόμενος
1217 2539 1474 2602 ἐπιζητεῖ,
1505 2542 1557 2589 τί
1596 2534 1665 2595 δή
1698 2555 1821 2590 ποτε
2002 2527 2174 2594 Quod
2202 2528 2253 2583 Si
2282 2528 2422 2601 quis
2454 2530 2739 2585 monstrat

2002 2527 2174 2594 Quod
2202 2528 2253 2583 si
2282 2528 2422 2601 quis
2454 2530 2748 2585 monstrat
2774 2526 2974 2584 denuo
3007 2543 3070 2583 se
3099 2527 3396 2601 inquirere
3415 2528 3592 2586 ratio-

205 2630 234 2685 ἡ
283 2631 378 2699 μεν
427 2626 763 2701 ἀνθρωπότης
791 2632 884 2685 τὴν
929 2630 1105 2699 φύσιν,
1146 2630 1173 2680 ό
1214 2624 1273 2680 δε
1300 2629 1570 2700 ἄνθρωπος
1608 2631 1698 2679 καὶ
1729 2631 1818 2684 τὴν
1930 2628 2205 2682 nem,cur
2227 2617 2575 2674 humanitas
2591 2621 2739 2673 nam

1934 2628 2205 2682 nem,cur
2227 2617 2575 2674 humanitas
2591 2621 2893 2684 naturam,
2916 2616 3101 2673 homo
3127 2621 3329 2674 autem
3342 2622 3464 2674 tam
3486 2632 3587 2674 na-

205 2720 387 2788 φύσιν,
447 2720 537 2769 καὶ
583 2720 640 2769 τό
693 2716 809 2769 καθ’
863 2717 1061 2769 ἕκαστα
1109 2722 1304 2790 πέφυκε
1345 2713 1539 2775 δηλοῦν
1572 2716 1817 2774 ’λέληθεν
1927 2710 2125 2763 turam
2154 2722 2341 2779 quam
2369 2705 2739 2763 individuum

1934 2710 2125 2763 turam
2154 2722 2341 2779 quam
2369 2705 2751 2763 individuum
2783 2705 3304 2779 signiﬁcandivim
3328 2706 3585 2763 habeat:

205 2806 391 2858 ἑαυτὸν
448 2805 497 2857 ἐν
552 2814 623 2876 τῷ
671 2807 900 2879 νομίζειν
956 2811 1138 2879 σοφίας
1186 2806 1448 2877 ὑπόληψιν
1508 2808 1692 2879 θηρᾷν,
1750 2806 1818 2866 εἰς
1925 2794 2022 2851 hic
2045 2796 2315 2851 nondum
2336 2796 2519 2852 sensit
2547 2810 2739 2861 8086,!

1934 2794 2022 2851 hic
2045 2796 2315 2851 nondum
2336 2796 2519 2852 sensit
2547 2810 2696 2861 sese,
2728 2795 2877 2851 dum
2894 2796 3201 2867 sapientiae
3232 2794 3585 2868 opinionem

204 2893 442 2967 ἀμαθίαν
551 2893 872 2970 ἐκφέρεσθαι,
984 2894 1160 2971 ἀρχὰς
1254 2894 1511 2956 ἐπιζητῶν
1611 2894 1812 2971 ἀρχῶν,
1929 2884 2124 2940 venari
2144 2888 2335 2956 putat.
2365 2885 2425 2939 in
2443 2883 2739 2940 “umnam

1934 2884 2124 2940 venari
2144 2888 2335 2956 putat,
2365 2885 2425 2939 in
2443 2883 2750 2940 stultitiam
2774 2884 3055 2950 incidere,
3088 2884 3233 2956 quia
3262 2883 3585 2956 principio-

202 2988 295 3035 καὶ
370 2991 472 3035 τῶν
535 2982 774 3037 ἀναιτίων
848 2983 1086 3038 ἀπαιτεῖν
1159 2984 1333 3046 αἰτίας
1404 2987 1809 3060 ύποσυρόμενος.
1924 2988 2060 3028 1⁵11111
2084 2973 2376 3045 ρνὶηοὶρίει
2392 2976 2739 3042 seruatum

1934 2988 2060 3028 rum
2084 2973 2376 3045 principia
2392 2976 2702 3042 scrutatur,
2725 2977 3023 3040 eteorum,
3047 2989 3180 3045 quae
3193 2988 3442 3030 causam
3457 2988 3581 3029 non

203 3072 364 3125 Ἀ).λὰ
382 3080 551 3125 ταῦτα
574 3077 665 3147 μὲν
686 3075 712 3125 ό
740 3070 1102 3147 κεφαλαιώδης
1127 3081 1219 3126 τοῦ
1238 3074 1391 3146 λόγου
1410 3077 1587 3136 τύπος.
1849 3109 1889 3166 C
1924 3061 2170 3129 habent,
2196 3077 2410 3166 causas
2426 3065 2614 3166 tentet
2629 3077 2739 3135 exp

1934 3061 2170 3129 habent,
2196 3077 2410 3119 causas
2426 3065 2614 3119 tentat
2629 3061 2946 3135 expiscari.
2961 3062 3151 3134 Atque
3167 3062 3296 3118 haec
3313 3060 3576 3119 sermoni

1926 3150 2375 3223 compendiario
2412 3150 2555 3207 satis
2593 3154 2768 3207 erunt
2795 3150 2934 3223 (52).

782 3256 1096 3305 ΕΡΩΤΗΣΙΣ
1137 3252 1243 3304 κη’
2238 3257 2556 3324 ΟυΑΞΞΤΙΟ
2595 3257 2739 3314 XXV

2238 3257 2556 3324 QUIESTIO
2595 3256 2823 3314 XXVIII
2860 3256 2969 3331 [aL
3015 3256 3269 3328 XXVII].

200 3358 262 3411 Εὶ
343 3364 437 3409 τοῦ
523 3357 682 3409 αὐτοῦ
760 3357 929 3435 αἰτίου
1012 3360 1247 3435 πρόεισιν
1332 3358 1537 3435 ό-)⁸ἱός
1598 3364 1687 3435 καὶ
1739 3364 1807 3435 ⁸τό
1922 3364 1998 3421 Si
2034 3378 2108 3421 ex
2140 3363 2331 3421 eodem
2368 3364 2664 3435 principio

1934 3364 1998 3421 Si
2034 3378 2108 3421 ex
2140 3363 2331 3421 eodem
2368 3364 2664 3435 principio
2697 3348 2884 3420 Filius
2932 3380 3004 3420 ac
3049 3363 3301 3435 Spiritus
3339 3368 3576 3420 sanctus

278 3435 526 3508 [Inﬂant
591 3437 698 3489 πῶς
780 3429 907 3508 ούχὶ
990 3425 1078 3488 τὴν
1113 3438 1249 3508 ¹τῶν
1327 3425 1557 3508 ἀδελφῶν
1611 3428 1812 3508 ’ἀναδέ-
1990 3435 2316 3508 procedunt
2353 3425 2633 3508 ᾁιιοηιοὶίο
2664 3451 2739 3492 πει

1990 3435 2316 3508 procedunt
2353 3425 2633 3508 ᾁιιοηιοὶίο
2664 3451 2761 3492 nec
2805 3425 3578 3507 fratruni'appellationem

272 3499 452 3625 ξονῖἰαι
475 3499 687 3586 κλῆσιν,
710 3506 799 3553 καὶ
828 3499 922 3560 τὴν
945 3508 1037 3553 τοῦ
1067 3502 1190 3554 Υἱοῦ
1209 3499 1571 3575 προσηγορίαν
1601 3503 1811 3557 ὑπελθοι
1990 3499 2297 3633 accipient,
2339 3499 2447 3565 n'ec
2477 3507 2619 3564 Filii
2663 3522 2736 3564 no

273 3591 331 3624 το
412 3588 609 3645 stupet;
1998 3581 2194 3650 quiret

1990 3499 2297 3635 accipient,
2339 3499 2447 3565 n'ec
2477 3507 2619 3564 Filii
2663 3499 2872 3564 nomen
2929 3499 3211 3579 Spiritu-s-
3233 3513 3465 3565 sanctus
3494 3524 3579 3562 ac-

1998 3593 2167 3650 quae

279 3612 293 3623 ο
306 3612 330 3624 ’σ
365 3612 574 3639 "'"r"
594 3614 609 3639 ν

1034 3669 1192 3720 Edita
1217 3669 1285 3720 ab
1313 3671 1435 3720 Ant.
1462 3670 1661 3732 Scotto,
1688 3672 1723 3723 l.
1750 3688 1816 3731 c.,
1848 3689 1899 3739 p.
1928 3677 2008 3726 26.
2037 3675 2353 3740 Dogmatica
2382 3676 2448 3727 de
2462 3676 2739 3729 Trinitate.

268 3759 328 3812 Ἦ
377 3763 468 3831 μεν
498 3755 744 3833 πρόοδος,
788 3758 829 3810 ὦ
877 3757 1137 3831 βελτιστε,
1169 3759 1282 3832 ἅμα
1318 3779 1373 3813 τε
1419 3766 1509 3815 καὶ
1549 3758 1808 3817 ἀδιαστά-
1986 3766 2560 3831 ProcessioaPatre,
2582 3766 2739 3839 optin

1986 3766 2294 3823 Processio
2315 3782 2352 3823 a
2366 3766 2560 3831 Patre,
2582 3766 2806 3839 optime
2820 3766 2927 3832 vir,
2952 3766 3193 3839 pariter,
3208 3782 3278 3825 ac
3299 3767 3424 3825 sine
3441 3780 3581 3825 6οη·-

197 3867 300 3910 τως
326 3850 344 3885 ¹
389 3847 444 3900 ἐκ
496 3857 588 3901 τοῦ
630 3851 833 3921 Πατρός
870 3856 941 3919 τῷ
991 3867 1046 3902 τε
1089 3851 1214 3921 Υὶῴ,
1267 3854 1357 3903 καὶ
1422 3858 1495 3920 τῷ
1545 3852 1807 3923 Πνεύματι
1918 3855 2198 3913 (muenia
2225 3860 2281 3912 el,
2299 3856 2375 3912 de
2401 3856 2565 3923 Filio,
2606 3861 2667 3913 et,
2718 3858 2739 3912 ε

1934 3855 2198 3913 traversia
2225 3856 2375 3912 etde
2401 3856 2565 3923 Filio,
2606 3861 2667 3913 et
2718 3857 2792 3913 de
2823 3856 3043 3929 Spiritu
3075 3861 3284 3914 sancto
3309 3857 3371 3913 in
3402 3873 3576 3915 sacra

197 3936 535 4008 θεολογεῖται.
580 3934 775 3999 Οὐδεὶς
830 3933 881 3990 δ’
938 3935 1225 4009 ἀναγκάσει
1270 3937 1425 4011 λόγος
1472 3939 1545 4000 εἰς
1590 3944 1685 3998 τὴν
1714 3947 1807 3993 τοῦ
1915 3944 2739 4003 doctrinaenuntiaturznullu

1934 3944 2187 4002 ioctrina
2199 3946 2565 4003 enuntiatur:
2583 3946 2781 4003 nullus
2802 3949 2997 4003 tamen
3011 3945 3210 4003 insinu
3218 3946 3344 4003 abit
3357 3962 3574 4013 sermo,

196 4029 322 4081 Υἱοῦ
373 4034 681 4098 μεταπεσεῖν
729 4030 1108 4101 προσηγορίαν,
1156 4028 1185 4086 ἦ
1232 4032 1326 4086 τὴν
1362 4025 1648 4101 ἀδελφικὴν
1687 4028 1803 4081 ἀνα·
1916 4033 2078 4105 quod
2103 4033 2168 4090 in
2213 4033 2336 4090 Filii
2367 4049 2591 4093 nomen
2622 4034 2739 4108 SpiI

1934 4033 2078 4105 ιιιοά
2103 4033 2168 4090 in
2213 4033 2336 4090 Filii
2367 4049 2591 4093 nomen
2622 4034 2877 4108 Spiritus
2920 4039 3166 4092 sanctus
3195 4036 3439 4102 incidat,
3475 4040 3578 4092 aut

196 4113 453 4179 δέξασθαι
508 4121 738 4188 σχέσινο
796 4118 877 4169 ὃτι
928 4112 1067 4188 μηδὲ
1116 4120 1174 4168 τό
1224 4115 1475 4171 ἀνάπαλιν
1528 4116 1730 4182 ἐννοεῖν,
1773 4119 1802 4177 ἡ
1914 4122 2079 4195 quod
2096 4122 2408 4182 fraternam
2432 4123 2739 4197 suscipiam

1934 4122 2079 4195 [uod
2096 4122 2408 4182 fraternam
2432 4123 2715 4197 suscipiat
2729 4123 3119 4182 conditionem
3137 4141 3151 4180 :
3167 4125 3458 4197 quoniam
3477 4140 3577 4181 ne-

192 4205 376 4276 λέγειν,
417 4209 487 4266 ὡς
528 4207 555 4257 ό
604 4208 719 4266 Υἱός
763 4205 830 4266 εἰς
873 4209 930 4257 τό
966 4205 1270 4280 ἐκπορευτόν
1318 4210 1527 4277 μέτεστι
1574 4214 1802 4279 Πνεῦμα,
1914 4226 2031 4282 que
2061 4217 2271 4270 contra
2291 4212 2631 4270 existimare
2656 4230 2739 4286 po:

1934 4226 2031 4282 [ue
2061 4217 2271 4270 contra
2291 4212 2631 4270 existimare
2656 4229 3002 4286 possumus,
3037 4217 3140 4271 aut
3161 4213 3373 4279 dicere,
3406 4213 3575 4285 quod

195 4296 223 4353 ἦ
286 4299 381 4352 τὴν
423 4295 618 4347 ἐκείνου
670 4299 860 4365 σχέσιν
908 4291 1246 4356 ἐξιδιώσατο.
1286 4294 1444 4348 Ἀλλὰ
1492 4304 1659 4349 ταῦτα
1714 4300 1804 4369 μὲν
1838 4287 1882 4339 υ
1916 4299 2095 4359 Filius
2131 4301 2195 4357 in
2219 4301 2508 4373 Spiritum
2531 4308 2737 4360 sanctu

1934 4299 2095 4359 filius
2131 4301 2195 4357 in
2219 4301 2508 4373 Spiritum
2531 4308 2804 4360 sanctum
2837 4302 3254 4374 procedentem
3291 4307 3570 4367 mutetur,

192 4384 407 4443 ἕκαστός
449 4391 552 4434 τῶν
596 4390 714 4434 νοῦν
763 4385 902 4454 ἔχειν
951 4382 1245 4455 ἠξιωμένων
1280 4391 1512 4458 Χριστοῦ
1551 4389 1639 4438 καὶ
1687 4404 1804 4459 φρο·
1913 4394 2017 4446 aut
2038 4390 2170 4460 ejus
2189 4390 2615 4462 proprietatem
2645 4390 2736 4447 sib

1934 4394 2017 4446 tut
2038 4390 2170 4460 ejus
2189 4390 2615 4462 proprietatem
2645 4390 2757 4447 sibi
2783 4390 3341 4465 vindicet.Quisque
3372 4395 3574 4447 autem

192 4478 313 4534 νιίν,
371 4477 460 4523 καὶ
514 4468 796 4524 διδάσκειν
854 4470 1036 4532 ἄλλους
1096 4472 1298 4544 ἕτοιμον
1365 4477 1656 4546 παρέχεται
1709 4479 1802 4534 τὴν
1913 4492 2145 4547 eorum,
2167 4479 2271 4550 qui
2295 4478 2506 4535 Christi
2524 4479 2739 4551 sapien'

1934 4492 2145 4547 mrum,
2167 4479 2271 4550 qui
2295 4478 2506 4535 Christi
2524 4479 2878 4551 sapientiam
2898 4484 3211 4536 censentur
3236 4478 3477 4546 habere,
3492 4480 3572 4536 ad

192 4562 375 4635 χάριν.
409 4560 485 4612 Οῦ
528 4563 630 4634 γὰρ
665 4556 806 4613 διότι
836 4559 890 4612 ἐκ
921 4568 1013 4613 τοῦ
1058 4560 1219 4613 αὐτοῦ
1266 4560 1623 4633 θεολογοῦνται
1666 4582 1802 4636 προ-
1911 4565 2037 4622 haec
2077 4570 2201 4623 tam
2240 4566 2573 4632 sentienda,
2614 4583 2739 4640 qua

1934 4581 2037 4622 tuac
2077 4570 2201 4623 tam
2240 4566 2573 4632 sentienda,
2614 4583 2804 4640 quam
2836 4568 2971 4625 aliis
3005 4568 3301 4627 tradenda
3330 4568 3572 4626 libenter

194 4655 343 4717 ἱέναι,
393 4651 423 4709 ἡ
481 4649 550 4711 εἰς
601 4652 823 4708 υὶότητα
859 4653 914 4702 τό
964 4656 1171 4723 Πνεῦμα
1217 4647 1667 4710 πνδιαστὴσεται
1710 4660 1802 4714 τῆς
1913 4668 2041 4710 sese
2071 4654 2324 4713 exhibet.
2377 4658 2505 4713 Non
2556 4655 2720 4713 enim

1934 4668 2041 4710 sese
2071 4654 2324 4713 exhibet.
2377 4658 2505 4713 Non
2556 4655 2720 4713 enim
2750 4654 2888 4727 quia
2917 4671 2989 4713 ex
3028 4656 3243 4713 eodem
3275 4657 3569 4730 principio

1542 4749 1778 4805 VARIA'J
1821 4751 2112 4809 LECTION
2122 4753 2226 4811 ES.

262 4847 277 4881 ¹
313 4847 441 4901 Non
474 4841 832 4907 ἀδεστάκτως.
896 4845 1295 4902 Vertendum:
1338 4847 1465 4904 sine
1518 4849 1859 4905 intervallo.

1776 4965 2001 5022 NOTE.

258 5078 496 5160 (3'2)-_Ex
519 5076 641 5160 bac
680 5075 1005 5160 quaestione
1028 5076 1109 5160 ita
1130 5091 1258 5133 sese
1289 5077 1535 5160 extricat
1566 5080 1627 5135 D.
1653 5080 1798 5160 i‘ho-
1903 5080 2064 5160 quod
2087 5082 2459 5160 Deitasmon
2473 5089 2666 5140 tamen
2694 5091 2781 5141 est
2802 5084 2956 5160 idem
2976 5086 3171 5160 modus
3195 5087 3569 5160 signiﬁcandi

192 5148 1186 5240 PP:fé‘ﬁlﬁffiﬂlﬂ@335}:
1202 5154 1706 5240 -9§‘_.‘F3F::"_92..‘ir}r
1724 5155 1794 5240 ,6»
1904 5148 2211 5234 ίιςνοθίηιλε
2234 5172 2245 5209 =
2276 5170 2410 5240 nam
2432 5154 2789 5240 κιοσμρηξενῑ
2810 5156 2979 5240 Dm.
3007 5158 3142 5240 «eia
3160 5148 3457 5240 είρῖιίβσαξ
3478 5160 3566 5240 αξ·

188 5219 676 5299 adsecun.)recte
690 5219 1088 5299 dicidiv‘in’am
1102 5219 1409 5299 essent-iam
1425 5224 1791 5299 essePatijegr.
1902 5225 2096 5299 pinam
2110 5219 2460 5299 essentiam,
2496 5232 2562 5281 ut
2593 5230 2652 5283 in
2685 5227 2935 5285 habente
2959 5219 3119 5299 (vide
3150 5219 3331 5287 etiam
3365 5237 3475 5288 art.
3509 5234 3562 5297 4,

185 5290 503 5375 quiajunc
530 5297 615 5347 est
632 5290 964 5375 [gradiente
991 5291 1529 5375 perjde'ntitaiem;
1562 5299 1624 5375 et.
1653 5293 1795 5349 alibi
1901 5295 1961 5350 in
1997 5299 2184 5375 corp.)
2230 5311 2301 5351 ea.
2327 5290 2490 5352 modo
2518 5313 2637 5354 sua:
2688 5290 3131 5375 signiﬁcationis
3174 5301 3371 5369 habet,
3413 5290 3566 5375 quod

188 5364 319 5439 (art.
333 5363 389 5430 5,
404 5362 482 5418 ad
501 5361 723 5439 quart.)
742 5362 1420 5439 essenlindivinainquit,
1434 5365 1795 5439 praedicatur
1896 5367 2074 5436 possit
2103 5361 2427 5436 supponere
2453 5384 2566 5437 pro
2592 5361 2935 5439 persbnd....
2964 5372 3080 5428 Sed
3109 5374 3213 5430 hoc
3242 5361 3453 5430 nonien
3481 5389 3563 5430 es-

184 5432 1795 5516 άςᾘςιιιςερᾱιχιηυιίαηιἰάθιιιίιιιζίεριςορῖενιίίυἰηαιηεἱηι-
1896 5432 2085 5493 sentin
2110 5432 2226 5492 non
2252 5438 2425 5495 habet
2453 5432 2531 5497 ea:
2553 5432 2715 5498 niodo
2753 5458 2879 5516 suae
2908 5444 3379 5516 signiﬁcationi"
3410 5445 3564 5516 quod

180 5504 689 5589 plicitetegzxiam
713 5520 894 5589 ρει*το
919 5504 1091 5589 docet
1111 5506 1332 5589 idcirco
1354 5507 1508 5588 hanc
1529 5509 1794 5589 proposi-
1898 5517 2185 5589 supponat
2206 5526 2315 5589 pro
2340 5513 2801 5589 per'sona,__quia
2821 5504 3098 5589 supﬁqnit
3124 5504 3455 5589 essentiam,
3496 5523 3563 5589 at

184 5578 412 5653 tionem
433 5578 617 5633 Pater
642 5577 896 5653 erimus
922 5577 1120 5653 potius
1140 5576 1433 5653 adhiberi,
1453 5576 1598 5653 quia
1620 5576 1788 5653 Qbid.
1894 5576 2158 5653 foi'mam
2183 5576 2562 5653 abstractam.
2597 5576 2735 5641 Vide
2776 5576 2954 5642 etiam
2986 5585 3230 5653 Estium,
3274 5587 3380 5644 lib.
3410 5576 3453 5653 ιζ
3475 5587 3560 5643 di-

183 5654 291 5705 art.
317 5653 368 5714 5,
398 5648 460 5704 in
478 5647 672 5720 corp.)
693 5647 825 5705 licet
850 5647 1175 5705 serundum
1198 5665 1317 5706 rem
1344 5650 1417 5706 sit
1442 5647 1592 5707 idem
1614 5647 1787 5717 Deus,
1899 5652 2097 5707 stinct.
2126 5654 2180 5718 4,
2221 5652 2249 5724 §
2282 5657 2302 5708 1
2335 5659 2391 5710 et
2415 5659 2470 5710 2.
