4126 6190
435 270 537 336 907
1678 278 1911 335 PHOTII
1953 278 2441 335 PATBIARCH/E
2480 277 2587 334 (ΣΡ.
3697 279 3805 335 208

436 409 684 478 uterque
715 403 925 461 dicitur
954 421 990 460 a
1024 404 1317 476 theologis
1361 403 1702 477 procedere,
1732 404 1954 461 idcirco
1985 406 2088 459 aut

2221 400 2342 466 δίας
2380 402 2709 475 ἐξιστάμενον
2758 399 3018 464 ἰδιότητος
3048 418 3062 432 ⁵
3100 404 3128 461 ἢ
3168 404 3193 454 ό
3237 404 3357 463 Υἱός
3404 423 3497 465 της
3537 424 3811 478 χαρακτη-

438 493 687 566 Spiritus
713 498 955 550 sanctus
981 509 1051 549 ex
1078 494 1429 566 proprietate
1447 509 1555 548 sua
1571 493 1832 549 dimotus
1859 493 1920 548 in
1944 493 2089 549 ﬁlia-

436 582 594 640 tione
607 582 987 639 collocabitur
1012 602 1027 650 ;
1050 586 1155 639 aut
1175 583 1349 639 Filius
1371 582 1448 638 ab
1475 597 1566 648 ea,
1588 598 1724 654 quae
1753 582 1950 653 ipsum
1972 583 2090 637 dis-

438 671 668 741 tinguit,
703 671 1085 740 generatione
1116 671 1419 736 recedens,
1455 686 1588 726 cum
1620 670 1869 741 Spiritus
1901 670 2090 726 sancti

436 760 797 833 proprietate
811 760 1236 815 confundetur:
1268 775 1337 814 ex
1361 759 1571 814 eodem
1595 759 1752 814 enim
1782 759 2087 830 principio,

439 850 538 905 sed
561 865 680 905 non
711 849 924 905 eodem
946 855 1122 921 pacto
1144 850 1326 904 ambo
1353 849 1684 920 procedunt
1715 865 1729 914 ;
1755 864 1862 903 nec
1885 864 2093 904 secun-

438 939 585 995 dum
604 939 875 994 eamdem
888 938 1313 1009 proprietatem
1326 941 1413 992 est
1436 936 1745 1009 utriusque
1768 937 2090 1010 processio.

440 1027 669 1083 Etenim
699 1026 878 1081 Filius
909 1027 1147 1098 quidem
1194 1026 1464 1098 procedit
1496 1041 1533 1081 a
1562 1028 1749 1092 Patre,
1786 1042 2004 1097 nempe
2033 1029 2096 1082 ut

440 1115 696 1187 genitus,
732 1114 979 1186 Spiritus
1006 1118 1248 1170 sanctus
1272 1118 1470 1169 autem
1489 1128 1597 1185 per
1618 1115 2092 1185 processionem,

440 1220 575 1277 quae
614 1202 791 1259 aliam
838 1202 919 1257 illi
950 1203 1050 1258 dat
1103 1203 1553 1274 proprietatem,
1595 1202 1699 1256 sed
1730 1217 1926 1274 neque
1969 1202 2096 1258 haec

440 1291 748 1364 processio
787 1290 1183 1359 generationis
1217 1290 1520 1345 notionem
1543 1289 1657 1344 sibi
1683 1288 1980 1345 conciliat.
2016 1292 2097 1346 lta

444 1397 605 1436 sanae
636 1397 730 1437 res
754 1396 815 1436 se
840 1381 1019 1436 habet
1061 1396 1075 1447 ;
1108 1385 1164 1435 et
1203 1379 1307 1452 qui
1339 1379 1663 1435 secundum
1687 1380 1955 1436 diversas
1996 1396 2101 1436 no-

446 1471 639 1527 tiones
664 1486 700 1526 a
722 1470 897 1528 Patre
919 1469 1077 1525 exire
1095 1470 1389 1533 dicuntur,
1408 1470 1703 1525 diversam
1730 1486 1973 1543 quoque
1994 1485 2099 1525 no-

2196 493 2445 565 ριζούσης
2496 492 2647 544 αὐτὸν
2680 491 2913 554 ἀποστὰς
2955 496 3237 564 γεννήσεως
3285 491 3358 553 εἰς
3412 495 3470 543 τὸ
3522 500 3614 543 τοῦ
3658 498 3815 545 ιινεύ-

2196 601 2354 653 ματος
2426 578 2622 652 ἰδίωμα
2712 584 3159 652 συγχυθήσεταν
3217 579 3269 632 ἐκ
3348 590 3438 632 τοῦ
3484 581 3640 633 αὐτοῦ
3710 585 3812 654 γὰρ

2198 672 2372 743 οῖμφω,
2419 669 2525 720 ἀλλ’
2582 670 2687 740 οὐχ
2750 673 3015 739 ὡσαύτως,
3054 666 3178 721 οὐδὲ
3235 673 3370 720 κατά
3427 675 3520 728 τὴν
3568 667 3817 729 ἰδιότητα

2198 764 2297 818 τὴν
2341 759 2501 816 αὐτὴν
2531 760 2560 816 ἡ
2613 758 2856 832 ἑκατέρου
2911 755 3160 831 πρόοδος.
3214 764 3314 811 Καὶ
3361 762 3461 833 γὰρ
3514 761 3539 811 ὁ
3570 762 3661 832 μὲν
3692 764 3816 821 Υἱὸς

2200 856 2290 901 τοῦ
2341 852 2543 920 Πατρός
2589 848 2815 919 προῆλθε
2860 845 2928 905 δὴ
2975 856 3230 917 γεννητὼς
3258 869 3269 881 ι
3303 852 3360 899 τό
3395 856 3603 921 Πνεῦμα
3647 846 3705 902 δε
3738 846 3815 901 δι’

2203 937 2553 1010 ἐκπορεύσεως
2606 936 2897 1008 αἰκειομένη
2964 937 3074 1006 (53)
3126 933 3326 1009 ἰδίωμα
3359 956 3372 969 ·
3424 936 3551 990 ἀλλά
3606 935 3729 990 οὐδὲ
3780 941 3811 996 ἡ

2203 1025 2502 1098 ἐκπόρευσις
2554 1028 2638 1077 τόν
2682 1034 2772 1085 τῆς
2818 1031 3100 1097 γεννήσεως
3163 1035 3481 1099 χαρακτῆρα
3534 1026 3820 1102 ἐναρμόζε-

2202 1135 2306 1170 ται.
2340 1114 2491 1167 Οὕτω
2541 1111 2618 1179 δὲ,
2664 1115 2824 1169 οὕτω.
2868 1120 2969 1167 Καὶ
2999 1112 3033 1165 ἂ
3069 1117 3205 1166 κατὰ
3247 1117 3341 1176 τὰς
3370 1111 3649 1189 διαφόρους
3681 1120 3817 1187 σχέ-

2207 1223 2314 1265 σεις
2359 1203 2692 1277 ἱερολογεῖται
2739 1211 2830 1255 τοῦ
2886 1206 3089 1275 Πατρός
3141 1206 3517 1276 προέρχεσθαι,
3566 1201 3821 1277 διάφορον

2206 1293 2394 1363 ἔχουσι
2432 1296 2519 1343 καὶ
2563 1296 2654 1350 τὴν
2706 1291 2911 1355 κλῆσιν,
2954 1298 3042 1344 καὶ
3084 1297 3178 1349 τὴν
3226 1291 3273 1343 ἐν
3318 1300 3429 1353 ταῖς
3462 1294 3819 1345 ὑποστάσεσιν

2210 1378 2469 1446 ἰδιότητα,
2518 1377 2596 1441 αἷς
2640 1381 2812 1440 αὐτοῖς
2844 1384 2899 1431 τό
2932 1390 3030 1432 τῶν
3085 1385 3320 1453 σχέσεων
3364 1380 3631 1455 ἀφώριστο
3679 1378 3824 1435 ἰδιό-

2209 1489 2417 1542 τρόπον.

448 1559 911 1616 menclationem
933 1574 1001 1615 ac
1025 1558 1409 1632 personalem
1431 1558 1637 1614 ineunt
1662 1558 2107 1631 proprietatem,
2140 1573 2265 1630 qua
2293 1557 2612 1630 peculiaris
2639 1558 2898 1615 notionis
2928 1558 3153 1614 indoles
3194 1559 3249 1614 in
3304 1559 3449 1631 ipsis
3495 1561 3822 1616 constituta

449 1650 659 1705 fuerat.

516 1740 586 1794 At
611 1738 865 1795 enimita
882 1737 1226 1811 apparentis
1250 1736 1616 1794 difﬁcultatis
1629 1752 1766 1793 vera
1787 1737 2002 1793 solutio
2023 1736 2099 1792 ad
2136 1737 2180 1791 B

445 1828 808 1886 evidentiam
834 1844 1023 1900 usque
1049 1833 1137 1883 est
1154 1827 1412 1883 deducta
1430 1847 1442 1885 :
1460 1826 1625 1900 quod
1640 1827 1687 1881 si
1716 1826 2101 1881 mavisetiam

446 1935 481 1975 a
512 1917 811 1991 corporeis
842 1917 1020 1973 rebus
1051 1917 1128 1973 ad
1168 1917 1550 1989 incorporeas
1581 1915 1983 1970 similitudinis
2014 1930 2103 1970 ar-

447 2010 735 2079 gumenta
768 2006 1081 2061 desumere
1114 2024 1127 2074 ;
1170 2006 1431 2061 calorem
1470 2008 1526 2061 et
1562 2005 1759 2060 lucem
1791 2020 1863 2059 ex
1889 2004 2102 2059 eodem

446 2096 740 2169 principio
771 2095 988 2151 ducere
1010 2096 1299 2167 originem
1328 2110 1507 2149 nemo
1546 2099 1657 2160 est,
1681 2094 1783 2166 qui
1822 2093 2057 2163 ignoret
2087 2109 2100 2160 ;

450 2185 747 2258 siquidem
772 2189 1095 2256 utrumque
1122 2188 1209 2239 est
1232 2183 1387 2253 ignis
1416 2182 1657 2238 effectus
1684 2197 1753 2238 ac
1781 2180 2101 2237 emanatio.

449 2278 521 2330 At
550 2289 687 2329 vero
719 2288 917 2344 neque
946 2273 1205 2329 calorem
1237 2287 1436 2328 aerem
1468 2271 1821 2327 illustrando
1851 2270 2005 2325 visui
2026 2269 2105 2325 ad

450 2379 542 2427 ea,
563 2380 693 2434 quae
718 2366 1056 2430 cernuntur,
1080 2361 1467 2434 percipienda
1485 2362 1769 2433 prodesse
1788 2360 2106 2431 quisquam

451 2467 614 2509 sanae
647 2451 863 2507 mentis
895 2450 1050 2506 dicet
1075 2469 1092 2521 ;
1120 2466 1257 2522 quea
1278 2450 1565 2506 nimirum
1591 2453 1678 2504 est
1702 2448 1945 2504 luminis
1973 2463 2104 2520 pro-

449 2542 666 2614 prietas
688 2558 703 2607 ;
727 2555 922 2612 neque
935 2544 1142 2595 contra
1158 2539 1277 2594 vim
1301 2538 1649 2594 absumendi
1667 2536 1966 2607 subjectae
1984 2552 2107 2591 ma-

451 2631 624 2687 teries
643 2631 959 2702 quisquam
982 2629 1117 2692 luci,
1142 2628 1468 2684 secundum
1487 2627 1652 2699 quod
1679 2626 2103 2690 illailluminat,

451 2719 705 2777 tribuere
748 2717 991 2775 audebit
1035 2735 1049 2783 ;
1102 2733 1297 2789 neque
1351 2716 1595 2772 alterius
1644 2731 1887 2779 nomen,
1948 2714 2107 2769 unde

452 2807 850 2865 exsistentium
866 2822 1063 2863 rerum
1078 2806 1439 2876 agnitionem
1455 2810 1775 2877 comparat,
1792 2805 1849 2859 in
1866 2802 2107 2859 alterum

452 2897 782 2953 transferet.
817 2895 936 2951 Hac
963 2895 1165 2968 itaque
1186 2895 1414 2951 ratione
1445 2910 1517 2950 ex
1552 2893 1767 2949 eodem
1792 2892 2107 2965 principio,

453 2992 517 3043 ut
540 2985 886 3059 plurimum,
911 3000 1002 3053 ea,
1035 3000 1168 3057 quas
1195 2982 1393 3047 simul,
1418 2999 1487 3039 ac
1512 2982 1641 3055 pari
1662 2981 1954 3052 dignitate
1975 2996 2108 3053 pro-

2284 1736 2439 1790 Ἀλλὰ
2480 1739 2510 1795 ἡ
2565 1738 2654 1808 μὶν
2700 1742 3037 1811 πραγματικὴ
3089 1745 3181 1789 τοῦ
3223 1734 3502 1799 δοκοῦντος
3546 1737 3825 1812 ἀπορήμα-

2212 1845 2299 1888 τος
2326 1826 2478 1887 λῦσις
2520 1827 2678 1886 οὕτως
2710 1826 2769 1877 ἂν
2814 1826 2884 1888 είς
2917 1831 2975 1879 τό
3021 1826 3366 1899 ἁναμφίϐολον
3401 1830 3696 1901 προαχθείη
3729 1846 3742 1859 ⁸
3780 1828 3826 1880 εἰ

2214 1912 2389 1967 δὲκαὶ
2429 1911 2922 1989 παραδειγματικὴν
2972 1914 3155 1977 ἐθέλεις
3187 1920 3363 1968 πίστιν
3397 1915 3451 1968 ἐκ
3494 1926 3592 1968 τῶν
3637 1916 3825 1969 ἐνύλων

2213 2009 2329 2078 περὶ
2378 2012 2475 2056 τῶν
2525 2003 2689 2056 ἑώλων
2732 2004 2902 2057 λαϐεῖν
2932 2022 2945 2034 ⁸
2981 2010 3038 2057 τό
3082 2008 3387 2070 καυστικόν,
3440 2011 3527 2058 καὶ
3576 2026 3825 2077 φωτιστι-

2212 2096 2300 2145 κόν
2350 2101 2452 2167 πῦρ
2504 2090 2679 2153 οὐδείς
2730 2093 2886 2158 ἐστιν,
2923 2094 2973 2154 ὃς
3016 2092 3190 2165 ἀγνοεῖ
3227 2092 3280 2145 ἐκ
3322 2102 3413 2146 τοῦ
3461 2094 3617 2146 αὐτόῦ
3648 2094 3825 2146 αἰτίου

2213 2181 2488 2254 λαμϐάνειν
2544 2187 2635 2240 τὴν
2693 2179 2918 2252 πρόοδόν
2949 2200 2960 2212 ·
3002 2186 3166 2256 πυρὸς
3213 2186 3314 2255 γὰρ
3363 2185 3515 2255 ἄμφω
3565 2186 3690 2255 ἔργα
3745 2203 3823 2245 τε,

2214 2277 2303 2323 καὶ
2350 2271 2710 2344 προϐλήματα.
2763 2271 2920 2325 Ἀλλὰ
2962 2275 3075 2323 οὔτε
3124 2276 3183 2324 τό
3227 2276 3509 2324 κανστικόν
3560 2280 3829 2346 συνεργεῖν

2215 2369 2276 2432 τῇ
2330 2360 2445 2431 ὄψει
2492 2364 2577 2412 τόν
2611 2359 2735 2435 ἀέρα
2768 2358 3057 2431 διαυγάζον
3105 2364 3233 2434 πρὸς
3278 2366 3370 2418 την
3415 2360 3682 2431 ἀντίληψιν
3723 2370 3828 2412 τῶν

2217 2452 2413 2523 ὁρατῶν
2444 2456 2552 2511 τοῖς
2589 2469 2646 2520 γε
2691 2457 3044 2521 σωφρονοῦσιν
3085 2451 3274 2501 ἔνεστιν
3316 2449 3471 2501 εἰπεῖν
3501 2467 3511 2477 ·
3542 2445 3678 2501 ἴδιον
3721 2454 3827 2522 γὰρ

2217 2547 2368 2591 τοῦτο
2418 2547 2507 2590 τοῦ
2557 2539 2870 2610 φωτίζοντος
2898 2555 2909 2567 ⁸
2941 2538 2998 2589 οὐ
3040 2543 3141 2609 μὴν
3193 2534 3251 2589 δε
3294 2541 3351 2589 τό
3404 2540 3685 2610 φθαρτικόν
3730 2547 3831 2600 τῆς

2219 2629 2561 2699 ὑποκειμένης
2608 2626 2728 2687 ὖλης
2773 2624 2942 2687 οὐδεὶς
2984 2626 3043 2678 ἂν
3090 2624 3398 2690 ἀποδοῦναι,
3441 2629 3571 2679 καθό
3614 2647 3672 2697 γε
3722 2649 3829 2699 φω-

2216 2717 2367 2783 τίζει,
2402 2719 2744 2789 παρενεχθείη
2801 2724 2871 2787 τῷ
2920 2721 3046 2787 φωτί
3072 2736 3084 2748 ο
3116 2711 3238 2767 οὐδὲ
3288 2712 3587 2787 μεταδώσει
3630 2718 3830 2787 θατέρῳ

2218 2810 2274 2858 τό
2316 2808 2478 2879 ἓτερον
2526 2814 2616 2858 τοῦ
2658 2805 2922 2878 ὀνόματος,
2958 2803 3029 2859 δι’
3071 2806 3130 2857 οὗ
3166 2810 3259 2863 τὴν
3305 2813 3498 2877 γνῶσιν
3536 2811 3829 2879 παρέχεται

2217 2903 2307 2955 τῆς
2362 2894 2646 2965 ὑπάρξεως.
2720 2896 2871 2947 Οὕτω
2927 2903 3052 2966 γοῦν
3126 2894 3180 2946 ἐκ
3256 2902 3346 2947 τοῦ
3406 2894 3564 2947 αὐτοῦ
3632 2895 3831 2959 αἰτίου,

2218 2986 2351 3036 κατά
2402 3003 2461 3054 γε
2503 2987 2560 3035 τό
2602 2982 2859 3048 πλεῖστον,
2911 2983 3021 3055 οἶμα
3066 2986 3156 3055 μὲν
3204 2989 3290 3036 καὶ
3338 2986 3601 3055 όμοτίμως
3643 3003 3833 3058 προερο

455 3076 691 3140 cedunt,
719 3075 824 3130 sed
841 3089 963 3129 non
991 3073 1326 3130 secundum
1355 3072 1635 3128 eumdem
1665 3071 1905 3126 modum
1934 3070 2108 3141 origi-

2219 3077 2419 3145 χόμενα
2470 3072 2528 3124 οῦ
2577 3076 2709 3125 κατὰ
2752 3078 2839 3125 τόν
2894 3072 3048 3124 αὐτόν
3106 3069 3165 3124 δὲ
3207 3078 3392 3146 τρόπον
3443 3077 3536 3130 τὴν
3602 3070 3833 3145 πρόοδον

454 3182 592 3222 nem
623 3166 867 3230 ducunt,
908 3163 1041 3220 licet
1091 3162 1469 3228 coexsistant,
1503 3165 1703 3218 tamen
1747 3160 1999 3216 alterum
2029 3159 2107 3215 ab

456 3254 641 3311 altero
664 3253 1061 3311 differentiam
1087 3268 1263 3309 suam
1293 3252 1418 3308 sine
1440 3250 1791 3308 confusione
1820 3265 1890 3306 ac
1920 3253 2106 3305 muta-

454 3343 676 3399 bilitate
717 3345 1047 3399 conservat.

528 3432 701 3497 Quod
754 3430 803 3486 si
861 3428 1411 3501 comparationibus
1467 3444 1562 3483 me
1614 3427 1781 3499 cupis
1843 3426 2106 3497 spatiari,

457 3520 643 3577 Adam
674 3533 936 3592 quoque,
971 3522 1028 3574 et
1081 3521 1282 3581 Evam,
1318 3520 1373 3573 et
1426 3516 1670 3572 Abelem
1727 3516 1787 3571 in
1849 3520 2108 3570 mentem

456 3626 695 3667 revoca.
735 3609 1045 3665 Processio
1098 3610 1278 3674 enim,
1332 3606 1494 3663 unde
1548 3610 1604 3662 et
1657 3609 1787 3661 Erae
1844 3605 2111 3661 formatio

458 3699 626 3755 duxit
655 3698 972 3768 originem,
1027 3696 1164 3751 Adae
1190 3700 1356 3753 costa
1380 3695 1491 3751 fuit
1522 3712 1537 3762 ;
1588 3700 1767 3768 atque
1798 3693 1979 3767 primi
2010 3692 2107 3748 ﬁlii

459 3787 657 3845 Abelis
685 3792 850 3843 ortus
877 3802 949 3841 ex
971 3786 1102 3841 Ada
1131 3784 1688 3857 pergenerationem
1717 3783 1979 3839 manavit
2005 3800 2024 3847 ;
2054 3787 2113 3838 at

461 3891 656 3949 neque
704 3875 767 3930 in
815 3874 954 3929 ﬁlim
1006 3888 1230 3929 nomen
1271 3874 1388 3929 Eva
1435 3872 1796 3937 detrudetur,
1857 3886 1968 3927 nec
2009 3886 2114 3926 un-

461 3981 646 4039 quam
677 3964 821 4021 Abel
865 3962 1026 4018 ﬁlius
1052 3978 1181 4019 esse
1207 3962 1548 4032 denegabit,
1582 3966 1639 4017 et
1676 3962 1737 4016 in
1764 3961 2112 4033 quampiam

464 4056 645 4112 aliam
704 4052 1109 4110 conditionem
1164 4052 1425 4107 incurret
1481 4055 1661 4123 atque
1714 4049 2111 4106 transferetur.

465 4144 633 4211 Quod
663 4146 866 4199 autem
888 4141 975 4196 sol
992 4140 1281 4196 illuminat
1304 4139 1697 4205 etcalefaciat,
1722 4139 1814 4195 hae
1843 4139 2115 4211 quaedam

463 4232 853 4306 proprietates
873 4234 1031 4295 sunt,
1051 4245 1182 4302 quae
1204 4229 1281 4284 ad
1306 4244 1558 4301 corpora
1583 4232 1762 4301 atque
1779 4227 1856 4283 ad
1880 4228 2115 4283 animos

467 4321 785 4377 sentientes
814 4320 1214 4376 communiter
1240 4319 1589 4391 pertingunt
1616 4334 1630 4384 ;
1663 4322 1723 4373 at
1744 4332 1939 4389 neque
1969 4317 2120 4373 cale-

2219 3164 2429 3233 ἔχοντα,
2463 3161 2512 3213 ἐν
2544 3170 2604 3233 τῇ
2648 3167 2890 3231 κοινωνίᾳ
2936 3170 3031 3223 τῆς
3060 3160 3323 3235 ὑπάρξεως
3366 3166 3455 3213 καὶ
3487 3165 3545 3213 τό
3579 3158 3834 3235 διάφορον

2218 3258 2317 3302 τῶν
2364 3246 2657 3321 ἰδιωμάτων
2701 3250 2935 3323 ἑκάτερον
2976 3249 3315 3323 ἁσυγχύτως,
3350 3254 3433 3302 καὶ
3466 3249 3837 3323 ἀμεταϐλήτως

2223 3336 2580 3400 συνδιασώζει
2605 3358 2734 3411 προς
2763 3340 3020 3414 ἑκάτερον.

2293 3432 2357 3480 Σὺ
2407 3425 2466 3480 δέ
2510 3448 2594 3500 μοι
2651 3436 2757 3489 τοῖς
2806 3426 3231 3503 παραδείγμασιν
3282 3432 3325 3481 εἴ
3375 3448 3434 3500 γε
3480 3429 3838 3484 πλατύνεσθαι

2222 3516 2419 3589 βούλει,
2452 3522 2542 3568 καὶ
2595 3521 2680 3569 τόν
2712 3514 2909 3590 Ἀδὰμ,
2952 3522 3038 3569 καὶ
3078 3522 3172 3577 τήν
3224 3522 3377 3582 Εὔαν,
3418 3523 3503 3570 καὶ
3547 3522 3633 3570 τὸν
3680 3517 3841 3571 ’Ἅϐελ

2221 3604 2410 3657 ἐννόει·
2446 3627 2474 3663 η
2530 3603 2751 3677 πρόοδος
2802 3610 2889 3677 μὲν
2957 3610 3080 3681 γὰρ,
3131 3608 3189 3667 ἧς
3242 3626 3296 3659 τε
3349 3612 3553 3678 γέγονεν
3610 3605 3837 3680 ἀπαρχὴ

2221 3704 2315 3755 τῆς
2367 3692 2718 3761 διαπλάσεως,
2762 3699 2791 3753 ἡ
2825 3696 3051 3769 πλευροὲ⁸
3089 3702 3178 3747 καὶ
3224 3704 3319 3757 τῆς
3348 3700 3589 3767 γενέσεως
3636 3699 3691 3747 αἰ
3735 3716 3841 3754 πη-

2220 3790 2309 3856 γαὶ
2356 3793 2451 3836 τοῦ
2500 3791 2707 3859 πρώτου
2754 3784 3061 3857 πλάσματος
3114 3787 3167 3837 αἱ
3208 3790 3358 3856 γοναὶ
3407 3784 3461 3836 ἐκ
3500 3793 3591 3837 τοῦ
3632 3782 3837 3857 Ἀδάμ.

2222 3872 2378 3925 Ἀλλὰ
2431 3877 2546 3925 οὔτε
2591 3875 2620 3931 ἡ
2660 3877 2767 3926 Εὕα
2815 3873 2884 3935 εἰς
2932 3878 3019 3925 τόν
3065 3883 3159 3935 τῆς
3208 3877 3448 3935 νεότητος
3492 3874 3642 3945 λόγον
3697 3894 3846 3946 περι-

2225 3964 2590 4033 ενεχθτὴσεται
2619 3983 2631 3994 ·
2676 3966 2793 4014 οὔτε
2845 3967 2948 4034 μὴν
2995 3964 3020 4014 ό
3068 3961 3224 4015 ’Ἅϐελ
3256 3966 3341 4015 τόν
3386 3966 3497 4015 υἱὸν
3531 3962 3846 4035 ἀπαρνησά-

2226 4070 2367 4123 μενος
2420 4050 2491 4111 εἰς
2533 4050 2706 4123 ἑτέραν
2766 4054 2882 4102 τινα
2933 4055 3121 4122 σχέσιν
3174 4048 3494 4122 παραδύσει,
3551 4058 3642 4103 καὶ
3701 4071 3839 4123 συμ-

2225 4146 2653 4212 μεταστήσεται⁸
2683 4145 2752 4192 Τὸ
2807 4138 2865 4192 δὲ
2917 4142 3156 4212 φωτίζειν
3186 4161 3271 4193 τον
3326 4142 3490 4209 ἣλιον,
3525 4148 3613 4194 καὶ
3668 4142 3849 4213 φλογί-

2231 4234 2352 4295 ζειν,
2386 4228 2524 4281 ἐστὶν
2577 4231 2602 4280 ὂ
2636 4238 2734 4281 τῶν
2786 4232 3055 4301 σωμάτων,
3090 4236 3178 4281 καὶ
3209 4232 3233 4281 ὃ
3283 4250 3337 4282 τε
3366 4236 3534 4283 κοινόν
3580 4230 3696 4282 ἐστι
3737 4241 3842 4282 τῶν

2227 4318 2609 4390 αἰσθανομένων
2664 4319 3005 4390 ὁμολόγημα·
3059 4318 3182 4370 ἀλλά
3243 4323 3356 4371 οὔτε
3417 4322 3470 4371 αἱ
3524 4319 3706 4391 φλόγες
3774 4320 3850 4382 εἰς

464 4410 717 4468 faciendi
736 4410 827 4466 vis
845 4408 1222 4482 splendorem
1246 4423 1354 4481 pro
1368 4407 1562 4464 calore
1589 4408 1649 4463 in
1675 4424 1735 4464 se
1764 4408 1955 4479 ipsam
1982 4422 2108 4463 con-

2230 4408 2412 4467 ἑαυτὰς
2481 4412 2575 4465 τὴν
2635 4404 2908 4477 διαύγειαν
2976 4406 3088 4459 ἀντὶ
3158 4416 3250 4459 τοῦ
3308 4408 3504 4479 φλέγειν
3557 4408 3849 4470 ἠλλάξαντο

469 4500 641 4556 vertit
679 4514 750 4555 ac
787 4497 1092 4554 transtulit
1126 4520 1136 4563 ;
1170 4513 1279 4553 nec
1312 4513 1581 4570 unquam
1613 4496 1993 4552 illuminandi
2032 4495 2119 4551 vis

472 4590 532 4644 in
561 4586 772 4644 caloris
803 4586 1288 4659 appellationem,
1324 4586 1417 4641 vel
1442 4590 1723 4641 naturam
1754 4585 2122 4658 permutabi-

472 4681 601 4733 tur:
627 4691 833 4732 verum
865 4680 1111 4747 utraque
1141 4675 1226 4730 vis
1257 4675 1450 4746 legem
1480 4691 1516 4731 a
1547 4674 1861 4731 Conditore
1900 4678 2122 4730 naturae

474 4764 748 4839 primitus
788 4764 1133 4837 impositam
1186 4780 1453 4831 servans,
1486 4764 1633 4819 dum
1674 4779 1783 4819 nec
1815 4768 2124 4836 separatur

475 4853 798 4927 processio,
847 4868 957 4909 nec
1011 4857 1277 4909 mutatur
1332 4852 1610 4923 essentia,
1651 4853 2031 4909 immutatam
2071 4857 2127 4907 et

478 4945 845 5000 constantem
887 4941 1426 4999 nomenclationem
1466 4942 1715 4999 retinere
1743 4941 2121 5013 conspicitur.

557 5207 727 5274 Quod
756 5207 805 5263 si
829 5206 932 5264 tibi
981 5206 1177 5279 placet
1206 5222 1241 5263 a
1270 5206 1604 5263 cmlestibus
1636 5206 1712 5263 ad
1759 5213 1992 5263 terrena
2032 5208 2130 5263 ite-

483 5313 620 5355 rum
667 5296 1030 5354 descendere
1072 5296 1301 5368 inspice
1347 5296 1656 5369 quomodo
1683 5295 1896 5352 eadem
1928 5296 2133 5368 planta

2229 4499 2669 4569 μεταστήσασθαι
2698 4516 2709 4527 ο
2746 4497 2803 4548 οὐ
2848 4502 2949 4568 μὴν
2980 4494 3104 4549 οὐδὲ
3134 4500 3191 4549 τό
3240 4499 3460 4569 φωτίζον
3512 4497 3581 4558 εἰς
3615 4502 3709 4555 τὴν
3751 4506 3849 4549 τοῦ

2231 4589 2542 4659 φωτίζοντος
2587 4585 2791 4649 κλῆσιν,
2844 4586 2871 4643 ἡ
2924 4590 3017 4643 τὴν
3063 4588 3354 4638 ὑπόστασιν
3396 4585 3505 4638 ἀντὶ
3552 4593 3644 4637 τοῦ
3684 4592 3849 4658 φωτίο

2235 4680 2336 4738 ζειν
2388 4676 2834 4745 ὑπενεχθὸσεται·
2881 4673 3007 4725 ἀλλὰ
3064 4678 3150 4726 τὸν
3210 4673 3298 4726 ἀπ’
3350 4674 3522 4749 ἀρχῆς
3581 4675 3852 4728 ἐντεθέντα

2232 4767 2372 4838 παρὰ
2426 4771 2517 4815 τοῦ
2592 4770 2919 4836 Δημιουργοῦ
2975 4771 3037 4821 τῆ
3116 4766 3267 4835 φύσει
3323 4768 3475 4835 νόμον
3536 4760 3848 4816 διευλαϐού-

2234 4873 2377 4925 μενα,
2413 4851 2459 4904 ἐν
2507 4861 2578 4922 τῷ
2612 4849 2890 4926 ἀδιαιρέτῳ
2930 4860 3024 4913 τῆς
3052 4848 3306 4927 προόδου,
3339 4858 3428 4904 καὶ
3460 4850 3851 4925 ἁπαραλλάκτῳ

2235 4950 2324 5002 τῆς
2370 4941 2686 5009 οὐσιωσεως,
2738 4939 3072 5015 ἁπαράϐατόν
3118 4960 3171 4993 τε
3221 4946 3310 4993 καὶ
3341 4940 3679 4993 ἀναλλοίωτον
3723 4941 3853 4993 ἐκοί-

2236 5050 2379 5105 τερον
2400 5033 2592 5083 τούτων
2610 5036 2702 5088 τὴν
2725 5034 3079 5103 προσηγορίαν
3112 5029 3279 5082 αὐτῶν
3314 5032 3532 5102 ὁρῶνται
3562 5026 3855 5101 διαφυλάτ-

2238 5140 2413 5174 τοντα.

2311 5209 2369 5262 Εἰ
2422 5205 2480 5261 δὲ
2531 5207 2585 5259 ἐκ
2631 5217 2729 5260 τῶν
2782 5208 3007 5283 οὐρανῶν
3040 5208 3191 5260 πάλιν
3233 5208 3317 5261 ἐπὶ
3347 5213 3441 5267 τὴν
3480 5217 3578 5279 γῆν
3614 5227 3700 5261 σοι
3730 5230 3859 5261 κατ-

2243 5302 2370 5350 ιέναι
2428 5298 2591 5370 φίλον,
2645 5300 2757 5371 ὅρα,
2800 5300 2869 5360 ὦς
2916 5301 2973 5349 τό
3033 5298 3156 5349 αὐτὸ
3201 5300 3359 5369 φυτόν
3410 5301 3605 5369 καρπόν
3644 5316 3719 5368 τε,
3767 5304 3857 5351 καὶ

2060 5425 2101 5477 Ν
2109 5423 2283 5479 ΟΤᾸΞ.

560 5547 673 5623 (53)
703 5546 1069 5625 Οἰκειουμένης
1100 5546 1299 5629 potius
1328 5560 1539 5604 sensus
1566 5545 1837 5627 requirit.
