3950 6180
196 262 280 318 209
1141 257 1235 312 AD
1273 259 1826 317 AMPHILOCHIUM
1869 259 2193 326 QUIESTIO
2233 261 2475 317 XXVIII.

3390 263 3495 322 210

195 388 332 453 ἄνθος,
381 389 460 436 καὶ
506 384 664 455 φύλλα
708 383 1051 458 προϐάλλεται
1109 378 1215 453 (δεῖ
1265 385 1366 455 γὰρ
1420 386 1550 444 ἴσως
1599 389 1730 458 πρὸς

1891 401 1965 438 ιω
1983 383 2262 451 fructum,
2285 390 2402 440 tum
2435 385 2660 451 ﬂorem,
2677 391 2801 443 tum
2821 386 2962 444 folia
2983 385 3275 459 producat
3293 387 3499 461 (siqui-

189 479 283 534 τοὺς
337 473 564 534 παντελῶς
626 475 992 546 ἐτεροπίστους
1060 470 1420 544 ἀνθυποφορᾶς
1468 471 1727 547 παραδει-

186 565 404 633 γμπικὰς
443 563 495 614 οὐ
523 567 664 634 μίαν,
699 561 827 613 ἀλλὰ
877 560 1080 621 πλείους
1123 561 1476 633 προκομίζειν,
1524 567 1612 613 καὶ
1645 559 1725 614 δι-

187 651 378 722 ελέἹχειν
413 651 563 702 αὐτῶν
615 651 685 712 εἰς
735 655 793 702 τὸ
852 652 1070 720 μάταιον
1102 645 1438 720 διαλυόμενθν
1497 655 1553 702 τὸ
1583 657 1725 724 mibi.

186 746 351 812 εργον)’
389 748 480 792 ποῦ
531 743 630 812 γὰρ
679 743 748 791 τὰ
803 739 967 811 φύλλα
1017 742 1140 810 πρός
1192 743 1280 795 τὴν
1337 735 1580 796 ἰδιότητα
1626 738 1726 791 τῶν

183 837 353 902 καρπῶν
400 835 692 900 συναγαγών
719 849 800 890 τις
830 827 1170 894 ἐκϐιάσαιτος
1205 832 1290 888 Τίς
1352 825 1410 880 δὲ
1464 832 1521 880 τό
1552 832 1724 893 ἄνθος,

181 919 307 991 οὗπερ
358 920 384 975 ἡ
447 917 692 981 ἀποϐολὴ,
759 921 893 970 κατὰ
952 921 1008 970 τό
1064 917 1325 981 πλεῖστον,
1384 925 1475 970 τοῦ
1526 926 1726 991 καρποῦ

178 1008 438 1079 γνωρίζεται
489 1005 738 1077 προϐολὴ,
777 1009 976 1081 καρπὸν
1021 1006 1349 1078 ὀνομάσειεν;
1406 1005 1565 1060 Ἀλλὰ
1606 1003 1729 1059 οὐδὲ

175 1105 253 1147 τῶν
274 1096 418 1147 ἄλλων
446 1092 708 1169 οὐδέτερον
745 1097 807 1147 ἄν
837 1115 918 1156 τις
957 1098 1109 1167 φύσιν
1160 1091 1354 1158 εἴδους,
1392 1099 1481 1147 καὶ
1528 1098 1728 1166 φύσεως

174 1189 292 1256 ἔργα,
336 1191 416 1237 καὶ
469 1194 566 1236 τῶν
629 1183 676 1236 ὶν
736 1185 915 1247 αὐτοῖς
979 1187 1107 1256 μετὰ
1167 1192 1257 1236 τοῦ
1324 1193 1588 1256 συμφυοῦς
1635 1185 1730 1236 οὐκ

172 1274 332 1344 ἀγνοῶν
366 1275 653 1346 ἑτερότητα,
708 1278 776 1334 εἶς
833 1293 948 1324 τινα
997 1282 1094 1325 τῶν
1139 1273 1414 1347 εἰρημένων
1472 1293 1728 1346 μεταμορ-

172 1369 324 1436 sensui
365 1383 434 1430 τε,
475 1369 564 1416 καὶ
622 1369 996 1435 μεταστήσειεν
1047 1363 1358 1416 ὑπόστασιν.
1405 1364 1556 1416 Οὕτω
1602 1371 1728 1434 γοῦν

167 1456 242 1504 κάν
352 1455 620 1525 παχύτητι
659 1460 760 1504 τῶν
794 1459 1099 1524 σωματικῶν
1130 1454 1288 1525 ἔργων
1341 1471 1414 1519 τε,
1463 1457 1553 1504 καὶ
1602 1472 1731 1527 προ-

167 1542 420 1613 ϐλημάτων,
465 1546 554 1594 καὶ
607 1541 665 1593 ἐκ
717 1548 812 1593 τοῦ
871 1541 1028 1592 αὐτοῦ
1081 1542 1406 1613 καθορῶνται
1458 1546 1726 1612 προϊόντα,

163 1637 232 1682 καὶ
274 1639 354 1690 τῆς
405 1631 596 1692 οἰκείας
663 1632 1025 1692 ὑποστάσεως,
1079 1629 1136 1681 οὐ
1176 1633 1303 1703 πρὸς
1354 1629 1551 1688 ἄλληλα
1606 1633 1727 1702 μεθ-

1838 473 1976 528 dem
2003 479 2233 543 oportet
2257 474 2317 528 in
2348 489 2470 539 eos,
2499 475 2603 546 qui
2639 475 2991 530 sententiam
3022 481 3219 531 tenent
3244 477 3494 532 omnino

1839 562 2221 627 contrariam,
2253 578 2373 618 non
2409 579 2598 618 unum
2633 571 3056 633 argumentum
3084 580 3157 619 ex
3181 580 3497 636 compara-

1839 649 2102 705 tionibus
2132 651 2509 723 desumptum
2545 653 2646 707 sed
2676 653 2849 724 plura
2881 653 3162 725 proferre,
3197 660 3372 726 atque
3411 654 3496 710 in-

1841 739 2222 809 tempestivas
2253 756 2460 796 earum
2487 741 2752 811 argutias
2785 759 2973 798 vanas
3006 743 3378 798 ostendendo
3409 759 3494 798 re-

1837 826 2054 898 fellere)
2091 845 2103 883 :
2137 829 2411 900 quisnam
2443 830 2601 885 enim
2635 829 2774 886 folia
2801 831 2859 886 in
2887 831 3187 887 fructuum
3221 832 3494 904 proprie-

1837 919 2016 972 tatem
2035 918 2303 974 detrudet
2329 919 2356 973 ?
2375 918 2512 986 Quis
2536 925 2736 975 autem
2760 919 2989 986 ﬂorem,
3015 937 3137 992 quo
3156 922 3488 989 recedente,

1839 1010 1901 1060 ut
1938 1005 2288 1078 plurimum,
2320 1007 2544 1063 fructus
2595 1009 2916 1080 procedere
2961 1011 3344 1082 conspicitur,
3376 1010 3496 1066 fru-

1838 1100 2001 1150 ctum
2031 1095 2293 1167 appellet
2328 1099 2355 1152 ?
2384 1101 2455 1152 At
2482 1098 2556 1163 is,
2603 1099 2705 1170 qui
2739 1099 2950 1170 speciei
2984 1104 3282 1163 naturam,
3313 1104 3368 1154 et
3392 1115 3496 1155 na-

1840 1189 1985 1238 turae
2015 1185 2780 1260 operationes,eorumque,
2813 1203 2948 1259 quia
2971 1187 3031 1243 in
3063 1189 3207 1259 ipsis
3235 1189 3493 1258 ingenita

1838 1277 1994 1338 sunt,
2027 1273 2428 1331 diversitatem
2457 1292 2574 1332 non
2602 1278 2852 1345 ignorat,
2883 1277 2940 1332 in
2969 1278 3322 1349 quampiam
3347 1293 3493 1349 prm-

1839 1359 2139 1417 dictarum
2172 1379 2372 1418 rerum
2409 1365 2732 1420 essentiam
2763 1365 3010 1421 alteram
3067 1365 3494 1421 transformare

1837 1465 1958 1504 non
2008 1456 2206 1521 potest
2258 1457 2437 1524 atque
2485 1453 2820 1508 transferre.
2872 1455 2955 1509 Ita
3013 1470 3230 1526 nempe
3286 1454 3380 1508 vel
3435 1453 3495 1509 in

1838 1554 2039 1595 crassa
2053 1541 2465 1611 operationum
2485 1542 3051 1614 productionumque
3071 1558 3493 1614 corporearum

1836 1627 2176 1684 conditione
2195 1629 2310 1684 alia
2334 1631 2471 1684 item
2500 1629 2836 1695 innumera,
2855 1647 2992 1702 quae
3019 1631 3097 1686 ab
3120 1647 3240 1687 uno
3258 1631 3495 1703 prodire

164 1722 376 1791 ιστάμενα
417 1726 506 1771 καὶ
560 1727 653 1780 τῆς
710 1720 1061 1793 προταθείσης
1121 1721 1258 1770 κατὰ
1320 1726 1412 1778 τῆς
1467 1718 1728 1782 εὐσεϐείας

1891 1716 2149 1788 :incipio,
2184 1726 2239 1773 et
2267 1719 2572 1789 propriam
2615 1720 2864 1775 retinere
2899 1721 3237 1785 essentiam,
3272 1735 3381 1776 nec
3411 1720 3496 1775 in-

159 1807 408 1870 ἰνστάσεως
469 1816 710 1881 προφανῆ
775 1827 831 1860 τε
891 1811 978 1859 τόν
1039 1807 1253 1878 ἔλεγχον
1317 1807 1724 1882 προϐαλλόμενα,

157 1903 228 1948 καὶ
270 1902 322 1949 τό
371 1900 562 1972 σαθρόν
618 1907 711 1957 τῆς
759 1901 1075 1970 κακουργίας
1123 1894 1176 1959 ἐξ
1233 1895 1399 1948 αὐτῶν
1442 1905 1538 1949 τῶν
1600 1898 1722 1969 όρω-

153 1990 287 2056 μενων
339 2005 406 2050 τε,
469 1991 562 2039 καὶ
631 1984 730 2037 ἀνὰ
787 1991 946 2059 χεῖρα
1004 1984 1367 2043 στηλιτεύοντα
1421 1990 1508 2038 καὶ
1568 1990 1728 2058 μυρία

154 2074 278 2129 ἄλλα.

208 2164 257 2215 Ἠ
303 2160 358 2216 δὲ
382 2162 482 2215 ἀπὸ
521 2172 624 2224 τῆς
681 2165 879 2234 φύσεως
922 2162 1004 2215 ἐπὶ
1053 2167 1146 2221 τὴν
1201 2166 1392 2235 τέχνην
1449 2163 1728 2235 μετάϐασις

151 2253 243 2322 (καί
269 2254 359 2326 ὅρα
388 2257 554 2325 μέχρι
604 2256 745 2312 τίνος
780 2248 1100 2312 διασώζεται
1130 2255 1186 2304 τό
1217 2250 1496 2304 ἀκόλουθον
1544 2255 1633 2324 μεν
1663 2260 1724 2325 τῇ

153 2345 297 2412 γύσει,
329 2341 678 2413 ἀντικείμενον
716 2337 775 2393 δὲ
805 2348 865 2413 τῇ
924 2339 976 2403 ἐξ
1030 2340 1206 2415 ἀρχῆς
1259 2342 1523 2413 προθέσει)
1569 2341 1731 2394 πολλὰ

149 2434 224 2501 μὲν
277 2435 356 2482 καὶ
415 2430 548 2482 ἄλλα
607 2449 691 2482 σοι
739 2437 838 2481 τῶν
903 2427 1343 2502 παραδειγμάτων
1420 2437 1726 2502 χαριεῖται’

151 2524 331 2572 καὶτὸν
367 2524 599 2594 κεραμέα
649 2517 708 2571 δέ
763 2537 847 2570 σοι
902 2515 1059 2581 δείξει
1115 2518 1170 2570 ἐκ
1211 2526 1300 2570 τοῦ
1352 2519 1511 2571 αὐτοῦ
1564 2519 1730 2577 πηλοῦ

148 2615 218 2660 καὶ
276 2611 578 2682 φυράματος
643 2603 841 2679 ἀμίδας
905 2626 956 2660 τε
1008 2612 1098 2660 καὶ
1155 2613 1377 2669 πίνακας
1442 2609 1602 2682 ἱεραῖς
1659 2606 1732 2660 ἐν·

149 2697 507 2769 ερμοζομνους
575 2695 801 2755 τελεταῖς
873 2691 1276 2751 διαπλάττοντα.
1341 2695 1436 2748 ’Ὧν
1488 2693 1612 2749 οὐδὲ
1672 2695 1732 2748 ἃν

147 2792 247 2848 τοὺς
284 2786 509 2863 ἀνιέρους
568 2785 988 2860 ἀνερυθριάστως
1041 2788 1294 2860 εὑρήσεις,
1357 2783 1523 2858 οἶμαι,
1584 2787 1732 2838 θάτε-

144 2896 216 2946 ρον
269 2884 364 2927 τῶν
449 2875 978 2946 κατασκευασμάτων
1065 2875 1133 2936 εἰς
1191 2880 1284 2934 τὴν
1378 2883 1469 2928 τοῦ
1559 2875 1732 2948 ἐτέρου

147 2970 328 3038 χρείαν,
387 2966 416 3023 ἦ
492 2968 863 3038 προσηγορίαν
925 2965 1448 3035 μετασκευάζονταςο
1505 2967 1593 3015 καὶ
1641 2970 1732 3022 τὴν

147 3049 361 3111 ἰδιότητα
421 3055 682 3124 συγχέειν
742 3051 986 3125 ἑκατέρας
1039 3061 1138 3104 τῶν
1195 3054 1551 3118 ὑποστάσεων,
1613 3054 1733 3104 ἄνευ

143 3146 256 3203 τινός
315 3138 605 3214 δαιμονίας
678 3139 888 3211 πληγῆς
973 3145 1386 3214 συνεπαγομένης
1451 3145 1508 3194 τό

142 3249 234 3287 τον,

1598 3140 1734 3195 ἀνία-

201 3319 251 3370 Εὶ
279 3318 457 3390 βούλει
503 3315 569 3372 δὲ
603 3317 756 3370 πάλιν
808 3313 1124 3392 ἀναδραμεῖν
1161 3316 1245 3371 ἐπὶ
1299 3321 1386 3371 τόν
1444 3320 1730 3391 ἄνθρωπον,

143 3401 424 3482 δριμύτερον
477 3408 669 3469 αὐτοῖς
726 3406 1008 3479 ἐπαφήσεις
1061 3411 1147 3459 τόν
1173 3407 1424 3479 ἔλεγχονσ
1482 3407 1534 3470 ἐξ
1576 3409 1734 3461 αὐτοῦ

140 3497 221 3565 γὰρ
255 3499 359 3550 ὅτε
381 3498 563 3567 λόγος,
614 3501 704 3547 καὶ
755 3497 785 3553 ἡ
847 3501 983 3567 φωνὴ
1036 3494 1360 3570 ἀνθρωπίνου
1409 3502 1738 3570 προχεόμενα

144 3588 393 3656 στόματος,
429 3586 524 3637 καί
557 3586 754 3657 μικρόῡ
798 3604 858 3654 γε
895 3581 984 3636 διὰ
1014 3594 1112 3636 τὼν
1152 3585 1319 3637 αὐτῶν
1365 3585 1592 3659 ὀργάνων
1623 3584 1737 3639 δια-

140 3678 444 3747 μορςνούμενά
502 3694 563 3727 τε
593 3679 684 3726 καὶ
742 3679 1088 3747 προαγόμενα.
1153 3680 1251 3727 Καὶ
1279 3678 1380 3748 γὰρ
1432 3684 1529 3727 τῶν
1574 3676 1736 3728 ἄλλων

141 3765 274 3813 ὄντων
302 3774 507 3829 κοινῶν,
547 3765 577 3814 ό
612 3765 702 3834 μεν
754 3770 827 3831 τῷ
857 3764 998 3834 ἄκρῳ
1050 3771 1144 3825 τῆς
1191 3763 1448 3834 γλώττης,
1498 3769 1553 3817 τό
1585 3762 1643 3818 δὲ
1671 3773 1732 3838 τῇ

138 3850 344 3920 γλωττίδ
351 3875 367 3905 ι
393 3853 601 3925 μᾶλλον
631 3851 965 3903 ἀποτίκτεται
986 3869 998 3880 ·
1026 3857 1117 3904 καὶ
1144 3856 1199 3904 τό
1247 3854 1447 3925 μεῖζον,
1497 3859 1585 3906 καὶ
1617 3856 1739 3906 θαν-

139 3948 459 4016 μασιωτερον,
495 3945 573 4004 ὡς
615 3937 728 3993 οὐδ’
771 3942 833 3992 οἶν
863 3941 1100 4015 προέλθοι
1164 3942 1314 4014 λόγος
1375 3945 1494 3996 ἄνευ
1550 3953 1735 4015 φωνῆς,

140 4029 248 4082 ἀλλὰ
285 4038 376 4084 καὶ
420 4030 470 4082 ἐν
534 4029 674 4102 αὐτῇ
720 4037 783 4100 τῇ
848 4025 1204 4102 διαμορφώσει
1255 4029 1515 4106 ὑπερείδει
1548 4052 1598 4084 τε
1650 4037 1738 4083 καὶ

140 4119 424 4190 ὑπερανέχει
457 4125 562 4178 τὴν
598 4117 869 4188 τοῦλόγου
896 4125 1096 4192 μορφὴν
1127 4122 1156 4177 ἡ
1192 4125 1328 4191 φωνὴ
1361 4123 1738 4192 συνυφεστώσά

138 4225 180 4258 τε
220 4214 303 4260 καὶ
354 4213 700 4283 προάγουσα.
767 4206 922 4260 Ἀλλὰ
969 4211 1070 4278 γὰρ
1127 4211 1390 4268 τοσαύτης
1443 4213 1602 4270 οὔσης
1649 4218 1740 4269 τῆς

143 4303 412 4367 συναφείας,
444 4302 541 4349 καὶ
595 4298 1040 4367 συνανακράσεως,
1073 4296 1226 4366 ὅμως,
1277 4297 1358 4349 δτι
1409 4303 1540 4370 μήτε
1589 4297 1740 4369 λόγος

1836 1805 2024 1860 vicem
2043 1806 2329 1862 confundi
2356 1808 2771 1871 observantur,
2797 1809 3117 1880 propositae
3143 1808 3202 1863 in
3227 1813 3494 1864 nostram

1835 1893 2014 1949 ﬁdem
2034 1894 2387 1965 objectionis
2412 1901 2680 1968 apertam
2700 1897 3111 1952 refutationem
3132 1897 3498 1970 depromunt

1835 1989 1890 2038 et
1931 1984 2248 2055 impietatis
2283 1985 2616 2041 {utilitatem
2650 2002 2720 2042 ex
2765 1987 2856 2055 iis,
2888 2003 3018 2058 quae
3052 1987 3130 2042 ob
3187 1987 3392 2043 oculos
3434 1990 3491 2042 et
3541 2019 3544 2021 λ

1837 2073 1893 2127 in
1922 2073 2207 2128 manibus
2232 2073 2552 2139 habentur,
2587 2079 3083 2131 commonstrant.

1909 2161 2090 2217 Porro
2122 2169 2317 2218 autem
2350 2163 2451 2218 sia
2477 2167 2692 2219 natura
2721 2164 2797 2219 ad
2818 2171 3000 2218 artem
3027 2163 3280 2233 gradum
3309 2163 3486 2220 facia-

1841 2267 1972 2306 mus
2002 2254 2204 2322 (atque
2222 2251 2626 2308 animadverte
2648 2267 2960 2324 quousque
2991 2267 3324 2306 consensus
3350 2268 3488 2307 cum

1839 2343 2076 2408 natura,
2107 2343 2165 2394 et
2195 2339 2255 2394 in
2290 2339 2589 2411 objectam
2630 2357 2666 2396 a
2690 2340 2980 2413 principio
3013 2342 3366 2396 sententiam
3391 2355 3492 2412 op-

1837 2430 2055 2502 positio
2079 2436 2390 2499 servetur),
2414 2430 2543 2486 aliae
2573 2430 2817 2503 quidem
2847 2437 3024 2502 atque
3055 2430 3188 2486 alias
3221 2430 3495 2487 similitu-

1840 2518 2008 2574 dines
2033 2524 2364 2582 occurrent,
2395 2524 2448 2574 et
2476 2519 2774 2591 praecipue
2797 2519 3014 2591 figulus
3035 2536 3108 2575 ex
3129 2520 3339 2575 eodem
3372 2519 3494 2573 luto

1841 2614 1897 2664 et
1942 2624 2142 2664 massa
2181 2612 2304 2664 tam
2336 2608 2611 2674 matulas,
2653 2625 2835 2680 quam
2864 2609 3067 2664 lances
3109 2609 3291 2665 sacris
3323 2614 3497 2681 aptas

1841 2697 2042 2754 ritibus
2082 2697 2315 2766 ﬁngens
2356 2697 2456 2752 tibi
2495 2698 2852 2754 ostendetur.
2906 2699 3169 2754 Profecto
3219 2714 3293 2753 ne
3332 2698 3497 2770 ipsos

1840 2787 2085 2858 quidem
2130 2786 2415 2858 profanos
2448 2787 2743 2852 homines,
2787 2788 3014 2858 opinor,
3061 2788 3335 2858 reperies,
3384 2786 3490 2858 qui

1841 2875 2056 2932 harum
2089 2875 2541 2948 supellectilium
2581 2875 2829 2932 alteram
2856 2877 2913 2931 in
2944 2876 3182 2931 alterius
3215 2891 3414 2939 usum,
3440 2878 3498 2931 et

1842 2979 2064 3020 nomen
2093 2964 2468 3036 impudenter
2487 2969 2913 3028 convertentes,
2947 2964 3124 3020 etiam
3159 2963 3486 3035 proprieta-

1842 3058 1957 3108 tem
1993 3052 2326 3108 alterutrius
2365 3051 2712 3107 substantia;
2751 3051 3143 3116 confundant,
3178 3050 3287 3105 nisi
3321 3050 3496 3104 mise-

1839 3141 2032 3197 rando
2065 3141 2280 3196 mentis
2323 3141 2566 3196 vulnere
2605 3156 2744 3196 cum
2772 3139 3042 3196 sanitatis
3073 3138 3490 3211 desperatione

1841 3235 2208 3305 premantur.

1914 3318 2082 3384 Quod
2107 3318 2155 3374 si
2185 3334 2392 3374 rursus
2418 3317 2496 3374 ad
2515 3317 2822 3374 hominem
2852 3317 3078 3373 resilire
3098 3317 3258 3384 libet,
3291 3317 3488 3374 acrius

1843 3407 2078 3464 illorum
2106 3407 2334 3479 objecta
2353 3407 2760 3462 insectaberis.
2787 3409 2865 3462 Ex
2884 3407 3015 3478 ipso
3041 3407 3200 3462 enim
3227 3407 3491 3463 humano

1843 3513 1942 3553 ore
1969 3504 2094 3553 tum
2128 3512 2351 3562 sermo,
2384 3501 2509 3551 tum
2539 3511 2652 3550 vox
2686 3494 3032 3563 funduntur,
3076 3500 3134 3551 et
3160 3512 3345 3568 parvo
3369 3495 3501 3568 qui-

1843 3588 1982 3643 dem
2013 3585 2359 3642 discrimine
2391 3601 2496 3657 per
2526 3584 2736 3641 eadem
2779 3599 3005 3654 organa
3050 3584 3401 3650 formantur,
3444 3591 3500 3641 et

1843 3676 2246 3748 proferuntur.
2273 3674 2538 3730 Profecto
2561 3674 2701 3730 dum
2733 3681 2942 3729 cmtera
2968 3679 3105 3730 sunt
3129 3673 3495 3738 communia,

1845 3781 2040 3820 sermo
2061 3765 2305 3837 quidem
2337 3779 2374 3818 a
2400 3764 2741 3820 summitate
2763 3763 3003 3833 linguis,
3034 3779 3148 3819 vox
3172 3769 3371 3820 autem
3391 3779 3496 3835 po-

1845 3855 1960 3909 tius
1987 3853 2064 3908 ab
2093 3853 2222 3924 ejus
2252 3853 2452 3908 radice
2469 3859 2702 3908 creatur
2723 3867 2745 3919 ,°
2771 3851 3058 3924 quodque
3083 3853 3279 3923 majus
3306 3857 3412 3918 est,
3441 3857 3498 3907 et

1848 3943 2042 4012 magis
2062 3943 2427 4007 mirandum,
2448 3957 2646 3998 sermo
2666 3943 2790 3996 sine
2822 3956 2962 3997 voce
2988 3942 3223 4012 prodire
3245 3957 3366 3998 non
3390 3957 3496 4013 po-

1847 4035 1955 4087 test
1992 4049 2005 4086 :
2058 4031 2180 4087 imo
2210 4033 2387 4087 etiam
2441 4030 2732 4086 sermonis
2775 4030 3031 4086 formam
3087 4033 3145 4085 in
3196 4031 3330 4102 ipsa
3368 4031 3496 4101 ejus

1853 4121 2230 4191 productione
2271 4120 2550 4186 suffulcit,
2590 4137 2659 4176 ac
2695 4119 2950 4175 sustinet
2994 4135 3124 4188 vox,
3167 4135 3298 4190 quas
3327 4119 3506 4174 simul

1850 4209 2111 4270 advenit,
2140 4215 2318 4283 atque
2345 4210 2658 4282 profertur.
2684 4211 2752 4264 At
2788 4210 2947 4264 enim
2980 4207 3111 4263 licet
3138 4213 3302 4263 tanta
3331 4209 3501 4263 inter-

1850 4298 2023 4355 cedat
2063 4301 2403 4369 conjunctio
2444 4305 2622 4372 atque
2671 4297 3029 4363 commistio,
3064 4303 3284 4363 tamen,
3324 4295 3488 4366 quod

141 4385 316 4455 fami:
369 4390 496 4448 τοὺς
545 4389 639 4436 καὶ
685 4388 750 4436 τὰ
793 4387 978 4456 μέτρια
1022 4391 1243 4456 πνορᾴν
1302 4383 1613 4458 δυναμένους
1657 4388 1732 4440 οὗ·

1891 4404 2052 4444 ermo
2095 4404 2215 4443 non
2249 4387 2325 4443 sit
2379 4404 2507 4452 vox,
2557 4389 2617 4452 ii,
2649 4387 2745 4458 qui
2785 4397 2944 4440 recto
2977 4384 3196 4456 pollent
3243 4383 3490 4454 judicio,

143 4469 280 4543 δεμία
323 4480 448 4528 ποτὶ
513 4473 803 4544 ἐνοχλήσει
855 4472 1271 4546 ἀμφισϐήτησις.
1325 4477 1413 4535 Οἷς
1462 4475 1740 4551 ἐρρωμένον

143 4569 314 4617 σαυτόν
360 4585 416 4618 τε
471 4574 578 4625 τῆς
629 4568 974 4636 νομιζομένης
1026 4563 1246 4637 ἀπορίας
1298 4563 1532 4616 ἀπολύων
1561 4563 1740 4618 διανά-

144 4655 299 4717 στηθι,
345 4659 437 4706 καὶ
467 4663 580 4707 τῶν
610 4661 918 4726 κακουργεῖν
961 4653 1231 4707 ἐθελόντων
1290 4653 1597 4726 ἐπιστόμιζε
1628 4657 1739 4726 (54)

142 4744 190 4792 τό
212 4749 497 4819 περίεργον.

1853 4477 2018 4532 nulla
2048 4492 2317 4548 unquam
2361 4476 2742 4531 altercatione
2772 4474 2987 4528 turbati
3027 4474 3334 4529 tenebunt.
3369 4473 3504 4538 Qui-

1855 4565 1969 4621 bus
2017 4564 2386 4634 argumentis
2418 4568 2471 4619 et
2515 4569 2566 4618 te
2607 4563 2874 4618 innixum
2906 4563 3035 4634 ipse
3075 4579 3145 4617 ex
3194 4561 3508 4634 apparenti

1853 4656 2146 4710 extricans
2171 4652 2518 4707 difﬁcultate
2549 4651 2859 4716 conﬁrma,
2901 4657 2957 4708 et
3003 4667 3234 4716 eorum,
3280 4651 3381 4725 qui
3414 4667 3507 4708 ca-

1851 4743 2040 4799 villari
2074 4742 2298 4807 volunt,
2334 4739 2668 4796 futilitatem
2700 4739 2927 4796 refrena
2951 4741 3087 4812 (55).

1723 4919 1949 4978 ΝΟΤᾸΕ.

200 5045 304 5114 (54)
340 5049 453 5102 Pro
501 5044 865 5116 ἐπιστομίζειν
913 5045 992 5100 ita
1023 5045 1232 5101 saltem
1267 5051 1356 5101 est
1399 5045 1744 5115 legendum,

142 5123 227 5169 aut
250 5120 450 5187 potius
476 5117 738 5171 verbum
764 5116 1012 5188 aliquod
1040 5117 1272 5173 ﬁnitum
1298 5117 1394 5172 hic
1415 5117 1744 5173 desiderari

143 5191 379 5254 putarim
392 5229 404 5240 .

144 5325 152 5334 _
189 5261 555 5334 7(55)_Causa
577 5274 689 5314 cur
733 5257 1186 5334 Amphilochius
1215 5259 1742 5334 interrogationem

140 5329 292 5400 istam
310 5332 368 5388 in
390 5331 668 5388 medium
689 5329 1012 5400 protulerit,
1034 5331 1080 5384 si
1098 5330 1370 5386 hariolari
1391 5330 1479 5385 fas
1497 5335 1601 5396 est,
1617 5331 1742 5385 haec

141 5398 298 5474 fuisse
317 5403 586 5458 videtur.
609 5398 962 5474 Ut'primum
989 5401 1314 5474 Photianus
1335 5417 1497 5474 error
1518 5401 1590 5455 de
1616 5401 1740 5474 Spi-

140 5469 268 5546 ritus
297 5475 489 5530 sancti
517 5469 909 5546 processione
930 5473 987 5528 in
1012 5471 1229 5546 Graecis
1255 5473 1522 5546 Ecclesiis
1550 5469 1742 5528 erum-

142 5540 447 5616 pebat,eum
461 5540 791 5605 orthodoxi
803 5544 1113 5602 innumeris
1128 5543 1560 5602 insectabantur
1574 5559 1741 5616 argu-

1857 5044 2102 5110 mentis;
2127 5060 2195 5099 ac
2215 5043 2534 5116 prmsertim
2560 5043 2680 5116 illo,
2710 5042 2872 5116 quod
2901 5041 3137 5116 scilicet,
3169 5042 3282 5116 nisi
3305 5059 3340 5116 a
3364 5043 3507 5099 Filio

1859 5116 2108 5188 Spiritus
2139 5113 2378 5188 sanctus
2405 5113 3048 5188 procederet,_i_nvicem
3076 5113 3508 5188 confunderen-

1856 5184 1965 5243 tur.
1984 5190 2176 5253 Quare
2199 5184 2670 5258 Amphilochius,
2687 5186 2787 5258 qui
2811 5185 3160 5256 huiusmodi
3177 5184 3510 5258 inhaerebat

1854 5261 2056 5324 errori,
2097 5264 2158 5313 ut
2194 5259 2390 5313 Photio
2423 5256 2828 5321 velificare'tur,
2864 5264 2920 5311 et
2949 5273 3076 5311 sese
3117 5256 3425 5311 extricaret
3473 5272 3510 5311 a

1852 5330 2032 5393 nodo,
2072 5329 2228 5404 istud
2280 5328 2527 5404 απόρημα
2559 5329 2674 5404 ipsi
2727 5327 3079 5404 proposuit._
3118 5327 3510 5404 Rhodus-(uti

1852 5406 2061 5470 postea
2090 5401 2265 5455 etiam
2291 5397 2866 5471 Scotistse)asse'rere
2894 5414 3015 5454 non
3046 5398 3283 5471 dubitat
3312 5397 3392 5452 ad
3422 5397 3508 5471 Fif

1851 5468 1929 5537 lii,
1964 5477 2020 5528 et
2051 5472 2299 5543 Spiritus
2324 5473 2512 5527 sancti
2545 5468 2979 5527 distinctionem
3012 5468 3304 5543 sufﬁcere,
3346 5468 3506 5539 quod

1850 5558 1972 5601 non
1985 5540 2198 5600 eadem
2214 5543 2438 5601 ratione
2451 5543 2634 5600 ambo
2649 5558 2686 5600 a
2697 5543 2872 5601 Patre
2887 5540 3260 5618 procedantJ
3266 5554 3361 5596 am
3369 5553 3506 5594 vero
