4126 6190
339 272 445 329 213

1406 273 1501 328 AD
1541 254 2083 330 AMPHILOCHIUM
2124 271 2445 340 QUAESTIO
2486 272 2686 329 xxrx.

3610 271 3711 329 214

339 408 412 471 τῷ
442 398 696 469 ἴλαττονι,
728 408 835 463 πῶς
861 401 989 473 οὐχὶ
1016 400 1188 473 πολλῷ
1230 399 1420 473 μᾶλλον
1451 400 1718 474 ἐνυπάρξει
1747 398 1818 472 τῷ
1838 404 1944 472 μεί-

2062 398 2386 457 criminum
2432 399 2846 456 remissionem
2895 397 3226 469 largiretur.
3270 396 3332 453 td
3363 397 3524 455 enim
3554 400 3715 471 quod

342 490 456 550 ξονι
488 506 503 555 ;

415 672 517 721 Καὶ
570 664 797 720 οὖδίπου
823 687 881 739 γε
930 664 1071 721 διότι
1126 676 1224 720 τῶν
1284 666 1667 741 βαπτισμάτων
1710 667 1944 741 ἑκάτερον

338 761 456 809 τότε
504 758 767 823 Ἰωάννου,
815 761 906 809 καὶ
952 760 1011 809 τὸ
1055 760 1365 809 Δεσποτικόν
1434 759 1617 829 ἄφεσιν
1680 757 1945 831 ἁμαρτιῶν

339 846 639 921 ἐχαρίζετο,
674 843 770 899 διὰ
815 854 968 898 τοῦτο
1014 851 1108 905 τὴν
1152 846 1201 899 ἐν
1251 847 1427 907 αὐτοῖς
1452 845 1727 918 ἀγνοητέον
1762 844 1945 920 διαφο-

336 939 454 1008 ράν.
511 931 654 989 Οὐδε
682 939 805 1009 γὰρ,
863 932 985 988 οὐδὲ
1025 938 1079 987 αἱ
1129 940 1340 1007 νομικαὶ
1368 937 1569 1002 θυσίαι,
1602 941 1690 988 καὶ
1722 937 1776 988 αἱ
1814 936 1945 988 τελεο

335 1029 447 1088 ταὶ,
501 1031 591 1077 καὶ
643 1025 710 1077 τὰ
759 1023 1128 1097 βαπτίσματα,
1205 1020 1341 1077 διότι
1410 1032 1508 1077 τῶν
1556 1024 1942 1098 ἁμαρτημάτων

336 1114 702 1188 ἐχρημάτιζον
742 1115 1019 1187 κάθαρσις,
1085 1110 1179 1166 διὰ
1243 1121 1397 1165 τοῦτο
1452 1119 1541 1166 καὶ
1589 1118 1648 1165 τό
1707 1115 1943 1167 Ἰωάννου

334 1204 506 1279 μηδέν
564 1207 731 1259 αὐτῶν
792 1204 1053 1279 διαφέρειν
1114 1204 1501 1264 ἀπαιτήσουσιν
1549 1223 1560 1235 ο
1594 1205 1723 1257 ἀλλὰ
1769 1208 1942 1279 ὥσπερ

332 1299 360 1349 6
390 1293 699 1370 Πρόδρομος
726 1317 755 1344 (ε
801 1296 993 1369 μείζων
1031 1295 1081 1348 ἐν
1122 1303 1387 1368 γεννητοῖς
1431 1305 1708 1367 γυναικῶν,
1753 1316 1781 1348 ›)
1813 1297 1944 1348 οὕτω

331 1390 393 1439 τὸ
436 1384 721 1459 βάπτισμα
772 1386 934 1438 αὐτοῦ
977 1385 1155 1458 μεῖζον
1208 1395 1307 1437 τῶν
1364 1394 1586 1458 νομικῶν
1632 1406 1645 1418 ο
1696 1389 1801 1439 ἐπεὶ
1855 1390 1944 1437 καὶ

335 1476 461 1527 ὅσον
490 1478 623 1549 πρὸς
673 1477 731 1526 τὸ
781 1473 987 1527 ἔλαττον
1038 1474 1406 1528 ὑποστέλλεται
1450 1477 1481 1533 ἠ
1538 1480 1675 1547 φωνὴ
1726 1482 1817 1528 τοῦ
1863 1474 1945 1526 λό-

330 1582 455 1634 γου,
516 1564 543 1615 6
595 1562 765 1635 κῆρυξ
803 1571 894 1614 τοῦ
948 1569 1355 1637 κηρυττομένου,
1426 1564 1451 1615 ό
1509 1560 1805 1639 πρόδρομος
1854 1572 1943 1625 τῆς

332 1650 632 1724 βασιλικῆς
660 1655 973 1725 παρουσίας,
1018 1654 1044 1703 ό
1092 1648 1275 1713 δοῦλος
1324 1660 1414 1705 τοῦ
1448 1649 1726 1716 δεσπότου,
1758 1662 1942 1705 τοσου-

2057 490 2111 546 in
2122 494 2245 546 erat
2275 489 2513 554 minori,
2534 489 2841 563 quomodo
2865 488 2923 545 in
2943 487 3154 559 majori
3175 486 3361 544 multo
3380 488 3572 561 magis
3591 502 3713 546 non

2058 579 2390 635 invenietur
2416 581 2443 635 ?

2127 671 2325 741 Neque
2356 684 2499 723 vero
2550 668 2692 740 quia
2738 673 3060 740 utrumque
3107 665 3430 737 baptisma,
3465 667 3711 724 Joannis

2056 758 2276 813 scilicet
2301 762 2355 812 et
2396 756 2628 822 Christi,
2665 756 2988 813 sceleribus
3032 755 3404 812 remittendis
3452 754 3706 824 valebat,

2054 852 2368 920 propterea
2398 846 2562 903 nulla
2596 847 2746 902 inter
2776 862 2844 902 ea
2874 845 3207 901 differentia
3235 844 3411 901 debet
3440 846 3707 915 agnosci.

2054 935 2183 991 Non
2209 936 2368 991 enim
2399 940 2454 991 et
2480 934 2698 1006 legales
2731 934 3006 1000 victimae,
3038 942 3091 990 et
3122 934 3512 1011 caeremoniae,
3542 934 3709 991 lotio-

2052 1039 2298 1096 nesque,
2326 1024 2466 1096 quia
2510 1024 2959 1080 mundationem
2993 1024 3284 1080 scelerum
3322 1025 3704 1097 prmstabant,

2052 1111 2275 1167 idcirco
2305 1111 2450 1167 nihil
2494 1128 2529 1167 a
2558 1111 2919 1185 baptismate
2947 1113 3191 1169 Joannis
3217 1112 3434 1169 distare
3465 1117 3711 1170 conten-

2053 1201 2196 1257 dent
2240 1217 2252 1255 :
2308 1201 2414 1256 sed
2466 1202 2983 1272 quemadmodum
3036 1222 3064 1253 ‹‹
3104 1201 3286 1273 Major
3335 1202 3485 1257 inter
3539 1209 3709 1259 natos

2056 1289 2373 1345 mulierum
2405 1293 2452 1326 ³⁸
2480 1312 2506 1339 n
2539 1296 2663 1345 erat
2708 1292 3059 1360 Praecursor,
3105 1290 3184 1346 ita
3240 1292 3368 1364 ejus
3408 1289 3710 1363 baptisma

2050 1378 2342 1449 legalibus
2364 1379 2751 1435 antecellebat
2778 1396 2790 1446 ;
2812 1383 3126 1453 propterea
3149 1381 3326 1435 etiam
3350 1385 3575 1452 quanto
3594 1396 3709 1436 vox

2051 1469 2255 1538 verbo,
2286 1469 2641 1542 praedicator
2672 1469 3017 1541 praedicata,
3049 1484 3382 1541 prmcursor
3402 1484 3539 1539 rege
3565 1484 3710 1540 prte-

2051 1563 2235 1624 sente,
2264 1563 2319 1613 et
2359 1573 2561 1613 servus
2610 1557 2855 1613 domino
2907 1557 3106 1613 minor
3147 1561 3415 1629 apparet,
3450 1561 3613 1613 tanto
3653 1562 3711 1613 et

2050 1646 2295 1702 Joannis
2309 1647 2631 1719 baptisma,
2649 1648 2879 1703 tametsi
2902 1646 3252 1702 delictorum
3268 1647 3503 1703 veniam
3518 1646 3704 1710 daret,

329 1760 422 1793 τον
462 1746 552 1793 καί
608 1743 665 1793 τό
701 1748 794 1792 τοῦ
841 1740 1081 1792 Ἰωάννου
1137 1739 1434 1815 βάπτισμα,
1476 1740 1519 1793 εἰ
1549 1746 1638 1794 καὶ
1685 1743 1941 1818 κάθαρσιν

2062 1735 2293 1790 inferius
2324 1736 2632 1807 reperitur,
2668 1735 2767 1791 ubi
2797 1751 2933 1790 cum
2970 1735 3276 1790 Dominico
3304 1741 3704 1806 comparatur.

329 1836 589 1901 παρεῖχεν
620 1828 907 1903 ἁμαρτιῶν,
957 1832 1013 1881 τὸ
1066 1826 1388 1905 ἱνδεέστερον
1429 1832 1554 1905 πρὸς
1601 1834 1659 1882 τό
1687 1836 1941 1903 Σωτὴριον

332 1915 669 1991 ἀποφέρεται.
698 1912 1005 1993 Πρόδρομός
1037 1915 1179 1969 ἔστιν
1204 1915 1389 1980 ἐκεῖνος
1415 1925 1506 1969 τοῦ
1526 1916 1785 1991 βασιλέως
1808 1920 1941 1970 πάν-

331 2026 457 2071 των,
485 2011 688 2066 καὶτῆς
713 2013 893 2066 κοινῆς
922 2010 1183 2082 σωτηρίας
1212 2006 1400 2080 κῆρυξ,
1422 2011 1510 2059 καὶ
1548 2011 1715 2079 τίμιος
1742 2009 1766 2060 6
1791 2005 1940 2083 ἀνὴρ,

332 2099 427 2147 καὶ
452 2115 480 2146 (ι
502 2094 696 2167 μείζων
741 2093 789 2146 ἓν
818 2101 1081 2166 γεννητοῖς
1110 2103 1368 2167 γυναικῶν
1399 2115 1410 2127 ⁸
1447 2116 1477 2149 ››
1503 2093 1803 2172 πρόδρομός
1828 2096 1939 2149 ἐστι

333 2186 509 2236 καὶτὸ
537 2181 816 2256 βάπτισμα
842 2184 1000 2236 αὑτοῦ
1039 2191 1133 2236 τοῦ
1160 2189 1422 2261 Σωτηρίου
1468 2190 1557 2236 καὶ
1607 2190 1941 2259 παγκοσμίου

340 2271 714 2345 βαπτίσματος
764 2290 777 2303 ·
838 2278 1058 2325 καὶτῶν
1088 2274 1395 2345 φθασάντων
1433 2276 1523 2346 μεν
1577 2272 1940 2348 ἔντελέστερον,

334 2360 509 2413 πολλώ
564 2358 623 2413 δὲ
679 2368 771 2413 τοῦ
826 2361 1091 2434 μέλλοντος
1143 2359 1465 2437 ἐνδεέστερον
1513 2381 1525 2394 ·
1560 2368 1649 2415 καὶ
1698 2366 1943 2437 καθαῖρον

335 2454 430 2521 μὲν
494 2448 756 2523 ἁμαρτίας
807 2450 997 2523 μῶλον
1050 2450 1192 2521 (56),
1234 2455 1363 2525 ἤπερ
1432 2454 1457 2503 ό
1519 2457 1687 2525 νόμος,
1745 2452 1839 2506 οὐκ
1896 2452 1943 2506 ἐν

336 2544 470 2613 πυρὶ
519 2534 578 2591 δε
630 2544 721 2591 καὶ
781 2543 1061 2612 Πνεύματι,
1117 2542 1240 2615 ὅπερ
1284 2542 1314 2597 ἠ
1365 2539 1658 2602 τελείότης·
1694 2549 1788 2603 τῆς
1824 2549 1946 2596 Δεσ-

336 2635 560 2689 ποτικῆς
585 2629 688 2701 ’γὰρ
722 2626 835 2681 ἔστι
860 2634 1019 2701 μόνης
1057 2633 1143 2680 καὶ
1193 2631 1506 2702 ἱερουργίας,
1540 2635 1629 2682 καὶ
1662 2630 1945 2707 φιλανθρω-

337 2722 480 2782 πίας,
514 2722 602 2769 καὶ
635 2724 751 2787 Θεῷ
797 2720 1100 2792 πρεπούσης
1144 2714 1414 2792 δυνάμεως
1464 2726 1615 2771 τοῦτο
1661 2716 1827 2795 δῶρον
1858 2725 1946 2774 καὶ

337 2808 609 2879 χάρισμα.

409 2895 556 2948 Ἐπεὶ
605 2892 693 2948 οὖν
742 2903 843 2947 τῶν
885 2894 1216 2970 ὑψηλοτέρων
1264 2898 1458 2948 τούτων
1505 2893 1656 2950 οὐδέν
1701 2918 1793 2972 περ
1835 2897 1947 2952 ἐστὶ

338 2993 431 3045 τῆς
473 2992 565 3036 τοῦ
627 2984 873 3037 Ἰωάννου
922 2986 1059 3037 κατά
1116 2989 1175 3037 τό
1243 2984 1526 3059 βάπτισμα
1576 2985 1797 3053 τελετῆς,
1857 2984 1951 3040 διὰ

339 3080 493 3127 τοῦτο
537 3078 627 3125 καί
679 3093 810 3135 τινες
858 3082 957 3125 τῶν
1015 3076 1160 3150 ἱερῶν
1208 3075 1355 3147 ἡμῶν
1388 3078 1625 3151 [πατέρων
1657 3074 1949 3152 ἐθάρρησαν

338 3165 529 3235 ἄφεσιν
582 3160 848 3236 ἁμαρτιῶν
903 3160 1060 3215 εἰπεῖν
1114 3165 1187 3234 μὴ
1247 3167 1497 3236 παρέχειν
1566 3163 1717 3221 αὑτό.
1784 3164 1951 3217 Πολλά

341 3254 448 3325 γὰρ
494 3258 589 3313 τῆς
639 3253 861 3323 χάριτος
905 3258 997 3302 τοῦ
1044 3252 1181 3302 κατὰ
1220 3254 1279 3303 τό
1325 3256 1583 3325 Σωτήριον
1623 3251 1950 3305 ἀπολείπεται

344 3339 649 3413 βάπτισμα,
710 3344 800 3391 καί
867 3338 967 3391 ἀπὸ
1024 3349 1120 3401 τῆς
1172 3344 1303 3414 πρὸς
1352 3340 1509 3394 ἐκεῖνο
1561 3345 1902 3416 συγκρίσεως
1935 3359 1946 3371 '

343 3427 456 3482 ἐπεὶ
506 3436 595 3489 τῆς
657 3430 786 3490 ῖσης
837 3424 1035 3503 δωρεᾶς
1092 3427 1407 3503 ἀπεκρίνετο,
1456 3435 1545 3483 καὶ
1618 3439 1713 3493 τῆς
1769 3432 1951 3504 ὁμοίας

342 3518 440 3570 οὐκ
471 3514 534 3575 ἦν
588 3523 858 3593 χορηγίας
897 3514 1190 3591 οὐδαμόθεν
1222 3520 1552 3594 καθάρσεως.
1607 3519 1835 3582 Εἰκότως
1863 3516 1950 3573 οὖν

344 3607 471 3660 οὐδὲ
545 3612 639 3664 την
712 3609 895 3679 ἄφεσιν
944 3609 1083 3678 αὐτῷ
1152 3615 1251 3659 τῶν
1310 3608 1698 3683 ἁμαρτημάτων
1758 3608 1952 3663 ἀπελεί-

345 3714 524 3749 ποντο.
582 3701 687 3747 Τοῦ
766 3698 860 3770 γὰρ
946 3702 1203 3771 μακαρίου
1273 3697 1487 3771 Μάρκου
1560 3697 1808 3769 λέγοντος,
1864 3702 1951 3750 καὶ

345 3791 439 3837 τοῦ
495 3786 830 3860 ἱεροκήρυκος
874 3792 1054 3837 Λουκᾶ
1106 3782 1421 3856 συνάδοντος
1461 3788 1645 3860 ἄφεσιν
1685 3786 1951 3861 ἁμαρτιῶν

347 3870 481 3926 εἶναι
528 3876 836 3946 παρεκτικόν
916 3878 974 3926 τό
1053 3874 1293 3928 Ἰωάννου
1365 3874 1666 3948 βάπτισμα,
1734 3885 1841 3938 πῶς
1887 3876 1953 3949 (εἰ

346 3961 464 4013 κατ’
494 3959 645 4013 ἄλλον
675 3964 791 4014 τινὰ
846 3967 1053 4035 τρόπον,
1098 3962 1228 4016 ἀλλὰ
1276 3968 1372 4037 μή,
1421 3964 1475 4017 ὃν
1524 3965 1554 4023 ἠ
1587 3968 1862 4038 σύγκρισις
1893 3968 1950 4017 τό

348 4054 529 4124 τραχὺ
580 4058 676 4112 τῆς
754 4050 1045 4124 ἀντιλογίας
1102 4049 1505 4128 διαπραΰνουσα
1564 4051 1951 4129 παραδέχεται)

348 4140 443 4192 οὐκ
474 4138 536 4191 ἂν
586 4136 866 4203 αὐθαδείας
918 4142 1156 4194 ὑπαίτιον
1297 4146 1353 4195 τό
1406 4148 1477 4215 μὴ
1532 4149 1782 4218 παρέχειν
1827 4144 1952 4197 αὐτὸ

348 4230 611 4304 κάθαρσιν
677 4238 777 4281 τῶν
826 4230 1215 4306 ἁμαρτημάτων
1288 4231 1753 4307 διισχυρίζεσθαι,
1828 4232 1954 4285 ἀλλὰ

349 4322 568 4369 καὶτῶν
601 4326 824 4389 νομικῶν
855 4319 968 4371 κατ’
1023 4320 1150 4373 αὐτὸ
1182 4341 1239 4393 γε
1289 4329 1440 4374 τοῦτο
1491 4320 1618 4373 πολὺ
1668 4317 1953 4395 διελέγχειν

349 4404 699 4479 εὐτελέστερον
719 4423 734 4471 ;

420 4678 541 4732 Τοῖς
595 4669 653 4725 δέ
689 4677 887 4744 γένοιτο
941 4676 1071 4737 ἴσως
1119 4694 1395 4749 καταφυγη
1436 4683 1525 4730 καὶ
1564 4680 1621 4731 τὸ
1662 4685 1752 4730 τοῦ
1785 4679 1958 4731 θιοσο-

350 4780 449 4833 φου
500 4767 680 4815 Λουκᾶ
724 4763 883 4837 ῥητόν
933 4759 1026 4815 διὰ
1064 4770 1156 4816 τοῦ
1203 4772 1466 4840 μακαρίου
1506 4770 1727 4840 Μάρκου
1758 4765 1958 4840 ἐξευμε-

348 4850 612 4914 νίζεσθαι,
656 4856 746 4902 καὶ
786 4856 880 4910 τὴν
926 4857 1052 4928 πρός
1104 4852 1293 4917 αὐτοὺς
1349 4851 1609 4908 δοκοῦσαν
1672 4852 1956 4928 διαφωνίαν

350 4939 712 5013 ἐκτρέπεσθαι.
735 4943 805 4994 Τό
835 4944 960 5015 γὰρ,
990 4963 1019 4993 ‹‹
1056 4946 1350 5019 Κηρύσσων
1380 4942 1661 5017 βάπτισμα
1689 4949 1958 5017 μετανοίας

352 5028 421 5088 εἰς
502 5030 685 5101 ἄφεσιν
767 5029 1053 5103 ἁμαρτιῶν,
1125 5054 1149 5083 ν
1198 5034 1326 5105 οὐχὶ
1394 5038 1452 5087 τό
1516 5036 1957 5106 αὐτουργούμενον

352 5113 642 5190 βάπτισμα
703 5122 849 5193 παρὰ
886 5128 977 5172 τοῦ
1026 5118 1338 5197 Προδρόμου
1380 5126 1567 5175 εἴποιεν
1607 5120 1667 5175 ἂν
1709 5120 1958 5198 παραδη-

351 5202 471 5255 λοῦν
504 5222 517 5234 ·
553 5204 659 5258 ἀλλ’
705 5206 897 5260 ἐκείνου
958 5218 1050 5262 τοῦ
1102 5209 1470 5285 βαπτίσματος
1513 5209 1642 5265 εἶναι
1690 5231 1959 5287 παραστα-

350 5298 495 5346 τικὸν
552 5296 612 5347 οὗ
658 5298 827 5372 κῆρυξ
878 5300 904 5350 6
963 5296 1198 5361 Ἰωάννης
1247 5299 1557 5356 ἀπέσταλτο.
1607 5307 1705 5355 Καὶ
1740 5304 1841 5376 γὰρ
1873 5304 1958 5353 τόν

424 5425 473 5459 ²’
512 5423 716 5482 Matth.
755 5439 837 5491 χι,
875 5428 959 5480 ll.

2051 1823 2147 1880 Ille
2176 1833 2259 1879 est
2283 1825 2434 1895 regis
2456 1826 2727 1880 omnium
2758 1827 3107 1889 l’raecursor,
3138 1824 3595 1896 communisque
3618 1841 3707 1879 sa-

2049 1914 2185 1969 lutis
2217 1914 2587 1988 praedicator,
2624 1915 2826 1987 virque
2854 1914 3081 1970 honore
3113 1914 3348 1984 dignus,
3376 1917 3434 1969 et
3462 1934 3490 1964 «
3524 1914 3708 1984 Major

2051 2003 2202 2059 inter
2257 2009 2430 2059 natos
2485 2003 2846 2068 mulierum;
2901 2022 2927 2055 ν
2981 2003 3309 2058 Praecursor
3346 2007 3434 2059 est
3490 2002 3707 2074 pariter

2052 2093 2181 2164 ejus
2213 2091 2551 2164 baptismus
2578 2091 2885 2158 Dominici,
2920 2096 2974 2146 et
3007 2090 3350 2147 universalis
3382 2091 3704 2162 baptisma-

2052 2183 2142 2247 tis,
2178 2186 2354 2255 atque
2407 2182 2689 2237 omnibus
2742 2181 2986 2254 quidem
3035 2181 3249 2254 priscis
3298 2180 3707 2236 ablutionibus
3760 2220 3771 2227 ρ

2053 2269 2364 2343 perfectior
2392 2287 2404 2324 2
2436 2269 2799 2326 instituendo
2821 2274 3021 2326 autem
3043 2270 3346 2341 baptismo
3370 2270 3544 2340 longo
3567 2268 3710 2325 infe—

2052 2361 2172 2416 rior
2198 2359 2506 2415 intervallo
2540 2375 2554 2426 ;
2578 2358 2906 2432 culpasque
2936 2357 3127 2431 magis
3144 2375 3327 2431 quam
3355 2357 3574 2431 scripta
3594 2359 3704 2426 lex,

2054 2448 2443 2515 emundabat,
2476 2463 2598 2505 non
2629 2452 2829 2504 tamen
2873 2448 2932 2503 in
2959 2448 3096 2519 igne
3126 2454 3182 2504 et
3230 2446 3448 2522 Spiritu
3481 2451 3709 2513 sancto,

2054 2538 2220 2612 quod
2241 2538 2659 2610 perfectionem
2687 2537 3088 2593 constituebat
3117 2554 3127 2593 :
3157 2538 3331 2592 unius
3355 2537 3578 2610 quippe
3604 2536 3716 2592 Do-

2057 2627 2283 2684 minicze
2332 2626 2714 2700 operationis,
2749 2632 2805 2682 et
2858 2626 3206 2692 clementiae,
3252 2631 3307 2682 et
3355 2626 3470 2682 Deo
3520 2625 3716 2697 dignae

2057 2716 2282 2774 virtutis
2308 2720 2397 2772 est
2425 2717 2539 2773 hoc
2570 2716 2798 2773 donum
2830 2719 3007 2788 atque
3039 2714 3356 2772 charisma.

2129 2897 2333 2967 Itaque
2360 2909 2498 2949 cum
2532 2891 2699 2947 nulla
2745 2891 2961 2946 harum
3007 2889 3422 2946 sublimiorum
3457 2889 3701 2962 proprie
3760 2946 3766 2952 _

2058 2987 2245 3039 tatum
2295 2982 2353 3037 in
2387 2980 2763 3053 baptismatis
2810 2979 3054 3035 Joannis
3108 2979 3462 3035 caeremonia
3513 2978 3713 3034 locum

2059 3071 2297 3144 habeat,
2344 3071 2479 3127 ideo
2536 3068 2714 3125 etiam
2769 3068 3040 3125 nonnulli
3086 3073 3426 3123 sanctorum
3476 3067 3714 3123 Patrum

2059 3166 2401 3217 nostrorum
2434 3175 2539 3232 per
2564 3174 2696 3214 eam
2719 3173 2839 3213 non
2867 3157 3085 3213 remitti
3117 3163 3362 3229 peccata
3377 3171 3714 3212 asseverare

2060 3250 2191 3307 ausi
2225 3255 2379 3306 sunt.
2428 3249 2491 3303 In
2538 3248 2739 3303 multis
2788 3248 2944 3303 enim
2972 3264 3008 3304 a
3034 3247 3244 3316 gratia,
3278 3262 3455 3318 quam
3507 3244 3714 3302 Christi

2059 3339 2359 3412 baptisma
2372 3337 2616 3407 confert,
2630 3341 2685 3392 et
2701 3353 2736 3392 a
2750 3336 3038 3407 dignitate
3064 3352 3197 3391 cum
3222 3336 3351 3408 ipso
3365 3339 3715 3406 comparata

2059 3428 2254 3486 deﬁcit
2284 3446 2297 3495 ;
2329 3427 2622 3500 siquidem
2650 3426 2709 3481 in
2738 3425 3009 3481 beneﬁcii
3040 3425 3293 3499 paritate
3314 3421 3719 3497 distiugueba-

2060 3524 2173 3584 tur,
2192 3516 2523 3589 eademque
2541 3514 2981 3571 emundationis
2996 3515 3168 3587 copia
3186 3529 3572 3586 nequaquam
3594 3512 3718 3585 pol-

2058 3607 2219 3663 lebat
2250 3623 2263 3662 :
2298 3605 2455 3661 unde
2489 3604 2734 3659 fortasse
2770 3619 2843 3658 ne
2875 3602 3289 3658 remissionem
3316 3601 3562 3674 quidem
3585 3616 3720 3674 pec-

2059 3702 2332 3753 catorum
2389 3695 2503 3765 ipsi
2556 3692 2940 3765 reliquerunt.
2976 3692 3287 3748 Enimvero
3343 3706 3475 3746 cum
3506 3689 3716 3747 beatus

2059 3787 2286 3842 Marcus
2340 3788 2595 3847 testetur,
2627 3787 2684 3838 et
2711 3797 2893 3837 sacrae
2940 3796 3138 3854 praeco
3192 3779 3475 3837 doctrinae
3531 3780 3716 3835 Lucas

2061 3873 2408 3938 consentiat,
2470 3871 2635 3943 quod
2710 3869 2956 3927 Joannis
3029 3867 3339 3942 baptisma
3401 3866 3716 3925 remitteret

2060 3967 2305 4035 peccata
2339 3978 2349 4015 :
2385 3958 2692 4035 quomodo
2722 3959 2794 4030 (si
2842 3957 3054 4031 quovis
3102 3957 3219 4014 alio
3271 3962 3448 4030 pacto
3501 3972 3594 4012 res
3653 3971 3717 4011 se

2062 4052 2300 4119 habeat,
2332 4066 2517 4122 quam
2548 4048 2680 4117 isto,
2716 4064 2837 4122 quo
2872 4054 3076 4103 nostra
3123 4045 3527 4118 interpretatio
3558 4046 3716 4103 sale-

2063 4141 2301 4197 brosam
2317 4137 2849 4195 contradictionem
2866 4137 3184 4200 imminuit,
3210 4140 3263 4190 et
3285 4133 3717 4190 admissibilem

2062 4229 2274 4294 reddit)
2307 4244 2427 4283 non
2468 4233 2621 4283 esset
2670 4225 3012 4283 temeritatis
3060 4228 3204 4281 nota
3233 4222 3581 4288 inurendus,
3616 4220 3720 4294 qui

2062 4318 2477 4376 remissionem
2536 4321 2915 4389 peccatorum
2960 4313 3208 4370 Joannis
3256 4311 3561 4383 baptisma
3598 4325 3720 4366 non

2066 4409 2323 4466 tribuere
2350 4407 2747 4475 contenderet,
2778 4404 2920 4459 illud
2948 4408 3149 4458 tamen
3180 4401 3293 4457 hac
3321 4401 3450 4472 ipsa
3479 4415 3720 4472 quoque

2065 4499 2126 4555 in
2156 4515 2218 4556 re
2249 4496 2456 4553 veteris
2475 4496 2623 4565 legis
2651 4490 3019 4550 caeremoniis
3044 4490 3265 4547 mirum
3282 4493 3575 4563 quantum
3590 4503 3723 4562 per-

2066 4588 2273 4645 fectius
2305 4586 2476 4642 vellet
2515 4598 2764 4653 arguere
2794 4582 2821 4638 ?

2138 4677 2234 4733 His
2281 4679 2479 4732 autem
2531 4671 2797 4728 Patribus
2845 4668 3185 4744 perfugium
3235 4668 3484 4726 fortasse
3525 4672 3720 4740 patere

2068 4765 2298 4839 poterit,
2341 4769 2397 4821 et
2424 4762 2711 4819 divinitus
2764 4759 2955 4817 edocti
3007 4760 3168 4815 Luca}
3217 4759 3530 4816 oraculum
3582 4774 3718 4813 cum

2064 4856 2242 4912 beato
2266 4857 2454 4911 Marco
2476 4850 2810 4916 conciliare,
2836 4858 2891 4905 et
2912 4854 3299 4922 apparentem
3321 4848 3469 4903 inter
3482 4863 3583 4903 eos
3605 4846 3721 4903 dis-

2067 4943 2407 5000 sensionem
2426 4941 2724 4997 declinare
2746 4939 2958 4995 licebit.
2988 4939 3263 4994 Poterunt
3280 4938 3439 4993 enim
3463 4936 3718 4993 afﬁrma-

2066 5051 2145 5101 re,
2173 5033 2334 5106 quod
2360 5031 2547 5087 verbis
2575 5054 2602 5081 ‹‹
2624 5029 2952 5103 praedicans
2978 5028 3341 5101 baptismum
3365 5025 3722 5099 poenitentiae

2065 5125 2123 5180 in
2140 5121 2553 5179 remissionem
2570 5122 2973 5192 peccatorum,
2996 5141 3015 5166 ι
3035 5133 3416 5189 nequaquam
3431 5116 3724 5187 baptisma

2068 5230 2104 5269 a
2130 5214 2499 5269 Prtecursore
2525 5208 3011 5265 administratum
3036 5206 3418 5276 signiﬁcetur,
3440 5204 3547 5261 sed
3578 5204 3722 5260 illud

2068 5300 2482 5375 portendatur,
2536 5296 2625 5353 cui
2686 5294 3072 5370 praedicando
3123 5293 3248 5367 ipse
3300 5294 3521 5350 missus
3574 5296 3719 5349 erat.

1921 5548 2152 5607 NOTAE.

426 5674 541 5748 (56)
580 5676 701 5734 Hoc
729 5674 1086 5735 adverbium
1116 5690 1301 5733 sensu
1330 5674 1669 5750 postulante
1699 5672 2110 5749 supplendum
2141 5672 2365 5748 putavi.
