4126 6190
368 251 477 306 215

1593 252 1832 307 ΡΗΟΤΙΙ
1872 250 2360 306 ΡΑΤΒΙΑΒΟΗᾹΞ
2399 248 2488 305 CP
2503 295 2514 305 .

3633 250 3739 305 216

364 376 589 431 Etenim
619 379 889 430 sanctum
919 377 1174 431 Marcum
1201 377 1275 431 de
1297 377 1542 431 Joannis
1568 376 1803 446 quidem
1829 375 2023 446 baptio

2144 376 2265 449 ἱερὸν
2334 377 2545 447 Μάρκον
2603 379 2719 447 περὶ
2774 377 2864 445 μὶν
2938 374 3127 427 ἐκείνου
3180 373 3365 445 λέγειν,
3429 393 3458 424 (ι
3506 374 3738 445 Ἐγένετο

364 471 553 520 smate
579 464 636 519 hi
665 464 883 519 dixisse
912 465 1199 536 inquient,
1234 484 1260 515 ‹‹
1285 465 1408 519 Fuit
1432 466 1689 519 Joannes
1711 462 2020 534 baptizans

364 553 422 607 in
454 552 685 607 deserto
717 571 728 617 ;
763 574 785 602 ι)
822 552 877 605 in
914 552 1107 606 verbis
1155 558 1356 607 autem
1392 572 1417 601 ι(
1451 551 1789 606 Praadicans
1825 551 2019 622 bapti-

362 658 563 695 smum
608 641 966 712 poenitentiae
1022 642 1077 695 in
1112 641 1520 695 remissionem
1574 645 1955 707 peccatorum
1992 658 2019 687 »

364 729 774 800 Redemptoris
796 729 1407 800 putabuntnuntiasse
1425 728 1810 799 baptismum.
1832 730 2022 800 Atque

366 820 449 873 ita
496 817 759 889 profecto
799 818 1054 873 dixerint
1095 818 1337 873 beatum
1388 820 1645 871 Marcum
1704 823 2024 887 utrumque

366 907 711 962 distinxisse
724 906 1043 978 baptisma,
1077 908 1395 978 ipsumque
1420 906 1619 962 testari
1646 905 1790 960 illud
1822 906 2025 962 remis-

368 996 597 1051 sionem
635 1002 1008 1065 peccatorum
1041 1012 1160 1050 non
1194 996 1474 1067 praebere,
1522 1012 1715 1066 neque
1746 1011 1880 1049 eam
1914 998 2041 1050 suo'

365 1085 709 1157 baptismati
756 1084 934 1139 fuisse
964 1102 998 1140 a
1035 1086 1261 1140 Joanne
1301 1086 1646 1140 attributam
1679 1104 1691 1142 :
1728 1084 2025 1155 siquidem

364 1174 984 1248 proptereaJoannem
1008 1176 1330 1246 opinantur
1348 1173 1670 1242 ingenuam
1693 1172 1857 1228 illam
1882 1174 2025 1228 Deo-

362 1280 479 1336 que
497 1262 1099 1334 obsequentissimam
1113 1264 1465 1317 sententiam
1483 1261 1798 1332 protulisse
1821 1279 1832 1316 :
1853 1285 1878 1309 «
1904 1264 2024 1331 Ego

364 1352 609 1423 quidem
634 1352 927 1421 baptizavi
956 1367 1061 1406 vos
1086 1352 1141 1405 in
1177 1368 1355 1423 aqua,
1381 1352 1505 1423 ipse
1531 1358 1731 1407 autem
1751 1351 2018 1422 baptiza-

366 1440 452 1495 bit
488 1456 591 1495 vos
621 1440 681 1494 in
717 1440 933 1511 Spiritu
975 1448 1183 1496 sancto
1212 1443 1277 1494 ³ο.
1315 1463 1339 1491 ι»

440 1529 607 1594 Quod
625 1530 669 1583 si
685 1532 909 1586 Marcus
923 1530 1352 1600 baptismatum
1368 1529 1809 1584 distinctionem
1824 1532 2027 1599 aperte

368 1634 480 1674 nos
538 1618 761 1681 docuit,
817 1618 961 1673 dum
1010 1618 1348 1688 baptismati
1404 1618 1649 1690 quidem
1710 1614 2031 1673 Servatoris

2135 463 2374 523 Ἰωάννης
2404 461 2679 535 βαπτίζων
2724 462 2770 514 ἐν
2811 472 2871 535 τῇ
2908 463 3083 536 ἐρήμῳ
3128 481 3139 492 ·
3185 483 3212 513 ))
3247 460 3294 514 ἓν
3338 459 3397 515 δὲ
3427 470 3520 533 τῷ,
3556 482 3585 511 ‹‹
3630 470 3737 521 Kn-

2130 553 2341 622 ρύσσων
2373 551 2655 623 βάπτισμα
2702 557 2973 623 μετανοίας
3028 552 3097 614 εἰς
3148 553 3330 623 ἄφεσιν
3380 550 3672 623 αμαρτιῶν,
3712 574 3735 601 ν

2131 643 2189 691 τὸ
2257 645 2513 712 Σωτήριον
2591 639 2960 713 ἀνακηρύττειν
3040 639 3343 713 βάπτισμα.
3429 646 3531 693 Καὶ
3599 641 3738 692 οὕτω

2133 736 2275 801 φαῖεν
2322 729 2381 779 ἂν
2434 734 2515 781 τὸν
2547 732 2803 803 μακάριον
2844 732 3055 804 Μάρκον
3101 729 3335 804 ἑκάτερον
3387 738 3485 781 τῶν
3535 728 3736 801 βαπτιο

2135 820 2343 890 σμάτων
2405 815 2802 871 διαστείλασθαι
2860 818 3366 891 ἐπιμαρτυρούμενον
3434 824 3506 890 μὴ
3555 820 3741 891 ἄφεσιν

2133 907 2397 979 ἁμαρτιῶν
2425 912 2696 982 παρέχειν,
2741 905 2873 978 μηδ’
2924 908 3079 959 αὐτὸν
3114 907 3379 979 ὁμολογεῖν
3425 911 3484 959 τὸ
3536 907 3736 980 βάπτι-

2136 1016 2244 1068 σμα
2275 1002 2632 1068 παρεχόμενον
2670 1012 2681 1023 ⁸
2725 994 2817 1048 διὰ
2846 1004 2998 1049 τούτο
3028 1000 3125 1072 γὰρ
3168 1002 3257 1049 καὶ
3306 996 3565 1071 εἰρηκέναι
3592 997 3742 1069 φιλα-

2132 1085 2277 1143 λήθει
2304 1105 2357 1138 τε
2387 1090 2476 1137 καὶ
2506 1085 2880 1159 θεοσεϐεστάτη
2914 1106 3092 1157 γνωμῃ
3129 1102 3142 1115 ο
3174 1108 3199 1136 ‹‹
3233 1088 3364 1157 Ἐγὼ
3405 1090 3495 1158 μεν
3524 1085 3744 1139 ἐϐάπτι-

2136 1193 2203 1225 σα
2233 1174 2367 1244 ύμᾶς
2407 1173 2454 1226 ἐν
2493 1171 2672 1240 ύδατι,
2704 1175 2859 1237 αύτὸς
2900 1171 2959 1227 δὲ
2982 1173 3235 1247 βαπτίσει
3263 1176 3401 1247 ὑμᾶς
3424 1174 3471 1227 ἐν
3508 1178 3742 1247 Πνεύμα-

2133 1282 2185 1314 τι
2217 1261 2368 1334 ἁγίῳ.
2409 1284 2434 1313 ››

2210 1527 2269 1579 Εἰ
2294 1523 2348 1579 δ’
2394 1529 2420 1579 ὁ
2469 1535 2678 1601 Μαρκος
2734 1536 2912 1599 σαφῶς
2960 1530 3095 1600 ἡμᾶς
3146 1533 3237 1586 τὴν
3292 1526 3583 1588 διαστολὴν
3639 1539 3742 1582 τῶν

2140 1615 2522 1689 βαπτισμάτων
2572 1614 2876 1683 ἐδιδάξατο,
2929 1625 3000 1687 τῷ
3051 1625 3350 1688 Δεσποτικῷ
3412 1622 3503 1690 μεν
3545 1617 3742 1691 βαπτί-

374 1705 631 1771 ascribit,
656 1707 818 1777 quod
847 1711 1091 1777 peccata
1120 1706 1459 1773 dimitteret,
1492 1712 1547 1761 et
1579 1705 1794 1777 Spiritu
1825 1708 2030 1759 sancto

2144 1725 2303 1776 σματι
2356 1711 2448 1764 τὴν
2518 1714 2618 1757 τῶν
2686 1706 2950 1779 ἁμαρτιῶν
3038 1704 3304 1777 ἀπονέμων
3375 1708 3580 1777 ἄφεσιν,
3654 1713 3745 1760 καὶ

372 1795 759 1850 conficeretur
788 1811 800 1859 ;
832 1795 1074 1850 Joannis
1105 1800 1326 1859 autem,
1360 1794 1524 1865 quod
1556 1809 1715 1866 aqua
1760 1794 1942 1859 ﬁeret,
1977 1799 2033 1848 et

373 1882 671 1954 baptisma
723 1883 1625 1955 nuncuparetur:perspicuum
1678 1889 1765 1938 est
1815 1885 2031 1937 Lucam

375 1988 618 2045 quoque
649 1989 785 2027 cum
815 1974 977 2027 socio
1006 1973 1318 2042 Evangelii,
1337 1970 1711 2043 historiaque
1740 1972 2032 2041 scriptore

376 2062 833 2116 consensionem
868 2077 1121 2127 servare,
1157 2067 1212 2116 et
1268 2062 1349 2115 sic
1390 2060 1570 2116 etiam
1617 2062 2031 2115 intemeratam

377 2150 638 2205 veritatis
664 2150 1076 2205 auctoritatem
1101 2151 1394 2205 custodire
1428 2167 1439 2205 :
1474 2148 1760 2221 quodque
1783 2147 1876 2202 ille
1900 2163 2035 2203 nar-

376 2244 465 2295 rat
494 2256 506 2292 :
539 2259 566 2290 «
602 2242 665 2294 Et
693 2240 853 2295 venit
879 2239 1208 2309 in§omnem
1236 2239 1538 2307 regionem
1583 2237 1854 2292 Jordanis
1882 2251 2030 2308 prae-

375 2327 586 2383 dicans
610 2328 974 2398 baptismum
998 2327 1356 2399 paenitentiae
1374 2330 1434 2382 in
1462 2327 1877 2381 remissionem
1901 2341 2033 2397 pec-

376 2424 642 2471 catorum
672 2419 738 2481 ⁸1,
773 2440 794 2466 ι
828 2416 1277 2485 intelligendum
1301 2433 1432 2471 esse
1463 2416 1813 2486 neutiquam
1838 2415 1910 2469 de
1934 2414 2032 2469 illo

376 2505 756 2576 baptismate,
791 2506 955 2577 quod
989 2522 1203 2561 manus
1237 2505 1611 2560 Praecursoris
1646 2502 2033 2558 administra-

373 2594 536 2656 bant,
574 2596 676 2649 sed
708 2594 781 2650 de
812 2610 902 2660 eo,
932 2594 1095 2666 quod
1128 2594 1391 2650 Salvator
1419 2609 1490 2649 ac
1524 2594 1811 2648 Dominus
1835 2598 2036 2647 noster

375 2682 740 2748 instituebat,
796 2684 1080 2755 quodque
1134 2685 1348 2737 anima:
1404 2682 1652 2737 maculis
1704 2682 2034 2752 baptizatos

376 2773 991 2828 omnesemundabat.
1014 2773 1325 2827 Enimvero
1346 2771 1523 2843 paulo
1548 2777 1684 2842 post
1707 2773 1888 2825 Lucas
1906 2770 2035 2841 ipse

374 2863 664 2916 Joannem
695 2861 788 2916 his
814 2860 1009 2916 verbis
1032 2861 1381 2933 loquentem
1412 2859 1636 2914 inducit
1662 2876 1673 2913 :
1702 2879 1730 2910 «
1756 2861 1871 2928 Ego
1901 2857 2037 2930 qui-

377 2950 514 3004 dem
548 2965 710 3022 aqua
768 2949 1007 3021 baptizo
1039 2966 1165 3015 vos,
1200 2950 1394 3004 veniet
1438 2956 1637 3004 autem
1681 2948 1883 3003 fortior
1918 2962 2033 3012 me,

3302 1799 3359 1846 τὸ
3401 1792 3459 1847 δὲ
3501 1796 3744 1849 Ἰωάννου

2138 1888 2227 1934 καὶ
2258 1879 2450 1945 ὕδατος
2491 1881 2637 1952 εἶναι,
2690 1888 2779 1935 καὶ
2814 1882 3163 1954 ὀνομάζεσθαι
3194 1882 3478 1955 βάπτισμα
3510 1901 3522 1914 ·
3558 1881 3741 1955 δῆλον,

2138 1973 2203 2031 ὡς
2238 1976 2327 2023 καὶ
2367 1973 2391 2022 6
2425 1978 2633 2033 Λουκᾶς
2686 1973 2789 2043 ἄρα
2835 1974 2964 2045 πρὸς
3011 1974 3096 2024 τὸν
3135 1972 3602 2044 συνευαγγελιστήν
3651 1979 3743 2027 καὶ

2142 2060 2413 2131 συνομιλον
2456 2064 2513 2112 1'6
2559 2064 2831 2132 σύμφωνον
2876 2057 3175 2126 διασώζων,
3229 2061 3363 2113 ούτω
3409 2067 3499 2113 καὶ
3548 2066 3605 2114 τό
3654 2072 3748 2125 τῆς

2141 2147 2377 2209 ἀληθείας
2410 2147 2717 2223 ἀνύϐριστον
2753 2145 3161 2219 συνδιαφυλάξει
3205 2148 3412 2221 ἀξίωμα

2142 1798 2403 1864 Πνεύματι
2452 1794 2584 1865 ἀγίῳ
2634 1791 3210 1869 διατελεσιουργεῖσθαι
3249 1809 3263 1822 '

3462 2170 3475 2182 ’
3520 2170 3611 2202 και
3658 2169 3737 2210 ειη

2140 2236 2199 2289 ἂν
2237 2237 2373 2308 αύτῷ
2419 2238 2683 2311 εἰρημένον
2735 2241 2814 2304 τὸ,
2859 2260 2885 2287 ‹‹
2946 2243 3046 2290 Kal
3097 2235 3244 2296 ἦλθεν
3302 2238 3369 2298 εἰς
3425 2245 3598 2291 πᾶσαν
3649 2245 3747 2297 τὴν

2139 2331 2436 2401 περίχωρον
2485 2336 2577 2380 τοῦ
2634 2323 2904 2399 Ἰορδάνου
2962 2332 3246 2399 κηρύσσων
3307 2325 3591 2401 βάπτισμα
3656 2348 3744 2401 με·

2141 2420 2345 2475 τανοίας
2433 2421 2505 2476 εὶς
2574 2417 2756 2487 ἄφεσιν
2832 2414 3117 2488 αμαρτιῶν,
3181 2438 3201 2464 ι
3272 2415 3331 2467 ού
3384 2420 3503 2490 περὶ
3553 2415 3748 2469 έκείνου

2143 2500 2424 2574 δήπουθεν,
2460 2505 2580 2577 ὅπερ
2612 2506 2789 2556 αἰτοῦ
2842 2500 3155 2577 Προδρόμον
3200 2510 3377 2575 χεῖρες
3420 2504 3743 2576 εἰργάζοντο,

2140 2590 2271 2643 ἀλλὰ
2335 2599 2453 2667 περὶ
2526 2601 2617 2644 τοῦ
2690 2598 2955 2664 Σωτηρίου
3017 2598 3106 2645 καὶ
3178 2600 3516 2661 Δεσποτικοῡ,
3577 2600 3666 2647 καὶ
3721 2596 3748 2647 ὃ

2141 2683 2339 2743 πάντας
2387 2686 2509 2743 τούς
2549 2680 2974 2753 βαπτισαμένους
3018 2689 3117 2732 τῶν
3177 2681 3423 2752 ψυχικῶν
3472 2682 3748 2755 μολυσμά-

2141 2792 2241 2825 των
2270 2771 2601 2843 ἀπεκάθαιρε.
2646 2775 2745 2823 Kal
2784 2773 2886 2843 γὰρ
2926 2770 3035 2841 μετ’
3076 2770 3245 2841 ὀλίγον
3293 2775 3381 2823 καὶ
3430 2771 3586 2833 αὐτὸς
3644 2772 3750 2824 εἰσ-

2144 2865 2258 2934 άγει
2314 2864 2401 2912 τὸν
2462 2860 2698 2917 Ἰωάννην
2746 2858 2961 2929 λέγοντα
3003 2875 3014 2887 ’
3065 2880 3092 2910 (ι
3148 2858 3281 2930 Ἐγὼ
3337 2864 3426 2931 μὲν
3489 2859 3538 2912 έν
3586 2858 3749 2912 ὕδατι

2147 2950 2390 3025 βαπτίζω
2446 2949 2599 3020 ὑμᾶς,
2643 2951 2858 3021 ἔρχεται
2906 2944 2965 3000 δε
3017 2947 3363 3022 ἰσχυρότερός
3409 2969 3529 3021 μου,
3564 2949 3625 3001 οὗ
3652 2950 3749 3002 ούκ

388 3038 561 3107 cujus
603 3054 722 3093 non
765 3055 897 3093 sum
941 3039 1160 3107 dignus
1193 3037 1421 3093 solvere
1461 3037 1776 3107 corrigiam
1814 3036 2034 3092 calcea-

2146 3041 2246 3112 εἰμὶ
2310 3040 2480 3098 ἱκανὸς
2528 3037 2687 3088 λῦσαι
2726 3040 2813 3087 τὸν
2864 3038 3056 3108 ἱμάντα
3092 3045 3192 3087 τῶν
3241 3034 3598 3109 ὑποδημάτων
3656 3039 3749 3090 αύ-

386 3132 725 3182 mentorum
751 3128 877 3197 ejus
908 3144 921 3192 ;
952 3148 979 3178 »
1004 3126 1219 3181 deinde
1237 3125 1314 3181 ad
1337 3125 1724 3198 pandendam
1746 3123 2037 3179 Dominici

383 3216 759 3285 baptismatis
792 3216 1219 3287 praestantiam,
1256 3236 1283 3266 «
1316 3214 1441 3286 ipse
1481 3230 1586 3269 vos
1624 3213 1948 3285 baptizabit
1978 3213 2036 3268 in

383 3302 598 3374 Spiritu
626 3310 834 3358 sancto
866 3310 920 3357 et
948 3304 1069 3371 igni
1100 3305 1166 3356 ³³.
1196 3303 1592 3373 Praeterquam
1617 3302 1781 3373 quod
1808 3304 2036 3357 Marcus

380 3405 641 3461 quoque,
684 3398 1013 3462 postquam
1045 3391 1180 3445 alibi
1212 3397 1509 3444 narrasset
1540 3389 1861 3445 Pharisazos
1893 3389 2041 3445 Sad-

382 3479 745 3550 duczeosque
777 3481 847 3533 ab
877 3480 961 3533 ira
987 3485 1235 3533 ventura
1265 3478 1489 3547 fugisse
1517 3479 1735 3549 (neque
1760 3478 1921 3533 aliud
1938 3478 2039 3532 ad-

388 3571 515 3623 erat
544 3566 855 3638 eﬂ‘ugium,
887 3584 1072 3640 quam
1109 3567 1185 3621 ad
1216 3567 1517 3638 baptisma
1552 3583 1678 3621 sese
1708 3566 1989 3638 recipere)
2024 3583 2034 3620 :

385 3677 412 3707 «
446 3656 658 3720 Facite,
692 3658 950 3727 subjicit,
988 3656 1209 3710 fructus
1263 3656 1474 3725 dignos
1521 3655 1877 3726 paenitentiae
1908 3656 1975 3721 ³³,
2012 3676 2034 3705 n

382 3745 629 3817 perinde
656 3761 725 3801 ac
754 3744 1084 3817 praestitum
1114 3744 1419 3816 baptisma
1449 3744 1591 3799 tanti
1621 3760 1741 3798 non
1772 3749 1944 3807 esset,
1980 3749 2041 3799 ut

382 3833 722 3890 absolutam
740 3840 1125 3907 peccatorum
1143 3834 1370 3887 veniam
1390 3842 1783 3904 compararet.
1802 3832 2042 3904 Atquis-

388 3923 551 3995 piam
597 3929 776 3994 ponet
806 3923 918 3978 hoc
949 3938 985 3977 a
1013 3924 1236 3977 Joanne
1267 3921 1493 3977 dictum
1524 3922 1704 3977 fuisse
1751 3937 1873 3977 non
1905 3921 2037 3986 illis,

383 4026 538 4084 quos
564 4028 733 4067 sacra
757 4010 981 4066 ﬂuenta
997 4016 1372 4082 exceperant,
1402 4027 1470 4066 ac
1489 4011 1768 4066 sordibus
1790 4009 2042 4065 munda-

382 4105 606 4165 verant,
640 4101 744 4155 sed
777 4100 910 4164 illis,
939 4101 1041 4172 qui
1073 4099 1517 4155 contendebant
1540 4099 1786 4172 quidem
1831 4098 1907 4154 ad
1940 4099 2041 4156 ba—

382 4190 696 4262 ptismum,
727 4190 998 4245 nondum
1022 4195 1219 4244 tamen
1249 4204 1319 4243 ea
1345 4188 1641 4245 ablutione
1664 4189 1826 4259 digni
1860 4188 2041 4244 habiti

382 4279 636 4334 fuerant.
662 4281 951 4335 Caeterum
977 4279 1083 4333 etsi
1108 4278 1243 4349 quis
1262 4278 1572 4349 baptizatis
1593 4279 1771 4332 etiam
1794 4277 2040 4333 allatum

2147 3138 2237 3182 τού
2272 3145 2283 3155 ’
2320 3148 2348 3177 ››
2381 3123 2489 3178 εἶτα
2528 3130 2617 3177 καὶ
2654 3128 2713 3176 τὸ
2775 3123 2980 3197 ἀξίωμα
3023 3133 3113 3191 τού
3147 3132 3411 3198 Κυριακοῦ
3438 3125 3750 3199 βαπτίσμα-

2146 3239 2253 3281 τος,
2291 3239 2311 3267 ι
2346 3216 2505 3275 Αὐτὸς
2550 3217 2679 3285 ὑμᾶς
2746 3212 2999 3286 βαπτίσει
3052 3213 3101 3265 έν
3157 3218 3417 3286 ΙΙνεύματι
3470 3215 3601 3288 ἁγίῳ
3657 3223 3751 3269 καὶ

2147 3312 2291 3382 πυρί.
2332 3328 2359 3359 ››
2412 3311 2513 3357 Ναὶ
2563 3308 2664 3376 μὴν
2710 3308 2799 3355 καὶ
2840 3306 3051 3374 Μάρκος
3081 3303 3233 3354 πάλιν
3278 3307 3405 3375 μετά
3460 3309 3518 3357 τὸ
3568 3314 3749 3377 φυγεῖν

2145 3400 2259 3455 τοὺς
2286 3398 2606 3468 Φαρισαίους
2644 3398 2731 3443 καὶ
2790 3388 3184 3454 Σαδδουκαίους
3225 3394 3324 3445 ύπὸ
3388 3402 3481 3455 τῆς
3532 3394 3752 3466 μελλού-

2151 3503 2243 3544 σης
2275 3487 2434 3557 ὀργῆς
2465 3478 2610 3553 (οὐδε
2663 3487 2798 3553 φυγή
2843 3501 2917 3540 τις
2948 3480 3007 3532 ἆν
3047 3478 3129 3548 ἦν,
3180 3481 3224 3533 εἰ
3269 3486 3338 3553 μὴ
3380 3486 3435 3534 τὸ
3465 3480 3748 3558 προσδρα-

2148 3571 2258 3645 μεῖν
2284 3581 2356 3642 τῷ
2410 3569 2788 3644 βαπτίσματι),
2824 3590 2851 3621 (ι
2895 3574 3177 3637 Ποιήσατε,
3220 3573 3465 3643 ἐπιφέρει,
3515 3577 3752 3645 καρπούς

2150 3661 2325 3723 ἀξίους
2358 3670 2450 3721 τῆς
2495 3663 2787 3731 μετανοίας,
2822 3680 2848 3711 ››
2887 3667 2955 3719 ὡς
3003 3666 3092 3710 τοῦ
3148 3654 3389 3721 δοθέντος
3436 3658 3753 3734 βαπτίσμα-

2148 3770 2229 3811 τος
2256 3749 2348 3801 ούκ
2391 3752 2601 3820 ἔχοντος
2657 3748 2816 3819 ἰσχύν
2868 3755 3165 3819 παρασχεῖν
3213 3754 3306 3806 τὴν
3354 3748 3550 3801 τελείαν
3582 3749 3751 3824 ἀμαρ-

2149 3842 2392 3911 τημάτων
2425 3836 2804 3911 ἀπολύτρωσιν.
2860 3835 2927 3888 Ἦ
2976 3844 3123 3888 τοῦτο
3155 3840 3243 3909 μὲν
3292 3840 3352 3889 οἶν
3384 3857 3464 3899 τις
3506 3838 3754 3913 εἰρῆσθαι

2154 3929 2257 3984 θείη
2291 3926 2349 3979 ού
2375 3931 2499 4000 πρὸς
2530 3924 2772 3990 ἐκείνους,
2807 3924 2893 3986 ούς
2938 3928 3002 3976 τὰ
3028 3925 3328 3977 τελεσθέντα
3367 3928 3550 4002 ῥεῖθρα
3590 3925 3753 3991 δεξά-

2151 4035 2276 4089 μενα
2304 4024 2403 4068 τῶν
2434 4014 2777 4087 μολυσμάτων
2804 4012 3051 4065 ἐπλύνατο
3083 4030 3096 4044 ο
3134 4013 3260 4065 ἀλλὰ
3291 4023 3401 4076 τοῖς
3430 4018 3756 4090 ὡρμημένοις

2150 4110 2239 4178 μὲν
2279 4104 2364 4157 ἐπὶ
2416 4113 2488 4175 τῷ
2534 4102 2891 4175 βαπτίσματι,
2948 4104 3090 4155 οὔπω
3146 4100 3205 4156 δὲ
3246 4105 3617 4169 καταξιωθεῖσι
3662 4114 3758 4169 τῆς

2150 4196 2473 4267 καθάρσεως.
2532 4193 2669 4251 Πλὴν
2699 4196 2742 4244 εἶ
2768 4212 2849 4254 τις
2874 4197 2964 4244 καὶ
3007 4196 3139 4267 πρὸς
3175 4194 3291 4254 τόύς
3332 4191 3438 4253 ἤδη
3474 4192 3756 4267 βαπτισα-

2151 4287 2328 4356 μένους
2375 4287 2462 4334 τὸν
2514 4286 2845 4354 προκείμενον
2899 4280 3049 4353 λόγον
3097 4281 3371 4355 ἁρμόττειν
3428 4280 3573 4343 δοίη.
3628 4282 3758 4339 ούδὶ

379 4367 580 4423 locum
608 4384 934 4436 congruere
953 4366 1328 4431 concesserit,
1354 4373 1548 4421 tamen
1572 4383 1645 4421 ne
1662 4369 1773 4421 hoc
1795 4366 2034 4438 quidem

2150 4372 2291 4425 τοῦτ’
2330 4369 2389 4422 ἀν
2416 4370 2723 4441 ἐξάνάγκης
2768 4370 2945 4442 ὀφθείη
3000 4375 3091 4428 τὴν
3136 4373 3320 4445 ἄφεσιν
3359 4380 3456 4423 τῶν
3483 4373 3756 4446 ἁμαρτιῶν

379 4464 760 4529 peccatorum
794 4456 1205 4512 remissionem
1226 4472 1257 4510 a
1280 4457 1659 4511 Prtecursoris
1683 4457 2039 4527 baptismate

382 4545 724 4601 necessario
757 4545 985 4600 auferre
1017 4551 1432 4614 cognoscetur.
1466 4546 1711 4600 Fructus
1736 4545 1892 4599 enim
1927 4544 2037 4599 vir-

384 4640 573 4690 tutum
598 4634 766 4699 ferre,
796 4635 980 4689 animi
1011 4635 1210 4705 potius
1256 4634 1530 4690 mundati
1557 4640 1664 4699 est,
1694 4651 1880 4706 quam
1913 4634 2041 4704 ejus

385 4740 562 4795 quem
590 4724 789 4778 multa:
819 4724 1331 4794 perturbationum
1361 4726 1569 4795 spinas,
1591 4730 1645 4779 et
1673 4726 1878 4780 innata
1900 4724 2042 4778 ziza-

386 4813 489 4869 nia
539 4812 917 4884 inquinatum
969 4812 1355 4868 reddiderunt
1400 4818 1579 4885 atque
1633 4818 1980 4884 corruptum
2022 4832 2038 4883 ;

386 4902 509 4956 imo
540 4916 644 4971 per
698 4901 894 4971 ipsam
948 4900 1402 4973 productionem
1459 4902 1741 4958 sanctitas
1792 4902 2041 4957 fortasse

385 4990 546 5047 brevi
575 4991 754 5045 etiam
784 4990 1102 5061 perfectius
1138 4998 1516 5063 agnoscetur.

457 5078 718 5148 Atenim,
736 5079 1031 5150 inquiunt,
1047 5080 1207 5151 quod
1231 5082 1641 5135 remissionem
1660 5086 2043 5154 peccatorum

384 5185 504 5225 non
534 5173 835 5239 praestaret
858 5170 1239 5223 Praecursoris
1262 5169 1521 5240 baptism
1534 5188 1618 5233 us,
1646 5171 1774 5242 ipse
1801 5186 2043 5242 quoque

389 5260 663 5315 Servator
681 5274 817 5312 cum
846 5257 1165 5312 Nicodemo
1184 5257 1256 5312 de
1288 5261 1731 5327 regeneratione
1762 5259 1943 5314 verba
1967 5260 2048 5315 fa-

388 5348 547 5403 ciens
578 5346 863 5401 indicavit
892 5365 904 5401 :
943 5368 962 5395 ε
998 5346 1121 5401 Nisi
1172 5347 1306 5418 quis
1340 5354 1577 5404 renatus
1618 5348 1806 5412 fuerit,
1841 5350 1940 5413 ait,
1974 5365 2044 5405 ex

389 5451 551 5508 aqua
580 5439 637 5490 et
666 5433 882 5505 Spiritu
914 5441 1139 5499 sancto,
1179 5451 1300 5490 non
1345 5442 1539 5506 potest
1593 5437 1832 5493 introire
1864 5437 1923 5492 in
1956 5454 2041 5493 re-

461 5536 508 5568 ³⁰
539 5535 711 5590 Marc.
746 5548 785 5601 1,
818 5536 867 5588 8.
949 5534 992 5568 ³¹
1035 5536 1168 5588 Luc.
1203 5548 1282 5600 ιιι,
1313 5537 1363 5589 3.
1447 5536 1493 5569 ³³
1519 5533 1665 5590 ibid.

2150 4468 2242 4513 τοῦ
2278 4462 2413 4512 κατά
2456 4462 2543 4511 τὸν
2593 4456 2901 4533 Πρόδρομον
2945 4457 3311 4532 βαπτίσματος
3356 4460 3755 4535 ἀφαιρούμενον,

2149 4548 2207 4601 Ἡ
2233 4551 2332 4622 γὰρ
2364 4553 2692 4622 καρποφορία
2739 4556 2838 4600 τῶν
2870 4546 3061 4620 ἀρετῶν
3110 4547 3366 4623 ἐγγυτέρω
3405 4550 3593 4622 μᾶλλον
3642 4554 3760 4605 ἐστι

2151 4646 2241 4697 τῆς
2297 4638 2678 4712 κεκαθαρμένης
2738 4635 2943 4708 ψυχῆς,
2990 4640 3118 4710 ἤπερ
3192 4640 3253 4696 ἢν
3328 4638 3512 4690 πολλαὶ
3571 4642 3755 4692 παθῶν

2152 4728 2374 4778 άκανθαι
2422 4731 2511 4778 καὶ
2558 4721 2895 4797 παραφυάδες
2946 4726 3215 4794 ζιζανίων,
3262 4725 3652 4799 λελυμασμένην
3702 4749 3761 4782 τε

2151 4821 2241 4867 καὶ
2291 4814 2539 4890 ρυπὼσαν
2587 4814 2950 4887 ἐξειργάσαντο
2998 4832 3009 4843 ⁸
3053 4813 3182 4866 ἀλλὰ
3211 4818 3342 4873 αὕτη
3506 4818 3535 4875 ἠ
3568 4816 3757 4876 ἐκϐολή

2152 4909 2241 4956 καὶ
2269 4908 2380 4976 μετ’
2412 4904 2581 4976 ὀλίγον
2619 4906 2766 4975 τάχα
2805 4905 2865 4955 ἄν
2906 4905 3045 4976 τύχη
3076 4910 3165 4956 καὶ
3195 4904 3509 4979 τελειοτέρας
3549 4903 3765 4981 διακρί-

2157 5013 2299 5053 σιως.

2223 5081 2343 5133 Ὀτι
2376 5077 2433 5133 δὲ
2462 5086 2533 5152 μὴ
2566 5089 2816 5156 παρεῖχεν
2858 5083 3040 5154 ἄφεσιν
3086 5082 3351 5157 ἁμαρτιῶν
3378 5088 3436 5136 τὸ
3486 5092 3575 5136 τοῦ
3621 5090 3764 5158 Προ-

2158 5168 2357 5244 δρόμου
2404 5169 2704 5242 βάπτισμα,
2755 5176 2843 5224 καὶ
2883 5173 3137 5244 ὁΣωτὴρ,
3180 5178 3328 5243 φασὶ,
3370 5177 3494 5247 πρὸς
3527 5170 3765 5233 Νικόδη-

2157 5280 2250 5333 μον
2312 5257 2676 5331 διαλεγόμενος
2723 5266 2840 5333 περὶ
2896 5260 3291 5332 παλιγγενεσίας
3343 5259 3679 5320 ὑπεδήλωσεν
3746 5282 3759 5293 ·

2159 5370 2187 5402 (ι
2242 5349 2358 5402 Ἐάν
2408 5368 2489 5410 τις
2535 5353 2604 5421 μή
2656 5351 2871 5422 γεννηθῇ
2942 5349 2993 5412 ἐξ
3044 5346 3235 5411 ὓδατος
3289 5356 3378 5403 καὶ
3434 5354 3761 5423 Πνεύματος,

2158 5437 2576 5510 ἀποφαινόμενος,
2623 5438 2681 5489 ού
2722 5443 2793 5511 μὴ
2843 5438 3044 5511 εἰσέλθῃ
3078 5439 3151 5501 εἰς
3191 5444 3286 5498 τὴν
3340 5437 3612 5513 βασιλείαν
3660 5448 3765 5492 τῶν

1746 5539 1790 5570 ³³
1823 5534 1973 5607 ἰωὰ.⁶
1998 5539 2029 5597 8
2061 5551 2181 5596 non
2214 5535 2413 5593 Marci.
