4126 6190
340 277 442 332 217

1382 277 1480 333 AD
1519 271 2077 336 AMPHILOCHIUM
2118 277 2441 346 QUIESTIO
2482 276 2682 335 XXIX.

3609 283 3714 338 ‘218

340 404 600 477 οὖρα-δῶν,
666 426 693 452 »ι
753 405 857 458 Καὶ
913 407 1017 476 μὴν
1062 406 1087 455 ὁ
1145 405 1382 464 Ἰωάννης
1438 403 1486 455 ἐν
1538 406 1799 476 Πνεύματι
1855 404 1935 456 οῦν

2062 420 2244 473 gnum
2277 404 2566 460 ccelorum
2597 406 2664 460 ³⁴.
2699 427 2724 454 »
2761 408 2822 460 Et
2844 407 3102 460 Joannes
3131 407 3372 476 quidem
3401 406 3459 460 in
3495 407 3714 477 Spiritu

340 492 639 561 ἐϐάπτιζεν,
687 493 872 545 οὐκοῦν
932 489 1056 544 οὐδε
1105 493 1176 554 εἰς
1215 497 1302 550 τὴν
1349 491 1620 566 βασιλείαν
1650 497 1950 566 παρέπεμπε

336 590 438 633 τῶν
495 581 743 656 οὐρανῶν
788 580 833 633 εἰ
865 577 923 633 δι
969 585 1040 654 μὴ
1084 586 1430 655 παρέπεμπεν,
1473 578 1596 634 οῦδὲ
1627 586 1721 640 τὴν
1768 580 1949 653 ἄφεσιν

340 667 527 723 ἐδίδου
558 679 658 722 τῶν
687 669 982 722 κωλυόντων
1015 675 1110 729 τὴν
1142 667 1290 723 εῖσοδ
1294 691 1368 725 ον.

415 760 500 823 Ἐξ
556 757 645 811 οὖν
699 768 799 811 τῶν
857 759 1158 834 εἰρημένων,
1209 765 1299 812 καὶ
1353 757 1426 812 δι’
1486 760 1553 811 ὧν
1607 759 1861 834 προῆλθεν
1913 761 1943 817 ἠ

338 847 829 921 ἀμφισϐητημάτων
876 851 1182 923 παράθεσις,
1249 854 1375 921 πρός
1416 868 1470 901 τε
1517 853 1611 906 τὴν
1669 844 1878 900 δίαιταν
1921 849 1947 900 ὁ

337 937 492 1010 λόγος
566 941 870 1011 ὡρμημένος
935 936 1158 1012 ἐφέρετο,
1236 945 1446 990 σκοπεῖν
1516 945 1750 1010 προσῆκε
1813 942 1947 997 τίνος

333 1029 427 1098 μεν
467 1025 517 1078 ἐν
569 1023 749 1100 κέρδεϊ
782 1032 1204 1099 καταστήσομεν
1256 1034 1354 1080 ποῦ
1404 1023 1464 1079 δε
1511 1029 1817 1098 στησόμεθα
1853 1033 1946 1078 τοῦ

339 1120 663 1188 ζητήματος,
721 1121 811 1168 καὶ
858 1119 989 1188 πρὸς
1035 1120 1095 1169 τὸ
1150 1115 1431 1168 ἀσάλευτον
1483 1117 1513 1174 ἠ
1563 1113 1772 1169 διάνοια
1821 1135 1945 1174 στη-

332 1207 698 1280 ριχθήσεταις
742 1204 901 1259 Ἀλλὰ
950 1208 1053 1279 γὰρ
1110 1208 1209 1277 πρὸ
1262 1225 1322 1276 γε
1365 1212 1456 1257 τοῦ
1512 1204 1683 1265 τέλους
1733 1203 1946 1277 βραχύς

329 1313 416 1357 τις
455 1296 790 1371 προηγείσθω
832 1302 929 1354 τῆς
972 1291 1182 1355 διαίτης
1228 1294 1382 1364 λόγος
1425 1298 1589 1366 μέχρι
1618 1302 1706 1345 νῦν
1745 1294 1945 1346 ὑπολει-

331 1392 573 1456 πόμενος.
627 1387 696 1436 Τό
753 1403 808 1435 τε
858 1386 960 1457 γὰρ
1010 1391 1102 1435 τοῦ
1153 1385 1431 1435 θεσπεσίου
1484 1385 1700 1458 Μάρκου
1767 1382 1942 1454 λόγιον

334 1471 498 1546 διπλῇ
575 1471 948 1533 ἁναϐαπτίζειν
1026 1471 1394 1545 βαπτίσματος
1457 1478 1644 1547 χρείαν
1712 1471 1942 1532 ἐκϐιάζε-

334 1565 464 1615 σθαι
511 1564 626 1635 (57)
677 1565 757 1634 (τὸ
804 1565 905 1634 γὰρ
944 1563 1057 1633 (58)
1104 1569 1194 1614 τοῦ
1233 1562 1469 1614 Ἰωάννου
1500 1568 1653 1633 μόνον
1701 1560 1938 1632 ἀϐιάστῳ

328 1657 525 1726 κρίσει,
616 1655 707 1702 καὶ
796 1651 1113 1722 ἀποστολικῇ
1193 1653 1399 1724 φράσει,
1494 1649 1935 1722 ἐπισημαίνεται),

328 1746 422 1793 καὶ
473 1737 541 1798 δὴ
592 1745 683 1792 καὶ
729 1742 787 1791 τὸ
841 1738 1280 1812 ἀμφιϐαλλὸμενον
1310 1740 1376 1800 εἰς
1425 1744 1752 1797 κατασκευὴν
1781 1757 1933 1810 μετα·
1964 1756 2006 1811 Β

327 1828 608 1901 λαμϐάνειν
655 1825 886 1890 διανοίας
937 1832 1065 1901 πρὸς
1114 1825 1362 1902 διάφορον
1402 1827 1678 1898 ὁμολογίαν
1722 1828 1933 1900 ἐναρμο-

329 1920 570 1991 ζομένης,
621 1917 984 1970 ἀνακόλουθον
1034 1918 1325 1970 τούναντίον
1368 1920 1468 1991 γὰρ
1518 1915 1653 1968 ἆπαν
1685 1920 1743 1969 τὸ
1782 1923 1932 1988 μονό-

326 2027 521 2080 τροπον
584 2015 686 2059 τῶν
750 2009 895 2081 ἱερῶν
942 2008 1186 2081 ῥημάτων
1234 2013 1326 2058 τοῦ
1383 2011 1578 2076 Λουκᾶ,
1641 2002 1712 2058 δι’
1765 2007 1832 2056 ὧν
1885 2009 1933 2059 ἓν

329 2095 617 2170 βάπτισμα
662 2099 720 2148 τὸ
777 2104 867 2148 τοῦ
916 2095 1149 2149 Ἰωάννου
1198 2101 1352 2164 μόνον
1393 2103 1587 2170 τρανῶς
1621 2093 1931 2166 ἀπαγγέλλε-

327 2206 442 2253 ται,
497 2190 586 2238 καὶ
648 2193 747 2237 τῶν
793 2185 1182 2259 ἁμαρτημάτων
1235 2187 1264 2242 ἡ
1323 2185 1502 2255 ἄφεσις
1553 2179 1929 2257 παραδίδοται.

324 2283 496 2329 Τοῦτο
556 2274 745 2347 μᾶλλον
795 2277 933 2346 εἰπερ
995 2276 1112 2325 τινὰ
1167 2278 1256 2324 καὶ
1315 2271 1626 2345 ἀμφιϐολίαν
1673 2277 1933 2346 μερισμοῦ

327 2372 582 2436 παρεῖχεν
629 2366 696 2415 τὰ
735 2371 828 2415 τοῦ
880 2367 1140 2435 μακαρίου
1194 2363 1410 2436 Μάρκου
1453 2362 1684 2436 ῥήματα,
1732 2359 1798 2420 εἰς
1840 2365 1933 2418 τὴν

327 2461 424 2506 τοῦ
457 2453 565 2515 ἐνὸς
603 2454 664 2504 οἶν
715 2453 913 2504 ἰθύνετό
953 2471 1008 2504 τε
1046 2455 1129 2502 καὶ
1172 2451 1588 2522 συναπηρτιζετο
1630 2448 1934 2522 βαπτίσμα-

326 2562 413 2603 τος
442 2539 700 2600 δήλωσιν.
744 2541 898 2593 Ἀλλὰ
925 2543 1026 2614 γὰρ
1058 2545 1147 2592 καὶ
1177 2544 1234 2591 τὸ
1275 2539 1324 2591 ἐν
1350 2536 1508 2592 ῦδατι
1540 2537 1815 2611 βαπτίζειν
1846 2541 1934 2588 τὸν

325 2632 588 2696 Ἰωάννην,
644 2633 692 2682 ἐν
752 2633 1012 2702 ῐῐνεύματι
1069 2626 1128 2681 δὶ
1182 2632 1267 2682 τὸν
1324 2628 1550 2692 Ἰησοῦν,
1604 2630 1662 2679 τὸ
1721 2628 1936 2698 μέγεθος

327 2725 482 2792 ’ίσμεν
522 2728 617 2780 τῆς
666 2715 938 2792 διαφορᾶς,
992 2721 1083 2769 καὶ
1140 2721 1200 2770 τὸ
1240 2720 1375 2770 κατὰ
1419 2715 1721 2789 παραϐολὴν
1766 2714 1932 2786 ἀσύγ-

326 2829 504 2882 κριτον
537 2807 868 2879 ἀπαγγέλλει,
919 2807 979 2859 οὗ
1018 2811 1111 2864 την
1156 2809 1340 2878 ἄφεσιν
1367 2815 1464 2858 τῶν
1491 2805 1756 2879 ἁμαρτιῶν
1786 2803 1934 2876 ἀφαι-

322 2906 495 2974 ρεῖται
544 2905 636 2958 τῆς
682 2898 976 2971 ἱερουργίας
1021 2895 1285 2953 Ἰωάννου,
1337 2900 1442 2948 Ναὶ
1474 2892 1532 2947 δε
1574 2898 1664 2946 καὶ
1710 2897 1766 2946 τὸ
1803 2896 1933 2966 μετὰ

323 2991 382 3039 τὸ
416 2985 703 3058 βάπτ.τμα
744 2989 977 3056 καρπούς
1025 2984 1201 3048 ἀξίους
1249 2993 1344 3047 τῆς
1389 2983 1754 3058 προλάϐούσης
1783 3002 1934 3054 μετα-

321 3081 458 3136 νοίας
497 3074 759 3136 ἐπιζητεῖν
807 3094 860 3127 τε
897 3078 1040 3149 παρὰ
1092 3084 1192 3126 τῶν
1241 3072 1668 3146 βαπτισαμένων,
1699 3078 1788 3125 καὶ
1828 3092 1933 3125 πα-

319 3172 514 3237 ραινεῖν
563 3160 981 3230 ἐπιδείκνυσθαι,
1027 3162 1155 3215 ἀλλὰ
1183 3168 1255 3234 μή
1305 3165 1681 3234 καταισχύνειν
1709 3158 1803 3214 διὰ
1831 3170 1930 3213 τῶν

323 3255 559 3328 ὑστέρων
615 3256 680 3304 τὰ
733 3254 1026 3324 φθάσανταο
1088 3250 1432 3324 βεϐαιωτικὸν
1484 3250 1676 3322 μᾶλλον
1727 3252 1789 3302 οἷν
1850 3253 1926 3307 εἴη

319 3347 411 3394 καὶ
448 3345 846 3414 παραστατικὸν
899 3343 953 3394 ἐκ
999 3341 1111 3411 (59)
1168 3348 1259 3392 τοῦ
1301 3341 1624 3414 κεκαθάρθαι
1691 3336 1784 3392 διὰ
1839 3347 1930 3400 τῆς

323 3433 620 3506 ἱερουργίας
670 3431 910 3484 Ἰωάννου
965 3437 1072 3492 τοῖς
1122 3426 1390 3502 Ἰορδάνου
1448 3431 1646 3502 νάμασι
1699 3432 1814 3490 τούς
1852 3427 1928 3480 λε-

319 3520 616 3593 λουμένους
705 3518 831 3572 ἀλλὰ
897 3519 990 3571 οῦκ
1061 3517 1328 3591 ἀναίρεσις
1396 3518 1454 3570 οῦ
1531 3521 1621 3590 μὶν
1679 3513 1768 3570 οὖν
1819 3524 1929 3579 τοῖς

319 3609 635 3681 λελουμένοις
668 3608 984 3682 καθάρσεως.

1963 2955 2004 3012 C

389 3789 599 3840 Τούτων
629 3787 764 3840 οῦτω
819 3783 1268 3851 διατυπωθέντων,
1321 3790 1408 3838 καὶ
1458 3793 1557 3836 τῶν
1610 3783 1926 3837 ἀντιπίπτειν

322 3873 615 3929 δοκούντων
663 3884 764 3929 τῶν
806 3879 896 3949 μὶν
941 3875 1376 3948 ἐκκαθαρθέντων,
1423 3882 1523 3927 τῶν
1564 3871 1622 3926 δε
1663 3878 1756 3932 τὴν
1789 3893 1928 3946 συμ-

321 3971 511 4037 φωνίαν
556 3964 918 4038 ἀνθελομένων,
1007 3967 1138 4037 μετὰ
1211 3963 1510 4038 παρρησίας
1591 3962 1926 4036 φιλαλήθους,

318 4061 411 4107 καὶ
463 4055 730 4126 θεοφιλοῦς
787 4055 957 4117 ἔξεστι
1022 4058 1112 4105 καὶ
1168 4061 1386 4125 φρονεῖν,
1458 4057 1544 4104 καὶ
1605 4051 1790 4123 λέγειν,
1857 4054 1927 4114 ὡς

318 4151 544 4219 παρεῖχε
614 4145 705 4216 μὲν
765 4144 1032 4216 ἁμαρτιῶν
1102 4145 1284 4214 ἄφεσιν
1350 4145 1408 4193 τό
1465 4148 1556 4193 τοῦ
1613 4137 1923 4215 Προδρόμου

318 4231 623 4304 βάπτισμα,
665 4232 724 4284 ού
765 4233 967 4283 πάντων
1004 4227 1082 4296 δε,
1122 4233 1294 4303 ὥσπερ
1349 4227 1470 4282 οῦδὲ
1509 4231 1562 4281 αἱ
1600 4233 1810 4302 νομικαὶ
1848 4248 1924 4281 τε-

314 4321 456 4373 λεταὶ
509 4325 600 4372 καὶ
655 4321 857 4372 θυσίαι.
901 4315 1039 4372 Οὐδὲ
1095 4321 1194 4392 γὰρ
1243 4315 1366 4371 οὐδὲ
1416 4326 1512 4370 τῶν
1571 4316 1623 4369 ἐκ
1679 4322 1926 4390 προνοίας
1959 4308 2000 4362 D

315 4416 499 4482 φόνων,
548 4409 605 4460 οὗ
655 4413 759 4481 μὴν
809 4405 926 4460 οὐδ’
958 4411 1001 4460 εἰ
1046 4428 1120 4468 τις
1151 4407 1444 4482 ἀλλοτρίους
1472 4410 1676 4479 γάμους
1721 4405 1922 4479 διώρυ-

313 4498 412 4563 ξεν,
477 4495 596 4550 οὐδ’
654 4500 757 4549 ὅσα
812 4501 869 4549 τὸ
924 4501 1132 4572 φρικτὸν
1182 4496 1339 4548 ἐκεῖνο
1393 4502 1483 4548 καὶ
1531 4495 1764 4567 οὗράνιον
1817 4503 1919 4570 πῦρ

311 4594 419 4646 τοῖς
487 4585 688 4659 ἐνόχοις
760 4590 952 4658 ζημίαν
1005 4584 1295 4638 ἐπέϐαλλον·
1348 4581 1462 4637 οὐδ’
1511 4584 1674 4637 ἄλλων
1724 4584 1920 4637 πολλῶν

312 4675 602 4747 ἐξαγίστων
669 4680 758 4728 καὶ
828 4673 1209 4750 παραπλησίων
1265 4677 1423 4748 ἔργων
1497 4679 1590 4732 τὴν
1662 4675 1919 4748 κάθαρσιν

311 4767 428 4815 οὔτε
456 4764 482 4814 ὁ
511 4769 682 4835 νόμος,
726 4767 844 4816 οὔτε
884 4768 941 4815 τὸ
973 4762 1208 4816 Ἰωάννου
1244 4758 1582 4836 διεπράττετο
1611 4760 1914 4834 βάπτισμα.

309 4851 471 4906 Ἀλλὰ
513 4854 708 4904 τούτων
754 4851 992 4903 ἁπάντων
1041 4852 1066 4902 ὀ
1111 4853 1202 4924 μεν
1248 4855 1416 4922 νόμος,
1469 4852 1572 4903 ὅσα
1608 4854 1680 4922 μὴ
1729 4850 1920 4924 προλα-

309 4939 411 4992 ϐὼν
459 4941 486 4993 ὁ
530 4949 733 5015 πρῶτος
777 4943 1058 5013 νομοθέτης
1107 4941 1487 5016 εἰσεπράττετο,
1549 4938 1810 4998 δικαστὴν
1858 4943 1916 4993 τὸ

309 5030 455 5102 ξίφος
500 5029 726 5092 ἐκάθιζε·
768 5033 826 5083 τὸ
876 5026 936 5083 δε
983 5030 1219 5083 Ἰωάννου
1261 5027 1541 5102 βάπτισμα
1592 5029 1664 5093 εἰς
1711 5031 1769 5082 τὸ
1813 5048 1920 5082 κοι-

381 5157 428 5190 ³⁴
455 5154 630 5212 Joan.
660 5168 741 5228 ιιι,
769 5158 822 5211 5.

2059 509 2179 547 non
2223 494 2570 565 baptizabat,
2627 495 2779 548 unde
2825 511 2930 550 nec
2970 493 3329 549 imminebat
3367 495 3426 548 in
3459 511 3710 564 regnum

2059 585 2346 637 caelorum
2374 599 2385 636 :
2415 583 2576 655 quod
2597 584 2643 637 si
2670 599 2789 636 non
2825 583 3195 648 immittebat,
3220 587 3374 637 certe
3399 599 3590 654 neque
3617 583 3715 640 illa

2057 669 2413 736 dimittebat,
2449 687 2484 727 a
2512 671 2729 742 quibus
2761 671 3062 741 ingressus
3090 671 3589 742 praecludebatur.

2132 761 2208 814 Ex
2239 759 2334 814 his
2365 759 2552 831 igitur,
2583 776 2715 830 quas
2741 759 2897 815 dicta
2925 765 3081 825 sunt,
3115 765 3170 815 et
3192 775 3295 831 per
3327 776 3461 831 quae
3491 760 3718 817 luctan-

2059 848 2202 904 tium
2235 856 2722 918 argumentorum
2751 848 2934 904 crevit
2963 849 3291 918 congeries,
3324 853 3381 904 et
3407 865 3604 906 sermo
3635 851 3713 906 ad

2057 953 2168 993 nos
2203 937 2408 993 tandiu
2431 937 2806 993 distinendos
2834 939 3138 1009 processit,
3169 955 3320 1009 Opus
3352 944 3504 994 esset
3531 939 3714 1011 inspi-

2056 1042 2187 1083 cere
2225 1027 2433 1100 quanti
2464 1043 2574 1099 pro
2602 1043 2712 1082 sua
2755 1027 3004 1083 utilitate
3043 1027 3187 1082 illud
3221 1028 3524 1099 baptisma
3559 1027 3714 1083 msti-

2055 1116 2349 1172 mandum
2377 1117 2469 1171 sit.
2505 1115 2759 1181 Quando
2790 1132 2929 1172 vero
2971 1132 3006 1172 a
3031 1116 3440 1187 disputatione
3472 1116 3716 1172 desiste-

2055 1221 2214 1270 mus,
2234 1210 2288 1261 et
2307 1220 2476 1259 mens
2495 1205 2556 1259 in
2569 1204 2838 1276 quadam
2856 1204 3198 1261 certitudine
3216 1205 3667 1262 conﬁrmabitur
3685 1204 3714 1260 (ι’

2052 1295 2123 1350 At
2150 1294 2310 1348 enim
2337 1293 2464 1348 haec
2493 1297 2618 1349 esto
2647 1294 2804 1348 velut
2828 1294 3023 1350 brevis
3061 1293 3343 1366 quredam
3386 1301 3524 1349 ante
3560 1295 3717 1351 solu-

2053 1383 2274 1438 tionem
2288 1383 2598 1455 praemissa
2616 1382 2889 1447 diatriba,
2915 1399 3049 1454 quae
3071 1383 3188 1438 huc
3213 1399 3398 1455 usque
3421 1383 3715 1455 producta

2052 1478 2167 1527 est.
2209 1471 2473 1526 Profecto
2505 1487 2612 1526 nec
2643 1473 2716 1527 ad
2755 1471 3138 1543 baptismatis
3176 1471 3487 1528 utilitatem
3521 1473 3717 1528 exclu-

2049 1559 2312 1616 dendam
2354 1559 2509 1615 valet
2547 1559 2691 1614 illud
2731 1559 2848 1614 divi
2890 1561 3062 1616 Marci
3107 1560 3535 1625 testimonium,
3591 1577 3716 1632 quo

2048 1647 2243 1703 denuo
2265 1648 2549 1720 baptizari
2570 1648 2966 1720 praescribitur
2992 1650 3157 1720 (nam
3181 1649 3238 1703 id
3257 1648 3452 1704 solum
3476 1665 3514 1705 a
3539 1648 3714 1705 Joan-

2048 1753 2123 1792 ne
2175 1736 2442 1808 Baptista
2491 1736 2874 1807 irrefragabili
2922 1735 3021 1791 illo
3073 1735 3332 1804 oraculo,
3379 1743 3434 1792 et
3481 1744 3719 1808 aposto-

2043 1821 2158 1883 lica
2176 1827 2466 1882 sententia
2489 1825 2904 1895 signiﬁcatur):
2929 1825 3342 1898 necquidquid
3365 1833 3711 1895 congestum

2044 1922 2148 1981 est,
2183 1922 2244 1970 ut
2274 1915 2460 1970 animi
2491 1914 2757 1985 opinioni
2800 1914 2948 1970 mihi
2992 1915 3304 1970 contrariae
3348 1914 3710 1970 adhaerentis

2043 2009 2451 2061 astruerentur
2477 2009 2856 2072 argumenta,
2882 2009 2971 2059 est
2993 2010 3463 2059 consentaneum
3495 2004 3710 2075 :siqui-

2042 2096 2181 2151 dem
2220 2099 2425 2148 contra
2468 2097 2558 2147 est
2606 2098 2761 2147 totus
2815 2109 3124 2148 sacrorum
3175 2096 3344 2148 Luca:
3383 2093 3705 2148 verborum

2047 2182 2354 2240 uniformis
2377 2186 2711 2247 contextus,
2733 2180 3019 2252 inquibus
3036 2180 3107 2236 de
3135 2197 3256 2235 uno
3285 2187 3513 2236 tantum
3532 2183 3707 2237 Joan-

2042 2272 2134 2328 nis
2158 2271 2464 2342 baptismo
2495 2269 2708 2325 diserte
2735 2270 2798 2325 tit
2829 2286 3045 2335 sermo,
3077 2275 3132 2325 et
3156 2270 3466 2342 culparum
3499 2271 3706 2325 remis-

2044 2359 2134 2416 sio
2171 2360 2443 2416 traditur.
2488 2359 2670 2430 ldque
2700 2374 2773 2414 eo
2815 2359 3029 2427 magis,
3061 2359 3218 2430 quia,
3258 2359 3304 2413 si
3342 2359 3498 2414 beati
3530 2360 3702 2415 Marci

2042 2451 2227 2505 verba
2245 2448 2577 2520 quamdam
2606 2447 3000 2503 distinctionis
3028 2447 3463 2516 ambiguitatem
3493 2447 3701 2502 afferre

2043 2537 2420 2601 videbantur,
2443 2553 2513 2591 ea
2531 2535 2608 2591 ad
2631 2552 2820 2591 unum
2843 2537 3090 2590 Joannis
3114 2537 3411 2607 baptisma
3433 2535 3704 2591 indican-

2041 2627 2189 2683 dum
2220 2625 2417 2680 referri
2441 2630 2617 2697 atque
2648 2625 3092 2680 accommodari
3111 2623 3436 2682 debebant.
3468 2626 3538 2678 At
3561 2641 3702 2680 vero

2043 2715 2204 2788 quod
2246 2719 2302 2769 et
2343 2714 2406 2768 in
2451 2729 2612 2785 aqua
2641 2713 2972 2785 baptizaret
2999 2715 3279 2778 Joannes,
3311 2717 3367 2768 et
3395 2713 3455 2767 in
3488 2714 3704 2784 Spiritu

2041 2805 2233 2870 Jesus,
2265 2803 2380 2859 hoc
2410 2818 2714 2856 summam
2749 2818 2882 2857 esse
2907 2801 3267 2858 diversitatis
3297 2804 3700 2872 agnoscimUs,

2041 2899 2098 2950 et
2127 2894 2293 2966 quod
2340 2892 2398 2946 in
2443 2891 2888 2962 comparatione
2935 2891 3332 2962 imparitatem
3384 2889 3598 2962 prodit,
3643 2898 3703 2946 at

2039 2980 2452 3038 remissionem
2493 2984 2872 3051 peccatorum
2913 2995 3084 3034 sacro
3123 2978 3373 3034 Joannis
3413 2978 3548 3032 ritui
3579 2993 3701 3033 non

2039 3069 2269 3127 adimit.
2298 3071 2582 3123 Praeterea
2610 3068 2658 3122 si
2690 3085 2725 3122 a
2753 3067 3068 3138 baptizatis
3108 3067 3330 3122 fructus
3369 3066 3533 3136 digni
3574 3083 3702 3120 sus-

2038 3165 2224 3230 ceptaa
2263 3156 2627 3229 paenitentiae
2667 3155 3138 3228 requirebantur,
3182 3169 3512 3226 eorumque
3553 3170 3701 3226 pl‘tB-

2039 3248 2400 3304 scribebatur
2420 3247 2872 3311 demonstratio,
2899 3260 2972 3300 ne
2992 3261 3096 3316 per
3128 3250 3474 3316 sequentem
3512 3244 3702 3314 pravi-

2037 3342 2217 3394 tatem
2246 3337 2450 3410 priora
2465 3337 2625 3392 bona
2650 3334 3040 3400 foedarentur;
3057 3335 3171 3390 hoc
3192 3333 3345 3388 adeo
3367 3333 3701 3404 baptizatos

2037 3442 2148 3482 sua
2166 3425 2553 3482 mundatione
2572 3440 2691 3480 non
2717 3423 3000 3488 destituit,
3018 3428 3082 3479 ut
3102 3422 3351 3478 contirm
3362 3437 3462 3476 are
3484 3422 3698 3492 potius,

2035 3519 2093 3572 et
2138 3520 2400 3571 astruere
2454 3513 2745 3576 videatur,
2797 3512 2962 3584 quod
3015 3527 3122 3584 per
3175 3527 3404 3567 sacram
3457 3511 3702 3566 Joannis

2036 3602 2462 3660 ceremoniam
2475 3601 2799 3658 hominum
2825 3601 2882 3655 in
2895 3605 2976 3656 ter
2993 3600 3220 3656 ﬂuenta
3236 3599 3514 3655 Jordanis
3539 3597 3703 3654 ablu-

2037 3697 2234 3748 torum
2261 3691 2442 3747 corda
2463 3693 2920 3760 extergerentur.

2109 3781 2208 3836 His
2245 3784 2446 3837 autem
2480 3779 2558 3834 ita
2585 3777 2930 3844 enucleatis,
2964 3783 3020 3833 et
3049 3775 3418 3850 quibusdam
3463 3791 3697 3838 eorum.

2035 3886 2170 3942 quae
2213 3869 2468 3924 invicem
2509 3868 2812 3924 adversari
2855 3866 3224 3932 videbantur,
3268 3866 3522 3936 rejectis,
3564 3864 3696 3920 aliis

2035 3963 2235 4014 autem
2267 3958 2345 4012 ad
2375 3956 2756 4012 concordiam
2795 3954 3070 4020 redactis,
3105 3958 3358 4025 oportet,
3402 3958 3466 4008 ut
3504 3953 3607 4025 qui
3639 3958 3699 4008 et

2034 4047 2342 4104 veritatem
2367 4052 2422 4102 et
2457 4050 2634 4101 Deum
2669 4045 2920 4114 diligunt
2960 4048 3084 4099 tuto
3113 4042 3228 4098 sibi
3269 4043 3694 4115 persuadeant.

2033 4143 2214 4208 atque
2253 4135 2548 4191 fateantur
2582 4133 2997 4188 remissionem
3039 4137 3421 4204 peccatorum
3451 4130 3692 4186 Joannis

2033 4225 2336 4297 baptisma
2358 4228 2692 4296 prmstasse,
2718 4237 2840 4278 non
2859 4222 3131 4276 omnium
3158 4225 3379 4285 tamen,
3403 4219 3694 4290 quemad-

2032 4313 2281 4370 modum
2311 4329 2382 4368 ne
2413 4313 2553 4384 ipsa:
2583 4310 2829 4384 quidem
2863 4309 3086 4382 legales
3117 4309 3484 4364 caeremoniae
3516 4312 3570 4363 et
3600 4324 3690 4363 sa-

2033 4403 2270 4458 crificia.
2294 4401 2559 4457 Profecto
2585 4417 2694 4456 nec
2720 4398 3044 4454 homicidia
3069 4396 3269 4452 dedita
3290 4412 3476 4468 opera
3498 4400 3694 4468 patra-

2032 4497 2110 4555 ta,
2158 4506 2264 4545 nec
2311 4489 2488 4546 alieni
2549 4488 2810 4560 conjugii
2854 4487 3222 4546 violationes.
3274 4500 3383 4539 nec
3423 4501 3512 4554 ea,
3551 4499 3690 4557 quas

2027 4579 2392 4636 horrendum
2427 4578 2616 4644 illum,
2649 4583 2704 4632 et
2735 4576 3035 4630 caelestem
3080 4574 3280 4645 ignem
3310 4573 3372 4628 in
3403 4589 3538 4629 reos
3580 4589 3690 4645 pro

2029 4686 2209 4744 paena
2242 4667 2656 4732 demittebant,
2695 4681 2804 4720 nec
2841 4665 3099 4736 denique
3137 4664 3254 4720 alia
3294 4664 3484 4719 multa
3522 4679 3687 4718 exse-

2029 4759 2273 4823 oranda,
2305 4763 2363 4813 et
2399 4755 2615 4811 similia
2645 4770 2830 4827 opera
2859 4752 3276 4808 remissionem
3309 4753 3400 4808 vel
3429 4769 3501 4809 ex
3532 4752 3684 4823 lege,

2025 4849 2122 4905 vel
2146 4864 2216 4904 ex
2237 4845 2483 4904 Joannis
2497 4844 2852 4916 baptismate
2883 4842 3418 4914 consequebantur.
3442 4841 3557 4897 Sed
3577 4857 3686 4914 pro

2028 4937 2312 4995 omnibus
2343 4936 2436 4992 bis
2465 4933 2657 5007 culpis
2687 4934 2779 4988 lex
2811 4934 3078 5007 quidem,
3112 4930 3215 4986 ubi
3243 4930 3418 5002 primi
3447 4930 3688 5000 legisla-

2032 5027 2174 5086 toris
2205 5024 2571 5100 providentia
2600 5023 2852 5079 multam
2878 5037 3000 5078 non
3022 5021 3385 5088 decreverat,
3413 5019 3686 5092 gladium

1875 5276 2104 5336 ΝΟΤᾹΞ.

376 5431 486 5504 (ὅῖ)
515 5435 602 5486 Ita
635 5429 832 5504 scribo
863 5446 973 5504 pro
1003 5427 1338 5504 ἐκϐεϐίασθη.

377 5499 489 5574 (‘58)
511 5504 734 5576 Snpple
753 5499 881 5570 ἁπὸξ
903 5518 974 5558 ne
1002 5507 1124 5560 tota
1150 5503 1262 5558 ista
1277 5499 1564 5575 periodus
1587 5504 1642 5558 te
1671 5514 1913 5575 quoque

304 5577 600 5648 torqueat.

2091 5428 2206 5500 (59)
2247 5430 2530 5501 Expunge
2581 5430 2638 5480 τὸ
2677 5429 2752 5496 ἐκ,
2781 5429 2836 5482 et
2874 5440 3121 5482 sensum
3158 5421 3412 5481 habebis
3454 5419 3683 5495 planio-

2020 5514 2171 5560 rem.
