4126 6190
367 260 472 314 219
1608 253 1847 316 PHOTII
1889 260 1996 315 ΡΑἿ

2102 257 2368 314 ARCH/E
2409 259 2514 315 ΟΡ.
3628 257 3731 312 220

364 402 474 460 pro
496 385 730 441 vindice
752 385 1050 442 statuebat
1079 403 1091 440 :
1122 387 1369 442 Joannis
1392 393 1588 442 autem
1617 387 1920 458 baptisma
1938 403 1993 442 at

2123 389 2205 437 νόν
2245 390 2335 437 καὶ
2364 390 2642 459 Σωτήρων,
2675 387 2741 446 ὡς
2772 383 2940 454 πολλῷ
2971 383 3148 455 μεῖζον
3191 383 3436 456 ὑπάρχον
3470 390 3561 443 τῆς
3591 379 3730 446 ἰδίας

366 475 713 539 universale,
755 479 809 528 et
864 475 1254 540 Dominicum,
1305 475 1469 546 quod
1511 491 1683 530 suam
1737 475 1995 529 virtuteu

1060 475 1254 540 uicum,
1305 475 1469 546 quod
1511 491 1683 530 suam
1737 475 2013 529 virtutem
2128 475 2337 545 ἰσχύος,
2372 479 2689 546 παρέπεμπε.

363 563 553 618 multo
577 563 902 627 excederet,
936 563 1327 618 amandabat.

436 655 627 718 Quare
659 657 712 707 et
741 653 867 724 ipse
908 653 1268 724 Redemptor
1308 657 1528 716 noster,
1564 669 1702 707 cum
1741 653 2016 708 duritiem

2197 657 2282 704 Διὸ
2313 659 2401 704 καὶ
2432 654 2456 703 ό
2487 657 2661 724 Σωτὴρ
2712 654 2853 723 ἡμῶν
2904 656 2997 708 την
3043 647 3486 725 σκληροκαρδίαν,
3537 656 3626 703 καὶ
3675 655 3732 703 τό

366 741 562 797 cordis
583 747 636 797 et
656 741 1128 796 incredulitatem
1153 741 1583 797 Pharisaeorum
1607 741 1995 812 exprobraret

2127 741 2330 804 ἀπειθὲς
2361 738 2683 803 ἐξονειδίζων
2737 749 2835 792 τῶν
2885 745 3208 812 Φαρισαίων,
3263 744 3352 791 καὶ
3408 736 3602 807 δηλῶν,
3665 743 3732 801 ὡς

365 833 717 901 diceretque,
745 829 904 902 quod
944 830 1214 886 animum
1258 830 1450 899 magis
1483 847 1668 902 quam
1695 830 1994 886 fornicarii

2126 841 2222 883 τῶν
2279 830 2327 881 ἐν
2381 835 2592 904 πορνείᾳ
2645 835 2733 882 καὶ
2786 829 3023 900 τελωνείᾳ
3068 828 3319 900 βιούντων
3373 833 3590 903 χείρους
3645 833 3735 890 τὰς

367 924 423 975 et
460 918 763 992 publicani
812 919 1174 991 improbum,
1227 924 1283 974 et
1331 918 1833 974 inemendabilem
1860 934 1993 990 gere

2125 925 2328 991 γνώμας
2391 925 2481 971 καὶ
2555 916 2909 992 ἀδιορθωτους
2965 918 3154 990 μᾶλλον
3222 920 3413 992 ἔφερον·
3476 923 3567 969 καὶ
3628 918 3736 991 οἶμα

366 1015 539 1073 rent;
583 1007 882 1079 simulque
921 1008 1176 1075 doceret,
1219 1008 1468 1080 quinam
1508 1012 1707 1062 essent
1743 1009 1843 1079 qui
1883 1023 1995 1063 con

2128 1005 2422 1075 διδάσκων,
2485 1013 2615 1069 τίνες
2661 1028 2711 1060 τε
2751 1011 2933 1064 εἴησαν
2972 1016 3070 1060 τῶν
3112 1007 3165 1070 εξ
3195 1007 3456 1079 ἁμαρτίας
3501 1006 3738 1081 ἐπιστρε-

365 1103 731 1154 verterentur
768 1112 803 1152 a
844 1103 1104 1168 peccato,
1146 1101 1201 1151 et
1252 1097 1619 1168 quibusnam
1668 1095 1987 1151 criminibu

2128 1102 2340 1169 φόντων,
2416 1102 2506 1149 καὶ
2579 1101 2728 1148 τίνων
2805 1097 3196 1169 ἁμαρτημάτων
3274 1095 3576 1165 ἀπελύοντο,
3652 1099 3735 1160 τὸ,

368 1187 816 1243 absolverentur
846 1204 856 1242 :
894 1206 922 1236 «
949 1185 1114 1240 Venit
1144 1185 1220 1240 ad
1255 1201 1380 1250 vos,
1413 1185 1512 1250 ait,
1545 1186 1808 1240 Joannes
1835 1187 1894 1238 in
1929 1185 1997 1240 vi:

2131 1186 2351 1238 «Ἦλθε
2399 1189 2523 1258 πρὸς
2579 1187 2731 1258 ὑμᾶς,
2779 1191 2958 1256 φησιν,
3014 1187 3038 1236 ό
3079 1186 3322 1247 Ἰωάννης
3379 1184 3426 1238 ἐν
3485 1182 3593 1255 ὁδῷ
3656 1182 3737 1238 δι-

361 1276 622 1347 justitiae,
654 1280 707 1329 et
737 1290 856 1329 non
899 1273 1234 1328 credidistis
1277 1275 1329 1329 ei
1366 1276 1411 1308 ³⁵
1445 1290 1458 1339 ;
1490 1294 1516 1326 ››
1548 1274 1628 1329 ita
1668 1279 1731 1328 ut
1766 1276 1989 1328 Joanne

2129 1277 2429 1342 καιοσύνης,
2479 1280 2567 1326 καὶ
2623 1273 2716 1325 οὐκ
2764 1273 3106 1326 ἐπιστεύσατε
3159 1274 3320 1342 αὐτῷ’
3375 1294 3401 1326 ν
3461 1282 3598 1326 ὥστε
3658 1293 3734 1327 τε·

365 1371 538 1434 esset,
600 1363 700 1436 qui
754 1378 860 1434 per
912 1361 1286 1436 baptismum
1347 1363 1582 1434 injustas
1641 1362 1994 1432 vectigaliun

2129 1364 2338 1425 λωνείας
2388 1366 2499 1435 μὲν,
2550 1367 2638 1414 καὶ
2691 1367 2945 1435 πορνείας,
2997 1366 3086 1414 καὶ
3127 1370 3226 1415 τῶν
3268 1364 3515 1415 τοιούτων
3548 1365 3626 1420 εἴη
3677 1364 3737 1415 ἄν

365 1453 708 1517 exactionis,
739 1452 1168 1520 fornicationis,
1199 1458 1256 1507 et
1283 1451 1704 1524 hujuscemodi
1731 1450 1994 1506 scelerun

2131 1455 2155 1504 6
2212 1454 2446 1512 Ἰωάννης
2523 1449 2616 1504 διὰ
2686 1459 2776 1503 τοῦ
2840 1449 3212 1524 βαπτίσματος
3285 1458 3390 1512 τοῖς
3457 1451 3740 1525 εἰλικρινῶς

365 1541 714 1598 hominibus
745 1542 970 1596 sincere
1001 1540 1424 1612 paenitentibus
1465 1542 1702 1596 veniam
1735 1540 1994 1611 praebere

2131 1549 2437 1614 μετανοοῠσι
2486 1560 2979 1614 πραγματευόμενος
3034 1542 3313 1612 κάθαρσιν.
3381 1540 3453 1598 Οὐ
3523 1545 3626 1612 μὴν
3682 1559 3739 1612 γε

367 1635 437 1687 At
463 1647 656 1704 neque
682 1631 962 1696 latrones,
1005 1645 1198 1701 neque
1241 1635 1612 1685 mortuorum
1654 1629 1996 1701 spoliatores

2130 1631 2348 1702 λῃστὰς,
2399 1627 2521 1682 οὐδὲ
2573 1628 2979 1701 τυμϐωρύχους,
3021 1625 3144 1681 οὐδὲ
3191 1632 3313 1688 τοὺς
3359 1629 3539 1689 ἄλλους
3572 1628 3738 1702 ἀρρη-

329 1769 344 1790 ,
368 1736 566 1791 neque
596 1720 869 1786 aliorum,
902 1719 1296 1775 nefandorum
1337 1719 1653 1774 criminum
1697 1722 1958 1790 patrator

2132 1724 2384 1793 τουργοὺς
2436 1728 2533 1770 τῶν
2601 1719 2948 1791 μολυσμάτων
3027 1719 3365 1777 ἀπήλλαττεν·
3445 1723 3525 1772 ὅτι
3601 1715 3740 1791 μηδὲ

370 1809 724 1867 absolvebat
740 1825 755 1877 ;
773 1809 1062 1882 quoniam
1083 1809 1142 1863 hi
1166 1823 1239 1863 ne
1261 1808 1566 1864 audebant
1586 1807 1830 1878 quidem
1861 1823 1999 1862 acce

2135 1808 2336 1882 θαρρεῖν
2370 1805 2514 1880 εἶχον
2548 1809 2691 1860 οὗτοι
2740 1812 3032 1880 προσιέναι,
3069 1813 3158 1859 καὶ
3212 1807 3632 1880 ἐξομολογεῖσθαι
3681 1812 3739 1861 τὸ

372 1899 533 1966 dere,
566 1903 622 1955 et
664 1897 894 1954 facinus
943 1914 1121 1953 suum
1153 1897 1438 1962 conﬁteri,
1493 1913 1632 1952 cum
1663 1896 2001 1952 conscienti:

2131 1899 2397 1970 τόλμημα,
2435 1904 2525 1948 τοῦ
2576 1893 2874 1958 συνειδότος
2921 1897 3094 1956 αὐτοῖς
3143 1906 3597 1969 προαπαντῶντος,
3651 1902 3741 1950 καὶ

373 1987 520 2060 ipsis
550 1987 978 2056 adversaretur,
1019 1991 1076 2042 et
1105 2002 1348 2058 poenam
1381 1986 1757 2042 minitaretur
1787 2000 1859 2040 ex
1887 1984 2001 2054 legi

2132 1989 2234 2038 ἀπὸ
2295 1996 2395 2038 τῶν
2453 1991 2618 2059 νόμων
2675 1982 2828 2043 δίκην
2884 1985 3218 2053 ἐπισείοντος,
3274 1992 3360 2038 καὶ
3417 1987 3510 2039 οὐκ
3560 1985 3740 2046 ἐῶντος

375 2076 500 2142 bus,
536 2092 644 2133 nec
673 2077 890 2132 sineret
911 2075 1148 2148 piacula
1178 2091 1383 2130 coram
1411 2075 1544 2130 aliis
1579 2089 1911 2129 recensere.

1344 2091 1383 2130 n
1411 2075 1544 2130 aliis
1579 2089 1911 2129 recensere.
2133 2083 2242 2138 τοῖς
2270 2075 2440 2137 ἄλλοις
2473 2075 2973 2146 συγκαταλέγεσθαι.

445 2167 626 2237 Igitur
656 2165 989 2238 praestabat,
1027 2170 1089 2220 ut
1117 2164 1343 2220 dictum
1378 2170 1484 2230 est,
1518 2168 1571 2220 et
1601 2164 1732 2236 ipse
1764 2163 2024 2221 Praecur-

2209 2172 2436 2239 Παρεῖχε
2474 2168 2564 2236 μὲν
2603 2160 2709 2230 οὖν,
2768 2167 2940 2238 ὥσπερ
2996 2167 3221 2236 εἴρηται,
3252 2168 3429 2216 καὶτὸ
3470 2172 3562 2216 τοῦ
3610 2171 3743 2236 Προ-

373 2257 522 2313 soris
583 2255 922 2326 baptismus
972 2259 1358 2327 peccatorum
1403 2253 1843 2320 remissionem,
1906 2268 2002 2308 n0i

2137 2251 2335 2328 δρόμου
2388 2251 2669 2325 βάπτισμα
2716 2261 2812 2304 τῶν
2869 2252 3133 2325 αμαρτιῶν
3181 2255 3384 2324 ἄφεσιν,
3430 2253 3487 2305 οὗ
3536 2256 3743 2304 πάντων

372 2346 643 2401 omnium
675 2352 874 2400 autem
909 2363 923 2413 ;
958 2344 1180 2416 quippe
1211 2343 1334 2398 htBC
1361 2342 1651 2399 Dominici
1683 2357 1754 2396 ac
1785 2341 2001 2396 divinis

2136 2341 2213 2396 δέ’
2267 2351 2419 2394 τοῦτο
2463 2345 2561 2416 γὰρ
2602 2350 2692 2394 τοῦ
2738 2349 3056 2394 Δεσποτικοῦ
3101 2347 3191 2394 καὶ
3239 2344 3500 2395 θειοτάτου
3553 2342 3746 2415 βαπτί-

371 2435 505 2489 simi
544 2434 915 2505 baptismatis
955 2432 1275 2504 peculiaris
1315 2437 1401 2487 est
1440 2433 1664 2487 virtus:
1708 2429 2000 2502 praestaba

2139 2453 2337 2505 σματος
2395 2436 2448 2484 τὸ
2501 2431 2774 2504 ἐξαίρετον·
2831 2440 3054 2505 παρεῖχε
3112 2429 3170 2484 δὲ
3209 2435 3623 2506 προευτρεπίζων
3671 2442 3745 2504 τῷ

370 2530 592 2586 tamen,
626 2522 771 2576 dum
803 2521 1061 2592 perfecto
1095 2521 1423 2576 Salvatoris
1455 2525 1834 2575 sacramento
1868 2518 1999 2573 vian

2138 2528 2377 2594 Σωτηρίῳ
2433 2525 2526 2580 τὴν
2584 2521 2898 2580 τελειότητα·
2964 2527 3053 2574 καὶ
3110 2522 3323 2595 λουτρὸν
3376 2520 3435 2581 ἦν
3478 2527 3578 2596 πρὸ
3628 2523 3748 2576 λου-

373 2612 704 2675 sternebat;
729 2617 973 2680 eratque
1001 2617 1138 2664 ante
1161 2609 1529 2664 ablutionem
1556 2609 1802 2674 ablutio,
1831 2608 2002 2662 remis

2137 2620 2281 2683 τροῦ,
2358 2616 2446 2662 καὶ
2506 2612 2691 2681 ἄφεσις
2756 2613 2810 2661 ἐκ
2886 2615 3074 2683 μέρους
3144 2617 3242 2684 πρὸ
3320 2621 3410 2672 τῆς
3471 2612 3746 2673 παντελοῦς

374 2700 460 2754 sio
473 2698 848 2770 particularis
863 2703 999 2752 ante
1011 2697 1396 2752 omnimodam
1412 2696 1835 2765 remissionem,
1851 2701 2003 2767 atqui

2138 2700 2379 2772 ἀφέσεως,
2435 2704 2524 2751 καὶ
2582 2697 2754 2760 ἀτελὴς
2827 2701 3089 2773 κάθαρσις
3157 2702 3598 2773 προοιμιαζομένη
3654 2706 3746 2760 τὴν

374 2788 721 2859 imperfecta
760 2785 1068 2842 inundatio
1123 2785 1414 2841 absolutae
1458 2784 1829 2840 mundationi
1881 2801 2002 2855 prae

2137 2790 2464 2841 τελειοποιόν·
2528 2785 2676 2840 οὖδὲν
2729 2785 2785 2839 δὲ
2845 2787 3084 2860 ἀσφαλὲς,
3141 2786 3263 2841 οὐδὲ
3318 2790 3571 2862 ἐχέγγυον
3630 2796 3749 2864 περὶ

377 2876 600 2942 missa;
653 2876 756 2931 sed
803 2875 1029 2930 nullam
1079 2876 1412 2929 futurorum
1456 2874 1755 2929 bonorum
1805 2879 2006 2929 certan

2138 2887 2237 2930 τῶν
2301 2878 2582 2949 μελλόντων
2643 2877 3012 2950 χαριζόμενον.
3059 2878 3128 2929 Τό
3187 2883 3500 2930 Δεσποτικὸν
3556 2876 3614 2932 δε
3658 2884 3750 2932 καὶ

376 2966 861 3038 promissionem,
903 2980 972 3019 ac
1009 2970 1198 3018 ratam
1251 2963 1432 3017 ﬁdem
1472 2961 1746 3018 faciebat.
1792 2963 2005 3018 Divinu:

2139 2973 2395 3041 Σωτηριον
2464 2969 2666 3018 πάντων
2745 2970 2835 3038 μὲν
2919 2976 3017 3018 των
3101 2966 3459 3041 προλαϐόντων
3537 2969 3745 3041 ῥύσιονο

377 3061 600 3120 contra,
620 3062 674 3109 et
707 3055 1072 3108 Christianus
1103 3051 1446 3123 baptismus
1479 3052 1685 3106 omnia
1711 3057 1847 3106 ante
1870 3067 2004 3106 com

2137 3059 2312 3131 ῥώμης
2361 3054 2418 3108 δὲ
2451 3058 2758 3129 παρεκτικόν
2807 3060 2896 3106 καὶ
2945 3055 3153 3128 ἰσχύος,
3198 3061 3266 3128 μὴ
3312 3059 3447 3108 κατὰ
3485 3060 3572 3117 τὰς
3613 3064 3750 3130 πρω-

376 3143 566 3199 missa
595 3142 764 3198 nobis
794 3143 1059 3212 indulget
1089 3158 1102 3207 ;
1135 3141 1280 3213 quin
1311 3141 1489 3195 etiam
1512 3141 1696 3195 robur
1722 3147 1776 3194 et
1804 3139 2003 3195 fortitu

2137 3166 2231 3207 τας
2273 3145 2568 3205 ὀλισθήσεις
2610 3147 2686 3195 ἔτι
2723 3148 2853 3219 πρὸς
2892 3147 2957 3195 τὰ
3004 3147 3145 3202 πάθη
3190 3148 3603 3220 κατασύρεσθαι·
3658 3153 3751 3200 καὶ

376 3232 601 3296 dinem,
645 3248 717 3287 ne
747 3233 945 3287 denuo
979 3235 1311 3285 secundum
1344 3231 1569 3301 priores
1593 3229 1794 3300 lapsus
1815 3245 2005 3285 concu

2139 3239 2195 3286 τὸ
2244 3237 2332 3306 μὲν
2384 3234 2449 3293 εἰς
2499 3237 2591 3290 την
2637 3241 2734 3284 τῶν
2767 3233 2994 3306 οὐρανῶν
3029 3232 3264 3308 ἀναφέρει
3306 3233 3600 3306 βασιλείαν,
3634 3241 3746 3301 καὶ,

375 3322 678 3392 piscentiaa
719 3337 1059 3391 pareamus,
1104 3319 1382 3374 concedit
1423 3336 1436 3382 ;
1481 3319 1601 3373 imo
1649 3319 1924 3373 homines
1967 3319 2004 3374 ii

2138 3327 2195 3374 τὸ
2248 3323 2424 3394 μεῖζον
2487 3325 2711 3389 πάντων,
2767 3325 3002 3374 νὶθεσίαν
3059 3324 3362 3395 χαρίζεται.
3423 3327 3491 3375 Τό
3545 3321 3603 3376 δὲ
3652 3329 3749 3384 τὴν

374 3425 631 3479 regnum
651 3409 936 3464 caelorum
957 3409 1148 3474 infert,
1173 3407 1402 3478 etquod
1423 3408 1616 3475 majus
1632 3412 1737 3472 est,
1759 3407 2003 3480 adoptio

2139 3416 2229 3484 μὲν
2281 3414 2486 3483 ἄφεσιν,
2536 3409 2697 3482 ὧνπερ
2753 3415 2970 3484 εἴρηται,
3031 3420 3302 3483 παρεῖχεν,
3366 3417 3482 3464 οὔτε
3533 3409 3590 3465 δὲ
3651 3411 3752 3485 βα-

374 3514 515 3554 nem
592 3498 849 3553 ﬁliorum
920 3498 1021 3554 Dei
1094 3496 1444 3570 impertitur.
1499 3496 1748 3552 Joannis
1830 3502 2003 3552 auten

2143 3501 2335 3562 σιλείας
2381 3501 2606 3572 οὐρανῶν
2642 3500 2988 3574 κληρουχίαν,
3043 3497 3167 3553 οὐδὲ
3198 3500 3368 3571 πολλῷ
3399 3501 3587 3573 μᾶλλον
3618 3505 3753 3575 πρὸς

374 3587 676 3658 baptisma
689 3603 894 3643 eorum
915 3586 1252 3650 criminum,
1277 3601 1412 3657 quae
1434 3585 1924 3650 memoravimus,
1945 3601 2003 3641 re

1368 3601 1412 3639 ie
1434 3585 1924 3650 memoravimus,
1945 3601 2032 3641 re-
2141 3591 2404 3651 υἱοθεσίας
2438 3587 2741 3650 ἀναϐιϐάζει
2773 3589 2997 3662 ἀξίωμα.

376 3676 745 3740 missionem,
775 3691 896 3731 non
926 3682 1126 3731 autem
1167 3675 1334 3744 regni
1372 3673 1628 3729 cmlestis
1655 3674 1957 3746 praebebat
1987 3676 2414 3747 hereditatem,
2447 3683 2503 3732 et
2523 3678 2712 3734 multo
2741 3681 2936 3734 minus
2967 3679 3045 3735 ad
3075 3677 3425 3750 dignitatem
3457 3679 3731 3750 adoptiu-

376 3766 470 3822 nis
495 3765 772 3822 homines
801 3765 1086 3822 evehebat
1116 3765 1260 3837 (60).

449 3891 496 3926 ³⁵
535 3891 736 3947 Matth.
770 3906 890 3956 XXI,
935 3894 1023 3947 32.

1952 3987 2174 4044 NOTzE.

450 4122 563 4196 (60)
596 4124 665 4196 Ut
694 4121 897 4196 aliqua
922 4122 996 4178 de
1033 4121 1145 4196 hac
1183 4121 1517 4196 quaestione
1540 4119 1834 4196 dicamus,
1861 4122 2036 4196 Joan-
2068 4124 2111 4177 D
2144 4121 2280 4196 quia
2305 4121 2586 4196 nonnulli
2611 4121 2836 4196 Patres,
2865 4123 3196 4196 praesertim
3229 4126 3474 4179 sanctus
3499 4122 3754 4196 Optatus

378 4193 472 4252 nis
503 4193 558 4250 et
581 4193 1019 4250 Christi—unum
1050 4195 1328 4265 idemque
1369 4193 1554 4247 fuisse
1597 4193 1901 4264 baptisma
1942 4193 2036 4247 tri-
2143 4193 2503 4265 Milevitanus
2533 4193 2638 4248 lib.
2674 4209 2732 4248 iii
2757 4193 2962 4249 Contra
2995 4195 3279 4259 Parmen.,
3313 4193 3563 4250 sanctus
3587 4195 3752 4251 Basi-

381 4268 494 4322 bus
524 4265 830 4337 gradibus,
872 4283 1052 4337 aqua,
1096 4263 1325 4337 igne‘et
1355 4265 1568 4337 spiritu
1601 4263 1694 4337 ita
1723 4279 2036 4337 consecra-
2143 4265 2275 4337 lius,
2309 4263 2474 4337 hom.
2513 4269 2527 4318 1
2566 4265 2638 4337 de
2667 4265 2977 4336 baptismo,
3014 4271 3254 4321 sanctus
3279 4266 3526 4337 Cyrillus
3553 4266 3755 4323 Hiero-

379 4335 614 4406 tuin,'ut
640 4353 860 4408 aquam
891 4335 1170 4405 Jbannes,
1203 4335 1475 4407 spiritum
1507 4335 1799 4402 Christus,
1832 4335 2034 4408 ignem
2145 4336 2255 4392 sol.
2291 4336 2501 4390 Catech.
2523 4352 2588 4408 ii,
2617 4335 3443 4408 hoc'afﬁrmareivideren‘tur.
3476 4336 3755 4394 Photium

378 4405 712 4464 Paracletus
751 4410 997 4474 dederit,
1031 4405 1349 4463 Petilianus
1385 4411 1760 4478 commentus
1789 4414 1876 4460 est
1904 4422 1917 4478 ξ
1959 4405 2034 4460 de
2143 4413 2339 4462 autem
2366 4407 2557 4478 Cyrilli
2583 4407 2764 4462 verba
2779 4408 3037 4478 putarim
3061 4407 3243 4464 fuisse
3267 4414 3628 4474 mutuatum,
3650 4410 3755 4465 ubi

379 4481 804 4552 quolegendus
818 4481 880 4533 D.
898 4480 1265 4549 Augustinus
1280 4479 1382 4534 lib.
1399 4495 1435 4533 ιι
1451 4484 1655 4552 contra
1670 4477 1781 4552 (sit.
1799 4477 1964 4552 Petit.
1981 4493 2034 4552 ο,
2141 4479 2380 4552 Joannis
2395 4479 2700 4549 baptisma
2719 4477 3133 4552 remissionem
3151 4487 3528 4551 peccatorum
3545 4487 3755 4536 contu-

381 4549 467 4628 3—4.
497 4549 911 4628 Me’lanchthon
944 4562 1164 4628 autem,
1197 4553 1471 4628 Bucerus,
1512 4556 1576 4628 et_
1605 4549 1720 4628 alii,
1753 4549 2036 4628 baptismi
2143 4551 2698 4628 lisse,_baptismum
2719 4566 2871 4628 vero
2890 4551 3094 4628 Christi
3119 4549 3506 4628 adoptionem
3531 4553 3756 4628 impor-

381 4625 631 4678 Joannis
673 4630 727 4677 et
759 4623 966 4677 Christi
999 4639 1185 4676 unum
1235 4623 1514 4692 idemque
1551 4619 1733 4674 fuisse
1773 4619 2035 4675 ministe-
2145 4628 2267 4678 tare
2291 4619 2547 4692 filiorum
2574 4625 2898 4676 asseverat.
2926 4621 3100 4689 igitur
3129 4619 3317 4676 hac—in
3340 4639 3400 4678 re
3427 4619 3636 4678 Photid
3655 4624 3759 4678 ali-

382 4696 549 4759 rium,
583 4695 937 4763 eosdemque
964 4693 1206 4748 effectus
1233 4693 1358 4748 sine
1393 4691 1874 4766 tergiversatione
1906 4707 2037 4766 pro-
2143 4691 2843 4766 quantulumpossnmus
2866 4694 3376 4766 parcererejusque
3393 4697 3755 4766 sententiam

384 4768 752 4821 nuntiarunt.
779 4762 972 4819 ln’hos
994 4765 1277 4834 praecipue
1298 4769 1684 4820 sacrosancta
1699 4765 2038 4818 Tridentina
2145 4762 2266 4818 non
2295 4762 2622 4818 admodum
2653 4762 3001 4818 abnormem
3035 4762 3391 4820 existimare.
3426 4765 3528 4820 Illa
3551 4772 3756 4821 autem

386 4837 656 4908 synodus
675 4851 965 4892 canonem
989 4837 1157 4908 illum
1176 4835 1517 4908 ediditsess.
1537 4851 1614 4908 vii
1632 4835 1706 4890 De
1727 4834 1882 4908 bapt.
1901 4849 2032 4888 can.
2145 4835 2457 4908 distinctio,
2475 4851 2660 4906 quam
2681 4836 2830 4908 inter
2851 4835 3103 4908 crimina
3119 4837 3590 4901 comminiscitur,
3616 4839 3759 4892 dum

389 4905 464 4962 1':
499 4907 558 4962 Si
585 4907 707 4978 quis
737 4908 956 4962 dixerit
990 4907 1346 4976 baptismum
1369 4907 1608 4962 Joannis
1639 4905 1895 4960 eamdem
1921 4909 2034 4960 vim
2145 4907 2426 4978 quaedam
2450 4905 2868 4978 tantummodo
2890 4906 2986 4961 illa
3010 4907 3313 4963 ablutione
3341 4908 3559 4966 remitti
3584 4915 3760 4964 autu-

386 4995 519 5035 cum
539 4977 826 5046 baptismo
847 4979 1073 5033 Christi
1095 4978 1376 5043 habuisse,
1402 4978 1722 5033 anathema
1743 4979 1835 5049 sit.
1859 4980 2036 5030 Porro
2149 4977 2417 5041 mat,risu
2441 4977 2639 5048 potius
2652 4978 3212 5049 excipienda,quam
3229 4981 3587 5046 argumentis
3604 4980 3762 5034 refu-

384 5051 542 5105 hanc
564 5055 770 5105 notam
794 5050 1001 5104 Pliotio
1026 5065 1146 5104 non
1178 5050 1473 5104 iiiiirimus
1503 5066 1516 5113 ;
1546 5065 1618 5103 ex
1649 5063 1718 5103 eo
1749 5048 1906 5101 enim
1932 5062 2038 5101 ειε-
2147 5051 2331 5104 tanda
2348 5049 2767 5104 videtur.Unde
2786 5050 3006 5103 enimid
3023 5048 3550 5115 riovit?Quomodo
3571 5051 3762 5106 divini

387 5137 706 5192 penumero
757 5121 1117 5182 audivimus,
1163 5136 1347 5192 quam
1390 5121 1699 5192 perspicue
1740 5119 2039 5189 baptisma
2148 5119 2602 5174 consiliicertior
2624 5119 3110 5192 factusest?0ua
3130 5121 3529 5187 decausaliis,
3557 5129 3759 5178 etnon

387 5191 596 5249 Christi
613 5191 1219 5263 baptismatiJoanni’s
1237 5191 1410 5261 longe
1433 5198 1742 5263 praestasse
1765 5192 2034 5263 fateatur.
2149 5192 2578 5247 aliislimitibus
2602 5191 3017 5246 remissionem
3042 5193 3328 5248 conclusit
3351 5195 3376 5248 ?
3399 5197 3510 5249 Nos
3535 5194 3763 5250 interea

387 5267 505 5320 Hoc
545 5261 742 5319 autem
783 5263 1087 5334 baptismo
1127 5272 1374 5333 peccata
1412 5261 1531 5317 non
1573 5261 1752 5316 fuisse
1792 5261 2040 5316 dimissa
2149 5279 2520 5318 communem
2547 5263 3384 5334 theologorumcatholicorum
3408 5264 3760 5320 sententiam

386 5337 464 5391 ad
498 5335 677 5390 tidem
719 5351 839 5390 non
883 5337 1170 5408 pertinere
1212 5336 1512 5389 Drouven.
1565 5335 1636 5389 De
1674 5347 2033 5408 ije_sagra_m.
2150 5350 2376 5408 ea,qua
2398 5350 2502 5408 par
2526 5340 2634 5408 est,
2651 5335 3033 5390 veneratione
3057 5335 3633 5403 tenentes,dicemus
3654 5353 3763 5408 per

386 5413 594 5464 contra
624 5408 827 5463 haeret.
862 5404 971 5478 lib.
1011 5421 1071 5471 ii,
1113 5412 1325 5478 quaest.
1359 5411 1410 5469 5,
1444 5420 1650 5478 cap._i,
1683 5404 1709 5476 §
1738 5405 1771 5478 4
1805 5423 1816 5472 ;
1849 5404 2039 5460 Estius
2145 5404 2390 5462 Joannis
2419 5405 2728 5478 baptisma
2757 5420 2832 5478 ex
2860 5421 3020 5478 opere
3049 5407 3350 5478 ope-rantis,
3394 5423 3513 5463 non
3555 5404 3762 5464 autem

387 5423 594 5464 contra
624 5423 827 5463 liceret.
870 5423 971 5461 ιιι).
1011 5423 1071 5471 ιι,
1113 5423 1325 5530 quaesi.
1359 5423 1410 5469 ο,
1444 5423 1576 5476 cap.
1609 5423 1650 5470 ι,
1683 5423 1709 5476 3
1738 5423 1771 5458 4
1805 5423 1816 5472 ;
1849 5423 2039 5460 nsuus
2145 5423 2390 5462 Joannis
2419 5423 2728 5476 Dapllsma
2757 5423 2832 5462 ea:
2860 5423 2892 5461 ο
2933 5423 3020 5460 ere
3049 5423 3350 5478 ope-ramis,
3394 5423 3513 5463 non
3555 5423 3762 5464 autem

387 5480 450 5534 in
506 5495 558 5534 iv
591 5478 761 5554 _S_ent.
812 5476 1073 5533 distinct.
1123 5479 1175 5554 ⁸,
1217 5480 1243 5554 §
1292 5480 1343 5542 4,
1395 5481 1454 5532 et
1509 5475 1624 5554 alii.
1664 5475 1982 5554 opinantur
2021 5492 2037 5541 ;
2149 5493 2220 5534 ex
2249 5492 2418 5549 opere
2439 5482 2662 5550 operata
2687 5477 2873 5534 fuisse
2892 5423 3180 5536 {lebrams
3208 5479 3400 5554 culpis
3424 5478 3766 5538 absolutos.

389 5556 567 5627 atque
588 5550 644 5606 id
674 5557 989 5625 propterea
1008 5565 1128 5605 non
1152 5549 1334 5605 fuisse
1360 5564 1396 5605 a
1417 5546 1669 5604 concilio
1699 5547 2035 5618 definitum,
