4126 6190
444 249 547 303 223
1719 240 1961 299 PHOTII
2002 235 2490 297 PATRIARCHAS
2530 239 2639 299 ΟΡ.

3704 246 3809 300 224

442 372 719 428 erudiant
741 370 943 439 (veluti
973 386 1095 425 non
1126 370 1298 425 licere
1330 371 1403 439 ei,
1455 368 1783 441 qui,pullos
1829 369 2034 423 avium
2064 385 2092 423 e

2206 370 2310 419 οἷον
2343 368 2400 419 ού
2436 364 2519 418 δεῖ
2548 370 2785 428 νεοττούς
2822 366 3036 439 ὀρνίθων
3075 376 3163 427 τῆς
3191 374 3403 427 νοσσιᾶς
3443 366 3816 442 ἀφαιρούμενον

440 462 583 516 nido
626 460 950 527 abstulerit,
994 468 1263 530 parentes
1303 459 1479 514 simul
1533 464 1727 514 tenere
1758 460 1803 493 39
1841 477 1853 525 ;
1895 474 2004 512 nec
2035 457 2095 512 in

438 550 587 605 lacte
620 549 824 604 matris
851 566 974 604 suae
997 564 1222 618 agnum
1238 564 1493 620 coquere
1519 550 1565 583 ⁸ο
1591 567 1607 618 ;
1638 549 1778 612 imo,
1807 547 1854 601 si
1887 547 2091 617 placet,

442 654 549 694 nec
574 638 814 693 vineam
838 639 1021 693 altero
1054 639 1280 693 semine
1310 653 1504 692 serere
1528 639 1605 703 ‘l;
1634 651 1743 692 nec
1771 648 1995 691 vestem
2025 652 2094 689 ex

444 727 621 782 variis
648 732 982 782 contextam
1007 726 1157 783 liciis
1184 725 1349 782 indui
1378 728 1423 761 ⁸³
1459 745 1472 793 ;
1514 733 1569 781 et
1598 725 1764 797 plura
1795 725 1853 780 id
1885 740 2091 794 genus,

443 815 787 885 cujusmodi
810 820 891 871 est
924 821 980 871 et
1003 816 1146 870 illud
1182 838 1193 868 :
1223 836 1249 866 «
1280 818 1401 871 Non
1432 816 1709 885 alligabis
1735 832 1804 869 os
1834 814 1971 870 bovi
2003 813 2097 868 tri-

444 906 663 960 turauti
685 906 756 974 ιθ,
786 912 837 975 ››)
869 903 985 970 ille,
1020 905 1290 976 inquam,
1313 905 1402 959 vir
1431 904 1579 974 legis
1604 904 1827 969 doctor,
1857 920 1994 957 cum
2035 903 2093 957 in

442 993 623 1065 hujus
662 993 808 1063 legis
836 993 1072 1048 abolitae
1106 1010 1214 1048 usu
1250 1000 1424 1049 natus
1454 999 1624 1058 esset,
1659 1009 1729 1047 ac
1758 991 1930 1047 vellet
1959 991 2096 1046 inde

2204 462 2291 508 καὶ
2351 461 2470 516 τοὺς
2530 460 2897 526 γεγεννηκότας
2957 455 3232 527 λαμϐάνειν
3267 475 3278 486 '
3321 453 3435 509 οὐδ’
3494 456 3632 527 ἕψειν
3685 462 3818 530 ἄρνα

2204 528 2252 595 ἐν
2295 545 2516 614 γάλακτι
2558 548 2757 617 μητρός
2806 544 2988 609 αὐτοῦ,
3040 545 3083 596 εἰ
3134 544 3309 617 βούλει
3340 542 3421 613 δε,
3467 543 3606 617 μηδὲ
3633 528 3818 619 διαφό-

3699 634 3816 689 ούὸ’

2208 724 2409 793 ἱμάτιον
2470 719 2731 795 διαφόρων
2804 721 2858 773 ἐκ
2922 725 3163 795 νημάτων
3228 726 3515 796 ὑφασμένον
3581 723 3819 799 περιδύεο

2202 652 2310 705 ροις
2386 636 2651 705 σπέρμασι
2721 637 2806 685 τόν
2883 632 3156 705 ἀμπελῶνα
3226 640 3636 708 κατασπείρειν·

2207 813 2330 862 σθαι
2366 829 2376 839 ⁸
2410 816 2499 862 καὶ
2530 810 2692 862 πολλὰ
2717 820 2954 877 τοιαῦτα,
2987 813 3054 863 ὧν
3086 811 3195 864 ἐστι
3225 818 3314 865 καὶ
3352 820 3410 865 τό
3440 829 3452 840 ⁸
3490 834 3517 865 ι(
3547 815 3621 866 Ού
3653 821 3817 887 φιμώ-

2207 919 2313 960 σεις
2370 898 2499 971 βοῦν
2558 900 2842 952 ἀλοῶντα»
2875 902 2956 953 Ἐν
3006 906 3165 974 χρείᾳ
3206 907 3376 953 τοίνυν
3432 903 3457 952 6
3519 906 3819 974 νομομαθης

2206 986 2412 1053 ἐκεῖνος,
2472 990 2741 1060 ἄνθρωπος
2798 998 2887 1041 τοῦ
2944 993 3164 1063 πάρετος
3220 991 3334 1061 (6'2)
3388 996 3609 1063 νομίμου
3667 1012 3816 1063 γεγο-

441 1083 908 1139 cohortationem
942 1081 1218 1145 exordiri,
1251 1082 1415 1153 quod
1444 1097 1680 1152 nempe,
1714 1081 1818 1153 qui
1851 1081 1997 1135 alios
2019 1080 2092 1135 ad

2203 1082 2321 1141 νὼς,
2354 1076 2587 1129 κάκεῖθεν
2636 1078 2858 1148 ύφαίνων
2897 1084 2991 1135 τὴν
3032 1084 3357 1150 παραίνεσιν,
3408 1082 3477 1139 ὡς
3509 1076 3593 1132 δεῖ
3618 1084 3705 1132 τόν
3747 1083 3818 1143 είς

441 1173 718 1227 virtutem
746 1172 969 1232 incitat,
1002 1171 1115 1227 hac
1145 1171 1310 1242 prius
1337 1169 1545 1225 debeat
1584 1170 1711 1240 ipse
1762 1168 2000 1240 pollere.
2043 1174 2099 1224 et

443 1261 526 1316 sic
557 1261 772 1315 deinde
803 1260 1099 1315 auditores
1132 1258 1207 1314 ad
1241 1258 1629 1315 imitationem
1669 1258 1899 1313 allicere
1931 1274 1945 1322 ;
1978 1258 2098 1313 imo

443 1350 644 1415 etiam,
677 1349 841 1420 quod
874 1354 1145 1419 oporteat
1201 1348 1544 1405 laborantes
1583 1346 1785 1402 debita
1830 1346 2099 1401 mercede

442 1453 563 1494 non
596 1437 858 1493 fraudari
894 1454 907 1492 :
942 1438 1065 1493 haec
1118 1454 1190 1492 ex
1230 1437 1447 1509 Moysis
1493 1452 1729 1508 quoque
1786 1435 1917 1505 lege
1973 1436 2099 1505 ipse

444 1542 770 1599 personans
794 1526 1062 1582 subdidit
1096 1550 1107 1579 :
1153 1545 1181 1577 «
1215 1529 1343 1581 Non
1372 1525 1647 1593 alligabis
1677 1542 1743 1579 os
1775 1524 1913 1579 bovi
1941 1525 2099 1580 tritu-

444 1616 615 1672 ranti.
640 1636 669 1667 »
705 1615 927 1671 Deinde
946 1631 1019 1670 ne
1047 1615 1443 1687 quisdiceret:
1476 1613 1623 1679 Quid
1659 1614 1879 1669 bovum
1907 1628 2092 1682 genus

2208 1610 2466 1682 ἐπήγαγεν
2493 1630 2503 1641 '
2544 1632 2572 1663 ιι
2600 1612 2675 1663 Ού
2710 1618 2962 1683 φιμώσεις
2994 1612 3122 1685 βοῦν
3150 1614 3398 1669 ἀλοῶντα.
3422 1634 3451 1667 ι)
3480 1614 3606 1668 Εἶτα
3633 1618 3714 1668 ἱνα
3743 1622 3814 1688 μή

446 1704 525 1761 ad
556 1704 867 1759 hominum
891 1710 1157 1759 naturam
1184 1705 1211 1758 'I
1234 1703 1488 1773 Subjicit
1520 1720 1532 1757 :
1562 1706 1685 1759 Non
1723 1702 1817 1757 hic
1839 1721 1867 1752 «
1900 1702 1973 1757 de
1996 1703 2092 1757 bo-

2209 1720 2284 1760 τις
2342 1704 2457 1772 εῖπη
2497 1718 2509 1730 ·
2540 1700 2595 1752 Ἠ
2638 1705 2690 1752 τί
2736 1705 2865 1773 πρός
2913 1700 3192 1775 ἀνθρώπων
3242 1706 3393 1774 φύσιν
3438 1708 3495 1756 τό
3539 1713 3638 1755 τῶν
3680 1703 3818 1775 βοῶν

443 1792 558 1848 bus
596 1809 741 1848 cura
766 1797 851 1848 est
875 1794 1015 1849 Deo.
1057 1816 1087 1842 »
1114 1795 1262 1848 Nam
1295 1798 1536 1864 propter
1564 1807 1673 1847 nos
1702 1792 1828 1847 haec
1852 1791 1927 1846 de
1956 1791 2092 1861 ipsis

2208 1794 2346 1860 γένος
2372 1806 2385 1855 ;
2420 1808 2450 1841 ε
2483 1789 2559 1844 Ού
2588 1798 2687 1840 τῶν
2716 1788 2872 1861 βοῶν,
2908 1796 3085 1861 φησὶν,
3120 1789 3340 1843 ὶνταῦθα
3369 1791 3509 1863 μελει
3531 1801 3601 1862 τῷ
3627 1798 3755 1863 Θεῷ.
3789 1815 3817 1845 ››

444 1881 641 1953 posita
667 1880 763 1936 lex
792 1888 877 1937 est
905 1900 918 1949 ;
948 1897 1068 1937 non
1100 1882 1257 1937 enim
1282 1881 1408 1951 ejus
1430 1879 1831 1953 promulgatio
1861 1879 2098 1935 illorum

446 1969 679 2026 utilitati
709 1971 963 2027 intendit
1005 1986 1199 2042 neque
1235 1970 1549 2026 brutorum
1602 1968 2099 2040 gubernationem

439 2059 641 2130 legum
672 2059 1054 2115 Mosaicarum
1079 2058 1369 2115 institutio
1409 2058 1521 2113 sibi
1540 2073 1649 2130 pro
1676 2074 1861 2129 scopo
1884 2073 2099 2128 propo-

441 2147 550 2201 suit
584 2164 595 2200 :
632 2146 737 2202 sed
761 2163 891 2219 quae
909 2149 1066 2203 circa
1096 2147 1215 2203 alia
1237 2151 1550 2205 versantur
1578 2147 1935 2216 animantia,
1969 2145 2099 2201 haec

441 2235 631 2290 nostri
660 2240 847 2303 gratia
879 2236 1107 2292 sancita
1150 2241 1307 2291 sunt.

512 2324 842 2396 Deoitaque
878 2341 1035 2379 curae
1069 2330 1207 2378 sunt
1237 2325 1435 2388 boves,
1474 2328 1537 2378 ut
1564 2328 1620 2378 et
1649 2322 1780 2378 aliae
1811 2328 2098 2377 creaturae

440 2427 558 2466 non
587 2412 739 2466 adeo
770 2428 907 2467 vero
940 2418 1002 2468 ut
1034 2429 1139 2483 pro
1172 2412 1281 2466 illis
1301 2413 1459 2481 leges
1486 2428 1748 2483 quoque,
1777 2418 1833 2465 et
1859 2410 2095 2480 regimi-

441 2500 532 2554 nis
573 2500 816 2565 formas,
846 2503 1179 2555 secundum
1210 2516 1360 2571 quas
1385 2500 1665 2563 viverent,
1698 2501 1973 2554 conderet
2006 2504 2101 2563 ;at

444 2589 660 2659 potius,
692 2590 738 2643 si
766 2589 926 2660 quod
958 2588 1033 2643 de
1056 2590 1168 2643 illis
1201 2589 1414 2660 prodiit
1436 2594 1744 2653 statutum,
1768 2588 1828 2643 id
1860 2603 1967 2659 pro
1988 2588 2099 2643 hu-

441 2693 625 2732 mana
679 2677 943 2742 utilitate,
978 2683 1033 2733 et
1084 2678 1403 2749 disciplina
1439 2676 1651 2732 meruit
1705 2676 2098 2747 promulgari.

439 2766 629 2837 Atque
660 2766 717 2820 id
747 2766 940 2835 magis
965 2767 1277 2837 magisque
1302 2781 1370 2820 ex
1393 2765 1620 2821 caeteris
1644 2765 1856 2837 pariter
1871 2765 2093 2837 perspi-

442 2855 592 2910 citur
616 2854 1041 2921 animantibus,
1070 2856 1146 2910 de
1177 2855 1399 2927 quibus
1417 2854 1580 2910 nulla
1604 2855 1806 2926 legum
1835 2854 1971 2909 latio
1995 2870 2096 2926 po-

440 2948 551 3000 test
578 2943 858 2999 exhiberi.
894 2946 1180 3009 Quaenam
1213 2944 1497 2999 nimirum
1523 2943 1598 2999 de
1614 2943 1907 3010 leonibus,
1931 2960 2094 3016 quae-

438 3048 582 3089 nam
612 3032 687 3088 de
726 3032 1163 3106 elephantibus,
1198 3038 1300 3089 aut
1336 3033 1410 3088 de
1444 3032 1858 3098 unicornibus,
1900 3039 2003 3088 aut
2023 3034 2092 3089 de

2203 3031 2455 3097 hama;
2516 3037 2593 3093 τίς
2661 3028 2718 3084 δὲ
2793 3037 2909 3106 περὶ
2963 3031 3262 3103 ἐλεφάντων,
3322 3034 3350 3091 ἦ
3428 3040 3813 3107 μονοκερώτων,

2208 1164 2391 1239 ἀρετὴν
2448 1166 2648 1239 ἐτέρους
2704 1172 3135 1240 προτρεπόμενον,
3207 1168 3363 1220 αὐτόν
3418 1171 3611 1229 ταύτης
3678 1168 3815 1221 ἀπο-

2206 1254 2376 1307 λαύειν
2426 1260 2691 1329 πρότερον,
2750 1252 2839 1307 εἷθ’
2899 1257 3063 1318 οὕτως
3121 1256 3205 1308 ἐπὶ
3260 1262 3352 1315 τὴν
3411 1262 3637 1329 μίμησιν
3694 1262 3819 1318 τοῦς

2209 1343 2466 1414 ἀκροατὰς
2507 1345 2823 1418 παρακαλεῖν
2852 1360 2866 1375 ·
2916 1347 2970 1409 ἦ,
3024 1347 3064 1398 εὶ
3122 1345 3318 1417 βούλει,
3360 1352 3479 1409 τούς
3527 1356 3819 1409 κοπιῶντας

2205 1442 2302 1494 τῆς
2363 1431 2463 1485 ἀπὸ
2532 1443 2629 1485 τῶν
2685 1439 2851 1485 πόνων
2908 1437 3247 1507 παραμυθιας
3306 1440 3377 1508 μὴ
3435 1438 3769 1509 ὑστερεῖσθαι
3803 1454 3815 1465 '

2206 1532 2372 1575 ταῦτα
2423 1530 2512 1575 καὶ
2567 1520 2660 1575 διὰ
2699 1533 2791 1585 τῆς
2826 1530 3115 1585 Μωσαίκῆς
3152 1528 3460 1597 νομοθεσίας
3493 1536 3815 1599 συγκροτῶν,

2210 1879 2284 1930 Δι’
2324 1880 2461 1948 ἡμᾶς
2505 1881 2606 1952 γὰρ
2658 1879 2683 1929 6
2738 1877 2814 1930 ἐπ’
2855 1883 3029 1939 αύτοῖς
3076 1881 3218 1937 ἐτίθη
3251 1885 3400 1951 νόμος
3425 1898 3437 1911 ’
3462 1881 3521 1933 ού
3559 1885 3661 1953 γὰρ
3706 1885 3819 1953 ἔχει

2210 1971 2602 2038 προηγουμένην
2658 1972 2750 2024 τὴν
2808 1970 2945 2019 θέσιν
2991 1968 3069 2019 ἐπ’
3128 1967 3328 2020 ἐκείνων
3359 1991 3370 2002 ·
3405 1967 3530 2022 οὐδὲ
3576 1979 3671 2031 τῆς
3717 1980 3818 2022 τῶν

2211 2054 2406 2127 ἀλόγων
2452 2056 2711 2117 πολιτείας
2751 2058 2778 2113 ἠ
2829 2062 3079 2114 Μωσαῑκὴ
3127 2060 3407 2130 νομοθεσία
3450 2061 3775 2129 στοχάζεται
3802 2076 3813 2086 ·

2211 2143 2315 2195 ἀλλ’
2347 2143 2475 2217 άπερ
2505 2144 2695 2217 ἑτέροις
2724 2146 2989 2217 περιετίθη
3023 2151 3345 2218 προσώποις,
3375 2154 3540 2198 ταῦτα
3570 2142 3645 2197 δι’
3676 2148 3819 2217 ἡμᾶς

2209 2232 2414 2306 ἐρρέθη.

2279 2321 2432 2374 Μέλει
2485 2325 2575 2393 μὲν
2622 2324 2723 2395 γὰρ
2780 2330 2878 2373 τῶν
2931 2320 3067 2394 βοῶν
3093 2330 3164 2393 τῷ
3196 2330 3332 2393 Θεῷ,
3377 2323 3550 2395 ὥσπερ
3596 2328 3685 2375 καὶ
3716 2331 3816 2375 τῶν

2208 2410 2371 2461 ἄλλων
2420 2412 2723 2481 κτισμάτων
2756 2430 2768 2441 ·
2823 2409 2950 2461 ἀλλὰ
2996 2411 3103 2482 ούχ
3158 2414 3293 2463 ὥστε
3344 2418 3462 2485 περὶ
3516 2412 3683 2464 αύτὼν
3725 2417 3815 2465 καὶ

2208 2502 2397 2569 νόμους
2445 2499 2760 2564 ἐκτίθεσθαι,
2820 2504 2910 2550 καὶ
2966 2507 3056 2560 τῆς
3112 2500 3369 2560 πολιτείας
3435 2503 3651 2565 τύπους,
3696 2502 3816 2553 καθ’

2209 2588 2298 2649 οὖς
2349 2607 2407 2659 γε
2458 2586 2744 2658 βιώσονται
2779 2606 2789 2617 ·
2826 2587 2953 2639 ἀλλά
3008 2594 3093 2639 xui
3146 2589 3213 2638 ὧν
3252 2588 3478 2664 προῆλθε
3518 2586 3814 2661 διάταγμα,

2210 2674 2301 2727 θ’ιά
2350 2682 2442 2733 την
2491 2685 2589 2727 τῶν
2639 2675 2917 2747 ἀνθρώπων
2966 2682 3151 2749 χρείαν
3198 2683 3287 2729 καὶ
3324 2674 3689 2749 παιδαγωγίαν
3721 2683 3815 2736 την

2208 2766 2449 2839 εἰσφορὰν
2503 2765 2826 2817 οἱκειώσατο.
2882 2772 2981 2818 Καὶ
3021 2774 3172 2818 τοῦτο
3216 2765 3426 2839 φανερόν
3477 2764 3626 2819 οὐδὲν
3665 2768 3814 2819 ἔλατ-

2206 2874 2289 2906 τον
2356 2859 2445 2906 καὶ
2502 2853 2555 2905 ἐκ
2615 2862 2714 2907 τῶν
2770 2854 2933 2905 ἄλλων
2987 2855 3131 2915 ζώων
3169 2858 3507 2920 καθίσταται,
3570 2862 3686 2928 περὶ
3745 2856 3814 2907 ὧν

2205 2940 2425 3014 ούὸεμία
2464 2948 2630 3014 νόμων
2684 2944 2900 3016 εἰσφορά
2938 2940 3322 2998 διαδείκνυται.
3362 2951 3511 3005 Ποῖος
3550 2948 3651 3018 γὰρ
3680 2945 3816 3019 Ιπερὶ
3894 2971 3903 2974 η

439 3121 829 3189 draconibus,
880 3127 983 3177 aut
1030 3122 1104 3177 de
1144 3121 1474 3177 innumeris
1514 3121 1646 3176 aliis
1705 3122 2091 3177 animantium

440 3210 779 3279 generibus,
796 3227 1043 3282 quorum
1058 3210 1343 3282 quaedam
1357 3210 2089 3277 mansueﬁerieernuntur,

439 3306 654 3362 caetera
685 3314 823 3354 vero
855 3300 1171 3355 hominum
1198 3299 1658 3355 familiaritatem
1698 3305 1755 3355 et
1784 3298 2092 3356 contuber-

439 3386 608 3442 nium
640 3403 886 3458 prorsus
904 3387 1229 3459 refugiunt,
1249 3388 1495 3443 inducta
1522 3387 1617 3443 lex
1638 3388 1767 3443 est?
1801 3391 1919 3444 Hoc
1951 3404 2091 3458 pro-

439 3475 593 3531 fecto
616 3492 755 3531 cum
775 3476 988 3532 beatus
1012 3477 1129 3545 ille,
1156 3482 1213 3532 et
1244 3476 1485 3531 divinus
1507 3477 1613 3542 vir,
1644 3476 1881 3543 melius,
1904 3493 2091 3548 quam

439 3565 631 3638 quivis
655 3564 826 3631 alius,
869 3566 1245 3636 comperiret,
1296 3571 1500 3637 utpote
1546 3565 1686 3635 legis
1715 3565 1941 3631 doctor,
1989 3568 2089 3621 Ec-

440 3653 630 3709 clesiae
661 3654 822 3718 tuba,
850 3660 907 3710 et
940 3670 1107 3709 mens
1129 3654 1425 3719 sublimis,
1453 3661 1576 3709 tum
1596 3670 1793 3710 rerum
1814 3655 2090 3710 omnium

440 3742 878 3814 providentiam
929 3744 988 3797 in
1028 3743 1230 3798 multis
1279 3743 1545 3814 epistolis
1590 3742 1928 3814 frequenter
1969 3744 2088 3798 Deo

439 3831 880 3887 attribuendam
914 3832 1211 3903 praedicat,
1249 3840 1371 3887 tum
1403 3832 1575 3887 docet
1620 3831 1753 3887 illas
1786 3833 1854 3887 de
1908 3832 2089 3887 brutis

435 3918 618 3989 leges,
648 3936 800 3992 quas
842 3921 1101 3977 Mosaica
1148 3920 1341 3975 littera
1373 3921 1632 3989 adhibet,
1662 3936 1780 3976 non
1820 3921 2088 3991 ipsorum

437 4009 672 4065 vivendi
704 4026 976 4066 normam
1017 4010 1283 4075 deﬁnire,
1330 4026 1525 4082 neque
1576 4010 1726 4065 adeo
1753 4010 1930 4067 bruta
1986 4010 2087 4065 Dei

434 4099 735 4163 interesse,
762 4105 823 4153 ut
843 4099 1023 4155 etiam
1045 4098 1179 4168 jura
1200 4099 1274 4153 ad
1294 4098 1566 4170 ipsorum
1592 4098 2087 4168 gubernationem

435 4188 763 4259 spectantia
821 4187 1265 4252 conscriberet;
1320 4192 1382 4241 at
1434 4189 1629 4258 potius
1700 4187 1828 4242 haec
1881 4187 1958 4243 ad
2005 4189 2089 4243 in-

434 4276 641 4331 docilis
666 4274 893 4331 Judaici
928 4276 1129 4347 populi
1165 4276 1523 4343 doctrinam,
1558 4276 1944 4349 regimenque
1998 4293 2088 4332 sa-

434 4365 807 4437 pientissimo
840 4369 895 4420 et
937 4364 1168 4420 occulto
1206 4363 1453 4420 consilio
1489 4364 1739 4436 prolata,
1781 4369 1838 4421 et
1876 4363 2083 4423 litteris

434 4454 657 4510 credita
687 4453 865 4510 fuisse
898 4453 1099 4510 tradit.

508 4630 674 4684 Patet
703 4628 917 4701 itaque,
943 4629 1106 4701 quod
1134 4645 1253 4684 non
1288 4628 1469 4684 modo
1500 4628 1854 4701 prmdicator
1905 4629 2084 4685 docu-

436 4718 653 4773 mentis
681 4718 955 4789 magistri
988 4718 1045 4772 in
1084 4718 1249 4772 nulla
1283 4734 1547 4789 unquam
1596 4734 1657 4773 re
1690 4718 2034 4774 adversetur
2068 4739 2082 4787 ;

435 4823 634 4861 verum
662 4806 836 4860 etiam
862 4823 933 4861 ea
953 4805 1313 4861 documenta
1336 4806 1785 4861 conﬁrmatione
1812 4822 2086 4863 munian-

432 4901 543 4950 tur.
564 4894 859 4965 prtecipue
886 4894 1030 4947 dum
1061 4894 1309 4948 diversis
1328 4911 1526 4949 rerum
1549 4894 1920 4963 argumentis
1937 4912 2082 4950 usus

430 4983 833 5038 diversitatem
848 4983 1713 5047 convenienteraccommodat,
1733 4990 1786 5038 et
1802 4984 1859 5037 in
1880 4985 2083 5055 quovis

429 5088 539 5125 usu
567 5070 871 5125 doctrinas
888 5071 1037 5125 inter
1061 5087 1121 5125 se
1142 5071 1445 5126 distinctas
1470 5071 1702 5127 minime
1726 5072 2037 5128 confundit
2067 5090 2079 5140 ;

426 5160 772 5232 praebetque
805 5175 867 5215 se
901 5158 1017 5230 piis
1050 5159 1190 5214 viris
1211 5176 1643 5232 normam,quo
1672 5167 1846 5232 pacto
1868 5160 2085 5219 debeat

497 5260 544 5293 ³⁹
570 5260 740 5314 Deut.
781 5274 916 5321 xxii,
943 5261 993 5312 6.

424 5330 525 5385 vit.
567 5345 688 5394 xix,
719 5330 787 5385 i9
812 5347 831 5401 ;
856 5329 1031 5388 Deut.
1068 5346 1204 5395 xxv,
1236 5332 1311 5397 4;
1350 5334 1369 5386 l
1403 5333 1532 5386 Cor.
1570 5346 1648 5395 1x,
1676 5335 1731 5388 9.

1108 5260 1156 5293 ⁴⁰
1187 5258 1369 5314 Exod.
1404 5274 1588 5318 xxxrv,
1622 5263 1689 5313 26
1718 5275 1731 5325 ;
1779 5262 1945 5315 Deut.
1977 5277 2087 5329 xiv,
2121 5264 2211 5317 21.

2202 3122 2230 3180 ἡ
2295 3118 2589 3194 δρακόντων
2650 3125 2804 3191 νόμος
2863 3120 3225 3180 εἰσενήνεκται,
3285 3123 3314 3179 ἣ
3394 3126 3591 3195 μυρίων
3650 3122 3817 3174 ἄλλων

2199 3218 2375 3281 γενῶν,
2432 3210 2499 3259 ὧν
2550 3212 2613 3261 τά
2664 3212 2755 3280 μὲν
2798 3210 2981 3283 όροὶται
3028 3212 3286 3282 χειροήθη
3338 3214 3597 3282 γινόμενα,
3640 3213 3707 3262 τά
3756 3208 3819 3264 δε

2202 3297 2459 3358 παντελῶς
2504 3302 2597 3355 την
2646 3300 2773 3369 πρὸς
2817 3296 3098 3369 ἀνθρώπων
3143 3298 3370 3369 ὁμιλίαν,
3412 3303 3500 3350 καὶ
3548 3302 3605 3350 τὸ
3660 3299 3820 3373 ὁμορο

2198 3388 2373 3460 ρόφιον
2441 3386 2860 3460 ἀποστρέφει-αα
2918 3393 3082 3439 Τοῦτο
3146 3394 3270 3458 γοῦν
3329 3392 3418 3439 καὶ
3476 3388 3501 3438 6
3555 3391 3820 3460 μακάριος

2200 3474 2382 3536 ἐκεῖνος
2438 3481 2527 3527 καὶ
2585 3477 2718 3536 θεῖος
2784 3477 3072 3549 ἅνθρωπος,
3132 3480 3270 3551 εῖπερ
3338 3496 3413 3537 τις
3489 3476 3658 3541 ἄλλος,
3730 3475 3818 3530 οἶα

2201 3561 2267 3622 δὴ
2330 3564 2560 3623 μάλιστα
2614 3569 2703 3615 καὶ
2757 3567 3072 3637 νομομαθης,
3137 3564 3306 3629 εἰδὼς,
3356 3573 3452 3627 τῆς
3500 3566 3817 3629 Ἐκκλησίας

2199 3656 2227 3711 ἠ
2298 3654 2543 3724 σάλπιγξ,
2606 3655 2631 3705 ό
2684 3662 2797 3714 νοῦς
2854 3655 2879 3705 6
2928 3656 3225 3727 μετάρσιος,
3281 3659 3370 3706 καὶ
3428 3660 3517 3713 τὴν
3565 3660 3814 3728 πρόνοιαν

2199 3742 2525 3816 ἀνηρτῆσθαι
2574 3745 2775 3794 πάντων
2840 3741 3130 3813 πολλαχοῦ,
3194 3748 3284 3795 καὶ
3338 3743 3585 3806 πολλάκις
3620 3742 3817 3803 ἀνακηο

2196 3834 2366 3904 ρύττει
2415 3840 2547 3895 Θεῶ,
2594 3837 2683 3883 καὶ
2730 3835 2850 3891 τοὺς
2898 3837 3011 3905 περὶ
3068 3840 3167 3883 τῶν
3222 3831 3418 3903 ἀλόγων
3477 3838 3687 3905 νόμους,
3738 3835 3816 3894 οἷς

2198 3923 2467 3993 ἐχρήσατο
2513 3924 2570 3971 τὸ
2610 3924 2831 3993 γράμμα
2865 3924 2922 3971 τό
2972 3924 3275 3989 Μερσαῐκόν,
3317 3922 3375 3973 ού
3422 3918 3516 3973 διὰ
3558 3925 3645 3973 τὸν
3680 3920 3811 3974 ἐκεί·

2196 4030 2295 4060 νων
2351 4008 2467 4081 βίον
2538 4011 2888 4067 θεσπισθῆναι
2942 4014 3347 4081 προηγουμένως
3420 4008 3760 4082 ἀποφαίνεται
3796 4028 3811 4041 ·

2196 4094 2321 4151 ούδε
2378 4105 2629 4150 τοσοῦτον
2692 4097 2861 4149 αὐτῶν
2934 4097 3131 4169 μελλειν
3201 4107 3273 4168 τῷ
3330 4107 3465 4169 Θεῷ,
3528 4101 3663 4157 ώστε
3720 4105 3814 4152 καὶ

2198 4189 2423 4259 θεσμοὺς
2498 4187 2568 4247 εἰς
2645 4191 2740 4244 τὴν
2799 4186 2999 4239 ἐκείνων
3076 4188 3335 4239 πολιτείαν
3403 4186 3813 4262 ἀναφερομένους

2196 4276 2625 4348 ἀναγράφεσθαι⁸
2682 4274 2787 4327 ἀλλ’
2844 4274 2926 4327 ἐπὶ
2982 4272 3346 4348 παιδαγωγίᾳ,
3387 4282 3477 4329 καὶ
3527 4278 3815 4349 νομοθεσίᾳ

2194 4374 2284 4417 τοῦ
2341 4362 2621 4433 δυσηνίου,
2680 4370 2769 4416 καὶ
2822 4361 3118 4418 Ἰουδαϊκοῦ
3173 4367 3369 4429 ἔθνους,
3420 4368 3511 4416 καὶ
3556 4365 3809 4438 ῥηθῆναι,

2194 4461 2282 4507 καὶ
2323 4453 2685 4526 ἀναγραφῆναι
2731 4456 3029 4525 σοφωτάτη,
3062 4458 3152 4505 καὶ
3203 4458 3589 4527 συνεπτυγμένη
3636 4459 3814 4528 κρίσει

2194 4539 2563 4615 παραδίδωσι.

2265 4631 2423 4689 Δῆλον
2477 4627 2585 4697 οὖν,
2646 4634 2709 4691 ὡς
2760 4631 2819 4682 ού
2868 4635 3020 4703 μόνον
3067 4628 3216 4683 ούδεν
3267 4628 3510 4703 οὐδαμῶς
3562 4632 3587 4682 ό
3640 4631 3814 4703 κῆρυξ

2195 4720 2617 4792 ἀντιφθέγγετται
2668 4724 2791 4795 πρὸς
2820 4724 2881 4773 τά
2912 4716 3243 4772 διδασκάλου
3286 4717 3598 4793 διδάγματα
3629 4733 3642 4746 ⁸
3680 4718 3813 4771 ἀλλά

2195 4815 2281 4861 καὶ
2314 4808 2599 4881 βεϐαίωσις
2646 4809 2813 4861 αὐτῶν
2850 4811 3190 4875 καθίσταται,
3223 4809 3456 4881 μάλιστα
3485 4808 3533 4860 ἐν
3572 4816 3644 4877 τῷ
3690 4804 3812 4859 δια-

2195 4903 2331 4971 φόρῳ
2380 4906 2477 4948 τῶν
2518 4899 2808 4949 ὑποθέσεων
2855 4902 2943 4948 καὶ
2987 4902 3079 4955 τὴν
3129 4894 3383 4970 διαφορὰν
3433 4904 3529 4958 τῆς
3559 4901 3811 4969 χρήσεως

2193 4985 2519 5045 καταλλήλως
2596 4983 2979 5058 διορθούμενος,
3064 4991 3152 5037 καὶ
3240 4987 3505 5058 φυλάττων
3608 4984 3805 5057 ἑκάστη

2193 5080 2355 5148 χρείᾳ
2412 5078 2469 5127 τό
2523 5083 2617 5137 τῆς
2660 5076 2870 5146 θεωρίας
2924 5071 3314 5149 διακεκριμένον
3350 5075 3683 5145 ἀσύγχυτον,
3717 5078 3811 5125 καὶ

2194 5168 2345 5236 νόμον
2386 5170 2495 5225 τοίς
2534 5161 2795 5215 εύσεϐέσιν
2828 5164 3009 5217 ἑαυτὸν
3054 5166 3335 5238 προτιθεὶς,
3379 5165 3516 5225 ὅπως
3546 5166 3657 5236 χρὴ
3708 5170 3811 5213 τῶν

2324 5264 2368 5298 ⁴ι
2400 5262 2566 5318 Deut.
2601 5278 2743 5329 xxu,
2774 5263 2829 5317 9.
2942 5263 2989 5296 ⁴²
3017 5263 3187 5318 Deut.
3239 5276 3377 5329 xxu,
3414 5262 3503 5317 11.
3620 5262 3667 5295 ⁸³
3704 5262 3813 5316 Le-

1997 5433 2229 5489 NOTAE.

497 5526 611 5602 (62)
638 5530 706 5581 T6
736 5530 960 5605 παρέτου
994 5527 1201 5585 sufﬁce
1231 5536 1301 5601 τῷ
1335 5530 1570 5604 πάρετος,
1610 5533 1713 5587 aut
1743 5528 1935 5586 scribe
1967 5532 2089 5604 παρ’

2203 5550 2280 5597 ος,
2315 5530 2447 5603 legis
2481 5530 2542 5589 in
2569 5535 2742 5602 gente
2783 5545 2893 5589 sua
2919 5528 3197 5601 vigentis.
