  <div class='ocr_page' id='page_1' title='image "/cluster/home/n/w/nwhite01/storage/ocr_20150623/101/hvd.32044054112305/132.png"; bbox 0 0 4126 6190; ppageno 0'>
   <div class='ocr_carea' id='block_1_1' title="bbox 215 373 1472 450">
    <p class='ocr_par' dir='ltr' id='par_1_1' title="bbox 215 373 1472 450">
     <span class='ocr_line' id='line_1_1' title="bbox 215 373 1472 450; baseline -0.005 -20"><span class='ocrx_word' id='word_1_1' title='bbox 215 379 366 450; x_wconf 71' lang='grc' dir='ltr'>ἱερῶν</span> <span class='ocrx_word' id='word_1_2' title='bbox 421 378 572 448; x_wconf 79' lang='grc' dir='ltr'>ἡμῶν</span> <span class='ocrx_word' id='word_1_3' title='bbox 614 380 823 446; x_wconf 78' lang='grc' dir='ltr'>Λογίων</span> <span class='ocrx_word' id='word_1_4' title='bbox 870 377 958 426; x_wconf 86' lang='grc' dir='ltr'>τὸν</span> <span class='ocrx_word' id='word_1_5' title='bbox 1013 381 1129 426; x_wconf 84' lang='grc' dir='ltr'>νοῦν</span> <span class='ocrx_word' id='word_1_6' title='bbox 1182 373 1472 444; x_wconf 69' lang='grc' dir='ltr'>ἀνιχνεῦειν</span> 
     </span>
    </p>
   </div>
   <div class='ocr_carea' id='block_1_2' title="bbox 215 459 1822 540">
    <p class='ocr_par' dir='ltr' id='par_1_2' title="bbox 215 459 1822 540">
     <span class='ocr_line' id='line_1_2' title="bbox 215 459 1822 540; baseline -0.003 -21"><span class='ocrx_word' id='word_1_7' title='bbox 215 471 490 539; x_wconf 71' lang='grc' dir='ltr'>προχείρῳ</span> <span class='ocrx_word' id='word_1_8' title='bbox 547 474 648 517; x_wconf 89' lang='grc' dir='ltr'><strong>τῶν</strong></span> <span class='ocrx_word' id='word_1_9' title='bbox 717 467 984 540; x_wconf 77' lang='grc' dir='ltr'>ῥημάτων,</span> <span class='ocrx_word' id='word_1_10' title='bbox 1077 472 1170 524; x_wconf 80' lang='grc' dir='ltr'>τῆς</span> <span class='ocrx_word' id='word_1_11' title='bbox 1249 459 1480 524; x_wconf 74' lang='grc' dir='ltr'>διανοίας</span> <span class='ocrx_word' id='word_1_12' title='bbox 1555 462 1822 534; x_wconf 84' lang='grc' dir='ltr'>ἀντιφθεγ-</span> 
     </span>
    </p>
   </div>
   <div class='ocr_carea' id='block_1_3' title="bbox 211 551 1826 628">
    <p class='ocr_par' dir='ltr' id='par_1_3' title="bbox 211 551 1826 628">
     <span class='ocr_line' id='line_1_3' title="bbox 211 551 1826 628; baseline -0.002 -20"><span class='ocrx_word' id='word_1_13' title='bbox 211 562 460 627; x_wconf 73' lang='grc' dir='ltr'>γομένης,</span> <span class='ocrx_word' id='word_1_14' title='bbox 517 555 752 627; x_wconf 86' lang='grc' dir='ltr'>μάλιστα</span> <span class='ocrx_word' id='word_1_15' title='bbox 842 559 914 626; x_wconf 77' lang='grc' dir='ltr'>μὴ</span> <span class='ocrx_word' id='word_1_16' title='bbox 997 557 1132 604; x_wconf 86' lang='grc' dir='ltr'><strong>κατά</strong></span> <span class='ocrx_word' id='word_1_17' title='bbox 1197 556 1254 603; x_wconf 84' lang='grc' dir='ltr'>τὸ</span> <span class='ocrx_word' id='word_1_18' title='bbox 1321 551 1446 628; x_wconf 74' lang='grc' dir='ltr'>ῥᾷον</span> <span class='ocrx_word' id='word_1_19' title='bbox 1525 555 1826 626; x_wconf 83' lang='grc' dir='ltr'>παρασύρε-</span> 
     </span>
    </p>
   </div>
   <div class='ocr_carea' id='block_1_4' title="bbox 217 646 367 698">
    <p class='ocr_par' dir='ltr' id='par_1_4' title="bbox 217 646 367 698">
     <span class='ocr_line' id='line_1_4' title="bbox 217 646 367 698; baseline 0.007 -2"><span class='ocrx_word' id='word_1_20' title='bbox 217 646 367 698; x_wconf 56' lang='grc' dir='ltr'>σθαι</span> 
     </span>
    </p>
   </div>
   <div class='ocr_carea' id='block_1_5' title="bbox 289 728 1824 802">
    <p class='ocr_par' dir='ltr' id='par_1_5' title="bbox 289 728 1824 802">
     <span class='ocr_line' id='line_1_5' title="bbox 289 728 1824 802; baseline -0.001 -17"><span class='ocrx_word' id='word_1_21' title='bbox 289 731 530 785; x_wconf 74' lang='grc' dir='ltr'>’Ἑνεστιν</span> <span class='ocrx_word' id='word_1_22' title='bbox 587 729 676 784; x_wconf 79' lang='grc' dir='ltr'>οὖν</span> <span class='ocrx_word' id='word_1_23' title='bbox 726 728 1036 801; x_wconf 72' lang='grc' dir='ltr'><strong>διδασκάλῳ</strong></span> <span class='ocrx_word' id='word_1_24' title='bbox 1087 738 1160 802; x_wconf 82' lang='grc' dir='ltr'>τῷ</span> <span class='ocrx_word' id='word_1_25' title='bbox 1193 739 1345 801; x_wconf 82' lang='grc' dir='ltr'>κοινῷ</span> <span class='ocrx_word' id='word_1_26' title='bbox 1389 738 1482 792; x_wconf 84' lang='grc' dir='ltr'>τῆς</span> <span class='ocrx_word' id='word_1_27' title='bbox 1513 729 1824 792; x_wconf 80' lang='grc' dir='ltr'>Ἐκκλησίας</span> 
     </span>
    </p>
   </div>
   <div class='ocr_carea' id='block_1_6' title="bbox 219 819 1825 896">
    <p class='ocr_par' dir='ltr' id='par_1_6' title="bbox 219 819 1825 896">
     <span class='ocr_line' id='line_1_6' title="bbox 219 819 1825 896; baseline -0.002 -22"><span class='ocrx_word' id='word_1_28' title='bbox 219 819 540 893; x_wconf 70' lang='grc' dir='ltr'><strong>διδασκάλῳ</strong></span> <span class='ocrx_word' id='word_1_29' title='bbox 565 827 856 896; x_wconf 83' lang='grc' dir='ltr'>χρώμενον,</span> <span class='ocrx_word' id='word_1_30' title='bbox 885 819 958 881; x_wconf 79' lang='grc' dir='ltr'>οἷς</span> <span class='ocrx_word' id='word_1_31' title='bbox 1001 823 1127 892; x_wconf 82' lang='grc' dir='ltr'>ἔρως</span> <span class='ocrx_word' id='word_1_32' title='bbox 1174 823 1264 892; x_wconf 73' lang='grc' dir='ltr'>μὲν</span> <span class='ocrx_word' id='word_1_33' title='bbox 1304 821 1334 877; x_wconf 78' lang='grc' dir='ltr'>ἡ</span> <span class='ocrx_word' id='word_1_34' title='bbox 1383 819 1636 887; x_wconf 74' lang='grc' dir='ltr'>εὐσέϐεια,</span> <span class='ocrx_word' id='word_1_35' title='bbox 1681 823 1825 896; x_wconf 80' lang='grc' dir='ltr'>ἔργον</span> 
     </span>
    </p>
   </div>
   <div class='ocr_carea' id='block_1_7' title="bbox 219 907 1826 984">
    <p class='ocr_par' dir='ltr' id='par_1_7' title="bbox 219 907 1826 984">
     <span class='ocr_line' id='line_1_7' title="bbox 219 907 1826 984; baseline 0 -22"><span class='ocrx_word' id='word_1_36' title='bbox 219 907 282 962; x_wconf 76' lang='grc' dir='ltr'><strong>δὲ</strong></span> <span class='ocrx_word' id='word_1_37' title='bbox 339 916 528 982; x_wconf 81' lang='grc' dir='ltr'>σοφίας</span> <span class='ocrx_word' id='word_1_38' title='bbox 571 912 601 968; x_wconf 74' lang='grc' dir='ltr'><strong>η</strong></span> <span class='ocrx_word' id='word_1_39' title='bbox 655 907 946 984; x_wconf 81' lang='grc' dir='ltr'>διάκρισις,</span> <span class='ocrx_word' id='word_1_40' title='bbox 1019 915 1107 962; x_wconf 83' lang='grc' dir='ltr'>καὶ</span> <span class='ocrx_word' id='word_1_41' title='bbox 1165 911 1192 967; x_wconf 74' lang='grc' dir='ltr'>ἡ</span> <span class='ocrx_word' id='word_1_42' title='bbox 1247 910 1435 961; x_wconf 72' lang='grc' dir='ltr'>ἀνωθεν</span> <span class='ocrx_word' id='word_1_43' title='bbox 1510 918 1610 962; x_wconf 88' lang='grc' dir='ltr'><strong>τῶν</strong></span> <span class='ocrx_word' id='word_1_44' title='bbox 1662 909 1826 981; x_wconf 87' lang='grc' dir='ltr'>λόγων</span> 
     </span>
    </p>
   </div>
   <div class='ocr_carea' id='block_1_8' title="bbox 217 999 1825 1073">
    <p class='ocr_par' dir='ltr' id='par_1_8' title="bbox 217 999 1825 1073">
     <span class='ocr_line' id='line_1_8' title="bbox 217 999 1825 1073; baseline 0.001 -22"><span class='ocrx_word' id='word_1_45' title='bbox 217 1003 402 1073; x_wconf 81' lang='grc' dir='ltr'>χάρις,</span> <span class='ocrx_word' id='word_1_46' title='bbox 452 999 823 1070; x_wconf 78' lang='grc' dir='ltr'>ἐναυγάζουσα</span> <span class='ocrx_word' id='word_1_47' title='bbox 865 1001 1001 1051; x_wconf 75' lang='grc' dir='ltr'><strong>κατά</strong></span> <span class='ocrx_word' id='word_1_48' title='bbox 1055 1003 1281 1070; x_wconf 78' lang='grc' dir='ltr'><strong>μίμησιν</strong></span> <span class='ocrx_word' id='word_1_49' title='bbox 1329 1005 1420 1050; x_wconf 85' lang='grc' dir='ltr'>τοῦ</span> <span class='ocrx_word' id='word_1_50' title='bbox 1473 1001 1825 1072; x_wconf 75' lang='grc' dir='ltr'><strong>καθηγεμόνος</strong></span> 
     </span>
    </p>
   </div>
   <div class='ocr_carea' id='block_1_9' title="bbox 217 1083 1824 1160">
    <p class='ocr_par' dir='ltr' id='par_1_9' title="bbox 217 1083 1824 1160">
     <span class='ocr_line' id='line_1_9' title="bbox 217 1083 1824 1160; baseline 0 -20"><span class='ocrx_word' id='word_1_51' title='bbox 217 1085 588 1159; x_wconf 65' lang='grc' dir='ltr'>μεθοδεύοντα,</span> <span class='ocrx_word' id='word_1_52' title='bbox 645 1095 986 1160; x_wconf 75' lang='grc' dir='ltr'><strong>φανερώτερον</strong></span> <span class='ocrx_word' id='word_1_53' title='bbox 1052 1091 1126 1140; x_wconf 80' lang='grc' dir='ltr'><strong>ἔτι</strong></span> <span class='ocrx_word' id='word_1_54' title='bbox 1177 1083 1460 1153; x_wconf 76' lang='grc' dir='ltr'><strong>δεικνύναι,</strong></span> <span class='ocrx_word' id='word_1_55' title='bbox 1535 1089 1602 1149; x_wconf 82' lang='grc' dir='ltr'>ὡς</span> <span class='ocrx_word' id='word_1_56' title='bbox 1671 1085 1824 1140; x_wconf 67' lang='grc' dir='ltr'>οὐδὲν</span> 
     </span>
    </p>
   </div>
   <div class='ocr_carea' id='block_1_10' title="bbox 219 1179 1824 1252">
    <p class='ocr_par' dir='ltr' id='par_1_10' title="bbox 219 1179 1824 1252">
     <span class='ocr_line' id='line_1_10' title="bbox 219 1179 1824 1252; baseline -0.004 -18"><span class='ocrx_word' id='word_1_57' title='bbox 219 1180 250 1234; x_wconf 69' lang='grc' dir='ltr'><strong>ἡ</strong></span> <span class='ocrx_word' id='word_1_58' title='bbox 285 1181 504 1236; x_wconf 73' lang='grc' dir='ltr'>τοιαύτη</span> <span class='ocrx_word' id='word_1_59' title='bbox 565 1187 666 1229; x_wconf 85' lang='grc' dir='ltr'><strong>τῶν</strong></span> <span class='ocrx_word' id='word_1_60' title='bbox 708 1179 954 1252; x_wconf 76' lang='grc' dir='ltr'><strong>ῥημάτων</strong></span> <span class='ocrx_word' id='word_1_61' title='bbox 1006 1184 1208 1249; x_wconf 79' lang='grc' dir='ltr'>χρῆσις</span> <span class='ocrx_word' id='word_1_62' title='bbox 1263 1181 1380 1230; x_wconf 74' lang='grc' dir='ltr'>οὔτε</span> <span class='ocrx_word' id='word_1_63' title='bbox 1421 1197 1473 1228; x_wconf 88' lang='grc' dir='ltr'><strong>τι</strong></span> <span class='ocrx_word' id='word_1_64' title='bbox 1525 1185 1624 1228; x_wconf 86' lang='grc' dir='ltr'><strong>τῶν</strong></span> <span class='ocrx_word' id='word_1_65' title='bbox 1679 1179 1824 1249; x_wconf 77' lang='grc' dir='ltr'>ἱερῶν</span> 
     </span>
    </p>
   </div>
   <div class='ocr_carea' id='block_1_11' title="bbox 1648 1275 1826 1338">
    <p class='ocr_par' dir='ltr' id='par_1_11' title="bbox 1648 1275 1826 1338">
     <span class='ocr_line' id='line_1_11' title="bbox 1648 1275 1826 1338; baseline -0.011 -19"><span class='ocrx_word' id='word_1_66' title='bbox 1648 1275 1826 1338; x_wconf 86' lang='grc' dir='ltr'>μῶμον</span> 
     </span>
    </p>
   </div>
   <div class='ocr_carea' id='block_1_12' title="bbox 219 1354 1826 1428">
    <p class='ocr_par' dir='ltr' id='par_1_12' title="bbox 219 1354 1826 1428">
     <span class='ocr_line' id='line_1_12' title="bbox 219 1354 1826 1428; baseline -0.001 -20"><span class='ocrx_word' id='word_1_67' title='bbox 219 1355 562 1428; x_wconf 78' lang='grc' dir='ltr'>ἐπιτρίϐεται,</span> <span class='ocrx_word' id='word_1_68' title='bbox 611 1354 740 1407; x_wconf 84' lang='grc' dir='ltr'><strong>ἀλλά</strong></span> <span class='ocrx_word' id='word_1_69' title='bbox 781 1360 870 1408; x_wconf 86' lang='grc' dir='ltr'>καὶ</span> <span class='ocrx_word' id='word_1_70' title='bbox 911 1355 1208 1408; x_wconf 69' lang='grc' dir='ltr'>τούναντίον</span> <span class='ocrx_word' id='word_1_71' title='bbox 1267 1354 1404 1407; x_wconf 84' lang='grc' dir='ltr'>οἷπαν</span> <span class='ocrx_word' id='word_1_72' title='bbox 1451 1358 1508 1406; x_wconf 89' lang='grc' dir='ltr'>τὸ</span> <span class='ocrx_word' id='word_1_73' title='bbox 1555 1358 1826 1427; x_wconf 78' lang='grc' dir='ltr'>σύμφωνον</span> 
     </span>
    </p>
   </div>
   <div class='ocr_carea' id='block_1_13' title="bbox 219 1263 1580 1338">
    <p class='ocr_par' dir='ltr' id='par_1_13' title="bbox 219 1263 1580 1338">
     <span class='ocr_line' id='line_1_13' title="bbox 219 1263 1580 1338; baseline -0.001 -21"><span class='ocrx_word' id='word_1_74' title='bbox 219 1269 372 1338; x_wconf 70' lang='grc' dir='ltr'>ἡμῶν</span> <span class='ocrx_word' id='word_1_75' title='bbox 431 1263 712 1338; x_wconf 73' lang='grc' dir='ltr'><strong>δογμάτων</strong></span> <span class='ocrx_word' id='word_1_76' title='bbox 787 1265 1195 1338; x_wconf 87' lang='grc' dir='ltr'>ἐπιλυμαίνεται,</span> <span class='ocrx_word' id='word_1_77' title='bbox 1291 1269 1407 1318; x_wconf 72' lang='grc' dir='ltr'>οὔτε</span> <span class='ocrx_word' id='word_1_78' title='bbox 1463 1268 1580 1317; x_wconf 78' lang='grc' dir='ltr'>τινὰ</span> 
     </span>
    </p>
   </div>
   <div class='ocr_carea' id='block_1_14' title="bbox 221 1441 1828 1518">
    <p class='ocr_par' dir='ltr' id='par_1_14' title="bbox 221 1441 1828 1518">
     <span class='ocr_line' id='line_1_14' title="bbox 221 1441 1828 1518; baseline -0.001 -21"><span class='ocrx_word' id='word_1_79' title='bbox 221 1465 278 1497; x_wconf 84' lang='grc' dir='ltr'><strong>τε</strong></span> <span class='ocrx_word' id='word_1_80' title='bbox 319 1451 410 1497; x_wconf 82' lang='grc' dir='ltr'>καὶ</span> <span class='ocrx_word' id='word_1_81' title='bbox 459 1441 780 1502; x_wconf 72' lang='grc' dir='ltr'>ἀδιάϐλητον</span> <span class='ocrx_word' id='word_1_82' title='bbox 837 1446 1230 1518; x_wconf 79' lang='grc' dir='ltr'>συνεργάζεται.</span> <span class='ocrx_word' id='word_1_83' title='bbox 1283 1445 1404 1495; x_wconf 81' lang='grc' dir='ltr'>Οἷον</span> <span class='ocrx_word' id='word_1_84' title='bbox 1455 1443 1828 1516; x_wconf 81' lang='grc' dir='ltr'>ἀσπλαγχνίας</span> 
     </span>
    </p>
   </div>
   <div class='ocr_carea' id='block_1_15' title="bbox 219 1533 1829 1608">
    <p class='ocr_par' dir='ltr' id='par_1_15' title="bbox 219 1533 1829 1608">
     <span class='ocr_line' id='line_1_15' title="bbox 219 1533 1829 1608; baseline -0.001 -23"><span class='ocrx_word' id='word_1_85' title='bbox 219 1554 306 1594; x_wconf 84' lang='grc' dir='ltr'><strong>τις</strong></span> <span class='ocrx_word' id='word_1_86' title='bbox 353 1540 446 1586; x_wconf 81' lang='grc' dir='ltr'>καὶ</span> <span class='ocrx_word' id='word_1_87' title='bbox 491 1533 856 1607; x_wconf 82' lang='grc' dir='ltr'>ἀσυμπαθείας</span> <span class='ocrx_word' id='word_1_88' title='bbox 897 1534 1151 1606; x_wconf 81' lang='grc' dir='ltr'>μεθέλκων</span> <span class='ocrx_word' id='word_1_89' title='bbox 1199 1536 1332 1598; x_wconf 86' lang='grc' dir='ltr'>τινά,</span> <span class='ocrx_word' id='word_1_90' title='bbox 1375 1535 1405 1592; x_wconf 78' lang='grc' dir='ltr'><strong>ἦ</strong></span> <span class='ocrx_word' id='word_1_91' title='bbox 1477 1537 1604 1608; x_wconf 87' lang='grc' dir='ltr'>πρὸς</span> <span class='ocrx_word' id='word_1_92' title='bbox 1664 1533 1829 1592; x_wconf 86' lang='grc' dir='ltr'>ἀπλη-</span> 
     </span>
    </p>
   </div>
   <div class='ocr_carea' id='block_1_16' title="bbox 225 1623 1828 1697">
    <p class='ocr_par' dir='ltr' id='par_1_16' title="bbox 225 1623 1828 1697">
     <span class='ocr_line' id='line_1_16' title="bbox 225 1623 1828 1697; baseline 0 -22"><span class='ocrx_word' id='word_1_93' title='bbox 225 1628 380 1675; x_wconf 86' lang='grc' dir='ltr'>στίαν</span> <span class='ocrx_word' id='word_1_94' title='bbox 427 1625 649 1697; x_wconf 78' lang='grc' dir='ltr'><strong>ῥέουσαν</strong></span> <span class='ocrx_word' id='word_1_95' title='bbox 694 1623 1052 1694; x_wconf 77' lang='grc' dir='ltr'>ἀναχαιτίζων</span> <span class='ocrx_word' id='word_1_96' title='bbox 1094 1629 1325 1695; x_wconf 78' lang='grc' dir='ltr'><strong>γνώμην,</strong></span> <span class='ocrx_word' id='word_1_97' title='bbox 1371 1623 1402 1680; x_wconf 72' lang='grc' dir='ltr'><em>ἦ</em></span> <span class='ocrx_word' id='word_1_98' title='bbox 1457 1629 1572 1684; x_wconf 84' lang='grc' dir='ltr'>ταῖς</span> <span class='ocrx_word' id='word_1_99' title='bbox 1627 1623 1828 1694; x_wconf 81' lang='grc' dir='ltr'>ὶγνύσιν</span> 
     </span>
    </p>
   </div>
   <div class='ocr_carea' id='block_1_17' title="bbox 1257 239 2513 314">
    <p class='ocr_par' dir='ltr' id='par_1_17' title="bbox 1257 239 2513 314">
     <span class='ocr_line' id='line_1_17' title="bbox 1257 239 2513 314; baseline 0.002 -12"><span class='ocrx_word' id='word_1_100' title='bbox 1257 239 1352 302; x_wconf 77' lang='lat' dir='ltr'><strong>AD</strong></span> <span class='ocrx_word' id='word_1_101' title='bbox 1392 243 1940 304; x_wconf 78' lang='lat' dir='ltr'><strong>AMPHILOCHIUM</strong></span> <span class='ocrx_word' id='word_1_102' title='bbox 1981 243 2306 314; x_wconf 68' lang='lat' dir='ltr'><strong>QUAESTIO</strong></span> <span class='ocrx_word' id='word_1_103' title='bbox 2347 247 2513 304; x_wconf 79' lang='lat' dir='ltr'><strong>XXX.</strong></span> 
     </span>
    </p>
   </div>
   <div class='ocr_carea' id='block_1_18' title="bbox 3479 253 3583 309">
    <p class='ocr_par' dir='ltr' id='par_1_18' title="bbox 3479 253 3583 309">
     <span class='ocr_line' id='line_1_18' title="bbox 3479 253 3583 309; baseline 0.01 -1"><span class='ocrx_word' id='word_1_104' title='bbox 3479 253 3583 309; x_wconf 66' lang='lat'><strong>226</strong></span> 
     </span>
    </p>
   </div>
   <div class='ocr_carea' id='block_1_19' title="bbox 1534 374 3586 452">
    <p class='ocr_par' dir='ltr' id='par_1_19' title="bbox 1534 374 3586 452">
     <span class='ocr_line' id='line_1_19' title="bbox 1534 374 3586 452; baseline 0.006 -27"><span class='ocrx_word' id='word_1_105' title='bbox 1534 392 1544 403; x_wconf 92' lang='lat'><strong>-</strong></span> <span class='ocrx_word' id='word_1_106' title='bbox 1604 379 1693 427; x_wconf 83' lang='grc' dir='ltr'>καὶ</span> <span class='ocrx_word' id='word_1_107' title='bbox 1748 383 1821 444; x_wconf 80' lang='grc' dir='ltr'>τῷ</span> <span class='ocrx_word' id='word_1_108' title='bbox 1855 374 1901 424; x_wconf 83' lang='grc' dir='ltr'><strong>Α</strong></span> <span class='ocrx_word' id='word_1_109' title='bbox 1935 390 2242 430; x_wconf 85' lang='lat' dir='ltr'><strong>sacrarum</strong></span> <span class='ocrx_word' id='word_1_110' title='bbox 2277 376 2624 433; x_wconf 77' lang='lat' dir='ltr'><strong>Litterarum</strong></span> <span class='ocrx_word' id='word_1_111' title='bbox 2663 392 2872 434; x_wconf 88' lang='lat' dir='ltr'><strong>sensus</strong></span> <span class='ocrx_word' id='word_1_112' title='bbox 2917 377 3277 448; x_wconf 77' lang='lat' dir='ltr'><strong>investigari,</strong></span> <span class='ocrx_word' id='word_1_113' title='bbox 3307 393 3416 434; x_wconf 89' lang='lat' dir='ltr'><strong>nec</strong></span> <span class='ocrx_word' id='word_1_114' title='bbox 3445 395 3586 452; x_wconf 88' lang='lat' dir='ltr'><strong>pro-</strong></span> 
     </span>
    </p>
   </div>
   <div class='ocr_carea' id='block_1_20' title="bbox 1936 465 3580 540">
    <p class='ocr_par' dir='ltr' id='par_1_20' title="bbox 1936 465 3580 540">
     <span class='ocr_line' id='line_1_20' title="bbox 1936 465 3580 540; baseline 0.005 -22"><span class='ocrx_word' id='word_1_115' title='bbox 1936 465 2105 520; x_wconf 89' lang='lat' dir='ltr'><strong>obvia</strong></span> <span class='ocrx_word' id='word_1_116' title='bbox 2129 465 2440 522; x_wconf 78' lang='lat' dir='ltr'><strong>verborum</strong></span> <span class='ocrx_word' id='word_1_117' title='bbox 2464 467 2725 533; x_wconf 88' lang='lat' dir='ltr'><strong>notione,</strong></span> <span class='ocrx_word' id='word_1_118' title='bbox 2757 467 2858 523; x_wconf 90' lang='lat' dir='ltr'><strong>ubi</strong></span> <span class='ocrx_word' id='word_1_119' title='bbox 2879 471 3036 524; x_wconf 90' lang='lat' dir='ltr'><strong>recta</strong></span> <span class='ocrx_word' id='word_1_120' title='bbox 3081 467 3230 524; x_wconf 83' lang='lat' dir='ltr'><strong>ratio</strong></span> <span class='ocrx_word' id='word_1_121' title='bbox 3271 473 3580 540; x_wconf 79' lang='lat' dir='ltr'><strong>repugnat,</strong></span> 
     </span>
    </p>
   </div>
   <div class='ocr_carea' id='block_1_21' title="bbox 1933 553 3276 625">
    <p class='ocr_par' dir='ltr' id='par_1_21' title="bbox 1933 553 3276 625">
     <span class='ocr_line' id='line_1_21' title="bbox 1933 553 3276 625; baseline 0.003 -17"><span class='ocrx_word' id='word_1_122' title='bbox 1933 553 1993 608; x_wconf 91' lang='lat' dir='ltr'><strong>in</strong></span> <span class='ocrx_word' id='word_1_123' title='bbox 2022 568 2084 609; x_wconf 86' lang='lat' dir='ltr'><strong>re</strong></span> <span class='ocrx_word' id='word_1_124' title='bbox 2111 557 2440 625; x_wconf 67' lang='lat' dir='ltr'><strong>praesertim</strong></span> <span class='ocrx_word' id='word_1_125' title='bbox 2470 553 2630 612; x_wconf 87' lang='lat' dir='ltr'><strong>facili</strong></span> <span class='ocrx_word' id='word_1_126' title='bbox 2659 556 2719 612; x_wconf 90' lang='lat' dir='ltr'><strong>in</strong></span> <span class='ocrx_word' id='word_1_127' title='bbox 2749 572 3011 614; x_wconf 91' lang='lat' dir='ltr'><strong>errorem</strong></span> <span class='ocrx_word' id='word_1_128' title='bbox 3037 555 3276 613; x_wconf 90' lang='lat' dir='ltr'><strong>abduci.</strong></span> 
     </span>
    </p>
   </div>
   <div class='ocr_carea' id='block_1_22' title="bbox 2007 731 3584 802">
    <p class='ocr_par' dir='ltr' id='par_1_22' title="bbox 2007 731 3584 802">
     <span class='ocr_line' id='line_1_22' title="bbox 2007 731 3584 802; baseline 0.005 -17"><span class='ocrx_word' id='word_1_129' title='bbox 2007 731 2186 802; x_wconf 85' lang='lat' dir='ltr'><strong>Igitur</strong></span> <span class='ocrx_word' id='word_1_130' title='bbox 2197 731 2502 789; x_wconf 89' lang='lat' dir='ltr'><strong>doctorem</strong></span> <span class='ocrx_word' id='word_1_131' title='bbox 2521 733 2710 800; x_wconf 86' lang='lat' dir='ltr'><strong>decet,</strong></span> <span class='ocrx_word' id='word_1_132' title='bbox 2730 734 3022 791; x_wconf 89' lang='lat' dir='ltr'><strong>communi</strong></span> <span class='ocrx_word' id='word_1_133' title='bbox 3051 735 3322 792; x_wconf 59' lang='lat' dir='ltr'><strong>Ecclesia</strong></span> <span class='ocrx_word' id='word_1_134' title='bbox 3339 736 3584 793; x_wconf 90' lang='lat' dir='ltr'><strong>doctore</strong></span> 
     </span>
    </p>
   </div>
   <div class='ocr_carea' id='block_1_23' title="bbox 1937 819 3586 896">
    <p class='ocr_par' dir='ltr' id='par_1_23' title="bbox 1937 819 3586 896">
     <span class='ocr_line' id='line_1_23' title="bbox 1937 819 3586 896; baseline 0.004 -23"><span class='ocrx_word' id='word_1_135' title='bbox 1937 825 2217 886; x_wconf 85' lang='lat' dir='ltr'><strong>utentem,</strong></span> <span class='ocrx_word' id='word_1_136' title='bbox 2246 819 2340 886; x_wconf 87' lang='lat' dir='ltr'><strong>iis,</strong></span> <span class='ocrx_word' id='word_1_137' title='bbox 2396 821 2616 893; x_wconf 86' lang='lat' dir='ltr'><strong>quibus</strong></span> <span class='ocrx_word' id='word_1_138' title='bbox 2672 822 2831 878; x_wconf 91' lang='lat' dir='ltr'><strong>cordi</strong></span> <span class='ocrx_word' id='word_1_139' title='bbox 2875 827 2963 878; x_wconf 90' lang='lat' dir='ltr'><strong>est</strong></span> <span class='ocrx_word' id='word_1_140' title='bbox 3009 821 3235 893; x_wconf 81' lang='lat' dir='ltr'><strong>religio,</strong></span> <span class='ocrx_word' id='word_1_141' title='bbox 3284 824 3586 896; x_wconf 71' lang='lat' dir='ltr'><strong>sapientiae</strong></span> 
     </span>
    </p>
   </div>
   <div class='ocr_carea' id='block_1_24' title="bbox 1935 909 3588 986">
    <p class='ocr_par' dir='ltr' id='par_1_24' title="bbox 1935 909 3588 986">
     <span class='ocr_line' id='line_1_24' title="bbox 1935 909 3588 986; baseline 0.002 -22"><span class='ocrx_word' id='word_1_142' title='bbox 1935 913 2134 964; x_wconf 84' lang='lat' dir='ltr'><strong>autem</strong></span> <span class='ocrx_word' id='word_1_143' title='bbox 2163 925 2314 980; x_wconf 83' lang='lat' dir='ltr'><strong>opus</strong></span> <span class='ocrx_word' id='word_1_144' title='bbox 2346 917 2432 966; x_wconf 90' lang='lat' dir='ltr'><strong>est</strong></span> <span class='ocrx_word' id='word_1_145' title='bbox 2447 909 2742 974; x_wconf 81' lang='lat' dir='ltr'><strong>discretio,</strong></span> <span class='ocrx_word' id='word_1_146' title='bbox 2762 911 3131 984; x_wconf 73' lang='lat' dir='ltr'><strong>cmlestisque</strong></span> <span class='ocrx_word' id='word_1_147' title='bbox 3154 911 3588 986; x_wconf 83' lang='lat' dir='ltr'><strong>interpretandi</strong></span> 
     </span>
    </p>
   </div>
   <div class='ocr_carea' id='block_1_25' title="bbox 1937 999 3586 1074">
    <p class='ocr_par' dir='ltr' id='par_1_25' title="bbox 1937 999 3586 1074">
     <span class='ocr_line' id='line_1_25' title="bbox 1937 999 3586 1074; baseline 0.002 -21"><span class='ocrx_word' id='word_1_148' title='bbox 1937 1014 2242 1054; x_wconf 87' lang='lat' dir='ltr'><strong>sermones</strong></span> <span class='ocrx_word' id='word_1_149' title='bbox 2265 999 2471 1070; x_wconf 88' lang='lat' dir='ltr'><strong>gratia,</strong></span> <span class='ocrx_word' id='word_1_150' title='bbox 2497 1015 2632 1071; x_wconf 59' lang='lat' dir='ltr'><strong>qua;</strong></span> <span class='ocrx_word' id='word_1_151' title='bbox 2648 1001 2951 1056; x_wconf 90' lang='lat' dir='ltr'><strong>hominem</strong></span> <span class='ocrx_word' id='word_1_152' title='bbox 2975 1018 3036 1057; x_wconf 89' lang='lat' dir='ltr'><strong>se</strong></span> <span class='ocrx_word' id='word_1_153' title='bbox 3056 1007 3390 1074; x_wconf 86' lang='lat' dir='ltr'><strong>sequentem</strong></span> <span class='ocrx_word' id='word_1_154' title='bbox 3410 1001 3586 1074; x_wconf 89' lang='lat' dir='ltr'><strong>quasi</strong></span> 
     </span>
    </p>
   </div>
   <div class='ocr_carea' id='block_1_26' title="bbox 1937 1087 3588 1165">
    <p class='ocr_par' dir='ltr' id='par_1_26' title="bbox 1937 1087 3588 1165">
     <span class='ocr_line' id='line_1_26' title="bbox 1937 1087 3588 1165; baseline 0.003 -22"><span class='ocrx_word' id='word_1_155' title='bbox 1937 1087 2060 1143; x_wconf 84' lang='lat' dir='ltr'><strong>dux</strong></span> <span class='ocrx_word' id='word_1_156' title='bbox 2089 1087 2400 1154; x_wconf 88' lang='lat' dir='ltr'><strong>illuminat,</strong></span> <span class='ocrx_word' id='word_1_157' title='bbox 2431 1088 2630 1144; x_wconf 88' lang='lat' dir='ltr'><strong>adhuc</strong></span> <span class='ocrx_word' id='word_1_158' title='bbox 2665 1089 2992 1146; x_wconf 85' lang='lat' dir='ltr'><strong>evidentius</strong></span> <span class='ocrx_word' id='word_1_159' title='bbox 3039 1091 3375 1159; x_wconf 87' lang='lat' dir='ltr'><strong>ostendere,</strong></span> <span class='ocrx_word' id='word_1_160' title='bbox 3423 1092 3588 1165; x_wconf 89' lang='lat' dir='ltr'><strong>quod</strong></span> 
     </span>
    </p>
   </div>
   <div class='ocr_carea' id='block_1_27' title="bbox 1937 1175 3587 1252">
    <p class='ocr_par' dir='ltr' id='par_1_27' title="bbox 1937 1175 3587 1252">
     <span class='ocr_line' id='line_1_27' title="bbox 1937 1175 3587 1252; baseline 0.004 -21"><span class='ocrx_word' id='word_1_161' title='bbox 1937 1175 2068 1232; x_wconf 90' lang='lat' dir='ltr'><strong>talis</strong></span> <span class='ocrx_word' id='word_1_162' title='bbox 2091 1191 2398 1232; x_wconf 87' lang='lat' dir='ltr'><strong>sacrorum</strong></span> <span class='ocrx_word' id='word_1_163' title='bbox 2425 1177 2807 1234; x_wconf 87' lang='lat' dir='ltr'><strong>oraculorum</strong></span> <span class='ocrx_word' id='word_1_164' title='bbox 2837 1195 2984 1234; x_wconf 91' lang='lat' dir='ltr'><strong>usus</strong></span> <span class='ocrx_word' id='word_1_165' title='bbox 3011 1195 3120 1236; x_wconf 91' lang='lat' dir='ltr'><strong>nec</strong></span> <span class='ocrx_word' id='word_1_166' title='bbox 3163 1179 3406 1252; x_wconf 87' lang='lat' dir='ltr'><strong>aliquod</strong></span> <span class='ocrx_word' id='word_1_167' title='bbox 3447 1197 3587 1237; x_wconf 89' lang='lat' dir='ltr'><strong>san-</strong></span> 
     </span>
    </p>
   </div>
   <div class='ocr_carea' id='block_1_28' title="bbox 1936 1265 3580 1344">
    <p class='ocr_par' dir='ltr' id='par_1_28' title="bbox 1936 1265 3580 1344">
     <span class='ocr_line' id='line_1_28' title="bbox 1936 1265 3580 1344; baseline 0.002 -22"><span class='ocrx_word' id='word_1_168' title='bbox 1936 1273 2166 1322; x_wconf 89' lang='lat' dir='ltr'><strong>ctorum</strong></span> <span class='ocrx_word' id='word_1_169' title='bbox 2205 1265 2560 1337; x_wconf 89' lang='lat' dir='ltr'><strong>dogmatum</strong></span> <span class='ocrx_word' id='word_1_170' title='bbox 2589 1272 2932 1324; x_wconf 90' lang='lat' dir='ltr'><strong>nostrorum</strong></span> <span class='ocrx_word' id='word_1_171' title='bbox 2963 1269 3154 1334; x_wconf 84' lang='lat' dir='ltr'><strong>laedat,</strong></span> <span class='ocrx_word' id='word_1_172' title='bbox 3181 1285 3290 1326; x_wconf 91' lang='lat' dir='ltr'><strong>nec</strong></span> <span class='ocrx_word' id='word_1_173' title='bbox 3319 1269 3580 1344; x_wconf 85' lang='lat' dir='ltr'><strong>aliquam</strong></span> 
     </span>
    </p>
   </div>
   <div class='ocr_carea' id='block_1_29' title="bbox 1935 1357 3590 1430">
    <p class='ocr_par' dir='ltr' id='par_1_29' title="bbox 1935 1357 3590 1430">
     <span class='ocr_line' id='line_1_29' title="bbox 1935 1357 3590 1430; baseline 0.002 -20"><span class='ocrx_word' id='word_1_174' title='bbox 1935 1359 2143 1410; x_wconf 88' lang='lat' dir='ltr'><strong>notam</strong></span> <span class='ocrx_word' id='word_1_175' title='bbox 2171 1361 2484 1421; x_wconf 87' lang='lat' dir='ltr'><strong>mereatur;</strong></span> <span class='ocrx_word' id='word_1_176' title='bbox 2514 1357 2616 1412; x_wconf 89' lang='lat' dir='ltr'><strong>sed</strong></span> <span class='ocrx_word' id='word_1_177' title='bbox 2663 1357 2962 1429; x_wconf 89' lang='lat' dir='ltr'><strong>quidquid</strong></span> <span class='ocrx_word' id='word_1_178' title='bbox 3005 1359 3155 1414; x_wconf 90' lang='lat' dir='ltr'><strong>inter</strong></span> <span class='ocrx_word' id='word_1_179' title='bbox 3202 1375 3266 1414; x_wconf 93' lang='lat' dir='ltr'><strong>se</strong></span> <span class='ocrx_word' id='word_1_180' title='bbox 3303 1359 3590 1430; x_wconf 82' lang='lat' dir='ltr'><strong>refragari</strong></span> 
     </span>
    </p>
   </div>
   <div class='ocr_carea' id='block_1_30' title="bbox 1937 1444 3590 1514">
    <p class='ocr_par' dir='ltr' id='par_1_30' title="bbox 1937 1444 3590 1514">
     <span class='ocr_line' id='line_1_30' title="bbox 1937 1444 3590 1514; baseline 0.002 -16"><span class='ocrx_word' id='word_1_181' title='bbox 1937 1444 2188 1508; x_wconf 90' lang='lat' dir='ltr'><strong>videtur,</strong></span> <span class='ocrx_word' id='word_1_182' title='bbox 2220 1459 2518 1500; x_wconf 85' lang='lat' dir='ltr'><strong>consonas</strong></span> <span class='ocrx_word' id='word_1_183' title='bbox 2557 1446 2850 1514; x_wconf 85' lang='lat' dir='ltr'><strong>veritates,</strong></span> <span class='ocrx_word' id='word_1_184' title='bbox 2905 1451 2961 1502; x_wconf 91' lang='lat' dir='ltr'><strong>et</strong></span> <span class='ocrx_word' id='word_1_185' title='bbox 3001 1447 3146 1502; x_wconf 88' lang='lat' dir='ltr'><strong>nulli</strong></span> <span class='ocrx_word' id='word_1_186' title='bbox 3189 1447 3590 1504; x_wconf 89' lang='lat' dir='ltr'><strong>criminationi</strong></span> 
     </span>
    </p>
   </div>
   <div class='ocr_carea' id='block_1_31' title="bbox 1937 1532 3588 1608">
    <p class='ocr_par' dir='ltr' id='par_1_31' title="bbox 1937 1532 3588 1608">
     <span class='ocr_line' id='line_1_31' title="bbox 1937 1532 3588 1608; baseline 0.002 -20"><span class='ocrx_word' id='word_1_187' title='bbox 1937 1532 2228 1588; x_wconf 80' lang='lat' dir='ltr'><strong>obnoxias</strong></span> <span class='ocrx_word' id='word_1_188' title='bbox 2257 1533 2552 1588; x_wconf 83' lang='lat' dir='ltr'><strong>conﬁciat.</strong></span> <span class='ocrx_word' id='word_1_189' title='bbox 2593 1533 2674 1589; x_wconf 82' lang='lat' dir='ltr'><strong>ita</strong></span> <span class='ocrx_word' id='word_1_190' title='bbox 2699 1550 2844 1590; x_wconf 89' lang='lat' dir='ltr'><strong>sane</strong></span> <span class='ocrx_word' id='word_1_191' title='bbox 2883 1535 2932 1590; x_wconf 88' lang='lat' dir='ltr'><strong>si</strong></span> <span class='ocrx_word' id='word_1_192' title='bbox 2967 1536 3102 1608; x_wconf 89' lang='lat' dir='ltr'><strong>quis</strong></span> <span class='ocrx_word' id='word_1_193' title='bbox 3143 1535 3221 1592; x_wconf 87' lang='lat' dir='ltr'><strong>ab</strong></span> <span class='ocrx_word' id='word_1_194' title='bbox 3255 1536 3588 1592; x_wconf 87' lang='lat' dir='ltr'><strong>inhumani-</strong></span> 
     </span>
    </p>
   </div>
   <div class='ocr_carea' id='block_1_32' title="bbox 1939 1621 3591 1698">
    <p class='ocr_par' dir='ltr' id='par_1_32' title="bbox 1939 1621 3591 1698">
     <span class='ocr_line' id='line_1_32' title="bbox 1939 1621 3591 1698; baseline 0.004 -22"><span class='ocrx_word' id='word_1_195' title='bbox 1939 1627 2054 1678; x_wconf 89' lang='lat' dir='ltr'><strong>tate</strong></span> <span class='ocrx_word' id='word_1_196' title='bbox 2069 1627 2248 1693; x_wconf 90' lang='lat' dir='ltr'><strong>atque</strong></span> <span class='ocrx_word' id='word_1_197' title='bbox 2275 1621 2654 1680; x_wconf 89' lang='lat' dir='ltr'><strong>inclementia</strong></span> <span class='ocrx_word' id='word_1_198' title='bbox 2697 1625 2948 1680; x_wconf 86' lang='lat' dir='ltr'><strong>alterum</strong></span> <span class='ocrx_word' id='word_1_199' title='bbox 2985 1631 3314 1694; x_wconf 82' lang='lat' dir='ltr'><strong>revocaret,</strong></span> <span class='ocrx_word' id='word_1_200' title='bbox 3361 1633 3418 1682; x_wconf 90' lang='lat' dir='ltr'><strong>et</strong></span> <span class='ocrx_word' id='word_1_201' title='bbox 3455 1641 3591 1698; x_wconf 89' lang='lat' dir='ltr'><strong>pro-</strong></span> 
     </span>
    </p>
   </div>
   <div class='ocr_carea' id='block_1_33' title="bbox 223 1711 1829 1788">
    <p class='ocr_par' dir='ltr' id='par_1_33' title="bbox 223 1711 1826 1786">
     <span class='ocr_line' id='line_1_33' title="bbox 223 1711 1826 1786; baseline 0 -22"><span class='ocrx_word' id='word_1_202' title='bbox 223 1711 558 1784; x_wconf 81' lang='grc' dir='ltr'>ἀμφοτέραις,</span> <span class='ocrx_word' id='word_1_203' title='bbox 615 1717 672 1764; x_wconf 84' lang='grc' dir='ltr'>τὸ</span> <span class='ocrx_word' id='word_1_204' title='bbox 723 1713 990 1784; x_wconf 84' lang='grc' dir='ltr'>λεγόμενον</span> <span class='ocrx_word' id='word_1_205' title='bbox 1045 1713 1179 1784; x_wconf 83' lang='grc'><strong>(63),</strong></span> <span class='ocrx_word' id='word_1_206' title='bbox 1221 1711 1635 1784; x_wconf 76' lang='grc' dir='ltr'>ἐπιχωλαίνοντα</span> <span class='ocrx_word' id='word_1_207' title='bbox 1678 1711 1826 1786; x_wconf 88' lang='grc' dir='ltr'>ἀνορ-</span> 
     </span>
    </p>
   </div>
   <div class='ocr_carea' id='block_1_34' title="bbox 1944 1711 3592 1788">
    <p class='ocr_par' dir='ltr' id='par_1_34' title="bbox 1944 1711 3592 1788">
     <span class='ocr_line' id='line_1_34' title="bbox 1944 1711 3592 1788; baseline 0.002 -21"><span class='ocrx_word' id='word_1_208' title='bbox 1944 1727 2086 1767; x_wconf 91' lang='lat' dir='ltr'><strong>num</strong></span> <span class='ocrx_word' id='word_1_209' title='bbox 2111 1711 2190 1767; x_wconf 86' lang='lat' dir='ltr'><strong>ad</strong></span> <span class='ocrx_word' id='word_1_210' title='bbox 2219 1711 2564 1768; x_wconf 86' lang='lat' dir='ltr'><strong>aviditatem</strong></span> <span class='ocrx_word' id='word_1_211' title='bbox 2585 1713 2858 1770; x_wconf 89' lang='lat' dir='ltr'><strong>animum</strong></span> <span class='ocrx_word' id='word_1_212' title='bbox 2893 1731 3184 1784; x_wconf 87' lang='lat' dir='ltr'><strong>coercere,</strong></span> <span class='ocrx_word' id='word_1_213' title='bbox 3213 1720 3317 1772; x_wconf 88' lang='lat' dir='ltr'><strong>aut</strong></span> <span class='ocrx_word' id='word_1_214' title='bbox 3340 1720 3592 1788; x_wconf 88' lang='lat' dir='ltr'><strong>utroque</strong></span> 
     </span>
    </p>
   </div>
   <div class='ocr_carea' id='block_1_35' title="bbox 224 1803 1826 1874">
    <p class='ocr_par' dir='ltr' id='par_1_35' title="bbox 224 1803 1826 1874">
     <span class='ocr_line' id='line_1_35' title="bbox 224 1803 1826 1874; baseline -0.001 -20"><span class='ocrx_word' id='word_1_215' title='bbox 224 1804 330 1854; x_wconf 85' lang='grc' dir='ltr'><strong>θῶν</strong></span> <span class='ocrx_word' id='word_1_216' title='bbox 380 1821 452 1872; x_wconf 80' lang='grc' dir='ltr'><strong>τε,</strong></span> <span class='ocrx_word' id='word_1_217' title='bbox 507 1807 599 1854; x_wconf 79' lang='grc' dir='ltr'>καὶ</span> <span class='ocrx_word' id='word_1_218' title='bbox 635 1803 1024 1874; x_wconf 75' lang='grc' dir='ltr'><strong>ὑποστηρίζων,</strong></span> <span class='ocrx_word' id='word_1_219' title='bbox 1088 1807 1176 1853; x_wconf 77' lang='grc' dir='ltr'>καὶ</span> <span class='ocrx_word' id='word_1_220' title='bbox 1231 1805 1356 1873; x_wconf 88' lang='grc' dir='ltr'>πρὸς</span> <span class='ocrx_word' id='word_1_221' title='bbox 1400 1807 1494 1860; x_wconf 74' lang='grc' dir='ltr'>τὴν</span> <span class='ocrx_word' id='word_1_222' title='bbox 1554 1807 1826 1874; x_wconf 81' lang='grc' dir='ltr'>σωτήριον,</span> 
     </span>
    </p>
   </div>
   <div class='ocr_carea' id='block_1_36' title="bbox 223 1889 1830 1964">
    <p class='ocr_par' dir='ltr' id='par_1_36' title="bbox 223 1889 1830 1964">
     <span class='ocr_line' id='line_1_36' title="bbox 223 1889 1830 1964; baseline 0 -22"><span class='ocrx_word' id='word_1_223' title='bbox 223 1897 320 1943; x_wconf 78' lang='grc' dir='ltr'>καὶ</span> <span class='ocrx_word' id='word_1_224' title='bbox 381 1897 702 1964; x_wconf 81' lang='grc' dir='ltr'>μονότροπον</span> <span class='ocrx_word' id='word_1_225' title='bbox 773 1889 1067 1943; x_wconf 77' lang='grc' dir='ltr'>ἀπευθύνων</span> <span class='ocrx_word' id='word_1_226' title='bbox 1119 1889 1313 1963; x_wconf 80' lang='grc' dir='ltr'>τρίϐον,</span> <span class='ocrx_word' id='word_1_227' title='bbox 1369 1894 1562 1942; x_wconf 77' lang='grc' dir='ltr'>τούτων</span> <span class='ocrx_word' id='word_1_228' title='bbox 1611 1891 1830 1944; x_wconf 79' lang='grc' dir='ltr'>ἕκαστον</span> 
     </span>
    </p>
   </div>
   <div class='ocr_carea' id='block_1_37' title="bbox 225 1979 1832 2054">
    <p class='ocr_par' dir='ltr' id='par_1_37' title="bbox 225 1979 1832 2054">
     <span class='ocr_line' id='line_1_37' title="bbox 225 1979 1832 2054; baseline 0.001 -24"><span class='ocrx_word' id='word_1_229' title='bbox 225 1988 326 2041; x_wconf 77' lang='grc' dir='ltr'><strong>τῆς</strong></span> <span class='ocrx_word' id='word_1_230' title='bbox 369 1979 559 2052; x_wconf 85' lang='grc' dir='ltr'>ἀλόγου</span> <span class='ocrx_word' id='word_1_231' title='bbox 611 1983 780 2054; x_wconf 78' lang='grc' dir='ltr'>ῥοπῆς</span> <span class='ocrx_word' id='word_1_232' title='bbox 821 1983 866 2032; x_wconf 77' lang='grc' dir='ltr'>εἴ</span> <span class='ocrx_word' id='word_1_233' title='bbox 903 1999 980 2041; x_wconf 90' lang='grc' dir='ltr'><strong>τις</strong></span> <span class='ocrx_word' id='word_1_234' title='bbox 1027 1979 1208 2042; x_wconf 86' lang='grc' dir='ltr'>οἶλλαις</span> <span class='ocrx_word' id='word_1_235' title='bbox 1236 1985 1324 2051; x_wconf 70' lang='grc' dir='ltr'>μὲν</span> <span class='ocrx_word' id='word_1_236' title='bbox 1381 1979 1588 2041; x_wconf 82' lang='grc' dir='ltr'>πολλαῖς</span> <span class='ocrx_word' id='word_1_237' title='bbox 1644 1999 1832 2054; x_wconf 81' lang='grc' dir='ltr'>παραιο</span> 
     </span>
    </p>
   </div>
   <div class='ocr_carea' id='block_1_38' title="bbox 223 2065 1834 2143">
    <p class='ocr_par' dir='ltr' id='par_1_38' title="bbox 223 2065 1834 2143">
     <span class='ocr_line' id='line_1_38' title="bbox 223 2065 1834 2143; baseline 0.003 -26"><span class='ocrx_word' id='word_1_238' title='bbox 223 2071 434 2120; x_wconf 81' lang='grc' dir='ltr'>νὲσεσιν</span> <span class='ocrx_word' id='word_1_239' title='bbox 503 2072 766 2141; x_wconf 72' lang='grc' dir='ltr'>ἐπέκειρεν</span> <span class='ocrx_word' id='word_1_240' title='bbox 831 2069 1172 2139; x_wconf 77' lang='grc' dir='ltr'>ἀνακτᾶσθαι,</span> <span class='ocrx_word' id='word_1_241' title='bbox 1267 2073 1490 2143; x_wconf 79' lang='grc' dir='ltr'>συνείρει</span> <span class='ocrx_word' id='word_1_242' title='bbox 1557 2065 1616 2121; x_wconf 71' lang='grc' dir='ltr'><strong>δὲ</strong></span> <span class='ocrx_word' id='word_1_243' title='bbox 1693 2069 1834 2141; x_wconf 83' lang='grc' dir='ltr'>μάλα</span> 
     </span>
    </p>
   </div>
   <div class='ocr_carea' id='block_1_39' title="bbox 225 2157 1834 2232">
    <p class='ocr_par' dir='ltr' id='par_1_39' title="bbox 225 2157 1834 2232">
     <span class='ocr_line' id='line_1_39' title="bbox 225 2157 1834 2232; baseline 0.001 -24"><span class='ocrx_word' id='word_1_244' title='bbox 225 2157 504 2229; x_wconf 72' lang='grc' dir='ltr'><strong>εὐστόχως</strong></span> <span class='ocrx_word' id='word_1_245' title='bbox 541 2177 596 2210; x_wconf 90' lang='grc' dir='ltr'><strong>τε</strong></span> <span class='ocrx_word' id='word_1_246' title='bbox 624 2163 714 2210; x_wconf 78' lang='grc' dir='ltr'>καὶ</span> <span class='ocrx_word' id='word_1_247' title='bbox 757 2157 1038 2230; x_wconf 77' lang='grc' dir='ltr'>ἐπικαίρως</span> <span class='ocrx_word' id='word_1_248' title='bbox 1081 2175 1093 2186; x_wconf 89' lang='grc'><strong>·</strong></span> <span class='ocrx_word' id='word_1_249' title='bbox 1131 2157 1190 2210; x_wconf 73' lang='grc' dir='ltr'>οὗ</span> <span class='ocrx_word' id='word_1_250' title='bbox 1241 2161 1342 2232; x_wconf 87' lang='grc' dir='ltr'><strong>γάρ</strong></span> <span class='ocrx_word' id='word_1_251' title='bbox 1391 2159 1591 2231; x_wconf 81' lang='grc' dir='ltr'>ἔμαθες,</span> <span class='ocrx_word' id='word_1_252' title='bbox 1633 2159 1834 2231; x_wconf 77' lang='grc' dir='ltr'>ἄνθρω-</span> 
     </span>
    </p>
   </div>
   <div class='ocr_carea' id='block_1_40' title="bbox 225 2248 1830 2322">
    <p class='ocr_par' dir='ltr' id='par_1_40' title="bbox 225 2248 1830 2322">
     <span class='ocr_line' id='line_1_40' title="bbox 225 2248 1830 2322; baseline 0.001 -25"><span class='ocrx_word' id='word_1_253' title='bbox 225 2264 314 2310; x_wconf 87' lang='grc' dir='ltr'><strong>πε,</strong></span> <span class='ocrx_word' id='word_1_254' title='bbox 347 2250 494 2320; x_wconf 73' lang='grc' dir='ltr'>παρὰ</span> <span class='ocrx_word' id='word_1_255' title='bbox 539 2255 640 2300; x_wconf 87' lang='grc' dir='ltr'><strong>τῶν</strong></span> <span class='ocrx_word' id='word_1_256' title='bbox 681 2255 976 2300; x_wconf 59' lang='grc' dir='ltr'>διωσαὶκῶν</span> <span class='ocrx_word' id='word_1_257' title='bbox 1003 2253 1194 2320; x_wconf 83' lang='grc' dir='ltr'>νόμων,</span> <span class='ocrx_word' id='word_1_258' title='bbox 1237 2253 1326 2300; x_wconf 84' lang='grc' dir='ltr'>καὶ</span> <span class='ocrx_word' id='word_1_259' title='bbox 1363 2248 1830 2322; x_wconf 85' lang='grc' dir='ltr'>παραγγελμάτων,</span> 
     </span>
    </p>
   </div>
   <div class='ocr_carea' id='block_1_41' title="bbox 225 2334 1832 2412">
    <p class='ocr_par' dir='ltr' id='par_1_41' title="bbox 225 2334 1832 2412">
     <span class='ocr_line' id='line_1_41' title="bbox 225 2334 1832 2412; baseline 0 -24"><span class='ocrx_word' id='word_1_260' title='bbox 225 2341 298 2406; x_wconf 73' lang='grc' dir='ltr'>μὴ</span> <span class='ocrx_word' id='word_1_261' title='bbox 329 2335 472 2406; x_wconf 58' lang='grc' dir='ltr'>ἕψειν</span> <span class='ocrx_word' id='word_1_262' title='bbox 501 2339 634 2412; x_wconf 80' lang='grc' dir='ltr'>ἄρνα</span> <span class='ocrx_word' id='word_1_263' title='bbox 662 2337 712 2389; x_wconf 84' lang='grc' dir='ltr'>ἐν</span> <span class='ocrx_word' id='word_1_264' title='bbox 758 2337 982 2408; x_wconf 86' lang='grc' dir='ltr'>γάλακτι</span> <span class='ocrx_word' id='word_1_265' title='bbox 1018 2340 1215 2409; x_wconf 83' lang='grc' dir='ltr'>μητρὸς</span> <span class='ocrx_word' id='word_1_266' title='bbox 1269 2335 1451 2406; x_wconf 75' lang='grc' dir='ltr'>αὐτοῦ,</span> <span class='ocrx_word' id='word_1_267' title='bbox 1497 2334 1635 2408; x_wconf 69' lang='grc' dir='ltr'>μηδὲ</span> <span class='ocrx_word' id='word_1_268' title='bbox 1685 2343 1832 2390; x_wconf 88' lang='grc' dir='ltr'>σπεί-</span> 
     </span>
    </p>
   </div>
   <div class='ocr_carea' id='block_1_42' title="bbox 225 2422 1834 2500">
    <p class='ocr_par' dir='ltr' id='par_1_42' title="bbox 225 2422 1834 2500">
     <span class='ocr_line' id='line_1_42' title="bbox 225 2422 1834 2500; baseline 0 -21"><span class='ocrx_word' id='word_1_269' title='bbox 225 2447 336 2500; x_wconf 77' lang='grc' dir='ltr'>ρειν</span> <span class='ocrx_word' id='word_1_270' title='bbox 385 2429 472 2477; x_wconf 85' lang='grc' dir='ltr'>τὸν</span> <span class='ocrx_word' id='word_1_271' title='bbox 532 2424 824 2498; x_wconf 75' lang='grc' dir='ltr'>ἀμπελῶνα,</span> <span class='ocrx_word' id='word_1_272' title='bbox 875 2422 1014 2498; x_wconf 68' lang='grc' dir='ltr'>μηδὲ</span> <span class='ocrx_word' id='word_1_273' title='bbox 1061 2425 1386 2498; x_wconf 81' lang='grc' dir='ltr'>περιϐόλαιον</span> <span class='ocrx_word' id='word_1_274' title='bbox 1445 2435 1622 2497; x_wconf 84' lang='grc' dir='ltr'>σαυτῷ</span> <span class='ocrx_word' id='word_1_275' title='bbox 1674 2435 1834 2479; x_wconf 79' lang='grc' dir='ltr'>ποιεῖ-</span> 
     </span>
    </p>
   </div>
   <div class='ocr_carea' id='block_1_43' title="bbox 229 2512 1832 2588">
    <p class='ocr_par' dir='ltr' id='par_1_43' title="bbox 229 2512 1832 2588">
     <span class='ocr_line' id='line_1_43' title="bbox 229 2512 1832 2588; baseline 0 -20"><span class='ocrx_word' id='word_1_276' title='bbox 229 2517 380 2580; x_wconf 86' lang='grc' dir='ltr'>σθαι,</span> <span class='ocrx_word' id='word_1_277' title='bbox 429 2520 518 2567; x_wconf 82' lang='grc' dir='ltr'><strong>καὶ</strong></span> <span class='ocrx_word' id='word_1_278' title='bbox 571 2512 760 2586; x_wconf 81' lang='grc' dir='ltr'>βδέλον</span> <span class='ocrx_word' id='word_1_279' title='bbox 807 2515 919 2586; x_wconf 69' lang='grc'><strong>(64)</strong></span> <span class='ocrx_word' id='word_1_280' title='bbox 959 2515 1012 2578; x_wconf 76' lang='grc' dir='ltr'><strong>ἐξ</strong></span> <span class='ocrx_word' id='word_1_281' title='bbox 1059 2515 1350 2587; x_wconf 71' lang='grc' dir='ltr'>ἑτερογενῶν</span> <span class='ocrx_word' id='word_1_282' title='bbox 1407 2519 1648 2587; x_wconf 76' lang='grc' dir='ltr'>νημάτων</span> <span class='ocrx_word' id='word_1_283' title='bbox 1694 2515 1832 2588; x_wconf 84' lang='grc' dir='ltr'>ἐρίου</span> 
     </span>
    </p>
   </div>
   <div class='ocr_carea' id='block_1_44' title="bbox 227 2601 1830 2676">
    <p class='ocr_par' dir='ltr' id='par_1_44' title="bbox 227 2601 1830 2676">
     <span class='ocr_line' id='line_1_44' title="bbox 227 2601 1830 2676; baseline 0 -19"><span class='ocrx_word' id='word_1_284' title='bbox 227 2624 283 2657; x_wconf 84' lang='grc' dir='ltr'><strong>τε</strong></span> <span class='ocrx_word' id='word_1_285' title='bbox 335 2611 424 2656; x_wconf 71' lang='grc' dir='ltr'>καὶ</span> <span class='ocrx_word' id='word_1_286' title='bbox 467 2603 612 2656; x_wconf 87' lang='grc' dir='ltr'>λίνον</span> <span class='ocrx_word' id='word_1_287' title='bbox 646 2608 1034 2676; x_wconf 79' lang='grc' dir='ltr'>συνυφασμένον</span> <span class='ocrx_word' id='word_1_288' title='bbox 1079 2621 1092 2670; x_wconf 91' lang='grc'><strong>;</strong></span> <span class='ocrx_word' id='word_1_289' title='bbox 1139 2611 1200 2656; x_wconf 84' lang='grc' dir='ltr'>Ἢ</span> <span class='ocrx_word' id='word_1_290' title='bbox 1251 2603 1309 2656; x_wconf 74' lang='grc' dir='ltr'>οὐ</span> <span class='ocrx_word' id='word_1_291' title='bbox 1353 2611 1513 2656; x_wconf 80' lang='grc' dir='ltr'>πᾶσιν</span> <span class='ocrx_word' id='word_1_292' title='bbox 1563 2601 1830 2676; x_wconf 69' lang='grc' dir='ltr'>ἐπίδηλον,</span> 
     </span>
    </p>
   </div>
   <div class='ocr_carea' id='block_1_45' title="bbox 227 2691 1831 2768">
    <p class='ocr_par' dir='ltr' id='par_1_45' title="bbox 227 2691 1831 2768">
     <span class='ocr_line' id='line_1_45' title="bbox 227 2691 1831 2768; baseline 0.001 -23"><span class='ocrx_word' id='word_1_293' title='bbox 227 2697 298 2755; x_wconf 75' lang='grc' dir='ltr'>ὡς</span> <span class='ocrx_word' id='word_1_294' title='bbox 343 2695 410 2745; x_wconf 83' lang='grc' dir='ltr'><strong>τά</strong></span> <span class='ocrx_word' id='word_1_295' title='bbox 457 2695 791 2764; x_wconf 77' lang='grc' dir='ltr'>θεσπίσματα</span> <span class='ocrx_word' id='word_1_296' title='bbox 845 2701 1010 2744; x_wconf 81' lang='grc' dir='ltr'>ταῦτα</span> <span class='ocrx_word' id='word_1_297' title='bbox 1067 2697 1183 2745; x_wconf 74' lang='grc' dir='ltr'>οὔτε</span> <span class='ocrx_word' id='word_1_298' title='bbox 1233 2691 1416 2768; x_wconf 81' lang='grc' dir='ltr'>ἀρνῶν,</span> <span class='ocrx_word' id='word_1_299' title='bbox 1459 2699 1549 2745; x_wconf 85' lang='grc' dir='ltr'>καὶ</span> <span class='ocrx_word' id='word_1_300' title='bbox 1587 2701 1831 2767; x_wconf 75' lang='grc' dir='ltr'>μητρῴου</span> 
     </span>
    </p>
   </div>
   <div class='ocr_carea' id='block_1_46' title="bbox 225 2781 1902 2860">
    <p class='ocr_par' dir='ltr' id='par_1_46' title="bbox 225 2781 1902 2860">
     <span class='ocr_line' id='line_1_46' title="bbox 225 2781 1902 2860; baseline -0.005 -15"><span class='ocrx_word' id='word_1_301' title='bbox 225 2783 492 2855; x_wconf 68' lang='grc' dir='ltr'>γκἿ-ακτος</span> <span class='ocrx_word' id='word_1_302' title='bbox 531 2787 922 2856; x_wconf 77' lang='grc' dir='ltr'>προηγουμένην</span> <span class='ocrx_word' id='word_1_303' title='bbox 968 2785 1076 2853; x_wconf 73' lang='grc' dir='ltr'><strong>ἔχει</strong></span> <span class='ocrx_word' id='word_1_304' title='bbox 1107 2787 1202 2840; x_wconf 70' lang='grc' dir='ltr'>τὴν</span> <span class='ocrx_word' id='word_1_305' title='bbox 1235 2785 1374 2836; x_wconf 81' lang='grc' dir='ltr'>θέσιν</span> <span class='ocrx_word' id='word_1_306' title='bbox 1418 2801 1430 2812; x_wconf 76' lang='grc' dir='ltr'><strong><em>ο</em></strong></span> <span class='ocrx_word' id='word_1_307' title='bbox 1487 2782 1594 2834; x_wconf 76' lang='grc' dir='ltr'>ἀλλ’</span> <span class='ocrx_word' id='word_1_308' title='bbox 1624 2781 1746 2836; x_wconf 64' lang='lat' dir='ltr'><strong>mia“:</strong></span> <span class='ocrx_word' id='word_1_309' title='bbox 1775 2803 1834 2856; x_wconf 88' lang='grc' dir='ltr'><strong>γε</strong></span> <span class='ocrx_word' id='word_1_310' title='bbox 1866 2845 1902 2860; x_wconf 44' lang='grc' dir='ltr'>Α</span> 
     </span>
    </p>
   </div>
   <div class='ocr_carea' id='block_1_47' title="bbox 227 2868 1832 2946">
    <p class='ocr_par' dir='ltr' id='par_1_47' title="bbox 227 2868 1832 2946">
     <span class='ocr_line' id='line_1_47' title="bbox 227 2868 1832 2946; baseline 0 -22"><span class='ocrx_word' id='word_1_311' title='bbox 227 2875 346 2944; x_wconf 81' lang='grc' dir='ltr'>περὶ</span> <span class='ocrx_word' id='word_1_312' title='bbox 379 2871 700 2944; x_wconf 72' lang='grc' dir='ltr'>ἀμπελῶνος,</span> <span class='ocrx_word' id='word_1_313' title='bbox 732 2871 790 2922; x_wconf 75' lang='grc' dir='ltr'>οὐ</span> <span class='ocrx_word' id='word_1_314' title='bbox 829 2877 931 2942; x_wconf 79' lang='grc' dir='ltr'>μήν</span> <span class='ocrx_word' id='word_1_315' title='bbox 957 2868 1080 2923; x_wconf 72' lang='grc' dir='ltr'><strong>οὐδὲ</strong></span> <span class='ocrx_word' id='word_1_316' title='bbox 1105 2877 1223 2946; x_wconf 79' lang='grc' dir='ltr'>περὶ</span> <span class='ocrx_word' id='word_1_317' title='bbox 1251 2880 1350 2922; x_wconf 88' lang='grc' dir='ltr'><strong>τῶν</strong></span> <span class='ocrx_word' id='word_1_318' title='bbox 1378 2868 1650 2946; x_wconf 76' lang='grc' dir='ltr'>διαφόροις</span> <span class='ocrx_word' id='word_1_319' title='bbox 1671 2877 1832 2944; x_wconf 73' lang='grc' dir='ltr'>νήμα-</span> 
     </span>
    </p>
   </div>
   <div class='ocr_carea' id='block_1_48' title="bbox 229 2961 1828 3035">
    <p class='ocr_par' dir='ltr' id='par_1_48' title="bbox 229 2961 1828 3035">
     <span class='ocr_line' id='line_1_48' title="bbox 229 2961 1828 3035; baseline 0.001 -23"><span class='ocrx_word' id='word_1_320' title='bbox 229 2981 285 3012; x_wconf 88' lang='grc' dir='ltr'>σι</span> <span class='ocrx_word' id='word_1_321' title='bbox 328 2961 727 3032; x_wconf 73' lang='grc' dir='ltr'>συντεθειμένων</span> <span class='ocrx_word' id='word_1_322' title='bbox 756 2961 1076 3032; x_wconf 78' lang='grc' dir='ltr'>ὑφασμάτων</span> <span class='ocrx_word' id='word_1_323' title='bbox 1101 2979 1118 3031; x_wconf 78' lang='grc'>;</span> <span class='ocrx_word' id='word_1_324' title='bbox 1149 2967 1256 3012; x_wconf 74' lang='grc' dir='ltr'><strong>Ποῦ</strong></span> <span class='ocrx_word' id='word_1_325' title='bbox 1287 2963 1385 3033; x_wconf 88' lang='grc' dir='ltr'><strong>γάρ</strong></span> <span class='ocrx_word' id='word_1_326' title='bbox 1415 2967 1528 3035; x_wconf 81' lang='grc' dir='ltr'>περὶ</span> <span class='ocrx_word' id='word_1_327' title='bbox 1567 2965 1828 3034; x_wconf 78' lang='grc' dir='ltr'>νημάτων,</span> 
     </span>
    </p>
   </div>
   <div class='ocr_carea' id='block_1_49' title="bbox 227 3048 1830 3124">
    <p class='ocr_par' dir='ltr' id='par_1_49' title="bbox 227 3048 1830 3124">
     <span class='ocr_line' id='line_1_49' title="bbox 227 3048 1830 3124; baseline 0.001 -23"><span class='ocrx_word' id='word_1_328' title='bbox 227 3051 256 3108; x_wconf 68' lang='grc' dir='ltr'><strong>ἦ</strong></span> <span class='ocrx_word' id='word_1_329' title='bbox 295 3055 413 3124; x_wconf 83' lang='grc' dir='ltr'>περὶ</span> <span class='ocrx_word' id='word_1_330' title='bbox 445 3048 772 3121; x_wconf 77' lang='grc' dir='ltr'>ἀμπελώνων,</span> <span class='ocrx_word' id='word_1_331' title='bbox 800 3049 828 3107; x_wconf 78' lang='grc' dir='ltr'><strong>ἣ</strong></span> <span class='ocrx_word' id='word_1_332' title='bbox 880 3048 1065 3121; x_wconf 85' lang='grc' dir='ltr'>ἀρνῶν,</span> <span class='ocrx_word' id='word_1_333' title='bbox 1097 3053 1183 3100; x_wconf 83' lang='grc' dir='ltr'>καὶ</span> <span class='ocrx_word' id='word_1_334' title='bbox 1205 3049 1466 3120; x_wconf 87' lang='grc' dir='ltr'>γάλακτος</span> <span class='ocrx_word' id='word_1_335' title='bbox 1499 3058 1570 3120; x_wconf 81' lang='grc' dir='ltr'>τῷ</span> <span class='ocrx_word' id='word_1_336' title='bbox 1593 3058 1706 3120; x_wconf 84' lang='grc' dir='ltr'><strong>Θεῷ</strong></span> <span class='ocrx_word' id='word_1_337' title='bbox 1735 3055 1830 3122; x_wconf 81' lang='grc' dir='ltr'><strong>μέ-</strong></span> 
     </span>
    </p>
   </div>
   <div class='ocr_carea' id='block_1_50' title="bbox 225 3136 1830 3210">
    <p class='ocr_par' dir='ltr' id='par_1_50' title="bbox 225 3136 1830 3210">
     <span class='ocr_line' id='line_1_50' title="bbox 225 3136 1830 3210; baseline -0.001 -19"><span class='ocrx_word' id='word_1_338' title='bbox 225 3139 322 3204; x_wconf 81' lang='grc' dir='ltr'>λει,</span> <span class='ocrx_word' id='word_1_339' title='bbox 357 3141 492 3190; x_wconf 79' lang='grc' dir='ltr'>ὥστε</span> <span class='ocrx_word' id='word_1_340' title='bbox 523 3144 614 3190; x_wconf 85' lang='grc' dir='ltr'>καὶ</span> <span class='ocrx_word' id='word_1_341' title='bbox 642 3143 818 3209; x_wconf 73' lang='grc' dir='ltr'>νόμοις</span> <span class='ocrx_word' id='word_1_342' title='bbox 849 3137 1152 3190; x_wconf 74' lang='grc' dir='ltr'>ὑποϐάλλειν</span> <span class='ocrx_word' id='word_1_343' title='bbox 1183 3138 1336 3208; x_wconf 65' lang='grc' dir='ltr'>αὐτὰ,</span> <span class='ocrx_word' id='word_1_344' title='bbox 1364 3145 1452 3190; x_wconf 86' lang='grc' dir='ltr'>καὶ</span> <span class='ocrx_word' id='word_1_345' title='bbox 1477 3136 1642 3210; x_wconf 65' lang='grc' dir='ltr'>μηδὲν</span> <span class='ocrx_word' id='word_1_346' title='bbox 1663 3140 1830 3191; x_wconf 74' lang='grc' dir='ltr'>αὐτῶν</span> 
     </span>
    </p>
   </div>
   <div class='ocr_carea' id='block_1_51' title="bbox 225 3224 1830 3302">
    <p class='ocr_par' dir='ltr' id='par_1_51' title="bbox 225 3224 1830 3302">
     <span class='ocr_line' id='line_1_51' title="bbox 225 3224 1830 3302; baseline 0.001 -24"><span class='ocrx_word' id='word_1_347' title='bbox 225 3233 324 3286; x_wconf 69' lang='grc' dir='ltr'>τὴν</span> <span class='ocrx_word' id='word_1_348' title='bbox 340 3225 672 3302; x_wconf 75' lang='grc' dir='ltr'>ἀνθρωπίνην</span> <span class='ocrx_word' id='word_1_349' title='bbox 713 3230 887 3298; x_wconf 75' lang='grc' dir='ltr'>φύσιν,</span> <span class='ocrx_word' id='word_1_350' title='bbox 923 3224 996 3278; x_wconf 80' lang='grc' dir='ltr'><strong>δι’</strong></span> <span class='ocrx_word' id='word_1_351' title='bbox 1027 3226 1086 3285; x_wconf 80' lang='grc' dir='ltr'>ἣν</span> <span class='ocrx_word' id='word_1_352' title='bbox 1113 3227 1319 3279; x_wconf 80' lang='grc' dir='ltr'>ἅπαντα</span> <span class='ocrx_word' id='word_1_353' title='bbox 1348 3229 1614 3301; x_wconf 71' lang='grc' dir='ltr'>προήχθη,</span> <span class='ocrx_word' id='word_1_354' title='bbox 1648 3225 1830 3300; x_wconf 72' lang='grc' dir='ltr'>διαφέ-</span> 
     </span>
    </p>
   </div>
   <div class='ocr_carea' id='block_1_52' title="bbox 225 3335 354 3390">
    <p class='ocr_par' dir='ltr' id='par_1_52' title="bbox 225 3335 354 3390">
     <span class='ocr_line' id='line_1_52' title="bbox 225 3335 354 3390; baseline 0 -22"><span class='ocrx_word' id='word_1_355' title='bbox 225 3335 354 3390; x_wconf 81' lang='grc' dir='ltr'>ρειν.</span> 
     </span>
    </p>
   </div>
   <div class='ocr_carea' id='block_1_53' title="bbox 301 3401 1828 3479">
    <p class='ocr_par' dir='ltr' id='par_1_53' title="bbox 301 3401 1828 3479">
     <span class='ocr_line' id='line_1_53' title="bbox 301 3401 1828 3479; baseline 0.018 -56"><span class='ocrx_word' id='word_1_356' title='bbox 301 3404 460 3459; x_wconf 71' lang='grc' dir='ltr'>,Αλλά</span> <span class='ocrx_word' id='word_1_357' title='bbox 485 3401 666 3474; x_wconf 73' lang='grc' dir='ltr'>δῆλον,</span> <span class='ocrx_word' id='word_1_358' title='bbox 700 3405 780 3456; x_wconf 88' lang='grc' dir='ltr'>ὃτι</span> <span class='ocrx_word' id='word_1_359' title='bbox 807 3401 878 3456; x_wconf 76' lang='grc' dir='ltr'><strong>δι’</strong></span> <span class='ocrx_word' id='word_1_360' title='bbox 911 3407 1045 3478; x_wconf 80' lang='grc' dir='ltr'>ἡμᾶς</span> <span class='ocrx_word' id='word_1_361' title='bbox 1084 3409 1168 3456; x_wconf 81' lang='grc' dir='ltr'>καὶ</span> <span class='ocrx_word' id='word_1_362' title='bbox 1200 3405 1496 3477; x_wconf 67' lang='grc' dir='ltr'>προύνοήθη</span> <span class='ocrx_word' id='word_1_363' title='bbox 1531 3411 1622 3464; x_wconf 73' lang='grc' dir='ltr'>τὴν</span> <span class='ocrx_word' id='word_1_364' title='bbox 1654 3405 1828 3479; x_wconf 70' lang='grc' dir='ltr'>ἀρχὴν</span> 
     </span>
    </p>
   </div>
   <div class='ocr_carea' id='block_1_54' title="bbox 227 3491 1828 3569">
    <p class='ocr_par' dir='ltr' id='par_1_54' title="bbox 227 3491 1828 3569">
     <span class='ocr_line' id='line_1_54' title="bbox 227 3491 1828 3569; baseline 0.002 -26"><span class='ocrx_word' id='word_1_365' title='bbox 227 3495 292 3544; x_wconf 89' lang='grc' dir='ltr'><strong>τά</strong></span> <span class='ocrx_word' id='word_1_366' title='bbox 323 3501 563 3559; x_wconf 79' lang='grc' dir='ltr'>τοιαῦτα,</span> <span class='ocrx_word' id='word_1_367' title='bbox 605 3499 694 3546; x_wconf 80' lang='grc' dir='ltr'><strong>καὶ</strong></span> <span class='ocrx_word' id='word_1_368' title='bbox 734 3497 1012 3566; x_wconf 82' lang='grc' dir='ltr'>γράμμασι</span> <span class='ocrx_word' id='word_1_369' title='bbox 1035 3491 1355 3550; x_wconf 80' lang='grc' dir='ltr'>διετυπωθη.</span> <span class='ocrx_word' id='word_1_370' title='bbox 1389 3499 1458 3547; x_wconf 84' lang='grc' dir='ltr'><strong>Τὸ</strong></span> <span class='ocrx_word' id='word_1_371' title='bbox 1489 3499 1578 3567; x_wconf 70' lang='grc' dir='ltr'>μὲν</span> <span class='ocrx_word' id='word_1_372' title='bbox 1609 3506 1708 3547; x_wconf 87' lang='grc' dir='ltr'><strong>τῶν</strong></span> <span class='ocrx_word' id='word_1_373' title='bbox 1741 3496 1828 3569; x_wconf 86' lang='grc' dir='ltr'>ἀρ-</span> 
     </span>
    </p>
   </div>
   <div class='ocr_carea' id='block_1_55' title="bbox 221 3579 1826 3657">
    <p class='ocr_par' dir='ltr' id='par_1_55' title="bbox 221 3579 1826 3657">
     <span class='ocr_line' id='line_1_55' title="bbox 221 3579 1826 3657; baseline 0.002 -25"><span class='ocrx_word' id='word_1_374' title='bbox 221 3590 346 3650; x_wconf 83' lang='grc' dir='ltr'>νῶν,</span> <span class='ocrx_word' id='word_1_375' title='bbox 397 3582 442 3634; x_wconf 81' lang='grc' dir='ltr'>εἰ</span> <span class='ocrx_word' id='word_1_376' title='bbox 471 3581 650 3654; x_wconf 78' lang='grc' dir='ltr'>βούλει</span> <span class='ocrx_word' id='word_1_377' title='bbox 682 3579 764 3650; x_wconf 73' lang='grc' dir='ltr'><strong>δὲ,</strong></span> <span class='ocrx_word' id='word_1_378' title='bbox 795 3589 882 3634; x_wconf 84' lang='grc' dir='ltr'>καὶ</span> <span class='ocrx_word' id='word_1_379' title='bbox 935 3592 1033 3634; x_wconf 87' lang='grc' dir='ltr'><strong>τῶν</strong></span> <span class='ocrx_word' id='word_1_380' title='bbox 1085 3585 1392 3657; x_wconf 83' lang='grc' dir='ltr'>στρουθίων,</span> <span class='ocrx_word' id='word_1_381' title='bbox 1417 3587 1484 3646; x_wconf 80' lang='grc' dir='ltr'>ὡς</span> <span class='ocrx_word' id='word_1_382' title='bbox 1513 3583 1572 3634; x_wconf 80' lang='grc' dir='ltr'>ἂν</span> <span class='ocrx_word' id='word_1_383' title='bbox 1602 3583 1680 3636; x_wconf 70' lang='grc' dir='ltr'><strong>ἐπὶ</strong></span> <span class='ocrx_word' id='word_1_384' title='bbox 1729 3595 1826 3636; x_wconf 81' lang='grc' dir='ltr'><strong>τῶν</strong></span> 
     </span>
    </p>
   </div>
   <div class='ocr_carea' id='block_1_56' title="bbox 226 3670 1827 3744">
    <p class='ocr_par' dir='ltr' id='par_1_56' title="bbox 226 3670 1827 3744">
     <span class='ocr_line' id='line_1_56' title="bbox 226 3670 1827 3744; baseline 0.004 -24"><span class='ocrx_word' id='word_1_385' title='bbox 226 3670 428 3740; x_wconf 78' lang='grc' dir='ltr'>ἀλόγων</span> <span class='ocrx_word' id='word_1_386' title='bbox 455 3675 512 3722; x_wconf 81' lang='grc' dir='ltr'>τὸ</span> <span class='ocrx_word' id='word_1_387' title='bbox 547 3673 820 3742; x_wconf 66' lang='grc' dir='ltr'>συμπαθὲς</span> <span class='ocrx_word' id='word_1_388' title='bbox 869 3677 958 3724; x_wconf 82' lang='grc' dir='ltr'>καὶ</span> <span class='ocrx_word' id='word_1_389' title='bbox 1003 3672 1362 3744; x_wconf 68' lang='grc' dir='ltr'>εὔσπλαγχνον</span> <span class='ocrx_word' id='word_1_390' title='bbox 1391 3670 1827 3744; x_wconf 75' lang='grc' dir='ltr'>παιδαγωγηθέν-</span> 
     </span>
    </p>
   </div>
   <div class='ocr_carea' id='block_1_57' title="bbox 223 3759 1829 3833">
    <p class='ocr_par' dir='ltr' id='par_1_57' title="bbox 223 3759 1829 3833">
     <span class='ocr_line' id='line_1_57' title="bbox 223 3759 1829 3833; baseline 0.002 -21"><span class='ocrx_word' id='word_1_391' title='bbox 223 3779 324 3824; x_wconf 81' lang='grc' dir='ltr'>τες,</span> <span class='ocrx_word' id='word_1_392' title='bbox 367 3759 538 3829; x_wconf 81' lang='grc' dir='ltr'>πολλῷ</span> <span class='ocrx_word' id='word_1_393' title='bbox 564 3759 752 3830; x_wconf 83' lang='grc' dir='ltr'>μᾶλλον</span> <span class='ocrx_word' id='word_1_394' title='bbox 794 3764 875 3813; x_wconf 76' lang='grc' dir='ltr'><strong>ἐπὶ</strong></span> <span class='ocrx_word' id='word_1_395' title='bbox 907 3771 1005 3813; x_wconf 89' lang='grc' dir='ltr'><strong>τῶν</strong></span> <span class='ocrx_word' id='word_1_396' title='bbox 1027 3763 1303 3833; x_wconf 82' lang='grc' dir='ltr'>ὁμογενῶν,</span> <span class='ocrx_word' id='word_1_397' title='bbox 1333 3767 1422 3814; x_wconf 83' lang='grc' dir='ltr'>καὶ</span> <span class='ocrx_word' id='word_1_398' title='bbox 1451 3767 1536 3820; x_wconf 76' lang='grc' dir='ltr'>τὴν</span> <span class='ocrx_word' id='word_1_399' title='bbox 1560 3763 1720 3822; x_wconf 70' lang='grc' dir='ltr'>αὐτὴν</span> <span class='ocrx_word' id='word_1_400' title='bbox 1744 3765 1829 3816; x_wconf 82' lang='grc' dir='ltr'>λα-</span> 
     </span>
    </p>
   </div>
   <div class='ocr_carea' id='block_1_58' title="bbox 219 3849 1827 3925">
    <p class='ocr_par' dir='ltr' id='par_1_58' title="bbox 219 3849 1827 3925">
     <span class='ocr_line' id='line_1_58' title="bbox 219 3849 1827 3925; baseline 0.002 -24"><span class='ocrx_word' id='word_1_401' title='bbox 219 3855 430 3920; x_wconf 78' lang='grc' dir='ltr'>χοντων</span> <span class='ocrx_word' id='word_1_402' title='bbox 459 3851 616 3920; x_wconf 81' lang='grc' dir='ltr'>φύσιν</span> <span class='ocrx_word' id='word_1_403' title='bbox 667 3852 724 3900; x_wconf 82' lang='grc' dir='ltr'>τὸ</span> <span class='ocrx_word' id='word_1_404' title='bbox 757 3849 1112 3922; x_wconf 83' lang='grc' dir='ltr'>φιλάνθρωπόν</span> <span class='ocrx_word' id='word_1_405' title='bbox 1153 3869 1224 3915; x_wconf 83' lang='grc' dir='ltr'><strong>τε,</strong></span> <span class='ocrx_word' id='word_1_406' title='bbox 1268 3855 1356 3903; x_wconf 82' lang='grc' dir='ltr'>καὶ</span> <span class='ocrx_word' id='word_1_407' title='bbox 1393 3855 1480 3902; x_wconf 88' lang='grc' dir='ltr'>τὸν</span> <span class='ocrx_word' id='word_1_408' title='bbox 1520 3853 1652 3904; x_wconf 83' lang='grc' dir='ltr'>ἔλεον</span> <span class='ocrx_word' id='word_1_409' title='bbox 1696 3850 1827 3925; x_wconf 85' lang='grc' dir='ltr'>ὦμεν</span> 
     </span>
    </p>
   </div>
   <div class='ocr_carea' id='block_1_59' title="bbox 221 3934 1830 4014">
    <p class='ocr_par' dir='ltr' id='par_1_59' title="bbox 221 3934 1830 4014">
     <span class='ocr_line' id='line_1_59' title="bbox 221 3934 1830 4014; baseline 0.002 -24"><span class='ocrx_word' id='word_1_410' title='bbox 221 3934 662 4009; x_wconf 57' lang='grc' dir='ltr'>ἐπιδεδειγμένοι.</span> <span class='ocrx_word' id='word_1_411' title='bbox 697 3943 766 3992; x_wconf 86' lang='grc' dir='ltr'><strong>Τὸ</strong></span> <span class='ocrx_word' id='word_1_412' title='bbox 794 3935 852 3992; x_wconf 71' lang='grc' dir='ltr'><strong>δὲ</strong></span> <span class='ocrx_word' id='word_1_413' title='bbox 884 3941 966 3991; x_wconf 81' lang='grc' dir='ltr'>ἶνα</span> <span class='ocrx_word' id='word_1_414' title='bbox 999 3945 1070 4012; x_wconf 75' lang='grc' dir='ltr'>μὴ</span> <span class='ocrx_word' id='word_1_415' title='bbox 1117 3945 1245 4014; x_wconf 83' lang='grc' dir='ltr'>πρὸς</span> <span class='ocrx_word' id='word_1_416' title='bbox 1283 3939 1576 3998; x_wconf 78' lang='grc' dir='ltr'>ἀπληστίαν</span> <span class='ocrx_word' id='word_1_417' title='bbox 1603 3949 1830 4012; x_wconf 72' lang='grc' dir='ltr'>κεχηνό-</span> 
     </span>
    </p>
   </div>
   <div class='ocr_carea' id='block_1_60' title="bbox 221 4025 1822 4102">
    <p class='ocr_par' dir='ltr' id='par_1_60' title="bbox 221 4025 1822 4102">
     <span class='ocr_line' id='line_1_60' title="bbox 221 4025 1822 4102; baseline 0.021 -29"><span class='ocrx_word' id='word_1_418' title='bbox 221 4045 302 4087; x_wconf 80' lang='grc' dir='ltr'><strong>τες</strong></span> <span class='ocrx_word' id='word_1_419' title='bbox 331 4027 398 4078; x_wconf 87' lang='grc' dir='ltr'><strong>τά</strong></span> <span class='ocrx_word' id='word_1_420' title='bbox 429 4045 484 4078; x_wconf 90' lang='grc' dir='ltr'><strong>τε</strong></span> <span class='ocrx_word' id='word_1_421' title='bbox 513 4028 644 4078; x_wconf 83' lang='grc' dir='ltr'>οἶλλα</span> <span class='ocrx_word' id='word_1_422' title='bbox 683 4025 970 4099; x_wconf 72' lang='grc' dir='ltr'>δυστυχῶν</span> <span class='ocrx_word' id='word_1_423' title='bbox 1021 4031 1292 4102; x_wconf 72' lang='grc' dir='ltr'>φερώμεθα</span> <span class='ocrx_word' id='word_1_424' title='bbox 1338 4047 1348 4058; x_wconf 88' lang='grc'><em>’</em></span> <span class='ocrx_word' id='word_1_425' title='bbox 1390 4029 1588 4081; x_wconf 69' lang='grc' dir='ltr'>πολλῶν</span> <span class='ocrx_word' id='word_1_426' title='bbox 1639 4033 1739 4102; x_wconf 72' lang='grc' dir='ltr'><strong>γάρ</strong></span> <span class='ocrx_word' id='word_1_427' title='bbox 1794 4032 1822 4088; x_wconf 62' lang='grc' dir='ltr'><strong>ἡ</strong></span> 
     </span>
    </p>
   </div>
   <div class='ocr_carea' id='block_1_61' title="bbox 223 4113 1826 4193">
    <p class='ocr_par' dir='ltr' id='par_1_61' title="bbox 223 4113 1826 4193">
     <span class='ocr_line' id='line_1_61' title="bbox 223 4113 1826 4193; baseline 0.002 -26"><span class='ocrx_word' id='word_1_428' title='bbox 223 4113 497 4172; x_wconf 83' lang='grc' dir='ltr'>ἀπληστία</span> <span class='ocrx_word' id='word_1_429' title='bbox 539 4125 711 4168; x_wconf 86' lang='grc' dir='ltr'>κακῶν</span> <span class='ocrx_word' id='word_1_430' title='bbox 743 4121 926 4182; x_wconf 78' lang='grc' dir='ltr'>αἰτίον,</span> <span class='ocrx_word' id='word_1_431' title='bbox 979 4123 1068 4170; x_wconf 81' lang='grc' dir='ltr'>καὶ</span> <span class='ocrx_word' id='word_1_432' title='bbox 1113 4119 1471 4193; x_wconf 73' lang='grc' dir='ltr'>συναπορῥεῐν,</span> <span class='ocrx_word' id='word_1_433' title='bbox 1506 4122 1576 4180; x_wconf 82' lang='grc' dir='ltr'>ὡς</span> <span class='ocrx_word' id='word_1_434' title='bbox 1619 4118 1826 4190; x_wconf 82' lang='grc' dir='ltr'>ἐπίπαν,</span> 
     </span>
    </p>
   </div>
   <div class='ocr_carea' id='block_1_62' title="bbox 1864 2845 1904 2900">
    <p class='ocr_par' dir='ltr' id='par_1_62' title="bbox 1864 2845 1904 2900">
     <span class='ocr_line' id='line_1_62' title="bbox 1864 2845 1904 2900; baseline 0 -2"><span class='ocrx_word' id='word_1_435' title='bbox 1864 2845 1904 2900; x_wconf 84' lang='lat' dir='ltr'><strong>C</strong></span> 
     </span>
    </p>
   </div>
   <div class='ocr_carea' id='block_1_63' title="bbox 1939 1793 3594 1874">
    <p class='ocr_par' dir='ltr' id='par_1_63' title="bbox 1939 1793 3594 1874">
     <span class='ocr_line' id='line_1_63' title="bbox 1939 1793 3594 1874; baseline 0.001 -18"><span class='ocrx_word' id='word_1_436' title='bbox 1939 1799 2184 1872; x_wconf 90' lang='lat' dir='ltr'><strong>poplite,</strong></span> <span class='ocrx_word' id='word_1_437' title='bbox 2209 1793 2282 1855; x_wconf 82' lang='lat' dir='ltr'><strong>ut</strong></span> <span class='ocrx_word' id='word_1_438' title='bbox 2315 1801 2482 1856; x_wconf 87' lang='lat' dir='ltr'><strong>aiunt</strong></span> <span class='ocrx_word' id='word_1_439' title='bbox 2509 1801 2938 1860; x_wconf 88' lang='lat' dir='ltr'><strong>claudicantem</strong></span> <span class='ocrx_word' id='word_1_440' title='bbox 2965 1805 3206 1874; x_wconf 83' lang='lat' dir='ltr'><strong>erigere,</strong></span> <span class='ocrx_word' id='word_1_441' title='bbox 3245 1808 3306 1860; x_wconf 92' lang='lat' dir='ltr'><strong>et</strong></span> <span class='ocrx_word' id='word_1_442' title='bbox 3338 1803 3594 1860; x_wconf 91' lang='lat' dir='ltr'><strong>solidare</strong></span> 
     </span>
    </p>
   </div>
   <div class='ocr_carea' id='block_1_64' title="bbox 1940 1887 3597 1964">
    <p class='ocr_par' dir='ltr' id='par_1_64' title="bbox 1940 1887 3597 1964">
     <span class='ocr_line' id='line_1_64' title="bbox 1940 1887 3597 1964; baseline 0.001 -20"><span class='ocrx_word' id='word_1_443' title='bbox 1940 1887 2134 1954; x_wconf 85' lang='lat' dir='ltr'><strong>vellet,</strong></span> <span class='ocrx_word' id='word_1_444' title='bbox 2168 1905 2426 1962; x_wconf 87' lang='lat' dir='ltr'><strong>eumque</strong></span> <span class='ocrx_word' id='word_1_445' title='bbox 2451 1890 2512 1944; x_wconf 88' lang='lat' dir='ltr'><strong>in</strong></span> <span class='ocrx_word' id='word_1_446' title='bbox 2540 1891 2862 1948; x_wconf 85' lang='lat' dir='ltr'><strong>salutarem</strong></span> <span class='ocrx_word' id='word_1_447' title='bbox 2891 1898 3231 1964; x_wconf 87' lang='lat' dir='ltr'><strong>rectamque</strong></span> <span class='ocrx_word' id='word_1_448' title='bbox 3259 1893 3412 1949; x_wconf 90' lang='lat' dir='ltr'><strong>viam</strong></span> <span class='ocrx_word' id='word_1_449' title='bbox 3455 1892 3597 1948; x_wconf 90' lang='lat' dir='ltr'><strong>diri-</strong></span> 
     </span>
    </p>
   </div>
   <div class='ocr_carea' id='block_1_65' title="bbox 1943 1978 3594 2054">
    <p class='ocr_par' dir='ltr' id='par_1_65' title="bbox 1943 1978 3594 2054">
     <span class='ocr_line' id='line_1_65' title="bbox 1943 1978 3594 2054; baseline 0.002 -20"><span class='ocrx_word' id='word_1_450' title='bbox 1943 1993 2080 2047; x_wconf 88' lang='lat' dir='ltr'><strong>gere</strong></span> <span class='ocrx_word' id='word_1_451' title='bbox 2113 1994 2126 2032; x_wconf 93' lang='lat'>:</span> <span class='ocrx_word' id='word_1_452' title='bbox 2157 1978 2206 2033; x_wconf 90' lang='lat' dir='ltr'><strong>si</strong></span> <span class='ocrx_word' id='word_1_453' title='bbox 2237 1980 2372 2050; x_wconf 88' lang='lat' dir='ltr'><strong>quis</strong></span> <span class='ocrx_word' id='word_1_454' title='bbox 2405 1978 2674 2051; x_wconf 88' lang='lat' dir='ltr'><strong>inquam,</strong></span> <span class='ocrx_word' id='word_1_455' title='bbox 2717 1997 3216 2054; x_wconf 89' lang='lat' dir='ltr'><strong>unumquemque</strong></span> <span class='ocrx_word' id='word_1_456' title='bbox 3257 1982 3478 2038; x_wconf 88' lang='lat' dir='ltr'><strong>horum</strong></span> <span class='ocrx_word' id='word_1_457' title='bbox 3521 1983 3594 2038; x_wconf 90' lang='lat' dir='ltr'><strong>ab</strong></span> 
     </span>
    </p>
   </div>
   <div class='ocr_carea' id='block_1_66' title="bbox 1941 2067 3596 2144">
    <p class='ocr_par' dir='ltr' id='par_1_66' title="bbox 1941 2067 3596 2144">
     <span class='ocr_line' id='line_1_66' title="bbox 1941 2067 3596 2144; baseline 0.003 -23"><span class='ocrx_word' id='word_1_458' title='bbox 1941 2067 2055 2122; x_wconf 84' lang='lat' dir='ltr'><strong>illis</strong></span> <span class='ocrx_word' id='word_1_459' title='bbox 2085 2067 2300 2123; x_wconf 87' lang='lat' dir='ltr'><strong>rationi</strong></span> <span class='ocrx_word' id='word_1_460' title='bbox 2331 2069 2594 2124; x_wconf 86' lang='lat' dir='ltr'><strong>adversis</strong></span> <span class='ocrx_word' id='word_1_461' title='bbox 2619 2070 3118 2142; x_wconf 89' lang='lat' dir='ltr'><strong>propensionibus</strong></span> <span class='ocrx_word' id='word_1_462' title='bbox 3149 2071 3242 2127; x_wconf 86' lang='lat' dir='ltr'><strong>vel</strong></span> <span class='ocrx_word' id='word_1_463' title='bbox 3266 2087 3372 2143; x_wconf 90' lang='lat' dir='ltr'><strong>per</strong></span> <span class='ocrx_word' id='word_1_464' title='bbox 3395 2071 3596 2144; x_wconf 87' lang='lat' dir='ltr'><strong>plures</strong></span> 
     </span>
    </p>
   </div>
   <div class='ocr_carea' id='block_1_67' title="bbox 1943 2155 3596 2239">
    <p class='ocr_par' dir='ltr' id='par_1_67' title="bbox 1943 2155 3596 2239">
     <span class='ocr_line' id='line_1_67' title="bbox 1943 2155 3596 2239; baseline 0.001 -27"><span class='ocrx_word' id='word_1_465' title='bbox 1943 2155 2090 2212; x_wconf 86' lang='lat' dir='ltr'><strong>alias</strong></span> <span class='ocrx_word' id='word_1_466' title='bbox 2147 2156 2594 2214; x_wconf 87' lang='lat' dir='ltr'><strong>adhortationes</strong></span> <span class='ocrx_word' id='word_1_467' title='bbox 2658 2175 2862 2216; x_wconf 89' lang='lat' dir='ltr'><strong>eruere</strong></span> <span class='ocrx_word' id='word_1_468' title='bbox 2915 2159 3358 2230; x_wconf 75' lang='lat' dir='ltr'><strong>aggrederetur,</strong></span> <span class='ocrx_word' id='word_1_469' title='bbox 3414 2160 3596 2239; x_wconf 88' lang='lat' dir='ltr'><strong>nimis</strong></span> 
     </span>
    </p>
   </div>
   <div class='ocr_carea' id='block_1_68' title="bbox 1943 2246 3588 2320">
    <p class='ocr_par' dir='ltr' id='par_1_68' title="bbox 1943 2246 3588 2320">
     <span class='ocr_line' id='line_1_68' title="bbox 1943 2246 3588 2320; baseline 0.001 -19"><span class='ocrx_word' id='word_1_470' title='bbox 1943 2246 2215 2318; x_wconf 87' lang='lat' dir='ltr'><strong>apposite</strong></span> <span class='ocrx_word' id='word_1_471' title='bbox 2245 2252 2697 2319; x_wconf 87' lang='lat' dir='ltr'><strong>opportuneque</strong></span> <span class='ocrx_word' id='word_1_472' title='bbox 2727 2247 3069 2320; x_wconf 88' lang='lat' dir='ltr'><strong>subjiceret:</strong></span> <span class='ocrx_word' id='word_1_473' title='bbox 3095 2264 3296 2304; x_wconf 89' lang='lat' dir='ltr'><strong>nonne</strong></span> <span class='ocrx_word' id='word_1_474' title='bbox 3313 2248 3588 2312; x_wconf 88' lang='lat' dir='ltr'><strong>didicisti,</strong></span> 
     </span>
    </p>
   </div>
   <div class='ocr_carea' id='block_1_69' title="bbox 1944 2333 3595 2410">
    <p class='ocr_par' dir='ltr' id='par_1_69' title="bbox 1944 2333 3595 2410">
     <span class='ocr_line' id='line_1_69' title="bbox 1944 2333 3595 2410; baseline 0.002 -21"><span class='ocrx_word' id='word_1_475' title='bbox 1944 2350 1980 2389; x_wconf 90' lang='grc' dir='ltr'><strong>ο</strong></span> <span class='ocrx_word' id='word_1_476' title='bbox 2009 2333 2208 2400; x_wconf 92' lang='lat' dir='ltr'><strong>homo,</strong></span> <span class='ocrx_word' id='word_1_477' title='bbox 2243 2334 2320 2390; x_wconf 90' lang='lat' dir='ltr'><strong>ab</strong></span> <span class='ocrx_word' id='word_1_478' title='bbox 2347 2335 2625 2392; x_wconf 86' lang='lat' dir='ltr'><strong>institutis</strong></span> <span class='ocrx_word' id='word_1_479' title='bbox 2657 2337 3090 2408; x_wconf 67' lang='lat' dir='ltr'><strong>praeceptisque</strong></span> <span class='ocrx_word' id='word_1_480' title='bbox 3115 2337 3405 2405; x_wconf 88' lang='lat' dir='ltr'><strong>Mosaicis,</strong></span> <span class='ocrx_word' id='word_1_481' title='bbox 3430 2338 3595 2410; x_wconf 89' lang='lat' dir='ltr'><strong>quod</strong></span> 
     </span>
    </p>
   </div>
   <div class='ocr_carea' id='block_1_70' title="bbox 1943 2423 3594 2498">
    <p class='ocr_par' dir='ltr' id='par_1_70' title="bbox 1943 2423 3594 2498">
     <span class='ocr_line' id='line_1_70' title="bbox 1943 2423 3594 2498; baseline 0.002 -20"><span class='ocrx_word' id='word_1_482' title='bbox 1943 2439 2054 2478; x_wconf 89' lang='lat' dir='ltr'><strong>nec</strong></span> <span class='ocrx_word' id='word_1_483' title='bbox 2086 2424 2147 2478; x_wconf 90' lang='lat' dir='ltr'><strong>in</strong></span> <span class='ocrx_word' id='word_1_484' title='bbox 2177 2423 2322 2480; x_wconf 91' lang='lat' dir='ltr'><strong>lacte</strong></span> <span class='ocrx_word' id='word_1_485' title='bbox 2350 2425 2551 2480; x_wconf 89' lang='lat' dir='ltr'><strong>matris</strong></span> <span class='ocrx_word' id='word_1_486' title='bbox 2573 2441 2694 2480; x_wconf 75' lang='lat' dir='ltr'><strong>suae</strong></span> <span class='ocrx_word' id='word_1_487' title='bbox 2719 2441 2946 2496; x_wconf 87' lang='lat' dir='ltr'><strong>agnum</strong></span> <span class='ocrx_word' id='word_1_488' title='bbox 2967 2425 3163 2498; x_wconf 87' lang='lat' dir='ltr'><strong>coqui,</strong></span> <span class='ocrx_word' id='word_1_489' title='bbox 3183 2442 3290 2483; x_wconf 88' lang='lat' dir='ltr'><strong>nec</strong></span> <span class='ocrx_word' id='word_1_490' title='bbox 3307 2441 3512 2483; x_wconf 90' lang='lat' dir='ltr'><strong>semen</strong></span> <span class='ocrx_word' id='word_1_491' title='bbox 3533 2427 3594 2482; x_wconf 89' lang='lat' dir='ltr'><strong>in</strong></span> 
     </span>
    </p>
   </div>
   <div class='ocr_carea' id='block_1_71' title="bbox 1946 2511 3595 2588">
    <p class='ocr_par' dir='ltr' id='par_1_71' title="bbox 1946 2511 3595 2588">
     <span class='ocr_line' id='line_1_71' title="bbox 1946 2511 3595 2588; baseline 0.003 -22"><span class='ocrx_word' id='word_1_492' title='bbox 1946 2511 2118 2568; x_wconf 89' lang='lat' dir='ltr'><strong>vinea</strong></span> <span class='ocrx_word' id='word_1_493' title='bbox 2143 2513 2339 2584; x_wconf 86' lang='lat' dir='ltr'><strong>spargi</strong></span> <span class='ocrx_word' id='word_1_494' title='bbox 2380 2513 2570 2578; x_wconf 86' lang='lat' dir='ltr'><strong>liceat,</strong></span> <span class='ocrx_word' id='word_1_495' title='bbox 2599 2530 2710 2570; x_wconf 90' lang='lat' dir='ltr'><strong>nec</strong></span> <span class='ocrx_word' id='word_1_496' title='bbox 2739 2515 3150 2572; x_wconf 86' lang='lat' dir='ltr'><strong>indumentum</strong></span> <span class='ocrx_word' id='word_1_497' title='bbox 3179 2515 3282 2582; x_wconf 82' lang='lat' dir='ltr'><strong>tibi</strong></span> <span class='ocrx_word' id='word_1_498' title='bbox 3303 2521 3404 2572; x_wconf 90' lang='lat' dir='ltr'><strong>aut</strong></span> <span class='ocrx_word' id='word_1_499' title='bbox 3429 2515 3595 2588; x_wconf 88' lang='lat' dir='ltr'><strong>poly-</strong></span> 
     </span>
    </p>
   </div>
   <div class='ocr_carea' id='block_1_72' title="bbox 1943 2601 3598 2670">
    <p class='ocr_par' dir='ltr' id='par_1_72' title="bbox 1943 2601 3598 2670">
     <span class='ocr_line' id='line_1_72' title="bbox 1943 2601 3598 2670; baseline 0.002 -14"><span class='ocrx_word' id='word_1_500' title='bbox 1943 2601 2148 2657; x_wconf 90' lang='lat' dir='ltr'><strong>mitam</strong></span> <span class='ocrx_word' id='word_1_501' title='bbox 2182 2608 2400 2658; x_wconf 89' lang='lat' dir='ltr'><strong>vestem</strong></span> <span class='ocrx_word' id='word_1_502' title='bbox 2431 2619 2503 2658; x_wconf 87' lang='lat' dir='ltr'><strong>ex</strong></span> <span class='ocrx_word' id='word_1_503' title='bbox 2531 2603 2778 2660; x_wconf 88' lang='lat' dir='ltr'><strong>diversis</strong></span> <span class='ocrx_word' id='word_1_504' title='bbox 2795 2603 2969 2670; x_wconf 58' lang='lat' dir='ltr'><strong>lanae,</strong></span> <span class='ocrx_word' id='word_1_505' title='bbox 2994 2609 3051 2660; x_wconf 90' lang='lat' dir='ltr'><strong>et</strong></span> <span class='ocrx_word' id='word_1_506' title='bbox 3080 2605 3178 2661; x_wconf 90' lang='lat' dir='ltr'><strong>lini</strong></span> <span class='ocrx_word' id='word_1_507' title='bbox 3202 2605 3353 2663; x_wconf 89' lang='lat' dir='ltr'><strong>liciis</strong></span> <span class='ocrx_word' id='word_1_508' title='bbox 3379 2604 3598 2661; x_wconf 88' lang='lat' dir='ltr'><strong>debeas</strong></span> 
     </span>
    </p>
   </div>
   <div class='ocr_carea' id='block_1_73' title="bbox 1941 2693 3596 2766">
    <p class='ocr_par' dir='ltr' id='par_1_73' title="bbox 1941 2693 3596 2766">
     <span class='ocr_line' id='line_1_73' title="bbox 1941 2693 3596 2766; baseline 0.002 -21"><span class='ocrx_word' id='word_1_509' title='bbox 1941 2697 2248 2748; x_wconf 80' lang='lat' dir='ltr'><strong>contexere</strong></span> <span class='ocrx_word' id='word_1_510' title='bbox 2294 2693 2322 2748; x_wconf 92' lang='lat'><strong>?</strong></span> <span class='ocrx_word' id='word_1_511' title='bbox 2351 2695 2556 2749; x_wconf 87' lang='lat' dir='ltr'><strong>Nonne</strong></span> <span class='ocrx_word' id='word_1_512' title='bbox 2583 2693 2866 2750; x_wconf 89' lang='lat' dir='ltr'><strong>omnibus</strong></span> <span class='ocrx_word' id='word_1_513' title='bbox 2897 2700 3272 2766; x_wconf 88' lang='lat' dir='ltr'><strong>compertum</strong></span> <span class='ocrx_word' id='word_1_514' title='bbox 3303 2701 3394 2752; x_wconf 89' lang='lat' dir='ltr'><strong>est</strong></span> <span class='ocrx_word' id='word_1_515' title='bbox 3431 2696 3596 2766; x_wconf 90' lang='lat' dir='ltr'><strong>quod</strong></span> 
     </span>
    </p>
   </div>
   <div class='ocr_carea' id='block_1_74' title="bbox 1942 2781 3594 2854">
    <p class='ocr_par' dir='ltr' id='par_1_74' title="bbox 1942 2781 3594 2854">
     <span class='ocr_line' id='line_1_74' title="bbox 1942 2781 3594 2854; baseline 0.002 -18"><span class='ocrx_word' id='word_1_516' title='bbox 1942 2781 2352 2850; x_wconf 86' lang='lat' dir='ltr'><strong>hujuscemodi</strong></span> <span class='ocrx_word' id='word_1_517' title='bbox 2410 2787 2766 2838; x_wconf 88' lang='lat' dir='ltr'><strong>statutorum</strong></span> <span class='ocrx_word' id='word_1_518' title='bbox 2815 2784 3211 2854; x_wconf 85' lang='lat' dir='ltr'><strong>promulgatio</strong></span> <span class='ocrx_word' id='word_1_519' title='bbox 3261 2801 3370 2840; x_wconf 89' lang='lat' dir='ltr'><strong>nec</strong></span> <span class='ocrx_word' id='word_1_520' title='bbox 3419 2785 3594 2854; x_wconf 89' lang='lat' dir='ltr'><strong>agnis</strong></span> 
     </span>
    </p>
   </div>
   <div class='ocr_carea' id='block_1_75' title="bbox 1942 2869 3595 2940">
    <p class='ocr_par' dir='ltr' id='par_1_75' title="bbox 1942 2869 3595 2940">
     <span class='ocr_line' id='line_1_75' title="bbox 1942 2869 3595 2940; baseline 0.002 -16"><span class='ocrx_word' id='word_1_521' title='bbox 1942 2886 2051 2924; x_wconf 90' lang='lat' dir='ltr'><strong>nec</strong></span> <span class='ocrx_word' id='word_1_522' title='bbox 2087 2875 2355 2926; x_wconf 89' lang='lat' dir='ltr'><strong>materno</strong></span> <span class='ocrx_word' id='word_1_523' title='bbox 2381 2869 2538 2940; x_wconf 88' lang='lat' dir='ltr'><strong>lacti,</strong></span> <span class='ocrx_word' id='word_1_524' title='bbox 2569 2872 2691 2928; x_wconf 90' lang='lat' dir='ltr'><strong>imo</strong></span> <span class='ocrx_word' id='word_1_525' title='bbox 2721 2887 2829 2928; x_wconf 90' lang='lat' dir='ltr'><strong>nec</strong></span> <span class='ocrx_word' id='word_1_526' title='bbox 2857 2871 3068 2936; x_wconf 77' lang='lat' dir='ltr'><strong>vineae,</strong></span> <span class='ocrx_word' id='word_1_527' title='bbox 3107 2889 3216 2928; x_wconf 89' lang='lat' dir='ltr'><strong>nec</strong></span> <span class='ocrx_word' id='word_1_528' title='bbox 3245 2874 3595 2929; x_wconf 88' lang='lat' dir='ltr'><strong>vestimento</strong></span> 
     </span>
    </p>
   </div>
   <div class='ocr_carea' id='block_1_76' title="bbox 1942 2958 3592 3034">
    <p class='ocr_par' dir='ltr' id='par_1_76' title="bbox 1942 2958 3592 3034">
     <span class='ocr_line' id='line_1_76' title="bbox 1942 2958 3592 3034; baseline 0.003 -23"><span class='ocrx_word' id='word_1_529' title='bbox 1942 2958 2192 3013; x_wconf 85' lang='lat' dir='ltr'><strong>diversis</strong></span> <span class='ocrx_word' id='word_1_530' title='bbox 2213 2959 2326 3014; x_wconf 88' lang='lat' dir='ltr'><strong>tilis</strong></span> <span class='ocrx_word' id='word_1_531' title='bbox 2351 2962 2642 3016; x_wconf 87' lang='lat' dir='ltr'><strong>constanti</strong></span> <span class='ocrx_word' id='word_1_532' title='bbox 2670 2961 2994 3033; x_wconf 88' lang='lat' dir='ltr'><strong>prospiciat</strong></span> <span class='ocrx_word' id='word_1_533' title='bbox 3033 2967 3056 3012; x_wconf 91' lang='lat'><strong>?</strong></span> <span class='ocrx_word' id='word_1_534' title='bbox 3094 2963 3248 3017; x_wconf 83' lang='lat' dir='ltr'><strong>Num</strong></span> <span class='ocrx_word' id='word_1_535' title='bbox 3285 2978 3356 3018; x_wconf 92' lang='lat' dir='ltr'><strong>eo</strong></span> <span class='ocrx_word' id='word_1_536' title='bbox 3399 2979 3592 3034; x_wconf 88' lang='lat' dir='ltr'><strong>usque</strong></span> 
     </span>
    </p>
   </div>
   <div class='ocr_carea' id='block_1_77' title="bbox 1941 3047 3594 3118">
    <p class='ocr_par' dir='ltr' id='par_1_77' title="bbox 1941 3047 3594 3118">
     <span class='ocr_line' id='line_1_77' title="bbox 1941 3047 3594 3118; baseline 0.003 -16"><span class='ocrx_word' id='word_1_537' title='bbox 1941 3047 2059 3112; x_wconf 83' lang='lat' dir='ltr'><strong>ﬁla,</strong></span> <span class='ocrx_word' id='word_1_538' title='bbox 2092 3053 2196 3103; x_wconf 87' lang='lat' dir='ltr'><strong>aut</strong></span> <span class='ocrx_word' id='word_1_539' title='bbox 2225 3049 2425 3114; x_wconf 69' lang='lat' dir='ltr'><strong>vineae,</strong></span> <span class='ocrx_word' id='word_1_540' title='bbox 2460 3055 2560 3105; x_wconf 91' lang='lat' dir='ltr'><strong>aut</strong></span> <span class='ocrx_word' id='word_1_541' title='bbox 2591 3050 2756 3118; x_wconf 84' lang='lat' dir='ltr'><strong>agni,</strong></span> <span class='ocrx_word' id='word_1_542' title='bbox 2787 3055 2843 3106; x_wconf 88' lang='lat' dir='ltr'><strong>ct</strong></span> <span class='ocrx_word' id='word_1_543' title='bbox 2887 3050 2980 3106; x_wconf 89' lang='lat' dir='ltr'><strong>lac</strong></span> <span class='ocrx_word' id='word_1_544' title='bbox 3020 3051 3140 3106; x_wconf 92' lang='lat' dir='ltr'><strong>Deo</strong></span> <span class='ocrx_word' id='word_1_545' title='bbox 3167 3056 3301 3106; x_wconf 92' lang='lat' dir='ltr'><strong>sunt</strong></span> <span class='ocrx_word' id='word_1_546' title='bbox 3327 3067 3501 3118; x_wconf 72' lang='lat' dir='ltr'><strong>curae,</strong></span> <span class='ocrx_word' id='word_1_547' title='bbox 3531 3057 3594 3108; x_wconf 91' lang='lat' dir='ltr'><strong>ut</strong></span> 
     </span>
    </p>
   </div>
   <div class='ocr_carea' id='block_1_78' title="bbox 1937 3135 3588 3209">
    <p class='ocr_par' dir='ltr' id='par_1_78' title="bbox 1937 3135 3588 3209">
     <span class='ocr_line' id='line_1_78' title="bbox 1937 3135 3588 3209; baseline 0.004 -19"><span class='ocrx_word' id='word_1_548' title='bbox 1937 3135 2172 3204; x_wconf 88' lang='lat' dir='ltr'><strong>legibus</strong></span> <span class='ocrx_word' id='word_1_549' title='bbox 2192 3153 2434 3208; x_wconf 88' lang='lat' dir='ltr'><strong>quoque</strong></span> <span class='ocrx_word' id='word_1_550' title='bbox 2467 3139 2576 3194; x_wconf 88' lang='lat' dir='ltr'><strong>ista</strong></span> <span class='ocrx_word' id='word_1_551' title='bbox 2608 3139 2900 3209; x_wconf 88' lang='lat' dir='ltr'><strong>subjiciat,</strong></span> <span class='ocrx_word' id='word_1_552' title='bbox 2930 3145 2986 3195; x_wconf 93' lang='lat' dir='ltr'><strong>et</strong></span> <span class='ocrx_word' id='word_1_553' title='bbox 3024 3139 3064 3194; x_wconf 94' lang='lat' dir='ltr'><strong>h</strong></span> <span class='ocrx_word' id='word_1_554' title='bbox 3087 3155 3306 3196; x_wconf 74' lang='lat' dir='ltr'><strong>imanaa</strong></span> <span class='ocrx_word' id='word_1_555' title='bbox 3351 3147 3588 3206; x_wconf 62' lang='lat' dir='ltr'><strong>natura}.</strong></span> 
     </span>
    </p>
   </div>
   <div class='ocr_carea' id='block_1_79' title="bbox 1940 3224 3590 3298">
    <p class='ocr_par' dir='ltr' id='par_1_79' title="bbox 1940 3224 3590 3298">
     <span class='ocr_line' id='line_1_79' title="bbox 1940 3224 3590 3298; baseline 0.002 -18"><span class='ocrx_word' id='word_1_556' title='bbox 1940 3224 2114 3294; x_wconf 90' lang='lat' dir='ltr'><strong>cujus</strong></span> <span class='ocrx_word' id='word_1_557' title='bbox 2136 3225 2324 3294; x_wconf 90' lang='lat' dir='ltr'><strong>gratia</strong></span> <span class='ocrx_word' id='word_1_558' title='bbox 2353 3226 2560 3282; x_wconf 89' lang='lat' dir='ltr'><strong>omnia</strong></span> <span class='ocrx_word' id='word_1_559' title='bbox 2591 3227 2881 3298; x_wconf 89' lang='lat' dir='ltr'><strong>producta</strong></span> <span class='ocrx_word' id='word_1_560' title='bbox 2911 3235 3068 3292; x_wconf 90' lang='lat' dir='ltr'><strong>sunt,</strong></span> <span class='ocrx_word' id='word_1_561' title='bbox 3105 3228 3163 3282; x_wconf 93' lang='lat' dir='ltr'><strong>in</strong></span> <span class='ocrx_word' id='word_1_562' title='bbox 3189 3227 3353 3284; x_wconf 87' lang='lat' dir='ltr'><strong>nulla</strong></span> <span class='ocrx_word' id='word_1_563' title='bbox 3375 3228 3590 3284; x_wconf 87' lang='lat' dir='ltr'><strong>harum</strong></span> 
     </span>
    </p>
   </div>
   <div class='ocr_carea' id='block_1_80' title="bbox 1939 3313 2520 3385">
    <p class='ocr_par' dir='ltr' id='par_1_80' title="bbox 1939 3313 2520 3385">
     <span class='ocr_line' id='line_1_80' title="bbox 1939 3313 2520 3385; baseline -0.002 -17"><span class='ocrx_word' id='word_1_564' title='bbox 1939 3329 2138 3368; x_wconf 89' lang='lat' dir='ltr'><strong>rerum</strong></span> <span class='ocrx_word' id='word_1_565' title='bbox 2161 3313 2468 3385; x_wconf 84' lang='lat' dir='ltr'><strong>provideat.</strong></span> <span class='ocrx_word' id='word_1_566' title='bbox 2493 3313 2520 3368; x_wconf 79' lang='lat'>?</span> 
     </span>
    </p>
   </div>
   <div class='ocr_carea' id='block_1_81' title="bbox 2009 3403 3588 3478">
    <p class='ocr_par' dir='ltr' id='par_1_81' title="bbox 2009 3403 3588 3478">
     <span class='ocr_line' id='line_1_81' title="bbox 2009 3403 3588 3478; baseline 0.001 -20"><span class='ocrx_word' id='word_1_567' title='bbox 2009 3403 2184 3474; x_wconf 87' lang='lat' dir='ltr'><strong>Atqui</strong></span> <span class='ocrx_word' id='word_1_568' title='bbox 2211 3409 2592 3474; x_wconf 89' lang='lat' dir='ltr'><strong>perspectum</strong></span> <span class='ocrx_word' id='word_1_569' title='bbox 2619 3410 2724 3472; x_wconf 90' lang='lat' dir='ltr'><strong>est,</strong></span> <span class='ocrx_word' id='word_1_570' title='bbox 2755 3405 2914 3476; x_wconf 89' lang='lat' dir='ltr'><strong>quod</strong></span> <span class='ocrx_word' id='word_1_571' title='bbox 2937 3410 3176 3478; x_wconf 83' lang='lat' dir='ltr'><strong>prOpter</strong></span> <span class='ocrx_word' id='word_1_572' title='bbox 3219 3421 3328 3460; x_wconf 92' lang='lat' dir='ltr'><strong>nos</strong></span> <span class='ocrx_word' id='word_1_573' title='bbox 3366 3421 3436 3462; x_wconf 87' lang='lat' dir='ltr'><strong>ea</strong></span> <span class='ocrx_word' id='word_1_574' title='bbox 3460 3405 3588 3476; x_wconf 86' lang='lat' dir='ltr'><strong>jam</strong></span> 
     </span>
    </p>
   </div>
   <div class='ocr_carea' id='block_1_82' title="bbox 1939 3491 3588 3563">
    <p class='ocr_par' dir='ltr' id='par_1_82' title="bbox 1939 3491 3588 3563">
     <span class='ocr_line' id='line_1_82' title="bbox 1939 3491 3588 3563; baseline 0.002 -17"><span class='ocrx_word' id='word_1_575' title='bbox 1939 3491 2014 3546; x_wconf 85' lang='lat' dir='ltr'><strong>ab</strong></span> <span class='ocrx_word' id='word_1_576' title='bbox 2045 3492 2210 3547; x_wconf 90' lang='lat' dir='ltr'><strong>initio</strong></span> <span class='ocrx_word' id='word_1_577' title='bbox 2231 3491 2486 3563; x_wconf 88' lang='lat' dir='ltr'><strong>provisa,</strong></span> <span class='ocrx_word' id='word_1_578' title='bbox 2501 3493 2776 3550; x_wconf 89' lang='lat' dir='ltr'><strong>etlitteris</strong></span> <span class='ocrx_word' id='word_1_579' title='bbox 2793 3496 3082 3550; x_wconf 89' lang='lat' dir='ltr'><strong>mandata</strong></span> <span class='ocrx_word' id='word_1_580' title='bbox 3107 3494 3342 3550; x_wconf 82' lang='lat' dir='ltr'><strong>fuerint.</strong></span> <span class='ocrx_word' id='word_1_581' title='bbox 3368 3495 3588 3550; x_wconf 89' lang='lat' dir='ltr'><strong>Partim</strong></span> 
     </span>
    </p>
   </div>
   <div class='ocr_carea' id='block_1_83' title="bbox 1936 3581 3584 3656">
    <p class='ocr_par' dir='ltr' id='par_1_83' title="bbox 1936 3581 3584 3656">
     <span class='ocr_line' id='line_1_83' title="bbox 1936 3581 3584 3656; baseline 0 -20"><span class='ocrx_word' id='word_1_582' title='bbox 1936 3581 2126 3652; x_wconf 73' lang='lat' dir='ltr'><strong>(quod</strong></span> <span class='ocrx_word' id='word_1_583' title='bbox 2145 3581 2364 3638; x_wconf 89' lang='lat' dir='ltr'><strong>scilicet</strong></span> <span class='ocrx_word' id='word_1_584' title='bbox 2389 3583 2462 3637; x_wconf 88' lang='lat' dir='ltr'><strong>ad</strong></span> <span class='ocrx_word' id='word_1_585' title='bbox 2486 3584 2828 3653; x_wconf 88' lang='lat' dir='ltr'><strong>agnos,imo</strong></span> <span class='ocrx_word' id='word_1_586' title='bbox 2841 3589 2895 3638; x_wconf 91' lang='lat' dir='ltr'><strong>et</strong></span> <span class='ocrx_word' id='word_1_587' title='bbox 2927 3584 3002 3638; x_wconf 92' lang='lat' dir='ltr'><strong>ad</strong></span> <span class='ocrx_word' id='word_1_588' title='bbox 3023 3600 3294 3656; x_wconf 87' lang='lat' dir='ltr'><strong>passeres</strong></span> <span class='ocrx_word' id='word_1_589' title='bbox 3325 3584 3584 3654; x_wconf 78' lang='lat' dir='ltr'><strong>attinet)»</strong></span> 
     </span>
    </p>
   </div>
   <div class='ocr_carea' id='block_1_84' title="bbox 1941 3671 3584 3738">
    <p class='ocr_par' dir='ltr' id='par_1_84' title="bbox 1941 3671 3584 3738">
     <span class='ocr_line' id='line_1_84' title="bbox 1941 3671 3584 3738; baseline 0.002 -14"><span class='ocrx_word' id='word_1_590' title='bbox 1941 3677 2000 3724; x_wconf 87' lang='lat' dir='ltr'><strong>ut</strong></span> <span class='ocrx_word' id='word_1_591' title='bbox 2027 3687 2136 3725; x_wconf 89' lang='lat' dir='ltr'><strong>nos</strong></span> <span class='ocrx_word' id='word_1_592' title='bbox 2163 3671 2222 3726; x_wconf 87' lang='lat' dir='ltr'><strong>in</strong></span> <span class='ocrx_word' id='word_1_593' title='bbox 2247 3671 2422 3726; x_wconf 88' lang='lat' dir='ltr'><strong>bruta</strong></span> <span class='ocrx_word' id='word_1_594' title='bbox 2460 3672 3060 3738; x_wconf 87' lang='lat' dir='ltr'><strong>commiserationem,</strong></span> <span class='ocrx_word' id='word_1_595' title='bbox 3103 3679 3158 3730; x_wconf 91' lang='lat' dir='ltr'><strong>et</strong></span> <span class='ocrx_word' id='word_1_596' title='bbox 3203 3672 3584 3729; x_wconf 89' lang='lat' dir='ltr'><strong>clementiam</strong></span> 
     </span>
    </p>
   </div>
   <div class='ocr_carea' id='block_1_85' title="bbox 1936 3761 3588 3834">
    <p class='ocr_par' dir='ltr' id='par_1_85' title="bbox 1936 3761 3588 3834">
     <span class='ocr_line' id='line_1_85' title="bbox 1936 3761 3588 3834; baseline 0.001 -18"><span class='ocrx_word' id='word_1_597' title='bbox 1936 3761 2150 3824; x_wconf 88' lang='lat' dir='ltr'><strong>eJocti,</strong></span> <span class='ocrx_word' id='word_1_598' title='bbox 2171 3761 2357 3816; x_wconf 91' lang='lat' dir='ltr'><strong>multo</strong></span> <span class='ocrx_word' id='word_1_599' title='bbox 2381 3761 2568 3831; x_wconf 87' lang='lat' dir='ltr'><strong>magis</strong></span> <span class='ocrx_word' id='word_1_600' title='bbox 2581 3761 2663 3816; x_wconf 86' lang='lat' dir='ltr'><strong>eis</strong></span> <span class='ocrx_word' id='word_1_601' title='bbox 2677 3762 2775 3833; x_wconf 88' lang='lat' dir='ltr'><strong>qui</strong></span> <span class='ocrx_word' id='word_1_602' title='bbox 2806 3777 2994 3831; x_wconf 88' lang='lat' dir='ltr'><strong>genus</strong></span> <span class='ocrx_word' id='word_1_603' title='bbox 3019 3762 3178 3819; x_wconf 90' lang='lat' dir='ltr'><strong>idem</strong></span> <span class='ocrx_word' id='word_1_604' title='bbox 3193 3763 3588 3834; x_wconf 88' lang='lat' dir='ltr'><strong>eamdemque</strong></span> 
     </span>
    </p>
   </div>
   <div class='ocr_carea' id='block_1_86' title="bbox 1937 3849 3584 3906">
    <p class='ocr_par' dir='ltr' id='par_1_86' title="bbox 1937 3849 3584 3906">
     <span class='ocr_line' id='line_1_86' title="bbox 1937 3849 3584 3906; baseline 0.002 -4"><span class='ocrx_word' id='word_1_605' title='bbox 1937 3849 2122 3904; x_wconf 88' lang='lat' dir='ltr'><strong>sortiti</strong></span> <span class='ocrx_word' id='word_1_606' title='bbox 2165 3854 2303 3904; x_wconf 89' lang='lat' dir='ltr'><strong>sunt</strong></span> <span class='ocrx_word' id='word_1_607' title='bbox 2341 3850 2634 3904; x_wconf 88' lang='lat' dir='ltr'><strong>naturam’</strong></span> <span class='ocrx_word' id='word_1_608' title='bbox 2681 3849 3116 3906; x_wconf 88' lang='lat' dir='ltr'><strong>humanitatem</strong></span> <span class='ocrx_word' id='word_1_609' title='bbox 3153 3856 3209 3906; x_wconf 88' lang='lat' dir='ltr'><strong>et</strong></span> <span class='ocrx_word' id='word_1_610' title='bbox 3247 3851 3584 3906; x_wconf 87' lang='lat' dir='ltr'><strong>misericor-</strong></span> 
     </span>
    </p>
   </div>
   <div class='ocr_carea' id='block_1_87' title="bbox 1936 3937 3584 4010">
    <p class='ocr_par' dir='ltr' id='par_1_87' title="bbox 1936 3937 3584 4010">
     <span class='ocr_line' id='line_1_87' title="bbox 1936 3937 3584 4010; baseline 0.001 -18"><span class='ocrx_word' id='word_1_611' title='bbox 1936 3937 2098 3992; x_wconf 89' lang='lat' dir='ltr'><strong>diam</strong></span> <span class='ocrx_word' id='word_1_612' title='bbox 2129 3937 2536 3994; x_wconf 84' lang='lat' dir='ltr'><strong>exhibeamus.</strong></span> <span class='ocrx_word' id='word_1_613' title='bbox 2577 3937 2790 3994; x_wconf 84' lang='lat' dir='ltr'><strong>Partim</strong></span> <span class='ocrx_word' id='word_1_614' title='bbox 2831 3954 2972 3994; x_wconf 91' lang='lat' dir='ltr'><strong>vero</strong></span> <span class='ocrx_word' id='word_1_615' title='bbox 3011 3939 3202 4010; x_wconf 88' lang='lat' dir='ltr'><strong>(quod</strong></span> <span class='ocrx_word' id='word_1_616' title='bbox 3239 3939 3318 3995; x_wconf 91' lang='lat' dir='ltr'><strong>ad</strong></span> <span class='ocrx_word' id='word_1_617' title='bbox 3352 3939 3584 3994; x_wconf 89' lang='lat' dir='ltr'><strong>vineam</strong></span> 
     </span>
    </p>
   </div>
   <div class='ocr_carea' id='block_1_88' title="bbox 1936 4026 3586 4100">
    <p class='ocr_par' dir='ltr' id='par_1_88' title="bbox 1936 4026 3586 4100">
     <span class='ocr_line' id='line_1_88' title="bbox 1936 4026 3586 4100; baseline 0 -18"><span class='ocrx_word' id='word_1_618' title='bbox 1936 4042 2152 4098; x_wconf 88' lang='lat' dir='ltr'><strong>nempe</strong></span> <span class='ocrx_word' id='word_1_619' title='bbox 2179 4031 2236 4082; x_wconf 88' lang='lat' dir='ltr'><strong>et</strong></span> <span class='ocrx_word' id='word_1_620' title='bbox 2257 4026 2508 4096; x_wconf 89' lang='lat' dir='ltr'><strong>bovem),</strong></span> <span class='ocrx_word' id='word_1_621' title='bbox 2537 4043 2609 4082; x_wconf 90' lang='lat' dir='ltr'><strong>ne</strong></span> <span class='ocrx_word' id='word_1_622' title='bbox 2641 4027 2699 4082; x_wconf 93' lang='lat' dir='ltr'><strong>in</strong></span> <span class='ocrx_word' id='word_1_623' title='bbox 2723 4027 3071 4084; x_wconf 87' lang='lat' dir='ltr'><strong>aviditatem</strong></span> <span class='ocrx_word' id='word_1_624' title='bbox 3093 4028 3499 4100; x_wconf 83' lang='lat' dir='ltr'><strong>prolabamur,</strong></span> <span class='ocrx_word' id='word_1_625' title='bbox 3530 4034 3586 4082; x_wconf 88' lang='lat' dir='ltr'><strong>et</strong></span> 
     </span>
    </p>
   </div>
   <div class='ocr_carea' id='block_1_89' title="bbox 1938 4117 3584 4190">
    <p class='ocr_par' dir='ltr' id='par_1_89' title="bbox 1938 4117 3584 4190">
     <span class='ocr_line' id='line_1_89' title="bbox 1938 4117 3584 4190; baseline 0.001 -19"><span class='ocrx_word' id='word_1_626' title='bbox 1938 4117 2086 4172; x_wconf 89' lang='lat' dir='ltr'><strong>alias</strong></span> <span class='ocrx_word' id='word_1_627' title='bbox 2108 4117 2284 4172; x_wconf 91' lang='lat' dir='ltr'><strong>simul</strong></span> <span class='ocrx_word' id='word_1_628' title='bbox 2305 4117 2604 4190; x_wconf 88' lang='lat' dir='ltr'><strong>patiamur</strong></span> <span class='ocrx_word' id='word_1_629' title='bbox 2623 4133 2953 4174; x_wconf 79' lang='lat' dir='ltr'><strong>aerumnas:</strong></span> <span class='ocrx_word' id='word_1_630' title='bbox 2977 4117 3298 4173; x_wconf 87' lang='lat' dir='ltr'><strong>multorum</strong></span> <span class='ocrx_word' id='word_1_631' title='bbox 3318 4117 3584 4189; x_wconf 84' lang='lat' dir='ltr'><strong>profecto</strong></span> 
     </span>
    </p>
   </div>
   <div class='ocr_carea' id='block_1_90' title="bbox 221 4199 1829 4280">
    <p class='ocr_par' dir='ltr' id='par_1_90' title="bbox 221 4203 1828 4280">
     <span class='ocr_line' id='line_1_90' title="bbox 221 4203 1828 4280; baseline 0.004 -24"><span class='ocrx_word' id='word_1_632' title='bbox 221 4207 398 4257; x_wconf 68' lang='grc' dir='ltr'>εἱωθτι</span> <span class='ocrx_word' id='word_1_633' title='bbox 430 4205 556 4278; x_wconf 69' lang='grc' dir='ltr'>αὐτῇ</span> <span class='ocrx_word' id='word_1_634' title='bbox 587 4211 698 4274; x_wconf 82' lang='grc' dir='ltr'>καὶ,</span> <span class='ocrx_word' id='word_1_635' title='bbox 739 4207 766 4256; x_wconf 86' lang='grc' dir='ltr'>ὁ</span> <span class='ocrx_word' id='word_1_636' title='bbox 819 4203 1036 4267; x_wconf 80' lang='grc' dir='ltr'>δικαίως</span> <span class='ocrx_word' id='word_1_637' title='bbox 1075 4205 1134 4258; x_wconf 82' lang='grc' dir='ltr'><strong>ἀν</strong></span> <span class='ocrx_word' id='word_1_638' title='bbox 1174 4209 1298 4280; x_wconf 80' lang='grc' dir='ltr'>ἡμῖν</span> <span class='ocrx_word' id='word_1_639' title='bbox 1330 4208 1383 4270; x_wconf 82' lang='grc' dir='ltr'><strong>ἐξ</strong></span> <span class='ocrx_word' id='word_1_640' title='bbox 1409 4209 1716 4280; x_wconf 78' lang='grc' dir='ltr'>αὐταρκείας</span> <span class='ocrx_word' id='word_1_641' title='bbox 1743 4229 1828 4262; x_wconf 89' lang='grc' dir='ltr'>πε-</span> 
     </span>
    </p>
   </div>
   <div class='ocr_carea' id='block_1_91' title="bbox 1944 4199 3588 4280">
    <p class='ocr_par' dir='ltr' id='par_1_91' title="bbox 1944 4205 3588 4277">
     <span class='ocr_line' id='line_1_91' title="bbox 1944 4205 3588 4277; baseline -0.001 -17"><span class='ocrx_word' id='word_1_642' title='bbox 1944 4205 2226 4260; x_wconf 88' lang='lat' dir='ltr'><strong>malorum</strong></span> <span class='ocrx_word' id='word_1_643' title='bbox 2253 4222 2436 4260; x_wconf 82' lang='lat' dir='ltr'><strong>causa</strong></span> <span class='ocrx_word' id='word_1_644' title='bbox 2460 4209 2552 4262; x_wconf 88' lang='lat' dir='ltr'><strong>est</strong></span> <span class='ocrx_word' id='word_1_645' title='bbox 2571 4206 2846 4273; x_wconf 88' lang='lat' dir='ltr'><strong>aviditas,</strong></span> <span class='ocrx_word' id='word_1_646' title='bbox 2869 4213 2926 4262; x_wconf 89' lang='lat' dir='ltr'><strong>et</strong></span> <span class='ocrx_word' id='word_1_647' title='bbox 2956 4206 3135 4262; x_wconf 91' lang='lat' dir='ltr'><strong>simul</strong></span> <span class='ocrx_word' id='word_1_648' title='bbox 3165 4223 3302 4262; x_wconf 88' lang='lat' dir='ltr'><strong>cum</strong></span> <span class='ocrx_word' id='word_1_649' title='bbox 3331 4207 3476 4277; x_wconf 89' lang='lat' dir='ltr'><strong>ipsa,</strong></span> <span class='ocrx_word' id='word_1_650' title='bbox 3525 4211 3588 4259; x_wconf 90' lang='lat' dir='ltr'><strong>ut</strong></span> 
     </span>
    </p>
   </div>
   <div class='ocr_carea' id='block_1_92' title="bbox 219 4291 1828 4370">
    <p class='ocr_par' dir='ltr' id='par_1_92' title="bbox 219 4291 1828 4370">
     <span class='ocr_line' id='line_1_92' title="bbox 219 4291 1828 4370; baseline 0.004 -25"><span class='ocrx_word' id='word_1_651' title='bbox 219 4299 494 4367; x_wconf 82' lang='grc' dir='ltr'>ριεγένετο.</span> <span class='ocrx_word' id='word_1_652' title='bbox 527 4298 604 4346; x_wconf 89' lang='grc' dir='ltr'><strong>Τά</strong></span> <span class='ocrx_word' id='word_1_653' title='bbox 635 4291 694 4347; x_wconf 65' lang='grc' dir='ltr'><strong>δι</strong></span> <span class='ocrx_word' id='word_1_654' title='bbox 735 4299 1030 4368; x_wconf 76' lang='grc' dir='ltr'>γεννήματα</span> <span class='ocrx_word' id='word_1_655' title='bbox 1069 4297 1202 4368; x_wconf 77' lang='grc'>(65),</span> <span class='ocrx_word' id='word_1_656' title='bbox 1255 4297 1337 4348; x_wconf 78' lang='grc' dir='ltr'>ἵνα</span> <span class='ocrx_word' id='word_1_657' title='bbox 1387 4303 1458 4369; x_wconf 78' lang='grc' dir='ltr'>μὴ</span> <span class='ocrx_word' id='word_1_658' title='bbox 1493 4301 1585 4360; x_wconf 80' lang='grc' dir='ltr'>τὰς</span> <span class='ocrx_word' id='word_1_659' title='bbox 1617 4303 1828 4370; x_wconf 81' lang='grc' dir='ltr'>γνώμας</span> 
     </span>
    </p>
   </div>
   <div class='ocr_carea' id='block_1_93' title="bbox 221 4381 1828 4462">
    <p class='ocr_par' dir='ltr' id='par_1_93' title="bbox 221 4381 1828 4462">
     <span class='ocr_line' id='line_1_93' title="bbox 221 4381 1828 4462; baseline 0.004 -28"><span class='ocrx_word' id='word_1_660' title='bbox 221 4381 358 4455; x_wconf 77' lang='grc' dir='ltr'>ὦμεν</span> <span class='ocrx_word' id='word_1_661' title='bbox 380 4383 608 4434; x_wconf 88' lang='grc' dir='ltr'>ποικίλοι</span> <span class='ocrx_word' id='word_1_662' title='bbox 633 4403 708 4452; x_wconf 87' lang='grc' dir='ltr'><strong>τε,</strong></span> <span class='ocrx_word' id='word_1_663' title='bbox 740 4390 826 4436; x_wconf 77' lang='grc' dir='ltr'>καὶ</span> <span class='ocrx_word' id='word_1_664' title='bbox 855 4384 1186 4458; x_wconf 76' lang='grc' dir='ltr'>πολύτροποι,</span> <span class='ocrx_word' id='word_1_665' title='bbox 1221 4384 1276 4436; x_wconf 79' lang='grc' dir='ltr'>ἐκ</span> <span class='ocrx_word' id='word_1_666' title='bbox 1323 4383 1584 4462; x_wconf 77' lang='grc' dir='ltr'>διαφόρων</span> <span class='ocrx_word' id='word_1_667' title='bbox 1630 4389 1660 4446; x_wconf 81' lang='grc' dir='ltr'><strong>ἣ</strong></span> <span class='ocrx_word' id='word_1_668' title='bbox 1705 4385 1828 4460; x_wconf 74' lang='grc' dir='ltr'>δογ-</span> 
     </span>
    </p>
   </div>
   <div class='ocr_carea' id='block_1_94' title="bbox 220 4471 1827 4550">
    <p class='ocr_par' dir='ltr' id='par_1_94' title="bbox 220 4471 1827 4550">
     <span class='ocr_line' id='line_1_94' title="bbox 220 4471 1827 4550; baseline 0.002 -26"><span class='ocrx_word' id='word_1_669' title='bbox 220 4474 422 4544; x_wconf 82' lang='grc' dir='ltr'>μάτων,</span> <span class='ocrx_word' id='word_1_670' title='bbox 447 4473 476 4531; x_wconf 76' lang='grc' dir='ltr'><strong>ἧ</strong></span> <span class='ocrx_word' id='word_1_671' title='bbox 523 4471 698 4539; x_wconf 75' lang='grc' dir='ltr'>ἐθνῶν,</span> <span class='ocrx_word' id='word_1_672' title='bbox 739 4473 768 4531; x_wconf 74' lang='grc' dir='ltr'><strong>ἦ</strong></span> <span class='ocrx_word' id='word_1_673' title='bbox 801 4471 1164 4545; x_wconf 70' lang='grc' dir='ltr'>βουλευμάτων</span> <span class='ocrx_word' id='word_1_674' title='bbox 1195 4475 1224 4532; x_wconf 79' lang='grc' dir='ltr'><em>ἡ</em></span> <span class='ocrx_word' id='word_1_675' title='bbox 1242 4475 1509 4549; x_wconf 77' lang='grc' dir='ltr'>ῥημάτων,</span> <span class='ocrx_word' id='word_1_676' title='bbox 1533 4475 1564 4534; x_wconf 78' lang='grc' dir='ltr'><strong>ἣ</strong></span> <span class='ocrx_word' id='word_1_677' title='bbox 1600 4477 1827 4550; x_wconf 84' lang='grc' dir='ltr'>πράξεων</span> 
     </span>
    </p>
   </div>
   <div class='ocr_carea' id='block_1_95' title="bbox 223 4561 1828 4638">
    <p class='ocr_par' dir='ltr' id='par_1_95' title="bbox 223 4561 1828 4638">
     <span class='ocr_line' id='line_1_95' title="bbox 223 4561 1828 4638; baseline 0.004 -26"><span class='ocrx_word' id='word_1_678' title='bbox 223 4563 623 4632; x_wconf 74' lang='grc' dir='ltr'>συντεθειμένοι,</span> <span class='ocrx_word' id='word_1_679' title='bbox 661 4565 746 4613; x_wconf 77' lang='grc' dir='ltr'>καὶ</span> <span class='ocrx_word' id='word_1_680' title='bbox 778 4565 904 4634; x_wconf 86' lang='grc' dir='ltr'>πρὸς</span> <span class='ocrx_word' id='word_1_681' title='bbox 935 4561 1147 4624; x_wconf 81' lang='grc' dir='ltr'>ἑαυτοὺς</span> <span class='ocrx_word' id='word_1_682' title='bbox 1172 4561 1362 4626; x_wconf 84' lang='grc' dir='ltr'>ἀθλίως</span> <span class='ocrx_word' id='word_1_683' title='bbox 1391 4583 1444 4616; x_wconf 86' lang='grc' dir='ltr'><strong>τε</strong></span> <span class='ocrx_word' id='word_1_684' title='bbox 1483 4569 1572 4618; x_wconf 83' lang='grc' dir='ltr'>καὶ</span> <span class='ocrx_word' id='word_1_685' title='bbox 1601 4585 1828 4638; x_wconf 80' lang='grc' dir='ltr'>καταγε-</span> 
     </span>
    </p>
   </div>
   <div class='ocr_carea' id='block_1_96' title="bbox 221 4651 852 4712">
    <p class='ocr_par' dir='ltr' id='par_1_96' title="bbox 221 4651 852 4712">
     <span class='ocr_line' id='line_1_96' title="bbox 221 4651 852 4712; baseline 0.003 -11"><span class='ocrx_word' id='word_1_686' title='bbox 221 4651 422 4710; x_wconf 82' lang='grc' dir='ltr'>λάστως</span> <span class='ocrx_word' id='word_1_687' title='bbox 463 4651 852 4712; x_wconf 79' lang='grc' dir='ltr'>στασιάζοντες.</span> 
     </span>
    </p>
   </div>
   <div class='ocr_carea' id='block_1_97' title="bbox 293 4827 1826 4902">
    <p class='ocr_par' dir='ltr' id='par_1_97' title="bbox 293 4827 1826 4902">
     <span class='ocr_line' id='line_1_97' title="bbox 293 4827 1826 4902; baseline 0.003 -20"><span class='ocrx_word' id='word_1_688' title='bbox 293 4829 454 4883; x_wconf 85' lang='grc' dir='ltr'>Ὠστε</span> <span class='ocrx_word' id='word_1_689' title='bbox 503 4830 562 4882; x_wconf 67' lang='grc' dir='ltr'>οὗ</span> <span class='ocrx_word' id='word_1_690' title='bbox 609 4835 762 4902; x_wconf 85' lang='grc' dir='ltr'>μόνον</span> <span class='ocrx_word' id='word_1_691' title='bbox 816 4827 987 4896; x_wconf 69' lang='grc' dir='ltr'>οὐδὲν,</span> <span class='ocrx_word' id='word_1_692' title='bbox 1042 4833 1072 4890; x_wconf 83' lang='grc' dir='ltr'><strong>ἡ</strong></span> <span class='ocrx_word' id='word_1_693' title='bbox 1143 4839 1234 4884; x_wconf 75' lang='grc' dir='ltr'>τοῦ</span> <span class='ocrx_word' id='word_1_694' title='bbox 1285 4833 1560 4885; x_wconf 86' lang='grc' dir='ltr'>θεσπεσίου</span> <span class='ocrx_word' id='word_1_695' title='bbox 1619 4833 1826 4886; x_wconf 82' lang='grc' dir='ltr'>Παύλου</span> 
     </span>
    </p>
   </div>
   <div class='ocr_carea' id='block_1_98' title="bbox 221 4915 1822 4996">
    <p class='ocr_par' dir='ltr' id='par_1_98' title="bbox 221 4915 1822 4996">
     <span class='ocr_line' id='line_1_98' title="bbox 221 4915 1822 4996; baseline 0.003 -26"><span class='ocrx_word' id='word_1_696' title='bbox 221 4916 466 4991; x_wconf 76' lang='grc' dir='ltr'>μέθοδος,</span> <span class='ocrx_word' id='word_1_697' title='bbox 501 4915 618 4972; x_wconf 71' lang='grc' dir='ltr'><strong>οὐδ’</strong></span> <span class='ocrx_word' id='word_1_698' title='bbox 667 4921 697 4977; x_wconf 76' lang='lat'><strong>1&#39;:</strong></span> <span class='ocrx_word' id='word_1_699' title='bbox 746 4919 798 4982; x_wconf 83' lang='grc' dir='ltr'><em>ἐξ</em></span> <span class='ocrx_word' id='word_1_700' title='bbox 841 4919 1002 4972; x_wconf 69' lang='grc' dir='ltr'>αὑτοῦ</span> <span class='ocrx_word' id='word_1_701' title='bbox 1043 4925 1366 4996; x_wconf 82' lang='grc' dir='ltr'>προχεομένη</span> <span class='ocrx_word' id='word_1_702' title='bbox 1413 4931 1512 4973; x_wconf 85' lang='grc' dir='ltr'><strong>τῶν</strong></span> <span class='ocrx_word' id='word_1_703' title='bbox 1545 4919 1822 4994; x_wconf 73' lang='grc' dir='ltr'>δογμάτων</span> 
     </span>
    </p>
   </div>
   <div class='ocr_carea' id='block_1_99' title="bbox 225 5007 1824 5083">
    <p class='ocr_par' dir='ltr' id='par_1_99' title="bbox 225 5007 1824 5083">
     <span class='ocr_line' id='line_1_99' title="bbox 225 5007 1824 5083; baseline 0.003 -23"><span class='ocrx_word' id='word_1_704' title='bbox 225 5008 380 5079; x_wconf 79' lang='grc' dir='ltr'>αἴγλη</span> <span class='ocrx_word' id='word_1_705' title='bbox 424 5011 546 5071; x_wconf 80' lang='grc' dir='ltr'>τοὺς</span> <span class='ocrx_word' id='word_1_706' title='bbox 603 5007 828 5071; x_wconf 67' lang='grc' dir='ltr'>εὐσεϐεῖς</span> <span class='ocrx_word' id='word_1_707' title='bbox 866 5009 1146 5083; x_wconf 84' lang='grc' dir='ltr'>λογισμους</span> <span class='ocrx_word' id='word_1_708' title='bbox 1186 5011 1250 5071; x_wconf 80' lang='grc' dir='ltr'>εἰς</span> <span class='ocrx_word' id='word_1_709' title='bbox 1305 5007 1640 5083; x_wconf 77' lang='grc' dir='ltr'>διιστάμενον</span> <span class='ocrx_word' id='word_1_710' title='bbox 1689 5031 1824 5082; x_wconf 90' lang='grc' dir='ltr'>τινα,</span> 
     </span>
    </p>
   </div>
   <div class='ocr_carea' id='block_1_100' title="bbox 223 5097 1824 5172">
    <p class='ocr_par' dir='ltr' id='par_1_100' title="bbox 223 5097 1824 5172">
     <span class='ocr_line' id='line_1_100' title="bbox 223 5097 1824 5172; baseline 0.004 -24"><span class='ocrx_word' id='word_1_711' title='bbox 223 5103 312 5149; x_wconf 84' lang='grc' dir='ltr'>καὶ</span> <span class='ocrx_word' id='word_1_712' title='bbox 332 5101 606 5170; x_wconf 62' lang='grc' dir='ltr'>σύγχυσιν</span> <span class='ocrx_word' id='word_1_713' title='bbox 641 5103 961 5172; x_wconf 86' lang='grc' dir='ltr'>παρίστησιν</span> <span class='ocrx_word' id='word_1_714' title='bbox 989 5118 999 5130; x_wconf 90' lang='grc'><strong>·</strong></span> <span class='ocrx_word' id='word_1_715' title='bbox 1033 5099 1162 5151; x_wconf 86' lang='grc' dir='ltr'><strong>ἀλλά</strong></span> <span class='ocrx_word' id='word_1_716' title='bbox 1191 5103 1280 5152; x_wconf 81' lang='grc' dir='ltr'>καὶ</span> <span class='ocrx_word' id='word_1_717' title='bbox 1311 5097 1640 5154; x_wconf 74' lang='grc' dir='ltr'>διδασκαλία</span> <span class='ocrx_word' id='word_1_718' title='bbox 1667 5097 1824 5154; x_wconf 83' lang='grc' dir='ltr'>δύνα-</span> 
     </span>
    </p>
   </div>
   <div class='ocr_carea' id='block_1_101' title="bbox 1939 4293 3588 4368">
    <p class='ocr_par' dir='ltr' id='par_1_101' title="bbox 1939 4293 3588 4368">
     <span class='ocr_line' id='line_1_101' title="bbox 1939 4293 3588 4368; baseline -0.001 -18"><span class='ocrx_word' id='word_1_719' title='bbox 1939 4295 2262 4366; x_wconf 89' lang='lat' dir='ltr'><strong>plurimum</strong></span> <span class='ocrx_word' id='word_1_720' title='bbox 2275 4337 2288 4363; x_wconf 90' lang='lat'><strong>,</strong></span> <span class='ocrx_word' id='word_1_721' title='bbox 2306 4293 2575 4351; x_wconf 81' lang='lat' dir='ltr'><strong>difﬂuere</strong></span> <span class='ocrx_word' id='word_1_722' title='bbox 2595 4297 2742 4352; x_wconf 90' lang='lat' dir='ltr'><strong>solet</strong></span> <span class='ocrx_word' id='word_1_723' title='bbox 2756 4297 2814 4350; x_wconf 91' lang='lat' dir='ltr'><strong>id</strong></span> <span class='ocrx_word' id='word_1_724' title='bbox 2829 4313 3093 4368; x_wconf 90' lang='lat' dir='ltr'><strong>quoque,</strong></span> <span class='ocrx_word' id='word_1_725' title='bbox 3111 4297 3295 4368; x_wconf 89' lang='lat' dir='ltr'><strong>quod,</strong></span> <span class='ocrx_word' id='word_1_726' title='bbox 3311 4297 3470 4366; x_wconf 87' lang='lat' dir='ltr'><strong>juste</strong></span> <span class='ocrx_word' id='word_1_727' title='bbox 3485 4311 3588 4350; x_wconf 83' lang='lat' dir='ltr'><strong>no-</strong></span> 
     </span>
    </p>
   </div>
   <div class='ocr_carea' id='block_1_102' title="bbox 1937 4381 3588 4454">
    <p class='ocr_par' dir='ltr' id='par_1_102' title="bbox 1937 4381 3588 4454">
     <span class='ocr_line' id='line_1_102' title="bbox 1937 4381 3588 4454; baseline -0.001 -17"><span class='ocrx_word' id='word_1_728' title='bbox 1937 4382 2033 4437; x_wconf 86' lang='lat' dir='ltr'><strong>bis</strong></span> <span class='ocrx_word' id='word_1_729' title='bbox 2069 4399 2173 4454; x_wconf 89' lang='lat' dir='ltr'><strong>per</strong></span> <span class='ocrx_word' id='word_1_730' title='bbox 2206 4383 2604 4453; x_wconf 82' lang='lat' dir='ltr'><strong>frugalitatem</strong></span> <span class='ocrx_word' id='word_1_731' title='bbox 2639 4385 2900 4440; x_wconf 88' lang='lat' dir='ltr'><strong>obvenit.</strong></span> <span class='ocrx_word' id='word_1_732' title='bbox 2941 4385 3160 4439; x_wconf 70' lang='lat' dir='ltr'><strong>Caetera</strong></span> <span class='ocrx_word' id='word_1_733' title='bbox 3211 4383 3470 4454; x_wconf 89' lang='lat' dir='ltr'><strong>denique</strong></span> <span class='ocrx_word' id='word_1_734' title='bbox 3517 4381 3588 4436; x_wconf 90' lang='lat' dir='ltr'><strong>de</strong></span> 
     </span>
    </p>
   </div>
   <div class='ocr_carea' id='block_1_103' title="bbox 1937 4471 3587 4544">
    <p class='ocr_par' dir='ltr' id='par_1_103' title="bbox 1937 4471 3587 4544">
     <span class='ocr_line' id='line_1_103' title="bbox 1937 4471 3587 4544; baseline -0.001 -17"><span class='ocrx_word' id='word_1_735' title='bbox 1937 4471 2087 4528; x_wconf 92' lang='lat' dir='ltr'><strong>liciis</strong></span> <span class='ocrx_word' id='word_1_736' title='bbox 2117 4488 2186 4528; x_wconf 92' lang='lat' dir='ltr'><strong>eo</strong></span> <span class='ocrx_word' id='word_1_737' title='bbox 2220 4478 2510 4544; x_wconf 90' lang='lat' dir='ltr'><strong>spectant,</strong></span> <span class='ocrx_word' id='word_1_738' title='bbox 2555 4477 2614 4527; x_wconf 88' lang='lat' dir='ltr'><strong>ut</strong></span> <span class='ocrx_word' id='word_1_739' title='bbox 2661 4489 2770 4528; x_wconf 89' lang='lat' dir='ltr'><strong>nec</strong></span> <span class='ocrx_word' id='word_1_740' title='bbox 2821 4473 3024 4528; x_wconf 87' lang='lat' dir='ltr'><strong>animo</strong></span> <span class='ocrx_word' id='word_1_741' title='bbox 3069 4473 3256 4528; x_wconf 89' lang='lat' dir='ltr'><strong>simus</strong></span> <span class='ocrx_word' id='word_1_742' title='bbox 3305 4471 3467 4526; x_wconf 91' lang='lat' dir='ltr'><strong>vario</strong></span> <span class='ocrx_word' id='word_1_743' title='bbox 3518 4487 3587 4526; x_wconf 86' lang='lat' dir='ltr'><strong>ac</strong></span> 
     </span>
    </p>
   </div>
   <div class='ocr_carea' id='block_1_104' title="bbox 1937 4561 3584 4632">
    <p class='ocr_par' dir='ltr' id='par_1_104' title="bbox 1937 4561 3584 4632">
     <span class='ocr_line' id='line_1_104' title="bbox 1937 4561 3584 4632; baseline -0.001 -14"><span class='ocrx_word' id='word_1_744' title='bbox 1937 4561 2256 4632; x_wconf 89' lang='lat' dir='ltr'><strong>versipelli,</strong></span> <span class='ocrx_word' id='word_1_745' title='bbox 2279 4577 2388 4618; x_wconf 89' lang='lat' dir='ltr'><strong>nec</strong></span> <span class='ocrx_word' id='word_1_746' title='bbox 2417 4561 2658 4616; x_wconf 87' lang='lat' dir='ltr'><strong>diversis</strong></span> <span class='ocrx_word' id='word_1_747' title='bbox 2687 4561 3010 4631; x_wconf 88' lang='lat' dir='ltr'><strong>dogmatis,</strong></span> <span class='ocrx_word' id='word_1_748' title='bbox 3049 4561 3144 4617; x_wconf 91' lang='lat' dir='ltr'><strong>vel</strong></span> <span class='ocrx_word' id='word_1_749' title='bbox 3171 4562 3458 4630; x_wconf 80' lang='lat' dir='ltr'><strong>moribus,</strong></span> <span class='ocrx_word' id='word_1_750' title='bbox 3492 4561 3584 4616; x_wconf 90' lang='lat' dir='ltr'><strong>vel</strong></span> 
     </span>
    </p>
   </div>
   <div class='ocr_carea' id='block_1_105' title="bbox 1938 4649 3590 4722">
    <p class='ocr_par' dir='ltr' id='par_1_105' title="bbox 1938 4649 3590 4722">
     <span class='ocr_line' id='line_1_105' title="bbox 1938 4649 3590 4722; baseline -0.002 -14"><span class='ocrx_word' id='word_1_751' title='bbox 1938 4649 2214 4716; x_wconf 88' lang='lat' dir='ltr'><strong>consiliis,</strong></span> <span class='ocrx_word' id='word_1_752' title='bbox 2241 4651 2330 4706; x_wconf 89' lang='lat' dir='ltr'><strong>vel</strong></span> <span class='ocrx_word' id='word_1_753' title='bbox 2353 4649 2566 4714; x_wconf 87' lang='lat' dir='ltr'><strong>verbis,</strong></span> <span class='ocrx_word' id='word_1_754' title='bbox 2595 4650 2686 4706; x_wconf 89' lang='lat' dir='ltr'><strong>vel</strong></span> <span class='ocrx_word' id='word_1_755' title='bbox 2725 4650 3008 4722; x_wconf 87' lang='lat' dir='ltr'><strong>operibus</strong></span> <span class='ocrx_word' id='word_1_756' title='bbox 3053 4650 3434 4722; x_wconf 87' lang='lat' dir='ltr'><strong>instruamur,</strong></span> <span class='ocrx_word' id='word_1_757' title='bbox 3482 4666 3590 4704; x_wconf 88' lang='lat' dir='ltr'><strong>nec</strong></span> 
     </span>
    </p>
   </div>
   <div class='ocr_carea' id='block_1_106' title="bbox 1935 4739 3420 4811">
    <p class='ocr_par' dir='ltr' id='par_1_106' title="bbox 1935 4739 3420 4811">
     <span class='ocr_line' id='line_1_106' title="bbox 1935 4739 3420 4811; baseline -0.002 -15"><span class='ocrx_word' id='word_1_758' title='bbox 1935 4740 2244 4796; x_wconf 88' lang='lat' dir='ltr'><strong>infeliciter</strong></span> <span class='ocrx_word' id='word_1_759' title='bbox 2264 4745 2320 4796; x_wconf 90' lang='lat' dir='ltr'><strong>et</strong></span> <span class='ocrx_word' id='word_1_760' title='bbox 2347 4739 2586 4794; x_wconf 87' lang='lat' dir='ltr'><strong>ridicule</strong></span> <span class='ocrx_word' id='word_1_761' title='bbox 2604 4756 2638 4795; x_wconf 90' lang='lat' dir='ltr'><strong>a</strong></span> <span class='ocrx_word' id='word_1_762' title='bbox 2655 4739 2830 4794; x_wconf 89' lang='lat' dir='ltr'><strong>nobis</strong></span> <span class='ocrx_word' id='word_1_763' title='bbox 2857 4739 2970 4811; x_wconf 91' lang='lat' dir='ltr'><strong>ipsi</strong></span> <span class='ocrx_word' id='word_1_764' title='bbox 2997 4739 3420 4804; x_wconf 86' lang='lat' dir='ltr'><strong>dissideamus,</strong></span> 
     </span>
    </p>
   </div>
   <div class='ocr_carea' id='block_1_107' title="bbox 2008 4827 3587 4901">
    <p class='ocr_par' dir='ltr' id='par_1_107' title="bbox 2008 4827 3587 4901">
     <span class='ocr_line' id='line_1_107' title="bbox 2008 4827 3587 4901; baseline -0.002 -16"><span class='ocrx_word' id='word_1_765' title='bbox 2008 4833 2381 4901; x_wconf 79' lang='lat' dir='ltr'><strong>Quapropter</strong></span> <span class='ocrx_word' id='word_1_766' title='bbox 2404 4845 2524 4884; x_wconf 90' lang='lat' dir='ltr'><strong>non</strong></span> <span class='ocrx_word' id='word_1_767' title='bbox 2553 4827 2732 4884; x_wconf 90' lang='lat' dir='ltr'><strong>modo</strong></span> <span class='ocrx_word' id='word_1_768' title='bbox 2769 4828 2892 4883; x_wconf 92' lang='lat' dir='ltr'><strong>divi</strong></span> <span class='ocrx_word' id='word_1_769' title='bbox 2915 4829 3078 4884; x_wconf 82' lang='lat' dir='ltr'><strong>Pauli</strong></span> <span class='ocrx_word' id='word_1_770' title='bbox 3105 4829 3396 4896; x_wconf 85' lang='lat' dir='ltr'><strong>doctrina,</strong></span> <span class='ocrx_word' id='word_1_771' title='bbox 3429 4833 3487 4884; x_wconf 90' lang='lat' dir='ltr'><strong>et</strong></span> <span class='ocrx_word' id='word_1_772' title='bbox 3510 4828 3587 4883; x_wconf 88' lang='lat' dir='ltr'><strong>ab</strong></span> 
     </span>
    </p>
   </div>
   <div class='ocr_carea' id='block_1_108' title="bbox 1937 4917 3588 4989">
    <p class='ocr_par' dir='ltr' id='par_1_108' title="bbox 1937 4917 3588 4989">
     <span class='ocr_line' id='line_1_108' title="bbox 1937 4917 3588 4989; baseline -0.002 -15"><span class='ocrx_word' id='word_1_773' title='bbox 1937 4935 2008 4974; x_wconf 91' lang='lat' dir='ltr'><strong>eo</strong></span> <span class='ocrx_word' id='word_1_774' title='bbox 2037 4919 2326 4974; x_wconf 86' lang='lat' dir='ltr'><strong>emissum</strong></span> <span class='ocrx_word' id='word_1_775' title='bbox 2352 4917 2704 4986; x_wconf 87' lang='lat' dir='ltr'><strong>dogmatum</strong></span> <span class='ocrx_word' id='word_1_776' title='bbox 2729 4917 2928 4974; x_wconf 87' lang='lat' dir='ltr'><strong>lumen</strong></span> <span class='ocrx_word' id='word_1_777' title='bbox 2967 4917 3024 4972; x_wconf 88' lang='lat' dir='ltr'><strong>in</strong></span> <span class='ocrx_word' id='word_1_778' title='bbox 3058 4917 3322 4989; x_wconf 84' lang='lat' dir='ltr'><strong>aliquam</strong></span> <span class='ocrx_word' id='word_1_779' title='bbox 3353 4918 3588 4972; x_wconf 87' lang='lat' dir='ltr'><strong>dissen-</strong></span> 
     </span>
    </p>
   </div>
   <div class='ocr_carea' id='block_1_109' title="bbox 1939 5007 3584 5079">
    <p class='ocr_par' dir='ltr' id='par_1_109' title="bbox 1939 5007 3584 5079">
     <span class='ocr_line' id='line_1_109' title="bbox 1939 5007 3584 5079; baseline -0.002 -16"><span class='ocrx_word' id='word_1_780' title='bbox 1939 5011 2168 5064; x_wconf 91' lang='lat' dir='ltr'><strong>sionem</strong></span> <span class='ocrx_word' id='word_1_781' title='bbox 2191 5007 2724 5079; x_wconf 84' lang='lat' dir='ltr'><strong>confusioneinque</strong></span> <span class='ocrx_word' id='word_1_782' title='bbox 2755 5013 2978 5062; x_wconf 78' lang='lat' dir='ltr'><strong>mentes</strong></span> <span class='ocrx_word' id='word_1_783' title='bbox 3014 5007 3248 5078; x_wconf 88' lang='lat' dir='ltr'><strong>piorum</strong></span> <span class='ocrx_word' id='word_1_784' title='bbox 3275 5007 3584 5062; x_wconf 87' lang='lat' dir='ltr'><strong>hominum</strong></span> 
     </span>
    </p>
   </div>
   <div class='ocr_carea' id='block_1_110' title="bbox 1938 5097 3591 5169">
    <p class='ocr_par' dir='ltr' id='par_1_110' title="bbox 1938 5097 3591 5169">
     <span class='ocr_line' id='line_1_110' title="bbox 1938 5097 3591 5169; baseline -0.001 -15"><span class='ocrx_word' id='word_1_785' title='bbox 1938 5115 2058 5156; x_wconf 88' lang='lat' dir='ltr'><strong>non</strong></span> <span class='ocrx_word' id='word_1_786' title='bbox 2085 5098 2341 5164; x_wconf 87' lang='lat' dir='ltr'><strong>inducit;</strong></span> <span class='ocrx_word' id='word_1_787' title='bbox 2372 5097 2476 5152; x_wconf 88' lang='lat' dir='ltr'><strong>sed</strong></span> <span class='ocrx_word' id='word_1_788' title='bbox 2501 5097 2680 5152; x_wconf 89' lang='lat' dir='ltr'><strong>etiam</strong></span> <span class='ocrx_word' id='word_1_789' title='bbox 2709 5097 2785 5162; x_wconf 88' lang='lat' dir='ltr'><strong>hi,</strong></span> <span class='ocrx_word' id='word_1_790' title='bbox 2820 5099 2918 5169; x_wconf 76' lang='lat' dir='ltr'><strong>qui</strong></span> <span class='ocrx_word' id='word_1_791' title='bbox 2955 5097 3088 5152; x_wconf 89' lang='lat' dir='ltr'><strong>inde</strong></span> <span class='ocrx_word' id='word_1_792' title='bbox 3131 5097 3440 5169; x_wconf 62' lang='lat' dir='ltr'><strong>sapientiae</strong></span> <span class='ocrx_word' id='word_1_793' title='bbox 3495 5112 3591 5152; x_wconf 85' lang='lat' dir='ltr'><strong>ra-</strong></span> 
     </span>
    </p>
   </div>
   <div class='ocr_carea' id='block_1_111' title="bbox 1805 5252 2034 5311">
    <p class='ocr_par' dir='ltr' id='par_1_111' title="bbox 1805 5252 2034 5311">
     <span class='ocr_line' id='line_1_111' title="bbox 1805 5252 2034 5311; baseline -0.022 0"><span class='ocrx_word' id='word_1_794' title='bbox 1805 5252 2011 5311; x_wconf 65' lang='grc' dir='ltr'><strong>ΝΟΤιλΕ</strong></span> <span class='ocrx_word' id='word_1_795' title='bbox 2022 5291 2034 5306; x_wconf 94' lang='grc'><strong>.</strong></span> 
     </span>
    </p>
   </div>
   <div class='ocr_carea' id='block_1_112' title="bbox 297 5403 1829 5478">
    <p class='ocr_par' dir='ltr' id='par_1_112' title="bbox 297 5403 1829 5478">
     <span class='ocr_line' id='line_1_112' title="bbox 297 5403 1829 5478; baseline -0.002 -17"><span class='ocrx_word' id='word_1_796' title='bbox 297 5403 410 5477; x_wconf 87' lang='grc'><strong>(63)</strong></span> <span class='ocrx_word' id='word_1_797' title='bbox 443 5407 513 5478; x_wconf 72' lang='grc' dir='ltr'><strong>Τῤ</strong></span> <span class='ocrx_word' id='word_1_798' title='bbox 540 5403 868 5478; x_wconf 47' lang='lat' dir='ltr'><strong>larigna-ve</strong></span> <span class='ocrx_word' id='word_1_799' title='bbox 897 5407 1066 5464; x_wconf 88' lang='lat' dir='ltr'><strong>tacito</strong></span> <span class='ocrx_word' id='word_1_800' title='bbox 1093 5408 1226 5460; x_wconf 86' lang='grc' dir='ltr'><strong>κατά</strong></span> <span class='ocrx_word' id='word_1_801' title='bbox 1243 5406 1368 5478; x_wconf 89' lang='lat' dir='ltr'><strong>regi</strong></span> <span class='ocrx_word' id='word_1_802' title='bbox 1397 5407 1608 5465; x_wconf 68' lang='lat' dir='ltr'><strong>Graecae</strong></span> <span class='ocrx_word' id='word_1_803' title='bbox 1641 5407 1829 5461; x_wconf 79' lang='grc' dir='ltr'>συντά-</span> 
     </span>
    </p>
   </div>
   <div class='ocr_carea' id='block_1_113' title="bbox 225 5475 910 5548">
    <p class='ocr_par' dir='ltr' id='par_1_113' title="bbox 225 5475 910 5548">
     <span class='ocr_line' id='line_1_113' title="bbox 225 5475 910 5548; baseline 0.004 -21"><span class='ocrx_word' id='word_1_804' title='bbox 225 5475 344 5541; x_wconf 65' lang='grc' dir='ltr'><strong>ξως</strong></span> <span class='ocrx_word' id='word_1_805' title='bbox 369 5475 910 5548; x_wconf 50' lang='grc' dir='ltr'>εηαιοεζὶᾶξευειάοι.</span> 
     </span>
    </p>
   </div>
   <div class='ocr_carea' id='block_1_114' title="bbox 294 5543 1830 5624">
    <p class='ocr_par' dir='ltr' id='par_1_114' title="bbox 294 5543 1830 5624">
     <span class='ocr_line' id='line_1_114' title="bbox 294 5543 1830 5624; baseline 0.004 -20"><span class='ocrx_word' id='word_1_806' title='bbox 294 5547 532 5624; x_wconf 74' lang='grc' dir='ltr'><strong>(64)Νἰεὶ</strong></span> <span class='ocrx_word' id='word_1_807' title='bbox 547 5543 1273 5620; x_wconf 65' lang='grc' dir='ltr'>ᾗεύδοςιιεῦηεοε,ιιιιιιιιω</span> <span class='ocrx_word' id='word_1_808' title='bbox 1285 5567 1535 5610; x_wconf 87' lang='lat' dir='ltr'><strong>sensum</strong></span> <span class='ocrx_word' id='word_1_809' title='bbox 1548 5549 1830 5610; x_wconf 84' lang='lat' dir='ltr'><strong>excudes.</strong></span> 
     </span>
    </p>
   </div>
   <div class='ocr_carea' id='block_1_115' title="bbox 586 5645 1106 5706">
    <p class='ocr_par' dir='ltr' id='par_1_115' title="bbox 586 5645 1106 5706">
     <span class='ocr_line' id='line_1_115' title="bbox 586 5645 1106 5706; baseline 0.008 -4"><span class='ocrx_word' id='word_1_810' title='bbox 586 5645 830 5705; x_wconf 62' lang='lat' dir='ltr'><strong>Paraon.</strong></span> <span class='ocrx_word' id='word_1_811' title='bbox 872 5647 976 5706; x_wconf 75' lang='lat' dir='ltr'><strong>Ga.</strong></span> <span class='ocrx_word' id='word_1_812' title='bbox 1019 5647 1106 5706; x_wconf 90' lang='lat' dir='ltr'><strong>CI.</strong></span> 
     </span>
    </p>
   </div>
   <div class='ocr_carea' id='block_1_116' title="bbox 2009 5401 3587 5476">
    <p class='ocr_par' dir='ltr' id='par_1_116' title="bbox 2009 5401 3587 5476">
     <span class='ocr_line' id='line_1_116' title="bbox 2009 5401 3587 5476; baseline 0.001 -18"><span class='ocrx_word' id='word_1_813' title='bbox 2009 5403 2124 5475; x_wconf 76' lang='grc'><strong>(65)</strong></span> <span class='ocrx_word' id='word_1_814' title='bbox 2167 5407 2226 5459; x_wconf 87' lang='lat' dir='ltr'><strong>In</strong></span> <span class='ocrx_word' id='word_1_815' title='bbox 2257 5402 2451 5476; x_wconf 82' lang='lat' dir='ltr'><strong>prima</strong></span> <span class='ocrx_word' id='word_1_816' title='bbox 2469 5402 2810 5476; x_wconf 72' lang='lat' dir='ltr'><strong>quaestionis</strong></span> <span class='ocrx_word' id='word_1_817' title='bbox 2831 5401 3012 5474; x_wconf 86' lang='lat' dir='ltr'><strong>hujus</strong></span> <span class='ocrx_word' id='word_1_818' title='bbox 3039 5401 3432 5476; x_wconf 81' lang='lat' dir='ltr'><strong>exscriptione</strong></span> <span class='ocrx_word' id='word_1_819' title='bbox 3467 5405 3587 5459; x_wconf 88' lang='lat' dir='ltr'><strong>erat</strong></span> 
     </span>
    </p>
   </div>
   <div class='ocr_carea' id='block_1_117' title="bbox 1937 5474 2906 5550">
    <p class='ocr_par' dir='ltr' id='par_1_117' title="bbox 1937 5474 2906 5550">
     <span class='ocr_line' id='line_1_117' title="bbox 1937 5474 2906 5550; baseline 0.003 -21"><span class='ocrx_word' id='word_1_820' title='bbox 1937 5474 2166 5550; x_wconf 70' lang='grc' dir='ltr'>νήματα,</span> <span class='ocrx_word' id='word_1_821' title='bbox 2193 5480 2373 5548; x_wconf 87' lang='lat' dir='ltr'><strong>atque</strong></span> <span class='ocrx_word' id='word_1_822' title='bbox 2399 5475 2460 5531; x_wconf 90' lang='lat' dir='ltr'><strong>id</strong></span> <span class='ocrx_word' id='word_1_823' title='bbox 2487 5474 2906 5548; x_wconf 76' lang='lat' dir='ltr'><strong>Opportunius.</strong></span> 
     </span>
    </p>
   </div>
  </div>
