3950 6180
564 250 668 304 227

1782 245 2021 302 PHOTH
2065 243 2549 303 PATRIARCHAS
2590 245 2704 303 ΕΡ.

3748 263 3839 319 228

562 377 692 432 dios
732 377 985 447 possunt
1009 373 1292 446 aspicere,
1313 371 1522 428 mirum
1555 372 1615 428 in
1648 371 1893 428 modum
1927 373 2190 429 ediscunt

2333 393 2417 424 ται
2456 376 2766 445 πρόκεισθαι
2830 377 3109 446 θαυμαστὴ
3166 384 3270 436 τοῖς
3321 377 3495 430 ἐκεῖθεν
3541 385 3614 442 τὰς
3653 395 3726 446 τῆς
3771 409 3840 441 σο.

561 481 682 538 quo
727 468 901 537 pacto
944 463 1134 518 sancti
1178 462 1430 534 Spiritus
1480 466 1726 518 oracula
1767 479 1900 518 cum
1949 462 2217 533 ejusdem

560 553 815 612 oraculis
842 551 1215 610 concilianda
1240 552 1356 607 sint
1377 551 1513 623 (66).

906 728 1222 797 QU/ESTlO
1263 730 1411 785 xxxr
1437 729 1539 800 [αι.
1578 729 1751 800 XXX].
1785 729 1896 800 (67)

562 839 852 907 Quomodo
879 837 1276 908 accipiendum
1325 843 1404 893 est
1437 837 1613 901 illud,
1645 856 1673 888 ‹
1710 836 1904 892 Potest
1949 837 2102 908 Deus
2146 836 2218 893 de

659 910 957 981 lapidibus
987 906 1113 966 istis
1142 910 1428 966 suscitare
1453 908 1610 977 ﬁlios
1635 908 1940 964 Abraham
1971 909 2016 942 ⁸³
2043 906 2070 962 ‘t
2097 930 2124 958 ››

2333 467 2452 532 φίας
2509 461 2713 522 ἀκτῖνας
2788 461 3168 535 ἑναυγάζεσθαι
3223 462 3531 538 δυναμνοις,
3591 473 3702 533 ὅπως
3759 485 3846 549 χρὴ

2331 548 2540 621 διαιτᾲν
2596 554 2726 623 μετὰ
2791 560 2880 604 τοῦ
2957 555 3252 624 Πνεύματος
3322 559 3382 606 τὰ
3460 563 3541 609 τοῦ
3617 567 3852 635 Ιινεύματος

2325 639 2494 712 λόγια.

2887 735 3207 784 ΕΡ.().ΤΗΣΙΣ
3228 732 3354 786 ΛΑ’.

2329 843 2439 897 Πῶς
2466 840 2671 895 νοητέον
2716 841 2792 901 το,
2828 860 2853 885 ‹‹
2881 842 3102 889 Δύναται
3130 841 3154 890 6
3195 842 3314 900 Θεὸς
3354 839 3404 891 ἐκ
3428 851 3517 894 τῶν
3543 843 3678 897 λίθων
3699 851 3856 899 τούτων

2681 907 2877 980 ἐγεῖραι
2907 915 3058 962 τέκνα
3099 919 3169 980 τῷ
3216 911 3497 987 Ἀϐραάμς
3531 937 3555 965 υ

1065 1033 1219 1084 Edita
1250 1032 1317 1082 ab
1347 1033 1469 1083 Ant.
1499 1031 1699 1088 Scotto,
1730 1032 1765 1081 l.
1796 1048 1862 1088 c.,
1901 1048 1952 1096 p.
1986 1035 2044 1082 53
2072 1033 2513 1083 Commentarius
2543 1035 2594 1082 in
2634 1034 2760 1083 Luc.
2800 1047 2889 1091 ιιι,
2929 1037 2955 1084 8
2985 1051 2995 1090 ;
3029 1035 3210 1086 Matth.
3245 1047 3334 1092 ιιι,
3367 1037 3411 1083 9.

626 1151 850 1210 Obvius
869 1151 1050 1222 hujus
1079 1149 1303 1207 oraculi
1320 1164 1550 1217 sensus,
1576 1149 1623 1203 si
1646 1148 1998 1222 penitiorem
2023 1149 2210 1220 signi-

550 1241 892 1298 ﬁcationem
921 1256 1043 1297 non
1072 1239 1470 1312 inquiramus,
1503 1237 1716 1310 poterit
1744 1239 1948 1310 utique
1973 1239 2206 1304 docere,

551 1329 716 1403 quod
727 1328 1246 1403 quemadmodum
1259 1329 1413 1384 Deus
1430 1343 1499 1383 ex
1519 1326 1811 1382 diﬂluenti
1827 1327 2204 1400 informique,

551 1436 621 1477 ac
645 1423 835 1476 terrea
863 1418 1110 1475 materie
1140 1417 1303 1473 ﬁnxit
1326 1417 1616 1473 animanti
1633 1432 1852 1488 corpus
1876 1416 2209 1487 pulverem-

550 1525 666 1582 que
689 1508 766 1565 ad
797 1514 1075 1564 naturam
1108 1505 1487 1578 speciemque
1518 1505 1844 1560 humanam
1878 1505 2207 1561 conforma-

549 1600 654 1665 vit,
684 1600 765 1654 ita
790 1597 960 1653 facile
992 1596 1358 1667 minimeque
1379 1610 1698 1666 operosum
1729 1597 1800 1649 sit
1840 1610 1912 1650 ex
1943 1595 2202 1649 solidiori

548 1686 818 1759 lapidum
849 1690 1083 1749 natura,
1119 1685 1236 1740 Deo
1267 1682 1566 1739 artiﬁceid
1591 1683 1786 1754 operis
1819 1683 2198 1754 suscipiente,

2389 1153 2458 1203 T6
2506 1153 2596 1222 μὲν
2649 1159 2737 1203 οῦν
2791 1156 3072 1225 πρόχειρον
3123 1161 3217 1213 τῆς
3261 1161 3429 1223 φωνῆς
3474 1154 3585 1205 ᾶνιν
3632 1158 3750 1217 τινὸς
3781 1155 3858 1208 Sa-

2321 1241 2529 1314 Θυτέρας
2577 1238 2805 1301 ἐπινοίας
2853 1237 3167 1293 ἐκδιδάσκω
3209 1240 3292 1306 ἂν,
3338 1244 3414 1293 ὅτι
3458 1244 3566 1294 καθ’
3616 1242 3664 1294 ὃν
3710 1263 3862 1316 τροπον

2315 1328 2372 1379 ἐκ
2419 1336 2508 1389 τῆς
2571 1324 2922 1400 εὖδιαχύτου,
2969 1335 3059 1382 καὶ
3112 1329 3365 1400 ἁπαγοῡς,
3422 1335 3508 1383 καὶ
3554 1338 3725 1404 γεηρᾱς
3764 1332 3864 1394 ὀλης

2320 1416 2596 1480 συνέπηξεν
2637 1419 2662 1469 6
2703 1421 2853 1481 Θεὸς,
2884 1427 2957 1488 τῷ
2987 1423 3103 1490 ςὼῳ
3146 1424 3204 1472 τὸ
3243 1428 3416 1492 σῶμα,
3473 1426 3558 1473 καὶ
3602 1421 3669 1482 εὶς
3705 1419 3865 1496 ἀνθρὼ-

2317 1527 2414 1559 που
2455 1509 2610 1578 φύσιν
2650 1511 2734 1558 καὶ
2797 1504 2936 1569 εἶδος
2968 1504 3366 1581 ὃιεμορφωσατο
3402 1514 3494 1567 τὴν
3533 1514 3664 1561 κόνιν
3713 1527 3723 1537 ·
3761 1515 3866 1560 κατὰ

2312 1600 2397 1648 τὸν
2427 1596 2580 1647 αὐτὸν
2622 1600 2807 1670 τρόπον
2835 1597 2959 1669 ῥᾷόν
3011 1616 3064 1649 τε
3115 1602 3206 1649 καὶ
3245 1595 3396 1650 οὐδὲν
3453 1595 3664 1669 ἐργῶδες
3709 1597 3756 1648 ἐκ
3791 1605 3865 1657 τῆς

2317 1689 2649 1759 στερεωτέρας
2709 1688 2908 1757 φύσεως
2955 1694 3054 1737 τῶν
3109 1685 3290 1754 λίθων,
3342 1685 3618 1758 ἀνθρώπων
3671 1687 3867 1737 ὑποστα-

546 1776 864 1831 hominum
907 1774 1308 1829 substantiam
1342 1772 1749 1844 compingere,
1781 1773 2068 1844 ipsosque
2098 1772 2190 1827 ho-

2317 1793 2398 1826 σιν
2454 1776 2782 1841 συντεθῆναι,
2838 1782 2971 1827 Θεοῦ
3025 1781 3266 1846 τεχνίτου
3305 1782 3397 1834 τὴν
3431 1775 3617 1826 πλάσιν
3648 1771 3868 1846 ἀναδεχο-

546 1865 739 1921 mines
783 1880 854 1920 ex
895 1863 994 1919 tali
1025 1879 1227 1918 massa
1267 1861 1555 1918 conﬂatos
1595 1861 1839 1917 Abrahee
1879 1861 2032 1916 ﬁlios
2079 1861 2198 1917 efﬁ-

545 1970 698 2011 cere.
729 1953 952 2010 Etenim
979 1968 1102 2008 non
1134 1952 1350 2016 minus,
1376 1967 1449 2006 ne
1469 1951 1665 2007 dicam
1690 1955 1746 2007 et
1773 1951 1957 2006 multo
1980 1950 2203 2020 magis-

546 2042 890 2099 mirandum
919 2046 1008 2097 est
1041 2040 1344 2113 pulverem
1373 2040 1448 2096 ad
1480 2039 1742 2096 hominis
1786 2055 2025 2095 carnem
2052 2038 2201 2095 redi-

543 2148 680 2205 gere
733 2137 914 2205 atque
952 2130 1428 2195 accommodare,
1475 2146 1660 2202 quam
1713 2130 1770 2184 in
1822 2129 2085 2202 corporis
2118 2129 2200 2185 vi-

543 2223 735 2279 ventis
785 2237 935 2294 opus
988 2220 1204 2277 duram
1253 2218 1522 2292 lapidum
1571 2218 1999 2275 transformare
2028 2224 2198 2274 natu-

540 2328 671 2368 ram

613 2401 1018 2470 Praeterquam
1062 2397 1226 2470 quod
1267 2413 1388 2452 non
1445 2397 1628 2452 modo
1679 2396 1911 2468 primus
1953 2395 2134 2452 homo
2165 2411 2194 2452 e

544 2487 684 2543 limo
710 2486 1127 2542 admirabilem
1171 2485 1340 2540 duxit
1373 2485 1684 2554 originem,
1731 2485 1828 2539 sed
1864 2485 1985 2539 Loti
2015 2485 2192 2540 etiam

541 2591 692 2631 uxor
712 2576 772 2630 in
796 2575 934 2630 salis
961 2575 1304 2630 columnam
1331 2573 1651 2643 obdurata,
1691 2573 1979 2638 divinam,
2008 2589 2192 2646 quam

538 2680 648 2719 nec
693 2662 878 2731 effari,
912 2678 1020 2718 nec
1052 2666 1248 2718 mente
1275 2661 1512 2734 assequi
1545 2677 1885 2732 possumus,
1918 2663 2190 2717 virtutem

536 2752 836 2824 praedicat,
888 2752 1031 2806 dum
1082 2766 1188 2823 per
1237 2749 1638 2820 irrefragabile
1697 2749 2027 2822 prodigium
2080 2750 2193 2822 pri-

536 2841 702 2897 stina:
729 2846 955 2897 natura:
984 2840 1110 2895 sine
1141 2839 1462 2895 manifesta
1495 2839 1876 2910 corruptione
1922 2838 2194 2910 abjectio-

535 2947 669 2988 nem
697 2931 877 2986 fuisse
917 2929 1155 2986 alterius
1204 2929 1425 2999 formas,
1459 2933 1515 2985 et
1558 2928 1908 2984 substantiae
1951 2943 2192 2998 genera-

533 3020 750 3077 tionem
780 3019 1037 3076 ostendit
1075 3036 1087 3074 :
1136 3018 1420 3090 illudque,
1456 3017 1621 3090 quod
1653 3017 1780 3084 fuit,
1831 3023 2009 3074 antea
2066 3034 2187 3073 non

530 3114 655 3166 erat
686 3126 699 3176 ;
731 3108 898 3182 quod
927 3114 1124 3164 autem
1161 3107 1287 3163 ﬁeri
1328 3123 1450 3163 non
1491 3122 1668 3179 posse
1702 3107 1982 3163 humanae
2015 3107 2186 3163 menti
2218 3124 2257 3180 ρ

527 3197 861 3267 videbatur,
886 3197 947 3252 id
973 3197 1166 3270 priore
1193 3196 1388 3265 ﬁgura
1409 3211 1530 3252 non
1559 3195 1870 3261 dissoluta,
1904 3195 2016 3268 ipsi
2049 3197 2187 3251 sub-

529 3286 730 3341 stituit.
762 3289 914 3341 Deus
935 3286 1156 3358 itaque,
1181 3285 1283 3356 qui
1312 3289 1474 3341 tanta
1489 3285 1766 3356 patrabat
1793 3285 2102 3353 miracula,
2131 3291 2185 3341 et

528 3373 766 3446 quidem
821 3381 976 3440 tunc,
1037 3390 1171 3429 cum
1237 3373 1314 3429 ab
1374 3389 1493 3429 una
1565 3375 1916 3430 muliercula
1981 3374 2182 3430 violati

527 3463 805 3536 przecepti
844 3479 1089 3535 pmnam
1131 3462 1449 3525 sumebat;
1508 3462 1636 3534 ipse
1691 3483 1717 3514 «
1750 3462 1854 3534 qui
1907 3463 2183 3518 homines

524 3552 646 3608 vult
697 3553 895 3608 salvos
941 3551 1084 3617 ﬁeri,
1133 3556 1188 3606 et
1219 3552 1296 3606 ad
1354 3550 1722 3620 agnitionem
1781 3551 2039 3606 veritatis
2087 3567 2178 3606 ve-

523 3641 650 3697 nire
672 3643 741 3707 ιθ,
784 3662 812 3693 ››
840 3640 986 3714 quid
1017 3656 1121 3712 pro
1153 3656 1260 3695 sua
1284 3639 1597 3695 clementia
1633 3655 1752 3694 non
1783 3645 1938 3710 agat,
1971 3640 2019 3696 si
2045 3640 2178 3695 ﬁliis

518 3730 770 3786 Abrahae
810 3728 1160 3785 suscitandis
1197 3728 1468 3800 lapidum
1521 3728 1925 3784 conditionem
1965 3745 2177 3801 oppor-

520 3819 768 3876 tunioris
794 3819 1053 3875 futuram
1095 3835 1238 3874 usus
1278 3818 1637 3890 perspexerit
1688 3819 1715 3874 ‘I
1758 3822 1959 3892 Neque
2015 3820 2172 3874 enim

517 3915 642 3966 tam
673 3909 840 3965 facile
879 3908 986 3965 fuit
1009 3907 1239 3979 {Judaeis
1279 3907 1527 3964 Abrahae
1559 3907 1952 3980 multiplicare
1998 3907 2170 3974 ﬁlios,

515 4014 774 4072 quorum
799 3997 1030 4069 generis
1053 4013 1174 4054 non
1204 3997 1453 4053 minima
1471 4012 1608 4069 pars
1625 3998 1840 4069 rejecta
1859 4002 1966 4064 est,
1986 4013 2170 4070 quam

514 4089 632 4144 Deo
663 4103 768 4161 per
795 4086 1025 4159 lapides
1055 4086 1249 4142 eidem
1276 4085 1497 4141 multos
1527 4085 1682 4141 ﬁlios
1714 4088 1988 4142 condere.

580 4183 652 4234 At
677 4177 722 4233 si
754 4177 890 4250 quis
919 4176 1053 4234 velit
1079 4176 1389 4249 quidpiam
1419 4175 1832 4248 propheticum
1862 4177 2020 4232 dicto
2053 4177 2167 4232 hoc

506 4267 822 4333 enuntiari,
851 4266 1102 4339 lapides,
1131 4282 1285 4338 quos
1319 4268 1653 4320 Praacursor
1682 4269 1822 4320 tunc
1869 4281 2163 4322 memora-

505 4358 603 4422 vit,
633 4363 691 4413 et
719 4373 790 4413 ex
816 4357 1038 4430 quibus
1077 4356 1233 4412 filios
1285 4356 1541 4412 Abrahte
1591 4355 1970 4411 suscntandos
2022 4371 2163 4426 prse-

2311 1869 2484 1935 μένου,
2532 1868 2621 1914 καὶ
2662 1868 2816 1915 τέκνα
2858 1867 2978 1925 τοὺς
3018 1871 3293 1934 γεγονότας
3351 1864 3407 1918 ἐκ
3468 1867 3697 1917 τοιοῦτον
3745 1868 3875 1938 φυρά-

2304 1972 2471 2022 ματος
2521 1957 2860 2023 χρηματίσαι
2905 1959 2994 2004 τοῦ
3036 1951 3293 2025 Ἀϐρααμ..
3361 1953 3439 2005 0:3
3493 1956 3592 2025 γὰρ
3642 1953 3776 2010 ἦττον
3822 1953 3873 2010 εἰς

2313 2043 2506 2112 θαῦμα,
2563 2043 2644 2092 ἱνα
2681 2045 2753 2112 μὴ
2804 2041 2932 2112 λέγω
2971 2046 3059 2093 καὶ
3095 2041 3306 2113 μείζωει,
3354 2047 3496 2095 κόνιν
3539 2042 3610 2104 εἰς
3641 2039 3876 2116 ἄνθρωπον

2311 2129 2582 2200 συμπῆξαί
2634 2149 2704 2194 τε,
2757 2136 2845 2182 καὶ
2902 2127 3397 2204 συναρμολογῆσαιδ
3425 2133 3602 2203 σάρκα
3648 2147 3661 2161 ·
3721 2130 3878 2181 mili-

2310 2220 2400 2270 θου
2454 2222 2607 2290 φύσιν
2677 2223 2884 2294 στερεὰν
2943 2219 3012 2281 εἰς
3063 2225 3304 2291 σώματος
3377 2221 3518 2280 ζώου
3587 2218 3881 2293 μεταπλάσαι

2304 2312 2511 2381 χρείαν.

2376 2395 2574 2457 ’Ἄλλως
2624 2416 2676 2449 τε
2731 2393 2789 2449 δὲ
2840 2396 2898 2449 οὗ
2950 2401 3103 2470 μόνον
3157 2398 3183 2448 ὁ
3256 2406 3461 2471 πρῶτος
3516 2399 3776 2470 ἅνθρωπος
3839 2394 3880 2446 ἐκ

2303 2490 2466 2557 χόονο
2499 2491 2588 2538 καὶ
2630 2482 2931 2560 παραδοξαν
2983 2489 3112 2556 ἔσχε
3140 2491 3232 2544 τὴν
3292 2491 3498 2557 γένεσιν
3541 2504 3554 2516 ⁸
3592 2485 3714 2538 ἀλλὰ
3757 2488 3881 2540 καὶὴ

2304 2583 2394 2626 τοῦ
2448 2581 2570 2627 Λὼτ
2635 2580 2765 2645 γυνὴ
2813 2575 2888 2635 εἰς
2954 2575 3148 2632 στήλην
3199 2575 3320 2637 ἁλὸς
3376 2575 3760 2628 ἀπολιθωθείσα
3807 2577 3881 2628 τὴν

2301 2673 2390 2715 τοῦ
2470 2672 2602 2716 Θεοῦ
2665 2661 2886 2736 δύναμιν
2940 2661 3230 2734 ἀδιήγητον
3281 2684 3336 2716 τε
3395 2671 3491 2717 καὶ
3555 2663 3886 2719 ἀκατάληπτον

2303 2753 2665 2826 ἁνακηρύττει,
2715 2752 2764 2805 ἐν
2798 2762 2868 2822 τῷ
2913 2750 3176 2824 ac“me
3205 2762 3292 2806 τοῦ
3340 2756 3618 2824 Θαύματος
3674 2773 3761 2810 την
3808 2759 3885 2808 τῆς

2302 2846 2500 2915 φύσεως
2530 2843 2778 2894 ἀπόθεσιν
2805 2844 2922 2894 ἄνευ
2955 2841 3230 2913 ἐπιφανοῦς
3257 2845 3480 2916 φθορᾶς,
3509 2843 3684 2914 ἐτέρας
3711 2847 3889 2914 μορφῆς

2301 2929 2715 3004 ἐπιδεικνυμένη,
2748 2937 2837 2984 καὶ
2865 2934 3192 2991 ὑποστάσεως
3220 2935 3425 3002 γένεσιν
3464 2953 3477 2964 ·
3535 2938 3628 2984 καὶ
3663 2930 3794 3002 ὃμὲν
3812 2933 3885 2997 γέ-

2297 3040 2456 3092 γονεν,
2513 3020 2605 3072 οὐκ
2634 3017 2692 3078 ἦν
2727 3035 2739 3049 ·
2775 3020 2800 3072 ὃ
2832 3017 2890 3072 δὲ
2919 3024 2990 3092 μὴ
3040 3017 3144 3071 οἷον
3174 3039 3226 3072 τε
3265 3016 3323 3078 ἦν
3357 3020 3717 3094 ἀνθρωπίνοις
3736 3018 3888 3087 λογίσ·

2296 3129 2413 3181 μοις
2445 3112 2706 3180 γενέσθαι,
2735 3115 2903 3182 χωρὶς
2929 3110 3125 3167 ὑπέστη
3156 3117 3249 3171 τῆς
3274 3118 3365 3161 τοῦ
3413 3117 3678 3184 πρότερον
3732 3105 3886 3159 διαλὺ-

2297 3217 2444 3260 σεως,
2500 3198 2558 3248 Ὀ
2612 3204 2781 3250 τοίνυν
2831 3201 2960 3259 Θεὸς
3004 3200 3028 3249 6
3083 3206 3247 3249 ταῦτα
3303 3196 3778 3272 παραδοξοποιών,
3817 3197 3890 3244 καὶ

2292 3292 2404 3339 τοτε
2463 3285 2616 3345 δίκην
2685 3287 3110 3362 εἰσπραττόμενος
3169 3290 3380 3358 γύναιον
3458 3288 3512 3340 ἓν
3576 3285 3895 3360 παραϐάσεως

2291 3375 2518 3439 ἐντολῆς,
2559 3396 2585 3426 ‹‹
2643 3376 2852 3428 οθέλων
2902 3379 2988 3428 τὸν
3040 3378 3310 3450 ἄνθρωπον
3367 3379 3650 3442 σωθῆναι,
3709 3379 3793 3426 καὶ
3837 3372 3894 3430 εἰς

2289 3463 2565 3536 ἐπίγνωσιν
2599 3463 2842 3526 ἀληθείας
2886 3464 3064 3530 ἐλθεῖν,
3127 3489 3153 3514 n
3212 3469 3262 3517 τί
3307 3465 3407 3517 οὐκ
3467 3465 3534 3518 ἂν
3581 3463 3794 3540 δράσειε
3824 3459 3899 3513 διὰ

2288 3554 2724 3627 φιλανθρωπίανιὶ,
2776 3555 2818 3605 εἰ
2862 3554 3014 3606 λίθων
3062 3553 3245 3624 ἅψεται
3277 3557 3442 3626 φύσιν
3481 3551 3891 3624 ἐπιτηδειοτέραν

2283 3647 2624 3716 παρέχουσαν
2655 3647 2842 3715 χρείαν
2865 3643 2934 3705 εἰς
2956 3648 3014 3695 τὸ
3040 3645 3282 3714 γενέσθαι
3306 3648 3473 3696 τέκνα
3507 3653 3607 3696 τοὺ
3636 3642 3862 3716 Ἀϐρααμ
3889 3656 3899 3702 ;

2285 3733 2359 3784 0')
2385 3735 2484 3804 γὰρ
2517 3733 2651 3784 οὕτω
2675 3733 2799 3805 ῥᾷον
2837 3739 2944 3794 τοῖς
2974 3729 3258 3794 Ἰουδαίοις
3285 3740 3378 3784 τοῦ
3418 3733 3682 3807 Ἀϐραὰμ.
3707 3745 3902 3803 Long-15¢-

2283 3821 2442 3880 τέξειν
2473 3825 2642 3885 τέκνα,
2663 3821 2730 3871 ὧν
2759 3820 2850 3872 οὐκ
2874 3821 3043 3892 ὀλίγον
3065 3824 3217 3893 μὲρὸς
3245 3829 3335 3872 τοῦ
3355 3825 3566 3891 γένους
3589 3820 3902 3884 ἐξώσθησαν,

2281 3912 2350 3970 ὡς
2380 3918 2450 3980 τῷ
2477 3917 2590 3981 Θεῷ
2631 3906 2722 3962 διὰ
2751 3919 2849 3962 τῶν
2878 3909 3033 3963 λίθων
3075 3910 3214 3981 αὐτῷ
3244 3909 3479 3974 πολλοὺς
3513 3914 3673 3972 υἱοὺς
3701 3909 3904 3979 ἀπεργά-

2283 4000 2498 4051 σασθαι.

2351 4177 2407 4229 Εἰ
2465 4173 2524 4229 δέ
2590 4196 2671 4239 τις
2743 4175 2903 4230 ἐθέλοι
2960 4181 3045 4229 καὶ
3111 4182 3443 4251 προφητικὸν
3536 4177 3908 4254 ἀνακηρύττειν

2274 4269 2420 4339 ἔργον
2452 4270 2506 4318 τὸ
2544 4267 2707 4341 ῥῆμα,
2752 4269 2799 4319 οἱ
2826 4273 2940 4320 τότε
2981 4269 3221 4340 ῥηθέντες
3250 4268 3385 4320 λίθοι
3446 4278 3534 4339 τῷ
3602 4266 3906 4344 "P0595315-

2273 4355 2325 4417 ἐξ
2369 4356 2437 4407 ὧν
2485 4365 2556 4425 τῷ
2611 4354 2848 4430 Ἀϐραὰμ
2887 4353 3285 4430 ἕχρησμῴὸησε
3327 4355 3698 4411 ἀνίστασθαι
3750 4359 3910 4409 τέκνα,

504 4446 670 4512 dixit,
733 4447 770 4502 ii
821 4447 1087 4519 profecto
1129 4451 1286 4512 sunt,
1336 4445 1462 4517 qui,
1508 4461 1646 4500 cum
1687 4451 1839 4500 esset
1888 4446 2164 4501 Servator

2306 4445 2414 4496 ὗτοι
2465 4441 2531 4502 δὴ
2582 4447 2718 4496 κατὰ
2761 4449 2817 4496 τὸ
2868 4445 3106 4498 ἑκούσιον
3154 4453 3245 4497 τοῦ
3277 4452 3540 4519 Σωτῆρος
3594 4445 3914 4516 πάθος[καὶ

504 4552 614 4590 sua
639 4539 850 4607 sponte
879 4541 1160 4606 mortuus,
1193 4540 1372 4607 atque
1416 4534 1695 4590 universo
1735 4534 1964 4589 mundo
2001 4533 2158 4588 salus

501 4630 556 4679 et
583 4623 699 4679 vita
725 4623 976 4689 reddita,
1015 4625 1172 4695 passi
1202 4623 1534 4679 Conditoris
1570 4622 1861 4694 odsequio
1897 4622 2153 4694 abrupti,

501 4717 678 4783 atque
712 4711 962 4777 discissi,
1005 4718 1059 4767 et
1097 4713 1270 4783 quasi
1330 4711 1463 4767 facti
1505 4727 1614 4782 pro
1667 4711 1955 4766 miraculo
2012 4727 2158 4782 prae-

497 4806 772 4866 gnantes,
803 4800 1012 4856 multos
1038 4800 1312 4856 homines
1358 4805 1571 4856 nostra!
1617 4800 1890 4870 religioni
1927 4804 1982 4856 et
2017 4816 2156 4872 par-

496 4890 802 4954 turierunt,
838 4893 892 4944 et
916 4892 1372 4962 pepererunt.ln
1405 4906 1541 4946 vero
1574 4905 1683 4946 sua
1721 4889 2148 4956 commotione,

563 5014 812 5071 “Matth.
845 5015 933 5086 ιιι,
968 5017 1020 5071 9.
1055 5017 1100 5050 ιθ
1128 5016 1146 5069 I
1173 5015 1318 5073 Tim.
1353 5031 1411 5079 ιι,
1445 5017 1496 5071 4.

2270 4539 2362 4592 τὴν
2391 4540 2720 4605 παγκοσμιον
2759 4539 3042 4608 σωτηρίαν,
3071 4539 3159 4586 καὶ
3190 4534 3500 4587 ἀνάστασιν
3533 4536 3589 4610 ],
3627 4546 3706 4606 τῷ
3736 4543 3912 4588 Δεσποο

2266 4633 2394 4694 τικῲ
2454 4623 2693 4696 ῥαγέντες
2751 4625 2928 4690 πάθει,
2983 4628 3070 4675 καὶ
3135 4619 3598 4694 διασχισθέντες,
3670 4631 3767 4678 καὶ
3827 4625 3920 4674 οἷον

2265 4710 2537 4783 ἐγκύμονες
2588 4717 2848 4783 γεγονότες
2910 4721 2981 4783 τῷ
3051 4714 3299 4784 θαύματι,
3350 4713 3617 4777 πολλοὺς
3677 4724 3781 4766 τῶν
3837 4713 3912 4761 ἐν·

3663 4803 3922 4857 ἀπέτεκον.

2265 4803 2479 4873 θρώπων
2537 4801 2604 4861 εἰς
2653 4799 2914 4854 εὐσέϐειαν
2963 4797 3228 4860 ὠδίνησάν
3293 4821 3346 4854 τι
3449 4810 3564 4857 καὶ

2262 4892 2363 4962 Οῐᾳ
2403 4886 2487 4942 dte
2534 4890 2749 4966 λαμπρᾷ
2802 4899 2862 4963 τῇ
2925 4899 3088 4964 φωνῇ,
3143 4895 3227 4943 καὶ
3286 4891 3548 4966 οὐρανίῳ
3612 4896 3920 4969 κηρύγματι

1834 5115 2068 5170 VARl/E
2101 5114 2501 5172 LECTIONES.

1065 5225 1094 5267 ιι
1121 5215 1183 5269 Ν.
1229 5216 1578 5285 συναρμόσαι.
1732 5224 1753 5254 ο
1786 5215 1850 5269 N.
1891 5217 2040 5285 χοός.

561 5223 586 5256 ³
611 5214 675 5269 Ν.
717 5213 915 5286 μεῖζον.

2189 5212 2216 5254 d
2245 5220 2310 5267 N.
2342 5213 2533 5286 φιλίαν.

2683 5208 2804 5272 οδή
2843 5215 2906 5270 Ν.

2057 5313 2279 5368 ΝΟΤΧΕ.

550 5435 663 5506 (66)
698 5435 750 5492 Si
786 5451 966 5491 nosse
982 5436 1246 5508 cupis,in
1271 5437 1640 5509 quibusnam
1658 5437 2003 5496 auctoribus
2021 5438 2126 5496 has

474 5506 736 5581 alioquin
768 5506 1148 5581 pervulgatas
1183 5506 1819 5581 propositzeévsciayiag
1844 5511 2126 5581 explana-

473 5577 661 5660 tiones
694 5577 888 5660 possis
917 5577 1200 5660 in_v_enire;
1225 5577 1444 5660 videsis
1475 5577 1714 5660 Tertull,
1739 5582 1864 5660 l.“v,
1899 5577 2123 5640 Contra

466 5651 846 5722 Marciane/i2,
875 5656 931 5709 et
963 5651 1312 5712 Theodoret.
1349 5657 1560 5730 quaest.
1581 5656 1641 5709 2t
1677 5653 1738 5710 in
1761 5652 2123 5712 Deutsrono-

2241 5455 2602 5581 “1:67:11!ch
2658 5509 2777 5586 fere
2812 5515 2936 5567 tota
2971 5509 3222 5586 quaestio
3250 5507 3493 5586 legitur
3536 5513 3738 5586 apud
3777 5514 3941 5571 Nice-

2235 5587 2378 5645 tam.
2413 5585 2635 5638 Catena
2664 5581 2720 5638 in
2760 5583 2897 5638 Luc.
2943 5581 3011 5639 c.‘
3047 5598 3122 5648 Ill,
3157 5581 3267 5638 Mai
3299 5581 3478 5639 Nov.
3527 5581 3822 5646 Cbllcct.
3858 5589 3938 5650 lx,

2232 5668 2292 5729 p.
2326 5652 2448 5724 658,
2493 5656 2621 5711 659.
