3950 6180
628 280 729 338 231

1853 278 2088 334 PHOTll
2132 278 2614 336 PATRIABCHIE
2655 277 2761 337 ΟΡ.

3819 287 3906 347 ‘23‘2

634 414 853 468 agmen
899 413 1060 454 nunc
1092 396 1476 466 signiﬁcatur;
1510 395 1568 450 in
1601 410 1860 466 superna
1899 395 2107 452 horrea
2137 412 2246 452 con

2393 417 2474 458 νος
2524 417 2708 468 χορρς,
2766 398 2837 458 εἰς
2889 401 2974 458 τάς
3010 400 3112 449 ἄνω
3159 402 3315 470 μονὰς
3369 398 3743 474 ἀποθησαυρίζει
3776 405 3807 470 ι,
3850 409 3905 460 ἐν-

633 492 858 557 gregat,
888 487 949 542 in
981 485 1204 558 quibus
1233 483 1660 557 promptuariis
1687 499 1795 538 nec
1823 483 2126 548 tinea,nec
2147 501 2282 539 esus

631 575 952 640 consumit,
985 591 1094 630 nec
1131 574 1292 629 fures
1342 571 1648 637 effodiunt,
1683 579 1859 643 atque
1895 573 2231 644 subripiunt
2265 591 2277 627 ε

629 663 945 720 sceleratos
992 671 1192 720 autem
1245 663 1536 727 homines,
1586 661 1799 733 quibus
1852 661 2278 733 suppliciorum

626 753 988 824 perennitas,
1023 758 1313 824 tanquam
1355 750 1495 806 mali
1529 754 1784 814 culmen,
1827 750 2123 820 adjicitur,
2158 749 2279 819 igni

626 841 1099 912 inexstinguibili
1131 845 1419 897 aeternum
1453 839 1778 895 cruciatum
1809 839 2131 895 continenti
2162 843 2277 894 tra-

622 931 852 986 diturus
894 937 998 986 est.

693 1018 1113 1076 Verosimiliter
1129 1023 1329 1074 autem
1349 1038 1375 1070 «
1396 1015 1794 1074 ventilabrum
1814 1016 1873 1072 in
1898 1031 2078 1072 mauu
2095 1016 2226 1087 ejus
2248 1037 2271 1066 ι)

620 1114 988 1181 promptam,
1057 1112 1113 1163 et
1165 1107 1507 1180 expeditam
1559 1106 1762 1161 Christi
1811 1105 2109 1160 actionem
2168 1104 2276 1159 sub

618 1201 936 1268 aenigmate
958 1197 1276 1266 signiﬁcat:
1303 1211 1498 1269 neque
1517 1195 1672 1249 enim
1688 1209 1793 1265 per
1811 1193 2271 1258 meditationem,

618 1303 808 1358 neque
849 1303 950 1359 per
995 1301 1251 1354 moram,
1302 1299 1498 1356 neque
1545 1299 1646 1356 per
1684 1284 2272 1352 argumentationum

617 1377 962 1448 indaginem
998 1376 1270 1432 meliores
1311 1391 1346 1430 a
1371 1374 1764 1430 deterioribus
1809 1372 2090 1428 discernit
2123 1391 2136 1439 ;
2168 1373 2271 1427 sed

614 1483 646 1523 e
699 1466 966 1536 vestigio,
1019 1471 1073 1521 et
1114 1467 1430 1536 derepente
1477 1462 1909 1518 salvandorum
1957 1467 2184 1534 partem
2236 1477 2272 1516 a

613 1555 980 1612 damnandis
1030 1554 1324 1625 dispescit.
1383 1552 1613 1608 Scilicet
1671 1550 1868 1616 voluit,
1926 1558 2130 1606 secuta
2179 1554 2272 1605 est

615 1645 938 1716 separatio,
969 1642 1270 1714 praecessit
1294 1641 1608 1712 judicium,
1639 1645 1694 1694 et
1720 1656 1859 1694 cum
1881 1639 2110 1710 judicio
2137 1639 2270 1693 vino

614 1733 729 1788 dex
763 1731 997 1803 justitia
1037 1747 1050 1796 ;
1085 1732 1298 1803 quippe
1341 1730 1510 1786 unico
1543 1735 1676 1784 actu
1716 1729 1769 1783 in
1815 1735 2134 1800 conspectu
2167 1728 2266 1783 Dei

613 1828 752 1876 sunt
830 1822 1128 1876 universa.
1201 1818 1701 1890 Quandoquidem
1770 1819 1850 1873 ita
1908 1818 2152 1883 astitrix,
2213 1822 2271 1871 et

613 1912 886 1968 ministra
910 1910 1274 1982 judiciorum
1311 1909 1410 1964 Dei
1462 1914 1550 1964 est
1581 1909 1841 1980 potentia
1873 1907 2182 1979 puniendi,
2213 1912 2270 1962 et

603 1999 832 2074 justitia
869 2018 886 2071 ;
942 1998 1455 2072 quemadmodum
1505 2002 1560 2052 et
1589 1995 1844 2068 profusa,
1878 2004 1934 2051 et
1987 1996 2265 2065 benigna,

608 2104 959 2160 omnemque
981 2086 1395 2158 gratitudinem
1413 2086 1707 2141 excedens
1727 2086 2266 2157 remuneratio,qua

608 2177 780 2233 nobis
812 2177 1062 2233 meliora
1089 2176 1353 2245 largitur.
1395 2177 1776 2230 Frumentum
1801 2174 2064 2246 profecto
2096 2189 2266 2228 sacra

605 2267 846 2339 eloquia
892 2266 1024 2322 illos
1073 2264 1395 2337 appellant,
1435 2264 1532 2336 qui
1583 2263 1908 2327 nobilitate,
1953 2279 2129 2334 quam
2187 2263 2264 2318 ab

603 2355 772 2411 initio
799 2357 1199 2418 obtinuerunt,
1238 2352 1549 2417 custodita,
1604 2353 1924 2424 pristinum
1964 2351 2164 2415 etiam,
2194 2368 2263 2406 ac

605 2443 866 2499 salutare
898 2459 1101 2498 semen
1154 2459 1188 2497 a
1241 2446 1357 2496 Deo
1396 2448 1622 2496 natura;
1673 2442 2086 2510 commissum,
2137 2457 2263 2511 ger-

603 2547 846 2587 manum
892 2547 1225 2603 purumque
1271 2545 1464 2601 usque
1514 2530 1590 2584 ad
1622 2530 1817 2601 ipsam
1853 2530 2076 2585 fructus
2129 2546 2262 2601 pro-

602 2621 941 2675 ductionem
975 2625 1406 2674 conservarunt
1439 2634 1450 2671 :
1484 2618 1687 2673 fenum
1743 2624 1968 2683 autem,
2024 2624 2076 2673 et
2106 2619 2260 2688 ignis

515 2757 533 2764 ._
601 2724 792 2765 escam
810 2707 1367 2780 nuncupanteos,in
1387 2706 1609 2778 quibus
1625 2715 1881 2762 connata
1899 2707 2257 2762 zizaniorum

599 2798 887 2854 immistio
929 2797 1174 2869 spiritus
1225 2795 1540 2852 suflocavit
1577 2797 1890 2859 culturam,
1924 2803 1980 2851 et
2018 2795 2258 2866 frugum

598 2886 1024 2960 perfectionem
1087 2885 1415 2957 intercepit,
1469 2885 1588 2941 imo
1646 2889 1951 2956 speratam
2002 2885 2230 2940 illarum

597 2977 846 3051 projecit
875 2977 1010 3049 (7t).

671 3067 822 3122 Illud
874 3073 1110 3122 autem:
1165 3065 1534 3136 «Baptizabit
1585 3065 1645 3120 in
1679 3064 1895 3137 Spiritu
1924 3070 2151 3134 sancto,
2197 3072 2251 3120 ct

600 3159 734 3228 igne
768 3179 818 3224 η,
855 3156 1014 3213 haud
1041 3156 1120 3212 ita
1150 3155 1566 3228 accipiendum
1593 3158 1698 3219 est,
1733 3164 1795 3209 ut
1823 3155 1945 3210 duo
1972 3155 2249 3226 quedam

597 3247 732 3310 sint,
766 3262 899 3318 qua:
926 3262 1049 3300 suae
1078 3245 1467 3301 alternatione
1525 3249 1751 3300 natura;
1785 3243 2023 3299 unicam
2068 3244 2251 3316 bapti-

598 3337 804 3389 smatis
837 3335 1117 3397 virtutem,
1149 3339 1205 3389 et
1240 3333 1663 3405 perfectionem
1694 3334 2032 3389 conﬁciant.
2068 3335 2247 3404 Cujus

595 3422 754 3476 enim
769 3422 848 3476 rei
867 3422 1271 3477 sanctissimus
1295 3422 1547 3494 Spiritus
1567 3422 1644 3476 ibi
1669 3439 1770 3494 pro
1789 3437 1896 3477 sua
1908 3423 2246 3493 operatione

593 3509 793 3567 adhuc
823 3510 1159 3580 indigebit?
1207 3511 1358 3577 Quid
1389 3519 1586 3566 autem
1633 3513 1740 3566 erit
1769 3511 1862 3566 ille
1892 3511 2041 3581 ignis
2069 3512 2244 3566 simul

595 3600 937 3671 adjunctus,
971 3602 1072 3671 qui
1104 3600 1431 3655 deficientis
1465 3616 1725 3655 vacuum
1767 3600 2091 3672 complebit
2119 3601 2146 3656 ?
2175 3603 2246 3656 At

594 3689 738 3744 illud
777 3689 838 3743 in
885 3688 1020 3759 igne
1052 3705 1211 3744 nunc
1263 3705 1384 3744 una
1413 3689 1686 3745 additum
1721 3695 1825 3760 est,
1880 3695 1940 3744 ut
1987 3689 2242 3761 Spiritus

594 3780 732 3843 vim,
762 3783 817 3834 et
855 3778 1181 3834 efﬁcaciam
1228 3778 1562 3834 mundandi
1593 3780 1876 3834 enuntiet.
1907 3777 2053 3833 Cum
2081 3781 2240 3834 enim

593 3867 949 3924 sanctissimi
995 3867 1238 3938 Spiritus
1277 3867 1432 3922 dona
1479 3868 1628 3922 inter
1674 3883 1735 3922 se
1778 3867 2074 3935 diﬂerant,
2121 3885 2243 3925 una

591 3962 790 4015 autem
824 3956 1158 4012 divinarum
1184 3957 1312 4026 ejus
1333 3957 1747 4028 operationum
1778 3956 1872 4020 sit,
1907 3962 1968 4010 ut
1998 3964 2241 4012 etmun-

589 4047 708 4111 det,
740 4051 814 4112 et,
847 4047 1011 4118 quod
1047 4061 1296 4118 pravum
1346 4051 1453 4109 est,
1505 4045 1792 4115 destruat,
1826 4046 2236 4119 ipsorumque,

585 4137 644 4192 in
685 4153 839 4209 quos
863 4136 1290 4208 supervenerit,
1325 4141 1507 4191 totam
1541 4137 1788 4190 omnino
1837 4141 2114 4190 naturam
2148 4155 2238 4193 re-

583 4227 815 4293 formet,
854 4226 977 4280 tieri
1010 4223 1229 4294 nequit,
1267 4230 1325 4278 ut
1356 4224 1670 4295 quidpiam
1697 4225 1969 4279 eamdem
2005 4226 2236 4281 foedans

581 4315 990 4372 abscondatur
1018 4313 1214 4369 adhuc
1241 4318 1294 4369 et
1325 4312 1521 4368 lateat.

653 4407 863 4471 Quare,
884 4420 1020 4460 cum
1044 4403 1290 4458 dixisset
1313 4426 1339 4453 ι(
1366 4401 1423 4456 in
1449 4402 1664 4473 Spiritu
1689 4407 1964 4472 sancto»,
1982 4404 2235 4475 subjecit

583 4518 603 4544 ιι
639 4501 694 4549 et
725 4493 860 4564 igne
897 4515 943 4558 ι,
991 4493 1072 4548 uti
1103 4491 1321 4548 dixeris
1365 4491 1422 4546 in
1475 4492 1694 4563 Spiritu
1729 4500 1956 4556 sancto,
1988 4495 2089 4565 qui
2121 4494 2227 4548 de-

575 4599 820 4654 generes
845 4591 1076 4638 nostras
1110 4582 1462 4654 cupiditates
1512 4583 1831 4655 depurgat,
1875 4590 2052 4656 atque
2085 4601 2228 4640 con-

574 4673 786 4737 sumit;
817 4689 850 4727 a
871 4673 1082 4742 quibus
1118 4688 1220 4742 per
1249 4671 1660 4743 operationem
1686 4672 1864 4736 illam,
1891 4690 2024 4744 quin
2049 4674 2224 4744 ignea

571 4769 627 4816 et
655 4760 866 4816 efﬁcax
898 4760 1074 4814 simul
1096 4766 1198 4824 est,
1234 4767 1289 4816 et
1323 4761 1372 4814 vi
1399 4760 1764 4815 reconﬂandi
1795 4762 2058 4832 praedita.
2087 4777 2222 4834 pur-

570 4850 712 4920 gati,
736 4848 1109 4904 sanctitatem
1139 4850 1378 4920 assequi
1402 4864 1716 4904 meremur.
1747 4867 1778 4901 ‹
1802 4850 2029 4905 Etenim
2065 4854 2217 4907 Deus

2394 489 2472 546 αἷς
2521 485 2812 548 ἀποθήκαις
2857 492 2973 538 οὔτε
3008 493 3103 548 σης
3157 491 3272 539 οὔτε
3327 487 3522 560 βρῶσις
3569 488 3786 561 ἀφανίζει,
3820 501 3913 549 οὔτε

2392 575 2605 627 κλέπται
2654 573 3026 648 ὃιορύσσουσι,
3060 582 3148 628 καὶ
3196 577 3476 628 κλέπτουσι
3510 591 3522 605 ⁸
3559 580 3626 638 οἶς
3653 577 3703 632 δὲ
3737 587 3782 633 τὸ
3816 584 3912 654 daa-

2391 664 2639 722 τάϐλητον
2672 677 2734 731 In,
2777 674 2939 716 κακοῦ
2972 667 3268 739 προσθήκη,
3302 674 3408 727 τοὶς
3431 668 3774 738 ἡμαρτημένοις
3802 692 3915 723 συνε-

2391 754 2646 824 φέλκεται,
2667 760 2792 826 πυρὶ
2815 753 3049 824 ἀσϐέστῳ
3082 759 3172 812 την
3191 760 3442 827 τιμωρίαν
3468 755 3556 807 οὑκ
3592 761 3747 828 ἔχοντι
3768 759 3914 831 λήγου-

2393 863 2506 906 σαν,
2537 846 2750 904 τούτους
2783 843 3191 916 παραπέμψειεν,

2460 1019 2684 1081 Εἰκότως
2737 1016 2795 1072 δὲ
2837 1019 3031 1072 «τὸέν
3206 1025 3350 1094 χειρὶ
3407 1021 3563 1073 αὐτοῦ
3612 1026 3818 1088 πτ·5ον,ε
3871 1031 3916 1076 τὸ

2385 1113 2666 1181 πρόχειρον
2713 1109 3081 1180 αἱνιγματίζει,
3145 1115 3233 1160 καὶ
3290 1111 3488 1181 ἕτοιμον
3523 1127 3534 1140 °
3575 1112 3628 1162 οὔ
3674 1117 3762 1184 γὰρ
3807 1113 3923 1184 μελέ-

2385 1215 2469 1268 τη,
2518 1202 2607 1249 καὶ
2646 1199 2908 1270 λογισμων
2963 1198 3137 1272 ἐρεύνῃ
3189 1195 3507 1272 διαχωρίζει
3553 1208 3645 1250 τῶν
3695 1199 3919 1271 βελτιονων

2383 1290 2502 1347 τοὺς
2525 1292 2766 1359 χείρονας
2803 1303 2813 1314 ·
2846 1287 2974 1338 ἀλλὰ
3013 1289 3067 1339 ἐκ
3099 1296 3189 1338 τοῦ
3236 1287 3438 1350 εὐθέως,
3498 1293 3585 1339 καὶ
3642 1299 3925 1362 παραχρῆμα

2385 1371 2674 1427 διαστέλλει
2723 1385 2815 1437 τῆς
2867 1377 3165 1448 σωζομένης
3221 1381 3406 1451 μοίρας
3473 1381 3532 1429 τὸ
3572 1382 3920 1450 τιμωρούμενον,

2380 1463 2671 1522 Ἠϐουλήῦη
2736 1468 2860 1536 γὰρ,
2905 1465 3258 1524 ἠκολούθησεν
3302 1467 3331 1522 ἡ
3389 1463 3672 1538 διάκρισις,
3717 1468 3925 1539 προῆλθε)

2381 1554 2409 1609 ἡ
2461 1559 2654 1626 κρίσις,
2707 1560 2796 1605 καὶ
2850 1556 2877 1611 ἡ
2937 1558 3163 1626 τιμωρὸς
3218 1555 3553 1628 συμπροῆλθε
3593 1553 3749 1612 δίκη·
3796 1555 3925 1627 ἁθρόα

2378 1644 2476 1715 γὰρ
2532 1641 2743 1694 ἐνώπιον
2801 1651 2933 1695 Θεού
2976 1645 3163 1697 πάντα.
3204 1643 3346 1696 Ἐπεὶ
3395 1650 3486 1695 καὶ
3531 1647 3558 1701 ἡ
3593 1648 3804 1718 τιμωρὸς
3829 1642 3928 1716 έδέρ-

2306 1759 2344 1811 B
2378 1750 2510 1801 γειοι,
2551 1737 2641 1783 καὶ
2685 1729 2808 1788 δίκη
2846 1729 3107 1806 πάρεδρος
3147 1731 3278 1802 ἐστι,
3323 1737 3411 1784 καὶ
3447 1734 3692 1804 ὑπηρέτις
3736 1742 3820 1783 τῶν
3858 1742 3928 1783 τοῦ

2380 1827 2511 1872 Θεοῦ
2542 1824 2805 1894 χριμάτων
2837 1839 2847 1850 ⁸
2887 1825 3059 1895 ὧσπερ
3107 1824 3135 1878 ὴ
3189 1823 3428 1892 ἄφθονος,
3476 1827 3565 1874 καὶ
3601 1821 3930 1895 φιλάνθρωπος,

2377 1914 2461 1960 καὶ
2513 1916 2752 1982 κρείττων
2802 1909 3021 1982 ἀμοιϐῆς
3079 1908 3454 1974 ἀνταπόδοσις,
3509 1909 3581 1964 δι’
3627 1909 3683 1972 ἧς
3743 1914 3850 1982 ἡμῖν
3886 1917 3932 1960 τι

2379 1997 2566 2070 ἀμείνω
2626 2003 3012 2067 πρυτανεύεται.
3072 2007 3214 2052 Σῐτον
3264 2005 3440 2072 μέντοι
3493 2000 3729 2072 ὀνομάζει
3777 2003 3832 2050 τὰ
3879 2001 3932 2048 ιε-

2375 2091 2441 2159 ρὰ
2491 2087 2665 2158 λόγια,
2736 2092 2919 2148 οἵτινες
2966 2094 3058 2146 την
3117 2089 3168 2151 ἐξ
3221 2088 3391 2162 ἀρχῆς
3448 2090 3698 2160 εὐγένειαν
3755 2088 3939 2160 palatii.

2376 2196 2515 2248 μένοι
2574 2183 2660 2228 καὶ
2705 2187 2798 2239 τῆς
2855 2180 3021 2230 θεόθεν
3073 2187 3132 2250 τῇ
3183 2181 3332 2250 φύσει
3363 2178 3771 2236 καταϐληθείσης
3809 2177 3936 2247 ἀρχε-

2374 2273 2527 2336 γονου
2581 2286 2652 2332 τε,
2708 2273 2796 2318 καὶ
2843 2273 3104 2340 σωτηρίου
3161 2274 3356 2338 σπορᾶς
3416 2273 3474 2319 τὸ
3546 2267 3824 2332 ἀνόθευτον,
3872 2270 3940 2314 καὶ

2374 2356 2601 2427 καθαρὸν
2656 2359 2847 2428 μέχρις
2898 2354 3057 2416 αὐτῆς
3090 2362 3182 2416 τῆς
3213 2361 3576 2429 καρποφορίας
3605 2353 3900 2408 διεσώσαντο
3928 2372 3934 2380 ·

2373 2445 2575 2517 ἄχυρον
2614 2441 2694 2507 δι,
2731 2450 2820 2494 καὶ
2871 2448 3036 2516 πυρὸς
3073 2441 3330 2509 δαπάνην,
3374 2446 3448 2506 οἷς
3508 2448 3540 2503 ἡ
3605 2444 3829 2516 ἐπιμιξία
3865 2461 3941 2491 των

2374 2534 2618 2592 ζιζανίων
2645 2541 2979 2604 παραγυεῐσα
3017 2539 3113 2590 την
3137 2542 3227 2584 τοῦ
3259 2537 3557 2605 πνεύματος
3587 2539 3828 2605 γεωργίαν
3857 2530 3940 2580 ἐνα-

2369 2623 2596 2689 πέπνιξε,
2623 2628 2710 2672 καὶ
2739 2621 3143 2693 ἀτελεσφὸρητον
3177 2621 3562 2697 ἀπειργάσατο,
3594 2627 3685 2673 καὶ
3727 2624 3844 2692 πρὸς
3869 2623 3939 2675 τὴν

2370 2719 2468 2762 τῶν
2502 2709 2768 2762 σκυδάλων
2804 2709 3102 2784 ἀχρηστίαν
3132 2716 3223 2768 τὴν
3251 2721 3348 2762 τῶν
3379 2722 3602 2786 καρπῶν
3645 2710 3941 2780 ἐλπιζομένην

2368 2798 2646 2873 ἀπέρριψεν
2679 2813 2704 2841 ll
2734 2804 3046 2874 ὡραιότητα.
3868 2806 3874 2810 ’

2282 2888 2785 2958 pulchritudinem
2846 2890 2920 2944 ad
2960 2889 3226 2945 inutilem
3281 2906 3503 2946 acuum
3568 2888 3943 2944 conditionem

2291 3068 2328 3121 C
2433 3073 2502 3120 Τὸ
2569 3065 2628 3120 δέ
2688 3088 2743 3140 γε
2796 3091 2822 3119 ι(
2885 3069 2964 3121 Ἐν
3034 3072 3294 3141 Πνεύματι
3360 3069 3501 3140 ἁγίῳ
3568 3067 3836 3141 βαπτίσει,
3881 3071 3944 3112 καὶ

2362 3163 2507 3232 πυρὶ,
2534 3179 2559 3208 ))
2595 3158 2699 3229 οὔχ
2727 3162 2789 3218 ὡς
2831 3155 2926 3210 δύο
2966 3167 3112 3211 τινῶν
3151 3163 3243 3216 τὴν
3290 3161 3446 3230 φύσιν
3503 3158 3938 3231 παρηλλαγμένων,

2359 3252 2482 3318 μίαν
2539 3252 2631 3304 την
2686 3256 2774 3298 τοῦ
2825 3246 3195 3321 βαπτίσματος
3253 3252 3468 3321 χρείαν,
3535 3254 3630 3299 καί
3683 3245 3946 3299 τελειότητα

2361 3335 2760 3389 ἀποτελούντων.
2813 3341 2963 3396 Τίνος
3009 3339 3106 3411 γὰρ
3149 3335 3208 3388 ἂν
3244 3342 3332 3388 καὶ
3365 3333 3547 3409 δεήσῃ
3593 3338 3715 3388 ἔνθα
3744 3339 3796 3386 τὸ
3834 3353 3940 3383 παι-

2359 3427 2506 3496 άγιον
2552 3432 2758 3496 Πνεῦμα
2816 3425 3045 3499 ἐνεργεί;
3093 3431 3154 3477 Τί
3211 3423 3261 3477 δ’
3319 3425 3378 3476 ἂν
3437 3430 3521 3483 εἵη
3586 3423 3947 3497 συμπαραλαμο

2358 3514 2651 3586 ϐανόμενον,
2694 3516 2718 3565 ὅ
2758 3519 2849 3572 τὴν
2895 3521 3075 3589 χώραν
3127 3514 3498 3587 ἀναπληρώσει
3544 3524 3641 3567 τοῦ
3679 3516 3942 3569 λείποντοςς

2357 3604 2509 3656 Ἀλλά
2561 3623 2619 3675 γε
2660 3603 2800 3656 τὸέν
2849 3624 2973 3676 πυρί
3029 3609 3137 3656 νυνὶ
3189 3606 3673 3679 συμπαρείληπται
3727 3609 3815 3661 την
3871 3619 3947 3650 καθ

2358 3695 2604 3766 ϐαρτικην
2691 3692 3009 3764 ἀπαγγέλλον
3072 3702 3162 3745 τοῦ
3231 3697 3539 3766 ΙΙνεύματος
3617 3693 3834 3764 δύναμιν
3909 3707 3948 3737 τε

2353 3789 2442 3834 και
2522 3781 2791 3855 ἐνέργειαν.
2847 3783 2986 3834 Ἐπεὶ
3056 3785 3156 3857 γὰρ
3230 3779 3466 3857 διάφορα
3549 3793 3644 3837 τοῦ
3718 3784 3947 3850 παναγίον

2356 3874 2648 3943 Πνεύματος
2706 3874 2772 3922 τὰ
2831 3876 3148 3945 χαρίσματα
3181 3891 3192 3902 ⁸
3243 3874 3290 3923 ἓν
3333 3870 3391 3923 δὲ
3421 3873 3600 3925 αὑτοῦ
3645 3881 3744 3923 τῶν
3777 3873 3948 3938 Θεοκρί-

2352 3970 2458 4012 πῶν
2511 3959 2770 4034 ἐνεργειῶν
2818 3966 2907 4011 καὶ
2957 3964 3014 4011 τὸ
3070 3962 3405 4035 καθαρτικὸν,
3444 3968 3546 4014 καὶ
3597 3971 3697 4022 τῆς
3742 3967 3948 4032 χείρονος

2352 4049 2478 4110 ὕλης
2544 4048 2898 4121 ἀφανιστικον,
2951 4054 3059 4114 καὶ,
3116 4050 3192 4110 οἷς
3259 4049 3318 4100 ἂν
3375 4049 3804 4122 ἐπιφοιτήσειεν,
3854 4048 3948 4099 ὁλῌ

2353 4136 2528 4191 διόλου
2570 4144 2662 4196 την
2695 4143 2846 4209 φύσιν
2880 4137 3223 4210 ἀναχωνεύειν
3258 4159 3269 4169 ·
3315 4136 3495 4211 μηδὲν
3555 4149 3662 4192 τῶν
3717 4136 3948 4210 καταρρυε-

2349 4233 2575 4282 πούντων
2630 4229 2788 4286 αὐτην
2853 4227 3155 4300 ἐμφωλεὺειν
3232 4232 3325 4300 ἔτι,
3378 4237 3478 4282 καὶ
3544 4230 3823 4282 λανθάνειν
3881 4224 3948 4274 ὃν·

2347 4324 2515 4372 νατόν.

2269 4451 2309 4502 D
2419 4411 2510 4459 Διά
2546 4416 2698 4459 τοῦτο
2744 4407 2894 4459 εἰπὼν
2957 4429 2983 4459 (ι
3042 4405 3089 4458 ἐν
3141 4410 3401 4479 Πνεύματι
3479 4409 3656 4481 ἁγίῳ,
3728 4431 3754 4460 ιθ
3816 4424 3948 4480 προσ·

2343 4498 2491 4554 ἐθηκε
2551 4517 2578 4546 ‹‹
2634 4501 2722 4548 καὶ
2763 4503 2910 4570 πυρὶ,
2960 4520 2986 4545 ››
3047 4499 3128 4548 ἵνα
3190 4501 3339 4570 εῖπης
3387 4497 3439 4549 ἐν
3501 4503 3784 4572 Πνεύματι
3839 4514 3948 4565 αγιντι

2340 4595 2411 4655 τῷ
2455 4587 2753 4656 καθαρτικῲ
2794 4604 2847 4637 τε
2890 4590 2978 4636 καὶ
3035 4583 3374 4656 δαπανητικῴ
3433 4597 3551 4638 τῶν
3607 4587 3659 4640 ἐν
3713 4590 3835 4646 igni;
3880 4591 3945 4638 τῆξ

2337 4680 2522 4736 κακίας
2563 4677 2738 4726 παθών
2815 4676 2881 4724 ὧν
2927 4671 3018 4726 διὰ
3060 4683 3154 4736 τῆς
3188 4695 3198 4705 ·
3226 4673 3495 4747 ἐμπύρου,
3532 4685 3634 4730 καὶ
3687 4675 3945 4749 δραστικιῖλ

2334 4765 2462 4837 ἅμα,
2523 4769 2610 4815 καὶ
2670 4762 3091 4834 ἀναχωνευτικὴς
3162 4763 3411 4837 ἐνεργείας
3495 4765 3946 4842 ἀποκαθαιροὺμε-

2329 4873 2406 4905 νοι
2437 4860 2524 4914 τῆς
2553 4853 2831 4924 ἁγιότητος
2876 4851 3175 4926 ἀξιουμεθα.
3224 4875 3248 4904 ιι
3286 4859 3383 4907 Καὶ
3424 4858 3546 4932 γὰρ
3596 4860 3626 4910 ὁ
3662 4862 3801 4918 Θεὸς
3831 4858 3946 4925 ian-in

1911 4975 2139 5031 VARLE
2182 4978 2465 5034 LECTION
2474 4977 2580 5034 ES.

633 5119 649 5166 ι
696 5125 760 5181 Ν.
789 5126 878 5186 τὰς
913 5127 1127 5186 αίωνίας
1199 5138 1242 5168 ω
1274 5128 1338 5183 Ν.
1382 5125 1788 5200 ἀμεταμέλητον.
1869 5140 1897 5170 η
1929 5129 1990 5180 ἄν
2019 5130 2134 5185 NiC.
2172 5127 2489 5204 Hucusque
2523 5134 2645 5188 Lat.

2130 5308 2363 5365 NOT/E.

622 5483 733 5557 (Tl)
785 5485 924 5550 Quae
974 5482 1207 5557 Pbotius
1241 5481 1536 5557 hactenus
1579 5481 1924 5557 disputavit,
1967 5485 2189 5543 nemini

547 5554 822 5616 videntur
848 5571 1024 5623 nova,
1059 5556 1107 5612 si
1141 5554 1457 5628 scriptores
1487 5557 1624 5624 adit,
1653 5554 1753 5629 qui
1781 5559 1839 5614 in
1867 5559 2074 5616 Matth.
2105 5575 2186 5628 ιιι,

2296 5487 2934 5567 1'2,_comu_tent_a_ntur:
2980 5485 3169 5548 fusius
3191 5496 3417 5567 tamen,
3458 5492 3563 5553 uti
3616 5499 3807 5567 solet,
3847 5499 3945 5554 Cor-

2296 5559 2487 5616 nelius
2518 5576 2554 5616 a
2583 5561 2803 5635 Lapide
2832 5561 2942 5619 ista
2973 5565 3379 5638 persequitur.
