3950 6180
435 272 539 328 235

1677 268 1916 324 ΡΗΟΤΙΙ
1959 265 2224 322 PATRIA
2237 264 2439 322 RCHE
2480 266 2586 320 (ΣΡ.

3692 263 3796 319 236

432 398 678 455 tentiam
703 396 1001 468 suscipere
1021 396 1049 450 ?
1073 399 1124 451 is
1158 394 1466 460 nimirum,
1495 396 1596 467 qui
1627 395 1865 451 modica
1887 394 2088 467 aliqua

2205 393 2296 467 γὰρ
2359 393 2383 442 ό
2437 395 2525 462 μὲν
2579 400 2648 462 τῷ
2686 396 2877 465 μετρίῳ
2943 399 3036 453 τῆς
3084 396 3341 464 τιμωρίας
3401 395 3469 462 μὴ
3545 409 3800 464 σωφρονι⁹

433 488 822 556 castigatione
866 502 987 541 non
1034 485 1304 558 resipuit,
1347 501 1512 556 spem
1555 483 1834 556 relinquit
1873 499 1933 539 se
1975 483 2088 537 for-

433 581 592 632 tasse
621 575 830 632 acriori
856 575 972 630 alia
1002 591 1176 647 posse
1208 574 1284 630 ad
1315 574 1790 629 emendationem
1820 571 2083 645 perduci.

432 666 503 721 At
523 667 619 737 qui
645 682 716 720 ne
738 681 844 738 per
863 665 1019 720 hanc
1040 665 1286 738 quidem
1310 664 1638 730 corrigitur,
1665 679 1855 735 neque
1880 677 2087 732 sapere

435 755 647 811 melius
679 770 813 808 esse
844 755 1026 817 ducit,
1057 769 1240 824 quam
1275 753 1569 817 insanire;
1599 752 1689 806 hic
1722 751 1936 806 mentis
1964 766 2086 804 sum

433 845 648 900 vulnus
695 844 909 898 fatetur
956 858 1086 897 esse
1139 841 1490 897 insanabile.
1543 841 1650 906 Qui
1711 846 1912 896 autem
1967 854 2086 894 non

433 934 608 990 modo
631 933 690 988 in
706 932 990 988 meliorem
1007 931 1228 1003 frugem
1249 947 1380 986 sese
1401 946 1518 986 non
1539 929 1762 1002 recipit,
1784 929 1885 984 sed
1915 929 2087 984 etiam

435 1024 510 1080 ad
533 1022 884 1079 deteriorem
907 1021 1104 1094 potius
1125 1021 1381 1089 devenit,
1403 1020 1530 1091 ipse
1548 1019 1772 1092 reliqua
1793 1018 2086 1091 supplicia

436 1127 557 1169 non
572 1112 816 1168 nimiam
830 1127 957 1165 esse
971 1111 1360 1182 punitionem,
1375 1109 1476 1164 sed
1492 1108 1994 1180 complementum
2009 1106 2086 1162 ad

437 1203 646 1272 iustam
664 1215 1008 1267 mensuram,
1029 1199 1078 1254 si
1094 1215 1210 1254 non
1227 1199 1453 1268 lingua,
1471 1197 1670 1254 saltem
1685 1212 1875 1267 opere,
1895 1197 2087 1252 decer-

437 1306 578 1346 nere
600 1288 846 1346 videtur.
880 1309 906 1340 «
941 1289 1217 1353 Peccasti,
1248 1287 1328 1343 ait
1360 1288 1666 1355 Dominus,
1695 1286 1935 1358 quiesce
1964 1287 2030 1340 5’.
2058 1305 2084 1335 »

512 1468 689 1540 Atqui
731 1467 959 1523 Hebraei
1001 1471 1124 1523 tum
1166 1467 1282 1523 alia
1319 1473 1563 1538 peccata
1601 1469 1919 1538 patrantes,
1963 1469 2088 1520 tum

441 1574 550 1631 pro
588 1557 934 1613 hominibus
973 1556 1212 1612 meritas
1250 1571 1461 1628 poenas
1498 1554 1797 1610 luenubus
1836 1555 2089 1610 nimium

442 1647 731 1714 dolentes,
775 1661 894 1702 non
939 1645 1133 1701 solum
1181 1661 1303 1700 non
1353 1645 1623 1700 tacebant
1667 1651 1884 1716 (neque
1930 1643 2088 1698 enim

2199 483 2355 544 σθεὶς,
2391 483 2535 551 τάχα
2582 483 2642 532 οἶν
2674 489 2744 551 τῷ
2791 484 2990 553 μείζονι
3035 485 3165 554 πρός
3210 485 3302 538 τὴν
3354 477 3639 554 διόρθωσιν
3684 478 3806 531 πολ⁸

2195 569 2287 630 λὰς
2328 567 2537 630 ἐλπίδας
2583 574 2859 644 παράσχοι
2888 569 3357 627 συνελαθήσεσθαι,
3397 569 3452 621 Ὀ
3487 566 3544 622 δὲ
3596 573 3666 641 μὴ
3714 565 3809 620 διὰ

2196 661 2378 711 τούτου
2447 655 2839 730 παιδευόμενος,
2901 656 3040 732 μηδὲ
3091 663 3148 710 τό
3205 666 3481 732 σωφρονεῖν
3537 660 3807 728 αἰρετωτε·

2195 767 2282 821 ρον
2349 756 2440 799 τοὺ
2519 755 2861 821 παραφρονεῖν
2932 750 3213 820 τιθέμενος,
3289 747 3494 799 ἀνίατον
3565 745 3813 818 ὁμολογεί

2197 840 2254 888 τό
2286 835 2656 909 πλημμέλημα.
2701 844 2758 888 Ὀ
2819 833 2878 889 δε
2905 842 2975 909 μὴ
3027 842 3181 908 μόνον
3233 841 3358 912 πρὸς
3409 839 3465 888 τό
3520 835 3722 908 βέλτιον
3748 834 3810 886 οὐ

2195 927 2604 998 μετατιθέμενος,
2661 925 2787 977 ἀλλὰ
2846 932 2933 978 καὶ
2990 934 3080 978 τοῦ
3132 932 3368 998 χείρονος
3418 924 3609 998 μᾶλλον
3664 929 3810 996 γινό-

2197 1033 2359 1086 μενος,
2400 1019 2456 1067 τὸ
2500 1014 2670 1067 λεῖπον
2719 1023 2815 1076 τῆς
2859 1021 3112 1087 τιμωρίας
3163 1016 3266 1086 οὐχ
3319 1014 3607 1090 ὑπερϐολῆς
3653 1013 3811 1066 κόλα-

2199 1123 2300 1171 σιν,
2335 1103 2465 1156 ἀλλὰ
2522 1105 2593 1165 εἰς
2644 1109 2737 1162 τὴν
2784 1112 2875 1156 του
2909 1101 3119 1158 δικαίου
3172 1109 3328 1177 φύσιν
3381 1107 3810 1177 προστιθέμενον,

2197 1191 2291 1243 κᾶν
2323 1197 2394 1265 μὴ
2428 1201 2490 1265 τῇ
2529 1193 2778 1266 γλώσσῃ,
2809 1202 2869 1267 τῇ
2928 1195 3112 1268 πράξει
3143 1192 3202 1247 δε
3249 1198 3342 1252 τὴν
3399 1194 3570 1266 ψῆφον
3602 1193 3817 1265 ῦέγχεο

2196 1301 2282 1334 ται
2314 1287 2493 1356 φέρων.
2531 1305 2557 1330 ‹‹
2593 1283 2873 1363 Ἥμαρτες,
2907 1289 3086 1355 φησὶν,
3121 1286 3423 1354 ἡσύχασον.
3468 1306 3495 1331 ι»

2269 1461 2334 1512 Οἱ
2389 1455 2446 1511 δὲ
2478 1459 2854 1533 ἁμαρτάνοντες
2908 1463 2972 1512 τά
3011 1479 3063 1512 τε
3116 1461 3268 1526 ἄλλα,
3308 1466 3398 1513 καὶ
3455 1462 3531 1522 οἷς
3582 1469 3685 1512 τῶν
3733 1456 3822 1512 δι-

2197 1554 2358 1610 καίως
2420 1553 2512 1606 τὴν
2569 1547 2726 1608 δίκην
2779 1546 3084 1602 δεδωκότων
3153 1549 3494 1625 ὑπερήλγουν,
3550 1549 3608 1602 οὐ
3657 1554 3820 1621 μόνον

2200 1638 2292 1690 οὐκ
2343 1639 2530 1708 ἐσίγων
2569 1634 2717 1708 (οὐδε
2748 1641 2848 1712 γὰρ
2901 1642 2980 1690 εἶα
3030 1639 3142 1710 (73)
3195 1648 3291 1690 τῶν
3336 1639 3730 1712 ἁμαρτημάτων
3786 1640 3818 1694 ἡ

443 1735 807 1792 facinoribus
827 1751 936 1806 par
955 1739 1080 1790 erat
1104 1733 1590 1804 animadversio),
1621 1733 1722 1788 sed
1750 1738 1805 1788 et
1826 1733 2088 1801 insurge-

2205 1728 2466 1799 ὁμοιότης)
2496 1746 2506 1758 ·
2566 1725 2689 1779 ἀλλὰ
2739 1733 2827 1780 καὶ
2884 1731 3008 1800 πρός
3051 1732 3354 1799 γογγυσμόν
3393 1736 3483 1780 τοῦ
3533 1724 3825 1799 πτιδαγω-

442 1825 592 1880 bant
620 1824 695 1880 ad
731 1823 1234 1879 murmurandum
1267 1823 1338 1878 de
1369 1838 1478 1878 suo
1507 1822 1678 1887 duce,
1713 1826 1770 1878 et
1799 1838 1903 1894 per
1933 1822 2091 1876 hunc

442 1914 502 1969 in
525 1928 908 1969 communem
934 1912 1270 1976 Dominum,
1295 1911 1707 1983 bonorumque
1731 1910 2090 1979 Largitorem

442 2001 872 2074 irrumpebant,
897 2001 1141 2056 crimine
1171 2001 1393 2071 majore
1422 2001 1619 2055 minus
1647 1999 1808 2054 aliud
1835 1999 2092 2054 abscon-
2131 2005 2136 2010 ‘

442 2092 583 2148 dere
603 2091 1046 2146 contendentes.
1078 2089 1401 2162 Propterea
1427 2088 1620 2144 simile
1641 2089 1768 2144 aliis
1795 2088 2091 2161 prioribus

442 2180 816 2253 excepissent
839 2179 1158 2243 excidium,
1193 2183 1248 2234 et
1277 2178 1354 2234 ad
1388 2194 1575 2234 unum
1608 2178 1939 2250 periissent,
1975 2177 2089 2232 nisi

444 2269 618 2325 Mosis
635 2268 1001 2341 placationes
1015 2272 1072 2324 et
1086 2282 1290 2340 preces
1304 2266 1702 2323 calamitatem
1717 2267 1998 2322 stitissent
2019 2267 2085 2320 “.

513 2443 684 2510 Quod
724 2444 772 2498 si
811 2443 1091 2516 populus,
1133 2443 1229 2514 qui
1268 2442 1451 2512 legem
1491 2446 1821 2513 acceperat,
1863 2442 2090 2498 virtutis

439 2548 511 2588 ac
529 2531 829 2603 religionis
850 2531 1250 2600 legislatorem
1273 2529 1654 2586 cantionibus
1681 2529 2086 2600 praestigiosis,

437 2622 744 2692 Deumque
770 2619 1141 2676 ﬂectentibus
1169 2617 1586 2691 suspicabatur
1612 2617 1979 2685 incumbere,
2007 2625 2087 2672 at-

437 2726 555 2782 que
604 2725 710 2782 per
737 2725 838 2765 eas
871 2724 906 2764 a
936 2709 1161 2764 vexatis
1190 2707 1539 2764 hominibus
1571 2723 1782 2778 poenas
1815 2706 1990 2776 exigi,
2035 2713 2090 2762 et

437 2799 548 2856 hoc
589 2799 966 2871 potissimum
1010 2802 1186 2868 pacto
1237 2799 1420 2851 Deum
1460 2800 1516 2851 et
1556 2797 1882 2851 Creatorem
1937 2796 2090 2852 facta

434 2888 752 2944 hominum
784 2886 1014 2951 intueri,
1052 2891 1107 2941 et
1145 2901 1415 2941 coercere
1447 2890 1723 2958 peccata;
1753 2885 1936 2941 habet
1964 2885 2091 2956 qui-

435 2977 573 3033 dem
587 2975 915 3049 expeditam
932 2976 1241 3047 proposita
1255 2975 1502 3046 quaestio
1518 2974 1892 3029 solutionem.
1911 2974 2088 3028 Aliam

435 3083 577 3124 vero
592 3066 754 3122 haud
771 3065 1006 3121 levioris
1033 3064 1317 3120 momenti
1343 3063 1704 3134 impietatem
1729 3063 1858 3135 ipsa
1877 3062 2090 3118 solutio

435 3155 728 3226 patefacit,
773 3159 828 3210 et
868 3153 1076 3219 turbaa,
1119 3154 1165 3209 si
1205 3152 1352 3209 forte
1394 3152 1609 3209 talibus
1650 3152 2091 3223 suspicionibus

433 3244 702 3316 deceptae
735 3247 1102 3310 erraverunt,
1135 3257 1255 3298 non
1288 3258 1409 3297 una
1440 3246 1648 3306 morte,
1683 3241 1786 3297 sed
1814 3241 2090 3314 pluribus

433 3333 634 3405 dignae
680 3337 818 3387 sunt
859 3350 871 3384 :
919 3331 1082 3404 quod
1124 3331 1452 3402 praesertim
1503 3331 1684 3402 Magis
1735 3331 1793 3385 in
1839 3333 2091 3402 {Egypto

434 3437 555 3477 non
572 3420 776 3485 semel,
798 3420 901 3475 sed
919 3420 1115 3475 decies
1133 3418 1417 3482 confusis,
1438 3435 1765 3491 eorumque
1782 3419 2093 3474 fraudibus

434 3527 539 3583 per
585 3509 760 3564 Mosis
802 3508 1075 3580 prodigia
1113 3524 1296 3580 quam
1339 3507 1782 3563 evidentissime
1827 3508 2089 3576 detectis,

432 3599 506 3655 de
528 3598 619 3654 his
641 3597 820 3652 etiam
841 3597 1048 3652 oculos
1072 3596 1218 3668 ipsae
1244 3611 1385 3652 suos
1403 3595 1702 3651 immunes
1724 3596 2092 3668 deceptionis

435 3691 612 3743 testes
636 3685 948 3742 haberent.
979 3685 1381 3756 Praeterquam
1414 3684 1575 3756 quod
1609 3700 1714 3756 per
1739 3684 2092 3740 incantatio-

433 3792 558 3840 nes,
605 3779 662 3830 et
691 3773 998 3846 prmstigia
1027 3773 1309 3846 quisnam
1343 3789 1507 3829 mare
1540 3773 1848 3839 divideret,
1884 3778 1939 3828 et
1989 3789 2092 3845 po-

431 3863 576 3937 pulo
621 3863 866 3936 quidem
920 3879 1028 3918 suo
1069 3863 1229 3917 viam
1273 3878 1381 3916 nec
1425 3863 1679 3932 vestigia
1722 3861 2094 3917 humiditatis

433 3953 784 4009 retinentem
832 3957 1138 4015 sterneret,
1171 3950 1442 4006 hostibus
1474 3957 1671 4007 autem
1713 3956 2096 4018 extempora-

435 4057 617 4097 neum
639 4039 978 4112 sepulcrum
999 4040 1293 4111 aperiret?
1316 4041 1496 4096 Porro
1515 4040 1824 4112 quomodo
1846 4046 2044 4111 posset
2065 4056 2094 4094 e

435 4132 588 4187 coelo
627 4144 978 4201 comparare
1009 4128 1231 4195 cibum,
1279 4135 1333 4185 et
1365 4145 1635 4186 mensam
1670 4145 1993 4201 apponere,
2037 4135 2096 4184 et

437 4226 644 4276 caetera
668 4225 924 4292 patrare,
955 4235 1092 4291 quin
1118 4221 1302 4275 MOses
1339 4218 1543 4274 divina
1570 4219 1752 4274 fretus
1780 4219 1990 4274 virtute
2018 4219 2093 4273 ad

439 4309 669 4368 lsraelis
681 4309 921 4367 salutem
935 4307 1194 4382 placato,
1211 4313 1575 4381 exoratoque
1591 4311 1630 4365 Ν
1642 4309 1829 4364 uminc
1845 4307 2099 4378 agebat?

517 4582 588 4634 At
626 4579 704 4634 illi
744 4579 989 4650 quidem
1028 4593 1150 4634 non
1191 4577 1487 4634 immerita
1526 4593 1642 4632 suae
1683 4579 2101 4635 murmuratio-

447 4667 543 4723 nis
583 4682 765 4739 poena
803 4666 1034 4722 multati
1065 4669 1222 4722 sunt.
1258 4665 1430 4738 Apud
1462 4666 1718 4736 majores
1757 4672 1955 4722 autem
1997 4684 2098 4722 no-

453 4761 604 4812 stros
647 4755 721 4810 de
762 4754 873 4818 his,
916 4770 1051 4826 quae
1091 4755 1249 4810 dicta
1291 4760 1448 4819 sunt,
1495 4755 1639 4828 quia
1683 4756 1934 4826 quaestio
1981 4771 2102 4812 non

453 4844 688 4907 exstitit,
716 4842 850 4898 ideo
879 4858 988 4897 nec
1022 4841 1235 4898 solutio
1267 4843 1598 4913 excogitata
1627 4843 1751 4898 fuit.
1783 4846 1970 4899 Tuum
2003 4861 2103 4900 au-

457 4938 574 4989 tem
621 4937 708 4986 est
753 4931 1102 5003 expendere,
1146 4937 1341 4987 utrum
1383 4934 1510 4988 haec
1558 4933 1688 5004 ipsa
1740 4933 2020 4988 enodatio
2069 4950 2105 4990 a

455 5037 599 5077 vera
629 5018 1046 5092 speculatione,
1082 5035 1158 5076 an
1189 5036 1225 5077 a
1254 5020 1610 5094 loquacitate
1641 5021 1938 5078 silentium
1972 5038 2102 5079 eru-

456 5110 740 5169 bescente
764 5108 1005 5166 oriatur.

535 5289 582 5324 ⁵⁸
613 5289 758 5344 Gen.
789 5303 864 5353 ix,
893 5292 942 5351 7,
974 5300 1045 5342 ex
1072 5302 1224 5346 vers.
1257 5287 1404 5353 LXX,
1435 5303 1577 5345 nam
1605 5288 1767 5346 deest
1795 5289 1853 5346 in
1882 5289 2150 5362 Vulgata.

2198 1823 2412 1888 γοῦντος
2457 1815 2847 1881 ἀντανίσταντο,
2911 1823 3000 1868 καὶ
3061 1814 3133 1870 δι’
3183 1818 3335 1870 αὐτόν
3394 1827 3465 1889 τῷ
3512 1826 3670 1887 κοινῷ
3730 1824 3825 1870 Δε-

2203 1909 2396 1978 σπότη,
2426 1912 2514 1958 και
2546 1906 2780 1980 εὐεργέτῃ
2817 1906 3284 1981 προσερρἠγνυντο,
3332 1916 3475 1978 κακῷ
3523 1908 3731 1978 μείζονι
3761 1911 3823 1958 τό

2199 1995 2406 2046 ﬁatva
2469 1995 2866 2066 φιλονεικοῦντες
2926 1994 3355 2069 ἀποκρύψασθαι.
3431 2000 3515 2049 Διὸ
3573 2002 3666 2048 καὶ
3725 1999 3825 2047 τόν

2198 2081 2405 2157 ὄλεθρον
2457 2084 2819 2158 παραπλήσιον
2869 2094 2968 2136 τῶν
3016 2081 3426 2160 προδεδωκότων
3471 2082 3823 2156 ἀνεδέχοντο,

2199 2177 2286 2223 καὶ
2317 2178 2557 2243 παγγενεὶ
2613 2169 2859 2226 διώλοντο
2911 2176 3005 2225 οἰν·
3042 2174 3085 2226 εἰ
3130 2179 3200 2246 μὴ
3236 2183 3327 2226 τοῦ
3382 2180 3609 2236 Μωσέως
3671 2177 3698 2225 ό
3739 2174 3832 2238 ἐξ·

2201 2260 2436 2333 ιλασμὸς,
2471 2267 2560 2314 καὶ
2584 2263 2612 2319 ἡ
2651 2258 2834 2326 δέησις
2860 2271 2952 2321 τῆν
2985 2266 3204 2338 θραῡσιν
3235 2266 3472 2321 ἔστησεν.

2272 2440 2330 2492 Εἰ
2404 2436 2462 2492 δὲ
2520 2449 2797 2511 γοητικαίς
2889 2447 3248 2513 μαγγανείαις,
3331 2448 3419 2495 καὶ
3507 2439 3833 2514 Θειοδάμοις

2199 2531 2286 2578 τόν
2380 2537 2476 2590 τῆς
2558 2528 2764 2602 ἀρετῆς,
2845 2536 2934 2583 καὶ
3021 2534 3332 2603 θεογνωσίας
3428 2534 3716 2604 νομοθέτην
3802 2536 3831 2584 ὁ

2197 2619 2631 2690 νομοθετούμενος
2719 2618 3022 2672 ἀνακεῖσθαι
3097 2620 3440 2693 ὑπελάμϐανε,
3524 2626 3613 2674 καὶ
3687 2626 3830 2673 ταύ-

2199 2725 2315 2767 ταις
2364 2707 2771 2780 εἰσπράττεσθαι
2825 2713 2917 2770 τας
2966 2717 3216 2782 τιμωρίας
3266 2715 3380 2771 τοὺς
3438 2711 3829 2785 παραλυποῦν-

2199 2813 2287 2854 τας
2332 2792 2444 2866 εἶχε
2487 2801 2745 2868 φρόνημα,
2790 2798 2952 2860 οὕτως
3002 2799 3115 2869 (74)
3166 2797 3248 2850 ἐπὶ
3296 2802 3499 2850 πάντων
3544 2795 3604 2851 δὲ
3655 2805 3826 2865 Θεὸν,

2200 2889 2289 2935 καὶ
2352 2890 2677 2958 Δημιουργὸν
2732 2885 2914 2960 ἐφορᾲν
2977 2890 3041 2939 τὰ
3107 2883 3364 2960 δρώμενα,
3439 2894 3526 2941 καὶ
3600 2891 3829 2960 ἐπέχειν

3316 2981 3342 3035 ἡ
3411 2981 3500 3050 μὲν
3571 2977 3794 3053 ἐξαρχῆ
3812 3002 3832 3042 ς

2202 3062 2394 3136 ἀπορία
2437 3066 2570 3115 κατά
2600 3067 2656 3116 τό
2687 3061 2873 3139 ῥᾴδιον
2915 3072 3005 3124 τὴν
3047 3066 3195 3118 λύσιν
3246 3069 3392 3139 ἔχει’
3428 3066 3520 3118 οὐκ
3561 3066 3832 3121 ἐλάττονα

2202 2982 2299 3023 τῶν
2361 2977 2795 3047 παραπτωμάτων
2852 2975 3260 3048 ὶκκαλούμενον·

2203 3147 2318 3209 διε
2367 3150 2515 3212 λύσις
2555 3152 2709 3211 ἀλλην
2744 3153 2959 3206 ἀτοπίαν
3014 3155 3301 3222 ἀποτίκτει,
3349 3162 3437 3208 καὶ
3481 3160 3537 3208 τό
3583 3156 3829 3223 πλῆθος,

2202 3240 2244 3291 εἰ
2273 3248 2386 3302 ταῖς
2419 3237 2594 3304 δόξαις
2648 3247 2860 3306 ταύταις
2921 3244 3133 3297 ἑάλωκεν
3186 3244 3267 3311 ἂν,
3324 3246 3426 3317 οὐχ
3467 3246 3632 3309 ἅπαξ,
3681 3247 3836 3300 ἀλλὰ

2200 3333 2289 3380 καὶ
2341 3329 2585 3392 πολλάκις
2645 3330 3014 3384 ἀπολωλεκέναι
3084 3329 3285 3386 δίκαιοί
3344 3334 3510 3387 εἰσιν⁶
3572 3334 3835 3406 μάλιστά

2199 3436 2254 3488 γε
2285 3427 2382 3468 τῶν
2415 3417 2462 3468 ἐν
2496 3419 2736 3491 Αἰγᾶπτῳ
2763 3428 2965 3491 γοήτων
2998 3425 3456 3493 καταισχυνθέτων
3506 3424 3613 3495 οὐχ
3646 3425 3833 3490 ἅπαξ,

2202 3504 2329 3558 ἀλλὰ
2372 3513 2460 3560 καὶ
2523 3505 2754 3573 δεκάκις,
2813 3516 2901 3562 καὶ
2953 3519 3042 3572 τῆς
3098 3518 3418 3587 κακουργίας
3485 3513 3656 3564 αὐτῶν
3729 3525 3836 3568 τοὺ

2201 3600 2429 3659 Μωσέως
2490 3599 3006 3673 θαυματουργονντος
3070 3600 3140 3662 εἰς
3191 3605 3248 3652 τό
3306 3601 3674 3675 λαμπρότατον
3743 3605 3838 3668 ἐξ·

2205 3684 2562 3757 εληλεγμένης,
2639 3693 2726 3740 καὶ
2801 3697 2964 3741 ταῦτα
3040 3693 3160 3750 τοὺς
3239 3690 3454 3752 οἰκείους
3515 3693 3840 3766 ὀφθαλμοὺς

2202 3778 2471 3848 μάρτυρας
2574 3780 2802 3848 ἔχοντες,
2906 3784 3252 3854 παραγραφὴν
3339 3781 3397 3832 οὗ
3491 3779 3840 3854 δυναμένους

2205 3867 2362 3935 ἔχειν.
2398 3864 2513 3916 Ἔτι
2561 3863 2618 3919 δὲ
2675 3872 2930 3939 τερατείᾳ,
2973 3874 3061 3920 καὶ
3095 3875 3392 3942 μαγγανεία
3442 3877 3517 3931 τίς
3571 3871 3633 3923 ἂν
3699 3871 3840 3926 δια-

2204 3959 2348 4026 τέμοι
2415 3955 2702 4026 θάλασσαν,
2759 3963 2846 4008 καὶ
2899 3964 3008 4018 τοῖς
3057 3963 3148 4030 μὲν
3206 3959 3453 4020 ὑπηκόοις
3484 3957 3610 4013 ὁδὸν
3673 3961 3846 4033 μηδὲ

2203 4038 2405 4101 νοτίδος
2446 4045 2570 4114 ἴχνη
2620 4050 2874 4116 φέρουσαν
2905 4049 3310 4111 κατασκευάσοι,
3346 4056 3452 4108 τοῖς
3488 4048 3717 4124 ἐχῦροίς
3772 4049 3844 4104 δε

2204 4133 2360 4203 τάφον
2411 4129 2762 4205 αὐτοσχέδιον
2812 4131 3280 4202 ἀποδείξειεηἘξ
3331 4137 3550 4211 οὐρανοῦ
3611 4135 3673 4191 δε
3708 4151 3842 4204 πῶς

2205 4219 2264 4270 ἂν
2321 4226 2514 4293 τροφὴν
2573 4225 2989 4295 παρασκευάσοι,
3034 4229 3122 4274 καὶ
3178 4227 3436 4298 τράπεζαν
3499 4226 3833 4300 ἑτοιμάσω,

2205 4314 2293 4360 καὶ
2324 4311 2389 4360 τὰ
2427 4309 2574 4376 οἰλλα,
2609 4313 2709 4362 ὅσα
2737 4313 2990 4385 θεουργῶν
3023 4315 3046 4363 ό
3074 4320 3267 4375 Μωσῆς
3301 4314 3372 4377 εἰς
3417 4322 3692 4388 σωτηρίαν
3733 4339 3848 4371 του

2131 4417 2171 4470 D
2208 4396 2421 4471 Ἰσραὴλ
2470 4403 2526 4450 τό
2579 4408 2727 4452 Θεῐον
2759 4399 3199 4474 ἐξευμενιζόμενός
3251 4422 3322 4469 τε,
3381 4409 3470 4456 καὶ
3519 4405 3855 4480 ἐλεούμενος

2211 4482 2548 4560 διεπράττετο
2582 4506 2594 4555 ;

2283 4575 2437 4629 Ἀλλὰ
2489 4577 2670 4630 ἐκεῖνοι
2719 4582 2808 4651 μὲν
2857 4587 2948 4642 τῆς
3003 4579 3398 4644 ἐπαναστάσεως
3453 4583 3510 4634 οὗ
3573 4596 3859 4658 μεμπτὴν

2212 4671 2304 4723 τὴν
2354 4662 2507 4723 δίκην
2563 4667 3031 4742 εἰσεπράχθησαν“
3091 4678 3187 4721 τῶν
3238 4666 3295 4722 δί
3353 4677 3452 4745 πρὸ
3510 4674 3689 4746 ἡμῶν,
3769 4683 3868 4730 57"-

2213 4751 2350 4825 μηδὲ
2397 4751 2714 4830 ὃιηπορηται
2749 4753 2897 4810 οὐδὲν
2943 4766 3041 4809 τῶν
3092 4757 3388 4831 εἰρημένων,
3440 4757 3558 4812 οὐδ’
3616 4764 3694 4826 εἰς
3755 4767 3867 4818 λ’)-ι

2217 4863 2296 4894 σιν
2330 4846 2667 4902 ἐπινενόηται.
2721 4852 2808 4898 Σόν
2841 4843 2889 4898 δ’
2923 4846 3034 4899 ἐστὶ
3088 4855 3327 4920 συνορᾲν,
3372 4854 3470 4901 εἴτε
3518 4871 3878 4926 πραγματι-

2214 4941 2310 4992 κῆς
2354 4931 2548 4991 ἐστινὴ
2592 4934 2736 4996 λύσις
2787 4938 3000 5008 Θεωρίας
3058 4940 3226 5012 ᾕογον,
3277 4941 3374 4990 εἶτε
3430 4939 3616 5001 λαλιᾶς
3673 4953 3878 5014 σιγᾷν

2217 5021 2616 5094 αἰσχυνομένης.

2228 5292 2273 5326 ⁸⁸
2303 5293 2476 5348 Num.
2505 5307 2625 5354 XXI,
2657 5294 2725 5347 22
2756 5295 2812 5347 et
2840 5293 2929 5347 46.

2028 5470 2248 5527 NOT/E.

532 5594 819 5668 (73),Sive
862 5598 960 5662 εἴη,
1005 5593 1126 5668 sive
1165 5596 1250 5668 οία
1281 5600 1635 5668 reponatur,
1687 5601 1890 5653 nostra
1937 5596 2111 5652 inter-

456 5666 713 5742 pretatio
737 5669 897 5725 recto
928 5666 1101 5724 stabit
1127 5667 1266 5725 talo.

2290 5597 2405 5669 (74)
2447 5597 2624 5662 Οὕτως
2650 5611 2759 5670 pro
2789 5597 2951 5650 οὖτων
2982 5595 3161 5654 obvia
3191 5595 3530 5652 emendatio
3567 5603 3703 5658 est.
