  <div class='ocr_page' id='page_1' title='image "/cluster/home/n/w/nwhite01/storage/ocr_20150623/101/hvd.32044054112305/139.png"; bbox 0 0 4126 6190; ppageno 0'>
   <div class='ocr_carea' id='block_1_1' title="bbox 412 274 3793 340">
    <p class='ocr_par' dir='ltr' id='par_1_1' title="bbox 412 274 3793 340">
     <span class='ocr_line' id='line_1_1' title="bbox 412 274 3793 340; baseline -0.001 -1"><span class='ocrx_word' id='word_1_1' title='bbox 412 278 517 340; x_wconf 71' lang='lat'>239</span> <span class='ocrx_word' id='word_1_2' title='bbox 1642 274 1885 332; x_wconf 84' lang='lat' dir='ltr'>PHOTII</span> <span class='ocrx_word' id='word_1_3' title='bbox 1924 274 2419 335; x_wconf 65' lang='lat' dir='ltr'>PATRIARCHA‘Z</span> <span class='ocrx_word' id='word_1_4' title='bbox 2457 274 2544 329; x_wconf 87' lang='lat' dir='ltr'>CP</span> <span class='ocrx_word' id='word_1_5' title='bbox 2557 320 2570 331; x_wconf 94' lang='lat'>.</span> <span class='ocrx_word' id='word_1_6' title='bbox 3689 279 3793 335; x_wconf 74' lang='grc'>240</span> 
     </span>
    </p>
   </div>
   <div class='ocr_carea' id='block_1_2' title="bbox 484 399 2113 480">
    <p class='ocr_par' dir='ltr' id='par_1_2' title="bbox 484 403 2077 480">
     <span class='ocr_line' id='line_1_2' title="bbox 484 403 2077 480; baseline -0.003 -17"><span class='ocrx_word' id='word_1_7' title='bbox 484 409 674 480; x_wconf 84' lang='lat' dir='ltr'>Atque</span> <span class='ocrx_word' id='word_1_8' title='bbox 706 405 767 462; x_wconf 89' lang='lat' dir='ltr'>id</span> <span class='ocrx_word' id='word_1_9' title='bbox 808 419 932 462; x_wconf 92' lang='lat' dir='ltr'>non</span> <span class='ocrx_word' id='word_1_10' title='bbox 962 404 1024 461; x_wconf 89' lang='lat' dir='ltr'>in</span> <span class='ocrx_word' id='word_1_11' title='bbox 1058 405 1277 461; x_wconf 83' lang='lat' dir='ltr'>nostris</span> <span class='ocrx_word' id='word_1_12' title='bbox 1304 404 1727 460; x_wconf 88' lang='lat' dir='ltr'>tantummodo</span> <span class='ocrx_word' id='word_1_13' title='bbox 1754 403 1939 459; x_wconf 87' lang='lat' dir='ltr'>sacris</span> <span class='ocrx_word' id='word_1_14' title='bbox 1970 403 2077 459; x_wconf 89' lang='lat' dir='ltr'>Lit-</span> 
     </span>
    </p>
   </div>
   <div class='ocr_carea' id='block_1_3' title="bbox 2169 399 3798 480">
    <p class='ocr_par' dir='ltr' id='par_1_3' title="bbox 2264 399 3798 474">
     <span class='ocr_line' id='line_1_3' title="bbox 2264 399 3798 474; baseline 0.001 -20"><span class='ocrx_word' id='word_1_15' title='bbox 2264 406 2365 455; x_wconf 83' lang='grc' dir='ltr'>Καὶ</span> <span class='ocrx_word' id='word_1_16' title='bbox 2404 407 2559 452; x_wconf 80' lang='grc' dir='ltr'>τοῦτο</span> <span class='ocrx_word' id='word_1_17' title='bbox 2591 399 2647 451; x_wconf 77' lang='grc' dir='ltr'>ού</span> <span class='ocrx_word' id='word_1_18' title='bbox 2678 404 2829 472; x_wconf 91' lang='grc' dir='ltr'>μόνον</span> <span class='ocrx_word' id='word_1_19' title='bbox 2881 402 3013 453; x_wconf 86' lang='grc' dir='ltr'>κατὰ</span> <span class='ocrx_word' id='word_1_20' title='bbox 3052 404 3167 462; x_wconf 85' lang='grc' dir='ltr'>τούς</span> <span class='ocrx_word' id='word_1_21' title='bbox 3208 403 3369 474; x_wconf 83' lang='grc' dir='ltr'>ἱερούς</span> <span class='ocrx_word' id='word_1_22' title='bbox 3400 404 3543 474; x_wconf 75' lang='grc' dir='ltr'>ἡμῶν</span> <span class='ocrx_word' id='word_1_23' title='bbox 3594 409 3798 474; x_wconf 91' lang='grc' dir='ltr'>Λόγους</span> 
     </span>
    </p>
   </div>
   <div class='ocr_carea' id='block_1_4' title="bbox 416 490 2045 567">
    <p class='ocr_par' dir='ltr' id='par_1_4' title="bbox 416 493 2045 567">
     <span class='ocr_line' id='line_1_4' title="bbox 416 493 2045 567; baseline -0.002 -16"><span class='ocrx_word' id='word_1_24' title='bbox 416 498 577 561; x_wconf 88' lang='lat' dir='ltr'>teris,</span> <span class='ocrx_word' id='word_1_25' title='bbox 630 496 732 552; x_wconf 90' lang='lat' dir='ltr'>sed</span> <span class='ocrx_word' id='word_1_26' title='bbox 783 497 841 551; x_wconf 93' lang='lat' dir='ltr'>in</span> <span class='ocrx_word' id='word_1_27' title='bbox 874 494 1115 567; x_wconf 85' lang='lat' dir='ltr'>reliquis</span> <span class='ocrx_word' id='word_1_28' title='bbox 1165 495 1368 560; x_wconf 87' lang='lat' dir='ltr'>etiam,</span> <span class='ocrx_word' id='word_1_29' title='bbox 1400 494 1616 565; x_wconf 85' lang='lat' dir='ltr'>quibus</span> <span class='ocrx_word' id='word_1_30' title='bbox 1647 493 1941 557; x_wconf 88' lang='lat' dir='ltr'>divinum,</span> <span class='ocrx_word' id='word_1_31' title='bbox 1975 508 2045 564; x_wconf 88' lang='lat' dir='ltr'>pu</span> 
     </span>
    </p>
   </div>
   <div class='ocr_carea' id='block_1_5' title="bbox 2170 490 3799 567">
    <p class='ocr_par' dir='ltr' id='par_1_5' title="bbox 2188 490 3799 565">
     <span class='ocr_line' id='line_1_5' title="bbox 2188 490 3799 565; baseline 0.001 -22"><span class='ocrx_word' id='word_1_32' title='bbox 2188 490 2437 552; x_wconf 79' lang='grc' dir='ltr'>πολλάκις</span> <span class='ocrx_word' id='word_1_33' title='bbox 2487 493 2670 565; x_wconf 84' lang='grc' dir='ltr'>ὁρᾶται</span> <span class='ocrx_word' id='word_1_34' title='bbox 2715 495 3085 563; x_wconf 89' lang='grc' dir='ltr'>πραττόμενον,</span> <span class='ocrx_word' id='word_1_35' title='bbox 3152 490 3277 543; x_wconf 78' lang='grc' dir='ltr'>ἀλλὰ</span> <span class='ocrx_word' id='word_1_36' title='bbox 3329 498 3418 544; x_wconf 85' lang='grc' dir='ltr'>καὶ</span> <span class='ocrx_word' id='word_1_37' title='bbox 3458 494 3597 553; x_wconf 83' lang='grc' dir='ltr'>ὅσοις</span> <span class='ocrx_word' id='word_1_38' title='bbox 3643 494 3799 554; x_wconf 71' lang='grc' dir='ltr'>αὐτὸς</span> 
     </span>
    </p>
   </div>
   <div class='ocr_carea' id='block_1_6' title="bbox 427 580 2056 658">
    <p class='ocr_par' dir='ltr' id='par_1_6' title="bbox 427 582 2056 658">
     <span class='ocr_line' id='line_1_6' title="bbox 427 582 2056 658; baseline -0.004 -16"><span class='ocrx_word' id='word_1_39' title='bbox 427 601 693 658; x_wconf 89' lang='lat' dir='ltr'>rumque</span> <span class='ocrx_word' id='word_1_40' title='bbox 740 585 1041 656; x_wconf 81' lang='lat' dir='ltr'>religionis</span> <span class='ocrx_word' id='word_1_41' title='bbox 1084 589 1320 656; x_wconf 80' lang='lat' dir='ltr'>septum</span> <span class='ocrx_word' id='word_1_42' title='bbox 1360 583 1751 651; x_wconf 85' lang='lat' dir='ltr'>concluditur,</span> <span class='ocrx_word' id='word_1_43' title='bbox 1785 582 2056 637; x_wconf 58' lang='lat' dir='ltr'>invenitn‘</span> 
     </span>
    </p>
   </div>
   <div class='ocr_carea' id='block_1_7' title="bbox 2174 580 3803 658">
    <p class='ocr_par' dir='ltr' id='par_1_7' title="bbox 2190 580 3803 655">
     <span class='ocr_line' id='line_1_7' title="bbox 2190 580 3803 655; baseline 0.001 -23"><span class='ocrx_word' id='word_1_44' title='bbox 2190 583 2215 632; x_wconf 88' lang='lat'>6</span> <span class='ocrx_word' id='word_1_45' title='bbox 2273 583 2425 643; x_wconf 87' lang='grc' dir='ltr'>θεῖος,</span> <span class='ocrx_word' id='word_1_46' title='bbox 2477 584 2565 631; x_wconf 85' lang='grc' dir='ltr'>καὶ</span> <span class='ocrx_word' id='word_1_47' title='bbox 2610 582 2834 654; x_wconf 87' lang='grc' dir='ltr'>καθαρὸς</span> <span class='ocrx_word' id='word_1_48' title='bbox 2894 590 2988 642; x_wconf 89' lang='grc' dir='ltr'>τῆς</span> <span class='ocrx_word' id='word_1_49' title='bbox 3046 580 3309 643; x_wconf 68' lang='grc' dir='ltr'>εὐσεϐείας</span> <span class='ocrx_word' id='word_1_50' title='bbox 3361 581 3628 655; x_wconf 90' lang='grc' dir='ltr'>περίϐολος</span> <span class='ocrx_word' id='word_1_51' title='bbox 3684 602 3803 634; x_wconf 86' lang='grc' dir='ltr'>συν-</span> 
     </span>
    </p>
   </div>
   <div class='ocr_carea' id='block_1_8' title="bbox 420 669 2049 744">
    <p class='ocr_par' dir='ltr' id='par_1_8' title="bbox 420 670 2049 744">
     <span class='ocr_line' id='line_1_8' title="bbox 420 670 2049 744; baseline -0.004 -12"><span class='ocrx_word' id='word_1_52' title='bbox 420 674 757 732; x_wconf 88' lang='lat' dir='ltr'>identidem</span> <span class='ocrx_word' id='word_1_53' title='bbox 779 674 1101 729; x_wconf 78' lang='lat' dir='ltr'>factitatum</span> <span class='ocrx_word' id='word_1_54' title='bbox 1136 690 1148 739; x_wconf 90' lang='lat'><strong>;</strong></span> <span class='ocrx_word' id='word_1_55' title='bbox 1180 674 1394 744; x_wconf 85' lang='lat' dir='ltr'>quippe</span> <span class='ocrx_word' id='word_1_56' title='bbox 1430 672 1558 727; x_wconf 90' lang='lat' dir='ltr'>talis</span> <span class='ocrx_word' id='word_1_57' title='bbox 1611 670 1887 743; x_wconf 87' lang='lat' dir='ltr'>loquendi</span> <span class='ocrx_word' id='word_1_58' title='bbox 1929 670 2049 726; x_wconf 72' lang='lat' dir='ltr'>rati&lt;</span> 
     </span>
    </p>
   </div>
   <div class='ocr_carea' id='block_1_9' title="bbox 2173 669 3802 744">
    <p class='ocr_par' dir='ltr' id='par_1_9' title="bbox 2189 669 3802 742">
     <span class='ocr_line' id='line_1_9' title="bbox 2189 669 3802 742; baseline 0 -21"><span class='ocrx_word' id='word_1_59' title='bbox 2189 678 2437 742; x_wconf 79' lang='grc' dir='ltr'>τηρῆται·</span> <span class='ocrx_word' id='word_1_60' title='bbox 2496 673 2669 720; x_wconf 88' lang='grc' dir='ltr'>καίτοι</span> <span class='ocrx_word' id='word_1_61' title='bbox 2726 675 2840 741; x_wconf 86' lang='grc' dir='ltr'>περὶ</span> <span class='ocrx_word' id='word_1_62' title='bbox 2898 669 3085 721; x_wconf 79' lang='grc' dir='ltr'>πολλοῦ</span> <span class='ocrx_word' id='word_1_63' title='bbox 3136 678 3233 720; x_wconf 83' lang='grc' dir='ltr'>τῶν</span> <span class='ocrx_word' id='word_1_64' title='bbox 3300 670 3464 741; x_wconf 85' lang='grc' dir='ltr'>λόγων</span> <span class='ocrx_word' id='word_1_65' title='bbox 3518 671 3662 723; x_wconf 75' lang='grc' dir='ltr'>οὗτοι</span> <span class='ocrx_word' id='word_1_66' title='bbox 3708 676 3802 729; x_wconf 82' lang='grc' dir='ltr'>τὴν</span> 
     </span>
    </p>
   </div>
   <div class='ocr_carea' id='block_1_10' title="bbox 417 756 2046 834">
    <p class='ocr_par' dir='ltr' id='par_1_10' title="bbox 417 760 2046 834">
     <span class='ocr_line' id='line_1_10' title="bbox 417 760 2046 834; baseline -0.002 -15"><span class='ocrx_word' id='word_1_67' title='bbox 417 765 669 820; x_wconf 90' lang='lat' dir='ltr'>multum</span> <span class='ocrx_word' id='word_1_68' title='bbox 704 762 1009 834; x_wconf 67' lang='lat' dir='ltr'>sapientia:</span> <span class='ocrx_word' id='word_1_69' title='bbox 1051 777 1251 816; x_wconf 90' lang='lat' dir='ltr'>secum</span> <span class='ocrx_word' id='word_1_70' title='bbox 1295 760 1421 816; x_wconf 82' lang='lat' dir='ltr'>fert.</span> <span class='ocrx_word' id='word_1_71' title='bbox 1462 761 1641 829; x_wconf 85' lang='lat' dir='ltr'>Igitur</span> <span class='ocrx_word' id='word_1_72' title='bbox 1669 761 1827 815; x_wconf 88' lang='lat' dir='ltr'>nulla</span> <span class='ocrx_word' id='word_1_73' title='bbox 1857 760 1946 815; x_wconf 92' lang='lat' dir='ltr'>lex</span> <span class='ocrx_word' id='word_1_74' title='bbox 1980 776 2046 815; x_wconf 91' lang='lat' dir='ltr'>co</span> 
     </span>
    </p>
   </div>
   <div class='ocr_carea' id='block_1_11' title="bbox 2174 756 3803 834">
    <p class='ocr_par' dir='ltr' id='par_1_11' title="bbox 2193 756 3803 829">
     <span class='ocr_line' id='line_1_11' title="bbox 2193 756 3803 829; baseline 0.001 -19"><span class='ocrx_word' id='word_1_75' title='bbox 2193 763 2375 829; x_wconf 85' lang='grc' dir='ltr'>σοφίαν</span> <span class='ocrx_word' id='word_1_76' title='bbox 2426 758 2557 810; x_wconf 78' lang='grc' dir='ltr'>εἰσὶν</span> <span class='ocrx_word' id='word_1_77' title='bbox 2615 760 2843 829; x_wconf 79' lang='grc' dir='ltr'>ἄγοντες.</span> <span class='ocrx_word' id='word_1_78' title='bbox 2916 758 3117 810; x_wconf 72' lang='grc' dir='ltr'>Οὐκοῦν</span> <span class='ocrx_word' id='word_1_79' title='bbox 3186 756 3309 811; x_wconf 77' lang='grc' dir='ltr'>ούδε</span> <span class='ocrx_word' id='word_1_80' title='bbox 3368 763 3433 812; x_wconf 79' lang='grc' dir='ltr'>τὰ</span> <span class='ocrx_word' id='word_1_81' title='bbox 3480 757 3672 812; x_wconf 75' lang='grc' dir='ltr'>παιδία</span> <span class='ocrx_word' id='word_1_82' title='bbox 3727 780 3803 820; x_wconf 89' lang='grc' dir='ltr'>τις</span> 
     </span>
    </p>
   </div>
   <div class='ocr_carea' id='block_1_12' title="bbox 422 846 2051 924">
    <p class='ocr_par' dir='ltr' id='par_1_12' title="bbox 422 850 2051 923">
     <span class='ocr_line' id='line_1_12' title="bbox 422 850 2051 923; baseline -0.004 -14"><span class='ocrx_word' id='word_1_83' title='bbox 422 855 524 923; x_wconf 90' lang='lat' dir='ltr'>git,</span> <span class='ocrx_word' id='word_1_84' title='bbox 571 857 633 909; x_wconf 87' lang='lat' dir='ltr'>ut</span> <span class='ocrx_word' id='word_1_85' title='bbox 662 852 921 907; x_wconf 84' lang='lat' dir='ltr'>deﬁnitis</span> <span class='ocrx_word' id='word_1_86' title='bbox 960 865 1281 923; x_wconf 88' lang='lat' dir='ltr'>puerorum</span> <span class='ocrx_word' id='word_1_87' title='bbox 1334 850 1625 921; x_wconf 82' lang='lat' dir='ltr'>personis,</span> <span class='ocrx_word' id='word_1_88' title='bbox 1659 866 1867 904; x_wconf 88' lang='lat' dir='ltr'>earum</span> <span class='ocrx_word' id='word_1_89' title='bbox 1900 850 2051 903; x_wconf 89' lang='lat' dir='ltr'>etian</span> 
     </span>
    </p>
   </div>
   <div class='ocr_carea' id='block_1_13' title="bbox 2176 846 3805 924">
    <p class='ocr_par' dir='ltr' id='par_1_13' title="bbox 2192 846 3805 924">
     <span class='ocr_line' id='line_1_13' title="bbox 2192 846 3805 924; baseline 0.001 -25"><span class='ocrx_word' id='word_1_90' title='bbox 2192 846 2452 899; x_wconf 76' lang='grc' dir='ltr'>ἐπιτάττει</span> <span class='ocrx_word' id='word_1_91' title='bbox 2494 852 2643 919; x_wconf 90' lang='grc' dir='ltr'>νόμος</span> <span class='ocrx_word' id='word_1_92' title='bbox 2701 850 3001 919; x_wconf 83' lang='grc' dir='ltr'>ὡρισμένων</span> <span class='ocrx_word' id='word_1_93' title='bbox 3045 854 3359 919; x_wconf 81' lang='grc' dir='ltr'>προσώπων,</span> <span class='ocrx_word' id='word_1_94' title='bbox 3412 854 3500 901; x_wconf 82' lang='grc' dir='ltr'>καὶ</span> <span class='ocrx_word' id='word_1_95' title='bbox 3542 854 3635 907; x_wconf 79' lang='grc' dir='ltr'>τὴν</span> <span class='ocrx_word' id='word_1_96' title='bbox 3679 854 3805 924; x_wconf 87' lang='grc' dir='ltr'>πρὸς</span> 
     </span>
    </p>
   </div>
   <div class='ocr_carea' id='block_1_14' title="bbox 423 936 2052 1015">
    <p class='ocr_par' dir='ltr' id='par_1_14' title="bbox 423 939 2049 1015">
     <span class='ocr_line' id='line_1_14' title="bbox 423 939 2049 1015; baseline -0.005 -16"><span class='ocrx_word' id='word_1_97' title='bbox 423 942 786 1015; x_wconf 80' lang='lat' dir='ltr'>peculiarem</span> <span class='ocrx_word' id='word_1_98' title='bbox 803 940 879 996; x_wconf 88' lang='lat' dir='ltr'>ad</span> <span class='ocrx_word' id='word_1_99' title='bbox 896 939 1039 995; x_wconf 91' lang='lat' dir='ltr'>alios</span> <span class='ocrx_word' id='word_1_100' title='bbox 1054 940 1319 995; x_wconf 89' lang='lat' dir='ltr'>homines</span> <span class='ocrx_word' id='word_1_101' title='bbox 1333 939 1673 995; x_wconf 83' lang='lat' dir='ltr'>relationem</span> <span class='ocrx_word' id='word_1_102' title='bbox 1691 939 2049 1010; x_wconf 89' lang='lat' dir='ltr'>inquiramus</span> 
     </span>
    </p>
   </div>
   <div class='ocr_carea' id='block_1_15' title="bbox 2169 936 3798 1015">
    <p class='ocr_par' dir='ltr' id='par_1_15' title="bbox 2192 936 3798 1009">
     <span class='ocr_line' id='line_1_15' title="bbox 2192 936 3798 1009; baseline 0.001 -20"><span class='ocrx_word' id='word_1_103' title='bbox 2192 942 2311 999; x_wconf 82' lang='grc' dir='ltr'>τούς</span> <span class='ocrx_word' id='word_1_104' title='bbox 2368 936 2553 998; x_wconf 82' lang='grc' dir='ltr'>ἄλλους</span> <span class='ocrx_word' id='word_1_105' title='bbox 2628 936 3035 1009; x_wconf 76' lang='grc' dir='ltr'>ἀποκεκριμένην</span> <span class='ocrx_word' id='word_1_106' title='bbox 3090 936 3351 998; x_wconf 77' lang='grc' dir='ltr'>ἐπιζητεῖν</span> <span class='ocrx_word' id='word_1_107' title='bbox 3428 936 3798 992; x_wconf 75' lang='grc' dir='ltr'>ἀνταπόδοσιν·</span> 
     </span>
    </p>
   </div>
   <div class='ocr_carea' id='block_1_16' title="bbox 428 1024 2057 1101">
    <p class='ocr_par' dir='ltr' id='par_1_16' title="bbox 428 1028 2057 1100">
     <span class='ocr_line' id='line_1_16' title="bbox 428 1028 2057 1100; baseline -0.004 -13"><span class='ocrx_word' id='word_1_108' title='bbox 428 1032 737 1089; x_wconf 82' lang='lat' dir='ltr'>sufficiunt</span> <span class='ocrx_word' id='word_1_109' title='bbox 762 1030 921 1085; x_wconf 91' lang='lat' dir='ltr'>enim</span> <span class='ocrx_word' id='word_1_110' title='bbox 952 1045 1021 1085; x_wconf 92' lang='lat' dir='ltr'>ea</span> <span class='ocrx_word' id='word_1_111' title='bbox 1048 1044 1307 1100; x_wconf 87' lang='lat' dir='ltr'>quoque,</span> <span class='ocrx_word' id='word_1_112' title='bbox 1340 1044 1473 1100; x_wconf 67' lang='lat' dir='ltr'>quae</span> <span class='ocrx_word' id='word_1_113' title='bbox 1514 1028 1959 1083; x_wconf 86' lang='lat' dir='ltr'>indeﬁnitarum</span> <span class='ocrx_word' id='word_1_114' title='bbox 1991 1043 2057 1082; x_wconf 90' lang='lat' dir='ltr'>or</span> 
     </span>
    </p>
   </div>
   <div class='ocr_carea' id='block_1_17' title="bbox 2175 1024 3804 1101">
    <p class='ocr_par' dir='ltr' id='par_1_17' title="bbox 2196 1024 3804 1101">
     <span class='ocr_line' id='line_1_17' title="bbox 2196 1024 3804 1101; baseline 0.001 -22"><span class='ocrx_word' id='word_1_115' title='bbox 2196 1030 2344 1079; x_wconf 83' lang='grc' dir='ltr'>ἱκανά</span> <span class='ocrx_word' id='word_1_116' title='bbox 2372 1030 2473 1101; x_wconf 83' lang='grc' dir='ltr'>γὰρ</span> <span class='ocrx_word' id='word_1_117' title='bbox 2515 1033 2603 1079; x_wconf 80' lang='grc' dir='ltr'>καὶ</span> <span class='ocrx_word' id='word_1_118' title='bbox 2652 1032 2745 1085; x_wconf 80' lang='grc' dir='ltr'>τὴν</span> <span class='ocrx_word' id='word_1_119' title='bbox 2785 1035 2882 1078; x_wconf 85' lang='grc' dir='ltr'>τῶν</span> <span class='ocrx_word' id='word_1_120' title='bbox 2911 1026 3170 1100; x_wconf 80' lang='grc' dir='ltr'>ἀορίστων</span> <span class='ocrx_word' id='word_1_121' title='bbox 3220 1024 3630 1101; x_wconf 84' lang='grc' dir='ltr'>ἀναδεδειγμένα</span> <span class='ocrx_word' id='word_1_122' title='bbox 3658 1030 3804 1092; x_wconf 81' lang='grc' dir='ltr'>τάξιν</span> 
     </span>
    </p>
   </div>
   <div class='ocr_carea' id='block_1_18' title="bbox 430 1116 2059 1190">
    <p class='ocr_par' dir='ltr' id='par_1_18' title="bbox 430 1116 2059 1189">
     <span class='ocr_line' id='line_1_18' title="bbox 430 1116 2059 1189; baseline -0.004 -12"><span class='ocrx_word' id='word_1_123' title='bbox 430 1122 637 1177; x_wconf 86' lang='lat' dir='ltr'>dinem</span> <span class='ocrx_word' id='word_1_124' title='bbox 654 1120 989 1189; x_wconf 88' lang='lat' dir='ltr'>designant,</span> <span class='ocrx_word' id='word_1_125' title='bbox 1020 1118 1094 1172; x_wconf 88' lang='lat' dir='ltr'>ad</span> <span class='ocrx_word' id='word_1_126' title='bbox 1125 1117 1432 1189; x_wconf 70' lang='lat' dir='ltr'>parabolae</span> <span class='ocrx_word' id='word_1_127' title='bbox 1460 1118 1641 1172; x_wconf 82' lang='lat' dir='ltr'>finem</span> <span class='ocrx_word' id='word_1_128' title='bbox 1666 1116 2059 1173; x_wconf 86' lang='lat' dir='ltr'>obtinendum</span> 
     </span>
    </p>
   </div>
   <div class='ocr_carea' id='block_1_19' title="bbox 1776 1116 3405 1190">
    <p class='ocr_par' dir='ltr' id='par_1_19' title="bbox 1776 1116 3405 1190">
     <span class='ocr_line' id='line_1_19' title="bbox 1776 1116 3405 1190; baseline 0 -20"><span class='ocrx_word' id='word_1_129' title='bbox 1776 1116 2081 1172; x_wconf 90' lang='lat' dir='ltr'>inendum.</span> <span class='ocrx_word' id='word_1_130' title='bbox 2192 1125 2281 1177; x_wconf 81' lang='grc' dir='ltr'>τῆς</span> <span class='ocrx_word' id='word_1_131' title='bbox 2310 1116 2609 1189; x_wconf 83' lang='grc' dir='ltr'>παραϐολῆς</span> <span class='ocrx_word' id='word_1_132' title='bbox 2650 1116 3025 1190; x_wconf 82' lang='grc' dir='ltr'>ἀναπληρῶσαι</span> <span class='ocrx_word' id='word_1_133' title='bbox 3055 1121 3112 1169; x_wconf 87' lang='grc' dir='ltr'>τό</span> <span class='ocrx_word' id='word_1_134' title='bbox 3145 1116 3405 1190; x_wconf 83' lang='grc' dir='ltr'>βούλημα.</span> 
     </span>
    </p>
   </div>
   <div class='ocr_carea' id='block_1_20' title="bbox 502 1202 2131 1282">
    <p class='ocr_par' dir='ltr' id='par_1_20' title="bbox 502 1206 2083 1281">
     <span class='ocr_line' id='line_1_20' title="bbox 502 1206 2083 1281; baseline -0.005 -13"><span class='ocrx_word' id='word_1_135' title='bbox 502 1214 727 1281; x_wconf 91' lang='lat' dir='ltr'>Scopus</span> <span class='ocrx_word' id='word_1_136' title='bbox 757 1209 957 1280; x_wconf 82' lang='lat' dir='ltr'>itaque</span> <span class='ocrx_word' id='word_1_137' title='bbox 996 1206 1322 1262; x_wconf 69' lang='lat' dir='ltr'>Dominicaa</span> <span class='ocrx_word' id='word_1_138' title='bbox 1354 1206 1681 1278; x_wconf 72' lang='lat' dir='ltr'>parabolae,</span> <span class='ocrx_word' id='word_1_139' title='bbox 1715 1222 1784 1261; x_wconf 90' lang='lat' dir='ltr'>ac</span> <span class='ocrx_word' id='word_1_140' title='bbox 1816 1206 2083 1261; x_wconf 87' lang='lat' dir='ltr'>similitu-</span> 
     </span>
    </p>
   </div>
   <div class='ocr_carea' id='block_1_21' title="bbox 2173 1202 3802 1282">
    <p class='ocr_par' dir='ltr' id='par_1_21' title="bbox 2265 1202 3802 1282">
     <span class='ocr_line' id='line_1_21' title="bbox 2265 1202 3802 1282; baseline 0.001 -25"><span class='ocrx_word' id='word_1_141' title='bbox 2265 1205 2322 1257; x_wconf 84' lang='grc' dir='ltr'><strong>Ὀ</strong></span> <span class='ocrx_word' id='word_1_142' title='bbox 2398 1209 2485 1277; x_wconf 79' lang='grc' dir='ltr'>μεν</span> <span class='ocrx_word' id='word_1_143' title='bbox 2540 1202 2626 1257; x_wconf 81' lang='grc' dir='ltr'>οὖν</span> <span class='ocrx_word' id='word_1_144' title='bbox 2700 1210 2894 1267; x_wconf 85' lang='grc' dir='ltr'>σκοπός</span> <span class='ocrx_word' id='word_1_145' title='bbox 2950 1215 3037 1266; x_wconf 79' lang='grc' dir='ltr'>τῆς</span> <span class='ocrx_word' id='word_1_146' title='bbox 3109 1212 3427 1269; x_wconf 78' lang='grc' dir='ltr'>Δεσποτικῆς</span> <span class='ocrx_word' id='word_1_147' title='bbox 3483 1207 3802 1282; x_wconf 82' lang='grc' dir='ltr'>παραϐολῆς,</span> 
     </span>
    </p>
   </div>
   <div class='ocr_carea' id='block_1_22' title="bbox 435 1293 2064 1368">
    <p class='ocr_par' dir='ltr' id='par_1_22' title="bbox 435 1294 2063 1367">
     <span class='ocr_line' id='line_1_22' title="bbox 435 1294 2063 1367; baseline -0.004 -13"><span class='ocrx_word' id='word_1_148' title='bbox 435 1299 590 1354; x_wconf 90' lang='lat' dir='ltr'>dinis</span> <span class='ocrx_word' id='word_1_149' title='bbox 621 1298 954 1352; x_wconf 85' lang='lat' dir='ltr'>admodum</span> <span class='ocrx_word' id='word_1_150' title='bbox 984 1295 1342 1367; x_wconf 82' lang='lat' dir='ltr'>perspicuus</span> <span class='ocrx_word' id='word_1_151' title='bbox 1375 1301 1463 1349; x_wconf 89' lang='lat' dir='ltr'>est</span> <span class='ocrx_word' id='word_1_152' title='bbox 1502 1299 1680 1366; x_wconf 90' lang='lat' dir='ltr'>atque</span> <span class='ocrx_word' id='word_1_153' title='bbox 1713 1294 2063 1349; x_wconf 88' lang='lat' dir='ltr'>manifestus</span> 
     </span>
    </p>
   </div>
   <div class='ocr_carea' id='block_1_23' title="bbox 2179 1293 3808 1368">
    <p class='ocr_par' dir='ltr' id='par_1_23' title="bbox 2197 1293 3808 1368">
     <span class='ocr_line' id='line_1_23' title="bbox 2197 1293 3808 1368; baseline 0.002 -23"><span class='ocrx_word' id='word_1_154' title='bbox 2197 1299 2286 1346; x_wconf 85' lang='grc' dir='ltr'>καὶ</span> <span class='ocrx_word' id='word_1_155' title='bbox 2329 1296 2623 1366; x_wconf 79' lang='grc' dir='ltr'>ὁμοιώσεως</span> <span class='ocrx_word' id='word_1_156' title='bbox 2656 1300 2824 1367; x_wconf 83' lang='grc' dir='ltr'>σαφής</span> <span class='ocrx_word' id='word_1_157' title='bbox 2883 1314 2933 1347; x_wconf 90' lang='grc' dir='ltr'>τε</span> <span class='ocrx_word' id='word_1_158' title='bbox 2985 1295 3118 1357; x_wconf 88' lang='grc' dir='ltr'>λίαν,</span> <span class='ocrx_word' id='word_1_159' title='bbox 3173 1302 3261 1348; x_wconf 76' lang='grc' dir='ltr'>καὶ</span> <span class='ocrx_word' id='word_1_160' title='bbox 3320 1293 3499 1361; x_wconf 84' lang='grc' dir='ltr'>δῆλος,</span> <span class='ocrx_word' id='word_1_161' title='bbox 3548 1300 3613 1357; x_wconf 79' lang='grc' dir='ltr'>ὡς</span> <span class='ocrx_word' id='word_1_162' title='bbox 3660 1300 3718 1349; x_wconf 85' lang='grc' dir='ltr'>τὸ</span> <span class='ocrx_word' id='word_1_163' title='bbox 3748 1317 3808 1368; x_wconf 85' lang='grc' dir='ltr'>γε</span> 
     </span>
    </p>
   </div>
   <div class='ocr_carea' id='block_1_24' title="bbox 434 1381 2063 1461">
    <p class='ocr_par' dir='ltr' id='par_1_24' title="bbox 434 1382 2063 1461">
     <span class='ocr_line' id='line_1_24' title="bbox 434 1382 2063 1461; baseline -0.004 -18"><span class='ocrx_word' id='word_1_164' title='bbox 434 1387 602 1461; x_wconf 92' lang='lat' dir='ltr'>quod</span> <span class='ocrx_word' id='word_1_165' title='bbox 621 1386 959 1442; x_wconf 69' lang='lat' dir='ltr'>Judaaorum</span> <span class='ocrx_word' id='word_1_166' title='bbox 991 1390 1225 1457; x_wconf 89' lang='lat' dir='ltr'>gentem</span> <span class='ocrx_word' id='word_1_167' title='bbox 1258 1386 1486 1449; x_wconf 82' lang='lat' dir='ltr'>innuat,</span> <span class='ocrx_word' id='word_1_168' title='bbox 1520 1400 1657 1455; x_wconf 63' lang='lat' dir='ltr'>quae</span> <span class='ocrx_word' id='word_1_169' title='bbox 1684 1400 1877 1454; x_wconf 90' lang='lat' dir='ltr'>neque</span> <span class='ocrx_word' id='word_1_170' title='bbox 1905 1382 2063 1439; x_wconf 91' lang='lat' dir='ltr'>volui</span> 
     </span>
    </p>
   </div>
   <div class='ocr_carea' id='block_1_25' title="bbox 2179 1381 3808 1461">
    <p class='ocr_par' dir='ltr' id='par_1_25' title="bbox 2201 1381 3808 1457">
     <span class='ocr_line' id='line_1_25' title="bbox 2201 1381 3808 1457; baseline 0 -20"><span class='ocrx_word' id='word_1_171' title='bbox 2201 1381 2473 1437; x_wconf 81' lang='grc' dir='ltr'>Ἰουδαίων</span> <span class='ocrx_word' id='word_1_172' title='bbox 2502 1386 2631 1445; x_wconf 81' lang='grc' dir='ltr'>ἔθνος</span> <span class='ocrx_word' id='word_1_173' title='bbox 2685 1381 2942 1447; x_wconf 83' lang='grc' dir='ltr'>ἐπιδεῖξαι</span> <span class='ocrx_word' id='word_1_174' title='bbox 2994 1384 3261 1456; x_wconf 87' lang='grc' dir='ltr'>βούλεται,</span> <span class='ocrx_word' id='word_1_175' title='bbox 3311 1387 3337 1437; x_wconf 89' lang='lat'>6</span> <span class='ocrx_word' id='word_1_176' title='bbox 3383 1392 3513 1457; x_wconf 74' lang='grc' dir='ltr'>μήτε</span> <span class='ocrx_word' id='word_1_177' title='bbox 3552 1393 3665 1448; x_wconf 87' lang='grc' dir='ltr'>τοῖς</span> <span class='ocrx_word' id='word_1_178' title='bbox 3696 1386 3808 1439; x_wconf 69' lang='grc' dir='ltr'>θελ-</span> 
     </span>
    </p>
   </div>
   <div class='ocr_carea' id='block_1_26' title="bbox 437 1472 2066 1549">
    <p class='ocr_par' dir='ltr' id='par_1_26' title="bbox 437 1472 2066 1549">
     <span class='ocr_line' id='line_1_26' title="bbox 437 1472 2066 1549; baseline -0.003 -17"><span class='ocrx_word' id='word_1_179' title='bbox 437 1492 543 1549; x_wconf 89' lang='lat' dir='ltr'>per</span> <span class='ocrx_word' id='word_1_180' title='bbox 594 1491 688 1531; x_wconf 91' lang='lat' dir='ltr'>res</span> <span class='ocrx_word' id='word_1_181' title='bbox 739 1474 1096 1531; x_wconf 84' lang='lat' dir='ltr'>hilaritatem</span> <span class='ocrx_word' id='word_1_182' title='bbox 1129 1473 1470 1535; x_wconf 81' lang='lat' dir='ltr'>excitantes,</span> <span class='ocrx_word' id='word_1_183' title='bbox 1526 1472 1741 1528; x_wconf 87' lang='lat' dir='ltr'>scilicet</span> <span class='ocrx_word' id='word_1_184' title='bbox 1789 1488 1894 1543; x_wconf 90' lang='lat' dir='ltr'>per</span> <span class='ocrx_word' id='word_1_185' title='bbox 1932 1488 2066 1528; x_wconf 87' lang='lat' dir='ltr'>com</span> 
     </span>
    </p>
   </div>
   <div class='ocr_carea' id='block_1_27' title="bbox 2182 1472 3811 1549">
    <p class='ocr_par' dir='ltr' id='par_1_27' title="bbox 2200 1474 3811 1548">
     <span class='ocr_line' id='line_1_27' title="bbox 2200 1474 3811 1548; baseline 0.002 -24"><span class='ocrx_word' id='word_1_186' title='bbox 2200 1493 2357 1544; x_wconf 88' lang='grc' dir='ltr'>γουσι</span> <span class='ocrx_word' id='word_1_187' title='bbox 2396 1479 2485 1525; x_wconf 82' lang='grc' dir='ltr'>καὶ</span> <span class='ocrx_word' id='word_1_188' title='bbox 2531 1474 2839 1548; x_wconf 70' lang='grc' dir='ltr'>εὐφραίνειν,</span> <span class='ocrx_word' id='word_1_189' title='bbox 2893 1474 3032 1526; x_wconf 82' lang='grc' dir='ltr'>τοῦτ’</span> <span class='ocrx_word' id='word_1_190' title='bbox 3084 1476 3193 1526; x_wconf 79' lang='grc' dir='ltr'>ἔστι</span> <span class='ocrx_word' id='word_1_191' title='bbox 3240 1482 3300 1547; x_wconf 73' lang='grc' dir='ltr'>τῇ</span> <span class='ocrx_word' id='word_1_192' title='bbox 3344 1474 3525 1547; x_wconf 78' lang='grc' dir='ltr'>ἐθίμῳ,</span> <span class='ocrx_word' id='word_1_193' title='bbox 3566 1475 3657 1527; x_wconf 84' lang='grc' dir='ltr'>καὶ</span> <span class='ocrx_word' id='word_1_194' title='bbox 3695 1474 3811 1527; x_wconf 85' lang='grc' dir='ltr'>ἐπι-</span> 
     </span>
    </p>
   </div>
   <div class='ocr_carea' id='block_1_28' title="bbox 437 1559 2066 1636">
    <p class='ocr_par' dir='ltr' id='par_1_28' title="bbox 437 1560 2066 1635">
     <span class='ocr_line' id='line_1_28' title="bbox 437 1560 2066 1635; baseline -0.004 -14"><span class='ocrx_word' id='word_1_195' title='bbox 437 1579 686 1622; x_wconf 85' lang='lat' dir='ltr'>munem</span> <span class='ocrx_word' id='word_1_196' title='bbox 718 1563 1085 1635; x_wconf 87' lang='lat' dir='ltr'>minimeque</span> <span class='ocrx_word' id='word_1_197' title='bbox 1116 1577 1385 1617; x_wconf 86' lang='lat' dir='ltr'>severam</span> <span class='ocrx_word' id='word_1_198' title='bbox 1418 1561 1659 1617; x_wconf 86' lang='lat' dir='ltr'>videndi</span> <span class='ocrx_word' id='word_1_199' title='bbox 1687 1562 1975 1617; x_wconf 88' lang='lat' dir='ltr'>rationem</span> <span class='ocrx_word' id='word_1_200' title='bbox 2010 1560 2066 1631; x_wconf 93' lang='lat' dir='ltr'>(li</span> 
     </span>
    </p>
   </div>
   <div class='ocr_carea' id='block_1_29' title="bbox 2179 1559 3808 1636">
    <p class='ocr_par' dir='ltr' id='par_1_29' title="bbox 2204 1559 3808 1636">
     <span class='ocr_line' id='line_1_29' title="bbox 2204 1559 3808 1636; baseline 0.001 -23"><span class='ocrx_word' id='word_1_201' title='bbox 2204 1562 2505 1633; x_wconf 78' lang='grc' dir='ltr'>πολαζούση</span> <span class='ocrx_word' id='word_1_202' title='bbox 2558 1559 2737 1634; x_wconf 81' lang='grc' dir='ltr'>διαίτῃ</span> <span class='ocrx_word' id='word_1_203' title='bbox 2807 1563 2999 1634; x_wconf 85' lang='grc' dir='ltr'>(καίτοι</span> <span class='ocrx_word' id='word_1_204' title='bbox 3058 1559 3173 1615; x_wconf 87' lang='grc' dir='ltr'>δέον</span> <span class='ocrx_word' id='word_1_205' title='bbox 3226 1572 3298 1633; x_wconf 81' lang='grc' dir='ltr'>τῷ</span> <span class='ocrx_word' id='word_1_206' title='bbox 3347 1565 3507 1636; x_wconf 86' lang='grc' dir='ltr'>ὁμοίῳ</span> <span class='ocrx_word' id='word_1_207' title='bbox 3558 1563 3808 1617; x_wconf 86' lang='grc' dir='ltr'>ἐπικλίνε-</span> 
     </span>
    </p>
   </div>
   <div class='ocr_carea' id='block_1_30' title="bbox 445 1647 2074 1722">
    <p class='ocr_par' dir='ltr' id='par_1_30' title="bbox 445 1650 2074 1722">
     <span class='ocr_line' id='line_1_30' title="bbox 445 1650 2074 1722; baseline -0.005 -12"><span class='ocrx_word' id='word_1_208' title='bbox 445 1657 536 1710; x_wconf 91' lang='lat' dir='ltr'>cet</span> <span class='ocrx_word' id='word_1_209' title='bbox 568 1651 953 1708; x_wconf 89' lang='lat' dir='ltr'>similitudine</span> <span class='ocrx_word' id='word_1_210' title='bbox 982 1651 1112 1706; x_wconf 84' lang='lat' dir='ltr'>vitae</span> <span class='ocrx_word' id='word_1_211' title='bbox 1142 1650 1295 1706; x_wconf 88' lang='lat' dir='ltr'>allici</span> <span class='ocrx_word' id='word_1_212' title='bbox 1343 1666 1411 1706; x_wconf 88' lang='lat' dir='ltr'>ac</span> <span class='ocrx_word' id='word_1_213' title='bbox 1441 1650 1596 1706; x_wconf 88' lang='lat' dir='ltr'>ﬂecti</span> <span class='ocrx_word' id='word_1_214' title='bbox 1629 1651 2004 1722; x_wconf 83' lang='lat' dir='ltr'>oportuisset)</span> <span class='ocrx_word' id='word_1_215' title='bbox 2037 1650 2074 1703; x_wconf 81' lang='grc' dir='ltr'>ἰ(</span> 
     </span>
    </p>
   </div>
   <div class='ocr_carea' id='block_1_31' title="bbox 2182 1647 3811 1722">
    <p class='ocr_par' dir='ltr' id='par_1_31' title="bbox 2210 1651 3811 1722">
     <span class='ocr_line' id='line_1_31' title="bbox 2210 1651 3811 1722; baseline 0.001 -20"><span class='ocrx_word' id='word_1_216' title='bbox 2210 1653 2333 1702; x_wconf 89' lang='grc' dir='ltr'>σθαί</span> <span class='ocrx_word' id='word_1_217' title='bbox 2386 1671 2456 1717; x_wconf 83' lang='grc' dir='ltr'>τε,</span> <span class='ocrx_word' id='word_1_218' title='bbox 2513 1656 2600 1702; x_wconf 88' lang='grc' dir='ltr'>καὶ</span> <span class='ocrx_word' id='word_1_219' title='bbox 2656 1652 3073 1722; x_wconf 71' lang='grc' dir='ltr'>συνεφελκεσθαι)</span> <span class='ocrx_word' id='word_1_220' title='bbox 3134 1656 3191 1703; x_wconf 81' lang='grc' dir='ltr'>τό</span> <span class='ocrx_word' id='word_1_221' title='bbox 3239 1651 3537 1705; x_wconf 74' lang='grc' dir='ltr'>λυσιτελοῦν</span> <span class='ocrx_word' id='word_1_222' title='bbox 3589 1652 3811 1711; x_wconf 71' lang='grc' dir='ltr'>ἠθέλησε</span> 
     </span>
    </p>
   </div>
   <div class='ocr_carea' id='block_1_32' title="bbox 441 1737 2070 1815">
    <p class='ocr_par' dir='ltr' id='par_1_32' title="bbox 441 1739 2070 1815">
     <span class='ocr_line' id='line_1_32' title="bbox 441 1739 2070 1815; baseline -0.004 -17"><span class='ocrx_word' id='word_1_223' title='bbox 441 1742 605 1815; x_wconf 89' lang='lat' dir='ltr'>quod</span> <span class='ocrx_word' id='word_1_224' title='bbox 626 1741 1003 1814; x_wconf 82' lang='lat' dir='ltr'>expediebat,</span> <span class='ocrx_word' id='word_1_225' title='bbox 1027 1740 1327 1812; x_wconf 90' lang='lat' dir='ltr'>suscipere</span> <span class='ocrx_word' id='word_1_226' title='bbox 1354 1756 1365 1794; x_wconf 90' lang='lat'><em>:</em></span> <span class='ocrx_word' id='word_1_227' title='bbox 1393 1755 1587 1811; x_wconf 91' lang='lat' dir='ltr'>neque</span> <span class='ocrx_word' id='word_1_228' title='bbox 1610 1754 1714 1810; x_wconf 90' lang='lat' dir='ltr'>per</span> <span class='ocrx_word' id='word_1_229' title='bbox 1736 1739 1919 1795; x_wconf 91' lang='lat' dir='ltr'>vitam</span> <span class='ocrx_word' id='word_1_230' title='bbox 1942 1754 2070 1793; x_wconf 92' lang='lat' dir='ltr'>com</span> 
     </span>
    </p>
   </div>
   <div class='ocr_carea' id='block_1_33' title="bbox 2183 1737 3812 1815">
    <p class='ocr_par' dir='ltr' id='par_1_33' title="bbox 2210 1737 3812 1815">
     <span class='ocr_line' id='line_1_33' title="bbox 2210 1737 3812 1815; baseline 0 -24"><span class='ocrx_word' id='word_1_231' title='bbox 2210 1737 2528 1813; x_wconf 70' lang='grc' dir='ltr'>δρέψασθαι·</span> <span class='ocrx_word' id='word_1_232' title='bbox 2600 1744 2715 1792; x_wconf 73' lang='grc' dir='ltr'>οὔτε</span> <span class='ocrx_word' id='word_1_233' title='bbox 2764 1737 2855 1792; x_wconf 84' lang='grc' dir='ltr'>διὰ</span> <span class='ocrx_word' id='word_1_234' title='bbox 2909 1749 2999 1793; x_wconf 82' lang='grc' dir='ltr'>τοῦ</span> <span class='ocrx_word' id='word_1_235' title='bbox 3044 1740 3507 1815; x_wconf 82' lang='grc' dir='ltr'>ἁνακεχωρηκότος</span> <span class='ocrx_word' id='word_1_236' title='bbox 3564 1750 3663 1793; x_wconf 85' lang='grc' dir='ltr'>τῶν</span> <span class='ocrx_word' id='word_1_237' title='bbox 3694 1740 3812 1794; x_wconf 85' lang='grc' dir='ltr'>πολ-</span> 
     </span>
    </p>
   </div>
   <div class='ocr_carea' id='block_1_34' title="bbox 444 1828 2073 1905">
    <p class='ocr_par' dir='ltr' id='par_1_34' title="bbox 444 1828 2073 1902">
     <span class='ocr_line' id='line_1_34' title="bbox 444 1828 2073 1902; baseline -0.003 -16"><span class='ocrx_word' id='word_1_238' title='bbox 444 1831 643 1886; x_wconf 88' lang='lat' dir='ltr'>modis</span> <span class='ocrx_word' id='word_1_239' title='bbox 675 1830 947 1902; x_wconf 85' lang='lat' dir='ltr'>pluribus</span> <span class='ocrx_word' id='word_1_240' title='bbox 974 1834 1294 1893; x_wconf 86' lang='lat' dir='ltr'>carentem,</span> <span class='ocrx_word' id='word_1_241' title='bbox 1326 1844 1395 1885; x_wconf 88' lang='lat' dir='ltr'>ac</span> <span class='ocrx_word' id='word_1_242' title='bbox 1417 1828 1671 1898; x_wconf 88' lang='lat' dir='ltr'>rigidam</span> <span class='ocrx_word' id='word_1_243' title='bbox 1700 1828 1960 1896; x_wconf 88' lang='lat' dir='ltr'>(tametsi</span> <span class='ocrx_word' id='word_1_244' title='bbox 1988 1828 2073 1881; x_wconf 48' lang='lat' dir='ltr'>hoi</span> 
     </span>
    </p>
   </div>
   <div class='ocr_carea' id='block_1_35' title="bbox 2185 1828 3814 1905">
    <p class='ocr_par' dir='ltr' id='par_1_35' title="bbox 2208 1828 3814 1905">
     <span class='ocr_line' id='line_1_35' title="bbox 2208 1828 3814 1905; baseline 0.001 -24"><span class='ocrx_word' id='word_1_245' title='bbox 2208 1830 2326 1894; x_wconf 82' lang='grc' dir='ltr'>λῶν,</span> <span class='ocrx_word' id='word_1_246' title='bbox 2360 1834 2443 1880; x_wconf 82' lang='grc' dir='ltr'>καὶ</span> <span class='ocrx_word' id='word_1_247' title='bbox 2507 1830 2914 1901; x_wconf 76' lang='grc' dir='ltr'>συνεσταλμένου</span> <span class='ocrx_word' id='word_1_248' title='bbox 2974 1830 3094 1902; x_wconf 73' lang='grc' dir='ltr'>βίου</span> <span class='ocrx_word' id='word_1_249' title='bbox 3137 1836 3342 1905; x_wconf 84' lang='grc' dir='ltr'>(καίπερ</span> <span class='ocrx_word' id='word_1_250' title='bbox 3398 1828 3661 1883; x_wconf 74' lang='grc' dir='ltr'>δυσωπεῖν</span> <span class='ocrx_word' id='word_1_251' title='bbox 3701 1828 3814 1883; x_wconf 84' lang='grc' dir='ltr'>οἶδε</span> 
     </span>
    </p>
   </div>
   <div class='ocr_carea' id='block_1_36' title="bbox 447 1916 2076 1993">
    <p class='ocr_par' dir='ltr' id='par_1_36' title="bbox 447 1916 2076 1992">
     <span class='ocr_line' id='line_1_36' title="bbox 447 1916 2076 1992; baseline -0.002 -17"><span class='ocrx_word' id='word_1_252' title='bbox 447 1922 611 1992; x_wconf 89' lang='lat' dir='ltr'>ipsos</span> <span class='ocrx_word' id='word_1_253' title='bbox 635 1935 876 1992; x_wconf 88' lang='lat' dir='ltr'>quoque</span> <span class='ocrx_word' id='word_1_254' title='bbox 898 1918 1294 1987; x_wconf 84' lang='lat' dir='ltr'>religiosiores</span> <span class='ocrx_word' id='word_1_255' title='bbox 1316 1917 1591 1972; x_wconf 89' lang='lat' dir='ltr'>homines</span> <span class='ocrx_word' id='word_1_256' title='bbox 1616 1933 1849 1972; x_wconf 89' lang='lat' dir='ltr'>movere</span> <span class='ocrx_word' id='word_1_257' title='bbox 1872 1916 2076 1971; x_wconf 87' lang='lat' dir='ltr'>debuis</span> 
     </span>
    </p>
   </div>
   <div class='ocr_carea' id='block_1_37' title="bbox 2180 1916 3809 1993">
    <p class='ocr_par' dir='ltr' id='par_1_37' title="bbox 2210 1917 3809 1993">
     <span class='ocr_line' id='line_1_37' title="bbox 2210 1917 3809 1993; baseline 0.001 -24"><span class='ocrx_word' id='word_1_258' title='bbox 2210 1925 2299 1969; x_wconf 83' lang='grc' dir='ltr'>καὶ</span> <span class='ocrx_word' id='word_1_259' title='bbox 2393 1918 2815 1992; x_wconf 69' lang='grc' dir='ltr'>εὐλαϐεστέρους)</span> <span class='ocrx_word' id='word_1_260' title='bbox 2890 1918 3279 1993; x_wconf 70' lang='grc' dir='ltr'>ἀπεργάζεσθαι</span> <span class='ocrx_word' id='word_1_261' title='bbox 3354 1924 3410 1971; x_wconf 88' lang='grc' dir='ltr'>τὸ</span> <span class='ocrx_word' id='word_1_262' title='bbox 3491 1917 3809 1993; x_wconf 84' lang='grc' dir='ltr'>παράδοξον·</span> 
     </span>
    </p>
   </div>
   <div class='ocr_carea' id='block_1_38' title="bbox 446 2004 2075 2083">
    <p class='ocr_par' dir='ltr' id='par_1_38' title="bbox 446 2006 2075 2080">
     <span class='ocr_line' id='line_1_38' title="bbox 446 2006 2075 2080; baseline -0.002 -17"><span class='ocrx_word' id='word_1_263' title='bbox 446 2011 553 2078; x_wconf 87' lang='lat' dir='ltr'>set)</span> <span class='ocrx_word' id='word_1_264' title='bbox 604 2009 683 2073; x_wconf 92' lang='lat' dir='ltr'>id,</span> <span class='ocrx_word' id='word_1_265' title='bbox 730 2008 893 2080; x_wconf 91' lang='lat' dir='ltr'>quod</span> <span class='ocrx_word' id='word_1_266' title='bbox 944 2023 1065 2062; x_wconf 65' lang='lat' dir='ltr'>suae</span> <span class='ocrx_word' id='word_1_267' title='bbox 1097 2006 1474 2078; x_wconf 84' lang='lat' dir='ltr'>repugnabat</span> <span class='ocrx_word' id='word_1_268' title='bbox 1522 2006 1807 2077; x_wconf 89' lang='lat' dir='ltr'>opinioni,</span> <span class='ocrx_word' id='word_1_269' title='bbox 1858 2022 2075 2077; x_wconf 87' lang='lat' dir='ltr'>exsequ</span> 
     </span>
    </p>
   </div>
   <div class='ocr_carea' id='block_1_39' title="bbox 2188 2004 3817 2083">
    <p class='ocr_par' dir='ltr' id='par_1_39' title="bbox 2211 2004 3817 2083">
     <span class='ocr_line' id='line_1_39' title="bbox 2211 2004 3817 2083; baseline 0.002 -25"><span class='ocrx_word' id='word_1_270' title='bbox 2211 2007 2336 2059; x_wconf 79' lang='grc' dir='ltr'>ἀλλὰ</span> <span class='ocrx_word' id='word_1_271' title='bbox 2363 2011 2431 2068; x_wconf 75' lang='grc' dir='ltr'>ὡς</span> <span class='ocrx_word' id='word_1_272' title='bbox 2484 2004 2575 2059; x_wconf 80' lang='grc' dir='ltr'>δπ¹</span> <span class='ocrx_word' id='word_1_273' title='bbox 2632 2004 2835 2069; x_wconf 66' lang='grc' dir='ltr'>οὐδενός</span> <span class='ocrx_word' id='word_1_274' title='bbox 2891 2012 3083 2059; x_wconf 85' lang='grc' dir='ltr'>τούτων</span> <span class='ocrx_word' id='word_1_275' title='bbox 3134 2008 3549 2083; x_wconf 75' lang='grc' dir='ltr'>ἐπεστράφησαν,</span> <span class='ocrx_word' id='word_1_276' title='bbox 3592 2013 3649 2060; x_wconf 88' lang='grc' dir='ltr'>τό</span> <span class='ocrx_word' id='word_1_277' title='bbox 3697 2009 3817 2061; x_wconf 85' lang='grc' dir='ltr'>ἀκό-</span> 
     </span>
    </p>
   </div>
   <div class='ocr_carea' id='block_1_40' title="bbox 443 2094 2072 2170">
    <p class='ocr_par' dir='ltr' id='par_1_40' title="bbox 443 2094 2072 2169">
     <span class='ocr_line' id='line_1_40' title="bbox 443 2094 2072 2169; baseline -0.002 -16"><span class='ocrx_word' id='word_1_278' title='bbox 443 2098 617 2169; x_wconf 76' lang='lat' dir='ltr'>cmpit</span> <span class='ocrx_word' id='word_1_279' title='bbox 645 2113 657 2151; x_wconf 91' lang='lat'><strong>:</strong></span> <span class='ocrx_word' id='word_1_280' title='bbox 704 2103 762 2152; x_wconf 89' lang='lat' dir='ltr'>at</span> <span class='ocrx_word' id='word_1_281' title='bbox 787 2096 947 2168; x_wconf 91' lang='lat' dir='ltr'>quod</span> <span class='ocrx_word' id='word_1_282' title='bbox 976 2096 1193 2151; x_wconf 88' lang='lat' dir='ltr'>horum</span> <span class='ocrx_word' id='word_1_283' title='bbox 1225 2102 1434 2151; x_wconf 86' lang='lat' dir='ltr'>neutro</span> <span class='ocrx_word' id='word_1_284' title='bbox 1466 2096 1541 2150; x_wconf 90' lang='lat' dir='ltr'>ad</span> <span class='ocrx_word' id='word_1_285' title='bbox 1586 2094 1849 2150; x_wconf 89' lang='lat' dir='ltr'>animum</span> <span class='ocrx_word' id='word_1_286' title='bbox 1883 2100 2072 2167; x_wconf 87' lang='lat' dir='ltr'>proter</span> 
     </span>
    </p>
   </div>
   <div class='ocr_carea' id='block_1_41' title="bbox 2184 2094 3813 2170">
    <p class='ocr_par' dir='ltr' id='par_1_41' title="bbox 2210 2094 3813 2170">
     <span class='ocr_line' id='line_1_41' title="bbox 2210 2094 3813 2170; baseline 0.002 -22"><span class='ocrx_word' id='word_1_287' title='bbox 2210 2097 2399 2148; x_wconf 83' lang='grc' dir='ltr'>λαστον</span> <span class='ocrx_word' id='word_1_288' title='bbox 2447 2097 2632 2161; x_wconf 69' lang='grc' dir='ltr'>αὐτῶν,</span> <span class='ocrx_word' id='word_1_289' title='bbox 2700 2103 2789 2149; x_wconf 79' lang='grc' dir='ltr'>καὶ</span> <span class='ocrx_word' id='word_1_290' title='bbox 2817 2094 3129 2168; x_wconf 76' lang='grc' dir='ltr'>δυσάγωγον</span> <span class='ocrx_word' id='word_1_291' title='bbox 3187 2102 3309 2170; x_wconf 81' lang='grc' dir='ltr'>πρὸς</span> <span class='ocrx_word' id='word_1_292' title='bbox 3366 2098 3624 2151; x_wconf 71' lang='grc' dir='ltr'>εὐσέϐειαν</span> <span class='ocrx_word' id='word_1_293' title='bbox 3683 2098 3813 2151; x_wconf 87' lang='grc' dir='ltr'>ἀπο-</span> 
     </span>
    </p>
   </div>
   <div class='ocr_carea' id='block_1_42' title="bbox 444 2184 2073 2256">
    <p class='ocr_par' dir='ltr' id='par_1_42' title="bbox 444 2184 2073 2256">
     <span class='ocr_line' id='line_1_42' title="bbox 444 2184 2073 2256; baseline -0.002 -14"><span class='ocrx_word' id='word_1_294' title='bbox 444 2203 586 2242; x_wconf 92' lang='lat' dir='ltr'>vum</span> <span class='ocrx_word' id='word_1_295' title='bbox 617 2194 673 2241; x_wconf 88' lang='lat' dir='ltr'>et</span> <span class='ocrx_word' id='word_1_296' title='bbox 706 2185 971 2254; x_wconf 87' lang='lat' dir='ltr'>religioni</span> <span class='ocrx_word' id='word_1_297' title='bbox 1002 2190 1417 2239; x_wconf 88' lang='lat' dir='ltr'>contumacem</span> <span class='ocrx_word' id='word_1_298' title='bbox 1458 2184 1895 2256; x_wconf 88' lang='lat' dir='ltr'>deponendum,</span> <span class='ocrx_word' id='word_1_299' title='bbox 1930 2200 2073 2238; x_wconf 88' lang='lat' dir='ltr'>excu</span> 
     </span>
    </p>
   </div>
   <div class='ocr_carea' id='block_1_43' title="bbox 2188 2184 3817 2256">
    <p class='ocr_par' dir='ltr' id='par_1_43' title="bbox 2216 2185 3817 2245">
     <span class='ocr_line' id='line_1_43' title="bbox 2216 2185 3817 2245; baseline -0.001 -6"><span class='ocrx_word' id='word_1_300' title='bbox 2216 2189 2397 2239; x_wconf 87' lang='grc' dir='ltr'>θέσθαι</span> <span class='ocrx_word' id='word_1_301' title='bbox 2460 2192 2546 2239; x_wconf 82' lang='grc' dir='ltr'>καὶ</span> <span class='ocrx_word' id='word_1_302' title='bbox 2601 2186 3011 2243; x_wconf 90' lang='grc' dir='ltr'>ἀποσείσασθαι,</span> <span class='ocrx_word' id='word_1_303' title='bbox 3065 2192 3164 2240; x_wconf 76' lang='grc' dir='ltr'>Καὶ</span> <span class='ocrx_word' id='word_1_304' title='bbox 3219 2193 3309 2245; x_wconf 79' lang='grc' dir='ltr'>τὴν</span> <span class='ocrx_word' id='word_1_305' title='bbox 3365 2190 3523 2240; x_wconf 88' lang='grc' dir='ltr'>πειθὼ</span> <span class='ocrx_word' id='word_1_306' title='bbox 3578 2185 3635 2241; x_wconf 81' lang='grc' dir='ltr'>δε</span> <span class='ocrx_word' id='word_1_307' title='bbox 3685 2208 3817 2239; x_wconf 89' lang='grc' dir='ltr'>συν-</span> 
     </span>
    </p>
   </div>
   <div class='ocr_carea' id='block_1_44' title="bbox 447 2274 2076 2350">
    <p class='ocr_par' dir='ltr' id='par_1_44' title="bbox 447 2274 2071 2347">
     <span class='ocr_line' id='line_1_44' title="bbox 447 2274 2071 2347; baseline -0.002 -16"><span class='ocrx_word' id='word_1_308' title='bbox 447 2276 838 2347; x_wconf 91' lang='lat' dir='ltr'>tiendumque</span> <span class='ocrx_word' id='word_1_309' title='bbox 869 2274 1124 2329; x_wconf 91' lang='lat' dir='ltr'>adducta</span> <span class='ocrx_word' id='word_1_310' title='bbox 1155 2274 1246 2328; x_wconf 91' lang='lat' dir='ltr'>sit.</span> <span class='ocrx_word' id='word_1_311' title='bbox 1282 2275 1466 2345; x_wconf 87' lang='lat' dir='ltr'>Atque</span> <span class='ocrx_word' id='word_1_312' title='bbox 1510 2289 1651 2328; x_wconf 91' lang='lat' dir='ltr'>vero</span> <span class='ocrx_word' id='word_1_313' title='bbox 1690 2274 1896 2328; x_wconf 89' lang='lat' dir='ltr'>eadem</span> <span class='ocrx_word' id='word_1_314' title='bbox 1929 2288 2071 2345; x_wconf 88' lang='lat' dir='ltr'>para</span> 
     </span>
    </p>
   </div>
   <div class='ocr_carea' id='block_1_45' title="bbox 2189 2274 3818 2350">
    <p class='ocr_par' dir='ltr' id='par_1_45' title="bbox 2214 2275 3818 2350">
     <span class='ocr_line' id='line_1_45' title="bbox 2214 2275 3818 2350; baseline 0.001 -25"><span class='ocrx_word' id='word_1_315' title='bbox 2214 2280 2413 2347; x_wconf 85' lang='grc' dir='ltr'>υφαίνει</span> <span class='ocrx_word' id='word_1_316' title='bbox 2462 2278 2547 2326; x_wconf 83' lang='grc' dir='ltr'>τὸν</span> <span class='ocrx_word' id='word_1_317' title='bbox 2604 2275 2816 2347; x_wconf 52' lang='lat' dir='ltr'>Ely/xcv</span> <span class='ocrx_word' id='word_1_318' title='bbox 2858 2275 3219 2350; x_wconf 71' lang='grc' dir='ltr'>ἐπιφέρουσαν,</span> <span class='ocrx_word' id='word_1_319' title='bbox 3272 2279 3339 2338; x_wconf 77' lang='grc' dir='ltr'>ὡς</span> <span class='ocrx_word' id='word_1_320' title='bbox 3388 2282 3458 2349; x_wconf 84' lang='grc' dir='ltr'>μὴ</span> <span class='ocrx_word' id='word_1_321' title='bbox 3510 2285 3818 2349; x_wconf 78' lang='grc' dir='ltr'>μετανοοῦν-</span> 
     </span>
    </p>
   </div>
   <div class='ocr_carea' id='block_1_46' title="bbox 448 2360 2077 2438">
    <p class='ocr_par' dir='ltr' id='par_1_46' title="bbox 448 2362 2077 2437">
     <span class='ocr_line' id='line_1_46' title="bbox 448 2362 2077 2437; baseline -0.005 -18"><span class='ocrx_word' id='word_1_322' title='bbox 448 2364 587 2421; x_wconf 90' lang='lat' dir='ltr'>bola</span> <span class='ocrx_word' id='word_1_323' title='bbox 608 2363 1058 2437; x_wconf 89' lang='lat' dir='ltr'>persuasionem</span> <span class='ocrx_word' id='word_1_324' title='bbox 1078 2378 1212 2418; x_wconf 93' lang='lat' dir='ltr'>cum</span> <span class='ocrx_word' id='word_1_325' title='bbox 1228 2362 1632 2434; x_wconf 89' lang='lat' dir='ltr'>increpatione</span> <span class='ocrx_word' id='word_1_326' title='bbox 1649 2362 1921 2425; x_wconf 79' lang='lat' dir='ltr'>contexit,</span> <span class='ocrx_word' id='word_1_327' title='bbox 1944 2378 2077 2434; x_wconf 61' lang='lat' dir='ltr'>quoi</span> 
     </span>
    </p>
   </div>
   <div class='ocr_carea' id='block_1_47' title="bbox 2190 2360 3819 2438">
    <p class='ocr_par' dir='ltr' id='par_1_47' title="bbox 2213 2360 3819 2438">
     <span class='ocr_line' id='line_1_47' title="bbox 2213 2360 3819 2438; baseline 0.001 -23"><span class='ocrx_word' id='word_1_328' title='bbox 2213 2384 2293 2426; x_wconf 89' lang='grc' dir='ltr'>τες</span> <span class='ocrx_word' id='word_1_329' title='bbox 2354 2373 2452 2415; x_wconf 80' lang='grc' dir='ltr'>τῶν</span> <span class='ocrx_word' id='word_1_330' title='bbox 2504 2360 2769 2417; x_wconf 80' lang='grc' dir='ltr'>Ἰουδαίων</span> <span class='ocrx_word' id='word_1_331' title='bbox 2822 2367 2847 2415; x_wconf 90' lang='grc' dir='ltr'>ό</span> <span class='ocrx_word' id='word_1_332' title='bbox 2913 2362 3079 2437; x_wconf 83' lang='grc' dir='ltr'>δῆμος</span> <span class='ocrx_word' id='word_1_333' title='bbox 3146 2372 3319 2417; x_wconf 88' lang='grc' dir='ltr'>πᾶσαν</span> <span class='ocrx_word' id='word_1_334' title='bbox 3378 2365 3679 2438; x_wconf 83' lang='grc' dir='ltr'>ἀπολογίαν,</span> <span class='ocrx_word' id='word_1_335' title='bbox 3730 2372 3819 2418; x_wconf 85' lang='grc' dir='ltr'>καὶ</span> 
     </span>
    </p>
   </div>
   <div class='ocr_carea' id='block_1_48' title="bbox 448 2451 2077 2529">
    <p class='ocr_par' dir='ltr' id='par_1_48' title="bbox 448 2451 2077 2525">
     <span class='ocr_line' id='line_1_48' title="bbox 448 2451 2077 2525; baseline -0.003 -16"><span class='ocrx_word' id='word_1_336' title='bbox 448 2454 727 2525; x_wconf 86' lang='lat' dir='ltr'>populus-</span> <span class='ocrx_word' id='word_1_337' title='bbox 741 2451 1027 2507; x_wconf 89' lang='lat' dir='ltr'>Judaicus</span> <span class='ocrx_word' id='word_1_338' title='bbox 1043 2466 1163 2507; x_wconf 92' lang='lat' dir='ltr'>non</span> <span class='ocrx_word' id='word_1_339' title='bbox 1178 2451 1414 2522; x_wconf 87' lang='lat' dir='ltr'>agendo</span> <span class='ocrx_word' id='word_1_340' title='bbox 1433 2451 1852 2523; x_wconf 76' lang='lat' dir='ltr'>paenitentiam,</span> <span class='ocrx_word' id='word_1_341' title='bbox 1875 2466 2077 2506; x_wconf 90' lang='lat' dir='ltr'>omnen</span> 
     </span>
    </p>
   </div>
   <div class='ocr_carea' id='block_1_49' title="bbox 1553 2451 3182 2529">
    <p class='ocr_par' dir='ltr' id='par_1_49' title="bbox 1553 2451 3182 2529">
     <span class='ocr_line' id='line_1_49' title="bbox 1553 2451 3182 2529; baseline 0.002 -24"><span class='ocrx_word' id='word_1_342' title='bbox 1553 2451 1852 2515; x_wconf 80' lang='lat' dir='ltr'>iitentiam,</span> <span class='ocrx_word' id='word_1_343' title='bbox 1875 2466 2099 2506; x_wconf 90' lang='lat' dir='ltr'>omnem</span> <span class='ocrx_word' id='word_1_344' title='bbox 2216 2459 2525 2524; x_wconf 76' lang='grc' dir='ltr'>συγγνώμην</span> <span class='ocrx_word' id='word_1_345' title='bbox 2554 2456 2757 2517; x_wconf 73' lang='grc' dir='ltr'>ἑαυτοῖς</span> <span class='ocrx_word' id='word_1_346' title='bbox 2788 2460 3182 2529; x_wconf 85' lang='grc' dir='ltr'>περικόπτουσι.</span> 
     </span>
    </p>
   </div>
   <div class='ocr_carea' id='block_1_50' title="bbox 455 2540 1829 2612">
    <p class='ocr_par' dir='ltr' id='par_1_50' title="bbox 455 2540 1829 2612">
     <span class='ocr_line' id='line_1_50' title="bbox 455 2540 1829 2612; baseline -0.004 -16"><span class='ocrx_word' id='word_1_347' title='bbox 455 2542 564 2596; x_wconf 89' lang='lat' dir='ltr'>sibi</span> <span class='ocrx_word' id='word_1_348' title='bbox 587 2541 1037 2598; x_wconf 84' lang='lat' dir='ltr'>excusationem</span> <span class='ocrx_word' id='word_1_349' title='bbox 1071 2540 1429 2612; x_wconf 91' lang='lat' dir='ltr'>veniamque</span> <span class='ocrx_word' id='word_1_350' title='bbox 1463 2540 1829 2611; x_wconf 62' lang='lat' dir='ltr'>praeciderat.</span> 
     </span>
    </p>
   </div>
   <div class='ocr_carea' id='block_1_51' title="bbox 518 2629 2147 2708">
    <p class='ocr_par' dir='ltr' id='par_1_51' title="bbox 518 2629 2100 2701">
     <span class='ocr_line' id='line_1_51' title="bbox 518 2629 2100 2701; baseline -0.001 -16"><span class='ocrx_word' id='word_1_351' title='bbox 518 2630 806 2687; x_wconf 89' lang='lat' dir='ltr'>Parabola</span> <span class='ocrx_word' id='word_1_352' title='bbox 856 2645 1000 2685; x_wconf 89' lang='lat' dir='ltr'>vero</span> <span class='ocrx_word' id='word_1_353' title='bbox 1045 2629 1123 2684; x_wconf 91' lang='lat' dir='ltr'>ab</span> <span class='ocrx_word' id='word_1_354' title='bbox 1176 2629 1269 2697; x_wconf 91' lang='lat' dir='ltr'>iis,</span> <span class='ocrx_word' id='word_1_355' title='bbox 1320 2629 1424 2701; x_wconf 89' lang='lat' dir='ltr'>qui</span> <span class='ocrx_word' id='word_1_356' title='bbox 1466 2630 1547 2684; x_wconf 89' lang='lat' dir='ltr'>ita</span> <span class='ocrx_word' id='word_1_357' title='bbox 1595 2632 2100 2693; x_wconf 88' lang='lat' dir='ltr'>commentantur,</span> 
     </span>
    </p>
   </div>
   <div class='ocr_carea' id='block_1_52' title="bbox 2195 2629 3824 2708">
    <p class='ocr_par' dir='ltr' id='par_1_52' title="bbox 2282 2629 3824 2708">
     <span class='ocr_line' id='line_1_52' title="bbox 2282 2629 3824 2708; baseline 0.002 -25"><span class='ocrx_word' id='word_1_358' title='bbox 2282 2638 2461 2683; x_wconf 76' lang='grc' dir='ltr'>Ταῦτα</span> <span class='ocrx_word' id='word_1_359' title='bbox 2516 2635 2604 2703; x_wconf 71' lang='grc' dir='ltr'>μὲν</span> <span class='ocrx_word' id='word_1_360' title='bbox 2661 2629 2728 2690; x_wconf 76' lang='grc' dir='ltr'>δὴ</span> <span class='ocrx_word' id='word_1_361' title='bbox 2786 2634 3104 2707; x_wconf 87' lang='grc' dir='ltr'>πράττουσιν</span> <span class='ocrx_word' id='word_1_362' title='bbox 3153 2636 3181 2691; x_wconf 82' lang='grc' dir='ltr'><strong>ἠ</strong></span> <span class='ocrx_word' id='word_1_363' title='bbox 3243 2632 3508 2708; x_wconf 83' lang='grc' dir='ltr'>παραϐολὴ</span> <span class='ocrx_word' id='word_1_364' title='bbox 3546 2638 3610 2686; x_wconf 80' lang='grc' dir='ltr'>τὰ</span> <span class='ocrx_word' id='word_1_365' title='bbox 3665 2633 3824 2686; x_wconf 82' lang='grc' dir='ltr'>λοιπὰ</span> 
     </span>
    </p>
   </div>
   <div class='ocr_carea' id='block_1_53' title="bbox 444 2716 2073 2794">
    <p class='ocr_par' dir='ltr' id='par_1_53' title="bbox 444 2716 2073 2790">
     <span class='ocr_line' id='line_1_53' title="bbox 444 2716 2073 2790; baseline -0.002 -15"><span class='ocrx_word' id='word_1_366' title='bbox 444 2720 713 2784; x_wconf 89' lang='lat' dir='ltr'>nomina,</span> <span class='ocrx_word' id='word_1_367' title='bbox 747 2721 803 2774; x_wconf 91' lang='lat' dir='ltr'>et</span> <span class='ocrx_word' id='word_1_368' title='bbox 832 2734 945 2782; x_wconf 90' lang='lat' dir='ltr'>res,</span> <span class='ocrx_word' id='word_1_369' title='bbox 977 2734 1113 2790; x_wconf 69' lang='lat' dir='ltr'>quae</span> <span class='ocrx_word' id='word_1_370' title='bbox 1146 2717 1361 2772; x_wconf 90' lang='lat' dir='ltr'>nullius</span> <span class='ocrx_word' id='word_1_371' title='bbox 1394 2716 1788 2779; x_wconf 88' lang='lat' dir='ltr'>necessitatis,</span> <span class='ocrx_word' id='word_1_372' title='bbox 1826 2717 2073 2772; x_wconf 87' lang='lat' dir='ltr'>admoni</span> 
     </span>
    </p>
   </div>
   <div class='ocr_carea' id='block_1_54' title="bbox 2192 2716 3821 2794">
    <p class='ocr_par' dir='ltr' id='par_1_54' title="bbox 2213 2719 3821 2794">
     <span class='ocr_line' id='line_1_54' title="bbox 2213 2719 3821 2794; baseline 0.002 -25"><span class='ocrx_word' id='word_1_373' title='bbox 2213 2728 2311 2770; x_wconf 86' lang='grc' dir='ltr'>τῶν</span> <span class='ocrx_word' id='word_1_374' title='bbox 2370 2719 2631 2791; x_wconf 83' lang='grc' dir='ltr'>ὀνομάτων</span> <span class='ocrx_word' id='word_1_375' title='bbox 2697 2740 2747 2772; x_wconf 89' lang='grc' dir='ltr'>τε</span> <span class='ocrx_word' id='word_1_376' title='bbox 2795 2726 2883 2773; x_wconf 82' lang='grc' dir='ltr'>καὶ</span> <span class='ocrx_word' id='word_1_377' title='bbox 2940 2724 3275 2794; x_wconf 85' lang='grc' dir='ltr'>πραγμάτων,</span> <span class='ocrx_word' id='word_1_378' title='bbox 3328 2725 3429 2774; x_wconf 86' lang='grc' dir='ltr'>ὅσα</span> <span class='ocrx_word' id='word_1_379' title='bbox 3493 2719 3659 2794; x_wconf 71' lang='grc' dir='ltr'>μηδὲν</span> <span class='ocrx_word' id='word_1_380' title='bbox 3721 2732 3821 2775; x_wconf 85' lang='grc' dir='ltr'>τῶν</span> 
     </span>
    </p>
   </div>
   <div class='ocr_carea' id='block_1_55' title="bbox 448 2806 2077 2885">
    <p class='ocr_par' dir='ltr' id='par_1_55' title="bbox 448 2806 2077 2875">
     <span class='ocr_line' id='line_1_55' title="bbox 448 2806 2077 2875; baseline -0.002 -11"><span class='ocrx_word' id='word_1_381' title='bbox 448 2810 698 2865; x_wconf 90' lang='lat' dir='ltr'>tionisve</span> <span class='ocrx_word' id='word_1_382' title='bbox 752 2806 1030 2864; x_wconf 89' lang='lat' dir='ltr'>salutaris</span> <span class='ocrx_word' id='word_1_383' title='bbox 1086 2811 1236 2872; x_wconf 91' lang='lat' dir='ltr'>sunt,</span> <span class='ocrx_word' id='word_1_384' title='bbox 1296 2806 1521 2862; x_wconf 88' lang='lat' dir='ltr'>curiose</span> <span class='ocrx_word' id='word_1_385' title='bbox 1581 2806 1927 2875; x_wconf 91' lang='lat' dir='ltr'>investigari</span> <span class='ocrx_word' id='word_1_386' title='bbox 1982 2822 2077 2862; x_wconf 71' lang='lat' dir='ltr'>non</span> 
     </span>
    </p>
   </div>
   <div class='ocr_carea' id='block_1_56' title="bbox 2194 2806 3823 2885">
    <p class='ocr_par' dir='ltr' id='par_1_56' title="bbox 2216 2807 3823 2885">
     <span class='ocr_line' id='line_1_56' title="bbox 2216 2807 3823 2885; baseline 0.004 -27"><span class='ocrx_word' id='word_1_387' title='bbox 2216 2807 2529 2879; x_wconf 78' lang='grc' dir='ltr'>ἀναγκαίων,</span> <span class='ocrx_word' id='word_1_388' title='bbox 2588 2814 2676 2861; x_wconf 84' lang='grc' dir='ltr'>καὶ</span> <span class='ocrx_word' id='word_1_389' title='bbox 2725 2814 2849 2881; x_wconf 82' lang='grc' dir='ltr'>πρὸς</span> <span class='ocrx_word' id='word_1_390' title='bbox 2907 2816 3168 2883; x_wconf 83' lang='grc' dir='ltr'>σωτηρίαν</span> <span class='ocrx_word' id='word_1_391' title='bbox 3251 2811 3632 2882; x_wconf 80' lang='grc' dir='ltr'>ἐκκαλουμένων</span> <span class='ocrx_word' id='word_1_392' title='bbox 3699 2832 3823 2885; x_wconf 81' lang='grc' dir='ltr'>προ-</span> 
     </span>
    </p>
   </div>
   <div class='ocr_carea' id='block_1_57' title="bbox 447 2894 2076 2973">
    <p class='ocr_par' dir='ltr' id='par_1_57' title="bbox 447 2896 2076 2968">
     <span class='ocr_line' id='line_1_57' title="bbox 447 2896 2076 2968; baseline -0.003 -14"><span class='ocrx_word' id='word_1_393' title='bbox 447 2904 634 2954; x_wconf 88' lang='lat' dir='ltr'>curat.</span> <span class='ocrx_word' id='word_1_394' title='bbox 658 2899 909 2963; x_wconf 87' lang='lat' dir='ltr'>Quinam</span> <span class='ocrx_word' id='word_1_395' title='bbox 934 2897 1090 2952; x_wconf 92' lang='lat' dir='ltr'>enim</span> <span class='ocrx_word' id='word_1_396' title='bbox 1119 2901 1278 2965; x_wconf 89' lang='lat' dir='ltr'>sunt,</span> <span class='ocrx_word' id='word_1_397' title='bbox 1304 2896 1405 2968; x_wconf 91' lang='lat' dir='ltr'>qui</span> <span class='ocrx_word' id='word_1_398' title='bbox 1431 2900 1640 2951; x_wconf 74' lang='lat' dir='ltr'>aestum</span> <span class='ocrx_word' id='word_1_399' title='bbox 1662 2896 1776 2950; x_wconf 89' lang='lat' dir='ltr'>diei</span> <span class='ocrx_word' id='word_1_400' title='bbox 1802 2896 2076 2967; x_wconf 47' lang='lat' dir='ltr'>noctisqut</span> 
     </span>
    </p>
   </div>
   <div class='ocr_carea' id='block_1_58' title="bbox 2194 2894 3823 2973">
    <p class='ocr_par' dir='ltr' id='par_1_58' title="bbox 2216 2894 3823 2973">
     <span class='ocr_line' id='line_1_58' title="bbox 2216 2894 3823 2973; baseline 0.004 -25"><span class='ocrx_word' id='word_1_401' title='bbox 2216 2898 2360 2962; x_wconf 84' lang='grc' dir='ltr'>ξενεί,</span> <span class='ocrx_word' id='word_1_402' title='bbox 2430 2894 2553 2949; x_wconf 69' lang='grc' dir='ltr'>οὐδὲ</span> <span class='ocrx_word' id='word_1_403' title='bbox 2611 2902 2908 2971; x_wconf 78' lang='grc' dir='ltr'>σεμνύνεται</span> <span class='ocrx_word' id='word_1_404' title='bbox 2962 2900 3432 2973; x_wconf 79' lang='grc' dir='ltr'>πολυπραγμονεῖν.</span> <span class='ocrx_word' id='word_1_405' title='bbox 3492 2902 3638 2955; x_wconf 87' lang='grc' dir='ltr'>Ἐπεί</span> <span class='ocrx_word' id='word_1_406' title='bbox 3691 2921 3823 2964; x_wconf 88' lang='grc' dir='ltr'>τινες</span> 
     </span>
    </p>
   </div>
   <div class='ocr_carea' id='block_1_59' title="bbox 447 2985 2076 3063">
    <p class='ocr_par' dir='ltr' id='par_1_59' title="bbox 447 2985 2076 3059">
     <span class='ocr_line' id='line_1_59' title="bbox 447 2985 2076 3059; baseline -0.002 -15"><span class='ocrx_word' id='word_1_407' title='bbox 447 2988 694 3059; x_wconf 85' lang='lat' dir='ltr'>glaciem</span> <span class='ocrx_word' id='word_1_408' title='bbox 731 2986 788 3041; x_wconf 92' lang='lat' dir='ltr'>in</span> <span class='ocrx_word' id='word_1_409' title='bbox 814 2986 1001 3041; x_wconf 89' lang='lat' dir='ltr'>sacris</span> <span class='ocrx_word' id='word_1_410' title='bbox 1025 2985 1333 3041; x_wconf 90' lang='lat' dir='ltr'>laboribus</span> <span class='ocrx_word' id='word_1_411' title='bbox 1362 2985 1634 3041; x_wconf 90' lang='lat' dir='ltr'>animose</span> <span class='ocrx_word' id='word_1_412' title='bbox 1658 2985 2011 3040; x_wconf 86' lang='lat' dir='ltr'>invenerunt</span> <span class='ocrx_word' id='word_1_413' title='bbox 2033 2987 2076 3020; x_wconf 72' lang='grc'>⁵⁸</span> 
     </span>
    </p>
   </div>
   <div class='ocr_carea' id='block_1_60' title="bbox 2196 2985 3825 3063">
    <p class='ocr_par' dir='ltr' id='par_1_60' title="bbox 2212 2989 3825 3063">
     <span class='ocr_line' id='line_1_60' title="bbox 2212 2989 3825 3063; baseline 0.003 -26"><span class='ocrx_word' id='word_1_414' title='bbox 2212 2989 2261 3037; x_wconf 89' lang='grc' dir='ltr'>οἱ</span> <span class='ocrx_word' id='word_1_415' title='bbox 2319 2990 2402 3038; x_wconf 90' lang='grc' dir='ltr'>τόν</span> <span class='ocrx_word' id='word_1_416' title='bbox 2456 2990 2703 3040; x_wconf 78' lang='grc' dir='ltr'>καύσωνα</span> <span class='ocrx_word' id='word_1_417' title='bbox 2753 2997 2847 3049; x_wconf 84' lang='grc' dir='ltr'>τῆς</span> <span class='ocrx_word' id='word_1_418' title='bbox 2893 2991 3109 3063; x_wconf 73' lang='grc' dir='ltr'>ἡμέρας,</span> <span class='ocrx_word' id='word_1_419' title='bbox 3156 2994 3244 3041; x_wconf 82' lang='grc' dir='ltr'>καὶ</span> <span class='ocrx_word' id='word_1_420' title='bbox 3307 2994 3393 3041; x_wconf 82' lang='grc' dir='ltr'>τὸν</span> <span class='ocrx_word' id='word_1_421' title='bbox 3447 2994 3669 3061; x_wconf 84' lang='grc' dir='ltr'>παγετὸν</span> <span class='ocrx_word' id='word_1_422' title='bbox 3728 3001 3825 3053; x_wconf 81' lang='grc' dir='ltr'>τῆς</span> 
     </span>
    </p>
   </div>
   <div class='ocr_carea' id='block_1_61' title="bbox 446 3074 2075 3175">
    <p class='ocr_par' dir='ltr' id='par_1_61' title="bbox 446 3074 2075 3148">
     <span class='ocr_line' id='line_1_61' title="bbox 446 3074 2075 3148; baseline -0.003 -16"><span class='ocrx_word' id='word_1_423' title='bbox 446 3083 503 3133; x_wconf 91' lang='lat' dir='ltr'>et</span> <span class='ocrx_word' id='word_1_424' title='bbox 533 3078 593 3132; x_wconf 90' lang='lat' dir='ltr'>in</span> <span class='ocrx_word' id='word_1_425' title='bbox 627 3076 775 3133; x_wconf 89' lang='lat' dir='ltr'>alios</span> <span class='ocrx_word' id='word_1_426' title='bbox 806 3080 940 3148; x_wconf 88' lang='lat' dir='ltr'>post</span> <span class='ocrx_word' id='word_1_427' title='bbox 963 3092 1022 3129; x_wconf 89' lang='lat' dir='ltr'>se</span> <span class='ocrx_word' id='word_1_428' title='bbox 1048 3075 1124 3131; x_wconf 90' lang='lat' dir='ltr'>ad</span> <span class='ocrx_word' id='word_1_429' title='bbox 1168 3074 1421 3129; x_wconf 89' lang='lat' dir='ltr'>similem</span> <span class='ocrx_word' id='word_1_430' title='bbox 1456 3074 1718 3129; x_wconf 86' lang='lat' dir='ltr'>laborem</span> <span class='ocrx_word' id='word_1_431' title='bbox 1754 3074 2075 3130; x_wconf 88' lang='lat' dir='ltr'>conductos</span> 
     </span>
    </p>
   </div>
   <div class='ocr_carea' id='block_1_62' title="bbox 2192 3074 3821 3175">
    <p class='ocr_par' dir='ltr' id='par_1_62' title="bbox 2212 3076 3821 3152">
     <span class='ocr_line' id='line_1_62' title="bbox 2212 3076 3821 3152; baseline 0.004 -25"><span class='ocrx_word' id='word_1_432' title='bbox 2212 3080 2397 3138; x_wconf 87' lang='grc' dir='ltr'>νυκτός</span> <span class='ocrx_word' id='word_1_433' title='bbox 2440 3076 2521 3129; x_wconf 86' lang='grc' dir='ltr'>ἐπὶ</span> <span class='ocrx_word' id='word_1_434' title='bbox 2575 3084 2678 3139; x_wconf 87' lang='grc' dir='ltr'>τοῖς</span> <span class='ocrx_word' id='word_1_435' title='bbox 2730 3080 2880 3139; x_wconf 89' lang='grc' dir='ltr'>θείοις</span> <span class='ocrx_word' id='word_1_436' title='bbox 2937 3082 3109 3152; x_wconf 81' lang='grc' dir='ltr'>ἔργοις</span> <span class='ocrx_word' id='word_1_437' title='bbox 3164 3078 3413 3151; x_wconf 76' lang='grc' dir='ltr'>ἐμψύχως</span> <span class='ocrx_word' id='word_1_438' title='bbox 3463 3076 3821 3151; x_wconf 73' lang='grc' dir='ltr'>διενεγκόντες·</span> 
     </span>
    </p>
   </div>
   <div class='ocr_carea' id='block_1_63' title="bbox 443 3162 2072 3240">
    <p class='ocr_par' dir='ltr' id='par_1_63' title="bbox 443 3163 2072 3238">
     <span class='ocr_line' id='line_1_63' title="bbox 443 3163 2072 3238; baseline -0.001 -17"><span class='ocrx_word' id='word_1_439' title='bbox 443 3167 548 3238; x_wconf 89' lang='lat' dir='ltr'>qui</span> <span class='ocrx_word' id='word_1_440' title='bbox 603 3181 810 3238; x_wconf 89' lang='lat' dir='ltr'>parem</span> <span class='ocrx_word' id='word_1_441' title='bbox 872 3165 1204 3220; x_wconf 90' lang='lat' dir='ltr'>mercedem</span> <span class='ocrx_word' id='word_1_442' title='bbox 1277 3168 1653 3234; x_wconf 88' lang='lat' dir='ltr'>acceperant,</span> <span class='ocrx_word' id='word_1_443' title='bbox 1728 3163 1995 3218; x_wconf 88' lang='lat' dir='ltr'>invidum</span> <span class='ocrx_word' id='word_1_444' title='bbox 2050 3181 2072 3219; x_wconf 87' lang='lat' dir='ltr'>e</span> 
     </span>
    </p>
   </div>
   <div class='ocr_carea' id='block_1_64' title="bbox 2194 3162 3823 3240">
    <p class='ocr_par' dir='ltr' id='par_1_64' title="bbox 2214 3162 3823 3240">
     <span class='ocr_line' id='line_1_64' title="bbox 2214 3162 3823 3240; baseline 0.002 -23"><span class='ocrx_word' id='word_1_445' title='bbox 2214 3173 2320 3227; x_wconf 88' lang='grc' dir='ltr'>τοῖς</span> <span class='ocrx_word' id='word_1_446' title='bbox 2377 3162 2435 3217; x_wconf 71' lang='grc' dir='ltr'>δὲ</span> <span class='ocrx_word' id='word_1_447' title='bbox 2488 3168 2597 3237; x_wconf 87' lang='grc' dir='ltr'>μετ’</span> <span class='ocrx_word' id='word_1_448' title='bbox 2654 3166 2841 3229; x_wconf 72' lang='grc' dir='ltr'>αὐτούς</span> <span class='ocrx_word' id='word_1_449' title='bbox 2899 3167 3108 3220; x_wconf 78' lang='grc' dir='ltr'>ἐλθοῦσι</span> <span class='ocrx_word' id='word_1_450' title='bbox 3149 3170 3490 3240; x_wconf 75' lang='grc' dir='ltr'>μιμήσασθαι</span> <span class='ocrx_word' id='word_1_451' title='bbox 3536 3168 3823 3240; x_wconf 84' lang='grc' dir='ltr'>βάσκανον,</span> 
     </span>
    </p>
   </div>
   <div class='ocr_carea' id='block_1_65' title="bbox 445 3253 2074 3329">
    <p class='ocr_par' dir='ltr' id='par_1_65' title="bbox 445 3253 2068 3327">
     <span class='ocr_line' id='line_1_65' title="bbox 445 3253 2068 3327; baseline -0.001 -18"><span class='ocrx_word' id='word_1_452' title='bbox 445 3271 705 3327; x_wconf 89' lang='lat' dir='ltr'>nequam</span> <span class='ocrx_word' id='word_1_453' title='bbox 723 3254 965 3310; x_wconf 91' lang='lat' dir='ltr'>oculum</span> <span class='ocrx_word' id='word_1_454' title='bbox 993 3253 1409 3324; x_wconf 86' lang='lat' dir='ltr'>conjecerunt»</span> <span class='ocrx_word' id='word_1_455' title='bbox 1426 3253 1502 3307; x_wconf 66' lang='lat'>‘7?</span> <span class='ocrx_word' id='word_1_456' title='bbox 1527 3254 1667 3317; x_wconf 80' lang='lat' dir='ltr'>Quis</span> <span class='ocrx_word' id='word_1_457' title='bbox 1681 3259 1881 3308; x_wconf 89' lang='lat' dir='ltr'>autem</span> <span class='ocrx_word' id='word_1_458' title='bbox 1904 3259 1992 3308; x_wconf 91' lang='lat' dir='ltr'>est</span> <span class='ocrx_word' id='word_1_459' title='bbox 2013 3253 2068 3308; x_wconf 92' lang='lat' dir='ltr'>ill</span> 
     </span>
    </p>
   </div>
   <div class='ocr_carea' id='block_1_66' title="bbox 2192 3253 3821 3329">
    <p class='ocr_par' dir='ltr' id='par_1_66' title="bbox 2214 3255 3821 3329">
     <span class='ocr_line' id='line_1_66' title="bbox 2214 3255 3821 3329; baseline 0.002 -23"><span class='ocrx_word' id='word_1_460' title='bbox 2214 3260 2302 3306; x_wconf 81' lang='grc' dir='ltr'>καὶ</span> <span class='ocrx_word' id='word_1_461' title='bbox 2342 3258 2564 3328; x_wconf 88' lang='grc' dir='ltr'>πονηρὸν</span> <span class='ocrx_word' id='word_1_462' title='bbox 2631 3255 2913 3328; x_wconf 82' lang='grc' dir='ltr'>ὀφθαλμόν,</span> <span class='ocrx_word' id='word_1_463' title='bbox 2972 3256 3045 3329; x_wconf 80' lang='grc' dir='ltr'>ἐφ’</span> <span class='ocrx_word' id='word_1_464' title='bbox 3086 3258 3158 3317; x_wconf 84' lang='grc' dir='ltr'>οἷς</span> <span class='ocrx_word' id='word_1_465' title='bbox 3210 3262 3469 3329; x_wconf 84' lang='grc' dir='ltr'>μετέσχον</span> <span class='ocrx_word' id='word_1_466' title='bbox 3524 3266 3622 3309; x_wconf 86' lang='grc' dir='ltr'>τῶν</span> <span class='ocrx_word' id='word_1_467' title='bbox 3675 3261 3821 3325; x_wconf 79' lang='grc' dir='ltr'>ἰσων,</span> 
     </span>
    </p>
   </div>
   <div class='ocr_carea' id='block_1_67' title="bbox 447 3340 2076 3419">
    <p class='ocr_par' dir='ltr' id='par_1_67' title="bbox 447 3340 2076 3414">
     <span class='ocr_line' id='line_1_67' title="bbox 447 3340 2076 3414; baseline 0.001 -20"><span class='ocrx_word' id='word_1_468' title='bbox 447 3365 470 3394; x_wconf 73' lang='grc' dir='ltr'><strong><em>α</em></strong></span> <span class='ocrx_word' id='word_1_469' title='bbox 498 3344 673 3414; x_wconf 86' lang='lat' dir='ltr'>judex</span> <span class='ocrx_word' id='word_1_470' title='bbox 694 3342 1041 3414; x_wconf 91' lang='lat' dir='ltr'>iniquitatis,</span> <span class='ocrx_word' id='word_1_471' title='bbox 1066 3341 1163 3412; x_wconf 90' lang='lat' dir='ltr'>qui</span> <span class='ocrx_word' id='word_1_472' title='bbox 1193 3344 1376 3396; x_wconf 90' lang='lat' dir='ltr'>Deum</span> <span class='ocrx_word' id='word_1_473' title='bbox 1400 3356 1520 3396; x_wconf 89' lang='lat' dir='ltr'>non</span> <span class='ocrx_word' id='word_1_474' title='bbox 1552 3340 1815 3406; x_wconf 89' lang='lat' dir='ltr'>timebat,</span> <span class='ocrx_word' id='word_1_475' title='bbox 1841 3348 1893 3397; x_wconf 91' lang='lat' dir='ltr'>et</span> <span class='ocrx_word' id='word_1_476' title='bbox 1919 3342 2076 3397; x_wconf 86' lang='lat' dir='ltr'>homi</span> 
     </span>
    </p>
   </div>
   <div class='ocr_carea' id='block_1_68' title="bbox 2197 3340 3826 3419">
    <p class='ocr_par' dir='ltr' id='par_1_68' title="bbox 2215 3342 3826 3419">
     <span class='ocr_line' id='line_1_68' title="bbox 2215 3342 3826 3419; baseline 0.001 -24"><span class='ocrx_word' id='word_1_477' title='bbox 2215 3342 2569 3404; x_wconf 88' lang='grc' dir='ltr'>ἐπιϐάλλοντες</span> <span class='ocrx_word' id='word_1_478' title='bbox 2605 3361 2617 3409; x_wconf 87' lang='grc'>;</span> <span class='ocrx_word' id='word_1_479' title='bbox 2659 3350 2744 3405; x_wconf 91' lang='grc' dir='ltr'>Τίς</span> <span class='ocrx_word' id='word_1_480' title='bbox 2798 3342 2855 3397; x_wconf 77' lang='grc' dir='ltr'>δε</span> <span class='ocrx_word' id='word_1_481' title='bbox 2889 3367 2916 3393; x_wconf 89' lang='grc'>‹‹</span> <span class='ocrx_word' id='word_1_482' title='bbox 2960 3347 2984 3396; x_wconf 88' lang='grc' dir='ltr'>ό</span> <span class='ocrx_word' id='word_1_483' title='bbox 3035 3355 3125 3406; x_wconf 80' lang='grc' dir='ltr'>τῆς</span> <span class='ocrx_word' id='word_1_484' title='bbox 3184 3343 3393 3408; x_wconf 85' lang='grc' dir='ltr'>ἀδικίας</span> <span class='ocrx_word' id='word_1_485' title='bbox 3436 3352 3615 3419; x_wconf 76' lang='grc' dir='ltr'>κριτὴς</span> <span class='ocrx_word' id='word_1_486' title='bbox 3646 3348 3671 3398; x_wconf 87' lang='lat'>6</span> <span class='ocrx_word' id='word_1_487' title='bbox 3702 3352 3826 3400; x_wconf 80' lang='grc' dir='ltr'>Θεὸν</span> 
     </span>
    </p>
   </div>
   <div class='ocr_carea' id='block_1_69' title="bbox 444 3430 2073 3509">
    <p class='ocr_par' dir='ltr' id='par_1_69' title="bbox 444 3430 2071 3495">
     <span class='ocr_line' id='line_1_69' title="bbox 444 3430 2071 3495; baseline -0.001 -6"><span class='ocrx_word' id='word_1_488' title='bbox 444 3449 583 3489; x_wconf 92' lang='lat' dir='ltr'>nem</span> <span class='ocrx_word' id='word_1_489' title='bbox 602 3448 718 3488; x_wconf 92' lang='lat' dir='ltr'>non</span> <span class='ocrx_word' id='word_1_490' title='bbox 734 3432 1113 3488; x_wconf 86' lang='lat' dir='ltr'>reverebatur</span> <span class='ocrx_word' id='word_1_491' title='bbox 1129 3434 1175 3465; x_wconf 73' lang='grc'>⁵⁸</span> <span class='ocrx_word' id='word_1_492' title='bbox 1193 3448 1207 3495; x_wconf 89' lang='grc'>;</span> <span class='ocrx_word' id='word_1_493' title='bbox 1225 3447 1292 3485; x_wconf 92' lang='lat' dir='ltr'>ac</span> <span class='ocrx_word' id='word_1_494' title='bbox 1306 3430 1523 3486; x_wconf 92' lang='lat' dir='ltr'>deinde</span> <span class='ocrx_word' id='word_1_495' title='bbox 1535 3431 1719 3487; x_wconf 89' lang='lat' dir='ltr'>vidua</span> <span class='ocrx_word' id='word_1_496' title='bbox 1732 3432 2071 3487; x_wconf 89' lang='lat' dir='ltr'>declamant</span> 
     </span>
    </p>
   </div>
   <div class='ocr_carea' id='block_1_70' title="bbox 2193 3430 3822 3509">
    <p class='ocr_par' dir='ltr' id='par_1_70' title="bbox 2214 3432 3822 3509">
     <span class='ocr_line' id='line_1_70' title="bbox 2214 3432 3822 3509; baseline 0.001 -25"><span class='ocrx_word' id='word_1_497' title='bbox 2214 3438 2284 3503; x_wconf 78' lang='grc' dir='ltr'>μὴ</span> <span class='ocrx_word' id='word_1_498' title='bbox 2347 3432 2677 3504; x_wconf 87' lang='grc' dir='ltr'>φοϐούμενος,</span> <span class='ocrx_word' id='word_1_499' title='bbox 2733 3440 2822 3486; x_wconf 86' lang='grc' dir='ltr'>καὶ</span> <span class='ocrx_word' id='word_1_500' title='bbox 2889 3436 3158 3508; x_wconf 75' lang='grc' dir='ltr'>ἄνθρωπον</span> <span class='ocrx_word' id='word_1_501' title='bbox 3217 3440 3288 3505; x_wconf 79' lang='grc' dir='ltr'>μὴ</span> <span class='ocrx_word' id='word_1_502' title='bbox 3346 3435 3723 3509; x_wconf 78' lang='grc' dir='ltr'>ἐντρεπόμενος·</span> <span class='ocrx_word' id='word_1_503' title='bbox 3796 3458 3822 3486; x_wconf 66' lang='grc' dir='ltr'>η</span> 
     </span>
    </p>
   </div>
   <div class='ocr_carea' id='block_1_71' title="bbox 440 3518 2069 3599">
    <p class='ocr_par' dir='ltr' id='par_1_71' title="bbox 440 3518 2054 3592">
     <span class='ocr_line' id='line_1_71' title="bbox 440 3518 2054 3592; baseline -0.001 -15"><span class='ocrx_word' id='word_1_504' title='bbox 440 3537 735 3578; x_wconf 88' lang='lat' dir='ltr'>vesanam</span> <span class='ocrx_word' id='word_1_505' title='bbox 759 3520 1105 3592; x_wconf 89' lang='lat' dir='ltr'>superbiam</span> <span class='ocrx_word' id='word_1_506' title='bbox 1128 3520 1185 3574; x_wconf 91' lang='lat' dir='ltr'>in</span> <span class='ocrx_word' id='word_1_507' title='bbox 1208 3518 1680 3575; x_wconf 89' lang='lat' dir='ltr'>misericordiam</span> <span class='ocrx_word' id='word_1_508' title='bbox 1701 3521 1985 3576; x_wconf 90' lang='lat' dir='ltr'>convertit</span> <span class='ocrx_word' id='word_1_509' title='bbox 2008 3524 2054 3556; x_wconf 70' lang='grc'><strong>⁵9</strong></span> 
     </span>
    </p>
   </div>
   <div class='ocr_carea' id='block_1_72' title="bbox 2198 3518 3827 3599">
    <p class='ocr_par' dir='ltr' id='par_1_72' title="bbox 2216 3520 3827 3599">
     <span class='ocr_line' id='line_1_72' title="bbox 2216 3520 3827 3599; baseline 0.002 -26"><span class='ocrx_word' id='word_1_510' title='bbox 2216 3520 2323 3573; x_wconf 82' lang='grc' dir='ltr'>εἶτα</span> <span class='ocrx_word' id='word_1_511' title='bbox 2379 3530 2471 3581; x_wconf 83' lang='grc' dir='ltr'>τῆς</span> <span class='ocrx_word' id='word_1_512' title='bbox 2515 3528 2685 3595; x_wconf 76' lang='grc' dir='ltr'>χήρας</span> <span class='ocrx_word' id='word_1_513' title='bbox 2734 3522 3072 3584; x_wconf 82' lang='grc' dir='ltr'>καταϐοὼσης</span> <span class='ocrx_word' id='word_1_514' title='bbox 3135 3525 3206 3587; x_wconf 82' lang='grc' dir='ltr'>εἰς</span> <span class='ocrx_word' id='word_1_515' title='bbox 3249 3525 3548 3599; x_wconf 87' lang='grc' dir='ltr'>οἰκτιρμούς</span> <span class='ocrx_word' id='word_1_516' title='bbox 3598 3522 3827 3577; x_wconf 84' lang='grc' dir='ltr'>διαλύων</span> 
     </span>
    </p>
   </div>
   <div class='ocr_carea' id='block_1_73' title="bbox 442 3608 2071 3687">
    <p class='ocr_par' dir='ltr' id='par_1_73' title="bbox 442 3608 2071 3680">
     <span class='ocr_line' id='line_1_73' title="bbox 442 3608 2071 3680; baseline -0.002 -13"><span class='ocrx_word' id='word_1_517' title='bbox 442 3611 709 3667; x_wconf 85' lang='lat' dir='ltr'>Profecto</span> <span class='ocrx_word' id='word_1_518' title='bbox 732 3610 948 3664; x_wconf 90' lang='lat' dir='ltr'>horum</span> <span class='ocrx_word' id='word_1_519' title='bbox 979 3608 1329 3664; x_wconf 89' lang='lat' dir='ltr'>alterutrum</span> <span class='ocrx_word' id='word_1_520' title='bbox 1358 3624 1432 3665; x_wconf 90' lang='lat' dir='ltr'>ne</span> <span class='ocrx_word' id='word_1_521' title='bbox 1461 3623 1567 3680; x_wconf 89' lang='lat' dir='ltr'>per</span> <span class='ocrx_word' id='word_1_522' title='bbox 1589 3610 1839 3664; x_wconf 89' lang='lat' dir='ltr'>multam</span> <span class='ocrx_word' id='word_1_523' title='bbox 1862 3610 2071 3680; x_wconf 66' lang='lat' dir='ltr'>quidem</span> 
     </span>
    </p>
   </div>
   <div class='ocr_carea' id='block_1_74' title="bbox 2200 3608 3829 3687">
    <p class='ocr_par' dir='ltr' id='par_1_74' title="bbox 2214 3610 3829 3687">
     <span class='ocr_line' id='line_1_74' title="bbox 2214 3610 3829 3687; baseline 0.002 -26"><span class='ocrx_word' id='word_1_524' title='bbox 2214 3616 2307 3669; x_wconf 80' lang='grc' dir='ltr'>την</span> <span class='ocrx_word' id='word_1_525' title='bbox 2360 3610 2651 3675; x_wconf 90' lang='grc' dir='ltr'>ἀπόνοιαν;</span> <span class='ocrx_word' id='word_1_526' title='bbox 2711 3615 2914 3664; x_wconf 87' lang='grc' dir='ltr'>Τούτων</span> <span class='ocrx_word' id='word_1_527' title='bbox 2958 3616 3057 3685; x_wconf 81' lang='grc' dir='ltr'>γὰρ</span> <span class='ocrx_word' id='word_1_528' title='bbox 3105 3613 3338 3687; x_wconf 78' lang='grc' dir='ltr'>ἑκάτερον</span> <span class='ocrx_word' id='word_1_529' title='bbox 3396 3618 3467 3685; x_wconf 79' lang='grc' dir='ltr'>μὴ</span> <span class='ocrx_word' id='word_1_530' title='bbox 3526 3618 3655 3686; x_wconf 81' lang='grc' dir='ltr'>μετά</span> <span class='ocrx_word' id='word_1_531' title='bbox 3706 3614 3829 3666; x_wconf 85' lang='grc' dir='ltr'>πολ-</span> 
     </span>
    </p>
   </div>
   <div class='ocr_carea' id='block_1_75' title="bbox 444 3697 2073 3775">
    <p class='ocr_par' dir='ltr' id='par_1_75' title="bbox 444 3697 2073 3770">
     <span class='ocr_line' id='line_1_75' title="bbox 444 3697 2073 3770; baseline -0.001 -15"><span class='ocrx_word' id='word_1_532' title='bbox 444 3700 878 3756; x_wconf 89' lang='lat' dir='ltr'>aberrationem</span> <span class='ocrx_word' id='word_1_533' title='bbox 932 3714 968 3752; x_wconf 90' lang='lat' dir='ltr'>a</span> <span class='ocrx_word' id='word_1_534' title='bbox 1014 3697 1340 3770; x_wconf 88' lang='lat' dir='ltr'>proposito,</span> <span class='ocrx_word' id='word_1_535' title='bbox 1416 3704 1599 3769; x_wconf 90' lang='lat' dir='ltr'>atque</span> <span class='ocrx_word' id='word_1_536' title='bbox 1674 3698 2073 3770; x_wconf 89' lang='lat' dir='ltr'>nugacitatem</span> 
     </span>
    </p>
   </div>
   <div class='ocr_carea' id='block_1_76' title="bbox 2199 3697 3828 3775">
    <p class='ocr_par' dir='ltr' id='par_1_76' title="bbox 2212 3698 3828 3775">
     <span class='ocr_line' id='line_1_76' title="bbox 2212 3698 3828 3775; baseline 0.002 -25"><span class='ocrx_word' id='word_1_537' title='bbox 2212 3698 2301 3759; x_wconf 81' lang='grc' dir='ltr'>λῆς</span> <span class='ocrx_word' id='word_1_538' title='bbox 2358 3707 2451 3761; x_wconf 85' lang='grc' dir='ltr'>τῆς</span> <span class='ocrx_word' id='word_1_539' title='bbox 2517 3698 2837 3773; x_wconf 85' lang='grc' dir='ltr'>παρεκϐολῆς</span> <span class='ocrx_word' id='word_1_540' title='bbox 2904 3708 2993 3754; x_wconf 80' lang='grc' dir='ltr'>καὶ</span> <span class='ocrx_word' id='word_1_541' title='bbox 3064 3699 3409 3773; x_wconf 81' lang='grc' dir='ltr'>ἀδολεσχίας,</span> <span class='ocrx_word' id='word_1_542' title='bbox 3468 3703 3526 3754; x_wconf 74' lang='grc' dir='ltr'>ού</span> <span class='ocrx_word' id='word_1_543' title='bbox 3587 3708 3677 3775; x_wconf 72' lang='grc' dir='ltr'>μὲν</span> <span class='ocrx_word' id='word_1_544' title='bbox 3740 3700 3828 3755; x_wconf 72' lang='grc' dir='ltr'>οὖν</span> 
     </span>
    </p>
   </div>
   <div class='ocr_carea' id='block_1_77' title="bbox 448 3787 2077 3865">
    <p class='ocr_par' dir='ltr' id='par_1_77' title="bbox 448 3787 2077 3860">
     <span class='ocr_line' id='line_1_77' title="bbox 448 3787 2077 3860; baseline -0.003 -13"><span class='ocrx_word' id='word_1_545' title='bbox 448 3791 629 3848; x_wconf 88' lang='lat' dir='ltr'>alicui</span> <span class='ocrx_word' id='word_1_546' title='bbox 701 3787 977 3860; x_wconf 88' lang='lat' dir='ltr'>peculiari</span> <span class='ocrx_word' id='word_1_547' title='bbox 1033 3803 1298 3858; x_wconf 73' lang='lat' dir='ltr'>personae</span> <span class='ocrx_word' id='word_1_548' title='bbox 1369 3802 1604 3858; x_wconf 90' lang='lat' dir='ltr'>quoquo</span> <span class='ocrx_word' id='word_1_549' title='bbox 1677 3788 1854 3843; x_wconf 92' lang='lat' dir='ltr'>modo</span> <span class='ocrx_word' id='word_1_550' title='bbox 1912 3804 2077 3859; x_wconf 82' lang='lat' dir='ltr'>posse</span> 
     </span>
    </p>
   </div>
   <div class='ocr_carea' id='block_1_78' title="bbox 2196 3787 3825 3865">
    <p class='ocr_par' dir='ltr' id='par_1_78' title="bbox 2214 3788 3825 3865">
     <span class='ocr_line' id='line_1_78' title="bbox 2214 3788 3825 3865; baseline 0.004 -26"><span class='ocrx_word' id='word_1_551' title='bbox 2214 3788 2307 3839; x_wconf 76' lang='grc' dir='ltr'>ούκ</span> <span class='ocrx_word' id='word_1_552' title='bbox 2428 3792 2539 3840; x_wconf 82' lang='grc' dir='ltr'>ἔστι</span> <span class='ocrx_word' id='word_1_553' title='bbox 2665 3795 2928 3862; x_wconf 79' lang='grc' dir='ltr'>προσώπῳ</span> <span class='ocrx_word' id='word_1_554' title='bbox 3055 3796 3442 3863; x_wconf 83' lang='grc' dir='ltr'>περιωρισμένῳ</span> <span class='ocrx_word' id='word_1_555' title='bbox 3541 3792 3825 3865; x_wconf 85' lang='grc' dir='ltr'>ἐναρμόσα-</span> 
     </span>
    </p>
   </div>
   <div class='ocr_carea' id='block_1_79' title="bbox 450 3878 2079 3953">
    <p class='ocr_par' dir='ltr' id='par_1_79' title="bbox 450 3878 666 3953">
     <span class='ocr_line' id='line_1_79' title="bbox 450 3878 666 3953; baseline -0.023 -17"><span class='ocrx_word' id='word_1_556' title='bbox 450 3878 666 3953; x_wconf 87' lang='lat' dir='ltr'>aptari.</span> 
     </span>
    </p>
   </div>
   <div class='ocr_carea' id='block_1_80' title="bbox 732 3878 2361 3953">
    <p class='ocr_par' dir='ltr' id='par_1_80' title="bbox 2218 3881 2361 3932">
     <span class='ocr_line' id='line_1_80' title="bbox 2218 3881 2361 3932; baseline 0.014 -3"><span class='ocrx_word' id='word_1_557' title='bbox 2218 3881 2361 3932; x_wconf 60' lang='lat' dir='ltr'>aequ</span> 
     </span>
    </p>
   </div>
   <div class='ocr_carea' id='block_1_81' title="bbox 516 3966 2145 4044">
    <p class='ocr_par' dir='ltr' id='par_1_81' title="bbox 516 3966 2108 4039">
     <span class='ocr_line' id='line_1_81' title="bbox 516 3966 2108 4039; baseline 0.001 -16"><span class='ocrx_word' id='word_1_558' title='bbox 516 3969 647 4025; x_wconf 90' lang='lat' dir='ltr'>Jam</span> <span class='ocrx_word' id='word_1_559' title='bbox 694 3982 831 4021; x_wconf 71' lang='lat' dir='ltr'>\‘cro</span> <span class='ocrx_word' id='word_1_560' title='bbox 856 3966 967 4021; x_wconf 58' lang='lat' dir='ltr'>illa:</span> <span class='ocrx_word' id='word_1_561' title='bbox 999 3988 1018 4014; x_wconf 79' lang='grc' dir='ltr'>ι</span> <span class='ocrx_word' id='word_1_562' title='bbox 1052 3966 1333 4035; x_wconf 86' lang='lat' dir='ltr'>virgines,</span> <span class='ocrx_word' id='word_1_563' title='bbox 1364 3981 1620 4038; x_wconf 90' lang='lat' dir='ltr'>quarum</span> <span class='ocrx_word' id='word_1_564' title='bbox 1649 3968 1913 4039; x_wconf 90' lang='lat' dir='ltr'>quinque</span> <span class='ocrx_word' id='word_1_565' title='bbox 1941 3974 2108 4024; x_wconf 88' lang='lat' dir='ltr'>erant</span> 
     </span>
    </p>
   </div>
   <div class='ocr_carea' id='block_1_82' title="bbox 2200 3966 3829 4044">
    <p class='ocr_par' dir='ltr' id='par_1_82' title="bbox 2288 3967 3829 4044">
     <span class='ocr_line' id='line_1_82' title="bbox 2288 3967 3829 4044; baseline 0.004 -26"><span class='ocrx_word' id='word_1_566' title='bbox 2288 3967 2441 4019; x_wconf 79' lang='grc' dir='ltr'>Ἀλλὰ</span> <span class='ocrx_word' id='word_1_567' title='bbox 2498 3988 2525 4017; x_wconf 71' lang='grc' dir='ltr'>(ι</span> <span class='ocrx_word' id='word_1_568' title='bbox 2576 3970 2628 4019; x_wconf 84' lang='grc' dir='ltr'>αἱ</span> <span class='ocrx_word' id='word_1_569' title='bbox 2662 3970 2925 4042; x_wconf 81' lang='grc' dir='ltr'>παρθένοι,</span> <span class='ocrx_word' id='word_1_570' title='bbox 2987 3970 3040 4020; x_wconf 88' lang='grc' dir='ltr'>αἱ</span> <span class='ocrx_word' id='word_1_571' title='bbox 3093 3972 3182 4041; x_wconf 70' lang='grc' dir='ltr'>μὶν</span> <span class='ocrx_word' id='word_1_572' title='bbox 3228 3974 3372 4023; x_wconf 84' lang='grc' dir='ltr'>πέντε</span> <span class='ocrx_word' id='word_1_573' title='bbox 3428 3976 3622 4044; x_wconf 81' lang='grc' dir='ltr'>μωραὶ,</span> <span class='ocrx_word' id='word_1_574' title='bbox 3674 3974 3727 4022; x_wconf 80' lang='grc' dir='ltr'>αἱ</span> <span class='ocrx_word' id='word_1_575' title='bbox 3770 3969 3829 4024; x_wconf 74' lang='grc' dir='ltr'>δὲ</span> 
     </span>
    </p>
   </div>
   <div class='ocr_carea' id='block_1_83' title="bbox 446 4055 2075 4133">
    <p class='ocr_par' dir='ltr' id='par_1_83' title="bbox 446 4055 2075 4127">
     <span class='ocr_line' id='line_1_83' title="bbox 446 4055 2075 4127; baseline -0.003 -11"><span class='ocrx_word' id='word_1_576' title='bbox 446 4060 644 4125; x_wconf 61' lang='lat' dir='ltr'>fatua},</span> <span class='ocrx_word' id='word_1_577' title='bbox 676 4061 730 4111; x_wconf 91' lang='lat' dir='ltr'>et</span> <span class='ocrx_word' id='word_1_578' title='bbox 761 4055 1023 4127; x_wconf 89' lang='lat' dir='ltr'>quinque</span> <span class='ocrx_word' id='word_1_579' title='bbox 1056 4055 1380 4127; x_wconf 85' lang='lat' dir='ltr'>prudentes</span> <span class='ocrx_word' id='word_1_580' title='bbox 1411 4058 1458 4091; x_wconf 83' lang='grc' dir='ltr'><strong><em>⁸ο</em></strong></span> <span class='ocrx_word' id='word_1_581' title='bbox 1489 4097 1502 4119; x_wconf 91' lang='grc'>,</span> <span class='ocrx_word' id='word_1_582' title='bbox 1534 4077 1561 4106; x_wconf 85' lang='lat'><strong>»</strong></span> <span class='ocrx_word' id='word_1_583' title='bbox 1614 4057 1929 4126; x_wconf 89' lang='lat' dir='ltr'>cujusnam</span> <span class='ocrx_word' id='word_1_584' title='bbox 1962 4057 2075 4112; x_wconf 84' lang='lat' dir='ltr'>deti</span> 
     </span>
    </p>
   </div>
   <div class='ocr_carea' id='block_1_84' title="bbox 2199 4055 3828 4133">
    <p class='ocr_par' dir='ltr' id='par_1_84' title="bbox 2213 4061 3828 4133">
     <span class='ocr_line' id='line_1_84' title="bbox 2213 4061 3828 4133; baseline 0.002 -24"><span class='ocrx_word' id='word_1_585' title='bbox 2213 4061 2359 4109; x_wconf 84' lang='grc' dir='ltr'>πέντε</span> <span class='ocrx_word' id='word_1_586' title='bbox 2415 4062 2679 4129; x_wconf 78' lang='grc' dir='ltr'>φρόνιμοι,</span> <span class='ocrx_word' id='word_1_587' title='bbox 2743 4081 2768 4105; x_wconf 86' lang='grc'><strong>››</strong></span> <span class='ocrx_word' id='word_1_588' title='bbox 2831 4062 2962 4118; x_wconf 89' lang='grc' dir='ltr'>τίνος</span> <span class='ocrx_word' id='word_1_589' title='bbox 3017 4065 3298 4131; x_wconf 83' lang='grc' dir='ltr'>προσώπου</span> <span class='ocrx_word' id='word_1_590' title='bbox 3353 4063 3643 4133; x_wconf 85' lang='grc' dir='ltr'>ὡρισμένου</span> <span class='ocrx_word' id='word_1_591' title='bbox 3698 4061 3828 4113; x_wconf 86' lang='grc' dir='ltr'>εἰκο-</span> 
     </span>
    </p>
   </div>
   <div class='ocr_carea' id='block_1_85' title="bbox 446 4144 2075 4219">
    <p class='ocr_par' dir='ltr' id='par_1_85' title="bbox 446 4144 2075 4218">
     <span class='ocr_line' id='line_1_85' title="bbox 446 4144 2075 4218; baseline -0.001 -14"><span class='ocrx_word' id='word_1_592' title='bbox 446 4149 584 4204; x_wconf 69' lang='lat' dir='ltr'>nitaa</span> <span class='ocrx_word' id='word_1_593' title='bbox 614 4157 886 4218; x_wconf 78' lang='lat' dir='ltr'>personae</span> <span class='ocrx_word' id='word_1_594' title='bbox 910 4144 1238 4215; x_wconf 89' lang='lat' dir='ltr'>imaginem</span> <span class='ocrx_word' id='word_1_595' title='bbox 1271 4144 1575 4201; x_wconf 89' lang='lat' dir='ltr'>referent?</span> <span class='ocrx_word' id='word_1_596' title='bbox 1604 4149 1859 4216; x_wconf 84' lang='lat' dir='ltr'>Tempus</span> <span class='ocrx_word' id='word_1_597' title='bbox 1888 4151 2075 4202; x_wconf 89' lang='lat' dir='ltr'>autem</span> 
     </span>
    </p>
   </div>
   <div class='ocr_carea' id='block_1_86' title="bbox 2201 4144 3830 4219">
    <p class='ocr_par' dir='ltr' id='par_1_86' title="bbox 2214 4144 3830 4219">
     <span class='ocr_line' id='line_1_86' title="bbox 2214 4144 3830 4219; baseline 0.003 -22"><span class='ocrx_word' id='word_1_598' title='bbox 2214 4150 2493 4211; x_wconf 87' lang='grc' dir='ltr'>νίσουσιν;</span> <span class='ocrx_word' id='word_1_599' title='bbox 2539 4146 2597 4198; x_wconf 75' lang='grc' dir='ltr'><strong>Ὀ</strong></span> <span class='ocrx_word' id='word_1_600' title='bbox 2627 4150 2819 4219; x_wconf 84' lang='grc' dir='ltr'>χρόνος</span> <span class='ocrx_word' id='word_1_601' title='bbox 2867 4144 2945 4213; x_wconf 68' lang='grc' dir='ltr'>δὲ,</span> <span class='ocrx_word' id='word_1_602' title='bbox 2987 4148 3101 4199; x_wconf 88' lang='grc' dir='ltr'>καθ’</span> <span class='ocrx_word' id='word_1_603' title='bbox 3135 4149 3187 4199; x_wconf 89' lang='grc' dir='ltr'>ὃν</span> <span class='ocrx_word' id='word_1_604' title='bbox 3237 4150 3291 4199; x_wconf 82' lang='grc' dir='ltr'>αἱ</span> <span class='ocrx_word' id='word_1_605' title='bbox 3329 4151 3419 4219; x_wconf 66' lang='grc' dir='ltr'>μὲν</span> <span class='ocrx_word' id='word_1_606' title='bbox 3479 4148 3741 4213; x_wconf 84' lang='grc' dir='ltr'>εἰσῆλθον,</span> <span class='ocrx_word' id='word_1_607' title='bbox 3776 4153 3830 4202; x_wconf 82' lang='grc' dir='ltr'>αἱ</span> 
     </span>
    </p>
   </div>
   <div class='ocr_carea' id='block_1_87' title="bbox 447 4232 2076 4310">
    <p class='ocr_par' dir='ltr' id='par_1_87' title="bbox 447 4233 2076 4310">
     <span class='ocr_line' id='line_1_87' title="bbox 447 4233 2076 4310; baseline -0.005 -17"><span class='ocrx_word' id='word_1_608' title='bbox 447 4253 568 4310; x_wconf 89' lang='lat' dir='ltr'>quo</span> <span class='ocrx_word' id='word_1_609' title='bbox 607 4236 698 4291; x_wconf 73' lang='lat' dir='ltr'>hee</span> <span class='ocrx_word' id='word_1_610' title='bbox 738 4234 984 4306; x_wconf 92' lang='lat' dir='ltr'>quidem</span> <span class='ocrx_word' id='word_1_611' title='bbox 1025 4233 1411 4298; x_wconf 87' lang='lat' dir='ltr'>intraverunt,</span> <span class='ocrx_word' id='word_1_612' title='bbox 1457 4234 1569 4289; x_wconf 77' lang='lat' dir='ltr'>illze</span> <span class='ocrx_word' id='word_1_613' title='bbox 1620 4250 1758 4289; x_wconf 90' lang='lat' dir='ltr'>vero</span> <span class='ocrx_word' id='word_1_614' title='bbox 1798 4251 1835 4290; x_wconf 89' lang='lat' dir='ltr'>a</span> <span class='ocrx_word' id='word_1_615' title='bbox 1875 4238 2076 4307; x_wconf 54' lang='lat' dir='ltr'>Sponsi</span> 
     </span>
    </p>
   </div>
   <div class='ocr_carea' id='block_1_88' title="bbox 2201 4232 3830 4310">
    <p class='ocr_par' dir='ltr' id='par_1_88' title="bbox 2217 4232 3830 4307">
     <span class='ocr_line' id='line_1_88' title="bbox 2217 4232 3830 4307; baseline 0.001 -20"><span class='ocrx_word' id='word_1_616' title='bbox 2217 4232 2275 4287; x_wconf 73' lang='grc' dir='ltr'>δὲ</span> <span class='ocrx_word' id='word_1_617' title='bbox 2314 4243 2405 4287; x_wconf 82' lang='grc' dir='ltr'>τοῦ</span> <span class='ocrx_word' id='word_1_618' title='bbox 2434 4244 2700 4307; x_wconf 81' lang='grc' dir='ltr'>νυμφῶνος</span> <span class='ocrx_word' id='word_1_619' title='bbox 2760 4236 3196 4301; x_wconf 80' lang='grc' dir='ltr'>ἀπεκλείσθησαν,</span> <span class='ocrx_word' id='word_1_620' title='bbox 3232 4242 3306 4296; x_wconf 88' lang='grc' dir='ltr'>τίς</span> <span class='ocrx_word' id='word_1_621' title='bbox 3355 4239 3467 4289; x_wconf 86' lang='grc' dir='ltr'>ποτ’</span> <span class='ocrx_word' id='word_1_622' title='bbox 3523 4237 3582 4288; x_wconf 75' lang='grc' dir='ltr'>ἀν</span> <span class='ocrx_word' id='word_1_623' title='bbox 3613 4241 3690 4295; x_wconf 84' lang='grc' dir='ltr'>εἵη</span> <span class='ocrx_word' id='word_1_624' title='bbox 3727 4258 3739 4306; x_wconf 88' lang='grc'>;</span> <span class='ocrx_word' id='word_1_625' title='bbox 3773 4239 3830 4289; x_wconf 79' lang='grc'>’0</span> 
     </span>
    </p>
   </div>
   <div class='ocr_carea' id='block_1_89' title="bbox 450 4323 2079 4399">
    <p class='ocr_par' dir='ltr' id='par_1_89' title="bbox 450 4323 2079 4395">
     <span class='ocr_line' id='line_1_89' title="bbox 450 4323 2079 4395; baseline -0.002 -13"><span class='ocrx_word' id='word_1_626' title='bbox 450 4325 701 4382; x_wconf 68' lang='lat' dir='ltr'>exclusae</span> <span class='ocrx_word' id='word_1_627' title='bbox 747 4329 882 4379; x_wconf 86' lang='lat' dir='ltr'>sunt</span> <span class='ocrx_word' id='word_1_628' title='bbox 918 4325 960 4358; x_wconf 75' lang='grc' dir='ltr'><strong>δι</strong></span> <span class='ocrx_word' id='word_1_629' title='bbox 1003 4365 1014 4390; x_wconf 89' lang='grc'>,</span> <span class='ocrx_word' id='word_1_630' title='bbox 1068 4323 1381 4394; x_wconf 89' lang='lat' dir='ltr'>quodnam</span> <span class='ocrx_word' id='word_1_631' title='bbox 1422 4339 1549 4377; x_wconf 87' lang='lat' dir='ltr'>esse</span> <span class='ocrx_word' id='word_1_632' title='bbox 1590 4323 1794 4395; x_wconf 89' lang='lat' dir='ltr'>poterit</span> <span class='ocrx_word' id='word_1_633' title='bbox 1820 4326 1847 4380; x_wconf 68' lang='lat'>‘1?</span> <span class='ocrx_word' id='word_1_634' title='bbox 1881 4324 2079 4379; x_wconf 88' lang='lat' dir='ltr'>Etenin</span> 
     </span>
    </p>
   </div>
   <div class='ocr_carea' id='block_1_90' title="bbox 2205 4323 3834 4399">
    <p class='ocr_par' dir='ltr' id='par_1_90' title="bbox 2214 4324 3834 4399">
     <span class='ocr_line' id='line_1_90' title="bbox 2214 4324 3834 4399; baseline 0.002 -24"><span class='ocrx_word' id='word_1_635' title='bbox 2214 4327 2314 4398; x_wconf 80' lang='grc' dir='ltr'>γὰρ</span> <span class='ocrx_word' id='word_1_636' title='bbox 2368 4333 2463 4385; x_wconf 81' lang='grc' dir='ltr'>τῆς</span> <span class='ocrx_word' id='word_1_637' title='bbox 2525 4334 2699 4386; x_wconf 84' lang='grc' dir='ltr'>κοινῆς</span> <span class='ocrx_word' id='word_1_638' title='bbox 2753 4330 2969 4399; x_wconf 86' lang='grc' dir='ltr'>κρίσεως</span> <span class='ocrx_word' id='word_1_639' title='bbox 3022 4330 3165 4377; x_wconf 71' lang='grc' dir='ltr'>οὔπω</span> <span class='ocrx_word' id='word_1_640' title='bbox 3222 4324 3516 4397; x_wconf 79' lang='grc' dir='ltr'>ἐφέστηκεν.</span> <span class='ocrx_word' id='word_1_641' title='bbox 3569 4327 3675 4381; x_wconf 85' lang='grc' dir='ltr'>Καὶ</span> <span class='ocrx_word' id='word_1_642' title='bbox 3714 4329 3834 4380; x_wconf 84' lang='grc' dir='ltr'>πολ-</span> 
     </span>
    </p>
   </div>
   <div class='ocr_carea' id='block_1_91' title="bbox 450 4411 2079 4489">
    <p class='ocr_par' dir='ltr' id='par_1_91' title="bbox 450 4411 2079 4484">
     <span class='ocr_line' id='line_1_91' title="bbox 450 4411 2079 4484; baseline -0.002 -13"><span class='ocrx_word' id='word_1_643' title='bbox 450 4412 792 4471; x_wconf 89' lang='lat' dir='ltr'>communis</span> <span class='ocrx_word' id='word_1_644' title='bbox 819 4412 1020 4482; x_wconf 88' lang='lat' dir='ltr'>judicii</span> <span class='ocrx_word' id='word_1_645' title='bbox 1054 4416 1292 4483; x_wconf 91' lang='lat' dir='ltr'>tempus</span> <span class='ocrx_word' id='word_1_646' title='bbox 1320 4411 1589 4466; x_wconf 91' lang='lat' dir='ltr'>nondum</span> <span class='ocrx_word' id='word_1_647' title='bbox 1623 4413 1799 4466; x_wconf 88' lang='lat' dir='ltr'>venit.</span> <span class='ocrx_word' id='word_1_648' title='bbox 1829 4415 2019 4484; x_wconf 76' lang='lat' dir='ltr'>Atque</span> <span class='ocrx_word' id='word_1_649' title='bbox 2047 4413 2079 4468; x_wconf 83' lang='lat' dir='ltr'>ii</span> 
     </span>
    </p>
   </div>
   <div class='ocr_carea' id='block_1_92' title="bbox 2206 4411 3835 4489">
    <p class='ocr_par' dir='ltr' id='par_1_92' title="bbox 2215 4413 3835 4489">
     <span class='ocr_line' id='line_1_92' title="bbox 2215 4413 3835 4489; baseline 0.002 -24"><span class='ocrx_word' id='word_1_650' title='bbox 2215 4414 2317 4473; x_wconf 85' lang='grc' dir='ltr'>λοῖς</span> <span class='ocrx_word' id='word_1_651' title='bbox 2366 4413 2539 4473; x_wconf 76' lang='grc' dir='ltr'>ἄλλοις</span> <span class='ocrx_word' id='word_1_652' title='bbox 2578 4415 2602 4463; x_wconf 88' lang='lat'>6</span> <span class='ocrx_word' id='word_1_653' title='bbox 2662 4418 2827 4476; x_wconf 79' lang='grc' dir='ltr'>ζητῶν</span> <span class='ocrx_word' id='word_1_654' title='bbox 2894 4417 3156 4487; x_wconf 70' lang='grc' dir='ltr'>ὡρισμένα</span> <span class='ocrx_word' id='word_1_655' title='bbox 3210 4419 3485 4487; x_wconf 88' lang='grc' dir='ltr'>πρόσωπα,</span> <span class='ocrx_word' id='word_1_656' title='bbox 3525 4421 3611 4467; x_wconf 78' lang='grc' dir='ltr'>καὶ</span> <span class='ocrx_word' id='word_1_657' title='bbox 3667 4420 3835 4489; x_wconf 79' lang='grc' dir='ltr'>πράγ-</span> 
     </span>
    </p>
   </div>
   <div class='ocr_carea' id='block_1_93' title="bbox 451 4501 2080 4578">
    <p class='ocr_par' dir='ltr' id='par_1_93' title="bbox 451 4501 2077 4573">
     <span class='ocr_line' id='line_1_93' title="bbox 451 4501 2077 4573; baseline -0.001 -14"><span class='ocrx_word' id='word_1_658' title='bbox 451 4502 650 4559; x_wconf 88' lang='lat' dir='ltr'>multis</span> <span class='ocrx_word' id='word_1_659' title='bbox 676 4501 807 4557; x_wconf 89' lang='lat' dir='ltr'>aliis</span> <span class='ocrx_word' id='word_1_660' title='bbox 846 4502 892 4555; x_wconf 89' lang='lat' dir='ltr'>si</span> <span class='ocrx_word' id='word_1_661' title='bbox 924 4501 1058 4573; x_wconf 91' lang='lat' dir='ltr'>quis</span> <span class='ocrx_word' id='word_1_662' title='bbox 1089 4506 1276 4556; x_wconf 84' lang='lat' dir='ltr'>certas</span> <span class='ocrx_word' id='word_1_663' title='bbox 1316 4516 1624 4572; x_wconf 90' lang='lat' dir='ltr'>personas,</span> <span class='ocrx_word' id='word_1_664' title='bbox 1673 4518 1741 4555; x_wconf 89' lang='lat' dir='ltr'>ac</span> <span class='ocrx_word' id='word_1_665' title='bbox 1770 4517 1860 4557; x_wconf 90' lang='lat' dir='ltr'>res</span> <span class='ocrx_word' id='word_1_666' title='bbox 1900 4502 2077 4573; x_wconf 76' lang='lat' dir='ltr'>exqui</span> 
     </span>
    </p>
   </div>
   <div class='ocr_carea' id='block_1_94' title="bbox 2202 4501 3831 4578">
    <p class='ocr_par' dir='ltr' id='par_1_94' title="bbox 2217 4503 3831 4578">
     <span class='ocr_line' id='line_1_94' title="bbox 2217 4503 3831 4578; baseline 0.004 -25"><span class='ocrx_word' id='word_1_667' title='bbox 2217 4523 2377 4573; x_wconf 85' lang='grc' dir='ltr'>ματα,</span> <span class='ocrx_word' id='word_1_668' title='bbox 2434 4508 2523 4554; x_wconf 82' lang='grc' dir='ltr'>καὶ</span> <span class='ocrx_word' id='word_1_669' title='bbox 2571 4505 3014 4575; x_wconf 75' lang='grc' dir='ltr'>κατατεμαχίζειν</span> <span class='ocrx_word' id='word_1_670' title='bbox 3068 4503 3491 4575; x_wconf 82' lang='grc' dir='ltr'>φιλοτιμούμενος</span> <span class='ocrx_word' id='word_1_671' title='bbox 3541 4508 3634 4565; x_wconf 81' lang='grc' dir='ltr'>τὰς</span> <span class='ocrx_word' id='word_1_672' title='bbox 3664 4525 3831 4578; x_wconf 86' lang='grc' dir='ltr'>παρα-</span> 
     </span>
    </p>
   </div>
   <div class='ocr_carea' id='block_1_95' title="bbox 452 4589 2081 4667">
    <p class='ocr_par' dir='ltr' id='par_1_95' title="bbox 452 4589 2081 4663">
     <span class='ocr_line' id='line_1_95' title="bbox 452 4589 2081 4663; baseline -0.004 -15"><span class='ocrx_word' id='word_1_673' title='bbox 452 4596 626 4655; x_wconf 89' lang='lat' dir='ltr'>reret,</span> <span class='ocrx_word' id='word_1_674' title='bbox 658 4589 1095 4663; x_wconf 88' lang='lat' dir='ltr'>parabolasque</span> <span class='ocrx_word' id='word_1_675' title='bbox 1118 4604 1307 4662; x_wconf 88' lang='lat' dir='ltr'>usque</span> <span class='ocrx_word' id='word_1_676' title='bbox 1340 4589 1418 4644; x_wconf 88' lang='lat' dir='ltr'>ad</span> <span class='ocrx_word' id='word_1_677' title='bbox 1444 4589 1698 4645; x_wconf 88' lang='lat' dir='ltr'>minima</span> <span class='ocrx_word' id='word_1_678' title='bbox 1726 4590 2081 4645; x_wconf 59' lang='lat' dir='ltr'>subdivideri</span> 
     </span>
    </p>
   </div>
   <div class='ocr_carea' id='block_1_96' title="bbox 2207 4589 3836 4667">
    <p class='ocr_par' dir='ltr' id='par_1_96' title="bbox 2220 4589 3836 4667">
     <span class='ocr_line' id='line_1_96' title="bbox 2220 4589 3836 4667; baseline 0.002 -24"><span class='ocrx_word' id='word_1_679' title='bbox 2220 4590 2387 4656; x_wconf 79' lang='grc' dir='ltr'>ϐολὰς,</span> <span class='ocrx_word' id='word_1_680' title='bbox 2425 4594 2776 4665; x_wconf 84' lang='grc' dir='ltr'>περιενεχθείη</span> <span class='ocrx_word' id='word_1_681' title='bbox 2811 4592 2870 4643; x_wconf 88' lang='grc' dir='ltr'>ἆν</span> <span class='ocrx_word' id='word_1_682' title='bbox 2919 4597 3011 4649; x_wconf 79' lang='grc' dir='ltr'>τὴν</span> <span class='ocrx_word' id='word_1_683' title='bbox 3064 4589 3319 4657; x_wconf 84' lang='grc' dir='ltr'>διάνοιαν,</span> <span class='ocrx_word' id='word_1_684' title='bbox 3361 4598 3451 4644; x_wconf 85' lang='grc' dir='ltr'>καὶ</span> <span class='ocrx_word' id='word_1_685' title='bbox 3497 4592 3836 4667; x_wconf 76' lang='grc' dir='ltr'>ἀπορήματα,</span> 
     </span>
    </p>
   </div>
   <div class='ocr_carea' id='block_1_97' title="bbox 455 4678 2084 4756">
    <p class='ocr_par' dir='ltr' id='par_1_97' title="bbox 455 4678 2084 4752">
     <span class='ocr_line' id='line_1_97' title="bbox 455 4678 2084 4752; baseline -0.001 -15"><span class='ocrx_word' id='word_1_686' title='bbox 455 4682 756 4746; x_wconf 88' lang='lat' dir='ltr'>niteretur,</span> <span class='ocrx_word' id='word_1_687' title='bbox 790 4680 837 4734; x_wconf 91' lang='lat' dir='ltr'>is</span> <span class='ocrx_word' id='word_1_688' title='bbox 868 4678 1296 4752; x_wconf 90' lang='lat' dir='ltr'>perpendendo</span> <span class='ocrx_word' id='word_1_689' title='bbox 1328 4695 1397 4734; x_wconf 90' lang='lat' dir='ltr'>ac</span> <span class='ocrx_word' id='word_1_690' title='bbox 1428 4678 1777 4735; x_wconf 80' lang='lat' dir='ltr'>ﬂuctuando</span> <span class='ocrx_word' id='word_1_691' title='bbox 1811 4685 2084 4751; x_wconf 88' lang='lat' dir='ltr'>torquere</span> 
     </span>
    </p>
   </div>
   <div class='ocr_carea' id='block_1_98' title="bbox 2207 4678 3836 4756">
    <p class='ocr_par' dir='ltr' id='par_1_98' title="bbox 2221 4680 3836 4756">
     <span class='ocr_line' id='line_1_98' title="bbox 2221 4680 3836 4756; baseline 0.002 -25"><span class='ocrx_word' id='word_1_692' title='bbox 2221 4680 2280 4731; x_wconf 84' lang='grc' dir='ltr'>ού</span> <span class='ocrx_word' id='word_1_693' title='bbox 2338 4688 2579 4732; x_wconf 77' lang='grc' dir='ltr'>τοσοῦτον</span> <span class='ocrx_word' id='word_1_694' title='bbox 2648 4689 2745 4731; x_wconf 79' lang='grc' dir='ltr'>τῶν</span> <span class='ocrx_word' id='word_1_695' title='bbox 2840 4681 3143 4753; x_wconf 72' lang='grc' dir='ltr'>παραϐολῶν</span> <span class='ocrx_word' id='word_1_696' title='bbox 3222 4689 3373 4733; x_wconf 76' lang='grc' dir='ltr'>τοῦτο</span> <span class='ocrx_word' id='word_1_697' title='bbox 3440 4690 3836 4756; x_wconf 79' lang='grc' dir='ltr'>παρεχομένων,</span> 
     </span>
    </p>
   </div>
   <div class='ocr_carea' id='block_1_99' title="bbox 457 4768 2086 4844">
    <p class='ocr_par' dir='ltr' id='par_1_99' title="bbox 457 4768 2086 4839">
     <span class='ocr_line' id='line_1_99' title="bbox 457 4768 2086 4839; baseline 0.001 -14"><span class='ocrx_word' id='word_1_698' title='bbox 457 4776 599 4833; x_wconf 87' lang='lat' dir='ltr'>tur;</span> <span class='ocrx_word' id='word_1_699' title='bbox 643 4784 764 4825; x_wconf 90' lang='lat' dir='ltr'>non</span> <span class='ocrx_word' id='word_1_700' title='bbox 804 4773 925 4825; x_wconf 88' lang='lat' dir='ltr'>tam</span> <span class='ocrx_word' id='word_1_701' title='bbox 973 4769 1117 4839; x_wconf 85' lang='lat' dir='ltr'>quia</span> <span class='ocrx_word' id='word_1_702' title='bbox 1155 4768 1453 4839; x_wconf 65' lang='lat' dir='ltr'>parabolae</span> <span class='ocrx_word' id='word_1_703' title='bbox 1505 4768 1764 4823; x_wconf 92' lang='lat' dir='ltr'>conditio</span> <span class='ocrx_word' id='word_1_704' title='bbox 1804 4769 1862 4823; x_wconf 94' lang='lat' dir='ltr'>id</span> <span class='ocrx_word' id='word_1_705' title='bbox 1905 4786 2086 4826; x_wconf 91' lang='lat' dir='ltr'>secun</span> 
     </span>
    </p>
   </div>
   <div class='ocr_carea' id='block_1_100' title="bbox 2211 4768 3840 4844">
    <p class='ocr_par' dir='ltr' id='par_1_100' title="bbox 2223 4769 3840 4844">
     <span class='ocr_line' id='line_1_100' title="bbox 2223 4769 3840 4844; baseline 0.002 -22"><span class='ocrx_word' id='word_1_706' title='bbox 2223 4773 2343 4822; x_wconf 86' lang='grc' dir='ltr'>ὅσον</span> <span class='ocrx_word' id='word_1_707' title='bbox 2399 4778 2492 4829; x_wconf 80' lang='grc' dir='ltr'>τῆς</span> <span class='ocrx_word' id='word_1_708' title='bbox 2560 4776 2877 4844; x_wconf 75' lang='grc' dir='ltr'>περιεργίας,</span> <span class='ocrx_word' id='word_1_709' title='bbox 2935 4776 3023 4822; x_wconf 82' lang='grc' dir='ltr'>καὶ</span> <span class='ocrx_word' id='word_1_710' title='bbox 3106 4769 3301 4822; x_wconf 87' lang='grc' dir='ltr'>ἀτόπου</span> <span class='ocrx_word' id='word_1_711' title='bbox 3366 4770 3699 4843; x_wconf 85' lang='grc' dir='ltr'>λεπτολογίας</span> <span class='ocrx_word' id='word_1_712' title='bbox 3770 4775 3840 4837; x_wconf 87' lang='grc' dir='ltr'>εἰς</span> 
     </span>
    </p>
   </div>
   <div class='ocr_carea' id='block_1_101' title="bbox 457 4856 2086 4933">
    <p class='ocr_par' dir='ltr' id='par_1_101' title="bbox 457 4856 2084 4931">
     <span class='ocr_line' id='line_1_101' title="bbox 457 4856 2084 4931; baseline -0.001 -15"><span class='ocrx_word' id='word_1_713' title='bbox 457 4860 587 4923; x_wconf 89' lang='lat' dir='ltr'>fert,</span> <span class='ocrx_word' id='word_1_714' title='bbox 613 4874 800 4929; x_wconf 92' lang='lat' dir='ltr'>quam</span> <span class='ocrx_word' id='word_1_715' title='bbox 832 4857 975 4928; x_wconf 88' lang='lat' dir='ltr'>quia</span> <span class='ocrx_word' id='word_1_716' title='bbox 1005 4856 1336 4921; x_wconf 75' lang='lat' dir='ltr'>curiositas,</span> <span class='ocrx_word' id='word_1_717' title='bbox 1372 4857 1708 4930; x_wconf 67' lang='lat' dir='ltr'>ineptieque</span> <span class='ocrx_word' id='word_1_718' title='bbox 1744 4858 1983 4925; x_wconf 72' lang='lat' dir='ltr'>argutia:</span> <span class='ocrx_word' id='word_1_719' title='bbox 2006 4875 2084 4931; x_wconf 92' lang='lat' dir='ltr'>po</span> 
     </span>
    </p>
   </div>
   <div class='ocr_carea' id='block_1_102' title="bbox 2211 4856 3840 4933">
    <p class='ocr_par' dir='ltr' id='par_1_102' title="bbox 2225 4858 3840 4933">
     <span class='ocr_line' id='line_1_102' title="bbox 2225 4858 3840 4933; baseline 0.002 -22"><span class='ocrx_word' id='word_1_720' title='bbox 2225 4858 2451 4930; x_wconf 81' lang='grc' dir='ltr'>ἀμαθίαν</span> <span class='ocrx_word' id='word_1_721' title='bbox 2508 4858 2717 4931; x_wconf 74' lang='grc' dir='ltr'>μᾶλλον,</span> <span class='ocrx_word' id='word_1_722' title='bbox 2784 4859 2911 4911; x_wconf 79' lang='grc' dir='ltr'>ἀλλά</span> <span class='ocrx_word' id='word_1_723' title='bbox 3000 4859 3091 4911; x_wconf 66' lang='grc' dir='ltr'>οὐκ</span> <span class='ocrx_word' id='word_1_724' title='bbox 3169 4860 3235 4920; x_wconf 83' lang='grc' dir='ltr'>εἰς</span> <span class='ocrx_word' id='word_1_725' title='bbox 3295 4860 3495 4933; x_wconf 70' lang='grc' dir='ltr'>εὕρεσιν</span> <span class='ocrx_word' id='word_1_726' title='bbox 3568 4860 3840 4914; x_wconf 84' lang='grc' dir='ltr'>ἀποτελευ-</span> 
     </span>
    </p>
   </div>
   <div class='ocr_carea' id='block_1_103' title="bbox 460 4946 2427 5017">
    <p class='ocr_par' dir='ltr' id='par_1_103' title="bbox 460 4946 2427 5017">
     <span class='ocr_line' id='line_1_103' title="bbox 460 4946 2427 5017; baseline -0.001 -13"><span class='ocrx_word' id='word_1_727' title='bbox 460 4947 577 5004; x_wconf 90' lang='lat' dir='ltr'>tius</span> <span class='ocrx_word' id='word_1_728' title='bbox 608 4946 667 5000; x_wconf 92' lang='lat' dir='ltr'>in</span> <span class='ocrx_word' id='word_1_729' title='bbox 699 4946 1157 5017; x_wconf 88' lang='lat' dir='ltr'>ignorationem,</span> <span class='ocrx_word' id='word_1_730' title='bbox 1187 4962 1372 5017; x_wconf 87' lang='lat' dir='ltr'>quam</span> <span class='ocrx_word' id='word_1_731' title='bbox 1397 4946 1453 5001; x_wconf 92' lang='lat' dir='ltr'>in</span> <span class='ocrx_word' id='word_1_732' title='bbox 1480 4946 1881 5002; x_wconf 91' lang='lat' dir='ltr'>inventionem</span> <span class='ocrx_word' id='word_1_733' title='bbox 1911 4947 2113 5004; x_wconf 87' lang='lat' dir='ltr'>verita-</span> <span class='ocrx_word' id='word_1_734' title='bbox 2228 4954 2427 5009; x_wconf 80' lang='grc' dir='ltr'>τὼσης.</span> 
     </span>
    </p>
   </div>
   <div class='ocr_carea' id='block_1_104' title="bbox 462 5035 1069 5092">
    <p class='ocr_par' dir='ltr' id='par_1_104' title="bbox 462 5035 1069 5092">
     <span class='ocr_line' id='line_1_104' title="bbox 462 5035 1069 5092; baseline -0.005 0"><span class='ocrx_word' id='word_1_735' title='bbox 462 5036 536 5092; x_wconf 88' lang='lat' dir='ltr'>tis</span> <span class='ocrx_word' id='word_1_736' title='bbox 564 5035 834 5091; x_wconf 90' lang='lat' dir='ltr'>desinere</span> <span class='ocrx_word' id='word_1_737' title='bbox 865 5035 1069 5090; x_wconf 91' lang='lat' dir='ltr'>solent.</span> 
     </span>
    </p>
   </div>
   <div class='ocr_carea' id='block_1_105' title="bbox 536 5123 2165 5202">
    <p class='ocr_par' dir='ltr' id='par_1_105' title="bbox 536 5123 2117 5197">
     <span class='ocr_line' id='line_1_105' title="bbox 536 5123 2117 5197; baseline 0.002 -18"><span class='ocrx_word' id='word_1_738' title='bbox 536 5127 762 5179; x_wconf 83' lang='lat' dir='ltr'>Rursus</span> <span class='ocrx_word' id='word_1_739' title='bbox 799 5124 1048 5196; x_wconf 89' lang='lat' dir='ltr'>quinam</span> <span class='ocrx_word' id='word_1_740' title='bbox 1080 5128 1216 5179; x_wconf 78' lang='lat' dir='ltr'>sunt</span> <span class='ocrx_word' id='word_1_741' title='bbox 1244 5124 1345 5197; x_wconf 93' lang='lat' dir='ltr'>qui</span> <span class='ocrx_word' id='word_1_742' title='bbox 1379 5140 1451 5179; x_wconf 91' lang='lat' dir='ltr'>ne</span> <span class='ocrx_word' id='word_1_743' title='bbox 1482 5123 1727 5196; x_wconf 91' lang='lat' dir='ltr'>siliquas</span> <span class='ocrx_word' id='word_1_744' title='bbox 1773 5125 2006 5195; x_wconf 85' lang='lat' dir='ltr'>quidem</span> <span class='ocrx_word' id='word_1_745' title='bbox 2041 5127 2117 5182; x_wconf 89' lang='lat' dir='ltr'>ad</span> 
     </span>
    </p>
   </div>
   <div class='ocr_carea' id='block_1_106' title="bbox 2205 5123 3834 5202">
    <p class='ocr_par' dir='ltr' id='par_1_106' title="bbox 2299 5123 3834 5202">
     <span class='ocr_line' id='line_1_106' title="bbox 2299 5123 3834 5202; baseline 0.003 -24"><span class='ocrx_word' id='word_1_746' title='bbox 2299 5132 2436 5186; x_wconf 85' lang='grc' dir='ltr'>Τίνες</span> <span class='ocrx_word' id='word_1_747' title='bbox 2476 5124 2534 5178; x_wconf 73' lang='grc' dir='ltr'>δὲ</span> <span class='ocrx_word' id='word_1_748' title='bbox 2574 5126 2723 5177; x_wconf 85' lang='grc' dir='ltr'>πάλιν</span> <span class='ocrx_word' id='word_1_749' title='bbox 2768 5130 2815 5178; x_wconf 83' lang='grc' dir='ltr'>οἱ</span> <span class='ocrx_word' id='word_1_750' title='bbox 2873 5132 2943 5197; x_wconf 83' lang='grc' dir='ltr'>μὴ</span> <span class='ocrx_word' id='word_1_751' title='bbox 2979 5123 3211 5189; x_wconf 85' lang='grc' dir='ltr'>διδόντες</span> <span class='ocrx_word' id='word_1_752' title='bbox 3253 5136 3353 5179; x_wconf 82' lang='grc' dir='ltr'>των</span> <span class='ocrx_word' id='word_1_753' title='bbox 3402 5134 3649 5202; x_wconf 86' lang='grc' dir='ltr'>κερατίων</span> <span class='ocrx_word' id='word_1_754' title='bbox 3680 5150 3834 5200; x_wconf 84' lang='grc' dir='ltr'>μετα-</span> 
     </span>
    </p>
   </div>
   <div class='ocr_carea' id='block_1_107' title="bbox 466 5212 2095 5289">
    <p class='ocr_par' dir='ltr' id='par_1_107' title="bbox 466 5212 2095 5286">
     <span class='ocr_line' id='line_1_107' title="bbox 466 5212 2095 5286; baseline 0.002 -19"><span class='ocrx_word' id='word_1_755' title='bbox 466 5212 835 5270; x_wconf 82' lang='lat' dir='ltr'>saturitatem</span> <span class='ocrx_word' id='word_1_756' title='bbox 848 5213 1074 5270; x_wconf 88' lang='lat' dir='ltr'>dabant</span> <span class='ocrx_word' id='word_1_757' title='bbox 1096 5216 1168 5277; x_wconf 88' lang='lat' dir='ltr'>ei,</span> <span class='ocrx_word' id='word_1_758' title='bbox 1193 5214 1337 5286; x_wconf 64' lang='lat' dir='ltr'>«qui</span> <span class='ocrx_word' id='word_1_759' title='bbox 1362 5230 1608 5286; x_wconf 87' lang='lat' dir='ltr'>peregre</span> <span class='ocrx_word' id='word_1_760' title='bbox 1631 5214 1931 5285; x_wconf 85' lang='lat' dir='ltr'>profectus</span> <span class='ocrx_word' id='word_1_761' title='bbox 1955 5222 2041 5271; x_wconf 86' lang='lat' dir='ltr'>est</span> <span class='ocrx_word' id='word_1_762' title='bbox 2059 5216 2095 5270; x_wconf 81' lang='lat' dir='ltr'>ii</span> 
     </span>
    </p>
   </div>
   <div class='ocr_carea' id='block_1_108' title="bbox 2206 5212 3835 5289">
    <p class='ocr_par' dir='ltr' id='par_1_108' title="bbox 2231 5214 3835 5289">
     <span class='ocr_line' id='line_1_108' title="bbox 2231 5214 3835 5289; baseline 0.003 -22"><span class='ocrx_word' id='word_1_763' title='bbox 2231 5224 2380 5288; x_wconf 81' lang='grc' dir='ltr'>σχεῖν</span> <span class='ocrx_word' id='word_1_764' title='bbox 2427 5240 2452 5263; x_wconf 78' lang='grc' dir='ltr'>(ί</span> <span class='ocrx_word' id='word_1_765' title='bbox 2487 5225 2555 5286; x_wconf 75' lang='grc' dir='ltr'>τῷ</span> <span class='ocrx_word' id='word_1_766' title='bbox 2596 5218 2666 5276; x_wconf 76' lang='grc' dir='ltr'>εἰς</span> <span class='ocrx_word' id='word_1_767' title='bbox 2713 5220 2915 5289; x_wconf 82' lang='grc' dir='ltr'>μακρὰν</span> <span class='ocrx_word' id='word_1_768' title='bbox 2970 5214 3380 5287; x_wconf 75' lang='grc' dir='ltr'>ἀποδημήσαντι</span> <span class='ocrx_word' id='word_1_769' title='bbox 3429 5217 3597 5286; x_wconf 83' lang='grc' dir='ltr'>πόλιν,</span> <span class='ocrx_word' id='word_1_770' title='bbox 3645 5225 3734 5271; x_wconf 86' lang='grc' dir='ltr'>καὶ</span> <span class='ocrx_word' id='word_1_771' title='bbox 3772 5225 3835 5272; x_wconf 82' lang='grc' dir='ltr'>τά</span> 
     </span>
    </p>
   </div>
   <div class='ocr_carea' id='block_1_109' title="bbox 464 5303 2093 5378">
    <p class='ocr_par' dir='ltr' id='par_1_109' title="bbox 464 5303 2093 5376">
     <span class='ocr_line' id='line_1_109' title="bbox 464 5303 2093 5376; baseline 0.001 -18"><span class='ocrx_word' id='word_1_772' title='bbox 464 5303 772 5373; x_wconf 85' lang='lat' dir='ltr'>regionem</span> <span class='ocrx_word' id='word_1_773' title='bbox 810 5303 1225 5375; x_wconf 86' lang='lat' dir='ltr'>longinquam,</span> <span class='ocrx_word' id='word_1_774' title='bbox 1276 5308 1331 5359; x_wconf 92' lang='lat' dir='ltr'>et</span> <span class='ocrx_word' id='word_1_775' title='bbox 1361 5303 1677 5376; x_wconf 88' lang='lat' dir='ltr'>dissipavit</span> <span class='ocrx_word' id='word_1_776' title='bbox 1718 5304 2093 5360; x_wconf 89' lang='lat' dir='ltr'>substantian</span> 
     </span>
    </p>
   </div>
   <div class='ocr_carea' id='block_1_110' title="bbox 2205 5303 3834 5378">
    <p class='ocr_par' dir='ltr' id='par_1_110' title="bbox 2228 5304 3834 5378">
     <span class='ocr_line' id='line_1_110' title="bbox 2228 5304 3834 5378; baseline 0.002 -22"><span class='ocrx_word' id='word_1_777' title='bbox 2228 5314 2443 5378; x_wconf 77' lang='grc' dir='ltr'>πατρῷα</span> <span class='ocrx_word' id='word_1_778' title='bbox 2495 5305 2917 5357; x_wconf 76' lang='grc' dir='ltr'>καταναλώσαντι</span> <span class='ocrx_word' id='word_1_779' title='bbox 2969 5304 3181 5366; x_wconf 74' lang='grc' dir='ltr'>ἀσώτως</span> <span class='ocrx_word' id='word_1_780' title='bbox 3234 5322 3246 5370; x_wconf 89' lang='grc'>;</span> <span class='ocrx_word' id='word_1_781' title='bbox 3309 5327 3335 5354; x_wconf 88' lang='grc'><strong>››</strong></span> <span class='ocrx_word' id='word_1_782' title='bbox 3393 5306 3457 5357; x_wconf 84' lang='grc' dir='ltr'><strong>Οἱ</strong></span> <span class='ocrx_word' id='word_1_783' title='bbox 3508 5308 3715 5378; x_wconf 88' lang='grc' dir='ltr'>μίσθιοι</span> <span class='ocrx_word' id='word_1_784' title='bbox 3777 5305 3834 5360; x_wconf 68' lang='grc' dir='ltr'>δὲ</span> 
     </span>
    </p>
   </div>
   <div class='ocr_carea' id='block_1_111' title="bbox 470 5482 2099 5613">
    <p class='ocr_par' dir='ltr' id='par_1_111' title="bbox 470 5482 2099 5613">
     <span class='ocr_line' id='line_1_111' title="bbox 470 5482 2099 5613; baseline 0.002 -77"><span class='ocrx_word' id='word_1_785' title='bbox 470 5556 526 5610; x_wconf 60' lang='lat' dir='ltr'>et</span> <span class='ocrx_word' id='word_1_786' title='bbox 656 5483 854 5539; x_wconf 84' lang='lat' dir='ltr'>Matth.</span> <span class='ocrx_word' id='word_1_787' title='bbox 921 5499 1009 5548; x_wconf 83' lang='lat' dir='ltr'>xx,</span> <span class='ocrx_word' id='word_1_788' title='bbox 1074 5484 1159 5537; x_wconf 69' lang='grc'>12.</span> <span class='ocrx_word' id='word_1_789' title='bbox 1256 5484 1301 5517; x_wconf 72' lang='grc' dir='ltr'>ετ</span> <span class='ocrx_word' id='word_1_790' title='bbox 1359 5482 1503 5538; x_wconf 90' lang='lat' dir='ltr'>ibid.</span> <span class='ocrx_word' id='word_1_791' title='bbox 1568 5485 1653 5538; x_wconf 73' lang='grc'>15.</span> <span class='ocrx_word' id='word_1_792' title='bbox 1748 5485 1794 5518; x_wconf 78' lang='grc'>⁵⁸</span> <span class='ocrx_word' id='word_1_793' title='bbox 1850 5484 1985 5540; x_wconf 89' lang='lat' dir='ltr'>Luc.</span> <span class='ocrx_word' id='word_1_794' title='bbox 2041 5500 2099 5540; x_wconf 71' lang='lat' dir='ltr'>xi</span> 
     </span>
    </p>
   </div>
   <div class='ocr_carea' id='block_1_112' title="bbox 2209 5482 3838 5613">
    <p class='ocr_par' dir='ltr' id='par_1_112' title="bbox 2262 5482 3838 5555">
     <span class='ocr_line' id='line_1_112' title="bbox 2262 5482 3838 5555; baseline 0.004 -18"><span class='ocrx_word' id='word_1_795' title='bbox 2262 5484 2314 5538; x_wconf 75' lang='lat'>2.</span> <span class='ocrx_word' id='word_1_796' title='bbox 2397 5485 2443 5519; x_wconf 65' lang='grc' dir='ltr'>ευ</span> <span class='ocrx_word' id='word_1_797' title='bbox 2505 5482 2655 5539; x_wconf 87' lang='lat' dir='ltr'>ibid.</span> <span class='ocrx_word' id='word_1_798' title='bbox 2719 5489 2768 5541; x_wconf 69' lang='grc' dir='ltr'>δ.</span> <span class='ocrx_word' id='word_1_799' title='bbox 2848 5486 2895 5519; x_wconf 75' lang='grc' dir='ltr'>σο</span> <span class='ocrx_word' id='word_1_800' title='bbox 2945 5484 3141 5541; x_wconf 85' lang='lat' dir='ltr'>Matth.</span> <span class='ocrx_word' id='word_1_801' title='bbox 3204 5500 3337 5555; x_wconf 82' lang='lat' dir='ltr'>xxv,</span> <span class='ocrx_word' id='word_1_802' title='bbox 3393 5488 3444 5538; x_wconf 80' lang='lat'>2.</span> <span class='ocrx_word' id='word_1_803' title='bbox 3525 5486 3565 5520; x_wconf 78' lang='grc' dir='ltr'>οι</span> <span class='ocrx_word' id='word_1_804' title='bbox 3624 5483 3771 5541; x_wconf 89' lang='lat' dir='ltr'>ibid.</span> <span class='ocrx_word' id='word_1_805' title='bbox 3809 5490 3838 5543; x_wconf 89' lang='lat'>6</span> 
     </span>
    </p>
   </div>
  </div>
