3950 6180
165 263 240 318 241
1044 263 1137 317 AD
1178 259 1728 318 AMPlllLOCHlUM
1770 261 2110 330 QU/‘ESTIO
2150 265 2397 326 XXXIV.
3359 274 3464 330 242

162 387 286 439 παλιν
312 391 458 454 τίνες;
499 389 636 460 Εἴπερ
683 391 741 439 τὸ
797 387 1119 463 ἀνθρώπινον
1161 393 1306 460 γένος
1341 389 1410 450 εἰς
1459 385 1698 450 δικαίους

1904 407 2004 447 am
2042 393 2302 450 vivendo
2339 395 2638 452 luxuriose
2669 397 2716 431 ⁶²
2742 395 2770 451 ?
2799 397 3136 454 Mercenarz‘i
3164 414 3301 454 vero
3339 400 3466 472 qui-

159 483 227 529 καὶ
264 475 562 552 ἁμαρτωλοὺς
607 473 992 549 διαιρούμενον,
1029 474 1121 530 διὰ
1162 486 1256 529 τῶν
1306 480 1352 530 ἐν
1410 486 1471 550 τῇ
1522 497 1695 550 παρα-

1897 497 1947 536 m
1999 487 2138 539 sunt
2182 484 2285 539 “‘l
2316 484 2374 540 Si
2432 485 2770 543 humanum
2824 502 3013 556 genus
3069 488 3127 543 in
3174 497 3360 559 justos
3412 493 3466 544 et

1819 573 2163 637 peccatores
2195 568 2582 642 discerptum,
2611 571 2849 627 duobus
2871 573 3002 628 ﬁliis
3023 573 3082 628 in
3108 573 3462 644 parabolam

1808 654 2066 711 inductis
2119 658 2508 727 signiﬁcatur,
2553 663 2856 732 quomodo
2891 661 3132 732 juvenis
3170 663 3275 718 iste
3314 663 3465 718 sicut

1811 759 1962 798 unus
1999 761 2070 801 ex
2112 749 2491 804 mercenariis
2529 751 2713 821 patris
2753 766 2884 805 esse
2919 750 3253 822 cupiebat?
3283 751 3462 806 Filius

1808 837 2009 889 autem
2041 836 2256 900 senior,
2287 838 2388 909 qui
2416 837 2566 910 patri
2595 838 2651 892 in
2681 839 2962 894 omnibus
2993 839 3458 911 obsequebatur,

1805 925 1860 976 et
1889 928 2099 994 postea
2139 925 2357 980 invidis
2385 927 2567 982 oculis
2595 929 3050 984 conversionem
3083 929 3455 1001 salutemque

1809 1011 2002 1068 fratris
2029 1015 2448 1087 conspiciebat,
2483 1032 2550 1072 ac
2592 1017 2665 1072 de
2695 1017 2874 1089 hujus
2900 1018 3323 1088 justificatione
3355 1019 3464 1073 ira-

1811 1105 2091 1158 scebatur
2121 1105 2179 1161 in
2228 1111 2458 1177 patrem
2491 1109 2557 1172 “,
2615 1108 2945 1179 quomodo,
2995 1124 3226 1179 quaeso,
3283 1107 3460 1164 alicui

1811 1185 2057 1244 deﬁnito
2083 1189 2311 1245 homini
2357 1196 2552 1262 posset
2584 1191 2870 1263 applicari
2901 1193 2930 1245 ‘?
2955 1195 3035 1247 Ex
3075 1209 3196 1264 quo
3239 1192 3466 1266 perspi-

1813 1275 1980 1342 citur,
2005 1277 2161 1348 quod
2187 1294 2306 1334 non
2339 1279 2514 1335 liceat
2539 1296 2744 1336 omnes
2763 1281 3071 1353 parabolae
3101 1287 3288 1353 partes
3312 1281 3466 1336 solli-

1813 1361 1924 1417 cite
1954 1363 2316 1435 perquirere,
2357 1366 2753 1438 omniumque
2793 1368 3083 1422 rationem
3125 1382 3463 1438 exposcere,

1815 1451 1911 1505 sed
1940 1451 2016 1506 ad
2042 1451 2183 1507 illud
2199 1454 2614 1510 tantummodo
2637 1456 2906 1512 animum
2934 1455 3270 1520 admovere,
3299 1454 3463 1527 quod

158 567 255 638 ϐολῇ
329 564 416 618 δύο
477 565 864 638 λαμϐανομένων
935 564 1058 620 υἱῶν
1125 563 1540 637 παραδηλοῡται,
1608 573 1698 619 καὶ

155 664 244 716 πῶς
280 655 430 717 οὗτος,
468 657 533 716 ὡς
577 656 645 716 εἷς
699 663 774 724 τῷ
823 659 983 729 πατρὶ
1033 664 1130 707 τῶν
1191 657 1435 727 μισθίων,
1475 679 1501 705 ››
1547 675 1698 728 νομι-

158 746 312 802 σθῆναι
355 743 726 809 ἑξαιτεῖται;“0
783 746 894 805 υἱὸς
949 746 975 796 ὁ
1021 744 1382 819 πρεσϐύτερος,
1424 747 1449 796 ὁ
1500 749 1557 797 τὸ
1606 752 1696 797 τοῦ

156 837 314 906 πατρὸς
354 833 536 906 θελημα
589 833 822 907 πληρῶν,
881 831 990 886 εἶτα
1027 839 1286 907 φθονεροίς
1334 839 1536 907 ὄμμασι
1579 836 1694 886 Θεω-

152 930 234 992 ρών
265 926 346 980 τὴν
386 923 710 997 ἐπιστροφὴν,
743 929 834 976 καὶ
882 928 1143 997 σωτηρίαν
1182 931 1276 975 τοῦ
1323 919 1565 995 ἀδελφοῦ,
1612 925 1698 974 καὶ

156 1007 547 1082 δικαιολογεῖσθαι
615 1013 1026 1085 παροξυνόμενος
1099 1021 1169 1082 τῷ
1237 1017 1418 1086 πατρὶ,
1475 1021 1581 1074 πῶς
1638 1012 1697 1062 ἃν

151 1103 375 1173 ὡρισμένῳ
426 1105 524 1153 τινὶ
575 1108 838 1176 προσώπῳ
886 1100 1422 1174 παρατεθείη;”Ωστε
1465 1104 1695 1174 φανερὸν,

151 1191 203 1250 ὡς
251 1189 339 1260 οὐχ
389 1189 592 1242 ἅπαντα
637 1201 732 1253 τῆς
779 1190 1076 1263 παραϐολῆς
1114 1194 1179 1243 τὰ
1225 1194 1354 1263 μέρη
1399 1191 1699 1266 πολυπραγ-

148 1286 302 1348 μονεῖν,
356 1283 438 1330 καὶ
486 1279 770 1350 λογοθετείν
810 1285 1087 1354 προσήκει,
1138 1282 1268 1341 πρὸς
1320 1283 1471 1351 μόνον
1511 1276 1569 1332 δὲ
1609 1279 1700 1351 ἀφ’

149 1372 246 1439 ορᾲν
316 1371 368 1420 τὸ
444 1365 536 1420 διὰ
603 1377 698 1430 τῆς
773 1368 1080 1442 ὁλοκληρίας
1136 1370 1328 1429 ταύτης
1384 1374 1703 1441 σημαινόμε-

147 1475 227 1507 νον.

1814 1556 1919 1614 per
1943 1541 2027 1596 rei
2060 1558 2366 1598 summam
2401 1543 2716 1600 indicatur.

200 1636 281 1686 Τόν
328 1630 383 1687 (ἴε
423 1634 678 1687 πλούσιον
726 1636 1015 1710 ἄνθρωπον,
1062 1637 1130 1698 ὡς
1179 1639 1264 1688 τὸν
1304 1633 1702 1708 διαϐεϐλημένον

146 1722 368 1794 οἰκονόμον
412 1732 506 1786 τῆς
550 1725 722 1786 οἰκίας
767 1731 1151 1799 προεστήσατο,
1187 1730 1286 1777 τίνι
1319 1727 1379 1777 οἷν
1418 1745 1496 1787 τις
1536 1744 1701 1798 προσ·
1733 1736 1777 1791 Β

279 1808 641 1880 ἐξιδιώσαιτος
674 1819 826 1874 Τίνας
875 1811 925 1866 δ’
970 1814 1030 1866 ἂν
1062 1818 1196 1867 εἰποι
1238 1818 1358 1876 τοὺς
1399 1811 1702 1866 διαϐάλλον-

146 1917 244 1963 τας;
268 1901 321 1955 Ἠ
352 1899 408 1954 δὲ
445 1900 804 1965 ἁνταπόδοσις
831 1912 930 1956 τῶν
969 1907 1058 1975 μὲν
1107 1903 1313 1976 ἀγαθῶν
1349 1912 1420 1974 τῷ
1453 1902 1702 1975 Λαζάρῳ,

146 1996 222 2037 τῶν
264 1987 314 2041 δὲ
354 1990 573 2044 ἀνιάτων
617 1986 788 2044 κακὲἱν
837 2001 908 2062 τῷ
947 1993 1198 2064 πλουσίῳ,
1245 2002 1352 2055 πῶς
1401 1992 1461 2045 ἂν
1501 1996 1576 2049 εἰη
1622 2010 1704 2061 γε-

142 2084 353 2149 γενημένη
421 2085 569 2133 οὗπω
647 2091 742 2144 τῆς
800 2091 978 2144 κοινῆς
1045 2089 1260 2155 κρίσεως
1338 2088 1702 2145 συνεστώσης

147 2171 220 2216 Καὶ
255 2170 303 2218 αἱ
337 2165 588 2233 διαλέξεις
638 2167 716 2235 δε,
758 2171 821 2233 ἃς
870 2170 1211 2224 ὑποϐαλλεται
1253 2173 1281 2229 ἡ
1317 2169 1582 2243 παραϐολὴ
1615 2176 1707 2221 τοῦ

142 2253 365 2328 Ἀϐραὰμ,
420 2279 511 2312 και
577 2267 668 2312 τοῦ
723 2260 934 2312 κολάσει
990 2257 1530 2331 καταδεδικασμένου,
1599 2266 1709 2320 πῶς

143 2342 189 2392 ἂν
220 2351 397 2415 γίνοιτο
445 2357 518 2419 τῷ
569 2353 659 2421 μὲν
706 2355 862 2420 σιγὴν
898 2358 998 2402 τῶν
1045 2348 1290 2422 βασάνων
1339 2349 1708 2401 ἐπιταττόντων

142 2433 231 2496 (καὶ
273 2436 395 2494 πλὴν
436 2446 542 2490 τῶν
585 2437 702 2490 καθ’
747 2437 925 2491 ἑαυτὸν
967 2448 1265 2510 στεναγμῶν
1308 2456 1361 2490 τε
1406 2443 1493 2490 καὶ
1545 2433 1710 2511 ὀδυρ-

141 2531 226 2592 μῶν
269 2525 478 2596 χαλινὸν
524 2534 632 2588 τοῖς
683 2527 858 2588 ἄλλοις
900 2526 1293 2598 ἐπιϐαλλόντων)
1328 2548 1340 2561 ·
1374 2534 1466 2580 τοῦ
1503 2524 1562 2578 δε
1604 2546 1711 2598 μη-

141 2617 226 2665 κέτι
268 2619 392 2685 μετὰ
432 2621 531 2674 τὴν
579 2621 758 2690 κρίσιν
803 2621 935 2691 πρὸς
978 2621 1062 2669 τὸν
1112 2615 1313 2689 ἐφάπαξ
1353 2611 1714 2668 καταδεδικα-

142 2707 294 2771 ausim
342 2704 823 2779 ἐπιστρεφομένου;
858 2708 1004 2759 Κατὰ
1043 2709 1130 2758 τὸν
1182 2706 1336 2759 αὐτὸν
1392 2703 1479 2758 οὖν
1531 2707 1710 2766 τύπον,

141 2796 211 2843 καὶ
266 2798 412 2866 νόμον
461 2791 593 2848 οὐδὲ
647 2799 714 2848 τὰ
761 2804 823 2868 τῇ
893 2795 1161 2871 παραϐολῇ
1227 2792 1418 2848 παιδία
1472 2795 1714 2856 ζητήσειε

141 2891 599 2957 περιγεγραμμένων
654 2890 947 2959 προσώπων
1003 2884 1338 2957 ἀπαγγέλλειν
1395 2881 1666 2945 ἰδιότητας
1697 2900 1709 2912 ⁸

143 2968 244 3022 ἀλλὰ
291 2977 388 3046 γὰρ
449 2971 550 3026 διὰ
606 2983 706 3026 τῶν
775 2981 870 3035 τῆς
919 2979 1212 3048 κοινοτέρας
1268 2983 1433 3046 φωνῆς
1499 2970 1717 3045 ἰδίωμα·

141 3079 220 3110 των
276 3068 361 3114 καὶ
415 3068 542 3138 περὶ
608 3071 703 3125 τῆς
783 3068 1116 3138 προκειμένης
1203 3061 1500 3137 παραϐολῆς
1578 3061 1716 3115 ἐπέλ·
1752 3086 1793 3142 C

144 3150 225 3202 θοι.

199 3246 286 3293 Καὶ
330 3243 630 3315 ὁμοιώσεως
671 3249 838 3294 ταῦτα
889 3239 950 3294 ἃν
990 3245 1066 3300 εἴη
1094 3260 1106 3272 ·
1156 3241 1264 3295 ἐπεὶ
1315 3245 1374 3294 τό
1435 3261 1491 3313 γε
1557 3241 1721 3312 αἰνιγ-

141 3335 330 3398 ματικον
389 3329 536 3392 εἶδος
584 3331 764 3396 αὐτῆς,
806 3331 922 3384 καθ’
977 3331 1002 3383 ὃ
1059 3335 1148 3384 καὶ
1204 3333 1233 3388 ἠ
1298 3339 1385 3382 νῦν
1438 3329 1718 3402 ἐταζομένη

141 3426 497 3491 προενήνεκται,
583 3424 674 3472 καὶ
771 3420 960 3496 ἑτέραις
1045 3426 1322 3496 περινοίαις
1395 3422 1480 3472 τὸν
1564 3419 1721 3472 πολὺν

143 3506 372 3581 ἀκροατὴν
448 3511 511 3563 οὐ
595 3507 1056 3586 παραδεχομέναις
1135 3509 1537 3581 θαλαμεύεσθαι.
1619 3514 1718 3562 Καὶ

139 3604 266 3650 τοῦτο
302 3601 423 3672 ἄρα,
476 3603 565 3652 καὶ
612 3601 639 3651 ὁ
688 3605 943 3672 Σωτήριος
989 3599 1136 3671 λόγος
1191 3600 1673 3671 ὑποσημαινόμενος
1705 3617 1716 3627 ·

147 3711 159 3732 ι
187 3686 334 3759 ’Υξιῖνξ
369 3712 395 3737 ι)
429 3689 572 3760 ἔλεγε
610 3693 740 3763 πρὸς
772 3693 891 3750 τοὺς
922 3691 1178 3761 μαθητὰς,
1225 3707 1252 3739 (ι
1285 3683 1501 3740 δέδοται
1529 3695 1722 3759 γνῶναι

143 3779 194 3826 τὰ
217 3784 503 3853 μυστήρια,
545 3778 751 3840 ἕκείνοις
781 3775 840 3831 δι
871 3778 918 3829 ἐν
946 3776 1288 3853 παραϐολαῖς,
1323 3797 1350 3828 )›
1379 3786 1439 3850 τῇ
1477 3775 1724 3850 ἀκριϐεσ-

141 3868 271 3938 τάτη,
309 3874 396 3920 καὶ
445 3871 584 3919 κατὰ
612 3867 793 3919 λεπτὸν
826 3866 1120 3937 ἐπιγνώσει,
1152 3871 1241 3918 καὶ
1273 3865 1590 3938 ἀνακαλύψει
1630 3875 1720 3918 τοῦ

140 3961 435 4028 μυστηρίου,
493 3962 588 4014 τὴν
635 3959 770 4008 κατὰ
820 3959 914 4018 τὰς
960 3954 1254 4028 παραϐολὰς
1286 3953 1722 4008 ἀντιδιαστέλλειν

140 4045 354 4116 καταληηᾷ
366 4067 410 4097 ιν
419 4089 430 4099 .

201 4225 279 4273 Διὸ
319 4229 409 4275 καὶ
454 4244 483 4271 ιι
529 4223 730 4297 Φράσον
769 4223 914 4294 ἡμῖν,
945 4242 972 4272 ))
1006 4221 1174 4293 διεγον
1213 4225 1262 4274 οῖ
1300 4219 1598 4290 ἀπόστολοι,
1632 4226 1725 4281 τὴν

143 4309 418 4379 παραϐολὴν
476 4315 710 4368 ταύτην·
750 4333 770 4360 ν
825 4315 1018 4367 ταύτην
1079 4312 1184 4384 ἄρα
1231 4315 1319 4362 καὶ
1367 4319 1465 4363 τῶν
1528 4309 1728 4363 ἀπειθε-

145 4399 324 4449 στάτρην
405 4396 676 4452 Ἰουδαίων
746 4403 774 4458 ἡ
843 4404 1122 4472 Συναγωγή
1178 4422 1205 4449 «
1261 4403 1376 4452 οὔτε
1453 4398 1728 4471 βλέποντες
1756 4438 1806 4499 υ

143 4485 349 4555 ἔϐλεπον,
389 4494 478 4541 καὶ
519 4488 786 4552 ἀκούοντες
817 4490 909 4541 οὐκ
938 4493 1145 4547 ἤκουον’
1185 4513 1212 4538 ››
1249 4493 1317 4551 ως
1345 4497 1443 4541 τῶν
1483 4493 1726 4541 τοιούτων

144 4576 446 4651 παραϐολῶν,
496 4583 584 4630 καὶ
637 4581 930 4650 ὀμοιώσεων
980 4584 1132 4630 τοῦτο
1186 4581 1272 4630 αεν
1328 4579 1579 4651 καθορᾴν,
1636 4584 1727 4630 καὶ

144 4663 327 4718 ἀκούειν
372 4672 756 4742 παρεχομένων.
804 4667 867 4722 Εἰ
911 4670 1008 4741 γὰρ
1038 4672 1127 4718 καὶ
1164 4672 1405 4742 πωρώσει
1448 4676 1542 4728 τῆς
1582 4687 1718 4741 καρ-

147 4750 248 4816 δίας
282 4761 335 4808 τὸ
378 4766 473 4808 τῶν
506 4753 774 4810 Ἰουδαίων
808 4755 1025 4822 πλῆθος,
1059 4761 1149 4809 καὶ
1187 4760 1316 4831 πρὸς
1354 4759 1410 4808 τό
1442 4766 1536 4818 τῆς
1577 4755 1726 4809 εὗσε-

146 4841 269 4904 ϐείας
342 4854 445 4916 φῶς

151 4929 421 4999 βλέποντες,
451 4931 573 4988 οὐδὲ
613 4933 881 4996 ἀκούοντες
913 4938 1102 4992 ἤκουον
1127 4949 1140 4963 ⁶
1169 4955 1196 4985 »
1227 4932 1354 4991 πλὴν
1386 4933 1510 4984 ἀλλά
1552 4953 1610 5004 γε
1640 4939 1728 4986 καὶ

521 4845 768 4907 ἑκουσίως
833 4847 1214 4917 καταμύοντες·
1275 4867 1300 4892 ‹‹
1353 4843 1461 4896 Οὐκ
1521 4843 1727 4898 ἔϐλεπον

149 5024 172 5076 ὲ
235 5023 489 5096 παραϐολὴ
546 5020 712 5097 μηδὲν
769 5027 893 5096 πρὸς
957 5027 1050 5081 τὴν
1110 5023 1277 5074 αὐτῶν
1351 5021 1728 5094 ἀνθισταμένην

152 5107 372 5164 διάθεσιν
542 5116 643 5186 γὰρ
695 5113 919 5185 ἀσαφείᾳ
962 5111 1298 5184 ἐπεσκίαστο)
1341 5114 1455 5165 οὔτε
1495 5112 1729 5185 ἀγνωμο-

152 5205 294 5260 ﬁn;
341 5201 570 5275 ἀφορμήν
595 5222 713 5254 τινα
755 5206 1080 5275 παρέχεταιο
1117 5201 1241 5254 ἀλλὰ
1280 5207 1369 5254 καὶ
1412 5205 1499 5254 τὸν
1539 5206 1726 5276 τρόπον

152 5287 302 5340 αὐτῶν
354 5300 441 5354 τῆς
487 5292 735 5352 ἀπαθείας
778 5289 964 5362 μᾶλλον
1011 5287 1270 5363 διελέγχει
1298 5305 1312 5320 ⁹
1367 5292 1448 5342 ὅτι
1481 5288 1595 5343 δίον
1636 5291 1728 5352 ζη-

215 5468 259 5503 "
315 5468 446 5524 Luc.
487 5486 581 5533 xv,
644 5469 733 5524 13.

808 5470 854 5504 σε
910 5467 1059 5525 ibid.
1095 5470 1180 5540 ιτ,
1242 5471 1331 5528 19.
1406 5471 1454 5504 σε
1525 5469 1673 5525 ibid.
1727 5471 1820 5526 28.

1888 1633 2158 1687 Praaterea
2208 1633 2451 1688 cuinam
2496 1649 2768 1704 personae
2815 1633 3058 1689 divitem
3113 1632 3300 1697 illum,
3359 1632 3461 1704 qui

1816 1720 2077 1777 villicum
2109 1722 2488 1778 diffamatum
2520 1739 2642 1778 suae
2697 1723 2858 1778 domi
2906 1723 3252 1794 praefectum
3285 1721 3467 1778 habe-

1813 1811 1917 1866 bat
1947 1812 2015 1876 “,
2036 1811 2337 1883 quispiam
2367 1811 2769 1884 appropriarit
2789 1813 2816 1868 ?
2843 1815 3148 1878 Quosnam
3174 1827 3313 1867 vero
3339 1826 3466 1866 esse

1813 1899 2022 1957 dixerit
2049 1900 2203 1956 illius
2237 1907 2614 1957 accusatores
2635 1903 2662 1956 ‘I
2689 1905 2860 1957 Porro
2893 1902 3197 1958 retributio
3229 1900 3467 1957 felicita-

1816 1990 1890 2045 tis
1933 1991 2169 2055 Lazaro,
2205 1995 2259 2046 et
2288 1991 2714 2046 insanabilium
2747 2008 3152 2047 aerumnarum
3194 1990 3361 2046 diviti
3393 1992 3464 2057 ⁸⁸,

1814 2079 2119 2153 quomodo
2174 2080 2329 2136 facta
2359 2097 2492 2137 esse
2525 2083 2752 2152 poterit,
2793 2099 2930 2137 cum
2975 2078 3467 2149 communejudi-

1816 2170 1972 2225 cium
2007 2169 2275 2225 nondum
2309 2170 2651 2226 advenerit?
2672 2171 2918 2226 Abrahae
2945 2187 3106 2239 vero,
3128 2176 3182 2226 et
3208 2167 3468 2226 hominis

1819 2259 2115 2331 supplicio
2129 2258 2348 2314 addicti
2367 2258 2820 2331 colloquia,quaa
2839 2260 3076 2330 subjici!
3090 2255 3381 2332 parabola
3395 2257 3439 2292 ⁸⁷
3452 2296 3464 2319 ι

1819 2349 2128 2422 quomodo
2167 2348 2615 2417 contingebant,
2647 2348 2792 2404 dum
2833 2348 2995 2404 diviti
3029 2349 3323 2405 silentium
3358 2348 3468 2404 im-

1823 2439 2131 2511 ponebant
2161 2442 2458 2494 tormenta
2486 2438 2569 2508 (et
2606 2438 2850 2510 quidem
2889 2439 3001 2511 ipsi
3031 2439 3160 2510 ejus
3192 2439 3467 2508 gemitus,

1821 2532 1878 2584 et
1907 2527 2174 2599 ploratus
2211 2527 2340 2583 aliis
2369 2527 2618 2584 vocibus
2658 2527 2887 2583 frenum
2928 2527 3295 2600 injiciebant)
3327 2545 3340 2594 ;
3370 2530 3472 2585 La-

1821 2632 1990 2674 zarus
2039 2633 2179 2672 vero
2217 2616 2446 2673 homini
2483 2617 2602 2688 jam
2632 2617 2812 2673 semel
2855 2616 3254 2674 condemnato
3294 2618 3475 2673 verba

1823 2708 2075 2777 dirigere
2106 2723 2224 2762 non
2251 2706 2522 2763 debebat.
2549 2707 2769 2762 Eodem
2791 2707 2989 2779 itaque
3013 2711 3212 2779 pacto,
3238 2707 3472 2764 eadem-

1825 2812 1940 2868 que
1962 2797 2090 2867 lege
2115 2812 2225 2853 nec
2251 2798 2417 2868 pueri
2437 2798 2496 2852 in
2522 2801 2726 2853 nostra
2752 2796 3040 2868 parabola
3055 2797 3471 2869 proprietatem

1823 2885 2212 2957 peculiarium
2243 2885 2631 2957 personarum
2665 2891 2938 2956 poterunt
2969 2885 3082 2940 sibi
3125 2885 3426 2940 vindicare
3458 2901 3472 2938 :

1826 2979 1886 3030 at
1914 2975 2089 3031 etiam
2111 2990 2218 3045 pro
2239 2974 2515 3030 vocabuli
2535 2975 2778 3030 notioris
2796 2973 3254 3045 proprietatibus
3275 2973 3334 3027 in
3357 2988 3477 3028 me-

1829 3068 2054 3121 morata
2072 3062 2363 3136 parabola
2389 3063 2590 3118 locum
2619 3061 2978 3119 habuerunt.

1899 3244 2089 3315 Atque
2120 3241 2249 3297 haec
2277 3238 2582 3312 parabolae
2616 3239 2856 3310 propria
2896 3253 3027 3295 esse
3057 3238 3330 3294 videntur
3362 3257 3375 3308 ;
3409 3239 3481 3294 si-

1829 3331 2065 3404 quidem
2096 3329 2166 3387 ad
2198 3330 2393 3402 ipsam
2426 3317 2868 3400 mnigmaticam
2903 3329 3030 3398 ejus
3057 3330 3334 3400 speciem,
3363 3345 3484 3402 qua

1829 3422 2007 3477 etiam
2040 3420 2167 3476 haec
2198 3424 2402 3475 nostra
2431 3419 2664 3491 prolata
2701 3423 2807 3485 est,
2857 3417 3115 3490 pertinet
3144 3434 3382 3490 quoque
3419 3424 3484 3472 ut

1832 3526 1959 3566 sese
1990 3510 2290 3566 contineat
2335 3509 2486 3564 inter
2525 3507 2669 3563 alios
2721 3507 2935 3563 mentis
2988 3511 3328 3579 conceptus,
3383 3507 3485 3580 qui

1831 3616 1866 3656 a
1898 3599 2098 3674 multis
2130 3598 2507 3654 auditoribus
2540 3612 2656 3652 non
2688 3597 3117 3667 intelliguntur.
3153 3600 3213 3652 Et
3234 3597 3295 3652 id
3313 3595 3487 3651 nimi-

1830 3705 1961 3744 rum
2021 3687 2108 3744 vel
2160 3688 2290 3759 ipsa
2336 3686 2665 3746 Servatoris
2711 3686 2999 3742 sententia
3051 3685 3260 3751 innuit,
3322 3701 3480 3749 cum,

1831 3800 1856 3828 ‹‹
1902 3776 2106 3840 Vobis,
2143 3775 2721 3849 iiinqtiitdiscipulis,
2769 3795 2794 3827 α
2832 3776 3039 3832 datum
3059 3783 3145 3831 est
3172 3789 3346 3831 nosse
3367 3791 3486 3847 my-

1833 3867 2032 3932 steria,
2051 3865 2164 3921 illis
2187 3881 2322 3920 vero
2345 3865 2406 3920 in
2425 3865 2727 3936 parabolis
2754 3867 2835 3920 ‘3:
2866 3888 2886 3913 ι
2915 3864 3080 3921 vobis
3101 3865 3372 3920 videlicet
3394 3864 3485 3921 fas

1831 3959 1940 4022 est,
1970 3960 2035 4010 ut
2064 3954 2533 4020 accuratissima,
2555 3959 2610 4010 et
2637 3970 2822 4027 usque
2851 3955 2925 4010 ad
2958 3954 3275 4010 minimum
3303 3953 3486 4008 dedu-

1833 4049 1926 4100 cta
1945 4043 2267 4113 agnitione,
2295 4046 2352 4097 et
2372 4043 2730 4100 revelatione
2749 4043 3013 4114 mysterii
3037 4041 3486 4112 intelligentiam

1834 4133 2256 4204 parabolarum
2297 4131 2571 4188 dilatetis.

1908 4223 2098 4287 Quare
2150 4226 2204 4277 et
2237 4243 2263 4271 κ
2322 4221 2592 4276 Edissere
2630 4221 2828 4286 nobis,
2865 4240 2894 4273 »
2929 4220 3170 4276 aiebant
3213 4218 3486 4291 apostoli,

1841 4333 1863 4360 α
1889 4310 2234 4383 parabolam
2253 4310 2422 4366 istam
2445 4313 2560 4376 vi”;
2585 4310 2818 4366 etistam
2834 4310 3038 4381 ulique
3056 4307 3489 4364 contumacium

1840 4403 2160 4473 Synagoga
2197 4401 2540 4456 Iudaeorum
2584 4420 2612 4448 «
2655 4399 2918 4454 videntes
2944 4413 3066 4453 non
3108 4396 3402 4460 videbant,
3436 4402 3492 4452 et

1839 4490 2150 4545 audientes
2191 4505 2310 4545 non
2344 4489 2669 4544 audiebant
2697 4489 2748 4521 7°
2778 4505 2792 4558 ;
2829 4509 2856 4539 »
2886 4486 3102 4558 quippe
3131 4487 3486 4558 hujusmodi

1838 4579 2054 4644 videre,
2089 4583 2144 4634 et
2171 4578 2384 4634 audire
2403 4576 2696 4649 parabolae
2724 4579 2780 4630 et
2798 4575 3213 4632 similitudines
3242 4579 3488 4647 praesta-

1839 4669 2002 4723 bant.
2039 4669 2104 4722 Et
2128 4668 2173 4722 si
2196 4667 2354 4723 enim
2375 4682 2521 4736 gens
2542 4665 2910 4729 Judaeorum,
2937 4681 3074 4721 eum
3099 4665 3274 4722 corde
3303 4664 3487 4722 obdu-

1840 4763 1966 4812 rato
2014 4761 2228 4820 essent,
2290 4760 2344 4811 et
2381 4754 2494 4810 luci
2523 4753 2827 4824 religionis
2868 4760 3081 4826 sponte
3122 4770 3233 4810 sua
3281 4754 3487 4809 oculos

1839 4845 2180 4901 clauderent
2209 4867 2220 4898 :
2250 4865 2274 4894 α
2309 4844 2583 4899 Videntes
2614 4859 2734 4899 non
2765 4841 3067 4911 videbant,
3096 4849 3151 4898 et
3181 4843 3491 4899 audientes

1838 4949 1958 4989 non
1989 4932 2316 4989 audiebant
2346 4949 2359 4997 ;
2394 4953 2421 4984 »
2461 4931 2688 4987 nullam
2719 4936 2923 4987 tamen
2955 4931 3251 4986 resistenti
3281 4947 3489 4987 eorum

1837 5022 2022 5094 indoli
2072 5021 2359 5093 parabola
2384 5023 2614 5093 (utpote
2667 5036 2802 5093 qua:
2843 5020 3196 5077 obscuritate
3237 5019 3494 5077 involve-

1837 5111 2034 5182 batur)
2066 5110 2417 5182 ignorantiae
2463 5110 2841 5167 occasionem
2893 5110 3136 5180 praebet,
3173 5111 3272 5166 sed
3304 5110 3494 5182 potius

1837 5200 2104 5271 ipsorum
2134 5217 2330 5256 mores
2356 5199 2690 5256 indolentiae
2713 5199 2958 5256 crimine
2983 5199 3314 5269 redarguit;
3337 5199 3492 5271 quod

1838 5306 1930 5345 res
1957 5305 2076 5345 non
2121 5294 2458 5361 perspectas
2492 5306 2559 5346 ex
2589 5289 2700 5355 his,
2735 5305 2863 5361 quae
2887 5290 3013 5360 jam
3059 5289 3484 5351 intellexerant,

1895 5469 1943 5541 f5
1996 5468 2138 5524 ibid.
2199 5473 2387 5541 xvi,l.
2449 5471 2496 5504 ⁸⁸
2544 5469 2687 5525 ibid.
2738 5468 2805 5523 22
2864 5483 3030 5541 seqq.
3109 5469 3151 5502 ⁵⁷
3215 5465 3362 5522 ibid.
3423 5464 3490 5520 24

155 5551 314 5611 seqq.
348 5541 392 5574 “
415 5540 554 5599 ibid.
579 5556 704 5606 vui,
737 5541 820 5598 10.
896 5541 942 5576 ⁵⁹
974 5540 1169 5598 Matth.
1203 5557 1325 5615 xm,
1357 5545 1425 5598 36
1454 5559 1472 5613 ;
1505 5557 1600 5607 xv,
1639 5542 1714 5601 15.

1897 5539 2019 5598 bid.
2056 5557 2174 5604 xm,
2208 5540 2295 5595 13.
