4126 6190
401 242 504 299 243

1616 244 1853 301 PHOTll
1895 245 2145 302 PATBlA
2158 246 2375 304 RCHXE
2413 245 2523 303 CP.

3666 246 3772 304 244

393 369 481 426 uti
513 367 785 425 solebant
822 369 1097 441 apostoli,
1150 370 1510 440 investigare
1557 370 1905 427 debuissent
1934 390 1950 442 ;
1983 371 2037 426 hi

2158 379 2283 441 τεῖν,
2330 371 2383 435 ἐξ
2426 373 2492 422 ὧν
2527 375 2791 438 συνίεσαν,
2826 371 2860 423 ἀ
2899 376 2970 442 μὴ
3009 375 3274 437 συνίεσαν,
3317 372 3488 445 ὥσπερ
3524 373 3772 444 ἔπραττον

391 463 592 515 autem
639 458 871 514 nullum
907 475 1248 516 sermonem
1294 477 1416 516 non
1444 461 1549 516 rite
1579 460 1941 516 intellectum
1983 460 2045 516 in

393 547 596 603 animo
626 547 1052 605 recondebant.

461 639 621 691 lianc
670 653 806 692 vero
839 636 1261 708 parabolarum
1307 644 1362 693 et
1407 638 1866 694 similitudinum
1896 637 2048 694 difﬁ-

393 725 672 781 cultatem
705 725 796 780 vel
841 727 966 798 ipse
1013 727 1297 783 Salomon
1329 727 1386 782 in
1414 728 1564 782 llbl‘O
1596 727 2047 799 proverbiorum

393 815 838 880 indicavit,dum
858 816 1036 872 verbo
1052 818 1362 886 parabolae
1377 833 1551 872 voces
1567 817 1857 889 quasdam
1878 832 2048 890 neque

394 903 684 977 pollentes
701 906 976 975 apponit;
995 905 1092 960 ubi
1117 905 1448 977 sapientem
1471 905 1815 976 quemdam,
1835 911 1891 960 et
1912 921 2046 976 pru-

393 993 656 1057 dentem,
703 993 808 1066 qui
861 999 1123 1050 mentem
1176 1011 1350 1050 suam
1399 994 1728 1066 proverbiis
1770 993 2041 1062 excoluit,

393 1082 740 1138 describens
791 1099 803 1137 :
851 1106 877 1134 ιι
939 1083 1235 1155 Exquiret,
1291 1084 1502 1155 inquit,
1565 1083 1936 1156 parabolam,
1994 1088 2048 1139 et

393 1171 652 1228 obscura
685 1171 865 1226 verba
897 1171 1280 1243 sapientium,
1309 1178 1364 1227 et
1389 1172 1700 1242 aenigmata
1727 1173 1796 1225 ⁷⁷.
1837 1191 1864 1222 ››

463 1260 682 1315 Verum
715 1261 841 1315 haec
872 1260 1143 1316 doctrina
1164 1277 1200 1316 a
1240 1259 1536 1332 parabolze
1559 1265 1614 1316 et
1641 1259 2044 1316 similitudinis

391 1349 848 1420 proprietatibus
874 1349 991 1404 huc
1021 1364 1140 1404 non
1173 1350 1351 1405 invite
1390 1349 1668 1415 deducta,
1702 1349 1834 1405 aliis
1867 1357 2044 1421 atque

390 1437 520 1493 aliis
540 1438 977 1510 quaestionibus
993 1438 1295 1494 solvendis
1311 1439 1538 1494 ratione
1558 1439 1758 1494 adhuc
1771 1439 2044 1509 exposita

388 1531 581 1598 potest
633 1527 939 1583 inservire.
1003 1528 1066 1582 Id
1121 1544 1280 1592 vero,
1331 1527 1496 1600 quod
1536 1528 1736 1599 potius
1788 1528 2038 1592 dicetur,

389 1622 613 1688 quanlo
631 1617 968 1674 accuratius
996 1617 1288 1681 notiones,
1319 1623 1374 1672 et
1402 1617 1586 1672 verba
1611 1616 1896 1673 doctrinae
1911 1616 2039 1689 jam

390 1709 622 1761 statutae
674 1707 966 1770 enucleat,
1016 1711 1173 1760 tanto
1207 1706 1400 1774 magis
1441 1704 1747 1776 propriam
1807 1704 2042 1760 solutio.
2079 1729 2118 1782 Β

389 1808 528 1849 nem
569 1795 858 1866 proponit,
899 1809 1155 1866 eamque
1196 1798 1412 1850 nostrae
1446 1793 1545 1848 uni
1585 1793 1851 1864 applicat
1883 1809 2043 1864 quaa-

392 1883 565 1939 stioni
579 1925 598 1946 ._

464 1972 688 2043 Duplici
729 1975 928 2027 autem
986 1987 1166 2028 sensu
1206 1987 1374 2028 sacra
1419 1971 1663 2026 oracula
1715 1986 2038 2043 puerorum

391 2076 608 2116 nomen
649 2066 985 2133 usurpant:
1020 2060 1261 2125 scilicet,
1315 2083 1343 2109 ι(
1383 2060 1562 2114 Sinite
1619 2059 1924 2131 parvulos,
1985 2065 2042 2114 et

387 2147 563 2204 nolite
595 2166 692 2203 eos
740 2149 1058 2221 prohibere
1097 2149 1174 2204 ad
1205 2165 1300 2204 me
1333 2148 1532 2204 venire
1563 2151 1609 2183 ⁷³
1645 2165 1658 2215 ;
1693 2170 1720 2198 ››
1753 2149 2038 2220 quodque

385 2237 463 2291 ab
490 2237 603 2292 hac
642 2237 1068 2309 signiﬁcatione
1099 2253 1220 2293 non
1266 2237 1444 2308 longe
1475 2236 1669 2304 distat,
1694 2258 1722 2286 «
1757 2237 1872 2292 Nisi
1900 2253 2037 2292 con-

383 2326 532 2382 versi
575 2327 820 2393 fueritis,
853 2334 908 2382 et
938 2327 1278 2384 efﬁciamini
1319 2327 1467 2382 sicut
1498 2327 1751 2398 parvuli,
1784 2342 1906 2382 non
1953 2327 2036 2382 in-

381 2415 606 2472 trabitis
653 2416 712 2470 in
752 2431 1004 2486 regnum
1044 2416 1331 2472 caelorum
1366 2417 1435 2467 ⁷³.
1480 2437 1507 2464 ››
1557 2415 1779 2471 Deinde
1828 2431 1968 2471 vero
2017 2432 2030 2470 :

379 2523 406 2554 «
451 2506 697 2567 Fratres,
739 2503 917 2559 nolite
948 2505 1114 2576 pueri
1154 2504 1305 2559 efﬁci
1337 2504 1628 2572 sensibus,
1669 2504 1773 2559 sed
1815 2503 2034 2559 malitia

377 2592 611 2663 parvuli
638 2597 822 2648 estote
854 2594 922 2648 ⁷⁵.
957 2613 984 2642 ››
1021 2595 1211 2658 Quare
1246 2608 1398 2661 puer
1428 2593 1548 2647 duo
1582 2593 1897 2662 signiﬁcat,
1933 2599 2034 2648 aut

379 2681 575 2751 potius
622 2682 766 2749 tria;
822 2682 1120 2754 siquidem
1165 2681 1398 2749 Paulus,
1441 2683 1524 2738 vir
1572 2682 1666 2737 ille
1711 2683 1770 2738 in
1815 2681 2034 2737 divinis

377 2769 779 2842 humanisque
809 2771 986 2826 rebus
1016 2770 1283 2844 quolibet
1319 2771 1437 2827 alio
1470 2771 1812 2843 sapientior,
1851 2777 1906 2826 et
1935 2769 2031 2841 qui

379 2864 551 2915 norat
567 2866 1002 2916 consentaneas
1022 2877 1196 2915 voces
1213 2861 1483 2931 cognatis
1504 2861 1845 2916 notionihns
1871 2867 2035 2932 apta-

380 2963 461 3013 re,
496 2948 763 3019 profatus
789 2955 876 3004 est
909 2968 920 3006 :
954 2970 980 3000 «
1011 2951 1161 3016 Quia
1192 2965 1332 3018 ergo
1364 2950 1530 3021 pueri
1557 2948 2034 3006 communicave-

379 3042 512 3092 runt
552 3037 714 3092 carni
748 3044 802 3092 et
833 3039 1134 3108 sanguini,
1168 3043 1221 3094 et
1251 3039 1378 3109 ipse
1409 3038 1676 3094 similiter
1716 3038 2038 3110 participa-

380 3125 460 3180 vit
489 3126 740 3191 eisdem,
772 3131 834 3182 ut
865 3143 965 3198 per
995 3133 1244 3182 mortem
1274 3128 1600 3182 destrueret
1630 3143 1768 3182 eum
1800 3127 1901 3198 qui
1932 3127 2034 3182 ha-

379 3213 560 3269 bebat
590 3216 795 3270 mortis
827 3215 1144 3288 imperium
1181 3218 1249 3270 ⁷⁵.
1285 3237 1311 3267 ››
1344 3219 1506 3272 Patet
1531 3216 1712 3284 enim,
1745 3215 1909 3287 quod
1942 3216 2036 3271 hic

377 3319 492 3359 vox
529 3318 682 3370 puer
722 3319 909 3374 neque
947 3304 1216 3375 simplex,
1263 3320 1457 3377 neque
1495 3305 1798 3369 innocens,
1841 3320 2036 3376 neque

376 3391 726 3447 calliditatis
757 3407 987 3460 expers,
1021 3394 1144 3448 imo
1186 3409 1381 3466 neque
1412 3395 1687 3458 stultum,
1720 3399 1772 3450 et
1804 3393 2036 3462 patiens

370 3481 558 3547 facile
597 3480 1057 3538 circumversam‘
1089 3483 1275 3554 possit
1305 3481 1574 3553 intelligi,
1609 3482 1712 3537 sed
1753 3489 2034 3538 naturam

377 3568 703 3625 humanam
731 3570 1073 3642 simpliciter
1101 3571 1418 3641 signiticet.

447 3659 636 3723 Quam
663 3658 738 3714 ob
761 3675 1011 3714 causam
1039 3663 1388 3726 Praecursor,
1413 3665 1468 3716 et
1491 3659 1848 3731 Redemptor
1869 3644 2038 3731 pueri

379 3748 604 3818 optimo
637 3748 774 3820 jure
815 3749 1011 3804 vocari
1051 3754 1392 3820 potuerunt,
1434 3749 1578 3821 quia
1620 3755 1674 3804 et
1714 3765 2035 3821 puerorum

381 3841 608 3891 naturae
635 3839 1193 3904 communicarunt;
1221 3843 1277 3894 et
1302 3839 1466 3910 quod
1497 3838 1687 3908 magis
1717 3837 2033 3910 peculiare,

382 3929 438 3980 et
476 3925 784 3996 proprium
824 3932 931 3996 est,
973 3928 1115 3999 quia
1147 3927 1396 3983 multam
1429 3928 1752 3993 lenitatem,
1794 3932 1851 3982 et
1887 3927 2038 3982 inter

383 4013 740 4087 multiplices
780 4017 1193 4088 perpessiones
1230 4017 1770 4083 mansuetudinem,
1815 4031 2032 4072 mores-

380 4119 496 4176 que
527 4105 726 4175 pueris
752 4121 872 4160 non
905 4106 1208 4161 absimiles
1242 4123 1363 4179 prae
1396 4123 1460 4162 se
1485 4107 1772 4162 ferebant.
1811 4105 2034 4162 Etenim

382 4207 703 4263 puerorum
745 4211 936 4250 mores
977 4195 1081 4265 ipsi
1118 4196 1176 4250 in
1220 4212 1282 4250 se
1319 4195 1656 4252 referebant
1695 4211 2032 4268 expressos,

379 4282 525 4336 dum
558 4297 666 4338 nec
695 4283 894 4353 ignem
927 4283 1307 4340 deducebant
1329 4301 1358 4340 e
1384 4285 1556 4352 coelo,
1587 4302 1692 4340 nec
1723 4285 2032 4356 improbos

379 4370 576 4440 gladio
609 4373 973 4444 plectebant,
1009 4389 1117 4430 nec
1146 4380 1310 4430 terrae
1341 4375 1604 4430 hiatibus
1635 4374 2030 4444 castigabant,

381 4474 486 4516 nec
518 4461 848 4518 obduratos
877 4463 1311 4534 demergebant
1341 4464 1398 4518 in
1430 4480 1594 4520 mare
1622 4481 1634 4530 ;
1663 4465 1765 4520 sed
1794 4464 2031 4520 lenitate

379 4565 448 4604 ac
487 4549 824 4620 placiditate
869 4553 926 4608 in
967 4569 1293 4626 puerorum
1335 4553 1717 4609 similitudine
1755 4570 1814 4607 se
1855 4553 2035 4609 collo-

378 4643 604 4701 cantes,
637 4640 1016 4696 sermonibus
1051 4641 1260 4712 puerili
1292 4641 1529 4710 ingenio
1560 4642 2032 4697 accommodatis

378 4725 718 4782 edocendos
734 4729 1108 4796 erudiebant,
1131 4731 1464 4785 secundum
1479 4730 1620 4786 illud
1644 4748 1654 4783 :
1682 4752 1703 4780 ιι
1729 4731 1841 4785 Lac
1859 4731 2033 4786 vobis

379 4821 585 4886 potum
610 4816 764 4880 dedi,
788 4834 905 4872 non
926 4834 1125 4874 escam
1144 4821 1225 4885 ⁷⁶;
1258 4843 1276 4868 ι
1308 4825 1364 4874 et
1387 4825 1663 4891 praeterea
1690 4841 1716 4870 tt
1735 4822 1902 4876 Multa
1921 4820 2035 4875 alia

376 4903 572 4959 habeo
603 4905 816 4970 dicere,
852 4907 958 4962 sed
989 4923 1109 4962 non
1142 4910 1388 4980 potestis
1418 4915 1654 4981 portare
1687 4909 1866 4965 modo
1898 4910 1967 4961 ⁷⁷.
2004 4929 2032 4960 ››

447 4994 769 5050 Locutione
805 4997 1005 5068 itaque
1042 5013 1237 5069 neque
1270 4997 1554 5063 absurda,
1597 5013 1792 5070 neque
1827 5004 2029 5054 contu-

379 5081 626 5139 meliosa
654 5083 821 5155 pueri
851 5086 1050 5157 utique
1080 5084 1288 5142 haberi
1320 5090 1616 5156 poterunt,
1647 5093 1703 5142 et
1734 5086 1871 5150 dici,
1903 5091 2028 5141 tum

2159 463 2207 513 οἱ
2257 459 2533 513 ἀπόστολοι
2564 477 2574 488 ⁸
2606 462 2655 512 οἱ
2713 457 2772 512 δε
2824 461 2974 530 λόγον
3024 456 3213 511 οὐδένα
3268 468 3366 510 τῶν
3420 456 3771 530 ἀγνοουμένων

2161 551 2406 602 ετίθεντο.

2229 641 2295 690 Τό
2339 634 2397 690 δε
2439 646 2525 698 τῆς
2565 636 2884 710 παραϐολῆς,
2926 642 3015 693 καὶ
3065 638 3360 709 ὁμοιώσεως
3402 633 3770 710 δυσθεώρητον

2158 730 2312 778 me
2370 732 2767 800 Ιιαροιμιαστης
2824 736 2882 798 τῇ
2939 729 3221 800 παραθέσει
3273 735 3371 776 τῶν
3427 724 3769 796 παραλληληη

2160 825 2332 888 φωνῶν
2356 818 2703 886 ὑπεσήμηνεν,
2724 818 2877 873 ἡνίκα
2894 819 2975 867 τόν
3001 824 3107 876 ταῖς
3127 819 3433 888 παροιμίαις
3466 812 3769 866 τελεσθέντα

2158 909 2250 962 τὴν
2309 901 2542 956 διάνοιαν
2601 909 2755 976 σοφόν
2808 925 2924 957 τινα
2978 901 3302 976 διαγράφων,
3362 908 3452 954 καὶ
3508 907 3761 973 νοήμονα,

2160 1017 2186 1043 ‹‹
2221 999 2415 1051 Νοησει
2434 1014 2484 1045 τε
2510 993 2827 1069 παραϐολὴν,
2859 999 3006 1065 φησὶ,
3036 998 3123 1045 καὶ
3147 1001 3418 1045 σκοτεινῶν
3447 993 3559 1063 (76)
3577 993 3765 1066 ῥήσεις

2157 1103 2210 1135 τε
2244 1093 2428 1156 σοφῶν,
2461 1089 2549 1136 καὶ
2579 1084 2882 1155 αἰνίγματα.
2916 1107 2943 1134 ›)

2227 1261 2381 1316 Ἀλλὰ
2410 1263 2559 1325 οὗτος
2588 1265 2676 1334 μεν
2725 1263 2750 1314 ὁ
2779 1262 2926 1334 λόγος
2969 1263 2994 1313 ό
3040 1259 3141 1313 ἀπό
3187 1269 3284 1313 τῶν
3325 1257 3622 1332 ἰδιωμάτων
3670 1267 3762 1321 τῆς

2154 1351 2468 1426 παραϐολῆς,
2529 1357 2618 1403 καὶ
2672 1353 2963 1423 ὁμοιώσεως
3017 1355 3075 1402 ον
3131 1350 3384 1411 παντελῶς
3453 1349 3765 1420 καθελκόμε-

2153 1461 2254 1503 νος,
2295 1441 2510 1505 πολλῶν,
2563 1446 2652 1492 καὶ
2705 1441 2866 1492 ἄλλων
2922 1445 3057 1491 κατά
3105 1444 3190 1491 τόν
3249 1439 3511 1513 εἰρημένον
3569 1443 3759 1511 τρόπον

2154 1531 2503 1604 ἑξευμαρίξειν
2545 1532 2824 1600 ζητήματα
2857 1525 3094 1580 δύναται.
3146 1526 3210 1580 ’⁸0
3262 1524 3320 1580 δε
3365 1527 3553 1599 μᾶλλον
3598 1529 3762 1600 ῥηθή-

2157 1639 2321 1684 σεται,
2355 1623 2474 1672 ὅσον
2517 1627 2612 1680 τῆς
2657 1621 3066 1691 προτεταγμένης
3119 1619 3333 1691 θεωρίας
3375 1616 3567 1688 μᾶλλον
3617 1614 3762 1688 ἀκρι-

2153 1703 2440 1775 ϐολογὲῖται
2472 1707 2534 1755 τά
2571 1722 2624 1755 τε
2671 1704 2975 1775 πράγματα,
3009 1708 3097 1754 καὶ
3141 1704 3206 1754 τὰ
3243 1703 3476 1776 ῥήματα,
3511 1709 3760 1752 τοσοῦτον

2155 1790 2466 1853 ἰδιάζουσαν
2509 1790 2786 1863 ἀποφαῖνον
2818 1791 2892 1862 ἐφ’
2926 1790 2996 1842 ἐνὶ
3023 1791 3290 1862 ζητήματι
3322 1791 3628 1864 περιγράφει
3665 1793 3757 1846 τὴν

2151 1880 2405 1935 ἐπίλυσιν.

2221 1978 2397 2022 Διττον
2447 1989 2524 2021 τοι
2576 1971 2673 2043 γὰρ
2733 1964 2818 2021 οὖν
2872 1971 3014 2043 παρὰ
3066 1975 3173 2030 τοῖς
3228 1970 3375 2040 ἱεροῖς
3425 1968 3570 2039 ἡμῶν
3620 1986 3758 2039 χρη-

2152 2068 2310 2132 σμοῖς
2364 2062 2429 2111 τά
2478 2055 2709 2111 παιδία·
2761 2056 2942 2130 ’Ἅφετε
2989 2061 3088 2131 γὰρ
3148 2059 3213 2108 τὰ
3267 2053 3480 2124 παιδία,
3531 2061 3620 2107 καὶ
3677 2061 3750 2128 μὴ

2147 2148 2365 2200 κωλύετε
2409 2148 2542 2200 αὐτὰ
2584 2148 2836 2221 ἔρχεσθαι
2884 2151 3006 2218 πρός
3059 2165 3120 2219 με
3149 2165 3199 2197 ·›)
3231 2150 3439 2205 καὶτῆς
3484 2145 3648 2206 αὐτῆς
3680 2144 3750 2196 ἐν·

2145 2242 2292 2298 νοίας
2344 2237 2402 2288 οὗ
2452 2236 2646 2310 πόρρω,
2681 2236 2855 2287 «Ἐὰν
2911 2241 2980 2306 μὴ
3040 2244 3320 2310 στραφῆτε,
3375 2239 3464 2286 καὶ
3505 2236 3750 2304 γένησθε,

2145 2327 2212 2387 ὡς
2243 2328 2308 2378 τὰ
2349 2321 2558 2389 παιδία,
2592 2325 2649 2376 οὗ
2698 2329 2767 2396 μὴ
2812 2323 3073 2381 εἰσέλθητε
3116 2324 3185 2386 εἰς
3216 2328 3308 2382 τὴν
3342 2322 3615 2395 βασιλείαν
3649 2332 3748 2375 τῶν

2143 2415 2370 2489 οὐρανῶν
2399 2434 2410 2445 ·
2459 2434 2486 2466 ›)
2532 2412 2658 2483 εἶτα,
2719 2409 2979 2484 Ἀδελφοί,
3027 2417 3097 2484 μὴ
3148 2409 3345 2464 παιδία
3391 2413 3596 2483 γίνεσθε
3648 2420 3760 2472 ταῖς

2145 2508 2342 2577 φρεσὶν,
2388 2501 2515 2554 ἀλλὰ
2563 2511 2622 2575 τῇ
2672 2507 2825 2574 κακίᾳ
2872 2503 3168 2562 νηπιάζετε.
3217 2521 3244 2554 ι)
3273 2501 3434 2554 Ὥστε
3477 2498 3654 2553 διττόν
3696 2500 3759 2552 ἆν

2144 2598 2219 2653 εἰη
2268 2597 2324 2645 τό
2373 2589 2606 2659 παιδίον,
2649 2591 2838 2664 μᾶλλον
2871 2588 2928 2643 δὲ
2959 2597 3047 2643 καὶ
3084 2595 3255 2665 τριτον
3290 2613 3301 2624 ο
3347 2595 3484 2664 εἴπερ
3521 2592 3546 2642 ό
3597 2594 3760 2662 σοφός

2143 2687 2188 2734 εἴ
2238 2703 2316 2744 τις
2377 2682 2521 2742 ἄλλος
2586 2682 2647 2734 τὰ
2703 2684 2814 2733 θεῖα
2877 2686 2967 2732 καὶ
3034 2683 3098 2733 τὰ
3155 2680 3470 2755 ἀνθρώπινα,
3525 2679 3751 2744 Παῦλος,

2144 2772 2450 2845 ἐφαρμόζειν
2527 2790 2578 2822 τε
2644 2766 2796 2831 εἰδὼς
2867 2772 2959 2830 τὰς
3037 2769 3362 2829 καταλλήλας
3424 2771 3588 2841 φωνὰς
3647 2777 3761 2830 ταῖς

2145 2861 2577 2933 συγγενεσταταις
2644 2858 2878 2920 ἐννοίαις,
2941 2855 3281 2932 διακέκραγεν
3321 2876 3332 2887 ⁸
3395 2879 3421 2908 ι(
3465 2858 3605 2911 Ἐπεὶ
3667 2859 3758 2910 οὖν

2143 2953 2206 3002 τα
2248 2946 2440 3001 παιδία
2485 2954 2818 3005 κεκοινώνηκε
2867 2951 3071 3022 σαρχός
3114 2953 3202 2999 καὶ
3253 2949 3487 3019 αἰματος,
3537 2954 3626 2999 καὶ
3659 2947 3753 2998 αὖ·

2144 3042 2232 3098 τός
2284 3037 2664 3110 παραπλησίως
2711 3041 2937 3110 μετέσχε
2984 3046 3082 3088 τῶν
3131 3036 3320 3102 αὐτῶν,
3377 3038 3459 3088 ἶνα
3513 3032 3608 3088 διὰ
3660 3044 3752 3088 τοῦ

2147 3129 2368 3180 θανάτου
2417 3131 2728 3199 καταργήσῃ
2776 3129 2860 3177 τὸν
2908 3129 2964 3176 τό
3004 3127 3194 3198 κράτος
3239 3129 3427 3197 ἔχοντα
3466 3132 3555 3177 τοῦ
3591 3127 3755 3177 θανά-

2145 3237 2256 3272 του,
2286 3238 2313 3268 ››
2372 3215 2528 3274 Δῆλον
2567 3218 2690 3289 γὰρ,
2723 3217 2792 3276 ὡς
2839 3218 2896 3266 τό
2951 3211 3162 3267 παιδίον
3214 3213 3453 3279 ἐνταῦθα,
3515 3218 3632 3266 οὔτε
3697 3219 3756 3266 τό

2147 3307 2359 3372 ἁπλοῦν,
2438 3310 2527 3357 καὶ
2612 3306 2825 3370 ἄκακον,
2895 3308 2983 3356 καὶ
3070 3308 3394 3376 πανουργίας
3456 3301 3752 3376 ἐλεύθερον,

2148 3395 2476 3467 ἀπαγγέλλει,
2517 3397 2633 3446 οὗτε
2674 3398 2776 3466 μὴν
2833 3397 2890 3445 τό
2933 3392 3200 3457 ἀσύνετον,
3234 3397 3323 3444 καὶ
3371 3398 3464 3450 την
3520 3388 3758 3444 διάνοιαν

2147 3485 2495 3558 εὖπερίφορον,
2527 3481 2652 3534 ἀλλὰ
2685 3487 2775 3540 την
2803 3480 3126 3557 ἀνθρωπίνην
3158 3480 3330 3541 ἁπλῶς
3357 3480 3759 3554 ἐπισημαίνεται

2148 3578 2210 3646 an}
2222 3593 2322 3627 σιν.

2219 3667 2397 3736 Διόπερ
2449 3663 2472 3712 ό
2525 3657 2829 3732 ΙΙρόδρομος
2883 3664 2972 3711 καὶ
3023 3661 3046 3711 ὁ
3088 3663 3287 3731 Σωτὴρ,
3330 3655 3521 3710 παιδία
3557 3657 3616 3710 ἂν
3660 3658 3755 3710 οὐκ

2147 3749 2426 3810 ἀπεικότως
2485 3750 2717 3815 κληθείη,
2769 3749 2848 3800 ὃτι
2902 3768 2953 3800 τε
3017 3758 3110 3809 τῆς
3167 3748 3333 3800 αὐτῶν
3386 3747 3515 3799 εἰσιν
3575 3747 3758 3807 οὐσίας

2146 3843 2564 3899 κεκοινωνηκότες
2607 3858 2617 3870 ’
2675 3843 2763 3889 καὶ
2810 3841 3245 3911 προσεχέστερον,
3299 3842 3387 3887 καὶ
3446 3836 3755 3909 οἰκειότερον

2148 3927 2240 3981 διὰ
2279 3933 2371 3986 τὴν
2413 3927 2600 3984 πολλὴν
2632 3929 2949 4000 ἡμερότητα,
2998 3931 3086 3978 καὶ
3139 3930 3411 3999 πραότητα
3458 3934 3558 3977 τῶν
3599 3924 3756 3976 πολυο

2145 4017 2340 4074 τλὴτων
2388 4017 2588 4082 παθών,
2630 4021 2718 4067 καὶ
2767 4017 2904 4074 ἠθῶν
2943 4020 3033 4072 την
3086 4019 3215 4089 πρός
3255 4016 3319 4066 τὰ
3361 4011 3550 4067 παιδία
3581 4015 3757 4085 ὁμοιό-

2145 4125 2295 4162 τητα.
2355 4111 2454 4157 Καὶ
2501 4107 2600 4179 γαρ
2654 4104 2700 4156 ἐν
2755 4105 2953 4166 ἑαυτοῖς
2999 4101 3257 4156 ἐδείκνυον
3304 4100 3752 4176 διαμορφοὺμενα,

2146 4198 2260 4246 οὔτε
2320 4202 2422 4268 πῦρ
2494 4193 2547 4256 ἐξ
2609 4194 2827 4266 οὐρανοῦ
2906 4191 3363 4260 καταϐιϐκζοντες,
3435 4196 3551 4244 οὔτε
3618 4191 3754 4262 ξίφει

2143 4288 2260 4345 τοὺς
2307 4279 2618 4344 ἀδικοῦντας
2662 4281 2976 4347 κολάζοντες,
3031 4278 3152 4333 οὐδὲ
3200 4285 3452 4353 χάσμασι
3495 4283 3752 4354 τιμωρούο

2146 4392 2306 4444 μενοι,
2361 4368 2483 4423 οὐδε
2537 4371 2996 4431 καταποντίζοντες
3045 4367 3203 4422 ὕδατι
3253 4375 3373 4431 τοὺς
3427 4368 3704 4432 ἁπειθότας
3735 4385 3748 4400 °

2068 4421 2275 4512 Ῐὶὶιόιλλόι
2312 4457 2516 4512 παίδων
2556 4461 2667 4530 (77)
2720 4461 2790 4522 εἰς
2829 4461 3115 4532 ὁμοιότητα
3158 4456 3252 4511 διὰ
3291 4467 3382 4521 τῆς
3429 4463 3747 4534 πραότητος,

2144 4555 2232 4602 καὶ
2263 4549 2550 4624 ἀοργησίας
2588 4551 2933 4611 καθιστῶντες
2979 4549 3208 4613 ἑαυτοὺς,
3256 4544 3527 4610 παιδικοῖς
3573 4547 3751 4618 λόγοις

2142 4645 2261 4701 τοὺς
2301 4641 2694 4710 μαθησομένους
2734 4637 3008 4710 ἐρύθμιξον
3055 4640 3188 4689 κατὰ
3238 4641 3316 4703 τό,
3370 4658 3397 4686 ‹‹
3433 4637 3568 4690 Γάλα
3617 4639 3750 4709 ὑμᾶς

2146 4728 2378 4792 ἐπότισα,
2409 4733 2498 4780 καὶ
2529 4728 2585 4778 οὐ
2620 4727 2812 4800 βρῶμα
2836 4748 2846 4758 ·
2887 4750 2911 4776 ››
2946 4733 3034 4778 καὶ
3065 4731 3185 4799 μὴν,
3235 4749 3262 4776 ‹‹
3297 4733 3396 4780 Καὶ
3427 4727 3555 4778 ἄλλα
3585 4727 3750 4779 πολλα

2145 4821 2253 4890 ἔχω
2271 4818 2453 4890 λέγειν,
2486 4816 2611 4868 ἀλλὰ
2638 4817 2693 4868 οὗ
2723 4813 2983 4870 δύνασθαι
3015 4814 3302 4889 βαστάζειν
3328 4818 3466 4892 ἄρτι.
3502 4839 3528 4864 ι»

2209 4995 2368 5049 Ὠστε
2397 4992 2583 5056 παῖδες
2622 4995 2712 5047 οὐκ
2755 4991 3031 5068 ἀπᾴδοντι,
3076 4999 3192 5047 οὔτε
3227 4998 3353 5066 πρός
3397 4994 3545 5067 ὓϐριν
3592 4994 3746 5066 ἐκφε-

2140 5091 2333 5160 ρομένῳ
2387 5085 2521 5157 λόγῳ
2580 5089 2662 5136 καὶ
2722 5085 3008 5157 νομισθείεν
3068 5083 3148 5149 ἂν,
3213 5089 3302 5136 καὶ
3359 5086 3559 5158 ρηθεῐεν
3613 5086 3638 5135 ὃ
3691 5103 3748 5136 τε

447 5183 496 5256 "_‘_
526 5181 696 5256 Prov.
732 5201 769 5256 ι,
805 5183 877 5256 6.,
910 5181 1010 5256 Hic
1061 5199 1280 5256 sequor
1326 5184 1659 5256 versionem
1721 5185 1886 5240 LXX.
1918 5185 1964 5218 ⁷²
2015 5185 2037 5238 ll

2146 5184 2220 5239 th.
2269 5199 2388 5248 XII,
2429 5186 2510 5239 14.
2565 5184 2614 5217 ⁷³
2667 5183 2866 5240 Matth.
2923 5198 3087 5246 xvtn,
3123 5187 3175 5239 3.
3217 5185 3262 5216 ⁷⁸
3296 5183 3315 5236 I
3345 5185 3472 5240 Cor.
3511 5198 3618 5245 xw,
3653 5186 3744 5237 '20.

375 5253 421 5286 ⁷⁵
454 5252 623 5308 Hebr.
659 5271 714 5306 ιι.
751 5253 836 5308 14.
861 5254 910 5288 ⁷⁸
942 5253 1110 5311 lCor.
1147 5252 1232 5326 in,
1262 5259 1313 5310 2.
1345 5257 1390 5290 ⁷⁷
1423 5255 1575 5312 Joan
1604 5272 1722 5322 xvr,
1761 5260 1843 5310 12.

1942 5352 2174 5409 ΝΟΤΛΕ.

443 5476 554 5548 (76)
599 5479 838 5530 Σκοτεινα
878 5477 1100 5548 reﬁnge
1140 5494 1211 5534 ex
1253 5493 1436 5533 sensu
1478 5482 1533 5534 et
1578 5479 1729 5534 libro
1783 5477 2024 5535 Provet-
2067 5512 2078 5548 τ

2063 5547 2081 5580 τ
2134 5547 2284 5605 cano
2314 5555 2369 5605 et
2399 5547 2718 5614 Barberino
2750 5549 3184 5622 supplevimus.

369 5547 630 5605 biorum.

2205 5478 2316 5549 (77)
2351 5477 3042 5559 Quatuornpraacedentia
3071 5476 3256 5533 verba
3285 5492 3355 5534 ex
3391 5493 3542 5533 mss.
3584 5475 3751 5532 Vati-

4115 5251 4122 5278 l
