  <div class='ocr_page' id='page_1' title='image "/cluster/home/n/w/nwhite01/storage/ocr_20150623/101/hvd.32044054112305/142.png"; bbox 0 0 3950 6180; ppageno 0'>
   <div class='ocr_carea' id='block_1_1' title="bbox 209 261 2488 330">
    <p class='ocr_par' dir='ltr' id='par_1_1' title="bbox 209 261 2488 330">
     <span class='ocr_line' id='line_1_1' title="bbox 209 261 2488 330; baseline -0.002 -7"><span class='ocrx_word' id='word_1_1' title='bbox 209 267 298 323; x_wconf 73' lang='grc' dir='ltr'><strong>2ίὸ</strong></span> <span class='ocrx_word' id='word_1_2' title='bbox 1147 265 1240 320; x_wconf 82' lang='lat' dir='ltr'><strong>AD</strong></span> <span class='ocrx_word' id='word_1_3' title='bbox 1280 265 1822 321; x_wconf 77' lang='lat' dir='ltr'><strong>AMPHILOCHIUM</strong></span> <span class='ocrx_word' id='word_1_4' title='bbox 1867 263 2190 330; x_wconf 66' lang='lat' dir='ltr'><strong>QUz’ESTlO</strong></span> <span class='ocrx_word' id='word_1_5' title='bbox 2245 261 2488 318; x_wconf 82' lang='lat' dir='ltr'><strong>XXXIV.</strong></span> 
     </span>
    </p>
   </div>
   <div class='ocr_carea' id='block_1_2' title="bbox 3405 261 3510 320">
    <p class='ocr_par' dir='ltr' id='par_1_2' title="bbox 3405 261 3510 320">
     <span class='ocr_line' id='line_1_2' title="bbox 3405 261 3510 320; baseline 0.01 -1"><span class='ocrx_word' id='word_1_6' title='bbox 3405 261 3510 320; x_wconf 80' lang='grc'><strong>246</strong></span> 
     </span>
    </p>
   </div>
   <div class='ocr_carea' id='block_1_3' title="bbox 207 387 1747 465">
    <p class='ocr_par' dir='ltr' id='par_1_3' title="bbox 207 389 1747 465">
     <span class='ocr_line' id='line_1_3' title="bbox 207 389 1747 465; baseline 0 -21"><span class='ocrx_word' id='word_1_7' title='bbox 207 391 440 464; x_wconf 75' lang='grc' dir='ltr'><strong>βαπτίζων</strong></span> <span class='ocrx_word' id='word_1_8' title='bbox 485 391 527 444; x_wconf 77' lang='grc' dir='ltr'>ἒν</span> <span class='ocrx_word' id='word_1_9' title='bbox 577 389 748 454; x_wconf 81' lang='grc' dir='ltr'>ύδατι,</span> <span class='ocrx_word' id='word_1_10' title='bbox 779 397 870 444; x_wconf 82' lang='grc' dir='ltr'>καὶ</span> <span class='ocrx_word' id='word_1_11' title='bbox 897 393 922 444; x_wconf 90' lang='lat'><strong>6</strong></span> <span class='ocrx_word' id='word_1_12' title='bbox 966 389 1238 465; x_wconf 70' lang='grc' dir='ltr'>βαπτίζων</span> <span class='ocrx_word' id='word_1_13' title='bbox 1265 390 1312 443; x_wconf 78' lang='grc' dir='ltr'>ἐν</span> <span class='ocrx_word' id='word_1_14' title='bbox 1338 396 1485 463; x_wconf 84' lang='grc' dir='ltr'>πυρὶ,</span> <span class='ocrx_word' id='word_1_15' title='bbox 1521 393 1654 444; x_wconf 84' lang='grc' dir='ltr'>κατά</span> <span class='ocrx_word' id='word_1_16' title='bbox 1685 411 1747 464; x_wconf 86' lang='grc' dir='ltr'><strong>γε</strong></span> 
     </span>
    </p>
   </div>
   <div class='ocr_carea' id='block_1_4' title="bbox 1926 387 3514 465">
    <p class='ocr_par' dir='ltr' id='par_1_4' title="bbox 1926 387 3514 462">
     <span class='ocr_line' id='line_1_4' title="bbox 1926 387 3514 462; baseline 0 -18"><span class='ocrx_word' id='word_1_17' title='bbox 1926 389 1960 444; x_wconf 85' lang='lat' dir='ltr'><strong>Ii</strong></span> <span class='ocrx_word' id='word_1_18' title='bbox 1987 391 2046 444; x_wconf 91' lang='lat' dir='ltr'><strong>in</strong></span> <span class='ocrx_word' id='word_1_19' title='bbox 2081 405 2261 462; x_wconf 87' lang='lat' dir='ltr'><strong>aqua,</strong></span> <span class='ocrx_word' id='word_1_20' title='bbox 2295 395 2420 444; x_wconf 87' lang='lat' dir='ltr'><strong>tum</strong></span> <span class='ocrx_word' id='word_1_21' title='bbox 2453 389 2555 461; x_wconf 82' lang='lat' dir='ltr'><strong>qui</strong></span> <span class='ocrx_word' id='word_1_22' title='bbox 2587 387 2646 444; x_wconf 92' lang='lat' dir='ltr'><strong>in</strong></span> <span class='ocrx_word' id='word_1_23' title='bbox 2679 387 2814 460; x_wconf 92' lang='lat' dir='ltr'><strong>igne</strong></span> <span class='ocrx_word' id='word_1_24' title='bbox 2845 387 3182 459; x_wconf 80' lang='lat' dir='ltr'><strong>baptizabat</strong></span> <span class='ocrx_word' id='word_1_25' title='bbox 3209 388 3280 454; x_wconf 69' lang='grc'>7⁸,</span> <span class='ocrx_word' id='word_1_26' title='bbox 3308 404 3514 446; x_wconf 87' lang='lat' dir='ltr'><strong>secun-</strong></span> 
     </span>
    </p>
   </div>
   <div class='ocr_carea' id='block_1_5' title="bbox 203 483 1744 554">
    <p class='ocr_par' dir='ltr' id='par_1_5' title="bbox 203 483 1744 554">
     <span class='ocr_line' id='line_1_5' title="bbox 203 483 1744 554; baseline -0.001 -20"><span class='ocrx_word' id='word_1_27' title='bbox 203 489 272 534; x_wconf 85' lang='grc' dir='ltr'><strong>τόν</strong></span> <span class='ocrx_word' id='word_1_28' title='bbox 317 483 448 553; x_wconf 76' lang='grc' dir='ltr'>λόγον</span> <span class='ocrx_word' id='word_1_29' title='bbox 493 491 575 542; x_wconf 81' lang='grc' dir='ltr'>τῆς</span> <span class='ocrx_word' id='word_1_30' title='bbox 621 485 843 554; x_wconf 66' lang='grc' dir='ltr'>φύσεως,</span> <span class='ocrx_word' id='word_1_31' title='bbox 891 487 980 534; x_wconf 85' lang='grc' dir='ltr'>καὶ</span> <span class='ocrx_word' id='word_1_32' title='bbox 1025 489 1123 533; x_wconf 81' lang='grc' dir='ltr'>τῶν</span> <span class='ocrx_word' id='word_1_33' title='bbox 1165 485 1554 552; x_wconf 76' lang='grc' dir='ltr'><strong>σημαινομένων</strong></span> <span class='ocrx_word' id='word_1_34' title='bbox 1583 483 1639 532; x_wconf 86' lang='grc' dir='ltr'><strong>τό</strong></span> <span class='ocrx_word' id='word_1_35' title='bbox 1665 501 1744 534; x_wconf 88' lang='grc' dir='ltr'>τι·</span> 
     </span>
    </p>
   </div>
   <div class='ocr_carea' id='block_1_6' title="bbox 201 567 1746 646">
    <p class='ocr_par' dir='ltr' id='par_1_6' title="bbox 201 567 1746 646">
     <span class='ocr_line' id='line_1_6' title="bbox 201 567 1746 646; baseline -0.003 -24"><span class='ocrx_word' id='word_1_36' title='bbox 201 577 429 644; x_wconf 76' lang='grc' dir='ltr'>μιωτερον,</span> <span class='ocrx_word' id='word_1_37' title='bbox 459 575 538 621; x_wconf 80' lang='grc' dir='ltr'>καὶ</span> <span class='ocrx_word' id='word_1_38' title='bbox 587 575 914 646; x_wconf 83' lang='grc' dir='ltr'>σεμνότερον.</span> <span class='ocrx_word' id='word_1_39' title='bbox 969 567 1161 632; x_wconf 73' lang='grc' dir='ltr'>Παῖδες</span> <span class='ocrx_word' id='word_1_40' title='bbox 1211 567 1270 621; x_wconf 65' lang='grc' dir='ltr'><strong>δὲ</strong></span> <span class='ocrx_word' id='word_1_41' title='bbox 1313 573 1406 627; x_wconf 76' lang='grc' dir='ltr'>τὴν</span> <span class='ocrx_word' id='word_1_42' title='bbox 1453 567 1746 640; x_wconf 64' lang='grc' dir='ltr'>ἀφροσύνην</span> 
     </span>
    </p>
   </div>
   <div class='ocr_carea' id='block_1_7' title="bbox 197 655 1744 730">
    <p class='ocr_par' dir='ltr' id='par_1_7' title="bbox 197 655 1744 730">
     <span class='ocr_line' id='line_1_7' title="bbox 197 655 1744 730; baseline -0.001 -20"><span class='ocrx_word' id='word_1_43' title='bbox 197 660 488 720; x_wconf 76' lang='grc' dir='ltr'>νηπιάζοντες</span> <span class='ocrx_word' id='word_1_44' title='bbox 523 662 584 710; x_wconf 77' lang='grc' dir='ltr'>τὰ</span> <span class='ocrx_word' id='word_1_45' title='bbox 611 667 708 710; x_wconf 82' lang='grc' dir='ltr'>τῶν</span> <span class='ocrx_word' id='word_1_46' title='bbox 745 655 1019 712; x_wconf 80' lang='grc' dir='ltr'><strong>Ἰουδαίων</strong></span> <span class='ocrx_word' id='word_1_47' title='bbox 1057 659 1248 720; x_wconf 71' lang='grc' dir='ltr'>πλρθη,</span> <span class='ocrx_word' id='word_1_48' title='bbox 1289 661 1338 710; x_wconf 84' lang='grc' dir='ltr'>οἱ</span> <span class='ocrx_word' id='word_1_49' title='bbox 1381 662 1510 730; x_wconf 80' lang='grc' dir='ltr'>μήτε</span> <span class='ocrx_word' id='word_1_50' title='bbox 1551 676 1744 708; x_wconf 85' lang='grc' dir='ltr'>καταυ-</span> 
     </span>
    </p>
   </div>
   <div class='ocr_carea' id='block_1_8' title="bbox 197 745 1748 822">
    <p class='ocr_par' dir='ltr' id='par_1_8' title="bbox 197 745 1748 822">
     <span class='ocr_line' id='line_1_8' title="bbox 197 745 1748 822; baseline -0.001 -22"><span class='ocrx_word' id='word_1_51' title='bbox 197 749 416 820; x_wconf 74' lang='grc' dir='ltr'>λούμενοι,</span> <span class='ocrx_word' id='word_1_52' title='bbox 437 753 560 820; x_wconf 72' lang='grc' dir='ltr'>μήτε</span> <span class='ocrx_word' id='word_1_53' title='bbox 587 749 944 822; x_wconf 80' lang='grc' dir='ltr'>θρηνούμενοι,</span> <span class='ocrx_word' id='word_1_54' title='bbox 971 745 1092 800; x_wconf 65' lang='grc' dir='ltr'><strong>οὐδὲ</strong></span> <span class='ocrx_word' id='word_1_55' title='bbox 1113 747 1231 800; x_wconf 79' lang='grc' dir='ltr'>καθ’</span> <span class='ocrx_word' id='word_1_56' title='bbox 1250 749 1415 822; x_wconf 75' lang='grc' dir='ltr'>ἕτερον</span> <span class='ocrx_word' id='word_1_57' title='bbox 1441 749 1632 798; x_wconf 84' lang='grc' dir='ltr'>τούτων</span> <span class='ocrx_word' id='word_1_58' title='bbox 1657 753 1748 806; x_wconf 81' lang='grc' dir='ltr'>τῆς</span> 
     </span>
    </p>
   </div>
   <div class='ocr_carea' id='block_1_9' title="bbox 197 833 1748 909">
    <p class='ocr_par' dir='ltr' id='par_1_9' title="bbox 197 833 1748 909">
     <span class='ocr_line' id='line_1_9' title="bbox 197 833 1748 909; baseline -0.003 -21"><span class='ocrx_word' id='word_1_59' title='bbox 197 835 465 909; x_wconf 69' lang='grc' dir='ltr'>ἀπροσιξὶας</span> <span class='ocrx_word' id='word_1_60' title='bbox 491 842 902 908; x_wconf 77' lang='grc' dir='ltr'><strong>μετανέστησαν,</strong></span> <span class='ocrx_word' id='word_1_61' title='bbox 933 833 1056 889; x_wconf 70' lang='grc' dir='ltr'><strong>οὐδὲ</strong></span> <span class='ocrx_word' id='word_1_62' title='bbox 1098 845 1194 898; x_wconf 81' lang='grc' dir='ltr'>τῆς</span> <span class='ocrx_word' id='word_1_63' title='bbox 1223 836 1407 896; x_wconf 83' lang='grc' dir='ltr'>οἰκείας</span> <span class='ocrx_word' id='word_1_64' title='bbox 1450 836 1748 906; x_wconf 73' lang='grc' dir='ltr'><strong>μοχθηρίας</strong></span> 
     </span>
    </p>
   </div>
   <div class='ocr_carea' id='block_1_10' title="bbox 196 924 1148 998">
    <p class='ocr_par' dir='ltr' id='par_1_10' title="bbox 196 924 1148 998">
     <span class='ocr_line' id='line_1_10' title="bbox 196 924 1148 998; baseline 0.002 -24"><span class='ocrx_word' id='word_1_65' title='bbox 196 927 272 983; x_wconf 72' lang='grc' dir='ltr'><strong>τήν</strong></span> <span class='ocrx_word' id='word_1_66' title='bbox 303 924 580 997; x_wconf 70' lang='grc' dir='ltr'>ἀπαλλαγήν</span> <span class='ocrx_word' id='word_1_67' title='bbox 611 926 787 986; x_wconf 80' lang='grc' dir='ltr'>ζητεῖν</span> <span class='ocrx_word' id='word_1_68' title='bbox 812 927 1148 998; x_wconf 73' lang='grc' dir='ltr'>ᾑρετίσαντο,</span> 
     </span>
    </p>
   </div>
   <div class='ocr_carea' id='block_1_11' title="bbox 255 1009 1747 1088">
    <p class='ocr_par' dir='ltr' id='par_1_11' title="bbox 255 1009 1747 1088">
     <span class='ocr_line' id='line_1_11' title="bbox 255 1009 1747 1088; baseline 0 -23"><span class='ocrx_word' id='word_1_69' title='bbox 255 1017 310 1065; x_wconf 75' lang='grc' dir='ltr'><strong>Σὺ</strong></span> <span class='ocrx_word' id='word_1_70' title='bbox 351 1009 403 1066; x_wconf 78' lang='grc' dir='ltr'><strong>δὲ</strong></span> <span class='ocrx_word' id='word_1_71' title='bbox 451 1018 532 1065; x_wconf 85' lang='grc' dir='ltr'><strong>τόν</strong></span> <span class='ocrx_word' id='word_1_72' title='bbox 587 1022 805 1088; x_wconf 78' lang='grc' dir='ltr'><em>Σωτῆρα</em></span> <span class='ocrx_word' id='word_1_73' title='bbox 853 1015 1034 1067; x_wconf 76' lang='grc' dir='ltr'>λέοντα</span> <span class='ocrx_word' id='word_1_74' title='bbox 1088 1013 1333 1074; x_wconf 78' lang='grc' dir='ltr'>πολλάκις</span> <span class='ocrx_word' id='word_1_75' title='bbox 1381 1012 1598 1080; x_wconf 80' lang='grc' dir='ltr'>ἀκούων,</span> <span class='ocrx_word' id='word_1_76' title='bbox 1658 1017 1747 1066; x_wconf 88' lang='grc' dir='ltr'>καὶ</span> 
     </span>
    </p>
   </div>
   <div class='ocr_carea' id='block_1_12' title="bbox 193 1101 1748 1177">
    <p class='ocr_par' dir='ltr' id='par_1_12' title="bbox 193 1101 1748 1177">
     <span class='ocr_line' id='line_1_12' title="bbox 193 1101 1748 1177; baseline 0 -24"><span class='ocrx_word' id='word_1_77' title='bbox 193 1107 266 1153; x_wconf 81' lang='grc' dir='ltr'><strong>τόν</strong></span> <span class='ocrx_word' id='word_1_78' title='bbox 315 1103 420 1155; x_wconf 80' lang='grc' dir='ltr'>καθ’</span> <span class='ocrx_word' id='word_1_79' title='bbox 473 1105 618 1175; x_wconf 78' lang='grc' dir='ltr'>ἡμῶν</span> <span class='ocrx_word' id='word_1_80' title='bbox 675 1101 869 1175; x_wconf 75' lang='grc' dir='ltr'>ἐχθρόν</span> <span class='ocrx_word' id='word_1_81' title='bbox 923 1103 1208 1177; x_wconf 80' lang='grc' dir='ltr'>ὡρυόμινον</span> <span class='ocrx_word' id='word_1_82' title='bbox 1261 1104 1362 1155; x_wconf 86' lang='grc' dir='ltr'><strong>ύπό</strong></span> <span class='ocrx_word' id='word_1_83' title='bbox 1423 1110 1518 1164; x_wconf 76' lang='grc' dir='ltr'>τῆς</span> <span class='ocrx_word' id='word_1_84' title='bbox 1585 1105 1748 1161; x_wconf 72' lang='grc' dir='ltr'>αὐτῆς</span> 
     </span>
    </p>
   </div>
   <div class='ocr_carea' id='block_1_13' title="bbox 197 1187 1748 1264">
    <p class='ocr_par' dir='ltr' id='par_1_13' title="bbox 197 1187 1748 1264">
     <span class='ocr_line' id='line_1_13' title="bbox 197 1187 1748 1264; baseline 0 -22"><span class='ocrx_word' id='word_1_85' title='bbox 197 1187 468 1263; x_wconf 74' lang='grc' dir='ltr'>δηλούμενον</span> <span class='ocrx_word' id='word_1_86' title='bbox 505 1191 754 1258; x_wconf 76' lang='grc' dir='ltr'>κλήσεως,</span> <span class='ocrx_word' id='word_1_87' title='bbox 799 1191 1046 1250; x_wconf 84' lang='grc' dir='ltr'>σκωληκά</span> <span class='ocrx_word' id='word_1_88' title='bbox 1091 1211 1145 1244; x_wconf 85' lang='grc' dir='ltr'><strong>τε</strong></span> <span class='ocrx_word' id='word_1_89' title='bbox 1183 1191 1336 1244; x_wconf 82' lang='grc' dir='ltr'>πάλιν</span> <span class='ocrx_word' id='word_1_90' title='bbox 1361 1195 1448 1244; x_wconf 87' lang='grc' dir='ltr'><strong>τόν</strong></span> <span class='ocrx_word' id='word_1_91' title='bbox 1492 1197 1748 1264; x_wconf 80' lang='grc' dir='ltr'>Δημιουρ-</span> 
     </span>
    </p>
   </div>
   <div class='ocr_carea' id='block_1_14' title="bbox 187 1280 1744 1353">
    <p class='ocr_par' dir='ltr' id='par_1_14' title="bbox 187 1280 1744 1353">
     <span class='ocr_line' id='line_1_14' title="bbox 187 1280 1744 1353; baseline 0.003 -23"><span class='ocrx_word' id='word_1_92' title='bbox 187 1283 262 1350; x_wconf 77' lang='grc' dir='ltr'><strong>γόν</strong></span> <span class='ocrx_word' id='word_1_93' title='bbox 297 1289 382 1342; x_wconf 81' lang='grc' dir='ltr'>τῆς</span> <span class='ocrx_word' id='word_1_94' title='bbox 429 1281 622 1352; x_wconf 79' lang='grc' dir='ltr'>ὁρατῆς</span> <span class='ocrx_word' id='word_1_95' title='bbox 670 1300 728 1333; x_wconf 83' lang='grc' dir='ltr'><strong>τε</strong></span> <span class='ocrx_word' id='word_1_96' title='bbox 783 1286 873 1333; x_wconf 82' lang='grc' dir='ltr'>καὶ</span> <span class='ocrx_word' id='word_1_97' title='bbox 917 1280 1140 1353; x_wconf 76' lang='grc' dir='ltr'>ἀόρατον</span> <span class='ocrx_word' id='word_1_98' title='bbox 1195 1284 1416 1342; x_wconf 78' lang='grc' dir='ltr'><strong>κτίσεως</strong></span> <span class='ocrx_word' id='word_1_99' title='bbox 1467 1300 1480 1312; x_wconf 73' lang='grc' dir='ltr'>σ</span> <span class='ocrx_word' id='word_1_100' title='bbox 1531 1302 1557 1330; x_wconf 77' lang='grc' dir='ltr'><strong>ι(</strong></span> <span class='ocrx_word' id='word_1_101' title='bbox 1613 1280 1744 1350; x_wconf 78' lang='grc' dir='ltr'><strong>Ἐγώ</strong></span> 
     </span>
    </p>
   </div>
   <div class='ocr_carea' id='block_1_15' title="bbox 185 1366 1748 1444">
    <p class='ocr_par' dir='ltr' id='par_1_15' title="bbox 185 1366 1748 1444">
     <span class='ocr_line' id='line_1_15' title="bbox 185 1366 1748 1444; baseline 0 -25"><span class='ocrx_word' id='word_1_102' title='bbox 185 1371 268 1441; x_wconf 76' lang='grc' dir='ltr'><strong>γὰρ</strong></span> <span class='ocrx_word' id='word_1_103' title='bbox 317 1370 414 1442; x_wconf 82' lang='grc' dir='ltr'>εἰμι</span> <span class='ocrx_word' id='word_1_104' title='bbox 461 1371 691 1436; x_wconf 70' lang='grc' dir='ltr'>σκώληξ,</span> <span class='ocrx_word' id='word_1_105' title='bbox 733 1375 824 1423; x_wconf 78' lang='grc' dir='ltr'>καὶ</span> <span class='ocrx_word' id='word_1_106' title='bbox 874 1369 966 1422; x_wconf 88' lang='grc' dir='ltr'><strong>ούκ</strong></span> <span class='ocrx_word' id='word_1_107' title='bbox 1017 1373 1284 1444; x_wconf 87' lang='grc' dir='ltr'>άνθρωπος</span> <span class='ocrx_word' id='word_1_108' title='bbox 1341 1389 1344 1392; x_wconf 93' lang='grc'>·</span> <span class='ocrx_word' id='word_1_109' title='bbox 1409 1366 1604 1431; x_wconf 78' lang='grc' dir='ltr'>ὄνειδος</span> <span class='ocrx_word' id='word_1_110' title='bbox 1655 1371 1748 1420; x_wconf 84' lang='grc' dir='ltr'><strong>ἀν-</strong></span> 
     </span>
    </p>
   </div>
   <div class='ocr_carea' id='block_1_16' title="bbox 185 1459 1060 1533">
    <p class='ocr_par' dir='ltr' id='par_1_16' title="bbox 185 1459 1060 1533">
     <span class='ocr_line' id='line_1_16' title="bbox 185 1459 1060 1533; baseline 0.002 -23"><span class='ocrx_word' id='word_1_111' title='bbox 185 1461 381 1533; x_wconf 71' lang='grc' dir='ltr'>θρώπου,</span> <span class='ocrx_word' id='word_1_112' title='bbox 411 1463 498 1510; x_wconf 82' lang='grc' dir='ltr'>καὶ</span> <span class='ocrx_word' id='word_1_113' title='bbox 541 1459 862 1532; x_wconf 83' lang='grc' dir='ltr'>ἐξουθένημα</span> <span class='ocrx_word' id='word_1_114' title='bbox 885 1459 1011 1512; x_wconf 84' lang='grc' dir='ltr'>λαοῦ</span> <span class='ocrx_word' id='word_1_115' title='bbox 1049 1477 1060 1488; x_wconf 92' lang='grc'>·</span> 
     </span>
    </p>
   </div>
   <div class='ocr_carea' id='block_1_17' title="bbox 183 1544 1746 1623">
    <p class='ocr_par' dir='ltr' id='par_1_17' title="bbox 183 1544 1746 1623">
     <span class='ocr_line' id='line_1_17' title="bbox 183 1544 1746 1623; baseline 0.001 -27"><span class='ocrx_word' id='word_1_116' title='bbox 183 1546 260 1609; x_wconf 61' lang='lat' dir='ltr'><strong>ini</strong></span> <span class='ocrx_word' id='word_1_117' title='bbox 297 1549 451 1600; x_wconf 70' lang='grc' dir='ltr'>αὐτῶν</span> <span class='ocrx_word' id='word_1_118' title='bbox 481 1553 762 1623; x_wconf 73' lang='grc' dir='ltr'>(τιμωρίας</span> <span class='ocrx_word' id='word_1_119' title='bbox 801 1556 956 1601; x_wconf 77' lang='grc' dir='ltr'>τοῦτο</span> <span class='ocrx_word' id='word_1_120' title='bbox 1003 1547 1303 1622; x_wconf 76' lang='grc' dir='ltr'><strong>βαρυτάτης</strong></span> <span class='ocrx_word' id='word_1_121' title='bbox 1354 1544 1514 1617; x_wconf 73' lang='grc' dir='ltr'>εἶδος)</span> <span class='ocrx_word' id='word_1_122' title='bbox 1563 1547 1620 1599; x_wconf 79' lang='grc' dir='ltr'><strong>ού</strong></span> <span class='ocrx_word' id='word_1_123' title='bbox 1669 1565 1746 1598; x_wconf 78' lang='grc' dir='ltr'>τε·</span> 
     </span>
    </p>
   </div>
   <div class='ocr_carea' id='block_1_18' title="bbox 1100 1458 1746 1510">
    <p class='ocr_par' dir='ltr' id='par_1_18' title="bbox 1100 1458 1746 1510">
     <span class='ocr_line' id='line_1_18' title="bbox 1100 1458 1746 1510; baseline 0.005 -4"><span class='ocrx_word' id='word_1_124' title='bbox 1100 1484 1126 1506; x_wconf 78' lang='lat'><strong>»</strong></span> <span class='ocrx_word' id='word_1_125' title='bbox 1331 1463 1420 1510; x_wconf 86' lang='grc' dir='ltr'>καὶ</span> <span class='ocrx_word' id='word_1_126' title='bbox 1463 1479 1490 1509; x_wconf 84' lang='grc'><strong>((</strong></span> <span class='ocrx_word' id='word_1_127' title='bbox 1605 1463 1746 1510; x_wconf 84' lang='grc' dir='ltr'>σκώ-</span> 
     </span>
    </p>
   </div>
   <div class='ocr_carea' id='block_1_19' title="bbox 181 1633 1742 1710">
    <p class='ocr_par' dir='ltr' id='par_1_19' title="bbox 181 1633 1742 1710">
     <span class='ocr_line' id='line_1_19' title="bbox 181 1633 1742 1710; baseline -0.001 -22"><span class='ocrx_word' id='word_1_128' title='bbox 181 1636 386 1696; x_wconf 71' lang='grc' dir='ltr'>λεντησιι</span> <span class='ocrx_word' id='word_1_129' title='bbox 431 1657 444 1670; x_wconf 88' lang='grc'><strong>·</strong></span> <span class='ocrx_word' id='word_1_130' title='bbox 503 1659 532 1690; x_wconf 80' lang='grc' dir='ltr'>ι)</span> <span class='ocrx_word' id='word_1_131' title='bbox 591 1640 656 1698; x_wconf 82' lang='grc' dir='ltr'><strong>ὡς</strong></span> <span class='ocrx_word' id='word_1_132' title='bbox 703 1637 755 1688; x_wconf 83' lang='grc' dir='ltr'>ἐν</span> <span class='ocrx_word' id='word_1_133' title='bbox 815 1636 1025 1698; x_wconf 73' lang='grc' dir='ltr'>ἐκείνοις</span> <span class='ocrx_word' id='word_1_134' title='bbox 1085 1640 1238 1710; x_wconf 82' lang='grc' dir='ltr'>σοφός</span> <span class='ocrx_word' id='word_1_135' title='bbox 1283 1636 1451 1708; x_wconf 78' lang='grc' dir='ltr'>ἐγένου</span> <span class='ocrx_word' id='word_1_136' title='bbox 1517 1633 1742 1706; x_wconf 71' lang='grc' dir='ltr'>διαιτᾴν,</span> 
     </span>
    </p>
   </div>
   <div class='ocr_carea' id='block_1_20' title="bbox 1857 477 3516 551">
    <p class='ocr_par' dir='ltr' id='par_1_20' title="bbox 1857 477 3516 551">
     <span class='ocr_line' id='line_1_20' title="bbox 1857 477 3516 551; baseline 0.002 -19"><span class='ocrx_word' id='word_1_137' title='bbox 1857 479 2002 534; x_wconf 90' lang='lat' dir='ltr'><strong>dum</strong></span> <span class='ocrx_word' id='word_1_138' title='bbox 2027 479 2318 534; x_wconf 87' lang='lat' dir='ltr'><strong>rationem</strong></span> <span class='ocrx_word' id='word_1_139' title='bbox 2340 479 2368 534; x_wconf 85' lang='lat'><strong>?</strong></span> <span class='ocrx_word' id='word_1_140' title='bbox 2389 482 2636 544; x_wconf 83' lang='lat' dir='ltr'><strong>naturae,</strong></span> <span class='ocrx_word' id='word_1_141' title='bbox 2661 481 2841 549; x_wconf 89' lang='lat' dir='ltr'><strong>atque</strong></span> <span class='ocrx_word' id='word_1_142' title='bbox 2855 493 2968 551; x_wconf 86' lang='lat' dir='ltr'><strong>pro</strong></span> <span class='ocrx_word' id='word_1_143' title='bbox 2989 477 3244 546; x_wconf 82' lang='lat' dir='ltr'><strong>digniori</strong></span> <span class='ocrx_word' id='word_1_144' title='bbox 3267 477 3516 536; x_wconf 88' lang='lat' dir='ltr'><strong>nobilio-</strong></span> 
     </span>
    </p>
   </div>
   <div class='ocr_carea' id='block_1_21' title="bbox 1859 566 3512 640">
    <p class='ocr_par' dir='ltr' id='par_1_21' title="bbox 1859 566 3512 640">
     <span class='ocr_line' id='line_1_21' title="bbox 1859 566 3512 640; baseline 0.001 -18"><span class='ocrx_word' id='word_1_145' title='bbox 1859 569 2022 640; x_wconf 89' lang='lat' dir='ltr'><strong>rique</strong></span> <span class='ocrx_word' id='word_1_146' title='bbox 2053 583 2362 623; x_wconf 87' lang='lat' dir='ltr'><strong>sensuum.</strong></span> <span class='ocrx_word' id='word_1_147' title='bbox 2383 573 2450 622; x_wconf 80' lang='lat' dir='ltr'><strong>At</strong></span> <span class='ocrx_word' id='word_1_148' title='bbox 2477 583 2620 622; x_wconf 89' lang='lat' dir='ltr'><strong>vero</strong></span> <span class='ocrx_word' id='word_1_149' title='bbox 2649 566 2818 638; x_wconf 87' lang='lat' dir='ltr'><strong>pueri</strong></span> <span class='ocrx_word' id='word_1_150' title='bbox 2845 567 3176 622; x_wconf 89' lang='lat' dir='ltr'><strong>secundum</strong></span> <span class='ocrx_word' id='word_1_151' title='bbox 3208 567 3512 623; x_wconf 77' lang='lat' dir='ltr'><strong>stultitiam</strong></span> 
     </span>
    </p>
   </div>
   <div class='ocr_carea' id='block_1_22' title="bbox 1863 656 3512 729">
    <p class='ocr_par' dir='ltr' id='par_1_22' title="bbox 1863 656 3512 729">
     <span class='ocr_line' id='line_1_22' title="bbox 1863 656 3512 729; baseline 0.001 -18"><span class='ocrx_word' id='word_1_152' title='bbox 1863 656 2098 713; x_wconf 88' lang='lat' dir='ltr'><strong>fuerunt</strong></span> <span class='ocrx_word' id='word_1_153' title='bbox 2129 657 2311 712; x_wconf 70' lang='lat' dir='ltr'><strong>turbes</strong></span> <span class='ocrx_word' id='word_1_154' title='bbox 2335 657 2706 721; x_wconf 69' lang='lat' dir='ltr'><strong>Judaeorum,</strong></span> <span class='ocrx_word' id='word_1_155' title='bbox 2739 657 2840 728; x_wconf 90' lang='lat' dir='ltr'><strong>qui</strong></span> <span class='ocrx_word' id='word_1_156' title='bbox 2867 672 3061 727; x_wconf 88' lang='lat' dir='ltr'><strong>neque</strong></span> <span class='ocrx_word' id='word_1_157' title='bbox 3084 661 3284 722; x_wconf 89' lang='lat' dir='ltr'><strong>cantu,</strong></span> <span class='ocrx_word' id='word_1_158' title='bbox 3317 671 3512 729; x_wconf 85' lang='lat' dir='ltr'><strong>neque</strong></span> 
     </span>
    </p>
   </div>
   <div class='ocr_carea' id='block_1_23' title="bbox 1857 746 3512 813">
    <p class='ocr_par' dir='ltr' id='par_1_23' title="bbox 1857 746 3512 813">
     <span class='ocr_line' id='line_1_23' title="bbox 1857 746 3512 813; baseline 0.001 -12"><span class='ocrx_word' id='word_1_159' title='bbox 1857 748 2286 803; x_wconf 82' lang='lat' dir='ltr'><strong>lamentatione</strong></span> <span class='ocrx_word' id='word_1_160' title='bbox 2315 746 2623 813; x_wconf 88' lang='lat' dir='ltr'><strong>commoti,</strong></span> <span class='ocrx_word' id='word_1_161' title='bbox 2647 747 2858 802; x_wconf 88' lang='lat' dir='ltr'><strong>horum</strong></span> <span class='ocrx_word' id='word_1_162' title='bbox 2887 753 3098 802; x_wconf 88' lang='lat' dir='ltr'><strong>neutro</strong></span> <span class='ocrx_word' id='word_1_163' title='bbox 3124 763 3152 802; x_wconf 87' lang='lat' dir='ltr'><strong>a</strong></span> <span class='ocrx_word' id='word_1_164' title='bbox 3189 763 3296 802; x_wconf 88' lang='lat' dir='ltr'><strong>sua</strong></span> <span class='ocrx_word' id='word_1_165' title='bbox 3325 763 3512 803; x_wconf 88' lang='lat' dir='ltr'><strong>reces-</strong></span> 
     </span>
    </p>
   </div>
   <div class='ocr_carea' id='block_1_24' title="bbox 1859 835 3510 908">
    <p class='ocr_par' dir='ltr' id='par_1_24' title="bbox 1859 835 3510 908">
     <span class='ocr_line' id='line_1_24' title="bbox 1859 835 3510 908; baseline 0 -17"><span class='ocrx_word' id='word_1_166' title='bbox 1859 841 2061 892; x_wconf 88' lang='lat' dir='ltr'><strong>serunt</strong></span> <span class='ocrx_word' id='word_1_167' title='bbox 2091 837 2386 902; x_wconf 88' lang='lat' dir='ltr'><strong>socordia,</strong></span> <span class='ocrx_word' id='word_1_168' title='bbox 2419 841 2476 891; x_wconf 87' lang='lat' dir='ltr'><strong>et</strong></span> <span class='ocrx_word' id='word_1_169' title='bbox 2507 835 2818 891; x_wconf 84' lang='lat' dir='ltr'><strong>mutationi</strong></span> <span class='ocrx_word' id='word_1_170' title='bbox 2847 835 3248 908; x_wconf 80' lang='lat' dir='ltr'><strong>improbitatis</strong></span> <span class='ocrx_word' id='word_1_171' title='bbox 3277 852 3400 892; x_wconf 69' lang='lat' dir='ltr'><strong>sum</strong></span> <span class='ocrx_word' id='word_1_172' title='bbox 3430 841 3510 891; x_wconf 86' lang='lat' dir='ltr'><strong>at-</strong></span> 
     </span>
    </p>
   </div>
   <div class='ocr_carea' id='block_1_25' title="bbox 1861 926 2464 982">
    <p class='ocr_par' dir='ltr' id='par_1_25' title="bbox 1861 926 2464 982">
     <span class='ocr_line' id='line_1_25' title="bbox 1861 926 2464 982; baseline -0.005 -1"><span class='ocrx_word' id='word_1_173' title='bbox 1861 926 2096 982; x_wconf 87' lang='lat' dir='ltr'><strong>tendere</strong></span> <span class='ocrx_word' id='word_1_174' title='bbox 2127 926 2464 981; x_wconf 86' lang='lat' dir='ltr'><strong>noluerunt.</strong></span> 
     </span>
    </p>
   </div>
   <div class='ocr_carea' id='block_1_26' title="bbox 1927 1013 3514 1088">
    <p class='ocr_par' dir='ltr' id='par_1_26' title="bbox 1927 1013 3514 1088">
     <span class='ocr_line' id='line_1_26' title="bbox 1927 1013 3514 1088; baseline 0.001 -20"><span class='ocrx_word' id='word_1_175' title='bbox 1927 1013 2011 1070; x_wconf 88' lang='lat' dir='ltr'><strong>Tu</strong></span> <span class='ocrx_word' id='word_1_176' title='bbox 2039 1019 2234 1070; x_wconf 89' lang='lat' dir='ltr'><strong>autem</strong></span> <span class='ocrx_word' id='word_1_177' title='bbox 2253 1015 2398 1070; x_wconf 86' lang='lat' dir='ltr'><strong>dum</strong></span> <span class='ocrx_word' id='word_1_178' title='bbox 2423 1016 2792 1071; x_wconf 87' lang='lat' dir='ltr'><strong>Servatorem</strong></span> <span class='ocrx_word' id='word_1_179' title='bbox 2821 1016 3052 1086; x_wconf 89' lang='lat' dir='ltr'><strong>passim</strong></span> <span class='ocrx_word' id='word_1_180' title='bbox 3080 1014 3366 1088; x_wconf 90' lang='lat' dir='ltr'><strong>appellari</strong></span> <span class='ocrx_word' id='word_1_181' title='bbox 3395 1015 3514 1070; x_wconf 79' lang='grc' dir='ltr'>ισο-</span> 
     </span>
    </p>
   </div>
   <div class='ocr_carea' id='block_1_27' title="bbox 1857 1103 3508 1176">
    <p class='ocr_par' dir='ltr' id='par_1_27' title="bbox 1857 1103 3508 1176">
     <span class='ocr_line' id='line_1_27' title="bbox 1857 1103 3508 1176; baseline 0.001 -19"><span class='ocrx_word' id='word_1_182' title='bbox 1857 1118 1986 1158; x_wconf 81' lang='lat' dir='ltr'><strong>nem</strong></span> <span class='ocrx_word' id='word_1_183' title='bbox 2015 1105 2084 1166; x_wconf 72' lang='lat'><strong>7°,</strong></span> <span class='ocrx_word' id='word_1_184' title='bbox 2119 1109 2174 1158; x_wconf 90' lang='lat' dir='ltr'><strong>et</strong></span> <span class='ocrx_word' id='word_1_185' title='bbox 2203 1103 2616 1159; x_wconf 81' lang='lat' dir='ltr'><strong>adversarium</strong></span> <span class='ocrx_word' id='word_1_186' title='bbox 2639 1109 2906 1160; x_wconf 89' lang='lat' dir='ltr'><strong>nostrum</strong></span> <span class='ocrx_word' id='word_1_187' title='bbox 2936 1104 3266 1176; x_wconf 82' lang='lat' dir='ltr'><strong>rugientem</strong></span> <span class='ocrx_word' id='word_1_188' title='bbox 3297 1103 3508 1159; x_wconf 89' lang='lat' dir='ltr'><strong>eodem</strong></span> 
     </span>
    </p>
   </div>
   <div class='ocr_carea' id='block_1_28' title="bbox 1857 1191 3510 1261">
    <p class='ocr_par' dir='ltr' id='par_1_28' title="bbox 1857 1191 3510 1261">
     <span class='ocr_line' id='line_1_28' title="bbox 1857 1191 3510 1261; baseline -0.001 -13"><span class='ocrx_word' id='word_1_189' title='bbox 1857 1193 2098 1248; x_wconf 89' lang='lat' dir='ltr'><strong>nomine</strong></span> <span class='ocrx_word' id='word_1_190' title='bbox 2129 1191 2507 1261; x_wconf 85' lang='lat' dir='ltr'><strong>indigitatum</strong></span> <span class='ocrx_word' id='word_1_191' title='bbox 2539 1193 2726 1248; x_wconf 90' lang='lat' dir='ltr'><strong>fuisse</strong></span> <span class='ocrx_word' id='word_1_192' title='bbox 2757 1193 2928 1249; x_wconf 87' lang='lat' dir='ltr'><strong>audis</strong></span> <span class='ocrx_word' id='word_1_193' title='bbox 2959 1193 3008 1229; x_wconf 77' lang='grc' dir='ltr'><strong><em>⁸ο</em></strong></span> <span class='ocrx_word' id='word_1_194' title='bbox 3037 1210 3049 1260; x_wconf 90' lang='grc'><strong>;</strong></span> <span class='ocrx_word' id='word_1_195' title='bbox 3077 1199 3134 1248; x_wconf 91' lang='lat' dir='ltr'><strong>et</strong></span> <span class='ocrx_word' id='word_1_196' title='bbox 3165 1209 3368 1248; x_wconf 88' lang='lat' dir='ltr'><strong>rursus</strong></span> <span class='ocrx_word' id='word_1_197' title='bbox 3391 1208 3510 1248; x_wconf 84' lang='lat' dir='ltr'><strong>ver-</strong></span> 
     </span>
    </p>
   </div>
   <div class='ocr_carea' id='block_1_29' title="bbox 1855 1281 3508 1346">
    <p class='ocr_par' dir='ltr' id='par_1_29' title="bbox 1855 1281 3508 1346">
     <span class='ocr_line' id='line_1_29' title="bbox 1855 1281 3508 1346; baseline 0 -10"><span class='ocrx_word' id='word_1_198' title='bbox 1855 1297 2002 1338; x_wconf 86' lang='lat' dir='ltr'><strong>mem</strong></span> <span class='ocrx_word' id='word_1_199' title='bbox 2035 1281 2410 1336; x_wconf 85' lang='lat' dir='ltr'><strong>Conditorem</strong></span> <span class='ocrx_word' id='word_1_200' title='bbox 2445 1281 2694 1336; x_wconf 86' lang='lat' dir='ltr'><strong>visibilis</strong></span> <span class='ocrx_word' id='word_1_201' title='bbox 2728 1287 2786 1337; x_wconf 90' lang='lat' dir='ltr'><strong>et</strong></span> <span class='ocrx_word' id='word_1_202' title='bbox 2814 1281 3132 1337; x_wconf 79' lang='lat' dir='ltr'><strong>invisibilis</strong></span> <span class='ocrx_word' id='word_1_203' title='bbox 3173 1287 3456 1337; x_wconf 66' lang='lat' dir='ltr'><strong>creatura:</strong></span> <span class='ocrx_word' id='word_1_204' title='bbox 3496 1299 3508 1346; x_wconf 88' lang='lat'>;</span> 
     </span>
    </p>
   </div>
   <div class='ocr_carea' id='block_1_30' title="bbox 1856 1370 3509 1443">
    <p class='ocr_par' dir='ltr' id='par_1_30' title="bbox 1856 1370 3509 1443">
     <span class='ocr_line' id='line_1_30' title="bbox 1856 1370 3509 1443; baseline 0 -17"><span class='ocrx_word' id='word_1_205' title='bbox 1856 1370 2078 1443; x_wconf 85' lang='lat' dir='ltr'><strong>quippe</strong></span> <span class='ocrx_word' id='word_1_206' title='bbox 2111 1390 2137 1419; x_wconf 74' lang='grc' dir='ltr'>ι(</span> <span class='ocrx_word' id='word_1_207' title='bbox 2169 1373 2284 1440; x_wconf 90' lang='lat' dir='ltr'><strong>Ego</strong></span> <span class='ocrx_word' id='word_1_208' title='bbox 2329 1385 2484 1438; x_wconf 90' lang='lat' dir='ltr'><strong>sum,</strong></span> <span class='ocrx_word' id='word_1_209' title='bbox 2517 1370 2729 1442; x_wconf 88' lang='lat' dir='ltr'><strong>inquit,</strong></span> <span class='ocrx_word' id='word_1_210' title='bbox 2765 1372 3000 1434; x_wconf 78' lang='lat' dir='ltr'><strong>vermis,</strong></span> <span class='ocrx_word' id='word_1_211' title='bbox 3035 1375 3092 1426; x_wconf 88' lang='lat' dir='ltr'><strong>et</strong></span> <span class='ocrx_word' id='word_1_212' title='bbox 3135 1387 3256 1426; x_wconf 90' lang='lat' dir='ltr'><strong>non</strong></span> <span class='ocrx_word' id='word_1_213' title='bbox 3305 1371 3509 1436; x_wconf 88' lang='lat' dir='ltr'><strong>homo,</strong></span> 
     </span>
    </p>
   </div>
   <div class='ocr_carea' id='block_1_31' title="bbox 1856 1457 3511 1532">
    <p class='ocr_par' dir='ltr' id='par_1_31' title="bbox 1856 1457 3511 1532">
     <span class='ocr_line' id='line_1_31' title="bbox 1856 1457 3511 1532; baseline 0 -18"><span class='ocrx_word' id='word_1_214' title='bbox 1856 1457 2244 1531; x_wconf 84' lang='lat' dir='ltr'><strong>opprobrium</strong></span> <span class='ocrx_word' id='word_1_215' title='bbox 2259 1459 2594 1524; x_wconf 86' lang='lat' dir='ltr'><strong>hominum,</strong></span> <span class='ocrx_word' id='word_1_216' title='bbox 2611 1465 2666 1516; x_wconf 90' lang='lat' dir='ltr'><strong>et</strong></span> <span class='ocrx_word' id='word_1_217' title='bbox 2685 1460 2938 1530; x_wconf 90' lang='lat' dir='ltr'><strong>abjectio</strong></span> <span class='ocrx_word' id='word_1_218' title='bbox 2961 1461 3154 1532; x_wconf 89' lang='lat' dir='ltr'><strong>plebis</strong></span> <span class='ocrx_word' id='word_1_219' title='bbox 3173 1462 3216 1496; x_wconf 77' lang='grc' dir='ltr'><strong>θί</strong></span> <span class='ocrx_word' id='word_1_220' title='bbox 3233 1481 3283 1526; x_wconf 71' lang='grc' dir='ltr'>ι),</span> <span class='ocrx_word' id='word_1_221' title='bbox 3305 1475 3511 1515; x_wconf 87' lang='lat' dir='ltr'><strong>verum</strong></span> 
     </span>
    </p>
   </div>
   <div class='ocr_carea' id='block_1_32' title="bbox 1855 1547 3514 1620">
    <p class='ocr_par' dir='ltr' id='par_1_32' title="bbox 1855 1547 3514 1620">
     <span class='ocr_line' id='line_1_32' title="bbox 1855 1547 3514 1620; baseline 0.001 -18"><span class='ocrx_word' id='word_1_222' title='bbox 1855 1548 2032 1604; x_wconf 87' lang='lat' dir='ltr'><strong>etiam</strong></span> <span class='ocrx_word' id='word_1_223' title='bbox 2063 1569 2088 1597; x_wconf 76' lang='grc' dir='ltr'><strong>α</strong></span> <span class='ocrx_word' id='word_1_224' title='bbox 2125 1549 2337 1604; x_wconf 83' lang='lat' dir='ltr'><strong>vermis</strong></span> <span class='ocrx_word' id='word_1_225' title='bbox 2364 1563 2568 1602; x_wconf 88' lang='lat' dir='ltr'><strong>eorum</strong></span> <span class='ocrx_word' id='word_1_226' title='bbox 2595 1547 3246 1618; x_wconf 88' lang='lat' dir='ltr'><strong>(ethocimmanissimi</strong></span> <span class='ocrx_word' id='word_1_227' title='bbox 3287 1547 3514 1620; x_wconf 85' lang='lat' dir='ltr'><strong>suppli-</strong></span> 
     </span>
    </p>
   </div>
   <div class='ocr_carea' id='block_1_33' title="bbox 1857 1636 3508 1710">
    <p class='ocr_par' dir='ltr' id='par_1_33' title="bbox 1857 1636 3508 1710">
     <span class='ocr_line' id='line_1_33' title="bbox 1857 1636 3508 1710; baseline 0 -20"><span class='ocrx_word' id='word_1_228' title='bbox 1857 1636 1926 1690; x_wconf 89' lang='lat' dir='ltr'><strong>cii</strong></span> <span class='ocrx_word' id='word_1_229' title='bbox 1967 1651 2154 1706; x_wconf 86' lang='lat' dir='ltr'><strong>genus</strong></span> <span class='ocrx_word' id='word_1_230' title='bbox 2184 1636 2292 1706; x_wconf 89' lang='lat' dir='ltr'><strong>est.)</strong></span> <span class='ocrx_word' id='word_1_231' title='bbox 2331 1651 2442 1690; x_wconf 88' lang='lat' dir='ltr'><strong>non</strong></span> <span class='ocrx_word' id='word_1_232' title='bbox 2493 1637 2773 1692; x_wconf 89' lang='lat' dir='ltr'><strong>morietur</strong></span> <span class='ocrx_word' id='word_1_233' title='bbox 2804 1641 2850 1674; x_wconf 74' lang='grc'><strong>⁸³</strong></span> <span class='ocrx_word' id='word_1_234' title='bbox 2879 1655 2892 1702; x_wconf 88' lang='grc'>;</span> <span class='ocrx_word' id='word_1_235' title='bbox 2927 1659 2950 1688; x_wconf 71' lang='grc' dir='ltr'><strong><em>ι</em></strong></span> <span class='ocrx_word' id='word_1_236' title='bbox 2987 1638 3508 1710; x_wconf 84' lang='lat' dir='ltr'><strong>quemadmodum</strong></span> 
     </span>
    </p>
   </div>
   <div class='ocr_carea' id='block_1_34' title="bbox 180 1724 1747 1798">
    <p class='ocr_par' dir='ltr' id='par_1_34' title="bbox 180 1725 1746 1798">
     <span class='ocr_line' id='line_1_34' title="bbox 180 1725 1746 1798; baseline 0 -21"><span class='ocrx_word' id='word_1_237' title='bbox 180 1731 252 1778; x_wconf 77' lang='grc' dir='ltr'>καὶ</span> <span class='ocrx_word' id='word_1_238' title='bbox 295 1730 374 1778; x_wconf 87' lang='grc' dir='ltr'><strong>τόν</strong></span> <span class='ocrx_word' id='word_1_239' title='bbox 435 1730 526 1798; x_wconf 66' lang='grc' dir='ltr'>μὲν</span> <span class='ocrx_word' id='word_1_240' title='bbox 590 1735 690 1778; x_wconf 83' lang='grc' dir='ltr'>τῶν</span> <span class='ocrx_word' id='word_1_241' title='bbox 745 1725 960 1778; x_wconf 78' lang='grc' dir='ltr'>λεόντων</span> <span class='ocrx_word' id='word_1_242' title='bbox 1009 1727 1078 1788; x_wconf 88' lang='grc' dir='ltr'><strong>εἰς</strong></span> <span class='ocrx_word' id='word_1_243' title='bbox 1129 1731 1222 1784; x_wconf 79' lang='grc' dir='ltr'>τὴν</span> <span class='ocrx_word' id='word_1_244' title='bbox 1268 1726 1438 1778; x_wconf 78' lang='grc' dir='ltr'><strong>εἰκόνα</strong></span> <span class='ocrx_word' id='word_1_245' title='bbox 1489 1725 1746 1797; x_wconf 75' lang='grc' dir='ltr'>μεθέλκιις</span> 
     </span>
    </p>
   </div>
   <div class='ocr_carea' id='block_1_35' title="bbox 1926 1724 3516 1798">
    <p class='ocr_par' dir='ltr' id='par_1_35' title="bbox 1951 1724 3516 1798">
     <span class='ocr_line' id='line_1_35' title="bbox 1951 1724 3516 1798; baseline 0 -18"><span class='ocrx_word' id='word_1_246' title='bbox 1951 1724 2257 1782; x_wconf 84' lang='lat' dir='ltr'><strong>vocabulis</strong></span> <span class='ocrx_word' id='word_1_247' title='bbox 2283 1741 2520 1780; x_wconf 88' lang='lat' dir='ltr'><strong>sensum</strong></span> <span class='ocrx_word' id='word_1_248' title='bbox 2548 1726 2854 1798; x_wconf 86' lang='lat' dir='ltr'><strong>assignare</strong></span> <span class='ocrx_word' id='word_1_249' title='bbox 2885 1743 3082 1798; x_wconf 90' lang='lat' dir='ltr'><strong>noras,</strong></span> <span class='ocrx_word' id='word_1_250' title='bbox 3112 1733 3166 1782; x_wconf 91' lang='lat' dir='ltr'><strong>et</strong></span> <span class='ocrx_word' id='word_1_251' title='bbox 3191 1727 3376 1781; x_wconf 90' lang='lat' dir='ltr'><strong>modo</strong></span> <span class='ocrx_word' id='word_1_252' title='bbox 3404 1727 3516 1780; x_wconf 77' lang='lat' dir='ltr'><strong>leo-</strong></span> 
     </span>
    </p>
   </div>
   <div class='ocr_carea' id='block_1_36' title="bbox 179 1811 1748 1890">
    <p class='ocr_par' dir='ltr' id='par_1_36' title="bbox 179 1811 1748 1890">
     <span class='ocr_line' id='line_1_36' title="bbox 179 1811 1748 1890; baseline 0 -24"><span class='ocrx_word' id='word_1_253' title='bbox 179 1823 252 1867; x_wconf 79' lang='grc' dir='ltr'>τοῦ</span> <span class='ocrx_word' id='word_1_254' title='bbox 285 1821 570 1883; x_wconf 68' lang='grc' dir='ltr'>Διό-πότου,</span> <span class='ocrx_word' id='word_1_255' title='bbox 602 1819 690 1868; x_wconf 83' lang='grc' dir='ltr'>τὸν</span> <span class='ocrx_word' id='word_1_256' title='bbox 731 1811 791 1868; x_wconf 73' lang='grc' dir='ltr'><strong>δὲ</strong></span> <span class='ocrx_word' id='word_1_257' title='bbox 829 1823 899 1886; x_wconf 83' lang='grc' dir='ltr'>τῷ</span> <span class='ocrx_word' id='word_1_258' title='bbox 938 1815 1217 1889; x_wconf 74' lang='grc' dir='ltr'>ἀρχεκάκῳ</span> <span class='ocrx_word' id='word_1_259' title='bbox 1251 1817 1416 1890; x_wconf 87' lang='grc' dir='ltr'>θηρίῳ</span> <span class='ocrx_word' id='word_1_260' title='bbox 1445 1819 1748 1888; x_wconf 85' lang='grc' dir='ltr'>προσαρμό-</span> 
     </span>
    </p>
   </div>
   <div class='ocr_carea' id='block_1_37' title="bbox 180 1901 1746 1977">
    <p class='ocr_par' dir='ltr' id='par_1_37' title="bbox 180 1901 1746 1977">
     <span class='ocr_line' id='line_1_37' title="bbox 180 1901 1746 1977; baseline 0 -21"><span class='ocrx_word' id='word_1_261' title='bbox 180 1905 268 1965; x_wconf 72' lang='grc' dir='ltr'>ζεις</span> <span class='ocrx_word' id='word_1_262' title='bbox 309 1919 322 1934; x_wconf 88' lang='grc'><strong>·</strong></span> <span class='ocrx_word' id='word_1_263' title='bbox 377 1911 464 1957; x_wconf 76' lang='grc' dir='ltr'>καὶ</span> <span class='ocrx_word' id='word_1_264' title='bbox 523 1901 596 1963; x_wconf 78' lang='grc' dir='ltr'>δη</span> <span class='ocrx_word' id='word_1_265' title='bbox 658 1911 748 1957; x_wconf 80' lang='grc' dir='ltr'>καὶ</span> <span class='ocrx_word' id='word_1_266' title='bbox 804 1909 892 1957; x_wconf 83' lang='grc' dir='ltr'><strong>τόν</strong></span> <span class='ocrx_word' id='word_1_267' title='bbox 952 1904 1196 1962; x_wconf 81' lang='grc' dir='ltr'>σκώληκα</span> <span class='ocrx_word' id='word_1_268' title='bbox 1242 1911 1330 1956; x_wconf 80' lang='grc' dir='ltr'>νῦν</span> <span class='ocrx_word' id='word_1_269' title='bbox 1377 1907 1465 1977; x_wconf 68' lang='grc' dir='ltr'>μὲν</span> <span class='ocrx_word' id='word_1_270' title='bbox 1524 1903 1606 1956; x_wconf 78' lang='grc' dir='ltr'><strong>ἐπὶ</strong></span> <span class='ocrx_word' id='word_1_271' title='bbox 1651 1912 1746 1965; x_wconf 84' lang='grc' dir='ltr'>τῆς</span> 
     </span>
    </p>
   </div>
   <div class='ocr_carea' id='block_1_38' title="bbox 179 1989 1745 2068">
    <p class='ocr_par' dir='ltr' id='par_1_38' title="bbox 179 1989 1745 2068">
     <span class='ocr_line' id='line_1_38' title="bbox 179 1989 1745 2068; baseline 0.002 -27"><span class='ocrx_word' id='word_1_272' title='bbox 179 1989 402 2066; x_wconf 63' lang='grc' dir='ltr'>ἀσπόρου,</span> <span class='ocrx_word' id='word_1_273' title='bbox 436 2000 527 2048; x_wconf 81' lang='grc' dir='ltr'>καὶ</span> <span class='ocrx_word' id='word_1_274' title='bbox 581 1993 873 2066; x_wconf 77' lang='grc' dir='ltr'>ἁχράντου,</span> <span class='ocrx_word' id='word_1_275' title='bbox 905 1998 995 2046; x_wconf 82' lang='grc' dir='ltr'>καὶ</span> <span class='ocrx_word' id='word_1_276' title='bbox 1026 1993 1361 2068; x_wconf 78' lang='grc' dir='ltr'>ἀγεωργήτου</span> <span class='ocrx_word' id='word_1_277' title='bbox 1413 1996 1606 2065; x_wconf 86' lang='grc' dir='ltr'>σαρκός</span> <span class='ocrx_word' id='word_1_278' title='bbox 1653 1999 1745 2044; x_wconf 78' lang='grc' dir='ltr'>τοῦ</span> 
     </span>
    </p>
   </div>
   <div class='ocr_carea' id='block_1_39' title="bbox 177 2079 1746 2156">
    <p class='ocr_par' dir='ltr' id='par_1_39' title="bbox 177 2079 1746 2156">
     <span class='ocr_line' id='line_1_39' title="bbox 177 2079 1746 2156; baseline 0.001 -25"><span class='ocrx_word' id='word_1_279' title='bbox 177 2087 376 2156; x_wconf 70' lang='grc' dir='ltr'>Σωτῆρος</span> <span class='ocrx_word' id='word_1_280' title='bbox 403 2083 760 2155; x_wconf 76' lang='grc' dir='ltr'>ἐκλαμϐάνειν,</span> <span class='ocrx_word' id='word_1_281' title='bbox 799 2091 886 2134; x_wconf 74' lang='grc' dir='ltr'>νῦν</span> <span class='ocrx_word' id='word_1_282' title='bbox 941 2079 998 2135; x_wconf 65' lang='grc' dir='ltr'><strong>δὲ</strong></span> <span class='ocrx_word' id='word_1_283' title='bbox 1039 2086 1098 2135; x_wconf 86' lang='grc' dir='ltr'>τὸ</span> <span class='ocrx_word' id='word_1_284' title='bbox 1139 2085 1343 2155; x_wconf 84' lang='grc' dir='ltr'>πικρόν,</span> <span class='ocrx_word' id='word_1_285' title='bbox 1399 2087 1484 2134; x_wconf 74' lang='grc' dir='ltr'><strong>καὶ</strong></span> <span class='ocrx_word' id='word_1_286' title='bbox 1524 2081 1746 2155; x_wconf 79' lang='grc' dir='ltr'>ἀπαραί-</span> 
     </span>
    </p>
   </div>
   <div class='ocr_carea' id='block_1_40' title="bbox 178 2171 1744 2246">
    <p class='ocr_par' dir='ltr' id='par_1_40' title="bbox 178 2171 1744 2246">
     <span class='ocr_line' id='line_1_40' title="bbox 178 2171 1744 2246; baseline 0.001 -25"><span class='ocrx_word' id='word_1_287' title='bbox 178 2189 308 2226; x_wconf 74' lang='grc' dir='ltr'>τητον</span> <span class='ocrx_word' id='word_1_288' title='bbox 349 2181 438 2234; x_wconf 79' lang='grc' dir='ltr'>τῆς</span> <span class='ocrx_word' id='word_1_289' title='bbox 479 2172 747 2235; x_wconf 79' lang='grc' dir='ltr'>κολάσεως</span> <span class='ocrx_word' id='word_1_290' title='bbox 781 2177 1049 2244; x_wconf 74' lang='grc' dir='ltr'>σημαίνειν</span> <span class='ocrx_word' id='word_1_291' title='bbox 1080 2171 1174 2224; x_wconf 68' lang='grc' dir='ltr'>οὐκ</span> <span class='ocrx_word' id='word_1_292' title='bbox 1214 2171 1454 2246; x_wconf 77' lang='grc' dir='ltr'><strong>ἐρυθριᾷς</strong></span> <span class='ocrx_word' id='word_1_293' title='bbox 1477 2175 1706 2244; x_wconf 87' lang='grc' dir='ltr'>νομίζειν</span> <span class='ocrx_word' id='word_1_294' title='bbox 1732 2187 1744 2200; x_wconf 78' lang='grc'><strong>⁸</strong></span> 
     </span>
    </p>
   </div>
   <div class='ocr_carea' id='block_1_41' title="bbox 173 2258 1742 2332">
    <p class='ocr_par' dir='ltr' id='par_1_41' title="bbox 173 2258 1742 2332">
     <span class='ocr_line' id='line_1_41' title="bbox 173 2258 1742 2332; baseline 0.001 -23"><span class='ocrx_word' id='word_1_295' title='bbox 173 2258 286 2310; x_wconf 69' lang='grc' dir='ltr'>οὕτω</span> <span class='ocrx_word' id='word_1_296' title='bbox 341 2266 426 2313; x_wconf 77' lang='grc' dir='ltr'>καὶ</span> <span class='ocrx_word' id='word_1_297' title='bbox 483 2259 572 2313; x_wconf 81' lang='grc' dir='ltr'><strong>ἐπὶ</strong></span> <span class='ocrx_word' id='word_1_298' title='bbox 621 2269 718 2313; x_wconf 80' lang='grc' dir='ltr'>τῶν</span> <span class='ocrx_word' id='word_1_299' title='bbox 779 2259 1122 2332; x_wconf 79' lang='grc' dir='ltr'>εύαγγιλικῶν</span> <span class='ocrx_word' id='word_1_300' title='bbox 1181 2258 1408 2313; x_wconf 78' lang='grc' dir='ltr'>παιδίων</span> <span class='ocrx_word' id='word_1_301' title='bbox 1477 2261 1610 2330; x_wconf 87' lang='grc'>(78),</span> <span class='ocrx_word' id='word_1_302' title='bbox 1679 2267 1742 2332; x_wconf 77' lang='grc' dir='ltr'><strong>τῇ</strong></span> 
     </span>
    </p>
   </div>
   <div class='ocr_carea' id='block_1_42' title="bbox 175 2349 1745 2422">
    <p class='ocr_par' dir='ltr' id='par_1_42' title="bbox 175 2349 1745 2422">
     <span class='ocr_line' id='line_1_42' title="bbox 175 2349 1745 2422; baseline 0.001 -23"><span class='ocrx_word' id='word_1_303' title='bbox 175 2351 360 2405; x_wconf 71' lang='grc' dir='ltr'>συνήθει</span> <span class='ocrx_word' id='word_1_304' title='bbox 405 2357 682 2422; x_wconf 81' lang='grc' dir='ltr'>χρώμενος</span> <span class='ocrx_word' id='word_1_305' title='bbox 724 2353 988 2422; x_wconf 75' lang='grc' dir='ltr'>θεοσοφίᾳ,</span> <span class='ocrx_word' id='word_1_306' title='bbox 1024 2355 1112 2402; x_wconf 83' lang='grc' dir='ltr'>καὶ</span> <span class='ocrx_word' id='word_1_307' title='bbox 1171 2349 1374 2420; x_wconf 84' lang='grc' dir='ltr'>ἐκάστῷ</span> <span class='ocrx_word' id='word_1_308' title='bbox 1423 2355 1604 2422; x_wconf 82' lang='grc' dir='ltr'>νέμων,</span> <span class='ocrx_word' id='word_1_309' title='bbox 1655 2354 1745 2401; x_wconf 83' lang='grc' dir='ltr'>καὶ</span> 
     </span>
    </p>
   </div>
   <div class='ocr_carea' id='block_1_43' title="bbox 171 2435 1744 2511">
    <p class='ocr_par' dir='ltr' id='par_1_43' title="bbox 171 2435 1744 2511">
     <span class='ocr_line' id='line_1_43' title="bbox 171 2435 1744 2511; baseline 0 -23"><span class='ocrx_word' id='word_1_310' title='bbox 171 2435 486 2511; x_wconf 71' lang='grc' dir='ltr'><strong>ἀπομερίζων,</strong></span> <span class='ocrx_word' id='word_1_311' title='bbox 521 2436 674 2492; x_wconf 70' lang='grc' dir='ltr'>οὐδὲν</span> <span class='ocrx_word' id='word_1_312' title='bbox 715 2442 832 2491; x_wconf 71' lang='grc' dir='ltr'>οὔτε</span> <span class='ocrx_word' id='word_1_313' title='bbox 877 2438 1092 2510; x_wconf 78' lang='grc' dir='ltr'>ἀσαφὲς,</span> <span class='ocrx_word' id='word_1_314' title='bbox 1153 2441 1269 2490; x_wconf 71' lang='grc' dir='ltr'>οὔτε</span> <span class='ocrx_word' id='word_1_315' title='bbox 1310 2435 1744 2510; x_wconf 80' lang='grc' dir='ltr'>δυσπαρακολού-</span> 
     </span>
    </p>
   </div>
   <div class='ocr_carea' id='block_1_44' title="bbox 171 2527 587 2600">
    <p class='ocr_par' dir='ltr' id='par_1_44' title="bbox 171 2527 587 2600">
     <span class='ocr_line' id='line_1_44' title="bbox 171 2527 587 2600; baseline 0.005 -24"><span class='ocrx_word' id='word_1_316' title='bbox 171 2527 302 2584; x_wconf 75' lang='grc' dir='ltr'>θητον</span> <span class='ocrx_word' id='word_1_317' title='bbox 327 2529 587 2600; x_wconf 67' lang='grc' dir='ltr'>εὑρήσεις.</span> 
     </span>
    </p>
   </div>
   <div class='ocr_carea' id='block_1_45' title="bbox 227 2701 1746 2780">
    <p class='ocr_par' dir='ltr' id='par_1_45' title="bbox 227 2701 1746 2780">
     <span class='ocr_line' id='line_1_45' title="bbox 227 2701 1746 2780; baseline -0.001 -23"><span class='ocrx_word' id='word_1_318' title='bbox 227 2705 376 2764; x_wconf 74' lang='grc' dir='ltr'>Πολλὴ</span> <span class='ocrx_word' id='word_1_319' title='bbox 443 2701 504 2758; x_wconf 67' lang='grc' dir='ltr'><em>δὲ</em></span> <span class='ocrx_word' id='word_1_320' title='bbox 561 2709 650 2757; x_wconf 82' lang='grc' dir='ltr'>καὶ</span> <span class='ocrx_word' id='word_1_321' title='bbox 699 2705 826 2763; x_wconf 73' lang='grc' dir='ltr'>άλλη</span> <span class='ocrx_word' id='word_1_322' title='bbox 878 2712 986 2767; x_wconf 85' lang='grc' dir='ltr'>τοῖς</span> <span class='ocrx_word' id='word_1_323' title='bbox 1040 2707 1394 2780; x_wconf 78' lang='grc' dir='ltr'>ἱεροπρεπέσιν</span> <span class='ocrx_word' id='word_1_324' title='bbox 1441 2707 1586 2776; x_wconf 75' lang='grc' dir='ltr'>ἡμῶν</span> <span class='ocrx_word' id='word_1_325' title='bbox 1641 2711 1746 2758; x_wconf 89' lang='grc' dir='ltr'><strong>Λο-</strong></span> 
     </span>
    </p>
   </div>
   <div class='ocr_carea' id='block_1_46' title="bbox 165 2794 1744 2868">
    <p class='ocr_par' dir='ltr' id='par_1_46' title="bbox 165 2794 1744 2868">
     <span class='ocr_line' id='line_1_46' title="bbox 165 2794 1744 2868; baseline -0.001 -22"><span class='ocrx_word' id='word_1_326' title='bbox 165 2797 278 2864; x_wconf 73' lang='grc' dir='ltr'>γίοις</span> <span class='ocrx_word' id='word_1_327' title='bbox 319 2803 414 2846; x_wconf 80' lang='grc' dir='ltr'>τῶν</span> <span class='ocrx_word' id='word_1_328' title='bbox 467 2797 718 2847; x_wconf 81' lang='grc' dir='ltr'>τοιούτων</span> <span class='ocrx_word' id='word_1_329' title='bbox 745 2795 1007 2867; x_wconf 79' lang='grc' dir='ltr'>ὀνομάτων</span> <span class='ocrx_word' id='word_1_330' title='bbox 1051 2794 1469 2868; x_wconf 80' lang='grc' dir='ltr'>ἐγκατέσπαρται</span> <span class='ocrx_word' id='word_1_331' title='bbox 1519 2797 1549 2852; x_wconf 81' lang='grc' dir='ltr'>ἡ</span> <span class='ocrx_word' id='word_1_332' title='bbox 1607 2803 1744 2867; x_wconf 83' lang='grc' dir='ltr'>χρῆ-</span> 
     </span>
    </p>
   </div>
   <div class='ocr_carea' id='block_1_47' title="bbox 169 2885 1746 2960">
    <p class='ocr_par' dir='ltr' id='par_1_47' title="bbox 169 2885 1746 2960">
     <span class='ocr_line' id='line_1_47' title="bbox 169 2885 1746 2960; baseline 0.002 -27"><span class='ocrx_word' id='word_1_333' title='bbox 169 2901 272 2944; x_wconf 84' lang='grc' dir='ltr'>σις·</span> <span class='ocrx_word' id='word_1_334' title='bbox 311 2887 546 2960; x_wconf 80' lang='grc' dir='ltr'>καθάπερ</span> <span class='ocrx_word' id='word_1_335' title='bbox 579 2904 606 2936; x_wconf 73' lang='grc' dir='ltr'>ι(</span> <span class='ocrx_word' id='word_1_336' title='bbox 632 2885 658 2936; x_wconf 87' lang='grc' dir='ltr'><strong>ό</strong></span> <span class='ocrx_word' id='word_1_337' title='bbox 690 2886 911 2956; x_wconf 82' lang='grc' dir='ltr'>σκύμνος</span> <span class='ocrx_word' id='word_1_338' title='bbox 955 2886 980 2936; x_wconf 97' lang='lat'><strong>6</strong></span> <span class='ocrx_word' id='word_1_339' title='bbox 1032 2889 1120 2956; x_wconf 67' lang='grc' dir='ltr'>μὲν</span> <span class='ocrx_word' id='word_1_340' title='bbox 1169 2885 1476 2957; x_wconf 78' lang='grc' dir='ltr'>ὠρυόμενος,</span> <span class='ocrx_word' id='word_1_341' title='bbox 1521 2889 1610 2936; x_wconf 81' lang='grc' dir='ltr'>καὶ</span> <span class='ocrx_word' id='word_1_342' title='bbox 1655 2887 1746 2947; x_wconf 85' lang='grc' dir='ltr'>ζη-</span> 
     </span>
    </p>
   </div>
   <div class='ocr_carea' id='block_1_48' title="bbox 169 2971 1744 3047">
    <p class='ocr_par' dir='ltr' id='par_1_48' title="bbox 169 2971 1744 3047">
     <span class='ocr_line' id='line_1_48' title="bbox 169 2971 1744 3047; baseline 0.001 -25"><span class='ocrx_word' id='word_1_343' title='bbox 169 2979 250 3022; x_wconf 78' lang='grc' dir='ltr'>τῶν</span> <span class='ocrx_word' id='word_1_344' title='bbox 283 2978 464 3046; x_wconf 61' lang='grc' dir='ltr'>τροφὴν</span> <span class='ocrx_word' id='word_1_345' title='bbox 503 2977 654 3047; x_wconf 75' lang='grc' dir='ltr'>παρὰ</span> <span class='ocrx_word' id='word_1_346' title='bbox 691 2982 825 3026; x_wconf 76' lang='grc' dir='ltr'>Θεοῦ</span> <span class='ocrx_word' id='word_1_347' title='bbox 858 2991 872 3006; x_wconf 86' lang='grc'><strong>·</strong></span> <span class='ocrx_word' id='word_1_348' title='bbox 923 2997 952 3026; x_wconf 79' lang='grc' dir='ltr'>ι)</span> <span class='ocrx_word' id='word_1_349' title='bbox 985 2976 1010 3026; x_wconf 90' lang='grc' dir='ltr'><strong>ό</strong></span> <span class='ocrx_word' id='word_1_350' title='bbox 1041 2971 1100 3026; x_wconf 72' lang='grc' dir='ltr'><strong>δὲ</strong></span> <span class='ocrx_word' id='word_1_351' title='bbox 1149 2979 1480 3046; x_wconf 69' lang='grc' dir='ltr'>κοιμώμενος,</span> <span class='ocrx_word' id='word_1_352' title='bbox 1531 2979 1620 3025; x_wconf 83' lang='grc' dir='ltr'>καὶ</span> <span class='ocrx_word' id='word_1_353' title='bbox 1669 2972 1744 3035; x_wconf 75' lang='grc' dir='ltr'><strong>ἐξ·</strong></span> 
     </span>
    </p>
   </div>
   <div class='ocr_carea' id='block_1_49' title="bbox 1855 1813 3508 1886">
    <p class='ocr_par' dir='ltr' id='par_1_49' title="bbox 1855 1813 3508 1886">
     <span class='ocr_line' id='line_1_49' title="bbox 1855 1813 3508 1886; baseline -0.001 -17"><span class='ocrx_word' id='word_1_354' title='bbox 1855 1829 1986 1871; x_wconf 84' lang='lat' dir='ltr'><strong>nem</strong></span> <span class='ocrx_word' id='word_1_355' title='bbox 2013 1814 2088 1869; x_wconf 86' lang='lat' dir='ltr'><strong>ad</strong></span> <span class='ocrx_word' id='word_1_356' title='bbox 2127 1813 2450 1883; x_wconf 81' lang='lat' dir='ltr'><strong>imaginem</strong></span> <span class='ocrx_word' id='word_1_357' title='bbox 2485 1813 2716 1869; x_wconf 88' lang='lat' dir='ltr'><strong>Domini</strong></span> <span class='ocrx_word' id='word_1_358' title='bbox 2751 1815 3053 1886; x_wconf 86' lang='lat' dir='ltr'><strong>transfers,</strong></span> <span class='ocrx_word' id='word_1_359' title='bbox 3093 1815 3274 1871; x_wconf 89' lang='lat' dir='ltr'><strong>modo</strong></span> <span class='ocrx_word' id='word_1_360' title='bbox 3307 1821 3508 1870; x_wconf 88' lang='lat' dir='ltr'><strong>autem</strong></span> 
     </span>
    </p>
   </div>
   <div class='ocr_carea' id='block_1_50' title="bbox 1857 1903 3509 1975">
    <p class='ocr_par' dir='ltr' id='par_1_50' title="bbox 1857 1903 3509 1975">
     <span class='ocr_line' id='line_1_50' title="bbox 1857 1903 3509 1975; baseline -0.002 -15"><span class='ocrx_word' id='word_1_361' title='bbox 1857 1905 2057 1960; x_wconf 82' lang='lat' dir='ltr'><strong>bestiae</strong></span> <span class='ocrx_word' id='word_1_362' title='bbox 2099 1903 2394 1958; x_wconf 88' lang='lat' dir='ltr'><strong>malorum</strong></span> <span class='ocrx_word' id='word_1_363' title='bbox 2423 1919 2623 1958; x_wconf 62' lang='lat' dir='ltr'><strong>causa;</strong></span> <span class='ocrx_word' id='word_1_364' title='bbox 2663 1905 3090 1960; x_wconf 88' lang='lat' dir='ltr'><strong>accommodas</strong></span> <span class='ocrx_word' id='word_1_365' title='bbox 3125 1921 3140 1968; x_wconf 89' lang='lat'><strong>;</strong></span> <span class='ocrx_word' id='word_1_366' title='bbox 3171 1903 3509 1975; x_wconf 88' lang='lat' dir='ltr'><strong>eodemque</strong></span> 
     </span>
    </p>
   </div>
   <div class='ocr_carea' id='block_1_51' title="bbox 1855 1991 3514 2066">
    <p class='ocr_par' dir='ltr' id='par_1_51' title="bbox 1855 1991 3514 2066">
     <span class='ocr_line' id='line_1_51' title="bbox 1855 1991 3514 2066; baseline -0.002 -18"><span class='ocrx_word' id='word_1_367' title='bbox 1855 1998 2028 2066; x_wconf 89' lang='lat' dir='ltr'><strong>pacto</strong></span> <span class='ocrx_word' id='word_1_368' title='bbox 2071 2007 2322 2048; x_wconf 80' lang='lat' dir='ltr'><strong>vermem</strong></span> <span class='ocrx_word' id='word_1_369' title='bbox 2373 2007 2532 2048; x_wconf 90' lang='lat' dir='ltr'><strong>nunc</strong></span> <span class='ocrx_word' id='word_1_370' title='bbox 2577 1993 2820 2064; x_wconf 89' lang='lat' dir='ltr'><strong>quidem</strong></span> <span class='ocrx_word' id='word_1_371' title='bbox 2865 1994 2939 2049; x_wconf 91' lang='lat' dir='ltr'><strong>de</strong></span> <span class='ocrx_word' id='word_1_372' title='bbox 2977 2009 3154 2050; x_wconf 87' lang='lat' dir='ltr'><strong>carne</strong></span> <span class='ocrx_word' id='word_1_373' title='bbox 3192 1991 3514 2049; x_wconf 82' lang='lat' dir='ltr'><strong>Salvatoris</strong></span> 
     </span>
    </p>
   </div>
   <div class='ocr_carea' id='block_1_52' title="bbox 1857 2080 3522 2154">
    <p class='ocr_par' dir='ltr' id='par_1_52' title="bbox 1857 2080 3522 2154">
     <span class='ocr_line' id='line_1_52' title="bbox 1857 2080 3522 2154; baseline -0.001 -17"><span class='ocrx_word' id='word_1_374' title='bbox 1857 2098 1964 2137; x_wconf 89' lang='lat' dir='ltr'><strong>nec</strong></span> <span class='ocrx_word' id='word_1_375' title='bbox 1993 2081 2219 2136; x_wconf 89' lang='lat' dir='ltr'><strong>semine</strong></span> <span class='ocrx_word' id='word_1_376' title='bbox 2247 2081 2465 2150; x_wconf 86' lang='lat' dir='ltr'><strong>genita,</strong></span> <span class='ocrx_word' id='word_1_377' title='bbox 2495 2097 2605 2136; x_wconf 91' lang='lat' dir='ltr'><strong>nec</strong></span> <span class='ocrx_word' id='word_1_378' title='bbox 2627 2081 2802 2137; x_wconf 90' lang='lat' dir='ltr'><strong>sorde</strong></span> <span class='ocrx_word' id='word_1_379' title='bbox 2827 2082 3076 2154; x_wconf 87' lang='lat' dir='ltr'><strong>polluta,</strong></span> <span class='ocrx_word' id='word_1_380' title='bbox 3107 2098 3217 2138; x_wconf 91' lang='lat' dir='ltr'><strong>nec</strong></span> <span class='ocrx_word' id='word_1_381' title='bbox 3242 2080 3522 2137; x_wconf 90' lang='lat' dir='ltr'><strong>humani-</strong></span> 
     </span>
    </p>
   </div>
   <div class='ocr_carea' id='block_1_53' title="bbox 1856 2163 3518 2241">
    <p class='ocr_par' dir='ltr' id='par_1_53' title="bbox 1856 2163 3518 2241">
     <span class='ocr_line' id='line_1_53' title="bbox 1856 2163 3518 2241; baseline -0.001 -16"><span class='ocrx_word' id='word_1_382' title='bbox 1856 2163 1947 2225; x_wconf 90' lang='lat' dir='ltr'><strong>tus</strong></span> <span class='ocrx_word' id='word_1_383' title='bbox 1988 2169 2240 2226; x_wconf 87' lang='lat' dir='ltr'><strong>educata</strong></span> <span class='ocrx_word' id='word_1_384' title='bbox 2279 2169 2670 2241; x_wconf 87' lang='lat' dir='ltr'><strong>interpretari,</strong></span> <span class='ocrx_word' id='word_1_385' title='bbox 2724 2185 2885 2226; x_wconf 91' lang='lat' dir='ltr'><strong>nunc</strong></span> <span class='ocrx_word' id='word_1_386' title='bbox 2923 2187 3064 2227; x_wconf 90' lang='lat' dir='ltr'><strong>vero</strong></span> <span class='ocrx_word' id='word_1_387' title='bbox 3103 2171 3409 2236; x_wconf 89' lang='lat' dir='ltr'><strong>acerbum,</strong></span> <span class='ocrx_word' id='word_1_388' title='bbox 3451 2175 3518 2224; x_wconf 88' lang='lat' dir='ltr'><strong>et</strong></span> 
     </span>
    </p>
   </div>
   <div class='ocr_carea' id='block_1_54' title="bbox 1855 2257 3516 2330">
    <p class='ocr_par' dir='ltr' id='par_1_54' title="bbox 1855 2257 3516 2330">
     <span class='ocr_line' id='line_1_54' title="bbox 1855 2257 3516 2330; baseline -0.004 -12"><span class='ocrx_word' id='word_1_389' title='bbox 1855 2257 2218 2318; x_wconf 84' lang='lat' dir='ltr'><strong>inexorabile</strong></span> <span class='ocrx_word' id='word_1_390' title='bbox 2259 2258 2622 2330; x_wconf 86' lang='lat' dir='ltr'><strong>supplicium</strong></span> <span class='ocrx_word' id='word_1_391' title='bbox 2661 2259 2909 2316; x_wconf 89' lang='lat' dir='ltr'><strong>innuere</strong></span> <span class='ocrx_word' id='word_1_392' title='bbox 2939 2275 3059 2315; x_wconf 89' lang='lat' dir='ltr'><strong>non</strong></span> <span class='ocrx_word' id='word_1_393' title='bbox 3102 2259 3338 2314; x_wconf 87' lang='lat' dir='ltr'><strong>dubitas</strong></span> <span class='ocrx_word' id='word_1_394' title='bbox 3386 2276 3398 2325; x_wconf 88' lang='lat'><strong>;</strong></span> <span class='ocrx_word' id='word_1_395' title='bbox 3435 2257 3516 2313; x_wconf 88' lang='lat' dir='ltr'><strong>ita</strong></span> 
     </span>
    </p>
   </div>
   <div class='ocr_carea' id='block_1_55' title="bbox 1855 2345 3514 2420">
    <p class='ocr_par' dir='ltr' id='par_1_55' title="bbox 1855 2345 3514 2420">
     <span class='ocr_line' id='line_1_55' title="bbox 1855 2345 3514 2420; baseline -0.001 -18"><span class='ocrx_word' id='word_1_396' title='bbox 1855 2363 2092 2419; x_wconf 86' lang='lat' dir='ltr'><strong>quoque</strong></span> <span class='ocrx_word' id='word_1_397' title='bbox 2121 2347 2180 2402; x_wconf 88' lang='lat' dir='ltr'><strong>in</strong></span> <span class='ocrx_word' id='word_1_398' title='bbox 2211 2345 2531 2420; x_wconf 84' lang='lat' dir='ltr'><strong>propositis</strong></span> <span class='ocrx_word' id='word_1_399' title='bbox 2563 2347 2864 2418; x_wconf 81' lang='lat' dir='ltr'><strong>Evangelii</strong></span> <span class='ocrx_word' id='word_1_400' title='bbox 2894 2347 3110 2416; x_wconf 77' lang='lat' dir='ltr'><strong>pueris,</strong></span> <span class='ocrx_word' id='word_1_401' title='bbox 3141 2348 3187 2402; x_wconf 88' lang='lat' dir='ltr'><strong>si</strong></span> <span class='ocrx_word' id='word_1_402' title='bbox 3219 2347 3391 2402; x_wconf 87' lang='lat' dir='ltr'><strong>solita</strong></span> <span class='ocrx_word' id='word_1_403' title='bbox 3419 2361 3514 2400; x_wconf 84' lang='lat' dir='ltr'><strong>sa-</strong></span> 
     </span>
    </p>
   </div>
   <div class='ocr_carea' id='block_1_56' title="bbox 1855 2434 3514 2508">
    <p class='ocr_par' dir='ltr' id='par_1_56' title="bbox 1855 2434 3514 2508">
     <span class='ocr_line' id='line_1_56' title="bbox 1855 2434 3514 2508; baseline -0.002 -17"><span class='ocrx_word' id='word_1_404' title='bbox 1855 2453 2090 2492; x_wconf 86' lang='lat' dir='ltr'><strong>crarum</strong></span> <span class='ocrx_word' id='word_1_405' title='bbox 2121 2451 2320 2491; x_wconf 91' lang='lat' dir='ltr'><strong>rerum</strong></span> <span class='ocrx_word' id='word_1_406' title='bbox 2356 2436 2602 2493; x_wconf 88' lang='lat' dir='ltr'><strong>scientia</strong></span> <span class='ocrx_word' id='word_1_407' title='bbox 2634 2438 2835 2506; x_wconf 90' lang='lat' dir='ltr'><strong>uteris,</strong></span> <span class='ocrx_word' id='word_1_408' title='bbox 2881 2443 2938 2493; x_wconf 92' lang='lat' dir='ltr'><strong>et</strong></span> <span class='ocrx_word' id='word_1_409' title='bbox 2975 2437 3314 2508; x_wconf 88' lang='lat' dir='ltr'><strong>unicuique,</strong></span> <span class='ocrx_word' id='word_1_410' title='bbox 3356 2434 3514 2508; x_wconf 88' lang='lat' dir='ltr'><strong>quod</strong></span> 
     </span>
    </p>
   </div>
   <div class='ocr_carea' id='block_1_57' title="bbox 1857 2525 3513 2597">
    <p class='ocr_par' dir='ltr' id='par_1_57' title="bbox 1857 2525 3513 2597">
     <span class='ocr_line' id='line_1_57' title="bbox 1857 2525 3513 2597; baseline -0.001 -18"><span class='ocrx_word' id='word_1_411' title='bbox 1857 2541 2032 2580; x_wconf 88' lang='lat' dir='ltr'><strong>suum</strong></span> <span class='ocrx_word' id='word_1_412' title='bbox 2074 2529 2183 2591; x_wconf 90' lang='lat' dir='ltr'><strong>est,</strong></span> <span class='ocrx_word' id='word_1_413' title='bbox 2207 2525 2492 2597; x_wconf 83' lang='lat' dir='ltr'><strong>adsignas</strong></span> <span class='ocrx_word' id='word_1_414' title='bbox 2524 2531 2580 2582; x_wconf 91' lang='lat' dir='ltr'><strong>et</strong></span> <span class='ocrx_word' id='word_1_415' title='bbox 2611 2526 2840 2593; x_wconf 88' lang='lat' dir='ltr'><strong>tribuis,</strong></span> <span class='ocrx_word' id='word_1_416' title='bbox 2863 2526 3013 2582; x_wconf 88' lang='lat' dir='ltr'><strong>nihil</strong></span> <span class='ocrx_word' id='word_1_417' title='bbox 3042 2526 3136 2582; x_wconf 90' lang='lat' dir='ltr'><strong>vel</strong></span> <span class='ocrx_word' id='word_1_418' title='bbox 3165 2525 3513 2591; x_wconf 85' lang='lat' dir='ltr'><strong>obscurum,</strong></span> 
     </span>
    </p>
   </div>
   <div class='ocr_carea' id='block_1_58' title="bbox 1860 2614 2644 2671">
    <p class='ocr_par' dir='ltr' id='par_1_58' title="bbox 1860 2614 2644 2671">
     <span class='ocr_line' id='line_1_58' title="bbox 1860 2614 2644 2671; baseline 0 -3"><span class='ocrx_word' id='word_1_419' title='bbox 1860 2614 1944 2669; x_wconf 88' lang='lat' dir='ltr'><strong>vel</strong></span> <span class='ocrx_word' id='word_1_420' title='bbox 1985 2615 2316 2670; x_wconf 88' lang='lat' dir='ltr'><strong>absurdum</strong></span> <span class='ocrx_word' id='word_1_421' title='bbox 2358 2615 2644 2671; x_wconf 87' lang='lat' dir='ltr'><strong>invenies.</strong></span> 
     </span>
    </p>
   </div>
   <div class='ocr_carea' id='block_1_59' title="bbox 1927 2702 3509 2778">
    <p class='ocr_par' dir='ltr' id='par_1_59' title="bbox 1927 2702 3509 2778">
     <span class='ocr_line' id='line_1_59' title="bbox 1927 2702 3509 2778; baseline -0.002 -19"><span class='ocrx_word' id='word_1_422' title='bbox 1927 2703 2141 2759; x_wconf 89' lang='lat' dir='ltr'><strong>Verum</strong></span> <span class='ocrx_word' id='word_1_423' title='bbox 2175 2705 2234 2758; x_wconf 85' lang='lat' dir='ltr'><strong>iu</strong></span> <span class='ocrx_word' id='word_1_424' title='bbox 2273 2704 2456 2760; x_wconf 88' lang='lat' dir='ltr'><strong>sacris</strong></span> <span class='ocrx_word' id='word_1_425' title='bbox 2495 2704 2720 2761; x_wconf 89' lang='lat' dir='ltr'><strong>Litteris</strong></span> <span class='ocrx_word' id='word_1_426' title='bbox 2760 2705 2876 2761; x_wconf 86' lang='lat' dir='ltr'><strong>alia</strong></span> <span class='ocrx_word' id='word_1_427' title='bbox 2911 2709 3090 2778; x_wconf 86' lang='lat' dir='ltr'><strong>atque</strong></span> <span class='ocrx_word' id='word_1_428' title='bbox 3123 2703 3240 2759; x_wconf 89' lang='lat' dir='ltr'><strong>alia</strong></span> <span class='ocrx_word' id='word_1_429' title='bbox 3270 2702 3509 2758; x_wconf 84' lang='lat' dir='ltr'><strong>nomina</strong></span> 
     </span>
    </p>
   </div>
   <div class='ocr_carea' id='block_1_60' title="bbox 1852 2793 3510 2866">
    <p class='ocr_par' dir='ltr' id='par_1_60' title="bbox 1852 2793 3510 2866">
     <span class='ocr_line' id='line_1_60' title="bbox 1852 2793 3510 2866; baseline -0.001 -18"><span class='ocrx_word' id='word_1_430' title='bbox 1852 2793 1968 2848; x_wconf 92' lang='lat' dir='ltr'><strong>hoc</strong></span> <span class='ocrx_word' id='word_1_431' title='bbox 1998 2797 2172 2864; x_wconf 88' lang='lat' dir='ltr'><strong>pacto</strong></span> <span class='ocrx_word' id='word_1_432' title='bbox 2205 2799 2490 2864; x_wconf 86' lang='lat' dir='ltr'><strong>usurpata</strong></span> <span class='ocrx_word' id='word_1_433' title='bbox 2519 2793 2750 2866; x_wconf 90' lang='lat' dir='ltr'><strong>passim</strong></span> <span class='ocrx_word' id='word_1_434' title='bbox 2777 2799 3097 2852; x_wconf 88' lang='lat' dir='ltr'><strong>occurrunt</strong></span> <span class='ocrx_word' id='word_1_435' title='bbox 3126 2811 3140 2859; x_wconf 93' lang='lat'><strong>;</strong></span> <span class='ocrx_word' id='word_1_436' title='bbox 3172 2793 3250 2848; x_wconf 90' lang='lat' dir='ltr'><strong>uti</strong></span> <span class='ocrx_word' id='word_1_437' title='bbox 3283 2815 3310 2843; x_wconf 84' lang='lat'><strong>«</strong></span> <span class='ocrx_word' id='word_1_438' title='bbox 3345 2797 3510 2847; x_wconf 89' lang='lat' dir='ltr'><strong>catu-</strong></span> 
     </span>
    </p>
   </div>
   <div class='ocr_carea' id='block_1_61' title="bbox 1851 2877 3504 2955">
    <p class='ocr_par' dir='ltr' id='par_1_61' title="bbox 1851 2877 3504 2955">
     <span class='ocr_line' id='line_1_61' title="bbox 1851 2877 3504 2955; baseline 0.002 -22"><span class='ocrx_word' id='word_1_439' title='bbox 1851 2877 1958 2953; x_wconf 84' lang='lat' dir='ltr'><strong>lus,</strong></span> <span class='ocrx_word' id='word_1_440' title='bbox 1996 2881 2164 2950; x_wconf 90' lang='lat' dir='ltr'><strong>(alter</strong></span> <span class='ocrx_word' id='word_1_441' title='bbox 2231 2883 2498 2954; x_wconf 89' lang='lat' dir='ltr'><strong>quidem)</strong></span> <span class='ocrx_word' id='word_1_442' title='bbox 2555 2884 2818 2953; x_wconf 83' lang='lat' dir='ltr'><strong>rugiens,</strong></span> <span class='ocrx_word' id='word_1_443' title='bbox 2866 2888 2922 2940; x_wconf 91' lang='lat' dir='ltr'><strong>et</strong></span> <span class='ocrx_word' id='word_1_444' title='bbox 2973 2899 3247 2955; x_wconf 59' lang='lat' dir='ltr'><strong>quaerens</strong></span> <span class='ocrx_word' id='word_1_445' title='bbox 3299 2899 3334 2937; x_wconf 89' lang='lat' dir='ltr'><strong>a</strong></span> <span class='ocrx_word' id='word_1_446' title='bbox 3383 2883 3504 2936; x_wconf 89' lang='lat' dir='ltr'><strong>Deo</strong></span> 
     </span>
    </p>
   </div>
   <div class='ocr_carea' id='block_1_62' title="bbox 1853 2971 3516 3044">
    <p class='ocr_par' dir='ltr' id='par_1_62' title="bbox 1853 2971 3516 3044">
     <span class='ocr_line' id='line_1_62' title="bbox 1853 2971 3516 3044; baseline -0.002 -18"><span class='ocrx_word' id='word_1_447' title='bbox 1853 2987 2050 3026; x_wconf 84' lang='lat' dir='ltr'><strong>escam</strong></span> <span class='ocrx_word' id='word_1_448' title='bbox 2081 2971 2192 3026; x_wconf 88' lang='lat' dir='ltr'><strong>sibi</strong></span> <span class='ocrx_word' id='word_1_449' title='bbox 2222 2971 2269 3006; x_wconf 78' lang='grc'>⁸³</span> <span class='ocrx_word' id='word_1_450' title='bbox 2303 2988 2318 3037; x_wconf 87' lang='grc'>;</span> <span class='ocrx_word' id='word_1_451' title='bbox 2343 2993 2370 3020; x_wconf 73' lang='lat' dir='ltr'><strong>n</strong></span> <span class='ocrx_word' id='word_1_452' title='bbox 2399 2971 2548 3028; x_wconf 89' lang='lat' dir='ltr'><strong>alter</strong></span> <span class='ocrx_word' id='word_1_453' title='bbox 2569 2977 2790 3037; x_wconf 82' lang='lat' dir='ltr'><strong>autem,</strong></span> <span class='ocrx_word' id='word_1_454' title='bbox 2825 2973 2928 3044; x_wconf 90' lang='lat' dir='ltr'><strong>qui</strong></span> <span class='ocrx_word' id='word_1_455' title='bbox 2957 2971 3280 3034; x_wconf 85' lang='lat' dir='ltr'><strong>accumbit,</strong></span> <span class='ocrx_word' id='word_1_456' title='bbox 3313 2973 3368 3024; x_wconf 91' lang='lat' dir='ltr'><strong>et</strong></span> <span class='ocrx_word' id='word_1_457' title='bbox 3389 2985 3516 3024; x_wconf 82' lang='lat' dir='ltr'><strong>sur—</strong></span> 
     </span>
    </p>
   </div>
   <div class='ocr_carea' id='block_1_63' title="bbox 167 3059 1747 3138">
    <p class='ocr_par' dir='ltr' id='par_1_63' title="bbox 167 3065 1742 3138">
     <span class='ocr_line' id='line_1_63' title="bbox 167 3065 1742 3138; baseline 0.002 -29"><span class='ocrx_word' id='word_1_458' title='bbox 167 3066 497 3134; x_wconf 82' lang='grc' dir='ltr'>ανιοτάμενος,</span> <span class='ocrx_word' id='word_1_459' title='bbox 551 3068 640 3114; x_wconf 83' lang='grc' dir='ltr'><strong>καί</strong></span> <span class='ocrx_word' id='word_1_460' title='bbox 701 3067 1004 3138; x_wconf 85' lang='grc' dir='ltr'>συνεγείρων</span> <span class='ocrx_word' id='word_1_461' title='bbox 1071 3065 1127 3116; x_wconf 89' lang='grc' dir='ltr'>τὸ</span> <span class='ocrx_word' id='word_1_462' title='bbox 1183 3067 1328 3134; x_wconf 84' lang='grc' dir='ltr'>γένος</span> <span class='ocrx_word' id='word_1_463' title='bbox 1395 3069 1488 3114; x_wconf 80' lang='grc' dir='ltr'>τοῦ</span> <span class='ocrx_word' id='word_1_464' title='bbox 1540 3081 1592 3113; x_wconf 86' lang='grc' dir='ltr'><strong>τε</strong></span> <span class='ocrx_word' id='word_1_465' title='bbox 1646 3081 1742 3114; x_wconf 85' lang='grc' dir='ltr'>πα-</span> 
     </span>
    </p>
   </div>
   <div class='ocr_carea' id='block_1_64' title="bbox 1926 3059 3511 3138">
    <p class='ocr_par' dir='ltr' id='par_1_64' title="bbox 1926 3059 3511 3128">
     <span class='ocr_line' id='line_1_64' title="bbox 1926 3059 3511 3128; baseline -0.001 -14"><span class='ocrx_word' id='word_1_466' title='bbox 1926 3067 1954 3124; x_wconf 79' lang='lat' dir='ltr'><strong>t,</strong></span> <span class='ocrx_word' id='word_1_467' title='bbox 1989 3065 2046 3114; x_wconf 91' lang='lat' dir='ltr'><strong>et</strong></span> <span class='ocrx_word' id='word_1_468' title='bbox 2076 3064 2398 3128; x_wconf 82' lang='lat' dir='ltr'><strong>congregat</strong></span> <span class='ocrx_word' id='word_1_469' title='bbox 2428 3065 2662 3128; x_wconf 83' lang='lat' dir='ltr'><strong>gentem</strong></span> <span class='ocrx_word' id='word_1_470' title='bbox 2695 3061 2908 3116; x_wconf 87' lang='lat' dir='ltr'><strong>veteris</strong></span> <span class='ocrx_word' id='word_1_471' title='bbox 2943 3059 3151 3124; x_wconf 67' lang='lat' dir='ltr'><strong>ruinae,</strong></span> <span class='ocrx_word' id='word_1_472' title='bbox 3187 3063 3239 3113; x_wconf 90' lang='lat' dir='ltr'><strong>et</strong></span> <span class='ocrx_word' id='word_1_473' title='bbox 3274 3073 3511 3128; x_wconf 85' lang='lat' dir='ltr'><strong>posses-</strong></span> 
     </span>
    </p>
   </div>
   <div class='ocr_carea' id='block_1_65' title="bbox 169 3153 1737 3224">
    <p class='ocr_par' dir='ltr' id='par_1_65' title="bbox 169 3153 1737 3224">
     <span class='ocr_line' id='line_1_65' title="bbox 169 3153 1737 3224; baseline 0.002 -24"><span class='ocrx_word' id='word_1_474' title='bbox 169 3157 292 3202; x_wconf 64' lang='grc' dir='ltr'>λαιόν</span> <span class='ocrx_word' id='word_1_475' title='bbox 341 3159 646 3224; x_wconf 77' lang='grc' dir='ltr'>πτώματος,</span> <span class='ocrx_word' id='word_1_476' title='bbox 701 3157 788 3204; x_wconf 80' lang='grc' dir='ltr'>καὶ</span> <span class='ocrx_word' id='word_1_477' title='bbox 824 3161 918 3212; x_wconf 77' lang='grc' dir='ltr'>τῆς</span> <span class='ocrx_word' id='word_1_478' title='bbox 956 3159 1046 3204; x_wconf 84' lang='grc' dir='ltr'>τοῦ</span> <span class='ocrx_word' id='word_1_479' title='bbox 1079 3153 1300 3204; x_wconf 81' lang='grc' dir='ltr'>θανάτου</span> <span class='ocrx_word' id='word_1_480' title='bbox 1343 3154 1737 3222; x_wconf 83' lang='grc' dir='ltr'>κατασχέσεως.</span> 
     </span>
    </p>
   </div>
   <div class='ocr_carea' id='block_1_66' title="bbox 167 3239 1744 3314">
    <p class='ocr_par' dir='ltr' id='par_1_66' title="bbox 167 3239 1744 3314">
     <span class='ocr_line' id='line_1_66' title="bbox 167 3239 1744 3314; baseline -0.001 -22"><span class='ocrx_word' id='word_1_481' title='bbox 167 3245 268 3306; x_wconf 71' lang='grc' dir='ltr'>Καὶ,</span> <span class='ocrx_word' id='word_1_482' title='bbox 297 3240 592 3314; x_wconf 67' lang='grc' dir='ltr'>Ἐωσφόρος</span> <span class='ocrx_word' id='word_1_483' title='bbox 620 3263 646 3290; x_wconf 87' lang='grc'>‹‹</span> <span class='ocrx_word' id='word_1_484' title='bbox 679 3243 704 3292; x_wconf 90' lang='lat'><strong>6</strong></span> <span class='ocrx_word' id='word_1_485' title='bbox 743 3245 832 3312; x_wconf 74' lang='grc' dir='ltr'><strong>μεν</strong></span> <span class='ocrx_word' id='word_1_486' title='bbox 875 3243 1011 3311; x_wconf 76' lang='grc' dir='ltr'>πρωί</span> <span class='ocrx_word' id='word_1_487' title='bbox 1051 3239 1350 3304; x_wconf 72' lang='grc' dir='ltr'>ἀνατέλλων,</span> <span class='ocrx_word' id='word_1_488' title='bbox 1395 3259 1423 3290; x_wconf 74' lang='grc' dir='ltr'><strong>ιι</strong></span> <span class='ocrx_word' id='word_1_489' title='bbox 1471 3244 1560 3291; x_wconf 83' lang='grc' dir='ltr'>καὶ</span> <span class='ocrx_word' id='word_1_490' title='bbox 1595 3261 1616 3288; x_wconf 83' lang='grc' dir='ltr'><strong>ι</strong></span> <span class='ocrx_word' id='word_1_491' title='bbox 1649 3241 1744 3299; x_wconf 80' lang='grc' dir='ltr'><strong>τας</strong></span> 
     </span>
    </p>
   </div>
   <div class='ocr_carea' id='block_1_67' title="bbox 162 3325 1741 3402">
    <p class='ocr_par' dir='ltr' id='par_1_67' title="bbox 162 3325 1741 3402">
     <span class='ocr_line' id='line_1_67' title="bbox 162 3325 1741 3402; baseline 0 -24"><span class='ocrx_word' id='word_1_492' title='bbox 162 3341 244 3379; x_wconf 74' lang='grc' dir='ltr'><strong>των</strong></span> <span class='ocrx_word' id='word_1_493' title='bbox 279 3339 474 3381; x_wconf 76' lang='grc' dir='ltr'>πιστῶν</span> <span class='ocrx_word' id='word_1_494' title='bbox 509 3325 736 3402; x_wconf 75' lang='grc' dir='ltr'>καρδίας</span> <span class='ocrx_word' id='word_1_495' title='bbox 779 3351 800 3377; x_wconf 67' lang='grc' dir='ltr'><strong>ν</strong></span> <span class='ocrx_word' id='word_1_496' title='bbox 846 3332 922 3382; x_wconf 81' lang='grc' dir='ltr'>ἔτι</span> <span class='ocrx_word' id='word_1_497' title='bbox 959 3328 1148 3400; x_wconf 76' lang='grc' dir='ltr'>μᾶλλον</span> <span class='ocrx_word' id='word_1_498' title='bbox 1191 3337 1262 3399; x_wconf 76' lang='grc' dir='ltr'>τῷ</span> <span class='ocrx_word' id='word_1_499' title='bbox 1307 3333 1438 3400; x_wconf 75' lang='grc' dir='ltr'>φωτὶ</span> <span class='ocrx_word' id='word_1_500' title='bbox 1485 3336 1581 3387; x_wconf 82' lang='grc' dir='ltr'>τῆς</span> <span class='ocrx_word' id='word_1_501' title='bbox 1625 3329 1741 3378; x_wconf 86' lang='grc' dir='ltr'>θεο-</span> 
     </span>
    </p>
   </div>
   <div class='ocr_carea' id='block_1_68' title="bbox 157 3415 1740 3492">
    <p class='ocr_par' dir='ltr' id='par_1_68' title="bbox 157 3415 1740 3492">
     <span class='ocr_line' id='line_1_68' title="bbox 157 3415 1740 3492; baseline 0.002 -27"><span class='ocrx_word' id='word_1_502' title='bbox 157 3423 360 3485; x_wconf 66' lang='lat' dir='ltr'><strong>ymo-ia;</strong></span> <span class='ocrx_word' id='word_1_503' title='bbox 389 3417 695 3490; x_wconf 79' lang='grc' dir='ltr'>ἐναυγάζων</span> <span class='ocrx_word' id='word_1_504' title='bbox 727 3436 740 3448; x_wconf 89' lang='grc'><strong>·</strong></span> <span class='ocrx_word' id='word_1_505' title='bbox 774 3421 800 3470; x_wconf 91' lang='lat'><strong>6</strong></span> <span class='ocrx_word' id='word_1_506' title='bbox 827 3415 886 3470; x_wconf 74' lang='grc' dir='ltr'><strong>δὲ</strong></span> <span class='ocrx_word' id='word_1_507' title='bbox 923 3425 994 3488; x_wconf 78' lang='grc' dir='ltr'>τῷ</span> <span class='ocrx_word' id='word_1_508' title='bbox 1028 3423 1196 3488; x_wconf 80' lang='grc' dir='ltr'>σκότῳ</span> <span class='ocrx_word' id='word_1_509' title='bbox 1225 3418 1740 3492; x_wconf 82' lang='grc' dir='ltr'>προσαρμοζόμενος,</span> 
     </span>
    </p>
   </div>
   <div class='ocr_carea' id='block_1_69' title="bbox 161 3507 1742 3580">
    <p class='ocr_par' dir='ltr' id='par_1_69' title="bbox 161 3507 1742 3580">
     <span class='ocr_line' id='line_1_69' title="bbox 161 3507 1742 3580; baseline 0.002 -25"><span class='ocrx_word' id='word_1_510' title='bbox 161 3511 236 3556; x_wconf 76' lang='grc' dir='ltr'><strong>καί</strong></span> <span class='ocrx_word' id='word_1_511' title='bbox 287 3507 338 3558; x_wconf 79' lang='grc' dir='ltr'><strong>όν</strong></span> <span class='ocrx_word' id='word_1_512' title='bbox 385 3513 444 3559; x_wconf 83' lang='grc' dir='ltr'><strong>τό</strong></span> <span class='ocrx_word' id='word_1_513' title='bbox 491 3508 732 3560; x_wconf 80' lang='grc' dir='ltr'>ἑκούσιον</span> <span class='ocrx_word' id='word_1_514' title='bbox 778 3515 870 3569; x_wconf 77' lang='grc' dir='ltr'>τῆς</span> <span class='ocrx_word' id='word_1_515' title='bbox 928 3509 1232 3579; x_wconf 80' lang='grc' dir='ltr'>μοχθηρίας</span> <span class='ocrx_word' id='word_1_516' title='bbox 1285 3515 1378 3568; x_wconf 81' lang='grc' dir='ltr'>τῆς</span> <span class='ocrx_word' id='word_1_517' title='bbox 1427 3512 1604 3580; x_wconf 81' lang='grc' dir='ltr'>νοερᾶς</span> <span class='ocrx_word' id='word_1_518' title='bbox 1654 3511 1742 3558; x_wconf 83' lang='grc' dir='ltr'>καὶ</span> 
     </span>
    </p>
   </div>
   <div class='ocr_carea' id='block_1_70' title="bbox 159 3595 1742 3670">
    <p class='ocr_par' dir='ltr' id='par_1_70' title="bbox 159 3595 1742 3670">
     <span class='ocr_line' id='line_1_70' title="bbox 159 3595 1742 3670; baseline -0.001 -23"><span class='ocrx_word' id='word_1_519' title='bbox 159 3603 400 3670; x_wconf 79' lang='grc' dir='ltr'>μακαρίας</span> <span class='ocrx_word' id='word_1_520' title='bbox 449 3597 816 3670; x_wconf 76' lang='grc' dir='ltr'>λαμπρότητος</span> <span class='ocrx_word' id='word_1_521' title='bbox 847 3595 1056 3668; x_wconf 80' lang='grc' dir='ltr'>ἀπάγει.</span> <span class='ocrx_word' id='word_1_522' title='bbox 1097 3595 1252 3668; x_wconf 78' lang='grc' dir='ltr'>’Ὀφις</span> <span class='ocrx_word' id='word_1_523' title='bbox 1297 3615 1349 3647; x_wconf 87' lang='grc' dir='ltr'><strong>τε</strong></span> <span class='ocrx_word' id='word_1_524' title='bbox 1405 3597 1429 3646; x_wconf 92' lang='lat'><strong>6</strong></span> <span class='ocrx_word' id='word_1_525' title='bbox 1469 3599 1562 3654; x_wconf 76' lang='grc' dir='ltr'>τὴν</span> <span class='ocrx_word' id='word_1_526' title='bbox 1611 3599 1742 3648; x_wconf 73' lang='grc' dir='ltr'>Εὔαν</span> 
     </span>
    </p>
   </div>
   <div class='ocr_carea' id='block_1_71' title="bbox 161 3681 1742 3757">
    <p class='ocr_par' dir='ltr' id='par_1_71' title="bbox 161 3681 1742 3757">
     <span class='ocr_line' id='line_1_71' title="bbox 161 3681 1742 3757; baseline 0.002 -25"><span class='ocrx_word' id='word_1_527' title='bbox 161 3683 496 3754; x_wconf 71' lang='grc' dir='ltr'>ἐξαπατήσας,</span> <span class='ocrx_word' id='word_1_528' title='bbox 545 3691 636 3737; x_wconf 80' lang='grc' dir='ltr'>καὶ</span> <span class='ocrx_word' id='word_1_529' title='bbox 676 3681 743 3744; x_wconf 69' lang='grc' dir='ltr'><em>δὴ</em></span> <span class='ocrx_word' id='word_1_530' title='bbox 771 3690 862 3736; x_wconf 83' lang='grc' dir='ltr'>καὶ</span> <span class='ocrx_word' id='word_1_531' title='bbox 891 3684 950 3736; x_wconf 82' lang='grc' dir='ltr'><strong>ού</strong></span> <span class='ocrx_word' id='word_1_532' title='bbox 988 3687 1218 3757; x_wconf 81' lang='grc' dir='ltr'>μιμητὰς</span> <span class='ocrx_word' id='word_1_533' title='bbox 1263 3685 1396 3756; x_wconf 79' lang='grc' dir='ltr'>ἡμᾶς</span> <span class='ocrx_word' id='word_1_534' title='bbox 1427 3685 1452 3736; x_wconf 92' lang='lat'><strong>6</strong></span> <span class='ocrx_word' id='word_1_535' title='bbox 1485 3688 1742 3756; x_wconf 78' lang='grc' dir='ltr'>Σωτήριος</span> 
     </span>
    </p>
   </div>
   <div class='ocr_carea' id='block_1_72' title="bbox 159 3769 1742 3850">
    <p class='ocr_par' dir='ltr' id='par_1_72' title="bbox 159 3769 1742 3850">
     <span class='ocr_line' id='line_1_72' title="bbox 159 3769 1742 3850; baseline 0.001 -28"><span class='ocrx_word' id='word_1_536' title='bbox 159 3769 286 3844; x_wconf 73' lang='grc' dir='ltr'>λόγος</span> <span class='ocrx_word' id='word_1_537' title='bbox 321 3779 671 3850; x_wconf 78' lang='grc' dir='ltr'>προτρέπεται</span> <span class='ocrx_word' id='word_1_538' title='bbox 699 3796 710 3807; x_wconf 90' lang='grc'><strong>·</strong></span> <span class='ocrx_word' id='word_1_539' title='bbox 749 3775 1009 3826; x_wconf 71' lang='grc' dir='ltr'>«Γίνεσθε</span> <span class='ocrx_word' id='word_1_540' title='bbox 1037 3776 1158 3848; x_wconf 75' lang='grc' dir='ltr'>γὰρ,</span> <span class='ocrx_word' id='word_1_541' title='bbox 1192 3777 1342 3846; x_wconf 66' lang='grc' dir='ltr'>φησι,</span> <span class='ocrx_word' id='word_1_542' title='bbox 1380 3777 1636 3846; x_wconf 72' lang='grc' dir='ltr'>φρόνιμοι,</span> <span class='ocrx_word' id='word_1_543' title='bbox 1680 3775 1742 3833; x_wconf 88' lang='grc' dir='ltr'>ὡς</span> 
     </span>
    </p>
   </div>
   <div class='ocr_carea' id='block_1_73' title="bbox 159 3865 466 3934">
    <p class='ocr_par' dir='ltr' id='par_1_73' title="bbox 159 3865 466 3934">
     <span class='ocr_line' id='line_1_73' title="bbox 159 3865 466 3934; baseline 0.007 -22"><span class='ocrx_word' id='word_1_544' title='bbox 159 3865 200 3912; x_wconf 80' lang='grc' dir='ltr'>οἱ</span> <span class='ocrx_word' id='word_1_545' title='bbox 225 3867 358 3934; x_wconf 61' lang='grc' dir='ltr'>ὄφεις</span> <span class='ocrx_word' id='word_1_546' title='bbox 371 3909 382 3919; x_wconf 87' lang='grc'><strong>,</strong></span> <span class='ocrx_word' id='word_1_547' title='bbox 437 3887 466 3914; x_wconf 78' lang='grc' dir='ltr'>ι)</span> 
     </span>
    </p>
   </div>
   <div class='ocr_carea' id='block_1_74' title="bbox 221 3951 1744 4026">
    <p class='ocr_par' dir='ltr' id='par_1_74' title="bbox 221 3951 1744 4026">
     <span class='ocr_line' id='line_1_74' title="bbox 221 3951 1744 4026; baseline -0.002 -21"><span class='ocrx_word' id='word_1_548' title='bbox 221 3951 372 4005; x_wconf 73' lang='grc' dir='ltr'>Ἀλλὰ</span> <span class='ocrx_word' id='word_1_549' title='bbox 421 3956 528 4026; x_wconf 80' lang='grc' dir='ltr'><strong>γὰρ</strong></span> <span class='ocrx_word' id='word_1_550' title='bbox 584 3956 674 4005; x_wconf 84' lang='grc' dir='ltr'>καὶ</span> <span class='ocrx_word' id='word_1_551' title='bbox 719 3951 965 4025; x_wconf 73' lang='grc' dir='ltr'>βασιλεὺς</span> <span class='ocrx_word' id='word_1_552' title='bbox 1010 3953 1034 4003; x_wconf 91' lang='lat'><strong>6</strong></span> <span class='ocrx_word' id='word_1_553' title='bbox 1089 3955 1178 4025; x_wconf 71' lang='grc' dir='ltr'>μὲν</span> <span class='ocrx_word' id='word_1_554' title='bbox 1221 3959 1321 4003; x_wconf 83' lang='grc' dir='ltr'>τῶν</span> <span class='ocrx_word' id='word_1_555' title='bbox 1372 3951 1616 4016; x_wconf 85' lang='grc' dir='ltr'>ἁπαντόν,</span> <span class='ocrx_word' id='word_1_556' title='bbox 1655 3955 1744 4002; x_wconf 85' lang='grc' dir='ltr'>καὶ</span> 
     </span>
    </p>
   </div>
   <div class='ocr_carea' id='block_1_75' title="bbox 161 4037 1748 4115">
    <p class='ocr_par' dir='ltr' id='par_1_75' title="bbox 161 4037 1748 4115">
     <span class='ocr_line' id='line_1_75' title="bbox 161 4037 1748 4115; baseline 0.001 -25"><span class='ocrx_word' id='word_1_557' title='bbox 161 4041 212 4090; x_wconf 75' lang='grc' dir='ltr'>οὗ</span> <span class='ocrx_word' id='word_1_558' title='bbox 257 4045 518 4115; x_wconf 77' lang='grc' dir='ltr'>σύμπασα</span> <span class='ocrx_word' id='word_1_559' title='bbox 569 4047 738 4101; x_wconf 83' lang='grc' dir='ltr'>κτίσις</span> <span class='ocrx_word' id='word_1_560' title='bbox 788 4037 1058 4094; x_wconf 81' lang='grc' dir='ltr'>δακτύλων</span> <span class='ocrx_word' id='word_1_561' title='bbox 1111 4044 1258 4114; x_wconf 78' lang='grc' dir='ltr'>ἔργον</span> <span class='ocrx_word' id='word_1_562' title='bbox 1303 4059 1314 4070; x_wconf 86' lang='grc'><strong>·</strong></span> <span class='ocrx_word' id='word_1_563' title='bbox 1357 4046 1442 4093; x_wconf 79' lang='grc' dir='ltr'>καὶ</span> <span class='ocrx_word' id='word_1_564' title='bbox 1503 4045 1605 4114; x_wconf 78' lang='grc' dir='ltr'>μὴν</span> <span class='ocrx_word' id='word_1_565' title='bbox 1659 4045 1748 4092; x_wconf 75' lang='grc' dir='ltr'>καὶ</span> 
     </span>
    </p>
   </div>
   <div class='ocr_carea' id='block_1_76' title="bbox 163 4127 1748 4206">
    <p class='ocr_par' dir='ltr' id='par_1_76' title="bbox 163 4127 1748 4206">
     <span class='ocr_line' id='line_1_76' title="bbox 163 4127 1748 4206; baseline -0.001 -25"><span class='ocrx_word' id='word_1_566' title='bbox 163 4137 249 4180; x_wconf 73' lang='grc' dir='ltr'>τῶν</span> <span class='ocrx_word' id='word_1_567' title='bbox 291 4131 335 4182; x_wconf 80' lang='grc' dir='ltr'>ἐν</span> <span class='ocrx_word' id='word_1_568' title='bbox 381 4140 454 4202; x_wconf 74' lang='grc' dir='ltr'>τῷ</span> <span class='ocrx_word' id='word_1_569' title='bbox 505 4129 610 4204; x_wconf 78' lang='grc' dir='ltr'>βίῳ</span> <span class='ocrx_word' id='word_1_570' title='bbox 657 4127 955 4206; x_wconf 74' lang='grc' dir='ltr'>δυσχερῶν,</span> <span class='ocrx_word' id='word_1_571' title='bbox 989 4133 1072 4182; x_wconf 77' lang='grc' dir='ltr'>καὶ</span> <span class='ocrx_word' id='word_1_572' title='bbox 1131 4131 1596 4202; x_wconf 85' lang='grc' dir='ltr'>σκυθρωποτάτων,</span> <span class='ocrx_word' id='word_1_573' title='bbox 1658 4134 1748 4181; x_wconf 88' lang='grc' dir='ltr'>καὶ</span> 
     </span>
    </p>
   </div>
   <div class='ocr_carea' id='block_1_77' title="bbox 163 4219 1750 4292">
    <p class='ocr_par' dir='ltr' id='par_1_77' title="bbox 163 4219 1750 4292">
     <span class='ocr_line' id='line_1_77' title="bbox 163 4219 1750 4292; baseline 0.001 -24"><span class='ocrx_word' id='word_1_574' title='bbox 163 4221 210 4269; x_wconf 75' lang='grc' dir='ltr'><strong>όν</strong></span> <span class='ocrx_word' id='word_1_575' title='bbox 255 4227 596 4290; x_wconf 59' lang='grc' dir='ltr'>φευκτότατον</span> <span class='ocrx_word' id='word_1_576' title='bbox 639 4223 782 4290; x_wconf 64' lang='grc' dir='ltr'>ξὸντα</span> <span class='ocrx_word' id='word_1_577' title='bbox 844 4227 1020 4292; x_wconf 75' lang='grc' dir='ltr'>φυγεῖν</span> <span class='ocrx_word' id='word_1_578' title='bbox 1073 4237 1085 4248; x_wconf 90' lang='grc'><strong>·</strong></span> <span class='ocrx_word' id='word_1_579' title='bbox 1135 4222 1191 4271; x_wconf 88' lang='grc' dir='ltr'>τὸ</span> <span class='ocrx_word' id='word_1_580' title='bbox 1243 4219 1628 4291; x_wconf 78' lang='grc' dir='ltr'>χαλεπωτάτων</span> <span class='ocrx_word' id='word_1_581' title='bbox 1697 4237 1750 4270; x_wconf 89' lang='grc' dir='ltr'><strong>τε</strong></span> 
     </span>
    </p>
   </div>
   <div class='ocr_carea' id='block_1_78' title="bbox 163 4303 1751 4382">
    <p class='ocr_par' dir='ltr' id='par_1_78' title="bbox 163 4303 1751 4382">
     <span class='ocr_line' id='line_1_78' title="bbox 163 4303 1751 4382; baseline 0 -25"><span class='ocrx_word' id='word_1_582' title='bbox 163 4307 246 4357; x_wconf 64' lang='grc' dir='ltr'>οὐκ</span> <span class='ocrx_word' id='word_1_583' title='bbox 281 4313 420 4361; x_wconf 78' lang='grc' dir='ltr'>ἔστιν</span> <span class='ocrx_word' id='word_1_584' title='bbox 457 4313 484 4361; x_wconf 89' lang='lat'><strong>6</strong></span> <span class='ocrx_word' id='word_1_585' title='bbox 535 4312 768 4369; x_wconf 79' lang='grc' dir='ltr'>θάνατος,</span> <span class='ocrx_word' id='word_1_586' title='bbox 801 4308 1070 4382; x_wconf 84' lang='grc' dir='ltr'>Ἀστραπή</span> <span class='ocrx_word' id='word_1_587' title='bbox 1115 4304 1174 4361; x_wconf 73' lang='grc' dir='ltr'><strong>δὲ</strong></span> <span class='ocrx_word' id='word_1_588' title='bbox 1229 4307 1402 4375; x_wconf 81' lang='grc' dir='ltr'>πάλιν,</span> <span class='ocrx_word' id='word_1_589' title='bbox 1445 4309 1473 4366; x_wconf 82' lang='grc' dir='ltr'><strong>η</strong></span> <span class='ocrx_word' id='word_1_590' title='bbox 1523 4303 1616 4360; x_wconf 81' lang='grc' dir='ltr'>δια</span> <span class='ocrx_word' id='word_1_591' title='bbox 1659 4313 1751 4365; x_wconf 71' lang='grc' dir='ltr'>τὴν</span> 
     </span>
    </p>
   </div>
   <div class='ocr_carea' id='block_1_79' title="bbox 1853 3147 3514 3220">
    <p class='ocr_par' dir='ltr' id='par_1_79' title="bbox 1853 3147 3514 3220">
     <span class='ocr_line' id='line_1_79' title="bbox 1853 3147 3514 3220; baseline -0.002 -16"><span class='ocrx_word' id='word_1_592' title='bbox 1853 3149 2036 3206; x_wconf 89' lang='lat' dir='ltr'><strong>sionis</strong></span> <span class='ocrx_word' id='word_1_593' title='bbox 2081 3149 2289 3204; x_wconf 78' lang='lat' dir='ltr'><strong>mortis</strong></span> <span class='ocrx_word' id='word_1_594' title='bbox 2336 3147 2474 3218; x_wconf 74' lang='lat'><strong>(79).</strong></span> <span class='ocrx_word' id='word_1_595' title='bbox 2529 3147 2670 3204; x_wconf 90' lang='lat' dir='ltr'><strong>ltem</strong></span> <span class='ocrx_word' id='word_1_596' title='bbox 2722 3148 2948 3204; x_wconf 82' lang='lat' dir='ltr'><strong>Lucifer</strong></span> <span class='ocrx_word' id='word_1_597' title='bbox 2990 3151 3103 3215; x_wconf 88' lang='lat' dir='ltr'><strong>est,</strong></span> <span class='ocrx_word' id='word_1_598' title='bbox 3145 3147 3245 3220; x_wconf 90' lang='lat' dir='ltr'><strong>qui</strong></span> <span class='ocrx_word' id='word_1_599' title='bbox 3276 3166 3304 3198; x_wconf 86' lang='lat'><strong>«</strong></span> <span class='ocrx_word' id='word_1_600' title='bbox 3336 3161 3514 3202; x_wconf 89' lang='lat' dir='ltr'><strong>mane</strong></span> 
     </span>
    </p>
   </div>
   <div class='ocr_carea' id='block_1_80' title="bbox 1853 3233 3512 3309">
    <p class='ocr_par' dir='ltr' id='par_1_80' title="bbox 1853 3233 3512 3309">
     <span class='ocr_line' id='line_1_80' title="bbox 1853 3233 3512 3309; baseline -0.001 -17"><span class='ocrx_word' id='word_1_601' title='bbox 1853 3239 2036 3292; x_wconf 88' lang='lat' dir='ltr'><strong>oritur</strong></span> <span class='ocrx_word' id='word_1_602' title='bbox 2066 3238 2134 3305; x_wconf 66' lang='grc' dir='ltr'>Μ,</span> <span class='ocrx_word' id='word_1_603' title='bbox 2167 3257 2194 3288; x_wconf 79' lang='grc' dir='ltr'>ι)</span> <span class='ocrx_word' id='word_1_604' title='bbox 2229 3237 2399 3309; x_wconf 86' lang='lat' dir='ltr'><strong>etqui</strong></span> <span class='ocrx_word' id='word_1_605' title='bbox 2429 3259 2456 3286; x_wconf 86' lang='lat'><strong>«</strong></span> <span class='ocrx_word' id='word_1_606' title='bbox 2485 3236 2749 3292; x_wconf 81' lang='lat' dir='ltr'><strong>fidelium</strong></span> <span class='ocrx_word' id='word_1_607' title='bbox 2771 3235 3008 3292; x_wconf 87' lang='lat' dir='ltr'><strong>corda»</strong></span> <span class='ocrx_word' id='word_1_608' title='bbox 3040 3235 3268 3292; x_wconf 90' lang='lat' dir='ltr'><strong>lumine</strong></span> <span class='ocrx_word' id='word_1_609' title='bbox 3291 3233 3512 3290; x_wconf 70' lang='lat' dir='ltr'><strong>divinte</strong></span> 
     </span>
    </p>
   </div>
   <div class='ocr_carea' id='block_1_81' title="bbox 1851 3323 3508 3398">
    <p class='ocr_par' dir='ltr' id='par_1_81' title="bbox 1851 3323 3508 3398">
     <span class='ocr_line' id='line_1_81' title="bbox 1851 3323 3508 3398; baseline -0.002 -16"><span class='ocrx_word' id='word_1_610' title='bbox 1851 3327 2094 3383; x_wconf 90' lang='lat' dir='ltr'><strong>visionis</strong></span> <span class='ocrx_word' id='word_1_611' title='bbox 2123 3325 2438 3398; x_wconf 88' lang='lat' dir='ltr'><strong>perfectius</strong></span> <span class='ocrx_word' id='word_1_612' title='bbox 2468 3326 2771 3383; x_wconf 85' lang='lat' dir='ltr'><strong>collustrat</strong></span> <span class='ocrx_word' id='word_1_613' title='bbox 2797 3327 2844 3362; x_wconf 79' lang='grc'><strong>⁸⁵</strong></span> <span class='ocrx_word' id='word_1_614' title='bbox 2870 3345 2883 3392; x_wconf 88' lang='grc'>;</span> <span class='ocrx_word' id='word_1_615' title='bbox 2920 3341 2988 3382; x_wconf 91' lang='lat' dir='ltr'><strong>ac</strong></span> <span class='ocrx_word' id='word_1_616' title='bbox 3015 3325 3260 3392; x_wconf 86' lang='lat' dir='ltr'><strong>Lucifer,</strong></span> <span class='ocrx_word' id='word_1_617' title='bbox 3293 3324 3396 3396; x_wconf 89' lang='lat' dir='ltr'><strong>qui</strong></span> <span class='ocrx_word' id='word_1_618' title='bbox 3429 3323 3508 3379; x_wconf 88' lang='lat' dir='ltr'><strong>ad</strong></span> 
     </span>
    </p>
   </div>
   <div class='ocr_carea' id='block_1_82' title="bbox 1853 3412 3512 3487">
    <p class='ocr_par' dir='ltr' id='par_1_82' title="bbox 1853 3412 3512 3487">
     <span class='ocr_line' id='line_1_82' title="bbox 1853 3412 3512 3487; baseline -0.004 -13"><span class='ocrx_word' id='word_1_619' title='bbox 1853 3417 2127 3474; x_wconf 85' lang='lat' dir='ltr'><strong>tenebras</strong></span> <span class='ocrx_word' id='word_1_620' title='bbox 2157 3415 2478 3472; x_wconf 85' lang='lat' dir='ltr'><strong>damnatus</strong></span> <span class='ocrx_word' id='word_1_621' title='bbox 2510 3421 2616 3484; x_wconf 89' lang='lat' dir='ltr'><strong>est,</strong></span> <span class='ocrx_word' id='word_1_622' title='bbox 2642 3421 2696 3472; x_wconf 92' lang='lat' dir='ltr'><strong>et</strong></span> <span class='ocrx_word' id='word_1_623' title='bbox 2723 3415 2793 3470; x_wconf 92' lang='lat' dir='ltr'><strong>ob</strong></span> <span class='ocrx_word' id='word_1_624' title='bbox 2821 3415 3216 3471; x_wconf 88' lang='lat' dir='ltr'><strong>voluntariam</strong></span> <span class='ocrx_word' id='word_1_625' title='bbox 3247 3412 3512 3487; x_wconf 87' lang='lat' dir='ltr'><strong>perduel-</strong></span> 
     </span>
    </p>
   </div>
   <div class='ocr_carea' id='block_1_83' title="bbox 1851 3503 3507 3578">
    <p class='ocr_par' dir='ltr' id='par_1_83' title="bbox 1851 3503 3507 3578">
     <span class='ocr_line' id='line_1_83' title="bbox 1851 3503 3507 3578; baseline -0.001 -18"><span class='ocrx_word' id='word_1_626' title='bbox 1851 3507 2072 3562; x_wconf 86' lang='lat' dir='ltr'><strong>lionem</strong></span> <span class='ocrx_word' id='word_1_627' title='bbox 2103 3505 2454 3576; x_wconf 88' lang='lat' dir='ltr'><strong>intelligibili</strong></span> <span class='ocrx_word' id='word_1_628' title='bbox 2477 3506 2762 3578; x_wconf 79' lang='lat' dir='ltr'><strong>beateque</strong></span> <span class='ocrx_word' id='word_1_629' title='bbox 2789 3505 3053 3561; x_wconf 87' lang='lat' dir='ltr'><strong>claritate</strong></span> <span class='ocrx_word' id='word_1_630' title='bbox 3079 3503 3416 3560; x_wconf 87' lang='lat' dir='ltr'><strong>destituitur</strong></span> <span class='ocrx_word' id='word_1_631' title='bbox 3437 3504 3507 3568; x_wconf 76' lang='grc'><strong>⁸⁸,</strong></span> 
     </span>
    </p>
   </div>
   <div class='ocr_carea' id='block_1_84' title="bbox 1855 3590 3505 3666">
    <p class='ocr_par' dir='ltr' id='par_1_84' title="bbox 1855 3590 3505 3666">
     <span class='ocr_line' id='line_1_84' title="bbox 1855 3590 3505 3666; baseline -0.003 -16"><span class='ocrx_word' id='word_1_632' title='bbox 1855 3597 2109 3666; x_wconf 89' lang='lat' dir='ltr'><strong>Serpens</strong></span> <span class='ocrx_word' id='word_1_633' title='bbox 2129 3593 2343 3666; x_wconf 86' lang='lat' dir='ltr'><strong>pariter</strong></span> <span class='ocrx_word' id='word_1_634' title='bbox 2369 3593 2533 3660; x_wconf 85' lang='lat' dir='ltr'><strong>alter,</strong></span> <span class='ocrx_word' id='word_1_635' title='bbox 2565 3594 2668 3666; x_wconf 87' lang='lat' dir='ltr'><strong>qui</strong></span> <span class='ocrx_word' id='word_1_636' title='bbox 2699 3595 2880 3648; x_wconf 87' lang='lat' dir='ltr'><strong>Evam</strong></span> <span class='ocrx_word' id='word_1_637' title='bbox 2903 3592 3136 3664; x_wconf 87' lang='lat' dir='ltr'><strong>decepit</strong></span> <span class='ocrx_word' id='word_1_638' title='bbox 3162 3593 3230 3656; x_wconf 79' lang='grc'><strong>⁸⁷,</strong></span> <span class='ocrx_word' id='word_1_639' title='bbox 3265 3595 3319 3647; x_wconf 91' lang='lat' dir='ltr'><strong>et</strong></span> <span class='ocrx_word' id='word_1_640' title='bbox 3342 3590 3505 3656; x_wconf 88' lang='lat' dir='ltr'><strong>alter,</strong></span> 
     </span>
    </p>
   </div>
   <div class='ocr_carea' id='block_1_85' title="bbox 1853 3681 3510 3754">
    <p class='ocr_par' dir='ltr' id='par_1_85' title="bbox 1853 3681 3510 3754">
     <span class='ocr_line' id='line_1_85' title="bbox 1853 3681 3510 3754; baseline -0.003 -16"><span class='ocrx_word' id='word_1_641' title='bbox 1853 3684 2024 3754; x_wconf 88' lang='lat' dir='ltr'><strong>cujus</strong></span> <span class='ocrx_word' id='word_1_642' title='bbox 2065 3699 2176 3737; x_wconf 91' lang='lat' dir='ltr'><strong>nos</strong></span> <span class='ocrx_word' id='word_1_643' title='bbox 2206 3683 2327 3737; x_wconf 83' lang='lat' dir='ltr'><strong>ficri</strong></span> <span class='ocrx_word' id='word_1_644' title='bbox 2377 3683 2698 3738; x_wconf 89' lang='lat' dir='ltr'><strong>imitatores</strong></span> <span class='ocrx_word' id='word_1_645' title='bbox 2741 3681 3048 3737; x_wconf 89' lang='lat' dir='ltr'><strong>Dominica</strong></span> <span class='ocrx_word' id='word_1_646' title='bbox 3085 3681 3349 3736; x_wconf 86' lang='lat' dir='ltr'><strong>hortatur</strong></span> <span class='ocrx_word' id='word_1_647' title='bbox 3379 3695 3510 3734; x_wconf 86' lang='lat' dir='ltr'><strong>sen-</strong></span> 
     </span>
    </p>
   </div>
   <div class='ocr_carea' id='block_1_86' title="bbox 1854 3769 3512 3843">
    <p class='ocr_par' dir='ltr' id='par_1_86' title="bbox 1854 3769 3512 3843">
     <span class='ocr_line' id='line_1_86' title="bbox 1854 3769 3512 3843; baseline -0.004 -14"><span class='ocrx_word' id='word_1_648' title='bbox 1854 3772 2034 3829; x_wconf 87' lang='lat' dir='ltr'><strong>tentia</strong></span> <span class='ocrx_word' id='word_1_649' title='bbox 2065 3787 2075 3827; x_wconf 92' lang='lat'><strong>:</strong></span> <span class='ocrx_word' id='word_1_650' title='bbox 2111 3791 2134 3822; x_wconf 85' lang='grc'><strong>‹‹</strong></span> <span class='ocrx_word' id='word_1_651' title='bbox 2181 3773 2398 3834; x_wconf 85' lang='lat' dir='ltr'><strong>Estote,</strong></span> <span class='ocrx_word' id='word_1_652' title='bbox 2429 3769 2638 3842; x_wconf 85' lang='lat' dir='ltr'><strong>inquit,</strong></span> <span class='ocrx_word' id='word_1_653' title='bbox 2691 3769 3040 3843; x_wconf 89' lang='lat' dir='ltr'><strong>prudentes,</strong></span> <span class='ocrx_word' id='word_1_654' title='bbox 3084 3769 3234 3824; x_wconf 88' lang='lat' dir='ltr'><strong>sicut</strong></span> <span class='ocrx_word' id='word_1_655' title='bbox 3273 3783 3512 3840; x_wconf 88' lang='lat' dir='ltr'><strong>serpen-</strong></span> 
     </span>
    </p>
   </div>
   <div class='ocr_carea' id='block_1_87' title="bbox 1853 3856 2094 3917">
    <p class='ocr_par' dir='ltr' id='par_1_87' title="bbox 1853 3856 2094 3917">
     <span class='ocr_line' id='line_1_87' title="bbox 1853 3856 2094 3917; baseline -0.021 0"><span class='ocrx_word' id='word_1_656' title='bbox 1853 3856 1940 3917; x_wconf 64' lang='lat' dir='ltr'><strong>t(BS</strong></span> <span class='ocrx_word' id='word_1_657' title='bbox 1966 3862 2034 3916; x_wconf 79' lang='grc'>⁸³.</span> <span class='ocrx_word' id='word_1_658' title='bbox 2072 3883 2094 3912; x_wconf 70' lang='grc' dir='ltr'><strong>ι</strong></span> 
     </span>
    </p>
   </div>
   <div class='ocr_carea' id='block_1_88' title="bbox 1925 3947 3512 4020">
    <p class='ocr_par' dir='ltr' id='par_1_88' title="bbox 1925 3947 3512 4020">
     <span class='ocr_line' id='line_1_88' title="bbox 1925 3947 3512 4020; baseline -0.001 -17"><span class='ocrx_word' id='word_1_659' title='bbox 1925 3949 2162 4005; x_wconf 81' lang='lat' dir='ltr'><strong>Accedit</strong></span> <span class='ocrx_word' id='word_1_660' title='bbox 2183 3949 2346 4020; x_wconf 86' lang='lat' dir='ltr'><strong>quod</strong></span> <span class='ocrx_word' id='word_1_661' title='bbox 2371 3953 2740 4006; x_wconf 87' lang='lat' dir='ltr'><strong>memoratur</strong></span> <span class='ocrx_word' id='word_1_662' title='bbox 2756 3947 2936 4019; x_wconf 87' lang='lat' dir='ltr'><strong>hujus</strong></span> <span class='ocrx_word' id='word_1_663' title='bbox 2957 3947 3216 4004; x_wconf 89' lang='lat' dir='ltr'><strong>universi</strong></span> <span class='ocrx_word' id='word_1_664' title='bbox 3237 3951 3428 4002; x_wconf 88' lang='lat' dir='ltr'><strong>rector</strong></span> <span class='ocrx_word' id='word_1_665' title='bbox 3455 3953 3512 4009; x_wconf 77' lang='grc' dir='ltr'><strong>⁸ο,</strong></span> 
     </span>
    </p>
   </div>
   <div class='ocr_carea' id='block_1_89' title="bbox 1857 4038 3519 4110">
    <p class='ocr_par' dir='ltr' id='par_1_89' title="bbox 1857 4038 3519 4110">
     <span class='ocr_line' id='line_1_89' title="bbox 1857 4038 3519 4110; baseline -0.003 -16"><span class='ocrx_word' id='word_1_666' title='bbox 1857 4045 1910 4094; x_wconf 91' lang='lat' dir='ltr'><strong>et</strong></span> <span class='ocrx_word' id='word_1_667' title='bbox 1937 4039 2106 4110; x_wconf 89' lang='lat' dir='ltr'><strong>cujus</strong></span> <span class='ocrx_word' id='word_1_668' title='bbox 2136 4038 2458 4110; x_wconf 89' lang='lat' dir='ltr'><strong>digitorum</strong></span> <span class='ocrx_word' id='word_1_669' title='bbox 2493 4039 2687 4093; x_wconf 90' lang='lat' dir='ltr'><strong>omnis</strong></span> <span class='ocrx_word' id='word_1_670' title='bbox 2713 4043 2984 4093; x_wconf 89' lang='lat' dir='ltr'><strong>creatura</strong></span> <span class='ocrx_word' id='word_1_671' title='bbox 3011 4053 3166 4109; x_wconf 92' lang='lat' dir='ltr'><strong>opus</strong></span> <span class='ocrx_word' id='word_1_672' title='bbox 3197 4042 3282 4093; x_wconf 90' lang='lat' dir='ltr'><strong>est</strong></span> <span class='ocrx_word' id='word_1_673' title='bbox 3308 4053 3322 4102; x_wconf 90' lang='lat'><strong>;</strong></span> <span class='ocrx_word' id='word_1_674' title='bbox 3351 4041 3406 4090; x_wconf 87' lang='lat' dir='ltr'><strong>et</strong></span> <span class='ocrx_word' id='word_1_675' title='bbox 3431 4051 3519 4089; x_wconf 90' lang='lat' dir='ltr'><strong>re-</strong></span> 
     </span>
    </p>
   </div>
   <div class='ocr_carea' id='block_1_90' title="bbox 1858 4124 3516 4198">
    <p class='ocr_par' dir='ltr' id='par_1_90' title="bbox 1858 4124 3516 4198">
     <span class='ocr_line' id='line_1_90' title="bbox 1858 4124 3516 4198; baseline -0.004 -15"><span class='ocrx_word' id='word_1_676' title='bbox 1858 4133 1984 4183; x_wconf 87' lang='lat' dir='ltr'><strong>ctor</strong></span> <span class='ocrx_word' id='word_1_677' title='bbox 2046 4125 2332 4182; x_wconf 87' lang='lat' dir='ltr'><strong>malorum</strong></span> <span class='ocrx_word' id='word_1_678' title='bbox 2387 4125 2823 4182; x_wconf 85' lang='lat' dir='ltr'><strong>detestabilium</strong></span> <span class='ocrx_word' id='word_1_679' title='bbox 2858 4140 2976 4198; x_wconf 88' lang='lat' dir='ltr'><strong>que</strong></span> <span class='ocrx_word' id='word_1_680' title='bbox 3023 4124 3154 4180; x_wconf 61' lang='lat' dir='ltr'><strong>vitae</strong></span> <span class='ocrx_word' id='word_1_681' title='bbox 3201 4139 3400 4179; x_wconf 90' lang='lat' dir='ltr'><strong>rerum</strong></span> <span class='ocrx_word' id='word_1_682' title='bbox 3447 4125 3516 4187; x_wconf 72' lang='lat'><strong>9°,</strong></span> 
     </span>
    </p>
   </div>
   <div class='ocr_carea' id='block_1_91' title="bbox 1858 4211 3520 4289">
    <p class='ocr_par' dir='ltr' id='par_1_91' title="bbox 1858 4211 3520 4289">
     <span class='ocr_line' id='line_1_91' title="bbox 1858 4211 3520 4289; baseline -0.002 -21"><span class='ocrx_word' id='word_1_683' title='bbox 1858 4231 2038 4289; x_wconf 84' lang='lat' dir='ltr'><strong>quem</strong></span> <span class='ocrx_word' id='word_1_684' title='bbox 2070 4215 2316 4270; x_wconf 89' lang='lat' dir='ltr'><strong>omnino</strong></span> <span class='ocrx_word' id='word_1_685' title='bbox 2357 4215 2540 4270; x_wconf 86' lang='lat' dir='ltr'><strong>vitare</strong></span> <span class='ocrx_word' id='word_1_686' title='bbox 2587 4214 2893 4279; x_wconf 88' lang='lat' dir='ltr'><strong>debemus,</strong></span> <span class='ocrx_word' id='word_1_687' title='bbox 2923 4219 2978 4268; x_wconf 87' lang='lat' dir='ltr'><strong>et</strong></span> <span class='ocrx_word' id='word_1_688' title='bbox 3013 4229 3135 4285; x_wconf 89' lang='lat' dir='ltr'><strong>quo</strong></span> <span class='ocrx_word' id='word_1_689' title='bbox 3177 4227 3340 4267; x_wconf 90' lang='lat' dir='ltr'><strong>mors</strong></span> <span class='ocrx_word' id='word_1_690' title='bbox 3389 4211 3520 4283; x_wconf 90' lang='lat' dir='ltr'><strong>ipsa</strong></span> 
     </span>
    </p>
   </div>
   <div class='ocr_carea' id='block_1_92' title="bbox 1861 4299 3522 4371">
    <p class='ocr_par' dir='ltr' id='par_1_92' title="bbox 1861 4299 3522 4371">
     <span class='ocr_line' id='line_1_92' title="bbox 1861 4299 3522 4371; baseline -0.004 -11"><span class='ocrx_word' id='word_1_691' title='bbox 1861 4305 2172 4360; x_wconf 86' lang='lat' dir='ltr'><strong>terribilior</strong></span> <span class='ocrx_word' id='word_1_692' title='bbox 2202 4319 2322 4359; x_wconf 91' lang='lat' dir='ltr'><strong>non</strong></span> <span class='ocrx_word' id='word_1_693' title='bbox 2355 4309 2462 4360; x_wconf 88' lang='lat' dir='ltr'><strong>est.</strong></span> <span class='ocrx_word' id='word_1_694' title='bbox 2496 4307 2717 4359; x_wconf 84' lang='lat' dir='ltr'><strong>Rursus</strong></span> <span class='ocrx_word' id='word_1_695' title='bbox 2748 4309 2948 4358; x_wconf 86' lang='lat' dir='ltr'><strong>autem</strong></span> <span class='ocrx_word' id='word_1_696' title='bbox 2991 4301 3188 4371; x_wconf 84' lang='lat' dir='ltr'><strong>fulgur</strong></span> <span class='ocrx_word' id='word_1_697' title='bbox 3245 4299 3431 4366; x_wconf 86' lang='lat' dir='ltr'><strong>audit,</strong></span> <span class='ocrx_word' id='word_1_698' title='bbox 3465 4303 3522 4354; x_wconf 91' lang='lat' dir='ltr'><strong>ct</strong></span> 
     </span>
    </p>
   </div>
   <div class='ocr_carea' id='block_1_93' title="bbox 163 4389 1747 4485">
    <p class='ocr_par' dir='ltr' id='par_1_93' title="bbox 163 4393 1747 4472">
     <span class='ocr_line' id='line_1_93' title="bbox 163 4393 1747 4472; baseline 0.001 -25"><span class='ocrx_word' id='word_1_699' title='bbox 163 4399 366 4470; x_wconf 79' lang='grc' dir='ltr'>ἔπαρσιν</span> <span class='ocrx_word' id='word_1_700' title='bbox 415 4400 472 4462; x_wconf 78' lang='grc' dir='ltr'><strong>ἐξ</strong></span> <span class='ocrx_word' id='word_1_701' title='bbox 517 4399 740 4472; x_wconf 76' lang='grc' dir='ltr'>ούρᾶινοῡ</span> <span class='ocrx_word' id='word_1_702' title='bbox 778 4405 1171 4462; x_wconf 81' lang='grc' dir='ltr'>καταπεσοῦσα,</span> <span class='ocrx_word' id='word_1_703' title='bbox 1224 4403 1314 4450; x_wconf 84' lang='grc' dir='ltr'>καὶ</span> <span class='ocrx_word' id='word_1_704' title='bbox 1366 4393 1440 4450; x_wconf 79' lang='grc' dir='ltr'><strong>δι’</strong></span> <span class='ocrx_word' id='word_1_705' title='bbox 1467 4399 1528 4470; x_wconf 73' lang='grc' dir='ltr'><strong>ᾗς</strong></span> <span class='ocrx_word' id='word_1_706' title='bbox 1567 4399 1595 4456; x_wconf 74' lang='grc' dir='ltr'><strong>ἡ</strong></span> <span class='ocrx_word' id='word_1_707' title='bbox 1637 4393 1747 4450; x_wconf 75' lang='grc' dir='ltr'>δευ-</span> 
     </span>
    </p>
   </div>
   <div class='ocr_carea' id='block_1_94' title="bbox 1926 4389 3516 4485">
    <p class='ocr_par' dir='ltr' id='par_1_94' title="bbox 1926 4389 3516 4466">
     <span class='ocr_line' id='line_1_94' title="bbox 1926 4389 3516 4466; baseline -0.003 -17"><span class='ocrx_word' id='word_1_708' title='bbox 1926 4394 2024 4450; x_wconf 81' lang='lat' dir='ltr'><strong>iod</strong></span> <span class='ocrx_word' id='word_1_709' title='bbox 2057 4399 2298 4466; x_wconf 85' lang='lat' dir='ltr'><strong>propter</strong></span> <span class='ocrx_word' id='word_1_710' title='bbox 2328 4394 2481 4450; x_wconf 89' lang='lat' dir='ltr'><strong>aeris</strong></span> <span class='ocrx_word' id='word_1_711' title='bbox 2514 4393 2916 4448; x_wconf 88' lang='lat' dir='ltr'><strong>elasticitatem</strong></span> <span class='ocrx_word' id='word_1_712' title='bbox 2949 4391 3165 4446; x_wconf 90' lang='lat' dir='ltr'><strong>decidit</strong></span> <span class='ocrx_word' id='word_1_713' title='bbox 3192 4405 3221 4445; x_wconf 93' lang='lat' dir='ltr'><strong>e</strong></span> <span class='ocrx_word' id='word_1_714' title='bbox 3252 4389 3400 4444; x_wconf 71' lang='lat' dir='ltr'><strong>caelo</strong></span> <span class='ocrx_word' id='word_1_715' title='bbox 3447 4390 3516 4454; x_wconf 79' lang='grc'><strong>⁹¹,</strong></span> 
     </span>
    </p>
   </div>
   <div class='ocr_carea' id='block_1_95' title="bbox 165 4485 1753 4563">
    <p class='ocr_par' dir='ltr' id='par_1_95' title="bbox 165 4485 1753 4563">
     <span class='ocr_line' id='line_1_95' title="bbox 165 4485 1753 4563; baseline 0.002 -28"><span class='ocrx_word' id='word_1_716' title='bbox 165 4489 298 4558; x_wconf 77' lang='grc' dir='ltr'>τέρού</span> <span class='ocrx_word' id='word_1_717' title='bbox 327 4496 420 4539; x_wconf 76' lang='grc' dir='ltr'>τοῦ</span> <span class='ocrx_word' id='word_1_718' title='bbox 471 4495 706 4563; x_wconf 76' lang='grc' dir='ltr'>Χριστοῦ</span> <span class='ocrx_word' id='word_1_719' title='bbox 749 4491 962 4561; x_wconf 80' lang='grc' dir='ltr'>φρικτὴ,</span> <span class='ocrx_word' id='word_1_720' title='bbox 1005 4493 1094 4538; x_wconf 82' lang='grc' dir='ltr'>καὶ</span> <span class='ocrx_word' id='word_1_721' title='bbox 1151 4485 1436 4558; x_wconf 80' lang='grc' dir='ltr'>σεϐάσμιος</span> <span class='ocrx_word' id='word_1_722' title='bbox 1485 4489 1753 4559; x_wconf 82' lang='grc' dir='ltr'>παρουσία</span> 
     </span>
    </p>
   </div>
   <div class='ocr_carea' id='block_1_96' title="bbox 167 4570 1752 4649">
    <p class='ocr_par' dir='ltr' id='par_1_96' title="bbox 167 4570 1752 4649">
     <span class='ocr_line' id='line_1_96' title="bbox 167 4570 1752 4649; baseline 0.003 -27"><span class='ocrx_word' id='word_1_723' title='bbox 167 4570 512 4636; x_wconf 61' lang='grc' dir='ltr'>ἀπεικάζεται.</span> <span class='ocrx_word' id='word_1_724' title='bbox 579 4583 677 4629; x_wconf 83' lang='grc' dir='ltr'><strong>Καὶ</strong></span> <span class='ocrx_word' id='word_1_725' title='bbox 743 4578 836 4649; x_wconf 83' lang='grc' dir='ltr'>ὅρα</span> <span class='ocrx_word' id='word_1_726' title='bbox 885 4572 944 4628; x_wconf 75' lang='grc' dir='ltr'><strong>δὲ</strong></span> <span class='ocrx_word' id='word_1_727' title='bbox 1015 4579 1104 4626; x_wconf 82' lang='grc' dir='ltr'>καὶ</span> <span class='ocrx_word' id='word_1_728' title='bbox 1169 4581 1352 4637; x_wconf 83' lang='grc' dir='ltr'>σκότος</span> <span class='ocrx_word' id='word_1_729' title='bbox 1409 4577 1559 4645; x_wconf 87' lang='grc' dir='ltr'>ἱερὸν,</span> <span class='ocrx_word' id='word_1_730' title='bbox 1609 4575 1633 4626; x_wconf 87' lang='grc' dir='ltr'><strong>ὃ</strong></span> <span class='ocrx_word' id='word_1_731' title='bbox 1695 4579 1752 4627; x_wconf 86' lang='grc' dir='ltr'><strong>τό</strong></span> 
     </span>
    </p>
   </div>
   <div class='ocr_carea' id='block_1_97' title="bbox 169 4661 1756 4738">
    <p class='ocr_par' dir='ltr' id='par_1_97' title="bbox 169 4661 1756 4738">
     <span class='ocr_line' id='line_1_97' title="bbox 169 4661 1756 4738; baseline 0.017 -30"><span class='ocrx_word' id='word_1_732' title='bbox 169 4661 288 4713; x_wconf 66' lang='grc' dir='ltr'>θεῖον</span> <span class='ocrx_word' id='word_1_733' title='bbox 345 4671 706 4738; x_wconf 75' lang='grc' dir='ltr'>παρασκηνιον</span> <span class='ocrx_word' id='word_1_734' title='bbox 771 4673 866 4727; x_wconf 86' lang='grc' dir='ltr'>τῆς</span> <span class='ocrx_word' id='word_1_735' title='bbox 937 4663 1245 4737; x_wconf 64' lang='grc' dir='ltr'>ἀποκρυφῆς</span> <span class='ocrx_word' id='word_1_736' title='bbox 1309 4665 1468 4716; x_wconf 52' lang='grc' dir='ltr'>αὐτοῦ</span> <span class='ocrx_word' id='word_1_737' title='bbox 1537 4669 1756 4738; x_wconf 79' lang='grc' dir='ltr'>παρατί-</span> 
     </span>
    </p>
   </div>
   <div class='ocr_carea' id='block_1_98' title="bbox 1318 4787 1776 4852">
    <p class='ocr_par' dir='ltr' id='par_1_98' title="bbox 1318 4787 1776 4852">
     <span class='ocr_line' id='line_1_98' title="bbox 1318 4787 1776 4852; baseline 0.002 -10"><span class='ocrx_word' id='word_1_738' title='bbox 1318 4790 1364 4823; x_wconf 77' lang='grc'><strong>⁸⁰</strong></span> <span class='ocrx_word' id='word_1_739' title='bbox 1400 4789 1420 4842; x_wconf 89' lang='grc' dir='ltr'>ῐ</span> <span class='ocrx_word' id='word_1_740' title='bbox 1469 4791 1612 4843; x_wconf 84' lang='lat' dir='ltr'><strong>Petr.</strong></span> <span class='ocrx_word' id='word_1_741' title='bbox 1639 4805 1694 4852; x_wconf 91' lang='lat' dir='ltr'><strong>v,</strong></span> <span class='ocrx_word' id='word_1_742' title='bbox 1726 4787 1776 4843; x_wconf 91' lang='lat'><strong>8.</strong></span> 
     </span>
    </p>
   </div>
   <div class='ocr_carea' id='block_1_99' title="bbox 1632 4859 2042 4892">
    <p class='ocr_par' dir='ltr' id='par_1_99' title="bbox 1632 4859 2042 4892">
     <span class='ocr_line' id='line_1_99' title="bbox 1632 4859 2042 4892; baseline 0 0"><span class='ocrx_word' id='word_1_743' title='bbox 1632 4859 1679 4892; x_wconf 68' lang='grc'>86</span> <span class='ocrx_word' id='word_1_744' title='bbox 1707 4859 1786 4892; x_wconf 55' lang='lat' dir='ltr'><strong>Yon</strong></span> <span class='ocrx_word' id='word_1_745' title='bbox 1841 4871 1944 4892; x_wconf 65' lang='grc' dir='ltr'><strong>Ὶοιῖτ</strong></span> <span class='ocrx_word' id='word_1_746' title='bbox 1994 4859 2042 4892; x_wconf 64' lang='grc' dir='ltr'><strong>ΑΗ</strong></span> 
     </span>
    </p>
   </div>
   <div class='ocr_carea' id='block_1_100' title="bbox 459 4859 3518 5003">
    <p class='ocr_par' dir='ltr' id='par_1_100' title="bbox 459 4859 3518 5003">
     <span class='ocr_line' id='line_1_100' title="bbox 465 4859 3518 4930; baseline -0.001 -16"><span class='ocrx_word' id='word_1_747' title='bbox 465 4905 480 4924; x_wconf 84' lang='grc'><strong>,</strong></span> <span class='ocrx_word' id='word_1_748' title='bbox 517 4866 616 4927; x_wconf 83' lang='lat' dir='ltr'><strong>t7;</strong></span> <span class='ocrx_word' id='word_1_749' title='bbox 649 4877 885 4930; x_wconf 72' lang='lat' dir='ltr'><strong>xxxnn,</strong></span> <span class='ocrx_word' id='word_1_750' title='bbox 921 4859 1009 4915; x_wconf 86' lang='lat'><strong>30.</strong></span> <span class='ocrx_word' id='word_1_751' title='bbox 1089 4861 1134 4895; x_wconf 74' lang='grc'><strong>⁸⁵</strong></span> <span class='ocrx_word' id='word_1_752' title='bbox 1165 4861 1208 4914; x_wconf 90' lang='lat' dir='ltr'><strong>ll</strong></span> <span class='ocrx_word' id='word_1_753' title='bbox 1233 4863 1377 4915; x_wconf 88' lang='lat' dir='ltr'><strong>Petr.</strong></span> <span class='ocrx_word' id='word_1_754' title='bbox 1403 4877 1440 4926; x_wconf 84' lang='grc' dir='ltr'><strong>ι,</strong></span> <span class='ocrx_word' id='word_1_755' title='bbox 1467 4861 1552 4914; x_wconf 86' lang='grc'><strong>19.</strong></span> <span class='ocrx_word' id='word_1_756' title='bbox 1632 4859 1679 4892; x_wconf 74' lang='grc'><strong>³⁸</strong></span> <span class='ocrx_word' id='word_1_757' title='bbox 1706 4859 1812 4911; x_wconf 81' lang='lat' dir='ltr'><strong>Isa.</strong></span> <span class='ocrx_word' id='word_1_758' title='bbox 1841 4871 1965 4922; x_wconf 79' lang='lat' dir='ltr'><strong>xw,</strong></span> <span class='ocrx_word' id='word_1_759' title='bbox 1994 4859 2078 4912; x_wconf 83' lang='lat' dir='ltr'><strong>l2.</strong></span> <span class='ocrx_word' id='word_1_760' title='bbox 2159 4859 2200 4890; x_wconf 79' lang='grc'><strong>⁸⁷</strong></span> <span class='ocrx_word' id='word_1_761' title='bbox 2237 4859 2377 4912; x_wconf 88' lang='lat' dir='ltr'><strong>Gen.</strong></span> <span class='ocrx_word' id='word_1_762' title='bbox 2405 4873 2480 4922; x_wconf 88' lang='grc' dir='ltr'>ιιι,</span> <span class='ocrx_word' id='word_1_763' title='bbox 2513 4859 2593 4912; x_wconf 91' lang='grc'><strong>13.</strong></span> <span class='ocrx_word' id='word_1_764' title='bbox 2674 4859 2719 4888; x_wconf 79' lang='grc'><em>⁸</em></span> <span class='ocrx_word' id='word_1_765' title='bbox 2743 4859 2938 4910; x_wconf 83' lang='lat' dir='ltr'><strong>Matth.</strong></span> <span class='ocrx_word' id='word_1_766' title='bbox 2967 4871 3020 4918; x_wconf 73' lang='grc' dir='ltr'>ι,</span> <span class='ocrx_word' id='word_1_767' title='bbox 3059 4859 3140 4909; x_wconf 84' lang='lat' dir='ltr'><strong>l6.</strong></span> <span class='ocrx_word' id='word_1_768' title='bbox 3220 4859 3265 4889; x_wconf 69' lang='lat'><strong>&#39;9</strong></span> <span class='ocrx_word' id='word_1_769' title='bbox 3297 4859 3518 4910; x_wconf 84' lang='lat' dir='ltr'><strong>Esther.</strong></span> 
     </span>
     <span class='ocr_line' id='line_1_101' title="bbox 459 4925 3518 5003; baseline -0.003 -15"><span class='ocrx_word' id='word_1_770' title='bbox 459 4933 506 4967; x_wconf 83' lang='grc'><strong>⁹⁶</strong></span> <span class='ocrx_word' id='word_1_771' title='bbox 537 4933 756 5003; x_wconf 85' lang='lat' dir='ltr'><strong>Ephes.</strong></span> <span class='ocrx_word' id='word_1_772' title='bbox 788 4949 864 4994; x_wconf 73' lang='grc' dir='ltr'>γι,</span> <span class='ocrx_word' id='word_1_773' title='bbox 894 4932 981 4985; x_wconf 78' lang='grc'><strong>12.</strong></span> <span class='ocrx_word' id='word_1_774' title='bbox 1015 4933 1058 4966; x_wconf 76' lang='grc' dir='ltr'><strong>ἰ</strong></span> <span class='ocrx_word' id='word_1_775' title='bbox 1089 4931 1274 4988; x_wconf 85' lang='lat' dir='ltr'><strong>Exod.</strong></span> <span class='ocrx_word' id='word_1_776' title='bbox 1308 4949 1377 4994; x_wconf 78' lang='lat' dir='ltr'><strong>ix,</strong></span> <span class='ocrx_word' id='word_1_777' title='bbox 1413 4935 1478 4987; x_wconf 81' lang='lat'><strong>23</strong></span> <span class='ocrx_word' id='word_1_778' title='bbox 1513 4948 1524 4996; x_wconf 90' lang='lat'>;</span> <span class='ocrx_word' id='word_1_779' title='bbox 1558 4947 1677 4994; x_wconf 66' lang='lat' dir='ltr'><strong>xxv,</strong></span> <span class='ocrx_word' id='word_1_780' title='bbox 1721 4932 1786 4985; x_wconf 83' lang='grc'>16</span> <span class='ocrx_word' id='word_1_781' title='bbox 1823 4947 1836 4997; x_wconf 91' lang='grc'>;</span> <span class='ocrx_word' id='word_1_782' title='bbox 1869 4933 1924 4984; x_wconf 87' lang='lat' dir='ltr'><strong>et</strong></span> <span class='ocrx_word' id='word_1_783' title='bbox 1975 4927 2196 5000; x_wconf 86' lang='lat' dir='ltr'><strong>passim</strong></span> <span class='ocrx_word' id='word_1_784' title='bbox 2249 4929 2366 4984; x_wconf 91' lang='lat' dir='ltr'><strong>hoc</strong></span> <span class='ocrx_word' id='word_1_785' title='bbox 2417 4942 2596 4982; x_wconf 91' lang='lat' dir='ltr'><strong>sensu</strong></span> <span class='ocrx_word' id='word_1_786' title='bbox 2639 4926 2697 4981; x_wconf 90' lang='lat' dir='ltr'><strong>in</strong></span> <span class='ocrx_word' id='word_1_787' title='bbox 2741 4926 2938 4982; x_wconf 91' lang='lat' dir='ltr'><strong>multis</strong></span> <span class='ocrx_word' id='word_1_788' title='bbox 2985 4925 3296 4998; x_wconf 66' lang='lat' dir='ltr'><strong>Scripturaa</strong></span> <span class='ocrx_word' id='word_1_789' title='bbox 3332 4925 3518 4983; x_wconf 87' lang='lat' dir='ltr'><strong>libris.</strong></span> 
     </span>
    </p>
   </div>
   <div class='ocr_carea' id='block_1_101' title="bbox 231 4789 732 4855">
    <p class='ocr_par' dir='ltr' id='par_1_101' title="bbox 231 4789 732 4855">
     <span class='ocr_line' id='line_1_102' title="bbox 231 4789 732 4855; baseline 0 -11"><span class='ocrx_word' id='word_1_790' title='bbox 231 4789 276 4822; x_wconf 71' lang='grc'><strong>⁷³</strong></span> <span class='ocrx_word' id='word_1_791' title='bbox 302 4789 505 4845; x_wconf 70' lang='lat' dir='ltr'><strong>Matth.</strong></span> <span class='ocrx_word' id='word_1_792' title='bbox 539 4806 617 4855; x_wconf 84' lang='lat' dir='ltr'><strong>ui,</strong></span> <span class='ocrx_word' id='word_1_793' title='bbox 651 4795 732 4844; x_wconf 84' lang='lat' dir='ltr'><strong>lt.</strong></span> 
     </span>
    </p>
   </div>
   <div class='ocr_carea' id='block_1_102' title="bbox 173 4859 1009 4930">
    <p class='ocr_par' dir='ltr' id='par_1_102' title="bbox 173 4859 1009 4930">
     <span class='ocr_line' id='line_1_103' title="bbox 173 4859 1009 4930; baseline -0.002 -17"><span class='ocrx_word' id='word_1_794' title='bbox 173 4859 213 4890; x_wconf 80' lang='lat'>“</span> <span class='ocrx_word' id='word_1_795' title='bbox 239 4861 364 4914; x_wconf 84' lang='lat' dir='ltr'><strong>Job.</strong></span> <span class='ocrx_word' id='word_1_796' title='bbox 399 4877 480 4924; x_wconf 76' lang='lat' dir='ltr'><strong>xi,</strong></span> <span class='ocrx_word' id='word_1_797' title='bbox 517 4866 616 4927; x_wconf 84' lang='lat' dir='ltr'><strong>t7;</strong></span> <span class='ocrx_word' id='word_1_798' title='bbox 649 4877 885 4930; x_wconf 72' lang='lat' dir='ltr'><strong>xxxnn,</strong></span> <span class='ocrx_word' id='word_1_799' title='bbox 921 4859 1009 4915; x_wconf 86' lang='lat'><strong>30.</strong></span> 
     </span>
    </p>
   </div>
   <div class='ocr_carea' id='block_1_103' title="bbox 175 4931 760 5065">
    <p class='ocr_par' dir='ltr' id='par_1_103' title="bbox 175 4931 760 5065">
     <span class='ocr_line' id='line_1_104' title="bbox 175 4931 756 5003; baseline 0.007 -23"><span class='ocrx_word' id='word_1_800' title='bbox 175 4943 261 4986; x_wconf 77' lang='lat' dir='ltr'><strong>xv.</strong></span> <span class='ocrx_word' id='word_1_801' title='bbox 291 4931 344 4984; x_wconf 87' lang='lat'><strong>3.</strong></span> <span class='ocrx_word' id='word_1_802' title='bbox 459 4933 506 4967; x_wconf 74' lang='grc'><strong>’⁸</strong></span> <span class='ocrx_word' id='word_1_803' title='bbox 537 4933 756 5003; x_wconf 85' lang='lat' dir='ltr'><strong>Ephes.</strong></span> 
     </span>
     <span class='ocr_line' id='line_1_105' title="bbox 175 5001 760 5065; baseline 0.003 -12"><span class='ocrx_word' id='word_1_804' title='bbox 175 5002 216 5034; x_wconf 68' lang='grc'><strong>⁵³</strong></span> <span class='ocrx_word' id='word_1_805' title='bbox 243 5001 444 5058; x_wconf 81' lang='lat' dir='ltr'><strong>Matth.</strong></span> <span class='ocrx_word' id='word_1_806' title='bbox 485 5019 638 5065; x_wconf 72' lang='lat' dir='ltr'><strong>111v.</strong></span> <span class='ocrx_word' id='word_1_807' title='bbox 670 5007 760 5058; x_wconf 85' lang='lat'><strong>27.</strong></span> 
     </span>
    </p>
   </div>
   <div class='ocr_carea' id='block_1_104' title="bbox 810 4790 1236 4860">
    <p class='ocr_par' dir='ltr' id='par_1_104' title="bbox 810 4790 1236 4860">
     <span class='ocr_line' id='line_1_106' title="bbox 810 4790 1236 4860; baseline 0.002 -17"><span class='ocrx_word' id='word_1_808' title='bbox 810 4790 857 4823; x_wconf 67' lang='grc' dir='ltr'><strong>τε</strong></span> <span class='ocrx_word' id='word_1_809' title='bbox 897 4794 1080 4860; x_wconf 80' lang='lat' dir='ltr'><strong>Apoc.</strong></span> <span class='ocrx_word' id='word_1_810' title='bbox 1107 4805 1158 4847; x_wconf 89' lang='lat' dir='ltr'><strong>v.</strong></span> <span class='ocrx_word' id='word_1_811' title='bbox 1188 4794 1236 4844; x_wconf 85' lang='lat'><strong>5.</strong></span> 
     </span>
    </p>
   </div>
   <div class='ocr_carea' id='block_1_105' title="bbox 1089 4861 1552 4926">
    <p class='ocr_par' dir='ltr' id='par_1_105' title="bbox 1089 4861 1552 4926">
     <span class='ocr_line' id='line_1_107' title="bbox 1089 4861 1552 4926; baseline -0.002 -12"><span class='ocrx_word' id='word_1_812' title='bbox 1089 4861 1134 4895; x_wconf 75' lang='grc'><strong>⁸⁵</strong></span> <span class='ocrx_word' id='word_1_813' title='bbox 1165 4861 1208 4914; x_wconf 91' lang='lat' dir='ltr'><strong>ll</strong></span> <span class='ocrx_word' id='word_1_814' title='bbox 1233 4863 1377 4915; x_wconf 88' lang='lat' dir='ltr'><strong>Petr.</strong></span> <span class='ocrx_word' id='word_1_815' title='bbox 1403 4877 1440 4926; x_wconf 83' lang='grc' dir='ltr'><strong>ι,</strong></span> <span class='ocrx_word' id='word_1_816' title='bbox 1467 4861 1552 4914; x_wconf 85' lang='grc'><strong>19.</strong></span> 
     </span>
    </p>
   </div>
   <div class='ocr_carea' id='block_1_106' title="bbox 1863 4479 3513 4550">
    <p class='ocr_par' dir='ltr' id='par_1_106' title="bbox 1863 4479 3513 4550">
     <span class='ocr_line' id='line_1_108' title="bbox 1863 4479 3513 4550; baseline -0.004 -11"><span class='ocrx_word' id='word_1_817' title='bbox 1863 4491 1918 4539; x_wconf 86' lang='lat' dir='ltr'><strong>et</strong></span> <span class='ocrx_word' id='word_1_818' title='bbox 1947 4483 2027 4550; x_wconf 91' lang='lat' dir='ltr'><strong>id,</strong></span> <span class='ocrx_word' id='word_1_819' title='bbox 2064 4483 2158 4538; x_wconf 92' lang='lat' dir='ltr'><strong>cui</strong></span> <span class='ocrx_word' id='word_1_820' title='bbox 2189 4481 2334 4538; x_wconf 83' lang='lat' dir='ltr'><strong>alter</strong></span> <span class='ocrx_word' id='word_1_821' title='bbox 2377 4481 2589 4538; x_wconf 89' lang='lat' dir='ltr'><strong>Christi</strong></span> <span class='ocrx_word' id='word_1_822' title='bbox 2621 4481 2914 4536; x_wconf 88' lang='lat' dir='ltr'><strong>adventus</strong></span> <span class='ocrx_word' id='word_1_823' title='bbox 2949 4485 3166 4535; x_wconf 90' lang='lat' dir='ltr'><strong>terrore</strong></span> <span class='ocrx_word' id='word_1_824' title='bbox 3217 4494 3285 4534; x_wconf 89' lang='lat' dir='ltr'><strong>ac</strong></span> <span class='ocrx_word' id='word_1_825' title='bbox 3317 4479 3513 4550; x_wconf 88' lang='lat' dir='ltr'><strong>maje-</strong></span> 
     </span>
    </p>
   </div>
   <div class='ocr_carea' id='block_1_107' title="bbox 1865 4567 3516 4644">
    <p class='ocr_par' dir='ltr' id='par_1_107' title="bbox 1865 4567 3516 4644">
     <span class='ocr_line' id='line_1_109' title="bbox 1865 4567 3516 4644; baseline -0.004 -16"><span class='ocrx_word' id='word_1_826' title='bbox 1865 4578 2010 4629; x_wconf 85' lang='lat' dir='ltr'><strong>state</strong></span> <span class='ocrx_word' id='word_1_827' title='bbox 2033 4573 2244 4644; x_wconf 89' lang='lat' dir='ltr'><strong>plenus</strong></span> <span class='ocrx_word' id='word_1_828' title='bbox 2267 4575 2652 4642; x_wconf 90' lang='lat' dir='ltr'><strong>comparatur</strong></span> <span class='ocrx_word' id='word_1_829' title='bbox 2669 4571 2736 4620; x_wconf 69' lang='grc' dir='ltr'><strong>θ’.</strong></span> <span class='ocrx_word' id='word_1_830' title='bbox 2761 4569 2938 4624; x_wconf 86' lang='lat' dir='ltr'><strong>Porro</strong></span> <span class='ocrx_word' id='word_1_831' title='bbox 2965 4567 3217 4625; x_wconf 89' lang='lat' dir='ltr'><strong>observa</strong></span> <span class='ocrx_word' id='word_1_832' title='bbox 3239 4568 3516 4625; x_wconf 88' lang='lat' dir='ltr'><strong>tenebras</strong></span> 
     </span>
    </p>
   </div>
   <div class='ocr_carea' id='block_1_108' title="bbox 1865 4657 3518 4734">
    <p class='ocr_par' dir='ltr' id='par_1_108' title="bbox 1865 4657 3518 4734">
     <span class='ocr_line' id='line_1_110' title="bbox 1865 4657 3518 4734; baseline -0.002 -17"><span class='ocrx_word' id='word_1_833' title='bbox 1865 4677 2108 4734; x_wconf 88' lang='lat' dir='ltr'><strong>quoque</strong></span> <span class='ocrx_word' id='word_1_834' title='bbox 2157 4677 2358 4716; x_wconf 88' lang='lat' dir='ltr'><strong>sacras</strong></span> <span class='ocrx_word' id='word_1_835' title='bbox 2408 4658 2746 4723; x_wconf 86' lang='lat' dir='ltr'><strong>memorari,</strong></span> <span class='ocrx_word' id='word_1_836' title='bbox 2789 4674 2918 4729; x_wconf 67' lang='lat' dir='ltr'><strong>quae</strong></span> <span class='ocrx_word' id='word_1_837' title='bbox 2957 4657 3036 4714; x_wconf 93' lang='lat' dir='ltr'><strong>ad</strong></span> <span class='ocrx_word' id='word_1_838' title='bbox 3079 4657 3264 4712; x_wconf 90' lang='lat' dir='ltr'><strong>Deum</strong></span> <span class='ocrx_word' id='word_1_839' title='bbox 3295 4657 3352 4712; x_wconf 90' lang='lat' dir='ltr'><strong>in</strong></span> <span class='ocrx_word' id='word_1_840' title='bbox 3379 4657 3518 4713; x_wconf 90' lang='lat' dir='ltr'><strong>Sina</strong></span> 
     </span>
    </p>
   </div>
   <div class='ocr_carea' id='block_1_109' title="bbox 1857 4781 3519 4852">
    <p class='ocr_par' dir='ltr' id='par_1_109' title="bbox 1857 4781 3519 4852">
     <span class='ocr_line' id='line_1_111' title="bbox 1857 4781 3519 4852; baseline -0.005 -9"><span class='ocrx_word' id='word_1_841' title='bbox 1857 4787 1898 4821; x_wconf 79' lang='grc'><strong>⁸¹</strong></span> <span class='ocrx_word' id='word_1_842' title='bbox 1940 4785 2232 4852; x_wconf 80' lang='lat' dir='ltr'><strong>Psal.xx1,</strong></span> <span class='ocrx_word' id='word_1_843' title='bbox 2273 4785 2326 4840; x_wconf 89' lang='lat'><strong>7.</strong></span> <span class='ocrx_word' id='word_1_844' title='bbox 2405 4785 2453 4820; x_wconf 82' lang='grc'>¹²</span> <span class='ocrx_word' id='word_1_845' title='bbox 2495 4785 2789 4848; x_wconf 75' lang='lat' dir='ltr'><strong>lsa.1.xv1,</strong></span> <span class='ocrx_word' id='word_1_846' title='bbox 2833 4782 2922 4838; x_wconf 69' lang='grc'>24.</span> <span class='ocrx_word' id='word_1_847' title='bbox 3001 4783 3046 4818; x_wconf 80' lang='grc'><strong>³³</strong></span> <span class='ocrx_word' id='word_1_848' title='bbox 3075 4781 3229 4840; x_wconf 86' lang='lat' dir='ltr'><strong>Psal.</strong></span> <span class='ocrx_word' id='word_1_849' title='bbox 3266 4797 3385 4848; x_wconf 87' lang='lat' dir='ltr'><strong>Clll,</strong></span> <span class='ocrx_word' id='word_1_850' title='bbox 3427 4787 3519 4838; x_wconf 82' lang='lat' dir='ltr'><strong>2t.</strong></span> 
     </span>
    </p>
   </div>
   <div class='ocr_carea' id='block_1_110' title="bbox 2159 4855 3518 4922">
    <p class='ocr_par' dir='ltr' id='par_1_110' title="bbox 2159 4855 3518 4922">
     <span class='ocr_line' id='line_1_112' title="bbox 2159 4855 3518 4922; baseline -0.001 -10"><span class='ocrx_word' id='word_1_851' title='bbox 2159 4858 2200 4890; x_wconf 79' lang='grc'><strong>⁸⁷</strong></span> <span class='ocrx_word' id='word_1_852' title='bbox 2237 4858 2377 4912; x_wconf 89' lang='lat' dir='ltr'><strong>Gen.</strong></span> <span class='ocrx_word' id='word_1_853' title='bbox 2405 4873 2480 4922; x_wconf 88' lang='grc' dir='ltr'>ιιι,</span> <span class='ocrx_word' id='word_1_854' title='bbox 2513 4858 2593 4912; x_wconf 91' lang='grc'><strong>13.</strong></span> <span class='ocrx_word' id='word_1_855' title='bbox 2674 4855 2719 4888; x_wconf 77' lang='grc'><strong>⁸⁸</strong></span> <span class='ocrx_word' id='word_1_856' title='bbox 2743 4855 2938 4910; x_wconf 81' lang='lat' dir='ltr'><strong>Matth.</strong></span> <span class='ocrx_word' id='word_1_857' title='bbox 2967 4871 3020 4918; x_wconf 73' lang='grc' dir='ltr'>ι,</span> <span class='ocrx_word' id='word_1_858' title='bbox 3059 4855 3140 4909; x_wconf 85' lang='lat' dir='ltr'><strong>l6.</strong></span> <span class='ocrx_word' id='word_1_859' title='bbox 3220 4855 3265 4889; x_wconf 69' lang='lat'><strong>&#39;9</strong></span> <span class='ocrx_word' id='word_1_860' title='bbox 3297 4855 3518 4910; x_wconf 87' lang='lat' dir='ltr'><strong>Esther.</strong></span> 
     </span>
    </p>
   </div>
   <div class='ocr_carea' id='block_1_111' title="bbox 1728 5070 1952 5128">
    <p class='ocr_par' dir='ltr' id='par_1_111' title="bbox 1728 5070 1952 5128">
     <span class='ocr_line' id='line_1_113' title="bbox 1728 5070 1952 5128; baseline -0.009 0"><span class='ocrx_word' id='word_1_861' title='bbox 1728 5070 1952 5128; x_wconf 80' lang='lat' dir='ltr'><strong>NOT/E.</strong></span> 
     </span>
    </p>
   </div>
   <div class='ocr_carea' id='block_1_112' title="bbox 238 5195 1762 5274">
    <p class='ocr_par' dir='ltr' id='par_1_112' title="bbox 238 5195 1762 5274">
     <span class='ocr_line' id='line_1_114' title="bbox 238 5195 1762 5274; baseline -0.001 -22"><span class='ocrx_word' id='word_1_862' title='bbox 238 5199 353 5274; x_wconf 79' lang='lat'><strong>(7_8)</strong></span> <span class='ocrx_word' id='word_1_863' title='bbox 388 5198 490 5256; x_wconf 82' lang='lat' dir='ltr'><strong>Hic</strong></span> <span class='ocrx_word' id='word_1_864' title='bbox 534 5213 780 5274; x_wconf 87' lang='lat' dir='ltr'><strong>quoque</strong></span> <span class='ocrx_word' id='word_1_865' title='bbox 818 5197 990 5255; x_wconf 89' lang='lat' dir='ltr'><strong>nobis</strong></span> <span class='ocrx_word' id='word_1_866' title='bbox 1043 5197 1226 5255; x_wconf 89' lang='lat' dir='ltr'><strong>modo</strong></span> <span class='ocrx_word' id='word_1_867' title='bbox 1265 5196 1490 5254; x_wconf 89' lang='lat' dir='ltr'><strong>laudati</strong></span> <span class='ocrx_word' id='word_1_868' title='bbox 1531 5195 1762 5254; x_wconf 90' lang='lat' dir='ltr'><strong>codices</strong></span> 
     </span>
    </p>
   </div>
   <div class='ocr_carea' id='block_1_113' title="bbox 177 5270 534 5338">
    <p class='ocr_par' dir='ltr' id='par_1_113' title="bbox 177 5270 534 5338">
     <span class='ocr_line' id='line_1_115' title="bbox 177 5270 534 5338; baseline 0.011 -16"><span class='ocrx_word' id='word_1_869' title='bbox 177 5270 534 5338; x_wconf 83' lang='lat' dir='ltr'><strong>profuerunt.</strong></span> 
     </span>
    </p>
   </div>
   <div class='ocr_carea' id='block_1_114' title="bbox 239 5339 1756 5411">
    <p class='ocr_par' dir='ltr' id='par_1_114' title="bbox 239 5339 1756 5411">
     <span class='ocr_line' id='line_1_116' title="bbox 239 5339 1756 5411; baseline 0.001 -16"><span class='ocrx_word' id='word_1_870' title='bbox 239 5341 354 5411; x_wconf 76' lang='lat'><strong>(79)</strong></span> <span class='ocrx_word' id='word_1_871' title='bbox 425 5343 682 5399; x_wconf 88' lang='lat' dir='ltr'><strong>lnnuitur</strong></span> <span class='ocrx_word' id='word_1_872' title='bbox 747 5341 996 5398; x_wconf 88' lang='lat' dir='ltr'><strong>fortasse</strong></span> <span class='ocrx_word' id='word_1_873' title='bbox 1071 5339 1219 5397; x_wconf 91' lang='lat' dir='ltr'><strong>illud</strong></span> <span class='ocrx_word' id='word_1_874' title='bbox 1284 5340 1539 5398; x_wconf 70' lang='lat' dir='ltr'><strong>Michaaaa</strong></span> <span class='ocrx_word' id='word_1_875' title='bbox 1597 5355 1652 5406; x_wconf 91' lang='lat' dir='ltr'><strong>v,</strong></span> <span class='ocrx_word' id='word_1_876' title='bbox 1704 5339 1756 5396; x_wconf 91' lang='lat'><strong>8.</strong></span> 
     </span>
    </p>
   </div>
   <div class='ocr_carea' id='block_1_115' title="bbox 181 5411 1758 5486">
    <p class='ocr_par' dir='ltr' id='par_1_115' title="bbox 181 5411 1758 5486">
     <span class='ocr_line' id='line_1_117' title="bbox 181 5411 1758 5486; baseline 0 -24"><span class='ocrx_word' id='word_1_877' title='bbox 181 5415 295 5486; x_wconf 58' lang='grc' dir='ltr'>Καί</span> <span class='ocrx_word' id='word_1_878' title='bbox 321 5416 468 5465; x_wconf 74' lang='grc' dir='ltr'>ἔσται</span> <span class='ocrx_word' id='word_1_879' title='bbox 499 5418 574 5486; x_wconf 63' lang='grc' dir='ltr'><strong>Δτό</strong></span> <span class='ocrx_word' id='word_1_880' title='bbox 623 5411 916 5486; x_wconf 73' lang='grc' dir='ltr'>ὑπόλειμμα</span> <span class='ocrx_word' id='word_1_881' title='bbox 961 5411 1167 5479; x_wconf 79' lang='grc' dir='ltr'>Ἰακὼϐ,</span> <span class='ocrx_word' id='word_1_882' title='bbox 1201 5415 1270 5486; x_wconf 78' lang='grc' dir='ltr'>ὡς</span> <span class='ocrx_word' id='word_1_883' title='bbox 1317 5412 1441 5464; x_wconf 84' lang='grc' dir='ltr'>λέων</span> <span class='ocrx_word' id='word_1_884' title='bbox 1486 5411 1532 5463; x_wconf 79' lang='grc' dir='ltr'>ἐν</span> <span class='ocrx_word' id='word_1_885' title='bbox 1578 5417 1758 5469; x_wconf 76' lang='grc' dir='ltr'>κτήνε-</span> 
     </span>
    </p>
   </div>
   <div class='ocr_carea' id='block_1_116' title="bbox 181 5481 1759 5558">
    <p class='ocr_par' dir='ltr' id='par_1_116' title="bbox 181 5481 1759 5558">
     <span class='ocr_line' id='line_1_118' title="bbox 181 5481 1759 5558; baseline 0.001 -26"><span class='ocrx_word' id='word_1_886' title='bbox 181 5499 256 5558; x_wconf 65' lang='grc' dir='ltr'><strong>σιν</strong></span> <span class='ocrx_word' id='word_1_887' title='bbox 285 5485 334 5534; x_wconf 76' lang='grc' dir='ltr'>ἐν</span> <span class='ocrx_word' id='word_1_888' title='bbox 389 5493 458 5554; x_wconf 78' lang='grc' dir='ltr'>τῷ</span> <span class='ocrx_word' id='word_1_889' title='bbox 488 5481 690 5558; x_wconf 79' lang='grc' dir='ltr'>δρυμῷ,</span> <span class='ocrx_word' id='word_1_890' title='bbox 723 5481 812 5538; x_wconf 80' lang='grc' dir='ltr'>καὶ</span> <span class='ocrx_word' id='word_1_891' title='bbox 841 5481 928 5558; x_wconf 69' lang='grc' dir='ltr'><strong>’ᾡς</strong></span> <span class='ocrx_word' id='word_1_892' title='bbox 972 5486 1194 5556; x_wconf 79' lang='grc' dir='ltr'>σκύμνος</span> <span class='ocrx_word' id='word_1_893' title='bbox 1243 5483 1290 5558; x_wconf 67' lang='grc' dir='ltr'>ἐν</span> <span class='ocrx_word' id='word_1_894' title='bbox 1331 5489 1588 5556; x_wconf 86' lang='grc' dir='ltr'>ποιμνίοις</span> <span class='ocrx_word' id='word_1_895' title='bbox 1635 5501 1759 5556; x_wconf 84' lang='grc' dir='ltr'>προ-</span> 
     </span>
    </p>
   </div>
   <div class='ocr_carea' id='block_1_117' title="bbox 181 5541 1758 5636">
    <p class='ocr_par' dir='ltr' id='par_1_117' title="bbox 181 5541 1758 5636">
     <span class='ocr_line' id='line_1_119' title="bbox 181 5541 1758 5636; baseline 0.001 -32"><span class='ocrx_word' id='word_1_896' title='bbox 181 5549 360 5620; x_wconf 76' lang='grc' dir='ltr'>εάτων,</span> <span class='ocrx_word' id='word_1_897' title='bbox 392 5541 446 5608; x_wconf 61' lang='grc' dir='ltr'><strong>δέ</strong></span> <span class='ocrx_word' id='word_1_898' title='bbox 473 5541 658 5636; x_wconf 70' lang='grc' dir='ltr'><strong>τρόπὲοὲι</strong></span> <span class='ocrx_word' id='word_1_899' title='bbox 680 5541 814 5610; x_wconf 56' lang='grc' dir='ltr'>’ὅταν</span> <span class='ocrx_word' id='word_1_900' title='bbox 865 5541 1084 5634; x_wconf 41' lang='lat' dir='ltr'><strong>dicier};</strong></span> <span class='ocrx_word' id='word_1_901' title='bbox 1124 5541 1214 5608; x_wconf 82' lang='grc' dir='ltr'>καὶ</span> <span class='ocrx_word' id='word_1_902' title='bbox 1249 5551 1282 5607; x_wconf 82' lang='grc' dir='ltr'><em>δ</em></span> <span class='ocrx_word' id='word_1_903' title='bbox 1291 5541 1552 5616; x_wconf 72' lang='grc' dir='ltr'>ιαστὲλλας</span> <span class='ocrx_word' id='word_1_904' title='bbox 1574 5541 1758 5628; x_wconf 44' lang='grc' dir='ltr'>’ἁρπά-</span> 
     </span>
    </p>
   </div>
   <div class='ocr_carea' id='block_1_118' title="bbox 1875 5191 3522 5270">
    <p class='ocr_par' dir='ltr' id='par_1_118' title="bbox 1875 5191 3522 5270">
     <span class='ocr_line' id='line_1_120' title="bbox 1875 5191 3522 5270; baseline -0.004 -21"><span class='ocrx_word' id='word_1_905' title='bbox 1875 5215 1963 5270; x_wconf 79' lang='grc' dir='ltr'><strong>σῃ,</strong></span> <span class='ocrx_word' id='word_1_906' title='bbox 2013 5201 2104 5248; x_wconf 82' lang='grc' dir='ltr'>καὶ</span> <span class='ocrx_word' id='word_1_907' title='bbox 2153 5200 2223 5268; x_wconf 81' lang='grc' dir='ltr'>μὴ</span> <span class='ocrx_word' id='word_1_908' title='bbox 2375 5196 2401 5270; x_wconf 71' lang='grc' dir='ltr'><strong>ό</strong></span> <span class='ocrx_word' id='word_1_909' title='bbox 2454 5193 2842 5270; x_wconf 71' lang='grc' dir='ltr'>ἐξαιρούμενοςο</span> <span class='ocrx_word' id='word_1_910' title='bbox 2895 5193 3236 5270; x_wconf 73' lang='grc' dir='ltr'>ὑψωθήσεται</span> <span class='ocrx_word' id='word_1_911' title='bbox 3297 5195 3326 5252; x_wconf 80' lang='grc' dir='ltr'>ἡ</span> <span class='ocrx_word' id='word_1_912' title='bbox 3401 5195 3522 5265; x_wconf 80' lang='grc' dir='ltr'>χείρ</span> 
     </span>
    </p>
   </div>
   <div class='ocr_carea' id='block_1_119' title="bbox 1875 5265 3521 5339">
    <p class='ocr_par' dir='ltr' id='par_1_119' title="bbox 1875 5265 3521 5339">
     <span class='ocr_line' id='line_1_121' title="bbox 1875 5265 3521 5339; baseline -0.004 -19"><span class='ocrx_word' id='word_1_913' title='bbox 1875 5265 1968 5320; x_wconf 81' lang='grc' dir='ltr'><strong>σου</strong></span> <span class='ocrx_word' id='word_1_914' title='bbox 2001 5267 2082 5319; x_wconf 85' lang='grc' dir='ltr'><strong>ἐπὶ</strong></span> <span class='ocrx_word' id='word_1_915' title='bbox 2128 5265 2245 5327; x_wconf 81' lang='grc' dir='ltr'>τοὺς</span> <span class='ocrx_word' id='word_1_916' title='bbox 2285 5265 2671 5332; x_wconf 60' lang='grc' dir='ltr'>θλίϐοντάςσε,</span> <span class='ocrx_word' id='word_1_917' title='bbox 2713 5271 2815 5339; x_wconf 15' lang='grc' dir='ltr'>καὶ,</span> <span class='ocrx_word' id='word_1_918' title='bbox 2849 5269 3032 5339; x_wconf 77' lang='grc' dir='ltr'>πάντες</span> <span class='ocrx_word' id='word_1_919' title='bbox 3083 5265 3371 5339; x_wconf 13' lang='grc' dir='ltr'>οἱᾷἄχθροί</span> <span class='ocrx_word' id='word_1_920' title='bbox 3428 5283 3521 5339; x_wconf 80' lang='grc' dir='ltr'><strong>σου</strong></span> 
     </span>
    </p>
   </div>
   <div class='ocr_carea' id='block_1_120' title="bbox 1869 5335 3522 5414">
    <p class='ocr_par' dir='ltr' id='par_1_120' title="bbox 1869 5335 3522 5414">
     <span class='ocr_line' id='line_1_122' title="bbox 1869 5335 3522 5414; baseline -0.003 -22"><span class='ocrx_word' id='word_1_921' title='bbox 1869 5339 2340 5414; x_wconf 37' lang='grc' dir='ltr'>ἐξολοθρεύσον-ται.</span> <span class='ocrx_word' id='word_1_922' title='bbox 2375 5339 2452 5392; x_wconf 85' lang='lat' dir='ltr'><strong>Et</strong></span> <span class='ocrx_word' id='word_1_923' title='bbox 2499 5347 2670 5393; x_wconf 80' lang='lat' dir='ltr'><strong>erunt</strong></span> <span class='ocrx_word' id='word_1_924' title='bbox 2703 5337 2967 5414; x_wconf 67' lang='lat' dir='ltr'><strong>reliquiae</strong></span> <span class='ocrx_word' id='word_1_925' title='bbox 2995 5335 3217 5414; x_wconf 48' lang='lat' dir='ltr'><strong>Jacob_,_&#39;</strong></span> <span class='ocrx_word' id='word_1_926' title='bbox 3237 5335 3310 5391; x_wconf 31' lang='lat' dir='ltr'><strong>’u&#39;t</strong></span> <span class='ocrx_word' id='word_1_927' title='bbox 3342 5337 3427 5414; x_wconf 86' lang='lat' dir='ltr'><strong>le_o</strong></span> <span class='ocrx_word' id='word_1_928' title='bbox 3459 5335 3522 5388; x_wconf 78' lang='lat' dir='ltr'><strong>in</strong></span> 
     </span>
    </p>
   </div>
   <div class='ocr_carea' id='block_1_121' title="bbox 1858 5405 3516 5482">
    <p class='ocr_par' dir='ltr' id='par_1_121' title="bbox 1858 5405 3516 5482">
     <span class='ocr_line' id='line_1_123' title="bbox 1858 5405 3516 5482; baseline 0.001 -17"><span class='ocrx_word' id='word_1_929' title='bbox 1858 5405 2140 5482; x_wconf 69' lang='lat' dir='ltr'><strong>jumeritis</strong></span> <span class='ocrx_word' id='word_1_930' title='bbox 2166 5411 2476 5482; x_wconf 56' lang='lat' dir='ltr'><strong>silvarum,</strong></span> <span class='ocrx_word' id='word_1_931' title='bbox 2512 5415 2564 5466; x_wconf 78' lang='lat' dir='ltr'><strong>et</strong></span> <span class='ocrx_word' id='word_1_932' title='bbox 2592 5415 2652 5464; x_wconf 77' lang='lat' dir='ltr'><strong>ut</strong></span> <span class='ocrx_word' id='word_1_933' title='bbox 2686 5405 2915 5482; x_wconf 74' lang='lat' dir='ltr'><strong>catulus</strong></span> <span class='ocrx_word' id='word_1_934' title='bbox 2945 5409 3008 5464; x_wconf 81' lang='lat' dir='ltr'><strong>in</strong></span> <span class='ocrx_word' id='word_1_935' title='bbox 3028 5408 3295 5482; x_wconf 57' lang='lat' dir='ltr'><strong>gregibus</strong></span> <span class='ocrx_word' id='word_1_936' title='bbox 3311 5405 3516 5466; x_wconf 78' lang='lat' dir='ltr'><strong>ovium.</strong></span> 
     </span>
    </p>
   </div>
   <div class='ocr_carea' id='block_1_122' title="bbox 1867 5477 3522 5553">
    <p class='ocr_par' dir='ltr' id='par_1_122' title="bbox 1867 5477 3522 5553">
     <span class='ocr_line' id='line_1_124' title="bbox 1867 5477 3522 5553; baseline -0.004 -17"><span class='ocrx_word' id='word_1_937' title='bbox 1867 5477 2335 5553; x_wconf 60' lang='lat' dir='ltr'><strong>quemadmodum</strong></span> <span class='ocrx_word' id='word_1_938' title='bbox 2359 5495 2484 5536; x_wconf 85' lang='lat' dir='ltr'><strong>cum</strong></span> <span class='ocrx_word' id='word_1_939' title='bbox 2513 5481 2835 5553; x_wconf 76' lang='lat' dir='ltr'><strong>transierit,</strong></span> <span class='ocrx_word' id='word_1_940' title='bbox 2870 5477 3159 5553; x_wconf 67' lang='lat' dir='ltr'><strong>etrapere</strong></span> <span class='ocrx_word' id='word_1_941' title='bbox 3185 5477 3296 5534; x_wconf 79' lang='lat' dir='ltr'><strong>sibi</strong></span> <span class='ocrx_word' id='word_1_942' title='bbox 3311 5489 3522 5547; x_wconf 84' lang='lat' dir='ltr'><strong>propo-</strong></span> 
     </span>
    </p>
   </div>
   <div class='ocr_carea' id='block_1_123' title="bbox 1868 5551 3520 5626">
    <p class='ocr_par' dir='ltr' id='par_1_123' title="bbox 1868 5551 3520 5626">
     <span class='ocr_line' id='line_1_125' title="bbox 1868 5551 3520 5626; baseline -0.007 -16"><span class='ocrx_word' id='word_1_943' title='bbox 1868 5551 2078 5618; x_wconf 68' lang='lat' dir='ltr'><strong>suerit,</strong></span> <span class='ocrx_word' id='word_1_944' title='bbox 2095 5556 2278 5609; x_wconf 82' lang='lat' dir='ltr'><strong>etnon</strong></span> <span class='ocrx_word' id='word_1_945' title='bbox 2298 5553 2393 5616; x_wconf 82' lang='lat' dir='ltr'><strong>sit,</strong></span> <span class='ocrx_word' id='word_1_946' title='bbox 2415 5553 2519 5626; x_wconf 77' lang='lat' dir='ltr'><strong>qui</strong></span> <span class='ocrx_word' id='word_1_947' title='bbox 2537 5551 2750 5622; x_wconf 76' lang='lat' dir='ltr'><strong>eripiat</strong></span> <span class='ocrx_word' id='word_1_948' title='bbox 2774 5551 3169 5608; x_wconf 69' lang='lat' dir='ltr'><strong>:emaltabitur</strong></span> <span class='ocrx_word' id='word_1_949' title='bbox 3185 5563 3394 5606; x_wconf 81' lang='lat' dir='ltr'><strong>manus</strong></span> <span class='ocrx_word' id='word_1_950' title='bbox 3419 5553 3520 5600; x_wconf 79' lang='lat' dir='ltr'><strong>tua</strong></span> 
     </span>
    </p>
   </div>
  </div>
