4126 6190
355 291 467 347 249

357 421 448 468 καὶ
479 413 928 488 συναπαρτίζεται
955 405 1211 460 διάνοιαν.

358 511 452 558 καὶ
481 511 756 580 μερίμνης,
781 503 870 552 καὶ
903 495 1212 571 ἀμφιϐολίας
1245 491 1684 550 ἀπήλλακται-καὶ
1716 485 1764 544 ὃς
1796 481 1966 540 ἀπηλ-

359 597 624 666 λαγαένην
655 599 794 666 φέρει
845 593 938 648 τὴν
991 581 1296 640 συνείδησιν
1334 584 1526 640 ταύτης
1575 586 1665 636 τῆς
1705 574 1966 648 ἐμπαθούς

363 681 670 750 διαθέσεως,
703 676 853 732 οὐδὲν
879 672 1394 748 δεῖταιπρομελετᾲν,
1415 665 1538 722 ούδε
1563 663 1966 738 προαγωνισμά-

361 793 484 838 των,
519 768 644 824 οὐδὲ
681 771 812 841 πρὸς
841 771 958 825 τούς
987 763 1326 822 ἐνεστηκότας
1365 757 1572 822 ἄθλους,
1615 758 1703 806 καὶ
1732 755 1796 804 τὰ
1823 771 1965 823 γυμ-

359 865 524 914 νάσια
547 857 1008 934 καταμερίζεσθαι.

437 1111 594 1164 Ἀλλὰ
639 1111 694 1161 τὸ
745 1105 909 1166 καλῶς
963 1101 1355 1177 προμελετηθὲν,
1397 1101 1484 1147 καὶ
1529 1091 1804 1151 ἐκϐεϐηκὸς
1849 1094 1964 1148 ταῖς

365 1199 622 1259 διανοίαις
663 1197 1056 1270 ἀμετακίνητον,
1119 1199 1190 1260 τῲ
1247 1207 1300 1240 τε
1356 1190 1554 1260 χρόνῳ,
1612 1185 1816 1248 καὶτῷ
1864 1177 1964 1228 ἔθει

363 1293 458 1347 τήν
507 1293 682 1359 κρίσιν
726 1282 1044 1336 ἁδίστακτόν
1098 1279 1232 1331 ἐστιν
1285 1276 1663 1348 ἐπιφερόμενον.
1704 1277 1866 1322 Τοῦτο
1907 1264 1964 1320 δε

363 1377 773 1452 προϐαλὶόμενον
832 1373 1028 1426 οἰκόθεν
1085 1369 1110 1421 ό
1159 1375 1248 1426 τῆς
1323 1363 1583 1424 εὐσεϐείας
1639 1362 1960 1432 ύπέρμαχος,

361 1475 456 1529 τῆς
485 1475 578 1519 τοῦ
621 1467 880 1535 παναγίου
931 1461 1228 1532 Πνεύματος
1279 1455 1632 1526 συνεργούσης
1675 1449 1814 1518 αύτῷ
1863 1449 1964 1520 χοί-

1399 271 1488 330 AD
1533 257 2064 328 AMPHILOCHIUM
2107 259 2430 331 QUASSTIO
2469 253 2692 318 XXXV.

1247 403 1306 455 Ὀ
1333 409 1456 473 γοῦν
1483 400 1706 470 ἕτοιμος,
1735 394 1961 467 μελέτης,

2083 389 2380 462 pendente
2411 385 2730 442 certamine
2763 384 2824 440 in
2855 383 3000 456 ipsis
3030 383 3334 457 prmludiis
3373 386 3618 454 turbari,
3651 388 3732 444 ad

3627 259 3732 320 250

2082 478 2276 550 ipsam
2299 475 2605 545 redigitur,
2633 477 2690 530 et
2713 475 2974 545 quadrat
3003 475 3378 532 sententiam.
3406 477 3514 541 Qui
3531 478 3732 549 itaque

2081 571 2168 622 est
2198 571 2459 638 paratus,
2488 563 2538 617 is
2577 562 2984 628 meditatione,
3019 563 3437 630 sollicitudine,
3488 581 3558 621 ac
3597 580 3733 636 per—

2081 653 2362 726 plexitate
2401 654 2518 723 jam
2572 651 2798 707 solutus
2857 656 2947 708 est
2992 670 3004 708 :
3057 657 3112 708 et
3150 652 3252 724 qui
3307 652 3732 709 conscientiam

2081 743 2228 812 gerit
2257 742 2334 798 ab
2365 742 2476 798 hac
2507 740 2756 796 molesta
2783 741 3126 798 conditione
3158 741 3435 806 solutam,
3469 742 3600 813 ipse
3633 757 3734 798 ne-

2079 847 2196 902 que
2213 831 2436 903 praevia
2465 829 3007 900 animadversione,
3027 846 3220 902 neque
3241 830 3730 902 praelusionibus,

2077 934 2274 991 neque
2307 935 2380 974 ea
2407 917 2850 986 perturbatione
2881 917 3124 988 indiget,
3159 935 3297 991 quas
3343 917 3500 975 circa
3533 919 3730 974 immi-

2077 1011 2286 1064 nentes
2316 1021 2554 1080 pugnas
2580 1011 2636 1062 et
2673 1005 3004 1063 certamina
3033 1013 3329 1064 versatur.

2149 1097 2330 1152 Porro
2355 1095 2521 1168 quod
2557 1095 2858 1167 quispiam
2884 1101 3039 1150 recte
3060 1095 3506 1167 praemeditatus
3533 1101 3644 1164 est,
3676 1101 3732 1152 et

2075 1185 2234 1255 quod
2256 1191 2592 1242 constanter
2615 1185 2868 1256 propriis
2893 1184 3526 1241 animadversionibus
3555 1201 3728 1242 excu~

2075 1275 2179 1341 dit,
2211 1275 2272 1330 id
2311 1273 2562 1346 tempori
2603 1289 2672 1328 ac
2703 1273 2838 1329 vita;
2888 1273 3238 1329 institutioni
3279 1273 3553 1332 stabilem
3575 1274 3732 1345 judi-

2076 1363 2252 1418 candi
2281 1363 2575 1418 rationem
2593 1361 2838 1417 inducit.
2858 1361 3006 1417 Cum
3029 1366 3228 1418 autem
3246 1363 3400 1418 hanc
3416 1363 3733 1434 judicandi

2073 1453 2362 1507 rationem
2394 1455 2806 1523 propugnator
2835 1450 2996 1506 Fidei
3027 1451 3159 1522 ipse
3185 1467 3291 1523 per
3328 1467 3390 1506 se
3425 1451 3728 1522 producat,

360 1577 524 1630 ριτος,
549 1557 750 1626 ἕτοιμός
791 1555 910 1604 ἐστι
938 1554 1028 1602 καὶ
1067 1553 1176 1608 τοῖς
1224 1547 1404 1617 μαθεῖν
1444 1541 1674 1594 ἐθέλουσι
1713 1545 1961 1611 χορηγεῖν

2076 1541 2398 1612 adjuvante
2447 1540 2637 1596 sancti
2669 1540 2918 1611 Spiritus
2945 1541 3136 1610 gratia
3165 1545 3409 1611 paratus
3437 1548 3538 1607 est,
3578 1545 3644 1596 ut
3673 1547 3730 1598 et

359 1649 458 1703 τὴν
489 1643 590 1695 ἀπὸ
623 1653 716 1704 τῆς
764 1639 1118 1698 διδασκαλίας
1147 1636 1386 1708 ὠφέλειαν
1419 1651 1431 1664 ’
1483 1637 1572 1682 καὶ
1629 1636 1741 1690 τοῖς
1775 1647 1962 1700 πειρω-

359 1739 538 1806 μένοις
581 1733 880 1804 μωμεῖσϐαι
921 1733 1012 1780 καὶ
1047 1723 1418 1798 διαχλευάζειν
1445 1729 1536 1773 τοῦ
1577 1716 1838 1790 δόγματος
1869 1721 1964 1774 τὴν

362 1823 636 1895 ἀκρίϐειαν
691 1821 1058 1892 ἁνθυποφέρειν
1118 1817 1250 1888 μετὰ
1302 1811 1537 1886 στεῤῥού,
1601 1813 1686 1860 καὶ
1749 1807 1962 1864 mm-

361 1931 454 1964 του
523 1917 840 1985 φρονήματος
899 1917 995 1968 τῆς
1069 1924 1120 1957 τε
1206 1902 1598 1972 πεπλανημένης
1663 1893 1818 1960 δόξης
1877 1899 1962 1947 τὸν

361 2002 604 2072 ἔλεγχον,
655 2003 876 2059 καὶτῆς
931 1993 1190 2054 εὐσεϐείας
1225 1996 1284 2043 τὸ
1333 1990 1634 2062 ἀμώμητον.
1685 1985 1962 2045 Βεϐαίωσις

360 2093 490 2164 γὰρ,
541 2094 630 2141 καὶ
663 2089 989 2160 σταθηρότης
1027 2102 1238 2155 γνωμης
1285 2083 1402 2139 τούς
1443 2097 1498 2130 τε
1546 2081 1675 2149 πρὸς
1730 2075 1964 2148 μάθησιν

361 2182 596 2254 ὁρῶντας
657 2178 1108 2250 προσεχεστέρους
1173 2177 1328 2235 ποιεῖ,
1403 2173 1492 2220 καὶ
1569 2175 1668 2219 τῶν
1751 2165 1965 2238 ἐπηρεα-

363 2269 556 2330 ζόντων
627 2265 981 2340 ἐπιρραπίζειν
1043 2258 1154 2314 οἶδε
1221 2263 1274 2312 τό
1340 2264 1649 2330 κακοῦργον,
1705 2259 1794 2306 καὶ
1853 2253 1963 2306 ἐπί-

361 2359 592 2432 μόχθον.

437 2449 528 2498 Διό
585 2451 834 2496 τοσοῦτον
883 2436 1072 2493 ἀποδεῖ
1099 2441 1166 2490 τὰ
1205 2437 1448 2510 εἰρημένα
1477 2438 1608 2508 πρός
1647 2432 1842 2490 ἄλληλα
1866 2433 1964 2504 μοί-

361 2536 564 2607 χεσθαι
589 2533 684 2604 (ὡς
721 2537 810 2583 καὶ
849 2535 931 2582 σοὶ
976 2537 1064 2580 νῦν
1111 2527 1276 2590 ἔξεστι
1323 2523 1588 2598 σύνορᾲν),
1637 2525 1786 2586 ὥστε,
1823 2525 1960 2593 εἴπερ

361 2643 414 2675 τι
453 2631 556 2674 τῶν
605 2617 954 2692 συνᾳδόντων,
985 2623 1074 2669 καὶ
1122 2617 1550 2688 συμφωνούντων,
1597 2609 1848 2682 οὐδεμίαν
1875 2611 1962 2662 οῖ).-

359 2713 472 2773 ).οις
527 2709 812 2784 ὑπερϐολὴν
879 2706 1248 2760 ἀπολείπεσθαι
1309 2722 1320 2733 ·
1370 2699 1494 2755 ούδί
1551 2705 1580 2759 η
1647 2703 1958 2774 προκειμένη

360 2811 464 2854 τὼν
509 2801 680 2874 ῥητῶν
735 2801 939 2872 θεωρία,
995 2801 1086 2848 καὶ
1123 2794 1354 2858 ἐξέτασις
1401 2792 1458 2844 ού
1507 2795 1596 2862 μεν
1644 2788 1732 2842 οὖν
1776 2790 1869 2841 οὐκ
1900 2788 1960 2840 ἂν

363 2891 442 2945 εἴη
495 2891 620 2960 πρὸς
672 2887 968 2960 ὁμολογίαν,
1017 2889 1108 2936 καὶ
1167 2885 1466 2954 συμφωνίαν
1521 2877 1766 2952 δευτέραν
1813 2878 1960 2940 τάξιν
1993 2865 2033 2920 C

361 2975 664 3048 ἀπέχουσα.
710 2977 769 3029 Εἰ
801 2974 892 3042 δὴ,
924 2977 986 3034 ὡς
1018 2977 1159 3039 ἔνιοι,
1189 2975 1246 3024 τό
1272 2976 1360 3043 μὲν
1407 2977 1511 3030 τοῖς
1559 2973 1656 3041 πρό
1701 2977 1799 3020 τῶν
1830 2969 1962 3040 ἁγὼ·

359 3087 458 3116 νων
505 3066 864 3137 σχολάζουσιν
918 3067 1141 3137 εἴρηται,
1193 3063 1274 3112 ἶνα
1327 3065 1396 3132 μη
1473 3057 1600 3111 ὦσιν
1675 3057 1954 3130 ἀμελὴτως,

359 3152 504 3227 μηδὲ
545 3161 636 3216 τῆς
679 3154 916 3213 ἀληθείας
941 3152 1108 3222 ὀλίγον
1155 3150 1304 3221 λόγον
1344 3153 1552 3220 ἔχοντες
1591 3163 1604 3174 ·
1651 3151 1708 3198 τὸ
1742 3143 1800 3198 δὲ
1831 3150 1959 3220 πρὸς

359 3248 486 3305 τοὺς
523 3243 572 3295 ἐν
617 3243 793 3304 αὐτοῖς
837 3241 1178 3314 ἐμϐεϐηκότας
1233 3245 1341 3300 τοῖς
1381 3237 1599 3310 ἀγῶσιν,
1649 3239 1729 3288 ἱνα
1769 3241 1840 3307 μη
1895 3244 1954 3308 τῇ

361 3331 536 3406 δειλίᾳ
564 3338 694 3408 πρὸς
742 3332 908 3406 ἀθρόα
955 3335 1150 3404 κρίσιν,
1193 3334 1282 3380 καὶ
1317 3329 1550 3391 ἐξέτασιν
1599 3327 1858 3400 ἀγόμενοι,
1900 3329 1958 3378 τὸ

363 3421 576 3496 στερῥόν
635 3432 726 3483 τῆς
785 3421 992 3481 ἐνούσης
1049 3423 1226 3480 αὐτοῖς
1282 3417 1644 3470 ύποσα).εύωσι
1711 3422 1956 3477 πίστεως·

359 3517 450 3563 καὶ
496 3513 526 3569 ἠ
569 3515 784 3568 τοιαύτη
837 3519 936 3562 τῶ)
971 3511 1218 3584 ῥημάτων
1259 3512 1383 3582 πρὸς
1427 3513 1520 3566 τὴν
1563 3505 1816 3580 διαφορὰν
1863 3515 1960 3557 τῶν

359 3602 708 3673 ὑποκειμένων
757 3597 1002 3673 διανομὴ,
1040 3604 1128 3651 καὶ
1172 3595 1438 3658 διαίτησις
1488 3599 1617 3669 μετά
1659 3605 1749 3648 τοῦ
1793 3591 1960 3668 μηδὲν

977 3699 1066 3749 τῆς

364 3785 667 3852 συνεργείας
719 3783 855 3852 μέγα
905 3781 1210 3854 μαρτύριον,
1261 3783 1350 3829 καὶ
1388 3775 1798 3849 ἀπαράγραπτον
1828 3779 1961 3846 γίνε-

361 3689 742 3760 ἓναντιοῦτθαι,
805 3695 893 3742 καὶ
977 3699 1066 3749 τῆς
1147 3695 1461 3749 Δεσποτικῆς
1551 3693 1807 3761 προνοίας,
1872 3691 1960 3738 καὶ

361 3889 468 3923 ται.

435 4117 748 4192 Ἠρεμοῦσιν
779 4117 827 4168 οἱ
866 4111 1111 4188 διωγμοὶ,
1156 4119 1220 4167 σὺ
1249 4111 1308 4168 δὲ
1339 4123 1436 4167 τῶν
1469 4117 1612 4186 ἱερῶν
1663 4121 1866 4186 Λογίων
1897 4121 1958 4188 τῇ

367 4207 544 4279 μελέτη
583 4207 836 4278 σχόλαζε.
885 4204 1338 4279 Ἀναρριπίζονται
1369 4207 1502 4256 κατὰ
1549 4213 1643 4266 τῆς
1683 4203 1958 4270 εὐσεϐείας,

2075 1630 2163 1694 iis,
2197 1629 2300 1702 qui
2329 1629 2554 1685 discere
2571 1629 2840 1700 cupiunt,
2860 1628 3148 1684 doctrinae
3171 1629 3556 1685 commodum
3583 1630 3729 1685 elar-

2073 1719 2268 1788 giatur
2301 1735 2314 1784 ;
2346 1724 2402 1774 et
2431 1717 2608 1773 simul
2639 1717 2728 1782 iis,
2765 1717 2870 1790 qui
2901 1718 3202 1787 dogmatis
3233 1718 3568 1774 certitudini
3599 1718 3731 1773 irri-

2072 1808 2212 1862 dere
2241 1813 2490 1872 tentant,
2514 1813 2691 1880 atque
2707 1807 2984 1870 cavillari,
3025 1823 3146 1862 una
3175 1823 3315 1862 cum
3343 1805 3541 1872 ﬁrma,
3565 1813 3622 1864 et
3641 1808 3726 1862 in-

2071 1912 2362 1953 concussa
2393 1897 2606 1952 mentis
2654 1895 3010 1962 constantia,
3051 1901 3177 1952 tum
3218 1893 3382 1952 falsae
3422 1896 3723 1968 opinionis

2072 1985 2508 2048 refutationem,
2535 1989 2660 2040 tum
2687 1985 3276 2056 irreprehensibilem
3291 1984 3596 2055 religionis
3617 1999 3729 2040 no-

2073 2079 2204 2128 stras
2257 2073 2560 2128 veritatem
2590 2073 2844 2143 objiciat.
2905 2073 3102 2128 Animi
3136 2073 3298 2128 enim
3359 2072 3725 2138 obﬁrmatio,

2072 2167 2251 2234 atque
2281 2161 2609 2216 constantia
2631 2177 2744 2217 non
2777 2161 2958 2216 modo
2971 2161 3350 2218 addiscentes
3371 2161 3562 2218 reddit
3584 2167 3724 2218 atte-

2071 2253 2266 2316 tiores,
2288 2251 2392 2306 sed
2405 2251 2582 2307 etiam
2612 2249 2688 2304 ad
2707 2249 3082 2305 refellendam
3105 2249 3598 2306 contendentium
3617 2251 3726 2304 im-

2073 2339 2430 2412 probitatem
2457 2347 2514 2394 et
2543 2339 2859 2394 molestam
2887 2337 3333 2394 cavillationem
3366 2338 3538 2394 valet.

2145 2433 2454 2500 Propterea
2511 2434 2741 2484 tantum
2799 2428 2968 2483 abest
3034 2427 3568 2500 (quemadmodum
3623 2427 3724 2483 tibi

2071 2535 2312 2592 quoque
2347 2518 2682 2591 perspicere
2725 2517 2816 2574 fas
2847 2518 2976 2588 est),
3011 2523 3066 2572 et
3115 2518 3428 2590 proposita
3483 2517 3730 2573 oracula

2071 2613 2340 2680 pugnent
2363 2608 2514 2664 inter
2539 2623 2624 2678 se,
2654 2612 2716 2662 ut
2741 2609 2958 2680 potius,
2987 2623 3162 2679 quast
3189 2623 3480 2670 consona,
3511 2613 3566 2662 et
3591 2623 3730 2662 con-

2071 2698 2400 2762 sentientia,
2453 2697 2512 2752 in
2561 2697 2726 2752 nulla
2763 2713 2825 2751 re
2864 2713 2900 2752 a
2938 2713 3000 2750 se
3039 2697 3295 2752 invicem
3345 2695 3662 2751 discedant
3715 2711 3726 2749 :

2071 2802 2266 2860 neque
2309 2787 2702 2843 nihilominus
2739 2785 3000 2842 adducta
3033 2801 3242 2842 eorum
3287 2785 3725 2848 commentatio,

2071 2883 2126 2932 et
2167 2875 2450 2948 expensio
2493 2875 2748 2931 alterum
2795 2875 3151 2940 concordiae,
3199 2879 3256 2930 et
3296 2874 3729 2930 conciliationis

2069 2963 2438 3019 inveniendus
2467 2963 2716 3018 modum
2731 2963 3297 3034 poteritprohibere.
3327 2961 3618 3018 Nimirum
3656 2962 3722 3026 si,

2071 3059 2132 3108 ut
2151 3053 2400 3125 quidam
2433 3057 2660 3124 putant,
2697 3057 3052 3124 prmceptum
3077 3051 3324 3123 quidem
3353 3051 3500 3107 Petri
3527 3051 3598 3106 iis
3619 3054 3722 3123 qui

2071 3147 2208 3196 ante
2233 3141 2698 3197 concertationes
2729 3139 3043 3195 exercendi
3069 3145 3224 3204 sunt,
3259 3139 3462 3196 datum
3493 3145 3618 3206 est;
3653 3155 3726 3195 ne

2070 3229 2300 3286 desidia
2323 3235 2675 3302 torpescent,
2699 3243 2812 3284 neu
2867 3244 3086 3300 parum
3115 3243 3225 3300 pro
3255 3229 3500 3284 veritate
3528 3229 3724 3284 dicere

2071 3319 2304 3375 valeant
2331 3337 2348 3390 ;
2377 3319 2626 3374 verbum
2657 3321 2852 3374 autem
2887 3318 3094 3373 Christi
3129 3319 3200 3372 iis
3230 3318 3336 3390 qui
3357 3317 3418 3373 in
3448 3318 3612 3390 ipsas
3643 3319 3730 3372 in-

2069 3407 2274 3463 cidunt
2301 3407 2790 3472 concertationes,
2827 3421 2900 3462 ne
2931 3405 3307 3479 trepidando,
3343 3406 3492 3462 dum
3519 3407 3578 3461 in
3609 3405 3731 3462 fre-

2069 3511 2284 3570 quens,
2312 3496 2552 3569 aliquod
2599 3496 2896 3566 judicium
2949 3501 3004 3550 et
3043 3495 3499 3568 inquisitionem
3539 3497 3730 3552 addu-

2072 3591 2288 3642 cuntur
2315 3586 2506 3642 insitae
2530 3586 2640 3642 sibi
2659 3585 2792 3641 ﬁdei
2819 3585 3162 3642 ﬁrmitatem
3189 3585 3536 3642 subcutiant
3564 3601 3735 3658 :pro-

2071 3663 2218 3732 fecto
2257 3675 2606 3747 hujusmodi
2645 3677 2826 3732 etiam
2865 3675 3248 3732 oraculorum
3287 3675 3538 3732 diversis
3579 3675 3728 3730 sub—

2071 3767 2234 3836 iectis
2273 3765 2629 3832 distributio,
2677 3770 2732 3822 et
2773 3765 3106 3835 assignatio
3147 3765 3328 3821 simul
3367 3769 3424 3821 et
3460 3765 3520 3821 in
3561 3765 3726 3821 nullo

2071 3860 2382 3928 repugnat,
2414 3859 2468 3910 et
2493 3854 2708 3910 divine
2741 3854 3156 3928 providentius,
3186 3861 3368 3928 atque
3395 3855 3598 3910 auxilii
3625 3870 3722 3910 va-

2073 3945 2283 4014 lidum,
2335 3945 2622 4016 omnique
2667 3945 3014 4016 exceptione
3055 3945 3252 4016 majus
3291 3944 3515 4016 praebet
3555 3944 3721 4000 testi-

2073 4035 2373 4090 monium.

2143 4121 2466 4190 Quiescunt
2525 4121 2988 4193 persecutiones,
3035 4126 3096 4176 tu
3155 4121 3378 4178 interea
3426 4137 3724 4179 sacrarum

2077 4213 2422 4267 Litterarum
2483 4211 2850 4268 meditationi
2889 4211 3184 4266 incumbe.
3245 4212 3584 4267 Excitautur
3613 4212 3722 4266 illae

363 4303 454 4347 καὶ
493 4301 782 4368 μαίνονται,
814 4291 980 4368 μηδὲν
1025 4291 1260 4367 δειλιαση
1275 4315 1314 4358 ς,
1333 4291 1472 4366 μηδὲ
1505 4293 1800 4364 θορυϐηθῇς
1825 4312 1836 4323 ·
1862 4315 1960 4365 μη·

2076 4305 2280 4357 contra
2309 4299 2678 4370 religionem,
2737 4307 2794 4356 et
2837 4299 3062 4366 furunt,
3123 4315 3196 4354 ne
3241 4299 3476 4369 timeas,
3525 4315 3722 4373 neque

365 4383 422 4438 δε
467 4389 594 4458 πρὸς
656 4389 712 4436 τό
750 4384 948 4446 λοιπὸν,
992 4383 1052 4436 ἂν
1091 4386 1226 4436 οὕτω
1281 4387 1440 4456 τύχοι
1479 4392 1574 4445 τῆς
1602 4393 1960 4458 παρασκευῆς,

365 4474 690 4540 ἀποϐλέπων,
739 4477 798 4525 τὸ
850 4475 1169 4545 παράστημα
1206 4481 1296 4533 τῆς
1339 4479 1522 4544 ψυχῆς
1553 4481 1658 4535 τοῖς
1697 4475 1964 4548 τυράννοις

363 4559 630 4635 ἐπιδείξης
688 4559 1081 4634 δειλαινόμενον.
1135 4567 1318 4633 Ἔχεις
1367 4565 1467 4634 γὰρ
1527 4567 1612 4613 τόν
1676 4567 1962 4628 Δεσπότην,

363 4655 490 4726 ὑπὲρ
523 4653 582 4704 οὗ
613 4655 699 4704 τόν
731 4649 906 4722 ἀγῶνα
928 4657 1110 4725 φέρεις,
1137 4651 1194 4704 όύ
1226 4654 1312 4702 τόν
1342 4650 1518 4703 λοιπὸν
1547 4655 1700 4724 μόνον
1732 4651 1962 4710 ἀναπλη-

359 4751 570 4816 ροῦντα,
605 4739 732 4792 ἀλλὰ
761 4745 848 4792 καὶ
899 4739 1066 4810 πολλῷ
1099 4737 1474 4814 δαψιλέστερον
1509 4745 1602 4800 τὴν
1639 4743 1958 4815 συνέργειαν,

361 4835 450 4882 καὶ
482 4827 706 4904 δύναμιν
734 4829 1107 4904 χαριζόμενον.

2073 4387 2454 4461 perturberis,
2511 4405 2702 4460 neque
2755 4388 2830 4445 ad
2877 4403 2967 4452 ea,
3021 4403 3158 4460 quas
3205 4387 3424 4444 desunt
3477 4387 3602 4458 tibi,
3661 4397 3722 4444 ut

2075 4478 2307 4548 possint
2334 4477 2632 4550 apparari,
2669 4482 2929 4532 mentem
2959 4475 3292 4542 intendens,
3327 4477 3516 4532 animi
3537 4477 3723 4534 robur

2078 4565 2408 4638 trepiditate
2461 4565 2807 4622 submotum
2857 4565 3128 4636 tyrannis
3181 4565 3486 4622 ostendas.
3529 4567 3723 4623 Habes

2075 4654 2234 4710 enim
2267 4653 2598 4719 Dominum,
2627 4670 2733 4726 pro
2763 4670 2886 4726 quo
2912 4659 3214 4710 certamen
3243 4654 3431 4722 subis,
3459 4655 3564 4728 qui
3603 4672 3724 4712 non

2075 4741 2288 4814 solum,
2317 4743 2474 4816 quod
2503 4743 2608 4799 tibi
2646 4743 2834 4809 deest,
2869 4741 3122 4814 supplet,
3163 4743 3268 4799 sed
3298 4742 3477 4802 etiam
3533 4760 3726 4817 opem,

2074 4836 2130 4889 et
2159 4833 2310 4889 vires
2339 4831 2528 4890 multo
2561 4832 2866 4905 copiosius
2898 4831 3238 4905 impertitur
3265 4833 3400 4906 (8‘2).

1933 5015 1976 5069 Ν
1983 5013 2158 5070 ΟΤίΕ.

425 5191 542 5264 (82)
571 5197 883 5264 Memento,
928 5189 1094 5264 quod
1133 5189 1692 5264 nostriinterpretes
1723 5191 1806 5264 sic
1840 5190 1946 5264 ad-

357 5261 606 5320 ductum
651 5264 764 5320 divi
793 5261 1175 5320 Petri—locum
1201 5261 1532 5332 intelligant
1563 5277 1574 5316 :
1615 5263 1800 5332 parati
1833 5263 1950 5317 sint

351 5353 584 5398 omnes,
605 5336 784 5392 etiam
802 5335 1072 5406 laici,non
1097 5337 1174 5406 ad
1196 5333 1628 5406 disputandum
1649 5335 1718 5388 de
1737 5337 1948 5406 quovis

349 5407 492 5463 ﬁdei
523 5405 902 5480 mysterio,id
917 5407 1078 5480 enim
1103 5405 1182 5462 ad
1207 5406 1480 5480 doctores
1503 5410 1737 5480 tantum
1763 5405 1818 5460 et
1849 5421 1950 5480 pa-

352 5486 544 5560 stores
575 5475 850 5560 Ecclesiae
867 5476 1248 5560 pertinetmed
1262 5477 1339 5560 ad
1357 5475 1739 5560 respondend
1751 5475 1864 5560 ulm’
1876 5475 1950 5560 de

349 5549 750 5626 peculiaribus
769 5547 1132 5616 veritatibus,
1149 5549 1200 5604 si
1217 5551 1358 5605 satis
1381 5547 1500 5604 sint
1522 5547 1790 5604 instructi
1812 5565 1824 5604 :
1847 5551 1952 5605 aut

2057 5195 2212 5246 certe
2243 5192 2300 5245 in
2355 5191 2636 5264 generali,
2679 5191 2823 5264 quia
2853 5191 2936 5264 sic
2995 5191 3324 5249 revelatum
3358 5209 3394 5250 a
3443 5193 3584 5261 Deo,
3637 5195 3725 5254 sic

2059 5264 2361 5337 traditum,
2406 5263 2496 5318 sic
2531 5263 2715 5337 omni
2743 5263 2956 5319 saeculo
2983 5267 3270 5320 statutum
3309 5265 3389 5322 ab
3431 5267 3716 5337 Ecclesia,

2057 5349 2194 5412 gtltB
2243 5335 2522 5412 columna
2565 5339 2620 5412 _et
2665 5335 3101 5412 ﬁrmamentum
3145 5341 3232 5392 est
3275 5337 3571 5412 veritatis,_
3617 5335 3720 5412 gu-

2061 5407 2306 5460 bet-nata
2350 5423 2385 5460 a
2427 5406 2644 5476 Spiritu
2681 5411 2890 5461 sancto
2925 5411 2983 5462 et
3011 5421 3226 5470 errore,
3279 5423 3350 5464 ac
3395 5406 3718 5466 mendacio

2063 5491 2379 5550 nunquam
2433 5475 2771 5550 deturpata.
2813 5477 2878 5550 _Si
2923 5479 3014 5550 ita
3063 5477 3550 5550 interpretaberis
3609 5481 3721 5539 hoc

2064 5547 2398 5618 oraculum,
2433 5547 2674 5620 pronius
2700 5548 2779 5606 ad
2800 5548 3014 5606 Christi
3047 5547 3235 5608 verba
3257 5549 3611 5610 descendas.
