3950 6180
425 249 491 302 25
500 250 519 302 ί

424 447 689 510 Quonam
712 459 874 499 sensu
899 444 1119 498 dictum
1145 452 1222 498 est
1253 459 1265 496 :
1299 465 1325 492 «
1355 442 1665 497 Faciamus
1689 442 1979 496 hominem
2004 442 2083 496 ad

490 517 806 585 imaginem
841 523 1097 569 nostram
1131 516 1178 548 9⁸
1211 515 1238 570 ?
1267 533 1296 566 ›
1327 513 1403 568 Et
1433 514 1578 584 quid
1600 513 1706 585 hoc
1729 514 1850 585 loco
1871 514 2080 567 innuat

493 583 771 655 «imago?
801 608 824 637 ιι
851 585 1227 652 Qualeautem
1251 592 1332 640 est
1351 583 1905 652 exemplar?0mnis
1933 585 2081 639 enim

487 659 756 728 imaginis
779 659 1080 728 exemplar
1104 657 1281 713 etiam
1307 656 1733 725 conspiciatur,
1759 662 2005 726 Oportet.

1647 241 1883 298 ΡΗΟΤΠ
1926 239 2408 302 PATRIARCH/E
2447 241 2556 301 ΟΡ.

420 373 738 440 OUESTIO
779 371 980 427 XXXVI
1025 371 1232 442 [Scotto
1268 370 1380 432 XL,
1435 369 1609 426 Coisl.
1657 370 1838 425 Taur.
1888 369 2078 442 XXX].
2117 373 2159 424 A

3651 251 3736 308 ‘25‘2

2745 365 3059 416 ΕΡΩΤΗΣΙΣ
3087 352 3232 436 Ag’.

2197 445 2340 496 Κατὰ
2392 447 2441 493 τί
2507 445 2729 516 εἴρηται,
2791 462 2818 493 ι‹
2877 448 3183 514 Ποιήσωμεν
3237 444 3496 516 ἄνθρωπον
3554 447 3649 498 κατ’
3685 449 3747 499 εἰ-

2262 519 2386 564 κόνα
2439 512 2688 585 ἡμετέραν
2750 530 2763 578 ;
2836 536 2854 560 ι
2931 518 3028 565 Καὶ
3092 512 3142 564 τί
3195 512 3467 572 ἐνταῦθαή
3517 515 3684 578 εἰκὼν;
3725 541 3744 569 ι

2264 593 2416 637 Ποῖον
2448 581 2537 658 »δὲ
2595 581 2677 635 ’τό
2751 583 3046 655 ἀρχέτυπον
3117 603 3128 651 ;
3197 584 3426 644 Ἀποίσης
3487 592 3578 658 γὰρ
3638 589 3748 640 εἰκό-

2260 675 2344 718 νος
2437 655 2636 727 όινάγκη
2708 658 3112 730 συνθεωρεῑσθαι
3214 661 3304 709 καὶ
3392 661 3446 709 τὸ
3495 655 3748 731 νπρωτότυ-

2262 747 2356 780 πον
2365 770 2378 784 ο

822 856 976 905 Edita
1004 854 1069 904 ab
1097 855 1218 904 Ant.
1256 854 1451 910 Scotto,
1487 853 1518 900 Ι.
1549 866 1614 906 c..
1644 866 1694 914 p.
1731 852 1952 899 “2-137.
1986 852 2055 900 De
2085 853 2320 915 imagine
2347 857 2399 901 et
2425 851 2736 915 exemplari,
2771 853 2823 900 in
2859 855 3026 909 textu,
3063 853 3189 902 Gen.
3224 867 3256 907 I,
3293 854 3374 901 26.

496 972 805 1030 Hominem
831 973 905 1028 ad
928 971 1256 1041 imaginem
1273 971 1371 1027 Dei
1390 969 1574 1026 fuisse
1587 969 1912 1034 conditum,
1934 984 2076 1023 non-

424 1062 831 1135 nulliquidem
860 1061 937 1116 ad
950 1059 1346 1116 ratiocinandi
1371 1058 1803 1126 facultatem,et
1826 1057 2078 1112 liberum

422 1152 757 1217 arbitrium,
798 1150 895 1207 alii
941 1165 1079 1204 vero
1120 1149 1196 1204 ad
1252 1147 1588 1220 imperium,
1638 1152 1693 1202 et
1730 1145 2076 1204 dominandi

421 1241 827 1299 auctoritatem
869 1239 1210 1295 retulerunt.
1254 1241 1401 1293 Nam
1449 1237 1507 1292 in
1548 1236 1762 1292 horum
1808 1234 2078 1290 utrolibet

421 1338 691 1387 creatura
709 1329 994 1386 Creatoris
1017 1328 1340 1398 imaginem
1359 1325 1592 1389 referre,
1611 1325 1862 1380 ethomo
1877 1326 2078 1393 imago

423 1421 544 1487 Dei,
570 1420 682 1476 etsi
704 1418 915 1490 placet,
935 1417 1012 1473 ad
1035 1417 1360 1486 imaginem
1388 1414 1488 1471 Dei
1515 1414 1708 1470 factus
1723 1413 1836 1468 dici
1861 1419 2073 1485 potest:

423 1514 484 1563 ut
502 1508 766 1564 indidem
788 1506 1485 1575 agnoscicontingattum
1510 1504 1729 1572 imago,
1748 1506 1870 1557 tum
1885 1517 2077 1557 exem-

424 1599 572 1669 plar,
595 1597 951 1669 quodhabet
973 1601 1246 1650 naturam
1271 1593 1596 1663 archetypi,
1632 1608 1736 1646 seu
1761 1590 1956 1662 potius
1980 1605 2079 1644 na-

429 1695 622 1742 turam
653 1700 977 1756 veramque
1013 1683 1298 1752 originem
1331 1699 1365 1737 a
1413 1681 1595 1736 divite
1625 1681 1943 1744 donorum,
1974 1679 2076 1750 qui
2109 1683 2144 1734 Β

428 1775 691 1831 bominie
715 1774 898 1829 nihilo
911 1774 1218 1828 clementer
1231 1772 1444 1828 educto
1463 1786 1624 1825 suam
1649 1769 2077 1825 similitudinem

432 1879 537 1936 per
561 1863 811 1931 gratiam
839 1861 1183 1929 elargiatur.

505 1952 689 2022 Igitur
715 1952 884 2007 Pater
913 1950 1026 2015 ille,
1057 1951 1158 2022 qui
1184 1951 1334 2006 inter
1362 1948 1655 2014 doctores,
1682 1963 1785 2018 per
1805 1963 1958 2020 quos
1982 1962 2076 2002 res

432 2042 730 2113 praecipue
770 2040 1002 2096 divinas
1041 2039 1221 2109 digne
1271 2037 1652 2107 intelligebat,
1696 2052 1766 2092 ac
1805 2035 2071 2100 docebat,

431 2131 781 2200 Gregorium
811 2127 1179 2198 Theologum
1202 2127 1576 2200 peculiariter
1597 2129 1837 2182 secutus
1861 2130 1951 2181 est
1977 2142 1992 2190 ;
2018 2125 2078 2180 in

432 2235 552 2276 una
579 2217 865 2291 propositi
897 2217 1008 2273 loci
1043 2216 1276 2288 syllaba
1323 2215 1718 2272 mutationem
1752 2213 2076 2278 sustinens,

429 2325 557 2365 esse
588 2307 934 2375 imaginem,
962 2311 1158 2362 etesse
1181 2305 1258 2360 ad
1281 2304 1605 2374 imaginem
1631 2304 1705 2360 ad
1728 2303 1887 2358 idem
1909 2302 2078 2358 redu-

431 2399 506 2454 cit
533 2399 665 2467 (83).
693 2396 838 2460 Quid
866 2396 992 2451 ita?
1020 2395 1171 2460 Quia
1195 2393 1635 2460 animadvertit,
1663 2392 1824 2464 quod
1850 2392 2078 2447 nullum

431 2502 667 2541 sacrum
709 2487 930 2553 dogma
959 2484 1072 2538 hac
1105 2483 1588 2554 interpretatione
1621 2481 1978 2546 turbaretur,
2026 2485 2082 2537 et

432 2577 490 2630 in
517 2573 762 2628 auribus
788 2573 1126 2635 hominum.
1151 2587 1410 2642 quorum
1435 2570 1640 2625 salutis
1668 2570 1932 2625 studium
1961 2571 2081 2626 lau-

432 2663 576 2719 dato
600 2663 726 2716 viro
747 2660 911 2716 cordi
941 2667 1084 2725 erat,
1113 2661 1306 2732 ipsam
1331 2659 1784 2730 excipientibus,
1810 2659 2086 2715 utralibet

432 2767 578 2808 voce
605 2749 818 2806 eadem
850 2749 1210 2804 indicaretur
1242 2748 1425 2803 notio.

507 2840 720 2895 Verum
748 2838 795 2894 si
820 2837 1068 2908 quando
1090 2854 1264 2893 aures
1291 2837 1584 2906 delicatae,
1613 2841 1670 2891 et
1693 2853 1830 2908 quae
1859 2837 2084 2893 subtili-
2125 2827 2162 2880 (ἶ

435 2934 615 2986 tatem
651 2933 859 3000 putant
891 2943 1019 2982 esse
1052 2927 1435 2999 sapientiam,
1464 2925 1866 2982 diversitatem
1895 2926 2087 2998 inqui-

432 3025 564 3077 rant
587 3019 735 3074 inter
758 3018 1105 3086 imaginem,
1135 3023 1189 3073 et
1219 3033 1342 3072 rem
1369 3017 1589 3072 factam
1612 3016 1689 3072 ad
1715 3014 2042 3085 imaginem
2070 3037 2084 3082 ;

434 3114 591 3165 certe
621 3124 694 3163 ne
725 3107 785 3162 in
818 3107 931 3162 hoc
961 3106 1205 3179 quidem
1242 3105 1414 3162 venia
1445 3110 1499 3159 et
1529 3103 1901 3173 indulgentia
1930 3105 2088 3160 indi-

433 3214 564 3267 gnte
595 3202 748 3261 sunt,
782 3202 962 3267 atque
987 3195 1061 3250 de
1088 3195 1179 3250 his
1210 3211 1350 3250 mox
1378 3193 1673 3258 dicemus,
1704 3208 1778 3248 ne
1803 3195 2086 3250 orationis

431 3302 644 3342 cursus
685 3300 844 3339 nunc
883 3285 1299 3356 abrumpatur.
1346 3286 1441 3338 Est
1479 3281 1638 3337 enim
1680 3283 2084 3353 quorumdam

430 3369 723 3426 sententia
761 3371 1041 3442 expositae
1081 3371 1368 3425 doctrinm
1411 3369 1729 3432 contraria.
1773 3386 1908 3441 quin
1949 3387 2086 3426 cum

433 3457 660 3526 angelis
681 3459 988 3520 rationem,
1013 3465 1068 3512 et
1091 3457 1453 3513 intellectum
1476 3457 1687 3511 adesse
1710 3458 2087 3513 animadver-

435 3553 538 3611 tat,
573 3545 830 3610 illorum,
863 3546 967 3616 qui
997 3546 1303 3602 hominem
1347 3545 1423 3600 ad
1458 3545 1554 3600 Dei
1584 3544 1911 3615 imaginem
1943 3563 2090 3602 con-

440 3638 624 3691 ditum
650 3635 1046 3701 afﬁrmarunt,
1065 3637 1270 3706 quoad
1293 3635 1604 3700 rationem,
1627 3639 1685 3690 et.
1706 3635 2086 3701 intellectum,

440 3725 746 3781 veritatem
776 3724 1084 3780 debilitare
1115 3729 1447 3790 conantur;
1484 3723 1875 3797 videnturque
1906 3725 2092 3781 dedu-

441 3830 592 3879 cere,
623 3813 786 3886 quod
810 3828 930 3868 non
958 3813 1028 3868 sit
1050 3813 1176 3869 hth
1200 3813 1480 3869 humanae
1504 3819 1731 3868 natura:
1760 3815 2092 3886 proprietas

442 3903 777 3975 peculiaris,
817 3918 1010 3975 neque
1047 3901 1191 3957 illud
1225 3923 1252 3954 «
1294 3901 1371 3958 ad
1403 3902 1723 3972 imaginem
1767 3926 1790 3954 υ
1835 3903 2093 3963 indicata

439 3991 666 4048 ratione
705 3989 985 4063 explicari
1032 3989 1270 4046 sinunt:
1319 3989 1558 4062 perinde
1599 4007 1668 4046 ac
1717 3991 1760 4044 si
1810 3994 2091 4064 quaedam

2258 968 2326 1021 Τό
2357 967 2470 1020 κατ’
2504 967 2674 1020 εἰκόνα
2713 976 2846 1021 Θεοῦ
2890 971 3204 1040 γεγενῆσθαι
3229 973 3316 1021 τὸν
3363 971 3635 1044 οἰνορωπον,
3661 980 3752 1032 τοῖς

2187 1061 2275 1128 μὲν
2331 1062 2389 1110 τὸ
2463 1057 2700 1129 λογικόν,
2740 1062 2827 1110 καὶ
2859 1058 3189 1121 αὐτεξούσιον
3221 1063 3452 1132 παρέστη
3491 1066 3629 1124 νοεῖν,
3655 1068 3748 1122 τοῖς

2188 1142 2246 1198 δὲ
2273 1149 2330 1198 τό
2362 1144 2604 1219 ἀρχικὸν,
2654 1151 2744 1199 καὶ
2798 1145 3077 1218 ἀνηγμένον
3110 1148 3178 1209 εἰς
3209 1152 3509 1221 κυριότητα.
3558 1151 3627 1200 Ἐν
3657 1149 3756 1201 ἑκα-

2187 1239 2313 1310 τέρῳ
2363 1238 2463 1306 γὰρ
2515 1238 2706 1287 τούτων
2758 1235 3023 1298 εἰκονίζειν
3065 1232 3286 1289 δύναται
3318 1240 3402 1289 τόν
3459 1241 3755 1312 Δημιουργὸν

2187 1326 2243 1375 τό
2285 1320 2680 1398 δημιούργημα,
2735 1331 2822 1377 καὶ
2871 1325 3016 1378 εἰκὼν
3059 1327 3084 1377 ό
3124 1327 3389 1399 ἄνθρωπος
3437 1326 3678 1398 λέγεσθαι,
3724 1327 3759 1378 εἰ

2187 1409 2365 1484 βούλει
2412 1409 2469 1465 δὲ
2494 1419 2582 1466 καὶ
2615 1417 2672 1465 τό
2703 1415 2818 1466 κατ’
2855 1415 3026 1467 εἰκόνα
3070 1417 3386 1486 γεγενῆσθαι
3436 1423 3582 1476 Θεοῦ,
3634 1418 3751 1468 ὥστε

2187 1501 2399 1554 αὖτοθεν
2423 1499 2609 1556 εἰδέναι
2643 1504 2867 1577 πάρεστι
2915 1509 3003 1556 καὶ
3036 1507 3127 1562 τὴν
3159 1504 3349 1570 εἰκόνα,
3383 1509 3471 1556 καὶ
3503 1509 3551 1556 τό
3578 1509 3753 1576 πρωτό-

2187 1611 2366 1657 τυπον,
2398 1595 2532 1643 κατὰ
2576 1595 2730 1664 φύσιν
2775 1590 3098 1665 ἀρχετύπου,
3130 1593 3321 1664 μᾶλλον
3371 1590 3431 1646 δὲ
3480 1599 3568 1652 τὴν
3598 1597 3749 1664 φύσιν,

2186 1685 2270 1731 καὶ
2318 1685 2410 1739 τὴν
2455 1681 2661 1752 εὔλογον
2694 1681 2864 1733 αἰτίαν
2912 1681 3245 1743 πλουτοῦντος
3276 1702 3373 1734 των
3414 1685 3756 1756 χαρισμάτων,

2187 1772 2272 1826 τὴν
2294 1774 2428 1821 κατὰ
2448 1773 2610 1844 χάριν
2641 1772 2888 1840 ὁμοίωσιν
2916 1776 3275 1846 παρεχομένου
3307 1779 3378 1842 τῷ
3410 1771 3752 1847 φιλανθρώπως

2186 1861 2532 1930 παραχθέντι.

2254 1947 2266 1959 ’
2298 1955 2340 1999 Ο
2391 1952 2480 2020 μὲν
2523 1946 2630 2014 οὖν,
2692 1948 2746 2012 ἐξ
2803 1947 2868 2000 ὧν
2917 1949 3147 2021 μάλιστα
3193 1955 3308 2025 περὶ
3351 1957 3446 2003 τοῦ
3494 1953 3764 2021 Πνεύματος

2190 2039 2478 2110 θεοπρεπῶς
2540 2037 2734 2110 ὶφρόνει
2802 2058 2855 2092 τε
2918 2045 3008 2092 καὶ
3065 2036 3341 2109 ἐδίδασκε,
3396 2045 3482 2093 τὸν
3539 2038 3764 2107 Θεολόγον

2187 2123 2587 2199 εξιδιωσάμενος
2633 2132 2936 2202 Γρηγόριον,
2988 2134 3081 2188 τὴν
3140 2128 3222 2182 ἰπὶ
3281 2135 3380 2200 μ.ιᾴ
3422 2128 3642 2201 συλλαϐῇ
3679 2136 3762 2189 τῆς

2186 2213 2382 2281 λέξεως,
2448 2216 2781 2290 παραλλαγὴν
2833 2214 3113 2290 ὑπεριδὼν,
3183 2219 3255 2280 εἰς
3313 2223 3503 2271 ταυτὸν
3569 2219 3761 2289 συνάγει

2189 2308 2358 2356 καὶτὸ
2412 2314 2506 2368 τῆς
2562 2305 2749 2366 εἰκόνος
2781 2310 2960 2378 ὄνομα,
2993 2313 3081 2359 καὶ
3131 2310 3188 2360 τὸ
3223 2307 3337 2359 κατ’
3380 2307 3570 2362 εἰκόνα.
3610 2310 3764 2371 Διατί;

2192 2398 2329 2446 Διότι
2387 2397 2503 2446 οὔτε
2565 2390 2825 2467 δόγματος
2884 2397 3021 2470 ἱεροῦ
3106 2415 3239 2457 τινος
3315 2395 3453 2470 ἐώρα
3516 2413 3760 2470 παρατρο-

2191 2489 2312 2549 πην,
2368 2489 2456 2535 καὶ
2511 2484 2716 2546 εἰςτὰς
2775 2483 2932 2546 ἀκοὰς
2997 2493 3094 2537 τῶν
3152 2486 3460 2560 ἀνθρώπων,
3501 2487 3568 2536 ὧν
3614 2487 3640 2543 ἡ
3680 2503 3766 2535 σωο

2193 2580 2370 2645 τηριος
2415 2571 2622 2632 σπουδὴ
2797 2571 2950 2647 ἀνδρὶ
3008 2571 3175 2636 ἡδέως
3239 2573 3370 2646 εἶχε,
3428 2571 3768 2648 παραδεχομ-

2192 2681 2277 2721 νας
2308 2663 2361 2730 (8
2375 2663 2445 2732 ’1),
2481 2666 2537 2714 τό
2582 2663 2708 2714 αὐτὸ
2737 2668 2908 2736 νόημα
2939 2659 3011 2714 δι’
3048 2663 3284 2738 ἑκατέρας
3316 2665 3658 2736 σημαίνεσθαι
3685 2670 3766 2722 τῆς

2195 2758 2379 2822 φωνῆς.

2271 2840 2404 2898 Πλὴν
2432 2837 2713 2916 ἐπειδήπερ
2765 2844 2792 2899 η
2841 2841 3022 2913 λίχνος
3051 2840 3201 2906 ἀκοὴ,
3253 2847 3341 2894 καὶ
3388 2848 3482 2901 τὴν
3514 2841 3770 2914 φιλοπραγ-

2195 2932 2426 2992 μοσύνην
2482 2935 2664 3000 σοφίαν
2712 2936 2936 3002 οιομένη,
2983 2936 3073 2989 τὴν
3126 2927 3382 3004 διαφορὰν
3410 2930 3641 2994 ἐπιζητεῖ
3683 2937 3764 2989 τῆς

2197 3016 2404 3080 εἰκόνος,
2446 3024 2534 3069 και
2561 3026 2650 3070 τοῦ
2682 3020 2794 3070 κατ’
2824 3018 2994 3071 εἰκόνα
3026 3039 3037 3050 ·
3093 3015 3214 3071 οὐδὲ
3241 3022 3379 3072 τοῦτ’
3433 3020 3494 3071 ἂν
3543 3022 3614 3076 εἴη
3653 3023 3768 3091 πόρ-

2195 3107 2269 3180 ρω
2323 3112 2662 3179 συγγνώμης,
2724 3112 2814 3159 καὶ
2851 3111 3175 3180 συμπαθείας
3229 3108 3387 3161 εἰπεῖν
3441 3127 3453 3138 ⁸
3507 3113 3592 3160 καὶ
3643 3107 3770 3179 εἰρή-

2199 3199 2344 3246 σεταί
2378 3214 2436 3265 γε
2484 3200 2614 3267 μετὰ
2643 3203 2826 3260 ταῦτα,
2859 3198 2940 3248 ἵνα
2983 3202 3055 3269 μὴ
3103 3205 3192 3248 νῦν
3221 3194 3480 3256 διακοπὴν
3512 3199 3540 3256 ἡ
3589 3195 3780 3248 ακολου-

2201 3285 2288 3335 θία
2341 3283 2468 3356 λάϐῃ
2519 3292 2609 3336 τοῦ
2662 3284 2839 3354 λόγου.
2905 3291 2998 3338 Καὶ
3054 3289 3152 3360 γὰρ
3214 3284 3325 3337 ἐστί
3371 3305 3450 3346 τις
3511 3285 3646 3337 ἐνίων
3693 3289 3782 3340 τοῖς

2198 3378 2589 3448 προειρημένοις
2627 3373 2963 3446 ἀντιλέγουσα
3005 3383 3206 3448 γνώμη,
3269 3378 3297 3433 η
3351 3379 3409 3427 τό
3465 3378 3554 3448 μὲν
3598 3373 3782 3444 λογικόν

2197 3467 2286 3514 καὶ
2315 3465 2483 3536 νοερόν
2531 3470 2758 3534 μετεῖναι
2797 3459 2904 3526 τοῖς
2941 3463 3180 3535 ἁγγελοις
3235 3464 3492 3537 εὑροῦσα,
3545 3462 3783 3535 ἀμαυροῦν

2201 3550 2446 3624 βιάζεται
2489 3557 2576 3609 τὴν
2620 3551 2860 3610 ἀλήθειαν
2891 3561 2990 3604 τῶν
3043 3552 3283 3604 εἰπόντων
3327 3557 3467 3605 κατὰ
3515 3571 3572 3624 γε
3615 3556 3668 3602 τό
3710 3549 3784 3600 λοο

2198 3644 2368 3712 γικὸν,
2419 3645 2502 3692 καί
2561 3645 2732 3713 νοερόν
2776 3644 2862 3693 τόν
2921 3643 3188 3715 ἄνθρωπον
3246 3643 3362 3694 κατ’
3425 3643 3598 3694 εἰκόνα
3664 3646 3779 3692 Θεοῦ

2199 3731 2533 3800 γεγενῆσθαι,
2575 3735 2662 3782 καὶ
2703 3735 3067 3805 συμπεραίνειν
3109 3727 3378 3795 δοκοῦσιν,
3427 3734 3502 3793 ὡς
3530 3730 3620 3783 οὐκ
3659 3724 3783 3779 ἴδιον

2202 3826 2262 3890 τῇ
2307 3818 2598 3890 ἀνθρωπινη
2628 3827 2779 3872 τοῦτο
2809 3822 3130 3880 καθεστηκὸς
3156 3823 3326 3892 φύσει,
3363 3816 3492 3872 οὐδε
3543 3823 3599 3872 τὸ
3629 3841 3655 3868 ς(
3687 3831 3785 3868 κατ’

2203 3907 2374 3958 εἰκόνα
2414 3929 2441 3958 ι)
2497 3903 2716 3959 δίδουσι
2759 3910 3162 3961 κατευθύνεσθαι
3209 3947 3221 3958 .
3252 3911 3426 3983 ὥσπερ
3474 3912 3610 3968 τινός
3650 3904 3785 3972 ἀνοίγ-

2202 4015 2298 4056 κης
2351 3994 2692 4068 ἐπικειμένης,
2742 3997 2766 4048 ὁ
2821 4001 2892 4070 μὴ
2946 3997 3062 4049 κατ’
3116 3997 3299 4050 οἰκεῖον
3344 3996 3643 4060 ἕξεικονίζει
3677 3996 3780 4062 (κᾶν

442 4086 648 4152 urgeat
689 4080 1031 4148 necessitas,
1075 4084 1155 4144 ut,
1192 4079 1355 4152 quod
1395 4079 1455 4136 in
1495 4079 1697 4151 aliqua
1737 4082 2069 4154 proprietati

2207 4090 2291 4143 τήν
2327 4085 2497 4137 εἰκόνα
2538 4094 2825 4158 περιφανῶς
2875 4089 3284 4159 ἑντετυπωμίνην
3332 4085 3626 4159 ἐμφανίζει)
3662 4077 3788 4155 pud:

2001 4262 2221 4318 NOT/E.

514 4440 624 4510 (83)
668 4439 950 4506 Quisnam
994 4445 1082 4495 est
1109 4437 1205 4494 hic
1241 4441 1443 4494 Pater?
1483 4438 1738 4495 Joannes
1783 4443 2098 4498 Damasce-

446 4529 578 4584 nus,
624 4519 683 4565 ut
725 4512 982 4584 arbitror
1017 4529 1028 4566 :
1062 4511 1154 4584 hic
1186 4511 1343 4566 enim
1376 4513 1658 4584 sexcentis
1702 4513 1864 4578 locis,
1907 4514 2097 4584 inquit

449 4582 648 4654 Dillius
697 4583 804 4637 Vit.
842 4583 1108 4652 Gregorii
1136 4584 1308 4647 Naxi,
1344 4584 1398 4636 in
1434 4583 1614 4646 calce,
1651 4584 1735 4638 ita
1763 4600 1888 4638 eum
1932 4582 2095 4654 (Gre-

447 4653 704 4722 gorium)
722 4654 1083 4722 compilavit,
1101 4662 1161 4707 ut
1188 4655 1396 4709 bonam
1411 4661 1642 4722 partem
1666 4653 1949 4709 librorum
1971 4672 2098 4710 suo-

449 4739 581 4778 rum
608 4725 682 4778 De
696 4725 813 4779 tide
834 4726 1167 4780 orthodoxa
1185 4741 1258 4781 ex
1279 4729 1406 4794 ejus
1423 4726 1587 4780 libris
1611 4727 1928 4791 consuerit,
1949 4733 2099 4782 totas

448 4796 1081 4865 plerumqueperiodos
1099 4798 1284 4850 nullis
1304 4798 1490 4852 verbis
1513 4797 1838 4852 immutatis
1851 4797 1912 4852 in
1933 4799 2100 4852 valu-

450 4866 613 4921 mina
637 4881 744 4920 sua
768 4868 1156 4991 transgerens.
1185 4867 1376 4921 Verba
1395 4875 1592 4922 autem
1622 4869 1994 4932 Damasceni,
2022 4871 2104 4924 De

450 4937 566 4991 fide
599 4937 831 4991 orthod.
870 4937 925 4990 Li
980 4979 991 4990 .
1021 4953 1080 4991 ιι.
1113 4954 1249 4991 can.
1287 4942 1367 4991 t2.
1402 4939 1529 4991 hinc
1560 4948 1696 4991 sunt
1731 4957 1742 4991 :
1787 4946 2104 4991 Δηιιιουοσνεῐ

447 4937 566 5005 fide
599 4937 831 5012 nrt/rod.
870 4937 991 4991 Lib.
1017 4953 1080 5012 _n,
1113 4954 1249 5012 cap.
1287 4942 1371 5012 12ἰ
1402 4939 1529 4993 hinc
1560 4948 1696 4993 sunt
1731 4957 1742 4992 :
1787 4946 2105 5012 Δημιουργγεί

456 5012 543 5060 τόν
595 5007 860 5080 ἄνθρωπον
917 5008 1028 5059 κατ’
1057 5007 1277 5092 ᾏοίκείαν
1333 5009 1518 5074 εἰκόνα,
1571 5015 1659 5061 καὶ
1721 5007 1998 5092 όμοίώσιν”
2031 5007 2105 5062 ’ἐκ

449 5087 544 5150 γῆς
596 5074 797 5152 μὲνᾈτὸ
853 5087 1003 5150 σῶμα
1045 5074 1362 5152 διαπλάσας,
1403 5081 1588 5150 ψυχὴν
1645 5078 1703 5132 δε
1749 5074 1962 5152 λογικὴν
2018 5088 2106 5134 καὶ

450 5146 656 5224 νοεριὶνΔ
703 5146 795 5201 διὰ
867 5146 958 5201 τοῦ
1033 5150 1222 5203 οἰκείου
1297 5146 1666 5224 ἐμφυσηματος
1744 5146 1869 5215 dei);
1944 5153 2101 5223 αὐτῷ·

451 5211 572 5294 όπέρ
627 5217 689 5278 δὴ
741 5223 872 5296 θείαν
923 5221 1092 5274 εἰκόνα
1140 5211 1329 5294 φαμέν..
1368 5211 1439 5274 ⁷Γὸ
1488 5211 1577 5295 μὲν
1627 5227 1728 5296 γὰρ
1775 5223 1889 5276 κατ’
1937 5211 2107 5277 εἰκόνα

450 5296 508 5345 τὸ
545 5289 731 5366 ’νοερόν
780 5289 954 5367 δηλοῖ-
983 5298 1071 5344 καὶ
1118 5289 1497 5355 α’ὖτἐξο’3σιον·’
1523 5298 1579 5346 rb
1631 5289 1708 5347 δὲ’
1737 5296 1852 5348 καθ’
1910 5294 2107 5367 ὁμοίω-

455 5384 557 5430 σιν,
622 5361 874 5439 τὴν-τῆς
935 5361 1140 5436 ἀρετῆς,
1208 5367 1342 5416 κατά
1406 5369 1463 5417 τό
1541 5363 1777 5430 δυνατόν,
1841 5361 2108 5439 ὁμοίωσιν.

451 5437 712 5495 Plasmat
734 5435 1025 5490 hominem
1050 5437 1129 5490 ad
1148 5452 1314 5491 suam
1340 5438 1672 5505 imaginem,
1699 5445 1748 5493 et
1767 5435 2108 5494 similitudi-

453 5524 585 5589 nem
612 5525 626 5561 :
649 5523 723 5589 βας
741 5513 894 5589 terra
913 5507 1382 5589 quidemeorpus
1401 5511 1629 5589 ﬁngens
1653 5510 1948 5589 ,‘animam
1972 5527 2108 5589 vero

457 5579 824 5647 rationalem,
839 5588 890 5636 et
908 5578 1319 5636 intellectivam
1332 5579 1578 5652 propria
1593 5581 2004 5652 insufﬂatione
2019 5583 2114 5638 illi

2206 4442 2504 4510 elargiens
2539 4459 2550 4496 :
2581 4442 2730 4512 quod
2753 4457 2894 4497 sane
2915 4441 3178 4497 divinam
3204 4441 3517 4509 imaginem
3540 4441 3788 4512 dicimus.

2206 4515 2352 4568 Nam
2379 4512 2529 4566 illud
2551 4510 2625 4568 ait
2655 4513 2998 4576 imaginem.
3023 4513 3513 4579 spiritualilalem
3539 4510 3787 4568 ostendit.

2207 4593 2259 4641 et
2297 4586 2542 4638 liberum
2575 4584 2883 4638 arbitrium
2915 4601 2925 4639 :
2961 4584 3070 4638 hac
3101 4591 3294 4639 autem
3342 4584 3418 4638 ad
3463 4579 3798 4639 similitudi-

2210 4672 2367 4717 nem,
2410 4655 2643 4710 ostendit
2675 4655 3179 4722 assimilationem,
3213 4671 3340 4725 quae
3367 4661 3670 4725 (quantum
3703 4652 3792 4725 ho-

2212 4728 2361 4782 mini
2373 4726 2649 4791 possibile
2671 4726 2776 4797 est)
2788 4728 2857 4794 ﬁt
2877 4742 2980 4796 per
2998 4721 3468 4791 virtutemouod
3495 4727 3543 4780 si
3569 4725 3667 4780 tibi
3691 4721 3798 4795 pla-

2212 4803 2343 4852 ceat
2372 4797 2640 4852 Photium
2675 4797 2770 4851 hic
2796 4799 3040 4852 innuere
3072 4797 3417 4854 Nazianzeni
3449 4813 3592 4853 eum
3626 4797 3796 4851 Caesa-

2213 4869 2388 4924 riensi
2423 4870 2709 4940 episcopo
2725 4868 2937 4924 Basilio
2953 4869 3525 4940 amicitiam,dequa
3550 4867 3681 4922 vide
3711 4865 3801 4940 So-

2214 4885 2388 4924 l‘lenSl
2423 4885 2709 4992 episcopo
2725 4885 2937 4924 baslno
2953 4885 3378 4934 amrctuam,ae
3399 4885 3525 4993 q)ua
3550 4885 3681 4922 Viue
3711 4885 3801 4918 oo-

2214 4947 2434 4995 cratem
2486 4939 2938 5011 ib.iv,cap.2i,et
2959 4940 3359 5011 szomenum
3379 4939 3413 4993 li
3471 4979 3483 4991 .
3507 4937 3801 5011 v1,cap_.l7.

2216 5027 2322 5077 ego
2350 5011 2601 5082 qurdem
2620 5009 3331 5066 nonintercedoBasilius
3360 5009 3807 5082 enimghaacjpsa

2217 5075 2437 5155 docuit.
2465 5083 2548 5137 De
2566 5081 2819 5155 [nominis
2847 5088 3170 5155 structura,
3197 5082 3336 5137 hom
3365 5088 3409 5144 Ι,
3431 5097 3490 5152 p.
3519 5075 3806 5155 3333m-

2220 5153 2344 5220 siis,
2379 5154 2529 5208 1721.
2553 5154 2854 5225 Caeterum
2870 5153 3278 5225 Theodoretus
3307 5149 3809 5225 quoque,insig_nis

2221 5231 2276 5280 et
2305 5225 2452 5296 ipse,
2485 5230 2547 5278 ut
2577 5225 2758 5296 docet
2783 5223 3240 5296 Billiusibidem,
3276 5220 3625 5296 Nazianzeni
3662 5220 3810 5296 ζηὶωτ

2223 5289 2343 5356 τὴς.’
2367 5297 2703 5367 Quzest._20,
2749 5295 2807 5350 in
2841 5297 3110 5359 Genesin,
3151 5295 3298 5350 dum
3330 5295 3589 5367 explicat
3614 5297 3669 5345 τὸ
3707 5289 3810 5367 κατ’

2225 5368 2413 5440 εἰκόνα,
2448 5365 2758 5421 hominem
2792 5367 3006 5440 passim
3037 5374 3210 5423 vocat
3239 5362 3592 5437 εἰκόνοῐΘεοῠ,
3617 5371 3672 5420 et
3693 5362 3810 5416 εἰκό-

2223 5459 2286 5490 να
2308 5438 2628 5512 ’ἀρχετύπου
2647 5443 2794 5492 Θεοῦ.

2252 5504 2422 5594 τ(8’4έ)’
2475 5509 2728 5578 Rectius,
2793 5525 2978 5584 quam
3036 5504 3505 5585 παραδεχομένους
3571 5525 3584 5539 ⁰

2228 5601 2247 5635 ε
2254 5602 2315 5656 ιχ
2319 5599 2354 5636 ε.

3655 5502 3809 5569 ἡδέως
