3950 6180
189 264 282 325 253
1166 266 1260 321 AD
1299 254 1864 322 AMPHILDCHIUM

188 398 440 458 ιίκονίζιιν
504 395 629 456 ὅλως
701 393 970 466 ὁμο)ογιῖν
1048 395 1104 445 τὸ
1177 392 1547 465 εἰκονιζόμενον
1625 389 1786 445 δύνα-
1819 390 1863 444 Α

194 488 326 540 σθαι.

250 663 514 723 Ὡσαύτως
563 658 622 714 δὲ
652 664 830 713 καὶτὸ
873 659 1097 735 ἀρχικόν
1131 656 1225 712 διὰ
1272 663 1367 719 τήν
1415 659 1577 718 αὐτὴν
1617 659 1787 713 αἰτίαν

187 752 483 824 νομίζουσιν
522 748 943 822 ἀποδοκιμάζειν
969 768 980 782 ⁸
1015 753 1103 801 καί
1134 768 1214 801 τοι
1260 767 1320 821 γε
1362 754 1452 800 καὶ
1495 757 1592 801 τῶν
1644 749 1787 822 ἱερῶν

191 846 387 913 Λογίων
421 848 592 913 σαφῶς
635 836 1036 911 ἐνδεικνυμένων
1088 846 1149 910 τῇ
1200 842 1448 909 συνεχείᾳ
1497 847 1590 895 τῆς
1623 856 1788 911 παρα-

191 933 390 995 θέσεως,
427 932 491 990 ὡς
523 932 578 982 τό
605 951 632 979 ‹‹
667 928 784 982 κατ’
815 928 989 981 εἰκόνα
1026 948 1054 981 ))
1107 930 1164 980 τὸ
1197 926 1421 1002 ἀρχικὸν
1461 924 1665 999 ἀξίωμα
1695 944 1787 984 ση-

187 1025 381 1094 μαίνειν
447 1017 712 1092 βοῦλιται.
782 1016 938 1090 Ἐχει
1003 1019 1103 1091 γὰρ
1191 1020 1250 1069 τό
1325 1023 1421 1078 τῆς
1483 1019 1783 1077 συνιπιίας”

190 1131 217 1161 (ι
245 1114 553 1180 Ποιήσωμεν
584 1108 856 1181 ἄνθρωπον
886 1106 1003 1157 κατ’
1030 1105 1200 1158 εἰκόνα
1228 1105 1501 1179 ἡμετέραν,
1537 1108 1623 1156 καὶ
1670 1104 1786 1155 καθ’

188 1198 457 1272 ὁμοίωσιν,
486 1202 576 1248 καὶ
602 1195 918 1269 ἁρχέτωσαν
938 1203 1034 1246 τῶν
1055 1194 1253 1266 ἰχθύων
1272 1200 1366 1256 τῆς
1389 1193 1674 1257 θαλάσσης,
1699 1197 1788 1245 καὶ

189 1298 284 1341 τῶν
314 1294 555 1340 πετεινῶν
589 1293 682 1337 τοῦ
719 1285 960 1360 οὐρανοῦ,
1001 1288 1089 1336 καὶ
1136 1292 1234 1336 τῶν
1285 1292 1504 1353 κτηνῶν,
1554 1302 1644 1334 και
1682 1284 1788 1335 πά-

190 1397 287 1440 σης
315 1386 413 1439 τῆς
435 1385 555 1447 γῆς.
590 1395 620 1426 η

259 1468 323 1518 Οἱ
351 1462 413 1518 δί
437 1460 576 1537 μηδι
604 1471 757 1517 τοῦτο
784 1458 1198 1527 δυσωπηθέντες,
1224 1464 1286 1514 οὗ
1324 1481 1452 1534 φασι
1492 1457 1789 1519 δηλοῦσθαι

192 1552 281 1608 διὰ
306 1562 399 1607 τοῦ
437 1575 464 1607 ι(
496 1553 612 1606 κατ’
647 1553 819 1605 εἰκόνα
846 1572 874 1602 ))
906 1555 961 1604 τὸ
992 1550 1238 1625 ἀρχικόν,
1285 1549 1391 1603 ἐπεὶ
1432 1555 1525 1602 καὶ
1561 1558 1659 1603 τῶν
1700 1548 1788 1622 ἆγ-

187 1644 342 1715 γὲλων
384 1645 416 1701 ἡ
457 1647 613 1715 φύσις
644 1642 820 1716 ἀρχῆς
868 1639 1166 1699 ἑπιϐέϐηκεν
1215 1638 1623 1702 ἐπιστατούσης.
1664 1638 1790 1714 Ἀρ-

186 1753 355 1805 χοντα
403 1736 507 1807 γὰρ
557 1731 876 1805 ’Δσσυρίων,
931 1735 1019 1782 καὶ
1058 1731 1296 1803 ἄρχοντα
1362 1738 1461 1782 τῶν
1513 1724 1786 1782 Ἰουδαίων

187 1826 355 1883 ἔθνους
422 1822 673 1896 λαμπρῶς
728 1822 754 1873 ὀ
811 1825 1082 1894 προφήτης
1161 1819 1349 1878 Δανιηλ
1417 1817 1784 1894 ἁνακηρύττει.

189 1917 287 1966 Καί
334 1931 439 1964 που
484 1915 574 1963 καὶ
636 1912 662 1962 ό
721 1912 944 1973 θεόπτης
1004 1914 1201 1982 φησίν·
1264 1929 1292 1961 ‹‹
1359 1907 1619 1967 Ἐστησεν
1672 1912 1789 1979 ὅρια

185 1999 337 2054 ἱθνῶν
428 1999 543 2054 κατ’
624 1999 843 2056 ἆοιθαὸν
936 1999 1161 2056 avri/ﬂow
1255 2003 1403 2056 Θεοῦ,
1465 2018 1492 2046 ι)

184 2092 359 2162 ὥσπερ
407 2093 465 2141 τό
517 2088 725 2161 λογικὸν
753 2093 843 2140 καὶ
887 2091 942 2141 τὸ
979 2088 1310 2151 αὐτεξούσιον
1344 2086 1575 2159 ἀγγέλοις
1619 2105 1672 2138 τε
1697 2090 1788 2137 καὶ

182 2178 474 2253 ἀνθρώποις
522 2180 710 2243 κοινόν,
749 2177 885 2230 οὕτω
944 2173 1010 2236 δὴ
1057 2180 1233 2230 καὶτὸ
1266 2173 1576 2230 δεσποτικὸν
1618 2194 1669 2228 τε
1698 2179 1787 2228 καὶ

184 2266 490 2341 βασιλικίν.
600 2280 625 2291 ’

1822 1705 1865 1760 Β

632 1997 646 2014 ν
720 2001 742 2015 ἰ
796 2002 806 2014 ο
943 1997 956 2014 9
1054 1999 1080 2015 Α
1257 2003 1291 2015 Λ
1360 2004 1380 2015 ι-
1590 1996 1659 2015 ΑΏ
1741 2004 1757 2012 -ι

624 1999 843 2072 ἀριθμὸν
936 1999 1161 2071 ἂγγῦων
1255 2003 1403 2056 Θεοῦ,
1465 2018 1492 2046 ι)
1587 1999 1787 2049 Οὐκοῦν

254 2534 417 2589 ’Δὶλὰ
459 2538 512 2587 τί
537 2541 722 2600 τοῦτο;
758 2534 816 2587 Εἰ
845 2536 935 2607 μὲν
980 2537 1083 2607 γὰρ
1140 2540 1341 2606 προσῆν
1392 2540 1463 2603 τῷ
1519 2530 1675 2604 λόγῳ,
1721 2534 1790 2594 ὡς

180 2631 337 2697 μόνος
377 2626 648 2700 ἄνθρωπος
692 2622 807 2676 κατ’
855 2624 1024 2676 εἰκόνα
1073 2627 1249 2694 γέγονε
1300 2629 1432 2675 Θεοῦ
1482 2625 1788 2695 μαχομένην

182 2713 242 2766 ἂν
304 2718 435 2775 ἴσως
501 2718 596 2772 την
658 2721 758 2764 τῶν
812 2710 1035 2785 ἀγγέλων
1084 2715 1239 2785 φύσιν
1302 2708 1448 2782 εἶχε·
1508 2708 1647 2762 διότι
1700 2716 1789 2763 καὶ

181 2809 303 2877 παρ’
352 2803 526 2855 αὐτῶν
584 2804 791 2876 ὁρᾶται,
843 2798 915 2854 δι’
948 2801 1111 2875 ὧνπερ
1167 2799 1217 2852 ἐν
1246 2805 1396 2873 χαρᾴ
1450 2802 1507 2852 τό
1546 2804 1689 2853 Θεῖον
1720 2799 1789 2851 ἐν·

184 2893 603 2964 απομοίττισθαι.
652 2892 712 2945 Εἰ
750 2887 810 2944 δὲ
853 2886 1018 2964 μηδὲν
1064 2898 1297 2942 τοιοῦτον
1337 2892 1475 2942 ἔστιν
1524 2890 1684 2963 εὑρεῖν
1710 2889 1793 2959 ἐγ-

183 2986 568 3055 γεγραμμένον,
616 2979 674 3032 οὐ
721 2984 875 3053 μόνον
920 2979 1012 3031 οὐκ
1062 2978 1357 3054 ἀφαιρεῖται
1412 2985 1511 3030 τῶν
1566 2976 1791 3049 ἀγγέλων

184 3073 215 3129 ἡ
269 3075 520 3122 κοινωνία
567 3077 664 3132 τῆς
736 3067 1058 3143 ἀνθρωπίνης
1123 3071 1325 3140 φύσεως
1389 3071 1446 3120 τό
1521 3069 1654 3120 κατὰ
1697 3071 1790 3125 τὴν

182 3159 375 3211 πλάσιν
430 3157 679 3231 ἀξίωμα·
749 3155 877 3209 ἀλλὰ
946 3162 1034 3210 καὶ
1099 3153 1589 3229 παραδειγματικὴν
1640 3158 1786 3214 ἱκανὴ

184 3252 367 3300 πίστιν
411 3256 511 3308 τῆς
568 3246 817 3309 ἀληθείας
871 3248 1220 3319 παρέχεσθαι.
1285 3246 1465 3306 Οὕτως
1522 3240 1610 3297 οὖν
1667 3240 1790 3296 οὐδε

186 3332 323 3389 διότι
367 3336 606 3408 λογικῆς,
648 3340 737 3388 καὶ
786 3341 964 3409 νοερᾶς
1016 3336 1041 3387 ὁ
1071 3333 1286 3407 ἄγγελος
1330 3337 1552 3407 φύσεως,
1594 3336 1790 3394 ταύτης

185 3426 212 3476 ό
242 3428 518 3501 ἅνθρωπος
548 3424 936 3497 ἀποστιρηθείη
967 3431 1060 3485 τῆς
1084 3419 1368 3497 δυνάμεως.

254 3604 419 3658 Ἀλλὰ
466 3606 567 3675 γὰρ
600 3602 684 3665 οὓς
738 3605 851 3676 ἔχει
902 3599 1109 3661 σπουδὴ
1162 3608 1268 3664 τοῖς
1324 3600 1482 3676 ὀρθῶς
1536 3600 1790 3675 ἀντιφέριο

190 3694 310 3745 σθαι
362 3690 741 3765 ὃεῗογμένοις
809 3693 901 3744 οὐκ
958 3691 1019 3744 ἃν
1076 3695 1250 3764 ἔμοιγε
1300 3700 1473 3764 κριτῇ,
1542 3700 1789 3744 τοσοῦτον

188 3780 387 3833 ἐκείνων
451 3782 852 3854 προσάπτεσθαι
918 3776 1188 3844 δοκοῦσιν,
1245 3782 1361 3833 ὅσοι
1421 3780 1536 3832 καθ’
1597 3780 1789 3833 ἑαυτῶν

190 3869 585 3946 ἐπιστρέφουσι
638 3876 733 3929 τὴν
798 3875 1139 3945 κατηγορίαν.
1192 3869 1351 3922 Ἔνθα
1413 3872 1513 3942 γὰρ
1575 3870 1791 3942 ὀρθότης

190 3955 441 4027 διανοίας,
498 3964 580 4012 καὶ
637 3967 752 4022 ταῖς
800 3965 1026 4032 Γραφαῖς
1214 3958 1551 4032 ἁρμόττουσα
1605 3961 1793 4034 θεωρία

190 4050 419 4119 μάλιστὰ
442 4068 501 4121 γε
531 4056 641 4112 τοῖς
686 4053 964 4123 μακαρίοις
1014 4050 1158 4120 ἡμῶν
1197 4045 1539 4120 ἑφιλοπονήθη
1584 4050 1791 4121 Πατρα-

197 4156 295 4202 σιν,
361 4138 654 4211 ἐπικουρεῖν
720 4140 831 4211 μὲν,
909 4141 1045 4213 εἰπερ
1115 4156 1165 4189 τι
1227 4141 1317 4190 καὶ
1384 4136 1866 4213 παρα).έ).ειπται1)

194 4230 424 4291 τιώταις,
456 4233 548 4280 καὶ
577 4229 647 4290 ως
676 4228 783 4279 οἶόν
817 4245 870 4279 τι
902 4234 1207 4300 συγκροτεῖν
1239 4226 1566 4300 εὐγνωμόνων
1597 4247 1665 4293 τε,
1699 4232 1789 4280 καὶ

197 4320 444 4379 συνέσεως
497 4316 592 4369 οὐκ
644 4315 1016 4390 ὶστερημένων.
1062 4313 1246 4378 Ὀσοις
1294 4317 1407 4390 (87)
1468 4315 1528 4369 δὲ
1580 4315 1792 4392 ἐρεσχε-

194 4403 323 4466 lin;
376 4410 439 4457 τί(
504 4406 673 4468 καλῶς
751 4408 940 4478 ἔχοντα
989 4407 1362 4458 κατασεὶισθαι
1424 4411 1628 4479 γνώμη,
1698 4410 1788 4461 καὶ

198 4500 473 4554 καινότητα
518 4494 782 4556 ἐπιζητεῖν
832 4494 1117 4567 φιλοτιμία,
1173 4494 1620 4553 οὗτοι).ε).ἠθασιν
1676 4494 1791 4547 ἐαυ-

201 4587 314 4645 τοὺς
362 4583 408 4636 ἐν
451 4591 525 4655 τῷ
586 4586 750 4657 θηρᾲν
798 4583 1059 4656 ὑπόληψιν
1110 4583 1423 4658 ἓντρεχείας,
1482 4589 1569 4637 καὶ
1625 4584 1788 4647 αὐτῆς

200 4679 289 4732 τῆς
373 4674 727 4749 ἱεροπρεποῡς,
810 4678 899 4725 καὶ
1004 4674 1228 4747 ἐμφύτου
1331 4677 1786 4748 παρασυρομένους

268 4799 314 4832 ’⁸
350 4798 502 4856 Dan.
536 4815 594 4868 ι,
631 4801 716 4871 l3,
748 4801 840 4854 20.

810 4678 899 4725 καὶ
1004 4672 1228 4747 ἐμφύτου

919 4800 933 4834 ¹
970 4798 1115 4857 ibid.
1146 4802 1236 4855 2t.

1907 260 2234 332 QU/ESTIO
2273 258 2535 326 XXXVI.
3435 268 3545 329 254

1897 390 2179 461 peculiari
2219 408 2341 448 non
2370 393 2652 465 exprimit
2682 393 3008 465 imaginem
3041 394 3196 467 (licet
3225 396 3544 470 imaginem

1895 478 2248 551 impressam
2265 481 2568 539 evidenter
2580 483 2893 554 exhibeat),
2914 483 3107 540 dicam
3120 501 3186 540 us
3202 487 3553 559 exemplaris

1894 570 1984 622 sui
2010 570 2334 639 imaginem
2360 570 2610 628 omnino
2642 588 2770 627 esse
2800 587 2922 628 non
2951 587 3148 645 posse.

1967 657 2243 714 Similiter
2291 659 2650 717 dominandi
2684 661 3097 719 auctoritatem
3145 662 3225 719 ob
3272 664 3552 721 eamdem

1894 761 2172 802 caussam
2204 748 2562 805 arbitrantur
2593 764 2723 806 esse
2749 749 3135 822 rejiciendam
3166 768 3179 807 :
3214 753 3447 809 tametsi
3464 771 3556 812 sa-

1895 849 2009 890 crae
2052 835 2279 892 Litterae
2310 852 2630 910 progressu
2662 842 2966 895 contextus
2998 845 3196 912 aperte
3226 834 3550 910 declarent,

1894 924 2057 996 quod
2088 924 2237 981 illud
2270 948 2290 976 ι
2328 927 2403 982 ad
2428 928 2753 999 imaginem
2782 950 2809 980 »
2837 928 3268 987 dominationis
3300 932 3556 1003 dignita-

1895 1019 2015 1070 tem
2048 1014 2354 1085 significet.
2387 1017 2568 1073 Habet
2598 1018 2755 1074 enim
2783 1024 3091 1077 contextus
3125 1037 3138 1073 :
3174 1040 3200 1073 ‹‹
3235 1022 3552 1079 Faciamus

1894 1102 2202 1160 hominem
2236 1104 2311 1161 ad
2345 1104 2671 1176 imaginem
2705 1111 2761 1163 et
2781 1107 3229 1165 similitudinem
3262 1114 3553 1179 nostram,

1895 1199 1951 1247 et
1997 1194 2199 1264 praesit
2250 1194 2518 1266 piscibus
2572 1195 2774 1266 maris,
2823 1201 2880 1252 et
2924 1197 3265 1256 volatilibus
3314 1199 3459 1269 coeli,
3503 1206 3558 1258 et

1895 1280 2121 1350 bestiis,
2151 1284 2567 1357 universa-aque
2589 1286 2770 1341 terrae.
2809 1308 2833 1338 υ

1968 1456 2035 1512 Hi
2064 1461 2285 1525 autem,
2310 1473 2382 1513 ne
2395 1458 2509 1514 hoc
2523 1458 2767 1530 quidem
2781 1459 3092 1533 Scriptura:
3122 1460 3255 1517 loco
3275 1463 3552 1534 permoti’

1897 1545 2251 1622 dominandi
2286 1551 2642 1619 potestatem
2674 1563 2779 1620 per
2816 1547 2964 1604 illud
3001 1570 3025 1600 ‹‹
3054 1550 3129 1605 ad
3163 1550 3493 1621 imaginem
3526 1575 3554 1602 »

1895 1633 2143 1691 indicari
2193 1652 2316 1691 non
2349 1637 2625 1703 fatentur,
2659 1636 2737 1692 ob
2770 1636 2828 1692 id
2876 1637 3114 1703 scilicet,
3145 1640 3283 1711 quia
3313 1640 3558 1710 angelo-

1897 1740 2027 1780 rum
2052 1740 2293 1797 quoque
2313 1729 2527 1781 natura
2557 1726 2891 1798 imperandi
2915 1726 3256 1784 facultatem
3279 1729 3553 1786 obtinuit.

1897 1817 2045 1870 Nam
2064 1814 2398 1886 principem
2418 1816 2794 1887 Assyriorum
2820 1818 2868 1851 θ’
2900 1831 2912 1883 ;
2942 1822 2998 1874 et
3014 1817 3345 1891 principem
3365 1820 3555 1891 gentis

1896 1903 2238 1959 Judreorum
2276 1905 2293 1939 ί
2329 1904 2624 1976 Propheta
2648 1905 2850 1961 Daniel
2870 1912 3070 1977 aperte
3098 1915 3553 1965 commemorat.

1900 1994 1962 2048 Et
1992 1992 2209 2048 alicubi
2242 1991 2335 2048 ille
2369 1992 2569 2059 etiam,
2620 1995 2723 2066 qui
2766 1995 2909 2051 Vidit
2960 1999 3146 2052 Deum
3174 1996 3320 2052 facie
3351 1997 3429 2053 ad
3459 1997 3553 2054 fa-

1897 2082 2068 2148 ciem,
2110 2081 2301 2153 inquit
2332 2098 2346 2136 :
2385 2100 2412 2132 «
2444 2082 2754 2138 Constituit
2779 2084 3063 2140 terminos
3095 2086 3357 2155 gentium
3384 2087 3557 2156 juxta

1897 2186 2213 2227 numerum
2268 2170 2619 2240 angelorum
2666 2172 2764 2227 Dei
2795 2172 2930 2243 (85).
2965 2191 2993 2223 α
3027 2174 3556 2239 Quemadmodum

1896 2261 2099 2333 itaque
2142 2259 2561 2330 ratiocinandi,
2594 2265 2772 2333 atque
2818 2260 3001 2318 libere
3048 2262 3265 2332 agendi
3303 2261 3555 2319 facultas

1899 2349 2147 2421 angelis,
2178 2366 2247 2406 ac
2272 2348 2621 2405 hominibus
2643 2350 2981 2406 communis
3006 2355 3113 2417 est,
3144 2351 3221 2407 ita
3248 2352 3426 2407 etiam
3455 2351 3557 2408 do-

1898 2437 2168 2496 minandi
2199 2454 2269 2495 ac
2299 2436 2592 2510 regnandi
2623 2441 2905 2511 potestas.

1970 2527 2082 2584 Sed
2114 2527 2257 2600 quid
2292 2543 2432 2600 ergo
2453 2526 2482 2582 ?
2510 2527 2566 2585 Si
2592 2527 2751 2583 enim
2777 2529 3083 2601 proposito
3115 2529 3359 2585 oraculo
3377 2529 3558 2586 addc-

1900 2617 2095 2682 batur,
2130 2615 2293 2689 quod
2341 2616 2503 2672 solus
2534 2615 2720 2672 homo
2751 2617 2827 2671 ad
2858 2617 3187 2687 imaginem
3233 2618 3332 2675 Dei
3368 2618 3557 2675 factus

1900 2706 2123 2776 fuisset,
2174 2710 2313 2761 tunc
2363 2705 2738 2761 obstaculum
2784 2706 3037 2762 fortasse
3094 2706 3154 2761 in
3204 2707 3553 2777 angelorum

1899 2799 2113 2851 natura
2154 2794 2514 2850 inveniretur
2547 2814 2559 2862 ;
2589 2795 2732 2867 quia
2766 2799 2821 2851 et
2849 2795 2909 2851 in
2941 2795 3087 2868 ipsis
3136 2804 3456 2852 cernuntur
3485 2813 3556 2852 ea

1902 2901 2000 2956 per
2026 2900 2161 2957 quae
2202 2884 2411 2939 Divina
2440 2889 2656 2939 natura
2704 2882 2949 2955 exprimi
2982 2889 3200 2956 posset.
3233 2886 3300 2940 At
3332 2884 3377 2939 si
3410 2884 3553 2939 nihil

1898 2971 2238 3044 hujusmodi
2261 2971 2342 3027 ibi
2376 2971 2666 3042 scriptum
2695 2971 3014 3040 invenitur,
3043 2972 3556 3029 communiointer

1900 3062 2145 3132 angelos
2179 3063 2234 3116 et
2262 3060 2597 3116 humanum
2631 3075 2820 3129 genus
2850 3076 2970 3116 non
3004 3061 3186 3117 modo
3218 3076 3331 3116 non
3364 3060 3556 3117 aufert

1899 3151 2102 3207 datam
2134 3149 2309 3206 nobis
2358 3149 2650 3205 creatione
2699 3149 3051 3219 dignitatem
3087 3166 3100 3217 ;
3133 3150 3238 3206 sed
3268 3150 3444 3206 etiam
3476 3152 3555 3207 ad
3597 3202 3603 3207 .

1897 3239 2163 3296 veritatis
2219 3237 2636 3311 probationem
2693 3254 2797 3311 per
2825 3238 3167 3312 exemplum
3202 3256 3559 3313 comparan-

1897 3329 2041 3384 dam
2073 3327 2247 3384 valet.
2287 3330 2404 3383 Hoc
2436 3328 2637 3400 itaque
2666 3333 2842 3401 pacto
2874 3343 2983 3384 nec
3029 3328 3173 3401 quia
3202 3328 3554 3386 rationalem

1898 3424 1954 3474 et
1995 3416 2418 3488 intelligentem
2472 3423 2751 3472 naturam
2806 3416 3056 3488 angelus
3106 3417 3306 3487 habet,
3340 3419 3553 3475 eadem

1896 3507 2081 3564 homo
2113 3522 2312 3563 carere
2342 3504 2519 3563 debet
2548 3505 2848 3562 facultate.

1970 3601 2038 3653 At
2068 3596 2228 3653 enim
2271 3594 2375 3669 qui
2432 3594 2703 3652 veritates
2734 3595 2840 3652 rite
2886 3600 3155 3669 receptas
3203 3611 3557 3670 oppugnare

1900 3686 2156 3753 student,
2190 3701 2333 3751 non,
2368 3701 2463 3741 me
2484 3684 2701 3756 judice,
2734 3689 2964 3741 tantum
2992 3685 3124 3741 illas
3151 3690 3437 3742 attentare
3473 3686 3557 3742 vi-

1898 3776 2133 3838 dentur,
2166 3780 2458 3847 quantum
2490 3774 2548 3829 in
2579 3789 2642 3829 se
2669 3773 2782 3846 ipsi
2805 3773 3269 3831 confutationem
3303 3779 3552 3831 vertunt.

1900 3865 1999 3919 llic
2029 3864 2188 3919 enim
2218 3869 2376 3918 recta
2406 3861 2707 3932 cogitandi
2737 3863 2909 3931 ratio,
2939 3869 2995 3919 et
3025 3880 3209 3920 sacrae
3241 3864 3557 3936 Scriptura;

1900 3958 2305 4008 consentanea
2335 3951 2627 4017 doctrina,
2661 3967 2698 4007 a
2727 3952 2947 4007 sanctis
2974 3953 3300 4024 praesertim
3335 3953 3557 4009 nostris

1902 4042 2171 4098 Patribus
2202 4040 2505 4096 elaborata
2538 4045 2646 4106 est,
2675 4045 2739 4096 ut
2769 4041 3123 4114 suppleatur
3150 4041 3449 4114 quidquid
3480 4041 3557 4097 ab

1901 4145 1971 4186 ea
1994 4130 2283 4186 omissum
2309 4134 2414 4195 est,
2443 4133 2499 4186 et
2528 4129 2691 4202 quod
2718 4135 2909 4203 potest
2933 4147 3072 4186 cum
3101 4131 3406 4185 sententiis
3433 4130 3559 4202 pio-

1899 4237 2031 4277 rum
2064 4218 2545 4292 sapientiumque
2571 4218 2831 4274 virorum
2861 4212 3247 4274 concordare.
3280 4218 3391 4284 Qui
3419 4233 3557 4274 vero

1900 4310 2205 4368 doctrinas
2257 4312 2413 4363 recte
2466 4310 2716 4363 statutas
2765 4307 3248 4364 cavillationibus
3279 4312 3559 4378 satagunt

1900 4401 2271 4477 perturbare,
2306 4405 2361 4454 et
2395 4396 2717 4454 novitatem
2767 4398 2979 4452 sectari
3018 4395 3258 4453 student
3294 4413 3306 4463 ;
3337 4396 3401 4453 hi
3436 4412 3559 4454 non

1901 4491 2184 4555 sentiunt,
2243 4487 2428 4561 quod,
2462 4485 2609 4540 dum
2659 4485 2733 4539 de
2783 4489 2993 4555 arguto
3041 4485 3283 4557 ingenio
3313 4490 3561 4559 captant

1900 4578 2380 4642 aestimationem,
2406 4574 2519 4647 ipsi
2544 4589 2605 4629 se
2622 4572 2963 4643 areligiosa,
2993 4591 3062 4631 ac
3079 4590 3228 4648 pura
3250 4575 3560 4646 cogitandi

1899 4669 2129 4726 ratione
2159 4665 2463 4722 divellant.
2490 4663 2554 4718 Hi
2580 4662 2738 4718 enim
2764 4662 2826 4718 in
2850 4667 3101 4736 turpem,
3128 4665 3560 4739 propriumque

1757 4925 1981 4985 ΝΟΤᾸΞ.

269 5047 376 5127 (83)
397 5049 566 5127 Deut.
594 5064 769 5113 χχιιι,
799 5052 831 5127 ξ
848 5049 1011 5127 iused
1044 5048 1289 5127 Rhodus
1319 5050 1414 5107 hic
1436 5066 1680 5124 quoque
1704 5067 1793 5127 se-

205 5121 389 5193 quitur
423 5122 771 5193 versionem;
806 5121 952 5188 LXX,
1007 5122 1093 5193 uti
1127 5127 1183 5176 et
1207 5121 1670 5193 Chrysostomus
1730 5124 1793 5178 in

207 5188 475 5264 Epist._ad
507 5192 731 5248 Coloss.
758 5191 971 5248 homil.
994 5197 1059 5256 3;
1084 5188 1371 5264 interpres
1394 5192 1686 5264 Origenis,
1733 5195 1793 5249 in

208 5262 540 5337 gum.bom.
567 5267 671 5337 ‘28,;
704 5266 744 5320 D
776 5265 1093 5337 Gregorius
1133 5262 1313 5337 papa,
1341 5262 1519 5319 hom.‘
1564 5268 1630 5321 3t
1658 5281 1671 5331 ;
1725 5266 1789 5319 D.

209 5329 601 5410 ilieronymus.
636 5336 697 5390 in
723 5329 955 5410 ΔΒίὶθίλὲέεξ
975 5334 1086 5410 1η).-
1134 5329 1194 5410 ii,
1218 5329 1306 5391 'et
1332 5337 1581 5392 Ruﬁnus
1613 5329 1796 5410 aqui-

207 5398 427 5498 lceiensis
450 5406 508 5498 in
529 5406 901 5498 expositione
924 5398 1211 5498 Svmbnii.
1237 5413 1456 5498 autem,
1472 5398 1798 5498 ῥςρὶιθζξι

211 5470 589 5554 Symmachus
607 5470 998 5554 reddiderunt
1025 5479 1138 5529 κατ’
1148 5476 1223 5554 Δεἰιρ
1233 5479 1280 5531 ιθ
1286 5481 1382 5554 μὸν
1404 5470 1662 5554 υῖῶριῖῐσρ
1672 5470 1765 5538 αὴ)
1781 5520 1795 5543 ,

214 5549 265 5618 ξι
287 5545 619 5622 Scholiastes
651 5550 844 5622 inquit
873 5566 887 5604 :
921 5550 1074 5622 Οὖτω
1112 5551 1161 5602 οἱ
1194 5545 1380 5603 ’λοιποὶ
1424 5545 1797 5605 ἐκδεὸὡκασιν

216 5625 525 5696 maias-{rat
554 5621 703 5676 inter
729 5620 884 5694 quos
913 5620 1209 5696 Versionis
1241 5622 1506 5696 vulgata
1553 5628 1793 5689 auctor,

218 5687 988 5767 quihabetjuztandmerum
998 5692 1261 5763 ﬁliorum
1272 5687 1799 5754 Isfaetrecenseaé

1905 5057 2018 5108 tur.
2054 5049 2215 5105 Certe
2272 5044 2512 5117 quidem
2570 5039 2854 5117 scriptum
2886 5045 2974 5117 est
3019 5041 3079 5117 in
3112 5045 3269 5100 textu
3304 5058 3316 5098 :
3349 5027 3562 5109 Ἴθι)ῃὸ

1903 5132 2101 5183 Ἴδε-των
2128 5131 2220 5181 νει
2241 5113 2549 5184 Lemispar
2569 5113 2709 5171 bene
2738 5115 2941 5180 Israel,
2965 5114 3046 5169 ad
3069 5129 3381 5172 numerum
3405 5116 3566 5185 ﬁlio-

1903 5210 2040 5250 rum
2080 5191 2284 5247 Israel.

1978 5263 2095 5336 (ὃὸ)
2141 5265 2215 5316 Ex
2243 5259 2483 5336 ingenio
2514 5260 2572 5310 τὸ
2604 5262 2829 5336 Γραφαῖς
2870 5255 3162 5336 supplevi,
3220 5256 3328 5336 s_e_d
3369 5257 3563 5336 brevi.

1907 5328 1996 5391 tas
2024 5328 2276 5396 lacunae,
2305 5328 2626 5401 insequens
2641 5328 2914 5392 verbum,
2935 5331 2990 5383 et
3006 5343 3216 5385 sensus
3233 5328 3291 5385 id
3314 5330 3562 5387 omnino

1908 5403 2268 5462 suadebant

1981 5478 2097 5549 (87)
2136 5473 2318 5534 Ὀσοις
2367 5487 2476 5544 pro
2542 5467 2681 5532 ὁδοῖς
2753 5472 3120 5549 κατασείεσθαι
3160 5485 3282 5549 _pro
3342 5473 3561 5549 κατασίο

1906 5541 2110 5617 νεσθαὶ,
2143 5551 2200 5603 et
2240 5541 2525 5603 καινότητα
2574 5557 2683 5615 pro
2725 5545 3008 5617 κρινότητα
3054 5542 3113 5598 in
3160 5541 3273 5600 hac
3311 5541 3561 5617 periodo

1907 5614 2268 5679 emendasse
2296 5631 2420 5675 non
2449 5630 2547 5673 me
2580 5614 2849 5689 panitet.

3394 5700 3413 5731 ἐ
