3950 6180
386 252 488 311 255
1596 254 1833 312 ΡΗΟΤΙΙ
1878 257 1981 312 PA'.

2161 255 2353 313 KCHAE
2393 248 2501 312 ΟΡ.
3643 253 3744 315 256

384 381 603 438 animae
631 379 913 438 absurdis
955 380 1330 438 illusionibus
1355 380 1635 437 obnoxiae
1667 397 1924 439 errorem
1957 382 1981 439 ii

2161 382 2406 444 διανοίας.
2471 380 2799 453 ’Υϐριστικόν
2862 401 2915 435 τε
2970 382 3091 458 γὰρ,
3146 387 3236 435 καὶ
3288 381 3491 455 ἀλόγοις
3556 386 3751 458 ψυχῆς

382 486 639 537 currere,
669 471 790 527 imo
819 470 1264 527 ineluctabilem
1298 472 1355 525 in
1399 475 1585 525 semet
1630 471 1739 543 ipsi
1771 474 1981 527 confut

2161 477 2459 544 φαντασίαις
2543 470 2847 543 ἐνεχομένης
2927 474 3089 535 πάθος
3168 472 3422 541 ὑπελθεῖν,
3506 480 3595 527 καὶ
3670 474 3759 527 ἁν-

384 561 605 616 tionem
634 560 913 616 exhibere
944 560 1237 617 videntur.
1270 564 1340 615 At
1359 560 1502 615 istos
1532 560 1778 631 quidem
1807 567 1981 633 prtete

2161 558 2489 633 απόὸραστον
2531 564 2616 612 τὸν
2657 560 2869 632 Elea/xcv
2918 564 3035 613 καθ’
3088 562 3280 613 ἑαυτῶν
3339 564 3559 634 όρώνται
3613 585 3760 639 παρ-

386 665 618 705 eamus.
2156 655 2461 722 εσχημένοι.
2490 650 2650 704 Ἀλλὰ
2683 655 2888 711 τούτους
2917 654 3006 722 μὲν
3038 650 3215 724 ἐῶμεν.

461 738 763 812 Quidquid
791 744 990 795 autem
1018 737 1316 809 objectum
1343 742 1647 795 estcontra
1665 738 1832 806 illud,
1856 739 1981 796 hon

2225 747 2330 801 Τῆς
2357 740 2515 801 αὐτῆς
2548 735 2606 791 δὲ
2632 738 2691 790 ἂν
2719 743 2795 797 εἰη
2827 746 3192 812 συστοιχείας,
3218 743 3337 793 ὅσον
3365 742 3431 802 εἰς
3458 740 3763 814 ἀντιλογίαν

390 844 528 884 nem
553 828 885 884 secundum
904 828 1122 884 animm
1152 826 1590 900 simplicitatem
1618 828 1695 884 ad
1718 829 1815 883 Dei
1840 829 1981 898 ima;

2161 830 2456 900 φθάνειτον
2514 829 2629 880 κατ’
2661 828 2833 880 εἰκόνα
2885 837 3017 881 Θεοῦ
3077 826 3469 882 διαπεπλοίσθαι
3527 834 3616 883 τόν
3670 834 3768 884 οἰν-

392 934 531 974 nem
561 918 746 975 fuisse
802 917 1130 981 conditum,
1164 917 1433 988 ejusdem
1485 916 1728 973 furfuris
1757 922 1886 982 est;
1924 934 1981 973 nt

2161 920 2361 992 θρωπον
2406 920 2537 969 κατὰ
2588 917 2699 989 (88)
2731 921 2786 969 τό
2833 926 2919 978 τῆς
2949 918 3135 990 ψυχῆς
3188 918 3500 991 ἀσώματον·
3561 922 3619 972 οὗ
3670 928 3769 992 μό-

393 1008 575 1064 modo
606 1007 768 1079 quia,
805 1012 865 1063 ut
894 1006 953 1062 in
977 1005 1226 1076 angelis,
1256 1006 1337 1063 ita
1365 1010 1421 1061 et
1449 1004 1509 1061 in
1540 1006 1673 1077 ipsa
1699 1007 1920 1073 anima,
1946 1024 1981 1078 p

2161 1026 2243 1057 νον
2286 1002 2446 1069 διότι,
2493 1007 2724 1079 καθάπερ
2775 1004 2821 1057 ἐν
2879 1015 2984 1068 τοῖς
3032 1005 3263 1079 ἁγγελοις
3311 1012 3446 1061 κατὰ
3501 1015 3764 1081 μετοχὴν,

391 1096 908 1169 participationem
924 1094 1221 1160 nobilitas,
1240 1100 1296 1150 et
1309 1095 1649 1166 praestantia
1666 1095 1981 1152 nobilissin

2161 1096 2294 1147 οὕτω
2360 1100 2448 1146 xui
2506 1094 2554 1146 ἐν
2613 1094 2742 1167 αὐτῇ
2796 1099 2852 1147 τό
2902 1098 3212 1169 ὑπερούσιόν
3266 1117 3319 1149 τε
3368 1104 3459 1149 καὶ
3507 1100 3768 1170 ὑπερφυὲς

389 1190 640 1250 naturae,
674 1191 730 1241 et
757 1185 1119 1256 incorporeas
1136 1183 1593 1256 pulchritudinis
1610 1184 1849 1249 divinae,
1871 1185 1981 1241 V81l

2161 1193 2249 1244 τῆς
2280 1204 2331 1236 τε
2358 1186 2672 1257 ὑπερουσίου
2726 1184 2907 1244 οὐσίας
2950 1192 3039 1237 καὶ
3095 1195 3186 1237 του
3230 1185 3511 1258 ἀσωμάτου
3541 1188 3769 1250 κάλλους

386 1276 446 1330 in
479 1274 739 1347 speculo,
791 1274 1090 1344 cernitur;
1124 1289 1327 1329 verum
1382 1273 1559 1329 etiam
1613 1274 1757 1345 quia
1786 1274 1846 1330 in
1900 1276 1981 1329 tri]

2162 1272 2546 1347 ἑνοπτρίζεται’
2611 1273 2736 1325 ἀλλὰ
2783 1276 2861 1325 ότι
2918 1280 3007 1326 καὶ
3055 1274 3103 1325 ἐν
3150 1283 3210 1346 τῇ
3267 1272 3514 1348 τριαδικῇ
3575 1284 3772 1329 ταυτό-

388 1363 741 1420 facultatum
801 1363 1173 1435 (intellectus,
1227 1362 1552 1427 memoriae,
1609 1369 1665 1418 et
1717 1365 1981 1419 voluntal

2162 1383 2279 1420 τητι
2327 1364 2355 1419 ἡ
2419 1362 2655 1432 ἑτερότης
2705 1364 2889 1434 ὁρᾶται
2928 1367 2982 1414 τό
3028 1362 3337 1434 ὰσύγχυτον
3370 1361 3767 1425 διασώζουσαι·

384 1453 694 1509 identitate
748 1452 1163 1509 confusionem
1203 1451 1411 1522 etIugit
1452 1451 1749 1507 distinctio
1785 1469 1798 1519 ;
1832 1452 1953 1507 imo

2166 1452 2207 1504 εἰ
2238 1450 2413 1524 βούλει
2446 1447 2619 1503 δὲκαὶ
2668 1447 2807 1503 διότι
2864 1452 3013 1523 λόγος
3046 1459 3281 1526 πρόεισιν
3335 1452 3387 1504 ἐκ
3440 1453 3625 1525 ψυχῆς
3672 1463 3774 1517 τῆς

387 1544 532 1615 quia
561 1542 814 1597 verbum
836 1541 1105 1613 procedit
1125 1557 1195 1596 ex
1223 1542 1439 1597 anima)
1459 1550 1676 1597 natura
1699 1541 1843 1596 illud
1864 1554 1981 1613 prot

2164 1544 2501 1614 προαγούσης
2530 1543 2685 1591 αὐτόν
2717 1543 2935 1611 φύσεως,
2968 1552 3025 1593 το
3062 1542 3386 1612 ἀσύστοιχόν
3417 1562 3470 1595 τε
3500 1549 3589 1594 καὶ
3632 1564 3775 1595 κατ-

390 1636 572 1697 rente,
600 1632 747 1686 dum
780 1631 858 1685 ab
888 1634 1017 1702 ipsa
1043 1629 1388 1685 distinctum
1421 1634 1531 1699 est,
1566 1635 1780 1685 etcum
1809 1648 1880 1687 ea
1906 1630 1981 1686 rel

2168 1630 2380 1687 ἀλληλον
2436 1626 2817 1702 διαφυλάττων,
2859 1636 3261 1703 συμπροημένην
3306 1632 3419 1702 (89)
3468 1629 3777 1694 ἐπιδεικνὺς

399 1722 625 1777 tionem
675 1720 1069 1791 appositionis
1114 1724 1309 1775 servat
1345 1736 1359 1783 ;
1391 1720 1497 1774 sed
1526 1726 1727 1775 tamen
1752 1736 1789 1776 a
1818 1722 1981 1791 spirit

2168 1723 2257 1769 xui
2283 1723 2375 1776 τὴν
2408 1720 2637 1791 ὁμοταγῆ
2675 1727 2765 1770 τοῦ
2797 1722 3086 1791 πνεύματος
3113 1722 3426 1772 ὑπόστασιν.

398 1814 614 1865 natura
641 1824 839 1880 neque
871 1814 1216 1880 separatum
1249 1813 1355 1873 est,
1389 1824 1583 1881 neque
1612 1809 1914 1866 dissimile.

470 1900 604 1954 Haec
631 1903 828 1954 autem
872 1898 1075 1969 utique
1109 1903 1388 1968 poterunt
1442 1914 1647 1954 secum
1680 1898 1853 1965 ferre,
1891 1916 1981 1972 qui

2240 1904 2416 1948 Ταῦτα
2449 1897 2559 1967 (90)
2602 1893 2653 1948 δ’
2686 1896 2744 1948 ἂν
2793 1901 2882 1949 καὶ
2942 1899 3015 1949 ἔτι
3067 1894 3388 1960 διασώζοιτο
3454 1903 3510 1950 τό
3554 1900 3675 1952 κατ’
3711 1900 3787 1952 εἰ-

400 1988 478 2043 ad
517 1988 840 2057 imaginem
870 1987 1201 2043 Conditoris
1248 1987 1433 2043 homo
1463 1988 1541 2044 ab
1570 1987 1740 2043 initio
1776 1990 1851 2044 sit
1883 1988 1981 2045 efft

2169 1992 2295 2039 κόνα
2355 1994 2444 2038 τοῦ
2510 1986 2807 2049 Ιιλάσαντος
2859 1986 3113 2059 ἀπαρχῆς
3180 1985 3617 2061 διαμορφωθῆναι
3688 1994 3784 2041 τόν

400 2082 621 2133 matus.
654 2076 777 2132 Tibi
809 2082 1010 2132 autem
1045 2076 1183 2141 alia,
1218 2081 1399 2148 atque
1444 2076 1581 2141 alia,
1615 2093 1751 2149 quae
1787 2077 1927 2133 hinc
1961 2094 1981 2150 ι

2169 2078 2456 2150 ἄνθρωπον.
2548 2075 2752 2128 "Enati
2830 2072 2888 2128 δὲ
2970 2095 3053 2128 σοι
3123 2076 3319 2128 πολλῶν
3391 2078 3618 2130 ἐντεῦθεν
3688 2081 3785 2151 ὁρ-

400 2172 619 2236 tuntur,
649 2167 774 2222 sine
804 2166 1056 2237 penuria
1082 2170 1409 2237 suppetunt
1429 2167 1723 2239 exempla.
1750 2168 1981 2239 Sapienl

2168 2171 2429 2237 μωμένων,
2535 2171 2623 2216 καὶ
2720 2164 2881 2216 οὒιλων
2980 2160 3416 2238 παραδειγμάτων
3522 2166 3780 2239 ἀφθονία.

396 2257 579 2319 enim,
610 2255 715 2319 vis,
750 2253 1028 2317 effectrix,
1058 2254 1496 2321 immortalitas,
1543 2260 1597 2311 et
1641 2255 1817 2327 plura
1845 2256 1981 2326 hujt

2167 2260 2234 2307 Τό
2298 2257 2398 2327 γὰρ
2479 2258 2654 2325 σοφόν,
2750 2258 2840 2305 καὶ
2928 2258 2987 2306 τὸ
3079 2250 3475 2329 δημιουργικὸν,
3553 2263 3648 2308 xui
3715 2262 3783 2309 τὸ

395 2344 576 2409 modi,
613 2345 671 2399 in
696 2343 937 2399 homine
964 2359 1247 2414 eXpressa
1277 2360 1347 2398 ex
1367 2344 1562 2415 prima
1584 2344 1708 2411 illa,
1737 2349 1795 2400 et
1825 2345 1981 2400 incox

2168 2343 2436 2414 ἀθάνατον,
2488 2349 2576 2396 καὶ
2628 2342 2789 2395 πολλὰ
2846 2350 3082 2407 τοιαῦτα,
3122 2342 3176 2395 ἐκ
3226 2351 3321 2406 τῆς
3371 2351 3603 2418 πρώτης,
3640 2345 3786 2399 ἐκεί-

395 2432 783 2505 prehensibili
814 2432 1133 2503 sapientia,
1164 2438 1219 2487 et
1245 2432 1535 2487 etfectrice
1569 2433 1645 2499 vi,
1676 2441 1857 2506 atque
1888 2439 1981 2490 esti

2164 2454 2275 2497 νης,
2326 2438 2415 2484 καὶ
2463 2434 2589 2505 ὑπὲρ
2646 2440 2762 2484 νοῦν
2819 2436 3016 2503 σοφίας,
3080 2438 3169 2484 xui
3231 2429 3608 2507 δημιουργίας,
3678 2444 3783 2489 xui

392 2522 596 2586 nitate,
622 2522 837 2575 divina
863 2529 1089 2577 naturae
1112 2520 1556 2576 similitudinem
1589 2522 1806 2577 ferunt.
1838 2524 1893 2577 Si
1916 2540 1981 2596 qi

2167 2518 2468 2581 ἀιδιότητος
2522 2520 2918 2592 ἐντετυπωμένα,
2971 2524 3107 2593 φέρει
3137 2528 3232 2583 τῆς
3262 2525 3460 2593 φύσεως
3505 2526 3561 2574 τὸ
3616 2522 3781 2577 ἀπει-

390 2616 595 2665 autem
631 2609 920 2673 maluerit,
955 2610 1133 2664 veluti
1161 2626 1229 2664 ex
1257 2611 1433 2664 variis
1464 2610 1787 2680 coloribus,
1825 2612 1981 2667 simil

2164 2617 2406 2682 κόνισμα.
2456 2610 2515 2663 Εἰ
2554 2606 2611 2661 δὲ
2666 2629 2757 2677 τις,
2811 2612 2983 2684 ὧσπερ
3030 2609 3085 2661 ἐκ
3133 2607 3393 2683 διαφόρων
3440 2617 3783 2685 χρωμάτων,

391 2714 557 2753 mam
583 2699 684 2753 Dei
710 2698 1037 2767 imaginem
1065 2697 1320 2768 exprimi
1344 2715 1357 2764 ;
1379 2702 1557 2769 atque
1575 2714 1642 2753 ex
1661 2698 1752 2754 his
1771 2700 1981 2755 omnib

2170 2696 2558 2758 θεοειδεστάτην
2637 2699 2930 2770 οἰκονομίαν
3000 2695 3403 2772 διαγράψασθαι
3490 2700 3779 2758 θελήσειε·

391 2786 882 2859 pulcherrimam,
904 2790 960 2841 et
985 2786 1491 2858 speciosissimam
1514 2787 1774 2843 hominis
1795 2787 1981 2845 forma

2165 2796 2254 2841 xui
2293 2786 2384 2841 διὰ
2422 2791 2615 2840 τούτων
2666 2788 2899 2840 ἁπάντων
2942 2790 3294 2861 μορφοῦσθαι,
3346 2794 3432 2840 xui
3478 2786 3780 2843 διατυποῠο

392 2875 616 2945 efﬁngi,
647 2875 932 2932 etexcudi
948 2874 1295 2939 aﬂlrmarit;
1324 2875 1375 2929 is
1392 2891 1512 2931 non
1528 2876 1708 2933 modo
1730 2878 1981 2949 imagine

2170 2880 2313 2947 σθαι,
2361 2883 2453 2935 τὴν
2499 2877 2781 2934 καλλίστην
2836 2896 2887 2928 τε
2927 2882 3014 2928 καὶ
3061 2879 3381 2949 ὡραιοτάτην
3421 2884 3627 2949 μορφὴν
3676 2888 3783 2931 τοῦ

392 2966 468 3021 ad
487 2972 766 3022 naturam
793 2970 1063 3021 nostram
1091 2965 1327 3036 proprie
1348 2967 1739 3037 pertinentem
1760 2969 1981 3023 ostendi

2169 2967 2439 3039 ἀνθρώπου
2486 2966 2793 3037 ἀποφήνειεν
2846 2968 2978 3037 μετὰ
3033 2974 3122 3018 τοῦ
3196 2962 3491 3028 ἰδιάζοντος
3534 2968 3624 3019 ἐπὶ
3673 2977 3783 3030 τῆς

393 3056 499 3112 sed
530 3056 709 3111 etiam
758 3055 835 3110 ab
867 3054 1229 3125 elegantiore
1259 3070 1456 3111 causae
1511 3056 1865 3122 redditione,
1920 3075 1974 3113 ω

2167 3059 2365 3127 φύσεως
2414 3058 2558 3128 ἡμῶν
2610 3060 2858 3127 παρέχειν
2910 3057 3033 3127 όρᾲν
3084 3059 3177 3112 τὴν
3209 3056 3379 3107 εἰκόνα
3424 3056 3779 3129 γλαφυρωτέ-

389 3147 637 3218 quidem
662 3145 910 3217 judicio,
945 3160 1069 3201 non
1102 3144 1350 3202 excidet.

2164 3166 2277 3218 ραν,
2333 3148 2392 3196 οὔ
2449 3164 2538 3216 μοι
2594 3140 2737 3196 δοκεῖ
2796 3140 3062 3196 διαπεσεῖν
3121 3153 3214 3205 τῆς
3262 3147 3395 3196 κατὰ
3438 3149 3530 3202 την
3588 3145 3781 3198 αἰτίαν

2165 3231 2332 3286 ἀποδό
2342 3252 2483 3294 σεως.

464 3327 666 3397 Itaque
698 3323 840 3378 nihil
872 3326 959 3378 est
983 3323 1145 3394 quod
1174 3339 1246 3378 ex
1276 3323 1448 3378 dictis
1473 3322 1758 3394 operibus
1792 3324 1939 3396 quid
1974 3342 1981 3377 ε

2235 3323 2436 3376 Οὐκοῦν
2466 3318 2615 3375 οὐδέν
2665 3320 2803 3374 ἐστιν
2857 3320 2912 3373 ἐκ
2951 3330 3049 3372 τῶν
3109 3322 3383 3397 εἰρημένων
3436 3324 3601 3397 ἓργῶν
3652 3326 3781 3377 οὔτε

392 3414 616 3483 imago,
650 3418 751 3468 aut
780 3412 929 3482 quid
956 3412 1372 3482 archetypum,
1398 3417 1496 3467 aut
1519 3412 1664 3483 quid
1692 3412 1857 3477 illud,
1886 3429 1981 3484 qui

2163 3418 2255 3471 τὴν
2306 3412 2476 3464 εἰκόνα
2524 3410 2714 3478 λαϐεῖν,
2774 3415 2889 3462 οὗτε
2938 3415 2996 3463 τό
3052 3410 3346 3484 ἀρχέτυπον
3391 3411 3596 3476 ἐννοεῖν,
3650 3410 3779 3465 οὐδ’

394 3502 472 3559 ad
526 3500 853 3571 imaginem
914 3502 1013 3555 Dei
1065 3500 1372 3555 conditum
1426 3505 1535 3563 est,
1598 3502 1981 3571 excogitemu:

2163 3502 2188 3553 ὁ
2231 3502 2344 3553 κατ’
2386 3501 2555 3553 εἰκόνα
2595 3507 2727 3552 Θεοῦ
2787 3496 3177 3552 διαπέπλασται
3204 3518 3216 3530 ·
3258 3506 3429 3553 καίτοι
3474 3501 3625 3553 εἰκὼν
3676 3506 3778 3571 μὲν

395 3589 631 3647 tametsi
651 3589 933 3659 imaginis
954 3590 1199 3644 nomine
1222 3588 1466 3657 intelligi
1492 3596 1694 3660 posset
1712 3590 1893 3645 etiam
1912 3607 1981 3645 un

2163 3590 2221 3641 Eu
2273 3591 2478 3647 νοηθείη
2522 3596 2653 3641 Θεοῦ
2702 3594 2790 3640 xui
2838 3590 3055 3640 ἕκαστον
3113 3598 3212 3640 τῶν
3263 3590 3538 3663 εἰρημένων
3596 3589 3777 3641 καλῶν

393 3695 651 3752 quaeque
677 3693 885 3733 earum
905 3677 1336 3748 praestantium,
1358 3677 1775 3749 nobiliumque
1793 3694 1981 3751 propr;

2161 3699 2211 3732 τε
2258 3684 2345 3731 καὶ
2380 3683 2563 3749 τιμίων
2592 3696 2603 3708 ·
2649 3679 2752 3729 οἷον
2803 3681 2859 3729 τό
2896 3676 2942 3728 ἐν
2982 3686 3053 3748 τῷ
3098 3676 3351 3751 ἀνθρώπῳ
3404 3677 3636 3748 λογικόν,
3678 3685 3776 3731 xui

396 3775 604 3834 tatum,
631 3783 782 3838 quas
808 3767 1095 3822 hactenus
1125 3766 1536 3821 recensuimus
1569 3784 1581 3833 ;
1615 3766 1793 3822 veluti
1825 3769 1981 3824 ratio

2163 3772 2262 3821 ὅσα
2322 3767 2451 3819 ἄλλα
2502 3772 2823 3841 προείρηται.
2877 3771 2975 3818 Καὶ
3029 3768 3128 3838 γὰρ
3176 3766 3414 3827 εἰκονίζει
3460 3775 3632 3818 ταῦτα
3668 3774 3775 3824 τήν

397 3857 581 3913 nandi
627 3856 900 3921 facultas,
934 3871 1057 3927 qua
1104 3854 1289 3909 homo
1338 3854 1540 3926 pollet,
1575 3862 1629 3911 et
1673 3872 1981 3929 quaecunqi

2163 3860 2287 3929 ὑπὲρ
2350 3856 2519 3927 λόγον,
2583 3860 2671 3907 καὶ
2730 3857 2921 3906 ἔννοιαν
2990 3854 3036 3906 ἐν
3225 3860 3332 3924 Θεῷ
3406 3857 3774 3929 θεωρουμένην

400 3963 590 4019 nuper
615 3945 875 4001 adducta
903 3950 1062 3999 sunt.
1095 3945 1230 3998 Haec
1255 3945 1413 3999 enim
1441 3944 1767 4015 imaginem
1793 3946 1981 4001 referu

2164 3946 2435 4019 βασιλείαν
2480 3964 2552 4013 τε,
2602 3949 2691 3995 καὶ
2741 3949 2946 4015 σοφίαν,
2988 3949 3076 3995 xui
3119 3940 3494 4016 δημιουργίαν,
3538 3952 3629 3995 xui
3678 3949 3773 3996 τὸν

393 4035 734 4101 ineﬂabilis,
794 4042 847 4090 et
896 4033 1540 4106 incomprehensibilis,
1585 4051 1770 4107 quam
1825 4035 1884 4091 in
1937 4039 1977 4091 D

2162 4035 2445 4111 οἰρρευστόν
2478 4053 2547 4103 τε,
2597 4038 2686 4084 xui
2732 4032 2931 4099 ἀπαθῆ,
2964 4038 3051 4084 καὶ
3104 4035 3380 4104 όμοούσιον
3424 4037 3615 4101 Λόγον.
3666 4038 3775 4085 Καὶ

392 4123 888 4197 contemplemur,
931 4122 1195 4191 ditionis,
1247 4123 1573 4194 sapientiae,
1628 4124 1966 4192 creationis,

2162 4128 2187 4178 ό
2244 4127 2512 4196 ἄνθρωπος
2561 4119 2934 4175 διαπλάττεται
2999 4126 3133 4174 κατὰ
3196 4127 3289 4179 τὴν
3348 4118 3774 4193 δημιουργικὴν,

394 4214 555 4272 Verbi
582 4214 759 4280 illius,
793 4212 958 4285 quod
988 4228 1096 4267 nec
1127 4210 1413 4274 difﬂuere,
1451 4228 1559 4267 nec
1586 4214 1917 4284 perturbari
1949 4232 1981 4286 p

2162 4220 2250 4267 xui
2330 4212 2633 4286 βασιλικὴν,
2726 4216 2813 4263 xui
2899 4211 3134 4283 λογικὴν,
3228 4216 3315 4262 xui
3412 4214 3599 4281 σοφίας
3652 4216 3779 4281 μέτ-

392 4311 522 4370 test,
554 4310 731 4377 atque
785 4303 934 4358 Patri
981 4308 1070 4356 est
1119 4302 1647 4357 consubstantiale.
1685 4306 1749 4357 Et
1779 4309 1932 4359 certe
1962 4320 1981 4359 γ

2162 4325 2288 4376 οχον
2322 4303 2508 4367 εἰκόνα,
2542 4301 2634 4353 οὐκ
2664 4300 2819 4361 αὑτός
2860 4301 2925 4350 ὡν
2966 4302 3153 4371 (ταῦτα
3203 4303 3246 4352 εἰ
3293 4319 3374 4360 τις
3414 4298 3776 4369 λεπτολογεῖν,

398 4395 683 4463 effectrix,
713 4391 1141 4448 dominationis
1173 4391 1517 4455 auctoritas,
1552 4390 1941 4447 ratiocinandi
1969 4394 2051 4448 fa-

391 4484 603 4549 cultas,
634 4451 687 4535 et
704 4481 1008 4552 sapientiae
1031 4479 1404 4551 participatio
1422 4495 1549 4533 esse
1568 4486 1813 4550 possent
1830 4482 2049 4551 imago,
2087 4451 2125 4502 Ι)

394 4573 470 4627 ad
498 4586 685 4642 quam
716 4571 900 4625 homo
932 4570 1221 4624 formatus
1250 4572 1361 4634 est,
1390 4568 1536 4622 dum
1566 4584 1685 4623 non
1719 4576 1806 4624 est
1827 4570 1981 4641 ipsei

2162 4573 2483 4643 πλασμένος·
2547 4569 2626 4619 ἵνα
2678 4571 2762 4618 καὶ
2820 4570 2847 4625 ἡ
2920 4567 3087 4631 εἰκὼν,
3150 4573 3237 4618 xui
3313 4570 3370 4618 τό
3427 4566 3539 4617 κατ’
3596 4567 3782 4617 εἰκόνα

391 4662 593 4729 imago
626 4660 695 4730 (si
726 4660 861 4731 quis
890 4660 1019 4714 haec
1052 4658 1344 4714 subtiliter
1373 4658 1728 4730 expendere,
1766 4664 1821 4714 et
1850 4676 1981 4716 nom

2165 4665 2475 4733 σαφέστερον
2532 4660 2832 4731 θεωρηθείη,
2888 4661 2975 4707 xui
3020 4652 3158 4729 μηδὲ
3212 4664 3302 4708 τοῦ
3357 4657 3701 4729 πρωτοτύπου
3737 4656 3774 4711 ἡ

393 4766 539 4804 num
566 4754 920 4819 potestatem
970 4748 1048 4802 ad
1079 4748 1335 4815 rigorem
1381 4748 1654 4819 persequi
1690 4764 1981 4820 supervac

2162 4753 2345 4822 ἄγνοια
2370 4751 2493 4820 ἡμῖν
2518 4766 2607 4821 περ
2618 4751 2737 4818 ιῄει.

434 4853 571 4893 eum
606 4851 726 4891 non
753 4838 996 4906 censet),
1031 4836 1137 4889 sed
1164 4836 1498 4890 secundum
1526 4837 1717 4908 ipsam
1752 4838 1943 4894 factus
1962 4846 2049 4895 est
2082 4861 2094 4897 :
2127 4846 2189 4897 ut
2219 4839 2399 4895 simul
2427 4843 2481 4894 et
2506 4840 2725 4905 imago,
2758 4838 2813 4890 et
2840 4833 3006 4905 quod
3035 4833 3112 4890 ad
3134 4833 3463 4903 imaginem
3488 4838 3600 4895 est,
3630 4832 3769 4905 pla-

393 4925 526 4981 nius
555 4924 979 4995 intelligantur,
1013 4939 1122 4979 nec
1153 4924 1326 4979 nobis
1357 4925 1664 4997 exemplar
1695 4926 1970 4997 ignorare
2004 4931 2329 5000 contingat.

463 5015 522 5069 Si
549 5012 684 5085 quis
714 5019 912 5069 autem
944 5014 1054 5069 ista
1085 5012 1263 5069 simul
1292 5013 1367 5069 ad
1400 5014 1746 5086 imaginem,
1772 5022 1827 5072 et
1848 5032 1981 5073 exex

2232 5014 2377 5069 Εἰδέ
2423 5035 2503 5077 τις
2532 5022 2697 5067 ταῦτα
2740 5019 3045 5084 σνναγαγείν
3093 5011 3325 5069 ἐθελήσοι
3374 5015 3499 5085 πρὸς
3549 5016 3643 5069 τήν
3697 5012 3781 5063 εἰ-

391 5105 522 5179 plar
554 5102 827 5159 maluerit
847 5104 1129 5159 reducere
1156 5102 1407 5172 (scilicet
1430 5118 1550 5159 non
1573 5103 1843 5174 cogitarit
1859 5106 1981 5163 hon

2161 5111 2300 5170 κόνα,
2344 5110 2433 5158 καὶ
2468 5108 2523 5156 τὸ
2564 5107 2920 5179 πρωτότυπον,
2964 5098 3114 5154 οὐδὲν
3163 5096 3276 5152 οὐδ’
3328 5100 3477 5161 οὗτος
3530 5097 3785 5172 διαμαρ-

392 5211 529 5252 nem
563 5192 896 5249 secundum
922 5193 1064 5249 istas
1096 5192 1506 5264 proprietates,
1541 5208 1677 5264 quae
1712 5193 1807 5250 Dei
1849 5196 1981 5265 imai

2161 5197 2315 5250 τείνει.
2362 5198 2437 5248 Tu
2485 5196 2586 5268 γὰρ
2638 5191 2684 5244 ἓν
2744 5199 2857 5263 Θεῷ
2911 5194 3048 5264 μόνῳ
3102 5191 3456 5263 καθορώμενοι,
3511 5196 3651 5242 Θεοῦ
3704 5188 3787 5241 ἂν

2162 4400 2249 4446 xui
2293 4396 2416 4467 πρὸς
2452 4389 2713 4463 ἀκρίϐειαν
2764 4388 3051 4461 ἀνιχνεύειν
3096 4398 3197 4442 τῶν
3240 4388 3501 4461 ὀνομάτων
3544 4393 3640 4445 τὴν
3676 4384 3779 4438 δύ-

2160 4504 2311 4555 ναμιν
2358 4480 2658 4553 ἀπερίεργον
2685 4483 2924 4550 νομίζει),
2975 4478 3100 4529 ἀλλὰ
3148 4482 3281 4529 κατὰ
3328 4482 3523 4535 ταυτην
3583 4474 3784 4528 διαπε-

1962 5376 2188 5432 NOT/E.

462 5528 575 5600 (88)
619 5528 783 5595 xm,
813 5525 976 5597 quod
1002 5526 1096 5582 hic
1128 5526 1357 5595 reﬁnxi,
1388 5525 1793 5599 calligraphus
1826 5525 2051 5583 dormi-
2158 5523 2367 5582 cudes.

390 5590 525 5661 talis
556 5590 616 5656 in
646 5604 735 5651 xui
766 5590 1120 5657 mutaverat.
1344 5590 1353 5595 ’
1525 5590 1555 5598 ν
1636 5590 1655 5599 ’

2231 5599 2341 5670 (90)
2369 5596 2461 5655 Sic
2490 5599 2635 5670 puto
2664 5590 3114 5652 emendandum
3136 5606 3247 5667 pro
3270 5594 3457 5667 ταύτῃ.

463 5672 575 5763 (89)
615 5673 1059 5749 Συμπροημμένην
1109 5670 1160 5728 si
1205 5670 1391 5744 legas,
1425 5682 1595 5744 aeque
1649 5683 1900 5727 sensum
1952 5683 2048 5727 ex-
