4126 6190
219 235 324 299 257
1259 236 1351 296 AD
1392 233 1957 309 AMPHILOCHIUM
2000 234 2330 308 QUIESTIO
2371 238 2589 297 XXXVI.
3497 245 3606 302 258

219 372 299 425 εἰη
346 385 359 397 ·
423 371 511 419 καὶ
557 366 583 417 6
622 370 753 437 πρὸς
809 366 975 419 ἐκεῖνα
1027 369 1358 439 τυποῦμενος,
1415 370 1539 441 πρὸς
1588 371 1717 420 Θεὸν
1774 366 1834 417 ἂν

1973 371 2107 431 ιυηι,
2151 366 2330 422 fuisse
2361 364 2691 435 conditum)
2724 380 2797 421 ne
2827 365 2875 421 is
2900 366 3145 439 quidem
3173 375 3413 425 erraret.
3458 370 3602 434 Qum

218 457 317 508 οὐκ
379 455 577 526 ἇιλόγως
630 456 926 507 τυποῦσθαι
976 456 1182 529 ῥηθείη.
1241 455 1510 517 Ὡσαύτως
1552 454 1611 509 6“:
1658 456 1747 508 καί
1795 457 1837 508 εἰ

1976 456 2106 511 nim
2128 455 2188 510 in
2221 454 2348 510 solo
2375 458 2488 510 Deo
2513 454 2969 526 perspiciuntur,
2999 457 3098 511 Dei
3130 456 3333 529 utique
3350 462 3522 521 sunt;
3545 462 3605 513 et

219 548 289 597 τὰ
320 544 370 596 ἄν
396 552 468 615 τῷ
502 544 777 616 ἀνθρώπῳ,
825 546 895 605 ὡς
923 542 971 595 ἰν
1003 543 1095 617 ὕλη
1138 548 1197 597 τό
1245 545 1419 611 οἰῦλον,
1458 547 1527 607 ὡς
1564 548 1835 619 παραχθεν

1975 544 2048 616 [ui
2069 544 2398 599 secundum
2422 560 2492 599 ea
2511 543 2697 599 factus
2714 549 2819 608 est,
2845 545 3178 600 secundum
3203 546 3389 601 Deum
3416 544 3604 601 lactus

220 640 311 687 τόν
349 637 656 707 παράγοντα
708 633 1031 696 ἐξεικονίζειν
1094 632 1267 686 ἔλαϐεν
1319 634 1479 705 ἰσχὺν
1528 636 1729 706 (γέγονε
1780 630 1837 687 δε

1976 648 2069 688 ton
2108 633 2395 687 immerito
2441 633 2750 688 diceretur.
2808 633 3027 688 Eodem
3069 639 3271 690 autem
3324 640 3495 705 pacto
3556 635 3605 689 si

222 732 397 776 ταῦτα
428 725 619 796 χάριτι
670 724 782 794 θείᾳ
809 727 899 774 καί
948 719 1121 795 δωρεᾴ
1174 730 1264 775 τοῦ
1306 723 1621 796 ἀνθρώπου),
1673 721 1722 775 ἐν
1766 730 1837 793 τῷ

1977 737 2076 777 [asc
2109 723 2167 776 in
2198 721 2442 778 homine
2473 737 2607 777 eam
2648 721 2751 777 Dei
2790 722 3240 779 similitudinem
3279 722 3606 795 producere

223 813 394 865 εἰκότι
444 812 583 883 λόγῳ
631 810 841 883 λεχθείη
894 810 955 863 ἆν
1001 816 1091 864 καὶ
1130 814 1155 864 6
1204 814 1473 885 ἄνθρωπος
1500 812 1646 864 εἰκὼν
1696 831 1839 884 γεγε-

1976 816 2291 875 ιοιυθειωι,
2338 826 2524 882 quam
2576 810 2820 883 spiritus
2887 812 3161 878 materia,
3216 818 3270 868 et
3315 811 3605 869 Creatoris

228 909 286 958 ai
296 903 425 953 σθαι
454 907 609 954 Θεοῦ.

1976 905 2223 955 :reatura
2259 899 2485 955 habere
2514 905 2709 971 potest
2738 900 2891 971 (haec
2929 906 3132 957 autem
3161 918 3234 958 ex
3270 902 3368 957 Dei
3394 902 3605 972 gratia,

1948 987 2363 1060 beneﬁcioque
2386 987 2620 1045 homini
2650 988 2865 1046 collato
2887 989 3043 1046 facta
3070 991 3250 1061 sunt),
3278 990 3413 1062 jure
3439 991 3610 1047 meri-

1953 1084 2129 1150 toque
2159 1078 2343 1134 homo
2373 1076 2575 1147 imago
2613 1078 2713 1133 Dei
2752 1077 2943 1134 factus
2980 1078 3293 1136 diceretur.

304 1170 395 1220 Διό
430 1172 520 1219 καὶ
550 1169 575 1218 ό
616 1169 747 1228 θεῖος
800 1170 1085 1240 Γρηγόριος
1138 1166 1295 1238 ἔλεγε·
1343 1188 1365 1217 ε
1420 1169 1550 1241 Παρ⁹
1589 1167 1753 1238 ἐαυτῷ
1780 1164 1840 1220 δε

2022 1164 2428 1231 Quamobrem
2452 1173 2507 1221 et
2535 1168 2599 1221 D.
2627 1165 2945 1235 Gregorius
2974 1167 3168 1239 inquit
3196 1184 3209 1222 :
3244 1190 3273 1219 ››
3302 1170 3380 1223 Ex
3401 1183 3463 1224 se
3482 1168 3608 1240 ipse

226 1261 394 1315 πνοὴν
451 1255 629 1318 ἐνθεὶς,
686 1254 712 1307 ὁ
767 1252 833 1313 δὴ
891 1260 1065 1328 νοεράν
1114 1255 1322 1327 ψυχὴν,
1358 1262 1447 1309 καί
1505 1256 1674 1309 εἰκόνα
1713 1262 1840 1310 Θεοῦ

1981 1256 2149 1327 Deus)
2183 1255 2550 1328 spiraculum
2590 1256 2803 1313 indidit
2836 1274 2847 1311 :
2890 1273 3011 1329 qua
3041 1258 3286 1330 quidem
3324 1258 3610 1331 loquendi

227 1341 374 1397 οἶδεν
406 1347 431 1396 6
461 1345 633 1415 λόγος.
683 1367 709 1393 »
744 1352 1037 1415 Συνοπτικῷ
1075 1348 1177 1417 γὰρ
1228 1348 1372 1416 τύπῳ
1399 1351 1604 1419 χαίρων
1635 1347 1660 1397 6
1709 1345 1842 1420 ἱερός

1981 1345 2175 1400 atione
2220 1344 2487 1400 animam
2530 1344 2977 1416 intelligentem,
3021 1352 3079 1401 et
3125 1346 3453 1418 imaginem
3508 1346 3610 1402 Dei

229 1434 422 1497 ἐκεῖνος
453 1436 742 1507 ἄνθρωπος,
791 1440 880 1487 καὶ
929 1433 1167 1508 βραχείᾳ
1220 1436 1468 1509 ῥημάτων
1507 1436 1669 1507 πλοκῇ
1720 1436 1842 1488 πολ-

1980 1434 2255 1504 ὶοινὶριιιηι
2294 1433 2589 1504 signiticet
2624 1436 2705 1504 (91
2717 1449 2759 1505 ).
2803 1456 2825 1485 »
2869 1436 3016 1491 Cum
3058 1435 3206 1491 enim
3248 1436 3488 1491 concisa
3517 1434 3609 1491 lo-

232 1523 333 1575 λὼν
370 1526 642 1595 νοημάτων
684 1523 1018 1595 ἀπαγγέλλειν
1065 1529 1339 1596 περιοχὴν,
1372 1533 1563 1599 μικροῦ
1606 1528 1725 1587 τοὺς
1755 1524 1843 1577 λό-

1977 1523 2203 1587 :utione,
2248 1526 2305 1577 et
2346 1522 2510 1577 brevi
2551 1522 2860 1578 verborum
2903 1524 3137 1579 ambitu
3174 1539 3340 1580 sacer
3384 1524 3480 1580 ille
3520 1524 3606 1580 vir

229 1633 363 1684 γους
394 1613 556 1664 αὐτοῦ
586 1615 721 1664 κατὰ
760 1618 845 1671 τὴν
887 1609 1029 1665 ἰδέαν
1061 1616 1254 1670 ταύτην
1289 1611 1842 1667 συνδιαποικίλλεσθαι

1973 1610 2167 1667 nullas
2199 1610 2377 1665 simul
2414 1613 2737 1667 sententias
2776 1611 3038 1683 proferre
3077 1618 3256 1678 amet,
3289 1629 3602 1686 propemo«

228 1710 391 1755 ποιεῖ.
435 1705 523 1754 Διὸ
554 1702 841 1765 κάνταῦθα,
894 1723 919 1751 ε
957 1706 1142 1769 Πνοην,
1177 1702 1349 1767 εἰπὼν,
1410 1701 1564 1763 ἐνθεὶς
1594 1722 1623 1754 ι)
1656 1704 1705 1773 (ὃ
1748 1708 1841 1762 τὴν

1978 1699 2097 1755 lum
2136 1716 2442 1755 sermones
2472 1715 2612 1755 suos
2641 1700 2733 1755 his
2772 1700 3048 1757 dictionis
3088 1702 3384 1757 coloribus
3414 1701 3607 1758 reddit

231 1788 627 1864 δημιουργικὴν
670 1791 829 1861 ἰσχὺν
858 1789 1036 1863 ἐπεῖχε
1060 1800 1157 1852 τῆς
1183 1790 1336 1862 ψυχῆ
1350 1792 1414 1863 ς),
1457 1790 1571 1844 ἀντὶ
1604 1800 1693 1844 τοῦ
1720 1796 1839 1844 ταύ-

1982 1790 2308 1858 'ariegatos.
2340 1789 2533 1854 Quare
2559 1786 2650 1843 hic
2674 1804 2938 1861 quoque,
2963 1789 3129 1855 dum,
3151 1791 3345 1862 inquit
3376 1811 3400 1841 ‹‹
3426 1791 3611 1862 spira-

228 1900 327 1938 την
374 1888 437 1952 τῇ
483 1880 727 1954 ἑρμηνείᾳ
764 1884 857 1939 τὴν
915 1877 1201 1933 διάστασιν
1245 1880 1561 1950 ἰξαπλῶσαι,
1599 1901 1843 1934 συνοπτι-

1993 1878 2157 1934 ulum
2188 1877 2403 1933 indidit
2437 1897 2459 1926 ι
2491 1878 2679 1950 (quod
2701 1879 2815 1932 vim
2844 1880 3237 1949 operatricem
3265 1880 3475 1937 animae
3504 1880 3614 1935 da-

227 1978 333 2029 κως
360 1968 658 2041 ἀπεφήνατο
687 1968 820 2020 λίαν.
866 1989 889 2017 a
932 1968 997 2020 ‘0
1050 1965 1117 2028 δὴ
1154 1974 1243 2021 καὶ
1295 1989 1470 2045 νοεραν
1517 1970 1723 2042 ψυχὴν,
1756 1976 1845 2022 καὶ

1984 1984 2078 2023 am
2108 1966 2347 2039 innuit),
2369 1966 2558 2022 noluit
2577 1967 2738 2023 hunc
2760 1983 3006 2023 sensum
3023 1968 3295 2025 distincte
3317 1974 3375 2025 et
3394 1968 3613 2025 diffuse

229 2057 409 2109 εἰκόνα
450 2064 585 2111 Θεοῦ
615 2053 754 2109 οἶδεν
784 2059 809 2108 6
839 2056 1010 2128 λόγος.
1055 2080 1081 2107 η
1115 2058 1488 2131 Διαπλοῦμενος
1516 2055 1569 2110 δ’
1604 2060 1743 2129 αὐτῷ
1774 2068 1845 2131 τῷ

1979 2055 2291 2121 enucleare,
2320 2054 2425 2110 sed
2452 2056 2656 2127 paucis
2676 2071 2815 2111 eum
2840 2057 2985 2112 satis
3009 2058 3569 2129 exposuitsubdens
3596 2074 3608 2113 :

228 2153 461 2218 νοήματι
494 2148 608 2217 ἔφη.
644 2166 672 2197 (ι
702 2144 853 2206 Ἠτις
882 2151 974 2203 τὴν
1006 2149 1180 2220 νοερὰν
1224 2146 1409 2218 ψυχὴν
1458 2144 1849 2219 ἐδημιούργησε

1985 2164 1991 2198 ε
2022 2147 2066 2210 Q
2077 2160 2152 2200 ua
2166 2143 2411 2216 quidem
2437 2143 2723 2215 loquendi
2746 2144 2976 2200 ratione
2994 2145 3262 2202 animam
3289 2146 3614 2217 intelligen-

230 2255 309 2305 τε,
353 2240 445 2287 καὶ
491 2240 807 2309 προήγαγενο
852 2234 912 2292 ἣν
965 2235 1136 2288 εἰκόνα
1188 2240 1315 2288 Θεοῦ
1358 2232 1493 2288 εἶδεν
1542 2237 1566 2287 6
1616 2236 1784 2305 λόγος.
1819 2254 1847 2287 ››

1985 2249 2099 2300 em,
2140 2238 2194 2288 et
2224 2232 2541 2302 imaginem
2582 2233 2680 2287 Dei
2720 2232 3026 2304 Scriptura
3072 2234 3383 2303 significat.
3418 2254 3450 2290 ›
3481 2238 3614 2307 lpse

238 2331 446 2381 autem
479 2323 691 2380 eadem
719 2324 1015 2379 sententia
1044 2341 1105 2379 se
1134 2324 1441 2396 explicans
1473 2326 1556 2381 ait
1588 2342 1600 2380 :
1636 2323 2075 2395 (spiraculum),
2111 2343 2139 2371 (ί
2171 2320 2338 2395 quod
2368 2320 2637 2377 animam
2666 2320 3093 2393 intelligentem
3122 2324 3366 2394 creavit,
3398 2330 3456 2381 et
3474 2340 3611 2397 pro-

236 2413 435 2477 duxit,
462 2427 651 2484 quam
674 2412 917 2468 nomine
945 2412 1224 2483 imaginis
1256 2413 1355 2468 Dei
1381 2412 1685 2485 Scriptura
1711 2410 2006 2482 signiﬁcat
2029 2410 2165 2483 (92).
2198 2432 2226 2460 ››

315 2502 468 2554 Οὕτω
500 2496 558 2553 δι
609 2502 722 2553 ἔστι
773 2506 862 2553 καὶ
920 2501 993 2564 εἰς
1023 2497 1122 2554 δύο
1170 2509 1482 2573 συναγαγεῖν
1512 2510 1604 2554 τοῦ
1660 2504 1849 2575 θεωρή-

2031 2501 2153 2554 Hoc
2182 2503 2383 2555 autem
2422 2502 2598 2570 pacto
2638 2500 2962 2571 proposita
3001 2500 3282 2557 doctrinae
3321 2501 3616 2573 expositio

240 2610 412 2663 ματος
453 2594 547 2647 τὴν
586 2591 873 2663 ἑρμηνείαν,
921 2594 1009 2642 καὶ
1056 2591 1125 2652 εἰς
1176 2595 1296 2662 τρία
1342 2590 1494 2642 πάλιν
1534 2590 1848 2653 ἰξαπλῶσαιο

1989 2588 2242 2644 ιοιθεῐειά
2259 2587 2375 2643 duo
2393 2587 2701 2659 capita(ad
2720 2589 3114 2645 ratiocinandi
3129 2595 3184 2646 et
3200 2590 3517 2663 imperandi
3536 2590 3618 2649 ta-

238 2681 437 2753 μάλλον
498 2677 548 2733 δ’
605 2684 649 2733 εἶ
701 2699 779 2740 τις
831 2680 947 2732 καθ’
1004 2681 1221 2732 ἕκαστον
1266 2679 1587 2751 λεπτολογεῖν
1641 2698 1714 2744 τε,
1764 2683 1851 2730 καὶ

1993 2678 2251 2749 nitatem)
2270 2677 2471 2746 redigi.
2492 2677 2633 2749 quin
2651 2678 2822 2734 etiam
2839 2680 2909 2734 ad
2930 2678 3038 2734 tria
3054 2679 3123 2750 (si
3143 2679 3335 2736 addas
3352 2680 3463 2735 vim
3488 2696 3619 2752 ope-

240 2770 697 2843 πολυπραγμονείν
764 2767 995 2826 ἐθελήσει
1061 2774 1153 2825 τὴν
1221 2772 1554 2842 προκειμὲιην
1616 2770 1851 2841 θεωρίαν,

1994 2767 2262 2837 atricem)
2279 2766 2543 2822 extendi:
2564 2768 2756 2837 potius
2774 2773 2999 2834 autem,
3019 2768 3065 2821 si
3083 2769 3217 2840 quis
3230 2770 3466 2839 singula
3482 2770 3620 2825 sub—

238 2863 481 2930 τέσσαρα
509 2858 568 2909 ἂν
615 2861 692 2915 εἰη
752 2857 979 2929 εἰσορᾴν·
1032 2854 1102 2910 δι’
1140 2858 1206 2908 ὧν
1246 2859 1275 2915 ἠ
1322 2862 1512 2929 σχέσις
1542 2865 1633 2909 τοῦ
1676 2858 1854 2909 εἰκονι-

1990 2856 2135 2911 iliter
2152 2855 2447 2927 persequi,
2468 2854 2771 2912 etcuriose
2797 2857 3155 2926 investigare
3182 2858 3446 2929 voluerit,
3472 2874 3619 2930 qua-

244 2952 466 3019 ζομὲνου
512 2951 636 3019 πρὸς
685 2950 742 2999 τό
784 2949 1193 3020 σφραγιζόμενον
1234 2950 1327 3004 τὴν
1377 2946 1546 2998 εἰκόνα
1577 2943 1851 3005 διασώζει.

1992 2959 2097 3000 uor
2117 2946 2314 3017 utique
2327 2944 2555 3015 (addita
2572 2942 2741 2999 Verbi
2757 2944 3146 3016 emanatione)
3168 2950 3443 3018 poterunt
3464 2946 3620 3003 inve-

240 3045 401 3091 Ἐστι
459 3040 549 3108 μεν
578 3039 680 3109 γὰρ
732 3039 789 3087 τό
823 3043 971 3089 Θεῖον
1018 3035 1067 3086 ἐν
1125 3044 1163 3105 ᾠ
1196 3044 1295 3087 τῶν
1352 3037 1478 3108 ὑπὲρ
1519 3034 1706 3099 αἰτίαν,
1767 3039 1856 3086 καὶ

1987 3032 2074 3089 iiri
2095 3050 2108 3099 ;
2130 3048 2379 3105 parquae
2392 3032 2595 3088 relatio
2618 3032 2766 3088 inter
2785 3037 3312 3105 repraesentantem
3332 3039 3616 3107 etreprm-

240 3126 543 3196 κατάληψιν
606 3132 781 3178 πᾶσαν
840 3120 1108 3196 δυνάμεων
1162 3126 1190 3183 ἡ
1248 3126 1533 3199 θεοπρεπὴς
1591 3122 1858 3198 ἀπαστρά-

1991 3128 2286 3191 ιθιιῑειιιιω,
2304 3122 3255 3193 intercedensrationemimaginis
3274 3129 3497 3181 servat.
3530 3127 3620 3180 Est

243 3236 366 3269 πτει
413 3214 692 3276 τελειότης.
737 3212 887 3268 Ἔστι
928 3209 986 3265 δὲ
1016 3218 1102 3265 καὶ
1156 3215 1221 3265 τὰ
1264 3216 1454 3265 τούτων
1508 3212 1860 3287 ἀμαρύγματα

1989 3213 2125 3267 anim
2144 3212 2423 3267 Divinitas
2444 3228 2533 3275 ea,
2559 3210 2616 3266 in
2644 3226 2763 3282 qua
2790 3209 3067 3282 perfectio
3092 3211 3462 3277 facultatum,
3484 3230 3618 3286 quae

245 3311 342 3363 τήν
406 3304 593 3357 ἐκεῖθεν
661 3305 824 3377 χάριν
880 3302 936 3354 ἐκ
1006 3302 1383 3376 φιλρνθρωπίας
1440 3301 1857 3375 ἀποματτόμενα,

1984 3317 2151 3374 supra
2179 3316 2421 3356 omnem
2462 3316 2701 3355 causam
2740 3304 2795 3357 et
2825 3301 3420 3373 comprehensionem
3458 3309 3613 3369 sunt,

248 3400 342 3447 και
398 3390 494 3445 διὰ
560 3400 713 3444 τοῦτο
766 3395 860 3448 τὴν
907 3399 1001 3453 τῆς
1051 3391 1242 3452 εἰκόνος
1297 3390 1483 3448 κλῆσιν
1534 3391 1855 3463 ἐφελκόμεναο

1993 3390 2152 3462 ligna
2176 3391 2294 3446 Deo
2324 3389 2582 3459 effulget.
2616 3388 2767 3444 Sunt
2799 3393 3000 3445 autem
3029 3390 3239 3445 barum
3271 3390 3622 3448 facultatum

250 3482 335 3553 ὑφ’
366 3483 437 3541 οἶς
470 3482 495 3532 6
534 3482 808 3554 ἄνθρωπος
862 3485 1100 3553 τέταρτον
1148 3482 1282 3531 κατὰ
1311 3484 1404 3537 τὴν
1443 3480 1556 3551 (93)
1605 3487 1692 3531 νῦν
1726 3480 1861 3552 εἰρη-

1993 3479 2141 3543 adii,
2165 3478 2262 3551 qui
2291 3477 2789 3551 pulchritudinem
2814 3478 2970 3533 illinc
2992 3494 3062 3533 ex
3085 3478 3290 3537 divina
3308 3479 3622 3536 clementia

251 3571 411 3643 μένην
458 3570 627 3623 εἰκόνα
687 3566 1124 3642 διαπλαττόμενος
1162 3572 1294 3641 ἔχει.
1361 3567 1521 3621 Ὠστε
1574 3570 1622 3619 οἰ
1669 3574 1756 3625 τὴν
1797 3569 1861 3621 εἰ⁸

1994 3574 2277 3638 Lcceptam
2304 3566 2665 3638 exprimunt,
2687 3571 2741 3621 et
2759 3572 3071 3638 propterea
3090 3567 3371 3638 imaginis
3402 3584 3623 3626 nomen

252 3665 401 3727 κόνα,
456 3664 546 3713 καὶ
599 3664 657 3711 τό
687 3658 801 3711 κατ’
856 3659 1026 3711 εἰκόνα
1074 3657 1121 3710 ἐν
1154 3654 1424 3730 διαφόροις
1476 3656 1857 3720 ἐπιζητοῦντες,

1994 3655 2085 3711 sibi
2112 3655 2442 3721 vindicant;
2470 3671 2719 3728 quorum
2748 3656 3051 3712 radiorum
3076 3662 3357 3728 quartum
3381 3673 3623 3731 quoque

254 3750 312 3800 οὗ
366 3752 533 3822 μέχρι
570 3744 784 3821 τριάδος
826 3750 1009 3800 ἱστᾶσι
1060 3751 1150 3806 τὴν
1196 3748 1443 3815 ζήτησιν,
1477 3746 1602 3798 ἀλλὰ
1654 3750 1736 3797 καὶ
1785 3750 1862 3797 τί·

1989 3744 2152 3801 iabet
2189 3744 2389 3809 homo,
2445 3745 2776 3800 secundum
2820 3744 3001 3801 modo
3054 3745 3276 3801 dictam
3316 3747 3618 3819 imaginem

253 3858 465 3912 ταρτον,
499 3837 524 3888 6
551 3834 681 3908 μηδ’
713 3834 1001 3904 ἐζήτησαν,
1037 3837 1434 3907 συνεπάγονται.

1993 3834 2284 3889 'ormatus.
2329 3834 2521 3899 Quare
2548 3834 2651 3905 qui
2677 3833 3006 3904 imaginem
3037 3840 3094 3890 et
3120 3834 3285 3906 quod
3314 3836 3391 3891 ad
3417 3837 3622 3906 imagi-

253 3944 395 3984 nem
436 3933 545 3989 est,
585 3926 747 3982 haud
789 3926 850 3981 in
893 3942 1013 3982 una
1043 3942 1103 3981 re
1142 3925 1533 3997 quaerendum
1575 3928 1806 3997 putant,
1841 3939 1960 3979 non
1994 3939 2183 3996 usque
2214 3923 2291 3978 ad
2335 3922 2445 3980 tria
2474 3923 2668 3995 capita
2706 3922 3165 3995 exquisitionem
3206 3924 3613 3982 similitudinis

254 4016 602 4090 producunt
632 4032 645 4069 :
676 4014 779 4070 sed
809 4022 1086 4087 quartum
1117 4030 1360 4085 quoque
1387 4022 1626 4086 (nempe
1661 4012 1830 4067 Verbi
1860 4012 2347 4083 emanationem),
2380 4013 2544 4084 quod
2571 4027 2691 4067 non
2723 4012 3109 4083 quaesierunt,
3142 4013 3455 4084 adjiciunt.

324 4108 501 4178 Ταύτῃ
557 4106 661 4177 ἄρα
696 4109 785 4156 καὶ
824 4107 911 4156 τόν
960 4102 1337 4176 ἔκπεριώνυμον
1388 4100 1536 4174 οἶμαι
1582 4105 1866 4176 Γρηγόριον

2049 4101 2444 4167 Quamobrem
2461 4100 2977 4173 praeclarissimum
2996 4103 3334 4171 Gregorium
3352 4105 3622 4172 arbitror,

253 4195 552 4265 καθυφέντα
604 4199 696 4253 τῆς
756 4191 947 4252 πολλῆς
1006 4189 1372 4265 ἀκριϐολογίας
1430 4189 1747 4265 ἁρκεσθῆναι
1803 4196 1863 4261 τῇ

1995 4190 2543 4246 ιυωωοιοοιιιίοιιὶε
2567 4189 2740 4260 rigori
2769 4190 3011 4246 minime
3033 4196 3363 4258 vacantem,
3394 4198 3624 4249 tantum

256 4283 418 4337 εἰκόνι
497 4286 587 4336 καὶ
644 4289 716 4332 τῶ
777 4276 1190 4354 παραδείγματι.
1242 4279 1479 4355 Ἐπείπερ
1534 4276 1672 4353 μηδὲ
1738 4282 1869 4351 πρό-

2000 4279 2238 4350 magine
2297 4282 2355 4335 et
2402 4277 2959 4351 exemplari't'uisse
3007 4283 3375 4335 contentum.
3426 4281 3626 4353 Neque

260 4375 405 4433 θεσις
454 4368 516 4430 ἦν
573 4370 713 4442 αὐτῷ
767 4374 823 4423 τὸ
862 4370 1021 4444 ῥητόν
1068 4369 1452 4442 καταμερίξειν,
1511 4372 1601 4421 καὶ
1649 4367 1715 4428 εἰς
1768 4370 1869 4421 ὅσα

2000 4369 2136 4423 :nim
2175 4367 2290 4423 sibi
2322 4373 2716 4439 proposuerat
2747 4367 3059 4439 Scriptura}
3086 4368 3395 4424 oraculum
3426 4369 3485 4425 in
3518 4370 3629 4425 mi-

262 4459 500 4528 δύναιτο,
549 4465 681 4533 μέρη
740 4458 854 4531 (94)
896 4457 1183 4520 συναύξειν·
1241 4457 1348 4509 ἀλλ’
1403 4460 1451 4511 ἓν
1500 4465 1865 4531 πανηγυρικῷ,

1996 4462 2153 4513 mtas
2184 4462 2383 4529 partes
2411 4456 2768 4528 dispescere,
2804 4472 3045 4527 easque.
3077 4463 3370 4529 quantum
3403 4465 3625 4530 posset,

260 4556 354 4603 καὶ
407 4547 682 4621 δημοτελεί
732 4548 868 4620 λόγῳ
923 4552 1109 4622 χρείαν
1166 4547 1395 4620 πληροῦν
1448 4547 1751 4623 παρελήφθη
1809 4549 1864 4600 τό

1999 4546 2370 4618 nultiplicare
2396 4562 2409 4611 ;
2434 4544 2539 4600 sed
2556 4561 2693 4600 cum
2716 4544 3187 4612 celeberrimam,
3208 4546 3438 4617 publica
3449 4565 3549 4621 mq
3560 4567 3628 4606 ue

264 4644 513 4715 θεώρημα
532 4646 604 4710 τῷ
628 4637 815 4696 πλήθει
848 4638 1356 4710 συμπεριφίρόυσαν.

1999 4636 2316 4692 toncionem
2327 4634 2593 4702 haberet,
2613 4632 2963 4704 sibipropos
2974 4634 3056 4689 uit
3078 4635 3162 4690 sic
3178 4635 3510 4693 doctrinam
3536 4655 3628 4694 ex-

1976 4740 2218 4798 ponere,
2267 4729 2327 4779 ut
2373 4721 2850 4795 frequentissimo
2889 4722 2971 4777 illi
3025 4726 3339 4781 conventui
3388 4726 3629 4797 plenam

1979 4812 2213 4869 atierrel
2251 4812 2561 4868 utilitatem

336 4910 477 4968 Τινες
516 4902 574 4960 δί
618 4908 675 4959 τὸ
725 4924 752 4956 (ι
781 4902 895 4958 κατ’
928 4901 1098 4958 εἰκόνα
1132 4926 1153 4955 ι
1188 4903 1566 4976 παρειλήφασιν
1611 4900 1720 4956 ἀντὶ
1754 4910 1867 4973 τοῦ,

2051 4902 2331 4959 Nonnulli
2352 4916 2493 4957 vero
2517 4899 2667 4957 illud
2682 4922 2709 4950 «
2730 4900 2809 4958 ad
2828 4901 3153 4971 imaginem
3176 4926 3194 4953 ο
3217 4904 3503 4977 scriptum
3519 4922 3627 4979 pro

1834 5079 2062 5138 ΝΟΤᾹΞ.

337 5237 454 5311 (91)
491 5238 556 5293 In
590 5237 644 5294 S.
681 5235 909 5292 Pascha
962 5234 1121 5290 hom.
1168 5248 1229 5303 ιι,
1260 5249 1320 5307 p.
1372 5236 1493 5290 680.
1554 5232 1701 5289 Edit.
1736 5233 1860 5289 Col.
1980 5232 2515 5313 jectumexpunxi.
2708 5302 2722 5313 _
2802 5306 2811 5313 _
2960 5301 3016 5313 Η

271 5301 447 5368 ,ϐῥοί
1215 5301 1221 5303 ’
1261 5301 1282 5307 “
1632 5375 1640 5376 7
1754 5374 1766 5376 _
1983 5301 1993 5303 ’
2030 5304 2167 5376 ,(94)
2197 5301 2559 5376 Hariolando
2583 5301 2726 5357 illud
2748 5306 2877 5376 μέρη
2903 5302 2978 5357 ad
3003 5301 3448 5376 interstitiolum
3471 5324 3634 5365 com-

338 5384 453 5453 (92)
495 5379 606 5437 Ubi
637 5378 699 5434 id
735 5377 1053 5449 scripserit,
1085 5376 1322 5439 nescio;
1355 5380 1505 5432 certe
1531 5376 1589 5431 in
1630 5374 1873 5433 laudata
1985 5372 2273 5447 pleudum
2302 5375 2531 5438 refinxi,
2556 5388 2665 5455 nec
2690 5372 2782 5455 me
2812 5372 2986 5500 piget.
3018 5372 3276 5431 Verbum
3305 5385 3502 5435 autem
3536 5400 3632 5432 πα-

340 5456 540 5500 aiinne
571 5450 960 5500 desideratur.
1985 5450 2264 5500 νηινυοικόν
2320 5446 2396 5499 ab
2445 5446 2690 5500 exordio
2729 5461 2858 5500 eius
2908 5461 3004 5500 em
3057 5448 3343 5500 orationis
3391 5451 3632 5500 edoctus

269 5446 540 5512 oratione
571 5446 960 5506 desideratur.
1985 5446 2264 5517 νηγυρικόν
2320 5446 2396 5499 ab
2445 5446 2690 5500 exordio
2729 5446 3004 5516 ejusdem
3057 5448 3343 5505 orationis
3391 5451 3635 5507 edoctus

340 5500 1078 5599 (éijioﬁaéiiiisah‘yau
1116 5519 1232 5576 huc
1258 5523 1394 5591 post
1421 5522 1514 5578 τὴν
1548 5519 1763 5576 frustra
1788 5518 1873 5574 in-
1986 5500 2221 5574 reddidi
2251 5517 2709 5574 celeberrimum.

634 5620 869 5676 Pauor.
903 5618 1009 5675 Ge.
1050 5616 1141 5676 Cl.
3250 5620 3286 5680 9
