4126 6190
598 267 704 324 263

676 389 996 460 QUESTIO
1034 386 1267 445 XXXVII
1309 387 1539 529 Βῖςξῧιῗ]
1563 392 1615 444 ει
1657 387 1833 444 Coisl.
1870 394 1924 444 ει
1971 390 2151 445 Taur.

600 551 891 619 Quomodo
914 550 1099 606 illud:
1123 568 1152 602 ‹
1184 549 1433 606 Oculum
1462 564 1575 618 pro
1607 550 1791 612 oculo,
1812 555 1863 604 et
1895 550 2123 605 dentem
2148 565 2260 619 pro

668 624 863 687 dente,
899 622 1039 677 huic
1084 627 1383 689 prmcepto
1428 636 1439 674 :
1502 619 1636 690 8Ego
1683 625 1868 675 autem
1911 621 2044 676 dico
2094 621 2254 677 vobis

667 710 784 749 non
803 693 1073 749 resistere
1093 693 1252 748 malo
1279 694 1323 756 ’,
1346 709 1373 742 ›
1393 690 1456 745 id
1475 697 1552 745 est
1578 708 1697 747 non
1722 692 1939 759 referre
1962 708 2080 759 par
2090 692 2256 763 pari,

668 780 851 836 neque
879 764 1174 819 inimicum
1194 763 1427 827 ulcisci,
1459 778 1572 818 non
1600 764 1962 819 adversatur
1988 768 2012 816 ι

1798 228 2073 320 ίρΗοΤιι
2118 261 2597 321 PATRIARCHAE
2636 263 2744 321 cp.

2274 397 2319 447 Α
2922 393 3240 442 ΕΡΩΤΗΣΙΕ
3278 388 3398 442 ΛΖ’.

3832 262 3933 321 264

2370 556 2485 621 ῐΙῷς
2530 546 2747 601 δύναται
2787 553 2863 621 μη
2912 550 3251 621 ἀντικείμενον
3296 546 3547 621 εἷναιᾼτό,
3599 568 3626 598 α
3668 546 3943 618 Ὀφθαλμὸν

2440 618 2550 672 ἀντὶ
2602 616 2887 692 ὀφθαλμοῦ,
2914 626 3002 672 καὶ
3034 616 3219 673 ὀδόντα
3251 619 3362 671 ἀντὶ
3394 616 3621 681 ὀδόντος,
3658 642 3674 667 ε
3709 616 3831 690 πρός
3859 616 3944 684 τὸ,

2443 712 2469 742 (ι
2503 674 2648 779 Ίςζνῖιέιι⁸
2673 688 2731 744 δὲ
2938 694 3058 773 ύμῖν
3099 697 3171 763 μὴ
3222 690 3526 749 ἀντιστῆναι
3556 698 3627 779 τιξι
3673 674 3889 762 πονηρῷ,
3922 713 3946 737 η

2512 767 2624 778 -..
2792 763 3381 779 .,-.--..
3621 760 3893 779 .ς.,,

2440 760 2578 836 tauri
2600 767 2711 815 ἔστι
2737 769 2807 835 μὴ
2831 760 3111 825 ἐπεξελθεῖν
3134 770 3242 823 τοῖς
3264 765 3481 836 ὁμοίοις,
3504 760 3641 834 μηδὲ
3669 760 3949 834 ἀμύνασθαι

2440 837 2525 886 τόν
2557 832 2778 907 ἐχθρόν;

596 925 749 976 Edita
773 925 839 975 ab
862 924 1093 974 Antonio
1115 924 1317 979 Scotto,
1334 922 1369 971 ι.
1390 938 1456 979 c.,
1486 938 1537 987 p.
1559 925 1720 975 85.87.
1750 925 1822 975 De
1844 924 2101 1035 antilogila
2118 925 2256 973 inter
2270 922 2666 1047 Verbgoghristi,
2690 922 2877 972 Matth.
2898 937 2945 979 ν,
2974 924 3119 971 38-39
3141 926 3193 973 et
3216 922 3391 972 Verba
3408 922 3542 985 legis
3569 921 3726 970 Exod.
3745 933 3847 975 xxx.
3878 922 3947 969 24.

2101 1001 2181 1036 cv.
2218 1000 2355 1040 χειν,
2468 1024 2480 1036 .

2101 1001 2181 1036 εν.
2218 1000 2355 1040 XXIV,
2400 1000 2480 1036 Ζυ.

668 1076 841 1144 Quod
873 1077 1134 1147 majores
1156 1076 1338 1131 nostri
1378 1076 1453 1131 de
1481 1076 1595 1132 bac
1645 1077 1972 1149 quastione
2023 1076 2256 1145 excogi-

600 1172 821 1230 tarunt,
888 1166 1047 1221 idem
1086 1163 1353 1235 profecto
1409 1165 1585 1220 nobis
1645 1170 1733 1220 est
1769 1164 2261 1236 respondendum

599 1258 764 1327 quod
790 1253 1054 1310 videlicet
1080 1253 1209 1308 haec
1235 1252 1358 1308 duo
1382 1252 1493 1308 sibi
1514 1254 1767 1309 invicem
1796 1268 1918 1308 non
1945 1253 2265 1309 adversen"

599 1348 715 1407 tur,
748 1358 945 1414 neque
968 1341 1153 1398 altero
1175 1341 1498 1398 constituto
1523 1342 1773 1397 alterum
1798 1346 2088 1397 evertatur
2113 1359 2126 1407 ;
2154 1342 2261 1397 sed

595 1432 736 1488 illud
775 1431 973 1503 potius
996 1429 1091 1485 via
1129 1431 1411 1501 quaedam
1463 1447 1535 1486 ac
1573 1431 1935 1502 praeparatio
1975 1432 2067 1497 sit,
2124 1446 2261 1502 quas

596 1538 697 1594 per
718 1520 1214 1592 imperfectiorem
1234 1519 1541 1588 regiminis
1565 1520 1822 1575 formam
1845 1520 1914 1575 ad
1937 1520 2260 1591 perfectam

598 1606 873 1662 traducit.
917 1605 1026 1670 Qui
1079 1605 1239 1659 enim
1286 1605 1403 1675 legi
1458 1621 1655 1661 mores
1704 1622 1849 1660 suos
1884 1606 2262 1661 conformare

599 1696 875 1764 assuevit,
904 1695 950 1748 is
992 1693 1245 1750 facillius
1277 1699 1470 1764 potest
1509 1694 1752 1763 aggredi
1797 1694 2063 1758 meliora,
2105 1701 2158 1749 et
2185 1694 2261 1749 ad

600 1782 979 1839 sublimiores
1000 1782 1232 1838 tendere
1257 1780 1584 1853 effingique
1614 1784 1878 1837 virtutes.
1915 1786 2029 1837 Hoc
2062 1788 2262 1838 autem

600 1870 910 1945 quomodo
946 1870 1025 1926 ad
1082 1886 1315 1934 sensus,
1356 1875 1415 1925 et
1464 1871 1723 1927 actiones
1781 1872 2078 1943 oppositas
2138 1886 2266 1943 per-

601 1962 811 2016 tineret
835 1960 862 2014 ‘I

672 2052 960 2105 Caeterum
982 2046 1091 2103 dici
1117 2052 1328 2119 potest,
1353 2048 1517 2120 quod
1551 2048 1646 2104 lex
1670 2048 1961 2105 audacem
1991 2064 2060 2105 ac
2088 2053 2266 2105 teme-

600 2137 821 2195 rariam
849 2138 1108 2193 hominis
1129 2152 1378 2193 manum
1404 2141 1678 2193 adamno
1703 2138 1759 2192 in
1788 2138 2060 2208 proximo
2079 2138 2265 2193 inten-

602 2226 780 2282 tando
812 2225 1102 2290 cohibeat,
1145 2241 1215 2281 ac
1256 2240 1448 2296 poenae
1490 2224 1800 2281 formidine
1841 2225 2067 2281 facinus
2120 2240 2265 2296 prae-

603 2315 841 2387 pediat:
882 2314 1067 2383 gratia
1108 2329 1261 2379 vero,
1296 2313 1491 2383 legem
1534 2330 1655 2369 non
1704 2315 1951 2381 imitata,
1992 2314 2264 2369 admoni-

602 2404 821 2459 tionem
848 2402 907 2457 in
939 2402 1177 2457 ultionis
1206 2402 1408 2456 locum
1468 2401 1739 2457 sufﬁcere
1767 2410 1933 2458 curet
1974 2418 1988 2469 ;
2022 2402 2144 2458 imo
2175 2402 2266 2472 ju-

602 2492 741 2547 beat
796 2490 926 2547 irati
983 2491 1158 2545 animi
1222 2490 1690 2546 commotionem
1748 2491 1984 2547 lenitate
2048 2490 2263 2546 sedari.

604 2580 758 2646 Quid
788 2584 989 2635 autem
1030 2579 1239 2651 poterit
1279 2579 1496 2649 magis,
1538 2596 1725 2652 quam
1767 2580 1901 2642 hoc,
1944 2596 2063 2635 non
2096 2579 2267 2635 dissi-

606 2668 831 2734 dentes,
857 2667 960 2724 sed
990 2667 1428 2723 consentientes
1458 2683 1668 2723 sensus
1700 2668 1999 2725 continere
2024 2669 2053 2724 ?

678 2845 1041 2903 Addendum
1067 2849 1369 2917 praeterea,
1402 2846 1564 2918 quod
1583 2846 1930 2919 neutiquam
1955 2852 2265 2919 repugnet,

608 2941 672 2992 ut
709 2936 811 3007 qui
851 2935 1008 3005 leges
1048 2934 1270 3000 condit,
1322 2934 1399 2991 ab
1438 2935 1671 3006 injustis
1714 2937 1993 2992 manibus
2033 2936 2269 2993 talionis

609 3040 854 3098 poenam
886 3028 1181 3095 exposcat,
1211 3023 1527 3097 nimiaeque
1554 3024 1830 3091 lenitatis,
1868 3020 2269 3097 ac'patientiai

612 3114 827 3170 limites
851 3112 1184 3181 contrahat,
1226 3121 1283 3168 et
1317 3113 1495 3168 simul
1535 3112 1725 3169 animi
1765 3115 2267 3185 perturbationem

616 3207 979 3275 compescat.
1030 3201 1141 3259 Sed
1198 3201 1411 3257 horum
1464 3202 1715 3258 alterum
1764 3203 2100 3258 humanum
2156 3208 2266 3269 est,

2443 1075 2596 1129 ’Ἐστι
2652 1080 2741 1146 μεν
2799 1072 2886 1127 οὖν
2939 1078 3114 1145 εἰπεῖν,
3167 1076 3201 1126 ἃ
3238 1080 3327 1126 καὶ
3378 1080 3483 1134 τοῖς
3531 1076 3630 1145 πρὸ
3668 1075 3808 1145 ἡμῶν
3847 1077 3949 1147 περὶ

2372 1170 2555 1221 τούτου
2612 1165 3022 1237 πεφιλοσόφηται
3094 1172 3187 1216 τοῦ
3246 1167 3547 1235 ζητήματος
3574 1178 3588 1192 ⁸
3657 1164 3826 1233 ὅτιπερ
3897 1162 3949 1213 ού

2375 1254 2409 1311 δ
2414 1260 2702 1329 ιαμάχεται
2730 1256 2911 1325 ταῦτας
2935 1257 3066 1325 πρὸς
3095 1253 3312 1317 ἄλληλα,
3348 1249 3463 1305 οὐδ’
3507 1254 3537 1309 η
3588 1252 3798 1325 θατέρου
3829 1252 3950 1311 θέσις

2374 1345 2637 1418 ἀναίρεσις
2661 1351 2753 1395 τοῦ
2786 1343 2957 1415 ἐτέρου
2988 1344 3308 1395 καθίσταται
3333 1359 3345 1371 ·
3376 1338 3499 1403 όδὸς
3532 1336 3592 1393 δι
3617 1340 3800 1412 μᾶλλόν
3830 1338 3951 1403 ἐστι,

2372 1439 2461 1486 καὶ
2504 1436 2812 1507 παρασκευή
2860 1429 2954 1483 διὰ
3004 1439 3098 1492 τῆς
3155 1430 3484 1503 ἀτελεστέρας
3539 1429 3791 1489 πολιτείας
3836 1432 3953 1502 πρὸς

2372 1528 2428 1576 r6
2477 1523 2661 1575 τεἿειον
2700 1525 3145 1594 παραπέμπουσα.
3195 1522 3253 1572 Ὀ
3296 1522 3398 1592 γὰρ
3453 1518 3632 1579 έθίσας
3681 1518 3849 1569 ἑαυτόν
3883 1522 3954 1568 νό-

2374 1632 2454 1684 μῳ
2512 1614 2576 1663 τὰ
2627 1611 2745 1662 καθ’
2803 1610 2981 1661 έαυτόν
3048 1610 3356 1681 ἐπιτρέπειν,
3416 1608 3561 1667 οὗτος
3612 1608 3805 1679 ἕτοιμός
3858 1605 3957 1657 ίστι

2320 1760 2323 1763 _
2374 1706 2463 1753 καὶ
2500 1709 2600 1751 τῶν
2639 1703 2937 1773 κρειττόνων
2986 1700 3253 1751 ποιεῖσθαι
3312 1702 3406 1755 τὴν
3452 1698 3678 1768 αἰρεσιν,
3726 1700 3810 1747 καὶ
3850 1698 3959 1766 πρὸς

2375 1793 2468 1851 τὰς
2498 1789 2817 1860 ὑψηλοτέρας
2849 1796 2949 1839 τῶν
2986 1787 3221 1861 πράξεων
3253 1785 3582 1859 ἀνατρέχειν,
3613 1790 3702 1836 καὶ
3726 1786 3963 1855 μεθαρμό-

2308 1920 2347 1975 B
2379 1880 2583 1940 ζεσθαι,
2611 1881 2769 1932 Τοῦτο
2799 1874 2858 1929 δέ
2886 1886 2988 1937 πῶς
3017 1879 3078 1928 ἄν
3108 1880 3185 1934 εἴη
3222 1883 3317 1936 τῆς
3350 1875 3704 1946 ἀντικειμένης
3731 1870 3960 1937 διανοίας,

2376 1973 2466 2021 καὶ
2496 1966 2725 2040 πράξεως
2749 1985 2761 2033 ;

2445 2055 2647 2116 Ἀλλως
2683 2074 2735 2108 τε
2778 2051 2836 2107 δε
2874 2058 2964 2105 καὶ
3011 2055 3091 2106 ὅτι
3122 2054 3147 2104 ό
3312 2056 3472 2125 νόμος
3518 2056 3611 2108 τὴν
3642 2047 3840 2107 αὐθάδη
3884 2054 3963 2100 καὶ

2374 2146 2633 2217 τολμηρὰν
2683 2152 2842 2218 χεῖρα
2898 2145 3035 2194 κατὰ
3084 2150 3175 2194 τοῦ
3231 2142 3453 2199 πλησίον
3513 2150 3603 2201 τῆς
3661 2138 3960 2211 παλαμναίου

2375 2234 2604 2310 πράξεως
2661 2230 2753 2286 διὰ
2809 2241 2904 2294 τῆς
2960 2231 3173 2291 ἀπειλῆς
3226 2230 3546 2294 ἀναστέλλει,
3603 2234 3690 2281 διαὶ
3728 2237 3795 2299 τῷ
3838 2225 3960 2298 φόϐῳ

2377 2323 2562 2375 κωλύει
2605 2326 2662 2375 τό
2710 2323 2899 2373 ἄτοπον
2929 2339 2941 2349 ’
2978 2323 3007 2377 ἠ
3042 2317 3101 2372 δὲ
3150 2323 3312 2392 χάρις
3350 2315 3477 2371 οὐδὲ
3507 2327 3569 2391 τῇ
3621 2322 3745 2389 πρὸς
3783 2318 3959 2371 ἐκείνην

2375 2418 2599 2483 μιμήσει
2640 2407 3177 2484 ἀντιδραματουργεῖν
3230 2406 3323 2461 διὰ
3365 2417 3461 2469 τῆς
3506 2411 3842 2480 παραινέσεως
3879 2408 3958 2460 τὴν

2377 2500 2673 2573 ἀμύνουσαν
2705 2498 2962 2571 ἐπιτρέπει
2988 2517 3001 2530 ·
3035 2497 3163 2549 ἀλλὰ
3194 2506 3255 2569 τῇ
3290 2501 3553 2572 πραότητι
3593 2492 3814 2547 διαλύειν
3841 2511 3955 2563 παρ-

2378 2594 2629 2661 εγγυᾶται
2657 2596 2749 2641 τοῦ
2783 2590 3107 2659 θυμουμένου
3152 2591 3209 2639 τό
3254 2589 3572 2657 κινούμενον.
3605 2589 3702 2637 Καὶ
3731 2588 3778 2635 τί
3804 2582 3860 2633 ἄν
3888 2583 3952 2637 εἴη

2377 2682 2561 2731 τούτου
2592 2683 2888 2750 συμφωνίαν
2906 2676 3095 2749 μᾶλλον
3123 2675 3236 2728 ἀντὶ
3260 2684 3350 2735 τῆς
3377 2671 3668 2746 διαφωνίας
3687 2688 3952 2744 καταπρατ-

2377 2773 2434 2821 τό
2439 2787 2584 2841 μενον
2614 2786 2629 2832 ς

2453 2862 2552 2910 Καὶ
2600 2854 2667 2914 δὴ
2700 2860 2787 2907 καὶ
2838 2857 2917 2908 ὅτι
2947 2859 3041 2907 οὐκ
3072 2858 3213 2907 ἔστιν
3261 2852 3487 2905 ἐναντίον
3536 2856 3620 2905 τόν
3662 2850 3957 2924 κατάρξαντα

2378 2955 2570 3019 χειρῶν
2628 2942 2824 2997 ἀδίκων
2874 2952 2968 3005 τῆς
3028 2944 3266 3003 ἰσότητος
3314 2948 3407 3001 τὴν
3472 2944 3669 3015 οἰμυναν
3729 2939 3953 2999 ἀπαιτεῖν,

2379 3040 2469 3088 καὶ
2517 3038 2574 3087 τό
2618 3035 2731 3087 λίαν
2776 3032 3015 3098 ἐπιεικὲς,
3048 3037 3138 3084 καὶ
3179 3034 3545 3106 μακροθυμίας
3598 3033 3713 3105 ὅρος
3757 3025 3958 3081 έπεστελ·

2381 3124 2506 3188 λειν,
2561 3128 2651 3176 καὶ
2699 3123 3029 3182 κατευνάζειν
3090 3130 3181 3182 τῆς
3232 3120 3421 3193 ψυχῆς
3480 3125 3538 3172 τό
3596 3121 3955 3194 ταραττόμενον.

2383 3213 2539 3267 Ἀ).λά
2590 3218 2647 3265 τό
2704 3216 2794 3284 μὲν
2853 3210 3188 3284 ἀνθρώπινον,
3250 3214 3307 3261 τό
3362 3206 3421 3262 δι
3478 3211 3723 3280 θειότερον
3755 3224 3765 3234 ’
3812 3205 3870 3255 ὧν
3911 3204 3957 3252 τὸ

614 3272 866 3348 alterum
907 3291 1181 3346 divinum
1223 3307 1237 3356 ;
1273 3294 1330 3345 et
1368 3291 1512 3346 illud
1553 3291 1800 3363 quidem
1842 3292 2114 3348 damnari
2157 3308 2269 3348 non

2383 3306 2473 3375 μεν
2514 3304 2628 3374 ἔχει
2667 3305 2721 3353 τὸ
2753 3300 3173 3372 ἀκατάγνωστον,
3203 3302 3261 3351 τό
3314 3296 3372 3351 δι
3414 3302 3476 3351 τὸ
3520 3307 3618 3350 τῶν
3649 3295 3849 3348 ἐπαίνων
3888 3291 3957 3342 ἐπα

616 3386 828 3454 potest,
855 3380 969 3436 hoc
993 3386 1193 3436 autem
1221 3385 1306 3434 est
1332 3379 1617 3435 laudibus
1643 3380 2091 3436 cumulandum.

690 3472 824 3525 Hinc
862 3470 1057 3539 itaque
1109 3468 1362 3524 dicenda
1403 3476 1561 3534 sunt,
1604 3476 1784 3541 atque
1832 3470 1923 3524 his
1962 3472 2273 3542 proposita

617 3560 933 3616 difﬁcultas
956 3558 1265 3614 solvenda.
1292 3563 1361 3613 At
1384 3558 1583 3613 minus
1598 3565 2002 3631 opportunum
2024 3560 2273 3616 fortasse

619 3664 742 3705 non
780 3653 933 3703 esset
972 3647 1247 3718 adjicere,
1282 3648 1445 3719 quod
1486 3646 1681 3718 prima
1710 3648 1955 3719 quidem
1987 3649 2276 3706 sententia

620 3738 697 3794 ad
712 3736 978 3808 judicem
992 3736 1297 3803 referatur,
1331 3752 1401 3790 ne
1429 3735 1477 3789 is
1498 3735 1723 3807 justam
1748 3738 1998 3793 excedat
2028 3739 2277 3809 castiga-

624 3829 845 3884 tionem
874 3843 887 3893 ;
921 3825 1025 3881 sed
1056 3824 1290 3881 talionis
1323 3826 1536 3896 jugum
1577 3825 1906 3908 plectendis
1938 3828 2277 3885 hominibus

623 3918 1015 3989 proponatur,
1057 3918 1110 3969 et
1145 3912 1385 3984 justitiee
1442 3913 1650 3969 oculus
1689 3920 2049 3987 agnoscatur
2088 3917 2276 3973 incor-

624 4011 833 4077 ruptus
875 4021 888 4059 :
949 4003 1213 4058 secunda
1260 4018 1400 4059 vero
1457 4003 1535 4058 ad
1576 4019 1705 4059 eum
1745 4004 1849 4076 qui
1888 4004 1947 4060 in
1983 4006 2277 4076 judicium

623 4100 819 4159 vocat,
852 4093 1160 4165 pertineat,
1182 4092 1328 4147 dum
1364 4092 1605 4148 ultionis
1628 4094 2011 4150 acerbitatem
2034 4109 2139 4166 per
2167 4096 2280 4151 cle-

624 4183 863 4239 mentite
894 4180 1126 4236 divitias
1156 4180 1439 4236 emendat
1484 4181 1871 4254 mitigatque;
1906 4198 1979 4239 ne
2015 4184 2155 4239 mali
2187 4201 2283 4241 ex-

625 4277 787 4343 petat
825 4274 1239 4342 augmentum,
1281 4285 1476 4341 neque
1505 4270 1671 4342 quod
1712 4270 2004 4327 damnum
2044 4273 2188 4339 odit,
2229 4278 2285 4330 et

626 4359 1133 4418 animadversione
1189 4358 1441 4428 dignum
1481 4365 1699 4426 censet,
1740 4361 1856 4416 hoc
1894 4361 2110 4433 ipsum,
2155 4380 2263 4435 par

2384 3391 2547 3454 ιον.

2457 3478 2607 3532 Ἐστι
2655 3481 2745 3550 μεν
2792 3474 2878 3530 οὖν
2909 3476 3051 3529 ταῦτ’
3086 3476 3260 3546 εἰπεῖν,
3304 3480 3393 3527 καὶ
3443 3478 3644 3535 τούτοις
3685 3476 3740 3525 τὸ
3788 3473 3954 3543 ἄπορον

2386 3567 2753 3621 ἐπιλύσασθαι.
2811 3564 2977 3619 Ούδεν
3024 3562 3082 3619 δε
3134 3573 3313 3639 χεῖρον
3366 3567 3496 3627 ἴσως
3539 3565 3844 3639 προσθεῖναι,
3881 3561 3955 3609 καὶ

2388 3660 2467 3710 ὅτι
2503 3662 2560 3709 τό
2600 3660 2689 3729 μὲν
2720 3660 2851 3731 πρός
2887 3660 2973 3707 τὸν
3004 3660 3183 3730 κριτὴν
3215 3657 3327 3726 ἔχει
3367 3659 3463 3713 την
3510 3654 3777 3725 ἀναφορὰν,
3812 3643 3953 3721 μηδὶν

2386 3754 2476 3800 τοῦ
2527 3743 2738 3799 δικαίου
2781 3752 2942 3797 ποιεῖν
2999 3749 3389 3819 προτιμότερον,
3442 3742 3571 3795 ἀλλά
3612 3750 3698 3801 τῆς
3743 3740 3955 3794 ἰσότητος

2390 3844 2497 3898 τοῖς
2559 3833 2919 3908 δικαζομένοις
2986 3834 3296 3908 προκεῖσθαι
3353 3835 3534 3904 ζυγόν,
3590 3837 3675 3884 καὶ
3727 3826 3953 3901 ὀφθαλμόν

2389 3921 2680 3978 ἀδέκαστον
2736 3922 2892 3985 δίκης
2954 3921 3435 3995 ἐπιγινωσκεσθαιο
3498 3925 3556 3973 τό
3612 3916 3666 3973 δε
3716 3919 3832 3992 πρὸς
3884 3916 3954 3964 τὸν

2390 4019 2683 4087 κρινόμενον
2742 4008 3086 4081 ἀποδίδοται,
3154 4010 3602 4085 μεταῤῥυθμίζον,
3672 4013 3755 4060 καὶ
3820 4022 3957 4056 κατα-

2392 4112 2615 4179 πραύνον
2698 4103 3080 4176 φιλανθρωπίας
3152 4101 3354 4171 πλούτῷ
3429 4106 3486 4153 τό
3545 4098 3834 4172 φλεγμαῖνον
3884 4099 3956 4149 τῆς

2395 4190 2788 4253 ἀνταποδόσεως
2820 4209 2832 4223 ·
2888 4196 2977 4244 καὶ
3033 4196 3105 4264 μὴ
3163 4191 3337 4250 ζητεῖν
3390 4194 3449 4242 τό
3490 4190 3653 4251 πάθος
3700 4182 3954 4244 συναύξειν,

2394 4278 2525 4355 μηδ’
2603 4281 2628 4332 ὃ
2707 4288 2870 4353 μισεῖ,
2939 4284 3028 4331 καὶ
3104 4278 3340 4339 κολάζειν
3414 4278 3616 4350 νομίζει
3690 4276 3955 4347 προσήκειν,

2395 4380 2547 4424 τούτο
2600 4378 2707 4432 τοῖς
2758 4372 2957 4442 ὁμοίοις
3012 4366 3247 4444 δράμασι
3312 4367 3589 4426 πληθύνειν
3654 4368 3710 4417 τό
3765 4359 3957 4429 κακούρ-

625 4450 757 4523 pari
784 4448 1114 4516 referendo,
1143 4448 1508 4519 multiplicat,
1528 4465 1723 4521 neque
1750 4428 2171 4523 inexplebilem
2209 4454 2270 4510 ef-

2394 4479 2581 4533 γημα·
2643 4428 2798 4532 μηδι.
2837 4462 2894 4512 τό
2951 4428 3058 4521 τῆς⁸
3102 4428 3414 4529 όιλονεικίας
3479 4448 3955 4528 συγκατασκευάζειν

625 4539 781 4594 ﬁciat
804 4537 1277 4608 indignationem
1300 4538 1398 4609 (3).

630 4628 947 4694 QUzESTIO
982 4626 1235 4682 XXXVIII
1276 4628 1516 4693 [Scotlo,
1554 4628 1737 4685 Coisi.
1775 4630 1961 4688 Taur.
2001 4632 2282 4707 XXXVII].

630 4716 876 4783 Quidam
911 4716 1019 4771 hoc
1043 4716 1283 4771 dubium
1300 4720 1638 4785 proponunt
1667 4734 1678 4772 ξ
1709 4720 1777 4775 Si
1802 4735 1916 4775 non
1936 4726 2014 4776 est
2037 4723 2285 4779 circum-

698 4790 923 4855 scripta
949 4789 1011 4841 in
1044 4788 1188 4841 Filio
1210 4788 1418 4859 deilas,
1449 4804 1605 4854 caro,
1632 4806 1807 4859 quam
1833 4793 2169 4859 assumpsit,
2195 4795 2285 4850 vel

700 4866 779 4914 est
808 4859 1021 4928 ubique
1038 4858 1330 4933 ;_ubi_enim
1350 4868 1429 4914 est
1447 4858 1654 4933 deitas,
1677 4861 1837 4917 illam
1853 4858 2067 4933 quoque
2082 4865 2283 4922 adesse

700 4936 924 5008 oportet
947 4946 959 4983 :
982 4931 1092 4993 vel,
1124 4930 1175 4983 si
1186 4936 1277 5008 est
1306 4932 1424 4985 loco
1454 4930 1920 5008 circumscripta,
1950 4930 2025 4989 ab
2054 4950 2135 5000 eo,
2177 4938 2283 5008 qui

700 5004 887 5070 ipsam
914 5001 1239 5068 assumpsit,
1271 5009 1546 5069 separata
1574 5011 1658 5059 est
1682 5005 1779 5075 (at).

2398 4549 2699 4626 ἀκόρεστον.

2948 4643 3261 4691 ΕΡΩΤΗΣΙΣ
3304 4636 3439 4691 AH'.

2393 4732 2532 4789 Tw'r;
2599 4724 2964 4799 διαποροῦσιν,
3026 4730 3091 4800 ὡς
3150 4726 3193 4778 εἰ
3259 4722 3640 4800 ἀμπερίγραπτος
3708 4722 3735 4779 ἡ
3800 4715 3843 4770 έν
3897 4718 3953 4800 ῖῷ

2475 4802 2570 4869 ι’ίῷ
2626 4796 2824 4864 θεότήςι
2871 4800 2900 4856 ἡ
2960 4797 3112 4873 σὰρξ,
3172 4799 3231 4856 ἣν
3280 4796 3534 4873 ἀνελαϐεν,
3595 4796 3623 4852 η
3674 4796 3950 4873 πανταχρξς

2466 4857 2583 4924 ἔνθα
2661 4875 2759 4945 γὰρ
2840 4873 2869 4927 ἡ
2951 4857 3149 4934 mimi,
3234 4867 3474 4928 κάκείνην
3550 4873 3777 4945 παρεῖναι
3854 4857 3952 4945 διξ*

2468 4944 2494 5000 ἡ
2564 4924 2981 5016 περίγραφομένη
3050 4946 3211 5013 τόπῳ,
3290 4949 3382 4994 τοῦ
3448 4924 3835 5012 προσείληφότος
3891 4924 3945 4980 διν

2466 5032 2701 5071 εστηκεν.

1094 5099 1247 5149 Edim
1270 5099 1335 5147 ab
1361 5103 1465 5149 Am
1499 5100 1661 5159 Sco“.
1689 5102 1721 5152 Ι·
1755 5118 1831 5160 0-.
1861 5119 1915 5167 p-
1951 5106 2033 5161 88.
2072 5110 2341 5164 Tractatio
2376 5113 2681 5176 dogmatica
2726 5112 2791 5161 de
2817 5110 3116 5175 ubiquitate
3148 5112 3390 5175 corporis
3426 5109 3635 5160 Christi.

627 5190 735 5256 Qui
775 5187 1042 5260 religioni
1084 5188 1336 5261 obsequi
1389 5191 1649 5262 cupiunt,
1690 5198 1745 5249 et
1790 5192 2122 5254 Christiana
2163 5217 2275 5257 no-

697 5288 717 5323 ⁸
750 5288 932 5343 Exod.
967 5303 1083 5351 xxx,
1116 5290 1202 5359 24,
1230 5288 1394 5343 Deut.
1428 5305 1516 5355 xv,
1549 5290 1609 5343 21
1651 5308 1666 5355 ;
1704 5291 1864 5348 Levit
1888 5310 2010 5361 xm,
2044 5298 2130 5351 20.

2457 5202 2568 5255 Ούκ
2626 5198 2687 5260 ἦν
2742 5200 2949 5275 ἀπορεῖν
3007 5209 3105 5253 τῶν
3158 5199 3385 5254 εὐσεϐεῖν
3438 5200 3748 5265 ζητούντων,
3796 5192 3875 5244 καὶ
3908 5203 3960 5254 τὸ

2211 5302 2231 5334 ⁹
2273 5300 2472 5357 Matth.
2496 5318 2551 5367 v,
2581 5300 2668 5356 39.

2192 5374 2234 5427 Ν
2242 5373 2403 5429 ΟΤιΕ

694 5456 774 5538 ς3)
826 5456 959 5538 ᾼὶὶει
1018 5457 1205 5538 multa
1260 5458 1413 5538 lectu
1456 5458 1823 5538 dignissima
1864 5463 1941 5519 ad
1997 5464 2154 5523 hanc
2195 5465 2281 5521 δο.

625 5529 793 5613 κοῦσα
821 5529 1112 5613 ἀντιλογίαν
1140 5529 1575 5613 conciliandam
1601 5533 2049 5613 reperiesapud
2077 5540 2285 5613 __Chry-

625 5606 957 5684 sustomum
998 5600 1158 5684 hom.
1206 5600 1367 5684 [Smin
1391 5602 1614 5684 .Matth;
1639 5600 2037 5684 Augustin-um
2075 5609 2179 5684 lib.
2212 5600 2277 5683 '11,

622 5673 701 5734 De
734 5688 986 5735 sermon.
1018 5674 1187 5733 Dom.
1227 5673 1535 5732 Hilarium.
1575 5673 1979 5753 Euthymium,
2004 5685 2061 5739 et
2095 5673 2278 5743 Theo;

2395 5471 2764 5542 phylactum,
2779 5473 3151 5542 etauctorem
3169 5468 3373 5541 Operis
3391 5463 3707 5541 imperfecti
3729 5461 3782 5519 in
3796 5455 3957 5516 a'ddu‘

2393 5540 2552 5599 ctum
2586 5545 2647 5597 D.
2685 5540 2935 5597 Matthaai
2967 5542 3188 5598 locum.
3222 5540 3225 5541 ⁷
3314 5612 3317 5613 ν
3472 5540 3506 5613 ⁷-
3768 5608 3776 5613 Α
3815 5600 3827 5613 ,

2487 5617 2540 5677 4)
2582 5613 2754 5680 Quod
2784 5613 2964 5683 hujus
3006 5612 3355 5687 quaestionis
3387 5610 3690 5687 perbreve,
3734 5608 3796 5687 et
3813 5605 3960 5687 inter:

2384 5673 2659 5761 palatum
2686 5673 3305 5760 excerptum'ediderit
3326 5673 3740 5746 Cémbeﬂsius,
3770 5673 3885 5732 fuse
3904 5673 3956 5725 in
