  <div class='ocr_page' id='page_1' title='image "/cluster/home/n/w/nwhite01/storage/ocr_20150623/101/hvd.32044054112305/152.png"; bbox 0 0 4126 6190; ppageno 0'>
   <div class='ocr_carea' id='block_1_1' title="bbox 184 279 2541 352">
    <p class='ocr_par' dir='ltr' id='par_1_1' title="bbox 184 279 2541 352">
     <span class='ocr_line' id='line_1_1' title="bbox 184 279 2541 352; baseline 0.005 -21"><span class='ocrx_word' id='word_1_1' title='bbox 184 293 274 345; x_wconf 76' lang='lat'>255</span> <span class='ocrx_word' id='word_1_2' title='bbox 1127 281 1224 336; x_wconf 86' lang='lat' dir='ltr'>AD</span> <span class='ocrx_word' id='word_1_3' title='bbox 1263 279 1821 339; x_wconf 82' lang='lat' dir='ltr'>AMPHILOCHIUM</span> <span class='ocrx_word' id='word_1_4' title='bbox 1870 282 2200 352; x_wconf 69' lang='lat' dir='ltr'>QUASSTIO</span> <span class='ocrx_word' id='word_1_5' title='bbox 2239 284 2541 343; x_wconf 82' lang='lat' dir='ltr'>XXXVIII.</span> 
     </span>
    </p>
   </div>
   <div class='ocr_carea' id='block_1_2' title="bbox 1322 406 1739 486">
    <p class='ocr_par' dir='ltr' id='par_1_2' title="bbox 1322 406 1739 482">
     <span class='ocr_line' id='line_1_2' title="bbox 1322 406 1739 482; baseline 0.005 -23"><span class='ocrx_word' id='word_1_6' title='bbox 1322 424 1334 436; x_wconf 84' lang='lat'>&#39;</span> <span class='ocrx_word' id='word_1_7' title='bbox 1385 407 1427 460; x_wconf 82' lang='grc' dir='ltr'>εί</span> <span class='ocrx_word' id='word_1_8' title='bbox 1472 406 1739 482; x_wconf 80' lang='grc' dir='ltr'>ἀπερίγρα-</span> 
     </span>
    </p>
   </div>
   <div class='ocr_carea' id='block_1_3' title="bbox 1854 406 3519 486">
    <p class='ocr_par' dir='ltr' id='par_1_3' title="bbox 1859 408 3519 486">
     <span class='ocr_line' id='line_1_3' title="bbox 1859 408 3519 486; baseline 0.005 -21"><span class='ocrx_word' id='word_1_9' title='bbox 1859 414 1998 467; x_wconf 89' lang='lat' dir='ltr'>runt</span> <span class='ocrx_word' id='word_1_10' title='bbox 2029 412 2327 482; x_wconf 88' lang='lat' dir='ltr'>mysteria,</span> <span class='ocrx_word' id='word_1_11' title='bbox 2367 413 2481 470; x_wconf 91' lang='lat' dir='ltr'>hoc</span> <span class='ocrx_word' id='word_1_12' title='bbox 2504 408 2763 469; x_wconf 91' lang='lat' dir='ltr'>dubium</span> <span class='ocrx_word' id='word_1_13' title='bbox 2802 427 3146 486; x_wconf 80' lang='lat' dir='ltr'>proponere</span> <span class='ocrx_word' id='word_1_14' title='bbox 3175 427 3297 472; x_wconf 91' lang='lat' dir='ltr'>non</span> <span class='ocrx_word' id='word_1_15' title='bbox 3334 415 3519 475; x_wconf 88' lang='lat' dir='ltr'>debe-</span> 
     </span>
    </p>
   </div>
   <div class='ocr_carea' id='block_1_4' title="bbox 180 403 1261 487">
    <p class='ocr_par' dir='ltr' id='par_1_4' title="bbox 180 403 1261 487">
     <span class='ocr_line' id='line_1_4' title="bbox 180 403 1261 487; baseline -0.009 -18"><span class='ocrx_word' id='word_1_16' title='bbox 180 426 267 469; x_wconf 83' lang='grc' dir='ltr'>τῶν</span> <span class='ocrx_word' id='word_1_17' title='bbox 320 420 641 487; x_wconf 80' lang='grc' dir='ltr'>Χριστιανῶν</span> <span class='ocrx_word' id='word_1_18' title='bbox 692 413 1000 483; x_wconf 74' lang='grc' dir='ltr'>μυστηρίων</span> <span class='ocrx_word' id='word_1_19' title='bbox 1046 403 1261 461; x_wconf 77' lang='grc' dir='ltr'>εἰδότων</span> 
     </span>
    </p>
   </div>
   <div class='ocr_carea' id='block_1_5' title="bbox 180 498 1748 571">
    <p class='ocr_par' dir='ltr' id='par_1_5' title="bbox 180 498 1748 571">
     <span class='ocr_line' id='line_1_5' title="bbox 180 498 1748 571; baseline 0.004 -16"><span class='ocrx_word' id='word_1_20' title='bbox 180 525 309 565; x_wconf 77' lang='grc' dir='ltr'>πτος,</span> <span class='ocrx_word' id='word_1_21' title='bbox 352 510 433 555; x_wconf 75' lang='grc' dir='ltr'>καὶ</span> <span class='ocrx_word' id='word_1_22' title='bbox 479 508 754 571; x_wconf 78' lang='grc' dir='ltr'>πανταχοῦ</span> <span class='ocrx_word' id='word_1_23' title='bbox 806 501 839 557; x_wconf 78' lang='grc' dir='ltr'>ἡ</span> <span class='ocrx_word' id='word_1_24' title='bbox 884 501 1082 561; x_wconf 78' lang='grc' dir='ltr'>θιότης,</span> <span class='ocrx_word' id='word_1_25' title='bbox 1139 500 1354 571; x_wconf 78' lang='grc' dir='ltr'>πότερον</span> <span class='ocrx_word' id='word_1_26' title='bbox 1412 498 1440 554; x_wconf 70' lang='grc' dir='ltr'><em>ἦ</em></span> <span class='ocrx_word' id='word_1_27' title='bbox 1498 498 1649 571; x_wconf 80' lang='grc' dir='ltr'><strong>σὰρξ,</strong></span> <span class='ocrx_word' id='word_1_28' title='bbox 1686 498 1748 556; x_wconf 68' lang='grc' dir='ltr'>ἦν</span> 
     </span>
    </p>
   </div>
   <div class='ocr_carea' id='block_1_6' title="bbox 180 585 1749 661">
    <p class='ocr_par' dir='ltr' id='par_1_6' title="bbox 180 585 1749 661">
     <span class='ocr_line' id='line_1_6' title="bbox 180 585 1749 661; baseline -0.006 -14"><span class='ocrx_word' id='word_1_29' title='bbox 180 592 391 647; x_wconf 65' lang='grc' dir='ltr'>ἀνελαϐεν</span> <span class='ocrx_word' id='word_1_30' title='bbox 448 593 474 642; x_wconf 92' lang='grc' dir='ltr'>ό</span> <span class='ocrx_word' id='word_1_31' title='bbox 523 593 661 654; x_wconf 80' lang='grc' dir='ltr'>Υἱός,</span> <span class='ocrx_word' id='word_1_32' title='bbox 714 596 992 659; x_wconf 79' lang='grc' dir='ltr'>πανταχοῦ</span> <span class='ocrx_word' id='word_1_33' title='bbox 1058 596 1129 657; x_wconf 84' lang='grc' dir='ltr'>τῷ</span> <span class='ocrx_word' id='word_1_34' title='bbox 1194 585 1562 658; x_wconf 72' lang='grc' dir='ltr'>προσειληφότι</span> <span class='ocrx_word' id='word_1_35' title='bbox 1618 606 1749 661; x_wconf 89' lang='grc' dir='ltr'>παρ-</span> 
     </span>
    </p>
   </div>
   <div class='ocr_carea' id='block_1_7' title="bbox 178 676 1749 749">
    <p class='ocr_par' dir='ltr' id='par_1_7' title="bbox 178 676 1749 749">
     <span class='ocr_line' id='line_1_7' title="bbox 178 676 1749 749; baseline -0.005 -14"><span class='ocrx_word' id='word_1_36' title='bbox 178 686 519 739; x_wconf 66' lang='grc' dir='ltr'>εκταθήσεται,</span> <span class='ocrx_word' id='word_1_37' title='bbox 552 682 631 731; x_wconf 86' lang='grc' dir='ltr'>ἱνα</span> <span class='ocrx_word' id='word_1_38' title='bbox 677 683 749 749; x_wconf 76' lang='grc' dir='ltr'>μὴ</span> <span class='ocrx_word' id='word_1_39' title='bbox 795 680 1159 749; x_wconf 78' lang='grc' dir='ltr'>κεχωρισμένη</span> <span class='ocrx_word' id='word_1_40' title='bbox 1203 677 1385 746; x_wconf 79' lang='grc' dir='ltr'>νοηθῇ,</span> <span class='ocrx_word' id='word_1_41' title='bbox 1424 676 1453 734; x_wconf 74' lang='grc' dir='ltr'><strong>ἦ</strong></span> <span class='ocrx_word' id='word_1_42' title='bbox 1503 694 1749 749; x_wconf 85' lang='grc' dir='ltr'>περιγρα-</span> 
     </span>
    </p>
   </div>
   <div class='ocr_carea' id='block_1_8' title="bbox 178 764 1747 845">
    <p class='ocr_par' dir='ltr' id='par_1_8' title="bbox 178 764 1747 845">
     <span class='ocr_line' id='line_1_8' title="bbox 178 764 1747 845; baseline -0.004 -21"><span class='ocrx_word' id='word_1_43' title='bbox 178 776 345 845; x_wconf 68' lang='grc' dir='ltr'>φομένη</span> <span class='ocrx_word' id='word_1_44' title='bbox 397 775 536 841; x_wconf 81' lang='grc' dir='ltr'>τόπῳ</span> <span class='ocrx_word' id='word_1_45' title='bbox 586 774 674 827; x_wconf 77' lang='grc' dir='ltr'>τὴν</span> <span class='ocrx_word' id='word_1_46' title='bbox 721 766 1018 841; x_wconf 78' lang='grc' dir='ltr'>πρόσληψιν</span> <span class='ocrx_word' id='word_1_47' title='bbox 1060 764 1459 839; x_wconf 57' lang='grc' dir='ltr'>ἀπαρνήσῃ-αις</span> <span class='ocrx_word' id='word_1_48' title='bbox 1506 770 1603 818; x_wconf 77' lang='grc' dir='ltr'>Καὶ</span> <span class='ocrx_word' id='word_1_49' title='bbox 1646 768 1747 839; x_wconf 84' lang='grc' dir='ltr'>γὰρ</span> 
     </span>
    </p>
   </div>
   <div class='ocr_carea' id='block_1_9' title="bbox 179 853 1744 931">
    <p class='ocr_par' dir='ltr' id='par_1_9' title="bbox 179 853 1744 931">
     <span class='ocr_line' id='line_1_9' title="bbox 179 853 1744 931; baseline -0.004 -18"><span class='ocrx_word' id='word_1_50' title='bbox 179 865 321 931; x_wconf 74' lang='grc' dir='ltr'>τούτῳ</span> <span class='ocrx_word' id='word_1_51' title='bbox 372 857 438 918; x_wconf 78' lang='grc' dir='ltr'>δὴ</span> <span class='ocrx_word' id='word_1_52' title='bbox 486 867 558 929; x_wconf 79' lang='grc' dir='ltr'>τῷ</span> <span class='ocrx_word' id='word_1_53' title='bbox 608 859 899 930; x_wconf 79' lang='grc' dir='ltr'>νομισθέντι</span> <span class='ocrx_word' id='word_1_54' title='bbox 953 854 1255 929; x_wconf 82' lang='grc' dir='ltr'>ἀπορήματι</span> <span class='ocrx_word' id='word_1_55' title='bbox 1310 853 1472 906; x_wconf 79' lang='grc' dir='ltr'>πολλὰ</span> <span class='ocrx_word' id='word_1_56' title='bbox 1522 854 1581 905; x_wconf 76' lang='grc' dir='ltr'>ἂν</span> <span class='ocrx_word' id='word_1_57' title='bbox 1645 858 1744 919; x_wconf 81' lang='grc' dir='ltr'>εἴη,</span> 
     </span>
    </p>
   </div>
   <div class='ocr_carea' id='block_1_10' title="bbox 178 942 1745 1023">
    <p class='ocr_par' dir='ltr' id='par_1_10' title="bbox 178 942 1745 1023">
     <span class='ocr_line' id='line_1_10' title="bbox 178 942 1745 1023; baseline -0.003 -22"><span class='ocrx_word' id='word_1_58' title='bbox 178 950 346 1023; x_wconf 74' lang='grc' dir='ltr'>μᾶλλον</span> <span class='ocrx_word' id='word_1_59' title='bbox 379 946 437 1001; x_wconf 81' lang='grc' dir='ltr'>δέ</span> <span class='ocrx_word' id='word_1_60' title='bbox 481 956 543 1019; x_wconf 76' lang='grc' dir='ltr'>τῇ</span> <span class='ocrx_word' id='word_1_61' title='bbox 604 946 831 1019; x_wconf 75' lang='grc' dir='ltr'>ἀπειρίᾳ,</span> <span class='ocrx_word' id='word_1_62' title='bbox 890 942 1278 1017; x_wconf 71' lang='grc' dir='ltr'>διαμιλλώμενοι</span> <span class='ocrx_word' id='word_1_63' title='bbox 1322 946 1388 995; x_wconf 82' lang='grc' dir='ltr'>τὰ</span> <span class='ocrx_word' id='word_1_64' title='bbox 1425 942 1702 1017; x_wconf 72' lang='grc' dir='ltr'>ἀθύρματα</span> <span class='ocrx_word' id='word_1_65' title='bbox 1732 961 1745 973; x_wconf 79' lang='grc'><strong>⁸</strong></span> 
     </span>
    </p>
   </div>
   <div class='ocr_carea' id='block_1_11' title="bbox 176 1029 1748 1111">
    <p class='ocr_par' dir='ltr' id='par_1_11' title="bbox 176 1029 1748 1111">
     <span class='ocr_line' id='line_1_11' title="bbox 176 1029 1748 1111; baseline -0.003 -20"><span class='ocrx_word' id='word_1_66' title='bbox 176 1046 249 1091; x_wconf 75' lang='grc' dir='ltr'>καί</span> <span class='ocrx_word' id='word_1_67' title='bbox 277 1041 353 1091; x_wconf 81' lang='grc' dir='ltr'>ἶνα</span> <span class='ocrx_word' id='word_1_68' title='bbox 379 1042 450 1110; x_wconf 80' lang='grc' dir='ltr'>μὴ</span> <span class='ocrx_word' id='word_1_69' title='bbox 492 1042 612 1111; x_wconf 85' lang='grc' dir='ltr'>περὶ</span> <span class='ocrx_word' id='word_1_70' title='bbox 648 1044 746 1088; x_wconf 84' lang='grc' dir='ltr'>τῶν</span> <span class='ocrx_word' id='word_1_71' title='bbox 773 1043 994 1109; x_wconf 80' lang='grc' dir='ltr'>φρικτῶν</span> <span class='ocrx_word' id='word_1_72' title='bbox 1017 1033 1075 1086; x_wconf 80' lang='grc' dir='ltr'>ού</span> <span class='ocrx_word' id='word_1_73' title='bbox 1108 1037 1333 1106; x_wconf 73' lang='grc' dir='ltr'>φρίττειν</span> <span class='ocrx_word' id='word_1_74' title='bbox 1366 1029 1617 1105; x_wconf 82' lang='grc' dir='ltr'>δόξωμεν,</span> <span class='ocrx_word' id='word_1_75' title='bbox 1663 1034 1748 1086; x_wconf 79' lang='grc' dir='ltr'>ἐπὶ</span> 
     </span>
    </p>
   </div>
   <div class='ocr_carea' id='block_1_12' title="bbox 175 1121 1748 1199">
    <p class='ocr_par' dir='ltr' id='par_1_12' title="bbox 175 1121 1748 1199">
     <span class='ocr_line' id='line_1_12' title="bbox 175 1121 1748 1199; baseline -0.004 -19"><span class='ocrx_word' id='word_1_76' title='bbox 175 1137 248 1189; x_wconf 76' lang='grc' dir='ltr'>τῆς</span> <span class='ocrx_word' id='word_1_77' title='bbox 271 1128 417 1199; x_wconf 72' lang='grc' dir='ltr'>ψυχῆ</span> <span class='ocrx_word' id='word_1_78' title='bbox 430 1147 451 1188; x_wconf 87' lang='grc' dir='ltr'>ς</span> <span class='ocrx_word' id='word_1_79' title='bbox 470 1126 682 1199; x_wconf 82' lang='grc' dir='ltr'>μᾶλλον,</span> <span class='ocrx_word' id='word_1_80' title='bbox 718 1128 807 1177; x_wconf 82' lang='grc' dir='ltr'>καὶ</span> <span class='ocrx_word' id='word_1_81' title='bbox 836 1130 928 1176; x_wconf 83' lang='grc' dir='ltr'>τού</span> <span class='ocrx_word' id='word_1_82' title='bbox 961 1128 1198 1194; x_wconf 82' lang='grc' dir='ltr'>σώματος</span> <span class='ocrx_word' id='word_1_83' title='bbox 1215 1123 1241 1173; x_wconf 87' lang='grc' dir='ltr'>ό</span> <span class='ocrx_word' id='word_1_84' title='bbox 1265 1121 1415 1193; x_wconf 88' lang='grc' dir='ltr'>λόγος</span> <span class='ocrx_word' id='word_1_85' title='bbox 1431 1126 1517 1180; x_wconf 78' lang='grc' dir='ltr'>τὴν</span> <span class='ocrx_word' id='word_1_86' title='bbox 1551 1130 1748 1195; x_wconf 71' lang='grc' dir='ltr'>γύμναο</span> 
     </span>
    </p>
   </div>
   <div class='ocr_carea' id='block_1_13' title="bbox 176 1214 661 1288">
    <p class='ocr_par' dir='ltr' id='par_1_13' title="bbox 176 1214 661 1288">
     <span class='ocr_line' id='line_1_13' title="bbox 176 1214 661 1288; baseline -0.01 -16"><span class='ocrx_word' id='word_1_87' title='bbox 176 1223 273 1272; x_wconf 84' lang='grc' dir='ltr'>σίαν</span> <span class='ocrx_word' id='word_1_88' title='bbox 301 1214 661 1288; x_wconf 79' lang='grc' dir='ltr'>ἁναδεχέσθω.</span> 
     </span>
    </p>
   </div>
   <div class='ocr_carea' id='block_1_14' title="bbox 227 1389 1743 1469">
    <p class='ocr_par' dir='ltr' id='par_1_14' title="bbox 227 1389 1743 1469">
     <span class='ocr_line' id='line_1_14' title="bbox 227 1389 1743 1469; baseline -0.006 -21"><span class='ocrx_word' id='word_1_89' title='bbox 227 1400 281 1449; x_wconf 84' lang='grc' dir='ltr'>Τί</span> <span class='ocrx_word' id='word_1_90' title='bbox 314 1396 410 1469; x_wconf 77' lang='grc' dir='ltr'>γὰρ</span> <span class='ocrx_word' id='word_1_91' title='bbox 468 1393 660 1445; x_wconf 90' lang='grc' dir='ltr'>κωλύει</span> <span class='ocrx_word' id='word_1_92' title='bbox 705 1392 865 1464; x_wconf 77' lang='grc' dir='ltr'>λέγειν</span> <span class='ocrx_word' id='word_1_93' title='bbox 908 1396 994 1443; x_wconf 87' lang='grc' dir='ltr'>τόν</span> <span class='ocrx_word' id='word_1_94' title='bbox 1032 1389 1362 1463; x_wconf 83' lang='grc' dir='ltr'>βουλόμενον,</span> <span class='ocrx_word' id='word_1_95' title='bbox 1398 1397 1507 1451; x_wconf 84' lang='grc' dir='ltr'>πῶς</span> <span class='ocrx_word' id='word_1_96' title='bbox 1550 1391 1743 1447; x_wconf 75' lang='grc' dir='ltr'>ἥνωται</span> 
     </span>
    </p>
   </div>
   <div class='ocr_carea' id='block_1_15' title="bbox 172 1474 1745 1555">
    <p class='ocr_par' dir='ltr' id='par_1_15' title="bbox 172 1474 1745 1555">
     <span class='ocr_line' id='line_1_15' title="bbox 172 1474 1745 1555; baseline -0.004 -20"><span class='ocrx_word' id='word_1_97' title='bbox 172 1494 228 1554; x_wconf 78' lang='grc' dir='ltr'>τῷ</span> <span class='ocrx_word' id='word_1_98' title='bbox 256 1490 447 1555; x_wconf 81' lang='grc' dir='ltr'>σώματι</span> <span class='ocrx_word' id='word_1_99' title='bbox 495 1485 524 1541; x_wconf 79' lang='grc' dir='ltr'><strong>ἠ</strong></span> <span class='ocrx_word' id='word_1_100' title='bbox 564 1482 724 1554; x_wconf 68' lang='grc' dir='ltr'>ψυχὴ</span> <span class='ocrx_word' id='word_1_101' title='bbox 774 1486 844 1553; x_wconf 76' lang='grc' dir='ltr'>μὴ</span> <span class='ocrx_word' id='word_1_102' title='bbox 900 1478 1378 1553; x_wconf 70' lang='grc' dir='ltr'>ἓμπεριγραφομένη</span> <span class='ocrx_word' id='word_1_103' title='bbox 1412 1483 1599 1549; x_wconf 73' lang='grc' dir='ltr'>τόπῳς</span> <span class='ocrx_word' id='word_1_104' title='bbox 1651 1474 1745 1541; x_wconf 82' lang='grc' dir='ltr'>Οἱς</span> 
     </span>
    </p>
   </div>
   <div class='ocr_carea' id='block_1_16' title="bbox 168 1568 1739 1647">
    <p class='ocr_par' dir='ltr' id='par_1_16' title="bbox 168 1568 1739 1647">
     <span class='ocr_line' id='line_1_16' title="bbox 168 1568 1739 1647; baseline -0.003 -21"><span class='ocrx_word' id='word_1_105' title='bbox 168 1580 252 1647; x_wconf 69' lang='grc' dir='ltr'>γὰρ</span> <span class='ocrx_word' id='word_1_106' title='bbox 294 1579 359 1646; x_wconf 80' lang='grc' dir='ltr'>μή</span> <span class='ocrx_word' id='word_1_107' title='bbox 416 1574 925 1645; x_wconf 76' lang='grc' dir='ltr'>συμπεριγράφεται,</span> <span class='ocrx_word' id='word_1_108' title='bbox 965 1575 1060 1628; x_wconf 79' lang='grc' dir='ltr'>τὴν</span> <span class='ocrx_word' id='word_1_109' title='bbox 1118 1570 1303 1622; x_wconf 79' lang='grc' dir='ltr'>ἕνωσιν</span> <span class='ocrx_word' id='word_1_110' title='bbox 1352 1568 1739 1641; x_wconf 78' lang='grc' dir='ltr'>ἀπαρνουμένη,</span> 
     </span>
    </p>
   </div>
   <div class='ocr_carea' id='block_1_17' title="bbox 169 1654 1738 1735">
    <p class='ocr_par' dir='ltr' id='par_1_17' title="bbox 169 1654 1738 1735">
     <span class='ocr_line' id='line_1_17' title="bbox 169 1654 1738 1735; baseline 0.003 -30"><span class='ocrx_word' id='word_1_111' title='bbox 169 1667 271 1726; x_wconf 65' lang='grc' dir='ltr'>εί,ςῂ</span> <span class='ocrx_word' id='word_1_112' title='bbox 310 1674 404 1715; x_wconf 62' lang='grc' dir='ltr'>τῶν</span> <span class='ocrx_word' id='word_1_113' title='bbox 453 1662 895 1735; x_wconf 81' lang='grc' dir='ltr'>παραληρούντων</span> <span class='ocrx_word' id='word_1_114' title='bbox 950 1658 1194 1732; x_wconf 83' lang='grc' dir='ltr'>βούλεται</span> <span class='ocrx_word' id='word_1_115' title='bbox 1245 1663 1418 1729; x_wconf 73' lang='grc' dir='ltr'>σοφία,</span> <span class='ocrx_word' id='word_1_116' title='bbox 1476 1654 1738 1729; x_wconf 69' lang='grc' dir='ltr'>διελέγχει</span> 
     </span>
    </p>
   </div>
   <div class='ocr_carea' id='block_1_18' title="bbox 3411 292 3517 349">
    <p class='ocr_par' dir='ltr' id='par_1_18' title="bbox 3411 292 3517 349">
     <span class='ocr_line' id='line_1_18' title="bbox 3411 292 3517 349; baseline 0 0"><span class='ocrx_word' id='word_1_117' title='bbox 3411 292 3517 349; x_wconf 82' lang='grc'>266</span> 
     </span>
    </p>
   </div>
   <div class='ocr_carea' id='block_1_19' title="bbox 1855 503 3514 578">
    <p class='ocr_par' dir='ltr' id='par_1_19' title="bbox 1855 503 3514 578">
     <span class='ocr_line' id='line_1_19' title="bbox 1855 503 3514 578; baseline 0.005 -24"><span class='ocrx_word' id='word_1_118' title='bbox 1855 504 1988 556; x_wconf 89' lang='lat' dir='ltr'>rent</span> <span class='ocrx_word' id='word_1_119' title='bbox 2038 517 2050 555; x_wconf 92' lang='lat'>:</span> <span class='ocrx_word' id='word_1_120' title='bbox 2098 506 2295 557; x_wconf 85' lang='lat' dir='ltr'>utrum</span> <span class='ocrx_word' id='word_1_121' title='bbox 2346 503 2392 557; x_wconf 92' lang='lat' dir='ltr'>si</span> <span class='ocrx_word' id='word_1_122' title='bbox 2438 518 2559 559; x_wconf 92' lang='lat' dir='ltr'>non</span> <span class='ocrx_word' id='word_1_123' title='bbox 2628 503 3083 574; x_wconf 89' lang='lat' dir='ltr'>circumscripta</span> <span class='ocrx_word' id='word_1_124' title='bbox 3136 504 3239 560; x_wconf 91' lang='lat' dir='ltr'>sed</span> <span class='ocrx_word' id='word_1_125' title='bbox 3290 504 3514 578; x_wconf 90' lang='lat' dir='ltr'>ubique</span> 
     </span>
    </p>
   </div>
   <div class='ocr_carea' id='block_1_20' title="bbox 1856 590 3515 665">
    <p class='ocr_par' dir='ltr' id='par_1_20' title="bbox 1856 590 3515 665">
     <span class='ocr_line' id='line_1_20' title="bbox 1856 590 3515 665; baseline 0.005 -21"><span class='ocrx_word' id='word_1_126' title='bbox 1856 594 1947 644; x_wconf 90' lang='lat' dir='ltr'>est</span> <span class='ocrx_word' id='word_1_127' title='bbox 1971 590 2180 659; x_wconf 89' lang='lat' dir='ltr'>deitas,</span> <span class='ocrx_word' id='word_1_128' title='bbox 2207 606 2367 659; x_wconf 88' lang='lat' dir='ltr'>caro,</span> <span class='ocrx_word' id='word_1_129' title='bbox 2397 607 2581 663; x_wconf 88' lang='lat' dir='ltr'>quam</span> <span class='ocrx_word' id='word_1_130' title='bbox 2607 593 2933 665; x_wconf 84' lang='lat' dir='ltr'>assumpsit</span> <span class='ocrx_word' id='word_1_131' title='bbox 2963 593 3151 659; x_wconf 86' lang='lat' dir='ltr'>Filius,</span> <span class='ocrx_word' id='word_1_132' title='bbox 3186 596 3515 652; x_wconf 90' lang='lat' dir='ltr'>assumenti</span> 
     </span>
    </p>
   </div>
   <div class='ocr_carea' id='block_1_21' title="bbox 1856 676 3512 754">
    <p class='ocr_par' dir='ltr' id='par_1_21' title="bbox 1856 676 3512 754">
     <span class='ocr_line' id='line_1_21' title="bbox 1856 676 3512 754; baseline 0.005 -22"><span class='ocrx_word' id='word_1_133' title='bbox 1856 676 2169 733; x_wconf 74' lang='lat' dir='ltr'>adhaerens</span> <span class='ocrx_word' id='word_1_134' title='bbox 2200 680 2272 735; x_wconf 90' lang='lat' dir='ltr'>sit</span> <span class='ocrx_word' id='word_1_135' title='bbox 2304 680 2543 752; x_wconf 89' lang='lat' dir='ltr'>ubique,</span> <span class='ocrx_word' id='word_1_136' title='bbox 2583 696 2655 735; x_wconf 94' lang='lat' dir='ltr'>ne</span> <span class='ocrx_word' id='word_1_137' title='bbox 2696 685 2963 752; x_wconf 87' lang='lat' dir='ltr'>separata</span> <span class='ocrx_word' id='word_1_138' title='bbox 2994 682 3360 754; x_wconf 80' lang='lat' dir='ltr'>concipiatur</span> <span class='ocrx_word' id='word_1_139' title='bbox 3387 700 3400 738; x_wconf 89' lang='lat'><strong>:</strong></span> <span class='ocrx_word' id='word_1_140' title='bbox 3434 700 3512 740; x_wconf 93' lang='lat' dir='ltr'>an</span> 
     </span>
    </p>
   </div>
   <div class='ocr_carea' id='block_1_22' title="bbox 1854 765 3512 843">
    <p class='ocr_par' dir='ltr' id='par_1_22' title="bbox 1854 765 3512 843">
     <span class='ocr_line' id='line_1_22' title="bbox 1854 765 3512 843; baseline 0.005 -23"><span class='ocrx_word' id='word_1_141' title='bbox 1854 765 1987 821; x_wconf 91' lang='lat' dir='ltr'>loco</span> <span class='ocrx_word' id='word_1_142' title='bbox 2030 767 2479 840; x_wconf 88' lang='lat' dir='ltr'>circumscripta</span> <span class='ocrx_word' id='word_1_143' title='bbox 2523 784 2586 824; x_wconf 91' lang='lat' dir='ltr'>se</span> <span class='ocrx_word' id='word_1_144' title='bbox 2617 775 2996 840; x_wconf 89' lang='lat' dir='ltr'>assumptam</span> <span class='ocrx_word' id='word_1_145' title='bbox 3036 785 3167 825; x_wconf 90' lang='lat' dir='ltr'>esse</span> <span class='ocrx_word' id='word_1_146' title='bbox 3211 771 3512 843; x_wconf 81' lang='lat' dir='ltr'>negabit?</span> 
     </span>
    </p>
   </div>
   <div class='ocr_carea' id='block_1_23' title="bbox 1856 855 3513 931">
    <p class='ocr_par' dir='ltr' id='par_1_23' title="bbox 1856 855 3513 931">
     <span class='ocr_line' id='line_1_23' title="bbox 1856 855 3513 931; baseline 0.005 -23"><span class='ocrx_word' id='word_1_147' title='bbox 1856 855 2082 910; x_wconf 83' lang='lat' dir='ltr'>Etenim</span> <span class='ocrx_word' id='word_1_148' title='bbox 2101 856 2177 911; x_wconf 92' lang='lat' dir='ltr'>ad</span> <span class='ocrx_word' id='word_1_149' title='bbox 2198 856 2373 923; x_wconf 86' lang='lat' dir='ltr'>hanc,</span> <span class='ocrx_word' id='word_1_150' title='bbox 2403 873 2585 930; x_wconf 91' lang='lat' dir='ltr'>quam</span> <span class='ocrx_word' id='word_1_151' title='bbox 2618 862 2860 914; x_wconf 79' lang='lat' dir='ltr'>censent</span> <span class='ocrx_word' id='word_1_152' title='bbox 2886 857 3209 923; x_wconf 78' lang='lat' dir='ltr'>difﬁcilem,</span> <span class='ocrx_word' id='word_1_153' title='bbox 3237 861 3513 931; x_wconf 62' lang='lat' dir='ltr'>quaestio-</span> 
     </span>
    </p>
   </div>
   <div class='ocr_carea' id='block_1_24' title="bbox 1855 942 3509 1020">
    <p class='ocr_par' dir='ltr' id='par_1_24' title="bbox 1855 942 3509 1020">
     <span class='ocr_line' id='line_1_24' title="bbox 1855 942 3509 1020; baseline 0.005 -23"><span class='ocrx_word' id='word_1_154' title='bbox 1855 958 1991 997; x_wconf 89' lang='lat' dir='ltr'>nem</span> <span class='ocrx_word' id='word_1_155' title='bbox 2025 944 2477 1010; x_wconf 76' lang='lat' dir='ltr'>euiieleaudam,</span> <span class='ocrx_word' id='word_1_156' title='bbox 2521 947 2718 1019; x_wconf 81' lang='lat' dir='ltr'>potius</span> <span class='ocrx_word' id='word_1_157' title='bbox 2770 955 2971 1003; x_wconf 90' lang='lat' dir='ltr'>autem</span> <span class='ocrx_word' id='word_1_158' title='bbox 3024 947 3104 1003; x_wconf 91' lang='lat' dir='ltr'>ad</span> <span class='ocrx_word' id='word_1_159' title='bbox 3152 942 3509 1020; x_wconf 89' lang='lat' dir='ltr'>imperitiam</span> 
     </span>
    </p>
   </div>
   <div class='ocr_carea' id='block_1_25' title="bbox 1856 1034 3511 1111">
    <p class='ocr_par' dir='ltr' id='par_1_25' title="bbox 1856 1034 3511 1111">
     <span class='ocr_line' id='line_1_25' title="bbox 1856 1034 3511 1111; baseline 0.004 -22"><span class='ocrx_word' id='word_1_160' title='bbox 1856 1034 2227 1103; x_wconf 86' lang='lat' dir='ltr'>arguendam</span> <span class='ocrx_word' id='word_1_161' title='bbox 2270 1035 2457 1092; x_wconf 91' lang='lat' dir='ltr'>multa</span> <span class='ocrx_word' id='word_1_162' title='bbox 2486 1044 2735 1107; x_wconf 83' lang='lat' dir='ltr'>possent</span> <span class='ocrx_word' id='word_1_163' title='bbox 2772 1036 2999 1092; x_wconf 86' lang='lat' dir='ltr'>ludicra</span> <span class='ocrx_word' id='word_1_164' title='bbox 3038 1052 3327 1110; x_wconf 88' lang='lat' dir='ltr'>responsa</span> <span class='ocrx_word' id='word_1_165' title='bbox 3375 1054 3511 1111; x_wconf 91' lang='lat' dir='ltr'>pro-</span> 
     </span>
    </p>
   </div>
   <div class='ocr_carea' id='block_1_26' title="bbox 1857 1120 3508 1197">
    <p class='ocr_par' dir='ltr' id='par_1_26' title="bbox 1857 1120 3508 1197">
     <span class='ocr_line' id='line_1_26' title="bbox 1857 1120 3508 1197; baseline 0.005 -21"><span class='ocrx_word' id='word_1_166' title='bbox 1857 1120 2028 1177; x_wconf 85' lang='lat' dir='ltr'>ferri:</span> <span class='ocrx_word' id='word_1_167' title='bbox 2070 1129 2124 1179; x_wconf 89' lang='lat' dir='ltr'>et</span> <span class='ocrx_word' id='word_1_168' title='bbox 2154 1138 2227 1179; x_wconf 92' lang='lat' dir='ltr'>ne</span> <span class='ocrx_word' id='word_1_169' title='bbox 2257 1124 2596 1181; x_wconf 87' lang='lat' dir='ltr'>veneranda</span> <span class='ocrx_word' id='word_1_170' title='bbox 2625 1124 2913 1197; x_wconf 87' lang='lat' dir='ltr'>mysteria</span> <span class='ocrx_word' id='word_1_171' title='bbox 2950 1140 3070 1182; x_wconf 92' lang='lat' dir='ltr'>non</span> <span class='ocrx_word' id='word_1_172' title='bbox 3118 1128 3384 1184; x_wconf 87' lang='lat' dir='ltr'>venerari</span> <span class='ocrx_word' id='word_1_173' title='bbox 3423 1128 3508 1184; x_wconf 91' lang='lat' dir='ltr'>vi-</span> 
     </span>
    </p>
   </div>
   <div class='ocr_carea' id='block_1_27' title="bbox 1854 1210 3506 1275">
    <p class='ocr_par' dir='ltr' id='par_1_27' title="bbox 1854 1210 3506 1275">
     <span class='ocr_line' id='line_1_27' title="bbox 1854 1210 3506 1275; baseline 0.005 -11"><span class='ocrx_word' id='word_1_174' title='bbox 1854 1210 2122 1275; x_wconf 78' lang='lat' dir='ltr'>deamur,</span> <span class='ocrx_word' id='word_1_175' title='bbox 2159 1218 2367 1269; x_wconf 89' lang='lat' dir='ltr'>nostra</span> <span class='ocrx_word' id='word_1_176' title='bbox 2390 1214 2516 1269; x_wconf 68' lang='lat' dir='ltr'>hmo</span> <span class='ocrx_word' id='word_1_177' title='bbox 2544 1215 2734 1270; x_wconf 83' lang='lat' dir='ltr'>oratio</span> <span class='ocrx_word' id='word_1_178' title='bbox 2764 1214 2843 1270; x_wconf 91' lang='lat' dir='ltr'>ad</span> <span class='ocrx_word' id='word_1_179' title='bbox 2882 1214 3189 1272; x_wconf 87' lang='lat' dir='ltr'>hominum</span> <span class='ocrx_word' id='word_1_180' title='bbox 3237 1216 3506 1273; x_wconf 89' lang='lat' dir='ltr'>animam</span> 
     </span>
    </p>
   </div>
   <div class='ocr_carea' id='block_1_28' title="bbox 1854 1302 3012 1373">
    <p class='ocr_par' dir='ltr' id='par_1_28' title="bbox 1854 1302 3012 1373">
     <span class='ocr_line' id='line_1_28' title="bbox 1854 1302 3012 1373; baseline 0.001 -16"><span class='ocrx_word' id='word_1_181' title='bbox 1854 1305 1911 1357; x_wconf 87' lang='lat' dir='ltr'>et</span> <span class='ocrx_word' id='word_1_182' title='bbox 1935 1316 2153 1373; x_wconf 90' lang='lat' dir='ltr'>corpus</span> <span class='ocrx_word' id='word_1_183' title='bbox 2181 1302 2646 1373; x_wconf 82' lang='lat' dir='ltr'>disputationem</span> <span class='ocrx_word' id='word_1_184' title='bbox 2678 1303 3012 1359; x_wconf 83' lang='lat' dir='ltr'>transferat.</span> 
     </span>
    </p>
   </div>
   <div class='ocr_carea' id='block_1_29' title="bbox 1926 1390 3503 1459">
    <p class='ocr_par' dir='ltr' id='par_1_29' title="bbox 1926 1390 3503 1459">
     <span class='ocr_line' id='line_1_29' title="bbox 1926 1390 3503 1459; baseline 0.003 -15"><span class='ocrx_word' id='word_1_185' title='bbox 1926 1390 2075 1455; x_wconf 88' lang='lat' dir='ltr'>Quid</span> <span class='ocrx_word' id='word_1_186' title='bbox 2099 1391 2260 1446; x_wconf 89' lang='lat' dir='ltr'>enim</span> <span class='ocrx_word' id='word_1_187' title='bbox 2280 1397 2450 1457; x_wconf 84' lang='lat' dir='ltr'>vetat,</span> <span class='ocrx_word' id='word_1_188' title='bbox 2485 1392 2531 1446; x_wconf 91' lang='lat' dir='ltr'>si</span> <span class='ocrx_word' id='word_1_189' title='bbox 2562 1390 2753 1458; x_wconf 89' lang='lat' dir='ltr'>libeat,</span> <span class='ocrx_word' id='word_1_190' title='bbox 2782 1391 2975 1448; x_wconf 88' lang='lat' dir='ltr'>dicere</span> <span class='ocrx_word' id='word_1_191' title='bbox 2999 1410 3011 1445; x_wconf 95' lang='lat'>:</span> <span class='ocrx_word' id='word_1_192' title='bbox 3045 1393 3351 1459; x_wconf 86' lang='lat' dir='ltr'>Quomodo</span> <span class='ocrx_word' id='word_1_193' title='bbox 3378 1394 3503 1451; x_wconf 89' lang='lat' dir='ltr'>ani-</span> 
     </span>
    </p>
   </div>
   <div class='ocr_carea' id='block_1_30' title="bbox 1853 1479 3502 1556">
    <p class='ocr_par' dir='ltr' id='par_1_30' title="bbox 1853 1479 3502 1556">
     <span class='ocr_line' id='line_1_30' title="bbox 1853 1479 3502 1556; baseline 0.004 -22"><span class='ocrx_word' id='word_1_194' title='bbox 1853 1494 1971 1544; x_wconf 88' lang='lat' dir='ltr'>ma,</span> <span class='ocrx_word' id='word_1_195' title='bbox 1987 1479 2123 1535; x_wconf 91' lang='lat' dir='ltr'>dum</span> <span class='ocrx_word' id='word_1_196' title='bbox 2140 1480 2273 1536; x_wconf 93' lang='lat' dir='ltr'>loco</span> <span class='ocrx_word' id='word_1_197' title='bbox 2287 1495 2405 1536; x_wconf 91' lang='lat' dir='ltr'>non</span> <span class='ocrx_word' id='word_1_198' title='bbox 2420 1481 2940 1547; x_wconf 84' lang='lat' dir='ltr'>circumscribitur,</span> <span class='ocrx_word' id='word_1_199' title='bbox 2968 1482 3197 1555; x_wconf 88' lang='lat' dir='ltr'>corpori</span> <span class='ocrx_word' id='word_1_200' title='bbox 3218 1483 3502 1556; x_wconf 89' lang='lat' dir='ltr'>copulata</span> 
     </span>
    </p>
   </div>
   <div class='ocr_carea' id='block_1_31' title="bbox 1849 1570 3499 1643">
    <p class='ocr_par' dir='ltr' id='par_1_31' title="bbox 1849 1570 3499 1643">
     <span class='ocr_line' id='line_1_31' title="bbox 1849 1570 3499 1643; baseline 0.002 -20"><span class='ocrx_word' id='word_1_201' title='bbox 1849 1574 1937 1623; x_wconf 89' lang='lat' dir='ltr'>est</span> <span class='ocrx_word' id='word_1_202' title='bbox 1954 1570 2133 1625; x_wconf 80' lang='lat' dir='ltr'>?Nam</span> <span class='ocrx_word' id='word_1_203' title='bbox 2155 1570 2507 1641; x_wconf 86' lang='lat' dir='ltr'>quibuscum</span> <span class='ocrx_word' id='word_1_204' title='bbox 2529 1571 3122 1643; x_wconf 85' lang='lat' dir='ltr'>circumscriptionem</span> <span class='ocrx_word' id='word_1_205' title='bbox 3140 1588 3499 1629; x_wconf 88' lang='lat' dir='ltr'>communem</span> 
     </span>
    </p>
   </div>
   <div class='ocr_carea' id='block_1_32' title="bbox 1848 1658 3503 1730">
    <p class='ocr_par' dir='ltr' id='par_1_32' title="bbox 1848 1658 3503 1730">
     <span class='ocr_line' id='line_1_32' title="bbox 1848 1658 3503 1730; baseline 0.004 -18"><span class='ocrx_word' id='word_1_206' title='bbox 1848 1672 1970 1713; x_wconf 93' lang='lat' dir='ltr'>non</span> <span class='ocrx_word' id='word_1_207' title='bbox 1988 1658 2184 1723; x_wconf 88' lang='lat' dir='ltr'>habet,</span> <span class='ocrx_word' id='word_1_208' title='bbox 2209 1674 2346 1715; x_wconf 91' lang='lat' dir='ltr'>cum</span> <span class='ocrx_word' id='word_1_209' title='bbox 2375 1659 2445 1714; x_wconf 90' lang='lat' dir='ltr'>iis</span> <span class='ocrx_word' id='word_1_210' title='bbox 2468 1659 2972 1730; x_wconf 86' lang='lat' dir='ltr'>conjunctionem,</span> <span class='ocrx_word' id='word_1_211' title='bbox 3002 1662 3087 1717; x_wconf 87' lang='lat' dir='ltr'>uti</span> <span class='ocrx_word' id='word_1_212' title='bbox 3119 1661 3238 1718; x_wconf 85' lang='lat' dir='ltr'>vult</span> <span class='ocrx_word' id='word_1_213' title='bbox 3262 1663 3377 1718; x_wconf 87' lang='lat' dir='ltr'>ista</span> <span class='ocrx_word' id='word_1_214' title='bbox 3395 1678 3503 1718; x_wconf 90' lang='lat' dir='ltr'>nu-</span> 
     </span>
    </p>
   </div>
   <div class='ocr_carea' id='block_1_33' title="bbox 168 1746 1739 1824">
    <p class='ocr_par' dir='ltr' id='par_1_33' title="bbox 168 1746 1739 1823">
     <span class='ocr_line' id='line_1_33' title="bbox 168 1746 1739 1823; baseline -0.003 -21"><span class='ocrx_word' id='word_1_215' title='bbox 168 1772 254 1806; x_wconf 78' lang='grc' dir='ltr'>ται.</span> <span class='ocrx_word' id='word_1_216' title='bbox 296 1756 389 1804; x_wconf 75' lang='grc' dir='ltr'>Καὶ</span> <span class='ocrx_word' id='word_1_217' title='bbox 440 1760 547 1811; x_wconf 83' lang='grc' dir='ltr'>πῶς</span> <span class='ocrx_word' id='word_1_218' title='bbox 598 1749 919 1823; x_wconf 72' lang='grc' dir='ltr'>(ἐγγύτερον,</span> <span class='ocrx_word' id='word_1_219' title='bbox 966 1753 1051 1799; x_wconf 68' lang='grc' dir='ltr'>καὶ</span> <span class='ocrx_word' id='word_1_220' title='bbox 1099 1750 1231 1819; x_wconf 84' lang='grc' dir='ltr'>πρὸς</span> <span class='ocrx_word' id='word_1_221' title='bbox 1269 1748 1519 1804; x_wconf 80' lang='grc' dir='ltr'>αἴσθησιν</span> <span class='ocrx_word' id='word_1_222' title='bbox 1563 1746 1739 1818; x_wconf 78' lang='grc' dir='ltr'>φάναι)</span> 
     </span>
    </p>
   </div>
   <div class='ocr_carea' id='block_1_34' title="bbox 1854 1746 3501 1824">
    <p class='ocr_par' dir='ltr' id='par_1_34' title="bbox 1854 1747 3501 1824">
     <span class='ocr_line' id='line_1_34' title="bbox 1854 1747 3501 1824; baseline 0.004 -23"><span class='ocrx_word' id='word_1_223' title='bbox 1854 1747 2115 1816; x_wconf 85' lang='lat' dir='ltr'>gantium</span> <span class='ocrx_word' id='word_1_224' title='bbox 2143 1748 2448 1819; x_wconf 85' lang='lat' dir='ltr'>sapientia,</span> <span class='ocrx_word' id='word_1_225' title='bbox 2474 1764 2595 1804; x_wconf 94' lang='lat' dir='ltr'>non</span> <span class='ocrx_word' id='word_1_226' title='bbox 2613 1747 2922 1805; x_wconf 86' lang='lat' dir='ltr'>admittere</span> <span class='ocrx_word' id='word_1_227' title='bbox 2938 1750 3246 1807; x_wconf 85' lang='lat' dir='ltr'>evincitur.</span> <span class='ocrx_word' id='word_1_228' title='bbox 3272 1750 3338 1808; x_wconf 90' lang='lat' dir='ltr'>Et</span> <span class='ocrx_word' id='word_1_229' title='bbox 3357 1767 3501 1824; x_wconf 86' lang='lat' dir='ltr'>quo-</span> 
     </span>
    </p>
   </div>
   <div class='ocr_carea' id='block_1_35' title="bbox 167 1832 1742 1912">
    <p class='ocr_par' dir='ltr' id='par_1_35' title="bbox 167 1832 1742 1912">
     <span class='ocr_line' id='line_1_35' title="bbox 167 1832 1742 1912; baseline -0.004 -19"><span class='ocrx_word' id='word_1_230' title='bbox 167 1850 242 1893; x_wconf 75' lang='grc' dir='ltr'>τοῦ</span> <span class='ocrx_word' id='word_1_231' title='bbox 294 1841 612 1912; x_wconf 77' lang='grc' dir='ltr'>ἀνθρωπίνου</span> <span class='ocrx_word' id='word_1_232' title='bbox 665 1841 1154 1912; x_wconf 77' lang='grc' dir='ltr'>περίκεχρωσμένου</span> <span class='ocrx_word' id='word_1_233' title='bbox 1211 1842 1467 1908; x_wconf 74' lang='grc' dir='ltr'>σώματος,</span> <span class='ocrx_word' id='word_1_234' title='bbox 1510 1838 1607 1907; x_wconf 81' lang='grc' dir='ltr'>ὅτῳ</span> <span class='ocrx_word' id='word_1_235' title='bbox 1648 1832 1742 1887; x_wconf 78' lang='grc' dir='ltr'>διὰ</span> 
     </span>
    </p>
   </div>
   <div class='ocr_carea' id='block_1_36' title="bbox 164 1921 1735 2001">
    <p class='ocr_par' dir='ltr' id='par_1_36' title="bbox 164 1921 1735 2001">
     <span class='ocr_line' id='line_1_36' title="bbox 164 1921 1735 2001; baseline -0.004 -20"><span class='ocrx_word' id='word_1_236' title='bbox 164 1936 415 2001; x_wconf 75' lang='grc' dir='ltr'>χρώματος</span> <span class='ocrx_word' id='word_1_237' title='bbox 461 1931 541 1999; x_wconf 84' lang='grc'>(5)</span> <span class='ocrx_word' id='word_1_238' title='bbox 602 1928 735 1984; x_wconf 71' lang='grc' dir='ltr'>αὕτη</span> <span class='ocrx_word' id='word_1_239' title='bbox 798 1930 1091 1998; x_wconf 81' lang='grc' dir='ltr'>χρωμάτων</span> <span class='ocrx_word' id='word_1_240' title='bbox 1153 1924 1292 1977; x_wconf 72' lang='grc' dir='ltr'>ἐστὶν</span> <span class='ocrx_word' id='word_1_241' title='bbox 1359 1921 1691 1986; x_wconf 81' lang='grc' dir='ltr'>ἀνεπίδεκτος</span> <span class='ocrx_word' id='word_1_242' title='bbox 1722 1941 1735 1953; x_wconf 91' lang='grc'><strong>·</strong></span> 
     </span>
    </p>
   </div>
   <div class='ocr_carea' id='block_1_37' title="bbox 163 2016 1738 2090">
    <p class='ocr_par' dir='ltr' id='par_1_37' title="bbox 163 2016 1738 2090">
     <span class='ocr_line' id='line_1_37' title="bbox 163 2016 1738 2090; baseline -0.003 -20"><span class='ocrx_word' id='word_1_243' title='bbox 163 2025 239 2071; x_wconf 81' lang='grc' dir='ltr'>καὶ</span> <span class='ocrx_word' id='word_1_244' title='bbox 277 2027 361 2071; x_wconf 77' lang='grc' dir='ltr'>τού</span> <span class='ocrx_word' id='word_1_245' title='bbox 403 2022 491 2090; x_wconf 72' lang='grc' dir='ltr'>μὲν</span> <span class='ocrx_word' id='word_1_246' title='bbox 544 2016 601 2069; x_wconf 74' lang='grc' dir='ltr'>ἐκ</span> <span class='ocrx_word' id='word_1_247' title='bbox 654 2018 922 2088; x_wconf 76' lang='grc' dir='ltr'>τεσσάρων</span> <span class='ocrx_word' id='word_1_248' title='bbox 969 2023 1158 2087; x_wconf 81' lang='grc' dir='ltr'>χυμῶν</span> <span class='ocrx_word' id='word_1_249' title='bbox 1213 2016 1595 2086; x_wconf 68' lang='grc' dir='ltr'>ωγκριθέντος,</span> <span class='ocrx_word' id='word_1_250' title='bbox 1644 2021 1738 2076; x_wconf 77' lang='grc' dir='ltr'>τῆς</span> 
     </span>
    </p>
   </div>
   <div class='ocr_carea' id='block_1_38' title="bbox 164 2100 1739 2179">
    <p class='ocr_par' dir='ltr' id='par_1_38' title="bbox 164 2100 1739 2179">
     <span class='ocr_line' id='line_1_38' title="bbox 164 2100 1739 2179; baseline -0.002 -23"><span class='ocrx_word' id='word_1_251' title='bbox 164 2106 249 2157; x_wconf 74' lang='grc' dir='ltr'>ἀπὸ</span> <span class='ocrx_word' id='word_1_252' title='bbox 278 2115 369 2158; x_wconf 79' lang='grc' dir='ltr'>τῶν</span> <span class='ocrx_word' id='word_1_253' title='bbox 393 2116 584 2179; x_wconf 82' lang='grc' dir='ltr'>χυμῶν</span> <span class='ocrx_word' id='word_1_254' title='bbox 613 2106 747 2163; x_wconf 71' lang='grc' dir='ltr'>αὕτη</span> <span class='ocrx_word' id='word_1_255' title='bbox 780 2106 1054 2178; x_wconf 76' lang='grc' dir='ltr'>καθαρεύει</span> <span class='ocrx_word' id='word_1_256' title='bbox 1085 2100 1365 2164; x_wconf 76' lang='grc' dir='ltr'>διαθέσεως</span> <span class='ocrx_word' id='word_1_257' title='bbox 1394 2123 1406 2136; x_wconf 72' lang='grc' dir='ltr'><strong>υ</strong></span> <span class='ocrx_word' id='word_1_258' title='bbox 1441 2108 1530 2155; x_wconf 84' lang='grc' dir='ltr'>καὶ</span> <span class='ocrx_word' id='word_1_259' title='bbox 1560 2106 1617 2155; x_wconf 87' lang='grc' dir='ltr'>τὸ</span> <span class='ocrx_word' id='word_1_260' title='bbox 1650 2106 1739 2174; x_wconf 73' lang='grc' dir='ltr'>μεν</span> 
     </span>
    </p>
   </div>
   <div class='ocr_carea' id='block_1_39' title="bbox 164 2190 1739 2268">
    <p class='ocr_par' dir='ltr' id='par_1_39' title="bbox 164 2190 1739 2268">
     <span class='ocr_line' id='line_1_39' title="bbox 164 2190 1739 2268; baseline -0.002 -22"><span class='ocrx_word' id='word_1_261' title='bbox 164 2195 403 2268; x_wconf 71' lang='grc' dir='ltr'>πλήρωσίς</span> <span class='ocrx_word' id='word_1_262' title='bbox 420 2215 492 2263; x_wconf 89' lang='grc' dir='ltr'>τε,</span> <span class='ocrx_word' id='word_1_263' title='bbox 513 2202 605 2248; x_wconf 84' lang='grc' dir='ltr'>καὶ</span> <span class='ocrx_word' id='word_1_264' title='bbox 634 2196 692 2247; x_wconf 74' lang='grc' dir='ltr'>ού</span> <span class='ocrx_word' id='word_1_265' title='bbox 707 2199 917 2255; x_wconf 79' lang='grc' dir='ltr'>κένωσις</span> <span class='ocrx_word' id='word_1_266' title='bbox 938 2193 991 2245; x_wconf 74' lang='grc' dir='ltr'>ἐκ</span> <span class='ocrx_word' id='word_1_267' title='bbox 1005 2190 1274 2264; x_wconf 76' lang='grc' dir='ltr'>διαδοχῆς</span> <span class='ocrx_word' id='word_1_268' title='bbox 1290 2192 1460 2262; x_wconf 83' lang='grc' dir='ltr'>κύκλῳ</span> <span class='ocrx_word' id='word_1_269' title='bbox 1478 2200 1739 2265; x_wconf 83' lang='grc' dir='ltr'>προῖουσα</span> 
     </span>
    </p>
   </div>
   <div class='ocr_carea' id='block_1_40' title="bbox 166 2282 1734 2359">
    <p class='ocr_par' dir='ltr' id='par_1_40' title="bbox 166 2282 1734 2359">
     <span class='ocr_line' id='line_1_40' title="bbox 166 2282 1734 2359; baseline -0.002 -25"><span class='ocrx_word' id='word_1_270' title='bbox 166 2292 362 2355; x_wconf 79' lang='grc' dir='ltr'>συνιστᾲ</span> <span class='ocrx_word' id='word_1_271' title='bbox 387 2302 399 2314; x_wconf 81' lang='lat'>&#39;</span> <span class='ocrx_word' id='word_1_272' title='bbox 429 2288 457 2343; x_wconf 80' lang='grc' dir='ltr'>ἡ</span> <span class='ocrx_word' id='word_1_273' title='bbox 494 2282 555 2337; x_wconf 65' lang='grc' dir='ltr'>δε</span> <span class='ocrx_word' id='word_1_274' title='bbox 581 2290 831 2359; x_wconf 85' lang='grc' dir='ltr'>κρείττων</span> <span class='ocrx_word' id='word_1_275' title='bbox 863 2285 1047 2359; x_wconf 82' lang='grc' dir='ltr'>ὁρᾶται</span> <span class='ocrx_word' id='word_1_276' title='bbox 1078 2290 1177 2334; x_wconf 85' lang='grc' dir='ltr'>τῶν</span> <span class='ocrx_word' id='word_1_277' title='bbox 1207 2284 1451 2335; x_wconf 80' lang='grc' dir='ltr'>τοιούτων</span> <span class='ocrx_word' id='word_1_278' title='bbox 1484 2283 1734 2334; x_wconf 77' lang='grc' dir='ltr'>στάσεωνο</span> 
     </span>
    </p>
   </div>
   <div class='ocr_carea' id='block_1_41' title="bbox 164 2373 621 2449">
    <p class='ocr_par' dir='ltr' id='par_1_41' title="bbox 164 2373 621 2449">
     <span class='ocr_line' id='line_1_41' title="bbox 164 2373 621 2449; baseline 0.004 -24"><span class='ocrx_word' id='word_1_279' title='bbox 164 2380 237 2426; x_wconf 82' lang='grc' dir='ltr'>καὶ</span> <span class='ocrx_word' id='word_1_280' title='bbox 264 2379 418 2449; x_wconf 86' lang='grc' dir='ltr'>μυρία</span> <span class='ocrx_word' id='word_1_281' title='bbox 445 2373 579 2427; x_wconf 79' lang='grc' dir='ltr'>ἄλλα</span> <span class='ocrx_word' id='word_1_282' title='bbox 606 2391 621 2441; x_wconf 88' lang='grc'>;</span> 
     </span>
    </p>
   </div>
   <div class='ocr_carea' id='block_1_42' title="bbox 223 2638 1731 2710">
    <p class='ocr_par' dir='ltr' id='par_1_42' title="bbox 223 2638 1731 2710">
     <span class='ocr_line' id='line_1_42' title="bbox 223 2638 1731 2710; baseline -0.002 -15"><span class='ocrx_word' id='word_1_283' title='bbox 223 2646 309 2695; x_wconf 77' lang='grc' dir='ltr'>Καὶ</span> <span class='ocrx_word' id='word_1_284' title='bbox 338 2642 591 2695; x_wconf 77' lang='grc' dir='ltr'>ἀνάπαλιν</span> <span class='ocrx_word' id='word_1_285' title='bbox 638 2638 687 2689; x_wconf 75' lang='grc' dir='ltr'>δ’</span> <span class='ocrx_word' id='word_1_286' title='bbox 722 2643 783 2693; x_wconf 83' lang='grc' dir='ltr'>οἶν</span> <span class='ocrx_word' id='word_1_287' title='bbox 826 2660 905 2702; x_wconf 89' lang='grc' dir='ltr'>τις</span> <span class='ocrx_word' id='word_1_288' title='bbox 932 2642 1019 2691; x_wconf 88' lang='grc' dir='ltr'>τὸν</span> <span class='ocrx_word' id='word_1_289' title='bbox 1075 2639 1225 2710; x_wconf 88' lang='grc' dir='ltr'>λόγον</span> <span class='ocrx_word' id='word_1_290' title='bbox 1280 2642 1731 2710; x_wconf 79' lang='grc' dir='ltr'>μεταχειρίσαιτο.</span> 
     </span>
    </p>
   </div>
   <div class='ocr_carea' id='block_1_43' title="bbox 166 2724 1731 2807">
    <p class='ocr_par' dir='ltr' id='par_1_43' title="bbox 166 2724 1731 2807">
     <span class='ocr_line' id='line_1_43' title="bbox 166 2724 1731 2807; baseline -0.003 -24"><span class='ocrx_word' id='word_1_291' title='bbox 166 2732 278 2804; x_wconf 81' lang='grc' dir='ltr'>Ἐρεῐ</span> <span class='ocrx_word' id='word_1_292' title='bbox 339 2735 460 2807; x_wconf 68' lang='grc' dir='ltr'>γὰρ,</span> <span class='ocrx_word' id='word_1_293' title='bbox 536 2733 688 2801; x_wconf 85' lang='grc' dir='ltr'>ᾧτινι</span> <span class='ocrx_word' id='word_1_294' title='bbox 761 2729 901 2802; x_wconf 76' lang='grc' dir='ltr'>φίλον</span> <span class='ocrx_word' id='word_1_295' title='bbox 955 2733 1072 2803; x_wconf 83' lang='grc' dir='ltr'>περὶ</span> <span class='ocrx_word' id='word_1_296' title='bbox 1139 2736 1238 2781; x_wconf 83' lang='grc' dir='ltr'>τῶν</span> <span class='ocrx_word' id='word_1_297' title='bbox 1306 2724 1609 2780; x_wconf 81' lang='grc' dir='ltr'>σπουδαίων</span> <span class='ocrx_word' id='word_1_298' title='bbox 1662 2732 1731 2798; x_wconf 80' lang='grc' dir='ltr'>μὴ</span> 
     </span>
    </p>
   </div>
   <div class='ocr_carea' id='block_1_44' title="bbox 170 2817 1736 2890">
    <p class='ocr_par' dir='ltr' id='par_1_44' title="bbox 170 2817 1736 2890">
     <span class='ocr_line' id='line_1_44' title="bbox 170 2817 1736 2890; baseline -0.001 -19"><span class='ocrx_word' id='word_1_299' title='bbox 170 2818 477 2882; x_wconf 76' lang='grc' dir='ltr'>σπουδάζειν,</span> <span class='ocrx_word' id='word_1_300' title='bbox 536 2821 673 2873; x_wconf 76' lang='grc' dir='ltr'>ἀλλὰ</span> <span class='ocrx_word' id='word_1_301' title='bbox 730 2827 845 2881; x_wconf 87' lang='grc' dir='ltr'>ταῖς</span> <span class='ocrx_word' id='word_1_302' title='bbox 902 2826 1233 2890; x_wconf 67' lang='grc' dir='ltr'>σοφιστικαῖς</span> <span class='ocrx_word' id='word_1_303' title='bbox 1306 2817 1736 2889; x_wconf 75' lang='grc' dir='ltr'>ἓπισεμνύνεσθαι</span> 
     </span>
    </p>
   </div>
   <div class='ocr_carea' id='block_1_45' title="bbox 167 2907 1735 2983">
    <p class='ocr_par' dir='ltr' id='par_1_45' title="bbox 167 2907 1735 2983">
     <span class='ocr_line' id='line_1_45' title="bbox 167 2907 1735 2983; baseline -0.001 -24"><span class='ocrx_word' id='word_1_304' title='bbox 167 2910 206 2960; x_wconf 81' lang='grc' dir='ltr'>ἐν</span> <span class='ocrx_word' id='word_1_305' title='bbox 247 2914 337 2982; x_wconf 78' lang='grc' dir='ltr'>ἴσῳ</span> <span class='ocrx_word' id='word_1_306' title='bbox 374 2920 470 2963; x_wconf 80' lang='grc' dir='ltr'>τῶν</span> <span class='ocrx_word' id='word_1_307' title='bbox 534 2910 849 2982; x_wconf 64' lang='grc' dir='ltr'>Ἴιηοφολόγων</span> <span class='ocrx_word' id='word_1_308' title='bbox 891 2912 1235 2983; x_wconf 86' lang='grc' dir='ltr'>περιεργείαις</span> <span class='ocrx_word' id='word_1_309' title='bbox 1270 2925 1281 2937; x_wconf 93' lang='grc'><strong>·</strong></span> <span class='ocrx_word' id='word_1_310' title='bbox 1318 2907 1375 2961; x_wconf 81' lang='grc' dir='ltr'>Εἰ</span> <span class='ocrx_word' id='word_1_311' title='bbox 1431 2910 1625 2965; x_wconf 70' lang='grc' dir='ltr'>ἥνωται</span> <span class='ocrx_word' id='word_1_312' title='bbox 1676 2911 1735 2959; x_wconf 88' lang='grc' dir='ltr'>τό</span> 
     </span>
    </p>
   </div>
   <div class='ocr_carea' id='block_1_46' title="bbox 166 2997 1736 3073">
    <p class='ocr_par' dir='ltr' id='par_1_46' title="bbox 166 2997 1736 3073">
     <span class='ocr_line' id='line_1_46' title="bbox 166 2997 1736 3073; baseline -0.001 -23"><span class='ocrx_word' id='word_1_313' title='bbox 166 3008 241 3051; x_wconf 75' lang='grc' dir='ltr'>τοῦ</span> <span class='ocrx_word' id='word_1_314' title='bbox 294 3007 522 3073; x_wconf 79' lang='grc' dir='ltr'>σώματος</span> <span class='ocrx_word' id='word_1_315' title='bbox 578 3002 851 3071; x_wconf 72' lang='grc' dir='ltr'>σύγκριμα</span> <span class='ocrx_word' id='word_1_316' title='bbox 898 3006 959 3070; x_wconf 77' lang='grc' dir='ltr'>τῇ</span> <span class='ocrx_word' id='word_1_317' title='bbox 1014 2998 1197 3068; x_wconf 74' lang='grc' dir='ltr'>λογικῇ</span> <span class='ocrx_word' id='word_1_318' title='bbox 1257 2997 1436 3069; x_wconf 73' lang='grc' dir='ltr'>ψυχῇ,</span> <span class='ocrx_word' id='word_1_319' title='bbox 1494 3006 1600 3057; x_wconf 82' lang='grc' dir='ltr'>πῶς</span> <span class='ocrx_word' id='word_1_320' title='bbox 1643 2997 1736 3049; x_wconf 83' lang='grc' dir='ltr'>ούκ</span> 
     </span>
    </p>
   </div>
   <div class='ocr_carea' id='block_1_47' title="bbox 1848 1836 3498 1914">
    <p class='ocr_par' dir='ltr' id='par_1_47' title="bbox 1848 1836 3498 1914">
     <span class='ocr_line' id='line_1_47' title="bbox 1848 1836 3498 1914; baseline 0.003 -23"><span class='ocrx_word' id='word_1_321' title='bbox 1848 1836 2056 1908; x_wconf 89' lang='lat' dir='ltr'>modo(</span> <span class='ocrx_word' id='word_1_322' title='bbox 2067 1841 2126 1891; x_wconf 91' lang='lat' dir='ltr'>ut</span> <span class='ocrx_word' id='word_1_323' title='bbox 2148 1851 2272 1891; x_wconf 88' lang='lat' dir='ltr'>rem</span> <span class='ocrx_word' id='word_1_324' title='bbox 2298 1838 2566 1909; x_wconf 91' lang='lat' dir='ltr'>propius,</span> <span class='ocrx_word' id='word_1_325' title='bbox 2586 1844 2760 1909; x_wconf 90' lang='lat' dir='ltr'>etper</span> <span class='ocrx_word' id='word_1_326' title='bbox 2780 1838 3085 1894; x_wconf 88' lang='lat' dir='ltr'>sensibilia</span> <span class='ocrx_word' id='word_1_327' title='bbox 3109 1840 3498 1914; x_wconf 82' lang='lat' dir='ltr'>attingamus)</span> 
     </span>
    </p>
   </div>
   <div class='ocr_carea' id='block_1_48' title="bbox 1847 1926 3501 1999">
    <p class='ocr_par' dir='ltr' id='par_1_48' title="bbox 1847 1926 3501 1999">
     <span class='ocr_line' id='line_1_48' title="bbox 1847 1926 3501 1999; baseline 0.004 -19"><span class='ocrx_word' id='word_1_328' title='bbox 1847 1927 1992 1981; x_wconf 89' lang='lat' dir='ltr'>dum</span> <span class='ocrx_word' id='word_1_329' title='bbox 2040 1941 2257 1997; x_wconf 91' lang='lat' dir='ltr'>corpus</span> <span class='ocrx_word' id='word_1_330' title='bbox 2285 1932 2371 1981; x_wconf 92' lang='lat' dir='ltr'>est</span> <span class='ocrx_word' id='word_1_331' title='bbox 2400 1926 2753 1993; x_wconf 89' lang='lat' dir='ltr'>coloratum,</span> <span class='ocrx_word' id='word_1_332' title='bbox 2787 1927 2919 1999; x_wconf 90' lang='lat' dir='ltr'>ipsa</span> <span class='ocrx_word' id='word_1_333' title='bbox 2958 1928 3040 1984; x_wconf 90' lang='lat' dir='ltr'>sic</span> <span class='ocrx_word' id='word_1_334' title='bbox 3086 1929 3236 1985; x_wconf 90' lang='lat' dir='ltr'>inter</span> <span class='ocrx_word' id='word_1_335' title='bbox 3273 1930 3501 1987; x_wconf 91' lang='lat' dir='ltr'>colores</span> 
     </span>
    </p>
   </div>
   <div class='ocr_carea' id='block_1_49' title="bbox 1847 2015 3498 2090">
    <p class='ocr_par' dir='ltr' id='par_1_49' title="bbox 1847 2015 3498 2090">
     <span class='ocr_line' id='line_1_49' title="bbox 1847 2015 3498 2090; baseline 0.003 -19"><span class='ocrx_word' id='word_1_336' title='bbox 1847 2015 2156 2079; x_wconf 80' lang='lat' dir='ltr'>exsistens,</span> <span class='ocrx_word' id='word_1_337' title='bbox 2203 2015 2431 2071; x_wconf 89' lang='lat' dir='ltr'>colores</span> <span class='ocrx_word' id='word_1_338' title='bbox 2470 2016 2768 2088; x_wconf 87' lang='lat' dir='ltr'>suscipere</span> <span class='ocrx_word' id='word_1_339' title='bbox 2822 2032 2943 2073; x_wconf 91' lang='lat' dir='ltr'>non</span> <span class='ocrx_word' id='word_1_340' title='bbox 2986 2022 3221 2090; x_wconf 89' lang='lat' dir='ltr'>potest:</span> <span class='ocrx_word' id='word_1_341' title='bbox 3254 2023 3311 2075; x_wconf 91' lang='lat' dir='ltr'>et</span> <span class='ocrx_word' id='word_1_342' title='bbox 3357 2036 3498 2076; x_wconf 89' lang='lat' dir='ltr'>cum</span> 
     </span>
    </p>
   </div>
   <div class='ocr_carea' id='block_1_50' title="bbox 1847 2105 3496 2179">
    <p class='ocr_par' dir='ltr' id='par_1_50' title="bbox 1847 2105 3496 2179">
     <span class='ocr_line' id='line_1_50' title="bbox 1847 2105 3496 2179; baseline 0.002 -19"><span class='ocrx_word' id='word_1_343' title='bbox 1847 2120 2060 2176; x_wconf 89' lang='lat' dir='ltr'>corpus</span> <span class='ocrx_word' id='word_1_344' title='bbox 2088 2119 2158 2159; x_wconf 84' lang='lat' dir='ltr'>ex</span> <span class='ocrx_word' id='word_1_345' title='bbox 2188 2109 2448 2177; x_wconf 86' lang='lat' dir='ltr'>quatuor</span> <span class='ocrx_word' id='word_1_346' title='bbox 2487 2107 2679 2160; x_wconf 87' lang='lat' dir='ltr'>succis</span> <span class='ocrx_word' id='word_1_347' title='bbox 2728 2105 2801 2160; x_wconf 90' lang='lat' dir='ltr'>sit</span> <span class='ocrx_word' id='word_1_348' title='bbox 2829 2111 3194 2173; x_wconf 88' lang='lat' dir='ltr'>concretum,</span> <span class='ocrx_word' id='word_1_349' title='bbox 3227 2108 3359 2179; x_wconf 87' lang='lat' dir='ltr'>ipsa</span> <span class='ocrx_word' id='word_1_350' title='bbox 3387 2108 3496 2164; x_wconf 91' lang='lat' dir='ltr'>hu-</span> 
     </span>
    </p>
   </div>
   <div class='ocr_carea' id='block_1_51' title="bbox 1840 2192 3495 2268">
    <p class='ocr_par' dir='ltr' id='par_1_51' title="bbox 1840 2192 3495 2268">
     <span class='ocr_line' id='line_1_51' title="bbox 1840 2192 3495 2268; baseline 0.002 -19"><span class='ocrx_word' id='word_1_351' title='bbox 1840 2192 2112 2264; x_wconf 82' lang='lat' dir='ltr'>jusmodi</span> <span class='ocrx_word' id='word_1_352' title='bbox 2139 2192 2426 2249; x_wconf 88' lang='lat' dir='ltr'>materiali</span> <span class='ocrx_word' id='word_1_353' title='bbox 2457 2193 2797 2249; x_wconf 90' lang='lat' dir='ltr'>conditione</span> <span class='ocrx_word' id='word_1_354' title='bbox 2828 2198 2987 2250; x_wconf 86' lang='lat' dir='ltr'>caret</span> <span class='ocrx_word' id='word_1_355' title='bbox 3016 2212 3029 2247; x_wconf 90' lang='lat'><strong>:</strong></span> <span class='ocrx_word' id='word_1_356' title='bbox 3056 2200 3113 2251; x_wconf 94' lang='lat' dir='ltr'>et</span> <span class='ocrx_word' id='word_1_357' title='bbox 3139 2212 3361 2267; x_wconf 87' lang='lat' dir='ltr'>corpus</span> <span class='ocrx_word' id='word_1_358' title='bbox 3388 2196 3495 2268; x_wconf 89' lang='lat' dir='ltr'>qui</span> 
     </span>
    </p>
   </div>
   <div class='ocr_carea' id='block_1_52' title="bbox 1845 2283 3500 2358">
    <p class='ocr_par' dir='ltr' id='par_1_52' title="bbox 1845 2283 3500 2358">
     <span class='ocr_line' id='line_1_52' title="bbox 1845 2283 3500 2358; baseline 0.002 -19"><span class='ocrx_word' id='word_1_359' title='bbox 1845 2284 1983 2339; x_wconf 92' lang='lat' dir='ltr'>dem</span> <span class='ocrx_word' id='word_1_360' title='bbox 2032 2298 2153 2339; x_wconf 91' lang='lat' dir='ltr'>non</span> <span class='ocrx_word' id='word_1_361' title='bbox 2195 2284 2481 2353; x_wconf 86' lang='lat' dir='ltr'>vacuitas,</span> <span class='ocrx_word' id='word_1_362' title='bbox 2526 2283 2630 2339; x_wconf 86' lang='lat' dir='ltr'>sed</span> <span class='ocrx_word' id='word_1_363' title='bbox 2660 2298 2733 2339; x_wconf 81' lang='lat' dir='ltr'>ex</span> <span class='ocrx_word' id='word_1_364' title='bbox 2761 2283 3083 2340; x_wconf 88' lang='lat' dir='ltr'>humorum</span> <span class='ocrx_word' id='word_1_365' title='bbox 3123 2286 3500 2358; x_wconf 85' lang='lat' dir='ltr'>susceptione</span> 
     </span>
    </p>
   </div>
   <div class='ocr_carea' id='block_1_53' title="bbox 1845 2371 3498 2445">
    <p class='ocr_par' dir='ltr' id='par_1_53' title="bbox 1845 2371 3498 2445">
     <span class='ocr_line' id='line_1_53' title="bbox 1845 2371 3498 2445; baseline 0.002 -16"><span class='ocrx_word' id='word_1_366' title='bbox 1845 2372 2151 2445; x_wconf 89' lang='lat' dir='ltr'>plenitudo</span> <span class='ocrx_word' id='word_1_367' title='bbox 2168 2372 2553 2445; x_wconf 86' lang='lat' dir='ltr'>undequaque</span> <span class='ocrx_word' id='word_1_368' title='bbox 2570 2371 2804 2429; x_wconf 87' lang='lat' dir='ltr'>dilatata</span> <span class='ocrx_word' id='word_1_369' title='bbox 2824 2373 3337 2439; x_wconf 83' lang='lat' dir='ltr'>constituit,anima</span> <span class='ocrx_word' id='word_1_370' title='bbox 3359 2391 3498 2432; x_wconf 89' lang='lat' dir='ltr'>vero</span> 
     </span>
    </p>
   </div>
   <div class='ocr_carea' id='block_1_54' title="bbox 1844 2461 3498 2536">
    <p class='ocr_par' dir='ltr' id='par_1_54' title="bbox 1844 2461 3498 2536">
     <span class='ocr_line' id='line_1_54' title="bbox 1844 2461 3498 2536; baseline 0.001 -17"><span class='ocrx_word' id='word_1_371' title='bbox 1844 2462 1938 2519; x_wconf 87' lang='lat' dir='ltr'>his</span> <span class='ocrx_word' id='word_1_372' title='bbox 1963 2461 2382 2519; x_wconf 81' lang='lat' dir='ltr'>affectionibus</span> <span class='ocrx_word' id='word_1_373' title='bbox 2407 2475 2529 2519; x_wconf 86' lang='lat' dir='ltr'>non</span> <span class='ocrx_word' id='word_1_374' title='bbox 2549 2464 2639 2518; x_wconf 88' lang='lat' dir='ltr'>est</span> <span class='ocrx_word' id='word_1_375' title='bbox 2665 2461 2923 2518; x_wconf 84' lang='lat' dir='ltr'>obnoxia</span> <span class='ocrx_word' id='word_1_376' title='bbox 2955 2482 2967 2521; x_wconf 91' lang='lat'>:</span> <span class='ocrx_word' id='word_1_377' title='bbox 3004 2466 3182 2536; x_wconf 85' lang='lat' dir='ltr'>atque</span> <span class='ocrx_word' id='word_1_378' title='bbox 3221 2462 3341 2521; x_wconf 89' lang='lat' dir='ltr'>alia</span> <span class='ocrx_word' id='word_1_379' title='bbox 3370 2480 3498 2521; x_wconf 81' lang='lat' dir='ltr'>sex-</span> 
     </span>
    </p>
   </div>
   <div class='ocr_carea' id='block_1_55' title="bbox 1845 2550 2074 2608">
    <p class='ocr_par' dir='ltr' id='par_1_55' title="bbox 1845 2550 2074 2608">
     <span class='ocr_line' id='line_1_55' title="bbox 1845 2550 2074 2608; baseline -0.009 -1"><span class='ocrx_word' id='word_1_380' title='bbox 1845 2556 2019 2608; x_wconf 86' lang='lat' dir='ltr'>centa</span> <span class='ocrx_word' id='word_1_381' title='bbox 2043 2550 2074 2605; x_wconf 72' lang='lat'><strong>7</strong></span> 
     </span>
    </p>
   </div>
   <div class='ocr_carea' id='block_1_56' title="bbox 1917 2640 3502 2713">
    <p class='ocr_par' dir='ltr' id='par_1_56' title="bbox 1917 2640 3502 2713">
     <span class='ocr_line' id='line_1_56' title="bbox 1917 2640 3502 2713; baseline 0.001 -17"><span class='ocrx_word' id='word_1_382' title='bbox 1917 2643 2000 2696; x_wconf 81' lang='lat' dir='ltr'>Ac</span> <span class='ocrx_word' id='word_1_383' title='bbox 2013 2640 2133 2696; x_wconf 85' lang='lat' dir='ltr'>vice</span> <span class='ocrx_word' id='word_1_384' title='bbox 2147 2655 2317 2696; x_wconf 89' lang='lat' dir='ltr'>versa</span> <span class='ocrx_word' id='word_1_385' title='bbox 2334 2640 2544 2713; x_wconf 92' lang='lat' dir='ltr'>poterit</span> <span class='ocrx_word' id='word_1_386' title='bbox 2561 2640 2863 2713; x_wconf 89' lang='lat' dir='ltr'>quispiam</span> <span class='ocrx_word' id='word_1_387' title='bbox 2881 2640 2990 2697; x_wconf 85' lang='lat' dir='ltr'>has</span> <span class='ocrx_word' id='word_1_388' title='bbox 3012 2641 3502 2712; x_wconf 80' lang='lat' dir='ltr'>interrogationes</span> 
     </span>
    </p>
   </div>
   <div class='ocr_carea' id='block_1_57' title="bbox 1844 2728 3494 2801">
    <p class='ocr_par' dir='ltr' id='par_1_57' title="bbox 1844 2728 3494 2801">
     <span class='ocr_line' id='line_1_57' title="bbox 1844 2728 3494 2801; baseline 0.001 -15"><span class='ocrx_word' id='word_1_389' title='bbox 1844 2736 2181 2787; x_wconf 84' lang='lat' dir='ltr'>retractare.</span> <span class='ocrx_word' id='word_1_390' title='bbox 2214 2730 2433 2801; x_wconf 90' lang='lat' dir='ltr'>Inquiet</span> <span class='ocrx_word' id='word_1_391' title='bbox 2462 2729 2620 2785; x_wconf 91' lang='lat' dir='ltr'>enim</span> <span class='ocrx_word' id='word_1_392' title='bbox 2650 2728 2720 2795; x_wconf 85' lang='lat' dir='ltr'>is,</span> <span class='ocrx_word' id='word_1_393' title='bbox 2748 2730 2848 2799; x_wconf 93' lang='lat' dir='ltr'>qui</span> <span class='ocrx_word' id='word_1_394' title='bbox 2876 2744 2996 2786; x_wconf 91' lang='lat' dir='ltr'>non</span> <span class='ocrx_word' id='word_1_395' title='bbox 3037 2731 3189 2787; x_wconf 91' lang='lat' dir='ltr'>serio</span> <span class='ocrx_word' id='word_1_396' title='bbox 3224 2730 3300 2787; x_wconf 90' lang='lat' dir='ltr'>de</span> <span class='ocrx_word' id='word_1_397' title='bbox 3328 2733 3494 2789; x_wconf 90' lang='lat' dir='ltr'>seriis</span> 
     </span>
    </p>
   </div>
   <div class='ocr_carea' id='block_1_58' title="bbox 1845 2817 3498 2890">
    <p class='ocr_par' dir='ltr' id='par_1_58' title="bbox 1845 2817 3498 2890">
     <span class='ocr_line' id='line_1_58' title="bbox 1845 2817 3498 2890; baseline 0.001 -16"><span class='ocrx_word' id='word_1_398' title='bbox 1845 2833 2041 2887; x_wconf 87' lang='lat' dir='ltr'>agere,</span> <span class='ocrx_word' id='word_1_399' title='bbox 2073 2818 2175 2873; x_wconf 90' lang='lat' dir='ltr'>sed</span> <span class='ocrx_word' id='word_1_400' title='bbox 2199 2817 2511 2874; x_wconf 89' lang='lat' dir='ltr'>subtilibus</span> <span class='ocrx_word' id='word_1_401' title='bbox 2542 2833 2651 2889; x_wconf 93' lang='lat' dir='ltr'>pro</span> <span class='ocrx_word' id='word_1_402' title='bbox 2672 2818 3095 2874; x_wconf 89' lang='lat' dir='ltr'>circulatorum</span> <span class='ocrx_word' id='word_1_403' title='bbox 3129 2834 3292 2875; x_wconf 91' lang='lat' dir='ltr'>more</span> <span class='ocrx_word' id='word_1_404' title='bbox 3323 2835 3498 2890; x_wconf 86' lang='lat' dir='ltr'>argu-</span> 
     </span>
    </p>
   </div>
   <div class='ocr_carea' id='block_1_59' title="bbox 1846 2905 3497 2976">
    <p class='ocr_par' dir='ltr' id='par_1_59' title="bbox 1846 2905 3497 2976">
     <span class='ocr_line' id='line_1_59' title="bbox 1846 2905 3497 2976; baseline 0.001 -14"><span class='ocrx_word' id='word_1_405' title='bbox 1846 2908 1938 2962; x_wconf 89' lang='lat' dir='ltr'>tiis</span> <span class='ocrx_word' id='word_1_406' title='bbox 1966 2922 2094 2963; x_wconf 90' lang='lat' dir='ltr'>sese</span> <span class='ocrx_word' id='word_1_407' title='bbox 2115 2911 2413 2962; x_wconf 84' lang='lat' dir='ltr'>ostentare</span> <span class='ocrx_word' id='word_1_408' title='bbox 2443 2905 2712 2969; x_wconf 89' lang='lat' dir='ltr'>voluerit,</span> <span class='ocrx_word' id='word_1_409' title='bbox 2746 2906 2792 2960; x_wconf 94' lang='lat' dir='ltr'>si</span> <span class='ocrx_word' id='word_1_410' title='bbox 2823 2920 3043 2976; x_wconf 92' lang='lat' dir='ltr'>corpus</span> <span class='ocrx_word' id='word_1_411' title='bbox 3066 2907 3285 2963; x_wconf 71' lang='lat' dir='ltr'>animas</span> <span class='ocrx_word' id='word_1_412' title='bbox 3308 2908 3497 2964; x_wconf 88' lang='lat' dir='ltr'>ratio-</span> 
     </span>
    </p>
   </div>
   <div class='ocr_carea' id='block_1_60' title="bbox 1843 2994 3491 3068">
    <p class='ocr_par' dir='ltr' id='par_1_60' title="bbox 1843 2994 3491 3068">
     <span class='ocr_line' id='line_1_60' title="bbox 1843 2994 3491 3068; baseline 0.001 -16"><span class='ocrx_word' id='word_1_413' title='bbox 1843 2995 1965 3052; x_wconf 88' lang='lat' dir='ltr'>nali</span> <span class='ocrx_word' id='word_1_414' title='bbox 1994 2996 2404 3052; x_wconf 81' lang='lat' dir='ltr'>consoeiatum</span> <span class='ocrx_word' id='word_1_415' title='bbox 2444 2998 2552 3058; x_wconf 90' lang='lat' dir='ltr'>est,</span> <span class='ocrx_word' id='word_1_416' title='bbox 2590 2994 2898 3066; x_wconf 92' lang='lat' dir='ltr'>quomodo</span> <span class='ocrx_word' id='word_1_417' title='bbox 2922 2998 2975 3051; x_wconf 91' lang='lat' dir='ltr'>et</span> <span class='ocrx_word' id='word_1_418' title='bbox 3005 2995 3223 3067; x_wconf 91' lang='lat' dir='ltr'>ipsum.</span> <span class='ocrx_word' id='word_1_419' title='bbox 3261 2996 3491 3068; x_wconf 86' lang='lat' dir='ltr'>(quem-</span> 
     </span>
    </p>
   </div>
   <div class='ocr_carea' id='block_1_61' title="bbox 168 3082 1739 3167">
    <p class='ocr_par' dir='ltr' id='par_1_61' title="bbox 168 3086 1733 3161">
     <span class='ocr_line' id='line_1_61' title="bbox 168 3086 1733 3161; baseline -0.001 -23"><span class='ocrx_word' id='word_1_420' title='bbox 168 3088 379 3161; x_wconf 77' lang='grc' dir='ltr'>ἀπάρχον</span> <span class='ocrx_word' id='word_1_421' title='bbox 408 3090 484 3161; x_wconf 87' lang='grc'>(6)</span> <span class='ocrx_word' id='word_1_422' title='bbox 522 3097 624 3148; x_wconf 82' lang='grc' dir='ltr'>τῆς</span> <span class='ocrx_word' id='word_1_423' title='bbox 672 3088 948 3149; x_wconf 83' lang='grc' dir='ltr'>ἐνωθείσης</span> <span class='ocrx_word' id='word_1_424' title='bbox 998 3086 1047 3138; x_wconf 75' lang='grc' dir='ltr'>ἐν</span> <span class='ocrx_word' id='word_1_425' title='bbox 1085 3089 1251 3157; x_wconf 78' lang='grc' dir='ltr'>τούτῳ</span> <span class='ocrx_word' id='word_1_426' title='bbox 1301 3087 1685 3161; x_wconf 78' lang='grc' dir='ltr'>γνωριζομένης</span> <span class='ocrx_word' id='word_1_427' title='bbox 1720 3104 1733 3153; x_wconf 86' lang='grc'>;</span> 
     </span>
    </p>
   </div>
   <div class='ocr_carea' id='block_1_62' title="bbox 1854 3082 3502 3167">
    <p class='ocr_par' dir='ltr' id='par_1_62' title="bbox 1854 3082 3502 3155">
     <span class='ocr_line' id='line_1_62' title="bbox 1854 3082 3502 3155; baseline 0 -14"><span class='ocrx_word' id='word_1_428' title='bbox 1854 3085 2175 3141; x_wconf 69' lang='lat' dir='ltr'>admodum</span> <span class='ocrx_word' id='word_1_429' title='bbox 2198 3084 2446 3153; x_wconf 86' lang='lat' dir='ltr'>anima),</span> <span class='ocrx_word' id='word_1_430' title='bbox 2471 3082 2842 3152; x_wconf 74' lang='lat' dir='ltr'>substantias,</span> <span class='ocrx_word' id='word_1_431' title='bbox 2865 3099 3001 3155; x_wconf 66' lang='lat' dir='ltr'>quas</span> <span class='ocrx_word' id='word_1_432' title='bbox 3024 3083 3136 3139; x_wconf 88' lang='lat' dir='ltr'>sibi</span> <span class='ocrx_word' id='word_1_433' title='bbox 3159 3085 3502 3154; x_wconf 81' lang='lat' dir='ltr'>agnoscitur</span> 
     </span>
    </p>
   </div>
   <div class='ocr_carea' id='block_1_63' title="bbox 167 3176 1734 3249">
    <p class='ocr_par' dir='ltr' id='par_1_63' title="bbox 167 3176 1734 3249">
     <span class='ocr_line' id='line_1_63' title="bbox 167 3176 1734 3249; baseline -0.002 -20"><span class='ocrx_word' id='word_1_434' title='bbox 167 3185 265 3239; x_wconf 67' lang='grc' dir='ltr'>Πῶς</span> <span class='ocrx_word' id='word_1_435' title='bbox 310 3176 363 3231; x_wconf 71' lang='grc' dir='ltr'>δε</span> <span class='ocrx_word' id='word_1_436' title='bbox 414 3180 507 3231; x_wconf 78' lang='grc' dir='ltr'>ούκ</span> <span class='ocrx_word' id='word_1_437' title='bbox 568 3177 805 3249; x_wconf 70' lang='grc' dir='ltr'>ἁναφές;</span> <span class='ocrx_word' id='word_1_438' title='bbox 856 3176 1010 3228; x_wconf 72' lang='grc' dir='ltr'>Ἀλλὰ</span> <span class='ocrx_word' id='word_1_439' title='bbox 1052 3184 1158 3235; x_wconf 81' lang='grc' dir='ltr'>πῶς</span> <span class='ocrx_word' id='word_1_440' title='bbox 1206 3177 1536 3247; x_wconf 78' lang='grc' dir='ltr'>ὑποκείμενον</span> <span class='ocrx_word' id='word_1_441' title='bbox 1590 3180 1734 3249; x_wconf 82' lang='grc' dir='ltr'>χρω-</span> 
     </span>
    </p>
   </div>
   <div class='ocr_carea' id='block_1_64' title="bbox 165 3264 1734 3341">
    <p class='ocr_par' dir='ltr' id='par_1_64' title="bbox 165 3264 1734 3341">
     <span class='ocr_line' id='line_1_64' title="bbox 165 3264 1734 3341; baseline -0.002 -23"><span class='ocrx_word' id='word_1_442' title='bbox 165 3287 309 3337; x_wconf 80' lang='grc' dir='ltr'>μασι;</span> <span class='ocrx_word' id='word_1_443' title='bbox 354 3271 544 3341; x_wconf 81' lang='grc' dir='ltr'>Βάρους</span> <span class='ocrx_word' id='word_1_444' title='bbox 597 3272 688 3318; x_wconf 84' lang='grc' dir='ltr'>καὶ</span> <span class='ocrx_word' id='word_1_445' title='bbox 717 3267 883 3341; x_wconf 80' lang='grc' dir='ltr'>ῥοπῆς</span> <span class='ocrx_word' id='word_1_446' title='bbox 912 3269 1174 3325; x_wconf 75' lang='grc' dir='ltr'>κενώσεως</span> <span class='ocrx_word' id='word_1_447' title='bbox 1220 3283 1273 3316; x_wconf 89' lang='grc' dir='ltr'>τε</span> <span class='ocrx_word' id='word_1_448' title='bbox 1299 3270 1388 3316; x_wconf 86' lang='grc' dir='ltr'>καὶ</span> <span class='ocrx_word' id='word_1_449' title='bbox 1418 3264 1734 3336; x_wconf 80' lang='grc' dir='ltr'>πληρώσεων</span> 
     </span>
    </p>
   </div>
   <div class='ocr_carea' id='block_1_65' title="bbox 166 3350 1735 3431">
    <p class='ocr_par' dir='ltr' id='par_1_65' title="bbox 166 3350 1735 3431">
     <span class='ocr_line' id='line_1_65' title="bbox 166 3350 1735 3431; baseline 0.001 -27"><span class='ocrx_word' id='word_1_450' title='bbox 166 3364 255 3415; x_wconf 74' lang='grc' dir='ltr'>πῶς</span> <span class='ocrx_word' id='word_1_451' title='bbox 277 3355 360 3407; x_wconf 65' lang='grc' dir='ltr'>οὐκ</span> <span class='ocrx_word' id='word_1_452' title='bbox 390 3356 672 3431; x_wconf 68' lang='grc' dir='ltr'>ἐλεύθερον,</span> <span class='ocrx_word' id='word_1_453' title='bbox 708 3359 796 3406; x_wconf 82' lang='grc' dir='ltr'>καὶ</span> <span class='ocrx_word' id='word_1_454' title='bbox 828 3360 1013 3428; x_wconf 87' lang='grc' dir='ltr'>μυρίος</span> <span class='ocrx_word' id='word_1_455' title='bbox 1046 3353 1202 3425; x_wconf 79' lang='grc' dir='ltr'>λῆρος</span> <span class='ocrx_word' id='word_1_456' title='bbox 1233 3370 1246 3420; x_wconf 90' lang='grc'>;</span> <span class='ocrx_word' id='word_1_457' title='bbox 1278 3358 1378 3406; x_wconf 82' lang='grc' dir='ltr'>Καὶ</span> <span class='ocrx_word' id='word_1_458' title='bbox 1405 3350 1735 3422; x_wconf 77' lang='grc' dir='ltr'>(συλλήϐδην</span> 
     </span>
    </p>
   </div>
   <div class='ocr_carea' id='block_1_66' title="bbox 162 3442 1736 3519">
    <p class='ocr_par' dir='ltr' id='par_1_66' title="bbox 162 3442 1736 3519">
     <span class='ocr_line' id='line_1_66' title="bbox 162 3442 1736 3519; baseline -0.003 -21"><span class='ocrx_word' id='word_1_459' title='bbox 162 3448 239 3499; x_wconf 70' lang='grc' dir='ltr'>τὴν</span> <span class='ocrx_word' id='word_1_460' title='bbox 267 3445 575 3519; x_wconf 79' lang='grc' dir='ltr'>μητρόπολιν</span> <span class='ocrx_word' id='word_1_461' title='bbox 602 3451 697 3496; x_wconf 82' lang='grc' dir='ltr'>τοῦ</span> <span class='ocrx_word' id='word_1_462' title='bbox 721 3444 880 3515; x_wconf 82' lang='grc' dir='ltr'>λήρου</span> <span class='ocrx_word' id='word_1_463' title='bbox 904 3445 1077 3515; x_wconf 63' lang='grc' dir='ltr'>φάναι,</span> <span class='ocrx_word' id='word_1_464' title='bbox 1104 3442 1155 3505; x_wconf 82' lang='grc' dir='ltr'>ἐξ</span> <span class='ocrx_word' id='word_1_465' title='bbox 1180 3444 1241 3503; x_wconf 79' lang='grc' dir='ltr'>ἧς</span> <span class='ocrx_word' id='word_1_466' title='bbox 1272 3446 1361 3493; x_wconf 88' lang='grc' dir='ltr'>καὶ</span> <span class='ocrx_word' id='word_1_467' title='bbox 1399 3444 1461 3493; x_wconf 72' lang='grc' dir='ltr'>τὰ</span> <span class='ocrx_word' id='word_1_468' title='bbox 1494 3443 1736 3513; x_wconf 82' lang='grc' dir='ltr'>εἰρημένα</span> 
     </span>
    </p>
   </div>
   <div class='ocr_carea' id='block_1_67' title="bbox 164 3528 1734 3606">
    <p class='ocr_par' dir='ltr' id='par_1_67' title="bbox 164 3528 1734 3606">
     <span class='ocr_line' id='line_1_67' title="bbox 164 3528 1734 3606; baseline 0.001 -24"><span class='ocrx_word' id='word_1_469' title='bbox 164 3540 249 3593; x_wconf 79' lang='grc' dir='ltr'>τοῖς</span> <span class='ocrx_word' id='word_1_470' title='bbox 283 3533 445 3605; x_wconf 90' lang='grc' dir='ltr'>λόγοις</span> <span class='ocrx_word' id='word_1_471' title='bbox 473 3532 907 3605; x_wconf 77' lang='grc' dir='ltr'>ἐμπολιτεύεσθαι</span> <span class='ocrx_word' id='word_1_472' title='bbox 954 3528 1186 3606; x_wconf 84' lang='grc' dir='ltr'>πάροδον</span> <span class='ocrx_word' id='word_1_473' title='bbox 1226 3531 1339 3604; x_wconf 77' lang='grc' dir='ltr'>εὗρε</span> <span class='ocrx_word' id='word_1_474' title='bbox 1374 3532 1734 3603; x_wconf 76' lang='grc' dir='ltr'>νεανιεύματα)</span> 
     </span>
    </p>
   </div>
   <div class='ocr_carea' id='block_1_68' title="bbox 164 3619 1729 3694">
    <p class='ocr_par' dir='ltr' id='par_1_68' title="bbox 164 3619 1729 3694">
     <span class='ocr_line' id='line_1_68' title="bbox 164 3619 1729 3694; baseline 0.003 -26"><span class='ocrx_word' id='word_1_475' title='bbox 164 3619 197 3669; x_wconf 80' lang='grc' dir='ltr'>εἰ</span> <span class='ocrx_word' id='word_1_476' title='bbox 219 3622 391 3677; x_wconf 67' lang='grc' dir='ltr'>ἥνωται</span> <span class='ocrx_word' id='word_1_477' title='bbox 420 3626 448 3681; x_wconf 78' lang='grc' dir='ltr'>ἡ</span> <span class='ocrx_word' id='word_1_478' title='bbox 477 3625 637 3694; x_wconf 62' lang='grc' dir='ltr'>ψυχὴ</span> <span class='ocrx_word' id='word_1_479' title='bbox 664 3631 738 3693; x_wconf 82' lang='grc' dir='ltr'>τῷ</span> <span class='ocrx_word' id='word_1_480' title='bbox 767 3626 991 3693; x_wconf 77' lang='grc' dir='ltr'>σώματι,</span> <span class='ocrx_word' id='word_1_481' title='bbox 1014 3630 1117 3681; x_wconf 84' lang='grc' dir='ltr'>πῶς</span> <span class='ocrx_word' id='word_1_482' title='bbox 1146 3620 1273 3691; x_wconf 75' lang='grc' dir='ltr'>ούχὶ</span> <span class='ocrx_word' id='word_1_483' title='bbox 1304 3620 1460 3691; x_wconf 68' lang='grc' dir='ltr'>ψυχὴ</span> <span class='ocrx_word' id='word_1_484' title='bbox 1480 3622 1537 3671; x_wconf 84' lang='grc' dir='ltr'>τό</span> <span class='ocrx_word' id='word_1_485' title='bbox 1559 3628 1729 3693; x_wconf 84' lang='grc' dir='ltr'>σῶμα,</span> 
     </span>
    </p>
   </div>
   <div class='ocr_carea' id='block_1_69' title="bbox 164 3707 807 3783">
    <p class='ocr_par' dir='ltr' id='par_1_69' title="bbox 164 3707 807 3783">
     <span class='ocr_line' id='line_1_69' title="bbox 164 3707 807 3783; baseline -0.003 -19"><span class='ocrx_word' id='word_1_486' title='bbox 164 3707 325 3782; x_wconf 72' lang='grc' dir='ltr'>ἧούχὶ</span> <span class='ocrx_word' id='word_1_487' title='bbox 358 3720 503 3783; x_wconf 78' lang='grc' dir='ltr'>σῶμα</span> <span class='ocrx_word' id='word_1_488' title='bbox 533 3714 565 3770; x_wconf 82' lang='grc' dir='ltr'><strong>ἠ</strong></span> <span class='ocrx_word' id='word_1_489' title='bbox 603 3711 759 3783; x_wconf 77' lang='grc' dir='ltr'>ψυχή</span> <span class='ocrx_word' id='word_1_490' title='bbox 794 3727 807 3777; x_wconf 88' lang='grc'>;</span> 
     </span>
    </p>
   </div>
   <div class='ocr_carea' id='block_1_70' title="bbox 224 3972 1733 4048">
    <p class='ocr_par' dir='ltr' id='par_1_70' title="bbox 224 3972 1733 4048">
     <span class='ocr_line' id='line_1_70' title="bbox 224 3972 1733 4048; baseline 0 -21"><span class='ocrx_word' id='word_1_491' title='bbox 224 3975 274 4027; x_wconf 81' lang='lat' dir='ltr'>Ei</span> <span class='ocrx_word' id='word_1_492' title='bbox 301 3972 354 4029; x_wconf 59' lang='grc' dir='ltr'>δε</span> <span class='ocrx_word' id='word_1_493' title='bbox 394 3985 560 4029; x_wconf 69' lang='grc' dir='ltr'>ταῦτα</span> <span class='ocrx_word' id='word_1_494' title='bbox 608 3976 771 4047; x_wconf 73' lang='grc' dir='ltr'>λέγειν</span> <span class='ocrx_word' id='word_1_495' title='bbox 798 3975 899 4041; x_wconf 68' lang='lat' dir='ltr'>[ini</span> <span class='ocrx_word' id='word_1_496' title='bbox 922 3976 1132 4047; x_wconf 74' lang='grc' dir='ltr'>ψυχῆς,</span> <span class='ocrx_word' id='word_1_497' title='bbox 1164 3980 1253 4028; x_wconf 80' lang='grc' dir='ltr'>καὶ</span> <span class='ocrx_word' id='word_1_498' title='bbox 1282 3980 1525 4048; x_wconf 80' lang='grc' dir='ltr'>σώματος</span> <span class='ocrx_word' id='word_1_499' title='bbox 1553 3975 1733 4047; x_wconf 73' lang='grc' dir='ltr'>γε’)ωςο</span> 
     </span>
    </p>
   </div>
   <div class='ocr_carea' id='block_1_71' title="bbox 166 4064 1737 4139">
    <p class='ocr_par' dir='ltr' id='par_1_71' title="bbox 166 4064 1737 4139">
     <span class='ocr_line' id='line_1_71' title="bbox 166 4064 1737 4139; baseline 0.003 -27"><span class='ocrx_word' id='word_1_500' title='bbox 166 4070 238 4114; x_wconf 77' lang='grc' dir='ltr'>καὶ</span> <span class='ocrx_word' id='word_1_501' title='bbox 274 4074 354 4116; x_wconf 78' lang='grc' dir='ltr'>ννν</span> <span class='ocrx_word' id='word_1_502' title='bbox 400 4070 491 4124; x_wconf 78' lang='grc' dir='ltr'>τήν</span> <span class='ocrx_word' id='word_1_503' title='bbox 542 4069 698 4139; x_wconf 72' lang='grc' dir='ltr'>φύσιν</span> <span class='ocrx_word' id='word_1_504' title='bbox 728 4073 829 4128; x_wconf 79' lang='grc' dir='ltr'>τῆς</span> <span class='ocrx_word' id='word_1_505' title='bbox 868 4064 1086 4138; x_wconf 78' lang='grc' dir='ltr'>ἀπορίας</span> <span class='ocrx_word' id='word_1_506' title='bbox 1123 4068 1181 4117; x_wconf 86' lang='grc' dir='ltr'>τό</span> <span class='ocrx_word' id='word_1_507' title='bbox 1212 4068 1443 4138; x_wconf 74' lang='grc' dir='ltr'>μέγεθος,</span> <span class='ocrx_word' id='word_1_508' title='bbox 1497 4067 1527 4123; x_wconf 77' lang='grc' dir='ltr'><strong>ἠ</strong></span> <span class='ocrx_word' id='word_1_509' title='bbox 1593 4085 1737 4137; x_wconf 76' lang='grc' dir='ltr'>σοφι-</span> 
     </span>
    </p>
   </div>
   <div class='ocr_carea' id='block_1_72' title="bbox 172 4153 1739 4229">
    <p class='ocr_par' dir='ltr' id='par_1_72' title="bbox 172 4153 1739 4229">
     <span class='ocr_line' id='line_1_72' title="bbox 172 4153 1739 4229; baseline 0.002 -27"><span class='ocrx_word' id='word_1_510' title='bbox 172 4158 299 4211; x_wconf 74' lang='grc' dir='ltr'>στικὴ</span> <span class='ocrx_word' id='word_1_511' title='bbox 363 4153 654 4215; x_wconf 78' lang='grc' dir='ltr'>κατάδηλος</span> <span class='ocrx_word' id='word_1_512' title='bbox 708 4162 898 4229; x_wconf 75' lang='grc' dir='ltr'>μικροῦ</span> <span class='ocrx_word' id='word_1_513' title='bbox 965 4160 1054 4207; x_wconf 88' lang='grc' dir='ltr'>καὶ</span> <span class='ocrx_word' id='word_1_514' title='bbox 1103 4161 1211 4213; x_wconf 73' lang='grc' dir='ltr'>τοῖς</span> <span class='ocrx_word' id='word_1_515' title='bbox 1262 4154 1617 4226; x_wconf 71' lang='grc' dir='ltr'>ἀγυμνάστοις</span> <span class='ocrx_word' id='word_1_516' title='bbox 1673 4156 1739 4206; x_wconf 82' lang='grc' dir='ltr'>τὰ</span> 
     </span>
    </p>
   </div>
   <div class='ocr_carea' id='block_1_73' title="bbox 170 4242 1737 4317">
    <p class='ocr_par' dir='ltr' id='par_1_73' title="bbox 170 4242 1737 4317">
     <span class='ocr_line' id='line_1_73' title="bbox 170 4242 1737 4317; baseline 0.004 -29"><span class='ocrx_word' id='word_1_517' title='bbox 170 4250 357 4294; x_wconf 74' lang='grc' dir='ltr'>τοιαῦτα</span> <span class='ocrx_word' id='word_1_518' title='bbox 394 4250 591 4313; x_wconf 85' lang='grc' dir='ltr'>γίνεται</span> <span class='ocrx_word' id='word_1_519' title='bbox 619 4244 829 4315; x_wconf 76' lang='grc' dir='ltr'>λέσχη·</span> <span class='ocrx_word' id='word_1_520' title='bbox 888 4249 1036 4315; x_wconf 84' lang='grc' dir='ltr'>πόσῳ</span> <span class='ocrx_word' id='word_1_521' title='bbox 1084 4244 1272 4317; x_wconf 75' lang='grc' dir='ltr'>μᾶλλον</span> <span class='ocrx_word' id='word_1_522' title='bbox 1327 4242 1409 4295; x_wconf 76' lang='grc' dir='ltr'>ἐπὶ</span> <span class='ocrx_word' id='word_1_523' title='bbox 1460 4251 1550 4295; x_wconf 77' lang='grc' dir='ltr'>τοῦ</span> <span class='ocrx_word' id='word_1_524' title='bbox 1600 4245 1737 4295; x_wconf 82' lang='grc' dir='ltr'>θείου</span> 
     </span>
    </p>
   </div>
   <div class='ocr_carea' id='block_1_74' title="bbox 1845 3172 3499 3245">
    <p class='ocr_par' dir='ltr' id='par_1_74' title="bbox 1845 3172 3499 3245">
     <span class='ocr_line' id='line_1_74' title="bbox 1845 3172 3499 3245; baseline 0.001 -16"><span class='ocrx_word' id='word_1_525' title='bbox 1845 3174 1975 3245; x_wconf 90' lang='lat' dir='ltr'>conj</span> <span class='ocrx_word' id='word_1_526' title='bbox 1989 3178 2184 3235; x_wconf 90' lang='lat' dir='ltr'>uncta,</span> <span class='ocrx_word' id='word_1_527' title='bbox 2204 3172 2407 3245; x_wconf 89' lang='lat' dir='ltr'>nequit</span> <span class='ocrx_word' id='word_1_528' title='bbox 2421 3172 2752 3243; x_wconf 86' lang='lat' dir='ltr'>imperare?</span> <span class='ocrx_word' id='word_1_529' title='bbox 2766 3172 3079 3237; x_wconf 88' lang='lat' dir='ltr'>Quomodo</span> <span class='ocrx_word' id='word_1_530' title='bbox 3093 3177 3149 3228; x_wconf 93' lang='lat' dir='ltr'>et</span> <span class='ocrx_word' id='word_1_531' title='bbox 3162 3173 3362 3244; x_wconf 88' lang='lat' dir='ltr'>ipsum</span> <span class='ocrx_word' id='word_1_532' title='bbox 3378 3188 3499 3230; x_wconf 88' lang='lat' dir='ltr'>non</span> 
     </span>
    </p>
   </div>
   <div class='ocr_carea' id='block_1_75' title="bbox 1844 3260 3499 3334">
    <p class='ocr_par' dir='ltr' id='par_1_75' title="bbox 1844 3260 3499 3334">
     <span class='ocr_line' id='line_1_75' title="bbox 1844 3260 3499 3334; baseline 0.001 -16"><span class='ocrx_word' id='word_1_533' title='bbox 1844 3262 2055 3334; x_wconf 77' lang='lat' dir='ltr'>effugit</span> <span class='ocrx_word' id='word_1_534' title='bbox 2078 3267 2303 3318; x_wconf 85' lang='lat' dir='ltr'>tactum</span> <span class='ocrx_word' id='word_1_535' title='bbox 2325 3260 2354 3315; x_wconf 77' lang='lat' dir='ltr'>‘i’</span> <span class='ocrx_word' id='word_1_536' title='bbox 2368 3260 2681 3327; x_wconf 88' lang='lat' dir='ltr'>Quomodo</span> <span class='ocrx_word' id='word_1_537' title='bbox 2705 3265 2791 3316; x_wconf 90' lang='lat' dir='ltr'>est</span> <span class='ocrx_word' id='word_1_538' title='bbox 2804 3261 3104 3317; x_wconf 91' lang='lat' dir='ltr'>coloribus</span> <span class='ocrx_word' id='word_1_539' title='bbox 3119 3262 3456 3333; x_wconf 84' lang='lat' dir='ltr'>subjectum</span> <span class='ocrx_word' id='word_1_540' title='bbox 3471 3264 3499 3320; x_wconf 85' lang='lat'><strong>?</strong></span> 
     </span>
    </p>
   </div>
   <div class='ocr_carea' id='block_1_76' title="bbox 1846 3349 3500 3423">
    <p class='ocr_par' dir='ltr' id='par_1_76' title="bbox 1846 3349 3500 3423">
     <span class='ocr_line' id='line_1_76' title="bbox 1846 3349 3500 3423; baseline -0.001 -15"><span class='ocrx_word' id='word_1_541' title='bbox 1846 3351 2162 3418; x_wconf 88' lang='lat' dir='ltr'>Quomodo</span> <span class='ocrx_word' id='word_1_542' title='bbox 2194 3350 2518 3420; x_wconf 86' lang='lat' dir='ltr'>gravitatis,</span> <span class='ocrx_word' id='word_1_543' title='bbox 2551 3349 2858 3422; x_wconf 91' lang='lat' dir='ltr'>ponderis,</span> <span class='ocrx_word' id='word_1_544' title='bbox 2900 3351 3226 3417; x_wconf 84' lang='lat' dir='ltr'>vacuitatis,</span> <span class='ocrx_word' id='word_1_545' title='bbox 3256 3350 3500 3423; x_wconf 87' lang='lat' dir='ltr'>plenitu-</span> 
     </span>
    </p>
   </div>
   <div class='ocr_carea' id='block_1_77' title="bbox 1845 3438 3497 3510">
    <p class='ocr_par' dir='ltr' id='par_1_77' title="bbox 1845 3438 3497 3510">
     <span class='ocr_line' id='line_1_77' title="bbox 1845 3438 3497 3510; baseline 0.001 -15"><span class='ocrx_word' id='word_1_546' title='bbox 1845 3442 1993 3497; x_wconf 90' lang='lat' dir='ltr'>dinis</span> <span class='ocrx_word' id='word_1_547' title='bbox 2024 3456 2144 3497; x_wconf 89' lang='lat' dir='ltr'>non</span> <span class='ocrx_word' id='word_1_548' title='bbox 2171 3445 2259 3496; x_wconf 89' lang='lat' dir='ltr'>est</span> <span class='ocrx_word' id='word_1_549' title='bbox 2283 3440 2553 3494; x_wconf 90' lang='lat' dir='ltr'>immune</span> <span class='ocrx_word' id='word_1_550' title='bbox 2579 3455 2592 3505; x_wconf 91' lang='lat'>;</span> <span class='ocrx_word' id='word_1_551' title='bbox 2623 3442 2676 3494; x_wconf 91' lang='lat' dir='ltr'>et</span> <span class='ocrx_word' id='word_1_552' title='bbox 2708 3438 2865 3495; x_wconf 90' lang='lat' dir='ltr'>mille</span> <span class='ocrx_word' id='word_1_553' title='bbox 2897 3439 3243 3510; x_wconf 86' lang='lat' dir='ltr'>bujusmodi</span> <span class='ocrx_word' id='word_1_554' title='bbox 3271 3439 3497 3510; x_wconf 68' lang='lat' dir='ltr'>geri-aa?</span> 
     </span>
    </p>
   </div>
   <div class='ocr_carea' id='block_1_78' title="bbox 1844 3527 3495 3603">
    <p class='ocr_par' dir='ltr' id='par_1_78' title="bbox 1844 3527 3495 3603">
     <span class='ocr_line' id='line_1_78' title="bbox 1844 3527 3495 3603; baseline -0.002 -17"><span class='ocrx_word' id='word_1_555' title='bbox 1844 3533 2031 3603; x_wconf 79' lang='lat' dir='ltr'>Atque</span> <span class='ocrx_word' id='word_1_556' title='bbox 2046 3532 2131 3601; x_wconf 88' lang='lat' dir='ltr'>(ut</span> <span class='ocrx_word' id='word_1_557' title='bbox 2148 3544 2260 3585; x_wconf 89' lang='lat' dir='ltr'>uno</span> <span class='ocrx_word' id='word_1_558' title='bbox 2274 3527 2450 3584; x_wconf 88' lang='lat' dir='ltr'>verbo</span> <span class='ocrx_word' id='word_1_559' title='bbox 2476 3528 2781 3584; x_wconf 88' lang='lat' dir='ltr'>matricem</span> <span class='ocrx_word' id='word_1_560' title='bbox 2797 3542 3084 3597; x_wconf 87' lang='lat' dir='ltr'>nugarum</span> <span class='ocrx_word' id='word_1_561' title='bbox 3100 3528 3495 3599; x_wconf 84' lang='lat' dir='ltr'>proferamus,</span> 
     </span>
    </p>
   </div>
   <div class='ocr_carea' id='block_1_79' title="bbox 1845 3616 3500 3692">
    <p class='ocr_par' dir='ltr' id='par_1_79' title="bbox 1845 3616 3500 3692">
     <span class='ocr_line' id='line_1_79' title="bbox 1845 3616 3500 3692; baseline -0.001 -17"><span class='ocrx_word' id='word_1_562' title='bbox 1845 3634 1911 3675; x_wconf 87' lang='lat' dir='ltr'>ex</span> <span class='ocrx_word' id='word_1_563' title='bbox 1934 3634 2056 3692; x_wconf 89' lang='lat' dir='ltr'>qua</span> <span class='ocrx_word' id='word_1_564' title='bbox 2076 3622 2129 3674; x_wconf 90' lang='lat' dir='ltr'>et</span> <span class='ocrx_word' id='word_1_565' title='bbox 2159 3618 2284 3674; x_wconf 69' lang='lat' dir='ltr'>istm</span> <span class='ocrx_word' id='word_1_566' title='bbox 2306 3616 2599 3689; x_wconf 88' lang='lat' dir='ltr'>juveniles</span> <span class='ocrx_word' id='word_1_567' title='bbox 2619 3616 2868 3687; x_wconf 74' lang='lat' dir='ltr'>argutiae</span> <span class='ocrx_word' id='word_1_568' title='bbox 2901 3616 2977 3673; x_wconf 92' lang='lat' dir='ltr'>ad</span> <span class='ocrx_word' id='word_1_569' title='bbox 3000 3631 3306 3673; x_wconf 90' lang='lat' dir='ltr'>sermones</span> <span class='ocrx_word' id='word_1_570' title='bbox 3335 3617 3500 3674; x_wconf 87' lang='lat' dir='ltr'>inva-</span> 
     </span>
    </p>
   </div>
   <div class='ocr_carea' id='block_1_80' title="bbox 1844 3706 3498 3778">
    <p class='ocr_par' dir='ltr' id='par_1_80' title="bbox 1844 3706 3498 3778">
     <span class='ocr_line' id='line_1_80' title="bbox 1844 3706 3498 3778; baseline -0.001 -13"><span class='ocrx_word' id='word_1_571' title='bbox 1844 3708 2077 3765; x_wconf 90' lang='lat' dir='ltr'>dendos</span> <span class='ocrx_word' id='word_1_572' title='bbox 2107 3707 2337 3764; x_wconf 91' lang='lat' dir='ltr'>aditum</span> <span class='ocrx_word' id='word_1_573' title='bbox 2368 3707 2758 3777; x_wconf 86' lang='lat' dir='ltr'>invenerunt),</span> <span class='ocrx_word' id='word_1_574' title='bbox 2792 3707 2840 3761; x_wconf 90' lang='lat' dir='ltr'>si</span> <span class='ocrx_word' id='word_1_575' title='bbox 2866 3706 3071 3762; x_wconf 88' lang='lat' dir='ltr'>anima</span> <span class='ocrx_word' id='word_1_576' title='bbox 3101 3710 3189 3763; x_wconf 91' lang='lat' dir='ltr'>est</span> <span class='ocrx_word' id='word_1_577' title='bbox 3218 3706 3498 3778; x_wconf 87' lang='lat' dir='ltr'>copulata</span> 
     </span>
    </p>
   </div>
   <div class='ocr_carea' id='block_1_81' title="bbox 1845 3795 3496 3870">
    <p class='ocr_par' dir='ltr' id='par_1_81' title="bbox 1845 3795 3496 3870">
     <span class='ocr_line' id='line_1_81' title="bbox 1845 3795 3496 3870; baseline -0.001 -17"><span class='ocrx_word' id='word_1_578' title='bbox 1845 3797 2100 3870; x_wconf 89' lang='lat' dir='ltr'>corpori,</span> <span class='ocrx_word' id='word_1_579' title='bbox 2122 3795 2427 3867; x_wconf 91' lang='lat' dir='ltr'>quomodo</span> <span class='ocrx_word' id='word_1_580' title='bbox 2444 3796 2648 3851; x_wconf 91' lang='lat' dir='ltr'>anima</span> <span class='ocrx_word' id='word_1_581' title='bbox 2663 3810 2787 3851; x_wconf 91' lang='lat' dir='ltr'>non</span> <span class='ocrx_word' id='word_1_582' title='bbox 2805 3798 2893 3852; x_wconf 89' lang='lat' dir='ltr'>est</span> <span class='ocrx_word' id='word_1_583' title='bbox 2903 3810 3140 3867; x_wconf 89' lang='lat' dir='ltr'>corpus,</span> <span class='ocrx_word' id='word_1_584' title='bbox 3165 3799 3496 3867; x_wconf 90' lang='lat' dir='ltr'>autcorpus</span> 
     </span>
    </p>
   </div>
   <div class='ocr_carea' id='block_1_82' title="bbox 1845 3885 2380 3943">
    <p class='ocr_par' dir='ltr' id='par_1_82' title="bbox 1845 3885 2380 3943">
     <span class='ocr_line' id='line_1_82' title="bbox 1845 3885 2380 3943; baseline -0.002 0"><span class='ocrx_word' id='word_1_585' title='bbox 1845 3901 1967 3943; x_wconf 89' lang='lat' dir='ltr'>non</span> <span class='ocrx_word' id='word_1_586' title='bbox 2000 3891 2088 3943; x_wconf 87' lang='lat' dir='ltr'>est</span> <span class='ocrx_word' id='word_1_587' title='bbox 2118 3886 2322 3941; x_wconf 90' lang='lat' dir='ltr'>anima</span> <span class='ocrx_word' id='word_1_588' title='bbox 2350 3885 2380 3942; x_wconf 66' lang='grc' dir='ltr'><em>Ἰ</em></span> 
     </span>
    </p>
   </div>
   <div class='ocr_carea' id='block_1_83' title="bbox 1919 3973 3495 4047">
    <p class='ocr_par' dir='ltr' id='par_1_83' title="bbox 1919 3973 3495 4047">
     <span class='ocr_line' id='line_1_83' title="bbox 1919 3973 3495 4047; baseline 0 -15"><span class='ocrx_word' id='word_1_589' title='bbox 1919 3976 2089 4043; x_wconf 88' lang='lat' dir='ltr'>Quod</span> <span class='ocrx_word' id='word_1_590' title='bbox 2122 3976 2168 4031; x_wconf 89' lang='lat' dir='ltr'>si</span> <span class='ocrx_word' id='word_1_591' title='bbox 2194 3976 2322 4032; x_wconf 66' lang='lat' dir='ltr'>hinc</span> <span class='ocrx_word' id='word_1_592' title='bbox 2360 3990 2431 4031; x_wconf 89' lang='lat' dir='ltr'>ac</span> <span class='ocrx_word' id='word_1_593' title='bbox 2465 3974 2669 4030; x_wconf 90' lang='lat' dir='ltr'>anima</span> <span class='ocrx_word' id='word_1_594' title='bbox 2697 3978 2752 4030; x_wconf 91' lang='lat' dir='ltr'>et</span> <span class='ocrx_word' id='word_1_595' title='bbox 2781 3988 3029 4047; x_wconf 91' lang='lat' dir='ltr'>corpore</span> <span class='ocrx_word' id='word_1_596' title='bbox 3052 3973 3280 4032; x_wconf 79' lang='lat' dir='ltr'>effutire</span> <span class='ocrx_word' id='word_1_597' title='bbox 3306 3974 3495 4033; x_wconf 88' lang='lat' dir='ltr'>risum</span> 
     </span>
    </p>
   </div>
   <div class='ocr_carea' id='block_1_84' title="bbox 1847 4064 3497 4137">
    <p class='ocr_par' dir='ltr' id='par_1_84' title="bbox 1847 4064 3497 4137">
     <span class='ocr_line' id='line_1_84' title="bbox 1847 4064 3497 4137; baseline -0.001 -14"><span class='ocrx_word' id='word_1_598' title='bbox 1847 4070 2075 4131; x_wconf 79' lang='lat' dir='ltr'>excitat,</span> <span class='ocrx_word' id='word_1_599' title='bbox 2104 4070 2161 4121; x_wconf 91' lang='lat' dir='ltr'>et</span> <span class='ocrx_word' id='word_1_600' title='bbox 2191 4080 2370 4133; x_wconf 88' lang='lat' dir='ltr'>nunc,</span> <span class='ocrx_word' id='word_1_601' title='bbox 2395 4064 2539 4119; x_wconf 91' lang='lat' dir='ltr'>dum</span> <span class='ocrx_word' id='word_1_602' title='bbox 2567 4065 2626 4120; x_wconf 90' lang='lat' dir='ltr'>in</span> <span class='ocrx_word' id='word_1_603' title='bbox 2649 4064 2829 4120; x_wconf 89' lang='lat' dir='ltr'>rebus</span> <span class='ocrx_word' id='word_1_604' title='bbox 2852 4064 3226 4120; x_wconf 85' lang='lat' dir='ltr'>naturalibus</span> <span class='ocrx_word' id='word_1_605' title='bbox 3255 4065 3497 4137; x_wconf 90' lang='lat' dir='ltr'>pondus</span> 
     </span>
    </p>
   </div>
   <div class='ocr_carea' id='block_1_85' title="bbox 1848 4152 3495 4225">
    <p class='ocr_par' dir='ltr' id='par_1_85' title="bbox 1848 4152 3495 4225">
     <span class='ocr_line' id='line_1_85' title="bbox 1848 4152 3495 4225; baseline -0.001 -16"><span class='ocrx_word' id='word_1_606' title='bbox 1848 4154 2209 4211; x_wconf 84' lang='lat' dir='ltr'>difficultatis</span> <span class='ocrx_word' id='word_1_607' title='bbox 2231 4160 2339 4219; x_wconf 90' lang='lat' dir='ltr'>est,</span> <span class='ocrx_word' id='word_1_608' title='bbox 2373 4154 2464 4209; x_wconf 87' lang='lat' dir='ltr'>vel</span> <span class='ocrx_word' id='word_1_609' title='bbox 2492 4153 2570 4209; x_wconf 90' lang='lat' dir='ltr'>ab</span> <span class='ocrx_word' id='word_1_610' title='bbox 2594 4152 2735 4225; x_wconf 88' lang='lat' dir='ltr'>ipsis</span> <span class='ocrx_word' id='word_1_611' title='bbox 2764 4153 3203 4225; x_wconf 89' lang='lat' dir='ltr'>propemodum</span> <span class='ocrx_word' id='word_1_612' title='bbox 3230 4154 3495 4209; x_wconf 89' lang='lat' dir='ltr'>homini-</span> 
     </span>
    </p>
   </div>
   <div class='ocr_carea' id='block_1_86' title="bbox 1847 4237 3498 4310">
    <p class='ocr_par' dir='ltr' id='par_1_86' title="bbox 1847 4237 3498 4310">
     <span class='ocr_line' id='line_1_86' title="bbox 1847 4237 3498 4310; baseline -0.001 -15"><span class='ocrx_word' id='word_1_613' title='bbox 1847 4240 1962 4296; x_wconf 91' lang='lat' dir='ltr'>bus</span> <span class='ocrx_word' id='word_1_614' title='bbox 1978 4239 2321 4295; x_wconf 90' lang='lat' dir='ltr'>rudioribus</span> <span class='ocrx_word' id='word_1_615' title='bbox 2340 4238 2545 4294; x_wconf 69' lang='lat' dir='ltr'>isthmc</span> <span class='ocrx_word' id='word_1_616' title='bbox 2562 4237 2878 4309; x_wconf 86' lang='lat' dir='ltr'>garrulitas</span> <span class='ocrx_word' id='word_1_617' title='bbox 2894 4237 3257 4294; x_wconf 79' lang='lat' dir='ltr'>cavillatoria</span> <span class='ocrx_word' id='word_1_618' title='bbox 3274 4239 3498 4310; x_wconf 89' lang='lat' dir='ltr'>perspi-</span> 
     </span>
    </p>
   </div>
   <div class='ocr_carea' id='block_1_87' title="bbox 171 4326 1739 4406">
    <p class='ocr_par' dir='ltr' id='par_1_87' title="bbox 171 4331 1739 4406">
     <span class='ocr_line' id='line_1_87' title="bbox 171 4331 1739 4406; baseline 0.003 -27"><span class='ocrx_word' id='word_1_619' title='bbox 171 4334 335 4401; x_wconf 75' lang='grc' dir='ltr'>Λόγου,</span> <span class='ocrx_word' id='word_1_620' title='bbox 387 4338 473 4385; x_wconf 83' lang='grc' dir='ltr'>καὶ</span> <span class='ocrx_word' id='word_1_621' title='bbox 528 4341 623 4385; x_wconf 84' lang='grc' dir='ltr'>τού</span> <span class='ocrx_word' id='word_1_622' title='bbox 676 4333 794 4385; x_wconf 80' lang='grc' dir='ltr'>καθ’</span> <span class='ocrx_word' id='word_1_623' title='bbox 819 4334 958 4404; x_wconf 75' lang='grc' dir='ltr'>ἡμᾶς</span> <span class='ocrx_word' id='word_1_624' title='bbox 1010 4332 1421 4406; x_wconf 81' lang='grc' dir='ltr'>προσλήμματος</span> <span class='ocrx_word' id='word_1_625' title='bbox 1455 4331 1615 4403; x_wconf 76' lang='grc' dir='ltr'>λέγειν</span> <span class='ocrx_word' id='word_1_626' title='bbox 1674 4334 1739 4384; x_wconf 80' lang='grc' dir='ltr'>τὰ</span> 
     </span>
    </p>
   </div>
   <div class='ocr_carea' id='block_1_88' title="bbox 1854 4326 3499 4406">
    <p class='ocr_par' dir='ltr' id='par_1_88' title="bbox 1854 4326 3499 4403">
     <span class='ocr_line' id='line_1_88' title="bbox 1854 4326 3499 4403; baseline -0.001 -18"><span class='ocrx_word' id='word_1_627' title='bbox 1854 4331 2043 4386; x_wconf 85' lang='lat' dir='ltr'>citur:</span> <span class='ocrx_word' id='word_1_628' title='bbox 2077 4333 2303 4403; x_wconf 68' lang='lat' dir='ltr'>quanto</span> <span class='ocrx_word' id='word_1_629' title='bbox 2352 4328 2546 4396; x_wconf 87' lang='lat' dir='ltr'>magis</span> <span class='ocrx_word' id='word_1_630' title='bbox 2592 4327 2665 4383; x_wconf 92' lang='lat' dir='ltr'>de</span> <span class='ocrx_word' id='word_1_631' title='bbox 2706 4326 2907 4382; x_wconf 87' lang='lat' dir='ltr'>divino</span> <span class='ocrx_word' id='word_1_632' title='bbox 2940 4326 3148 4392; x_wconf 89' lang='lat' dir='ltr'>Verbo,</span> <span class='ocrx_word' id='word_1_633' title='bbox 3190 4332 3245 4383; x_wconf 90' lang='lat' dir='ltr'>et</span> <span class='ocrx_word' id='word_1_634' title='bbox 3292 4330 3499 4384; x_wconf 91' lang='lat' dir='ltr'>nostra</span> 
     </span>
    </p>
   </div>
   <div class='ocr_carea' id='block_1_89' title="bbox 170 4418 1739 4496">
    <p class='ocr_par' dir='ltr' id='par_1_89' title="bbox 170 4418 1739 4496">
     <span class='ocr_line' id='line_1_89' title="bbox 170 4418 1739 4496; baseline 0.004 -29"><span class='ocrx_word' id='word_1_635' title='bbox 170 4418 301 4487; x_wconf 79' lang='grc' dir='ltr'>ὃμοια</span> <span class='ocrx_word' id='word_1_636' title='bbox 334 4422 389 4473; x_wconf 74' lang='grc' dir='ltr'>ού</span> <span class='ocrx_word' id='word_1_637' title='bbox 413 4423 664 4483; x_wconf 79' lang='grc' dir='ltr'>παντελῶς</span> <span class='ocrx_word' id='word_1_638' title='bbox 696 4421 808 4473; x_wconf 82' lang='grc' dir='ltr'>ἐστι</span> <span class='ocrx_word' id='word_1_639' title='bbox 846 4422 1233 4491; x_wconf 83' lang='grc' dir='ltr'>καταγέλαστον</span> <span class='ocrx_word' id='word_1_640' title='bbox 1278 4427 1367 4473; x_wconf 85' lang='grc' dir='ltr'>καὶ</span> <span class='ocrx_word' id='word_1_641' title='bbox 1406 4426 1477 4493; x_wconf 79' lang='grc' dir='ltr'>μὴ</span> <span class='ocrx_word' id='word_1_642' title='bbox 1537 4418 1739 4496; x_wconf 80' lang='grc' dir='ltr'>διακρί-</span> 
     </span>
    </p>
   </div>
   <div class='ocr_carea' id='block_1_90' title="bbox 171 4507 1737 4585">
    <p class='ocr_par' dir='ltr' id='par_1_90' title="bbox 171 4507 1737 4585">
     <span class='ocr_line' id='line_1_90' title="bbox 171 4507 1737 4585; baseline 0.003 -28"><span class='ocrx_word' id='word_1_643' title='bbox 171 4525 254 4557; x_wconf 76' lang='grc' dir='ltr'>νειν</span> <span class='ocrx_word' id='word_1_644' title='bbox 293 4507 453 4563; x_wconf 78' lang='grc' dir='ltr'>εἰδόσι</span> <span class='ocrx_word' id='word_1_645' title='bbox 502 4512 752 4585; x_wconf 71' lang='grc' dir='ltr'>φλυαρίας</span> <span class='ocrx_word' id='word_1_646' title='bbox 818 4530 892 4574; x_wconf 82' lang='grc' dir='ltr'>τε,</span> <span class='ocrx_word' id='word_1_647' title='bbox 956 4516 1046 4563; x_wconf 83' lang='grc' dir='ltr'>καὶ</span> <span class='ocrx_word' id='word_1_648' title='bbox 1116 4510 1332 4583; x_wconf 84' lang='grc' dir='ltr'>ἀπορίας</span> <span class='ocrx_word' id='word_1_649' title='bbox 1401 4516 1737 4583; x_wconf 85' lang='grc' dir='ltr'>προνόμιον;</span> 
     </span>
    </p>
   </div>
   <div class='ocr_carea' id='block_1_91' title="bbox 177 4596 1743 4675">
    <p class='ocr_par' dir='ltr' id='par_1_91' title="bbox 177 4596 1743 4675">
     <span class='ocr_line' id='line_1_91' title="bbox 177 4596 1743 4675; baseline 0.004 -28"><span class='ocrx_word' id='word_1_650' title='bbox 177 4600 293 4647; x_wconf 60' lang='lat' dir='ltr'>Bima</span> <span class='ocrx_word' id='word_1_651' title='bbox 344 4604 407 4651; x_wconf 72' lang='grc' dir='ltr'>τὰ</span> <span class='ocrx_word' id='word_1_652' title='bbox 452 4604 695 4673; x_wconf 77' lang='grc' dir='ltr'>ἡμέτερα,</span> <span class='ocrx_word' id='word_1_653' title='bbox 760 4600 948 4671; x_wconf 78' lang='grc' dir='ltr'>μᾶλλον</span> <span class='ocrx_word' id='word_1_654' title='bbox 1006 4596 1056 4651; x_wconf 74' lang='grc' dir='ltr'>δ’</span> <span class='ocrx_word' id='word_1_655' title='bbox 1122 4599 1154 4651; x_wconf 76' lang='grc' dir='ltr'><em>ἃ</em></span> <span class='ocrx_word' id='word_1_656' title='bbox 1212 4608 1300 4659; x_wconf 82' lang='grc' dir='ltr'>τῆς</span> <span class='ocrx_word' id='word_1_657' title='bbox 1356 4600 1743 4675; x_wconf 78' lang='grc' dir='ltr'>φιλανθρωπίας</span> 
     </span>
    </p>
   </div>
   <div class='ocr_carea' id='block_1_92' title="bbox 174 4691 1736 4761">
    <p class='ocr_par' dir='ltr' id='par_1_92' title="bbox 174 4691 1736 4761">
     <span class='ocr_line' id='line_1_92' title="bbox 174 4691 1736 4761; baseline 0.005 -27"><span class='ocrx_word' id='word_1_658' title='bbox 174 4693 248 4735; x_wconf 70' lang='grc' dir='ltr'>τοῦ</span> <span class='ocrx_word' id='word_1_659' title='bbox 298 4691 584 4751; x_wconf 87' lang='grc' dir='ltr'>Π).άσαντος</span> <span class='ocrx_word' id='word_1_660' title='bbox 638 4692 780 4761; x_wconf 82' lang='grc' dir='ltr'>ἔργα,</span> <span class='ocrx_word' id='word_1_661' title='bbox 851 4694 939 4741; x_wconf 86' lang='grc' dir='ltr'>καὶ</span> <span class='ocrx_word' id='word_1_662' title='bbox 994 4691 1135 4746; x_wconf 79' lang='grc' dir='ltr'>πάθη</span> <span class='ocrx_word' id='word_1_663' title='bbox 1188 4691 1497 4747; x_wconf 82' lang='grc' dir='ltr'>καθέστηκε.</span> <span class='ocrx_word' id='word_1_664' title='bbox 1534 4697 1650 4752; x_wconf 84' lang='grc' dir='ltr'>Πῶς</span> <span class='ocrx_word' id='word_1_665' title='bbox 1707 4692 1736 4748; x_wconf 82' lang='grc' dir='ltr'><strong>ἠ</strong></span> 
     </span>
    </p>
   </div>
   <div class='ocr_carea' id='block_1_93' title="bbox 177 4776 1742 4853">
    <p class='ocr_par' dir='ltr' id='par_1_93' title="bbox 177 4776 1742 4853">
     <span class='ocr_line' id='line_1_93' title="bbox 177 4776 1742 4853; baseline 0.003 -28"><span class='ocrx_word' id='word_1_666' title='bbox 177 4780 348 4838; x_wconf 56' lang='lat' dir='ltr'>emta;</span> <span class='ocrx_word' id='word_1_667' title='bbox 393 4780 532 4840; x_wconf 77' lang='grc' dir='ltr'>ἣλοις</span> <span class='ocrx_word' id='word_1_668' title='bbox 581 4776 1038 4853; x_wconf 81' lang='grc' dir='ltr'>διαπερονηθέντος</span> <span class='ocrx_word' id='word_1_669' title='bbox 1077 4786 1167 4830; x_wconf 80' lang='grc' dir='ltr'>τοῦ</span> <span class='ocrx_word' id='word_1_670' title='bbox 1214 4784 1467 4849; x_wconf 80' lang='grc' dir='ltr'>σώματος,</span> <span class='ocrx_word' id='word_1_671' title='bbox 1512 4780 1575 4831; x_wconf 74' lang='grc' dir='ltr'>ού</span> <span class='ocrx_word' id='word_1_672' title='bbox 1624 4799 1742 4831; x_wconf 87' lang='grc' dir='ltr'>συν-</span> 
     </span>
    </p>
   </div>
   <div class='ocr_carea' id='block_1_94' title="bbox 176 4856 1737 4942">
    <p class='ocr_par' dir='ltr' id='par_1_94' title="bbox 176 4863 1737 4942">
     <span class='ocr_line' id='line_1_94' title="bbox 176 4863 1737 4942; baseline 0.005 -29"><span class='ocrx_word' id='word_1_673' title='bbox 176 4866 411 4937; x_wconf 82' lang='grc' dir='ltr'>’ἑτρωται,</span> <span class='ocrx_word' id='word_1_674' title='bbox 442 4869 500 4920; x_wconf 80' lang='grc' dir='ltr'>ού</span> <span class='ocrx_word' id='word_1_675' title='bbox 532 4876 593 4940; x_wconf 79' lang='grc' dir='ltr'>τῇ</span> <span class='ocrx_word' id='word_1_676' title='bbox 628 4867 803 4939; x_wconf 72' lang='grc' dir='ltr'>λόγχῃ</span> <span class='ocrx_word' id='word_1_677' title='bbox 838 4863 873 4920; x_wconf 86' lang='grc' dir='ltr'><em>δ</em></span> <span class='ocrx_word' id='word_1_678' title='bbox 880 4872 1199 4940; x_wconf 84' lang='grc' dir='ltr'>ιατίτρηται,</span> <span class='ocrx_word' id='word_1_679' title='bbox 1234 4869 1328 4919; x_wconf 74' lang='grc' dir='ltr'>οὐκ</span> <span class='ocrx_word' id='word_1_680' title='bbox 1370 4866 1695 4942; x_wconf 72' lang='grc' dir='ltr'>ἐσταύρωται</span> <span class='ocrx_word' id='word_1_681' title='bbox 1724 4887 1737 4935; x_wconf 91' lang='lat'><strong>;</strong></span> 
     </span>
    </p>
   </div>
   <div class='ocr_carea' id='block_1_95' title="bbox 1850 4408 3495 4489">
    <p class='ocr_par' dir='ltr' id='par_1_95' title="bbox 1850 4408 3495 4489">
     <span class='ocr_line' id='line_1_95' title="bbox 1850 4408 3495 4489; baseline -0.001 -15"><span class='ocrx_word' id='word_1_682' title='bbox 1850 4422 2164 4489; x_wconf 89' lang='lat' dir='ltr'>assumpta</span> <span class='ocrx_word' id='word_1_683' title='bbox 2181 4423 2394 4473; x_wconf 90' lang='lat' dir='ltr'>natura</span> <span class='ocrx_word' id='word_1_684' title='bbox 2411 4416 2757 4487; x_wconf 87' lang='lat' dir='ltr'>hujusmodi</span> <span class='ocrx_word' id='word_1_685' title='bbox 2775 4430 2976 4484; x_wconf 88' lang='lat' dir='ltr'>gerras</span> <span class='ocrx_word' id='word_1_686' title='bbox 2994 4414 3221 4471; x_wconf 76' lang='lat' dir='ltr'>effutire</span> <span class='ocrx_word' id='word_1_687' title='bbox 3248 4408 3495 4472; x_wconf 88' lang='lat' dir='ltr'>omnino</span> 
     </span>
    </p>
   </div>
   <div class='ocr_carea' id='block_1_96' title="bbox 1849 4504 3496 4577">
    <p class='ocr_par' dir='ltr' id='par_1_96' title="bbox 1849 4504 3496 4577">
     <span class='ocr_line' id='line_1_96' title="bbox 1849 4504 3496 4577; baseline -0.001 -14"><span class='ocrx_word' id='word_1_688' title='bbox 1849 4507 2243 4563; x_wconf 91' lang='lat' dir='ltr'>deridiculum</span> <span class='ocrx_word' id='word_1_689' title='bbox 2269 4510 2357 4561; x_wconf 89' lang='lat' dir='ltr'>est</span> <span class='ocrx_word' id='word_1_690' title='bbox 2382 4521 2491 4576; x_wconf 91' lang='lat' dir='ltr'>pro</span> <span class='ocrx_word' id='word_1_691' title='bbox 2514 4505 2585 4560; x_wconf 89' lang='lat' dir='ltr'>iis</span> <span class='ocrx_word' id='word_1_692' title='bbox 2610 4519 2871 4577; x_wconf 89' lang='lat' dir='ltr'>quoque,</span> <span class='ocrx_word' id='word_1_693' title='bbox 2898 4504 3142 4576; x_wconf 89' lang='lat' dir='ltr'>quirem</span> <span class='ocrx_word' id='word_1_694' title='bbox 3162 4504 3496 4575; x_wconf 86' lang='lat' dir='ltr'>jocularem</span> 
     </span>
    </p>
   </div>
   <div class='ocr_carea' id='block_1_97' title="bbox 1849 4597 3500 4679">
    <p class='ocr_par' dir='ltr' id='par_1_97' title="bbox 1849 4597 3500 4679">
     <span class='ocr_line' id='line_1_97' title="bbox 1849 4597 3500 4679; baseline -0.001 -22"><span class='ocrx_word' id='word_1_695' title='bbox 1849 4618 1882 4658; x_wconf 91' lang='lat' dir='ltr'>a</span> <span class='ocrx_word' id='word_1_696' title='bbox 1913 4601 2259 4657; x_wconf 85' lang='lat' dir='ltr'>difficultate</span> <span class='ocrx_word' id='word_1_697' title='bbox 2284 4600 2556 4656; x_wconf 89' lang='lat' dir='ltr'>nesciunt</span> <span class='ocrx_word' id='word_1_698' title='bbox 2582 4598 2919 4679; x_wconf 89' lang='lat' dir='ltr'>discernere</span> <span class='ocrx_word' id='word_1_699' title='bbox 2942 4597 2971 4653; x_wconf 83' lang='lat'><strong>?</strong></span> <span class='ocrx_word' id='word_1_700' title='bbox 2994 4598 3095 4654; x_wconf 85' lang='lat' dir='ltr'>Hic</span> <span class='ocrx_word' id='word_1_701' title='bbox 3124 4603 3323 4655; x_wconf 89' lang='lat' dir='ltr'>autem</span> <span class='ocrx_word' id='word_1_702' title='bbox 3353 4599 3500 4670; x_wconf 89' lang='lat' dir='ltr'>adji-</span> 
     </span>
    </p>
   </div>
   <div class='ocr_carea' id='block_1_98' title="bbox 1850 4686 3499 4760">
    <p class='ocr_par' dir='ltr' id='par_1_98' title="bbox 1850 4686 3499 4760">
     <span class='ocr_line' id='line_1_98' title="bbox 1850 4686 3499 4760; baseline -0.001 -14"><span class='ocrx_word' id='word_1_703' title='bbox 1850 4691 2005 4746; x_wconf 85' lang='lat' dir='ltr'>ciam</span> <span class='ocrx_word' id='word_1_704' title='bbox 2036 4694 2255 4754; x_wconf 88' lang='lat' dir='ltr'>nostra,</span> <span class='ocrx_word' id='word_1_705' title='bbox 2290 4689 2413 4744; x_wconf 88' lang='lat' dir='ltr'>sive</span> <span class='ocrx_word' id='word_1_706' title='bbox 2445 4688 2639 4759; x_wconf 89' lang='lat' dir='ltr'>potius</span> <span class='ocrx_word' id='word_1_707' title='bbox 2682 4686 2801 4753; x_wconf 91' lang='lat' dir='ltr'>illa,</span> <span class='ocrx_word' id='word_1_708' title='bbox 2835 4702 2971 4759; x_wconf 63' lang='lat' dir='ltr'>qua:</span> <span class='ocrx_word' id='word_1_709' title='bbox 3001 4703 3073 4743; x_wconf 83' lang='lat' dir='ltr'>ex</span> <span class='ocrx_word' id='word_1_710' title='bbox 3103 4688 3403 4760; x_wconf 89' lang='lat' dir='ltr'>operibus,</span> <span class='ocrx_word' id='word_1_711' title='bbox 3441 4692 3499 4745; x_wconf 91' lang='lat' dir='ltr'>et</span> 
     </span>
    </p>
   </div>
   <div class='ocr_carea' id='block_1_99' title="bbox 1849 4774 3497 4853">
    <p class='ocr_par' dir='ltr' id='par_1_99' title="bbox 1849 4774 3497 4853">
     <span class='ocr_line' id='line_1_99' title="bbox 1849 4774 3497 4853; baseline -0.002 -18"><span class='ocrx_word' id='word_1_712' title='bbox 1849 4779 2342 4853; x_wconf 88' lang='lat' dir='ltr'>perpessionibus</span> <span class='ocrx_word' id='word_1_713' title='bbox 2360 4774 2806 4833; x_wconf 89' lang='lat' dir='ltr'>clementissimi</span> <span class='ocrx_word' id='word_1_714' title='bbox 2822 4776 3151 4832; x_wconf 89' lang='lat' dir='ltr'>Conditoris</span> <span class='ocrx_word' id='word_1_715' title='bbox 3166 4776 3351 4833; x_wconf 89' lang='lat' dir='ltr'>nostri</span> <span class='ocrx_word' id='word_1_716' title='bbox 3372 4776 3497 4833; x_wconf 85' lang='lat' dir='ltr'>erui</span> 
     </span>
    </p>
   </div>
   <div class='ocr_carea' id='block_1_100' title="bbox 1849 4864 3499 4941">
    <p class='ocr_par' dir='ltr' id='par_1_100' title="bbox 1849 4864 3499 4941">
     <span class='ocr_line' id='line_1_100' title="bbox 1849 4864 3499 4941; baseline -0.002 -16"><span class='ocrx_word' id='word_1_717' title='bbox 1849 4874 2117 4941; x_wconf 90' lang='lat' dir='ltr'>possunt.</span> <span class='ocrx_word' id='word_1_718' title='bbox 2152 4866 2463 4935; x_wconf 92' lang='lat' dir='ltr'>Quomodo</span> <span class='ocrx_word' id='word_1_719' title='bbox 2486 4864 2662 4923; x_wconf 87' lang='lat' dir='ltr'>simul</span> <span class='ocrx_word' id='word_1_720' title='bbox 2693 4880 2831 4921; x_wconf 90' lang='lat' dir='ltr'>cum</span> <span class='ocrx_word' id='word_1_721' title='bbox 2875 4880 3122 4938; x_wconf 88' lang='lat' dir='ltr'>corpore</span> <span class='ocrx_word' id='word_1_722' title='bbox 3153 4864 3333 4923; x_wconf 88' lang='lat' dir='ltr'>clavis</span> <span class='ocrx_word' id='word_1_723' title='bbox 3362 4882 3499 4938; x_wconf 88' lang='lat' dir='ltr'>per-</span> 
     </span>
    </p>
   </div>
   <div class='ocr_carea' id='block_1_101' title="bbox 1703 5049 1925 5106">
    <p class='ocr_par' dir='ltr' id='par_1_101' title="bbox 1703 5049 1925 5106">
     <span class='ocr_line' id='line_1_101' title="bbox 1703 5049 1925 5106; baseline -0.009 -2"><span class='ocrx_word' id='word_1_724' title='bbox 1703 5049 1925 5106; x_wconf 73' lang='lat' dir='ltr'>NOTE.</span> 
     </span>
    </p>
   </div>
   <div class='ocr_carea' id='block_1_102' title="bbox 180 5218 1731 5298">
    <p class='ocr_par' dir='ltr' id='par_1_102' title="bbox 180 5218 1731 5298">
     <span class='ocr_line' id='line_1_102' title="bbox 180 5218 1731 5298; baseline 0.005 -24"><span class='ocrx_word' id='word_1_725' title='bbox 180 5218 439 5298; x_wconf 64' lang='grc' dir='ltr'>ζ’]ζοάςοηιο</span> <span class='ocrx_word' id='word_1_726' title='bbox 459 5223 658 5298; x_wconf 75' lang='lat' dir='ltr'>docuit</span> <span class='ocrx_word' id='word_1_727' title='bbox 679 5224 759 5280; x_wconf 89' lang='lat' dir='ltr'>Cl.</span> <span class='ocrx_word' id='word_1_728' title='bbox 785 5227 1041 5298; x_wconf 82' lang='lat' dir='ltr'>Joannes</span> <span class='ocrx_word' id='word_1_729' title='bbox 1062 5224 1388 5282; x_wconf 84' lang='lat' dir='ltr'>Andresius</span> <span class='ocrx_word' id='word_1_730' title='bbox 1422 5226 1611 5295; x_wconf 64' lang='lat' dir='ltr'>Regia:</span> <span class='ocrx_word' id='word_1_731' title='bbox 1648 5226 1731 5282; x_wconf 85' lang='lat' dir='ltr'>bi-</span> 
     </span>
    </p>
   </div>
   <div class='ocr_carea' id='block_1_103' title="bbox 180 5286 1733 5366">
    <p class='ocr_par' dir='ltr' id='par_1_103' title="bbox 180 5286 1733 5366">
     <span class='ocr_line' id='line_1_103' title="bbox 180 5286 1733 5366; baseline 0.007 -25"><span class='ocrx_word' id='word_1_732' title='bbox 180 5286 455 5366; x_wconf 70' lang='lat' dir='ltr'>bliothecae</span> <span class='ocrx_word' id='word_1_733' title='bbox 498 5296 827 5366; x_wconf 63' lang='lat' dir='ltr'>prafectus.</span> <span class='ocrx_word' id='word_1_734' title='bbox 874 5297 976 5352; x_wconf 84' lang='lat' dir='ltr'>Hic</span> <span class='ocrx_word' id='word_1_735' title='bbox 1021 5301 1221 5353; x_wconf 86' lang='lat' dir='ltr'>autem</span> <span class='ocrx_word' id='word_1_736' title='bbox 1270 5286 1537 5352; x_wconf 35' lang='lat' dir='ltr'>adnotes,</span> <span class='ocrx_word' id='word_1_737' title='bbox 1558 5298 1733 5352; x_wconf 85' lang='lat' dir='ltr'>velim</span> 
     </span>
    </p>
   </div>
   <div class='ocr_carea' id='block_1_104' title="bbox 182 5364 1738 5440">
    <p class='ocr_par' dir='ltr' id='par_1_104' title="bbox 182 5364 1738 5440">
     <span class='ocr_line' id='line_1_104' title="bbox 182 5364 1738 5440; baseline 0.006 -27"><span class='ocrx_word' id='word_1_738' title='bbox 182 5364 848 5440; x_wconf 26' lang='lat' dir='ltr'>quodipsam‘jamdudum</span> <span class='ocrx_word' id='word_1_739' title='bbox 866 5368 1738 5440; x_wconf 88' lang='lat' dir='ltr'>transtuleram,nonnullasque</span> 
     </span>
    </p>
   </div>
   <div class='ocr_carea' id='block_1_105' title="bbox 180 5434 1740 5513">
    <p class='ocr_par' dir='ltr' id='par_1_105' title="bbox 180 5434 1740 5513">
     <span class='ocr_line' id='line_1_105' title="bbox 180 5434 1740 5513; baseline 0.003 -23"><span class='ocrx_word' id='word_1_740' title='bbox 180 5434 555 5513; x_wconf 59' lang='lat' dir='ltr'>suppleverat}:</span> <span class='ocrx_word' id='word_1_741' title='bbox 588 5438 919 5513; x_wconf 77' lang='lat' dir='ltr'>lacunulas.</span> <span class='ocrx_word' id='word_1_742' title='bbox 963 5456 1098 5513; x_wconf 83' lang='lat' dir='ltr'>curn</span> <span class='ocrx_word' id='word_1_743' title='bbox 1134 5440 1491 5513; x_wconf 78' lang='lat' dir='ltr'>Combefisii</span> <span class='ocrx_word' id='word_1_744' title='bbox 1527 5434 1740 5496; x_wconf 82' lang='lat' dir='ltr'>lacinia</span> 
     </span>
    </p>
   </div>
   <div class='ocr_carea' id='block_1_106' title="bbox 185 5503 1740 5584">
    <p class='ocr_par' dir='ltr' id='par_1_106' title="bbox 185 5503 1740 5584">
     <span class='ocr_line' id='line_1_106' title="bbox 185 5503 1740 5584; baseline 0.006 -29"><span class='ocrx_word' id='word_1_745' title='bbox 185 5503 512 5584; x_wconf 75' lang='lat' dir='ltr'>mihioblata</span> <span class='ocrx_word' id='word_1_746' title='bbox 537 5518 648 5568; x_wconf 90' lang='lat' dir='ltr'>est:</span> <span class='ocrx_word' id='word_1_747' title='bbox 682 5510 739 5564; x_wconf 92' lang='lat' dir='ltr'>id</span> <span class='ocrx_word' id='word_1_748' title='bbox 777 5518 977 5584; x_wconf 82' lang='lat' dir='ltr'>autem</span> <span class='ocrx_word' id='word_1_749' title='bbox 1007 5510 1099 5565; x_wconf 91' lang='lat' dir='ltr'>vel</span> <span class='ocrx_word' id='word_1_750' title='bbox 1129 5512 1255 5581; x_wconf 88' lang='lat' dir='ltr'>ipse</span> <span class='ocrx_word' id='word_1_751' title='bbox 1282 5510 1484 5582; x_wconf 88' lang='lat' dir='ltr'>itaque</span> <span class='ocrx_word' id='word_1_752' title='bbox 1515 5528 1587 5567; x_wconf 77' lang='lat' dir='ltr'>ex</span> <span class='ocrx_word' id='word_1_753' title='bbox 1618 5527 1740 5566; x_wconf 88' lang='lat' dir='ltr'>ver-</span> 
     </span>
    </p>
   </div>
   <div class='ocr_carea' id='block_1_107' title="bbox 184 5578 1742 5664">
    <p class='ocr_par' dir='ltr' id='par_1_107' title="bbox 184 5578 1742 5664">
     <span class='ocr_line' id='line_1_107' title="bbox 184 5578 1742 5664; baseline 0.007 -36"><span class='ocrx_word' id='word_1_754' title='bbox 184 5578 623 5664; x_wconf 46' lang='lat' dir='ltr'>sionislvarietate</span> <span class='ocrx_word' id='word_1_755' title='bbox 642 5580 1131 5664; x_wconf 36' lang='lat' dir='ltr'>perspiciam-Ego</span> <span class='ocrx_word' id='word_1_756' title='bbox 1149 5578 1347 5664; x_wconf 74' lang='lat' dir='ltr'>autem</span> <span class='ocrx_word' id='word_1_757' title='bbox 1374 5578 1485 5664; x_wconf 72' lang='lat' dir='ltr'>pro</span> <span class='ocrx_word' id='word_1_758' title='bbox 1506 5598 1534 5637; x_wconf 93' lang='lat' dir='ltr'>r</span> <span class='ocrx_word' id='word_1_759' title='bbox 1549 5598 1586 5664; x_wconf 80' lang='lat' dir='ltr'>e_</span> <span class='ocrx_word' id='word_1_760' title='bbox 1600 5587 1742 5664; x_wconf 71' lang='lat' dir='ltr'>nata</span> 
     </span>
    </p>
   </div>
   <div class='ocr_carea' id='block_1_108' title="bbox 185 5648 1743 5725">
    <p class='ocr_par' dir='ltr' id='par_1_108' title="bbox 185 5648 1743 5725">
     <span class='ocr_line' id='line_1_108' title="bbox 185 5648 1743 5725; baseline 0.007 -27"><span class='ocrx_word' id='word_1_761' title='bbox 185 5648 411 5706; x_wconf 82' lang='lat' dir='ltr'>monebo</span> <span class='ocrx_word' id='word_1_762' title='bbox 461 5656 513 5708; x_wconf 90' lang='lat' dir='ltr'>et</span> <span class='ocrx_word' id='word_1_763' title='bbox 559 5648 718 5709; x_wconf 79' lang='lat' dir='ltr'>unde</span> <span class='ocrx_word' id='word_1_764' title='bbox 770 5648 1015 5725; x_wconf 80' lang='lat' dir='ltr'>incipiat</span> <span class='ocrx_word' id='word_1_765' title='bbox 1062 5648 1484 5719; x_wconf 70' lang='lat' dir='ltr'>Combeﬁsius,</span> <span class='ocrx_word' id='word_1_766' title='bbox 1537 5658 1594 5711; x_wconf 92' lang='lat' dir='ltr'>et</span> <span class='ocrx_word' id='word_1_767' title='bbox 1640 5653 1743 5710; x_wconf 90' lang='lat' dir='ltr'>ubi</span> 
     </span>
    </p>
   </div>
   <div class='ocr_carea' id='block_1_109' title="bbox 1842 5222 3506 5299">
    <p class='ocr_par' dir='ltr' id='par_1_109' title="bbox 1842 5222 3506 5299">
     <span class='ocr_line' id='line_1_109' title="bbox 1842 5222 3506 5299; baseline -0.001 -17"><span class='ocrx_word' id='word_1_768' title='bbox 1842 5226 2185 5299; x_wconf 84' lang='lat' dir='ltr'>abrumpat,</span> <span class='ocrx_word' id='word_1_769' title='bbox 2220 5231 2277 5283; x_wconf 91' lang='lat' dir='ltr'>et</span> <span class='ocrx_word' id='word_1_770' title='bbox 2322 5226 2421 5282; x_wconf 92' lang='lat' dir='ltr'>ubi</span> <span class='ocrx_word' id='word_1_771' title='bbox 2469 5224 2724 5299; x_wconf 88' lang='lat' dir='ltr'>desinat,</span> <span class='ocrx_word' id='word_1_772' title='bbox 2756 5224 2880 5281; x_wconf 90' lang='lat' dir='ltr'>imo</span> <span class='ocrx_word' id='word_1_773' title='bbox 2939 5222 3180 5299; x_wconf 71' lang='lat' dir='ltr'>quoties</span> <span class='ocrx_word' id='word_1_774' title='bbox 3210 5239 3247 5280; x_wconf 89' lang='lat' dir='ltr'>a</span> <span class='ocrx_word' id='word_1_775' title='bbox 3298 5227 3506 5299; x_wconf 80' lang='lat' dir='ltr'>nostra</span> 
     </span>
    </p>
   </div>
   <div class='ocr_carea' id='block_1_110' title="bbox 1848 5294 3505 5354">
    <p class='ocr_par' dir='ltr' id='par_1_110' title="bbox 1848 5294 3505 5354">
     <span class='ocr_line' id='line_1_110' title="bbox 1848 5294 3505 5354; baseline 0.001 -1"><span class='ocrx_word' id='word_1_776' title='bbox 1848 5294 2095 5353; x_wconf 73' lang='lat' dir='ltr'>lectione</span> <span class='ocrx_word' id='word_1_777' title='bbox 2152 5299 2407 5354; x_wconf 88' lang='lat' dir='ltr'>recedat.</span> <span class='ocrx_word' id='word_1_778' title='bbox 2455 5329 2523 5338; x_wconf 94' lang='lat'>—</span> <span class='ocrx_word' id='word_1_779' title='bbox 2569 5298 2661 5353; x_wconf 90' lang='lat' dir='ltr'>Sic</span> <span class='ocrx_word' id='word_1_780' title='bbox 2709 5300 2899 5353; x_wconf 82' lang='lat' dir='ltr'>exstat</span> <span class='ocrx_word' id='word_1_781' title='bbox 2937 5294 2999 5351; x_wconf 79' lang='lat' dir='ltr'>in</span> <span class='ocrx_word' id='word_1_782' title='bbox 3048 5295 3254 5353; x_wconf 87' lang='lat' dir='ltr'>codice</span> <span class='ocrx_word' id='word_1_783' title='bbox 3308 5296 3505 5354; x_wconf 81' lang='lat' dir='ltr'>Mona-</span> 
     </span>
    </p>
   </div>
   <div class='ocr_carea' id='block_1_111' title="bbox 1850 5370 2524 5436">
    <p class='ocr_par' dir='ltr' id='par_1_111' title="bbox 1850 5370 2524 5436">
     <span class='ocr_line' id='line_1_111' title="bbox 1850 5370 2524 5436; baseline -0.003 -12"><span class='ocrx_word' id='word_1_784' title='bbox 1850 5371 2007 5425; x_wconf 84' lang='lat' dir='ltr'>censi</span> <span class='ocrx_word' id='word_1_785' title='bbox 2040 5372 2132 5424; x_wconf 78' lang='lat' dir='ltr'>Gr.</span> <span class='ocrx_word' id='word_1_786' title='bbox 2176 5373 2292 5436; x_wconf 74' lang='lat' dir='ltr'>iOi,</span> <span class='ocrx_word' id='word_1_787' title='bbox 2328 5370 2368 5433; x_wconf 87' lang='lat' dir='ltr'>f,</span> <span class='ocrx_word' id='word_1_788' title='bbox 2400 5372 2524 5424; x_wconf 79' lang='lat'>282.</span> 
     </span>
    </p>
   </div>
   <div class='ocr_carea' id='block_1_112' title="bbox 1923 5438 3322 5581">
    <p class='ocr_par' dir='ltr' id='par_1_112' title="bbox 1923 5438 3322 5581">
     <span class='ocr_line' id='line_1_112' title="bbox 1923 5438 3322 5581; baseline -0.001 -86"><span class='ocrx_word' id='word_1_789' title='bbox 1923 5441 2001 5581; x_wconf 43' lang='grc' dir='ltr'>ἓὸ)</span> <span class='ocrx_word' id='word_1_790' title='bbox 2031 5440 2249 5495; x_wconf 88' lang='lat' dir='ltr'>Saltem</span> <span class='ocrx_word' id='word_1_791' title='bbox 2276 5440 2536 5509; x_wconf 89' lang='lat' dir='ltr'>refingas</span> <span class='ocrx_word' id='word_1_792' title='bbox 2570 5438 2724 5504; x_wconf 84' lang='grc' dir='ltr'>ούτω,</span> <span class='ocrx_word' id='word_1_793' title='bbox 2755 5443 2817 5495; x_wconf 94' lang='lat' dir='ltr'>ut</span> <span class='ocrx_word' id='word_1_794' title='bbox 2842 5454 3053 5495; x_wconf 89' lang='lat' dir='ltr'>sensus</span> <span class='ocrx_word' id='word_1_795' title='bbox 3076 5440 3322 5494; x_wconf 90' lang='lat' dir='ltr'>constet.</span> 
     </span>
     <span class='ocr_line' id='line_1_113' title="bbox 1946 5509 3322 5579; baseline -0.004 -14"><span class='ocrx_word' id='word_1_796' title='bbox 1946 5512 2005 5579; x_wconf 89' lang='lat'>6)</span> <span class='ocrx_word' id='word_1_797' title='bbox 2043 5511 2329 5567; x_wconf 88' lang='lat' dir='ltr'>Perbreve</span> <span class='ocrx_word' id='word_1_798' title='bbox 2372 5511 2813 5569; x_wconf 87' lang='lat' dir='ltr'>interstitiolum</span> <span class='ocrx_word' id='word_1_799' title='bbox 2866 5512 3019 5568; x_wconf 89' lang='lat' dir='ltr'>inter</span> <span class='ocrx_word' id='word_1_800' title='bbox 3064 5509 3137 5563; x_wconf 77' lang='grc' dir='ltr'>ἀπ</span> <span class='ocrx_word' id='word_1_801' title='bbox 3179 5515 3235 5565; x_wconf 91' lang='lat' dir='ltr'>et</span> <span class='ocrx_word' id='word_1_802' title='bbox 3285 5529 3322 5562; x_wconf 75' lang='lat'>-.-:</span> 
     </span>
    </p>
   </div>
   <div class='ocr_carea' id='block_1_113' title="bbox 1946 5508 3507 5579">
    <p class='ocr_par' dir='ltr' id='par_1_113' title="bbox 1946 5508 3507 5579">
     <span class='ocr_line' id='line_1_114' title="bbox 1946 5508 3507 5579; baseline 0.001 -14"><span class='ocrx_word' id='word_1_803' title='bbox 1946 5508 2005 5579; x_wconf 88' lang='lat'>6)</span> <span class='ocrx_word' id='word_1_804' title='bbox 2043 5511 2329 5567; x_wconf 87' lang='lat' dir='ltr'>Perbreve</span> <span class='ocrx_word' id='word_1_805' title='bbox 2372 5508 2813 5569; x_wconf 75' lang='lat' dir='ltr'>interstitiolum</span> <span class='ocrx_word' id='word_1_806' title='bbox 2866 5512 3019 5568; x_wconf 89' lang='lat' dir='ltr'>inter</span> <span class='ocrx_word' id='word_1_807' title='bbox 3064 5509 3137 5563; x_wconf 78' lang='grc' dir='ltr'>ἀπ</span> <span class='ocrx_word' id='word_1_808' title='bbox 3179 5515 3235 5565; x_wconf 90' lang='lat' dir='ltr'>et</span> <span class='ocrx_word' id='word_1_809' title='bbox 3285 5517 3375 5570; x_wconf 79' lang='grc' dir='ltr'>τῆς</span> <span class='ocrx_word' id='word_1_810' title='bbox 3426 5508 3507 5566; x_wconf 89' lang='lat' dir='ltr'>ita</span> 
     </span>
    </p>
   </div>
   <div class='ocr_carea' id='block_1_114' title="bbox 1853 5582 2550 5655">
    <p class='ocr_par' dir='ltr' id='par_1_114' title="bbox 1853 5582 2550 5655">
     <span class='ocr_line' id='line_1_115' title="bbox 1853 5582 2550 5655; baseline 0 -16"><span class='ocrx_word' id='word_1_811' title='bbox 1853 5582 2283 5655; x_wconf 89' lang='lat' dir='ltr'>complendum</span> <span class='ocrx_word' id='word_1_812' title='bbox 2314 5597 2550 5645; x_wconf 83' lang='lat' dir='ltr'>censeo.</span> 
     </span>
    </p>
   </div>
  </div>
