3950 6180
595 280 701 337 267

1824 280 2063 338 ΡΗΟΊἮ
2100 276 2255 334 PATI

2368 277 2585 335 BCHE
2625 274 2736 330 ΕΡ.
3772 280 3857 335 268

598 408 762 466 fosso
795 405 1077 465 divinitas
1122 422 1247 466 non
1298 411 1387 465 est
1430 406 1747 481 perlorata,
1795 420 1992 480 neque
2042 405 2253 463 lancea

2368 411 2481 466 ne;
2509 404 2680 457 πάντα
2721 402 2971 462 παθόντος
3008 407 3174 454 ταῦτα
3221 408 3313 454 τοῦ
3352 400 3541 464 ἀληθῶς
3566 402 3782 465 meum
3808 415 3857 479 τῇ

600 498 941 569 transiecta.
974 513 1169 571 neque
1198 497 1359 555 cruci
1387 497 1628 556 conﬁxa
1669 498 1697 554 ?
1727 496 2062 565 Quomodo,
2111 510 2251 551 cum

600 585 1097 644 naturahumana
1112 602 1249 642 vere
1272 592 1583 659 assumpta
1601 586 1712 644 hos
1728 601 1936 642 omnes
1955 588 2253 657 pateretur

602 676 921 742 cruciatus,
954 675 1245 735 Divinitas
1288 676 1465 732 simul
1506 692 1643 731 cum
1690 674 1949 747 patiente
1979 674 2109 740 fuit,
2142 687 2252 730 nec

603 770 805 821 tamen
825 764 900 821 ab
922 765 1068 837 ipsis
1094 764 1301 835 attingi
1320 764 1553 835 potuit?
1575 765 1888 830 Quomodo
1905 765 2036 837 ipsa
2057 765 2117 821 in
2143 777 2253 820 sua

604 854 949 912 substantia
967 860 1221 912 mortem
1261 854 1465 925 eﬁ‘ugit
1488 854 1517 909 7

677 944 793 1001 Etsi
819 944 1082 1001 Christus
1104 945 1256 1001 Deus
1276 948 1480 1001 noster
1500 947 1741 1017 propter
1757 959 1867 1000 nos
1883 957 2012 1000 esse
2036 943 2255 1002 dicitur

603 1034 908 1091 verissime
937 1039 1207 1090 mortuus
1246 1034 1497 1106 (quippe
1543 1034 1646 1105 qui
1675 1034 1981 1106 propriam
2010 1048 2254 1090 carnem

607 1136 716 1195 pro
744 1123 922 1180 nobis
952 1123 1127 1179 morti
1152 1122 1439 1194 tradidit),
1464 1126 1521 1178 et
1547 1122 1841 1179 mansisse
1872 1122 1931 1178 in
1964 1122 2251 1194 sepulcro,

606 1228 677 1269 ac
706 1213 977 1271 triduana
1019 1213 1451 1270 resurrectione
1488 1212 1936 1269 resurrectionis
1975 1211 2256 1268 omnibus

607 1302 937 1359 communis
952 1302 1481 1366 dedicatiOnem,ac
1496 1300 1940 1357 fundamentum
1958 1301 2253 1359 statuisse:

609 1391 715 1449 sed
739 1396 939 1449 tamen
960 1391 1058 1464 qui
1079 1390 1302 1448 idcirco
1326 1389 1706 1447 Divinitatem
1731 1389 2079 1461 paesibilem
2101 1389 2258 1446 blas-

606 1481 980 1553 phemarent,
998 1478 1664 1549 redderenturelingues
1685 1494 1790 1549 per
1805 1495 1898 1544 ea,
1920 1488 2059 1551 quin
2075 1479 2259 1536 modo

608 1569 1079 1627 confutaticnem
1101 1582 1173 1625 ex
1192 1568 1432 1636 animas,
1462 1572 1520 1625 et
1539 1568 1807 1641 corporis
1836 1568 2259 1638 conjunctione

608 1658 900 1717 elicientia
928 1657 1085 1714 dicta
1117 1662 1275 1721 sunt,
1309 1662 1367 1714 et
1387 1668 1493 1729 per
1521 1657 1660 1722 alia,
1687 1661 1867 1730 atque
1896 1656 2017 1714 alia
2055 1658 2259 1729 hujus-

2361 497 2581 551 Θεότητι
2606 495 2983 565 συγκρίματος,
3006 488 3141 548 αῦτη
3171 493 3392 553 τούτοις,
3422 498 3626 543 συνοῦσα
3638 501 3697 562 τῷ
3718 512 3865 547 πεπον-

2363 584 2494 647 θότι,
2544 578 2791 653 διέμεινεν
2843 580 3114 651 ἄψαυστος
3142 596 3157 644 ;
3189 586 3307 637 Πῶς
3341 576 3397 632 δὲ
3443 583 3525 632 τόν
3550 580 3732 633 θάνατον
3762 586 3869 635 κατὰ

2360 672 2445 723 τόν
2481 665 2718 728 οὐσιώδη
2751 668 2901 740 λόγον
2932 669 3065 727 αὕτη
3100 664 3453 741 διαπέφευγε;

2436 941 2618 991 Καίτοι
2665 935 2869 1007 λέγεται
2912 931 2985 988 δι’
3048 936 3184 1008 ἡμᾶς
3240 938 3466 1011 Χριστὸς
3520 937 3546 988 ό
3608 939 3720 999 Θιὸς
3762 939 3872 1009 ἡμῶν

2364 1026 2640 1080 ἀποθανεῖν
2680 1024 2991 1085 παναληθῶς
3040 1023 3099 1096 (οἷ
3146 1044 3201 1078 τε
3250 1025 3325 1096 [7]
3387 1028 3478 1084 τὴν
3533 1024 3699 1078 οἰκείαν
3744 1028 3875 1099 σάρκα

2365 1117 2491 1189 ὑπερ
2538 1116 2684 1187 ἡμῶν
2732 1113 2801 1174 εἰς
2855 1115 3071 1166 θάνατον
3103 1109 3391 1183 δεδωκὼς),
3418 1118 3501 1167 xui
3529 1116 3669 1185 τάφον
3692 1113 3873 1178 οἰκῆσαι,

2364 1208 2454 1256 xui
2503 1207 2765 1278 τριημέρῳ
2823 1201 3106 1255 ἀναστάσει
3160 1208 3254 1261 τὴν
3301 1208 3474 1261 κοινὴν
3509 1201 3781 1274 ἔγκαινίσαι,
3810 1209 3873 1254 xui

2369 1292 2676 1366 θεμελιώσαι
2723 1294 2926 1345 πάντων
2971 1290 3259 1345 ἀνάστασιν
3300 1313 3313 1325 -
3356 1290 3480 1344 ἀλλὰ
3530 1287 3623 1364 γὰρ
3668 1295 3769 1353 τοὺς
3812 1296 3875 1363 μιν

2366 1383 2597 1440 παθητὸν
2645 1380 3011 1453 ἐνυϐρίζοντας
3059 1384 3117 1432 τό
3172 1387 3322 1435 Θεῖον
3368 1380 3676 1450 ἐπιστομίσαι
3707 1382 3876 1443 πάντως,

2367 1470 2403 1523 ἂ
2443 1475 2769 1545 προείρηται,
2819 1472 2907 1522 τόν
2972 1467 3073 1522 ἀπὸ
3116 1478 3209 1532 τῆς
3252 1469 3476 1532 ἕνὼσεως
3513 1478 3596 1529 τῆς
3620 1468 3792 1540 ψυχῆς,
3816 1474 3881 1519 xui

2368 1567 2459 1612 τοῦ
2492 1564 2733 1631 σώματος
2786 1559 3001 1630 ἔλεγχον
3048 1558 3458 1633 προϐαλλόμενα,
3486 1562 3571 1612 xui
3617 1557 3726 1610 ἀλλὰ
3764 1556 3883 1609 πολλὰ

2368 1656 2607 1703 τοιαῦτα.
2656 1648 2794 1710 Τοὺς
2845 1644 2905 1701 δε
2952 1647 3118 1721 ἕκείνῃ
3168 1650 3259 1721 μὲν
3316 1656 3378 1721 τῇ
3433 1647 3589 1720 πλάνῃ
3634 1651 3696 1719 μὴ
3739 1664 3881 1718 συμφι-

610 1747 797 1804 ωοᾱὶ.
825 1746 934 1814 Qui
967 1752 1168 1802 autem
1200 1744 1299 1802 tali
1337 1758 1458 1802 non
1492 1745 1876 1803 abducuntur
1914 1762 2133 1815 errore,
2155 1746 2255 1803 sed

2368 1742 2633 1811 ρομένους,
2666 1734 2816 1791 οὐδεν
2848 1733 2907 1790 δε
2935 1735 3129 1799 ἐκείνης
3185 1735 3504 1810 ἀνεκτότερον
3552 1734 3725 1808 ὶχούσῃ
3767 1752 3886 1807 προο-

611 1836 728 1892 alio
759 1835 942 1893 nihilo
982 1834 1384 1900 tolerabiliori,
1416 1851 1603 1907 quam
1636 1836 1745 1890 iste
1787 1841 2255 1893 memoratorum

608 1924 927 1981 hominum
951 1927 1060 1993 est,
1091 1929 1149 1980 et
1169 1943 1198 1977 α
1229 1925 1293 1980 in
1325 1925 1562 1981 Christo
1585 1945 1613 1975 »
1645 1923 1898 1981 localem
1928 1925 2124 1980 carnis
2154 1925 2261 1982 cir-

610 2013 1136 2085 cumscriptionem
1183 2028 1293 2084 pro
1321 2012 1541 2069 divinat
1579 2018 1807 2069 natura;
1839 2014 2261 2084 conjunctione

609 2101 992 2173 rejiciendam
1039 2101 1416 2167 arbitrantur,
1468 2106 1586 2157 tum
1631 2101 1732 2157 illa
1773 2122 1800 2154 α
1844 2101 1918 2159 de
1960 2104 2162 2160 anima
2204 2111 2263 2161 et

610 2205 876 2260 corpore,
896 2211 925 2244 ι)
940 2194 1067 2247 tum
1080 2190 1210 2248 haec
1223 2212 1248 2241 ι
1269 2190 1724 2261 depassionibus
1743 2191 1951 2248 Christi
1960 2192 2213 2251 absurda
2232 2214 2262 2247 ι)

608 2295 776 2354 asque
804 2297 875 2337 ex
912 2296 1118 2337 eorum
1161 2280 1673 2353 propositionibus
1710 2280 2055 2353 procedere,
2086 2286 2143 2339 et
2184 2282 2262 2338 ad

608 2370 773 2443 ipsos
804 2370 1160 2429 refellendos
1184 2376 1336 2427 recta
1372 2370 1616 2427 tendere
1644 2370 1941 2427 videntur.

681 2459 791 2526 Qui
812 2458 1105 2523 concedit,
1129 2458 1343 2526 amice,
1367 2474 1503 2515 esse
1524 2458 1750 2530 ubique
1774 2458 2081 2528 Deitatem,
2108 2474 2260 2531 quo-

610 2548 792 2604 modo
833 2547 1011 2604 simul
1040 2563 1158 2603 non
1189 2547 1476 2603 concedet
1502 2553 1686 2603 totam
1733 2546 1944 2603 adesse
1986 2548 2207 2620 ubique
2234 2550 2262 2605 7

610 2637 732 2694 Hoc
757 2636 919 2693 enim
948 2649 1071 2693 non
1100 2636 1320 2703 minus,
1347 2650 1534 2710 quam
1554 2635 1721 2704 illud,
1743 2636 1820 2692 ad
1842 2636 2112 2694 divinam
2136 2654 2263 2711 per-

610 2726 755 2783 tinet
782 2725 1156 2796 dlgnitatem.
1188 2724 1358 2787 Quod
1389 2724 1436 2780 sl
1468 2729 1589 2780 tota
1620 2739 1868 2795 prorsus
1897 2729 1987 2781 est
2014 2726 2257 2806 ubique,

609 2819 815 2871 etcum
832 2818 1140 2886 assumpta
1159 2826 1339 2870 carne
1359 2818 1512 2871 totus
1531 2812 1705 2869 Filius
1724 2829 1908 2869 unam
1933 2815 2110 2871 habet
2124 2816 2261 2873 sub-

611 2903 941 2961 sistentiam
971 2902 1240 2969 ;etiamsi
1263 2901 1358 2958 hic
1385 2901 1608 2974 ubique
1626 2902 1805 2968 adsit,
1834 2902 2101 2960 humana
2118 2920 2258 2961 vero

2370 1830 2748 1898 ανακειμένους,
2819 1831 2911 1878 xui
2979 1830 3073 1885 τὴν
3152 1825 3199 1877 ἐν
3254 1830 3397 1897 τόπῳ
3452 1828 3744 1900 περιγραφήν
3786 1825 3887 1874 κατὰ

2368 1924 2463 1978 τῆς
2503 1918 2637 1976 θείας
2687 1916 2908 1976 ἐνώσεως
2953 1913 3285 1989 ἀπορρίπτειν
3332 1909 3728 1985 διανοουμένους,
3766 1911 3888 1963 ἐκιίνά

2370 2024 2443 2071 τε,
2484 2010 2574 2057 xui
2602 2007 2667 2057 τὰ
2688 2008 2795 2056 νυνῦ
2839 2005 3065 2078 ῥηθέντα
3106 2006 3246 2076 ὅμως
3286 2006 3401 2057 ἔστι
3450 2008 3537 2056 xui
3588 2000 3637 2054 ἐκ
3681 2009 3762 2053 τῶν
3803 1999 3889 2051 καθ’

2372 2093 2589 2155 ἑαυτοὺς
2635 2101 2969 2167 προαγαγεῖν,
3020 2098 3110 2146 xui
3158 2092 3235 2145 ἐπ’
3280 2095 3483 2153 εὐθείας
3524 2094 3654 2164 ἄγειν
3696 2092 3767 2142 τόν
3792 2089 3891 2158 ἕλιγ-

2370 2202 2470 2254 χον
2502 2183 2600 2254 (8).

2444 2450 2503 2503 Ὀ
2564 2446 2769 2518 διδοὺς,
2820 2450 2859 2502 ὧ
2914 2448 3094 2522 ἁγαθε,
3129 2458 3407 2522 πανταχοῦ
3446 2452 3503 2503 τὸ
3545 2454 3695 2515 Θιίον,
3730 2456 3819 2507 πῶς
3853 2445 3895 2497 οὗ

2372 2536 2535 2593 δώσει
2574 2544 2661 2591 καὶ
2702 2538 2813 2591 ὅλον
2859 2547 3136 2611 πανταχοῦ
3167 2547 3407 2611 παρεῖναι
3449 2556 3462 2607 ;
3518 2539 3590 2592 Οὔ
3623 2540 3713 2611 γὰρ
3738 2536 3894 2589 ἔλαττον

2372 2628 2441 2689 εἰς
2484 2628 2636 2700 λόγον
2684 2636 2837 2680 τοῦτο
2892 2629 3202 2701 θεοπρεποῦς
3252 2628 3560 2701 ἀξιώματος.
3619 2626 3671 2681 Ei
3719 2622 3769 2678 ei“:
3814 2622 3893 2675 ελον

2372 2717 2559 2780 όλικῶς
2608 2725 2907 2789 πανταχοῦ,
2966 2722 3058 2770 xui.
3112 2726 3174 2790 τῇ
3230 2718 3451 2791 suum
3515 2721 3662 2791 σαρκὶ
3709 2714 3802 2773 ὅλος
3840 2709 3896 2761 ἓν·

2371 2810 2626 2881 υπάρχων
2676 2807 2701 2857 ό
2733 2806 2870 2867 Υἱός.
2900 2805 2946 2858 εἰ
2982 2810 3073 2858 xui
3098 2807 3319 2879 πάρεστι
3361 2810 3454 2878 μεν
3485 2805 3629 2865 αὐτὸς
3658 2805 3894 2871 πανταχοῦ,

2370 2898 2400 2955 ἠ
2436 2891 2487 2948 δ’
2519 2894 2811 2966 ἀνθρωπίνη
2862 2897 3017 2966 φύσις
3054 2900 3395 2967 περιώρισται
3445 2902 3602 2965 τόπῳ,
3631 2897 3712 2945 xui
3744 2895 3891 2963 χρόνῳ,

607 2997 825 3050 natura
847 2990 1003 3058 loco,
1028 3006 1101 3048 ac
1129 2996 1416 3064 tempore,
1451 2989 1763 3064 principio,
1796 3006 1867 3048 ac
1896 2991 2036 3057 ﬁne,
2079 2997 2135 3049 et
2174 2993 2255 3049 in-

2371 2982 2515 3056 ἇιρχῇ
2548 3003 2620 3048 τε,
2654 2988 2743 3036 xui
2770 2982 3001 3056 τελευτῇ,
3027 2988 3117 3035 xui
3155 2989 3365 3058 μυρίοις
3405 2985 3485 3057 (9)
3511 2983 3673 3043 ἄλλοις
3707 2998 3718 3010 ⁸
3761 2978 3807 3031 οὐ
3831 2980 3893 3049 μιν

606 3076 875 3135 numeris
898 3076 1029 3133 aliis
1047 3075 1289 3134 deﬁnita
1310 3075 1421 3147 sit;
1445 3075 1648 3134 nullus
1674 3082 1875 3131 tamen
1897 3076 2257 3147 separationi

609 3166 776 3222 simul
792 3164 1196 3237 concipiendas
1216 3164 1381 3222 locus
1398 3164 1595 3221 datur.
1617 3163 1714 3219 Ille
1734 3180 1874 3220 vero
1900 3164 2256 3222 divinitatem

605 3255 785 3312 etiam
804 3254 931 3311 sine
949 3259 1263 3327 assumpta
1284 3254 1601 3310 carneloco
1616 3251 2129 3324 circumscriptam
2147 3254 2258 3310 sibi

607 3342 872 3415 ﬁngeret,
913 3342 1016 3415 qui
1043 3342 1230 3399 Deum
1272 3341 1604 3398 secundum
1648 3347 1846 3413 partes
1884 3358 2013 3399 esse
2045 3343 2258 3415 ubique

606 3431 961 3503 conciperet,
993 3445 1116 3487 non
1143 3436 1342 3487 autem
1388 3435 1597 3496 totum,
1644 3430 1748 3487 ubi
1777 3431 1968 3499 adest,
2020 3432 2256 3489 adesse.

607 3519 784 3591 Atqui
814 3518 893 3584 id,
920 3518 1055 3575 licet
1082 3534 1204 3576 non
1233 3518 1327 3575 his
1364 3518 1686 3590 ipsissimis
1721 3519 1941 3587 verbis,
1976 3519 2071 3577 ille
2092 3521 2255 3587 dicit,

605 3607 709 3680 qui
739 3609 856 3675 ait;
891 3607 1009 3664 Nisi
1041 3622 1179 3663 cum
1204 3606 1407 3662 divina
1426 3606 1598 3662 Verbi
1631 3607 2016 3665 subsistentia
2045 3610 2257 3668 huma-

606 3696 767 3755 nitas
815 3696 1176 3761 dilataretur,
1233 3695 1343 3767 ipsi
1395 3699 1715 3767 conjuncta
1767 3712 1901 3754 esse
1963 3698 2252 3770 nequiret.

608 3784 921 3842 Enimvero
945 3782 1226 3850 dilatatio,
1265 3800 1372 3841 seu
1399 3784 1683 3853 extensio,
1717 3801 1820 3842 seu
1851 3786 2015 3842 aliud
2051 3787 2257 3858 hujus-

606 3873 792 3939 modi,
812 3878 871 3930 et
894 3888 968 3930 ne
984 3872 1075 3928 his
1095 3872 1338 3946 quidem
1358 3873 1534 3929 rebus
1552 3890 1624 3930 ex
1645 3878 1763 3930 toto
1782 3875 2012 3943 adesse,
2038 3876 2255 3949 quibus

605 3962 833 4037 liquido
857 3962 1073 4036 aliquis
1102 3961 1320 4019 assistit
1350 3981 1362 4021 :
1390 3962 1518 4019 haec
1539 3962 1745 4019 omnia
1766 3963 1962 4020 locum
1986 3965 2257 4022 obtinent

605 4053 665 4110 in
684 4051 1195 4124 substantiis,quas
1210 4050 1565 4109 divisionem
1583 4052 1925 4118 admittunt;
1951 4070 2021 4110 ac
2038 4055 2255 4112 eadem

603 4142 811 4201 omnia
821 4139 1727 4214 simplicem,indivisibilemque
1746 4141 1845 4198 Dei
1865 4142 2252 4201 substantiam

604 4230 1025 4304 dispescerent.

674 4322 730 4379 Si
778 4322 952 4387 Deus,
991 4323 1194 4392 utpote
1247 4318 1473 4391 ubique
1526 4334 1816 4391 prassens,
1849 4324 1906 4376 et
1952 4320 2259 4377 continens
2291 4343 2337 4405 Β

604 4412 832 4481 omnia,
859 4410 1084 4468 divisus
1116 4412 1224 4475 est,
1257 4408 1514 4481 profecto
1544 4408 1604 4465 in
1633 4424 1705 4465 eo
1743 4408 2167 4476 extensionem,
2196 4409 2261 4466 il-

601 4503 843 4577 lamque
861 4516 1001 4558 cum
1023 4500 1151 4559 aliis
1173 4504 1620 4571 congruentem,
1642 4504 1821 4573 atque
1838 4499 1991 4557 adeo
2011 4499 2257 4556 circum-

604 4590 1065 4664 scriptionem,et
1080 4589 1277 4662 ipsam
1292 4604 1430 4646 cum
1450 4588 1582 4645 aliis
1602 4604 1987 4646 communem
2001 4587 2254 4658 require.

606 4679 776 4747 Quod
788 4677 833 4736 si
849 4678 967 4737 hoc
979 4682 1263 4752 tanquam
1276 4676 1898 4750 Deoinjurium,atque
1920 4676 2254 4749 indignum,

2371 3070 2457 3125 οὖν
2501 3069 2747 3144 οὐδεμίαν
2800 3068 3031 3144 πάροδον
3082 3080 3153 3142 τῷ
3208 3082 3475 3145 χωρισμῷ
3534 3070 3895 3125 συνεπινοηθὲναι

2369 3166 2780 3237 παραχωρήσειε
2805 3160 2939 3233 (l0).
2983 3161 3203 3223 Ἐκεῖνος
3242 3157 3301 3213 δέ
3333 3166 3448 3214 ποτ’
3472 3160 3532 3213 ἄν
3562 3164 3634 3218 εἰη
3666 3161 3687 3210 ό
3712 3155 3760 3209 τό
3785 3162 3895 3209 eum

2368 3256 2459 3304 xui.
2540 3255 2707 3323 χωρὶς
2774 3258 2866 3309 τῆς
2942 3250 3365 3324 προσληφθείσης
3443 3253 3631 3325 σαρκός
3697 3246 3898 3319 περιγινό-

2367 3359 2515 3413 μενον
2565 3339 2678 3411 (tt)
2716 3343 2853 3409 τόπῳ
2898 3339 3293 3411 φανταζόμενος,
3351 3336 3407 3402 ὃς
3455 3340 3590 3392 κατὰ
3639 3340 3753 3410 μέρη
3791 3350 3898 3401 τερα·

2368 3432 2569 3483 τεύεται
2628 3437 2903 3500 πανταχοῦ
2966 3436 3226 3503 παρεῖναι,
3276 3426 3407 3481 ἀλλὰ
3478 3434 3549 3501 μὴ
3602 3424 3813 3488 καθόλου,
3847 3416 3902 3477 οἷς

2368 3518 2427 3571 ἂν
2478 3518 2591 3590 (12)
2622 3522 2801 3579 τόποις
2830 3520 3053 3592 πάρεστι
3090 3521 3148 3570 τό
3204 3526 3376 3573 Θεῐον.
3412 3522 3572 3590 Δέγοι
3622 3514 3669 3569 δ’
3718 3513 3767 3566 ὅτι
3801 3512 3899 3562 κατὰ

2364 3612 2519 3683 μέρη,
2541 3606 2637 3659 κᾶν
2660 3611 2730 3679 μὴ
2764 3606 2923 3677 λέγοι,
2951 3609 2976 3659 ὀ
3005 3609 3215 3678 φάσκων
3244 3624 3257 3637 ’
3290 3606 3334 3661 εἰ
3368 3612 3443 3680 μὴ
3480 3606 3900 3680 συμπαρατιὶνοιτο

2364 3705 2424 3768 τῇ
2462 3698 2602 3770 θεῑκῇ
2658 3704 2749 3748 τοῦ
2802 3701 2976 3767 Λόγου
3006 3698 3314 3761 ὑποστάσει,
3359 3692 3494 3769 μηδ’
3529 3698 3759 3768 ἡνωμένον
3803 3689 3896 3756 uin;

2363 3788 2421 3838 τό
2449 3785 2774 3861 πρόσλημμα
2798 3784 2946 3839 εἶναι.
2973 3785 3029 3837 Ἠ
3052 3786 3152 3857 γὰρ
3175 3787 3472 3859 παράτασις
3500 3786 3632 3856 (13),
3656 3783 3900 3856 impius-

2369 3893 2473 3941 σις,
2502 3876 2531 3932 ἠ
2579 3877 2643 3926 τὰ
2677 3882 2895 3927 τοιαῦτα
2934 3879 3022 3926 xui
3060 3877 3118 3926 τὸ
3159 3880 3227 3946 μὴ
3256 3874 3480 3928 καθόλου
3511 3881 3620 3937 τοῖς
3656 3870 3778 3934 οὖσι,
3804 3861 3899 3940 μηδ’

2366 3961 2444 4026 οἷς
2491 3961 2766 4036 ἐπιλάμπει
2810 3971 3071 4037 παρεῖναι,
3099 3972 3200 4016 τῶν
3246 3960 3635 4037 ἕπιδεχομὲνων
3687 3960 3784 4013 icti
3836 3957 3898 4005 τόν

2363 4057 2618 4126 μερισμόν
2652 4070 2664 4082 ·
2698 4058 2788 4107 xui
2814 4055 3016 4116 τούτοις
3048 4054 3105 4106 τό
3142 4050 3327 4105 ὶνιαῖον
3376 4056 3561 4117 αὑτοῦ,
3608 4056 3693 4104 xui
3722 4051 3902 4121 ἄτμητον

2366 4146 2818 4215 κατατεμνομένων
2849 4142 2985 4214 (14).

2443 4321 2503 4374 Ei
2574 4324 2887 4394 μεμέρισται
2945 4323 3003 4373 τὸ
3069 4324 3211 4374 Θείον
3261 4328 3543 4392 πανταχοῦ
3619 4324 3803 4390 φοιτῶν,
3842 4313 3903 4361 καὶ

2368 4412 2539 4464 πάντα
2562 4414 2807 4481 κατέχον,
2863 4413 2953 4462 xui
3006 4412 3303 4483 παράτασιν
3349 4407 3426 4462 ἐπ’
3472 4412 3636 4462 αὑτοῦ
3679 4401 3907 4471 ζητιῖ,καὶ

2368 4502 2426 4553 τό
2485 4503 3040 4573 συμπαρατιινόμενον,
3072 4502 3163 4550 xui
3217 4494 3286 4555 δὴ
3339 4503 3429 4551 xui
3487 4498 3808 4572 περιγραφὴν,
3846 4490 3907 4539 καὶ

2367 4592 2425 4642 τό
2476 4589 3021 4663 σμμπεριγροξφεσθαι.
3052 4586 3111 4641 Εἰ
3159 4583 3219 4640 δε
3261 4590 3319 4640 τό
3360 4584 3661 4661 δύσφημον,
3698 4586 3777 4636 xui

2366 4677 2473 4742 ξιον
2512 4659 2664 4731 -τοῦ
2718 4659 2850 4732 όεοῦ
2913 4676 3268 4750 φαντάζεσθαι
3340 4659 3554 4751 φεύγοις
3619 4676 3824 4749 (φεύγοις
3874 4659 3909 4715 δ’

2168 4855 2400 4913 ΝΟΤΛΕ.

677 5035 755 5109 (7)
797 5036 932 5109 Erat
957 5033 1016 5089 in
1046 5038 1250 5109 nostro
1276 5034 1480 5109 codice
1506 5035 1540 5087 ἄ
1564 5054 1620 5109 τι
1646 5031 1708 5109 δ’Δ
1738 5037 1766 5093 ἡ
1796 5039 1907 5093 τῆν’
1958 5052 2069 5108 ego
2100 5038 2255 5096 duas

608 5104 841 5164 tantum
870 5104 1154 5162 litterulas
1184 5106 1451 5177 spongiae
1484 5106 1731 5177 subjeci.

680 5180 755 5251 (8)
786 5180 927 5251 Quae
946 5177 1062 5232 huc
1084 5176 1273 5251 usque
1299 5176 1619 5251 edidimus,
1650 5178 1857 5251 ignora
1869 5179 2255 5251 vitCombeﬁ-

604 5247 774 5326 sitis:
808 5248 1056 5326 fortasse
1086 5247 1215 5326 eius
1268 5247 1521 5319 etcerpti
1570 5249 2030 5326 exscriptorhis
2078 5252 2255 5326 προλε-

603 5324 837 5397 γομῦὸοὶς
868 5318 1278 5397 cummcuese
1307 5318 1708 5397 p’ossecarere
1730 5318 2036 5397 censebat.

674 5391 976 5467 (9)Μορίοις
1015 5391 1157 5463 legit
1186 5391 1603 5458 Combeﬁsius,
1644 5391 1751 5447 sed
1785 5392 1983 5447 minus
2031 5408 2251 5467 oppor-

673 5482 768 5522 ne;

604 5472 788 5611 ωῗίϐδ)
820 5539 923 5611 lt_a_
948 5534 1188 5611 ﬁctilis,
1248 5539 1433 5611 quam
1483 5539 1903 5611 παραχωρήσειν
1934 5539 1973 5589 ὡ
2031 5540 2112 5590 κοῦ
2137 5536 2250 5591 ποτ’

605 5606 694 5677 ἄν,
718 5606 882 5691 quod
910 5606 1089 5665 habet
1126 5609 1399 5663 nostrum
1428 5620 1541 5661 ms.

2435 5034 2483 5106 (ί
2504 5035 2550 5106 Ι)
2587 5034 2644 5091 Si
2694 5033 2755 5089 id
2785 5034 2885 5091 tibi
2918 5049 3039 5090 non
3070 5034 3309 5100 arridet,
3339 5034 3535 5091 scribe
3582 5049 3715 5089 cum
3752 5027 3913 5085 nostro

2364 5107 2586 5180 codice?
2600 5106 2647 5180 ξν
2672 5111 3133 5180 περιγεγραμμένοι)
3171 5112 3336 5177 τόπῳ.
3484 5176 3498 5180 _
3887 5163 3894 5171 ,

2436 5179 2551 5249 (t2)
2578 5176 2866 5233 Voculam
2886 5176 3084 5243 τάττοις,
3107 5176 3150 5233 ἐι
3180 5176 3355 5233 sensu
3382 5176 3785 5235 reclamatam,
3804 5180 3915 5224 οωι·

2365 5256 2521 5304 serat
2551 5249 3021 5321 Combefi‘sianus
3048 5249 3395 5321 assist-ipim:
3439 5318 3449 5321 _
3722 5316 3736 5321 _
3820 5310 3828 5320 ,

2404 5322 2554 5447 ’ἐξῆ
2574 5324 2915 5394 Παράστασιν
2936 5320 3118 5377 habet
3135 5316 3555 5384 Combeﬂsitls,
3578 5316 3736 5390 quod
3760 5316 3918 5369 minos

2497 5409 2527 5447 Β
2562 5432 2574 5444 .

2424 5400 2574 5448 acet.

2365 5405 2663 5535 Ριῖῗῗῖὶίἰο
2680 5466 3074 5535 memoratum
3088 5466 3425 5534 excerptum
3441 5458 3828 5535 abrumpitur.
3850 5462 3921 5535 [ξδ’

2362 5520 2546 5663 rigid:
2569 5546 2638 5593 ac
2679 5535 2723 5589 si
2754 5534 3075 5607 insequens
3106 5520 3445 5608 παράγραφος
3471 5532 3553 5587 ad
3584 5520 3708 5586 rem
3739 5534 3841 5582 non
3862 5520 3920 5577 te.

2362 5622 2394 5662 ο
2526 5650 2535 5662 .

2362 5622 2535 5662 οετει.
