4126 6190
521 274 624 331 2⁸71

1747 265 1987 323 ΡΗΟΤΙΙ
2027 263 2514 321 ΡΑΤΗΙΑΒΕΗᾸΞ
2552 265 2661 321 CP.

3770 276 3872 331 272

525 400 806 458 animalia
842 401 967 457 vice
992 414 1169 456 versa
1191 399 1352 454 hisce
1384 402 1639 469 possunt
1665 396 1897 451 adesse.
1918 396 2007 449 An
2030 391 2177 449 divi-

2288 386 2511 442 δυνατόν
2575 401 2924 466 συμπαρεῖναι
2974 398 3042 447 τὰ
3091 394 3332 468 ἔμψυχα.
3398 400 3505 453 Τήν
3575 397 3733 457 αὐτὴν
3779 401 3878 474 ἄρα

524 504 669 546 nam
686 490 1064 561 praesentiam
1076 488 1357 544 animalia
1374 501 1495 541 non
1507 481 1997 554 admittunt,quia
2012 488 2179 537 extra

525 578 903 651 praesentiam
950 578 1351 633 inanimarum
1381 589 1578 629 rerum
1620 578 1760 627 sunt
1797 570 2118 626 constituta
2156 568 2179 621 ἲ

527 667 679 731 Quia
704 667 861 723 enim
894 682 1031 722 cum
1072 664 1189 728 illo,
1222 664 1323 736 qui
1358 662 1578 734 ubique
1610 660 1795 724 adest,
1827 674 1946 714 non
1978 664 2177 713 exten-

525 758 763 823 duntur,
792 757 979 827 ipsius
1006 754 1315 828 praesentia
1346 752 1592 806 omnino
1623 766 1743 805 non
1772 749 1883 803 frui
1919 746 2176 821 pueriles

524 846 653 901 istm
679 845 977 901 {utilitates
1006 842 1255 899 suadere
1276 846 1563 897 conantur
1588 856 1600 905 ;
1630 854 1749 893 non
1768 839 1925 893 enim
1945 836 2176 907 sapien-

524 936 606 992 tia
638 939 775 991 sunt
811 938 1153 989 memoratae
1192 930 1605 986 cavillatornm
1655 926 1922 996 argutia.

600 1028 783 1095 Atque
812 1022 940 1077 haec
971 1036 1075 1092 per
1112 1034 1349 1075 summa
1378 1018 1575 1090 capita
1606 1015 1860 1071 disserui
1892 1032 1906 1069 :
1941 1020 2002 1069 tu
2040 1030 2175 1069 vero

526 1111 638 1179 his,
662 1127 797 1184 quae
819 1111 978 1167 dicta
995 1114 1151 1177 sunt,
1177 1109 1431 1181 reliqua,
1464 1106 1514 1161 si
1534 1106 1744 1180 placet,
1776 1103 2018 1176 adjicies
2037 1104 2173 1176 (t8).

528 1339 849 1406 QUESTIO
887 1341 1083 1396 XXXIX
1122 1337 1354 1411 [Scolto,
1410 1336 1581 1393 Coisl.
1632 1338 1812 1391 Taur.
1868 1333 2173 1407 XXXVIII].

528 1464 836 1532 Quomodo,
866 1479 994 1519 cum
1023 1463 1269 1517 Jacobm
1302 1462 1444 1516 duos
1480 1460 1629 1518 ﬁlios
1666 1458 2028 1532 eziﬂachele
2054 1474 2179 1514 sus-

599 1538 838 1604 ceperit,
852 1535 1192 1603 Josephum,
1208 1539 1256 1587 el
1275 1532 1684 1604 Benjaminum
1705 1531 1961 1604 7;,Moyses
1980 1536 2177 1600 postea

596 1603 803 1662 Jacobi
825 1607 982 1673 ﬁlios
1008 1620 1309 1660 recensens
1336 1603 1525 1674 inquit
1564 1621 1576 1657 :
1624 1623 1648 1651 α
1684 1603 1949 1674 Fuerunt
1980 1608 2176 1674 autem

597 1677 713 1745 ﬁlii
730 1672 927 1741 Bulla,
951 1676 1119 1735 Gera.
1147 1681 1199 1729 et
1230 1672 1515 1739 Noeman,
1546 1679 1594 1726 et
1626 1672 1861 1735 Anchis,
1890 1679 1941 1727 et
1974 1673 2102 1733 Ras.
2123 1678 2177 1745 et

598 1744 1005 1823 Amphim,_e_t
1053 1746 1417 1823 Qmphimim_
1456 1746 1669 1823 :__Gera
1688 1753 1923 1823 "autem
1948 1744 2175 1823 “genuit
2217 1771 2256 1823 Β

600 1814 773 1874 Arad
791 1837 807 1889 ;
842 1838 870 1869 n
902 1818 1108 1873 deinde
1146 1832 1281 1889 vero
1322 1816 1517 1889 subdit
1550 1831 1571 1889 :_
1595 1835 1625 1864 α
1675 1814 1757 1889 Hi
1780 1814 1895 1884 ﬁlii
1932 1814 2173 1889 Rachel,

602 1905 745 1961 quos
773 1885 1003 1957 peperit
1031 1887 1210 1961 Jacob
1242 1888 1362 1961 (t9)
1385 1887 1412 1940 ?
1462 1908 1489 1939 ν
1534 1886 1676 1961 Cum
1712 1886 1915 1955 itaque
1943 1885 2178 1961 _Racliel

601 1956 942 2028 (loscp’hum,
988 1966 1041 2015 et
1073 1958 1481 2028 Benjaminum
1511 1959 1659 2013 solos
1688 1956 1995 2026 pepereiil,
2045 1973 2178 2026 quo-

602 2032 767 2087 modo
800 2032 945 2086 liber
972 2030 1197 2086 Genesis
1251 2036 1303 2085 et
1334 2030 1482 2084 alios
1521 2044 1715 2097 nuper
1756 2033 2105 2083 memoratos
2149 2042 2179 2083 e

604 2103 857 2158 [iac/tete
884 2101 1097 2157 Iacobo
1127 2103 1333 2169 partos
1357 2101 1499 2155 dicit
1529 2101 1557 2153 φ
1594 2100 1766 2155 Solve
1793 2099 2030 2153 nodum.

2284 478 2498 532 κάκεῖνα
2553 478 2899 552 ἀπηνέγκατο,
2956 491 3049 546 τῆς
3093 487 3341 547 τοιαύτης
3389 492 3683 559 παρουσίας
3728 509 3878 561 γεγο-

2283 571 2408 619 νότα
2451 569 2701 642 ὑπερόρια
2732 588 2745 632 ;
2779 570 2853 623 Δι’
2885 572 2953 622 ὧν
2995 575 3096 647 γὰρ
3154 574 3214 625 ού
3268 580 3765 647 συμπαρεκτείνεται
3808 587 3880 650 τῷ

2283 664 2560 725 πανταχοῦ
2611 662 2849 730 παρόντι,
2901 666 2992 712 καὶ
3039 665 3098 712 τὸ
3154 658 3285 732 μηδ’
3335 662 3465 722 ὅλως
3498 664 3880 737 παραπολαύεεν

2286 744 2443 796 αὐτοῦ
2488 753 2583 805 τῆς
2629 744 2925 819 ἐλλάμψεως
2999 750 3027 801 ὁ
3078 755 3278 811 νεανίας
3327 750 3486 824 λῆρος
3549 753 3882 824 παρακελεύε-

2283 853 2371 885 ται
2394 852 2407 864 ·
2444 833 2503 885 ού
2549 836 2650 909 γὰρ
2699 842 2860 908 σοφία
2886 856 2962 907 γε,
2994 846 3095 889 τῶν
3147 848 3411 911 σοφιστῶν
3440 842 3505 892 τὰ
3536 838 3881 915 σπουδάσμα-

2282 942 2365 978 τα.

2354 1012 2489 1065 Ἀλλ’
2521 1013 2547 1064 ὁ
2715 1011 3077 1087 κεφαλαιώδης
3129 1020 3293 1080 τύπος
3350 1026 3518 1071 ταῦτα
3559 1039 3572 1051 ·
3610 1024 3676 1073 σύ
3721 1017 3771 1073 δ’
3822 1019 3879 1073 ἄν

2282 1103 2569 1177 προσθείης
2606 1102 2661 1155 ἐκ
2697 1110 2796 1155 τῶν
2827 1103 3126 1177 εἰρημένων,
3167 1106 3212 1158 εἰ
3244 1105 3444 1179 βούλει,
3475 1111 3656 1161 καὶτὰ
3691 1108 3883 1161 λείπονο

2283 1209 2366 1245 τα.

2855 1342 3167 1391 ΕΡΩΤΗΣΙΣ
3195 1336 3317 1395 ΛΘ’.

2289 1465 2419 1522 Πῶς,
2460 1464 2550 1536 τού
2794 1455 2891 1511 δύο
2932 1456 3137 1536 παῖδας
3182 1462 3237 1513 ix
3288 1470 3379 1523 τῆς
3416 1462 3620 1536 Ῥαχὴλ
3659 1462 3882 1536 ἐσχηκό-

2356 1547 2461 1607 τος,
2492 1532 2575 1607 τὸν
2604 1529 2817 1607 Ἰωσήφ,
2858 1535 3073 1607 xui-:6»
3118 1539 3355 1603 Βενιαμίν
3397 1554 3409 1565 ’
3436 1529 3549 1587 εἶτα
3576 1529 3882 1607 γενεαλογῶν

2358 1604 2476 1661 τούς
2540 1598 2639 1652 ἀπὸ
2668 1598 2893 1678 Δῖῐακὼϐ
2951 1602 2977 1653 ὁ
3070 1598 3320 1670 Μωῦσῆς,
3389 1625 3415 1655 ι(
3485 1598 3754 1678 Ἐγίγοντο
3789 1598 3881 1675 ’δὴ

2360 1676 2548 1750 φησίν,
2606 1670 2792 1750 Βάλλα,
2850 1676 3011 1741 Γηρά,
3075 1680 3164 1727 καὶ
3240 1678 3461 1746 Νοεμάν,
3521 1670 3620 1729 κάἵ
3670 1670 3881 1750 Ἀγχις,

2359 1742 2611 1819 καίῬὼς,
2662 1748 3041 1819 καὶ.Ναμφὶν,
3105 1752 3193 1819 καὶ
3238 1742 3493 1819 Ὀμφιμίν
3556 1766 3568 1778 ·
3638 1742 3881 1819 Pup-undi

2357 1816 2597 1886 ἆγὲννησε
2638 1818 2725 1886 τόν
2774 1802 2953 1886 Ἀράιῗ
2984 1836 2997 1848 ·
3052 1837 3081 1865 ιι
3132 1816 3241 1870 εἶτα
3300 1802 3477 1886 inciam
3511 1838 3525 1851 ⁸
3566 1841 3594 1869 ιι
3626 1806 3783 1873 Οὗτοι
3836 1824 3882 1873 οἱ

2358 1888 2464 1958 υἱοὶ
2512 1884 2711 1958 Ῥαχὴλ
2756 1884 2843 1947 ούς-
2904 1889 3042 1940 ἔτεκε
3106 1898 3178 1958 τῷ
3237 1884 3421 1942 Ἰακώϐ
3478 1909 3491 1953 ;
3556 1913 3584 1939 ιι
3640 1899 3745 1953 Τῆς
3800 1893 3882 1944 οὖν

2356 1954 2555 2035 Ἰξαχῄλ
2601 1954 2705 2007 κτὸν
2782 1958 2992 2029 Ἰωσήφ,
3076 1954 3165 2012 xui
3222 1964 3307 2012 τόν
3382 1967 3625 2034 Βενιαμὶν
3703 1968 3883 2035 μόνους

2356 2029 2629 2104 τέκούσης.
2688 2034 2792 2104 πῶς
2843 2032 3060 2090 τούτους
3119 2033 3149 2088 ἠ
3218 2037 3419 2104 Γένεσις
3482 2029 3624 2104 λέγει
3682 2029 3734 2085 ἐκ
3793 2042 3883 2097 τῆς

2354 2097 2554 2168 Ῥαχὴλ
2601 2100 2855 2169 τεχθῆναι
2911 2108 2983 2171 τῷ
3049 2102 3238 2154 Ἰακώϐ
3302 2121 3315 2171 ;
3383 2097 3696 2178 Πορίμωσον
3757 2107 3881 2157 ἄπο-

2359 2189 2468 2241 ρον.

1094 2296 1244 2346 Edita
1267 2295 1333 2345 ab
1366 2296 1485 2345 Ant.
1526 2294 1721 2352 Scotto,
1753 2294 1787 2342 ι.
1821 2308 1887 2350 c.,
1921 2307 1972 2356 p.
2001 2293 2076 2341 97.
2112 2292 2180 2342 De
2220 2294 2526 2357 genealogia
2562 2293 2757 2350 Jacobi,
2805 2294 2930 2345 Gen.
2968 2306 3134 2353 XLVI,
3180 2297 3341 2347 21-22.

604 2415 741 2486 Ipsa
768 2429 1076 2470 sacrorum
1124 2412 1507 2484 Eloquiorum
1539 2412 1787 2468 oracula
1827 2426 1954 2465 sese
2004 2410 2178 2465 inter-

531 2507 855 2577 pretantur.
890 2502 1033 2558 Cum
1072 2503 1231 2558 enim
1268 2502 1528 2557 filiorum
1557 2500 1755 2557 Jacobi
1795 2501 2005 2556 seriem
2038 2515 2179 2554 enu-

534 2596 880 2656 merassent,
905 2607 1016 2648 nec
1026 2591 1372 2648 debuissent
1391 2607 1598 2648 eorum
1620 2605 1861 2663 quoque
1875 2589 2175 2645 historiam

534 2680 833 2753 prosequi,
855 2681 954 2738 sed
984 2679 1061 2735 ad
1088 2680 1321 2736 tertiam
1338 2680 1783 2749 generationem
1812 2676 2025 2734 vellent
2050 2693 2180 2750 per-

532 2770 753 2827 venire.
803 2769 1119 2826 ordiuntur
1148 2784 1269 2824 non
1304 2768 1383 2824 ab
1414 2768 1561 2839 ipsis
1591 2767 1880 2841 proximis
1921 2767 2175 2839 parenti-

531 2860 662 2923 bus,
703 2858 807 2914 sed
836 2874 870 2914 a
894 2858 1088 2928 primo
1118 2857 1336 2925 stipite,
1365 2873 1434 2913 ex
1466 2872 1589 2928 quo
1618 2856 1677 2912 hi
1714 2862 1871 2912 recta
1900 2856 2057 2912 linea
2082 2856 2177 2912 de-

530 2947 907 3013 scenderunt,
937 2952 993 3003 et
1030 2947 1124 3002 cui
1164 2946 1382 3002 divinae
1424 2944 1852 3017 promissiones
1884 2945 2177 3015 insignem

528 3036 995 3109 multiplicandis
1018 3035 1312 3108 prosapiae
1334 3034 1586 3106 gloriam
1610 3034 2036 3107 praedicebant.
2072 3038 2178 3091 Ita-

528 3142 647 3199 que
667 3126 813 3183 dum
836 3124 1040 3183 Jacobi
1058 3125 1119 3181 in
1141 3128 1357 3196 quarta
1386 3124 1765 3194 generatione
1787 3128 2049 3197 nepotes,
2073 3123 2176 3196 qui

527 3215 941 3286 Benjaminum
996 3230 1178 3271 avum
1240 3213 1561 3278 habebant,
1615 3216 1844 3284 Moyses
1892 3217 2174 3278 recenset,

528 3319 859 3375 eorumque
877 3302 1574 3368 multitudinemindicat,
1598 3301 1673 3357 ad
1694 3302 2172 3372 promissionem,

529 3408 600 3449 ac
630 3408 788 3455 eum,
821 3392 922 3463 qui
954 3392 1416 3464 promissionem
1457 3396 1786 3462 acceperat,
1831 3390 2017 3447 resilit
2051 3408 2061 3445 :
2090 3396 2175 3446 at-

525 3496 647 3553 que
663 3481 919 3553 primam
951 3481 1147 3553 potius
1178 3480 1414 3537 adaucti
1438 3480 1671 3549 generis
1700 3496 1965 3549 causam,
1990 3496 2174 3553 quam

526 3570 878 3634 secundam,
896 3584 967 3625 ac
984 3569 1211 3627 tertiam
1235 3570 1414 3642 hujus
1429 3568 1844 3639 promissionis
1861 3569 2177 3641 participes

527 3657 804 3727 assumit,
853 3662 1303 3729 memoratque;
1354 3665 1409 3713 et
1452 3677 1480 3708 ‹‹
1513 3657 1579 3713 Hi
1610 3662 1767 3722 sunt,
1812 3657 2023 3730 inquit,
2074 3657 2177 3714 filii

523 3747 721 3813 Jacob,
761 3763 910 3820 quos
948 3746 1154 3819 genuit
1191 3746 1410 3813 Jacoh;
1445 3767 1471 3797 »
1514 3762 1585 3803 ac
1615 3746 1695 3803 ita
1734 3761 1805 3802 ex
1838 3751 2003 3819 parte
2033 3749 2174 3803 Ben-

521 3836 737 3909 jamin,
777 3841 835 3894 et
858 3852 930 3895 ex
960 3836 1090 3907 ejus
1121 3836 1277 3893 linea
1314 3840 1393 3892 ad
1436 3834 1751 3893 Rachelem
1791 3840 1846 3891 et
1882 3836 2173 3893 Iacobum

527 3938 855 3992 recurrens,
888 3927 969 3982 ad
1004 3925 1168 3997 ipsos
1205 3923 1565 3997 principium
1596 3924 1873 3991 aliorum,
1916 3940 2174 3999 quorum

526 4015 707 4071 series
732 4014 1031 4087 descripta
1060 4012 1267 4080 fuerat,
1292 4012 1483 4070 refert.

596 4282 741 4339 Hinc
790 4295 927 4338 vero
974 4284 1143 4351 potes
1190 4278 1483 4336 corollarii
1520 4278 1651 4336 loco
1691 4279 1984 4353 colligere,
2017 4282 2175 4353 quod

524 4372 706 4430 sacris
746 4369 1003 4444 Eloquiis
1033 4367 1297 4426 solemne
1336 4369 1427 4434 sit,
1472 4373 1533 4424 ut
1572 4374 1627 4424 et
1666 4375 1913 4442 nepotes
1944 4385 2174 4426 nuncu-

522 4465 667 4533 pent
690 4459 864 4528 ﬁlios,
900 4459 978 4515 uti
1009 4463 1067 4515 et
1104 4458 1354 4515 fratrum
1393 4458 1543 4514 ﬁlios
1573 4458 1801 4527 fratres,
1844 4475 2037 4531 neque
2068 4460 2175 4516 hos

2359 2409 2505 2468 Αύτή
2562 2410 2749 2469 ἑαυτὴν
2789 2407 3117 2486 διερμηνεύει
3170 2421 3269 2466 τῶν
3315 2416 3460 2487 ἱερῶν
3511 2418 3660 2490 ἡμῶν
3706 2418 3881 2489 λογίων

2290 2500 2319 2557 ἡ
2356 2504 2554 2571 Γραφή.
2610 2499 3041 2571 Γενεαλογήσασα
3086 2505 3185 2574 γὰρ
3250 2508 3369 2565 τοὺς
3410 2503 3612 2568 παῖδας
3658 2515 3748 2559 τοῦ
3790 2507 3882 2560 Ἰα-

2288 2586 2415 2654 me,
2457 2607 2547 2639 και
2594 2594 2665 2661 μή
2706 2594 2870 2663 μέχρι
2908 2599 3007 2641 τῶν
3060 2588 3263 2644 παίδων
3316 2598 3407 2651 τήν
3461 2594 3700 2669 ἱστορίαν
3746 2614 3880 2668 περι-

2287 2675 2562 2750 γράψασα,
2619 2680 3005 2750 παραταθείσα
3055 2677 3113 2732 δε
3174 2686 3263 2733 xui
3316 2688 3445 2757 πρός
3487 2704 3549 2755 γε
3579 2690 3673 2743 τήν
3711 2690 3880 2759 τρίτην

2288 2768 2481 2838 γενεὰν,
2516 2766 2574 2818 ού
2614 2771 2711 2838 μὴν
2762 2767 2833 2829 εἰς
2882 2767 3071 2830 αύτούς
3120 2789 3179 2840 γε
3230 2775 3349 2834 τοὺς
3396 2782 3677 2847 προσεχῶς
3727 2792 3880 2845 γεγεν-

2288 2859 2507 2915 νηκότας
2558 2864 2649 2908 τοῦ
2713 2856 2944 2920 πλήθους
3000 2856 3305 2922 ἀναϐιϐάζει
3358 2866 3449 2920 τήν
3509 2863 3703 2929 αἰτίαν,
3762 2861 3881 2914 ἀλλά

2290 2943 2357 3004 εἰς
2386 2948 2444 2995 τὸ
2494 2953 2695 3016 πρῶτον
2746 2949 2932 3011 αἰτιον,
2973 2946 3025 3010 ἐξ
3063 2948 3123 2999 οὗ
3171 2955 3259 3002 καὶ
3305 2949 3454 3003 αὐτοὶ
3509 2954 3879 3027 παρευθυνόμε-

2287 3050 2365 3084 νοι
2394 3032 2672 3107 προῆλθον,
2713 3038 2799 3087 καὶ
2838 3038 2966 3109 πρὸς
3016 3036 3069 3087 ὃν
3121 3037 3174 3088 αἱ
3219 3034 3527 3110 ίπαγγιλίαι
3570 3046 3665 3099 τήν
3691 3048 3778 3093 τοῦ
3805 3044 3879 3111 γί-

2287 3140 2407 3182 νους
2468 3122 2533 3183 εἰς
2597 3121 2796 3185 πλῆθος
2866 3122 3297 3198 ἑχρησμολόγουν
3365 3125 3684 3193 ἑπιδόξωσιν
3749 3129 3876 3201 (‘20).

2288 3208 2819 3283 Ἀπαριθμησάμενος
2872 3208 2960 3264 οὖν
3028 3218 3143 3275 τούς
3218 3218 3351 3267 κατά
3405 3219 3657 3291 τετάρτην
3714 3223 3877 3289 γενεὰν

2289 3296 2571 3369 ἀπογόνους
2622 3308 2711 3352 τού
2761 3300 2945 3353 Ἰακὼϐ
2999 3304 3025 3354 ὁ
3083 3310 3336 3370 Μωύσῆς,
3396 3306 3445 3357 οἱ
3509 3310 3597 3359 τὸν
3657 3313 3879 3381 Βενιαμὶν

2288 3390 2594 3461 προπάτορα
2633 3385 2798 3461 εἶχον,
2859 3396 2947 3443 καὶ
3006 3395 3063 3443 τὸ
3118 3392 3313 3456 πλῆθος
3357 3394 3525 3448 αὐτῶν
3574 3393 3881 3470 ἐνδεικνύμε-

2287 3496 2386 3541 νος,
2449 3480 2576 3551 πρός
2614 3481 2707 3536 τήν
2758 3477 3089 3551 ἐπαγγελίαν,
3144 3486 3234 3533 καὶ
3281 3486 3369 3534 τὸν
3430 3486 3529 3547 τὰς
3581 3486 3879 3557 ἐπαγγελίας

2290 3562 2565 3638 δεξάμενον
2609 3565 2886 3641 ἀνατρέχει
2937 3588 2949 3600 ο
2993 3572 3050 3620 τό
3091 3578 3288 3643 πρῶτον
3339 3575 3505 3625 αἰτίον
3555 3583 3651 3636 τῆς
3681 3584 3767 3628 τοῦ
3807 3581 3880 3647 γί-

2288 3675 2406 3715 νους
2444 3655 2672 3719 πληθύος
2732 3654 2845 3708 ἀντὶ
2889 3665 2979 3710 τοῦ
3019 3661 3155 3710 κατά
3200 3665 3431 3732 μετοχὴν
3487 3659 3753 3736 δευτέρου,
3799 3669 3879 3716 καί

2288 3750 2467 3819 τρίτου
2522 3744 2832 3817 παραλαϐὼν
2863 3765 2933 3810 τε,
2981 3752 3072 3799 καὶ
3111 3747 3379 3821 ὀνομάζων
3424 3751 3621 3818 αἰτίου,
3671 3758 3758 3805 καὶ
3786 3773 3874 3826 pn-

2292 3854 2373 3887 σιν
2423 3851 2435 3863 ·
2468 3856 2493 3887 ‹‹
2547 3835 2708 3887 Οὗτοι
2739 3837 2843 3887 υἱοὶ
2871 3834 3091 3907 Ῥαχὴλ,
3141 3837 3231 3898 ούς
3280 3841 3416 3892 ἔτεκε
3461 3850 3535 3912 τῷ
3598 3841 3777 3895 Ἰακώϐ
3805 3861 3817 3872 ·
3850 3862 3873 3894 ιο

2290 3921 2385 3976 διά
2431 3933 2525 3987 τῆς
2573 3927 2707 3975 κατά
2754 3927 2840 3976 τὸν
2882 3930 3119 3998 Βενιαμὶν
3165 3931 3374 3998 μοίρας,
3424 3934 3514 3981 xui
3554 3938 3648 3991 τῆς
3702 3930 3875 3984 ἔκείθεν

2288 4012 2372 4065 ἐπὶ
2420 4018 2512 4071 τὴν
2568 4013 2786 4085 Ῥαχὴλ,
2842 4020 2931 4066 xui
2992 4017 3078 4067 τὸν
3138 4015 3325 4069 Ἰακὼϐ
3401 4015 3735 4093 ἀναδραμὼν,
3785 4028 3875 4071 τῶν

2288 4101 2450 4155 ἄλλων
2476 4110 2574 4156 τῶν
2600 4102 3164 4175 προγενεαλογηθέντων
3194 4110 3287 4164 τήν
3308 4105 3478 4160 αἰτίαν
3506 4108 3574 4170 εἰς
3594 4114 3679 4162 τὸν
3701 4106 3875 4165 Ἰακὼϐ

2290 4190 2543 4266 ἀναφέρει.

2358 4280 2615 4335 Ἐντεῦθεν
2677 4276 2736 4332 δέ
2803 4300 2885 4333 σοι
2938 4286 3027 4334 xui
3088 4281 3136 4334 ἓν
3204 4289 3531 4357 πορίσματος
3586 4288 3875 4361 ἀναφέρεται

2286 4375 2466 4443 μοίρᾳ,
2501 4372 2579 4422 ὅτι
2621 4372 2839 4433 σύνηθες
2890 4378 2994 4431 τοῖς
3028 4374 3180 4444 ἱεροῖς
3237 4379 3450 4445 Λογίοις
3496 4382 3587 4430 xui
3618 4381 3731 4437 τοὺς
3760 4375 3873 4427 ἀπο-

2286 4464 2470 4531 γόνους
2525 4461 2665 4519 υἱούς
2717 4459 3004 4532 ὀνομάζειν,
3057 4463 3229 4535 ὥσπερ
3271 4468 3359 4516 xui
3411 4468 3533 4529 τούς
3590 4475 3688 4519 τῶν
3738 4462 3874 4518 ἀδελ-

525 4550 743 4614 solum,
780 4549 874 4604 ubi
920 4548 1032 4605 sibi
1076 4548 1333 4605 invicem
1381 4547 1624 4619 (scilicet
1660 4547 1791 4603 aliis
1830 4547 2077 4605 fratrum
2110 4549 2175 4604 ﬁ-

2289 4557 2393 4621 φῶν
2419 4544 2611 4607 παῖδας
2644 4544 2915 4621 ἀδελφούς,
2959 4549 3017 4601 ού
3066 4555 3219 4621 μόνον
3250 4557 3371 4613 τοὺς
3400 4558 3541 4607 κατά
3570 4560 3756 4627 σχίσιν
3788 4558 3874 4611 τήν

525 4638 642 4709 liis)
681 4637 1031 4703 referuntur,
1075 4636 1182 4693 sed
1222 4636 1401 4693 etiam
1456 4636 1553 4691 ubi
1596 4652 1731 4693 cum
1784 4637 1903 4692 suis
1950 4640 2176 4710 patruis

526 4730 968 4797 comparantur.
984 4726 1202 4781 Etenim
1217 4726 1529 4798 perspicue
1549 4725 1875 4797 reperimus
1887 4727 2177 4798 quemad-

524 4814 777 4871 modum
797 4830 920 4879 eos,
939 4814 1043 4886 qui
1057 4813 1274 4871 iisdem
1298 4814 1582 4884 gradibus
1596 4829 1633 4871 a
1655 4815 1961 4871 communi
1982 4816 2176 4888 stipite

527 4902 769 4971 distant,
807 4902 1057 4959 fratrum
1100 4904 1343 4959 nomine
1383 4907 1628 4960 vocatos
1660 4921 1673 4972 ;
1705 4903 1787 4959 ita
1822 4908 1878 4958 et
1908 4920 2030 4972 eos,
2070 4905 2175 4976 qui

527 4991 800 5064 primitus
829 4991 1075 5065 quidem
1109 5008 1178 5049 ex
1221 4991 1385 5065 ipsis,
1417 4992 1630 5049 deinde
1671 5008 1805 5049 vero
1832 5008 1868 5049 a
1901 4993 2172 5063 cognatis

2287 4642 2415 4711 πρὸς
2468 4636 2717 4698 ἀλλήλους
2764 4636 3193 4711 λαμϐανομένους,
3246 4640 3377 4693 ἀλλά
3432 4649 3522 4696 xui
3569 4648 3684 4704 τούς
3716 4643 3874 4696 Exuri-

2285 4748 2378 4802 ρου
2428 4723 2627 4787 παῖδας
2683 4730 2811 4799 πρὸς
2850 4726 3081 4801 ἑκάτερον
3139 4737 3239 4780 τῶν
3285 4728 3515 4803 ἀδελφῶν
3565 4731 3874 4807 παραϐαλλο·

2286 4821 2486 4889 μένους.
2524 4820 2623 4869 Καὶ
2670 4819 2770 4889 γὰρ
2819 4818 2959 4868 ἔστιν
3009 4818 3168 4891 εὑρεῖν
3226 4830 3515 4893 περιφανῶς
3562 4824 3731 4896 ὥσπερ
3769 4823 3873 4877 τούς

2288 4902 2382 4957 δια
2428 4914 2526 4957 τῶν
2558 4904 2726 4956 αὐτῶν
2774 4913 2976 4976 σχετῶν
3034 4913 3126 4967 τῆς
3173 4914 3451 4978 γεννήσεως
3480 4910 3871 4983 προεληλυθότας

2288 4991 2533 5066 ἀδελφούς
2595 4993 3023 5067 ὀνομαζομένους,
3084 4994 3219 5047 οὕτω
3275 5002 3364 5051 καὶ
3428 5003 3543 5061 τούς
3606 4998 3659 5062 ἔξ
3712 4997 3869 5051 αὐτῶν

2083 5173 2125 5227 Ν
2132 5170 2313 5228 ΟΤΕ.

602 5321 716 5390 (18)
745 5320 925 5377 Viden
942 5320 1399 5402 nlibiquis'tarum
1447 5321 2175 5402 Lutheranorumhdeliria

524 5393 653 5465 jam
679 5407 863 5473 usque
891 5391 1242 5474 aPhotianis
1276 5391 1635 5474 temporibus
1663 5393 1857 5474 derisa
1878 5393 1905 5449 ‘I
1924 5394 1979 5474 Si
2004 5393 2176 5474 plura

528 5462 784 5537 quaeris,
811 5462 1042 5537 perlege
1067 5478 1191 5535 pm
1217 5462 1440 5537 caeteris
1482 5463 1903 5520 Bellarminum
1938 5466 2175 5521 Contro-

528 5534 673 5591 uers.
712 5543 841 5590 tom.
878 5540 918 5603 Ι,
958 5534 1175 5601 Ιίὺξιιι,
1222 5550 1351 5606 cap.
1393 5534 1429 5587 9
1458 5540 1515 5590 et
1556 5550 1746 5608 seqq,
1796 5543 1851 5591 et
1880 5543 2023 5592 tom.
2075 5538 2169 5601 Ill,

530 5608 629 5666 lib.
668 5624 746 5673 ιιι,
778 5622 909 5679 cap.
942 5608 1026 5662 17.
1086 5678 1093 5679 7
1140 5638 1143 5641 -
1273 5677 1281 5679 4
1388 5636 1395 5645 ·

604 5640 723 5753 δ
898 5640 1055 5749 iiii,
1073 5678 1161 5736 2t.
1178 5640 1616 5750 Animadverte,
1630 5677 2000 5752 quodlocum
2022 5679 2173 5738 hunc

2284 5322 2721 5395 aliquantulum
2755 5342 2785 5379 a
2820 5325 3106 5381 versionis
3132 5325 3410 5395 Vulgata,
3445 5328 3665 5383 etLXX
3685 5323 3863 5380 viralis

2284 5394 2532 5469 lectione
2564 5395 2854 5469 diversum
2883 5396 2976 5451 hic
3014 5398 3222 5453 afferat
3253 5394 3493 5455 Photius
3520 5418 3535 5469 ;
3564 5415 3633 5454 ac
3674 5398 3722 5451 si
3756 5409 3861 5451 non

2282 5466 2555 5539 legendo,
2591 5467 2695 5521 sed
2729 5470 3073 5523 memoriter
3099 5470 3497 5539 exscripserit.

2354 5538 2471 5612 (20)
2502 5538 2717 5612 Sensui
2742 5555 2858 5612 n_on
2890 5539 3119 5595 favebat
3154 5540 3371 5597 codicis
3399 5542 3589 5607 lectio,
3617 5556 3747 5612 qum
3772 5539 3860 5591 ha-

2283 5608 2464 5667 bebat
2494 5606 2735 5673 ἐπίδοξος
2767 5606 2847 5667 ἦν.
