3950 6180
479 224 587 283 275

1784 232 2025 290 PHOTII
2063 232 2134 293 ΡΞ

2250 229 2583 295 ΤΙΑΒΟΗᾸζ
2620 230 2681 288 C.
3691 235 3781 291 276

482 350 544 407 in
561 351 707 410 illud
724 354 951 425 septem
976 368 1220 428 quoque
1233 352 1341 415 Nili
1363 353 1971 429 ostiaimmittuntur),
1996 356 2134 414 inde

2250 353 2409 413 αὐτὴν
2468 357 2569 429 γὰρ
2639 356 2979 429 ἁπερεύγεται
3044 359 3134 413 καὶ
3191 359 3257 407 τὰ
3314 354 3441 406 έπτὰ
3500 364 3579 413 τοῦ
3631 356 3786 409 Νείλου

482 456 703 514 aquam
717 457 851 498 com
861 448 1164 517 portantes
1178 442 1282 509 illi,
1297 442 1399 516 qui
1416 442 1757 516 pbarmacis
1772 445 2136 519 apparandis

484 530 901 599 inserviebant,
923 534 1178 590 marinas
1194 533 1469 606 lymphas
1482 532 1796 604 praestigiis
1809 532 2135 591 incantato-

484 635 617 675 rum
640 621 1018 694 subjecerint,
1050 623 1291 695 utipsas
1308 622 1591 678 ementito
1607 623 1920 692 sanguinis
1947 623 2137 680 colore

485 709 1051 770 circumfunderent.

557 799 611 854 Si
643 800 771 869 quis
800 805 999 857 autem
1034 799 1339 873 proposito
1386 800 1650 867 oraculo,
1685 816 1754 856 ex
1785 817 1907 873 quo
1953 802 2139 859 oritur

485 887 758 961 quaestio,
794 893 1054 945 mentem
1097 888 1379 954 advertat,
1421 893 1477 945 et
1513 904 1645 961 quas
1686 890 2049 961 praecedunt,
2083 898 2140 947 et

485 990 619 1048 quae
659 983 1008 1049 sequuntur,
1052 984 1325 1035 accurate
1365 977 1714 1050 perpendat,
1764 978 2012 1037 fortasse
2054 980 2139 1036 in-

484 1063 675 1120 veniet
701 1064 945 1121 ﬂuvium
961 1066 1205 1141 quidem
1228 1066 1282 1120 in
1306 1066 1661 1137 sanguinem
1680 1066 1859 1127 fuisse
1897 1084 2139 1126 conver-

486 1170 641 1219 sum,
661 1170 783 1210 non
806 1159 1007 1211 autem
1034 1171 1225 1228 aquas
1247 1155 1387 1214 alibi
1410 1162 1825 1227 congregatas,
1848 1173 1956 1214 nec
1981 1174 2140 1231 quae-

485 1258 724 1315 cunque
756 1242 1039 1308 fontibus.
1069 1249 1171 1303 aut
1201 1244 1320 1301 alio
1352 1245 1534 1303 modo
1565 1246 1817 1318 propriis
1852 1245 2139 1301 limitibus

482 1331 1012 1391 concludebantur.
1033 1332 1182 1390 Cum
1196 1334 1355 1391 enim
1375 1335 1675 1406 Scriptura
1689 1340 1974 1400 narraret,
1994 1351 2140 1408 quo-

484 1420 667 1478 modo
703 1420 861 1481 edito
903 1422 1191 1479 miraculo
1231 1422 1587 1481 incredibilis
1616 1422 1711 1479 ille
1747 1429 1995 1479 eventus
2036 1441 2142 1498 per

485 1508 749 1581 singulas
782 1515 979 1583 partes
1008 1510 1379 1585 processerit,
1412 1515 1467 1567 et
1509 1535 1536 1561 κ
1570 1513 1883 1580 Convertit,
1928 1515 2137 1586 inquit,

483 1614 725 1655 omnem
754 1616 973 1673 aquam
1000 1600 1061 1655 in
1089 1601 1447 1672 sanguinem
1471 1600 1583 1672 (24)
1613 1617 1628 1666 ;
1663 1622 1690 1650 ››
1718 1617 1839 1657 non
1865 1602 2012 1658 dixit
2037 1618 2139 1659 au-

485 1693 604 1743 tem
635 1687 981 1761 simpliciter
1018 1704 1283 1759 omnem,
1318 1689 1422 1745 sed
1444 1689 1713 1762 protinus
1732 1690 1983 1762 subjecit
2023 1714 2050 1741 «
2079 1690 2134 1747 in

2250 1692 2491 1742 οίπτουσα
2526 1684 2557 1742 ει
2599 1687 2647 1741 έν
2691 1698 2762 1761 τῷ
2818 1698 3056 1761 ποταμῷ.
3114 1713 3139 1737 υ

484 1775 747 1831 ﬂumine.
796 1797 822 1825 »
854 1776 1074 1832 Deinde
1102 1799 1130 1828 «
1163 1783 1218 1833 et
1244 1777 1436 1850 pisces
1462 1778 1757 1843 oluerunt,
1795 1801 1815 1829 ι
1862 1796 1982 1835 non
2013 1781 2139 1837 sim-

484 1863 715 1936 pliciter
752 1880 1001 1938 omnes;
1034 1882 1155 1923 non
1196 1865 1352 1924 enim
1413 1866 1651 1932 marini,
1694 1867 1797 1923 sed
1837 1868 2133 1926 ﬂuviales.

487 1970 516 2003 α
544 1952 625 2008 Ac
653 1968 774 2010 non
805 1958 1078 2027 poterant
1104 1954 1307 2013 bibere
1337 1956 1595 2033 Egyptii
1627 1972 1846 2031 aquam
1878 1958 2061 2029 (unde
2086 1959 2135 2030 ?)

485 2057 516 2097 e
542 2040 809 2098 ﬂumine.
842 2064 866 2094 ι

554 2131 777 2188 Eodem
798 2148 1040 2205 quoque
1062 2135 1259 2206 pacto,
1283 2131 1387 2190 ubi
1410 2134 1665 2207 portenti
1685 2135 1865 2205 hujus
1888 2136 2137 2211 primor-

482 2218 646 2275 dium
672 2219 828 2277 facto
857 2222 1131 2279 nondum
1152 2223 1421 2297 exposito
1452 2222 1825 2290 describitur,
1851 2224 1909 2281 id
1936 2226 2135 2298 ipsum

481 2308 759 2365 innuitur.
806 2311 1033 2383 Moyses
1072 2312 1233 2367 enim
1272 2310 1467 2385 inquit
1500 2329 1511 2367 :
1560 2332 1587 2364 ‹‹
1628 2313 1821 2369 Stabis
1853 2320 1915 2369 tu
1957 2329 2136 2386 super

480 2397 677 2470 ripam
727 2397 993 2453 ﬂuminis
1047 2400 1207 2471 (26);
1262 2421 1286 2451 ο
1325 2406 1382 2457 et
1438 2400 1619 2472 paulo
1676 2408 1812 2473 post
1862 2401 2131 2461 divinum

481 2486 846 2543 annuntians
875 2492 1233 2560 praeceptum
1268 2487 1471 2546 subdit
1504 2505 1515 2543 ;
1547 2508 1575 2540 «
1604 2491 1737 2549 Haec
1763 2489 1902 2548 dicit
1943 2490 2135 2548 Domi-

481 2589 597 2629 nus
632 2593 644 2634 :
678 2573 745 2629 In
774 2574 890 2631 hoc
918 2591 1264 2646 cognosces,
1297 2577 1439 2652 quia
1478 2592 1589 2648 ego
1646 2576 1959 2634 Dominus.
1991 2582 2133 2637 Ecce

482 2677 595 2733 ego
616 2662 880 2735 percutio
907 2663 1089 2734 virga,
1124 2681 1253 2739 quas
1281 2670 1367 2722 est
1396 2666 1456 2721 in
1486 2681 1668 2722 manu
1700 2683 1853 2733 mea,
1885 2684 2132 2740 aquam,

480 2767 615 2823 quae
633 2756 721 2807 est
737 2752 796 2807 in
826 2752 1074 2809 ﬂumine
1099 2770 1112 2819 ;
1142 2774 1168 2802 »
1190 2770 1307 2811 non
1337 2770 1471 2827 quas
1492 2759 1581 2812 est
1606 2755 1666 2811 in
1687 2754 1962 2815 universa
1982 2762 2133 2815 terra

480 2840 733 2915 Egypti,
766 2840 869 2897 sed
901 2862 930 2893 «
959 2858 1093 2914 quae
1124 2847 1212 2898 est
1238 2842 1294 2898 in
1321 2842 1567 2900 ﬂumine
1601 2861 1615 2910 ;
1649 2866 1675 2893 ιδ
1709 2849 1765 2902 et
1791 2853 2136 2901 converten-

479 2933 573 2985 tur
598 2930 658 2985 in
691 2952 719 2979 «
752 2930 1127 3003 sanguinem,
1171 2937 1226 2987 et
1254 2931 1445 3004 pisces
1472 2932 1743 3004 (quinam
1775 2933 1833 3007 εἶ)
1866 2935 1966 3007 qui
1999 2941 2136 2992 sunt

2249 445 2529 516 στόματα),
2576 443 2761 497 ἐκεῖθεν
2819 447 2876 497 τὸ
2930 440 3075 517 ὕδωρ
3133 446 3585 516 συγκομισάμενοι,
3628 447 3689 507 οἷς
3716 448 3793 498 ὑπ-

2248 541 2441 605 ηρετεῖν
2499 540 2602 594 τοίς
2658 535 2944 605 φαρμάκοις
3010 535 3156 606 ἔργον
3226 529 3308 597 ἦν,
3366 536 3666 607 παρέσχοντο
3715 542 3795 595 τῆς

2249 622 2519 685 θαλάσσης
2574 624 2637 673 τὰ
2695 624 2901 693 νάματα
2951 630 3012 693 τῇ
3072 630 3172 673 τῶν
3226 617 3480 674 ἐπαοιδών
3526 628 3796 697 φαρμακείᾳ,

2248 710 2390 784 βαφῇ
2425 719 2757 784 περιχρῶσαι
2790 719 2883 762 τοῦ
2912 713 3149 782 αἰματος.

2319 799 2473 862 Ἴσως
2521 796 2581 851 δέ
2630 820 2709 861 τις
2760 809 2830 869 τῷ
2877 804 3191 873 προκειμένῳ
3237 800 3401 875 ῥητῷ,
3436 795 3503 851 δι’
3546 799 3601 850 οὗ
3626 805 3802 875 πρόεισι

2246 893 2304 940 τό
2360 890 2587 960 ζήτημα,
2644 892 2940 962 προσέχων,
2995 894 3084 940 καὶ
3136 892 3203 941 τοί
3248 907 3299 941 τε
3342 892 3685 961 προηγούμενα
3726 890 3802 941 αύ-

2247 986 2358 1044 τοῠ,
2438 982 2521 1033 καὶ
2588 980 2653 1030 τὰ
2721 976 3013 1051 έπαγόμενα
3079 976 3327 1049 ὶπιμελώς
3384 977 3800 1053 πολυπραγμονῶν,

2248 1067 2456 1141 εὑρήσει
2507 1070 2596 1138 μὲν
2649 1070 2734 1119 τὸν
2790 1071 3022 1139 ποταμὸν
3080 1065 3511 1140 μεταϐεϐλημένον
3567 1067 3631 1129 εἰς
3678 1068 3802 1139 αἷμα,

2248 1154 2375 1225 ούχὶ
2428 1150 2486 1207 δὲ
2542 1157 2608 1207 τὰ
2649 1154 2807 1207 λοιπὰ
2854 1163 2951 1207 τῶν
3000 1152 3206 1207 ὑδάτων
3240 1160 3571 1226 συστήματα,
3603 1150 3807 1217 ούδ“όσα

2250 1252 2463 1316 πηγαῖς,
2498 1245 2526 1303 ἦ
2570 1249 2759 1317 τρόπον
2808 1244 2957 1296 ἄλλον
3000 1251 3344 1319 περιγραφαῖς
3393 1240 3554 1307 ἰδίαις
3591 1248 3809 1301 συνέστη-

2248 1352 2350 1387 κεν.
2383 1331 2690 1407 Ἰστοροῡσα
2735 1335 2837 1407 γὰρ
2883 1335 2912 1391 ἠ
2956 1337 3155 1407 Γραφή,
3204 1336 3337 1406 μιτὰ
3383 1336 3441 1384 τὸ
3480 1331 3719 1411 προελθεῖν
3760 1336 3807 1384 τὸ

2251 1424 2449 1495 θαῦμα,
2500 1426 2592 1480 τὴν
2645 1426 2779 1474 κατὰ
2822 1426 2979 1496 μέρος
3030 1430 3120 1474 τοῦ
3176 1417 3481 1495 παραδόξου
3538 1424 3675 1495 ἔργου
3712 1441 3811 1497 προ-

2249 1516 2481 1582 αγωγὴν,
2535 1517 2624 1564 καὶ
2683 1532 2711 1562 ‹‹
2770 1511 3074 1577 Μετέϐαλλε,
3126 1516 3277 1583 φησι,
3333 1517 3433 1563 πᾶν
3485 1514 3540 1563 τὸ
3595 1507 3723 1586 ὔδωρ
3758 1512 3810 1571 εις

2251 1601 2382 1672 αἷμα
2432 1619 2444 1631 ο
2498 1621 2525 1653 ))
2580 1601 2685 1673 ούχ
2752 1600 2924 1663 ἁπλῶς
2979 1600 3217 1666 εἰποῦσα,
3274 1598 3379 1651 ἁλλ’
3434 1600 3581 1663 uses;
3633 1598 3810 1652 ἐπισυνι

3192 1685 3333 1755 Εἶτα,
3368 1708 3397 1740 ιι
3436 1694 3533 1751 Καὶ
3575 1692 3619 1750 ei
3661 1688 3811 1763 ἰχθύες

2250 1779 2533 1846 έπώζεσαν,
2575 1800 2601 1831 »
2651 1779 2757 1850 οὐχ
2804 1777 2975 1841 ἁπλῶς
3024 1780 3209 1841 πάντες
3264 1795 3275 1807 ·
3330 1778 3389 1830 ού
3436 1781 3535 1852 γὰρ
3587 1780 3633 1829 οἱ
3675 1775 3717 1828 έν
3760 1785 3809 1851 τῇ

2250 1868 2512 1942 θαλάσσῃ,
2544 1868 2671 1923 ἀλλὰ
2710 1871 2758 1921 οἱ
2804 1866 2852 1921 έν
2881 1877 2951 1939 τῷ
2993 1876 3233 1942 ποταμῷ.
3270 1891 3289 1917 ι
3341 1873 3441 1921 Καὶ
3483 1867 3574 1920 οὐκ
3600 1862 3814 1919 ἐδύναντο

2246 1964 2408 2012 πίνειν
2450 1961 2499 2010 οἱ
2554 1958 2834 2031 Αἰγύπτιοι
2888 1954 3031 2034 ὕδωρ
3076 1981 3103 2007 ››
3136 1957 3329 2029 (πόθεν
3362 1959 3421 2028 ;)
3472 1980 3495 2006 υ
3532 1956 3586 2009 έκ
3625 1963 3705 2009 τοῦ
3738 1975 3811 2007 πό-

2246 2056 2435 2119 ταμοῦ.
2487 2070 2505 2096 ι

2314 2136 2579 2197 Ὡσαύτως
2632 2132 2692 2189 δε
2752 2140 2841 2189 καὶ
2890 2138 2919 2197 ἡ
2975 2134 3193 2209 ἀπαρχὴ
3244 2143 3336 2187 τοῦ
3393 2138 3529 2191 κατὰ
3572 2138 3626 2187 τὸ
3668 2136 3815 2209 θαῦμα

2247 2222 2597 2298 διηγήματος,
2652 2229 2795 2285 οὔπω
2853 2233 2948 2289 τῆς
3004 2224 3233 2300 πράξεως
3284 2219 3715 2298 έπεδεδειγμένης,
3768 2226 3815 2275 τὸ

2245 2314 2371 2367 αύτὸ
2401 2323 2529 2368 νοεῖν
2569 2316 2890 2369 ὑποτίθεται.
2944 2318 3044 2367 Καὶ
3086 2332 3113 2363 (ι
3147 2319 3319 2387 Στήσῃ
3372 2316 3473 2389 γὰρ
3522 2316 3606 2376 σὺ,
3632 2313 3815 2384 φησὶνό

2244 2412 2477 2469 Μωυσῆς
2529 2406 2661 2476 (25),
2717 2403 2801 2456 έπὶ
2845 2408 2902 2457 τὸ
2960 2402 3134 2475 χεῖλος
3184 2410 3278 2465 τοῦ
3333 2410 3575 2475 ποταμοῦ
3622 2422 3633 2434 ·
3684 2423 3709 2454 ν
3746 2407 3818 2454 καὶ

2244 2492 2351 2567 μετ’
2402 2493 2573 2565 ὀλίγα,
2621 2496 2678 2546 τὸ
2726 2496 3039 2549 ,δεσποτικὸν
3095 2496 3413 2566 πρόσταγμα
3463 2488 3817 2563 ἀπαγγέλλοινό

2244 2590 2493 2648 Μωύσῆς,
2537 2603 2561 2635 ε
2618 2578 2759 2637 Τάδε
2810 2580 2946 2653 λέγει
3000 2583 3207 2655 Κύριος,
3271 2586 3436 2653 φησίν
3488 2598 3499 2609 ο
3550 2580 3625 2634 Ἐν
3678 2581 3817 2651 τούτῳ

2242 2678 2443 2745 γνώσῃ,
2475 2673 2551 2723 ὅτι
2590 2674 2689 2745 ἐγὼ
2749 2673 2959 2744 Κύριος.
3001 2666 3142 2723 Ἰδού
3204 2668 3305 2741 ἐγὼ
3342 2672 3523 2725 τύπτω
3682 2668 3724 2720 έν
3768 2674 3815 2738 τῇ

2243 2766 2388 2835 χειρί
2427 2780 2526 2832 μου
2565 2756 2747 2833 ῥάϐδῳ
2799 2763 2857 2812 τὸ
2897 2755 3040 2832 ὕδωρ
3085 2762 3142 2811 τὸ
3177 2758 3225 2810 έν
3269 2766 3341 2828 τῷ
3374 2767 3593 2831 ποταμῷ
3634 2780 3657 2809 ο
3689 2756 3815 2829 (ούχὶ

2244 2854 2302 2904 τὸ
2344 2848 2391 2903 ἓν
2420 2852 2566 2925 πάσῃ
2597 2857 2662 2921 γῇ
2700 2849 2987 2921 Αἰγύπτου,
3020 2847 3146 2900 ἀλλὰ
3181 2870 3201 2898 ε
3238 2852 3296 2899 τὸ
3329 2846 3378 2900 ἐν
3408 2857 3483 2920 τῷ
3511 2854 3716 2919 ποταμῲ
3757 2850 3814 2907 ε),

2244 2944 2333 2991 καὶ
2364 2937 2643 3011 μεταϐαλεῖ
2665 2956 2693 2992 ‹
2735 2937 2805 3001 εἰς
2838 2940 2896 2989 τό
2925 2938 3079 3010 αἷμα,
3122 2942 3212 2989 καὶ
3250 2939 3297 2991 οἱ
3348 2937 3535 3010 ἰχθύες
3566 2958 3592 2986 ››
3624 2937 3757 3007 (τίνες
3784 2937 3815 3002 ;)

480 3017 541 3074 in
569 3018 775 3083 ﬂuvio,
800 3019 1146 3085 morientur,
1178 3040 1207 3073 »
1243 3026 1450 3093 postea
1478 3042 1505 3073 «
1537 3028 1592 3077 et
1615 3022 1796 3081 olebit
1827 3024 2069 3083 ﬂumen.
2103 3044 2130 3078 ν

2250 3046 2274 3079 ι(
2308 3030 2355 3080 οἱ
2386 3026 2433 3079 έν
2478 3035 2548 3099 τῷ
2592 3034 2831 3101 ποταμῷ,
2864 3025 3261 3086 τελευτήσουσιν
3295 3045 3307 3057 ·
3347 3049 3374 3075 »
3407 3025 3541 3095 εἶτα,
3572 3047 3599 3077 ιι
3636 3029 3724 3079 Καὶ
3745 3023 3815 3075 έπο

480 3108 788 3175 Prteterea,
834 3131 855 3159 ε
900 3125 1020 3166 non
1061 3115 1339 3181 poterunt
1377 3112 1623 3187 Egyptii
1661 3128 1888 3186 aquam
1928 3113 2133 3171 bibere

480 3194 747 3268 (Qualem
774 3196 827 3267 ?)
859 3215 889 3253 e
914 3197 1162 3255 ﬂumine
1195 3198 1329 3273 (27).
1367 3221 1391 3250 ι

556 3286 925 3361 QuaprOpter
961 3288 1128 3345 locus
1168 3288 1363 3348 Exodi
1421 3290 1781 3362 propositus,
1832 3291 1937 3364 qui
1983 3291 2134 3351 inter

484 3378 769 3446 utrosque
783 3374 963 3431 modo
988 3375 1279 3433 adductos
1293 3380 1399 3442 est,
1425 3378 1649 3450 quique
1666 3377 1936 3436 divinum
1960 3379 2135 3435 refert

483 3462 859 3529 mandatum,
883 3464 1097 3521 eodem
1112 3466 1659 3538 sensu,eademque
1673 3466 1899 3524 ratione
1918 3469 1988 3536 (si
2010 3468 2133 3542 qui—

480 3550 619 3607 dem
646 3552 829 3608 sacris
853 3553 1075 3609 Litteris
1101 3561 1593 3619 consentaneum,
1619 3558 1857 3629 Deoque
1880 3556 2130 3615 charum

480 3643 567 3695 est
622 3645 897 3699 mutuam
944 3642 1323 3699 oraculorum
1377 3645 1761 3701 concordiam
1816 3661 2129 3717 nunquam

480 3727 865 3798 perturbare),
898 3746 1020 3802 qua
1059 3732 1325 3786 secunda
1348 3731 1609 3788 narratio
1640 3732 1882 3803 intelligi
1913 3739 2127 3805 potest,

478 3820 661 3890 atque
689 3817 849 3877 hoc:
895 3839 919 3869 ι
956 3820 1215 3877 Extende
1253 3836 1432 3893 super
1469 3837 1663 3897 aquas
1693 3823 1943 3897 Egypti,
1979 3844 2008 3872 ››
2047 3823 2130 3885 ni-

478 3906 697 3962 mirum
724 3922 836 3963 non
861 3923 1039 3980 super
1064 3924 1274 3966 omnes
1299 3911 1547 3968 omnino
1576 3927 1787 3984 aquas,
1821 3911 1924 3969 sed
1954 3928 2132 3984 super

479 3994 774 4054 ﬂuviales.
792 3994 1208 4057 Subditenim:
1236 4017 1265 4051 ‹‹
1290 4001 1357 4056 Et
1382 4016 1562 4073 super
1576 3999 1795 4058 ﬂuvios
1843 4016 2075 4067 eorum,
2100 4022 2127 4053 ι

479 4084 711 4143 etiamsi
759 4088 1072 4160 Egyptum
1126 4105 1278 4144 unus
1332 4088 1673 4147 interlueret
1724 4090 1961 4158 ﬂuvius,
2018 4107 2130 4147 nec

480 4174 648 4231 multi
685 4190 820 4232 eam
863 4176 987 4232 suis
1018 4176 1203 4233 alveis
1244 4184 1641 4249 persecarent.
1685 4182 1915 4253 Moyses
1955 4181 2132 4250 igitur

478 4263 718 4321 duobus
730 4265 1097 4332 nominibus,
1112 4266 1281 4339 aquis
1302 4267 1611 4336 nimirum,
1636 4284 1703 4324 ac
1721 4270 1916 4339 ﬂuviis
1935 4270 2130 4328 Nilum

479 4351 770 4424 indigitat.

551 4444 986 4517 Consequenter
1076 4449 1277 4502 autem
1360 4453 1414 4502 et
1484 4447 1633 4504 rivos
1702 4448 1987 4515 ﬂuminis,
2078 4456 2133 4506 et

476 4533 717 4607 paludes
774 4534 918 4605 ejus,
983 4538 1037 4591 et
1092 4550 1286 4592 omnes
1346 4537 1511 4592 lacus
1568 4552 1861 4609 aquarum
1918 4538 2133 4595 intelli-

481 4622 563 4691 git
593 4637 683 4688 ea.
715 4638 847 4695 qua:
877 4622 955 4680 ad
996 4622 1197 4697 ipsum
1228 4630 1416 4682 erant.
1452 4628 1514 4681 Et
1556 4631 1709 4682 certe
1740 4626 1831 4683 hae
1858 4626 2132 4685 ﬂuviales

480 4709 801 4767 eﬂ‘usiones
848 4711 908 4766 in
950 4712 1259 4782 sanguinis
1290 4718 1565 4770 naturam
1597 4730 1899 4771 conversas
1942 4722 2082 4773 sunt
2117 4731 2130 4770 :

482 4816 514 4851 ‹
536 4798 602 4856 Et
625 4797 735 4856 fuit
765 4800 1011 4871 sanguis
1039 4801 1100 4859 in
1129 4806 1253 4864 tota
1283 4807 1437 4860 terra
1474 4804 1706 4876 Egypti
1735 4804 1874 4876 (28),
1907 4827 1934 4856 ι»
1970 4805 2131 4862 vide-

479 4886 616 4945 licet
640 4890 697 4945 in
721 4903 812 4953 ea,
846 4888 1015 4961 juxta
1043 4905 1233 4962 quam
1265 4891 1490 4950 ﬂumen
1527 4892 1882 4950 decurrebat
1912 4911 1924 4948 :
1953 4899 2133 4967 atque

482 4976 541 5032 in
569 4976 699 5047 ipso
730 4978 959 5048 lignum
989 4983 1133 5050 erat,
1166 4984 1268 5036 aut
1286 4995 1517 5049 saxum,
1545 4982 1708 5054 quod
1738 4999 1963 5055 aquam
1994 5000 2132 5047 con-

483 5064 665 5122 tinere
694 5065 752 5122 in
794 5066 964 5124 alveo
1002 5073 1059 5125 et
1097 5070 1495 5141 constringere
1535 5076 1759 5143 posset.
1803 5074 1929 5129 Non
1970 5074 2130 5129 enim

2244 3116 2415 3177 οζέσει
2451 3118 2475 3167 ό
2506 3120 2758 3187 ποταμός.
2791 3141 2816 3164 ι.
2860 3118 2997 3189 Πρός
3021 3117 3240 3180 τούτοις,
3275 3136 3301 3165 ‹‹
3332 3118 3409 3166 Ού
3444 3111 3746 3172 δυνήσονται
3778 3112 3815 3162 οἱ

2246 3205 2525 3275 Αἰγύπτιοι
2540 3213 2673 3257 πιεῖν
2692 3201 2835 3278 ὕδωρ
2862 3224 2888 3255 n
2911 3207 3081 3272 (ποῖον
3114 3204 3151 3275 ;)
3187 3224 3211 3253 ε
3245 3206 3299 3255 τὸ
3327 3202 3383 3254 ἐκ
3415 3212 3507 3255 τού
3537 3209 3771 3275 ποταμοῦ.
3796 3222 3813 3247 ι

2310 3294 2472 3347 ‘um
2519 3299 2609 3347 καὶ
2654 3298 2711 3346 τό
2763 3292 2959 3366 μεταξύ
3009 3297 3207 3369 χωρίον
3266 3292 3513 3365 ἐκατέρου
3562 3300 3656 3349 τῶν
3700 3290 3815 3362 sipu-

2240 3389 2401 3458 μένων
2475 3385 2667 3459 ῥητῶν,
2752 3386 2809 3434 τὸ
2895 3385 3208 3435 Δεσποτικόν
3278 3381 3604 3454 ἁπαγγελλον
3681 3386 3818 3451 προσ-

2240 3494 2417 3546 ταγμα
2466 3470 2690 3551 δευτέρῳ
2737 3469 3033 3544 διηγήματι
3083 3472 3244 3545 (εἰπερ
3295 3472 3487 3524 οἰκεῖον
3535 3480 3605 3541 τῷ
3652 3472 3815 3540 Λογίῳ,

2240 3569 2330 3616 καὶ
2388 3563 2612 3635 θεοφιλες
2652 3566 2723 3633 μὴ
2796 3559 3113 3637 διαφθείρειν
3169 3559 3333 3613 αὐτοῦ
3390 3565 3488 3621 τὴν
3554 3562 3818 3633 συμφωνίαν

2240 3657 2333 3711 τὴν
2381 3656 2511 3729 πρὸς
2568 3650 2824 3726 ἑκάτερον)
2865 3653 2998 3702 κατὰ
3053 3652 3137 3701 τόν
3184 3648 3339 3701 αὐτὸν
3398 3648 3463 3700 ἆν
3510 3650 3710 3709 νοηθείη
3747 3646 3819 3697 λόρ

2238 3761 2351 3812 γον,
2382 3746 2471 3792 καὶ
2509 3745 2717 3814 τρόπον,
2766 3743 2877 3804 καὶ,
2934 3758 2962 3787 ‹‹
2996 3738 3256 3791 Ἔκτεινον
3306 3738 3391 3791 έπὶ
3430 3741 3497 3790 τὰ
3540 3734 3705 3790 ὕδατα
3750 3732 3818 3789 Αἰ-

2238 3832 2463 3900 γύπτου,
2499 3850 2525 3877 »
2556 3827 2662 3899 ούχ
2693 3825 2861 3887 ἁπλῶς
2902 3822 3078 3879 ὕδατα
3105 3828 3293 3892 πάντα,
3347 3824 3478 3879 ἀλλὰ
3527 3828 3593 3879 τὰ
3635 3826 3711 3877 ἐπὶ
3744 3829 3818 3873 τοὺ

2240 3924 2496 3991 ποταμοῦ.
2555 3920 2655 3970 Καὶ
2709 3919 2809 3989 γὰρ
2866 3920 2954 3968 καὶ
3014 3916 3309 3986 συνεπάγει,
3366 3936 3397 3967 ι(
3448 3921 3549 3973 Καὶ
3599 3917 3676 3967 ixi
3719 3914 3819 3971 τοὺς

2239 4010 2505 4079 ποταμοὺς
2549 4006 2717 4058 αὐτῶν
2759 4024 2771 4037 ο
2810 4025 2835 4054 ι
2877 4004 3048 4056 καίτοι
3095 4003 3198 4068 ένός
3247 4011 3492 4076 ποταμοῦ
3548 4008 3633 4063 τὴν
3680 4004 3820 4071 Δίγυ-

2239 4115 2363 4150 πτον
2417 4092 2761 4169 διαρρέοντος,
2806 4092 2936 4145 ἀλλὰ
2989 4093 3048 4145 ού
3099 4092 3295 4145 πολλῶν
3352 4093 3523 4152 αὐτὴν
3580 4092 3819 4165 μεριζομέ-

2238 4206 2333 4237 νων
2384 4192 2501 4246 τοῑς
2553 4186 2796 4257 νάμασιν.
2848 4179 3053 4235 ’Υδατα
3106 4178 3211 4251 οὖν,
3269 4187 3361 4237 καὶ
3404 4187 3671 4257 ποταμούς
3722 4176 3821 4233 δια·

2241 4280 2417 4349 φόροις
2439 4276 2642 4349 ῥήμασι
2670 4276 2754 4325 τὸν
2782 4272 2961 4326 Νεῖλον
2991 4271 3251 4345 ὀνομάζει.

2311 4449 2630 4512 Ἀκολούθως
2694 4446 2755 4502 δε
2818 4454 2907 4500 χαὶ
2962 4445 3235 4521 διώρυχας
3292 4456 3385 4501 τοῦ
3433 4457 3692 4522 ποταμοῦ,
3748 4450 3821 4496 καὶ

2242 4539 2327 4598 ἕλη
2402 4543 2465 4591 τὰ
2541 4537 2589 4590 έν
2665 4538 2825 4609 αύτῷ,
2878 4542 2967 4589 καὶ
3046 4543 3147 4589 πᾶν
3216 4542 3537 4599 συνεστηκὸς
3599 4534 3734 4613 ὕδωρ
3785 4532 3823 4585 ἐν

2243 4630 2404 4699 αύτῷ.
2464 4636 2562 4682 Καὶ
2611 4635 2778 4680 ταῦτα
2823 4623 2891 4685 δὴ
2948 4632 3118 4679 πάντα
3166 4628 3234 4679 τὰ
3296 4633 3502 4699 πότιμα
3547 4630 3722 4703 ῥεῖθρα
3765 4623 3823 4682 εἰς

2243 4722 2462 4792 αἵματος
2511 4720 2668 4790 φύσιν
2727 4715 3118 4789 μετεϐλήθησαν
3167 4735 3179 4747 ·
3227 4739 3253 4765 «
3307 4722 3408 4770 Καὶ
3463 4717 3657 4789 ἐγένετο
3714 4714 3825 4784 αἷμα

2242 4806 2290 4860 έν
2336 4810 2480 4879 πασῃ
2531 4814 2598 4878 γῇ
2652 4805 2943 4876 Αἰγύπτου,
2984 4801 3289 4862 »δηλονότι
3334 4804 3453 4863 καθ’
3486 4805 3549 4867 ἣν
3585 4805 3825 4879 ἐπορεύετο

2242 4896 2267 4948 ό
2309 4900 2542 4966 ποταμός
2579 4912 2592 4925 ’
2630 4900 2719 4948 καὶ
2770 4893 2820 4947 έν
2868 4894 3010 4963 αὐτῷ
3064 4893 3210 4961 ξύλον
3253 4892 3387 4965 ένῆν,
3433 4896 3465 4952 ἑ
3522 4894 3662 4957 λίθος
3690 4889 3824 4947 δυνά·

2241 5004 2387 5057 μενον
2418 4980 2562 5058 ὕδωρ
2604 4982 2827 5056 ἀνέχειν,
2886 4988 2975 5035 καὶ
3021 4987 3239 5055 στέγειν.
3276 4983 3353 5035 Ού
3394 4986 3499 5058 γὰρ
3552 4988 3617 5036 τὰ
3657 4982 3701 5035 έν
3728 4988 3826 5038 ταῖς

2243 5074 2429 5135 οἰκίαις
2455 5072 2599 5139 ξύλα,
2631 5079 2720 5126 καὶ
2759 5076 2807 5126 οἱ
2851 5072 3007 5137 λίθοι,
3062 5068 3184 5125 οὐδὲ
3232 5074 3333 5125 ὅσα
3362 5071 3409 5124 έν
3442 5074 3683 5148 ὑπαίθρῳ
3710 5074 3827 5122 νοτε.

2050 5228 2091 5281 Ν
2099 5225 2279 5289 OTIE.

551 5362 667 5434 (24)
688 5362 982 5442 Exod.vu,
1008 5366 1099 5424 20.
1124 5365 1225 5442 Hic
1250 5369 1472 5442 autem,
1497 5369 1552 5421 et
1567 5365 1781 5442 al_ibi_in
1800 5367 1913 5425 hac
1938 5384 2129 5442 quaes-

481 5433 734 5489 tione'ad
750 5450 960 5519 sensus
976 5436 1457 5519 perspicuitatem
1472 5438 1664 5519 magis
1686 5440 1896 5499 Graecia
1914 5433 2128 5508 verbis,

479 5519 665 5579 quam
696 5505 954 5579 vulgate
977 5505 1234 5566 'editioni
1262 5505 1599 5564 adhaereboi

553 5576 666 5650 (25)
706 5576 1047 5651 Legendum
1076 5579 1323 5636 fortasse
1347 5585 1506 5653 φησὶν
1535 5584 1561 5633 ό
1594 5583 1719 5642 θεὸς
1742 5583 1972 5638 Μωύσεῖ.

2310 5369 2423 5439 ('26)
2464 5367 2647 5424 Exod.
2686 5384 2759 5435 vr,
2798 5372 2881 5425 15.

2312 5442 2427 5512 (27)
2468 5440 2617 5495 Ibid.
2662 5447 2741 5495 t7.

2315 5512 2428 5583 (es)
2472 5513 2593 5567 Ibid
2626 5516 2715 5567 τι.
