4126 6190
346 269 450 325 277

1435 262 1529 317 AD
1575 258 2109 320 AMPHILOCHIUM
2151 259 2480 329 QUIESTIO
2523 261 2625 319 XL.

3612 258 3719 320 278

349 390 444 455 δος
476 393 631 465 αύτὸι
652 398 724 466 μὴ
773 390 1268 467 περισταλαζούσης
1322 389 1604 462 ἐτύγχανεν
1628 408 1640 419 ·
1692 387 1820 440 ἀλλὰ
1853 388 1952 441 ὅσα

2068 401 2195 460 quae
2218 386 2277 443 in
2306 386 2590 444 domibus
2608 392 2773 445 erant
2795 386 2981 457 ligna,
3004 391 3060 444 et
3090 402 3259 453 saxa,
3294 401 3404 444 nec
3433 401 3718 460 quacun-

350 481 398 535 ἐν
440 491 513 555 τῷ
564 490 800 554 ποταμῷ,
856 484 1050 534 τούτων
1100 474 1251 532 οὐδὲν
1302 480 1359 530 τὸ
1413 481 1580 530 κοινόν
1635 479 1801 537 πάθος
1855 484 1953 528 τῶν

350 578 625 646 ποταμίων
652 574 893 645 ναμάτων
921 567 1177 643 διέφυγεν.

428 748 541 802 Ούκ
572 748 740 820 ἀγνοῶ
789 746 851 802 δέ
879 767 1023 809 τινας
1045 767 1073 799 ‹‹
1104 746 1249 817 ξύλα,
1282 750 1371 799 καὶ
1412 744 1583 806 λίθους
1611 766 1639 797 ))
1673 748 1737 797 τὰ
1780 744 1956 808 ξύλινα

359 842 541 903 σκεύη,
602 843 692 891 καὶ
739 837 911 891 λίθινα
960 834 1319 909 ἐξειληφόταςο
1380 836 1452 895 οἷς
1523 837 1691 895 ἱκανός
1745 832 1956 906 ἐλεγχος

358 930 388 987 ἧ
416 947 472 980 τε
517 935 617 980 τῶν
665 925 958 1001 ὀστράκων,
1005 929 1095 978 καὶ
1151 932 1243 978 τοῦ
1286 923 1453 993 ύέλου,
1503 928 1593 976 καὶ
1651 932 1744 986 τῆς
1798 922 1956 986 ἄλλης

357 1014 487 1078 ὕλης
540 1014 931 1081 ἆποσιωπησις,
988 1013 1042 1078 ἐξ
1104 1016 1173 1066 ὧν
1224 1020 1618 1088 τεχνουργεῖται
1676 1016 1743 1065 τὰ
1792 1032 1957 1087 παρα-

355 1105 596 1164 πλησια’
651 1110 741 1157 καὶ
801 1108 860 1157 τὸ
918 1103 1003 1157 ἐπὶ
1055 1107 1188 1177 μέγα
1241 1098 1602 1175 διενηνοχέναι
1666 1100 1812 1166 ξύλα,
1868 1106 1958 1153 καὶ

352 1194 536 1256 λίθους
599 1194 890 1267 ὀνομάζειν,
956 1197 1046 1246 καὶ
1110 1194 1479 1265 προαγορεύειν
1547 1192 1730 1261 σκεύη,
1778 1191 1812 1242 ἃ
1868 1198 1957 1251 τῆς

354 1282 520 1357 ὑγρᾶς
582 1284 780 1357 φύσεως
811 1278 1003 1356 δοχείᾳ
1052 1286 1238 1355 τέχνῃ,
1287 1284 1377 1333 καὶ
1426 1285 1587 1354 σοφία
1628 1282 1955 1332 κατασκευά-

356 1370 523 1434 Cum.

429 1549 491 1604 Εἰ
520 1546 607 1602 οὖν
640 1556 733 1602 τοῦ
771 1556 1007 1622 ποταμοῦ
1064 1552 1123 1601 τό
1161 1543 1326 1623 ὕδωρ,
1360 1551 1451 1600 καὶ
1504 1555 1602 1599 τῶν
1633 1546 1681 1599 ἐν
1732 1555 1803 1618 τῷ
1856 1566 1957 1609 ποτ

352 1648 508 1712 ταμῷ
563 1639 769 1692 πάντων
814 1641 1055 1712 ναμάτων
1100 1638 1172 1700 εἰς
1223 1638 1353 1710 αἷμα
1405 1635 1690 1710 μετεϐλήθη
1720 1657 1732 1667 ο
1797 1638 1861 1688 τὰ
1899 1631 1958 1688 δε

353 1738 449 1791 τῆς
486 1728 645 1792 ἄλλης
700 1736 797 1801 γῆς
845 1728 1113 1799 Αἰγύπτου
1169 1730 1376 1801 νάματα
1421 1726 1480 1779 ού
1536 1722 1959 1798 συμμεταϐέϐλη-

2061 491 2180 547 que
2212 476 2325 531 sub
2364 476 2465 533 dio
2503 477 2755 533 imbrem
2790 476 3105 534 collectum
3154 476 3566 542 asservabant,
3610 479 3717 536 sed

2062 581 2433 636 quaecunque
2459 572 2625 622 erant
2651 567 2709 621 in
2741 566 3012 634 ﬂumine,
3040 566 3267 623 nullum
3300 566 3519 623 horum
3550 582 3719 624 com-

2064 670 2309 710 munem
2343 654 2653 711 ﬂuviaticze
2683 656 2949 728 lympha:
2976 657 3359 713 mutationem
3392 655 3623 727 effugit.

2134 744 2206 799 At
2225 759 2366 800 vero
2386 760 2506 801 non
2535 760 2629 801 me
2655 745 2805 815 fugit
2831 745 3133 818 quosdam
3160 761 3313 811 esse,
3336 745 3439 819 qui
3466 767 3494 797 ‹‹
3523 745 3716 817 ligno-

2063 848 2199 889 rum
2245 849 2652 907 saxorumque
2702 857 2721 884 ι
2776 834 3119 890 nominibus
3165 833 3381 906 lignea,
3433 840 3485 891 et
3538 850 3720 891 saxea

2068 938 2210 977 vasa
2235 921 2554 993 signiﬁcari
2580 924 2930 996 Opinentur:
2960 923 3038 979 ad
3059 939 3212 995 quos
3242 922 3596 980 refellendos
3632 923 3718 980 vel

2065 1010 2211 1068 illud
2243 1010 2517 1079 sufﬁciat.
2553 1012 2710 1086 quod
2738 1013 2901 1069 nulla
2944 1016 3256 1079 testarum,
3288 1012 3442 1085 vitri,
3476 1020 3531 1069 et
3561 1012 3717 1068 alius

2066 1102 2344 1171 materiae,
2390 1102 2549 1157 unde
2588 1101 2931 1174 hujusmodi
2962 1118 3105 1158 vasa
3138 1100 3465 1174 ﬁnguntur,
3494 1101 3718 1160 mentio

2065 1190 2168 1246 ﬂat
2199 1208 2212 1246 :
2246 1195 2303 1246 et
2340 1191 2499 1263 quod
2549 1190 2799 1247 multum
2833 1190 3109 1247 diﬂ‘erant
3145 1190 3296 1248 inter
3339 1207 3422 1259 se,
3457 1192 3615 1264 ligna
3663 1195 3718 1248 et

2064 1295 2214 1337 saxa
2235 1279 2567 1345 nominare,
2592 1284 2647 1336 et
2670 1296 2812 1336 vasa
2833 1280 3102 1348 innuere,
3130 1295 3265 1352 quae
3289 1279 3365 1335 ad
3400 1278 3713 1337 humidam

2067 1367 2466 1425 substantiam
2487 1368 2903 1444 excipiendam
2923 1366 3405 1432 ars,etindustria
3422 1368 3533 1426 sibi
3552 1385 3718 1426 com-

2067 1462 2232 1531 parat
2261 1458 2399 1531 (30).

2130 1547 2309 1617 Igitur
2348 1546 2392 1602 si
2442 1563 2602 1621 aqua
2655 1545 2937 1612 ﬂuminis,
2996 1544 3392 1619 omniumque
3446 1544 3715 1603 ﬂuminis

2066 1634 2425 1691 ei’fusionum
2457 1635 2513 1690 in
2545 1635 2900 1704 sanguinem
2925 1633 3103 1701 abiit;
3137 1632 3217 1688 illi
3239 1639 3460 1704 autem,
3493 1650 3628 1707 quae
3656 1634 3716 1690 in

2066 1723 2198 1780 aliis
2229 1727 2463 1795 Λεωνιδιί
2496 1724 2764 1796 partibus
2793 1722 3224 1789 inveniebatur,
3272 1720 3430 1778 idem
3461 1738 3584 1780 non
3613 1723 3720 1780 ob-

354 1839 446 1872 ται
468 1836 480 1848 ⁸
517 1815 669 1872 οὐδὲν
700 1820 894 1894 ἄπορον
940 1820 1055 1877 τούς
1084 1825 1183 1868 τῶν
1212 1816 1509 1889 Αἰγυπτίων
1539 1821 1754 1888 γόητας,
1814 1811 1952 1888 ὕδωρ

2070 1814 2194 1883 tigit
2228 1831 2240 1881 ;
2269 1786 2512 1870 dii‘ﬂcile
2536 1830 2657 1869 non
2691 1812 2815 1881 fuit,
2861 1818 2920 1868 ut
2950 1786 3354 1885 Egyptiorum
3404 1811 3720 1887 praestigia-

357 1903 651 1981 ἀλλαχόθεν
687 1904 956 1973 λαϐόντας,
990 1911 1083 1964 τὴν
1113 1913 1204 1958 τοῦ
1250 1906 1470 1977 αἵματος
1508 1905 1626 1976 ὄψιν
1657 1903 1819 1975 αύτῷ,
1870 1908 1959 1955 καὶ

358 2001 653 2070 φαντασίαν
695 1998 1001 2071 περιθεῖναι.
1039 1999 1138 2049 Καὶ
1169 1998 1245 2052 εἴη
1280 1993 1339 2046 ἂν
1386 1998 1512 2067 πρὸς
1560 1998 1788 2067 μίμησιν
1826 1993 1961 2066 μάλ-

354 2086 445 2138 λον
493 2084 800 2161 οἰκειότερον
824 2090 1063 2158 πότιμον.
1110 2085 1197 2137 καὶ
1240 2081 1498 2156 γλυκάζον
1541 2080 1684 2153 ὕδωρ
1728 2080 1959 2155 παραλα-

355 2170 467 2228 ϐεῖν
505 2176 578 2238 εἰς
615 2172 868 2238 ἐπίδειξιν
906 2184 997 2227 τού
1026 2178 1259 2247 τέρατος,
1296 2174 1325 2232 ἣ
1366 2175 1459 2231 τὴν
1489 2170 1721 2247 ἁλμυρὰν
1753 2172 1958 2235 οὐσίαν,

352 2270 447 2317 καὶ
480 2264 695 2318 άποιον·
738 2266 768 2323 ἠ
820 2266 919 2338 γὰρ
955 2272 1049 2326 τῆς
1091 2258 1219 2326 ὕλης
1257 2261 1562 2337 παραλλαγὴ
1593 2270 1686 2324 τῆς
1732 2260 1960 2335 πράξεως

351 2354 694 2428 ὑποτέμνεται
723 2359 819 2413 τὴν
850 2354 1155 2426 ὁμοιότητα.

434 2444 499 2497 Εἰ
525 2440 584 2497 δε
629 2442 695 2497 τὰ
741 2446 911 2495 πάντα
939 2450 1036 2504 τῆς
1079 2441 1343 2513 Αἰγύπτου
1389 2436 1562 2493 ὖδατα
1614 2447 1673 2513 τῇ
1730 2441 1959 2502 Μωσέως

350 2541 446 2589 καὶ
511 2534 716 2608 Ἀαρὼν
779 2528 963 2607 ῥάϐδῳ
1025 2531 1096 2592 εἰς
1163 2529 1396 2602 αἱμάτων
1466 2530 1651 2605 ῥεῖθρα
1710 2533 1953 2601 μετέστη,

348 2633 560 2701 πρῶτον
585 2626 677 2695 μεν
721 2621 813 2673 ούκ
846 2618 1053 2692 εὔλογον
1111 2617 1172 2678 ἦν
1230 2627 1301 2689 τῷ
1348 2618 1503 2672 πάθει
1561 2627 1659 2671 τῶν
1715 2615 1958 2670 ἀδικούν-

350 2734 455 2766 των
489 2707 890 2765 συννποϐάλλειν
941 2713 1028 2761 καὶ
1082 2711 1199 2769 τοὺς
1251 2702 1622 2781 ἠδικημένους,
1674 2713 1761 2760 καὶ
1810 2704 1957 2778 δίψει

352 2802 699 2875 τιμωρεῖσθαι
746 2802 888 2865 τοὺς,
942 2800 1067 2873 ύπὶρ
1117 2797 1184 2849 ὧν
1215 2799 1282 2849 τὰ
1333 2798 1551 2849 τοιᾶῡτα
1608 2795 1955 2870 ἐθαυματουρ-

350 2898 519 2964 γεῖτο.
568 2889 786 2944 Ἔπειτα
828 2881 950 2940 οὐδε
1004 2888 1030 2939 ὁ
1077 2891 1264 2959 Φαραὼ
1315 2890 1549 2958 φαίνεται
1589 2882 1956 2958 διενοχλούμε-

2065 1905 2224 1961 tores
2251 1903 2564 1975 lympham
2585 1901 2825 1959 aliunde
2847 1902 3232 1957 desumentes
3256 1901 3307 1957 ei
3330 1900 3613 1969 colorem,
3647 1918 3719 1959 ac

2067 1992 2325 2065 speciem
2356 1992 2664 2063 sanguinis
2696 1990 3051 2047 induxerint.
3078 1993 3141 2047 Et
3169 1990 3455 2047 nimirum
3484 1991 3562 2048 ad
3592 1990 3720 2047 imi-

2068 2082 2350 2138 tationem
2395 2080 2976 2153 ostentationemque
3017 2080 3296 2152 prodigii.
3329 2095 3486 2153 aqua
3515 2080 3713 2155 potius

2068 2170 2360 2243 potabilis,
2403 2186 2473 2226 ac
2518 2169 2728 2237 dulcis,
2761 2186 2940 2241 quam
2994 2170 3174 2235 salsa,
3221 2173 3276 2225 et
3314 2168 3440 2225 bibi
3491 2170 3713 2236 nescia,

2067 2265 2410 2333 opportuna
2441 2276 2570 2316 esse
2598 2262 2827 2332 poterat
2861 2275 2873 2315 :
2909 2257 3205 2332 siquidem
3240 2258 3502 2315 materiae
3534 2258 3717 2315 diver-

2069 2350 2213 2405 sitas
2244 2349 2441 2422 operis
2472 2347 2920 2405 similitudinem
2951 2347 3371 2404 imminuisset.

2137 2438 2307 2506 Quod
2337 2438 2383 2495 si
2412 2454 2621 2495 omnes
2657 2439 2883 2512 Egypti
2912 2453 3082 2510 aqua:
3114 2454 3219 2510 per
3252 2437 3425 2494 Mosis
3451 2441 3509 2494 et
3531 2438 3718 2497 Aaro-

2068 2528 2159 2584 nis
2180 2528 2413 2599 virgam
2433 2527 2490 2582 in
2507 2528 2820 2599 sanguinis
2840 2527 3062 2583 ﬂuenta
3079 2526 3411 2582 immutata:
3428 2525 3711 2599 fuissent;

2066 2616 2263 2690 primo
2284 2616 2529 2691 quidem
2557 2616 2849 2689 injustum
2868 2615 3547 2688 fuissetopprimentium
3576 2632 3716 2689 sup-

2064 2708 2240 2780 plicio
2261 2723 2583 2780 oppressos
2609 2722 2851 2781 quoque
2877 2706 3184 2778 subjicere,
3220 2710 3278 2761 et
3307 2721 3432 2773 eos,
3457 2722 3566 2778 pro
3586 2706 3716 2778 qui-

2066 2797 2173 2852 bus
2194 2796 2338 2855 talia
2353 2796 2687 2853 edebantur
2714 2795 3025 2863 miracula,
3055 2794 3151 2850 siti
3183 2799 3478 2869 torquere.
3510 2797 3716 2852 Prmte-

2064 2905 2166 2944 rea
2204 2904 2315 2944 nec
2355 2886 2589 2943 Pharao
2622 2886 2848 2958 (utpote
2892 2885 2985 2941 cui
3026 2901 3182 2956 aqua
3208 2884 3449 2941 aliunde
3495 2890 3715 2957 praesto

352 3002 440 3043 νος
484 2980 564 3032 ἐπὶ
608 2986 858 3031 τοσοῦτον
902 2986 973 3047 τῷ
1008 2975 1161 3029 πάθει
1203 2975 1296 3047 (ὡς
1341 2980 1505 3049 παρόν
1548 2983 1682 3028 πιεῖν
1728 2973 1952 3046 ἀλλαχό-

2068 2978 2208 3046 erat)
2239 2977 2352 3033 hac
2382 2991 2652 3031 aerumna
2676 2973 2854 3031 nimis
2880 2972 3237 3047 perturbari,
3269 2989 3378 3029 nec
3408 2976 3600 3030 Mosen
3634 2973 3711 3029 ad

355 3071 486 3141 θεν),
543 3065 667 3122 ούδὶ
713 3066 1041 3139 ἐπιταχύνων
1088 3069 1175 3117 τόν
1225 3068 1417 3119 Μωσέα
1465 3074 1559 3126 τῆς
1588 3065 1791 3136 πληγῆς
1835 3068 1956 3127 τούς

354 3158 679 3230 Αἰγυπτίους
725 3154 1087 3230 ἐλευθερῶσαι,
1139 3155 1259 3227 ὅπερ
1311 3151 1394 3206 ἐπί
1431 3173 1485 3207 τε
1526 3163 1626 3206 τῶν
1666 3151 1955 3227 βατράχων

350 3246 673 3314 ἐπεποιήκει,
732 3250 821 3298 καὶ
887 3244 968 3297 ἐπὶ
1020 3252 1119 3296 τῶν
1172 3240 1582 3310 παραπλησίων·
1657 3248 1830 3296 καίτοι
1895 3261 1955 3315 γε

349 3335 697 3410 χαλεπωτέρα
726 3337 756 3393 η
790 3341 879 3387 τοῦ
912 3330 1099 3405 δίψους
1129 3335 1340 3407 ὑπῆρχε
1368 3332 1564 3405 μάστιξ
1595 3341 1691 3394 τῆς
1732 3329 1765 3386 δ
1772 3335 1823 3384 ιὰ
1855 3342 1952 3384 τῶν

351 3424 645 3499 βατράχων
691 3423 1051 3484 ποινηλασίας.
1124 3428 1223 3476 Καὶ
1281 3428 1451 3496 τρίτον
1499 3421 1582 3475 ἐπὶ
1633 3425 1858 3487 τούτοις,
1910 3422 1951 3475 εἰ

349 3515 490 3567 άπαν
541 3518 599 3567 τό
651 3513 699 3565 ἐν
744 3513 985 3585 Αἰγύπτῳ
1024 3506 1169 3586 ὕδωρ
1221 3507 1659 3583 μεταϐεϐλημένον
1709 3511 1780 3575 εἰς
1819 3514 1951 3584 αἷμα

351 3600 674 3677 συνῄδεισαν
759 3604 807 3655 οἱ
873 3602 1151 3673 Αἰγύπτιοι
1214 3601 1327 3672 (καὶ
1391 3604 1492 3677 γὰρ
1572 3600 1950 3660 καταπλήττειν

348 3698 448 3752 τὴν
506 3691 706 3745 ἐκείνων
774 3690 1040 3755 ἀπόνοιαν,
1107 3695 1197 3743 καὶ
1239 3688 1528 3763 μαλάσσειν
1576 3694 1670 3749 τὴν
1727 3689 1950 3763 σκληρο-

350 3774 579 3855 καρδίαν
645 3784 703 3835 τό
771 3782 945 3853 θαῦμα
1020 3778 1338 3852 ἐπράττετο),
1406 3782 1499 3831 οἰκ
1569 3776 1629 3831 ἆν
1691 3776 1814 3831 οὐδὲ
1867 3778 1951 3831 ἐπ-

351 3874 593 3944 εχείρουν
659 3892 686 3920 α
743 3862 1034 3944 διορύττειν
1090 3876 1181 3921 τοῦ
1251 3875 1489 3941 ποταμοῦ
1551 3866 1742 3941 κύκλῳ,
1817 3870 1950 3922 ὥστε

350 3967 488 4012 πιεῖν
519 3952 663 4034 ὕδωρ
690 3977 703 3991 ·
756 3958 815 4011 ού
844 3962 944 4033 γὰρ
986 3952 1231 4011 ἐδύναντο
1263 3964 1394 4011 πιεῖν
1443 3954 1587 4032 ὕδωρ
1626 3960 1682 4010 ἐκ
1724 3966 1816 4011 τοῦ
1861 3978 1952 4011 πο-

349 4056 545 4121 ταμοῦ.
574 4070 599 4099 ι

422 4138 491 4211 ’ῌ
538 4142 825 4210 συμφώνως
876 4130 1206 4190 ἐκδεδώκασι
1253 4140 1342 4189 καὶ
1394 4137 1557 4210 ἕτεροι
1601 4144 1696 4199 τῆς
1749 4133 1950 4212 Ἐϐραῖ-

352 4222 443 4287 δος
475 4225 712 4297 γλώττης
749 4226 820 4287 εἰς
867 4230 962 4283 τὴν
1000 4219 1275 4283 Ἑλληνίδα
1305 4230 1474 4298 φωνὴν
1525 4230 1619 4284 τὴν
1672 4228 1951 4298 μετάθεσιν

350 4314 853 4388 φιλοτιμησάμενοιο
937 4314 963 4367 ό
1173 4317 1455 4387 Σύμμαχος
1519 4314 1715 4386 λέγων·
1760 4338 1788 4366 (ι
1852 4320 1951 4367 Καὶ

2065 3065 2368 3139 Egyptios
2390 3065 2521 3138 ipsa
2539 3064 2716 3135 plaga
2740 3061 3083 3119 liberandos
3110 3077 3336 3131 urgere,
3359 3061 3441 3117 uti
3466 3061 3714 3134 quidem

2062 3155 2143 3210 ob
2175 3171 2372 3219 ranas,
2406 3157 2465 3209 et
2490 3158 2702 3209 cmtera
2731 3152 2791 3208 id
2826 3166 3017 3222 genus
3050 3156 3269 3222 egerat,
3300 3149 3664 3223 conspicitur
3697 3168 3711 3206 :

2062 3240 2549 3312 etiamsigravius
2564 3245 2736 3307 esset.
2755 3255 2939 3313 quam
2964 3254 3247 3295 ranarum
3273 3236 3562 3306 molestia,
3589 3238 3716 3294 sitis

2063 3330 2650 3389 tormentum.’l‘ertio
2676 3327 3098 3402 acceditquod,
3121 3328 3167 3382 si
3181 3342 3391 3383 omnes
3404 3342 3509 3401 per
3534 3327 3715 3402 Egy-

2062 3426 2231 3493 ptum
2263 3436 2453 3493 aquas
2483 3419 2541 3475 in
2572 3417 2923 3488 sanguinem
2949 3433 3269 3474 conversas
3294 3416 3715 3488 cognovissent

2057 3509 2312 3581 Egyptii
2347 3508 2633 3582 (profecto
2672 3523 2880 3565 eorum
2928 3505 3265 3563 vecordiam
3312 3510 3604 3571 excutere,
3660 3512 3717 3562 et

2058 3599 2381 3656 obduratos
2420 3597 2656 3654 animos
2694 3592 2957 3652 emollire
3002 3592 3350 3652 miraculum
3402 3593 3710 3667 debebat),

2063 3688 2262 3762 utique
2285 3684 2960 3758 netentassentquidem
2986 3707 3005 3734 ι
3038 3683 3238 3740 fodere
3276 3699 3379 3756 per
3403 3682 3713 3741 circuitum

2063 3776 2343 3846 ﬂuminis,
2378 3791 2601 3848 aquam
2643 3780 2705 3830 ut
2739 3773 3005 3831 biberent
3035 3794 3055 3830 :
3085 3788 3205 3830 non
3236 3771 3396 3829 enim
3447 3776 3716 3845 poterant

2060 3865 2267 3923 bibere
2298 3865 2372 3921 de
2409 3880 2569 3939 aqua
2598 3861 2865 3920 ﬂuminis
2904 3865 2973 3919 ³³.
3013 3883 3041 3911 ι»

2133 4138 2233 4195 Cui
2267 4136 2571 4195 sententiae
2610 4133 2981 4192 concorditer
3012 4136 3312 4189 verterunt
3342 4130 3462 4201 alii,
3494 4129 3600 4202 qui
3642 4143 3714 4186 ex

2062 4227 2362 4287 Hebraico
2406 4226 2464 4282 in
2514 4227 2780 4281 Graecum
2828 4237 3168 4279 sermonem
3215 4235 3421 4277 sacras
3469 4217 3714 4273 Litteras

2058 4316 2377 4374 transferre
2392 4313 2825 4371 studueruntzet
2842 4309 3239 4383 Symmachus
3252 4306 3487 4380 quidem
3501 4304 3711 4379 inquit:

347 4405 517 4477 ὤρυξε
598 4411 745 4457 πᾶσα
824 4406 853 4462 ἡ
920 4407 1180 4476 Αἴγυπτος
1254 4403 1498 4457 κυκλόθεν
1578 4411 1669 4456 τοῦ
1740 4405 1948 4478 ῥείθρου

2068 4425 2090 4457 ι(
2131 4408 2197 4460 Et
2219 4402 2368 4460 fodit
2393 4403 2590 4458 omnis
2621 4404 2914 4473 Egyptus
2955 4398 3015 4454 in
3053 4396 3295 4453 circuitu
3321 4393 3589 4450 ﬂuminis
3634 4391 3711 4448 ad

345 4489 496 4569 ὕδωρ
547 4493 659 4565 (30)
708 4501 799 4546 τοῦ
842 4500 994 4559 πιεῖν,
1045 4494 1125 4546 ὅτι
1175 4493 1270 4545 οὐκ
1313 4489 1556 4545 ἐδύναντο
1594 4500 1726 4546 πιεῖν
1766 4492 1820 4545 ἐκ
1860 4500 1948 4546 τοῦ

421 4675 468 4708 ³³
500 4671 686 4730 Exod.
710 4687 805 4739 vn,
836 4674 925 4727 24.

2060 4490 2557 4564 bibendum,quia
2578 4503 2698 4545 non
2714 4490 2988 4560 poterant
3003 4483 3208 4541 bibere
3229 4482 3303 4540 de
3316 4479 3711 4557 proﬂuente.»

1920 4847 2147 4907 NOTE.

422 5028 536 5096 (29)
567 5025 752 5084 Habet
792 5029 854 5083 D.
909 5027 1247 5099 Hieronymi
1288 5026 1490 5084 Versio
1520 5042 1671 5099 vers.
1711 5030 1813 5082 t9:
1860 5026 1948 5099 Si!

348 5115 532 5156 cruor
551 5098 611 5154 in
626 5100 961 5155 omniterra
983 5097 1266 5168 {Egi/pii,
1298 5100 1416 5155 tam
1450 5100 1511 5153 in
1545 5098 1753 5167 ligneis
1771 5097 1945 5164 vasis,

390 5186 528 5226 nam
558 5170 621 5224 in
651 5171 867 5231 saxeis,
899 5171 993 5225 cui
1016 5170 1174 5225 favet
1198 5172 1475 5241 Targum.
1510 5170 1623 5225 Esti
1652 5170 1812 5223 enim
1846 5172 1947 5241 He-

390 5188 528 5226 nam
558 5188 621 5224 ιη
651 5188 867 5231 mers,
899 5188 993 5225 cui
1016 5188 1174 5225 τείνει
1208 5188 1475 5241 largum.
1511 5188 1623 5225 mn
1652 5188 1812 5223 enim
1846 5188 1947 5223 ue-

341 5188 747 5298 lqmnuseodex
758 5242 974 5297 habeat
985 5250 1233 5302 causam
1247 5252 1456 5305 0mm
1468 5240 1949 5311 ubaghezirn,uba-

347 5314 649 5378 babanim,
683 5319 737 5369 et
764 5313 829 5368 in
857 5312 1056 5381 lignis,
1080 5323 1132 5369 et
1164 5317 1225 5368 in
1260 5314 1580 5380 lapidibus,
1603 5313 1713 5367 hoc
1745 5317 1945 5367 tamen

346 5387 483 5437 κατὰ
533 5388 859 5456 μετωνυμίαν
897 5383 972 5456 ad
1004 5383 1585 5456 vasareferendum;
1629 5383 1715 5439 vel
1747 5384 1945 5456 potius

346 5460 402 5508 τό
457 5454 613 5512 vasis
676 5454 1014 5511 necessario
1081 5454 1667 5523 subintelligendum.
1737 5454 1829 5509 Sic
1883 5457 1944 5520 ll,

349 5530 488 5595 Reg.
513 5542 637 5589 Vill,
661 5530 694 5582 4
712 5528 880 5583 mille
901 5526 1142 5597 ponitur
1163 5541 1273 5597 pro
1294 5526 1460 5597 mille
1480 5540 1714 5589 currus,
1744 5524 1819 5579 uti
1843 5525 1946 5597 ha-

348 5601 563 5654 betur:
596 5597 780 5653 Paral.
815 5596 993 5662 XVIII,
1037 5600 1091 5663 4,
1131 5596 1186 5654 et
1236 5596 1433 5652 Matth.
1467 5612 1625 5660 xxvx,
1686 5601 1744 5650 t7
1780 5612 1792 5658 ;
1826 5596 1943 5663 pri-

349 5685 478 5725 mus
510 5685 618 5742 pro
645 5669 880 5740 primus
908 5669 1051 5733 dies,
1100 5668 1179 5724 uti
1232 5668 1373 5724 dicit
1428 5669 1656 5724 Marcus
1689 5669 1818 5731 XIV,
1858 5672 1940 5722 t2.

2058 5024 2297 5108 _Videsis
2318 5024 2709 5108 inproposita
2730 5022 2911 5079 verba
2929 5018 3709 5108 ‘Ainsy‘orthum‘auctorem

2056 5090 2433 5152 heterodoxis
2452 5090 2694 5151 minime
2709 5096 3075 5165 suspectum.
3100 5090 3271 5158 Quod
3296 5096 3494 5165 autem
3513 5092 3568 5141 ἐκ
3593 5107 3711 5142 συν-

2058 5165 2292 5240 εκδοχῆς
2320 5167 2519 5238 lignea
2559 5172 2612 5222 et
2645 5162 2882 5241 lapidea
2914 5180 3062 5241 yasa
3093 5177 3203 5241 pro
3232 5162 3457 5241 ceteris
3488 5174 3713 5241 memo-

2057 5232 2522 5311 rari’botuériut,
2564 5232 2721 5311 recte
2760 5237 2967 5311 docuit
2996 5232 3326 5311 Malvenda,
3358 5249 3469 5311 nec
3506 5232 3711 5311 multis

2058 5301 2282 5380 indiget
2310 5309 2697 5391 argumentis.
2734 5304 3273 5391 En‘igitupquan‘ti
3301 5302 3585 5391 habenda
3616 5301 3707 5367 sit,

2056 5376 2215 5455 qua"
2233 5376 2488 5450 vulgatae
2528 5380 2784 5435 versioni
2823 5376 2919 5433 hic
2958 5376 3167 5449 objicit
3193 5376 3459 5434 ΡΙ]οῆοι

2129 5453 2241 5579 g0)
2272 5456 2341 5506 Τό
2369 5448 2658 5532 ὓδωρὶιυο
2682 5449 2993 5532 interserui
3021 5465 3093 5531 ex
3122 5447 3410 5530 Πεπαριή
3444 5445 3712 5516 Origenis

2057 5540 2093 5578 a
2189 5523 2570 5579 ontfauconto
2601 5522 2792 5579 editis.
2824 5537 2883 5576 tn
2930 5520 3155 5579 ambus
3192 5520 3358 5575 locus
3393 5533 3520 5579 ipse
3562 5514 3707 5571 forte

2057 5540 2093 5578 a
2136 5514 2570 5596 Mo'ntfauconio
2601 5522 2792 5584 editis.
2824 5520 2883 5576 in
2930 5519 3155 5596 quibus
3192 5514 3358 5596 locus
3393 5514 3707 5596 ipseifort‘e

2055 5594 2340 5677 reperitur
2365 5595 2931 5677 :insequensautem
2948 5589 3173 5677 liquilte
3197 5605 3266 5647 ac
3290 5589 3709 5646 Thebdotionis

2055 5662 2377 5723 auctoritas
2399 5662 2649 5723 omnino
2678 5662 3073 5722 desiderata}.
