4126 6190
384 294 486 351 279

1610 300 1848 356 ΡΗΟΤΙΙ
1889 297 2377 356 ΡΑΤΡιΙΑΡιΕΗᾸΞ
2417 299 2524 355 CP.

3645 298 3748 355 280

387 421 597 495 Aquila
627 438 767 479 vero
800 440 869 479 ac
893 423 1215 480 Theodotio
1236 424 1625 483 reddiderunt
1655 444 1665 481 :
1691 426 2034 482 Fluvialium

2149 422 2341 487 ὕδατος
2378 432 2469 478 τοῦ
2500 432 2770 496 ποταμοῦ*
2821 445 2848 475 »
2884 428 2972 477 xui
3015 424 3233 485 Ἀκύλας
3288 421 3366 489 δὲ,
3422 430 3512 476 καὶ
3557 421 3749 477 Θεοδο-

387 527 683 584 aquarum
713 529 746 568 a
765 513 924 569 Mose
946 520 1001 569 et
1025 518 1258 571 Aarone
1286 514 1442 571 facta
1464 520 1592 571 erat
1608 516 1666 572 in
1689 517 2037 590 sanguinem

385 616 710 657 CODVCI‘SIO.
744 626 771 652 ››

458 781 590 835 Hac
613 782 773 837 enim
797 784 1070 855 apposita
1087 783 1527 841 animadversio
1549 785 1846 856 adjicitur,
1875 783 2039 855 quod

384 867 595 923 scilicet
630 870 991 935 immundus,
1032 878 1368 943 corruptus,
1402 889 1470 928 ac
1503 874 1667 944 potui
1700 873 1932 945 ineptus
1963 871 2042 926 sit

383 955 577 1012 factus
610 957 702 1037 ille
733 958 969 1025 ﬂuvius,
998 976 1175 1032 quem
1228 960 1631 1033 {Egyptiorum
1680 977 1826 1031 gens
1862 963 2040 1015 Deum

382 1048 793 1120 nuncupabat,
828 1055 1005 1122 atque
1032 1052 1111 1105 uti
1142 1050 1460 1118 fructuum,
1496 1053 1748 1124 vitaque
1771 1051 2041 1106 datorem

384 1134 634 1201 colebat,
653 1143 705 1191 et
729 1138 787 1192 in
813 1154 993 1208 quem
1007 1138 1390 1195 Hebraorum
1414 1140 1755 1195 enecandos
1776 1139 2041 1210 projicie-

382 1224 489 1281 bat
517 1225 794 1281 infantes.
830 1227 1138 1284 Clamabat
1159 1228 1323 1283 enim
1345 1230 1529 1284 etiam
1561 1244 1771 1284 eorum
1795 1228 2039 1297 sanguis

384 1312 459 1368 de
487 1314 677 1386 aquis,
700 1321 762 1370 ut
779 1318 1023 1386 sanguis
1045 1316 1276 1374 Abelde
1292 1322 1445 1373 terra
1467 1319 1534 1368 ³⁸.
1560 1317 1879 1388 Oportebat
1896 1333 2037 1386 ergo

382 1403 680 1473 Egyptios
698 1404 894 1475 impia
916 1406 1360 1477 superstitionis,
1385 1424 1504 1478 qua
1521 1423 1679 1479 aqua
1709 1406 2036 1461 innumeris

384 1499 507 1547 tum
530 1493 1243 1564 perturbationibus,tum
1267 1496 1750 1567 corruptionibus
1776 1494 2037 1551 obnoxia

381 1580 731 1652 dignitatem
762 1589 1018 1649 aterna,
1051 1584 1515 1656 imperturbata,
1551 1590 1606 1640 et
1654 1583 2036 1640 immutabilis

386 1677 609 1726 natura
634 1671 742 1726 sibi
763 1673 1121 1738 vindicabat,
1141 1674 1284 1729 dare
1308 1689 1535 1744 poenas,
1558 1678 1613 1729 et
1631 1675 1871 1745 quidem
1898 1672 2033 1735 illis,

2145 520 2265 566 τίων
2313 511 2679 567 ἑκδεδὼκασι·
2716 532 2745 563 ((
2790 520 2900 566 Τῶν
2957 520 3220 586 ποταμίων
3271 508 3479 565 ὑδοίτων
3530 515 3559 571 ἡ
3620 517 3748 587 πρὸς

2148 606 2279 675 αἷμα
2343 606 2483 676 παρά
2566 608 2791 663 Μωσέως
2870 610 2958 654 καὶ
3022 603 3218 677 Ἀαρὼν
3286 602 3509 673 ἐγεγόνει
3595 622 3748 674 μετα-

2282 735 2293 746 .
2328 714 2354 741 ››

2217 790 2380 834 Τοῦτο
2423 783 2521 855 γὰρ
2590 784 2646 832 16
2713 780 2916 852 εὔλογον
2965 784 3327 853 συνεπάγεται,
3377 784 3464 833 τόν
3513 784 3744 853 ποταμόν

2150 867 2437 943 βδελυκτόν
2475 872 2732 941 γενέσθαι,
2772 874 2860 922 καὶ
2904 870 3306 943 λελυμασμένον,
3341 875 3429 923 καὶ
3471 872 3744 943 ἄχρηστον

2149 958 2356 1022 ἐκεῖνον,
2399 960 2451 1009 ὃν
2517 963 2574 1010 τό
2641 958 2933 1030 Αἰγυπτίων
2998 960 3132 1020 ἔθνος
3199 963 3327 1012 Θεὸν
3390 957 3740 1031 ἓπωνόμαζον,

2148 1045 2503 1121 καρποδότην,
2554 1053 2642 1100 καὶ
2670 1045 2939 1109 ζωοδότην
2997 1049 3303 1114 θειάζοντες,
3355 1052 3444 1100 καὶ
3493 1047 3540 1100 ἐν
3681 1050 3745 1099 τὰ

2147 1146 2245 1190 τὼν
2330 1136 2665 1212 Ἰσραηλιτῶν
2747 1136 2912 1212 βρέφη
3002 1136 3365 1211 ἐναπέρῤιπτον
3435 1138 3745 1189 ἀποκτίννυ-

2150 1229 2292 1280 σθαι.
2336 1226 2490 1279 Ἐϐόα
2530 1228 2628 1298 γὰρ
2660 1225 2906 1278 κάκείνων
2960 1229 3017 1277 τὸ
3048 1228 3181 1298 αἷμα
3239 1225 3338 1279 ἀπό
3365 1233 3465 1278 τῶν
3513 1223 3742 1291 ὑδάτων,

2147 1318 2319 1389 ὧσπερ
2372 1320 2461 1367 καὶ
2496 1323 2586 1367 τοῦ
2619 1314 2773 1367 Ἀϐελ
2830 1314 2932 1367 ἀπό
2980 1324 3075 1376 τῆς
3125 1322 3243 1387 γῆς.
3298 1312 3445 1369 Ἐδει
3474 1317 3575 1388 γὰρ
3628 1319 3747 1376 τοῦς

2148 1405 2464 1476 Αἰγυπτίους
2519 1406 2699 1465 ποινὰς
2746 1400 2930 1457 δοῦναι
2980 1412 3077 1465 τῆς
3106 1424 3158 1456 τε
3219 1402 3591 1466 δυσσεϐούσης
3642 1407 3748 1457 θεο-

2144 1494 2413 1564 πλαστίας,
2470 1490 2542 1545 δι’
2600 1494 2664 1554 ἧς
2712 1497 2767 1545 τό
2813 1490 2956 1568 ὕδωρ
3012 1499 3101 1546 xui
3149 1499 3358 1568 μυρίοις
3412 1496 3605 1545 πάθεσι
3656 1498 3746 1545 καὶ

2146 1585 2360 1655 φθοραῖς
2417 1583 2767 1655 ὑποκείμενον,
2825 1591 2919 1644 τῆς
2993 1579 3169 1635 ἀϊδίου
3225 1602 3311 1634 και
3370 1580 3601 1643 ἀπαθοῦς
3659 1588 3747 1634 καὶ

2145 1670 2433 1745 ἀρῥεύστου
2502 1674 2701 1743 φύσεως
2749 1673 3051 1744 παρετίθετο
3098 1671 3208 1743 (31)
3258 1669 3480 1742 ἀξίωμα,
3539 1676 3628 1723 xui
3675 1673 3748 1733 οἷς

381 1762 602 1832 quibus
619 1778 718 1833 per
742 1764 1092 1820 eorumdem
1124 1765 1515 1819 iunocuorum
1544 1764 1863 1819 infantium
1893 1767 2035 1818 stra-

2148 1756 2221 1811 δι’
2280 1760 2448 1811 αὐτῶν
2500 1768 2599 1812 τῶν
2657 1760 2942 1813 ἀνευθύνων
2996 1759 3197 1834 βρεφῶν
3268 1759 3599 1831 ἐπαλαμώντο
3652 1765 3746 1818 τὴν

384 1865 520 1919 gem
551 1850 870 1907 intulerant
898 1853 1178 1923 injuriam
1205 1870 1217 1907 :
1250 1853 1477 1924 quippe
1506 1853 1564 1907 hi
1593 1854 1653 1907 in
1684 1852 1877 1907 lucem
1904 1851 2036 1923 editi

385 1946 539 2007 sunt,
574 1942 720 1995 dum
748 1948 949 1997 contra
988 1949 1218 1998 natura
1269 1941 1463 2010 legem
1508 1941 1657 1997 lucis
1711 1928 2037 2013 privatione

386 2027 813 2084 multabantur.
840 2031 1066 2086 Interea
1099 2031 1467 2102 pientissima
1501 2030 1600 2085 Dei
1626 2038 1841 2086 natura
1872 2030 2039 2102 puni-

386 2117 608 2173 tionem
640 2119 927 2191 [Egyptiis
949 2118 1337 2189 inﬂigendam
1371 2119 1603 2175 differt:
1634 2120 1752 2175 alia
1782 2136 1922 2176 vero
1953 2135 2041 2175 ra-

384 2193 543 2263 tione
574 2209 841 2279 castigat.
871 2214 927 2265 et
965 2209 1222 2281 corripit,
1242 2210 1384 2264 dum
1412 2225 1537 2265 rem
1564 2208 1887 2265 inanimem
1916 2209 2039 2280 (sci-

386 2295 520 2353 licet
562 2296 779 2367 Nilum)
835 2298 1180 2369 corrumpit,
1243 2315 1313 2354 ac
1360 2300 1609 2370 percutit
1660 2317 1672 2353 :
1710 2315 1813 2371 per
1853 2315 2038 2371 quam

385 2385 626 2457 quidem
657 2386 735 2440 illi
776 2392 831 2443 et
872 2386 1050 2443 cadis
1080 2392 1136 2443 et
1167 2385 1487 2458 impietatis
1517 2388 1573 2442 in
1621 2388 1807 2442 Deum
1847 2387 2039 2443 scelus

387 2460 817 2543 perpetrat-unt.

460 2560 519 2615 Si
549 2560 686 2633 quis
711 2566 910 2618 autem
951 2579 1142 2635 aquas
1160 2579 1264 2635 per
1294 2562 1634 2619 universam
1666 2563 1904 2637 Egypti
1931 2570 2038 2618 ter-

386 2663 504 2703 ram
526 2649 579 2703 in
598 2650 897 2718 sanguinis
920 2651 1299 2707 substantiam
1324 2668 1636 2708 conversas
1667 2652 2033 2719 concederet,

390 2753 461 2791 ne
492 2737 605 2794 hoc
633 2739 876 2811 quidem
919 2746 1095 2813 pacto
1126 2741 1366 2797 difficile
1414 2742 1594 2797 fuisse
1633 2742 1919 2811 arguitur,
1978 2748 2039 2797 ut

385 2828 794 2898 :Egyptiorum
838 2830 1296 2901 prastigiatores
1326 2846 1432 2902 per
1469 2847 1643 2885 suum
1676 2830 2036 2886 maleﬁcium

389 2914 994 2974 viderenturdivinam
1013 2920 1421 2991 operationem
1441 2919 1719 2974 amulari.
1752 2919 2035 2984 Quoniam

2147 1854 2482 1921 μιαιφονίαν·
2541 1851 2621 1901 ὅτι
2664 1849 2921 1924 προῆλθον
2969 1850 3038 1911 εἰς
3089 1856 3210 1920 φῶς,
3260 1850 3393 1900 κατά
3442 1855 3532 1900 τοῦ
3585 1853 3745 1919 νόμον

2148 1946 2237 1997 τῆς
2291 1941 2490 2010 φύσεως
2537 1938 2696 1990 αὑτοῦ
2750 1944 2840 1991 τοῦ
2894 1941 3060 2011 φωτός
3090 1942 3182 1996 τὴν
3236 1935 3588 2007 ἀποστέρησιν
3641 1937 3743 1989 εἱσ-

2149 2034 2488 2101 πραττόμενοι
2538 2026 2713 2087 δίκην.
2776 2028 2833 2081 Ἠ
2885 2024 2942 2081 δι
2999 2027 3354 2102 φιλάνθρωπος
3412 2030 3566 2101 φύσις
3622 2030 3750 2087 τέως

2148 2120 2237 2189 μεν
2293 2116 2631 2170 ἀναϐάλλεται
2658 2122 2750 2175 τὴν
2800 2117 2871 2178 εἰς
2918 2116 3219 2191 ἀνθρώπους
3264 2120 3551 2190 τιμωρίαν·
3596 2115 3749 2167 κολα-

2150 2206 2227 2267 ζει
2260 2203 2337 2267 δὲ,
2383 2212 2473 2259 καὶ
2514 2202 2750 2259 παιδεύει
2781 2211 2969 2282 τρόπον
3000 2206 3168 2273 ἄλλον,
3219 2206 3610 2278 λυμαινόμενος,
3659 2210 3749 2258 xui

2148 2297 2414 2368 μαστίζων
2456 2300 2512 2348 16
2540 2297 2752 2368 ἄψυχον
2779 2314 2790 2326 ο
2826 2293 2899 2348 δι’
2926 2296 3080 2368 οὗπερ
3129 2294 3356 2367 ἐκείνοις,
3403 2299 3493 2346 καὶ
3543 2298 3602 2347 τό
3652 2303 3750 2357 τῆς

2147 2389 2447 2457 μιαιφονίας
2493 2387 2640 2456 ἄγος,
2690 2389 2779 2437 καὶ
2822 2393 2918 2446 τῆς
2966 2384 3033 2444 εἰς
3073 2387 3200 2437 Θεὸν
3251 2380 3566 2445 δυσσεϐείας
3617 2382 3749 2436 ἐτολ-

2146 2479 2215 2546 μή
2227 2476 2288 2531 θη
2314 2478 2370 2526 τό
2404 2473 2817 2548 ἀνοσιούργημα.

2220 2563 2278 2614 Εἰ
2318 2560 2377 2616 δε
2437 2570 2717 2638 συγχωροῖ
2754 2582 2833 2624 τις
2880 2564 2945 2614 τὰ
2979 2561 3075 2613 ἀνά
3129 2568 3303 2614 πᾶσαν
3332 2566 3430 2632 γῆν
3477 2560 3743 2632 Αἰγύπτου

2146 2648 2318 2704 ὕδατα
2374 2652 2446 2714 εἰς
2498 2652 2680 2703 ούσίαν
2738 2652 2954 2724 αἳματος
3005 2652 3567 2723 μεταστοιχειωθῆναι,
3628 2646 3744 2702 οὑδ’

2146 2740 2279 2792 οὑτω
2326 2737 2591 2792 δείκνυται
2622 2742 2812 2814 οῐπορον
2862 2742 2919 2792 τὸ
2950 2746 3037 2791 xui
3067 2744 3184 2800 τούς
3212 2744 3405 2811 γόητας
3452 2742 3549 2789 τῶν
3582 2738 3749 2809 Αἰγυ-

2145 2834 2306 2881 πτίων
2358 2834 2449 2887 τὴν
2511 2832 2779 2902 θεουργίαν
2845 2828 3241 2901 ἐκμιμήσασθαι
3310 2825 3462 2890 δόξαι
3522 2824 3614 2879 διὰ
3662 2835 3752 2889 τῆς

2146 2923 2479 2991 κακουργίας.
2534 2918 2670 2970 Ἐπεὶ
2719 2921 2819 2990 γὰρ
2878 2922 3155 2991 προείρητο
3196 2920 3283 2988 μὲν
3342 2924 3413 2986 τῷ
3463 2925 3643 2969 Μωσεῖ
3690 2921 3749 2969 τὸ

387 3005 541 3059 enim
563 3006 897 3076 prodigium
914 3009 1341 3079 pranuntiarat
1363 3009 1573 3063 Moses.
1593 3009 1819 3064 Pharao
1838 3014 2035 3063 autem

2150 3010 2342 3079 θαῦμα,
2387 3009 2641 3066 ᾐσθάνετο
2696 3004 2754 3059 δὲ
2803 3009 2828 3059 ὄ
2860 3027 2912 3060 τε
2969 3011 3175 3079 Φαραὼ,
3231 3012 3319 3058 xui
3352 3008 3400 3057 οἱ
3457 3014 3555 3057 τῶν
3589 3006 3747 3076 Αἰγυ·

388 3100 661 3165 expertus
704 3095 909 3161 fuerat,
957 3103 1011 3152 et
1051 3096 1464 3169 Egyptiorum
1510 3097 1910 3153 incantatores
1966 3113 2037 3153 ex

386 3182 563 3252 virga
581 3183 641 3239 in
664 3190 998 3257 serpentem
1018 3187 1345 3242 mutatione
1369 3187 1415 3221 ³³
1438 3192 1857 3258 cognoverant,
1873 3185 2039 3259 quod

387 3272 771 3328 comminatio
797 3275 872 3330 ad
905 3281 1184 3330 eventum
1206 3280 1358 3330 esset
1384 3276 1623 3330 omnino
1654 3274 2037 3345 provehenda

384 3360 567 3431 (quod
588 3361 746 3416 enim
774 3362 901 3432 jam
931 3363 1152 3420 factum
1176 3370 1320 3426 erat,
1347 3364 1426 3418 rei
1452 3362 1736 3419 facienda
1772 3364 2033 3420 testimo-

389 3448 552 3503 nium
574 3450 951 3521 perhibebat:
974 3452 1291 3507 studebant
1307 3457 1507 3507 autem
1535 3453 1572 3507 ii
1594 3468 1712 3507 non
1728 3452 1909 3507 videri
1938 3468 2040 3524 per

392 3554 530 3592 suas
576 3538 1046 3595 machinationes
1093 3540 1373 3611 minores)
1410 3559 1422 3595 :
1466 3557 1603 3595 cum
1655 3541 2040 3612 probabiliter

388 3632 650 3691 nossent,
677 3626 839 3698 quod
868 3627 962 3682 ille
988 3644 1180 3700 aquas
1204 3628 1315 3683 sub
1339 3629 1462 3690 dio,
1498 3628 1861 3702 ubicumque
1890 3629 2037 3685 exsi-

390 3719 627 3785 sterent,
662 3721 815 3773 esset
856 3722 1289 3788 permutaturus
1324 3738 1338 3784 ;
1373 3716 1549 3772 simul
1581 3733 1651 3773 ac
1684 3717 2038 3773 miraculum

387 3804 631 3875 quidem
663 3807 1125 3876 pranuntiatum
1157 3811 1298 3871 erat,
1337 3806 1440 3862 sed
1474 3807 1575 3863 Dei
1605 3809 1869 3879 Operatio
1896 3823 2038 3863 non-

387 3892 531 3947 dum
558 3894 890 3965 prodierat;
919 3900 1137 3951 tantam
1160 3911 1330 3967 aqua
1353 3896 1743 3967 quantitatem
1766 3895 2040 3952 haurien-

386 3986 491 4046 tes,
510 3988 737 4053 quanta
762 3982 1089 4038 efﬁcienda
1115 3984 1373 4038 illusioni
1396 3984 1539 4040 satis
1554 3990 1699 4052 erat,
1723 4000 1847 4040 eam
1865 3989 1919 4040 et
1938 4000 2040 4055 ap-

386 4076 687 4142 pararunt,
708 4078 1166 4143 etseposuerunt
1197 4089 1207 4129 :
1238 4077 1299 4128 ut
1328 4089 1466 4129 cum
1495 4088 1649 4143 opus
1667 4080 1837 4139 esset,
1866 4074 2039 4145 aquis

2147 3102 2307 3148 πτίων
2354 3094 2591 3149 ἐπαοιδοὶ
2640 3095 2693 3148 ἐκ
2745 3106 2844 3167 γῆς
2906 3098 3040 3148 κατὰ
3116 3100 3207 3153 τὴν
3259 3092 3456 3169 ῥάϐδον
3508 3095 3580 3156 εἰς
3636 3098 3750 3166 ὅφιν

2147 3185 2434 3259 μεταϐολῆς
2491 3182 2731 3257 ᾔδεισαν,
2789 3187 2857 3245 ὡς
2908 3184 2980 3247 εἰς
3029 3186 3175 3259 ἔργον
3220 3185 3249 3241 ἠ
3313 3182 3494 3241 ἀπειλὴ
3549 3185 3752 3243 πάντως

2146 3280 2490 3348 προχωρήσει
2539 3275 2619 3345 (τό
2671 3276 2773 3348 γὰρ
2807 3270 2912 3332 ἤδη
2968 3276 3281 3345 προγεγονὸς
3337 3279 3429 3323 τοῦ
3468 3276 3750 3343 γενησομέ-

2147 3383 2234 3415 νου
2287 3368 2551 3437 μαρτυρία
2597 3359 2688 3421 ἦν·
2747 3358 3004 3415 ἔσπευδον
3059 3358 3117 3413 δὲ
3160 3360 3483 3431 κάκεῖνοιμὴ
3532 3367 3755 3431 φανῆναι

2147 3460 2257 3512 ταῖς
2323 3456 2745 3525 μηχανουργίαις
2813 3451 3092 3518 ἐλάττους),
3153 3450 3360 3511 εἰκότως
3417 3446 3629 3512 εἰδότες,
3685 3451 3757 3510 ὡς

2147 3544 2214 3593 τὰ
2263 3550 2540 3613 πανταχοῦ
2567 3551 2661 3602 τῆς
2699 3549 2800 3611 γῆς
2829 3537 3000 3593 ὑδατα
3034 3541 3266 3615 ὕπαιθρα
3313 3538 3381 3600 εἰς
3430 3540 3562 3610 αἷμα
3602 3557 3757 3610 μετα-

2149 3629 2356 3682 ϐάλλει·
2416 3638 2506 3681 τοῦ
2549 3632 2813 3705 θαύματος
2863 3634 2951 3701 μὲν
3002 3625 3108 3687 ἤδη
3155 3628 3449 3700 λεγομένου,
3501 3631 3643 3679 οὔπω
3697 3622 3757 3679 δε

2148 3727 2242 3781 τῆς
2284 3721 2552 3791 θεουργίας
2600 3718 2972 3794 προελθοόσης,
3033 3724 3321 3775 τηνικαῦτα
3359 3712 3532 3768 ὑδατα
3560 3714 3761 3791 ἀρυσά-

2148 3828 2309 3880 μενοι,
2345 3810 2443 3861 ὁσα
2474 3805 2674 3860 δυνατά
2702 3804 3017 3883 παραδεῖξαι
3063 3813 3155 3865 τὴν
3206 3810 3491 3878 φαντασίαν
3532 3812 3623 3857 τοῦ
3668 3824 3758 3857 σο-

2150 3903 2428 3969 φίσματος,
2489 3898 2998 3970 προπαρασκεύασάν
3048 3915 3121 3959 τε,
3170 3900 3258 3946 xui
3308 3893 3639 3946 ἐναπέθεντο·
3686 3896 3755 3955 ὡς

2149 3986 2207 4038 ἂν
2239 3986 2286 4038 ἐν
2322 3996 2391 4056 τῷ
2423 3995 2586 4060 καιρῴ
2629 3994 2717 4046 τῆς
2766 3990 2948 4059 χρείας
3004 3985 3337 4057 εὐποροῦντες
3384 3982 3578 4055 ὀφθεῖεν
3618 3978 3759 4033 ὑδά-

2147 4095 2267 4141 των,
2339 4075 2411 4135 οἶς
2473 4078 2530 4126 τό
2598 4083 2794 4147 χρῶμα
2854 4082 2945 4125 τοῦ
3013 4076 3229 4145 αἵματος
3281 4074 3622 4144 περιθέμενοι,
3695 4074 3754 4122 τὸ

386 4158 695 4216 abundare
736 4160 1093 4227 viderentur,
1145 4161 1366 4233 quibus
1416 4162 1676 4217 colorem
1727 4163 2037 4232 sanguinis

2148 4160 2447 4238 παράδοξον
2490 4172 2581 4225 τῆς
2631 4166 2899 4237 θεουργίας
2952 4171 3013 4235 τῇ
3072 4166 3335 4235 φαντασίᾳ
3386 4168 3477 4212 τοῦ
3524 4156 3755 4231 ψεύδους

384 4248 766 4315 asciscentes,
809 4249 1218 4307 incredibilem
1261 4251 1479 4307 divinae
1527 4251 1883 4322 Operationis
1915 4251 2038 4321 glo-

382 4338 532 4393 riam
564 4354 669 4409 per
706 4336 867 4394 falsa
901 4337 1238 4394 illusionem
1270 4338 1712 4395 imminuerent.

458 4427 732 4482 Nonnulli
763 4433 959 4484 autem
1004 4426 1395 4493 afﬁrmarunt,
1431 4428 1595 4501 quod
1623 4443 1743 4499 quo
1775 4433 2036 4501 tempore

386 4518 570 4571 Moses
600 4516 868 4572 ﬂuviales
902 4533 1091 4589 aquas
1122 4519 1179 4572 in
1228 4517 1585 4586 sanguinem
1625 4517 2031 4583 convertebat,

385 4606 561 4660 simul
583 4606 858 4661 adessent
877 4612 933 4661 et
953 4606 1068 4677 ipsi
1097 4606 1365 4662 falsitatis
1401 4606 1699 4662 molitores
1732 4623 1840 4661 sua
1870 4607 2035 4663 adhi-

384 4695 593 4749 bentes
628 4694 955 4759 maleﬁcia;
995 4703 1050 4750 et
1078 4695 1242 4767 quod
1281 4697 1547 4752 maxima
1590 4695 1828 4768 quidem
1861 4712 2037 4768 aqua

385 4799 522 4853 pars
561 4783 749 4839 Mosis
790 4782 1058 4854 prodigio
1097 4784 1421 4849 inserviret,
1470 4800 1586 4840 non
1619 4800 1805 4857 parva
1836 4792 2037 4842 autem

384 4871 455 4928 ad
481 4886 790 4940 magorum
823 4888 994 4926 usum
1020 4878 1174 4928 esset
1197 4882 1521 4943 segregata.
1552 4879 1623 4929 At
1658 4889 1795 4929 vero
1817 4874 1930 4929 hoc
1955 4880 2040 4931 est

385 4966 443 5017 et
469 4960 730 5015 historia
769 4962 1151 5027 contrarium,
1187 4970 1241 5016 et
1281 4962 1523 5018 miriﬁca
1570 4963 2038 5033 sapientissima-

384 5066 502 5123 que
524 5049 699 5107 Mosis
717 5048 1033 5120 prudentia
1062 5049 1375 5119 indignum
1412 5070 1424 5117 ;
1458 5050 1600 5123 quia
1628 5058 1683 5108 et
1708 5052 2038 5110 infensissi-

384 5155 554 5196 mum
585 5138 996 5195 adversarium
1016 5138 1369 5195 reddidisset
1394 5140 1623 5196 virtutis
1645 5157 1769 5197 sua
1799 5158 2038 5199 consor-

386 5243 502 5293 em,
535 5243 606 5282 ac
654 5227 1025 5299 participem,
1075 5233 1133 5284 et
1179 5243 1315 5283 cum
1368 5228 1843 5287 irreconciliabili
1885 5239 2039 5288 seset

459 5372 505 5407 ²⁴
540 5373 684 5427 Gen.
718 5388 797 5435 τι,
838 5372 922 5426 t0.

2148 4254 2437 4306 ἐλαττώσου
2447 4273 2518 4306 σι.

2215 4437 2338 4485 Τισὶ
2370 4429 2429 4483 δὲ
2469 4434 2689 4503 εἴρηται,
2746 4433 2808 4491 ὡς
2837 4437 2927 4482 τοῦ
2980 4434 3209 4490 Μωσέως
3265 4424 3749 4501 παραδοξοποιοῦν-

2146 4541 2227 4581 τος
2271 4524 2326 4572 τὸ
2383 4522 2636 4591 ποτάμιον
2677 4516 2820 4591 ὕδωρ
2873 4518 2941 4579 εἰς
2983 4519 3113 4590 αἷμα
3144 4521 3279 4569 κατά
3320 4521 3404 4569 τὸν
3454 4517 3605 4568 αὑτὸν
3636 4536 3753 4567 και-

2147 4614 2235 4682 ρὸν
2278 4616 2629 4681 συμπαρῆσαν
2676 4612 2765 4660 xui
2820 4610 2868 4658 oi
2915 4614 3005 4659 τοῦ
3061 4604 3294 4678 ψεύδους
3343 4610 3590 4678 σοφισταὶ
3639 4612 3754 4667 ταῖς

2148 4700 2359 4759 οἰκείαις
2398 4704 2660 4770 χρώμενοι
2701 4701 3067 4767 κακοτεχνίαις
3095 4712 3107 4724 ⁸
3145 4702 3234 4748 xui
3264 4699 3322 4747 16
3368 4699 3457 4767 μὲν
3512 4694 3753 4747 πλεῖστον

2148 4796 2238 4840 τοῦ
2268 4784 2458 4847 ὑδατος
2488 4794 2577 4839 τοῦ
2633 4789 2860 4846 Μωσέως
2906 4787 3209 4859 ὑπηρετεῖτο
3239 4794 3308 4855 τῷ
3358 4787 3604 4854 θαύματι,
3659 4784 3756 4835 ούκ

2149 4876 2318 4947 ὀλίγον
2356 4871 2414 4928 δε
2461 4877 2644 4927 τούτου
2689 4880 2778 4926 καὶ
2822 4882 2883 4947 τῇ
2933 4882 3030 4925 τῶν
3077 4876 3259 4946 μάγων
3305 4877 3465 4947 χρείᾳ
3520 4891 3758 4943 συγκατ-

2149 4965 2427 5037 εμερίξετο.
2482 4963 2636 5017 Ἀλλὰ
2686 4966 2788 5036 γὰρ
2847 4971 3000 5015 τοῦτο
3050 4962 3173 5035 παρ’
3235 4964 3469 5037 ἱστορίαν
3527 4964 3581 5014 τέ
3639 4961 3756 5013 ἐστι

2147 5053 2329 5125 λέγειν,
2387 5058 2475 5105 καὶ
2499 5060 2593 5114 τῆς
2636 5052 2683 5103 ἐν
2736 5060 2807 5123 τῷ
2840 5058 3020 5105 Μωσεῖ
3068 5050 3449 5124 μεγαλουργοῦ,
3494 5054 3582 5102 xui
3623 5069 3757 5101 παν-

2153 5148 2311 5215 σόφου
2363 5147 2607 5215 προνοίας
2640 5140 2869 5208 ἀνάξιον,
2916 5146 3005 5193 καὶ
3051 5136 3315 5212 δυνάμεως
3352 5143 3615 5206 κοινωνόν,
3664 5144 3757 5192 xui

2150 5237 2366 5303 μεσίτην
2422 5238 2584 5284 ποιεῖν
2643 5235 2728 5285 τόν
2793 5230 3196 5302 πολεμιώτατον,
3273 5234 3364 5281 xui
3421 5224 3757 5301 ὁμόσπονδον

1966 5518 2015 5573 Ν
2020 5518 2195 5575 ΟΤΑΞ.

458 5656 574 5731 (3t)
609 5658 955 5733 Παρατίθεντο
980 5656 1265 5729 legeram,
1310 5656 1414 5715 sed
1436 5657 1679 5730 patebat
1716 5634 1904 5715 error.
