3950 6180
217 253 296 313 281
1225 241 1321 305 Ai)
1360 241 1919 328 AMPHILOCHIUM
1961 244 2290 315 QUiESTlO
2333 250 2477 308 XLI.

218 377 504 450 παραϐάλλειν
568 381 654 429 τόν
711 373 980 428 ἄσπονδον
1013 395 1025 408 ·

215 467 330 538 αὐτῷ
397 467 503 524 ὓλην
565 473 656 518 τοῦ
727 467 992 537 θαύματος
1067 463 1239 535 ἐκείνῳ
1296 461 1756 536 συνδιεκληροῦτὸ,

213 563 284 608 καὶ
327 555 669 628 συνεμερίζετο.
724 559 823 608 Καὶ
866 554 1030 615 ἄλλως
1073 553 1179 625 οὐχ
1221 553 1346 606 ἑκὼν
1384 573 1443 625 γε
1468 552 1527 604 ἂν
1559 568 1572 582 ·
1608 555 1632 604 ὁ
1666 552 1755 606 Αἰ-

211 649 394 715 γύπτιος
440 645 502 707 εἰς
541 652 694 696 τοῦτο
739 648 964 700 κατέστη
1026 649 1310 719 παρανοίας
1353 647 1439 696 τὸν
1489 643 1628 714 αὗτῳ
1671 661 1760 695 σε-

211 734 385 805 ϐόμενον
427 738 666 806 ποταμὸν,
719 733 914 792 στήλην
964 752 1017 786 τε
1076 741 1172 796 τῆς
1236 737 1537 806 μιαιφονίας
1598 732 1757 784 αὐτοῦ

209 824 410 895 λαμπρὰν
463 822 752 896 ἀνεγείρειν,
809 828 899 876 καὶ
945 823 1147 897 λύθροις
1191 828 1434 896 μιαίνειν,
1490 828 1578 875 καὶ
1631 826 1759 896 πρὸς

209 918 255 965 τὸ
293 910 648 987 βδελυρώτερον
701 915 759 964 τὸ
814 919 1100 984 τιμώμενον
1150 911 1519 986 μεταϐάλλεινο
1571 911 1614 964 εἰ
1670 917 1759 963 καὶ

208 1005 254 1054 τὸ
278 1011 450 1074 χρῶμα
471 1003 576 1054 οὔθ’
606 1001 900 1062 ἐνίσσοντος
923 1004 1040 1074 ('23)
1061 1010 1156 1064 τῆς
1179 1002 1507 1074 πλανωμένης
1529 998 1588 1060 ἦν
1614 1004 1759 1074 ἔργον

207 1091 358 1161 ὄψεως.

265 1184 349 1232 Καὶ
395 1184 447 1232 τὸ
496 1180 658 1250 λέγειν
702 1181 840 1232 ἁπαν
890 1185 979 1253 μὲν
1024 1183 1080 1233 τὸ
1133 1181 1416 1253 Αἰγύπτιον
1448 1177 1590 1256 ὕδωρ
1634 1182 1760 1232 θαν-

202 1265 592 1342 ματουργοῡντος
667 1273 901 1330 Μωσέως
999 1268 1380 1340 ἀπογενηθῆναι
1460 1268 1525 1329 εἰς
1607 1269 1758 1340 αἷμα,

202 1362 296 1417 τοὺς
341 1354 392 1409 ’ἴε
433 1360 635 1430 μάγους
684 1356 1006 1430 ἀποροῦντας
1051 1354 1242 1420 ὕδατος
1300 1357 1656 1431 ἀμεταϐλήτου
1701 1361 1760 1409 τὸ

201 1445 600 1518 μεταϐεϐλημένον
674 1447 746 1508 εἰς
815 1449 949 1520 αἷμα
1014 1447 1207 1513 λαϐεῖν,
1270 1453 1359 1500 καὶ
1429 1446 1615 1517 κλέψαι
1667 1450 1761 1504 τὴν

199 1535 297 1605 ὄψιν
365 1544 457 1587 τῶν
527 1537 762 1608 ὁρώντων
830 1534 944 1588 ἀντὶ
996 1544 1091 1598 τῆς
1150 1535 1372 1610 ἐρυθρᾶς
1429 1535 1600 1608 βαφῆς
1667 1539 1761 1593 τὴν

199 1621 415 1683 ὑδατώδη
484 1631 657 1699 χρόαν
712 1627 1107 1696 φαντάζεσθαι⁹
1145 1629 1276 1698 μετὰ
1327 1633 1419 1678 τοῦ
1477 1621 1614 1696 μηδέ
1668 1628 1762 1682 τὴν

3414 260 3517 314 282

1089 376 1162 436 οἷς
1224 380 1313 433 τὴν
1380 374 1750 448 ἀφορισθεῖσαν

1953 374 2277 440 sciliasset;
2314 374 2413 430 ubi
2445 374 2666 431 scilicet
2694 375 3060 433 subtractam
3099 378 3212 433 sibi
3252 380 3520 438 miraculi

1867 463 2177 519 materiam
2229 480 2358 519 cum
2421 480 2492 520 eo
2518 465 2711 520 amice
2759 465 3136 531 sortiebatur,
3169 469 3332 539 atqui
3377 469 3518 525 divi-

1866 549 2066 608 debat.
2109 554 2392 607 Caeterum
2430 569 2550 608 non
2577 552 2829 609 libenter
2870 569 3078 623 magus
3117 558 3428 628 Egyptius
3449 574 3520 616 eo

1866 639 2183 696 dementire
2222 641 2578 711 devenisset,
2627 648 2685 698 ut
2726 643 2997 708 ﬂuvium,
3040 660 3221 715 quem
3261 648 3518 716 colebat,

1867 730 2227 800 praeclarum
2281 735 2520 801 patrata:
2569 731 2976 786 innocentium
3025 734 3210 789 caedis
3265 733 3524 794 efﬁceret

1870 823 2345 884 monumentum,
2387 824 2442 875 et
2479 835 2687 874 cruore
2720 819 2989 887 foedaret,
3031 837 3272 894 remque
3309 825 3522 880 honori

1868 906 2136 963 habitam
2168 907 2224 962 in
2248 907 2718 964 abominabilem
2744 914 3108 980 permutaret
3128 928 3142 975 ;
3162 912 3392 969 etiamsi
3423 929 3524 969 co-

1867 995 1957 1052 lor
1993 996 2258 1053 ﬂuminis
2304 1012 2412 1053 nec
2461 996 2742 1053 unitatem
2793 1013 2969 1054 suam
3017 1001 3320 1057 retinentis
3369 1008 3523 1058 esset

1869 1085 2122 1156 deceptae
2156 1086 2395 1142 visionis
2427 1084 2689 1142 effectus.

1945 1177 2118 1230 Porro
2174 1175 2221 1230 si
2274 1176 2406 1248 quis
2445 1176 2662 1232 diceret
2706 1178 2858 1232 Mose
2906 1179 3262 1234 miraculum
3308 1181 3521 1238 edente

1869 1269 2112 1319 cunctas
2157 1263 2390 1336 Egypti
2445 1280 2634 1335 aquas
2687 1266 3044 1334 sanguinem
3092 1267 3270 1322 fuisse
3311 1268 3520 1339 factas,

1871 1367 2083 1422 magos
2113 1357 2312 1409 autem
2345 1369 2506 1425 aqua
2531 1369 2650 1409 non
2681 1360 2908 1410 mutata
2932 1355 3266 1424 indigentes
3298 1373 3523 1429 aquam

1872 1443 2173 1514 accepisse
2203 1443 2263 1497 in
2299 1443 2656 1512 sanguinem
2699 1458 3072 1510 conversam,
3107 1451 3162 1503 et
3195 1447 3400 1501 oculos
3434 1447 3525 1502 in-

1873 1532 2162 1587 tuentium
2205 1531 2287 1586 ita
2321 1531 2647 1602 decepisse,
2689 1539 2750 1585 ut
2788 1548 2896 1604 pro
2937 1534 3266 1602 sanguineo
3307 1535 3526 1592 rubore

1873 1637 2104 1693 aquens
2162 1620 2324 1676 color
2379 1625 2717 1692 appareret,
2771 1621 2822 1675 is
2875 1626 2932 1676 et
2987 1623 3150 1678 nulla
3218 1627 3525 1681 sententia

197 1717 393 1788 ἱστορίαν
437 1710 606 1785 μηδὲν
653 1721 888 1766 τοιοῦτον
941 1715 1219 1788 ἐμφαίνειν,
1265 1719 1356 1767 καὶ
1404 1719 1520 1776 τοὺς
1563 1715 1762 1786 μάγους

1953 1727 1996 1766 te
2028 1710 2088 1765 in
2128 1709 2376 1766 historia
2415 1709 2658 1779 vestigia
2693 1711 2992 1782 reperiret,
3033 1715 3091 1767 et
3128 1711 3362 1767 interim
3405 1714 3527 1783 glo-

193 1806 297 1864 τίως
341 1801 770 1875 ἕπισεμνύνεσθαι
828 1805 1239 1876 παρασκευάζει.
1293 1809 1362 1856 Τὸ
1418 1806 1518 1877 γὰρ
1574 1821 1760 1875 φαντα-

193 1894 400 1960 σθεν,ὼς
427 1889 599 1967 ὕδωρ,
645 1893 797 1965 αἷμα,
829 1895 911 1946 ὅτι
961 1897 1049 1945 καὶ
1095 1898 1190 1952 τὴν
1244 1895 1399 1965 φύσιν
1450 1891 1649 1951 ἀληθῶς
1697 1899 1758 1963 τῇ

190 1984 322 2053 τέχνῃ
351 1990 444 2033 τῶν
490 1983 678 2054 μάγων
727 1984 858 2054 ῖσχε
905 1991 996 2034 τοῦ
1027 1983 1268 2054 αἳματος,
1299 1980 1763 2056 μεγαλοῤῥημονείν

190 2069 351 2132 αὐτοὺς
378 2075 624 2146 περίεστι,
654 2076 743 2123 καὶ
770 2067 990 2124 διπλοῦν
1021 2069 1128 2124 ἀνθ’
1157 2071 1323 2125 ἁπλοῦ
1351 2074 1406 2123 τὸ
1432 2074 1584 2144 τέρας
1605 2069 1756 2144 ἐργά-

190 2158 331 2227 ζεται,
359 2161 584 2232 αἵματος
625 2160 692 2220 εἰς
718 2157 864 2233 ὕδωρ
898 2161 1190 2224 ἀλλοίωσιν,
1221 2165 1310 2214 καὶ
1336 2164 1393 2213 τὸ
1437 2157 1582 2234 ὕδωρ
1611 2158 1764 2212 πάλιν

188 2247 248 2310 εἰς
271 2252 406 2320 φόνον
433 2248 879 2322 μεταϐαλλόμενον
894 2293 906 2306 ,

243 2337 351 2390 Εἰσί
383 2335 439 2389 δὲ
468 2339 544 2398 οἷς
577 2337 792 2396 ἐπῆλθεν
825 2338 981 2392 εἰπεῖν
1026 2341 1155 2411 μετὰ
1198 2342 1256 2390 τὸ
1296 2337 1635 2410 ἐπαναγαγεῖν
1680 2340 1764 2390 τὸν

185 2429 352 2478 Mucia
376 2430 432 2478 τό
461 2423 612 2501 ὕδωρ
653 2425 756 2479 ἀπὸ
796 2435 888 2479 τοῦ
919 2429 1134 2499 αἳματος
1165 2427 1236 2490 εἰς
1271 2431 1363 2486 τὴν
1398 2427 1556 2478 αὐτοῦ
1588 2427 1763 2497 φύσιν,

183 2518 278 2566 τότε
315 2517 631 2589 χρήσασθαι
669 2520 790 2577 τοὺς
839 2512 1121 2577 ἐπαοιδοὺς
1163 2515 1240 2568 ἐπ’
1272 2516 1431 2568 αὑτοῦ
1478 2522 1552 2585 τῷ
1586 2518 1766 2584 σοφίσ-

183 2621 294 2674 ματι
315 2612 405 2665 τῆς
427 2608 697 2675 γοητείας.

243 2694 300 2744 Οἱ
336 2689 392 2746 δι
432 2693 650 2766 λέγουσι
689 2698 778 2745 καὶ
829 2702 928 2745 τῶν
974 2693 1137 2746 ἄλλων
1191 2692 1379 2766 μᾶλλον
1433 2691 1767 2766 εὐλογώτερον

185 2782 240 2841 ὡς
266 2784 325 2833 τὰ
363 2785 451 2853 μεν
483 2781 621 2834 ἄλλα
667 2784 839 2834 πάντα
883 2790 978 2845 τῆς
1021 2783 1291 2853 Αἰγύπτου
1331 2778 1505 2834 ὕδατα
1539 2781 1609 2843 εἰς
1638 2782 1770 2852 αἷμα

181 2870 442 2938 μετεϐλήθη
492 2878 557 2943 τῇ
605 2871 944 2946 μεγαλουργῷ
994 2869 1215 2943 δυνάμει
1244 2879 1335 2924 τοῦ
1366 2874 1595 2932 Μωσέως
1628 2887 1640 2899 ·
1670 2871 1770 2923 ὃσα

184 2953 233 3009 δε
265 2967 360 3019 τοῖς
397 2959 764 3035 Ἰσραηλίταις
817 2964 1091 3034 προῦκειτο
1151 2959 1226 3022 εἰς
1273 2967 1493 3034 χρῆσιν,
1545 2968 1638 3022 τῆς
1677 2978 1770 3030 με-

180 3046 376 3111 ταϐολῆς
428 3045 833 3122 διετηρήθησαν
882 3054 1102 3124 κρείττω
1161 3045 1304 3118 (οὐδὲ
1351 3052 1453 3122 γὰρ
1498 3045 1557 3107 ἦν
1605 3067 1768 3101 κακο-

181 3144 321 3188 ποιεῖν
390 3136 700 3206 ὁικὸλουθον⁹
768 3139 892 3211 ὑπὲρ
957 3139 1024 3189 ὧν
1091 3136 1400 3196 ἕνέσκηπτον
1466 3139 1522 3190 αἱ
1571 3138 1770 3209 πληγαὶ

181 3233 272 3287 τοῖς
323 3224 628 3280 κακοποιεῖν
682 3225 871 3289 αὐτοὺς
918 3226 1216 3300 ἑπαρθεῖσιν
1251 3242 1266 3259 ⁸
1325 3223 1440 3280 οὐδ’
1507 3226 1616 3298 οἶμα
1681 3229 1771 3296 μεν

183 3310 383 3367 ἐκδικεῖν
412 3321 541 3378 τοὺς
570 3315 781 3384 αὐτοὺς,
823 3316 933 3389 ἅμα
964 3312 1022 3369 δι
1054 3312 1146 3368 διὰ
1185 3323 1280 3377 τῆς
1323 3311 1643 3378 ἔκδικησεως
1685 3335 1770 3367 x0-

183 3400 336 3464 ἰάζειν
369 3426 381 3437 ·
409 3411 503 3458 καὶ
546 3408 608 3457 τὸ
655 3413 755 3457 τῶν
801 3401 1114 3467 ἀποδείξεων
1150 3403 1202 3467 ἐξ
1243 3406 1434 3478 ὁμοίων
1475 3407 1772 3477 περιούσιον

183 3493 451 3546 ὑπολοίπων
502 3493 646 3546 ἢνὲα
702 3494 914 3566 πληγῶν
965 3498 1102 3547 κατὰ
1145 3491 1417 3566 διαδοχὴν
1463 3490 1566 3554 τοῖς
1614 3494 1773 3565 Αἰγυ-

182 3586 329 3644 πτίοις
360 3582 759 3654 ἐπενεχθεισῶν,
809 3579 1034 3655 οὐδεμιᾷ
1079 3586 1274 3636 τούτων
1314 3585 1339 3635 ὁ
1383 3582 1596 3658 Ἰσραὴλ
1643 3579 1777 3636 ἐδεί-

181 3672 276 3738 χθη
319 3671 794 3743 καταστιζὸμενος)
828 3692 840 3704 ·
870 3679 961 3724 τοῦ
1011 3669 1070 3724 δι
1110 3676 1254 3748 παρά
1293 3679 1392 3733 τοῖς
1424 3671 1775 3745 Ἰσραηλίταις

182 3754 358 3822 ὕδατος
421 3759 790 3834 διαμείναντος
865 3759 1242 3833 ἀμεταϐλήτου,
1312 3765 1428 3822 τοὺς
1498 3759 1775 3824 ἕπαοιδοὺς

181 3845 346 3902 ἱκείθεν
371 3849 654 3918 λαϐόντας,
688 3850 783 3922 ὕλῃ
825 3853 1146 3924 χρὸσασθαι
1179 3853 1305 3926 πρὸς
1334 3855 1425 3908 τὴν
1456 3859 1546 3903 τοῦ
1587 3851 1775 3904 οἰκείου

185 3943 491 4012 σοοίσματος
526 3944 813 4014 τερατείαν.

245 4117 417 4180 Οὕτως
463 4115 556 4171 οὖν
602 4118 924 4190 πολλαχόθεν
976 4121 1089 4172 ἔστι
1121 4124 1340 4193 συνορᾴν
1380 4113 1530 4171 οὐδὲν
1562 4119 1775 4193 ἄπορον,

183 4209 260 4256 καί
298 4211 382 4258 τόν
425 4211 629 4261 Μωσία
666 4209 1165 4279 θαυματουργοῦντα
1202 4213 1295 4266 τὴν
1328 4215 1418 4261 τοῦ
1450 4203 1645 4268 ὕδατος
1684 4208 1778 4278 φύ-

188 4310 260 4344 σιν
287 4295 355 4356 εἰς
383 4297 521 4367 αἷμα
564 4295 890 4368 μεταϐαλεῖν,
938 4299 1182 4357 καὶτοὺς
1227 4292 1507 4358 ἕπαοιδοὺς
1555 4304 1654 4348 τῶν
1695 4293 1782 4346 Αἰ-

1871 1799 2019 1855 riam
2059 1799 2584 1871 praastigiatoribus
2618 1799 2907 1869 majorem
2948 1807 3341 1872 compararet.
3385 1804 3528 1858 San—

1874 1887 2007 1958 guis
2053 1889 2234 1952 enim,
2284 1887 2386 1960 qui
2440 1903 2600 1959 aqua
2639 1887 2970 1952 videbatur,
3013 1890 3160 1960 quia
3215 1907 3527 1961 magorum

1873 1981 1997 2033 arte
2052 1976 2366 2047 sanguinis
2415 1977 2593 2033 etiam
2643 1981 2923 2033 naturam
2965 1994 3100 2034 vere
3141 1979 3399 2045 retinuit,
3443 1981 3528 2052 ip-

1875 2081 2077 2122 sorum
2121 2065 2432 2136 iactationi
2486 2064 2664 2129 favet,
2707 2071 2761 2121 et
2805 2082 2914 2138 pro
2965 2067 3139 2123 unico
3170 2067 3391 2140 duplex
3421 2069 3528 2124 mi-

1874 2157 2144 2212 raculum
2185 2154 2382 2220 efﬁcit,
2424 2155 2725 2224 sanguinis
2769 2155 3039 2211 videlicet
3081 2157 3136 2210 in
3180 2173 3424 2228 aquam,
3467 2163 3525 2213 et

1874 2261 2042 2316 aquae
2071 2259 2274 2298 rursus
2303 2244 2362 2298 in
2391 2242 2750 2312 sanguinem
2783 2245 3258 2300 conversionem.

1947 2335 2229 2388 Praeterea
2256 2331 2630 2404 suntquibus
2645 2331 2861 2404 placuit
2884 2348 3165 2402 asserere,
3186 2335 3341 2405 quod
3365 2339 3532 2406 post-

1875 2439 2058 2498 quam
2089 2425 2272 2478 llloses
2297 2437 2520 2493 aquam
2548 2437 2580 2476 e
2601 2423 2890 2490 sanguine
2924 2422 3000 2477 ad
3032 2423 3334 2495 pristinam
3365 2431 3531 2480 natu-

1875 2528 2007 2568 ram
2037 2511 2286 2575 reduxit,
2321 2515 2455 2565 tunc
2485 2510 2544 2566 in
2567 2525 2638 2566 ea
2661 2510 3063 2566 incantatores
3089 2512 3526 2583 praestigiarum

1877 2600 2177 2658 fallaciam
2209 2598 2595 2656 exercuerint.

1949 2689 2059 2745 Alii
2089 2705 2248 2755 vero,
2278 2694 2335 2745 et
2362 2689 2608 2761 quidem
2637 2690 2877 2755 rectius,
2912 2706 3092 2762 quam
3127 2690 3340 2755 caeteri,
3370 2689 3522 2746 atﬂr-

1879 2785 2046 2836 mant
2078 2778 2327 2834 miriﬁca
2367 2779 2536 2835 Mosis
2577 2780 2835 2849 potentia
2872 2796 3084 2835 omnes
3117 2780 3268 2836 alias
3299 2781 3530 2851 £gypti

1877 2885 2070 2941 aquas
2109 2868 2169 2922 in
2218 2869 2572 2940 sanguinem
2617 2869 2952 2937 transiisse;
3003 2875 3291 2939 quotquot
3329 2875 3531 2924 autem

1877 2958 2012 3014 usui
2053 2957 2456 3013 Israelitarum
2494 2957 2916 3021 inserviebant,
2959 2957 3306 3012 mutationis
3349 2956 3533 3012 fuisse

1879 3047 2178 3102 immunes
2228 3047 2445 3118 (neque
2477 3045 2637 3100 enim
2677 3051 3147 3100 consentaneum
3179 3051 3322 3110 erat,
3357 3050 3422 3100 ut
3450 3045 3530 3100 illi

1881 3138 2256 3200 vexarentur,
2289 3149 2548 3205 quorum
2582 3135 2773 3203 gratia
2803 3133 2996 3205 plagas
3025 3132 3084 3188 in
3108 3133 3403 3202 homines,
3429 3134 3535 3206 qui

1880 3225 1955 3282 ad
1985 3225 2150 3296 ipsos
2179 3223 2609 3296 opprimendos
2635 3222 3048 3291 insurgebant,
3075 3221 3531 3290 inﬂigebantur;

1880 3319 2059 3386 atque
2079 3317 2139 3367 ut
2157 3311 2334 3368 simul
2352 3311 2950 3382 obtinerentacceptae
2970 3309 3200 3380 injuriae
3228 3309 3533 3376 ultionem,

1881 3407 1935 3456 et
1986 3403 2047 3457 in
2090 3400 2310 3456 ultione
2356 3399 2465 3470 ipsi
2501 3398 2883 3471 punirentur:
2937 3398 3168 3454 accedit
3205 3398 3366 3472 quod
3406 3416 3539 3471 pro-

1882 3491 2080 3564 prium
2111 3489 2287 3546 fuerit
2323 3505 2427 3544 sex
2455 3488 2749 3544 similibus
2779 3488 3025 3544 ostentis
3055 3503 3128 3542 ex
3168 3487 3536 3560 reliquarum

1882 3596 2098 3637 novem
2119 3580 2456 3651 plagarum,
2475 3594 2610 3650 quae
2627 3577 2913 3648 deinceps
2936 3575 3229 3649 Egyptiis
3252 3577 3538 3634 immissas

1885 3674 2038 3734 sunt,
2071 3673 2134 3724 ut
2163 3667 2379 3724 horum
2419 3666 2584 3724 nulla
2623 3665 2799 3722 Israel
2828 3665 3082 3723 aﬂlictus
3117 3666 3301 3722 fuisse
3331 3667 3539 3724 innua-

1885 3765 1997 3825 tur,
2030 3758 2141 3826 (26)
2175 3774 2186 3812 :
2216 3773 2355 3813 cum
2403 3761 2603 3812 autem
2657 3772 2817 3828 aqua
2866 3772 3050 3828 penes
3105 3755 3381 3812 Hebraeos
3422 3773 3539 3814 non

1884 3851 2114 3902 mutata
2153 3846 2564 3917 permanserit,
2601 3844 2866 3900 indidem
2896 3844 3236 3901 haurientes
3275 3844 3536 3902 incanta-

1885 3942 2062 4002 tores,
2085 3935 2242 3990 hanc
2264 3933 2572 3991 materiam
2595 3934 2670 3991 ad
2692 3934 3126 4006 praestigiarum
3149 3949 3394 3992 suarum
3413 3934 3542 3992 illu-

1886 4025 2115 4080 sionem
2143 4023 2512 4080 adhibuisse.

1960 4115 2051 4171 Sic
2077 4113 2254 4183 igitur
2283 4112 2479 4170 mnltis
2502 4113 2698 4170 modis
2715 4113 2970 4186 perspici
2997 4120 3204 4187 potest,
3236 4115 3398 4188 quod
3419 4129 3541 4170 non

1888 4202 2060 4259 fuerit
2097 4202 2353 4270 difﬁcile,
2386 4206 2452 4257 ut
2499 4205 2558 4258 et
2597 4201 2788 4258 Moses
2827 4219 2931 4275 per
2971 4205 3314 4275 prodigium
3367 4218 3542 4275 aqua:

1888 4297 2164 4348 naturam
2183 4291 2241 4347 in
2266 4291 2624 4362 sanguinem
2645 4293 3017 4358 converterit,
3044 4297 3103 4348 et
3127 4291 3543 4364 Egyptiorum

185 4388 402 4451 γνπτίων
434 4381 632 4447 ὓδατος
665 4390 735 4457 μὴ
773 4385 1195 4457 ἀποστερεῖσθαι,
1231 4381 1306 4437 δι’
1343 4385 1498 4460 οὗπερ
1530 4383 1708 4446 αὐτοῖς
1746 4385 1768 4442 ἦ

1953 4385 2285 4437 cantatores
2315 4397 2477 4452 aqua
2509 4395 2628 4436 non
2673 4380 2995 4445 caruerint,
3037 4396 3144 4452 per
3180 4395 3366 4453 quam
3403 4379 3544 4436 ﬁcta

187 4467 267 4522 τοῦ
311 4477 588 4547 φάσματος
635 4474 752 4545 ὄψις
791 4469 1177 4549 ὑποδραμεῖται
1219 4477 1313 4532 τὴν
1366 4472 1647 4546 ὀνομασίαν
1689 4480 1781 4526 τοῦ

192 4559 442 4633 θαύματος
453 4609 467 4620 ,

733 4658 1046 4705 ΕΡΩΤΗΜΑ
1087 4650 1222 4706 MA'.

275 4743 386 4800 Πῶς
422 4744 636 4798 νοητίον
668 4744 726 4793 τό
761 4755 776 4770 ·
821 4760 849 4791 (ι
875 4741 1010 4811 Ἐγὼ
1043 4739 1315 4815 σκληρυνῶ
1341 4744 1434 4800 τὴν
1460 4736 1684 4814 καρδίαν

871 4817 1057 4884 Φαραὼ
1081 4827 1094 4878 ;

1893 4470 2204 4541 sanguinis
2236 4468 2463 4541 species
2492 4484 2709 4526 nomen
2740 4469 3016 4526 miraculi
3051 4471 3367 4542 usurparet
3404 4467 3544 4541 (23).

1963 4645 2282 4712 QU/ESTIO
2316 4645 2425 4700 XLI
2461 4641 2661 4717 [CoisL
2704 4645 2882 4701 Taur.
2923 4647 3028 4709 XL,
3063 4647 3260 4702 Scotto
3286 4644 3472 4716 XLII].

1894 4737 2172 4805 Quaenam
2192 4733 2477 4806 sententia
2492 4733 2750 4806 subjecto
2771 4741 2850 4790 est
2878 4733 3062 4791 verbis
3086 4736 3210 4791 illis
3230 4755 3243 4794 :
3267 4753 3295 4785 «
3318 4735 3445 4806 Ego
3463 4735 3550 4790 in-

2268 4805 2500 4862 durabo
2530 4819 2632 4861 cor
2660 4804 2980 4862 Pharaonis
3005 4808 3052 4842 ²⁶
3082 4806 3111 4863 ?
3137 4827 3166 4860 »

884 4905 1040 4958 Edita
1064 4908 1131 4958 ab
1165 4910 1292 4964 Ant.
1329 4909 1526 4967 Scotto,
1564 4908 1599 4958 ι.
1631 4923 1698 4967 c.,
1730 4924 1781 4974 p.
1816 4908 1923 4966 128,
1952 4904 2374 4958 Commentarius
2403 4905 2455 4953 in
2485 4901 2648 4954 Exod.
2673 4918 2742 4961 ιν,
2770 4903 2848 4952 21.

256 4999 396 5060 Τίνες
471 5003 564 5072 μέν
643 5017 773 5072 φασι
844 4997 1145 5074 σκληρύνειν
1207 4998 1442 5071 λέγεσθαι
1507 5001 1593 5052 τὸν
1647 5002 1775 5053 Θεὸν

259 5094 303 5129 ’⁵
323 5094 513 5153 Exod.
545 5113 640 5163 vu,
674 5100 737 5154 to
767 5098 836 5152 ’⁸.
905 5096 1086 5153 Exod.
1118 5112 1235 5154 Vill.
1265 5111 1439 5170 seqq.

1958 4995 2238 5056 Nonnulli
2287 4994 2533 5068 quidem
2582 4994 2800 5052 docent
2840 4994 3026 5052 Deum
3066 4993 3182 5054 hoc
3219 5010 3394 5054 sensu
3435 4993 3550 5053 dici

1759 5211 1986 5270 NOTIE.

260 5336 495 5412 (32)ᾉά
545 5337 1003 5406 signiﬁcandam
1053 5354 1354 5412 aquarum
1401 5319 1786 5412 divisionem,

200 5420 373 5480 quam
394 5411 548 5464 inter
572 5412 766 5466 Mosen
790 5416 845 5466 et
867 5425 1075 5480 magos
1101 5409 1373 5466 nonnulli
1393 5409 1616 5465 factum
1635 5425 1793 5464 som-

201 5479 431 5558 piantur
480 5483 590 5533 οὗθ’
646 5481 938 5544 ίνίσσοντος
980 5479 1219 5548 ’retinxi,
1269 5481 1438 5555 quod
1478 5486 1604 5537 erat
1641 5481 1786 5534 eaea

207 5565 437 5613 ισσοντος
448 5594 463 5608 .

272 5601 490 5694 (διγὺὶθ
507 5621 617 5680 hac
631 5625 953 5697 quaestione
973 5624 1258 5698 quaedam
1278 5624 1598 5696 attigerunt
1614 5601 1788 5681 vetus

1899 5351 2203 5392 sacrarum
2233 5333 2585 5391 Litterarum
2620 5334 2986 5403 scholiastes,
3026 5333 3446 5400 Theodoretus,
3481 5333 3548 5388 D.

1904 5407 2284 5479 Augustinus
2320 5406 2628 5479 Οιιωειῲη.
2671 5407 2734 5462 in
2784 5407 2976 5479 Exod.
3014 5407 3445 5479 Lippomanus,
3494 5411 3554 5461 et

1899 5477 2174 5560 liicolaus
2203 5495 2240 5534 a
2265 5477 2432 5560 Lyra.
2468 5478 2756 5560 Addetur,
2804 5479 2852 5534 si
2881 5477 3104 5560 placet,
3126 5477 3458 5560 hbenezra,
3494 5481 3552 5532 et

1907 5549 2192 5678 erLezi;
2236 5555 2294 5606 et
2315 5547 2472 5606 inter
2501 5550 2856 5608 recentiores
2885 5547 3248 5618 Menochius,
3292 5547 3553 5623 Clarius.

1907 5636 1932 5678 ο
2033 5636 2100 5678 ro
2127 5637 2243 5678 ius.

1899 5627 1958 5679 et
1983 5621 2243 5679 Grotius.
