4126 6190
382 279 483 339 283
1666 273 1753 337 PH
1761 275 1899 337 OTII
1945 275 2026 336 ΡΑ

2135 275 2429 338 ῘΑΒΟΗᾹΞ
2467 280 2581 340 CP.
3637 284 3740 345 284

383 407 710 462 Pharaonis
755 422 857 463 cor
883 407 1184 471 indurare,
1231 410 1412 480 quod,
1457 408 1603 464 dum
1650 408 2026 463 contumacia:

2145 405 2369 479 καρδίαν
2415 414 2618 480 Φαραὼ,
2667 410 2743 461 ὅτι
2785 409 3134 484 μακροθυμῶν
3182 410 3261 463 ἐπ’
3300 412 3440 483 αύτῷ
3487 416 3620 465 κατά
3655 417 3740 468 τὸν

382 501 647 566 tempore
673 511 809 551 eum
836 497 1126 568 patienter
1153 497 1552 567 exspectabat,
1587 505 1640 551 et
1668 512 1777 551 nec
1808 495 2027 568 ipsum,

379 599 489 639 nec
529 585 718 656 ipsius
750 591 986 655 gentem
1013 601 1177 658 aeque
1203 585 1568 656 pervicacem
1598 584 1867 640 funditus
1897 601 2031 656 per-

378 671 578 738 debat,
619 689 826 744 poenas
859 681 1060 732 autem
1102 672 1407 744 irrogabat
1460 673 1750 739 leniores;
1796 677 2028 729 tantam

377 761 430 816 ei
458 777 671 818 ansam
696 762 1080 835 superbiendi
1110 763 1447 835 praebuerit,
1481 767 1545 817 ut
1575 761 1864 817 mandata
1891 775 2026 817 con-

380 855 682 907 temneret.
704 854 852 908 Cum
875 852 1032 908 enim
1062 853 1152 907 ille
1180 857 1234 909 et
1263 851 1360 908 Dei
1380 851 1662 924 patientia
1678 851 2024 907 ocasionem

377 939 670 1010 augendae
710 957 831 997 sure
861 941 1280 998 obstinationis
1310 946 1367 997 et
1397 940 1691 997 vecordiae
1723 941 2023 1012 arriperet,

377 1045 413 1085 a
436 1029 552 1086 Deo
569 1029 778 1085 dicitur
795 1029 979 1085 fuisse
1000 1029 1332 1087 obduratus
1355 1047 1368 1097 ;
1389 1029 1634 1102 perinde
1656 1044 1726 1085 ac
1753 1029 1800 1084 si
1823 1029 2027 1084 divina

376 1118 694 1174 clementia
709 1120 1066 1190 pertinacem
1089 1119 1206 1191 ipsi
1227 1120 1519 1183 animum,
1541 1123 1599 1174 et
1619 1117 1919 1174 crudelem
1942 1117 2003 1172 in

375 1207 557 1273 deret,
592 1211 649 1264 et
679 1208 1135 1281 quodammodo
1165 1224 1328 1264 suam
1360 1207 1438 1263 ad
1470 1208 1582 1263 hoc
1611 1222 1858 1280 operam
1890 1221 2028 1263 cou-

373 1295 567 1351 ferret.

445 1386 512 1440 At
538 1383 698 1440 enim
734 1385 904 1441 istam
931 1383 1042 1441 loci
1073 1385 1251 1457 hujus
1282 1386 1828 1456 interpretationem
1862 1385 2028 1440 multi

373 1472 617 1545 quidem
647 1473 956 1530 inoﬁ‘ensis
988 1474 1238 1530 auribus
1266 1474 1585 1547 excipiunt,
1623 1489 1878 1546 eamque
1907 1489 2027 1529 ver-

372 1561 588 1617 borum
621 1561 1074 1634 explicationem
1097 1563 1181 1618 uti
1213 1564 1375 1635 piam
1411 1561 1886 1634 amplectuntur:
1917 1561 2029 1617 for-

373 1655 525 1706 tasse
558 1667 695 1708 vero
725 1652 786 1706 in
828 1652 984 1708 hanc
1021 1667 1146 1707 non
1176 1652 1421 1724 planam
1463 1651 1628 1707 dubii
1669 1650 2026 1707 solutionem

2141 501 2320 571 καιρόν
2368 505 2462 558 τῆς
2508 496 2782 568 ἀπειθείας,
2819 503 2906 550 καὶ
2951 501 3074 570 μήτ’
3120 500 3294 566 αὐτόν,
3345 507 3479 574 μήτε
3509 506 3567 554 τό
3602 505 3742 566 ἔθνος

2143 589 2544 648 συναπείθοντας
2621 587 2944 659 πανωλεθρίᾳ
3021 586 3378 660 παραδιδούς,
3458 590 3743 666 φιλανθρω-

2139 680 2350 747 πότερον
2413 673 2472 728 δὲ
2522 679 2612 736 τὰς
2674 682 2926 751 τιμωρίας
2989 676 3212 748 ἐπάγων,
3269 684 3536 750 παρέσχεν
3601 681 3742 751 αύτῷ

2137 761 2318 815 ἄδειαν
2390 765 2696 835 ὑπεροψίας,
2753 768 2886 818 ὥστε
2941 775 3037 817 τῶν
3091 773 3553 840 προσταττομένων
3607 769 3741 841 ὅλιγ-

2137 860 2301 926 ωρεῖν.
2339 857 2444 910 Τὴν
2482 855 2584 927 γὰρ
2634 863 2729 905 τοῦ
2770 861 2904 908 Θεοῦ
2943 858 3304 928 μακροθυμίαν
3346 857 3582 929 ἀφορμὴν
3614 857 3742 910 ἐκεῖ·

2135 961 2218 1000 νος
2274 945 2571 1013 ποιούμενος
2621 944 2852 1015 μείζονος
2903 944 3164 1008 ἀπειθείας
3200 965 3272 1009 τε,
3332 951 3419 998 καὶ
3467 945 3735 1012 ἀπονοίας,

2139 1030 2521 1104 σκληρυνθῆναι
2571 1031 2769 1102 λέγεται
2818 1036 2959 1106 παρά
3006 1041 3178 1086 Θεοῦ·
3215 1036 3301 1087 οἶα
3349 1032 3408 1087 δι
3453 1043 3548 1098 τῆς
3603 1038 3739 1098 θείας

2139 1118 2523 1191 φιλανθρωπίας
2547 1123 2604 1172 τό
2638 1120 2840 1183 ἀπειθες
2869 1122 3027 1191 αύτῷ,
3052 1128 3140 1175 καὶ
3169 1125 3538 1197 μισάνθρωπον
3568 1143 3739 1180 συνεν-

2140 1204 2415 1272 διδούσης,
2441 1215 2528 1262 καὶ
2556 1214 2742 1282 τρόπον
2767 1214 2881 1262 τινα
2913 1212 3434 1284 συγκατεργαξομένη
3447 1234 3485 1274 ς.

2209 1385 2363 1438 Ἀλλά
2416 1389 2516 1459 γὰρ
2566 1391 2757 1454 ταύτην
2805 1391 2898 1447 τὴν
2943 1386 3176 1461 ἐκδοχὴν
3221 1398 3312 1442 τοῦ
3351 1389 3507 1462 λόγου
3557 1391 3737 1444 πολλοὶ

2137 1477 2225 1546 μὲν
2280 1474 2405 1548 ἀδιοῇ⁸
2467 1475 2643 1548 ἀλύπῳ
2698 1473 3111 1549 προσδέχονται,
3158 1484 3251 1531 καὶ
3306 1482 3370 1541 ὡς
3424 1479 3740 1533 εὖσεϐοῡσαν

2137 1567 2576 1637 περιπτύσσονται
2627 1569 2720 1623 τὴν
2788 1575 2884 1618 τῶν
2945 1568 3192 1640 ῥημάτων
3259 1567 3538 1631 ἀνάπτυξιν
3574 1586 3588 1600 ⁸
3646 1568 3742 1620 ούκ

2139 1657 2351 1725 εὔπορον
2391 1650 2440 1705 δ’
2473 1656 2532 1705 άν
2573 1675 2650 1716 τις
2682 1657 2810 1717 ἴσως
2841 1654 3208 1729 ἀνθυποφέρειν
3240 1663 3529 1731 παρέχεται
3564 1657 3735 1709 λύσιν.

371 1739 671 1811 quispiam
698 1745 891 1811 potest
915 1740 1241 1809 insurgere.
1273 1742 1336 1795 Et
1363 1739 1607 1813 quidem
1631 1740 1786 1796 Deus
1821 1739 2026 1812 plagas

2144 1747 2241 1794 Kati
2297 1747 2399 1815 μὴν
2449 1744 2473 1794 ό
2522 1747 2647 1803 Θεὸς
2701 1745 2793 1805 τὰς
2847 1751 3096 1818 τιμωρίας
3147 1749 3357 1816 ἐπῆγεν,
3397 1746 3501 1817 ούχ
3551 1747 3633 1797 ἵνα
3680 1750 3738 1798 τό

373 1827 616 1899 Egypto
645 1844 767 1883 suae
799 1827 1128 1898 inﬂigebat,
1170 1845 1290 1885 non
1319 1834 1381 1884 ut
1409 1829 1706 1901 patientiae
1749 1845 1871 1885 suae
1902 1845 2031 1901 spe-

373 1916 568 1972 cimen
607 1916 920 1988 praeberet,
945 1916 1057 1972 sed
1092 1921 1153 1973 ut
1185 1917 1533 1983 Pharaonis,
1565 1917 1818 1989 ejusque
1859 1918 2029 1972 mini-

375 2009 615 2062 strorum
661 2007 1001 2062 retunderet
1052 2006 1332 2078 furorem,
1387 2012 1567 2079 atque
1612 2011 1677 2063 ut
1713 2006 2027 2063 intoleran-

373 2095 514 2151 dam
528 2095 863 2167 duramque
874 2093 1264 2152 Israelitarum
1280 2096 1649 2152 vexationem
1662 2097 2024 2168 reprimeret.

374 2186 574 2256 Neque
617 2187 770 2240 Deus
819 2185 932 2240 sibi
984 2189 1380 2257 proposuerat
1423 2185 1759 2258 Egyptiam
1790 2190 2027 2256 gentem

372 2279 652 2340 evertere,
679 2274 781 2328 sed
806 2289 1234 2343 aerumnarum,
1258 2279 1314 2330 et
1335 2274 1795 2346 castigationum
1817 2275 2029 2330 timore

373 2361 623 2433 efﬁcere,
660 2367 725 2418 ut
747 2362 848 2418 illa
869 2379 1012 2432 erga
1045 2363 1322 2418 Hebrteos
1350 2362 1790 2418 misericordior
1818 2363 2029 2418 huma-

374 2451 627 2523 niorque
657 2452 837 2517 ﬁeret,
867 2457 1044 2524 atque
1075 2451 1151 2507 ad
1179 2467 1278 2507 eos
1310 2469 1345 2508 a
1375 2452 1674 2520 servitute,
1707 2457 1764 2507 et
1787 2452 2029 2508 caiami.

374 2539 835 2596 tateliberandos
851 2539 1101 2603 facilius,
1130 2540 1604 2613 clementiusque
1625 2540 2025 2597 induceretur.

374 2631 500 2684 Non
535 2644 676 2697 ergo
705 2628 833 2683 haec
859 2629 918 2683 in
950 2629 1188 2684 exordio
1217 2629 1504 2685 orationis
1536 2629 1715 2686 allata
1739 2629 2029 2703 interpre-

374 2716 518 2773 tatio
543 2716 676 2773 loco
703 2717 1007 2789 proposito
1029 2718 1307 2788 quadrat,
1333 2734 1526 2790 neque
1552 2718 1868 2774 verborum
1897 2736 2026 2774 sen-

373 2822 508 2862 sum
550 2822 663 2862 acu
700 2811 956 2877 tangens
1003 2807 1424 2864 inconcussam
1469 2807 1697 2864 obtinet
1740 2809 2028 2866 stabilita-

373 2898 490 2951 tem
516 2895 653 2967 (20).

444 2988 514 3040 At
529 2983 644 3040 dici
667 2984 896 3056 nequit,
919 2984 1084 3058 quod
1107 2984 1356 3041 rectiore
1374 2985 1598 3056 judicio
1621 2985 2022 3056 indigeamus,

374 3073 423 3128 si
450 3072 630 3129 illud:
672 3096 700 3123 «
733 3075 852 3145 Ego
892 3074 1192 3131 indurabo
1224 3091 1319 3130 cor
1351 3075 1698 3140 Pharaonis,
1735 3077 2026 3148 interpre-

373 3166 568 3219 temur
595 3162 706 3219 hoc
731 3169 908 3236 pacto
941 3185 953 3219 :
985 3180 1090 3220 cor
1113 3165 1240 3234 jam
1281 3164 1523 3232 durum,
1565 3173 1741 3236 atque
1775 3166 2024 3221 indomi-

374 3256 501 3306 tum
540 3268 649 3322 ego
708 3254 898 3324 magis
942 3253 1319 3326 patefaciam,
1366 3254 1477 3309 isto
1525 3254 1682 3310 afﬁci
1739 3255 1898 3323 vitio,
1969 3259 2025 3311 et

372 3355 567 3411 neque
599 3346 786 3398 morte
817 3357 1010 3414 neque
1039 3342 1335 3415 suppliciis
1357 3343 1812 3399 imminentibus
1842 3346 2027 3401 emol-

372 3426 484 3484 liri.
511 3449 538 3479 »
585 3430 899 3486 Enimvero
940 3431 1153 3487 duritia
1181 3431 1374 3487 cordis
1424 3432 1751 3488 Pharaonis
1786 3439 2024 3490 cmtero~

373 3532 650 3589 rumque,
677 3520 780 3591 qui
819 3520 947 3590 ejus
979 3519 1247 3576 animum
1288 3520 1549 3577 aemulati
1589 3522 2023 3579 humanitatem

374 3622 512 3663 cum
560 3606 784 3664 feritate
832 3613 1300 3678 commutarunt,
1351 3609 1635 3665 omnibus
1683 3616 1922 3668 ostensa
1971 3617 2027 3667 et

372 3696 724 3754 denuntiata
767 3703 886 3764 est;
933 3699 1080 3754 dum
1121 3714 1193 3754 ne
1241 3702 1412 3755 tantae
1446 3698 1713 3771 quidem,
1758 3699 2026 3773 talesque

372 3785 744 3843 calamitates
807 3786 1091 3844 duritiam
1155 3803 1382 3855 eorum,
1443 3794 1498 3844 et
1545 3787 2024 3847 obﬁrmationem

373 3875 658 3944 emollire,
673 3881 850 3948 atque
863 3877 1282 3933 obcaecationis
1295 3878 1415 3933 vim
1438 3877 1666 3933 solvere
1681 3883 2021 3950 potuerunt.

372 3966 563 4037 Atque
601 3965 958 4037 priusquam
1001 3965 1221 4022 saevitia
1261 3972 1316 4022 et
1355 3966 1788 4024 inhumanitate
1833 3983 2022 4024 exce-

371 4058 605 4110 caretur
636 4055 958 4111 Pharaonis
989 4055 1240 4120 animus,
1276 4055 1520 4127 patebat
1553 4056 1819 4128 quidem,
1859 4058 2024 4130 quod

374 4143 451 4199 ad
493 4142 858 4200 induendam
889 4144 1266 4200 clementiam
1299 4159 1418 4200 non
1458 4145 1882 4214 induceretur;
1919 4147 2024 4204 sed

369 4238 566 4287 tamen
632 4247 750 4288 non
816 4230 1068 4304 patebat,
1139 4232 1304 4304 quod
1373 4232 1523 4288 adeo
1592 4231 1800 4303 durus,
1872 4233 2024 4290 adeo

373 4320 688 4393 superbus,
723 4326 780 4376 et
819 4322 971 4378 adeo
1013 4321 1347 4377 inﬂexibilis
1380 4327 1565 4378 esset:
1602 4338 1795 4395 neque
1827 4324 1875 4378 is
1907 4323 2025 4380 ullo

2137 1834 2472 1904 μακρόθυμον
2520 1833 2677 1885 αὐτοῦ
2721 1842 2988 1906 παραστῇ,
3038 1832 3144 1885 ἀλλ’
3179 1836 3262 1887 ἵνα
3291 1840 3384 1893 τὴν
3428 1843 3519 1888 τοῦ
3551 1841 3737 1908 Φαραὼ

2138 1925 2226 1972 καὶ
2268 1929 2367 1972 τῶν
2419 1922 2739 1994 θεραπόντων
2789 1922 2947 1974 αὐτοῦ
2990 1924 3190 1996 θραύση
3239 1928 3450 1996 μανίαν,
3499 1929 3589 1976 καὶ
3643 1928 3738 1982 τήν

2139 2012 2366 2081 ἄσχετον
2398 2014 2531 2064 κατά
2558 2019 2655 2064 τῶν
2695 2011 3058 2084 Ἰσραηλιτῶν,
3100 2017 3188 2064 καὶ
3227 2015 3415 2086 πικρὰν
3461 2011 3736 2086 ἀναστείλη

2138 2105 2453 2171 κακουχίαν.
2499 2096 2640 2152 Ούδε
2682 2103 3066 2173 προηγούμενον
3124 2098 3185 2159 ἦν
3223 2110 3295 2172 τῷ
3342 2109 3457 2172 Θεῷ
3494 2105 3551 2154 τό
3584 2101 3742 2173 Αἰγύ-

2138 2207 2286 2240 πτιον
2331 2188 2698 2241 καταναλῶσαι
2741 2193 2902 2260 γένος,
2963 2189 3088 2242 ἀλλά
3131 2209 3202 2261 τῳ
3257 2189 3394 2262 φόϐῳ
3444 2199 3542 2242 τῶν
3581 2209 3742 2262 τιμω-

2137 2285 2281 2349 ριῶν,
2346 2283 2432 2330 καὶ
2487 2277 2740 2339 κολάσεως
2809 2281 3252 2354 συμπαθέστερόν,
3316 2285 3405 2331 καὶ
3459 2278 3742 2353 φιλανθρω-

2138 2370 2349 2438 πότερον
2395 2368 2798 2438 παρασκευάσαι
2843 2363 3177 2420 διατίθεσθαι
3220 2371 3349 2439 πρός
3381 2371 3466 2419 τὸν
3503 2367 3740 2440 Ἰσραὴλ,

2138 2460 2226 2506 καὶ
2275 2463 2367 2516 τῆς
2422 2455 2793 2527 αἰχμαλωσίας
2843 2456 3019 2519 αὐτοῦ,
3054 2461 3143 2509 καὶ
3182 2456 3536 2529 ταλαιπωρίας
3581 2454 3742 2507 ἀπαλ-

2136 2543 2301 2612 λαγὴν
2385 2545 2766 2618 εὐπειθέστερον
2832 2545 3025 2610 αὐτοῖς,
3103 2551 3192 2597 καὶ
3267 2545 3743 2619 φιλανθρωπότερον

2140 2629 2411 2694 δέξασθαι.
2457 2633 2657 2685 Ούκούν
2697 2636 2722 2685 ό
2775 2633 2828 2696 ἐξ
2877 2633 3051 2707 ἀρχῆς
3084 2643 3180 2696 τῆς
3214 2633 3538 2697 ἀναπτύξεως
3592 2633 3743 2704 λόγος

2138 2725 2230 2778 τὴν
2274 2721 2466 2772 οἰκείαν
2518 2721 2764 2794 λαμϐάνει
2816 2722 2981 2789 τάξιν,
3038 2728 3126 2776 καὶ
3167 2726 3222 2775 τό
3285 2723 3452 2784 καλῶς
3510 2722 3740 2793 ἐστοχάο

2141 2811 2264 2861 σθαι
2314 2817 2404 2872 τῆς
2459 2817 2557 2861 τῶν
2603 2811 2772 2884 ῥητῶν
2832 2808 3067 2872 διανοίας
3116 2810 3471 2870 ἀναπόϐλητον
3524 2815 3636 2884 ἔχει
3680 2815 3739 2864 τό

2137 2896 2524 2971 ἀπερίτρεπτον.

2208 2989 2317 3040 Οὐκ
2365 2988 2424 3038 ἆν
2483 2984 2542 3040 δι
2589 2988 2750 3059 λέγειν
2795 2992 2870 3047 εἴη
2916 2993 3131 3063 κρίσεως
3180 2989 3335 3063 ὀρθῆς
3389 2986 3731 3061 ἐνδεέστερον,

2056 3083 2097 3139 C
2135 3080 2203 3139 ὡς
2233 3083 2311 3144 τό,
2353 3099 2381 3128 u
2410 3077 2542 3146 Ἐγὼ
2589 3077 2859 3150 σκληρννῶ
2895 3082 2987 3136 τήν
3035 3074 3261 3152 καρδίαν
3307 3083 3515 3153 Φαραὼ,
3548 3099 3575 3131 ι)
3619 3077 3736 3131 ἀντὶ

2134 3176 2224 3220 τοῦ
2255 3186 2265 3196 ·
2301 3167 2530 3240 Σκληράν
2578 3163 2757 3232 οὖσαν,
2806 3172 2894 3219 καὶ
2938 3167 3248 3240 ἀτεράμονα,
3296 3167 3486 3239 μᾶλλον
3534 3165 3738 3220 ἐπιδεί-

2136 3256 2204 3319 ξω
2237 3263 2388 3308 τοῦτο
2429 3257 2769 3326 πάσχουσαν,
2811 3261 2899 3307 καὶ
2942 3261 3072 3319 μήτε
3118 3259 3360 3320 θανάτου,
3401 3260 3533 3329 μήτε
3576 3277 3737 3329 τιμω·

2133 3354 2257 3420 ριών
2332 3349 2596 3420 παρουσίᾳ
2662 3344 3086 3417 μαλασσομένην.
3155 3350 3256 3398 Καὶ
3318 3349 3418 3419 γὰρ
3488 3341 3738 3408 ἐπίδηλος

2135 3434 2322 3508 μᾶλλον
2373 3435 2402 3491 ἡ
2458 3433 2740 3505 σκληρότης
2791 3441 2880 3494 τῆς
2930 3431 3316 3506 Φαραωνίτιδος
3357 3431 3605 3508 καρδίας,
3648 3441 3738 3489 καὶ

2137 3533 2255 3592 τῶν,
2315 3525 2428 3575 ὅσοι
2485 3525 2612 3597 πρὸς
2655 3527 2746 3581 τήν
2801 3523 2960 3574 αὐτοῦ
3015 3528 3228 3595 γνώμην
3279 3523 3621 3596 ἁμιλλώμενοι
3679 3529 3740 3574 τὸ

2138 3613 2453 3686 ἀνθρώπινον
2543 3611 2938 3684 ἀπεθηριοῡντο,
3013 3619 3174 3664 πᾶσιν
3249 3608 3556 3684 ἐπεδείχθη,
3647 3617 3739 3664 καὶ

2138 3701 2423 3771 διηγγέλθη
2457 3719 2468 3732 ·
2524 3700 2613 3751 οἶτε
2671 3696 2730 3752 δε
2789 3703 2920 3773 μήτε
2967 3709 3064 3752 τῶν
3111 3703 3393 3771 τοσούτων,
3456 3705 3540 3751 καὶ
3598 3700 3744 3757 τηλι-

2135 3795 2331 3844 κούτων
2381 3799 2479 3841 τῶν
2527 3788 2736 3860 πληγῶν
2800 3792 2856 3841 τό
2913 3788 3136 3861 σκληρόν
3195 3793 3384 3854 αὐτῶν,
3424 3794 3512 3841 καὶ
3555 3787 3742 3862 ἀτέρα⁹

2136 3901 2257 3954 μνον
2338 3878 2796 3950 ύπομαλαξάντων,
2898 3884 3024 3950 μήτε
3112 3887 3208 3940 τῆς
3302 3884 3594 3953 πωρώσεως
3682 3882 3742 3930 τό

2136 3969 2356 4042 ἀκμαῖον
2404 3967 2854 4039 ύπεκλυσαμένων.
2915 3972 3014 4020 Καὶ
3059 3974 3180 4039 πρὶν
3230 3975 3290 4038 τῇ
3339 3967 3593 4039 ὠμότητι,
3651 3973 3744 4020 καὶ

2135 4060 2507 4132 μισανθρωπία
2570 4056 2895 4130 ίπεπὼρωτο,
2957 4055 3366 4128 μεταϐάλλεσθαι
3417 4057 3475 4109 ού
3534 4075 3749 4128 προσιε-

2135 4153 2257 4222 μένη
2303 4150 2430 4220 πρὸς
2474 4148 2791 4219 ἡμερότητα,
2847 4144 2974 4197 ἀλλά
3017 4146 3106 4198 οὖν
3159 4146 3264 4218 ούχ
3323 4146 3487 4208 οὕτως
3535 4144 3745 4220 ἐγνωρί-

2140 4241 2252 4300 ζετο
2297 4236 2517 4308 σκληρὰ,
2564 4240 2653 4287 καὶ
2694 4231 2953 4300 αὐθάδης,
3001 4239 3090 4287 καὶ
3133 4233 3428 4307 ἀμείλικτος
3468 4235 3497 4292 ἡ
3534 4239 3749 4307 Φαραω-

2135 4335 2264 4388 νῐτις
2311 4323 2464 4396 χυψή
2496 4341 2507 4353 ’
2543 4320 2666 4376 ούδε
2713 4331 2811 4376 τῶν
2851 4323 3015 4376 ἄλλων
3062 4319 3237 4376 οὐδενὶ
3283 4324 3418 4376 οὕτω
3477 4330 3608 4375 πᾶσι
3663 4321 3748 4376 δι-

369 4409 710 4468 facinorum
740 4427 986 4468 suorum
1009 4411 1091 4466 sic
1121 4411 1397 4467 omnibus
1424 4411 1696 4483 innotuit,
1725 4416 1779 4469 et
1805 4413 2026 4470 indele-

2138 4413 2397 4475 εϐεϐόητο,
2454 4417 2542 4464 καὶ
2602 4411 2946 4471 ἀνεστηλοῡτο
2994 4417 3121 4485 πρός
3177 4411 3428 4486 θρίαμϐον
3494 4409 3747 4474 ἀνεξάλει-

369 4498 488 4556 bile
539 4500 650 4555 sibi
695 4507 1155 4557 monumentum
1208 4505 1611 4573 comparavit;
1667 4506 1728 4556 ut
1778 4504 2026 4574 quando

372 4603 478 4660 per
536 4588 900 4647 incredibilia
952 4590 1230 4663 prodigia
1287 4589 1644 4661 flagellatus,
1698 4593 1758 4648 in
1814 4593 2026 4652 eadem

368 4684 572 4734 tamen
602 4679 991 4748 immanitate,
1018 4683 1074 4735 et
1093 4679 1257 4736 rabie
1285 4678 1471 4736 ferina
1496 4681 1846 4754 permansit.

448 4767 507 4822 Si
537 4767 673 4839 quis
722 4773 919 4824 autem
976 4767 1216 4840 planius
1267 4785 1503 4842 quoque
1545 4770 1685 4826 velit
1727 4787 1799 4828 ea
1841 4771 2028 4827 verba

374 4854 766 4928 interpretari,
806 4861 863 4913 et
893 4857 1076 4912 illud:
1112 4878 1136 4908 ι
1182 4860 1301 4930 Ego
1336 4859 1634 4916 indurabo
1668 4881 1696 4912 »
1735 4859 2028 4930 intelligat

375 4960 484 5018 pro
517 4965 545 4997 α
567 4960 678 5018 ego
704 4945 898 5003 sinam
924 4951 981 5002 et
1000 4947 1338 5019 permittam
1367 4948 1585 5004 durum
1618 4947 1742 5005 ﬁeri
1767 4965 1780 5015 ;
1821 4971 1839 4998 ι
1872 4956 2026 5005 certe

373 5034 620 5107 quidem
641 5051 677 5091 a
705 5034 982 5105 religiosa
1005 5036 1309 5107 cogitandi
1339 5038 1566 5094 ratione
1594 5053 1791 5110 neque
1821 5038 2026 5094 isthaac

376 5124 790 5183 commentatio
815 5124 1130 5184 aberrarit:
1159 5141 1282 5183 non
1303 5127 1645 5199 aggreditur
1666 5132 1864 5185 autem
1888 5142 2026 5200 pro-

2136 4525 2261 4557 πτον
2291 4525 2301 4536 ·
2335 4506 2399 4563 ὡς
2437 4510 2547 4563 τοῖς
2599 4505 2740 4575 παρά
2792 4501 2956 4564 δόξης
3012 4504 3176 4575 ἔργοις
3225 4502 3606 4574 μαστιζομένη,
3657 4505 3748 4552 καὶ

2139 4593 2221 4646 ἐπὶ
2252 4602 2342 4653 τῆς
2373 4591 2530 4652 αὐτῆς
2568 4590 2910 4666 ἀγριότητος,
2944 4596 3031 4643 καὶ
3075 4587 3366 4665 θηριώδους
3410 4592 3571 4663 ὁρμῆς
3619 4585 3748 4641 δια-

2137 4686 2386 4755 μένουσα.

2208 4770 2269 4823 Εἰ
2331 4767 2390 4823 δέ
2448 4789 2525 4832 τις
2585 4773 2675 4821 καὶ
2723 4768 3069 4842 ἁπλούστερον
3123 4768 3284 4821 ἐθέλοι
3330 4766 3633 4841 μεταλαϐεῖν
3687 4770 3747 4820 τὸ

2135 4860 2328 4932 λόγιον,
2362 4865 2450 4912 καὶ
2480 4863 2536 4911 τό
2558 4879 2569 4890 ·
2605 4882 2624 4908 ε
2658 4860 2790 4930 Ἐγὼ
2825 4857 3116 4931 σκληρυνῶ,
3149 4879 3176 4906 ››
3208 4856 3318 4910 ἀντὶ
3345 4865 3456 4926 τοῦ,
3494 4877 3522 4908 (ι
3555 4858 3748 4924 Ἐάσω,

2138 4954 2225 5001 καὶ
2293 4953 2672 5023 παραχωρήσω
2740 4947 2968 5021 σκληρὰν
3039 4949 3306 5021 γενέσθαι,
3379 4952 3597 5005 νοιόσει⁸
3653 4954 3752 5008 τῆς

2137 5042 2228 5112 μεν
2281 5036 2591 5098 εύσεϐούσης
2645 5033 2802 5099 δόξης
2827 5033 2946 5088 οὐδ’
2987 5035 3190 5098 οὗτοςό
3235 5035 3388 5107 λόγος
3429 5033 3707 5093 διέστηκεν
3735 5053 3748 5066 ·

2136 5137 2226 5189 τῆς
2271 5125 2550 5199 μεταϐολῆς
2599 5122 2658 5179 δι
2692 5134 2790 5179 τῶν
2837 5125 3085 5200 ῥημάτων
3125 5124 3219 5177 οὐκ
3263 5120 3582 5186 ἰδιάζουσαν
3635 5126 3752 5196 ἔχει

1959 5308 2184 5366 ΝΟΤιΕ.

447 5482 563 5572 (ζμ)
590 5489 659 5542 At
686 5483 863 5569 istam
883 5500 997 5558 ego
1016 5482 1569 5572 interpretationem
1592 5483 2001 5572 minimedam
2018 5520 2034 5531 -

361 5560 591 5637 .narim,
615 5560 838 5688 quippe
861 5575 994 5631 quas
1011 5560 1272 5616 fautores
1292 5560 1473 5617 habet
1494 5562 1997 5641 prteclarissimos
2020 5580 2033 5628 ς

376 5629 683 5701 Origenem
803 5631 936 5688 iloc.
966 5648 1015 5689 c.
1045 5632 1132 5701 20,
1161 5632 1615 5700 Theodoretum,
1648 5650 1714 5690 ιη
1741 5631 1923 5706 Epist.
1958 5633 2041 5690 ad

376 5627 683 5701 Origenein

2139 5481 2312 5561 Rom.
2340 5500 2413 5552 ix.
2469 5483 2569 5561 t7;
2599 5503 2668 5548 ac
2718 5483 3025 5556 Basiliam,
3073 5484 3277 5548 Schol.
3341 5490 3405 5547 in
3442 5484 3634 5561 Epist,
3677 5482 3760 5547 ad

2149 5560 2313 5616 Rom.
2343 5576 2418 5625 ix,
2453 5560 2543 5615 28.
