3950 6180
509 239 611 295 287
1730 234 1965 296 PHOTII
2011 230 2491 297 PATRIARCHE
2529 232 2637 296 (ΖΡ.
3682 253 3764 309 288

510 365 693 421 modo
717 365 892 421 detur
920 366 1018 421 tibi
1052 366 1473 438 compescendi
1494 368 1685 438 copia,
1719 367 1915 439 ipsum
1950 383 2154 422 avoca.

2273 366 2432 428 λοὶίοις
2489 364 2748 418 ἐπιϐάλλει
2782 383 2795 397 ·
2848 364 2957 429 ἰξόν
3023 384 3107 418 σοι
3144 368 3349 435 παύειν,
3404 363 3661 424 ἀναστειλον.
3696 374 3771 429 ’Δν

510 454 677 519 Quod
714 454 760 509 si
800 470 938 509 eum
977 455 1034 510 in
1077 454 1219 510 vitia
1258 455 1646 526 praecipitem,
1686 471 1878 527 neque
1920 471 2154 524 avoces,

507 559 702 616 neque
740 544 1021 609 retrahas,
1064 560 1260 616 neque
1306 560 1600 612 coerceas,
1650 560 1771 599 non
1815 544 2011 600 minus
2071 550 2157 599 est

508 649 661 705 opus
692 637 879 703 tuum,
912 648 1093 705 quam
1125 633 1295 697 illius,
1337 634 1439 705 qui
1465 634 1524 689 in
1554 638 1797 704 peccata
1838 632 2157 705 prolapsus

509 726 617 778 est.
653 726 736 777 Ita
774 722 875 793 qui
910 726 1099 793 potest
1122 722 1373 779 crimina
1410 722 1721 793 impedire,
1755 736 1875 777 non
1907 722 2157 793 impedit

507 815 729 876 autem,
785 811 836 866 is
890 811 1208 866 criminum
1254 812 1539 883 patratori
1597 811 1905 883 cooperari
1946 811 2156 867 merito

506 900 820 957 diceretur.

579 989 693 1045 Illis
723 994 923 1045 autem
954 988 1237 1061 loquendi
1268 988 1485 1060 modis,
1520 1004 1665 1061 quos
1695 988 1979 1045 adhibere
2011 988 2159 1046 sole-

508 1095 642 1134 mus
680 1078 754 1134 de
806 1078 981 1134 nobis
1037 1078 1218 1134 verba
1270 1076 1571 1145 facientes,
1630 1079 1705 1134 de
1748 1079 1867 1134 Deo
1914 1094 2155 1151 quoque

506 1167 814 1240 loquentes
854 1167 1118 1223 similiter
1157 1167 1260 1232 uti,
1302 1183 1689 1241 nequaquam
1738 1168 1951 1240 poterit
1990 1168 2155 1240 inop-

506 1261 829 1329 portunum
878 1272 1028 1322 esse,
1066 1262 1171 1313 aut
1228 1258 1427 1313 minus
1485 1264 1974 1314 consentaneum.
2030 1258 2156 1313 Imo

509 1360 663 1417 saepe
692 1345 937 1418 quidem
980 1346 1179 1413 Graeci,
1216 1362 1373 1419 saepe
1404 1352 1605 1403 autem
1637 1346 1807 1402 solita
1848 1361 2156 1402 sacrarum

504 1432 855 1490 Litterarum
879 1434 1135 1491 elocutio
1164 1435 1248 1489 sic
1278 1450 1457 1491 voces
1482 1440 1775 1506 usurpant
1801 1450 1817 1501 ;
1843 1440 1898 1490 et
1927 1434 2157 1505 quidem

503 1509 566 1581 in
626 1523 916 1579 sexcentis
973 1522 1138 1587 locis,
1188 1523 1289 1579 ubi
1337 1528 1502 1579 tanta
1551 1530 1607 1578 et
1645 1522 1956 1577 diversitas
2013 1522 2160 1577 divi-

504 1630 718 1669 narum
772 1628 972 1667 rerum
1011 1612 1089 1668 ab
1144 1611 1447 1677 humanis,
1511 1619 1571 1667 ut
1620 1629 1725 1667 nec
1784 1612 2157 1683 comparatio

2269 452 2326 510 δὲ
2364 460 2434 527 μη
2486 454 2805 525 ἀναστείλης,
2838 451 2976 526 μηδὲ
3024 453 3294 527 μεθελκης,
3345 451 3473 525 μηδὲ
3515 456 3669 531 inim;
3709 482 3777 533 γε.

2264 549 2495 617 ρόμενον,
2548 539 2698 596 οὐδεν
2739 543 2945 595 {mnos
2973 547 3030 595 τὸ
3066 546 3215 616 ἔργον
3265 546 3376 607 σὸν,
3421 545 3446 603 ἡ
3494 554 3570 597 τοῦ
3610 546 3783 617 ἐμϐςςη-

2264 637 2414 693 κότος
2443 640 2545 693 τοίς
2575 637 2986 705 παραπτώμασι.
3034 632 3215 692 Οὕτως
3262 633 3288 683 ὀ
3338 628 3592 705 δυνάμενος
3623 634 3783 708 ἐπέχειν

2262 724 2330 773 τὰ
2360 723 2550 785 ἄτοπα,
2583 726 2655 793 μὴ
2726 719 2928 791 ἐπέχων
2976 717 3055 787 δι,
3104 719 3294 791 λέγοιτ’
3335 718 3395 771 ἂν
3439 721 3574 783 αὐτὸς
3618 732 3676 793 τῷ
3712 735 3787 777 τῶν

2265 808 2463 863 ἀτόπων
2492 808 2683 882 ἐργάτῃ
2719 810 3257 883 συγκατεργάζεσθαι.

2338 990 2465 1042 Ἀπὸ
2509 984 2567 1041 δι
2622 996 2719 1039 τῶν
2759 990 2879 1062 παρ’
2949 988 3072 1058 ἡμῖν
3134 988 3367 1048 συνήθως
3416 986 3681 1059 λεγομένων,
3725 994 3793 1041 καὶ

2265 1082 2382 1151 περὶ
2414 1085 2547 1131 Θεοῦ
2587 1085 2647 1148 τῇ
2706 1076 2836 1139 λέξει
2880 1076 3263 1149 παραπλησίως
3313 1078 3613 1149 κεχρῆσθαι,
3644 1076 3722 1129 οὐκ
3752 1078 3797 1129 ἂν
3876 1072 3882 1079 ”

2266 1172 2341 1226 εἵη
2394 1164 2675 1242 δυσχερὲς,
2726 1164 2840 1218 οὐδ’
2898 1164 3264 1223 ἀνακόλουθον.
3332 1164 3477 1219 Ἀλλά
3530 1171 3609 1219 καὶ
3668 1166 3795 1225 πολλή

2265 1261 2354 1329 μεν
2403 1259 2431 1315 ἠ
2463 1255 2637 1318 Ἐλλάς
2694 1256 2828 1308 οὕτω
2864 1263 2979 1318 ταῖς
3031 1263 3217 1327 φωναῖς
3248 1253 3593 1328 ἀποκέχρηται
3616 1272 3627 1284 ³
3671 1254 3798 1313 πολλή

2268 1344 2326 1399 δι
2354 1355 2449 1398 τῶν
2490 1348 2632 1419 ἱερῶν
2665 1348 2807 1416 ἡμῶν
2844 1350 3047 1416 Λογίων
3079 1348 3107 1403 η
3146 1346 3395 1403 συνήθεια
3425 1363 3437 1374 ·
3487 1349 3569 1397 καὶ
3616 1348 3666 1397 τό
3708 1345 3802 1415 (38)

2266 1441 2469 1508 μυρίοις
2516 1437 2653 1495 ὅσοις
2706 1433 2754 1486 ἐν
2810 1442 2883 1505 τῷ
2942 1435 3242 1507 ἀσυγκρίτῳ
3299 1439 3389 1486 καὶ
3441 1433 3664 1505 ὑπερφυεῖ
3706 1438 3806 1506 πρὸς

2266 1528 2329 1577 τὰ
2377 1522 2673 1595 ἀνθρώπινα
2719 1533 2809 1583 τῆς
2857 1520 3109 1597 διαφορᾶς
3142 1524 3257 1595 (τήν
3309 1542 3361 1575 τε
3412 1524 3541 1575 θείαν
3580 1521 3805 1593 βούλησιν,

2266 1619 2355 1666 καὶ
2407 1619 2499 1671 τὴν
2554 1609 2794 1685 δύναμιν,
2836 1616 2925 1664 καὶ
2975 1618 3066 1670 τὴν
3107 1609 3367 1675 εὐδοκίαν,
3406 1616 3492 1664 καὶ
3532 1614 3592 1663 τὰ
3625 1612 3805 1681 ὃμοια)·

505 1702 749 1766 institui,
768 1717 877 1756 nec
908 1702 1062 1756 intra
1084 1707 1308 1757 naturae
1333 1702 1618 1757 terminos
1645 1700 1921 1757 concludi
1954 1706 2154 1772 posset

2273 1703 2325 1756 οὐ
2369 1707 2521 1774 μόνον
2574 1698 2723 1754 οὐδὲν
2780 1705 2909 1775 πρὸς
2957 1706 3049 1760 τὴν
3106 1700 3395 1773 μετάληψιν
3446 1708 3539 1752 τῶν
3582 1700 3811 1772 εἰρημένων

506 1790 751 1863 (scilicet
768 1790 969 1862 quoad
1002 1790 1266 1845 divinam
1299 1790 1686 1861 voluntatem,
1722 1796 1777 1845 et
1807 1790 2151 1862 potentiam,

506 1888 562 1937 et
588 1878 1051 1951 beneplacitum,
1084 1883 1367 1935 etcaatera
1396 1879 1788 1951 hujusmodi),
1822 1894 1942 1935 non
1975 1879 2155 1933 modo

505 1968 953 2042 propositorum
974 1969 1287 2024 verborum
1314 1968 1621 2040 metalepsi
1640 1983 2021 2040 nequaquam
2052 1968 2156 2022 ad-

506 2063 813 2114 versantur
854 2073 868 2123 ;
911 2073 1115 2113 verum
1141 2058 1317 2113 etiam
1359 2057 1553 2130 ipsam
1581 2063 1921 2129 susceptam
1957 2056 2154 2128 potius

504 2146 883 2203 conﬁrmant.
908 2146 965 2201 In
998 2145 1218 2219 quibus
1256 2148 1416 2202 enim
1447 2147 1737 2212 voluntas,
1781 2152 1839 2201 et
1866 2145 2149 2217 potentia,

504 2241 559 2292 et
598 2234 1040 2308 beneplacitum
1102 2236 1407 2308 propriam
1445 2236 1853 2308 operationem
1905 2235 2152 2291 omnino

2265 1793 2511 1863 ῥημάτων
2572 1789 2982 1861 ἀντιφθέγγεται,
3040 1789 3167 1841 ἀλλά
3223 1795 3312 1842 καὶ
3365 1788 3549 1861 μᾶλλον
3595 1806 3812 1858 συγκατα-

2269 1880 2510 1941 σκευάζει
2562 1883 2655 1937 τὴν
2708 1878 3060 1954 ἐπιχείρησιν.
3104 1879 3182 1932 Ἐν
3237 1879 3309 1938 οἷς
3352 1881 3455 1951 γὰρ
3507 1879 3535 1936 ἡ
3588 1875 3816 1949 βούλησις,

2266 1975 2356 2021 καὶ
2410 1972 2438 2028 ἡ
2493 1965 2735 2040 δύναμις,
2768 1972 2858 2020 καὶ
2902 1969 2931 2025 ἡ
2976 1964 3193 2021 εὐδοκία
3221 1962 3643 2039 ἀπαραπόδιστον
3670 1982 3814 2017 παντε-

2265 2058 2365 2120 λῶς
2403 2062 2495 2115 τὴν
2548 2057 2738 2109 οἰκείαν
2794 2055 3042 2129 ἐνέργειαν
3093 2054 3463 2129 προϐάλλεται,
3524 2053 3667 2125 ἐγγὺς
3716 2054 3819 2125 ἱερο-

2266 2146 2446 2218 λογίας
2477 2147 2606 2198 εἶναι
2632 2150 2724 2204 τὴν
2764 2144 3034 2220 εἰρημένην
3067 2154 3163 2197 τῶν
3194 2143 3459 2215 ὀνομάτων
3494 2149 3819 2215 τεκμηριοῡται

2269 2237 2563 2309 μετάθεσιν.

504 2325 755 2381 liberam
794 2325 966 2390 elicit,
1008 2325 1339 2381 secundum
1379 2325 1780 2395 theologicam
1809 2323 2098 2395 loquendi
2139 2326 2424 2385 rationem
2465 2322 2748 2395 praedicta
2786 2322 3101 2377 nominum
3142 2322 3504 2394 permutatio
3541 2336 3660 2377 esse
3693 2333 3822 2373 com-

504 2414 813 2487 probatur.

578 2508 644 2557 At
693 2502 854 2558 enim
905 2507 961 2558 et
1024 2503 1135 2559 ista
1174 2504 1250 2559 ad
1290 2503 1695 2560 exhibendam
1733 2506 2151 2566 elementarem

504 2592 853 2664 quaestionis
876 2591 1307 2647 disscusionem
1338 2592 1442 2648 tibi
1473 2593 1772 2651 sufﬁciunt
1803 2596 1935 2667 (39).

507 2680 819 2746 QUES'I'IO
859 2680 1000 2734 XLII
1046 2679 1253 2753 [CoisL
1303 2682 1485 2736 Taur.
1529 2684 1657 2748 XLI,
1686 2684 1886 2741 Scotto
1926 2688 2148 2762 XLIII].

509 2770 800 2843 Quomodo
811 2770 1266 2843 intelligendum
1294 2778 1375 2826 es!
1395 2771 1569 2836 illud,
1597 2774 1752 2843 quod
1762 2774 1945 2831 Isaias
1962 2776 2154 2832 divino

576 2842 802 2923 ,βρὺῖιιιε
831 2842 1079 2923 afﬂatus
1102 2843 1513 2923 pronuntiavit
1548 2860 1560 2898 :
1595 2842 1625 2899 ἀ
1660 2846 1744 2901 Τιι
1774 2847 1965 2903 iratus
1991 2864 2066 2915 es,
2098 2855 2151 2905 et
2188 2907 2224 2923 Π

578 2913 725 2984 (nos)
742 2912 1117 2982 peccavimus
1146 2913 1194 2947 ³⁸
1221 2914 1243 2967 ?
1271 2933 1299 2963 ι»

2335 2503 2491 2557 Ἀλλὰ
2526 2504 2627 2576 γὰρ
2662 2502 2812 2553 ἱκανά
2842 2519 2929 2553 σοι
2966 2503 3057 2551 καὶ
3090 2507 3256 2553 ταῦτα
3285 2506 3382 2559 τὴν
3418 2494 3721 2573 στοιχειώδη
3755 2501 3823 2548 τοῦ

2268 2595 2568 2665 ζητήματος
2598 2598 2941 2664 παραστῆσαι
2984 2585 3019 2640 δ
3024 2590 3289 2660 ιαγνωσιν.

2812 2686 3125 2732 ΕΡΩΤΗΜΑ
3166 2678 3294 2735 ΜΒ’.

2266 2778 2382 2831 Πῶς
2454 2772 2658 2827 νοητέον
2733 2772 2813 2838 τό,
2887 2790 2914 2816 ‹‹
2983 2772 3049 2821 Σὺ
3126 2769 3422 2839 ὡργίσθης,
3498 2790 3521 2819 ιι
3601 2766 3826 2838 εἰρημένον

2334 2851 2404 2911 τῷ
2482 2841 2742 2911 θεολήπτῳ
2816 2840 3054 2911 Ἠσαῖᾳ,
3138 2862 3158 2889 ε
3236 2844 3328 2892 καὶ
3416 2844 3568 2913 ἡμεῖς
3638 2839 3829 2909 ἡμάρτο·

2334 2932 2423 2985 μεν
2459 2929 2472 2978 ;
2519 2932 2546 2964 ι)

1162 3019 1313 3068 Edita
1339 3018 1405 3069 ab
1436 3021 1556 3069 Ant.
1590 3021 1787 3079 Scotto,
1814 3022 1848 3072 ι.
1880 3038 1947 3084 c.,
1980 3040 2031 3088 p.
2066 3025 2173 3073 I35.
2207 3016 2622 3068 Commentarim
2660 3017 2714 3063 in
2746 3015 2955 3071 Isaiam,
2991 3026 3122 3071 inv,
3159 3018 3205 3065 5.

578 3108 835 3165 Verbum
867 3108 1010 3165 illud
1026 3113 1389 3176 peccavimus
1422 3110 1841 3182 accipiendum
1869 3120 2013 3180 erat,
2040 3130 2157 3169 non

506 3198 816 3266 utinnuat,
848 3220 875 3247 ‹‹
907 3199 1173 3255 facinora
1214 3199 1525 3254 virtutibus
1565 3202 1857 3256 contraria
1895 3203 2156 3273 aggressi

505 3303 713 3341 sumus
747 3305 760 3351 ;
796 3308 822 3335 ››
856 3287 959 3341 sed
990 3286 1353 3357 simpliciter,
1389 3306 1416 3338 «
1446 3304 1534 3352 ea,
1568 3304 1699 3359 quae
1739 3290 1913 3345 nobis
1946 3307 2160 3364 propo-

506 3390 829 3444 sueramus,
862 3382 919 3430 et
944 3375 1348 3439 studebamus,
1374 3391 1491 3432 non
1517 3377 1842 3448 attigimus.
1876 3400 1899 3429 υ
1930 3380 2155 3435 Etenim

505 3462 599 3517 ille
629 3464 805 3518 etiam
824 3479 1065 3534 peccare
1086 3466 1196 3520 dici
1221 3465 1556 3536 potest,qui
1585 3465 1746 3521 aliud
1770 3466 2012 3539 quidem
2044 3468 2155 3523 sibi

507 3552 804 3607 constituit
841 3552 1302 3618 conﬁciendum,
1346 3553 1652 3625 animique
1693 3556 1782 3610 sui
1824 3561 2052 3612 motum
2078 3556 2155 3612 ad

506 3640 884 3711 propositum
924 3640 1172 3695 intendit
1214 3658 1227 3706 ;
1272 3642 1329 3695 in
1353 3641 1652 3696 contraria
1690 3647 1892 3698 autem
1926 3643 2150 3709 incidit,

507 3744 577 3784 ac
603 3729 907 3800 insperata
934 3732 1090 3784 tenet
1128 3744 1229 3799 pro
1262 3727 1601 3801 praestitutis
1641 3729 1778 3801 (40).

577 3818 893 3873 Enimvero
930 3818 1107 3889 hujus
1138 3817 1367 3887 generis
1406 3820 1491 3889 (ut
1529 3823 1774 3874 caeteras
1813 3822 2154 3892 interpreta-

505 3908 693 3963 tiones
734 3923 874 3963 mox
913 3906 1300 3962 adducendas
1341 3907 1399 3963 in
1440 3908 1715 3978 praesenti
1749 3909 2040 3980 omittam)
2068 3916 2157 3966 est

2344 3107 2488 3164 Ἐνῆν
2545 3109 2635 3178 μὲν
2693 3109 2750 3157 τὸ
2812 3106 3109 3177 ἡμάρτομεν
3166 3104 3423 3167 ἐκλαϐεῖν,
3482 3104 3587 3176 οὐχ
3640 3104 3712 3154 ὅτι
3764 3098 3836 3155 τὰς

2269 3198 2503 3271 προέξεις,
2564 3197 2619 3247 αῖ
2671 3197 2760 3257 τὰς
2817 3192 3003 3267 ἀρετὰς
3053 3193 3412 3269 λυμαίνονται,
3472 3190 3788 3268 προειλόμεθα
3824 3202 3834 3213 ·

2271 3284 2380 3337 ἀλλ’
2430 3288 2510 3337 ὅτι
2540 3284 2736 3351 ἅπλῶς,
2782 3284 2849 3334 ὧν
2903 3286 2933 3342 η
2984 3287 3181 3359 αἵρεσις
3211 3286 3361 3356 ἡμῖν,
3419 3291 3513 3336 καὶ
3557 3283 3585 3340 ἠ
3642 3272 3838 3337 σπουδὴ,

2267 3377 2460 3426 τούτων
2519 3373 2865 3446 ἀπετυχομεν.
2921 3378 3021 3427 Καὶ
3070 3377 3171 3447 γὰρ
3227 3370 3609 3449 διαμαρτάνειν
3646 3366 3841 3422 κάκεῖνος

2265 3462 2451 3535 λέγοιτ’
2483 3461 2562 3531 ἂν,
2622 3464 2676 3525 ὃς
2722 3461 2845 3513 ἄλλο
2883 3465 2974 3535 μεν
3020 3461 3265 3525 ἐξανύσαι
3324 3462 3609 3536 προῦθετο,
3657 3460 3735 3508 καὶ
3771 3457 3844 3508 τὴν

2266 3552 2432 3623 ὁρμὴν
2483 3555 2613 3624 πρὸς
2666 3555 2723 3603 τὸ
2764 3553 3084 3624 καταθύμιον
3140 3553 3316 3619 ἔτεινε,
3350 3558 3466 3612 τοῖς
3523 3548 3754 3602 ἐναντίοις
3797 3536 3843 3590 δί

2264 3645 2637 3715 περιπέπτωκε,
2665 3646 2753 3693 καὶ
2792 3638 2903 3693 ἀντὶ
2944 3648 3043 3691 τῶν
3075 3641 3464 3713 προκριθέντων
3496 3646 3604 3698 τοῖς
3642 3632 3849 3687 ἀνελπίσ-

2265 3748 2369 3790 τοις
2404 3733 2703 3803 συνέχεται.

2334 3824 2579 3877 Τοιοῡτον
2627 3824 2727 3892 γὰρ
2788 3818 2927 3872 ἐστιν
2982 3820 3090 3889 (ἶνα
3143 3823 3235 3877 την
3280 3818 3451 3877 ἄλλην
3503 3821 3625 3877 τὲως
3654 3813 3851 3877 ὶξέτασιν

2264 3922 2365 3966 τῶν
2390 3912 2761 3985 ῥηθησομένων
2792 3908 2952 3980 ἰάσω)
2992 3914 3081 3960 καὶ
3110 3911 3188 3976 τὸ,
3238 3929 3267 3959 (ι
3301 3907 3422 3961 Οὐκ
3486 3906 3536 3959 ἐν
3568 3914 3638 3976 τῷ
3690 3901 3851 3972 ἀνθρὼ-

504 3997 647 4054 illud
684 4014 694 4051 :
730 4017 760 4050 ‹‹
801 4000 925 4053 Non
956 3997 1013 4052 in
1044 3996 1286 4052 homine
1315 3996 1409 4051 via
1440 3996 1568 4067 ejus
1592 3996 1703 4067 (41)
1739 4014 1753 4064 ;
1790 4018 1816 4046 ››
1844 4005 1936 4054 et:
1972 4022 2000 4049 «
2034 3998 2154 4055 Nisi

2273 4020 2347 4073 πῳ
2440 3996 2563 4062 ὁδὸς
2590 3998 2749 4051 αὐτοῦ
2794 4015 2805 4027 ·
2842 4020 2870 4050 ι)
2911 4002 3021 4063 καὶ,
3060 4018 3080 4046 ε
3117 3996 3234 4050 Ἐὰν
3263 4002 3337 4069 μὴ
3378 3999 3578 4070 Κύριος
3607 3984 3855 4060 οἰκοδομή·

509 4087 799 4145 Dominus
827 4085 1206 4145 aediﬁcaverit
1227 4084 1499 4154 domum,
1524 4085 1583 4141 in
1607 4101 1830 4143 vanum
1850 4086 2156 4145 laborave-

578 4244 625 4278 ³⁸
656 4241 768 4299 Isa.
796 4256 946 4309 wa,
972 4244 1023 4295 5.

2272 4109 2337 4163 σῃ
2388 4085 2546 4157 οἶκον,
2587 4088 2656 4151 εἰς
2700 4090 2867 4159 μάτην
2921 4086 3204 4139 ἐκοπίασαν
3257 4088 3306 4138 οἱ
3357 4081 3795 4157 οἱκοδομοῦντες⁸
3832 4092 3853 4123 ³³

2070 4377 2293 4434 ΝΟΤᾸῘ..

575 4529 688 4602 (38)
714 4534 835 4592 Τοῖς
865 4527 1064 4599 procul
1103 4526 1289 4582 dubio
1318 4523 1733 4602 refingende
1764 4530 1872 4602 est.

576 4531 667 4602 (38
714 4534 835 4592 Τοῖς
865 4529 1064 4599 procul
1103 4529 1289 4582 dubio
1318 4529 1733 4596 refingendum
1764 4530 1872 4580 est.

576 4529 688 4675 (39;
721 4602 1013 4665 Calvinus,
1035 4605 1096 4655 ut
1120 4605 1327 4654 notum
1359 4603 1464 4661 est,
1495 4598 1610 4675 hoc
1632 4594 1817 4675 Esodi
1846 4596 1996 4675 loco,
2029 4603 2151 4652 tan-

503 4668 689 4747 quam
721 4675 1212 4742 argumentorum
1239 4684 1489 4725 suorum
1516 4668 1754 4733 Achille,
1785 4668 2038 4738 probare
2059 4684 2154 4724 co-

503 4749 697 4808 natur,
729 4746 893 4810 quod
924 4743 1078 4795 Deus
1107 4741 1344 4805 directe,
1379 4756 1448 4795 ac
1478 4740 1735 4810 proprie,
1766 4738 2147 4810 impellendo,

505 4760 697 4808 natur,
729 4760 893 4815 quon
925 4760 1078 4795 ueus
1107 4760 1344 4805 aireCte,
1379 4760 1735 4864 αοᾸπορινιε,
1766 4760 2147 4810 nupeuenuo,

505 4820 562 4871 et
580 4814 848 4884 cogendo
883 4827 984 4866 cor
1014 4812 1339 4884 Pharaonis
1376 4810 1480 4884 ob“
1506 4811 1705 4884 urarit.
1734 4810 1907 4884 Atqui
1952 4810 2151 4884 hujus-

505 4882 679 4941 modi
706 4884 1083 4955 blasphemia
1118 4882 1207 4937 vel
1259 4886 1385 4950 ipse
1416 4882 1665 4955 Photius
1718 4882 2040 4945 exhorruit,
2081 4898 2152 4937 ac

505 4960 697 5027 nigro,
728 4962 788 5010 ut
827 4954 991 5027 aiunt
1030 4955 1189 5008 theta
1231 4954 1473 5027 trajecit.
1508 4957 1633 5027 [mo
1662 4960 1878 5027 caetera
1909 4968 2150 5027 quoque

504 5022 810 5085 sacrarum
836 5026 1184 5107 Litterarum
1226 5022 1486 5107 oracula,
1511 5022 2151 5107 quibus-'(ialviiius‘fad

505 5115 678 5157 suam
718 5096 1194 5170 praestruendam
1243 5094 1573 5151 doctrinam
1614 5095 1887 5157 abutitur,
1939 5095 1997 5149 in
2038 5094 2152 5150 hac

504 5169 759 5228 diatriba
789 5167 1052 5248 Photius,
1079 5167 1401 5248 quomodo
1431 5164 1817 5248 intelligenda
1843 5166 1977 5248 sint,
2011 5167 2152 5248 satis

506 5255 805 5319 superque
841 5236 1718 5319 indicaviti_Siplurahquaeris,
1747 5236 1989 5319 consule
2042 5240 2153 5293 Mo-

503 5308 729 5379 lin'am;
747 5314 1031 5383 Vasquez,
1062 5308 1411 5383 Valentiam,
1447 5308 1678 5383 δραι-οε,
1711 5314 1765 5364 et
1803 5308 1971 5383 alios.

571 5387 684 5458 (40)
711 5379 1042 5448 Locum,de
1060 5397 1177 5453 quo
1206 5381 1470 5458 disputat
1494 5379 1858 5458 Photius,s_ic
1888 5379 2028 5449 legit
2050 5379 2152 5434 He-

503 5451 699 5515 brmu's
724 5472 736 5509 :
757 5465 948 5516 morm
970 5451 1137 5517 anD
1158 5451 1645 5513 nmt’hauahkat
1660 5452 1905 5519 παρήια,
1935 5466 2152 5508 υαηηε-

502 5529 689 5595 cheta,
723 5526 880 5599 quod
902 5526 1038 5582 LXII
1066 5523 1331 5599 seniores
1363 5527 1775 5599 peroppotune
1806 5528 2107 5599 verterunt
2135 5538 2150 5577 :

505 5604 571 5660 Σὺ
600 5593 888 5683 andem.
916 5602 1005 5650 καὶ
1036 5599 1181 5673 ἡμεῖς
1209 5593 1526 5671 ἡμάρτομεν,
1560 5593 1621 5651 οι
1649 5594 1743 5650 cui
1774 5593 1853 5650 ad
1886 5608 2154 5669 unguem

2259 4524 2580 4599 respondet
2598 4524 2922 4599 Vulgata_D.
2938 4522 3275 4599 Hierpnymi
3302 4522 3543 4578 versio:
3587 4520 3672 4599 τα
3693 4515 3860 4599 iratas

2261 4582 2411 4665 es,ét
2434 4599 2594 4664 (nos)
2625 4582 3020 4662 peccavimus.
3054 4596 3129 4649 Re
3152 4582 3321 4649 'enim
3353 4610 3508 4649 vera
3542 4593 3737 4665 prima
3769 4582 3865 4665 VHe°

2262 4664 2404 4724 braai
2431 4669 2593 4723 verbi
2612 4679 2750 4727 man
2771 4666 2992 4722 chatah
3009 4664 3365 4734 signiﬁcatio
3392 4669 3515 4727 est,
3540 4664 3606 4718 ut
3632 4664 3780 4734 patet
3807 4668 3865 4707 ex

2262 4741 2623 4811 thesi,quam
2640 4736 3141 4811 Hiphilappellant
3154 4735 3867 4811 gra_mmatici,aberrar€3

2264 4811 2404 4866 Vide
2426 4807 2703 4865 Iudicum
2715 4807 2813 4871 xx,
2836 4807 3124 4863 t6.’Graeci
3142 4807 3615 4878 paritereodem
3629 4816 3798 4859 sensu
3824 4812 3869 4846 το

2262 4882 2571 4955 ἁμαρτάνειν
2602 4882 2830 4955 passim
2863 4886 3175 4955 usurpant,
3211 4878 3581 4955 utverbum
3620 4880 3867 4954 ρεταινς.

2262 4946 2547 5009 Nimirum
2579 4946 2721 5024 quia
2764 4952 2835 5014 is,
2877 4946 3332 5024 qui'delinquit,
3384 4946 3617 5024 δικαίου
3648 4946 3870 5024 ἁμαρτῇ

2260 5044 2332 5077 νει
2380 5041 2417 5079 a
2451 5020 2617 5093 justo
2644 5020 2937 5087 aberrat}
2982 5020 3200 5093 idcirco
3235 5022 3561 5093 translate
3592 5028 3714 5074 tum
3755 5022 3873 5093 ις”.ξη

2263 5084 2630 5164 chatal't,tum
2643 5084 2943 5166 ἁμαρτάνω,
2961 5097 3083 5148 tum
3110 5092 3377 5166 denique
3395 5107 3589 5166 pecco
3615 5084 3872 5144 translate

2261 5163 2539 5240 detinquo
2561 5163 2919 5240 signiﬁcant.
2954 5166 3057 5218 Per
3092 5163 3630 5240 primum__igit_ur,
3662 5167 3877 5240 agamq-

2263 5223 2460 5309 prlun'i
2483 5223 2647 5309 verbi
2672 5252 2917 5292 sensum
2946 5223 3320 5307 propositam
3347 5223 3533 5291 ι)ὴῦιὶ
3544 5223 3626 5289 ιιε
3648 5223 3879 5286 difﬁcul-

2261 5307 2443 5365 tatem
2475 5307 2789 5363 enucleare
2817 5313 3087 5363 conatur.
3301 5374 3307 5376 Α
3638 5374 3647 5376 _
3827 5366 3857 5376 ,,

2336 5384 2451 5447 (Iit)
2495 5381 2712 5435 Jerem.
2766 5394 2822 5442 ι.
2875 5377 2965 5432 23.
3001 5376 3166 5442 Quod
3211 5374 3403 5445 hujus
3437 5374 3731 5434 diatribae
3768 5366 3881 5447 teli;

2261 5467 2453 5524 quum
2482 5458 2592 5524 est,
2613 5466 2747 5524 non
2774 5450 2966 5506 codici
2994 5452 3229 5519 nostro,
3252 5448 3363 5503 sed
3400 5447 3655 5505 laudati
3683 5446 3881 5502 Amata

2263 5521 2626 5579 humanitati
2650 5521 2963 5579 debemus.
