4126 6190
209 228 314 297 280

208 373 299 419 καί
357 385 369 396 ·
434 389 457 417 ι
501 369 622 422 Ἐὰν
674 373 745 440 μή
805 369 994 440 Κύριος
1047 367 1242 441 φυλάξῃ
1297 367 1467 433 πόλιν,
1522 368 1588 429 εἰς
1646 372 1816 442 μάτην
1847 372 1892 424 Α

210 458 550 529 ἠγρύπνησεν
603 460 628 510 ό
675 457 954 530 φυλάσσων
986 477 1000 489 ·
1042 478 1069 509 ››
1105 462 1195 510 καὶ
1256 463 1316 510 τό
1373 476 1384 487 ·
1450 479 1478 509 «
1530 459 1639 510 Οὐκ
1670 462 1719 510 ἓν
1753 467 1813 532 τῇ

213 543 507 618 δυναστείᾳ
543 555 636 599 τοῦ
684 549 843 598 ἵππου
877 546 1100 612 Θελήσει,
1153 543 1276 599 οὐδὲ
1325 546 1372 598 ἐν
1439 555 1553 609 ταῖς
1601 553 1820 619 κνήμαις

212 644 305 687 τοῦ
353 633 548 708 ἀνδρὸς
596 632 800 688 εὐδοκεῖ
831 653 842 665 ⁸
879 657 902 686 ν
932 641 1022 686 καί
1065 654 1078 664 ⁸
1123 656 1151 687 «
1207 638 1273 687 Οἱ
1318 634 1512 708 βουλὴν
1555 645 1820 698 ποιοῦντες

216 724 625 798 ἐμϐαθυνόμενοι
674 733 778 785 τοῖς
821 721 1192 797 διαλογισμοῖς
1237 725 1423 790 αὐτῶν,
1475 731 1564 778 καὶ
1619 726 1677 778 οὗ
1729 723 1822 777 διὰ

220 820 419 886 Κυρίου
454 832 465 843 ·
503 836 528 863 ν
557 819 649 865 καὶ
689 818 792 888 γὴρ
842 819 929 866 καὶ
959 814 1122 877 οὗτοῖ,
1176 813 1288 866 ἀντὶ
1327 822 1418 866 τοῦ
1448 819 1519 886 μὴ
1555 811 1822 866 διαπεσεῖν

216 910 311 954 τοῦ
345 899 784 975 σπουδάσματος,
820 903 877 954 οὐ
926 909 1078 974 μόνον
1106 899 1418 975 διήμαρτον,
1474 903 1601 954 ἀλλὰ
1651 907 1821 956 καὶτὸ

217 991 337 1043 οὐαὶ
388 995 875 1063 προεπεσπάσαντο.
911 991 1285 1066 Παραπλήσιον
1334 989 1392 1044 δὲ
1439 997 1528 1044 καὶ
1579 996 1636 1043 τό
1689 991 1821 1064 εἰρη-

217 1084 370 1151 μένον
411 1085 535 1152 πρός
580 1085 704 1143 τοὺς
743 1083 1056 1142 πεποιθότας
1099 1080 1173 1134 ἐπ’
1221 1084 1480 1151 Αἴγυπτον
1508 1097 1522 1110 '
1560 1100 1588 1132 «
1623 1082 1828 1137 Ὲποιη-

220 1187 350 1220 σατε
382 1168 581 1241 βουλήν
615 1169 675 1221 οὐ
733 1167 808 1222 δι’
853 1168 978 1242 ἕμοῦ
1012 1189 1024 1200 ο
1069 1175 1157 1222 καὶ
1211 1171 1476 1229 συνθήκας
1514 1170 1572 1221 οὐ
1605 1167 1699 1220 διὰ
1735 1176 1826 1220 τοῦ

217 1261 518 1329 πνεύματός
580 1278 680 1329 μου
738 1261 1043 1333 προσθεῖναι
1099 1258 1356 1332 ἁμαρτίαν
1415 1257 1486 1329 ἐφ’
1547 1257 1824 1331 ἁμαρτίας,

218 1348 268 1398 οἱ
299 1351 638 1420 πορευόμενοι
693 1346 986 1406 καταϐῆναι
1039 1347 1107 1407 εὶς
1148 1351 1412 1418 Αἴγυπτον
1463 1361 1476 1376 '
1545 1369 1572 1396 »
1613 1348 1690 1408 οἷς
1740 1351 1825 1397 καὶ

218 1438 248 1494 ἠ
286 1441 591 1508 καταφυγὴ,
623 1442 832 1497 καὶτῆς
864 1435 1112 1507 βοηθείας
1164 1438 1192 1494 η
1249 1435 1382 1495 ἐλπὶς
1425 1435 1496 1495 εἰς
1544 1436 1827 1506 αἰσχύνην,

221 1531 312 1576 καὶ
391 1523 592 1587 ὄνειδος
666 1530 1051 1597 περιτρέπεται.
1144 1530 1244 1577 Καὶ
1304 1527 1406 1598 γὰρ
1474 1525 1664 1581 ἑκάστη
1733 1532 1831 1575 τῶν

223 1615 529 1685 εἰρημένων,
587 1620 675 1666 καὶ
719 1615 915 1666 πολλῶν
959 1614 1121 1666 ἄλλων
1164 1614 1540 1688 παραπλησίων
1578 1614 1831 1685 πράξεων,

225 1713 324 1765 τῆς
378 1705 487 1755 ἅνω
517 1709 861 1778 κεχωρημένη
894 1705 1081 1778 ῥοπῆς,
1122 1704 1217 1754 οὐκ
1265 1702 1326 1754 ἆν
1354 1712 1444 1755 τοῦ
1482 1705 1832 1777 προτεθέντος,
1874 1724 1914 1778 Β

231 1793 411 1853 τέλους
458 1792 688 1864 ἐφίκοιτο
735 1813 748 1825 ο
777 1790 890 1845 οὐδ’
919 1796 949 1850 ἡ
1002 1793 1184 1865 μελέτη
1239 1796 1363 1866 πρὸς
1394 1796 1537 1867 ἔργον
1574 1798 1835 1866 χωρήσει,

230 1887 302 1952 μὴ
391 1891 486 1942 τῆς

227 1972 485 2024 πλούσιον
512 1971 668 2033 ἔλεος.
714 1972 773 2025 Εἰ
815 1969 874 2024 δε
903 1977 993 2024 καὶ
1051 1971 1338 2044 ὀργίζοιτο,
1383 1973 1458 2033 οἷς
1511 1973 1572 2022 οἷν
1616 1989 1690 2030 τις
1733 1977 1839 2031 τοῖς

228 2061 448 2121 οἰκείοις
511 2057 830 2121 διαϐουλίοις
893 2057 1160 2134 ἑρείδηται
1230 2078 1242 2090 ·

573 1884 762 1935 ἄνωθεν
837 1882 1390 1957 προκαταϐαλ).ομένης
1464 1883 1721 1952 εὐμενείας
1780 1884 1837 1932 τό

1312 2069 1392 2113 πῶ
1403 2081 1423 2120 ς
1486 2060 1579 2111 οὐκ
1641 2060 1838 2130 ἀνάγκη

231 2153 446 2212 πάντως
469 2147 777 2224 διαμαρτεῖν
799 2159 888 2202 του
906 2151 1098 2218 τέλους,
1123 2156 1212 2202 καὶ
1233 2147 1458 2221 μηδενός
1485 2157 1668 2220 τυχεῖν
1691 2147 1842 2199 ἑκάσ-

232 2259 334 2290 των
381 2247 484 2290 τῶν
515 2240 582 2300 εἰς
612 2247 760 2292 τοῦτο
817 2244 1288 2312 παρενηνεγμένων,
1323 2239 1392 2290 ὧν
1430 2240 1458 2296 ἡ
1493 2243 1673 2310 γνώμη
1707 2238 1843 2308 ἠγω-

230 2333 408 2390 νίζετο
444 2344 459 2393 ;

1263 239 1360 298 AD
1401 236 1944 301 AMPHILOCHIUM
1988 236 2318 313 QUESTIO
2358 245 2521 302 XLII.

3477 251 3582 306 290

1928 376 2084 436 runt,
2108 372 2211 444 qui
2241 371 2541 427 aadiﬁcant
2569 374 2646 440 ’7;
2679 391 2706 424 »
2740 377 3028 444 prmterea
3057 390 3068 428 :
3101 392 3129 424 «
3159 373 3272 429 Nisi
3301 373 3584 430 Dominus

1929 461 2270 517 custodierit
2324 463 2637 525 civitatem,
2702 462 2918 519 frustra
2975 463 3175 532 vigilat
3231 464 3332 536 qui
3392 469 3586 520 custo-

1929 549 2013 605 dit
2052 551 2131 618 ³⁸;
2172 571 2198 602 ››
2233 555 2288 605 et
2316 567 2517 606 rursus
2550 567 2561 604 :
2599 571 2628 602 «
2664 553 2789 607 Non
2821 552 2880 607 in
2913 551 3256 608 fortitudine
3299 554 3437 624 equi
3478 568 3588 608 vo-

1930 637 2214 694 luntatem
2251 639 2517 705 habebit,
2559 656 2667 696 nec
2706 641 2766 696 in
2803 641 2960 696 tibiis
3003 641 3107 696 viri
3149 641 3586 713 beneplacitum

1931 728 2036 783 erit
2084 728 2135 782 ei
2184 729 2265 794 “;
2313 749 2333 776 ι
2377 743 2582 784 rursus
2627 751 2638 782 :
2683 749 2711 781 «
2752 728 2861 797 Qui
2912 729 3229 785 consilium
3282 731 3508 786 faciunt
3558 751 3587 781 »

1932 814 2210 888 profundi
2263 816 2322 871 in
2380 817 2839 888 cogitationibus
2897 818 3044 887 suis,
3105 838 3134 868 «
3193 823 3250 873 et
3304 834 3426 874 non
3485 833 3590 889 per

1933 905 2252 960 Dominum
2288 925 2298 962 :
2337 927 2364 958 »
2393 912 2448 962 et
2475 906 2756 962 nimirum
2784 908 2844 962 hi
2870 923 2976 979 pro
3006 923 3075 963 eo
3109 924 3179 964 ac
3211 923 3248 963 a
3281 907 3590 980 proposito

1933 1009 2053 1050 non
2094 993 2450 1058 exciderent,
2493 1011 2613 1050 non
2653 996 2844 1052 solum
2887 995 3025 1051 inde
3065 995 3439 1062 aberrarunt,
3485 995 3592 1052 sed

1936 1083 2114 1138 etiam
2152 1082 2296 1138 illud
2329 1099 2418 1140 vce
2447 1084 2561 1138 sibi
2598 1091 3074 1157 promeruerunt.
3108 1086 3464 1156 Hnjusmodi
3509 1091 3596 1141 est

1937 1177 1992 1226 et
2040 1171 2204 1237 illud,
2251 1173 2416 1244 quod
2464 1173 2690 1228 dictum
2731 1180 2817 1228 est
2863 1174 3114 1229 Hebraeis
3165 1176 3223 1230 in
3273 1179 3593 1246 Egyptum

1939 1261 2181 1316 conlisis
2232 1278 2245 1316 :
2289 1280 2318 1311 «
2361 1261 2592 1316 Fecistis
2631 1261 2972 1329 consilium,
3013 1267 3070 1319 et
3109 1279 3230 1319 non
3270 1280 3340 1318 ex
3383 1280 3496 1334 me,
3539 1270 3596 1319 et

1940 1349 2166 1406 foedera
2195 1364 2314 1405 non
2348 1366 2452 1422 per
2478 1351 2747 1422 spiritum
2781 1367 3005 1416 meum,
3041 1357 3103 1406 ut
3134 1353 3428 1408 adderetis
3461 1369 3595 1424 pec-

1941 1445 2137 1494 catum
2171 1455 2352 1510 super
2385 1445 2716 1510 peccatum,
2754 1439 2852 1512 qui
2887 1441 3226 1508 ambulatis,
3261 1447 3318 1497 ut
3349 1442 3598 1496 descen-

1941 1528 2096 1583 datis
2132 1527 2192 1582 in
2232 1531 2549 1599 {Egyptum
2589 1545 2602 1582 :
2636 1551 2661 1578 »
2692 1529 2916 1600 quibus
2955 1529 3264 1600 effugium,
3308 1534 3364 1585 et
3397 1531 3600 1585 auxilii

1945 1632 2078 1687 spes
2109 1637 2133 1666 α
2164 1617 2220 1671 in
2256 1617 2693 1681 confusionem,
2737 1623 2793 1672 et
2821 1619 3217 1686 ignominiam
3249 1638 3276 1668 ››
3313 1619 3601 1674 converti-

1947 1711 2039 1760 tur
2062 1705 2287 1777 (42-28).
2313 1706 2559 1776 Singula
2587 1707 2743 1762 enim
2767 1707 2893 1777 jam
2916 1707 3075 1762 dicta
3096 1724 3299 1778 opera,
3323 1714 3377 1763 et
3400 1707 3515 1764 alia
3544 1707 3603 1762 id

1948 1809 2133 1864 genus
2179 1795 2366 1866 plura,
2418 1811 2556 1850 cum
2596 1812 2858 1867 superna
2895 1795 3218 1851 directione
3263 1802 3458 1852 essent
3507 1797 3605 1851 de-

1949 1883 2167 1946 stituta.
2198 1885 2274 1938 ad
2308 1885 2681 1956 propositum
2711 1885 2825 1939 sibi
2856 1885 3034 1940 ﬁnem
3069 1885 3272 1958 utique
3300 1887 3605 1957 pervenire

1951 1988 2068 2028 non
2119 1977 2429 2043 poterant;
2471 1989 2658 2044 neque
2698 1974 2771 2028 ad
2812 1989 2966 2044 opus
3005 1973 3386 2043 designatum
3435 1975 3608 2029 indu-

1952 2061 2092 2117 stria
2130 2061 2446 2133 perveniet.
2485 2061 2592 2116 nisi
2626 2061 2833 2116 divina
2871 2061 3184 2117 clementia
3215 2078 3368 2133 opus
3407 2063 3607 2133 ipsum

1953 2150 2312 2205 redundanti
2337 2149 2680 2221 auspicetur
2701 2149 3127 2205 misericordia.
3155 2151 3426 2206 Siautem
3455 2154 3606 2206 Deus

1953 2238 2134 2293 etiam
2160 2238 2454 2306 irascitur,
2477 2254 2548 2293 eo
2569 2239 2733 2310 quod
2760 2237 3012 2310 propriis
3035 2238 3294 2293 consiliis
3310 2239 3608 2311 quispiam

1953 2326 2257 2390 innitatur,
2313 2326 2622 2397 quomodo
2667 2327 3010 2381 necessario
3051 2343 3169 2382 non
3210 2328 3494 2399 sequitur,
3546 2333 3612 2382 ut

235 2418 351 2472 iste
392 2433 430 2473 a
470 2417 588 2472 fine
627 2417 881 2484 aberret,
918 2422 974 2473 et
1011 2416 1237 2473 nullam
1278 2432 1474 2473 rerum
1518 2416 1592 2471 ad
1635 2416 1813 2472 finem
1864 2420 2376 2486 comparatarum,
2420 2414 2497 2471 ad
2536 2429 2689 2486 quas
2731 2417 2966 2471 animus
3007 2417 3424 2480 contendebat,
3465 2431 3604 2471 con-

237 2505 474 2575 tingat?

314 2595 455 2646 Ἀλλ’
519 2595 649 2652 αὕτη
717 2599 807 2666 μεν
871 2604 966 2656 τῆς
1045 2597 1260 2670 θεωρίας
1336 2596 1366 2651 ἠ
1445 2593 1654 2651 ἐπιϐολὴ
1719 2597 1846 2664 πρὸς

238 2688 332 2755 μεν
365 2687 429 2736 τὰ
471 2686 832 2756 παραταθέντα
878 2685 1033 2759 ῥητὰ,
1084 2689 1174 2735 καὶ
1229 2687 1272 2735 εῖ
1323 2703 1372 2735 τι
1419 2688 1621 2742 τούτοις
1649 2681 1846 2749 ἐνάμιλο

239 2773 346 2833 λον,
382 2777 442 2825 τὸ
493 2776 839 2845 ἡρμοσμένον,
871 2779 961 2824 καὶ
1005 2772 1320 2830 κατάλληλον
1370 2768 1722 2823 ἐπιδείκνυται
1756 2777 1847 2821 τοῦ

238 2869 504 2934 νοήματος
555 2881 568 2894 ·
614 2863 672 2914 οὐ
705 2869 806 2935 μην
849 2882 908 2933 γε
947 2868 1039 2919 τὴν
1083 2862 1246 2919 αὐτὴν
1285 2857 1591 2913 ἀποδίδωσι
1639 2864 1842 2932 χρείαν,

237 2958 332 3004 καὶ
383 2958 478 3010 τὴν
532 2951 764 3027 ἐξαρχῆς
811 2954 1059 3004 ὑπόθεσιν
1107 2952 1508 3024 εὐμαράσασθαι
1555 2953 1666 3016 ('29)
1697 2966 1708 2978 '
1783 2950 1848 3001 τά

239 3061 294 3094 τε
323 3044 429 3116 γὰρ
477 3049 569 3093 τοῦ
606 3042 764 3113 λόγου
807 3044 1197 3113 προηγούμενα,
1239 3045 1330 3091 καὶ
1369 3041 1398 3097 ἡ
1442 3039 1568 3096 ἄλλη
1616 3047 1716 3090 τῶν
1754 3040 1847 3112 ρη-

239 3134 423 3203 μάτων
493 3127 748 3189 διασκευὴ
821 3135 950 3205 πρός
1011 3131 1188 3205 ἑτέραν
1260 3129 1448 3202 μᾶλλον
1504 3134 1844 3202 προτρέπεται

242 3217 488 3272 διάνοιαν
519 3218 919 3273 ἀπευθύνεσθαι.
960 3225 1022 3272 Τί
1057 3215 1145 3271 οὖν
1177 3215 1260 3270 δεῖ
1288 3218 1469 3290 λέγειν,
1513 3219 1541 3276 ἦ
1575 3237 1632 3270 το
1669 3235 1678 3246 ·
1714 3238 1740 3269 ι(
1781 3223 1846 3270 Σὺ

243 3311 538 3383 ὠργίσθης,
581 3313 670 3360 καὶ
701 3310 847 3380 ἡμεῖς
877 3311 1198 3380 ἡμάρτομεν,
1232 3329 1260 3356 ››
1280 3307 1406 3378 οὐχὶ
1436 3316 1588 3359 τοῦτο
1630 3313 1789 3378 φησίν
1833 3325 1843 3337 ·

246 3421 272 3447 ι(
306 3399 399 3459 Ὠς
421 3406 519 3459 τῆς
565 3407 664 3459 σῆς
693 3399 854 3472 ὀργῆς
871 3398 1228 3472 πρόελθούσης
1249 3399 1278 3454 ἡ
1314 3397 1552 3468 ἁμαρτία
1573 3399 1716 3468 ἡμῶν
1738 3395 1848 3448 ἐκυ-

245 3493 428 3562 ρίευσε
469 3505 483 3552 ;
524 3509 544 3535 ι
577 3494 742 3540 Τοῦτο
769 3490 870 3561 γὰρ
907 3483 1029 3538 οὐδὲ
1058 3491 1153 3545 τήν
1185 3488 1323 3538 θείαν
1349 3489 1425 3542 εῖη
1461 3481 1851 3559 δικαιοκρισίαν

248 3573 632 3644 διασώζοντος,
676 3571 791 3627 οὐδ’
837 3578 999 3627 αἴτιον
1043 3575 1242 3645 εἰσάγει
1278 3577 1359 3626 τόν
1403 3575 1692 3647 ἄνθρωπον,
1736 3571 1848 3625 οὐδ’

248 3666 298 3716 ἐν
351 3666 430 3725 οἷς
494 3663 596 3716 ἀπό
638 3669 844 3736 γνώμης
903 3666 1241 3736 πονηρεύεται
1289 3681 1301 3692 ·
1343 3661 1473 3714 ἄλλά
1537 3666 1620 3714 τὸν
1679 3664 1854 3723 πάσης

247 3758 439 3816 κακίας
490 3753 716 3805 ἀναίτιον
769 3771 780 3782 '
822 3760 1002 3805 τοῦτον
1058 3751 1482 3822 καταϐιϐάζειτῇ
1543 3749 1854 3822 βλασφημίᾳ

251 3847 381 3915 πρὸς
424 3846 485 3894 τό
541 3845 816 3895 ὑπαίτιον’
861 3847 949 3894 καὶ
989 3838 1054 3900 δὴ
1085 3861 1173 3894 και
1221 3845 1278 3892 τό
1337 3840 1668 3902 αὐτεξούσιον
1714 3841 1855 3912 παρὰ

248 3938 347 3990 τὴν
399 3932 632 4004 ἐξαρχῆς
678 3931 888 3998 πλάσιν,
921 3937 1009 3983 καὶ
1041 3927 1238 4004 δωρεὰν
1291 3929 1358 3990 εἰς
1409 3933 1467 3981 τό
1517 3925 1721 3992 δοῦλον,
1763 3934 1850 3979 καὶ

247 4021 563 4084 ὗπεξούσιον
593 4019 1028 4093 μεταπλάττοντα.
1077 4020 1138 4072 Εἰ
1186 4021 1310 4092 γὰρ,
1362 4014 1500 4070 διότι
1544 4039 1565 4065 ε
1592 4019 1851 4090 ὠργίσθη,

248 4113 576 4184 ἡμάρτομεν,
626 4132 652 4158 ››
684 4112 712 4167 ἡ
759 4109 886 4183 ὀργὴ
926 4114 1020 4166 τὴν
1069 4108 1327 4182 ἁμαρτίαν
1372 4110 1534 4159 ἔτεκεν
1568 4124 1578 4136 ·
1623 4106 1783 4181 ὀργῆς
1806 4101 1855 4156 δ’

250 4199 476 4271 ἀμάχου
528 4201 866 4260 συνωθούσης
913 4197 985 4259 εἰς
1028 4199 1380 4271 παράπτωμα,
1427 4201 1506 4256 τίς
1552 4195 1858 4252 ἀντιστήσε-

250 4309 340 4340 ται
367 4309 382 4357 ;

330 4561 516 4629 Διόπερ
568 4553 640 4615 είς
691 4561 846 4606 τοῦτο
891 4556 980 4626 μὲν
1027 4549 1385 4624 διαλογισμῶν
1443 4549 1734 4620 ἀπενεγκεῖν
1773 4552 1861 4609 τὰς
1894 4537 1935 4588 ι)

263 4648 407 4720 ἱερὰς
457 4645 646 4716 ιρωνὰς,
686 4639 908 4714 οὐδεμία
964 4638 1335 4706 παρείσδυσις,
1397 4639 1630 4712 μάλιστα
1669 4638 1860 4690 πολλων

258 4736 428 4788 ἄλλων
473 4729 821 4804 διδαγμάτων
860 4738 948 4784 καί
974 4739 1253 4802 πανταχοῦ
1305 4737 1400 4790 τῆς
1449 4731 1582 4801 ἱεροῖς
1638 4733 1858 4799 Γραφῆς,

255 4829 349 4876 καὶ
377 4820 446 4881 δὴ
480 4828 571 4874 καὶ
614 4821 663 4873 ἐν
709 4821 847 4892 αὐτῷ
880 4829 954 4872 τῶ
1012 4825 1249 4893 προφήτῃ
1313 4821 1555 4870 τάναντία
1601 4821 1689 4868 καὶ
1733 4835 1857 4890 μαρ-

1259 4930 1285 4958 ι(
1344 4913 1429 4966 Μὴ
1489 4909 1614 4980 γὰρ,
1683 4910 1862 4977 φησὶν,

255 5002 476 5076 ἐϐάρυνε
534 5002 722 5075 Κύριος
768 5002 825 5051 τό
874 4994 958 5060 οὖς
1011 4998 1172 5051 αὐτοῦ
1222 5003 1313 5049 τοῦ
1366 5000 1435 5069 μὴ
1499 4996 1807 5048 εἰσακοῦσαι
1849 5011 1862 5022 ·

255 4915 577 4985 τυρομίνων,
643 4915 735 4962 καὶ
806 4913 1182 4985 κρατυνόντων.

331 5166 374 5200 ³⁷
411 5163 572 5222 Psal.
604 5178 793 5229 σενι,
826 5163 878 5218 1.
958 5162 1006 5196 ³⁸
1037 5160 1186 5219 ibid.
1218 5162 1270 5215 2.
1350 5160 1396 5194 ³9
1429 5157 1584 5214 Psal.
1619 5173 1806 5222 CXLVI,
1842 5159 1928 5212 10.

2030 2596 2099 2647 At
2135 2593 2258 2649 haec
2293 2592 2551 2648 indicata
2580 2593 2695 2649 loci
2729 2595 3010 2665 propositi
3049 2595 3337 2667 expositio
3368 2611 3610 2651 sensum

1957 2682 2084 2753 ejus
2124 2683 2379 2739 ostendit
2419 2699 2556 2739 cum
2596 2683 2872 2739 adductis
2912 2700 3218 2741 sacrarum
3259 2685 3608 2740 Litterarum

1956 2771 2234 2836 oraculis,
2264 2777 2320 2827 et
2341 2789 2478 2827 cum
2505 2773 2732 2828 caeteris
2755 2773 3098 2844 hujusmodi
3127 2789 3258 2829 esse
3278 2789 3612 2843 congruen-

1957 2864 2094 2924 tem,
2123 2865 2178 2917 et
2207 2867 2715 2932 consentaneum;
2751 2877 2958 2916 verum
2985 2863 3124 2934 quid
3157 2862 3272 2917 sibi
3305 2862 3455 2927 velit,
3488 2878 3611 2918 non

1955 2949 2178 3014 deﬁnit,
2205 2959 2398 3022 neque
2424 2948 2836 3005 difﬁcultatem
2861 2965 2894 3004 a
2922 2950 3214 3021 principio
3237 2950 3611 3022 propositam

1957 3038 2132 3109 plane
2170 3038 2344 3093 diluit
2383 3055 2396 3093 :
2438 3038 2736 3110 siquidem
2778 3045 2903 3094 tum
2943 3055 3014 3095 ea
3055 3040 3257 3108 verba,
3301 3055 3434 3111 quae
3475 3045 3614 3095 sunt

1955 3126 2226 3182 diatribae
2241 3127 2419 3195 hujus
2432 3133 2871 3196 argumentum,
2887 3133 3006 3182 tum
3023 3129 3330 3198 appositus
3342 3128 3611 3183 locorum

1959 3231 2143 3271 sacrm
2161 3215 2478 3287 Scriptura
2500 3222 2828 3288 apparatus
2857 3215 2930 3272 ad
2957 3216 3136 3272 aliam
3161 3217 3360 3288 potius
3377 3223 3614 3273 senten-

1961 3304 2101 3360 tiam
2142 3304 2319 3374 dirigi
2347 3304 2706 3359 desiderant.
2753 3304 2908 3369 Quid
2938 3321 3080 3375 ergo
3110 3305 3454 3370 dicendum,
3497 3305 3614 3360 nisi

1958 3393 2121 3465 quod
2141 3393 2241 3450 illo
2265 3410 2278 3449 :
2305 3414 2333 3444 α
2351 3395 2434 3449 Tu
2451 3395 2635 3449 iratus
2658 3409 2744 3458 es,
2769 3400 2823 3448 et
2839 3409 2948 3449 nos
2964 3394 3366 3458 erravimus,»
3392 3410 3614 3466 nequa-

1960 3498 2144 3554 quam
2168 3483 2280 3537 hoc
2302 3483 2622 3537 innuatur:
2654 3503 2682 3533 «
2707 3482 2794 3538 0b
2818 3483 2966 3537 iram
2988 3487 3153 3538 tuam
3180 3483 3614 3553 prmcedentem

1962 3575 2275 3642 peccatum
2315 3569 2374 3626 in
2416 3571 2588 3626 nobis
2619 3571 2997 3627 dominatum
3028 3572 3163 3627 est?
3197 3595 3224 3621 η
3259 3572 3321 3626 Id
3360 3572 3518 3627 enim
3559 3577 3617 3627 et

1961 3658 2230 3715 divinam
2261 3659 2499 3714 laederet
2521 3659 2832 3730 justitiam,
2861 3664 2916 3715 et
2946 3660 3274 3725 hominem,
3307 3676 3380 3715 ne
3407 3675 3616 3715 eorum

1962 3748 2205 3819 quidem
2239 3751 2295 3803 in
2323 3748 2542 3820 quibus
2573 3764 2645 3804 ex
2677 3748 2863 3804 animi
2896 3750 3188 3805 sententia
3219 3754 3447 3821 peccat,
3479 3764 3620 3804 cau-

1964 3852 2094 3892 sam
2152 3837 2461 3907 redderet;
2524 3837 2628 3891 sed
2677 3836 2734 3891 in
2788 3836 2995 3900 Deum,
3050 3838 3153 3910 qui
3207 3838 3618 3909 cujuscunque

1963 3926 2156 3998 culpa;
2187 3942 2370 3981 causa
2393 3941 2522 3981 esse
2553 3942 2670 3982 non
2703 3931 2912 3996 potest,
2943 3927 3185 3995 culpam
3217 3943 3318 3998 per
3344 3927 3621 3998 blasphe-

1966 4014 2150 4069 miam
2175 4013 2514 4070 transferret
2539 4031 2609 4085 :q
2621 4015 2719 4070 uin
2735 4014 2846 4069 etia
2859 4031 2913 4069 m
2942 4017 3125 4070 Deum
3144 4015 3452 4070 induceret
3471 4014 3621 4068 redi-

1965 4109 2204 4172 gentem
2226 4102 2487 4158 hominis
2505 4103 2837 4158 libertatem
2855 4110 3062 4158 contra
3081 4105 3444 4174 primitivam
3463 4117 3622 4157 crea-

1969 4191 2210 4258 tionem,
2239 4192 2612 4264 gratiamque
2635 4191 2694 4246 in
2713 4191 3077 4260 servitutem,
3097 4198 3153 4246 et
3168 4191 3620 4260 subjectionem.

1968 4281 2025 4335 Si
2049 4281 2228 4348 enim,
2253 4280 2396 4352 quia
2427 4281 2576 4334 Deus
2604 4297 2633 4330 «
2667 4281 2851 4336 iratus
2877 4286 2986 4344 est,
3016 4297 3124 4335 nos
3149 4281 3560 4351 peccavimus;
3592 4299 3620 4326 η

1967 4370 2053 4424 ira
2081 4376 2392 4441 peccatum
2417 4369 2643 4440 peperit
2675 4387 2686 4423 :
2718 4368 2864 4423 dum
2893 4371 3094 4423 autem
3117 4369 3206 4423 ira
3226 4366 3622 4423 ineluctabilis

1968 4459 2045 4514 ad
2073 4461 2385 4529 peccatum
2419 4457 2738 4528 compellit,
2770 4458 3050 4528 quisnam
3085 4457 3358 4512 resistet?

2044 4547 2446 4612 Quamobrem
2475 4545 2633 4600 nulla
2664 4544 2755 4601 via
2783 4552 2889 4610 est,
2923 4561 3045 4616 qua
3077 4561 3249 4600 sacra
3279 4545 3522 4602 oracula
3547 4544 3626 4599 ad

1970 4635 2322 4707 hujusmodi
2360 4635 2568 4689 deliria
2618 4636 2845 4706 possint
2883 4635 3253 4706 detorqueri;
3298 4637 3626 4706 praesertim

1972 4741 2110 4780 cum
2138 4725 2253 4780 alia
2279 4731 2458 4795 atque
2483 4723 2601 4779 alia
2628 4723 2742 4777 sint
2769 4723 3133 4779 documenta
3162 4730 3287 4778 tum
3317 4724 3538 4795 ubique
3565 4726 3627 4778 in

1973 4813 2158 4870 sacris
2172 4813 2426 4877 Litteris,
2443 4816 2570 4866 tum
2585 4814 2762 4868 etiam
2777 4812 2938 4882 apud
2954 4811 3234 4868 eumdem
3252 4815 3625 4884 prophetam,

1972 4919 2109 4976 quas
2156 4902 2522 4959 contrarium
2568 4907 2626 4957 et
2665 4905 2954 4957 testantur
2991 4907 3046 4955 et
3085 4902 3385 4957 evincunt.
3433 4901 3631 4973 lnquit

1975 4994 2135 5049 enim
2170 5013 2183 5048 :
2216 4995 2344 5049 Non
2376 4997 2707 5062 aggravata
2731 4996 2818 5046 est
2843 4990 3003 5046 auris
3032 4991 3178 5061 ejus,
3206 4996 3270 5047 ut
3299 5006 3420 5047 non
3451 5005 3633 5046 exau-

1833 5281 2056 5337 NOTAE.

330 5415 556 5485 (42-28)
594 5413 708 5469 Isa.
742 5427 884 5480 xxx,
914 5413 962 5476 t,
995 5414 1050 5477 2,
1078 5415 1132 5467 3.
1171 5409 1410 5485 Sed‘bic
1439 5408 1682 5485 Pbotius
1708 5406 1872 5485 Isaia:

259 5479 466 5563 potius
490 5479 852 5563 sententiam
870 5479 1055 5556 quam
1081 5481 1357 5563 verbain
1381 5479 1594 5559 medio.
1612 5479 1800 5563 poni’t.

334 5559 454 5633 (29)
485 5559 568 5615 Ex
600 5553 924 5613 Barberino
971 5553 1394 5624 corrigendum
1433 5553 1682 5608 omnino
1715 5553 1874 5620 εὐμα-

623 5654 864 5712 ΡΑτιιοι..
909 5652 1014 5712 Gn.
1057 5651 1146 5709 Cl.

1981 5401 2522 5476 piaaaeaquupple
2565 5397 2802 5469 δύναται,
2847 5410 2947 5476 aut
2985 5400 3208 5476 aliquid
3250 5399 3477 5469 simile;
3520 5399 3636 5476 nisi

1982 5471 2154 5548 malis
2184 5471 2560 5548 infinitivum,
2604 5481 2876 5532 contorta
2901 5471 3344 5548 aliquantulum
3377 5471 3634 5539 συντάξει,

1983 5546 2061 5602 ad
2092 5541 2396 5596 ἀποδίδωσι
2427 5541 2664 5607 referre.

3212 5643 3282 5705 10
