4126 6190
573 261 672 321 294
1785 251 2019 316 Pno'm
2062 255 2537 317 PATRlARCH/E
2577 259 2685 318 cr.
3783 254 3874 323 ξεν

565 390 690 446 diat
735 409 748 444 :
781 389 884 445 sed
915 389 1256 461 iniquitates
1285 393 1494 445 vestrae
1526 387 1857 442 diviserunt
1894 387 2043 444 inter
2089 403 2193 443 vos

2250 389 2293 442 A
2329 387 2455 438 ἀλλὰ
2506 390 2569 437 τὰ
2623 385 2976 460 ἁμαρτήματα
3045 389 3186 459 ὑμῶν
3262 384 3536 439 ὃιῑστὼσιν
3608 407 3695 440 ανα
3744 396 3879 458 μέσον

564 485 619 536 et
652 481 836 534 Deum
864 484 1163 543 vestrum;
1198 483 1255 534 et
1281 481 1526 550 peccata
1553 482 1746 532 vestra
1773 475 2193 531 absconderun

2328 477 2489 547 ὑμῶν,
2539 481 2628 526 καὶ
2663 477 2759 525 οἱνά
2815 480 2970 546 μέσον
3014 483 3106 526 τοῦ
3147 483 3279 527 Θεοῦ
3314 492 3325 504 ⁸
3369 481 3457 528 xui
3509 473 3598 527 ὃιά
3634 480 3712 537 τὰς
3741 478 3884 554 ἀμαρ-

563 567 778 624 faciem
798 568 926 638 ejus
948 583 984 622 a
1008 567 1200 632 vobis,
1225 582 1300 622 ne
1323 565 1630 622 exaudiret
1649 564 1780 635 (30).
1808 567 1860 636 »)
1884 566 2075 629 Quare
2097 579 2192 619 no:

2327 568 2442 624 τίας
2505 565 2644 633 ύμων
2700 562 2988 638 ἀπέστρεψε
3041 569 3098 616 τὸ
3151 570 3425 638 πρόσωπον
3483 565 3635 616 αὐτοῦ
3696 575 3776 618 τοῦ
3821 574 3879 638 μὴ

563 657 707 730 quia
736 659 890 711 Deus
921 671 985 710 se
1015 657 1242 722 avertit,
1277 671 1386 711 nos
1418 669 1778 726 peccamus;
1813 669 1922 709 nec
1948 652 2093 724 quia
2123 652 2192 707 illi

2329 651 2554 710 ἐλεῆσαι.
2594 676 2612 700 ιι
2672 651 2835 704 ’Ὥστε
2881 653 2972 705 οὐκ
3039 653 3094 704 ἐκ
3145 663 3235 713 τῆς
3289 656 3426 714 θείας
3474 653 3780 728 ἀποστροφῆς
3834 661 3884 709 τό

565 746 838 818 praeterit,
862 751 918 800 et
941 761 1061 801 non
1079 744 1342 811 exaudit,
1361 748 1607 816 peccata
1630 744 1688 798 in
1711 742 1888 798 nobis
1905 743 2193 797 dominan

2327 740 2636 812 ἁμαρτάνειν
2694 743 2834 813 ἡμᾶς
2892 760 2904 772 °
2958 740 3080 796 οὐδὲ
3141 743 3198 794 ἐκ
3248 750 3339 795 τοῦ
3388 749 3632 816 παρορᾷν,
3689 749 3768 794 καὶ
3827 749 3886 814 μὴ

565 839 657 890 tur
698 851 710 889 :
747 835 853 890 sed
882 835 1024 906 quia
1053 849 1394 906 peccamus,
1429 838 1484 888 et
1515 831 1941 902 delinquimus,
1975 831 2126 885 Deus
2165 847 2194 886 e

2328 827 2548 892 ἀκούειν,
2610 840 2706 882 τῶν
2761 830 3151 905 ἁμαρτημάτων
3207 835 3235 890 ἡ
3305 831 3462 902 ἰσχύς
3503 847 3516 860 ⁸
3576 831 3674 883 ἀλλ’
3725 832 3770 894 ἐξ
3829 835 3887 883 ὧν

563 923 774 980 avertit
815 940 897 990 se,
932 929 987 978 et
1017 923 1310 988 irascitur,
1353 926 1410 977 et
1439 938 1549 977 nos
1577 920 1958 992 derelinquit.
1994 923 2058 974 Et
2095 935 2192 974 rur

2329 917 2704 990 ἁμαρτάνομεν.
2766 926 2854 972 καὶ
2906 917 3324 993 πλημμελοῦμεν,
3359 926 3447 973 καὶ
3505 922 3532 978 ἡ
3588 920 3883 992 ἀποστροφή,

567 1031 670 1070 sus
695 1030 705 1068 :
739 1011 1552 1084 Exspectavimusjudicium,
1571 1015 1766 1065 etnon
1787 1016 1875 1064 est
1901 1029 1913 1078 ;
1942 1009 2192 1064 salutem

2326 1013 2414 1059 xui
2437 1009 2465 1065 ἡ
2503 1008 2655 1079 ὀργὴ,
2689 1015 2776 1060 καὶ
2803 1011 2832 1068 ἡ
2877 1009 3245 1082 ἐγκατάλειψις
3273 1017 3364 1062 τοῦ
3391 1017 3541 1064 Θεοῖ.
3587 1015 3680 1062 Καὶ
3707 1009 3845 1061 πάλιν
3875 1028 3884 1039 ·

565 1111 622 1161 et
665 1102 942 1172 elongata
981 1107 1067 1156 est
1096 1117 1132 1156 a
1162 1099 1358 1156 nobis.
1404 1121 1430 1151 »
1468 1099 1618 1164 Quid
1657 1099 1779 1154 ita?
1819 1097 2194 1169 Multiplicata

2332 1119 2350 1145 ι
2385 1099 2739 1170 Ἀνεμείναμεν
2787 1104 2982 1171 κρίσιν,
3047 1105 3137 1151 xui
3205 1099 3298 1151 οὐκ
3354 1102 3466 1152 ἔστι
3515 1104 3752 1171 σωτηρία,
3807 1119 3890 1170 μα-

567 1197 707 1248 sunt
736 1191 897 1248 enim
924 1191 1271 1261 iniquitates
1303 1194 1518 1246 nostrae
1549 1204 1755 1243 coram
1789 1193 1860 1252 te,
1890 1192 1946 1242 et
1973 1193 2196 1259 peccati

2326 1189 2453 1259 κράν
2485 1185 2766 1258 ἀφέστηκεν
2821 1187 2904 1259 ἀφ’
2946 1190 3108 1259 ἡμῶν.
3155 1211 3180 1236 ››
3225 1191 3319 1241 Διά
3373 1193 3422 1240 τί
3468 1204 3480 1252 ;
3541 1211 3560 1237 ι
3616 1187 3770 1246 Πολλὴ
3801 1191 3887 1261 γαρ

564 1286 768 1337 nostra
788 1279 1224 1350 responderunt
1252 1278 1425 1334 nobis
1445 1295 1458 1344 ;
1482 1278 1626 1349 quia
1647 1276 1867 1332 scelera
1893 1281 2096 1332 nostra
2119 1291 2192 1331 no

2328 1278 2472 1347 ἡμῶν
2519 1277 2547 1333 ἡ
2584 1275 2767 1347 ἀνομία
2813 1275 3036 1328 ἐναντίον
3083 1295 3199 1343 σου,
3237 1281 3326 1328 xui
3383 1278 3439 1328 ui
3487 1276 3730 1349 ἁμαρτίαι
3766 1277 3890 1346 ἡμῶν

564 1370 822 1435 biscum,
863 1374 920 1425 et
948 1369 1289 1441 iniquitates
1321 1375 1562 1423 nostras
1596 1365 1989 1436 cognovimus
2027 1384 2040 1418 :
2083 1380 2191 1436 pec

2329 1364 2646 1422 ἀντέστησαν
2695 1367 2819 1436 ἡμῖν
2880 1381 2892 1394 ’
2943 1367 2998 1416 αἱ
3049 1368 3150 1437 γάρ
3205 1363 3412 1437 ἀνομίαι
3469 1367 3611 1436 ἡμῶν
3668 1365 3716 1416 ἐν
3765 1365 3889 1435 ημῖν,

566 1475 720 1523 care,
744 1465 800 1514 et
825 1459 1055 1516 mentiri
1081 1461 1287 1513 contra
1311 1455 1661 1522 Dominum;
1693 1459 1748 1511 et
1769 1454 1963 1511 aversi
1987 1470 2193 1509 sumus

2327 1460 2415 1506 xui
2466 1457 2530 1505 τὰ
2586 1451 2892 1525 ἀδικήματα
2951 1455 3095 1526 ἡμῶν
3131 1458 3353 1526 ἔγνωμεν
3386 1472 3397 1484 ·
3431 1453 3772 1525 ἠσεϐήσαμεν,
3817 1458 3894 1506 καὶ

565 1564 642 1605 ne
669 1549 891 1604 iremus
918 1552 1053 1620 post
1083 1551 1315 1618 tergum
1349 1545 1445 1600 Dei
1478 1545 1662 1600 nostri
1693 1545 1762 1598 ‘0.
1800 1566 1827 1594 ›»

2327 1543 2660 1614 ἐψευσάμεθα
2693 1561 2704 1572 ·
2750 1548 2838 1595 καὶ
2884 1542 3186 1616 ἀπέστημεν
3244 1542 3346 1596 ἀπὸ
3398 1545 3608 1596 ὄπισθεν
3653 1550 3738 1595 τοῦ
3779 1549 3892 1594 Θεοῦ

2326 1634 2492 1705 ἡμῶν.
2541 1655 2560 1681 ι

636 1725 828 1796 Atque
868 1721 1216 1793 hujusmodi
1255 1719 1540 1793 loquendi
1583 1719 1778 1776 modis
1817 1722 2044 1774 scatent
2092 1722 2217 1773 tum
2252 1746 2265 1801 ι

2265 1746 2296 1800 Β
2402 1725 2501 1774 Καὶ
2554 1720 2717 1793 πλήρη
2751 1730 2849 1773 τῶν
2903 1724 3150 1774 τοιούτων
3198 1726 3444 1796 χρήσεων
3500 1723 3564 1772 τά
3615 1739 3666 1772 τε
3714 1719 3894 1771 Ῑιαλαιά

565 1812 788 1868 Veteris
834 1811 1190 1867 Testamenti
1225 1810 1530 1880 doctrinae,
1574 1813 1699 1864 tum
1739 1825 1844 1874 eae,
1889 1809 1947 1864 in
1997 1806 2194 1879 quiqu

2329 1813 2643 1882 Μαθὴματα,
2672 1817 2758 1862 καὶ
2777 1810 2822 1861 £1:
2842 1812 2914 1871 οἷς
2937 1813 2964 1868 ἡ
2996 1815 3152 1884 χάρις
3175 1809 3584 1872 ἀνακαινίζεται.
3611 1805 3712 1862 Ποῦ
3743 1813 3890 1860 τοίνυν

567 1902 759 1972 gratia
787 1901 1122 1956 innovatur.
1158 1899 1264 1955 Ubi
1289 1915 1430 1969 ergo
1452 1905 1606 1954 esset
1631 1898 1944 1970 sapientia,
1972 1904 2028 1952 et
2054 1896 2193 1952 intel

2329 1905 2532 1970 σοφίας,
2565 1904 2653 1950 καὶ
2687 1904 2954 1967 συνέσεως,
2989 1908 3078 1960 τῆς
3105 1901 3262 1960 αὐτῆς
3288 1907 3374 1951 νῦν
3405 1903 3497 1971 μὲν
3537 1894 3891 1960 διδασκούσης,

564 1990 827 2064 ligentia,
862 1990 912 2045 si
942 1990 1077 2061 ipsa
1106 1988 1286 2045 modo
1326 1988 1571 2059 quidem
1602 1987 1858 2053 doceret,
1889 1986 2050 2058 quod
2083 2001 2191 2057 pec

2325 1992 2394 2049 ὼς
2420 1985 2495 2045 εἴη
2525 1998 2612 2048 τῆς
2657 1989 2930 2063 ἁμαρτίας,
2982 1994 3071 2041 καὶ
3102 1988 3438 2061 ἀποστροφῆς
3484 1991 3645 2040 αἴτιον
3674 1988 3702 2044 ἡ
3735 1985 3849 2057 ὀργή
3881 2003 3890 2014 ·

567 2082 683 2136 cati
713 2080 918 2145 nostri,
953 2084 1009 2136 et
1036 2078 1378 2134 aversiones
1409 2077 1620 2133 divina:
1653 2092 1836 2133 causa
1865 2077 1938 2131 sit
1967 2076 2066 2131 Dei
2093 2076 2196 2140 ira

2323 2085 2410 2129 νῦν
2441 2074 2498 2130 δε
2545 2081 2636 2135 τὴν
2670 2077 3028 2150 ἀποστροφὴν,
3078 2082 3168 2130 καὶ
3205 2082 3292 2135 τὴν
3334 2077 3496 2149 ὀργὴν
3525 2081 3616 2134 τὴν
3664 2074 3894 2146 ἁμαρτίαν

565 2169 750 2226 modo
775 2173 997 2239 autem,
1021 2167 1182 2239 quod
1206 2171 1520 2239 peccatum
1549 2165 1736 2237 pariat
1761 2165 2134 2221 aversionem
2160 2179 2192 2219 e

973 2211 997 2239 η,
1021 2167 1182 2239 quod
1206 2171 1520 2239 peccatum
1549 2165 1736 2237 pariat
1761 2165 2134 2221 aversionem
2160 2169 2217 2219 et
2325 2165 2602 2219 ἀποτελεῖν.

564 2259 718 2316 iram
739 2259 766 2314 ‘2

636 2349 708 2403 At
727 2347 925 2404 isthmc
942 2346 1388 2413 commentatio,
1413 2349 1469 2401 et
1484 2343 2028 2401 considerationum
2049 2343 2216 2399 indu-

2397 2340 2529 2392 Ἀλλ’
2581 2343 2710 2398 αὕτη
2769 2343 2857 2412 μὲν
2915 2343 2944 2398 ἡ
3019 2342 3364 2407 συνεξέτασις,
3433 2347 3526 2394 xui
3590 2340 3762 2414 μελέτη
3812 2347 3895 2390 τῶν

567 2436 711 2493 stria
736 2437 1060 2492 luculenter
1089 2435 1336 2507 quidem
1369 2434 1641 2504 exposuit
1666 2432 1970 2488 oraculum
2003 2447 2192 2504 propo

2324 2429 2609 2502 λογισμῶν,
2643 2432 2723 2482 ὅτι
2751 2433 2840 2502 μὲν
2871 2431 2929 2482 ού
2967 2428 3121 2490 δῆλοι
3166 2436 3224 2483 τὸ
3273 2439 3465 2503 Λογιον
3497 2435 3792 2502 κατάρχειν,
3820 2439 3897 2488 τῆς

565 2525 746 2580 situm
767 2541 886 2580 non
907 2524 1236 2588 ostendere,
1261 2523 1423 2595 quod
1442 2523 1526 2576 ira
1550 2528 1862 2593 peccatum
1882 2522 2176 2592 producat

2325 2519 2582 2591 ἁμαρτίας
2626 2524 2719 2577 τὴν
2769 2518 2949 2593 ὀργὴν,
2992 2524 3290 2593 παρέστησε
3337 2521 3612 2591 τηλαυγῶς
3667 2538 3678 2548 °
3721 2524 3766 2571 τί
3794 2535 3895 2570 ποτε

557 2613 706 2685 quid
733 2619 935 2669 autem
963 2614 1163 2685 ipsum
1189 2611 1502 2668 oraculum
1534 2611 1761 2674 innuat,
1789 2611 2059 2665 nondum
2089 2625 2186 2681 per

2327 2605 2385 2660 δέ
2424 2609 2537 2660 ἐστι
2578 2613 2636 2660 τὸ
2670 2605 2990 2680 δηλούμενον
3035 2611 3121 2661 ὑπ’
3174 2610 3352 2674 αὐτοῦ,
3386 2611 3563 2663 οὐκέτι
3603 2612 3782 2681 ὁμοίως
3817 2609 3895 2658 υπ-

557 2704 762 2774 spicue
791 2701 1135 2759 declaravit.
1163 2700 1357 2756 Altero
1391 2701 1591 2772 itaque
1617 2700 2004 2772 expositionis
2032 2699 2186 2754 modi

2327 2694 2511 2759 ἐδειξεν
2587 2697 2834 2769 ἐμφανῶς.
2927 2699 3126 2750 Οὔκουν
3203 2708 3294 2760 τῆς
3370 2699 3549 2771 ἐτέρας
3610 2696 3896 2766 ἐπισκῄιιεως

557 2797 819 2857 utamur,
853 2795 1105 2863 oportet,
1137 2805 1208 2846 ac
1238 2789 1486 2846 fortasse
1515 2805 1587 2845 ea
1621 2788 1797 2844 verba
1826 2788 1940 2844 hoc
1973 2787 2089 2843 sibi
2121 2804 2186 2843 vo

2323 2789 2569 2861 τρόπονή
2625 2793 2783 2859 χρεία
2837 2786 3146 2859 παρακαλεῖ,
3205 2794 3294 2841 xui
3360 2792 3489 2848 ἴσως
3539 2787 3598 2839 ἆν
3658 2785 3807 2838 ἐθέλοι
3843 2786 3897 2835 τά

552 2879 684 2936 lunt
724 2895 735 2935 :
781 2900 810 2932 (ι
851 2883 972 2936 lras
1001 2879 1246 2952 quidem
1277 2878 1516 2934 aliunde
1547 2879 1607 2934 in
1645 2893 1757 2933 nos
1795 2879 2070 2934 excitatas
2112 2884 2181 2937 tu;

2321 2875 2473 2947 λόγια
2532 2873 2723 2934 δηλοῦν
2759 2893 2770 2904 ·
2818 2899 2836 2925 ι
2868 2875 2952 2937 Ὠς
2997 2879 3089 2936 τάς
3140 2880 3229 2948 μὲν
3281 2876 3571 2946 ἀλλαχόθεν
3621 2878 3896 2946 κινουμένας

554 2967 927 3041 propulsavit
948 2968 1265 3025 clementia
1287 2983 1355 3024 ac
1380 2966 1826 3023 misericordia:
1856 2983 2043 3038 quare
2064 2967 2183 3022 dun

2324 2965 2483 3038 ὀργάς
2535 2967 2562 3023 ἡ
2645 2970 2709 3022 σὴ
2770 2964 3016 3026 πολλάκις
3090 2964 3306 3035 ἀνέκοψε
3368 2966 3743 3039 φιλανθρωπία,
3821 2966 3897 3014 καὶ

554 3058 729 3115 nobis
767 3073 930 3114 error
960 3059 1358 3130 impendebat,
1393 3057 1660 3129 dumque
1692 3057 2068 3126 insurgentes
2107 3055 2183 3112 ho

2262 3091 2286 3110 ρ,
2325 3056 2622 3125 συμπάθεια
2682 3071 2693 3083 ·
2747 3051 2831 3105 διὸ
2888 3060 2977 3105 καὶ
3047 3053 3290 3125 ἁμαρτεῖν
3352 3056 3502 3126 ἡμῶν
3577 3055 3891 3127 προθεμένων,

2262 3127 2288 3146 α
2623 3144 2638 3146 _.
2860 3141 2871 3146 ι
3216 3142 3225 3146 -
3531 3142 3541 3146 -
3853 3143 3859 3146 .

554 3152 672 3203 stes
694 3147 1004 3203 irruebant
1033 3146 1094 3201 in
1121 3162 1252 3212 nos,
1283 3151 1345 3201 ut
1371 3146 1458 3201 eis
1483 3152 1684 3201 nostra
1714 3145 1856 3201 ultio
1883 3146 2183 3201 committe

2264 3141 2407 3193 ’καὶ
2464 3147 2556 3200 τὴν
2605 3144 2803 3213 ἄμυναν
2851 3141 3138 3214 ἐπιτρέπειν
3206 3142 3428 3211 ἑαυτοῖς,
3523 3142 3572 3195 ἐν
3655 3150 3723 3211 τῷ
3790 3143 3893 3200 τοὺς

552 3241 747 3303 retur;
789 3235 1160 3308 preveniens
1194 3240 1296 3291 tua
1332 3235 1540 3304 gratia,
1574 3240 1751 3305 atque
1781 3235 2118 3306 benignitas
2158 3251 2181 3289 ε

2321 3230 2751 3302 ἐπανισταμένούς
2783 3232 2899 3282 καθ’
2933 3233 3077 3302 ἡμῶν
3100 3234 3362 3304 φέρεσθαι,
3396 3233 3426 3290 ἡ
3466 3237 3533 3291 σὴ
3569 3233 3894 3304 προφθάσασα

552 3323 785 3396 disjecit
813 3324 1052 3380 illorum
1085 3324 1423 3391 consilium,
1458 3329 1513 3379 et
1542 3339 1653 3378 nos
1682 3328 1804 3378 tam
1838 3322 1914 3378 ab
1947 3324 2181 3394 ipsorum

2319 3324 2501 3393 χάρις,
2553 3325 2641 3372 xui
2687 3319 2916 3392 εύμενεία
2971 3325 3060 3372 καὶ
3110 3325 3203 3378 τὴν
3279 3319 3485 3372 ἐκείνων
3551 3321 3768 3373 ἐπίνοιαν
3825 3314 3894 3370 ὄι-

553 3412 798 3484 impetu,
827 3429 1009 3485 quam
1031 3429 1068 3470 a
1090 3419 1294 3468 nostro
1315 3428 1511 3467 errore
1539 3412 1770 3483 eripuit.
1795 3412 1964 3468 Nunc
1987 3418 2182 3468 autem

2321 3407 2593 3474 εσκέὸασε,
2653 3414 2742 3460 καὶ
2795 3410 2930 3480 ἡμᾶς
2979 3410 3223 3484 ἑκατέρας
3271 3410 3456 3483 ὁρμῆς,
3516 3415 3603 3462 καὶ
3661 3409 3894 3482 ἁμαρτίας

551 3507 874 3574 postquam
899 3501 1042 3557 nihil
1063 3501 1415 3572 hujusmodi
1439 3516 1476 3556 a
1495 3505 1600 3556 tua
1617 3500 1993 3572 providentia
2014 3500 2180 3572 dispo

2320 3499 2602 3571 ἐξήρπασε.
2625 3506 2732 3551 Νῦν
2770 3495 2829 3550 δι
2860 3494 3040 3556 ἐπειδὴ
3087 3494 3253 3569 μηδὲν
3281 3501 3465 3571 ὁρᾶται
3500 3506 3728 3552 τοιοῦτον
3768 3497 3894 3569 παρά

552 3591 729 3646 situm
769 3592 1154 3662 conspicitur,
1200 3590 1304 3644 sed
1337 3605 1445 3661 pro
1478 3595 1577 3645 tua
1603 3589 1970 3658 benignitate
2011 3595 2065 3644 et
2101 3590 2181 3644 cle

2318 3596 2410 3649 τῆς
2443 3596 2538 3648 σῆς
2604 3593 2842 3657 προνοίας
2884 3587 3306 3660 οἰκονομούμενον
3364 3605 3375 3617 ·
3412 3588 3523 3640 ἀλλ’
3556 3587 3654 3640 ἀπὸ
3685 3595 3774 3647 τῆς
3814 3592 3893 3643 σῆς

549 3681 774 3736 mentia
803 3679 1058 3749 insurgit
1080 3679 1206 3747 ira;
1240 3679 1364 3734 sine
1395 3677 1844 3750 impedimento,
1880 3683 2083 3750 utpote
2113 3695 2178 3734 ne

2320 3675 2658 3747 ἀγαθότητος,
2704 3681 2794 3728 xui
2827 3675 3213 3749 φιλανθρωπίας
3256 3679 3284 3734 η
3340 3676 3472 3750 ὀργή
3508 3717 3520 3729 .
3553 3682 3641 3729 καὶ
3666 3679 3720 3728 τὸ
3751 3675 3895 3747 ἀμαρ-

551 3769 712 3825 mine
751 3768 1123 3841 prohibente,
1166 3769 1452 3839 sequitur,
1499 3774 1560 3824 ut
1598 3784 1711 3823 nos
1751 3783 2042 3824 erremus.
2090 3768 2174 3824 Illi

2318 3774 2419 3818 τεῑν
2487 3769 2643 3838 ἡμᾶς,
2717 3769 2785 3826 ὡς
2844 3762 3074 3837 μηδενός
3150 3765 3570 3830 ἀναστέλλοντος,
3647 3763 3892 3822 ἀκωλύτως

550 3858 708 3915 enim
737 3857 926 3914 multa
946 3864 1113 3914 erant
1142 3857 1345 3914 salutis
1372 3864 1592 3913 nostra;
1619 3857 1911 3929 perfugia,
1940 3858 2081 3930 quia
2109 3864 2179 3913 tu;

2318 3857 2513 3911 ἕπεται,
2557 3855 2689 3907 Ἐκεῖ
2740 3858 2828 3926 μὲν
2885 3857 2986 3929 γὰρ
3039 3854 3224 3907 πολλαὶ
3275 3863 3368 3916 τῆς
3440 3857 3693 3927 ἡμετέρας
3747 3870 3892 3908 σωτη·

549 3946 850 4004 miseratio
879 3952 936 4003 et
965 3947 1337 4018 providentia
1371 3951 1642 4002 nostram
1675 3946 1919 4016 regebat
1949 3946 2178 4002 imbecil

2314 3951 2428 4020 ρίας
2459 3948 2512 3996 αἱ
2565 3943 2815 4017 ἀφορμαὶ,
2872 3954 2967 4005 τῆς
2997 3952 3094 4005 σῆς
3147 3947 3495 4016 συμπαθείας,
3547 3949 3635 3997 καὶ
3680 3947 3893 4017 προνοίας

546 4035 774 4092 litatem
827 4056 840 4095 :
892 4037 987 4092 hic
1025 4042 1248 4099 autem,
1290 4035 1432 4107 quia
1469 4036 1558 4092 ira
1595 4052 1702 4108 per
1748 4042 2020 4091 nostrum
2065 4052 2175 4108 erg.

2319 4037 2648 4104 συνεχούσης
2687 4035 2831 4104 ἡμῶν
2857 4035 2915 4084 τό
2947 4033 3211 4085 εύολισθον
3241 4054 3253 4066 ο
3291 4033 3515 4087 ἐνταῦθα
3540 4031 3598 4088 6".-
3633 4042 3720 4093 τῆς
3751 4031 3890 4104 ὀργῆς

547 4125 689 4182 vitia
716 4126 992 4182 ardorem
1023 4125 1268 4181 incensa
1298 4131 1404 4192 est,
1438 4131 1493 4182 et
1516 4140 1696 4181 nemo
1723 4125 2011 4197 impetum
2045 4139 2176 4182 coer

2315 4122 2369 4175 ἐκ
2400 4131 2493 4186 τῆς
2542 4126 2685 4194 ἡμῶν
2717 4126 2846 4196 πρὸς
2884 4125 2950 4174 τὰ
2997 4124 3140 4180 πάθη
3193 4128 3472 4197 πυρώσεως
3530 4121 3892 4197 ἀναρριπισθεί-

548 4220 658 4284 cet,
689 4216 803 4288 ipsi
833 4215 1054 4272 nostris
1088 4214 1356 4272 consiliis
1391 4215 1450 4271 in
1483 4216 1680 4286 ipsam
1712 4216 1938 4287 peccati
1967 4215 2177 4272 fovean

2318 4232 2436 4281 σης,
2498 4216 2587 4263 καὶ
2647 4208 2872 4283 μηθενὸς
2919 4215 3012 4269 τήν
3055 4213 3212 4285 φορὰν
3265 4211 3566 4284 ἐπέχοντος,
3613 4212 3780 4270 αὐτοῖς
3823 4208 3891 4259 λο-

546 4305 814 4377 prolapsi
849 4321 1082 4362 sumus.
1113 4327 1142 4355 »

2312 4310 2524 4374 γισμοῐς
2555 4302 2622 4362 εἰς
2656 4304 2809 4352 αὑτὸν
2840 4304 2923 4353 τὸν
2948 4309 3040 4362 τῆς
3082 4301 3338 4377 ἁμαρτίας
3367 4300 3590 4373 βόθυνον
3617 4301 3889 4358 ὤλισθήσα·

2235 4411 2277 4465 D
2311 4411 2420 4464 μεν.
2446 4412 2472 4443 ))

617 4482 904 4539 Caeterum
940 4487 1264 4555 postquam
1305 4481 1417 4548 ille,
1451 4481 1555 4555 qui
1585 4486 1816 4549 cuncta,
1862 4487 1918 4539 et
1954 4482 2199 4556 quidem

2382 4478 2577 4539 Ἀλλως
2652 4498 2705 4530 τε
2772 4476 2830 4532 δε
2886 4475 3094 4531 ἐπειδὰν
3160 4481 3185 4531 ό
3242 4480 3411 4532 πάντα
3478 4477 3752 4553 προειδὼς,
3814 4478 3892 4526 καὶ

546 4570 759 4627 melius
791 4578 927 4627 ante
963 4573 1346 4636 creationem,
1388 4587 1576 4643 quam
1613 4572 1661 4626 si
1697 4575 1895 4628 creata
1932 4571 2175 4626 fuissent

2311 4577 2559 4642 κρεῖττον,
2597 4569 2622 4626 ἦ
2680 4571 2749 4630 ὡς
2797 4573 3061 4640 γεγονότα,
3117 4572 3216 4643 πρὸ
3263 4573 3530 4640 γενέσεως,
3566 4573 3624 4622 τὸ
3657 4577 3748 4629 τῆς
3777 4571 3892 4637 γνώ·

545 4661 835 4732 praevidit,
886 4659 1073 4716 animi
1116 4666 1172 4716 et
1211 4659 1444 4716 consilii
1483 4661 1670 4715 nostri
1711 4660 2070 4731 pravitatem
2114 4659 2174 4715 in

2311 4678 2409 4730 μης
2442 4654 2650 4730 φαῦλον,
2700 4663 2787 4710 καὶ
2839 4666 2930 4718 τῆς
2967 4657 3179 4730 μελέτης
3221 4666 3281 4730 τῇ
3328 4655 3606 4729 ἀδεκάστῳ
3654 4659 3894 4728 ζυγοστα-

544 4753 826 4820 corrupta
856 4748 1202 4820 expenderit
1226 4749 1473 4818 justitia,
1508 4747 1781 4819 iramque
1811 4765 1950 4804 cum
1975 4749 2173 4818 judici:

2311 4754 2449 4819 τήσῃ
2483 4744 2631 4816 δίκη,
2658 4752 2746 4799 καὶ
2780 4751 2868 4805 τὴν
2909 4746 3068 4819 ὀργὴν
3101 4747 3309 4819 συνάψῃ
3342 4756 3404 4820 τῇ
3438 4752 3633 4822 κρίσει,
3677 4751 3764 4798 xui
3810 4748 3892 4801 τὴν

546 4836 938 4908 conjunxerit,
986 4843 1042 4892 et
1066 4837 1294 4908 peccati
1323 4853 1565 4908 pmnam
1597 4837 2002 4904 constituerit;
2052 4839 2175 4892 duu

2312 4836 2534 4910 ἀμοιϐὴν
2589 4836 2736 4909 ὁρίσῃ
2792 4844 2882 4888 τοῦ
2922 4837 3292 4908 ἁμαρτήματος
3339 4855 3351 4867 ·
3407 4838 3544 4889 οὕτω
3593 4844 3687 4897 τῆς
3729 4833 3890 4906 φιλαν-

545 4926 752 4984 divina
779 4926 1092 4982 clementia
1117 4941 1187 4981 ac
1213 4925 1548 4996 benignitas
1578 4926 1659 4982 ita
1689 4927 1748 4982 in
1775 4942 1886 4982 nos
1911 4943 1971 4982 se
1998 4926 2174 4982 habet

2314 4929 2560 4998 θρωπίας,
2627 4930 2713 4977 καὶ
2777 4923 3099 4996 ἀγαθὸτητος
3170 4930 3290 5000 περὶ
3368 4927 3505 4998 ἡμᾶς
3579 4921 3891 4995 διακειμένης

544 5015 680 5087 quis
726 5015 1031 5072 decretum
1076 5031 1378 5079 revocare,
1419 5014 1556 5087 quis
1605 5015 1922 5071 adversam
1972 5023 2173 5072 senten

2309 5021 2385 5074 τίς
2415 5018 2504 5087 μὲν
2557 5013 2856 5066 ἀναστεῖλαι
2883 5019 2976 5072 τὴν
3017 5013 3213 5087 ψῆφον,
3257 5019 3336 5076 τίς
3394 5011 3453 5068 δὲ
3505 5019 3602 5072 τὴν
3649 5013 3890 5085 ἀπόφασιν

547 5105 690 5162 tiam
720 5109 983 5177 tempore
1009 5104 1189 5159 lenire
1216 5102 1471 5176 poterit?
1495 5104 1660 5176 quod
1685 5104 1928 5177 quidem
1956 5103 2038 5160 ibi
2063 5120 2174 5160 con

2310 5110 2486 5178 χρόνῳ
2541 5111 2767 5177 πραϋναι
2807 5100 3090 5162 δυνήσεται
3163 5105 3284 5180 ὅπερ
3329 5105 3498 5156 εἴωθεν
3551 5098 3889 5173 ἀπαντᾷ-ν,ὶᾷ

618 5232 666 5267 ⁴⁰
692 5231 808 5287 lsa.
840 5245 955 5294 le,
995 5235 1076 5297 ll,
1107 5230 1194 5298 t2,
1227 5232 1310 5285 l3.

2107 5354 2307 5415 ΝΟΤᾸΞ
2318 5400 2331 5414 .

581 5481 728 5564 ,(30)
764 5480 883 5564 lsa.
923 5495 1034 5551 ιιι,
1077 5483 1098 5536 1
1135 5483 1190 5538 et
1220 5485 1272 5538 2.
1307 5485 1370 5540 In
1400 5481 1515 5541 hoc
1547 5485 1750 5542 autem
1781 5486 1837 5542 et
1866 5485 2138 5558 sequenti
2170 5484 2336 5542 Isaiae
2367 5484 2499 5540 loco
2529 5481 2774 5540 Photius
2807 5482 2936 5540 LXX
2966 5480 3236 5552 viralem,
3277 5496 3390 5556 ego
3427 5479 3742 5555 Vulgatem
3779 5492 3896 5535 ver-

545 5554 775 5616 sionem
808 5554 882 5610 de
909 5570 1074 5610 more
1106 5570 1344 5628 sequar.
