4126 6190
199 237 290 306 2793
1203 235 1298 302 AD
1337 233 1878 306 AMPHILOCHIUM
1919 247 2247 318 QUESTIO
2287 243 2462 310 XLII.

3407 249 3512 317 994

197 377 322 432 ὧνὴ
381 373 504 447 ὀργὴ
559 371 904 446 προλαμϐάνει
957 374 1046 426 τὸν
1097 377 1288 445 χρόνον
1343 382 1438 436 τῆς
1500 379 1765 452 κρίσεωςς

1891 375 2098 446 :ingere
2150 377 2317 442 solet,
2368 377 2468 434 ubi
2519 377 2729 448 judicii
2781 387 3018 449 tempus
3071 380 3155 436 ira
3202 382 3530 438 antevertit.

195 467 376 516 Οὐκοῦν
404 469 494 520 την
541 467 626 533 μὲν
667 467 877 520 κίνησιν
929 470 1023 523 τῆς
1055 462 1218 536 ὀργῆς
1260 469 1348 516 καὶ
1375 469 1510 517 κατὰ
1542 464 1764 536 σχολὴν,

194 560 269 606 καὶ
309 553 516 625 μελέτην
557 561 652 604 τῶν
678 560 914 624 πονηρῶν
969 553 1116 624 ἡμῶν
1163 555 1492 624 ἐνθυμήσεων
1545 553 1769 626 παροξύ-

193 663 254 696 νει
299 639 520 716 πρόοδος
559 662 573 674 υ
612 643 640 699 ἡ
711 638 769 694 δὲ
823 641 1008 694 ἐκεῖθεν
1059 642 1380 712 τολμηθεῖσα
1437 645 1623 718 πρᾶξις
1681 645 1769 702 τὰς

194 734 242 785 ἐκ
291 740 380 792 τῆς
447 731 603 802 ὀργῆς
663 735 1016 806 τιμωρητικὰς
1077 731 1287 803 ψήφους
1355 734 1764 805 προύκαλέσατο,

197 827 282 876 Καὶ
318 817 490 884 δῆλον,
535 822 603 880 ὡς
651 824 710 872 τὸ
763 817 1115 880 ἀδυσώπητον
1164 830 1254 882 τῆς
1307 822 1482 897 ὀργῆς,
1523 829 1612 876 καὶ
1651 824 1769 898 ἀμε·

193 913 472 985 τάτρεπτον,
521 915 610 962 καὶ
659 908 916 962 ἀκώλυτον
979 911 1006 961 ὁ
1055 910 1375 984 Ἰεροφάντης
1427 923 1770 986 παραστῆσαι

193 999 502 1072 βουλόμενος,
557 1001 622 1058 ὡς
680 995 992 1072 σύνδρομον,
1049 1004 1139 1052 καὶ
1191 1003 1480 1074 προφθάνον
1519 1013 1591 1072 τῷ
1638 1003 1769 1075 λόγῳ

195 1086 422 1140 ὅιᾶαϐεν.
473 1087 530 1140 Ἠ
603 1091 706 1159 γὰρ
779 1097 879 1140 τῶν
954 1090 1262 1160 φθασάντων
1346 1090 1624 1152 κολάσεων,
1681 1098 1770 1145 καὶ

193 1186 446 1252 τιμωριῶν,
495 1176 572 1249 ἐρ’
626 1179 706 1238 οἷς
761 1179 1080 1251 ἡμάρτομεν,
1125 1184 1322 1252 κρίσις,
1383 1186 1472 1232 καὶ
1519 1181 1647 1254 ὀργὴ
1701 1191 1770 1252 τῷ

191 1266 431 1337 ἀκωλύτῳ,
483 1273 574 1318 καὶ
622 1267 882 1339 ἀτρέπτῳ,
927 1272 1016 1320 καὶ
1063 1265 1400 1340 ἀδυσωπήτῳ
1443 1276 1770 1345 συναπαρτί-

191 1356 318 1416 ζιται
343 1359 428 1406 καὶ
465 1360 788 1427 περαίνεται.

251 1532 302 1586 Εἰ
337 1530 508 1604 βούλει
565 1530 652 1602 δὲ,
705 1538 796 1585 καὶ
845 1530 984 1586 διότι
1032 1536 1090 1586 1'6
1135 1542 1226 1594 τῆς
1277 1533 1434 1607 ὀργῆς
1477 1537 1678 1597 πάντως
1721 1537 1772 1588 ἐν

191 1627 338 1692 κρίσει
375 1629 459 1672 νῦν
513 1625 608 1693 μεν
665 1622 920 1696 ὁρίζεται,
979 1629 1066 1674 νῦν
1121 1619 1179 1676 δε
1231 1632 1330 1675 τῶν
1364 1623 1550 1696 ψήφων
1581 1623 1772 1696 ἐξενεχ·

1877 465 2080 537 Itaque
2110 466 2328 522 divinae
2347 468 2444 522 irae
2465 473 2690 524 motum
2709 467 2974 524 incendit
2992 468 3404 542 improbatum
3429 486 3534 527 no-

1879 559 2136 610 strarum
2169 557 2558 626 cupiditatum
2592 558 2933 628 progressio
2964 557 3119 614 facta
3151 563 3207 614 et
3245 575 3350 632 per
3377 559 3533 616 dele-

1879 643 2196 698 ctationem
2229 660 2530 700 morosam
2573 651 2626 700 et
2671 661 2778 718 per
2807 646 3300 704 deliberationem
3335 666 3347 704 :
3378 663 3534 722 opus

1878 737 2076 787 autem
2098 733 2236 788 inde
2262 739 2664 806 perpetratum
2689 734 2990 792 decretum
3017 737 3340 807 punitionis
3362 738 3440 792 ab
3466 754 3537 794 ea

1879 821 1966 876 ira
1991 820 2052 876 in
2084 837 2194 876 nos
2219 822 2552 878 concitavit.
2585 826 2666 878 Ac
2711 829 2870 895 patet
2899 825 3080 896 quod,
3117 830 3178 881 ut
3205 828 3355 882 iram
3386 825 3535 880 divi-

1879 926 2022 966 nam
2053 927 2174 966 non
2221 919 2399 984 posse
2429 914 2682 980 exorari,
2715 913 2890 980 ﬂecti,
2925 930 2996 969 ac
3025 915 3298 988 impediri
3351 914 3539 986 signi—

1877 999 2082 1056 ficaret
2107 1000 2420 1072 propheta,
2439 1001 2498 1056 in
2515 1001 2792 1057 adductis
2807 1001 3004 1058 verbis
3025 1019 3160 1058 eam
3177 1003 3354 1076 quasi
3371 1003 3538 1074 operi

1879 1095 2352 1153 concurrentem,
2395 1095 2450 1146 et
2482 1093 2942 1161 praevenientem
2993 1093 3305 1164 acceperit.
3360 1093 3538 1148 Casti-

1880 1178 2188 1248 gationum
2223 1179 2382 1234 enim
2415 1179 2849 1252 ultionumque,
2883 1197 3018 1252 quae
3044 1181 3122 1236 ob
3157 1187 3364 1238 nostra
3399 1197 3541 1252 pec-

1880 1271 2011 1322 cata
2040 1273 2476 1338 processerunt,
2500 1267 2794 1340 judicium
2821 1274 2878 1324 et
2897 1270 2986 1326 ira
3001 1270 3056 1323 vi
3087 1269 3374 1342 quadam,
3402 1285 3538 1344 qua:

1879 1355 2180 1427 impediri,
2213 1355 2366 1412 ﬂecti
2393 1363 2446 1412 et
2473 1358 2702 1414 exorari
2733 1360 2959 1430 nequit,
2993 1359 3329 1432 explentur,
3359 1364 3539 1432 atque

1880 1444 1958 1500 ad
1989 1444 2214 1502 exitum
2251 1445 2680 1516 perducuntur.

1954 1532 2012 1588 Si
2043 1533 2126 1588 vis
2157 1539 2376 1598 autem,
2399 1535 2544 1606 quia
2566 1533 2656 1590 ira
2685 1535 2868 1591 modo
2898 1535 3143 1608 quidem
3171 1535 3540 1608 solojudicio

1881 1622 2131 1678 omnino
2164 1623 2532 1693 terminatur,
2565 1624 2748 1680 modo
2781 1629 2982 1680 autem
3016 1625 3174 1682 edito
3200 1625 3433 1682 decreto
3464 1626 3541 1682 ad

193 1711 352 1762 θέντων
403 1709 474 1771 εἰς
527 1713 684 1784 ἔργον
733 1713 1038 1782 προάγεται,
1095 1714 1152 1764 τὸ
1211 1715 1301 1784 μὲν
1343 1717 1662 1785 κινουμένης,
1716 1717 1773 1766 τὸ

1891 1711 2326 1768 exsecutionem
2357 1713 2735 1784 progreditur
2767 1731 2780 1780 ;
2815 1719 2994 1786 atque
3021 1713 3158 1770 illud
3184 1714 3428 1786 quidem
3455 1718 3546 1770 est

195 1795 242 1851 δὲ
281 1803 639 1872 πεπραγμένης
688 1807 778 1859 τῆς
831 1799 1105 1872 ἁμαρτίας,
1163 1805 1318 1872 φησίν
1351 1822 1362 1833 ·
1405 1823 1432 1850 ιι
1465 1799 1772 1874 Ὠργίσθης,

193 1892 262 1938 καὶ
321 1890 464 1960 ἡμεῖς
516 1891 840 1962 ἡμάρτομεν.
901 1909 930 1938 ››
983 1887 1462 1964 Ἐπιμεριζομένης,
1522 1893 1624 1964 γὰρ
1683 1899 1777 1952 τῆς

193 1975 350 2048 ὀργῆς,
397 1981 485 2028 καὶ
523 1981 664 2050 πρὸς
707 1980 766 2030 τὸ
825 1973 1002 2030 διττόν
1053 1974 1492 2050 διατυπουμένης,
1541 1985 1630 2032 καὶ
1683 1987 1778 2040 τῆς

193 2069 266 2116 μὲν
301 2063 344 2116 ἐν
367 2074 436 2136 τῷ
481 2067 752 2118 κινεῖσθαι
780 2069 875 2126 τὴν
905 2065 1185 2140 ἁμαρτίαν,
1218 2075 1308 2126 τῆς
1364 2063 1422 2118 δὲ
1471 2065 1518 2118 ἐν
1553 2075 1622 2136 τῷ
1663 2069 1778 2120 τολ-

190 2156 368 2224 μᾶσθαι
432 2157 810 2228 θεωρουμένης,
877 2157 904 2214 ἡ
974 2158 1065 2228 μὲν
1126 2161 1353 2228 προτέρα
1409 2159 1642 2230 φανερόν,
1701 2159 1780 2208 ότι

191 2249 267 2300 τὴν
309 2245 550 2316 ἔκθεσμον
613 2245 898 2317 προφθάνει
945 2244 1132 2319 πρᾶξιν
1177 2261 1188 2272 '
1225 2247 1254 2302 ἡ
1307 2241 1524 2316 δευτέρα
1567 2241 1626 2297 δὲ
1663 2265 1781 2296 συνο

189 2332 448 2396 ακολουθεῖ,
507 2338 603 2385 καὶ
654 2331 1156 2404 συγκαταϐάλλεται.
1204 2332 1366 2386 ’Ὥστε
1416 2339 1510 2393 τήν
1557 2354 1783 2406 κακουρ-

185 2425 284 2490 γίαν
334 2424 420 2494 μεν
462 2424 492 2479 ἡ
555 2425 700 2474 κατὰ
748 2427 840 2480 τὴν
899 2421 1112 2494 μελέτην
1165 2422 1294 2498 ὀργὴ
1350 2422 1705 2497 προλαμϐάνει
1765 2465 1778 2476 .

189 2511 236 2567 ἡν
277 2506 322 2562 δ’
371 2509 564 2582 ἀνῆψεν
627 2512 656 2566 ἡ
715 2510 900 2583 τόλμα,
967 2519 1402 2586 συμπαρομαρτεί
1451 2515 1638 2584 ταύτῃ,
1692 2523 1783 2572 καὶ

185 2603 546 2671 σννεπιφύεται.
605 2603 698 2652 Διό
747 2605 836 2652 καὶ
891 2603 1026 2652 κατὰ
1083 2605 1173 2672 μεν
1225 2605 1320 2660 τὴν
1367 2605 1620 2675 προτέραν
1667 2599 1784 2654 διά-

183 2708 304 2740 νοιαν
331 2689 494 2750 ἔξεστι
543 2690 718 2760 λέγειν
759 2686 1092 2751 ἀὸιστάκτως
1121 2709 1196 2754 τε,
1242 2695 1325 2742 καὶ
1381 2689 1777 2762 εύσεϐοφρόνως,

1501 2781 1778 2852 »ἡγὰρ

183 2871 301 2918 κατὰ
341 2867 554 2938 μελέτην
633 2867 764 2938 ὀργὴ
823 2870 1158 2940 προϋπάρχει
1211 2877 1302 2920 τοῦ
1357 2869 1730 2943 ἁμαρτήματος
1763 2887 1775 2898 ·

185 2953 255 3007 ἐπὶ
297 2951 350 3008 δὲ
387 2963 480 3018 τῆς
519 2953 799 3029 δευτέρας,
841 2959 958 3008 οὔτε
1003 2955 1248 3028 θεοφιλὲς,
1289 2960 1404 3009 οὔτε
1445 2957 1724 3010 ἀκόλουθον
1759 2975 1770 2987 '

183 2781 242 2838 ὡς
293 2799 318 2830 ιι
367 2779 688 2852 ’.(ὶργίσθῖς,
743 2783 832 2830 καὶ
883 2781 1034 2850 ἡμεῖς
1098 2781 1396 2852 ἡμάρτομεν
1433 2797 1444 2807 ·

1885 1816 1994 1874 pro
2025 1799 2257 1856 interno
2277 1802 2498 1872 peccati
2519 1807 2708 1866 motu,
2734 1802 2850 1858 hoc
2869 1818 3007 1860 vero
3027 1819 3137 1876 pro
3159 1809 3400 1860 externa
3413 1803 3542 1876 ejus

1887 1889 2326 1962 perpetratione
2359 1907 2374 1956 ;
2406 1890 2628 1948 idcirco
2678 1892 2970 1964 propheta
3002 1907 3015 1946 :
3055 1912 3081 1943 «
3114 1893 3302 1948 Iratus
3343 1909 3426 1960 es,
3460 1893 3545 1948 in-

1887 1979 2034 2050 quit,
2067 1983 2122 2032 et
2147 1993 2258 2034 nos
2286 1980 2688 2045 peccavimus.
2727 2001 2752 2030 ν
2787 1983 2934 2036 Cum
2966 1981 3128 2036 enim
3155 1981 3243 2038 ira
3273 1981 3370 2038 hic
3400 1980 3546 2036 divi-

1889 2067 2086 2132 datur,
2111 2067 2625 2140 distinguaturque
2649 2068 2710 2123 in
2733 2069 2886 2124 duas
2907 2076 3102 2142 partes
3129 2085 3142 2136 ;
3167 2075 3346 2142 atque
3364 2070 3548 2127 altera

1891 2155 2136 2228 quidem
2165 2156 2466 2212 internum
2498 2155 2726 2228 peccati
2757 2164 3014 2222 motum,
3061 2158 3245 2214 altera
3289 2174 3425 2214 vero
3451 2175 3547 2214 ex-

1893 2249 2122 2300 ternam
2155 2243 2282 2314 ejus
2309 2245 2810 2318 perpetrationem
2841 2247 3118 2318 respiciat
3152 2267 3164 2312 ;
3194 2251 3352 2318 patet
3381 2247 3546 2319 quod

1891 2334 2054 2405 prior
2073 2333 2174 2390 illa
2191 2333 2534 2405 improbum
2557 2337 2884 2406 praeveniat
2903 2350 3056 2406 opus
3083 2352 3095 2400 ;
3125 2335 3328 2391 istbaac
3345 2340 3546 2391 autem

1892 2423 2182 2494 posterior
2205 2428 2632 2494 consequatur,
2663 2423 2962 2496 simulque
2987 2424 3333 2480 descendat.
3355 2425 3548 2490 Quare

1893 2511 2172 2566 delictum
2201 2512 2442 2582 quidem
2467 2528 2537 2568 ea
2557 2512 2646 2568 ira
2668 2512 2986 2584 praevertit,
3005 2528 3140 2584 quise
3166 2513 3245 2568 ob
3263 2513 3550 2568 delibera-

1895 2593 2116 2656 tionem
2158 2607 2249 2656 est
2282 2617 2296 2666 ;
2329 2615 2401 2656 ea
2432 2617 2592 2666 vero,
2634 2617 2769 2672 quae
2821 2600 2900 2656 ob
2954 2617 3109 2674 opus
3141 2605 3548 2673 perpetratum

1891 2691 2244 2756 incenditur,
2276 2689 2423 2744 illud
2455 2690 2771 2746 comitatur
2800 2697 2978 2764 atque
3009 2691 3290 2748 adhaeret.
3325 2692 3550 2757 Quam-

1893 2778 2102 2834 obrem
2133 2779 2178 2834 si
2223 2779 2386 2850 prior
2415 2779 2502 2836 ira
2530 2779 2900 2850 respiciatur,
2936 2780 3061 2836 sine
3110 2778 3314 2845 dubio,
3345 2795 3414 2834 ac
3441 2779 3547 2834 im-

1885 2867 2129 2960 pietatis
2180 2874 2322 2924 nota
2367 2867 2841 2960 diceretasest
2869 2885 2888 2960 :_
2917 2871 3172 2960 (atratus
3202 2883 3284 2960 es,
3334 2873 3390 2923 et
3434 2883 3545 2926 nos

1890 2955 2272 3026 peccavimus
2303 2973 2316 3022 ;
2346 2975 2375 3008 »
2405 2956 2702 3026 siquidem
2721 2955 2811 3011 ira
2835 2955 2914 3011 ob
2935 2955 3424 3012 deliberationem
3449 2969 3544 3010 ex-

185 3044 235 3094 ού
261 3047 354 3116 γὰρ
393 3043 446 3096 ἐκ
477 3052 574 3104 τῆς
627 3043 784 3118 ὀργῆς
829 3044 1212 3119 ἁμαρτάνομεν,
1259 3044 1386 3098 ἀλλὰ
1429 3043 1566 3098 διότι
1615 3045 1777 3122 ἁμαρ-

1891 3045 2064 3102 citata
2117 3044 2396 3116 praecedit
2445 3044 2942 3114 perpetrationem
2975 3044 3204 3116 peccati
3235 3061 3250 3098 :
3284 3043 3330 3098 si
3359 3043 3543 3100 altera

187 3135 400 3205 τάνομεν,
436 3139 528 3192 τὴν
559 3133 734 3208 ὀργὴν
761 3131 1118 3206 ἐπισπώμεθα.

251 3399 622 3472 Παραπλήσιον
669 3395 718 3451 δ’
773 3398 834 3450 ἂν
891 3403 967 3456 εἴη
1018 3405 1126 3465 καὶ,
1185 3403 1228 3452 εἴ
1283 3421 1362 3462 τις
1409 3399 1634 3454 ἐντεῦθεν
1685 3405 1778 3460 τὴν

189 3487 332 3557 ὁρμὴν
403 3496 476 3558 τῷ
551 3489 700 3558 λόγῳ
759 3486 1086 3560 βαλλόμενος,
1161 3485 1254 3541 διὰ
1337 3489 1614 3562 λειοτέρου,
1690 3495 1778 3542 καὶ

187 3574 520 3647 οἰκτιζομένου
579 3581 842 3648 νοήματος
909 3573 1156 3639 ἐπιδείξει
1229 3583 1498 3652 φερόμενον
1542 3596 1553 3608 ·
1614 3599 1639 3630 ‹‹
1671 3579 1778 3636 οὐκ

189 3666 384 3735 ἐπίσχες
439 3671 534 3724 τὴν
617 3668 776 3740 ὁρμὴν
843 3667 1148 3728 κινηθείσης
1217 3669 1362 3739 ἡμῶν
1431 3675 1520 3727 τῆς
1573 3673 1778 3740 γνώμης

190 3751 262 3804 ἐπὶ
319 3757 406 3815 τὰς
467 3755 691 3828 πράξεις
749 3757 844 3816 τὰς
899 3756 1126 3828 πονηράς
1174 3776 1186 3788 ·
1247 3753 1374 3808 ἀλλὰ
1431 3767 1665 3830 προορῶν
1721 3761 1778 3810 τό

191 3839 534 3916 ἐκϐησόμενον,
587 3846 658 3904 ὡς
713 3841 990 3905 ἐκϐεϐηκὸς
1035 3845 1146 3916 (καὶ
1197 3847 1298 3917 γὰρ
1344 3851 1432 3898 καὶ
1465 3849 1522 3898 τὸ
1567 3845 1780 3918 ἁκατέρ-

189 3950 362 4000 γαστον
401 3935 544 4006 ἡμῶν
601 3936 666 3984 τὸ
709 3936 798 3984 σὸν
849 3938 1235 3986 πανεπίσκοπον
1285 3938 1428 4007 ὀξυμα
1474 3933 1672 4008 ἐφορᾷ),
1715 3943 1774 4006 τῇ

193 4019 354 4094 μελέτῃ
414 4031 514 4074 τῶν
573 4021 783 4094 φαύλων
849 4027 938 4074 καὶ
1003 4028 1094 4081 τὴν
1153 4023 1313 4098 ὀργὴν
1377 4022 1547 4076 λαϐεῖν
1606 4023 1780 4097 ἀρχὴν

193 4117 434 4182 παρέσχες
481 4117 762 4173 κινήσεως.
829 4115 1032 4172 Ταύτης
1094 4109 1152 4164 δὲ
1213 4112 1329 4164 καθ’
1397 4115 1542 4184 ἡμῶν
1599 4113 1646 4164 ἐν
1707 4121 1778 4184 τῷ

195 4205 409 4272 μετεώρῳ
481 4205 764 4274 φερομένης
837 4203 866 4258 ἡ
953 4201 1186 4273 ἁμαρτία
1249 4203 1560 4275 θρασύτερον
1637 4205 1780 4275 ἡμῶν

196 4283 430 4360 ἐπιπηδᾴ,
475 4295 564 4342 καὶ
603 4285 800 4362 ῥᾳδίαν
843 4290 1072 4363 εὑρίσκει
1126 4294 1214 4348 τὴν
1260 4289 1514 4364 πάροδον.
1564 4298 1634 4362 Τῇ
1677 4295 1778 4364 γὰρ

195 4383 528 4450 μισοπονηρίᾳ
607 4387 706 4440 τῆς
801 4386 896 4440 σῆς
969 4384 1088 4452 περὶ
1177 4380 1316 4451 ἡμᾶς
1399 4380 1782 4454 φιλανθρωπίας

197 4461 586 4534 ὑπενδιδούσης,
638 4473 730 4518 καὶ
786 4475 858 4538 τῷ
907 4464 1100 4538 δικαίῳ
1149 4476 1240 4528 τῆς
1291 4471 1610 4540 συμπαθείας
1659 4471 1782 4521 ὐπο-

197 4558 458 4625 χωρούσης
517 4556 774 4608 εὐάλωτον
831 4564 901 4628 τῷ
953 4555 1132 4629 ἐχθρῷ
1189 4560 1246 4608 τὸ
1307 4559 1518 4631 θήραμα
1561 4564 1778 4628 γίνεται.

199 4639 324 4694 Ἐπεὶ
366 4647 500 4718 εἰπερ
535 4642 598 4702 ἡν
644 4646 771 4716 ἡμῖν
811 4647 962 4698 πόθεν
1000 4650 1094 4703 την
1136 4650 1233 4702 σήν
1277 4647 1436 4720 ὀργὴν
1479 4651 1781 4718 κινουμένην

201 4729 262 4789 εἰς
288 4732 538 4804 εὐμένειαν
579 4730 854 4800 διαλῦσαι,
887 4739 976 4787 καὶ
1021 4736 1050 4792 ἡ
1087 4733 1320 4810 ἁμαρτία
1367 4734 1425 4786 ἀν
1469 4736 1539 4796 εἰς
1588 4733 1782 4788 δειλίαν

201 4823 250 4869 τό
297 4822 482 4894 θράσος
523 4823 844 4896 συνέστελλε,
887 4829 977 4878 καὶ
1029 4828 1086 4877 τὸ
1137 4827 1382 4898 ἡμέτερον
1433 4823 1782 4897 βοηθούμενόν

203 4926 266 4972 τε,
302 4917 384 4963 καὶ
430 4911 896 4986 ἀναρρωννύμενον,
945 4913 1134 4985 μᾶλλον
1178 4911 1237 4964 ἃν
1282 4913 1442 4972 αὐτῆς
1489 4917 1580 4971 τὴν
1622 4933 1782 4984 προσ-

203 4995 340 5056 ϐολὴν
393 4999 732 5071 ἀπεσείσατο,
788 5002 820 5061 ἡ
877 5009 985 5064 τοῖς
1041 5005 1238 5064 ταύτης
1297 5003 1573 5076 θηράτροις
1623 5001 1784 5056 ἐνέπε-

205 5103 296 5140 σεν.
339 5111 368 5141 ι)

263 5175 408 5238 Ἱσως
447 5175 496 5230 δ’
543 5177 606 5230 ἂν
642 5177 908 5254 ἐγγύτερον
962 5183 1036 5239 εἴη
1087 5181 1448 5254 θεωρούμενον,
1494 5181 1536 5232 εἰ
1581 5186 1668 5233 καὶ
1711 5187 1780 5253 μὴ

203 5273 305 5327 ταῖς
357 5267 704 5342 ὑψηλοτέραις
745 5271 990 5332 ἓπινοίαις
1051 5275 1410 5344 συνεπαίρεται
1467 5275 1546 5333 1'6,
1601 5293 1619 5319 ε
1671 5270 1785 5344 Ὠρ-

204 5357 400 5422 γίσθης,
447 5363 536 5410 καὶ
588 5359 736 5430 ἡμεῖς
790 5359 1108 5434 ἡμάρτομεν,
1153 5381 1174 5408 ι
1229 5359 1298 5421 εἰς
1350 5363 1426 5424 τὸ,
1474 5359 1784 5433 ’.(ὶργίσθης,

213 5437 342 5495 διότι
419 5447 572 5519 ἡμεῖς
646 5449 962 5521 ἡμάρτομεν,
1033 5447 1546 5522 μεταλαμϐανόμενον
1583 5469 1594 5480 ·
1673 5453 1783 5514 καὶ,

207 5537 336 5584 Διότι
383 5536 704 5614 ἡμάρτομεν,
770 5541 865 5598 τήν
925 5537 1038 5592 καθ’
1091 5539 1240 5613 ἡμῶν
1294 5537 1387 5590 οὐκ
1439 5537 1662 5610 ἐπέσχες
1707 5537 1790 5614 ὀρ-

206 5623 316 5702 γῆν.

1889 3139 2090 3190 autem
2123 3137 2437 3204 spectetur,
2471 3131 2586 3188 hoc
2611 3131 2804 3188 dicere
2834 3148 3030 3204 neque
3057 3131 3402 3203 religiosum
3429 3135 3538 3196 est,

1885 3238 2080 3296 neque
2099 3229 2582 3278 consentaneum.
2602 3225 2730 3278 Non
2751 3222 2910 3276 enim
2927 3221 3006 3277 ob
3023 3221 3172 3276 iram
3191 3237 3538 3292 peccamus,

1887 3312 1992 3368 sed
2021 3312 2158 3384 quia
2187 3327 2531 3382 peccamus,
2563 3311 2712 3366 iram
2744 3310 2804 3366 in
2837 3326 2946 3366 nos
2968 3312 3360 3366 concitamus.

1957 3401 2158 3472 Neque
2185 3415 2324 3456 vero
2375 3399 2553 3470 longe
2607 3399 3090 3466 abscederemus,
3125 3399 3172 3454 si
3213 3398 3368 3470 quis,
3401 3397 3540 3454 hinc

1887 3490 2246 3562 principium
2314 3489 2788 3562 interpretationi
2861 3489 3154 3560 praebens,
3214 3489 3432 3544 mitiori
3487 3493 3543 3544 et

1887 3580 2472 3634 commiserationem
2514 3579 2804 3634 excitante
2835 3595 3014 3634 sensu
3047 3579 3242 3634 locum
3273 3577 3542 3649 proposi-

1885 3675 2012 3740 tum
2040 3670 2362 3724 ostenderit
2381 3670 2701 3740 procedere
2729 3685 2742 3723 :
2778 3691 2804 3718 ‹‹
2837 3672 3060 3740 Nempe
3083 3685 3201 3724 non
3227 3667 3541 3724 cobibuisti

1885 3759 2176 3830 impetum
2203 3757 2392 3814 animi
2421 3757 2606 3812 nostri
2636 3759 2710 3812 ad
2735 3773 2922 3830 prava
2942 3773 3128 3828 opera
3148 3757 3406 3812 incitati:
3435 3755 3542 3812 sed

1889 3847 2224 3920 praevidens
2247 3845 2464 3911 futura,
2502 3847 2580 3902 uti
2611 3848 2908 3918 praeterita
2929 3847 3172 3918 (etenim
3195 3847 3249 3902 id
3275 3862 3539 3919 quoque,

1887 3937 2050 4008 quod
2081 3936 2338 3990 necdum
2369 3937 2623 4008 egimus,
2653 3936 2862 3991 oculus
2892 3941 3029 3990 tuus
3055 3938 3324 3991 omnium
3349 3937 3542 4008 inspe-

1889 4033 2013 4082 ctor
2028 4025 2350 4096 observat),
2365 4025 2438 4080 ob
2459 4024 2652 4095 ipsam
2675 4024 2966 4080 malorum
2988 4041 3236 4098 operum
3255 4024 3542 4080 delibera-

1887 4115 2110 4170 tionem
2139 4112 2404 4180 effecisti,
2439 4119 2498 4168 ut
2529 4121 2583 4168 et
2623 4116 2710 4169 ira
2735 4121 2992 4168 sumeret
3024 4115 3390 4168 excitationis
3417 4129 3540 4168 sua:

1890 4202 2266 4276 principium.
2299 4204 2418 4258 Hac
2447 4207 2645 4258 autem
2691 4204 2971 4257 adversus
3015 4217 3127 4256 nos
3165 4201 3276 4256 alte
3303 4201 3539 4256 efferve-

1891 4296 2111 4356 scente,
2143 4297 2446 4361 peccatum
2479 4291 2690 4346 acriori
2733 4291 2987 4346 audacia
3015 4289 3075 4344 in
3109 4305 3218 4344 nos
3251 4286 3452 4354 insilit,
3487 4293 3542 4342 et

1891 4381 2126 4436 facilem
2147 4379 2370 4434 invenit
2387 4379 2635 4434 aditum.
2665 4381 2810 4434 Cum
2836 4379 2995 4432 enim
3015 4382 3115 4434 tua
3141 4393 3280 4447 erga
3303 4392 3410 4432 nos
3433 4375 3539 4430 cle-

1891 4469 2114 4524 mentia
2143 4469 2296 4523 cedit
2323 4467 2463 4522 odio
2511 4467 2749 4538 peccati,
2783 4483 2852 4522 ac
2887 4465 3294 4520 misericordia
3325 4465 3426 4520 dat
3451 4465 3541 4534 ju-

1891 4557 2062 4614 stitias
2091 4556 2286 4612 locum
2326 4573 2338 4622 ;
2373 4555 2527 4612 facili
2557 4557 2794 4625 negotio
2825 4571 2934 4610 nos
2969 4561 3216 4610 venatur
3245 4554 3540 4610 inimicus.

1893 4645 2187 4712 Quoniam
2203 4645 2250 4700 si
2263 4645 2438 4700 nobis
2453 4643 2832 4714 contingebat
2848 4643 2996 4698 iram
3014 4649 3174 4699 tuam
3190 4641 3544 4698 concitatam

1892 4736 1970 4792 ad
1992 4735 2364 4792 clementiam
2385 4733 2615 4789 ﬂectere
2638 4749 2650 4799 ;
2671 4734 2872 4806 utique
2896 4749 3014 4788 non
3033 4733 3215 4788 modo
3233 4739 3543 4805 peccatum

1893 4823 2212 4882 audaciam
2242 4841 2412 4880 suam
2441 4823 2514 4879 ad
2549 4825 2824 4879 timorem
2853 4827 3209 4888 revocasset,
3235 4821 3340 4878 sed
3367 4821 3544 4877 etiam

1893 4914 2135 4971 animus
2154 4919 2354 4969 noster
2379 4913 2569 4984 gratia
2589 4912 2850 4983 adjutus,
2885 4929 2956 4968 ac
2984 4911 3320 4977 roboratus,
3349 4911 3547 4982 potius

1891 5003 2082 5076 ipsius
2111 5003 2338 5075 peccati
2361 5003 2754 5073 irruptionem
2779 5001 2983 5066 fuisset
3017 5000 3319 5068 amolitus,
3360 5015 3546 5072 quam

1893 5093 1952 5147 in
1981 5093 2108 5163 ejus
2139 5094 2282 5148 retia
2311 5090 2634 5146 incidisset.
2675 5111 2704 5140 ››

1970 5183 2233 5236 Fortasse
2259 5195 2398 5236 vero
2420 5179 2497 5234 ad
2515 5179 2822 5234 veritatem
2839 5178 3084 5249 propius
3100 5177 3546 5240 accederemus,

1895 5267 2128 5326 tametsi
2156 5267 2603 5323 sublimioribus
2644 5267 2856 5322 mentis
2887 5267 3278 5340 conceptibus
3312 5281 3433 5321 non
3467 5273 3550 5321 at—

1895 5357 2236 5412 tolleremur
2269 5373 2281 5422 ;
2315 5357 2360 5412 si
2399 5355 2546 5412 illud
2579 5375 2591 5412 :
2625 5379 2652 5408 ‹‹
2689 5355 2876 5412 Iratus
2906 5372 2988 5422 es,
3023 5361 3077 5412 et
3125 5372 3235 5411 nos
3279 5355 3553 5428 peccavi-

1897 5463 2052 5510 mus,
2084 5467 2108 5498 »
2139 5449 2511 5502 mutaremus
2564 5443 2626 5502 in
2679 5446 2809 5512 hoc,
2869 5449 3056 5502 iratus
3104 5461 3190 5512 es,
3248 5444 3392 5518 quia
3437 5459 3552 5500 nos

1898 5535 2280 5610 peccavimus
2307 5553 2320 5602 ;
2350 5539 2408 5591 et
2435 5535 2578 5607 quia
2597 5535 3000 5608 peccavimus,
3027 5535 3178 5592 iram
3203 5539 3412 5592 contra
3439 5548 3550 5590 nos

1899 5625 2066 5696 haud
2095 5623 2435 5684 cohibuisti.
