3950 6180
531 257 636 332 2'93

527 493 868 557 tentiarum,
893 505 1024 561 qua:
1055 494 1196 544 sunt
1217 489 1275 543 in
1309 488 1580 556 pluribus
1611 489 1899 544 orationis
1926 504 2176 560 concep-

525 583 706 647 tibus,
737 581 856 634 sive
884 577 1237 650 particulam
1269 588 1344 646 et,
1380 584 1504 633 tum
1538 595 1724 633 sacrae
1755 578 1998 646 Littera,
2053 585 2176 632 tum

523 669 692 725 Attici
715 668 1008 724 sermonis
1029 666 1322 738 elegantia
1339 684 1494 738 saepe
1518 666 1743 722 causali
1767 683 1945 721 sensu
1972 671 2178 721 amant

524 758 833 830 accipere:
868 773 937 813 ac
992 755 1267 827 exempla
1313 757 1596 811 omnibus
1662 760 1966 827 comperta
2016 764 2173 809 sunt.

526 849 945 902 Verumtamen
976 845 1053 901 ad
1081 845 1439 900 recensenda
1460 845 1784 900 Atticorum
1817 845 2174 915 scriptorum

520 937 881 991 documenta
906 937 1090 991 otium
1123 935 1265 989 mihi
1289 935 1476 999 deest,
1509 935 1769 989 duorum
1801 938 2000 988 autem
2029 933 2176 988 Scri-

520 1032 708 1097 pturae
733 1025 999 1080 locorum
1032 1024 1394 1088 recordatus,
1429 1027 1798 1086 caeterorum,
1825 1023 1869 1076 si
1904 1021 2048 1076 forte
2069 1020 2173 1075 tibi

519 1115 682 1170 cordi
740 1120 845 1181 est,
893 1113 1297 1168 collectionem
1356 1111 1687 1167 curandam
1742 1112 2035 1183 relinquo.
2083 1111 2174 1165 Ait

519 1203 720 1275 itaque
743 1219 908 1257 sacer
942 1202 1176 1263 Psaltes,
1209 1209 1264 1256 et
1295 1207 1461 1272 pater
1488 1202 1585 1255 Dei
1611 1199 1902 1255 incarnati
1937 1198 2120 1253 David
2155 1214 2167 1251 :

515 1314 543 1342 ‹‹
590 1295 674 1348 Da
699 1292 874 1347 nobis
896 1290 1180 1346 auxilium
1209 1290 1283 1344 de
1310 1289 1709 1354 tribulatione,
1739 1296 1794 1343 et
1822 1304 1976 1343 vana
2004 1287 2170 1342 salus

515 1382 775 1437 hominis
807 1383 939 1452 (3t).
975 1401 1003 1431 »
1040 1380 1138 1434 Hic
1186 1379 1344 1433 enim
1402 1377 1545 1433 illud
1600 1385 1675 1442 et,
1727 1393 1834 1449 pro
1875 1377 2170 1431 sexcentis

515 1471 644 1526 aliis
670 1469 977 1540 exemplis,
1013 1469 1153 1523 satis
1181 1467 1416 1532 evincit,
1447 1467 1607 1538 quod
1639 1466 1712 1520 sit
1751 1465 1970 1521 causali
1993 1481 2171 1520 sensu

514 1560 910 1623 reddendum,
946 1557 1122 1612 veluti
1157 1573 1167 1609 :
1201 1577 1229 1607 «
1258 1557 1339 1609 Da
1362 1556 1536 1611 nobis
1567 1554 1854 1610 auxilium
1881 1554 1955 1609 de
1986 1553 2169 1608 tribu-

511 1647 749 1711 latione,
775 1646 918 1718 quia
948 1661 1098 1700 vana
1125 1643 1285 1700 salus
1313 1644 1591 1698 hominis.
1618 1663 1647 1694 »
1678 1645 1867 1714 Atque
1888 1658 2021 1697 vero
2043 1642 2168 1712 ipse

1758 273 1995 328 PHOTII
2039 271 2521 328 PATRIARCHAE
2561 271 2666 326 (ΣΡ.

600 401 951 457 Partic‘ulam
977 399 1133 456 enim
1155 399 1596 470 conjunctivam
1615 402 1952 463 verborum,
1978 404 2033 454 et
2051 415 2181 454 sen-
2211 401 2252 452 A

3709 265 3789 338 ενδ

2363 404 2460 452 Τὸν
2506 402 2606 473 γὰρ
2656 396 2939 451 συνδέοντα
2981 402 3045 451 τά
3076 399 3122 451 ἐν
3166 397 3424 462 διανοίαις
3450 403 3621 476 ῥήματά
3645 425 3701 470 τε,
3726 415 3797 460 καὶ

2289 495 2538 560 νοήματα,
2580 493 2696 546 ἤτοι
2749 491 2833 540 τὸν
2879 494 2988 555 καὶ,
3021 491 3084 540 τά
3125 509 3176 541 τε
3221 492 3329 563 ἱερά
3373 493 3504 562 ἡμῶν
3545 499 3695 563 Λογια,
3735 503 3803 547 καὶ

2288 580 2317 636 ἡ
2366 578 2738 638 Ἀττικίζούσα
2779 575 2986 635 σπουδὴ
3035 578 3396 649 αἰτιολογιχὼς
3434 580 3642 642 πολλάκις
3676 602 3802 655 παραα

2286 666 2561 738 λαμϐάνειν
2635 665 2914 737 βούλεται·
2983 672 3070 718 καὶ
3137 671 3200 719 τὰ
3285 665 3650 740 παραδείγματα
3706 677 3808 722 πᾶσι

2285 775 2540 830 γνωριμα.
2612 755 2748 812 Ηλην
2799 775 2859 825 γε
2908 759 2998 818 τάς
3053 759 3143 828 μὶν
3201 755 3492 818 Ἑλληνικὰς
3539 764 3726 828 χρήσεις
3763 762 3808 810 οὗ

2285 864 2374 916 μοι
2417 844 2587 915 σχολὴ
2638 845 2936 915 καταλέγειν
2972 864 2984 876 -
3021 841 3166 897 δυοῖν
3217 842 3276 897 δὲ
3321 854 3419 897 τῶν
3464 848 3686 919 ἡμετέρων
3723 847 3810 897 επι-

2284 936 2553 1005 μνησθεὶς,
2608 942 2709 984 τῶν
2763 933 2947 1000 ἄλλων,
3003 933 3062 984 ἂν
3116 936 3218 1008 ἄρα
3267 954 3349 986 σοι
3401 939 3702 1006 καταθύμιον,
3743 942 3811 993 τὴν

2286 1023 2541 1094 συλλογὴν
2599 1023 2984 1095 φιλοτιμεῖσθαι
3058 1025 3267 1096 ἀφίημι.
3331 1030 3475 1096 Λέγει
3520 1034 3751 1099 τοιγαροῦν
3795 1029 3814 1077 ὁ

2281 1112 2627 1186 Ἱεροφάλτης,
2682 1117 2769 1164 καὶ
2820 1116 3102 1187 Θεοπάτωρ
3154 1111 3320 1165 Δαϐίδ
3345 1132 3356 1142 '
3392 1134 3419 1164 ι‹
3453 1118 3535 1173 Δὸς
3573 1116 3680 1186 ἡμῖν
3720 1113 3818 1185 βοή-

2285 1203 2422 1252 θειαν
2469 1200 2522 1252 ἐκ
2579 1201 2817 1271 θλίψεως,
2872 1208 2960 1253 καὶ
3011 1207 3210 1275 ματαία
3250 1208 3480 1276 σωτηρία
3522 1202 3768 1277 ἀνθρώπου.
3796 1221 3814 1249 ι

2282 1291 2534 1342 Ἐνταῦθα
2585 1295 2682 1363 γὰρ
2755 1295 2813 1342 τὸ
2885 1297 2993 1356 καὶ,
3066 1291 3177 1343 ἀντὶ
3244 1297 3442 1364 μυρίων
3495 1291 3642 1342 ἄλλων
3695 1311 3822 1362 παρα-

2284 1376 2594 1450 δειγμάτων,
2678 1379 2828 1452 ἀρκεῖ
2915 1389 3276 1452 παραστῆσαι,
3369 1384 3437 1442 ὡς
3522 1380 3819 1450 αὶτιολογικώς

2282 1465 2604 1520 ἀποδίδοται
2633 1486 2645 1498 ⁶
2681 1470 2803 1533 οἷον,
2852 1493 2878 1518 ι(
2928 1474 3020 1530 Δὸς
3071 1471 3194 1541 ἡμῖν
3241 1469 3485 1542 βοήθειαν
3524 1469 3573 1520 ἐκ
3607 1469 3822 1539 θλίψεως

2279 1562 2482 1628 ματαία
2529 1562 2630 1630 γὰρ
2684 1563 2918 1632 σωτηρία
2967 1557 3262 1632 ἀνθρώπου.
3313 1581 3333 1606 ν
3385 1562 3483 1610 Καὶ
3526 1558 3666 1618 αὐτὸς
3715 1554 3762 1608 δὲ
3804 1559 3822 1607 ὁ

2278 1647 2497 1706 Ἠσαίας
2544 1647 2871 1719 (οἰκειότερον
2923 1645 2971 1699 δ’
3019 1647 3076 1698 ἂν
3109 1651 3184 1706 εἴη
3230 1644 3322 1699 διὰ
3353 1657 3443 1708 τῆς
3488 1648 3639 1706 αὐτῆς
3673 1653 3825 1717 φωνῆς,

513 1736 692 1791 Isaias
719 1734 1141 1805 (opportunius
1174 1738 1371 1788 autem
1403 1747 1530 1786 esse
1581 1732 1782 1803 utique
1813 1732 2028 1802 poterit
2067 1747 2146 1801 pe:

2280 1741 2367 1786 καὶ
2401 1743 2490 1786 τού
2523 1736 2682 1786 αύτού
2722 1733 2943 1807 ἐδάφους
2986 1736 3052 1795 εἰς
3094 1741 3152 1788 τὸ
3195 1736 3539 1807 αἰτιολογικὸν
3576 1733 3701 1795 εἶδος
3737 1734 3827 1785 ἐπι-

511 1823 787 1879 eamdem
801 1837 1021 1885 vocem,
1037 1820 1428 1892 eumdemque
1443 1819 1653 1876 librum
1669 1819 2166 1890 ostendere,quod

511 1911 736 1968 causali
786 1911 968 1966 modo
1027 1910 1370 1981 conjunctio
1418 1917 1473 1965 et
1535 1910 1908 1980 accipiatur),
1962 1928 1989 1959 «
2053 1909 2166 1972 Vaa,

511 2001 724 2072 inquit,
756 2000 861 2072 qui
888 2001 947 2055 in
978 1999 1207 2056 occulto
1227 1999 1543 2054 consilium
1570 1998 1811 2066 faciunt,
1838 2006 1894 2053 et
1915 2003 2086 2052 erunt
2109 1997 2168 2050 in

509 2089 769 2145 tenebris
791 2104 975 2161 opera
996 2103 1200 2144 eorum
1227 2088 1343 2158 (32)
1378 2104 1393 2153 ;
1423 2107 1451 2138 »
1474 2087 1586 2143 hoc
1604 2087 1764 2142 enim
1794 2105 1821 2136 (ι
1841 2093 1897 2142 et
1919 2093 2113 2150 erunt,
2139 2106 2167 2137 υ

509 2194 690 2234 nemo
723 2179 927 2250 utique
949 2178 1256 2241 dubitarit,
1279 2176 1426 2249 quin
1458 2175 1686 2232 causali
1714 2191 1895 2231 sensu
1923 2191 2168 2246 usurpa-

511 2274 640 2324 tum
672 2267 745 2323 sit
773 2285 786 2334 ;
821 2273 1136 2340 propterea
1169 2267 1226 2321 in
1265 2281 1366 2322 eos
1396 2265 1541 2320 illud
1575 2281 1657 2322 vae
1687 2264 1986 2335 inﬂigitur.

580 2358 671 2412 Sic
693 2356 872 2426 igitur
893 2356 1110 2411 ethoc:
1140 2357 1369 2410 «Iratus
1395 2372 1481 2419 es,
1502 2361 1558 2409 et
1578 2370 1688 2410 nos
1713 2354 2111 2425 peccavimus,
2136 2373 2164 2403 »

509 2444 675 2501 nullo
693 2445 898 2499 labore
927 2461 997 2499 ac
1024 2445 1238 2498 mentis
1255 2443 1595 2498 incitatione
1617 2443 1975 2511 intelligetur
1995 2459 2007 2508 ;
2028 2458 2164 2496 cum

511 2548 818 2588 sacrarum
864 2532 1206 2586 Litterarum
1239 2531 1609 2586 consuetudo
1640 2530 1813 2585 nobis
1843 2532 2001 2585 viam
2030 2547 2160 2601 ape-

510 2621 644 2686 riat,
676 2620 887 2692 quaad
902 2626 1128 2674 rectum
1143 2635 1384 2674 sensum
1409 2625 1786 2690 prompte,ac
1814 2617 2165 2673 innoﬂ'ensis

511 2709 761 2765 auribus
775 2709 1217 2781 perveniamus,
1238 2713 1292 2763 et
1313 2707 1445 2763 loco
1469 2708 1791 2780 propositae
1810 2708 2165 2763 difﬁcultatis

506 2800 946 2873 professionem
969 2797 1346 2861 catholicam,
1375 2797 1610 2869 Deoque
1637 2804 1945 2868 acceptam
1974 2813 2165 2852 serve-

501 2906 641 2946 mus
673 2888 1056 2944 incolumem.
1095 2886 1324 2942 Etenim
1364 2888 1703 2942 communis
1735 2888 2026 2942 sententia
2056 2893 2162 2961 est,

497 2979 823 3052 etquidem
853 2978 966 3049 piis
1011 2975 1338 3048 prmsertim
1384 2976 1540 3042 viris,
1585 2976 1749 3048 quod
1777 2975 2163 3048 peccantibus

2281 1821 2449 1886 δεῖξαι
2506 1829 2592 1876 τὸν
2649 1830 2738 1875 καὶ
2801 1821 3093 1896 σύνδεσμον
3152 1824 3671 1897 μεταλαμϐανόμενον)
3716 1827 3826 1894 ἔφη·

2281 1936 2306 1960 «ι
2357 1914 2489 1964 Οὐαὶ
2530 1916 2578 1964 οἱ
2628 1913 2674 1964 ἐν
2712 1923 2878 1987 κρυφῇ
2930 1913 3120 1985 βουλὴν
3162 1922 3446 1979 ποιοῦντες,
3497 1920 3582 1965 καὶ
3629 1916 3756 1964 ἔσται
3795 1910 3831 1961 ἐν

2282 2008 2467 2073 σκοτίᾳ
2498 2005 2562 2053 τὰ
2590 2005 2717 2074 ἔργα
2760 2003 2959 2053 αύτὼν⁸
2992 2027 3016 2051 »ι
3049 2006 3106 2054 τὸ
3146 2006 3246 2074 γὰρ
3291 2009 3378 2054 καὶ
3414 2007 3559 2055 ἔσται
3600 1999 3753 2060 οὐδεὶς
3788 1999 3832 2049 ἂν

2279 2089 2698 2161 ἀμφισϐητήσειε
2749 2096 2821 2162 μὴ
2861 2091 2987 2162 ούχὶ
3045 2091 3406 2162 αἰτιολογικῶς
3461 2092 3720 2163 εἰρῆσθαι·
3765 2085 3838 2139 διὰ

2277 2187 2424 2230 τούτο
2447 2178 2624 2240 αύτοίς
2652 2185 2740 2230 καὶ
2767 2183 2821 2232 τὸ
2849 2179 2964 2232 ούαὶ
2992 2179 3277 2252 ἐπαᾳίεται.

2351 2358 2530 2418 Οὕτως
2571 2353 2657 2408 οὖν
2713 2360 2795 2408 καὶ
2832 2361 2907 2426 τὸ,
2954 2377 2980 2407 (ι
3029 2357 3336 2428 Ὠργίσθης,
3377 2362 3472 2408 καὶ
3523 2358 3665 2427 ἡμεῖς
3704 2356 3841 2425 ἡμάρ·

2279 2465 2447 2516 τομεν,
2485 2467 2507 2496 ιι
2562 2444 2952 2517 ἀταλαιπώρως,
3005 2452 3093 2498 καὶ
3149 2452 3319 2519 χωρίς
3384 2466 3528 2507 τινος
3598 2441 3846 2518 ἐπιδρομῆς

2273 2539 2676 2596 κατανοήσεται,
2736 2542 2826 2594 τῆς
2894 2540 3156 2607 Γραφικῆς
3211 2537 3496 2595 συνηθείας
3543 2538 3600 2585 τὸ
3655 2535 3842 2602 ἕτοιμον,

2275 2629 2362 2674 καὶ
2405 2620 2479 2674 δι’
2534 2623 2695 2684 ἀκοῆς
2745 2621 2940 2673 ἀλύπου
2989 2619 3353 2696 παραδύεσθαι
3407 2628 3543 2694 πρὸς
3586 2627 3676 2679 τὴν
3720 2620 3848 2692 ὀρθήν

2276 2709 2511 2763 διάνοιαν
2555 2721 2937 2783 παρεχομένης,
2988 2716 3077 2763 χαὶ
3124 2716 3182 2764 τὸ
3222 2716 3392 2764 κοινὸν
3437 2712 3752 2784 ὁμολόγημα,
3778 2713 3848 2758 καὶ

2276 2801 2494 2872 θεοφιλὲς
2534 2799 2647 2851 ἀντὶ
2679 2810 2773 2860 τῆς
2818 2800 2871 2863 ἐξ
2909 2800 3080 2875 ἀρχῆς
3125 2801 3339 2875 ἀπορίας
3385 2799 3850 2860 σννδιασωζούσης.

2274 2888 2478 2942 ’Ἐννοια
2524 2892 2624 2960 γὰρ
2656 2895 2822 2952 κοινη,
2865 2896 2949 2940 καὶ
2995 2890 3225 2960 μάλιστά
3257 2909 3315 2960 γε
3357 2899 3476 2951 τοῖς
3507 2888 3777 2953 εύσαϐἐσιν,
3805 2889 3854 2942 ὡς

2274 2979 2668 3050 ἁμαρτανόντων
2723 2981 2868 3050 ἡμῶν
2929 2982 2986 3030 τὸ
3053 2986 3202 3031 Θιῖον
3251 2979 3552 3050 ὀργίζεται.
3607 2982 3704 3030 Καὶ
3755 2977 3855 3046 ορᾲν

497 3070 677 3125 nobis
710 3067 865 3123 Deus
892 3068 1196 3122 irascatur.
1222 3072 1412 3137 Atque
1446 3066 2050 3121 animadvertendum
2077 3082 2138 3120 es

2275 3070 2428 3132 ἔστιν,
2471 3071 2538 3129 ως
2589 3069 2612 3118 ὁ
2661 3073 2834 3140 παρὼν
2872 3067 3040 3138 λόγος,
3090 3070 3210 3120 ὅσον
3257 3075 3611 3142 μετριώτερον
3670 3073 3751 3117 τοῦ
3791 3064 3858 3112 ἁν-

495 3156 668 3229 quod
713 3154 1062 3225 hujusmodi
1109 3154 1563 3219 commentatio,
1610 3159 1838 3225 quanto
1887 3154 2161 3209 adductis

495 3247 628 3302 aliis
659 3244 1026 3300 moderatius
1058 3244 1341 3314 procedit,
1374 3250 1536 3298 tanto
1560 3243 1760 3298 minus
1789 3242 1984 3298 vei-bis
2011 3242 2160 3298 indi-

494 3340 629 3405 geat
660 3332 880 3388 circulo
916 3334 1124 3388 vitioso
1163 3331 1599 3395 laborantibus,
1632 3332 2158 3404 torquentibusque

495 3427 754 3478 mentem
773 3437 878 3494 per
899 3422 1277 3485 subtilitates,
1292 3438 1406 3492 neq
1417 3422 1630 3492 ueipsa
1649 3423 1952 3492 quispiam
1966 3421 2159 3492 possit

491 3510 678 3566 abuti.

560 3603 629 3655 At
662 3613 736 3654 ne
770 3599 967 3671 pigeat
995 3598 1234 3654 ulterius
1255 3615 1379 3654 rem
1401 3599 1768 3670 perpendere
1802 3614 1814 3652 :
1847 3599 1974 3654 fons
1997 3599 2155 3653 enim

493 3703 791 3761 aquarum
830 3687 1045 3742 animae
1087 3687 1318 3742 utilium
1352 3703 1421 3742 ac
1452 3687 1801 3742 salutarium
1834 3703 2003 3742 sacra
2033 3689 2154 3742 Elo.

486 3779 635 3851 quia
662 3782 836 3844 sunt;
869 3784 924 3833 et
943 3782 1174 3849 quanto
1199 3777 1388 3848 magis
1410 3793 1481 3832 ea
1507 3777 1993 3832 meditationibus
2009 3777 2156 3832 fodi-

485 3883 642 3931 mus,
679 3873 842 3922 tanto
872 3867 1235 3937 c0piosiores
1268 3867 1580 3921 veritatum
1615 3867 1817 3936 gratiae
1855 3866 1992 3921 inde
2023 3882 2151 3920 sca-

482 3955 731 4012 turiunt.
762 3955 1006 4009 Difficile
1029 3956 1230 4026 itaque
1250 3955 1565 4010 videbatur
1586 3955 1727 4010 illud
1763 3978 1775 4010 :
1809 3978 1835 4004 «ι
1867 3959 1944 4010 Tu
1969 3955 2152 4010 iratus

486 4059 573 4111 es,
604 4048 661 4100 et
702 4058 812 4098 nos
843 4043 1250 4116 peccavimus,
1287 4044 1433 4098 dum
1468 4044 1742 4099 absolute
1795 4044 1935 4114 dici,
1983 4061 2051 4099 ac
2076 4044 2151 4099 de

488 4135 770 4190 universo
796 4132 1111 4189 hominum
1133 4149 1345 4202 genere
1368 4133 1690 4204 putabatur
1709 4134 1971 4202 intelligi.
1999 4135 2150 4198 Quo-

490 4222 675 4278 modo
707 4222 866 4277 enim
897 4222 1198 4293 quispiam
1236 4230 1439 4293 posset
1469 4223 1649 4277 vitare
1680 4228 2011 4293 peccatum,
2045 4221 2147 4278 tibi

480 4312 685 4384 ipsum
719 4311 926 4366 divina
972 4311 1222 4366 immisit
1259 4311 1346 4366 ira
1375 4310 1403 4366 ?
1437 4311 1723 4375 Qumnam
1759 4317 1957 4367 autem
1985 4313 2148 4382 justa

479 4402 740 4472 peccatis
775 4416 955 4473 pmna
1003 4399 1390 4470 irrogaretur,
1425 4400 1472 4454 si
1517 4402 1593 4455 ad
1640 4400 1808 4456 nefas
1845 4401 2013 4458 inviti
2041 4418 2146 4474 per

479 4490 599 4544 vim
657 4491 1030 4546 traheremnr
1061 4489 1088 4543 ‘t
1121 4490 1226 4546 Ubi
1283 4490 1539 4545 liberum
1595 4490 1943 4545 consisteret
1989 4491 2140 4546 arbi-

477 4579 654 4634 trium
676 4578 704 4634 ?
730 4585 920 4651 Atque
952 4579 1070 4634 alia
1122 4584 1400 4634 sexcenta
1432 4583 1812 4650 erumperent
1855 4581 2137 4646 absurda,

476 4681 736 4738 quorum
764 4683 947 4723 causa
973 4683 1172 4724 nonne
1200 4667 1399 4738 potius
1431 4668 1803 4740 propositum
1827 4669 2139 4725 oraculum

2270 3163 2495 3229 ηγμένου
2562 3162 2785 3232 φέρεται,
2862 3165 3111 3209 τοσοῦτον
3177 3167 3275 3209 τῶν
3349 3159 3534 3229 κύκλῳ
3614 3162 3854 3229 περιόντων

2266 3249 2533 3321 ῥημάτων,
2624 3251 2712 3298 καὶ
2797 3254 2911 3306 ταῖς
2990 3253 3270 3320 περινοίαις
3355 3246 3748 3300 ἀποθλιϐόντων
3813 3244 3858 3292 τὸ

2266 3343 2434 3408 νοημα
2492 3332 2726 3394 ἀνενδεὴς
2788 3336 3040 3409 ὑπάρχει,
3084 3341 3172 3387 καὶ
3222 3340 3504 3410 κρείττων,
3559 3341 3588 3394 ἦ
3648 3334 3857 3404 ἀποχρή-

2269 3427 2487 3478 σασθαμ

2337 3602 2665 3655 Ἐπισκοπεῖν
2721 3599 2770 3655 δ’
2811 3602 2904 3654 οὐκ
2955 3601 3267 3661 ἀποκνητέον
3303 3622 3315 3634 ·
3369 3608 3530 3676 πηγὴ
3573 3605 3678 3678 γὰρ
3720 3601 3863 3671 ὑπάρ-

2261 3709 2348 3762 χει
2409 3691 2753 3763 ψυχωφιλών,
2813 3697 2899 3742 καὶ
2978 3697 3246 3764 σωτηρίων
3315 3696 3579 3764 ναμάτων
3655 3693 3716 3744 τὰ
3771 3692 3862 3761 ἱερὰ

2261 3781 2404 3850 ἡμῶν
2439 3786 2608 3851 Λογια
2641 3800 2652 3812 ·
2697 3785 2784 3831 καὶ
2807 3782 2927 3832 ὅσον
2962 3780 3021 3832 ἂν
3049 3781 3178 3833 αύτά
3203 3788 3312 3843 τοῖς
3343 3782 3644 3855 λογισμοῖς
3671 3780 3864 3852 ἀνορύτ-

2260 3887 2442 3940 τωμεν,
2497 3878 2744 3922 τοσοῦτον
2798 3869 2857 3920 ἀν
2899 3870 3179 3941 ἀφοθὸνους
3230 3873 3476 3942 πηγάζει
3532 3881 3638 3924 τῶν
3693 3871 3863 3939 νοημά·

2258 3977 2355 4009 των
2406 3962 2492 4018 τὰς
2545 3962 2791 4031 χάριτας.
2841 3959 3067 4036 Ἀπορον
3113 3969 3201 4012 οῦν
3229 3958 3408 4014 ἐδόκει
3472 3966 3536 4014 τό
3575 3981 3588 3992 ·
3617 3965 3740 4014 «Σὺ
3786 3958 3868 4032 ὠρ-

2255 4049 2464 4118 γίσθης,
2513 4054 2601 4099 καὶ
2651 4051 2794 4120 ἡμεῖς
2837 4051 3153 4121 ἡμάρτομεν,
3197 4071 3222 4098 ιι
3265 4049 3456 4113 ἁπλῶς
3503 4070 3561 4104 τι
3597 4051 3868 4121 λεγόμενον,

2255 4142 2342 4187 καὶ
2393 4135 2468 4206 ἐφ’
2525 4137 2643 4197 ὅλης
2691 4145 2785 4198 τῆς
2835 4136 3159 4210 ἀνθρωπίνης
3213 4136 3609 4211 ἑξακουὸμενον
3671 4141 3863 4212 φύσεως·

2256 4232 2362 4277 Πού
2414 4229 2514 4297 γὰρ
2569 4225 2680 4284 ἐνῆν
2728 4245 2846 4277 τινα
2891 4225 3066 4297 φυγεῖν
3115 4231 3208 4284 τήν
3261 4226 3569 4300 ἁμαρτίαν,
3621 4237 3716 4290 τῆς
3757 4229 3874 4282 θείας

2254 4314 2410 4386 ὀργῆς
2452 4318 2641 4372 ταύτην
2687 4314 3028 4387 inaperta“;
3069 4321 3157 4376 Τίς
3197 4312 3256 4368 δὲ
3308 4314 3522 4370 δικαία
3576 4327 3679 4371 τῶν
3727 4317 3871 4388 ἀμαρο

2252 4406 2496 4475 τημάτων
2570 4404 2856 4477 ε’ίσπραξις,
2929 4403 3152 4456 ἀκόντων
3207 4403 3510 4478 ἕλκομένων
3567 4408 3643 4470 εἰς
3717 4409 3750 4458 ἃ
3812 4409 3872 4475 μὲ

2255 4495 2417 4564 θέμις,
2477 4502 2570 4544 τῶν
2614 4492 3031 4569 ἐπηρεαζομένων
3058 4510 3071 4560 ;
3103 4498 3172 4546 Τὸ
3219 4490 3277 4546 δὲ
3335 4495 3709 4560 αὐτεξούσιον
3746 4502 3871 4554 ποῦ;

2257 4588 2353 4634 Καὶ
2402 4587 2563 4655 μυρία
2615 4581 2761 4646 ἄλλιι,
2810 4583 2876 4633 ὧν
2933 4581 3060 4654 ούχὶ
3108 4587 3165 4634 τὸ
3217 4583 3380 4656 ῥητὸν
3461 4585 3674 4658 μᾶλλον
3730 4588 3880 4636 αἴτιον

2253 4672 2467 4743 tipatam
2537 4669 2674 4723 Ἀλλ’
2742 4674 2785 4722 εἴ
2859 4690 2934 4730 τις
3014 4671 3139 4723 αύτό
3203 4675 3334 4746 πρὸς
3423 4678 3618 4727 κοινὸν
3690 4673 3878 4741 ἀξίωμα

2044 4838 2272 4895 ΝΟΤίΕ.

570 5007 662 5081 3t)
716 5007 871 5081 Psal.
930 5025 1061 5078 cvn,
1118 5009 1202 5064 13.
1265 5007 1425 5079 Legit
1473 5013 1672 5064 autem
1723 5007 2140 5081 Vulgatanga

474 5079 650 5136 nobis
667 5080 964 5137 auxilium
991 5082 1062 5137 de
1085 5081 1487 5146 tribulatione,
1513 5084 1654 5151 quia
1670 5096 1822 5137 vana
1843 5079 2008 5137 Salus
2037 5079 2134 5136 ho-

473 5151 674 5208 minis.
707 5152 985 5207 Hebraeus
1018 5158 1216 5207 autem
1250 5154 1505 5207 versioni
1540 5153 1670 5207 LXX
1699 5152 1860 5207 virali
1891 5153 2131 5224 propius

475 5241 767 5297 accedens
797 5240 1009 5296 habet:
1037 5253 1159 5300 επις
1190 5251 1376 5304 nsum
1404 5251 1551 5301 sum
1580 5252 1701 5305 nm
1719 5253 1876 5304 mw
1897 5227 1982 5300 πεί)
2011 5252 2130 5301 mn

476 5309 705 5369 hac/tab
722 5313 868 5368 (anu
888 5313 1176 5369 hbezrath
1192 5317 1463 5367 milztzar
1477 5315 1721 5367 vescaub
1738 5313 2063 5368 hdam.Nen
2076 5314 2128 5366 ιί-

471 5399 609 5438 nem
669 5388 867 5438 autem
936 5384 1024 5439 vel
1085 5385 1336 5438 tironem
1397 5385 1455 5438 in
1519 5384 1803 5440 llebraica
1854 5384 2131 5455 palaestra

470 5456 727 5528 prater-it
739 5455 1060 5528 prwﬁmum
1081 5466 1102 5514 π
1120 5455 1414 5528 interdum
1447 5457 2004 5528 nonconjunctivae,
2026 5455 2128 5509 sed

467 5526 724 5599 causalis
753 5527 1060 5599 particula:
1096 5527 1281 5581 vicem
1318 5541 1538 5594 gerere.
1575 5526 1713 5581 Vide
1739 5542 1859 5598 prae
1902 5527 2125 5583 caeteris

466 5598 761 5654 Glassium
796 5600 996 5657 Gram.
1024 5601 1061 5654 Ι.
1091 5615 1169 5663 iv,
1199 5604 1365 5653 tract.
1405 5605 1454 5665 ι,
1483 5599 1718 5653 observ.
1753 5601 1806 5653 Ἰ.

541 5672 653 5760 ς32)
695 5670 808 5728 Isa.
843 5686 1004 5747 nix,
1058 5675 1142 5728 t5.
1194 5673 1278 5727 Ita
1331 5675 1470 5726 sunt
1516 5667 1926 5727 transferenda
1973 5682 2126 5724 Lxxn

2253 5007 2554 5078 seniorum
2585 5009 2783 5065 verba.
2821 5008 2929 5065 Sed
2959 5011 3020 5064 D.
3043 5008 3393 5081 Hieronymi
3425 5015 3650 5070 νει-εἰσ
3676 5014 3884 5071 habet:

2256 5081 2368 5145 Var,
2394 5082 2497 5151 qui
2522 5081 2801 5150 profundi
2826 5081 2957 5136 estis
2979 5079 3168 5145 corde,
3193 5079 3311 5136 ut'a
3335 5082 3625 5142 Domino
3657 5087 3886 5142 absconv

2243 5153 2402 5207 dalis
2435 5154 2762 5218 consilium,
2794 5167 3045 5224 quorum
3075 5157 3212 5229 sunt
3245 5154 3305 5207 in
3348 5156 3648 5213 tenebris
3685 5173 3885 5229 opera.

2243 5238 2310 5286 At
2331 5243 2756 5325 quintani—pm
2785 5217 3360 5325 marinam-unua
3385 5217 3790 5325 Πνρτεντὲη
3811 5249 3890 5325 uti

2241 5311 2532 5375 ﬁnit;in
2565 5314 2665 5382 [ιο]
2687 5311 3249 5368 huinmahhamikim
3283 5311 3679 5375 mez'ehbvah
3717 5316 3896 5375 Lusii?

2244 5385 2517 5460 {thema/1,
2553 5385 2774 5460 θεὴ-αξινὴ
2805 5382 3220 5460 bechhscae/z
3241 5383 3737 5455 mahhasehem,
3771 5396 3902 5460 tegit

2243 5455 2702 5534 [imbreiisguod
2736 5458 2865 5534 ξατά
2886 5453 3017 5534 λέξιν
3053 5455 3249 5534 L_ati_ne
3275 5467 3558 5534 sonaret
3587 5479 3602 5516 :
3647 5453 3751 5518 Vc?
3771 5453 3896 5534 p170-

2237 5524 2638 5594 fimditalib'us
2669 5541 2705 5582 a
2737 5527 2980 5582 Domino
3013 5525 3094 5582 ad
3129 5524 3618 5592 absconsionem
3657 5524 3902 5597 consilii.

2238 5601 2290 5653 et
2323 5612 2494 5664 erun,
2527 5600 2586 5654 in
2613 5598 2864 5656 tenebris
2895 5611 3076 5670 opera
3107 5611 3322 5653 eorum.
