4126 6190
587 292 691 359 299

1809 295 2050 354 PHOTII
2091 286 2586 356 PATRIARCHE
2624 297 2737 357 CP.
3828 305 3925 363 300

591 430 899 501 praerupta
918 422 1464 498 rupeinexhaustos
1486 424 1759 481 edentem
1788 425 1976 481 fontes
1996 426 2041 460 ⁸⁸
2070 440 2238 481 :cum
2278 468 2281 475 .

2392 430 2519 498 ὁμου
2590 430 2776 498 πίτρας
2842 428 3018 498 πηγὰς
3093 426 3388 491 ἀκενὼτσυς
3460 427 3757 493 ἀναϐλύζονο
3827 435 3934 483 τού-

592 519 686 574 his
724 516 1030 579 omnibus,
1072 530 1205 586 quae
1246 530 1354 570 nec
1396 515 1656 586 exprimi,
1687 530 1797 570 nec
1828 514 2072 584 intelligi
2105 530 2243 585 pos-

594 611 754 671 sunt,
811 604 1111 661 beneficiis
1166 619 1236 658 ac
1283 603 1458 658 donis
1514 603 1847 659 fruerentur
1905 604 2249 668 Hebraei;et

594 693 1047 767 quodammodo
1073 707 1449 764 quaecunque
1480 693 1555 748 ad
1583 709 1683 749 eos
1720 693 2119 764 pertinebant,
2162 710 2249 747 es-

595 791 725 842 sent
759 782 1044 857 peculiari
1068 786 1224 836 sorte
1251 781 1485 847 selecta,
1512 797 1581 838 ac
1609 782 1720 837 sub
1746 782 2055 837 communi
2088 787 2254 838 caete-

594 876 675 932 ris
705 873 1055 929 hominibus
1086 870 1461 941 providentia
1492 876 1548 925 et
1572 871 1884 940 vigilantia
1921 887 2039 927 non
2072 872 2254 926 conti-

596 960 1360 1031 nerentur;hujuscemodi
1410 960 1595 1015 verba
1644 961 1961 1016 emittunt:
2006 982 2029 1011 α
2076 962 2254 1025 Deus,

598 1054 702 1126 qui
745 1053 873 1106 hmo
918 1050 1110 1104 omnia
1150 1050 1353 1115 gratis,
1402 1055 1580 1121 atque
1616 1066 1683 1105 ex
1727 1049 1855 1105 sola
1896 1050 2258 1120 benignitate

599 1142 773 1198 nobis
789 1137 1257 1210 impertiebatur,
1278 1152 1397 1193 non
1420 1138 1785 1208 permisisset
1802 1154 1911 1193 nos
1944 1154 2255 1209 peccasse;

601 1232 714 1287 nisi
743 1229 983 1284 nimiam
1016 1241 1187 1282 suam
1215 1242 1283 1281 ac
1308 1226 1668 1283 ineffabilem
1705 1242 1846 1297 erga
1876 1243 1987 1283 nos
2028 1243 2256 1293 curam,

604 1324 660 1375 et
684 1317 1057 1387 vigilantiam
1086 1317 1144 1370 in
1176 1315 1324 1370 iram
1360 1316 1590 1371 sivisset
1614 1316 1960 1387 permutari.
1998 1338 2024 1366 »

676 1413 866 1479 Atque
896 1407 1023 1461 haec
1053 1404 1248 1460 dicere
1276 1411 1332 1461 et
1357 1406 1618 1473 cogitare
1653 1412 1855 1477 posset
1882 1404 2060 1461 lsrael
2091 1406 2263 1462 obse-

608 1497 853 1561 crando,
872 1510 991 1551 non
1011 1493 1401 1565 afﬁrmando;
1421 1510 1614 1567 neque
1640 1495 1997 1565 proferendo
2015 1497 2262 1565 dogma,

608 1586 711 1642 sed
752 1584 1110 1641 concitando
1130 1584 1573 1638 miserationem
1600 1601 1612 1651 ;
1635 1599 1823 1654 neque
1846 1589 1911 1638 ut
1936 1600 2060 1638 sese
2089 1598 2264 1653 nega-

610 1681 697 1731 ret
748 1690 879 1729 esse
920 1673 1142 1744 peccati
1191 1689 1456 1738 causam,
1509 1674 1612 1727 sed
1663 1679 1726 1727 ut
1777 1673 2263 1728 lamentationem

2359 536 2457 568 των
2521 514 2757 568 ἀπάντων
2810 524 2909 568 τῶν
2968 519 3095 589 ὑπερ
3144 518 3314 587 λόγον,
3366 524 3453 571 καὶ
3508 521 3695 571 ἔννοιαν
3750 521 3933 593 εὐεργεο

2366 614 2511 672 σιῶν,
2587 610 2677 657 καὶ
2728 602 2934 677 δωρεῶν
3009 605 3279 658 ἀπολαύων
3336 608 3360 659 ό
3436 607 3666 679 Ἰσραὴλ,
3741 614 3823 661 καὶ
3877 614 3938 670 ὡς

2364 696 2532 745 πάντα
2586 698 2650 745 τὰ
2700 699 2820 766 περὶ
2878 695 3071 756 αὐτοὺς
3122 699 3197 752 εἰη
3244 698 3370 767 πρὸς
3414 702 3469 747 τό
3526 697 3774 770 ἐξαίρετον
3821 697 3937 751 ἀπο·

2363 786 2740 857 κεκληρωμένοι,
2780 790 2869 836 καὶ
2912 786 2971 837 οὐ
3020 788 3156 838 κατά
3191 791 3283 844 τὴν
3323 787 3478 843 ἄλλην
3532 795 3629 837 τῶν
3682 786 3939 860 ἀνθρώπων

2365 876 2607 945 πρόνοιάν
2664 894 2737 936 τε,
2798 879 2887 925 καὶ
2940 872 3277 946 κηδεμονίαν,
3337 875 3521 947 ἀφίησι
3575 881 3737 947 φωνην
3782 882 3939 928 τοιαυ-

2366 982 2481 1029 την,
2514 986 2539 1013 ι(
2569 963 2657 1023 Ὠς
2687 965 2711 1014 ό
2739 971 2905 1014 ταῦτα
2949 972 3160 1034 προῖκα,
3212 969 3299 1015 καὶ
3344 962 3437 1017 διὰ
3476 969 3635 1035 μόνην
3666 964 3943 1035 ἁγαθότητα

2368 1058 2663 1122 παρασχὼν
2707 1054 2849 1123 ημῖν,
2892 1049 3010 1103 οὐδ’
3050 1055 3112 1103 ἄν
3149 1053 3394 1125 ἁμαρτεῖν
3434 1057 3622 1106 εἴασεν·
3665 1055 3707 1106 εἰ
3748 1060 3814 1125 μὴ
3861 1061 3941 1113 τὴν

2369 1140 2557 1198 πολλὴν
2610 1141 2789 1205 αὑτοῦ,
2840 1146 2927 1191 καὶ
2980 1139 3353 1212 ἀνεκδιήγητον
3408 1149 3525 1216 περὶ
3574 1146 3709 1214 ἡμᾶς
3761 1148 3944 1213 φροντί-

2373 1226 2465 1295 δα,
2552 1235 2640 1281 καὶ
2706 1226 3022 1303 κηδεμονίαν
3072 1232 3143 1293 εἰς
3202 1232 3362 1305 ὀργὴν
3427 1231 3593 1304 ἀφῆκε
3647 1243 3945 1307 περιτραπῆ-

2370 1340 2470 1371 ναι.
2504 1340 2530 1370 ))

2447 1414 2544 1460 Καὶ
2637 1416 2803 1460 ταῦτα
2902 1416 3247 1481 ποτνιώμενος
3348 1412 3426 1468 εἰη
3529 1414 3610 1477 ἄν,
3714 1418 3798 1463 καὶ
3885 1412 3949 1464 λέ-

2370 1518 2497 1568 γων,
2559 1504 2649 1549 καὶ
2718 1495 3079 1570 διανοούμενος
3137 1502 3161 1550 ό
3220 1499 3454 1571 Ἰσραὴλ,
3523 1500 3628 1551 ἀλλ’
3695 1502 3782 1553 οὐκ
3844 1501 3951 1552 ἀπο-

2375 1592 2689 1657 φαινόμενος·
2774 1585 2895 1640 οὐδε
3001 1586 3358 1660 δογματίζων,
3435 1589 3544 1640 ἀλλ’
3620 1588 3951 1660 ἐλεεινολογού-

2375 1695 2539 1747 μενοςο
2592 1673 2715 1728 οὐδὲ
2759 1682 2846 1735 τὴν
2892 1677 3060 1728 αἰτίαν
3104 1685 3195 1729 τοῦ
3240 1678 3551 1751 ἁμαρτάνειν
3609 1678 3948 1749 ἀπολυόμενος,

612 1765 850 1825 faceret.
885 1778 1179 1834 suamque
1205 1761 1596 1816 deliberatam
1625 1762 2067 1833 improbitatem
2103 1762 2265 1817 incu-

2391 1764 2499 1816 ἰλλά
2556 1766 2891 1839 θρηνο).ογών,
2943 1772 3031 1817 καὶ
3078 1771 3172 1824 τὴν
3232 1764 3373 1819 ἰδίαν
3425 1769 3751 1820 ἑθελοκακίαν
3793 1788 3951 1819 καται-

614 1859 788 1909 saret.
814 1854 1006 1917 Quare
1028 1866 1098 1906 ea
1120 1866 1361 1922 quoque
1382 1865 1516 1921 quas
1540 1855 1850 1920 paternum
1880 1852 1974 1905 Dei
1997 1866 2266 1906 amorem

616 1947 673 1997 et
699 1940 1170 1996 misericordiam
1206 1955 1443 1995 movere
1470 1944 1733 2011 possent,
1766 1940 1894 1995 aliis
1925 1942 2122 1995 attexit
2143 1955 2268 1995 ver-

616 2030 709 2087 bis
738 2047 751 2085 :
789 2030 922 2083 «Tu
948 2034 1114 2099 pater
1141 2034 1351 2091 noster,
1386 2029 1681 2083 Abraham
1715 2030 1960 2085 nescivit
1990 2045 2267 2085 nos.......

619 2135 654 2176 a
686 2118 903 2175 saeculo
933 2134 1151 2173 nomen
1197 2124 1360 2173 tuum
1407 2134 1585 2190 super
1610 2133 1721 2173 nos
1756 2121 1824 2185 ι’,
1859 2143 1879 2168 ι
1912 2125 1966 2174 et
1990 2134 2272 2191 quascun-

618 2225 735 2281 que
781 2208 897 2265 alia
946 2208 1022 2263 ad
1068 2208 1504 2263 miserationem
1556 2214 1612 2263 et
1660 2208 2037 2264 clementiam
2082 2209 2275 2263 conci—

618 2298 886 2354 liandam
907 2297 1142 2367 adjecta
1163 2302 1332 2363 sunt;
1358 2302 1419 2352 ut
1435 2297 1870 2369 propemodum
1891 2299 2051 2353 dicat
2076 2314 2087 2353 :
2121 2318 2145 2347 α
2165 2296 2274 2353 Pro

620 2387 783 2461 quali
811 2386 925 2458 (hei
955 2386 1096 2441 mihi
1122 2386 1159 2456 !)
1184 2387 1356 2457 copia
1376 2387 1692 2452 donorum,
1717 2391 1773 2440 et
1796 2386 1993 2455 gloriae
2015 2403 2121 2457 per
2147 2387 2275 2441 uni-

623 2492 860 2531 versum
886 2474 1093 2531 orbem
1124 2480 1476 2546 pervagatus,
1506 2475 1788 2546 qualibus
1814 2476 2066 2545 peccatis
2089 2476 2277 2545 impli-

625 2571 815 2629 catus,
872 2570 928 2619 et
972 2564 1161 2619 factus
1214 2563 1629 2636 [opprobrium
1676 2568 1731 2620 et
1776 2564 2187 2635 subsannatio]
2233 2565 2280 2600 ⁸ο

624 2653 1044 2725 deprehendor
1077 2652 1089 2707 !
1116 2673 1142 2703 »

702 2742 869 2808 Quod
902 2742 947 2796 si
977 2741 1036 2796 in
1062 2741 1217 2797 duas
1255 2746 1453 2814 partes
1499 2742 1717 2813 ubique
1756 2742 2013 2815 dispesci
2052 2744 2281 2815 conspi-

629 2833 865 2888 ciuntur
895 2831 1121 2886 Hebraei
1144 2829 1443 2896 ;nonnulli
1464 2832 1623 2887 enim
1653 2847 1857 2887 eorum
1885 2832 2131 2888 vitulum
2171 2832 2282 2887 sibi

627 2920 891 2977 conﬂant
912 2920 1387 2991 derelinquentes
1413 2921 1596 2977 Deum
1628 2923 1670 2957 ⁵¹
1700 2940 1714 2987 ;
1742 2926 1918 2993 atque
1946 2922 2005 2977 hi
2037 2926 2093 2977 et
2122 2921 2284 2977 caede

629 3016 686 3066 et
716 3014 903 3067 morte
924 3025 1132 3082 pmnas
1154 3009 1431 3065 facinoris
1454 3008 1643 3075 luunt,
1663 3011 1932 3067 Mosaicm
1956 3013 2281 3075 sententiis,

2378 1861 2642 1925 τιωμενος,
2712 1859 2797 1907 Διό
2855 1860 2964 1915 καὶ,
3016 1856 3051 1906 ἅ
3100 1861 3350 1928 στοργήν,
3413 1863 3503 1909 καὶ
3553 1857 3685 1909 ἔλεον
3729 1857 3952 1909 ἀνακινεῖν

2379 1939 2511 2007 οἶδε,
2557 1951 2657 2003 τοῖς
2706 1944 2879 2005 ἄλλοις
2934 1940 3202 1996 διαπλέκει
3241 1946 3498 2018 ῥήμασιν·
3540 1966 3569 1996 ‹‹
3618 1951 3787 2020 Πατὴρ
3828 1949 3953 2017 ἡμῶν

2382 2029 2428 2083 εἴ
2492 2036 2576 2084 σύ·
2646 2032 2884 2107 Ἀϐραὰμ
2944 2033 3038 2085 οὐκ
3092 2037 3221 2104 ἔγνω
3275 2037 3505 2106 ἡμᾶς....
3574 2033 3662 2087 ἀπ’
3702 2036 3863 2111 ἀρχῆς
3905 2042 3953 2087 τό

2384 2126 2540 2193 ὄνομα
2576 2141 2669 2174 σου
2707 2122 2781 2194 ἐφ’
2812 2126 2969 2194 ἡμᾶς·
3007 2147 3033 2172 ››
3056 2128 3153 2175 καὶ
3203 2126 3301 2175 ὅσα
3339 2124 3470 2175 σῦλα
3515 2130 3807 2197 συνείρηται
3844 2145 3954 2197 συμ-

2384 2214 2617 2274 πάθειαν,
2686 2217 2775 2263 καὶ
2824 2212 3077 2283 εὐμένειαν
3140 2212 3298 2265 ἕλκειν
3360 2210 3644 2285 δυνάμενα,
3701 2221 3955 2286 μονονουχὶ

2384 2300 2560 2370 λέγων·
2598 2323 2625 2349 ‹‹
2669 2300 2753 2360 Ὠς
2799 2300 2908 2352 ἀνθ’
2961 2303 3072 2352 οἷον
3111 2300 3334 2353 πλούτου
3386 2299 3615 2377 δωρεῶν,
3661 2307 3709 2354 οἶ
3754 2323 3853 2374 μοι,
3883 2305 3957 2353 καὶ

2389 2386 2546 2451 δόξης
2591 2390 2656 2449 εἰς
2710 2394 2803 2447 τὴν
2851 2390 3153 2461 οἰκουμένην
3195 2387 3590 2457 διαϐοηθείσης,
3650 2395 3774 2453 οἰοις
3817 2392 3958 2465 ἁμαρ-

2388 2483 2618 2547 τήμασιν
2665 2478 2913 2541 ἑαλωκὼς,
2955 2484 3044 2530 καὶ¹
3099 2476 3315 2545 όνειδος,
3372 2485 3463 2532 καὶ
3504 2484 3851 2555 ιιυκτηρισμός
3885 2500 3955 2551 γε·

2388 2572 2549 2637 γονως
2598 2567 2958 2640 ἐξελέγχομαι.
3004 2590 3029 2615 ››

2464 2746 2521 2798 Εἰ
2554 2743 2612 2798 δε
2655 2751 2899 2820 καὶπρὸς
2932 2745 3122 2807 διπλῆν
3162 2756 3345 2823 μοῖραν
3386 2758 3664 2821 πανταχοῦ
3702 2751 3955 2822 καθορᾶται

2392 2836 2722 2906 μεριζόμενος
2776 2837 3062 2909 όἸσραήλ’
3121 2840 3168 2889 οἱ
3211 2841 3300 2909 μὲν
3339 2842 3441 2909 γὰρ
3486 2840 3655 2890 αὐτῶν
3693 2855 3958 2909 μοσχοποι-

2374 2931 2540 2975 ὀὖσιν
2585 2924 3113 2997 ἑγκαταλιμποὲνοντες
3168 2930 3315 2979 Θεόν·
3366 2930 3413 2979 οὶ
3470 2925 3530 2979 δε
3571 2932 3722 2999 φόνῳ,
3760 2932 3841 2977 καὶ
3882 2926 3959 2975 θα-

2391 3014 2527 3083 νάτῳ
2597 3018 2690 3070 τὴν
2744 3014 2936 3085 τόλμαν
2988 3011 3293 3081 δικάζουσι,
3363 3025 3425 3089 τῇ
3488 3020 3741 3087 Μωσαίκῇ
3805 3015 3957 3086 ψήφῳ,

630 3105 731 3157 aut
778 3099 978 3172 potius
1004 3099 1168 3170 justo
1202 3099 1299 3154 Dei
1342 3100 1570 3169 judicio
1613 3100 1863 3171 subjecti
1894 3102 1980 3155 ηε
2014 3099 2281 3155 nonnulli

2393 3101 2583 3173 μᾶλλον
2631 3100 2689 3155 δε
2735 3111 2795 3175 τῇ
2843 3112 2933 3155 τοῦ
2974 3112 3107 3157 Θεοῦ
3154 3101 3520 3178 δικαιοκρισία
3570 3108 3954 3179 ὑπηρετοὺμινοι·

629 3194 917 3260 praeterea
958 3188 1270 3243 incensum
1302 3187 1559 3243 oﬂ'erunt
1587 3190 1725 3254 Deo,
1770 3188 1859 3243 his
1891 3193 2080 3243 autem
2117 3193 2284 3243 terras

630 3278 829 3333 hiatUs
857 3281 1375 3347 extemporaneum
1421 3278 1572 3331 fiunt
1616 3277 1956 3348 sepulcrum
1988 3280 2073 3341 5';
2108 3291 2286 3348 porro

633 3365 952 3421 nonnullos
1004 3365 1266 3421 ﬂammae
1306 3382 1341 3420 a
1372 3368 1490 3421 Deo
1532 3366 1814 3421 immissas
1863 3366 2174 3431 devorant,
2228 3370 2289 3421 ut

633 3454 1127 3510 murmurationis
1170 3455 1393 3510 crimen
1436 3454 1797 3510 ulciscantur
1826 3457 1911 3520 5‘;
1944 3454 2040 3509 alii
2086 3461 2291 3509 contra

632 3544 692 3599 in
727 3543 827 3599 Dei
860 3543 1331 3599 misericordiam
1365 3549 1418 3599 et
1443 3544 1499 3599 in
1532 3543 1757 3599 bonam
1788 3543 2023 3612 frugem
2054 3560 2115 3598 se
2151 3544 2293 3598 reci-

635 3633 883 3705 pientes,
924 3632 1283 3687 incredibilis
1322 3632 1479 3687 illius
1520 3633 1778 3703 portenti
1816 3639 2174 3705 spectatores
2224 3650 2294 3688 ac

635 3726 810 3778 testes
865 3721 1020 3776 ﬁunt
1074 3722 1265 3788 “;ac
1318 3721 1544 3776 illorum
1604 3722 1849 3793 quidem
1910 3722 2182 3778 membra
2236 3724 2295 3777 in

636 3810 871 3866 deserto
902 3809 1146 3874 cadunt,
1179 3815 1465 3881 terraeque
1498 3811 1807 3882 promissas
1835 3811 2181 3881 judicantur
2210 3811 2293 3866 in-

637 3899 802 3968 digni
828 3900 876 3934 “
905 3917 917 3967 ;
951 3899 1010 3954 hi
1042 3904 1231 3955 autem
1257 3899 1333 3954 ab
1358 3900 1889 3971 repromissionum
1924 3900 2297 3956 assecutione

637 4003 762 4045 non
804 3988 1086 4043 excidunt
1128 3990 1421 4060 57;atque
1470 3989 1586 4044 alia
1630 3989 1942 4044 innumera
1979 4004 2153 4044 :cum
2191 3991 2297 4045 ita-

638 4086 757 4149 que
807 4077 1129 4133 Israelitica
1183 4078 1346 4133 natio
1402 4079 1482 4134 ita
1526 4078 1582 4133 in
1632 4078 1785 4133 duas
1840 4079 2300 4148 distingueretur

641 4172 851 4238 partes,
885 4182 1143 4237 quarum
1170 4167 1349 4222 altera
1383 4167 1807 4237 resipiscentes,
1842 4168 2023 4222 altera
2063 4184 2300 4237 perver-

641 4272 741 4311 sos
769 4256 1212 4329 complectitur;
1242 4256 1711 4327 nihil-prohibet,
1744 4257 2063 4327 quominus
2102 4258 2301 4328 resipi-

643 4345 938 4400 scentium
953 4345 1337 4413 cogitationes
1351 4345 1873 4416 confessionesque
1887 4345 2084 4399 dicam
2095 4362 2161 4400 us
2174 4361 2300 4401 esse

643 4433 788 4488 illud
820 4450 831 4487 :
859 4457 884 4483 ‹‹
920 4433 1310 4504 Multiplicataa
1333 4438 1465 4488 sunt
1488 4434 1831 4504 iniquitates
1859 4440 2073 4488 nostrae
2097 4450 2298 4489 coram

646 4526 722 4589 te,
768 4526 823 4577 et
870 4489 1113 4593 peccata
1162 4527 1367 4578 nostra
1414 4489 1855 4593 responderunt
1911 4522 2106 4587 nobis,
2157 4523 2303 4593 quia
2335 4489 2375 4541 Β

647 4611 868 4666 scelera
926 4618 1125 4666 nostra
1174 4611 1509 4677 nobiscum,
1561 4616 1617 4667 et
1672 4611 2017 4682 iniquitates
2066 4617 2301 4667 nostras

647 4699 1373 4769 cognovimus;peccare,
1438 4704 1494 4754 et
1548 4698 1777 4754 mentiri
1986 4707 2042 4754 et
2104 4701 2305 4756 aversi

651 4806 883 4853 sumus,
918 4805 989 4843 ne
1023 4790 1244 4844 iremus
1290 4795 1424 4862 post
1467 4796 1689 4857 tergum
1725 4791 1823 4844 Dei
1857 4798 2037 4845 nostri
2067 4793 2153 4855 53;
2190 4813 2217 4844 »
2251 4797 2305 4847 et

649 4894 1027 4949 quaecunque
1072 4878 1187 4932 alia
1221 4879 1297 4933 ad
1339 4880 1612 4933 eamdem
1645 4878 2102 4945 confessionem,
2144 4897 2307 4935 com-

651 4965 1163 5039 punctionemque
1223 4968 1561 5037 pertinent:
1599 4967 2090 5022 murmurantium
2145 4985 2302 5035 vero,

724 5091 772 5125 ⁴⁸
796 5089 977 5145 Exod.
1010 5107 1145 5157 xvu,
1179 5095 1251 5158 6;
1287 5094 1461 5147 Num.
1488 5108 1586 5153 xx.
1622 5092 1702 5146 Η.

1818 5092 1864 5125 ⁴⁹
1895 5092 2005 5145 Isa.
2030 5092 2269 5157 [1111,16
2290 5109 2411 5164 seq.

2393 3196 2482 3241 καὶ
2541 3193 2588 3241 οἱ
2644 3195 2733 3261 μεν
2794 3194 3115 3265 ἱερατευουσι
3159 3201 3230 3263 τῷ
3282 3201 3412 3263 Θεῷ,
3473 3202 3577 3254 τοίς
3628 3192 3683 3246 δε
3733 3195 3960 3264 χάσματα

2394 3289 2493 3349 ’γῆς
2529 3277 2883 3351 αὐτοσχέδιος
2932 3282 3090 3352 τάφος
3126 3287 3344 3351 γίνεται.
3378 3288 3469 3333 καὶ
3518 3288 3643 3342 τοὺς
3688 3286 3771 3353 μὲν
3809 3280 3961 3351 φλόγες

2401 3368 2639 3425 Θεήλατοι
2717 3374 3091 3440 κατανέμονται
3158 3378 3247 3421 τοῦ
3312 3380 3626 3443 γογγυσμοῦ
3676 3368 3821 3430 δίκας
3875 3368 3959 3419 εἰσ·

2400 3462 2765 3529 πραττόμεναι·
2823 3460 2870 3510 οἱ
2912 3456 2969 3510 δε
3021 3464 3151 3529 πρός
3202 3462 3287 3510 τόν
3328 3459 3486 3527 ἔλεον,
3533 3465 3621 3511 καὶ
3673 3465 3760 3516 τὴν
3806 3458 3961 3526 εὐγλω-

2402 3549 2632 3617 μοσύνην
2695 3550 3119 3619 καταφεύγοντες,
3187 3550 3382 3617 θεαταὶ,
3446 3554 3536 3600 καὶ
3597 3551 3842 3620 μάρτυρες
3892 3550 3965 3593 τοῦ

2403 3632 2705 3707 παραδόξου
2761 3638 3014 3707 θεάματος
3068 3641 3316 3706 γίνονται·
3382 3643 3473 3689 καὶ
3513 3646 3611 3689 των
3659 3642 3743 3708 μεν
3784 3638 3842 3685 τὰ
3888 3641 3965 3681 γω-

2404 3724 2467 3774 λα
2552 3725 2599 3774 ἐν
2671 3724 2843 3797 ἐρήμῳ
2914 3730 3108 3789 πίπτει,
3166 3730 3255 3776 καὶ
3332 3734 3429 3786 τῆς
3483 3726 3845 3796 ἐπηγγελμένης
3887 3728 3967 3791 γῆς

2410 3810 2609 3873 ἀνάξιοι
2667 3818 2948 3884 κρίνονταιο
3011 3819 3059 3865 οὶ
3115 3810 3174 3865 δε
3217 3824 3316 3865 τών
3366 3812 3681 3885 ἕπαγγελιὼν
3735 3813 3819 3865 οὐκ
3855 3810 3968 3861 ἐκπί-

2409 3915 2619 3951 πτουσι’
2672 3906 2760 3953 καὶ
2817 3907 2981 3976 μυρία
3020 3902 3165 3953 ἄλλα·
3216 3902 3379 3964 οὓτως
3420 3903 3509 3954 οὖν
3564 3904 3631 3963 εἰς
3671 3899 3760 3953 δύο
3795 3904 3967 3971 μοίρας,

2411 3993 2480 4049 εἷς
2525 4009 2577 4040 τε
2626 3995 2717 4047 τὴν
2780 3991 3097 4062 εὐγνώμονα,
3148 3996 3237 4043 καὶ
3296 3991 3590 4063 ἀγνώμονα,
3650 3998 3741 4051 τῆς
3797 3990 3967 4058 Ἰσραη-

2408 4075 2603 4137 λίτιδος
2644 4079 2806 4149 φυλῆς
2846 4076 3231 4151 διαιρουμένης,
3280 4077 3432 4132 οὐδὲν
3474 4080 3657 4131 κωλύει
3707 4079 3854 4149 λέγειν
3892 4080 3971 4124 τὼν

2410 4174 2499 4237 μὲν
2577 4169 2903 4239 εὐγνωμόνων
2972 4166 3323 4241 διανοήματα,
3403 4174 3494 4221 καὶ
3551 4168 3812 4240 ὁμολογίας
3866 4160 3970 4215 εἶναι

2412 4262 2485 4307 τό’
2543 4280 2567 4305 ι(
2628 4257 2792 4313 Πολλὴ
2850 4261 2878 4314 ἡ
2936 4256 3124 4329 ἀνομία
3168 4260 3312 4329 ἡμῶν
3375 4258 3598 4310 ἐναντίον
3656 4276 3765 4308 σου·
3812 4258 3889 4304 καὶ
3930 4250 3970 4299 αὶ

2413 4346 2663 4417 ἁμαρτίαι
2705 4348 2847 4416 ἡμῶν
2888 4346 3211 4404 ἀντέστησαν
3251 4350 3393 4418 ἡμῖν’
3443 4352 3532 4398 καὶ
3578 4349 3657 4398 ότι
3709 4347 3759 4395 αἱ
3796 4341 3972 4411 ἀνομίαι

2413 4438 2555 4505 ἡμῶν
2619 4434 2665 4485 ἐν
2730 4438 2873 4506 ἡμῖν,
2937 4440 3025 4486 καὶ
3088 4439 3153 4487 τά
3209 4432 3518 4507 ἀδικήματα
3569 4437 3709 4505 ἡμῶν
3763 4436 3968 4501 ἔγνωμεν

2414 4523 2765 4594 ἠσεϐήσαμεν,
2850 4528 2935 4575 καὶ
3007 4524 3355 4596 ἐψευσάμεοα.
3396 4564 3407 4575 .
3447 4566 3460 4578 .
3499 4567 3511 4578 .

2416 4612 2514 4663 ἀπὸ
2572 4615 2782 4663 ὄπισθεν
2832 4622 2920 4664 τοῦ
2970 4621 3102 4665 Θεου
3160 4615 3323 4684 ἡμῶν·
3378 4634 3405 4663 ι)
3466 4619 3555 4664 καὶ
3605 4615 3701 4664 όσα
3750 4609 3868 4661 οῐλλα
3899 4614 3972 4661 τῆς

3572 4529 3659 4575 καὶ
3716 4521 3971 4587 ἀπέστημεν

2417 4703 2579 4762 αὐτῆς
2634 4702 2988 4773 ὁμολογησεως
3048 4704 3299 4774 ὑπάρχει,
3359 4708 3448 4754 καὶ
3507 4700 3833 4762 κατανύξεως·
3892 4702 3969 4744 τῶν

2417 4789 2473 4842 δέ
2525 4801 2852 4862 ΊΟἹἹυστώνρ
2895 4798 2981 4843 καὶ
3031 4791 3358 4865 ἀχαρίστων,
3392 4797 3481 4843 καὶ
3537 4790 3828 4860 ἀγνωμόνων
3865 4780 3968 4835 δνσ-

2417 4885 2612 4952 φημίας
2653 4888 2779 4933 εἰναι
2827 4888 2904 4931 τό·
2959 4902 2985 4929 ‹‹
3047 4878 3182 4933 Ἰδοὺ
3216 4882 3500 4955 ὠργίσθης,
3544 4885 3629 4932 rati
3664 4880 3805 4949 ἡμεῖς
3833 4872 3967 4943 ημάρ·

2417 4988 2585 5042 τομεν·
2629 4991 2655 5019 ))
2694 4970 2735 5021 εὶ
2776 4968 2951 5037 βούλει
2992 4967 3068 5029 δὲ,
3122 4974 3210 5021 καὶ
3258 4974 3334 5021 τό·
3384 4992 3410 5019 ‹‹
3446 4974 3510 5021 Τί
3544 4968 3819 5022 ἐπλάνησας
3858 4964 3969 5029 ἡμᾶς

2527 5095 2573 5127 ⁵ο
2593 5092 2739 5146 Psal.
2769 5107 2925 5153 xuii,
2960 5095 3061 5155 lli;
3114 5109 3346 5157 Lxxvm,
3382 5097 3431 5148 4.
3550 5095 3591 5128 ⁵³
3626 5088 3795 5146 Exod.
3821 5096 3964 5157 xxxii:

657 5166 678 5215 1
718 5175 901 5237 βόασε
935 5153 1201 5237 η’Τ-ἱὺίά.
1223 5153 1295 5237 ἑξ
1317 5179 1484 5237 seqq.
1562 5164 1610 5197 ⁸³
1639 5166 1814 5218 Νιιω.
1839 5178 1957 5227 xvn,
1990 5166 2019 5217 6
2050 5153 2219 5235 seqq.

2401 5165 2522 5218 bid.
2546 5165 2611 5217 23
2636 5179 2805 5235 seqq.
2848 5165 2895 5197 ⁵⁵
2918 5153 3279 5231 Exodxn,“
3313 5153 3474 5237 seqq.
3518 5166 3566 5200 ⁵⁸
3586 5165 3755 5219 Num.
3787 5172 3892 5217 xw,
3918 5153 3966 5203 '28

654 5248 779 5305 seq.
858 5234 901 5269 ⁵⁷
933 5232 1056 5289 ibid
1086 5238 1172 5290 30.
1252 5235 1299 5269 ⁵⁸
1327 5232 1577 5298 Isa.—LIX,
1618 5238 1679 5289 l2
1721 5250 1889 5305 seqq.

2233 5331 2438 5390 NOTAE

729 5455 859 5529 (35),
889 5455 1116 5529 Hoc‘ad
1151 5454 1673 5529 _eos_referendum
1714 5460 1879 5529 puto,
1919 5457 2020 5529 qui
2052 5457 2310 5529 rsingulis

658 5526 864 5600 populi
897 5526 1387 5600 castigationibus
1418 5526 1755 5600 superstites
1791 5528 1870 5583 ob
1901 5526 2309 5600 paenitentiam

658 5597 913 5656 fuerunt.
971 5599 1259 5656 Nimirum
1299 5600 1358 5655 in
1408 5597 1597 5672 prima
1640 5616 1877 5673 quoque
1904 5597 2310 5658 'Hebraaorum

2414 5458 2593 5528 plaga
2617 5457 2998 5585 2ὶέιῇυειιηοιιί
3058 5457 3219 5515 viros
3279 5458 3459 5515 fuisse
3516 5456 3755 5513 constat.
3811 5441 3964 5505 Exod.

2414 5545 2589 5585 χχιιι.
2694 5568 2706 5581 .

2414 5545 2589 5597 xxxu,
2617 5545 2706 5585 κο.
