4126 6190
273 279 374 338 illi

1253 281 1348 336 AD
1387 281 1938 338 AMPHILOCHIUM
1977 279 2306 349 QUAESTIO
2347 281 2550 336 XLIII.

3539 285 3644 347 302

271 407 376 460 ἀπὸ
405 417 498 470 τῆς
524 405 654 460 ὁδοῦ
691 425 810 473 σου,
855 411 946 459 καὶ
971 405 1290 480 ἐσκληρυνας
1331 409 1422 468 τὰς
1463 404 1690 481 καρδίας
1737 409 1877 478 ἡμῶν

1992 407 2504 478 ingratorumque,
2553 422 2624 464 ac
2665 407 3006 464 vecordium
3055 407 3470 480 blasphemiae
3511 429 3644 472 esse

269 505 366 550 τοῦ
442 503 516 569 μὴ
597 495 870 569 φοϐεῖσθαί
949 513 1044 560 σε;
1105 517 1133 548 ››
1213 501 1304 550 καὶ
1373 497 1474 548 ὅσα
1541 503 1637 557 τῆς
1717 496 1882 557 αὐτῆς

269 585 688 659 ἀπονενοημένης
751 591 968 657 γνώμης
1027 583 1140 638 ἐστὶ
1200 591 1418 638 τοιαῦτα
1504 583 1873 656 βλαστήματα.

267 678 414 734 rasti
457 692 564 732 cor
616 681 908 744 nostrum,
947 689 1024 730 ne
1081 675 1394 730 timererus
1442 679 1496 730 te
1537 675 1582 710 ⁵³
1615 675 1642 729 ?
1673 695 1700 724 »
1757 679 1936 745 atque

269 769 626 838 erumpunt.

345 855 406 909 Εἰ
429 859 534 927 γὰρ
577 859 669 906 καὶ
697 853 886 928 ἕτεροις
913 854 1088 925 λόγοις
1114 855 1179 906 τά
1208 853 1423 926 ὕστερον
1463 853 1706 926 εἰρημένα
1735 850 1880 906 διαι-

267 947 494 1008 τᾶσθαι,
525 947 616 996 καὶ
661 945 1022 996 καθίστασθαι
1047 939 1266 994 δύναται
1289 945 1418 1014 πρὸς
1453 945 1540 994 τόν
1585 944 1758 1016 εἱρμὸν
1789 951 1879 1003 τῆς

267 1032 606 1096 ἀκολουθίας,
645 1038 736 1084 καὶ
767 1036 824 1084 τό
855 1039 946 1091 τῆς
977 1032 1438 1102 σνγκατανιύσεως
1476 1030 1836 1084 ἀστασίαστον
1862 1047 1874 1060 ·

269 1121 382 1173 ἀλλ’
429 1119 518 1174 οὖν
547 1127 636 1174 καὶ
687 1123 714 1174 ό
765 1121 944 1194 ῥηθεὶς
1001 1125 1191 1192 τρόπος
1245 1121 1418 1180 ἱκανός
1471 1122 1586 1172 ἐστι
1635 1125 1728 1178 τὴν
1775 1127 1876 1170 τῶν

267 1211 540 1284 λογισμῶν
595 1209 766 1282 ἀχλὺν
821 1205 1212 1274 ἀποσκεδάσαι,
1268 1215 1356 1262 καὶ
1409 1213 1468 1261 τὸ
1529 1217 1617 1268 τῆς
1659 1207 1878 1280 ἀμφιϐο-

684 1297 1064 1354 διαλύσασθαι.
1129 1303 1232 1352 Καὶ
1292 1299 1386 1350 οὐκ
1457 1301 1597 1350 ἔστιν
1677 1294 1876 1350 ἐνδοια-

1409 1384 1694 1448 διαθέσεως

267 1299 386 1362 λίας
463 1305 604 1373 νέφος

269 1391 488 1461 ζόμενον
579 1397 640 1447 τῆ
651 1409 674 1450 ς

267 1475 582 1551 δυσφημίας
631 1481 698 1530 τα
758 1479 990 1551 ῥήματα.
1049 1477 1316 1530 Εἰωθότων
1361 1477 1462 1550 γὰρ
1523 1479 1654 1528 κατά
1719 1483 1872 1540 Θεοῦ,

265 1573 362 1620 καὶ
391 1571 528 1620 κατὰ
555 1575 654 1619 τῶν
699 1567 860 1618 αὐτοῦ
919 1569 1242 1640 θεραπόντων
1279 1565 1580 1636 γογγύζειν,
1612 1571 1702 1618 καὶ
1749 1585 1872 1617 κατ·
1909 1597 1948 1651 Β

269 1657 650 1720 εξανίστασθαι
723 1664 824 1708 τῶν
892 1654 1334 1730 συμπληρούντων
1403 1659 1496 1712 τὴν
1581 1653 1872 1725 ἀγνώμονα,

781 1393 1074 1460 ἀγνώμονος
1175 1385 1304 1440 εἶναι
1409 1385 1694 1448 διαθέσεως
1783 1395 1878 1448 τῆς

267 1751 362 1796 καὶ
439 1748 842 1818 πεπωρωμένην,
897 1749 988 1796 καὶ
1051 1745 1399 1816 ἀθεράπευτον
1464 1751 1688 1816 μοῖραν·
1759 1742 1878 1794 ἀκό-

267 1835 460 1895 λουθός
487 1833 628 1886 ἔστιν
659 1833 840 1895 αὐτοῖς
875 1839 964 1886 καί
997 1833 1202 1904 μελέτη,
1235 1833 1466 1904 μάλιστα
1509 1839 1602 1885 καὶ
1645 1841 1746 1884 τῶν
1789 1853 1876 1884 κα-

269 1931 378 1974 κῶν
427 1921 668 1975 ἁπάντων
717 1921 832 1974 ἀντὶ
861 1923 954 1974 τόῦ
987 1921 1206 1982 ἑαυτοὺς
1259 1921 1461 1982 αἰτίους
1506 1921 1754 1992 νομίζειν,
1807 1921 1876 1982 εἰς

267 2015 368 2068 τὴν
393 2019 488 2072 τῆς
515 2015 777 2081 σωτηρίας
815 2010 1028 2072 ἀπάσης
1055 2013 1244 2080 πηγὴν,
1267 2015 1358 2062 καὶ
1387 2017 1486 2062 τῶν
1517 2009 1684 2061 καλῶν
1711 2013 1876 2061 αἴτιον

267 2105 362 2160 τὰς
386 2100 560 2161 αἰτίας
591 2099 872 2172 ἀναφέρειν.

345 2189 483 2241 Ἀλλ’
531 2192 736 2263 εἴρηται
782 2191 894 2259 μὲν,
953 2189 1055 2241 ὅσα
1103 2192 1480 2262 εἴρηταιοτοίς
1521 2185 1580 2240 δὲ
1637 2193 1730 2245 τὴν
1765 2207 1874 2260 κριο

269 2284 424 2336 τικην
455 2279 558 2340 ἕξιν
606 2285 668 2349 τῇ
727 2285 818 2330 τοῦ
861 2280 1117 2349 πάναγίου
1169 2279 1462 2349 Πνεύματος
1521 2274 1740 2348 δυνάμει
1767 2297 1874 2347 χα-

267 2369 572 2438 ριτωθείσιν
602 2366 954 2437 ὑπεξίσταμαι
1003 2363 1230 2436 διαιτᾴν,
1263 2371 1352 2418 καὶ
1399 2369 1466 2419 τὰ
1493 2371 1710 2438 κρείττω
1739 2365 1872 2438 μᾶλ-

265 2457 362 2508 λον
411 2465 512 2508 τῶν
599 2456 762 2508 ἄλλων
835 2452 1222 2528 ἀποδέχεσθαι,
1295 2461 1384 2508 καί
1447 2461 1698 2530 στέργειν.
1757 2456 1872 2508 Ἐπὶ

267 2545 406 2598 τελιι
461 2543 520 2598 δέ
573 2565 664 2618 μοι
709 2553 802 2597 τοῦ
847 2545 1002 2616 λόγου
1049 2545 1318 2619 περιῆλθεν
1363 2547 1393 2604 ἡ
1425 2549 1602 2618 μνήμη
1651 2553 1746 2607 τῆς
1785 2551 1872 2598 τοῦ

269 2637 568 2706 Συμμάχου
601 2631 876 2696 ἐκδόσεως,
921 2638 1038 2695 ἣτις
1089 2635 1132 2687 εἰ
1159 2635 1274 2686 κατ’
1309 2633 1480 2708 ἀρχὰς
1527 2633 1740 2702 ἐπέστη,
1779 2635 1872 2688 οὐκ

267 2723 332 2774 ἀν
407 2725 672 2774 τοσούτων
765 2720 1160 2793 ἐνθυμημάτων,
1228 2717 1352 2774 οὐδε
1443 2725 1870 2794 περινενοημένων

269 2813 622 2884 θεωρημάτων
679 2814 810 2884 πρὸς
865 2815 958 2868 την
1008 2809 1156 2862 λύσιν
1212 2807 1518 2882 ἐδεήθημεν,
1599 2817 1698 2863 Καὶ
1769 2815 1869 2882 γὰρ

265 2901 456 2962 ἐκεῖνος
521 2905 580 2954 τό
645 2903 802 2976 ῥητὸν
883 2902 1042 2960 οὕτως
1105 2897 1412 2966 ἐκδέδωκεν,
1483 2921 1512 2952 (ι
1585 2900 1870 2975 Ὠργίσθης

265 2995 418 3061 ἡμῶν
479 2991 846 3064 ἀμαρτόντωνυ
919 3012 948 3042 ›)
995 2991 1116 3063 ὅπερ
1173 2987 1324 3043 οὐδὲν
1377 2988 1678 3062 ἀμφίϐολον,
1749 2985 1874 3042 οὐδέ

265 3101 388 3133 τινα
437 3085 724 3154 παρέχεται
783 3081 1042 3140 ζήτησιν
1111 3081 1328 3152 φανερὰν
1387 3075 1466 3142 δὲ,
1515 3085 1603 3131 καὶ
1655 3083 1872 3151 κρείττω

265 3171 608 3242 προτίθησιν,
671 3171 700 3228 ἡ
767 3165 1158 3240 ὃιαπορείσθαι,
1222 3172 1318 3226 τὴν
1379 3165 1636 3222 διάνοιαν.
1695 3169 1872 3239 Ἶσμεν

263 3261 390 3332 γὰρ,
445 3263 594 3326 ἶσμεν
649 3267 828 3330 σαφῶς
877 3259 986 3328 (37)
1039 3257 1260 3319 ἅπαντες
1311 3260 1370 3308 τό
1420 3265 1570 3310 Θεῐον
1627 3256 1710 3309 ἐπὶ
1758 3261 1873 3318 ταῖς

265 3349 554 3420 ἁμαρτίαις
605 3349 750 3419 ἡμῶν
797 3346 1150 3420 ὀργιζόμενον.
1221 3347 1334 3398 Οὐκ
1387 3343 1584 3404 ἄδηλον
1637 3343 1716 3411 δὲ,
1793 3348 1872 3398 ὅτι

263 3443 340 3508 μὴ
383 3441 538 3508 μόνον
565 3436 694 3492 αὐτὴ
741 3437 862 3487 καθ’
917 3435 1100 3492 ἑαυτὴν
1129 3437 1158 3492 ἠ
1213 3437 1428 3492 τοιαύτη
1460 3431 1710 3494 Ἐκδοσις
1753 3432 1870 3487 δια-

261 3528 402 3578 λύειν
453 3525 592 3577 ἐστὶν
625 3527 770 3582 ἱκανὴ
801 3527 860 3576 τὸ
917 3522 1194 3596 ἀπόρημα·
1227 3523 1354 3576 ἀλλὰ
1389 3529 1478 3576 καὶ
1527 3526 1606 3576 ὅτι
1645 3525 1738 3576 οὐκ
1770 3523 1870 3576 ὀλί-

261 3635 362 3688 γας
409 3623 512 3666 τῶν
569 3617 948 3686 προειρημένων
1014 3611 1293 3665 ἐπιλύσεων
1349 3611 1680 3687 βεϐαιοῖ-ἱράς
1745 3613 1872 3686 μᾶλ-

263 3706 350 3757 λον
405 3703 716 3774 ἀποφαίνει·
779 3699 904 3754 οὐδὲ
949 3705 1080 3777 πρὸς
1127 3705 1218 3762 τας
1267 3703 1452 3764 λοιπὰς
1502 3699 1868 3776 διαφερομένῃ,

825 3787 962 3852 ἰδίας
1055 3797 1242 3866 χρείας
1333 3789 1594 3864 διαμένειν
1671 3791 1868 3844 ἀπολεί-

265 3793 380 3845 ἀλλ²
471 3793 554 3845 ἐπὶ
639 3801 730 3852 τῆς

261 3902 464 3938 πονσα.

833 3984 1142 4032 ΕΡΩἹῚΙΣΙΣ
1181 3977 1310 4032 Ml".

259 4093 326 4141 Τί
383 4083 452 4144 δή
489 4103 612 4137 ποτε
671 4093 762 4137 τοῦ
821 4089 1016 4158 Κυρίου
1069 4091 1158 4136 καὶ
1213 4093 1450 4158 Σωτῆρος
1499 4087 1644 4156 ἡμῶν
1693 4086 1870 4142 Ἰησον

337 4166 574 4230 Χριστοῦ
637 4157 708 4218 εἰς
774 4157 934 4230 ῥ’νομα
985 4161 1188 4230 Πατρός
1237 4162 1326 4208 καὶ
1362 4157 1367 4158 ν
1397 4164 1520 4208 Υἰοῦ
1573 4163 1662 4208 καὶ
1715 4160 1868 4226 άογίου

339 4226 470 4282 Ιινέυ
475 4248 634 4300 ματος
765 4226 1042 4298 βαπτίζειν
1097 4226 1105 4230 Ἴ
1157 4249 1229 4299 μν
1239 4233 1486 4300 σταγωγή
1497 4247 1702 4289 σαντος,

336 4299 620 4352 ἀπόστολοι
682 4303 774 4352 καὶ
837 4301 1072 4370 μαθηταὶ
1121 4299 1442 4370 αὐτοῆῗοῦχ
1498 4300 1678 4364 οὕτως,

339 4373 412 4434 εἰς
437 4375 492 4423 τό
526 4377 684 4442 ὄνομα
713 4378 804 4422 τοῦ
835 4369 1027 4442 Κυρίου
1063 4370 1238 4428 Ἰησοῦ
1267 4369 1544 4433 ἐϐάπτιζον
1569 4389 1582 4436 ;

1822 4231 1870 4280 οἱ

1763 4299 1870 4350 ἀλλ’

1905 2951 1972 3005 ρ.

1992 497 2122 562 hoc,
2146 513 2284 552 ecce
2310 517 2338 548 «
2359 497 2548 552 Iratus
2583 513 2646 552 es
2679 501 2737 552 et
2763 511 2874 552 nos
2913 497 3316 568 peccavimus;
3365 521 3386 550 ι
3433 501 3552 558 imo
3589 509 3646 562 et

1991 586 2106 642 hoc
2135 603 2147 641 :
2187 607 2212 638 α
2243 589 2434 652 Quare
2463 602 2660 642 errare
2683 601 2793 642 nos
2827 585 3010 642 fecisti
3046 587 3122 642 de
3159 587 3268 644 viis
3305 591 3439 654 tuis,
3475 591 3645 649 indu-

1985 675 2102 732 alia
2153 675 2522 746 hujusmodi,
2563 689 2700 748 quin
2747 691 2820 730 ex
2871 675 3086 732 eadem
3141 677 3326 734 animi
3383 681 3646 740 czecitate

2061 853 2178 910 Etsi
2207 854 2368 910 enim
2397 855 2575 910 verba
2609 854 2814 910 isthmc
2857 854 2982 910 aliis
3017 871 3260 928 quoque
3292 857 3647 930 interpreta-

1991 943 2252 998 tionibus
2285 943 2608 1008 eonciliari,
2651 948 2706 999 et
2735 943 2812 999 ad
2845 945 3232 1001 consentanei
3263 961 3474 1003 sensus
3505 965 3646 1006 con-

1989 1033 2326 1096 nexionem,
2358 1032 2940 1104 consensionemque
2997 1033 3422 1092 inconcussam
3453 1037 3645 1109 redigi

1987 1125 2262 1192 possunt;
2291 1121 2610 1192 praedictus
2631 1127 2831 1178 tamen
2855 1123 3071 1178 modus
3093 1123 3314 1182 sufﬁcit
3337 1126 3416 1182 ad
3443 1127 3646 1184 discu-

1987 1210 2252 1265 tiendam
2317 1211 2836 1266 ratiocinationum
2891 1211 3226 1284 caliginem,
3299 1219 3358 1270 et
3415 1217 3642 1275 nubem

1988 1299 2396 1368 ambiguitatis
2411 1299 2886 1356 dissolvendam.
2907 1305 3102 1374 Neque
3117 1303 3180 1356 in
3201 1303 3454 1360 dubium
3479 1321 3646 1363 revo-

1987 1394 2176 1454 catur,
2213 1389 2360 1461 quin
2415 1388 2492 1443 ad
2549 1389 2864 1444 vecordem
2915 1390 3300 1448 Hebraeorum
3367 1395 3640 1452 animum

1987 1477 2379 1548 blasphemia}
2429 1477 2612 1533 verba
2649 1479 3004 1548 pertineant.
3055 1483 3200 1536 Cum
3235 1481 3394 1538 enim
3425 1484 3484 1548 ii,
3541 1485 3643 1556 qui

1987 1567 2355 1632 vecordium,
2392 1566 2848 1632 obduratorum,
2889 1572 3070 1640 atque
3103 1570 3638 1630 inemendabilium

1987 1655 2302 1710 hominum
2357 1661 2588 1727 partem
2643 1657 3101 1724 constituebant,
3159 1665 3366 1716 contra
3431 1661 3639 1728 Deum,

1985 1745 2232 1816 ejusque
2281 1745 2574 1800 ministros
2643 1761 3040 1813 murmurare,
3097 1752 3276 1820 atque
3335 1749 3644 1821 insurgere

1985 1833 2140 1889 soliti
2179 1833 2398 1890 fuerint
2443 1851 2457 1896 ;
2512 1840 2917 1892 consentanea
2961 1837 3142 1892 etiam
3181 1838 3328 1908 ipsis
3377 1854 3450 1895 ea
3501 1855 3646 1898 cura

1985 1927 2090 1988 est,
2123 1929 2184 1978 ut
2223 1927 2282 1978 et
2306 1923 2602 1995 praecipue
2631 1923 2928 1980 malorum
2970 1927 3268 1994 omnium,
3305 1943 3416 2000 pro
3459 1943 3532 1985 eo
3573 1943 3642 1986 ac

1987 2027 2118 2066 sese
2147 2015 2422 2066 auctores
2451 2011 2832 2078 arbitrentur,
2865 2029 3076 2070 causas
3107 2014 3166 2070 in
3199 2016 3380 2072 totius
3411 2017 3643 2083 salutis,

1985 2100 2230 2164 fontem,
2255 2099 2666 2172 originemque
2693 2102 2996 2158 bonorum
3019 2104 3401 2160 transferant.

2057 2193 2126 2244 At
2155 2203 2266 2258 ego
2295 2189 2538 2261 quidem
2565 2189 2706 2255 dixi,
2735 2205 2871 2262 quae
2911 2191 3034 2247 dixi
3076 2207 3088 2246 :
3139 2193 3272 2248 Haec
3315 2199 3516 2250 autem
3547 2194 3640 2260 iis,

1981 2279 2086 2350 qui
2117 2283 2240 2334 arte
2257 2279 2458 2333 critica
2479 2293 2583 2349 per
2605 2279 2856 2350 Spiritus
2887 2281 3080 2336 sancti
3103 2281 3380 2338 virtutem
3411 2283 3644 2354 prmditi

1985 2373 2142 2434 sunt,
2171 2367 2362 2434 trado,
2395 2373 2460 2422 ut
2503 2368 2838 2436 concilient,
2881 2377 2936 2425 et
2987 2385 3126 2442 qua
3181 2369 3432 2427 meliora
3480 2376 3640 2427 sunt.

1985 2473 2108 2528 prae
2138 2456 2364 2514 cmteris
2389 2457 2820 2527 amplectantur
2859 2473 2930 2514 ac
2965 2459 3240 2530 probent.
3273 2461 3452 2516 Porro
3495 2459 3642 2516 dum

1983 2545 2252 2602 diatriba
2271 2545 2454 2601 ﬁnem
2483 2546 2896 2618 imponebam,
2919 2547 3084 2604 venit
3115 2548 3258 2604 mihi
3291 2549 3352 2604 in
3379 2553 3640 2605 mentem

1985 2635 2330 2707 Symmachi
2389 2635 2584 2692 versio
2629 2655 2646 2706 ;
2697 2652 2884 2709 quam
2923 2638 2972 2692 si
3021 2639 3216 2694 statim
3267 2655 3304 2694 a
3353 2639 3644 2711 principio

1981 2724 2470 2794 adduxissemus,
2493 2725 2698 2796 utique
2719 2741 2840 2782 non
2859 2726 3068 2782 fuisset
3083 2743 3236 2798 opus
3257 2731 3460 2784 tantas
3482 2743 3648 2784 com-

1983 2813 2398 2880 mentationes,
2453 2814 3058 2887 ratiocinationesque
3135 2816 3214 2872 ad
3277 2816 3644 2873 difﬁcultatis

1983 2902 2334 2958 solutionem
2377 2902 2730 2972 excogitare.
2787 2907 2840 2958 ls
2889 2904 3054 2960 enim
3105 2905 3323 2960 dictum
3373 2905 3518 2961 illud
3565 2905 3646 2962 ita

1981 2991 2239 3046 reddidit
2283 3008 2295 3046 :
2335 3013 2362 3042 α
2405 2993 2598 3046 Iratus
2637 3009 2700 3046 es
2739 2992 2914 3048 nobis
2957 2993 3348 3064 peccantibus
3380 2993 3498 3062 (36)
3553 3011 3566 3062 ;
3613 3013 3642 3045 ν

1979 3080 2146 3152 quod
2197 3080 2442 3152 quidem
2494 3080 2722 3137 nullam
2767 3081 3246 3152 ambiguitatem,
3295 3097 3366 3137 ac
3411 3081 3640 3138 nullam

1979 3170 2331 3242 quaestionis
2359 3170 2668 3226 materiam
2699 3171 2974 3234 exhibet;
3001 3172 3384 3242 perspicuum
3415 3175 3639 3236 autem,

1981 3263 2038 3314 et
2061 3259 2136 3314 de
2157 3275 2280 3330 quo
2299 3257 2604 3328 ambigere
2629 3274 2808 3315 nemo
2827 3265 3040 3332 potest,
3065 3275 3313 3316 sensum
3335 3261 3636 3333 proponit.

1981 3347 2268 3404 Novimus
2283 3347 2774 3414 enim,novimus,
2793 3349 3065 3420 inquam,
3082 3349 3411 3406 luculenter
3425 3365 3641 3406 omnes

1983 3439 2168 3492 Deum
2199 3441 2434 3508 propter
2465 3445 2712 3508 peccata
2741 3441 2940 3494 nostra
2979 3438 3179 3494 irasci.
3233 3439 3396 3494 Patet
3441 3443 3642 3496 autem

1979 3525 2328 3595 bujusmodi
2361 3526 2694 3582 versionem
2719 3541 2844 3582 non
2891 3527 3066 3582 modo
3097 3528 3286 3598 ipsam
3317 3543 3424 3598 per
3467 3543 3528 3583 se
3565 3528 3642 3584 ad

1978 3615 2368 3686 quaestionem
2397 3614 2844 3671 dissolvendam
2867 3615 3162 3680 sufﬁcere,
3193 3615 3300 3671 sed
3317 3616 3493 3672 etiam
3519 3631 3641 3672 non

1981 3721 2208 3776 paucas
2263 3721 2336 3760 ex
2391 3704 2582 3761 allatis
2633 3704 3030 3762 solutionibus
3083 3706 3274 3776 magis
3323 3705 3642 3777 magisque

1979 3795 2358 3860 conﬁrmare,
2380 3795 2526 3850 dum
2557 3809 2630 3849 ne
2669 3794 2964 3866 discrepat
3009 3795 3258 3867 quidem
3283 3811 3318 3850 a
3367 3793 3639 3866 reliquis,

1981 3884 2084 3938 sed
2115 3884 2276 3954 ipsas
2309 3883 2370 3938 in
2415 3883 2676 3954 propriis
2709 3884 2916 3942 usibus
2947 3899 3300 3956 permanere
3331 3883 3467 3940 sinit
3501 3883 3640 3956 (38).

2371 3979 2690 4046 QUESTIO
2717 3981 2870 4037 XLIII
2897 3982 3008 4052 [αι.
3033 3981 3212 4054 XLII].

1982 4087 2238 4142 Curnam
2289 4101 2418 4142 cum
2471 4087 2750 4142 Dominus
2799 4093 2852 4142 et
2899 4087 3168 4143 Serrator
3229 4093 3430 4144 noster
3473 4089 3640 4143 Jesus

1907 4131 1949 4184 D
1984 4131 2017 4142 υ
2053 4131 2628 4214 ϐΙιγ-ίδξιιξξηηοιηίηε
2647 4131 3148 4214 Ι³ῖιινξέρῖῖσ⁹ίιῦἐί

2051 4231 2346 4296 baptizare
2357 4231 2668 4296 docuisset,
2683 4231 2936 4296 apostoli
2947 4236 3126 4300 atque
3137 4231 3346 4286 horum
3367 4229 3644 4300 discipuli

2051 4317 2164 4356 non
2195 4301 2293 4366 sic,
2325 4302 2426 4358 sed
2453 4301 2508 4356 in
2539 4301 2770 4358 nomine
2799 4299 3035 4358 Domini
3077 4301 3214 4358 Jesu
3239 4299 3642 4370 baptizabant.

671 4468 826 4517 Edita
853 4468 918 4517 ab
949 4473 1081 4530 Aug.
1112 4468 1268 4524 Maio,
1299 4468 1428 4518 Nov.
1466 4469 1620 4524 σου..
1653 4469 1688 4524 1,
1722 4471 1912 4518 90-120.
1943 4469 2012 4518 De
2045 4469 2313 4532 Baptismo
2351 4470 2402 4517 in
2431 4471 2646 4518 non’iine
2687 4471 2813 4520 Jesu
2845 4469 3234 4520 administrato.

335 4559 406 4614 α’.
436 4563 586 4620 Τίνας
613 4563 704 4632 μὲν
736 4559 823 4610 οὖν
851 4567 949 4610 τῶν
980 4561 1124 4632 ἱερῶν
1159 4555 1361 4632 ἀνδρῶν
1391 4561 1530 4610 ἔστιν
1567 4555 1694 4610 ἰδεῖν
1730 4561 1882 4610 ἱστα-

255 4669 450 4722 μένους
499 4652 626 4722 πρὸς
671 4653 728 4700 τό
769 4649 983 4722 ἄπορον,
1034 4647 1091 4698 οὐ
1125 4643 1196 4700 δι’
1243 4649 1308 4698 ὧν
1339 4651 1396 4699 τό
1431 4651 1647 4720 ζήτημα
1680 4643 1884 4700 διαλύε-

261 4777 312 4810 ⁸⁹
347 4775 460 4828 lsa.
507 4789 660 4837 Lxm,
693 4773 780 4828 17.

2073 4563 2117 4613 1.
2153 4559 2508 4614 Sanctorum
2537 4565 2778 4630 patrum
2805 4559 3126 4614 nonnullos
3145 4559 3312 4614 video
3339 4559 3418 4614 ita
3443 4557 3502 4614 in
3530 4558 3644 4614 hac

1994 4647 2329 4720 quaestione
2357 4653 2676 4714 versantes,
2721 4653 2780 4704 ut
2811 4661 2933 4704 non
2963 4651 3086 4704 tam
3141 4647 3246 4705 illa
3293 4652 3646 4718 argumenta

1836 4870 2066 4928 ΝΟΤιΕ.

339 4971 454 5039 (36)
479 4967 686 5026 Gratiae
715 4967 920 5024 Photio
945 4965 1263 5039 habendae,
1287 4965 1450 5038 quod
1472 4966 1588 5039 hoc
1609 4983 1680 5022 ex
1707 4969 1874 5038 Sym-

265 5038 468 5097 machi
501 5041 774 5096 versione
797 5039 1038 5110 λείψανον
1067 5038 1244 5110 nobis
1278 5038 1600 5093 servaverit
1627 5055 1639 5104 ;
1671 5039 1876 5094 deerat

263 5114 430 5168 enim
463 5113 520 5166 in
553 5113 638 5168 eis
665 5109 1082 5180 Hexaptorum
1115 5109 1504 5182 ἀποσπάσμασι
1535 5126 1670 5182 qua)
1697 5113 1874 5166 Mont-

263 5183 584 5242 fauconius
613 5182 948 5252 collegerat.

337 5255 454 5327 (37)
492 5255 574 5309 Ita
603 5253 664 5327 in
693 5251 972 5327 Vaticano
1003 5251 1297 5325 ἔμφατικῶς
1327 5251 1576 5327 legitur;
1613 5251 1870 5307 Barbari-

265 5343 382 5384 nus
413 5325 616 5381 autem
636 5325 825 5396 habet
851 5329 1083 5380 tantum
1115 5325 1394 5396 iapevyap
1428 5333 1620 5396 σαφῶς.

339 5397 456 5468 (38)
487 5395 854 5468 Calvinistas,
879 5395 984 5468 qui
1003 5393 1190 5450 Deum
1207 5393 1286 5468 ad
1304 5393 1628 5466 peccatum
1650 5409 1759 5468 nos
1783 5395 1870 5468 in-

263 5464 572 5534 citantem,
589 5467 712 5522 imo
725 5464 1036 5536 cogentem
1051 5464 1444 5530 somniantur,
1459 5481 1580 5521 non
1602 5466 1796 5520 minus
1813 5464 1872 5520 in

263 5542 586 5612 hac,quam
603 5541 662 5594 in
675 5537 1018 5612 praecedenti
1034 5536 1696 5612 lucubrationePhotius
1710 5536 1874 5612 lucu-

263 5607 599 5670 lentissima
623 5607 1002 5692 refellere,_ac
1025 5625 1113 5692 ne
1130 5626 1204 5666 ex
1223 5607 1528 5692 proposito
1561 5608 1723 5692 Isaiae
1741 5607 1873 5692 loco

267 5699 494 5745 novam
523 5685 773 5740 sumant
799 5679 1486 5757 cavillandi,materiam,
1512 5684 1872 5738 antevertere

1985 4967 2240 5022 videtur.
2286 4967 2704 5022 Adnotandum
2767 4981 2908 5038 vero
2955 4967 3118 5038 quod
3177 4969 3525 5038 Munsterus,
3575 4981 3646 5022 ac

1987 5041 2239 5106 Grotius,
2297 5038 2612 5110 caeteroqui
2674 5036 3112 5094 Catholicorum
3186 5036 3645 5110 δογμάτωνήηοβ

1985 5111 2166 5165 nimis
2199 5110 2397 5172 amici,
2433 5109 2574 5164 illud
2599 5115 2652 5164 et
2685 5113 3080 5178 peccavimus,
3113 5109 3206 5165 cui
3240 5109 3364 5165 tota
3389 5109 3646 5164 difﬁcul-

1986 5182 2119 5236 tatis
2141 5181 2622 5246 molesinnititur,
2654 5181 2798 5251 quia
2818 5183 3189 5250 peccavimus
3217 5181 3642 5252 exponendum

1985 5269 2102 5306 non
2129 5253 2490 5306 inticiantur.
2528 5251 2766 5306 Photinus
2800 5257 2999 5307 autem
3029 5255 3273 5316 czeteris,
3298 5251 3461 5323 quod
3495 5251 3639 5321 scio,

1985 5324 2172 5378 fusius
2203 5339 2272 5378 ac
2309 5323 2546 5394 planius
2581 5323 2892 5393 proposita
2921 5323 3224 5394 propheta:
3257 5325 3440 5378 verba
3483 5337 3643 5394 com-

1985 5399 2286 5450 mentatur
2311 5389 2331 5458 ξ
2365 5410 2434 5448 ac
2454 5389 2848 5464 blasphemias
2867 5389 2936 5450 ei
2956 5389 3180 5452 Calvini
3199 5409 3394 5450 errore
3407 5389 3643 5464 eruptu-

1983 5481 2080 5538 ras
2122 5463 2593 5538 quodammodo
2613 5467 2936 5538 praesentit.
2996 5469 3083 5538 De
3135 5465 3360 5538 quibus
3417 5463 3641 5538 videsis

1985 5535 2331 5608 Dionysium
2361 5535 2664 5592 Petavium
2691 5538 2774 5594 De
2801 5537 2942 5604 Deo,
2992 5537 3090 5596 lib.
3117 5535 3173 5594 x-
3199 5539 3285 5594 De
3333 5536 3637 5608 pradest.,

1984 5623 2117 5680 cap.
2152 5611 2182 5664 6
2211 5611 2266 5663 et
2293 5621 2464 5680 seqq.
