  <div class='ocr_page' id='page_1' title='image "/cluster/home/n/w/nwhite01/storage/ocr_20150623/101/hvd.32044054112305/171.png"; bbox 0 0 4126 6190; ppageno 0'>
   <div class='ocr_carea' id='block_1_1' title="bbox 521 270 626 331">
    <p class='ocr_par' dir='ltr' id='par_1_1' title="bbox 521 270 626 331">
     <span class='ocr_line' id='line_1_1' title="bbox 521 270 626 331; baseline -0.019 0"><span class='ocrx_word' id='word_1_1' title='bbox 521 270 626 331; x_wconf 86' lang='lat'>303</span> 
     </span>
    </p>
   </div>
   <div class='ocr_carea' id='block_1_2' title="bbox 1740 268 2666 329">
    <p class='ocr_par' dir='ltr' id='par_1_2' title="bbox 1740 268 2666 329">
     <span class='ocr_line' id='line_1_2' title="bbox 1740 268 2666 329; baseline 0.002 -2"><span class='ocrx_word' id='word_1_2' title='bbox 1740 270 1983 327; x_wconf 80' lang='lat' dir='ltr'>PHOTll</span> <span class='ocrx_word' id='word_1_3' title='bbox 2025 268 2513 328; x_wconf 58' lang='lat' dir='ltr'>PATRIARCHIE</span> <span class='ocrx_word' id='word_1_4' title='bbox 2551 272 2641 329; x_wconf 74' lang='grc' dir='ltr'>ΟΡ</span> <span class='ocrx_word' id='word_1_5' title='bbox 2654 316 2666 329; x_wconf 93' lang='grc'><strong>.</strong></span> 
     </span>
    </p>
   </div>
   <div class='ocr_carea' id='block_1_3' title="bbox 3770 276 3868 333">
    <p class='ocr_par' dir='ltr' id='par_1_3' title="bbox 3770 276 3868 333">
     <span class='ocr_line' id='line_1_3' title="bbox 3770 276 3868 333; baseline 0 0"><span class='ocrx_word' id='word_1_6' title='bbox 3770 276 3868 333; x_wconf 71' lang='grc'>304</span> 
     </span>
    </p>
   </div>
   <div class='ocr_carea' id='block_1_4' title="bbox 517 396 2188 475">
    <p class='ocr_par' dir='ltr' id='par_1_4' title="bbox 517 396 2173 474">
     <span class='ocr_line' id='line_1_4' title="bbox 517 396 2173 474; baseline -0.002 -17"><span class='ocrx_word' id='word_1_7' title='bbox 517 399 841 474; x_wconf 85' lang='lat' dir='ltr'>proferant,</span> <span class='ocrx_word' id='word_1_8' title='bbox 867 398 1090 472; x_wconf 84' lang='lat' dir='ltr'>quibus</span> <span class='ocrx_word' id='word_1_9' title='bbox 1111 396 1511 455; x_wconf 78' lang='lat' dir='ltr'>controversia</span> <span class='ocrx_word' id='word_1_10' title='bbox 1542 397 1801 467; x_wconf 82' lang='lat' dir='ltr'>solvitur,</span> <span class='ocrx_word' id='word_1_11' title='bbox 1838 397 1945 453; x_wconf 90' lang='lat' dir='ltr'>sed</span> <span class='ocrx_word' id='word_1_12' title='bbox 1973 413 2044 454; x_wconf 91' lang='lat' dir='ltr'>ea</span> <span class='ocrx_word' id='word_1_13' title='bbox 2069 414 2173 470; x_wconf 89' lang='lat' dir='ltr'>po-</span> 
     </span>
    </p>
   </div>
   <div class='ocr_carea' id='block_1_5' title="bbox 2299 396 3871 475">
    <p class='ocr_par' dir='ltr' id='par_1_5' title="bbox 2299 396 3871 475">
     <span class='ocr_line' id='line_1_5' title="bbox 2299 396 3871 475; baseline 0.003 -25"><span class='ocrx_word' id='word_1_14' title='bbox 2299 419 2391 459; x_wconf 79' lang='lat' dir='ltr'>rau.</span> <span class='ocrx_word' id='word_1_15' title='bbox 2427 398 2557 452; x_wconf 80' lang='grc' dir='ltr'>ἀλλὰ</span> <span class='ocrx_word' id='word_1_16' title='bbox 2596 396 2666 452; x_wconf 85' lang='grc' dir='ltr'>δι’</span> <span class='ocrx_word' id='word_1_17' title='bbox 2703 401 2769 451; x_wconf 85' lang='grc' dir='ltr'>ὧν</span> <span class='ocrx_word' id='word_1_18' title='bbox 2817 405 3098 473; x_wconf 73' lang='grc' dir='ltr'>συγγνώμη</span> <span class='ocrx_word' id='word_1_19' title='bbox 3140 408 3249 463; x_wconf 87' lang='grc' dir='ltr'>τοῖς</span> <span class='ocrx_word' id='word_1_20' title='bbox 3278 404 3349 473; x_wconf 79' lang='grc' dir='ltr'>μή</span> <span class='ocrx_word' id='word_1_21' title='bbox 3384 398 3687 473; x_wconf 79' lang='grc' dir='ltr'>δυναμένοις</span> <span class='ocrx_word' id='word_1_22' title='bbox 3724 402 3871 475; x_wconf 74' lang='grc' dir='ltr'>φυλά-</span> 
     </span>
    </p>
   </div>
   <div class='ocr_carea' id='block_1_6' title="bbox 518 489 2176 564">
    <p class='ocr_par' dir='ltr' id='par_1_6' title="bbox 518 489 2176 564">
     <span class='ocr_line' id='line_1_6' title="bbox 518 489 2176 564; baseline -0.002 -16"><span class='ocrx_word' id='word_1_23' title='bbox 518 494 636 549; x_wconf 88' lang='lat' dir='ltr'>tius</span> <span class='ocrx_word' id='word_1_24' title='bbox 666 491 888 564; x_wconf 87' lang='lat' dir='ltr'>quibus</span> <span class='ocrx_word' id='word_1_25' title='bbox 910 491 1147 546; x_wconf 84' lang='lat' dir='ltr'>veniam</span> <span class='ocrx_word' id='word_1_26' title='bbox 1170 490 1490 561; x_wconf 71' lang='lat' dir='ltr'>impetrent</span> <span class='ocrx_word' id='word_1_27' title='bbox 1513 489 1581 544; x_wconf 92' lang='lat' dir='ltr'>iis</span> <span class='ocrx_word' id='word_1_28' title='bbox 1610 489 1714 560; x_wconf 87' lang='lat' dir='ltr'>qui</span> <span class='ocrx_word' id='word_1_29' title='bbox 1747 490 2035 544; x_wconf 89' lang='lat' dir='ltr'>mandato</span> <span class='ocrx_word' id='word_1_30' title='bbox 2072 489 2176 544; x_wconf 91' lang='lat' dir='ltr'>ob-</span> 
     </span>
    </p>
   </div>
   <div class='ocr_carea' id='block_1_7' title="bbox 520 578 2177 652">
    <p class='ocr_par' dir='ltr' id='par_1_7' title="bbox 520 578 2177 652">
     <span class='ocr_line' id='line_1_7' title="bbox 520 578 2177 652; baseline -0.002 -16"><span class='ocrx_word' id='word_1_31' title='bbox 520 585 851 652; x_wconf 89' lang='lat' dir='ltr'>temperare</span> <span class='ocrx_word' id='word_1_32' title='bbox 877 595 996 634; x_wconf 86' lang='lat' dir='ltr'>non</span> <span class='ocrx_word' id='word_1_33' title='bbox 1028 582 1365 651; x_wconf 90' lang='lat' dir='ltr'>potuerunt,</span> <span class='ocrx_word' id='word_1_34' title='bbox 1398 578 1761 649; x_wconf 89' lang='lat' dir='ltr'>eosdemque</span> <span class='ocrx_word' id='word_1_35' title='bbox 1792 578 2037 633; x_wconf 82' lang='lat' dir='ltr'>crimine</span> <span class='ocrx_word' id='word_1_36' title='bbox 2066 578 2177 633; x_wconf 82' lang='lat' dir='ltr'>ab-</span> 
     </span>
    </p>
   </div>
   <div class='ocr_carea' id='block_1_8' title="bbox 520 666 2175 739">
    <p class='ocr_par' dir='ltr' id='par_1_8' title="bbox 520 666 2175 739">
     <span class='ocr_line' id='line_1_8' title="bbox 520 666 2175 739; baseline -0.002 -14"><span class='ocrx_word' id='word_1_37' title='bbox 520 670 777 725; x_wconf 82' lang='lat' dir='ltr'>solvant.</span> <span class='ocrx_word' id='word_1_38' title='bbox 808 668 1037 739; x_wconf 87' lang='lat' dir='ltr'>Quippe</span> <span class='ocrx_word' id='word_1_39' title='bbox 1066 668 1324 722; x_wconf 79' lang='lat' dir='ltr'>fatentur</span> <span class='ocrx_word' id='word_1_40' title='bbox 1350 666 1675 738; x_wconf 86' lang='lat' dir='ltr'>discipulos</span> <span class='ocrx_word' id='word_1_41' title='bbox 1702 682 1823 721; x_wconf 89' lang='lat' dir='ltr'>non</span> <span class='ocrx_word' id='word_1_42' title='bbox 1854 667 1951 721; x_wconf 91' lang='lat' dir='ltr'>illo</span> <span class='ocrx_word' id='word_1_43' title='bbox 1993 667 2175 722; x_wconf 92' lang='lat' dir='ltr'>modo</span> 
     </span>
    </p>
   </div>
   <div class='ocr_carea' id='block_1_9' title="bbox 519 755 2177 832">
    <p class='ocr_par' dir='ltr' id='par_1_9' title="bbox 519 755 2177 832">
     <span class='ocr_line' id='line_1_9' title="bbox 519 755 2177 832; baseline -0.002 -18"><span class='ocrx_word' id='word_1_44' title='bbox 519 757 869 832; x_wconf 90' lang='lat' dir='ltr'>quoeruditi</span> <span class='ocrx_word' id='word_1_45' title='bbox 898 756 1129 811; x_wconf 90' lang='lat' dir='ltr'>fuerant</span> <span class='ocrx_word' id='word_1_46' title='bbox 1159 755 1571 826; x_wconf 89' lang='lat' dir='ltr'>baptizavisse,</span> <span class='ocrx_word' id='word_1_47' title='bbox 1602 756 1782 811; x_wconf 89' lang='lat' dir='ltr'>sedin</span> <span class='ocrx_word' id='word_1_48' title='bbox 1812 756 2050 810; x_wconf 86' lang='lat' dir='ltr'>nomine</span> <span class='ocrx_word' id='word_1_49' title='bbox 2070 757 2177 810; x_wconf 87' lang='lat' dir='ltr'>Do-</span> 
     </span>
    </p>
   </div>
   <div class='ocr_carea' id='block_1_10' title="bbox 523 844 2177 916">
    <p class='ocr_par' dir='ltr' id='par_1_10' title="bbox 523 844 2177 916">
     <span class='ocr_line' id='line_1_10' title="bbox 523 844 2177 916; baseline -0.002 -13"><span class='ocrx_word' id='word_1_50' title='bbox 523 847 668 903; x_wconf 88' lang='lat' dir='ltr'>mini</span> <span class='ocrx_word' id='word_1_51' title='bbox 708 846 890 902; x_wconf 78' lang='lat' dir='ltr'>nostri</span> <span class='ocrx_word' id='word_1_52' title='bbox 921 848 1056 900; x_wconf 85' lang='lat' dir='ltr'>Jesu</span> <span class='ocrx_word' id='word_1_53' title='bbox 1089 845 1299 900; x_wconf 85' lang='lat' dir='ltr'>Christi</span> <span class='ocrx_word' id='word_1_54' title='bbox 1352 844 1730 916; x_wconf 86' lang='lat' dir='ltr'>baptismum</span> <span class='ocrx_word' id='word_1_55' title='bbox 1782 844 2177 915; x_wconf 91' lang='lat' dir='ltr'>impertivisse</span> 
     </span>
    </p>
   </div>
   <div class='ocr_carea' id='block_1_11' title="bbox 523 932 2177 1003">
    <p class='ocr_par' dir='ltr' id='par_1_11' title="bbox 523 932 2177 1003">
     <span class='ocr_line' id='line_1_11' title="bbox 523 932 2177 1003; baseline -0.003 -11"><span class='ocrx_word' id='word_1_56' title='bbox 523 935 854 992; x_wconf 81' lang='lat' dir='ltr'>secundum</span> <span class='ocrx_word' id='word_1_57' title='bbox 882 933 1278 989; x_wconf 76' lang='lat' dir='ltr'>ceconomiam</span> <span class='ocrx_word' id='word_1_58' title='bbox 1298 932 1626 1003; x_wconf 89' lang='lat' dir='ltr'>quamdam</span> <span class='ocrx_word' id='word_1_59' title='bbox 1646 949 1715 988; x_wconf 87' lang='lat' dir='ltr'>ac</span> <span class='ocrx_word' id='word_1_60' title='bbox 1738 932 2177 1003; x_wconf 84' lang='lat' dir='ltr'>providentiam</span> 
     </span>
    </p>
   </div>
   <div class='ocr_carea' id='block_1_12' title="bbox 521 1022 2180 1094">
    <p class='ocr_par' dir='ltr' id='par_1_12' title="bbox 521 1022 2180 1094">
     <span class='ocr_line' id='line_1_12' title="bbox 521 1022 2180 1094; baseline -0.004 -12"><span class='ocrx_word' id='word_1_61' title='bbox 521 1026 637 1082; x_wconf 89' lang='lat' dir='ltr'>hac</span> <span class='ocrx_word' id='word_1_62' title='bbox 682 1023 939 1079; x_wconf 82' lang='lat' dir='ltr'>formula</span> <span class='ocrx_word' id='word_1_63' title='bbox 975 1027 1207 1078; x_wconf 87' lang='lat' dir='ltr'>utentes</span> <span class='ocrx_word' id='word_1_64' title='bbox 1242 1040 1255 1076; x_wconf 90' lang='lat'>:</span> <span class='ocrx_word' id='word_1_65' title='bbox 1292 1023 1669 1094; x_wconf 87' lang='lat' dir='ltr'>temporique</span> <span class='ocrx_word' id='word_1_66' title='bbox 1689 1029 1744 1077; x_wconf 90' lang='lat' dir='ltr'>et</span> <span class='ocrx_word' id='word_1_67' title='bbox 1770 1023 1827 1077; x_wconf 92' lang='lat' dir='ltr'>in</span> <span class='ocrx_word' id='word_1_68' title='bbox 1862 1022 2068 1093; x_wconf 85' lang='lat' dir='ltr'>primis</span> <span class='ocrx_word' id='word_1_69' title='bbox 2094 1023 2180 1076; x_wconf 92' lang='lat' dir='ltr'>in-</span> 
     </span>
    </p>
   </div>
   <div class='ocr_carea' id='block_1_13' title="bbox 524 1110 2179 1175">
    <p class='ocr_par' dir='ltr' id='par_1_13' title="bbox 524 1110 2179 1175">
     <span class='ocr_line' id='line_1_13' title="bbox 524 1110 2179 1175; baseline -0.003 -5"><span class='ocrx_word' id='word_1_70' title='bbox 524 1114 702 1170; x_wconf 84' lang='lat' dir='ltr'>stanti</span> <span class='ocrx_word' id='word_1_71' title='bbox 717 1113 1050 1168; x_wconf 85' lang='lat' dir='ltr'>necessitati</span> <span class='ocrx_word' id='word_1_72' title='bbox 1069 1111 1424 1166; x_wconf 87' lang='lat' dir='ltr'>sententiam</span> <span class='ocrx_word' id='word_1_73' title='bbox 1440 1111 2015 1175; x_wconf 89' lang='lat' dir='ltr'>accommodavisse,</span> <span class='ocrx_word' id='word_1_74' title='bbox 2032 1110 2179 1165; x_wconf 90' lang='lat' dir='ltr'>dum</span> 
     </span>
    </p>
   </div>
   <div class='ocr_carea' id='block_1_14' title="bbox 524 1199 2180 1273">
    <p class='ocr_par' dir='ltr' id='par_1_14' title="bbox 524 1199 2180 1273">
     <span class='ocr_line' id='line_1_14' title="bbox 524 1199 2180 1273; baseline -0.004 -13"><span class='ocrx_word' id='word_1_75' title='bbox 524 1220 597 1260; x_wconf 84' lang='lat' dir='ltr'>ex</span> <span class='ocrx_word' id='word_1_76' title='bbox 628 1203 869 1258; x_wconf 85' lang='lat' dir='ltr'>utilitate</span> <span class='ocrx_word' id='word_1_77' title='bbox 900 1206 955 1257; x_wconf 90' lang='lat' dir='ltr'>et</span> <span class='ocrx_word' id='word_1_78' title='bbox 982 1200 1198 1273; x_wconf 90' lang='lat' dir='ltr'>placito</span> <span class='ocrx_word' id='word_1_79' title='bbox 1232 1200 1670 1272; x_wconf 80' lang='lat' dir='ltr'>neophytorum</span> <span class='ocrx_word' id='word_1_80' title='bbox 1690 1199 2001 1271; x_wconf 80' lang='lat' dir='ltr'>mysticum</span> <span class='ocrx_word' id='word_1_81' title='bbox 2022 1200 2180 1254; x_wconf 89' lang='lat' dir='ltr'>hunc</span> 
     </span>
    </p>
   </div>
   <div class='ocr_carea' id='block_1_15' title="bbox 524 1288 2179 1362">
    <p class='ocr_par' dir='ltr' id='par_1_15' title="bbox 524 1288 2179 1362">
     <span class='ocr_line' id='line_1_15' title="bbox 524 1288 2179 1362; baseline -0.002 -15"><span class='ocrx_word' id='word_1_82' title='bbox 524 1306 881 1362; x_wconf 88' lang='lat' dir='ltr'>sacrumque</span> <span class='ocrx_word' id='word_1_83' title='bbox 910 1290 1085 1345; x_wconf 85' lang='lat' dir='ltr'>ritum</span> <span class='ocrx_word' id='word_1_84' title='bbox 1120 1288 1643 1345; x_wconf 82' lang='lat' dir='ltr'>administrabant.</span> <span class='ocrx_word' id='word_1_85' title='bbox 1686 1292 1828 1344; x_wconf 86' lang='lat' dir='ltr'>Nam</span> <span class='ocrx_word' id='word_1_86' title='bbox 1861 1289 2025 1361; x_wconf 89' lang='lat' dir='ltr'>quod</span> <span class='ocrx_word' id='word_1_87' title='bbox 2059 1303 2179 1359; x_wconf 71' lang='lat' dir='ltr'>pra:</span> 
     </span>
    </p>
   </div>
   <div class='ocr_carea' id='block_1_16' title="bbox 525 1378 2181 1449">
    <p class='ocr_par' dir='ltr' id='par_1_16' title="bbox 525 1378 2181 1449">
     <span class='ocr_line' id='line_1_16' title="bbox 525 1378 2181 1449; baseline -0.002 -13"><span class='ocrx_word' id='word_1_88' title='bbox 525 1380 751 1437; x_wconf 68' lang='lat' dir='ltr'>casteris</span> <span class='ocrx_word' id='word_1_89' title='bbox 782 1379 1106 1434; x_wconf 84' lang='lat' dir='ltr'>cernebant</span> <span class='ocrx_word' id='word_1_90' title='bbox 1155 1378 1213 1433; x_wconf 91' lang='lat' dir='ltr'>in</span> <span class='ocrx_word' id='word_1_91' title='bbox 1268 1378 1422 1449; x_wconf 83' lang='lat' dir='ltr'>vulgi</span> <span class='ocrx_word' id='word_1_92' title='bbox 1476 1378 1693 1433; x_wconf 88' lang='lat' dir='ltr'>animis</span> <span class='ocrx_word' id='word_1_93' title='bbox 1744 1382 2057 1441; x_wconf 89' lang='lat' dir='ltr'>antestare,</span> <span class='ocrx_word' id='word_1_94' title='bbox 2088 1392 2181 1432; x_wconf 88' lang='lat' dir='ltr'>eo-</span> 
     </span>
    </p>
   </div>
   <div class='ocr_carea' id='block_1_17' title="bbox 523 1467 2182 1539">
    <p class='ocr_par' dir='ltr' id='par_1_17' title="bbox 523 1467 2182 1539">
     <span class='ocr_line' id='line_1_17' title="bbox 523 1467 2182 1539; baseline -0.001 -16"><span class='ocrx_word' id='word_1_95' title='bbox 523 1484 777 1539; x_wconf 85' lang='lat' dir='ltr'>rumque</span> <span class='ocrx_word' id='word_1_96' title='bbox 799 1467 1258 1538; x_wconf 83' lang='lat' dir='ltr'>cogitationibus</span> <span class='ocrx_word' id='word_1_97' title='bbox 1276 1467 1783 1538; x_wconf 89' lang='lat' dir='ltr'>perturbationem</span> <span class='ocrx_word' id='word_1_98' title='bbox 1802 1467 2182 1537; x_wconf 84' lang='lat' dir='ltr'>injicere,hoc</span> 
     </span>
    </p>
   </div>
   <div class='ocr_carea' id='block_1_18' title="bbox 528 1555 2183 1629">
    <p class='ocr_par' dir='ltr' id='par_1_18' title="bbox 528 1555 2183 1629">
     <span class='ocr_line' id='line_1_18' title="bbox 528 1555 2183 1629; baseline -0.002 -16"><span class='ocrx_word' id='word_1_99' title='bbox 528 1559 802 1629; x_wconf 87' lang='lat' dir='ltr'>apprime</span> <span class='ocrx_word' id='word_1_100' title='bbox 842 1555 1294 1628; x_wconf 86' lang='lat' dir='ltr'>procurandum</span> <span class='ocrx_word' id='word_1_101' title='bbox 1332 1555 1444 1610; x_wconf 91' lang='lat' dir='ltr'>sibi</span> <span class='ocrx_word' id='word_1_102' title='bbox 1491 1555 1875 1627; x_wconf 86' lang='lat' dir='ltr'>studioseque</span> <span class='ocrx_word' id='word_1_103' title='bbox 1923 1571 2183 1626; x_wconf 63' lang='lat' dir='ltr'>praemu-</span> 
     </span>
    </p>
   </div>
   <div class='ocr_carea' id='block_1_19' title="bbox 528 1645 2185 1716">
    <p class='ocr_par' dir='ltr' id='par_1_19' title="bbox 528 1645 2185 1716">
     <span class='ocr_line' id='line_1_19' title="bbox 528 1645 2185 1716; baseline -0.002 -14"><span class='ocrx_word' id='word_1_104' title='bbox 528 1647 817 1703; x_wconf 91' lang='lat' dir='ltr'>niendum</span> <span class='ocrx_word' id='word_1_105' title='bbox 852 1645 1166 1716; x_wconf 86' lang='lat' dir='ltr'>putabant.</span> <span class='ocrx_word' id='word_1_106' title='bbox 1193 1645 1470 1700; x_wconf 85' lang='lat' dir='ltr'>Jamvero</span> <span class='ocrx_word' id='word_1_107' title='bbox 1501 1645 2033 1716; x_wconf 89' lang='lat' dir='ltr'>antestabatatque</span> <span class='ocrx_word' id='word_1_108' title='bbox 2061 1660 2185 1699; x_wconf 85' lang='lat' dir='ltr'>om-</span> 
     </span>
    </p>
   </div>
   <div class='ocr_carea' id='block_1_20' title="bbox 2287 489 3877 563">
    <p class='ocr_par' dir='ltr' id='par_1_20' title="bbox 2287 489 3877 563">
     <span class='ocr_line' id='line_1_20' title="bbox 2287 489 3877 563; baseline 0.003 -23"><span class='ocrx_word' id='word_1_109' title='bbox 2287 489 2372 551; x_wconf 85' lang='grc' dir='ltr'>ξαι</span> <span class='ocrx_word' id='word_1_110' title='bbox 2402 492 2466 541; x_wconf 82' lang='grc' dir='ltr'>τὰ</span> <span class='ocrx_word' id='word_1_111' title='bbox 2523 494 2946 563; x_wconf 73' lang='grc' dir='ltr'>προστεταγμένα</span> <span class='ocrx_word' id='word_1_112' title='bbox 3002 490 3111 543; x_wconf 88' lang='grc' dir='ltr'>λύει</span> <span class='ocrx_word' id='word_1_113' title='bbox 3149 494 3207 542; x_wconf 88' lang='grc' dir='ltr'>τό</span> <span class='ocrx_word' id='word_1_114' title='bbox 3248 490 3515 562; x_wconf 78' lang='grc' dir='ltr'>ἔγκλημα·</span> <span class='ocrx_word' id='word_1_115' title='bbox 3570 491 3877 563; x_wconf 75' lang='grc' dir='ltr'>ὁμολογοῦσι</span> 
     </span>
    </p>
   </div>
   <div class='ocr_carea' id='block_1_21' title="bbox 2286 576 3880 653">
    <p class='ocr_par' dir='ltr' id='par_1_21' title="bbox 2286 576 3880 653">
     <span class='ocr_line' id='line_1_21' title="bbox 2286 576 3880 653; baseline 0.003 -25"><span class='ocrx_word' id='word_1_116' title='bbox 2286 579 2375 646; x_wconf 72' lang='grc' dir='ltr'>μὲν</span> <span class='ocrx_word' id='word_1_117' title='bbox 2405 580 2505 649; x_wconf 76' lang='grc' dir='ltr'>γὰρ</span> <span class='ocrx_word' id='word_1_118' title='bbox 2537 582 2652 638; x_wconf 85' lang='grc' dir='ltr'>τούς</span> <span class='ocrx_word' id='word_1_119' title='bbox 2703 581 2959 649; x_wconf 80' lang='grc' dir='ltr'>μαθητὰς,</span> <span class='ocrx_word' id='word_1_120' title='bbox 2990 583 3058 650; x_wconf 79' lang='grc' dir='ltr'>μὴ</span> <span class='ocrx_word' id='word_1_121' title='bbox 3103 579 3220 631; x_wconf 85' lang='grc' dir='ltr'>καθ’</span> <span class='ocrx_word' id='word_1_122' title='bbox 3253 579 3305 631; x_wconf 85' lang='grc' dir='ltr'>ὃν</span> <span class='ocrx_word' id='word_1_123' title='bbox 3337 576 3710 651; x_wconf 78' lang='grc' dir='ltr'>ἐδιδάχθησαν</span> <span class='ocrx_word' id='word_1_124' title='bbox 3766 587 3880 653; x_wconf 80' lang='grc' dir='ltr'>τρο-</span> 
     </span>
    </p>
   </div>
   <div class='ocr_carea' id='block_1_22' title="bbox 2288 665 3878 741">
    <p class='ocr_par' dir='ltr' id='par_1_22' title="bbox 2288 665 3878 741">
     <span class='ocr_line' id='line_1_22' title="bbox 2288 665 3878 741; baseline 0.003 -24"><span class='ocrx_word' id='word_1_125' title='bbox 2288 686 2381 717; x_wconf 91' lang='grc' dir='ltr'>πον</span> <span class='ocrx_word' id='word_1_126' title='bbox 2405 665 2681 737; x_wconf 78' lang='grc' dir='ltr'>βαπτίζειν</span> <span class='ocrx_word' id='word_1_127' title='bbox 2706 686 2717 698; x_wconf 86' lang='grc'><strong>·</strong></span> <span class='ocrx_word' id='word_1_128' title='bbox 2754 666 3029 739; x_wconf 74' lang='grc' dir='ltr'>βαπτίζειν</span> <span class='ocrx_word' id='word_1_129' title='bbox 3062 665 3120 720; x_wconf 79' lang='grc' dir='ltr'>δε</span> <span class='ocrx_word' id='word_1_130' title='bbox 3151 666 3197 719; x_wconf 72' lang='grc' dir='ltr'>ἄν</span> <span class='ocrx_word' id='word_1_131' title='bbox 3230 676 3302 739; x_wconf 80' lang='grc' dir='ltr'>τῷ</span> <span class='ocrx_word' id='word_1_132' title='bbox 3331 668 3543 740; x_wconf 81' lang='grc' dir='ltr'>ὀνόματι</span> <span class='ocrx_word' id='word_1_133' title='bbox 3572 677 3662 721; x_wconf 85' lang='grc' dir='ltr'>τοῦ</span> <span class='ocrx_word' id='word_1_134' title='bbox 3696 675 3878 741; x_wconf 79' lang='grc' dir='ltr'>Κυρίου</span> 
     </span>
    </p>
   </div>
   <div class='ocr_carea' id='block_1_23' title="bbox 2287 755 3879 831">
    <p class='ocr_par' dir='ltr' id='par_1_23' title="bbox 2287 755 3879 831">
     <span class='ocr_line' id='line_1_23' title="bbox 2287 755 3879 831; baseline 0.004 -27"><span class='ocrx_word' id='word_1_135' title='bbox 2287 756 2431 815; x_wconf 78' lang='grc' dir='ltr'>ἡμῶν</span> <span class='ocrx_word' id='word_1_136' title='bbox 2481 755 2656 812; x_wconf 80' lang='grc' dir='ltr'>Ἰησοῦ</span> <span class='ocrx_word' id='word_1_137' title='bbox 2688 764 2943 830; x_wconf 76' lang='grc' dir='ltr'>Χριστοῦ,</span> <span class='ocrx_word' id='word_1_138' title='bbox 3000 757 3297 829; x_wconf 78' lang='grc' dir='ltr'>οἰκονομίας</span> <span class='ocrx_word' id='word_1_139' title='bbox 3344 761 3476 817; x_wconf 85' lang='grc' dir='ltr'>τινός</span> <span class='ocrx_word' id='word_1_140' title='bbox 3525 763 3616 810; x_wconf 79' lang='grc' dir='ltr'>καὶ</span> <span class='ocrx_word' id='word_1_141' title='bbox 3653 764 3879 831; x_wconf 78' lang='grc' dir='ltr'>προνοίας</span> 
     </span>
    </p>
   </div>
   <div class='ocr_carea' id='block_1_24' title="bbox 2287 842 3879 920">
    <p class='ocr_par' dir='ltr' id='par_1_24' title="bbox 2287 842 3879 920">
     <span class='ocr_line' id='line_1_24' title="bbox 2287 842 3879 920; baseline 0.004 -27"><span class='ocrx_word' id='word_1_142' title='bbox 2287 842 2422 914; x_wconf 81' lang='grc' dir='ltr'>λόγῳ</span> <span class='ocrx_word' id='word_1_143' title='bbox 2453 849 2754 917; x_wconf 82' lang='grc' dir='ltr'>χρωμένους</span> <span class='ocrx_word' id='word_1_144' title='bbox 2779 865 2790 876; x_wconf 72' lang='grc' dir='ltr'>ο</span> <span class='ocrx_word' id='word_1_145' title='bbox 2838 851 2928 896; x_wconf 85' lang='grc' dir='ltr'>καὶ</span> <span class='ocrx_word' id='word_1_146' title='bbox 2961 853 3032 915; x_wconf 77' lang='grc' dir='ltr'>τῷ</span> <span class='ocrx_word' id='word_1_147' title='bbox 3063 854 3228 920; x_wconf 80' lang='grc' dir='ltr'>καιρῷ</span> <span class='ocrx_word' id='word_1_148' title='bbox 3276 850 3363 897; x_wconf 86' lang='grc' dir='ltr'>καὶ</span> <span class='ocrx_word' id='word_1_149' title='bbox 3409 855 3480 916; x_wconf 84' lang='grc' dir='ltr'>τῷ</span> <span class='ocrx_word' id='word_1_150' title='bbox 3538 854 3879 918; x_wconf 86' lang='grc' dir='ltr'>κατεπείγοντι</span> 
     </span>
    </p>
   </div>
   <div class='ocr_carea' id='block_1_25' title="bbox 2288 933 3879 1009">
    <p class='ocr_par' dir='ltr' id='par_1_25' title="bbox 2288 933 3879 1009">
     <span class='ocr_line' id='line_1_25' title="bbox 2288 933 3879 1009; baseline 0.003 -26"><span class='ocrx_word' id='word_1_151' title='bbox 2288 935 2363 983; x_wconf 81' lang='grc' dir='ltr'>ἔτι</span> <span class='ocrx_word' id='word_1_152' title='bbox 2392 933 2579 1003; x_wconf 82' lang='grc' dir='ltr'>μᾶλλον</span> <span class='ocrx_word' id='word_1_153' title='bbox 2630 939 2721 991; x_wconf 75' lang='grc' dir='ltr'>τὴν</span> <span class='ocrx_word' id='word_1_154' title='bbox 2777 940 2984 1006; x_wconf 77' lang='grc' dir='ltr'>γνώμην</span> <span class='ocrx_word' id='word_1_155' title='bbox 3040 935 3305 1009; x_wconf 75' lang='grc' dir='ltr'>ἁρμόζειν,</span> <span class='ocrx_word' id='word_1_156' title='bbox 3365 939 3491 1009; x_wconf 85' lang='grc' dir='ltr'>πρὸς</span> <span class='ocrx_word' id='word_1_157' title='bbox 3523 940 3581 987; x_wconf 91' lang='grc' dir='ltr'>τό</span> <span class='ocrx_word' id='word_1_158' title='bbox 3637 941 3879 1008; x_wconf 65' lang='grc' dir='ltr'>συμφέρον</span> 
     </span>
    </p>
   </div>
   <div class='ocr_carea' id='block_1_26' title="bbox 2289 1019 3879 1096">
    <p class='ocr_par' dir='ltr' id='par_1_26' title="bbox 2289 1019 3879 1096">
     <span class='ocr_line' id='line_1_26' title="bbox 2289 1019 3879 1096; baseline 0.003 -25"><span class='ocrx_word' id='word_1_159' title='bbox 2289 1025 2377 1072; x_wconf 78' lang='grc' dir='ltr'>καὶ</span> <span class='ocrx_word' id='word_1_160' title='bbox 2432 1019 2816 1096; x_wconf 73' lang='grc' dir='ltr'>εύπαρςίδεκτον</span> <span class='ocrx_word' id='word_1_161' title='bbox 2860 1030 2967 1083; x_wconf 87' lang='grc' dir='ltr'>τοῖς</span> <span class='ocrx_word' id='word_1_162' title='bbox 2996 1031 3068 1093; x_wconf 83' lang='grc' dir='ltr'>τῷ</span> <span class='ocrx_word' id='word_1_163' title='bbox 3111 1027 3412 1096; x_wconf 75' lang='grc' dir='ltr'>κηρύγματι</span> <span class='ocrx_word' id='word_1_164' title='bbox 3463 1032 3747 1096; x_wconf 84' lang='grc' dir='ltr'>προσιοῦσι</span> <span class='ocrx_word' id='word_1_165' title='bbox 3792 1031 3879 1082; x_wconf 78' lang='grc' dir='ltr'>τὴν</span> 
     </span>
    </p>
   </div>
   <div class='ocr_carea' id='block_1_27' title="bbox 2290 1109 3881 1185">
    <p class='ocr_par' dir='ltr' id='par_1_27' title="bbox 2290 1109 3881 1185">
     <span class='ocr_line' id='line_1_27' title="bbox 2290 1109 3881 1185; baseline 0.003 -25"><span class='ocrx_word' id='word_1_166' title='bbox 2290 1118 2548 1181; x_wconf 73' lang='grc' dir='ltr'>μυστικήν</span> <span class='ocrx_word' id='word_1_167' title='bbox 2602 1114 2795 1169; x_wconf 89' lang='grc' dir='ltr'>ταύτην</span> <span class='ocrx_word' id='word_1_168' title='bbox 2844 1118 2933 1163; x_wconf 80' lang='grc' dir='ltr'>καὶ</span> <span class='ocrx_word' id='word_1_169' title='bbox 2998 1114 3134 1185; x_wconf 74' lang='grc' dir='ltr'>ἱερὰν</span> <span class='ocrx_word' id='word_1_170' title='bbox 3182 1112 3370 1184; x_wconf 82' lang='grc' dir='ltr'>πρᾶξιν</span> <span class='ocrx_word' id='word_1_171' title='bbox 3422 1109 3881 1184; x_wconf 79' lang='grc' dir='ltr'>μεθοδεύοντας’ὀ</span> 
     </span>
    </p>
   </div>
   <div class='ocr_carea' id='block_1_28' title="bbox 2290 1199 3884 1275">
    <p class='ocr_par' dir='ltr' id='par_1_28' title="bbox 2290 1199 3884 1275">
     <span class='ocr_line' id='line_1_28' title="bbox 2290 1199 3884 1275; baseline 0.004 -28"><span class='ocrx_word' id='word_1_172' title='bbox 2290 1200 2387 1270; x_wconf 65' lang='grc' dir='ltr'>γάρ</span> <span class='ocrx_word' id='word_1_173' title='bbox 2421 1208 2517 1250; x_wconf 79' lang='grc' dir='ltr'>των</span> <span class='ocrx_word' id='word_1_174' title='bbox 2580 1199 2741 1250; x_wconf 77' lang='grc' dir='ltr'>ἄλλων</span> <span class='ocrx_word' id='word_1_175' title='bbox 2772 1200 2961 1270; x_wconf 78' lang='grc' dir='ltr'>μᾶλλον</span> <span class='ocrx_word' id='word_1_176' title='bbox 2994 1200 3159 1274; x_wconf 75' lang='grc' dir='ltr'>ἐώρων</span> <span class='ocrx_word' id='word_1_177' title='bbox 3204 1208 3308 1261; x_wconf 88' lang='grc' dir='ltr'>τοῖς</span> <span class='ocrx_word' id='word_1_178' title='bbox 3358 1201 3583 1258; x_wconf 78' lang='grc' dir='ltr'>πλήθεσι</span> <span class='ocrx_word' id='word_1_179' title='bbox 3636 1204 3884 1275; x_wconf 75' lang='grc' dir='ltr'>προίστα-</span> 
     </span>
    </p>
   </div>
   <div class='ocr_carea' id='block_1_29' title="bbox 2291 1286 3883 1362">
    <p class='ocr_par' dir='ltr' id='par_1_29' title="bbox 2291 1286 3883 1362">
     <span class='ocr_line' id='line_1_29' title="bbox 2291 1286 3883 1362; baseline 0.003 -25"><span class='ocrx_word' id='word_1_180' title='bbox 2291 1306 2436 1357; x_wconf 81' lang='grc' dir='ltr'>μενον</span> <span class='ocrx_word' id='word_1_181' title='bbox 2478 1292 2566 1338; x_wconf 83' lang='grc' dir='ltr'>καὶ</span> <span class='ocrx_word' id='word_1_182' title='bbox 2622 1286 2834 1359; x_wconf 80' lang='grc' dir='ltr'>θόρυϐον</span> <span class='ocrx_word' id='word_1_183' title='bbox 2897 1296 3002 1348; x_wconf 88' lang='grc' dir='ltr'>τοῖς</span> <span class='ocrx_word' id='word_1_184' title='bbox 3048 1288 3322 1359; x_wconf 80' lang='grc' dir='ltr'>λογισμοῖς</span> <span class='ocrx_word' id='word_1_185' title='bbox 3377 1289 3547 1339; x_wconf 70' lang='grc' dir='ltr'>αὐτῶν</span> <span class='ocrx_word' id='word_1_186' title='bbox 3598 1294 3883 1362; x_wconf 69' lang='grc' dir='ltr'>παρεχόμε-</span> 
     </span>
    </p>
   </div>
   <div class='ocr_carea' id='block_1_30' title="bbox 2291 1372 3884 1451">
    <p class='ocr_par' dir='ltr' id='par_1_30' title="bbox 2291 1372 3884 1451">
     <span class='ocr_line' id='line_1_30' title="bbox 2291 1372 3884 1451; baseline 0.003 -27"><span class='ocrx_word' id='word_1_187' title='bbox 2291 1394 2391 1439; x_wconf 88' lang='grc' dir='ltr'>νον,</span> <span class='ocrx_word' id='word_1_188' title='bbox 2427 1384 2577 1427; x_wconf 82' lang='grc' dir='ltr'>τοῦτο</span> <span class='ocrx_word' id='word_1_189' title='bbox 2612 1372 2706 1443; x_wconf 75' lang='grc' dir='ltr'>δὴ,</span> <span class='ocrx_word' id='word_1_190' title='bbox 2757 1385 2904 1428; x_wconf 88' lang='grc' dir='ltr'>τοῦτο</span> <span class='ocrx_word' id='word_1_191' title='bbox 2934 1379 3332 1450; x_wconf 77' lang='grc' dir='ltr'>προθεραπεύειν</span> <span class='ocrx_word' id='word_1_192' title='bbox 3364 1397 3417 1429; x_wconf 89' lang='grc' dir='ltr'>τε</span> <span class='ocrx_word' id='word_1_193' title='bbox 3464 1382 3556 1429; x_wconf 82' lang='grc' dir='ltr'>καὶ</span> <span class='ocrx_word' id='word_1_194' title='bbox 3605 1397 3884 1451; x_wconf 71' lang='grc' dir='ltr'>προκαταρο</span> 
     </span>
    </p>
   </div>
   <div class='ocr_carea' id='block_1_31' title="bbox 2294 1462 3883 1539">
    <p class='ocr_par' dir='ltr' id='par_1_31' title="bbox 2294 1462 3883 1539">
     <span class='ocr_line' id='line_1_31' title="bbox 2294 1462 3883 1539; baseline 0.003 -26"><span class='ocrx_word' id='word_1_195' title='bbox 2294 1463 2453 1522; x_wconf 81' lang='grc' dir='ltr'>τίζειν</span> <span class='ocrx_word' id='word_1_196' title='bbox 2482 1467 2744 1516; x_wconf 81' lang='grc' dir='ltr'>ποιεῖσθαι</span> <span class='ocrx_word' id='word_1_197' title='bbox 2790 1462 3114 1537; x_wconf 85' lang='grc' dir='ltr'>σπούδασμα</span> <span class='ocrx_word' id='word_1_198' title='bbox 3141 1482 3152 1493; x_wconf 80' lang='grc'><strong><em>⁸</em></strong></span> <span class='ocrx_word' id='word_1_199' title='bbox 3186 1468 3475 1539; x_wconf 81' lang='grc' dir='ltr'>προῖστατο</span> <span class='ocrx_word' id='word_1_200' title='bbox 3533 1462 3592 1517; x_wconf 84' lang='grc' dir='ltr'>δε</span> <span class='ocrx_word' id='word_1_201' title='bbox 3643 1472 3730 1517; x_wconf 79' lang='grc' dir='ltr'>καὶ</span> <span class='ocrx_word' id='word_1_202' title='bbox 3760 1464 3883 1517; x_wconf 84' lang='grc' dir='ltr'>δυσ-</span> 
     </span>
    </p>
   </div>
   <div class='ocr_carea' id='block_1_32' title="bbox 2292 1548 3887 1627">
    <p class='ocr_par' dir='ltr' id='par_1_32' title="bbox 2292 1548 3887 1627">
     <span class='ocr_line' id='line_1_32' title="bbox 2292 1548 3887 1627; baseline 0.003 -26"><span class='ocrx_word' id='word_1_203' title='bbox 2292 1548 2616 1624; x_wconf 69' lang='grc' dir='ltr'>παράδεκτον</span> <span class='ocrx_word' id='word_1_204' title='bbox 2674 1552 2932 1625; x_wconf 76' lang='grc' dir='ltr'>ἐνομίζετο</span> <span class='ocrx_word' id='word_1_205' title='bbox 2981 1553 3245 1625; x_wconf 74' lang='grc' dir='ltr'>ὁμολογεῖν</span> <span class='ocrx_word' id='word_1_206' title='bbox 3292 1574 3346 1607; x_wconf 92' lang='grc' dir='ltr'>τε</span> <span class='ocrx_word' id='word_1_207' title='bbox 3391 1562 3609 1627; x_wconf 79' lang='grc' dir='ltr'>Σωτῆρα</span> <span class='ocrx_word' id='word_1_208' title='bbox 3636 1558 3719 1606; x_wconf 82' lang='grc' dir='ltr'>τόν</span> <span class='ocrx_word' id='word_1_209' title='bbox 3772 1563 3887 1625; x_wconf 81' lang='grc' dir='ltr'>Χρι-</span> 
     </span>
    </p>
   </div>
   <div class='ocr_carea' id='block_1_33' title="bbox 2298 1642 3887 1713">
    <p class='ocr_par' dir='ltr' id='par_1_33' title="bbox 2298 1642 3887 1713">
     <span class='ocr_line' id='line_1_33' title="bbox 2298 1642 3887 1713; baseline 0.003 -22"><span class='ocrx_word' id='word_1_210' title='bbox 2298 1644 2417 1692; x_wconf 89' lang='grc' dir='ltr'>στὸν</span> <span class='ocrx_word' id='word_1_211' title='bbox 2448 1646 2537 1693; x_wconf 90' lang='grc' dir='ltr'>καὶ</span> <span class='ocrx_word' id='word_1_212' title='bbox 2583 1642 2813 1713; x_wconf 75' lang='grc' dir='ltr'>μάλιστα</span> <span class='ocrx_word' id='word_1_213' title='bbox 2862 1646 2978 1695; x_wconf 82' lang='grc' dir='ltr'>Υἱὸν</span> <span class='ocrx_word' id='word_1_214' title='bbox 3011 1650 3143 1697; x_wconf 81' lang='grc' dir='ltr'>Θεοῦ</span> <span class='ocrx_word' id='word_1_215' title='bbox 3176 1648 3263 1695; x_wconf 83' lang='grc' dir='ltr'>καὶ</span> <span class='ocrx_word' id='word_1_216' title='bbox 3295 1647 3443 1712; x_wconf 82' lang='grc' dir='ltr'>Θεὸν,</span> <span class='ocrx_word' id='word_1_217' title='bbox 3494 1649 3587 1695; x_wconf 77' lang='grc' dir='ltr'>καὶ</span> <span class='ocrx_word' id='word_1_218' title='bbox 3643 1652 3744 1704; x_wconf 88' lang='grc' dir='ltr'>τοίς</span> <span class='ocrx_word' id='word_1_219' title='bbox 3774 1643 3887 1695; x_wconf 76' lang='grc' dir='ltr'>ἐκεί-</span> 
     </span>
    </p>
   </div>
   <div class='ocr_carea' id='block_1_34' title="bbox 528 1732 2188 1805">
    <p class='ocr_par' dir='ltr' id='par_1_34' title="bbox 528 1733 2184 1798">
     <span class='ocr_line' id='line_1_34' title="bbox 528 1733 2184 1798; baseline -0.001 -8"><span class='ocrx_word' id='word_1_220' title='bbox 528 1735 697 1790; x_wconf 92' lang='lat' dir='ltr'>nium</span> <span class='ocrx_word' id='word_1_221' title='bbox 718 1733 1071 1790; x_wconf 78' lang='lat' dir='ltr'>difficillima</span> <span class='ocrx_word' id='word_1_222' title='bbox 1098 1733 1405 1789; x_wconf 85' lang='lat' dir='ltr'>videbatur</span> <span class='ocrx_word' id='word_1_223' title='bbox 1422 1734 1545 1789; x_wconf 64' lang='lat' dir='ltr'>haec</span> <span class='ocrx_word' id='word_1_224' title='bbox 1568 1733 2184 1798; x_wconf 85' lang='lat' dir='ltr'>afﬁrmatio,Servato-</span> 
     </span>
    </p>
   </div>
   <div class='ocr_carea' id='block_1_35' title="bbox 2299 1732 3887 1805">
    <p class='ocr_par' dir='ltr' id='par_1_35' title="bbox 2299 1732 3887 1805">
     <span class='ocr_line' id='line_1_35' title="bbox 2299 1732 3887 1805; baseline 0.003 -25"><span class='ocrx_word' id='word_1_225' title='bbox 2299 1749 2382 1781; x_wconf 84' lang='grc' dir='ltr'>νου</span> <span class='ocrx_word' id='word_1_226' title='bbox 2423 1733 2727 1803; x_wconf 78' lang='grc' dir='ltr'>πειθαρχεῖν</span> <span class='ocrx_word' id='word_1_227' title='bbox 2780 1732 3242 1805; x_wconf 74' lang='grc' dir='ltr'>παραγγέλμασιν·</span> <span class='ocrx_word' id='word_1_228' title='bbox 3301 1732 3326 1784; x_wconf 87' lang='grc' dir='ltr'>ὁ</span> <span class='ocrx_word' id='word_1_229' title='bbox 3380 1738 3553 1784; x_wconf 86' lang='grc' dir='ltr'>τοίνυν</span> <span class='ocrx_word' id='word_1_230' title='bbox 3608 1734 3770 1805; x_wconf 81' lang='grc' dir='ltr'>ἐώρων</span> <span class='ocrx_word' id='word_1_231' title='bbox 3799 1737 3887 1804; x_wconf 80' lang='grc' dir='ltr'>μά-</span> 
     </span>
    </p>
   </div>
   <div class='ocr_carea' id='block_1_36' title="bbox 529 1822 2185 1894">
    <p class='ocr_par' dir='ltr' id='par_1_36' title="bbox 529 1822 2185 1894">
     <span class='ocr_line' id='line_1_36' title="bbox 529 1822 2185 1894; baseline -0.002 -13"><span class='ocrx_word' id='word_1_232' title='bbox 529 1840 655 1881; x_wconf 89' lang='lat' dir='ltr'>rem</span> <span class='ocrx_word' id='word_1_233' title='bbox 675 1824 1035 1880; x_wconf 89' lang='lat' dir='ltr'>scilicetesse</span> <span class='ocrx_word' id='word_1_234' title='bbox 1052 1823 1365 1889; x_wconf 76' lang='lat' dir='ltr'>Christum,</span> <span class='ocrx_word' id='word_1_235' title='bbox 1394 1823 1816 1894; x_wconf 70' lang='lat' dir='ltr'>praecipueque</span> <span class='ocrx_word' id='word_1_236' title='bbox 1852 1824 1947 1878; x_wconf 89' lang='lat' dir='ltr'>Dei</span> <span class='ocrx_word' id='word_1_237' title='bbox 1981 1822 2185 1878; x_wconf 89' lang='lat' dir='ltr'>Filium</span> 
     </span>
    </p>
   </div>
   <div class='ocr_carea' id='block_1_37' title="bbox 534 1911 2188 1984">
    <p class='ocr_par' dir='ltr' id='par_1_37' title="bbox 534 1911 2188 1984">
     <span class='ocr_line' id='line_1_37' title="bbox 534 1911 2188 1984; baseline -0.002 -16"><span class='ocrx_word' id='word_1_238' title='bbox 534 1920 590 1969; x_wconf 91' lang='lat' dir='ltr'>et</span> <span class='ocrx_word' id='word_1_239' title='bbox 615 1914 801 1968; x_wconf 89' lang='lat' dir='ltr'>Deum</span> <span class='ocrx_word' id='word_1_240' title='bbox 824 1913 1071 1984; x_wconf 86' lang='lat' dir='ltr'>ejusque</span> <span class='ocrx_word' id='word_1_241' title='bbox 1095 1912 1394 1967; x_wconf 85' lang='lat' dir='ltr'>mandatis</span> <span class='ocrx_word' id='word_1_242' title='bbox 1417 1928 1546 1967; x_wconf 92' lang='lat' dir='ltr'>esse</span> <span class='ocrx_word' id='word_1_243' title='bbox 1573 1912 1996 1967; x_wconf 89' lang='lat' dir='ltr'>obediendum.</span> <span class='ocrx_word' id='word_1_244' title='bbox 2017 1911 2188 1977; x_wconf 87' lang='lat' dir='ltr'>Quod</span> 
     </span>
    </p>
   </div>
   <div class='ocr_carea' id='block_1_38' title="bbox 533 2000 2187 2073">
    <p class='ocr_par' dir='ltr' id='par_1_38' title="bbox 533 2000 2187 2073">
     <span class='ocr_line' id='line_1_38' title="bbox 533 2000 2187 2073; baseline -0.002 -15"><span class='ocrx_word' id='word_1_245' title='bbox 533 2002 734 2073; x_wconf 88' lang='lat' dir='ltr'>itaque</span> <span class='ocrx_word' id='word_1_246' title='bbox 754 2002 944 2071; x_wconf 89' lang='lat' dir='ltr'>magis</span> <span class='ocrx_word' id='word_1_247' title='bbox 958 2001 1226 2071; x_wconf 89' lang='lat' dir='ltr'>indigum</span> <span class='ocrx_word' id='word_1_248' title='bbox 1249 2001 1565 2068; x_wconf 79' lang='lat' dir='ltr'>magisterii</span> <span class='ocrx_word' id='word_1_249' title='bbox 1582 2002 1880 2069; x_wconf 85' lang='lat' dir='ltr'>videbant,</span> <span class='ocrx_word' id='word_1_250' title='bbox 1897 2003 1947 2056; x_wconf 89' lang='lat' dir='ltr'>id</span> <span class='ocrx_word' id='word_1_251' title='bbox 1963 2000 2187 2056; x_wconf 75' lang='lat' dir='ltr'>caeteris</span> 
     </span>
    </p>
   </div>
   <div class='ocr_carea' id='block_1_39' title="bbox 534 2090 2187 2164">
    <p class='ocr_par' dir='ltr' id='par_1_39' title="bbox 534 2090 2187 2164">
     <span class='ocr_line' id='line_1_39' title="bbox 534 2090 2187 2164; baseline -0.001 -18"><span class='ocrx_word' id='word_1_252' title='bbox 534 2092 981 2164; x_wconf 69' lang='lat' dir='ltr'>praevertebant,</span> <span class='ocrx_word' id='word_1_253' title='bbox 1016 2096 1189 2162; x_wconf 90' lang='lat' dir='ltr'>atque</span> <span class='ocrx_word' id='word_1_254' title='bbox 1217 2107 1285 2145; x_wconf 85' lang='lat' dir='ltr'>ex</span> <span class='ocrx_word' id='word_1_255' title='bbox 1305 2091 1484 2161; x_wconf 87' lang='lat' dir='ltr'>hujus</span> <span class='ocrx_word' id='word_1_256' title='bbox 1506 2090 2079 2146; x_wconf 88' lang='lat' dir='ltr'>normainitiaudam</span> <span class='ocrx_word' id='word_1_257' title='bbox 2100 2106 2187 2145; x_wconf 82' lang='lat' dir='ltr'>sa~</span> 
     </span>
    </p>
   </div>
   <div class='ocr_carea' id='block_1_40' title="bbox 535 2179 2191 2252">
    <p class='ocr_par' dir='ltr' id='par_1_40' title="bbox 535 2179 2191 2252">
     <span class='ocr_line' id='line_1_40' title="bbox 535 2179 2191 2252; baseline -0.002 -16"><span class='ocrx_word' id='word_1_258' title='bbox 535 2181 649 2236; x_wconf 88' lang='lat' dir='ltr'>cris</span> <span class='ocrx_word' id='word_1_259' title='bbox 664 2179 1096 2235; x_wconf 87' lang='lat' dir='ltr'>multitudinem</span> <span class='ocrx_word' id='word_1_260' title='bbox 1112 2180 1536 2252; x_wconf 82' lang='lat' dir='ltr'>proselytorum</span> <span class='ocrx_word' id='word_1_261' title='bbox 1551 2180 2191 2245; x_wconf 85' lang='lat' dir='ltr'>existimabant.0uare</span> 
     </span>
    </p>
   </div>
   <div class='ocr_carea' id='block_1_41' title="bbox 534 2268 2193 2341">
    <p class='ocr_par' dir='ltr' id='par_1_41' title="bbox 534 2268 2193 2341">
     <span class='ocr_line' id='line_1_41' title="bbox 534 2268 2193 2341; baseline -0.003 -15"><span class='ocrx_word' id='word_1_262' title='bbox 534 2270 904 2341; x_wconf 85' lang='lat' dir='ltr'>baptismum</span> <span class='ocrx_word' id='word_1_263' title='bbox 933 2269 1096 2325; x_wconf 90' lang='lat' dir='ltr'>haud</span> <span class='ocrx_word' id='word_1_264' title='bbox 1128 2270 1186 2324; x_wconf 92' lang='lat' dir='ltr'>in</span> <span class='ocrx_word' id='word_1_265' title='bbox 1222 2269 1408 2323; x_wconf 86' lang='lat' dir='ltr'>Patris</span> <span class='ocrx_word' id='word_1_266' title='bbox 1435 2274 1489 2324; x_wconf 90' lang='lat' dir='ltr'>et</span> <span class='ocrx_word' id='word_1_267' title='bbox 1514 2268 1631 2324; x_wconf 82' lang='lat' dir='ltr'>Filii</span> <span class='ocrx_word' id='word_1_268' title='bbox 1657 2269 1979 2339; x_wconf 89' lang='lat' dir='ltr'>etSpiritus</span> <span class='ocrx_word' id='word_1_269' title='bbox 2004 2273 2193 2328; x_wconf 86' lang='lat' dir='ltr'>sancti</span> 
     </span>
    </p>
   </div>
   <div class='ocr_carea' id='block_1_42' title="bbox 534 2358 2193 2429">
    <p class='ocr_par' dir='ltr' id='par_1_42' title="bbox 534 2358 2193 2429">
     <span class='ocr_line' id='line_1_42' title="bbox 534 2358 2193 2429; baseline -0.002 -15"><span class='ocrx_word' id='word_1_270' title='bbox 534 2358 781 2414; x_wconf 88' lang='lat' dir='ltr'>nomine</span> <span class='ocrx_word' id='word_1_271' title='bbox 811 2358 1231 2429; x_wconf 86' lang='lat' dir='ltr'>impertiebant</span> <span class='ocrx_word' id='word_1_272' title='bbox 1258 2374 1464 2413; x_wconf 91' lang='lat' dir='ltr'>verum</span> <span class='ocrx_word' id='word_1_273' title='bbox 1490 2358 1739 2412; x_wconf 91' lang='lat' dir='ltr'>Domino</span> <span class='ocrx_word' id='word_1_274' title='bbox 1754 2360 1891 2412; x_wconf 86' lang='lat' dir='ltr'>Jesu</span> <span class='ocrx_word' id='word_1_275' title='bbox 1918 2358 2193 2412; x_wconf 90' lang='lat' dir='ltr'>invocato</span> 
     </span>
    </p>
   </div>
   <div class='ocr_carea' id='block_1_43' title="bbox 540 2446 2195 2518">
    <p class='ocr_par' dir='ltr' id='par_1_43' title="bbox 540 2446 2195 2518">
     <span class='ocr_line' id='line_1_43' title="bbox 540 2446 2195 2518; baseline -0.001 -15"><span class='ocrx_word' id='word_1_276' title='bbox 540 2447 1004 2516; x_wconf 80' lang='lat' dir='ltr'>regenerationis</span> <span class='ocrx_word' id='word_1_277' title='bbox 1027 2447 1267 2502; x_wconf 88' lang='lat' dir='ltr'>lavacro</span> <span class='ocrx_word' id='word_1_278' title='bbox 1282 2446 1433 2502; x_wconf 86' lang='lat' dir='ltr'>lotos</span> <span class='ocrx_word' id='word_1_279' title='bbox 1460 2446 1648 2517; x_wconf 87' lang='lat' dir='ltr'>culpis</span> <span class='ocrx_word' id='word_1_280' title='bbox 1672 2447 2013 2518; x_wconf 83' lang='lat' dir='ltr'>purgabant</span> <span class='ocrx_word' id='word_1_281' title='bbox 2041 2466 2053 2502; x_wconf 87' lang='lat'><strong>:</strong></span> <span class='ocrx_word' id='word_1_282' title='bbox 2093 2447 2195 2502; x_wconf 89' lang='lat' dir='ltr'>ad-</span> 
     </span>
    </p>
   </div>
   <div class='ocr_carea' id='block_1_44' title="bbox 539 2535 2194 2607">
    <p class='ocr_par' dir='ltr' id='par_1_44' title="bbox 539 2535 2194 2607">
     <span class='ocr_line' id='line_1_44' title="bbox 539 2535 2194 2607; baseline 0 -15"><span class='ocrx_word' id='word_1_283' title='bbox 539 2537 942 2592; x_wconf 88' lang='lat' dir='ltr'>ministrantes</span> <span class='ocrx_word' id='word_1_284' title='bbox 969 2537 1207 2607; x_wconf 84' lang='lat' dir='ltr'>quidem</span> <span class='ocrx_word' id='word_1_285' title='bbox 1234 2552 1369 2590; x_wconf 89' lang='lat' dir='ltr'>cum</span> <span class='ocrx_word' id='word_1_286' title='bbox 1385 2535 1619 2591; x_wconf 91' lang='lat' dir='ltr'>Domini</span> <span class='ocrx_word' id='word_1_287' title='bbox 1645 2536 2013 2592; x_wconf 88' lang='lat' dir='ltr'>invocatione</span> <span class='ocrx_word' id='word_1_288' title='bbox 2028 2542 2194 2607; x_wconf 89' lang='lat' dir='ltr'>etap-</span> 
     </span>
    </p>
   </div>
   <div class='ocr_carea' id='block_1_45' title="bbox 540 2625 2193 2699">
    <p class='ocr_par' dir='ltr' id='par_1_45' title="bbox 540 2625 2193 2699">
     <span class='ocr_line' id='line_1_45' title="bbox 540 2625 2193 2699; baseline 0.002 -20"><span class='ocrx_word' id='word_1_289' title='bbox 540 2625 865 2697; x_wconf 89' lang='lat' dir='ltr'>pellatione</span> <span class='ocrx_word' id='word_1_290' title='bbox 898 2641 1135 2680; x_wconf 89' lang='lat' dir='ltr'>sacrum</span> <span class='ocrx_word' id='word_1_291' title='bbox 1170 2642 1408 2691; x_wconf 86' lang='lat' dir='ltr'>munus,</span> <span class='ocrx_word' id='word_1_292' title='bbox 1453 2625 1746 2696; x_wconf 92' lang='lat' dir='ltr'>simulque</span> <span class='ocrx_word' id='word_1_293' title='bbox 1790 2627 2069 2682; x_wconf 90' lang='lat' dir='ltr'>docentes</span> <span class='ocrx_word' id='word_1_294' title='bbox 2098 2628 2193 2699; x_wconf 89' lang='lat' dir='ltr'>qui</span> 
     </span>
    </p>
   </div>
   <div class='ocr_carea' id='block_1_46' title="bbox 541 2715 2196 2786">
    <p class='ocr_par' dir='ltr' id='par_1_46' title="bbox 541 2715 2196 2786">
     <span class='ocr_line' id='line_1_46' title="bbox 541 2715 2196 2786; baseline 0.001 -16"><span class='ocrx_word' id='word_1_295' title='bbox 541 2715 707 2785; x_wconf 81' lang='lat' dir='ltr'>digni</span> <span class='ocrx_word' id='word_1_296' title='bbox 729 2715 843 2770; x_wconf 88' lang='lat' dir='ltr'>hac</span> <span class='ocrx_word' id='word_1_297' title='bbox 875 2716 1225 2785; x_wconf 87' lang='lat' dir='ltr'>purgatione</span> <span class='ocrx_word' id='word_1_298' title='bbox 1256 2715 1523 2779; x_wconf 86' lang='lat' dir='ltr'>fuissent,</span> <span class='ocrx_word' id='word_1_299' title='bbox 1558 2731 1662 2771; x_wconf 89' lang='lat' dir='ltr'>cos</span> <span class='ocrx_word' id='word_1_300' title='bbox 1698 2732 1797 2786; x_wconf 88' lang='lat' dir='ltr'>per</span> <span class='ocrx_word' id='word_1_301' title='bbox 1845 2715 2009 2770; x_wconf 90' lang='lat' dir='ltr'>illum</span> <span class='ocrx_word' id='word_1_302' title='bbox 2056 2718 2196 2772; x_wconf 88' lang='lat' dir='ltr'>ado-</span> 
     </span>
    </p>
   </div>
   <div class='ocr_carea' id='block_1_47' title="bbox 541 2804 2191 2876">
    <p class='ocr_par' dir='ltr' id='par_1_47' title="bbox 541 2804 2191 2876">
     <span class='ocr_line' id='line_1_47' title="bbox 541 2804 2191 2876; baseline 0.001 -17"><span class='ocrx_word' id='word_1_303' title='bbox 541 2804 804 2875; x_wconf 90' lang='lat' dir='ltr'>ptionem</span> <span class='ocrx_word' id='word_1_304' title='bbox 820 2804 1102 2875; x_wconf 87' lang='lat' dir='ltr'>consequi</span> <span class='ocrx_word' id='word_1_305' title='bbox 1121 2827 1132 2857; x_wconf 85' lang='lat'><strong>:</strong></span> <span class='ocrx_word' id='word_1_306' title='bbox 1150 2804 1371 2875; x_wconf 91' lang='lat' dir='ltr'>quippe</span> <span class='ocrx_word' id='word_1_307' title='bbox 1384 2804 1537 2859; x_wconf 85' lang='lat' dir='ltr'>ﬁlios</span> <span class='ocrx_word' id='word_1_308' title='bbox 1554 2804 1646 2859; x_wconf 87' lang='lat' dir='ltr'>Dei</span> <span class='ocrx_word' id='word_1_309' title='bbox 1668 2820 1772 2876; x_wconf 89' lang='lat' dir='ltr'>per</span> <span class='ocrx_word' id='word_1_310' title='bbox 1793 2805 2042 2873; x_wconf 87' lang='lat' dir='ltr'>gratiam</span> <span class='ocrx_word' id='word_1_311' title='bbox 2058 2821 2191 2861; x_wconf 88' lang='lat' dir='ltr'>eum</span> 
     </span>
    </p>
   </div>
   <div class='ocr_carea' id='block_1_48' title="bbox 542 2892 2195 2965">
    <p class='ocr_par' dir='ltr' id='par_1_48' title="bbox 542 2892 2195 2965">
     <span class='ocr_line' id='line_1_48' title="bbox 542 2892 2195 2965; baseline 0.001 -19"><span class='ocrx_word' id='word_1_312' title='bbox 542 2892 959 2947; x_wconf 85' lang='lat' dir='ltr'>tantummodo</span> <span class='ocrx_word' id='word_1_313' title='bbox 991 2908 1167 2963; x_wconf 86' lang='lat' dir='ltr'>posse</span> <span class='ocrx_word' id='word_1_314' title='bbox 1198 2908 1492 2961; x_wconf 86' lang='lat' dir='ltr'>arrogare,</span> <span class='ocrx_word' id='word_1_315' title='bbox 1522 2894 1616 2948; x_wconf 91' lang='lat' dir='ltr'>cui</span> <span class='ocrx_word' id='word_1_316' title='bbox 1643 2893 1989 2948; x_wconf 88' lang='lat' dir='ltr'>naturaliter</span> <span class='ocrx_word' id='word_1_317' title='bbox 2017 2900 2195 2965; x_wconf 90' lang='lat' dir='ltr'>atque</span> 
     </span>
    </p>
   </div>
   <div class='ocr_carea' id='block_1_49' title="bbox 542 2982 2195 3055">
    <p class='ocr_par' dir='ltr' id='par_1_49' title="bbox 542 2982 2195 3055">
     <span class='ocr_line' id='line_1_49' title="bbox 542 2982 2195 3055; baseline -0.001 -17"><span class='ocrx_word' id='word_1_318' title='bbox 542 2982 621 3038; x_wconf 91' lang='lat' dir='ltr'>ab</span> <span class='ocrx_word' id='word_1_319' title='bbox 650 2986 868 3037; x_wconf 69' lang='lat' dir='ltr'>aeterno</span> <span class='ocrx_word' id='word_1_320' title='bbox 898 2982 1018 3037; x_wconf 82' lang='lat' dir='ltr'>Filii</span> <span class='ocrx_word' id='word_1_321' title='bbox 1047 2986 1223 3054; x_wconf 87' lang='lat' dir='ltr'>atque</span> <span class='ocrx_word' id='word_1_322' title='bbox 1253 2982 1351 3037; x_wconf 92' lang='lat' dir='ltr'>Dei</span> <span class='ocrx_word' id='word_1_323' title='bbox 1382 2983 1639 3051; x_wconf 84' lang='lat' dir='ltr'>dignitas</span> <span class='ocrx_word' id='word_1_324' title='bbox 1673 2983 1823 3038; x_wconf 89' lang='lat' dir='ltr'>inest</span> <span class='ocrx_word' id='word_1_325' title='bbox 1848 3000 1858 3038; x_wconf 92' lang='lat'>:</span> <span class='ocrx_word' id='word_1_326' title='bbox 1885 2999 2005 3055; x_wconf 87' lang='lat' dir='ltr'>qua</span> <span class='ocrx_word' id='word_1_327' title='bbox 2038 2999 2104 3037; x_wconf 87' lang='lat' dir='ltr'>ex</span> <span class='ocrx_word' id='word_1_328' title='bbox 2136 3000 2195 3037; x_wconf 89' lang='lat' dir='ltr'>re</span> 
     </span>
    </p>
   </div>
   <div class='ocr_carea' id='block_1_50' title="bbox 540 3072 2195 3145">
    <p class='ocr_par' dir='ltr' id='par_1_50' title="bbox 540 3072 2195 3145">
     <span class='ocr_line' id='line_1_50' title="bbox 540 3072 2195 3145; baseline 0.001 -19"><span class='ocrx_word' id='word_1_329' title='bbox 540 3076 767 3127; x_wconf 61' lang='lat' dir='ltr'>natura;</span> <span class='ocrx_word' id='word_1_330' title='bbox 796 3088 1036 3144; x_wconf 90' lang='lat' dir='ltr'>quoque</span> <span class='ocrx_word' id='word_1_331' title='bbox 1083 3073 1280 3128; x_wconf 89' lang='lat' dir='ltr'>unitas</span> <span class='ocrx_word' id='word_1_332' title='bbox 1319 3072 1498 3128; x_wconf 88' lang='lat' dir='ltr'>Patris</span> <span class='ocrx_word' id='word_1_333' title='bbox 1542 3078 1599 3129; x_wconf 91' lang='lat' dir='ltr'>et</span> <span class='ocrx_word' id='word_1_334' title='bbox 1654 3074 1775 3128; x_wconf 83' lang='lat' dir='ltr'>Filii</span> <span class='ocrx_word' id='word_1_335' title='bbox 1834 3089 1905 3128; x_wconf 90' lang='lat' dir='ltr'>ac</span> <span class='ocrx_word' id='word_1_336' title='bbox 1952 3073 2195 3145; x_wconf 88' lang='lat' dir='ltr'>Spiritus</span> 
     </span>
    </p>
   </div>
   <div class='ocr_carea' id='block_1_51' title="bbox 542 3162 2197 3234">
    <p class='ocr_par' dir='ltr' id='par_1_51' title="bbox 542 3162 2197 3234">
     <span class='ocr_line' id='line_1_51' title="bbox 542 3162 2197 3234; baseline 0.001 -18"><span class='ocrx_word' id='word_1_337' title='bbox 542 3162 728 3216; x_wconf 90' lang='lat' dir='ltr'>sancti</span> <span class='ocrx_word' id='word_1_338' title='bbox 761 3162 1122 3232; x_wconf 86' lang='lat' dir='ltr'>conspicitur</span> <span class='ocrx_word' id='word_1_339' title='bbox 1143 3166 1316 3233; x_wconf 85' lang='lat' dir='ltr'>atque</span> <span class='ocrx_word' id='word_1_340' title='bbox 1345 3164 1607 3233; x_wconf 89' lang='lat' dir='ltr'>patescit.</span> <span class='ocrx_word' id='word_1_341' title='bbox 1629 3164 1757 3218; x_wconf 89' lang='lat' dir='ltr'>Jam</span> <span class='ocrx_word' id='word_1_342' title='bbox 1792 3164 1894 3234; x_wconf 91' lang='lat' dir='ltr'>qui</span> <span class='ocrx_word' id='word_1_343' title='bbox 1932 3162 2197 3232; x_wconf 75' lang='lat' dir='ltr'>adeptio-</span> 
     </span>
    </p>
   </div>
   <div class='ocr_carea' id='block_1_52' title="bbox 538 3250 2196 3322">
    <p class='ocr_par' dir='ltr' id='par_1_52' title="bbox 538 3250 2196 3322">
     <span class='ocr_line' id='line_1_52' title="bbox 538 3250 2196 3322; baseline 0.001 -17"><span class='ocrx_word' id='word_1_344' title='bbox 538 3265 677 3305; x_wconf 91' lang='lat' dir='ltr'>nem</span> <span class='ocrx_word' id='word_1_345' title='bbox 710 3266 772 3304; x_wconf 91' lang='lat' dir='ltr'>se</span> <span class='ocrx_word' id='word_1_346' title='bbox 811 3266 911 3321; x_wconf 90' lang='lat' dir='ltr'>per</span> <span class='ocrx_word' id='word_1_347' title='bbox 944 3250 1147 3305; x_wconf 90' lang='lat' dir='ltr'>Filium</span> <span class='ocrx_word' id='word_1_348' title='bbox 1188 3257 1539 3307; x_wconf 89' lang='lat' dir='ltr'>consecutos</span> <span class='ocrx_word' id='word_1_349' title='bbox 1579 3252 1919 3319; x_wconf 90' lang='lat' dir='ltr'>credebant,</span> <span class='ocrx_word' id='word_1_350' title='bbox 1965 3268 2064 3307; x_wconf 89' lang='lat' dir='ltr'>eos</span> <span class='ocrx_word' id='word_1_351' title='bbox 2086 3267 2196 3322; x_wconf 87' lang='lat' dir='ltr'>par</span> 
     </span>
    </p>
   </div>
   <div class='ocr_carea' id='block_1_53' title="bbox 540 3338 2191 3411">
    <p class='ocr_par' dir='ltr' id='par_1_53' title="bbox 540 3338 2191 3411">
     <span class='ocr_line' id='line_1_53' title="bbox 540 3338 2191 3411; baseline 0.001 -18"><span class='ocrx_word' id='word_1_352' title='bbox 540 3343 664 3393; x_wconf 89' lang='lat' dir='ltr'>erat</span> <span class='ocrx_word' id='word_1_353' title='bbox 693 3338 766 3393; x_wconf 89' lang='lat' dir='ltr'>de</span> <span class='ocrx_word' id='word_1_354' title='bbox 798 3339 928 3408; x_wconf 87' lang='lat' dir='ltr'>ejus</span> <span class='ocrx_word' id='word_1_355' title='bbox 958 3354 1200 3411; x_wconf 90' lang='lat' dir='ltr'>quoque</span> <span class='ocrx_word' id='word_1_356' title='bbox 1230 3339 1559 3402; x_wconf 86' lang='lat' dir='ltr'>divinitate,</span> <span class='ocrx_word' id='word_1_357' title='bbox 1587 3340 1692 3411; x_wconf 91' lang='lat' dir='ltr'>qui</span> <span class='ocrx_word' id='word_1_358' title='bbox 1722 3341 1779 3395; x_wconf 92' lang='lat' dir='ltr'>id</span> <span class='ocrx_word' id='word_1_359' title='bbox 1803 3340 2028 3396; x_wconf 91' lang='lat' dir='ltr'>donum</span> <span class='ocrx_word' id='word_1_360' title='bbox 2058 3357 2191 3396; x_wconf 89' lang='lat' dir='ltr'>con-</span> 
     </span>
    </p>
   </div>
   <div class='ocr_carea' id='block_1_54' title="bbox 541 3426 2194 3501">
    <p class='ocr_par' dir='ltr' id='par_1_54' title="bbox 541 3426 2194 3501">
     <span class='ocr_line' id='line_1_54' title="bbox 541 3426 2194 3501; baseline 0.002 -19"><span class='ocrx_word' id='word_1_361' title='bbox 541 3426 772 3490; x_wconf 89' lang='lat' dir='ltr'>tulerat,</span> <span class='ocrx_word' id='word_1_362' title='bbox 802 3427 961 3482; x_wconf 90' lang='lat' dir='ltr'>haud</span> <span class='ocrx_word' id='word_1_363' title='bbox 991 3432 1233 3495; x_wconf 82' lang='lat' dir='ltr'>gravate</span> <span class='ocrx_word' id='word_1_364' title='bbox 1260 3430 1879 3501; x_wconf 89' lang='lat' dir='ltr'>assentiri.Sicitaque</span> <span class='ocrx_word' id='word_1_365' title='bbox 1892 3430 2194 3485; x_wconf 91' lang='lat' dir='ltr'>nonnullis</span> 
     </span>
    </p>
   </div>
   <div class='ocr_carea' id='block_1_55' title="bbox 539 3516 1870 3573">
    <p class='ocr_par' dir='ltr' id='par_1_55' title="bbox 539 3516 1870 3573">
     <span class='ocr_line' id='line_1_55' title="bbox 539 3516 1870 3573; baseline 0.002 -3"><span class='ocrx_word' id='word_1_366' title='bbox 539 3516 738 3571; x_wconf 82' lang='lat' dir='ltr'>visum</span> <span class='ocrx_word' id='word_1_367' title='bbox 771 3521 863 3571; x_wconf 83' lang='lat' dir='ltr'>est</span> <span class='ocrx_word' id='word_1_368' title='bbox 892 3517 1359 3572; x_wconf 89' lang='lat' dir='ltr'>controversiam</span> <span class='ocrx_word' id='word_1_369' title='bbox 1386 3518 1542 3573; x_wconf 87' lang='lat' dir='ltr'>hanc</span> <span class='ocrx_word' id='word_1_370' title='bbox 1573 3517 1870 3573; x_wconf 60' lang='lat' dir='ltr'>dirimere.</span> 
     </span>
    </p>
   </div>
   <div class='ocr_carea' id='block_1_56' title="bbox 609 3605 2192 3678">
    <p class='ocr_par' dir='ltr' id='par_1_56' title="bbox 609 3605 2192 3678">
     <span class='ocr_line' id='line_1_56' title="bbox 609 3605 2192 3678; baseline 0.001 -18"><span class='ocrx_word' id='word_1_371' title='bbox 609 3610 659 3660; x_wconf 84' lang='lat'>2.</span> <span class='ocrx_word' id='word_1_372' title='bbox 696 3606 814 3675; x_wconf 86' lang='lat' dir='ltr'>Ego</span> <span class='ocrx_word' id='word_1_373' title='bbox 837 3621 970 3660; x_wconf 89' lang='lat' dir='ltr'>vero</span> <span class='ocrx_word' id='word_1_374' title='bbox 999 3605 1154 3659; x_wconf 88' lang='lat' dir='ltr'>haud</span> <span class='ocrx_word' id='word_1_375' title='bbox 1174 3608 1324 3677; x_wconf 91' lang='lat' dir='ltr'>potis</span> <span class='ocrx_word' id='word_1_376' title='bbox 1338 3623 1460 3661; x_wconf 89' lang='lat' dir='ltr'>sum</span> <span class='ocrx_word' id='word_1_377' title='bbox 1486 3607 1829 3675; x_wconf 85' lang='lat' dir='ltr'>intelligere,</span> <span class='ocrx_word' id='word_1_378' title='bbox 1861 3607 2192 3678; x_wconf 86' lang='lat' dir='ltr'>quidquam</span> 
     </span>
    </p>
   </div>
   <div class='ocr_carea' id='block_1_57' title="bbox 541 3693 2193 3767">
    <p class='ocr_par' dir='ltr' id='par_1_57' title="bbox 541 3693 2193 3767">
     <span class='ocr_line' id='line_1_57' title="bbox 541 3693 2193 3767; baseline 0.001 -18"><span class='ocrx_word' id='word_1_379' title='bbox 541 3693 740 3764; x_wconf 85' lang='lat' dir='ltr'>aptius</span> <span class='ocrx_word' id='word_1_380' title='bbox 771 3709 898 3747; x_wconf 91' lang='lat' dir='ltr'>esse</span> <span class='ocrx_word' id='word_1_381' title='bbox 930 3693 1114 3760; x_wconf 88' lang='lat' dir='ltr'>aliud,</span> <span class='ocrx_word' id='word_1_382' title='bbox 1146 3694 1309 3765; x_wconf 87' lang='lat' dir='ltr'>quod</span> <span class='ocrx_word' id='word_1_383' title='bbox 1340 3695 1562 3749; x_wconf 90' lang='lat' dir='ltr'>nedum</span> <span class='ocrx_word' id='word_1_384' title='bbox 1590 3696 1993 3749; x_wconf 85' lang='lat' dir='ltr'>nodumhaud</span> <span class='ocrx_word' id='word_1_385' title='bbox 2021 3712 2193 3767; x_wconf 80' lang='lat' dir='ltr'>expe-</span> 
     </span>
    </p>
   </div>
   <div class='ocr_carea' id='block_1_58' title="bbox 539 3781 2191 3856">
    <p class='ocr_par' dir='ltr' id='par_1_58' title="bbox 539 3781 2191 3856">
     <span class='ocr_line' id='line_1_58' title="bbox 539 3781 2191 3856; baseline 0.001 -19"><span class='ocrx_word' id='word_1_386' title='bbox 539 3783 684 3847; x_wconf 90' lang='lat' dir='ltr'>diat,</span> <span class='ocrx_word' id='word_1_387' title='bbox 731 3781 834 3835; x_wconf 86' lang='lat' dir='ltr'>sed</span> <span class='ocrx_word' id='word_1_388' title='bbox 881 3783 1075 3852; x_wconf 88' lang='lat' dir='ltr'>potius</span> <span class='ocrx_word' id='word_1_389' title='bbox 1106 3782 1377 3854; x_wconf 90' lang='lat' dir='ltr'>laqueum</span> <span class='ocrx_word' id='word_1_390' title='bbox 1412 3784 1652 3853; x_wconf 89' lang='lat' dir='ltr'>injiciat,</span> <span class='ocrx_word' id='word_1_391' title='bbox 1687 3789 1743 3840; x_wconf 91' lang='lat' dir='ltr'>et</span> <span class='ocrx_word' id='word_1_392' title='bbox 1776 3784 2019 3856; x_wconf 90' lang='lat' dir='ltr'>quidem</span> <span class='ocrx_word' id='word_1_393' title='bbox 2071 3801 2191 3839; x_wconf 92' lang='lat' dir='ltr'>non</span> 
     </span>
    </p>
   </div>
   <div class='ocr_carea' id='block_1_59' title="bbox 538 3870 2192 3943">
    <p class='ocr_par' dir='ltr' id='par_1_59' title="bbox 538 3870 2192 3943">
     <span class='ocr_line' id='line_1_59' title="bbox 538 3870 2192 3943; baseline 0.001 -16"><span class='ocrx_word' id='word_1_394' title='bbox 538 3870 955 3941; x_wconf 87' lang='lat' dir='ltr'>inﬁrmiorem,</span> <span class='ocrx_word' id='word_1_395' title='bbox 985 3888 1056 3926; x_wconf 88' lang='lat' dir='ltr'>eo</span> <span class='ocrx_word' id='word_1_396' title='bbox 1086 3872 1189 3943; x_wconf 90' lang='lat' dir='ltr'>qui</span> <span class='ocrx_word' id='word_1_397' title='bbox 1224 3888 1408 3943; x_wconf 90' lang='lat' dir='ltr'>supra</span> <span class='ocrx_word' id='word_1_398' title='bbox 1424 3878 1787 3929; x_wconf 88' lang='lat' dir='ltr'>memoratus</span> <span class='ocrx_word' id='word_1_399' title='bbox 1817 3879 1922 3937; x_wconf 86' lang='lat' dir='ltr'>est,</span> <span class='ocrx_word' id='word_1_400' title='bbox 1956 3874 2033 3929; x_wconf 90' lang='lat' dir='ltr'>ad</span> <span class='ocrx_word' id='word_1_401' title='bbox 2051 3890 2192 3929; x_wconf 89' lang='lat' dir='ltr'>con-</span> 
     </span>
    </p>
   </div>
   <div class='ocr_carea' id='block_1_60' title="bbox 542 3960 2192 4028">
    <p class='ocr_par' dir='ltr' id='par_1_60' title="bbox 542 3960 2192 4028">
     <span class='ocr_line' id='line_1_60' title="bbox 542 3960 2192 4028; baseline 0.002 -14"><span class='ocrx_word' id='word_1_402' title='bbox 542 3960 957 4028; x_wconf 86' lang='lat' dir='ltr'>stringendam</span> <span class='ocrx_word' id='word_1_403' title='bbox 988 3962 1408 4016; x_wconf 75' lang='lat' dir='ltr'>controversiae</span> <span class='ocrx_word' id='word_1_404' title='bbox 1441 3961 1873 4017; x_wconf 81' lang='lat' dir='ltr'>difﬁcultatem.</span> <span class='ocrx_word' id='word_1_405' title='bbox 1904 3967 2026 4018; x_wconf 91' lang='lat' dir='ltr'>lmo</span> <span class='ocrx_word' id='word_1_406' title='bbox 2054 3979 2192 4018; x_wconf 90' lang='lat' dir='ltr'>vero</span> 
     </span>
    </p>
   </div>
   <div class='ocr_carea' id='block_1_61' title="bbox 540 4048 2190 4122">
    <p class='ocr_par' dir='ltr' id='par_1_61' title="bbox 540 4048 2190 4122">
     <span class='ocr_line' id='line_1_61' title="bbox 540 4048 2190 4122; baseline 0.002 -18"><span class='ocrx_word' id='word_1_407' title='bbox 540 4048 963 4104; x_wconf 89' lang='lat' dir='ltr'>demonstratio</span> <span class='ocrx_word' id='word_1_408' title='bbox 995 4050 1115 4105; x_wconf 65' lang='lat' dir='ltr'>haec</span> <span class='ocrx_word' id='word_1_409' title='bbox 1140 4050 1439 4122; x_wconf 88' lang='lat' dir='ltr'>eritatque</span> <span class='ocrx_word' id='word_1_410' title='bbox 1466 4052 1762 4107; x_wconf 86' lang='lat' dir='ltr'>accusatio</span> <span class='ocrx_word' id='word_1_411' title='bbox 1775 4052 2190 4107; x_wconf 90' lang='lat' dir='ltr'>dissidentium</span> 
     </span>
    </p>
   </div>
   <div class='ocr_carea' id='block_1_62' title="bbox 540 4137 2192 4208">
    <p class='ocr_par' dir='ltr' id='par_1_62' title="bbox 540 4137 2192 4208">
     <span class='ocr_line' id='line_1_62' title="bbox 540 4137 2192 4208; baseline 0.002 -16"><span class='ocrx_word' id='word_1_412' title='bbox 540 4153 611 4192; x_wconf 89' lang='lat' dir='ltr'>ac</span> <span class='ocrx_word' id='word_1_413' title='bbox 634 4137 919 4205; x_wconf 89' lang='lat' dir='ltr'>magistro</span> <span class='ocrx_word' id='word_1_414' title='bbox 959 4138 1419 4208; x_wconf 90' lang='lat' dir='ltr'>discipulorum.</span> <span class='ocrx_word' id='word_1_415' title='bbox 1459 4141 1606 4194; x_wconf 85' lang='lat' dir='ltr'>Nam</span> <span class='ocrx_word' id='word_1_416' title='bbox 1644 4156 1827 4195; x_wconf 89' lang='lat' dir='ltr'>causa</span> <span class='ocrx_word' id='word_1_417' title='bbox 1861 4140 2192 4195; x_wconf 77' lang='lat' dir='ltr'>dissidendi</span> 
     </span>
    </p>
   </div>
   <div class='ocr_carea' id='block_1_63' title="bbox 538 4226 2193 4299">
    <p class='ocr_par' dir='ltr' id='par_1_63' title="bbox 538 4226 2193 4299">
     <span class='ocr_line' id='line_1_63' title="bbox 538 4226 2193 4299; baseline 0 -18"><span class='ocrx_word' id='word_1_418' title='bbox 538 4226 702 4281; x_wconf 88' lang='lat' dir='ltr'>haud</span> <span class='ocrx_word' id='word_1_419' title='bbox 733 4232 825 4281; x_wconf 90' lang='lat' dir='ltr'>est</span> <span class='ocrx_word' id='word_1_420' title='bbox 849 4227 1119 4298; x_wconf 89' lang='lat' dir='ltr'>equidem</span> <span class='ocrx_word' id='word_1_421' title='bbox 1145 4227 1532 4283; x_wconf 74' lang='lat' dir='ltr'>dissonantiae</span> <span class='ocrx_word' id='word_1_422' title='bbox 1564 4228 1897 4295; x_wconf 80' lang='lat' dir='ltr'>abrogatio,</span> <span class='ocrx_word' id='word_1_423' title='bbox 1916 4229 2019 4283; x_wconf 91' lang='lat' dir='ltr'>sed</span> <span class='ocrx_word' id='word_1_424' title='bbox 2041 4230 2193 4299; x_wconf 88' lang='lat' dir='ltr'>judi-</span> 
     </span>
    </p>
   </div>
   <div class='ocr_carea' id='block_1_64' title="bbox 539 4315 2191 4387">
    <p class='ocr_par' dir='ltr' id='par_1_64' title="bbox 539 4315 2191 4387">
     <span class='ocr_line' id='line_1_64' title="bbox 539 4315 2191 4387; baseline 0.001 -17"><span class='ocrx_word' id='word_1_425' title='bbox 539 4316 695 4370; x_wconf 89' lang='lat' dir='ltr'>cium</span> <span class='ocrx_word' id='word_1_426' title='bbox 711 4315 784 4370; x_wconf 90' lang='lat' dir='ltr'>de</span> <span class='ocrx_word' id='word_1_427' title='bbox 799 4330 857 4369; x_wconf 91' lang='lat' dir='ltr'>re</span> <span class='ocrx_word' id='word_1_428' title='bbox 874 4315 1367 4387; x_wconf 87' lang='lat' dir='ltr'>interpositum,et</span> <span class='ocrx_word' id='word_1_429' title='bbox 1383 4332 1523 4387; x_wconf 59' lang='lat' dir='ltr'>pro;</span> <span class='ocrx_word' id='word_1_430' title='bbox 1539 4315 1607 4371; x_wconf 90' lang='lat' dir='ltr'>rii</span> <span class='ocrx_word' id='word_1_431' title='bbox 1628 4316 1850 4371; x_wconf 89' lang='lat' dir='ltr'>arbitrii</span> <span class='ocrx_word' id='word_1_432' title='bbox 1874 4318 2191 4372; x_wconf 69' lang='lat' dir='ltr'>Dominicae</span> 
     </span>
    </p>
   </div>
   <div class='ocr_carea' id='block_1_65' title="bbox 538 4404 2188 4476">
    <p class='ocr_par' dir='ltr' id='par_1_65' title="bbox 538 4404 2188 4476">
     <span class='ocr_line' id='line_1_65' title="bbox 538 4404 2188 4476; baseline 0.002 -18"><span class='ocrx_word' id='word_1_433' title='bbox 538 4404 825 4459; x_wconf 87' lang='lat' dir='ltr'>voluntati</span> <span class='ocrx_word' id='word_1_434' title='bbox 877 4405 1287 4475; x_wconf 67' lang='lat' dir='ltr'>praemeditata</span> <span class='ocrx_word' id='word_1_435' title='bbox 1334 4406 1619 4476; x_wconf 65' lang='lat' dir='ltr'>prmlatio.</span> <span class='ocrx_word' id='word_1_436' title='bbox 1678 4408 1958 4470; x_wconf 66' lang='lat' dir='ltr'>Quaenam</span> <span class='ocrx_word' id='word_1_437' title='bbox 1992 4412 2188 4462; x_wconf 86' lang='lat' dir='ltr'>autem</span> 
     </span>
    </p>
   </div>
   <div class='ocr_carea' id='block_1_66' title="bbox 539 4494 2188 4567">
    <p class='ocr_par' dir='ltr' id='par_1_66' title="bbox 539 4494 2188 4567">
     <span class='ocr_line' id='line_1_66' title="bbox 539 4494 2188 4567; baseline 0.001 -19"><span class='ocrx_word' id='word_1_438' title='bbox 539 4494 776 4562; x_wconf 89' lang='lat' dir='ltr'>gravior</span> <span class='ocrx_word' id='word_1_439' title='bbox 806 4495 1121 4549; x_wconf 88' lang='lat' dir='ltr'>necessitas</span> <span class='ocrx_word' id='word_1_440' title='bbox 1148 4498 1252 4555; x_wconf 86' lang='lat' dir='ltr'>est.</span> <span class='ocrx_word' id='word_1_441' title='bbox 1286 4509 1472 4567; x_wconf 86' lang='lat' dir='ltr'>quam</span> <span class='ocrx_word' id='word_1_442' title='bbox 1496 4499 1559 4549; x_wconf 91' lang='lat' dir='ltr'>ut</span> <span class='ocrx_word' id='word_1_443' title='bbox 1590 4510 1761 4550; x_wconf 86' lang='lat' dir='ltr'>sacra</span> <span class='ocrx_word' id='word_1_444' title='bbox 1793 4495 2041 4549; x_wconf 90' lang='lat' dir='ltr'>scientia</span> <span class='ocrx_word' id='word_1_445' title='bbox 2066 4512 2188 4550; x_wconf 86' lang='lat' dir='ltr'>ma-</span> 
     </span>
    </p>
   </div>
   <div class='ocr_carea' id='block_1_67' title="bbox 540 4583 2193 4655">
    <p class='ocr_par' dir='ltr' id='par_1_67' title="bbox 540 4583 2193 4655">
     <span class='ocr_line' id='line_1_67' title="bbox 540 4583 2193 4655; baseline 0.001 -18"><span class='ocrx_word' id='word_1_446' title='bbox 540 4583 864 4650; x_wconf 88' lang='lat' dir='ltr'>nifestetur,</span> <span class='ocrx_word' id='word_1_447' title='bbox 900 4589 1077 4654; x_wconf 89' lang='lat' dir='ltr'>atque</span> <span class='ocrx_word' id='word_1_448' title='bbox 1110 4588 1173 4637; x_wconf 92' lang='lat' dir='ltr'>ut</span> <span class='ocrx_word' id='word_1_449' title='bbox 1202 4583 1497 4637; x_wconf 88' lang='lat' dir='ltr'>Trinitatis</span> <span class='ocrx_word' id='word_1_450' title='bbox 1530 4589 1739 4639; x_wconf 89' lang='lat' dir='ltr'>natura</span> <span class='ocrx_word' id='word_1_451' title='bbox 1798 4600 1918 4638; x_wconf 90' lang='lat' dir='ltr'>una</span> <span class='ocrx_word' id='word_1_452' title='bbox 1983 4584 2193 4655; x_wconf 89' lang='lat' dir='ltr'>visque</span> 
     </span>
    </p>
   </div>
   <div class='ocr_carea' id='block_1_68' title="bbox 542 4672 2191 4745">
    <p class='ocr_par' dir='ltr' id='par_1_68' title="bbox 542 4672 2191 4745">
     <span class='ocr_line' id='line_1_68' title="bbox 542 4672 2191 4745; baseline 0.002 -20"><span class='ocrx_word' id='word_1_453' title='bbox 542 4687 659 4725; x_wconf 84' lang='lat' dir='ltr'>una</span> <span class='ocrx_word' id='word_1_454' title='bbox 688 4672 1020 4741; x_wconf 90' lang='lat' dir='ltr'>conjunctis</span> <span class='ocrx_word' id='word_1_455' title='bbox 1061 4672 1408 4727; x_wconf 90' lang='lat' dir='ltr'>nominibus</span> <span class='ocrx_word' id='word_1_456' title='bbox 1457 4672 1745 4728; x_wconf 91' lang='lat' dir='ltr'>reveletur</span> <span class='ocrx_word' id='word_1_457' title='bbox 1778 4672 1806 4727; x_wconf 70' lang='lat' dir='ltr'>‘f</span> <span class='ocrx_word' id='word_1_458' title='bbox 1840 4674 1907 4727; x_wconf 84' lang='lat' dir='ltr'>Et</span> <span class='ocrx_word' id='word_1_459' title='bbox 1945 4674 2191 4745; x_wconf 90' lang='lat' dir='ltr'>quidem</span> 
     </span>
    </p>
   </div>
   <div class='ocr_carea' id='block_1_69' title="bbox 541 4758 2192 4833">
    <p class='ocr_par' dir='ltr' id='par_1_69' title="bbox 541 4758 2192 4833">
     <span class='ocr_line' id='line_1_69' title="bbox 541 4758 2192 4833; baseline 0.001 -19"><span class='ocrx_word' id='word_1_460' title='bbox 541 4758 818 4831; x_wconf 88' lang='lat' dir='ltr'>discipuli</span> <span class='ocrx_word' id='word_1_461' title='bbox 851 4760 1011 4814; x_wconf 87' lang='lat' dir='ltr'>haud</span> <span class='ocrx_word' id='word_1_462' title='bbox 1047 4765 1309 4815; x_wconf 87' lang='lat' dir='ltr'>recenter</span> <span class='ocrx_word' id='word_1_463' title='bbox 1340 4761 1547 4815; x_wconf 85' lang='lat' dir='ltr'>initiati</span> <span class='ocrx_word' id='word_1_464' title='bbox 1573 4761 1823 4830; x_wconf 86' lang='lat' dir='ltr'>fuerant,</span> <span class='ocrx_word' id='word_1_465' title='bbox 1858 4777 2051 4833; x_wconf 89' lang='lat' dir='ltr'>neque</span> <span class='ocrx_word' id='word_1_466' title='bbox 2080 4763 2192 4816; x_wconf 90' lang='lat' dir='ltr'>im-</span> 
     </span>
    </p>
   </div>
   <div class='ocr_carea' id='block_1_70' title="bbox 542 4847 2193 4920">
    <p class='ocr_par' dir='ltr' id='par_1_70' title="bbox 542 4847 2193 4920">
     <span class='ocr_line' id='line_1_70' title="bbox 542 4847 2193 4920; baseline 0.002 -18"><span class='ocrx_word' id='word_1_467' title='bbox 542 4847 797 4918; x_wconf 89' lang='lat' dir='ltr'>perfecta</span> <span class='ocrx_word' id='word_1_468' title='bbox 817 4849 1013 4902; x_wconf 88' lang='lat' dir='ltr'>adhuc</span> <span class='ocrx_word' id='word_1_469' title='bbox 1035 4847 1374 4902; x_wconf 89' lang='lat' dir='ltr'>conditione</span> <span class='ocrx_word' id='word_1_470' title='bbox 1405 4857 1590 4914; x_wconf 86' lang='lat' dir='ltr'>erant,</span> <span class='ocrx_word' id='word_1_471' title='bbox 1635 4864 1826 4920; x_wconf 87' lang='lat' dir='ltr'>neque</span> <span class='ocrx_word' id='word_1_472' title='bbox 1860 4850 2193 4907; x_wconf 85' lang='lat' dir='ltr'>voluntaria</span> 
     </span>
    </p>
   </div>
   <div class='ocr_carea' id='block_1_71' title="bbox 543 4936 2191 5009">
    <p class='ocr_par' dir='ltr' id='par_1_71' title="bbox 543 4936 2191 5009">
     <span class='ocr_line' id='line_1_71' title="bbox 543 4936 2191 5009; baseline 0.002 -19"><span class='ocrx_word' id='word_1_473' title='bbox 543 4936 868 4991; x_wconf 84' lang='lat' dir='ltr'>Servatoris</span> <span class='ocrx_word' id='word_1_474' title='bbox 898 4936 1102 5007; x_wconf 88' lang='lat' dir='ltr'>passio</span> <span class='ocrx_word' id='word_1_475' title='bbox 1136 4952 1255 4990; x_wconf 91' lang='lat' dir='ltr'>non</span> <span class='ocrx_word' id='word_1_476' title='bbox 1308 4936 1496 4992; x_wconf 89' lang='lat' dir='ltr'>fuerat</span> <span class='ocrx_word' id='word_1_477' title='bbox 1540 4943 1800 5008; x_wconf 88' lang='lat' dir='ltr'>peracta,</span> <span class='ocrx_word' id='word_1_478' title='bbox 1850 4954 2043 5009; x_wconf 88' lang='lat' dir='ltr'>neque</span> <span class='ocrx_word' id='word_1_479' title='bbox 2077 4940 2191 5007; x_wconf 83' lang='lat' dir='ltr'>tegi</span> 
     </span>
    </p>
   </div>
   <div class='ocr_carea' id='block_1_72' title="bbox 543 5024 2192 5095">
    <p class='ocr_par' dir='ltr' id='par_1_72' title="bbox 543 5024 2192 5095">
     <span class='ocr_line' id='line_1_72' title="bbox 543 5024 2192 5095; baseline 0.002 -16"><span class='ocrx_word' id='word_1_480' title='bbox 543 5039 734 5095; x_wconf 90' lang='lat' dir='ltr'>usque</span> <span class='ocrx_word' id='word_1_481' title='bbox 756 5024 831 5079; x_wconf 91' lang='lat' dir='ltr'>ad</span> <span class='ocrx_word' id='word_1_482' title='bbox 855 5028 1094 5095; x_wconf 84' lang='lat' dir='ltr'>tempus</span> <span class='ocrx_word' id='word_1_483' title='bbox 1116 5025 1398 5079; x_wconf 86' lang='lat' dir='ltr'>idoneum</span> <span class='ocrx_word' id='word_1_484' title='bbox 1415 5042 1655 5081; x_wconf 90' lang='lat' dir='ltr'>summa</span> <span class='ocrx_word' id='word_1_485' title='bbox 1676 5033 2073 5082; x_wconf 68' lang='lat' dir='ltr'>controversas</span> <span class='ocrx_word' id='word_1_486' title='bbox 2090 5027 2192 5083; x_wconf 93' lang='lat' dir='ltr'>do-</span> 
     </span>
    </p>
   </div>
   <div class='ocr_carea' id='block_1_73' title="bbox 545 5113 2189 5187">
    <p class='ocr_par' dir='ltr' id='par_1_73' title="bbox 545 5113 2189 5187">
     <span class='ocr_line' id='line_1_73' title="bbox 545 5113 2189 5187; baseline 0.002 -20"><span class='ocrx_word' id='word_1_487' title='bbox 545 5113 746 5168; x_wconf 60' lang='lat' dir='ltr'>ctrinae</span> <span class='ocrx_word' id='word_1_488' title='bbox 786 5113 995 5168; x_wconf 89' lang='lat' dir='ltr'>notitia</span> <span class='ocrx_word' id='word_1_489' title='bbox 1029 5113 1153 5184; x_wconf 91' lang='lat' dir='ltr'>jam</span> <span class='ocrx_word' id='word_1_490' title='bbox 1188 5114 1529 5184; x_wconf 89' lang='lat' dir='ltr'>postulabat</span> <span class='ocrx_word' id='word_1_491' title='bbox 1572 5131 1583 5169; x_wconf 88' lang='lat'>:</span> <span class='ocrx_word' id='word_1_492' title='bbox 1618 5116 1721 5168; x_wconf 89' lang='lat' dir='ltr'>sed</span> <span class='ocrx_word' id='word_1_493' title='bbox 1753 5121 1885 5187; x_wconf 87' lang='lat' dir='ltr'>post</span> <span class='ocrx_word' id='word_1_494' title='bbox 1930 5132 2189 5182; x_wconf 88' lang='lat' dir='ltr'>crucem,</span> 
     </span>
    </p>
   </div>
   <div class='ocr_carea' id='block_1_74' title="bbox 543 5202 2192 5276">
    <p class='ocr_par' dir='ltr' id='par_1_74' title="bbox 543 5202 2192 5276">
     <span class='ocr_line' id='line_1_74' title="bbox 543 5202 2192 5276; baseline 0.002 -18"><span class='ocrx_word' id='word_1_495' title='bbox 543 5206 921 5276; x_wconf 89' lang='lat' dir='ltr'>postneccm,</span> <span class='ocrx_word' id='word_1_496' title='bbox 945 5208 1079 5274; x_wconf 88' lang='lat' dir='ltr'>post</span> <span class='ocrx_word' id='word_1_497' title='bbox 1114 5202 1502 5275; x_wconf 87' lang='lat' dir='ltr'>sepulturam,</span> <span class='ocrx_word' id='word_1_498' title='bbox 1536 5210 1669 5276; x_wconf 91' lang='lat' dir='ltr'>post</span> <span class='ocrx_word' id='word_1_499' title='bbox 1702 5204 2025 5261; x_wconf 86' lang='lat' dir='ltr'>inferorum</span> <span class='ocrx_word' id='word_1_500' title='bbox 2056 5221 2192 5275; x_wconf 89' lang='lat' dir='ltr'>reg-</span> 
     </span>
    </p>
   </div>
   <div class='ocr_carea' id='block_1_75' title="bbox 2226 3101 2264 3153">
    <p class='ocr_par' dir='ltr' id='par_1_75' title="bbox 2226 3101 2264 3153">
     <span class='ocr_line' id='line_1_75' title="bbox 2226 3101 2264 3153; baseline 0 0"><span class='ocrx_word' id='word_1_501' title='bbox 2226 3101 2264 3153; x_wconf 88' lang='lat' dir='ltr'>C</span> 
     </span>
    </p>
   </div>
   <div class='ocr_carea' id='block_1_76' title="bbox 2295 1817 3885 1895">
    <p class='ocr_par' dir='ltr' id='par_1_76' title="bbox 2295 1817 3885 1895">
     <span class='ocr_line' id='line_1_76' title="bbox 2295 1817 3885 1895; baseline 0.002 -25"><span class='ocrx_word' id='word_1_502' title='bbox 2295 1819 2451 1871; x_wconf 90' lang='grc' dir='ltr'>λιστα</span> <span class='ocrx_word' id='word_1_503' title='bbox 2504 1817 2855 1882; x_wconf 74' lang='grc' dir='ltr'>διδασκαλίας</span> <span class='ocrx_word' id='word_1_504' title='bbox 2886 1820 3143 1894; x_wconf 86' lang='grc' dir='ltr'>δεόμενον,</span> <span class='ocrx_word' id='word_1_505' title='bbox 3181 1822 3339 1874; x_wconf 77' lang='grc' dir='ltr'>ἐκεῖνο</span> <span class='ocrx_word' id='word_1_506' title='bbox 3368 1831 3468 1874; x_wconf 85' lang='grc' dir='ltr'>τῶν</span> <span class='ocrx_word' id='word_1_507' title='bbox 3522 1822 3686 1873; x_wconf 78' lang='grc' dir='ltr'>ἄλλων</span> <span class='ocrx_word' id='word_1_508' title='bbox 3734 1823 3885 1895; x_wconf 69' lang='grc' dir='ltr'>προύο</span> 
     </span>
    </p>
   </div>
   <div class='ocr_carea' id='block_1_77' title="bbox 2297 1909 3885 1982">
    <p class='ocr_par' dir='ltr' id='par_1_77' title="bbox 2297 1909 3885 1982">
     <span class='ocr_line' id='line_1_77' title="bbox 2297 1909 3885 1982; baseline -0.001 -21"><span class='ocrx_word' id='word_1_509' title='bbox 2297 1911 2514 1975; x_wconf 87' lang='grc' dir='ltr'>τίθεντο,</span> <span class='ocrx_word' id='word_1_510' title='bbox 2570 1915 2657 1961; x_wconf 82' lang='grc' dir='ltr'>καὶ</span> <span class='ocrx_word' id='word_1_511' title='bbox 2720 1911 2834 1961; x_wconf 81' lang='grc' dir='ltr'>κατ’</span> <span class='ocrx_word' id='word_1_512' title='bbox 2884 1909 3042 1962; x_wconf 69' lang='grc' dir='ltr'>ἐκεῖνο</span> <span class='ocrx_word' id='word_1_513' title='bbox 3092 1919 3460 1982; x_wconf 82' lang='grc' dir='ltr'>μυσταγωγεῑν</span> <span class='ocrx_word' id='word_1_514' title='bbox 3515 1918 3616 1963; x_wconf 83' lang='grc' dir='ltr'>τῶν</span> <span class='ocrx_word' id='word_1_515' title='bbox 3658 1916 3885 1982; x_wconf 83' lang='grc' dir='ltr'>προσιόν-</span> 
     </span>
    </p>
   </div>
   <div class='ocr_carea' id='block_1_78' title="bbox 2297 1995 3884 2072">
    <p class='ocr_par' dir='ltr' id='par_1_78' title="bbox 2297 1995 3884 2072">
     <span class='ocr_line' id='line_1_78' title="bbox 2297 1995 3884 2072; baseline 0 -22"><span class='ocrx_word' id='word_1_516' title='bbox 2297 2019 2394 2050; x_wconf 88' lang='grc' dir='ltr'>των</span> <span class='ocrx_word' id='word_1_517' title='bbox 2422 2002 2478 2051; x_wconf 85' lang='grc' dir='ltr'>τὸ</span> <span class='ocrx_word' id='word_1_518' title='bbox 2526 1999 2715 2060; x_wconf 81' lang='grc' dir='ltr'>πλῆθος</span> <span class='ocrx_word' id='word_1_519' title='bbox 2754 1995 3088 2071; x_wconf 77' lang='grc' dir='ltr'>ἐδοκίμαζον.</span> <span class='ocrx_word' id='word_1_520' title='bbox 3145 2005 3231 2052; x_wconf 79' lang='grc' dir='ltr'>Διὸ</span> <span class='ocrx_word' id='word_1_521' title='bbox 3284 2005 3368 2051; x_wconf 72' lang='grc' dir='ltr'>καὶ</span> <span class='ocrx_word' id='word_1_522' title='bbox 3422 1999 3763 2072; x_wconf 76' lang='grc' dir='ltr'>βαπτίζοντες</span> <span class='ocrx_word' id='word_1_523' title='bbox 3803 2000 3884 2051; x_wconf 67' lang='grc' dir='ltr'>οὐκ</span> 
     </span>
    </p>
   </div>
   <div class='ocr_carea' id='block_1_79' title="bbox 2300 2087 3883 2161">
    <p class='ocr_par' dir='ltr' id='par_1_79' title="bbox 2300 2087 3883 2161">
     <span class='ocr_line' id='line_1_79' title="bbox 2300 2087 3883 2161; baseline -0.001 -21"><span class='ocrx_word' id='word_1_524' title='bbox 2300 2088 2367 2148; x_wconf 81' lang='grc' dir='ltr'>εἰς</span> <span class='ocrx_word' id='word_1_525' title='bbox 2416 2092 2637 2161; x_wconf 81' lang='grc' dir='ltr'>Πατέρα,</span> <span class='ocrx_word' id='word_1_526' title='bbox 2690 2093 2779 2139; x_wconf 84' lang='grc' dir='ltr'>καὶ</span> <span class='ocrx_word' id='word_1_527' title='bbox 2828 2092 2964 2152; x_wconf 80' lang='grc' dir='ltr'>Υὶόν,</span> <span class='ocrx_word' id='word_1_528' title='bbox 3011 2094 3099 2140; x_wconf 86' lang='grc' dir='ltr'>καὶ</span> <span class='ocrx_word' id='word_1_529' title='bbox 3150 2096 3358 2160; x_wconf 81' lang='grc' dir='ltr'>Πνεῦμα</span> <span class='ocrx_word' id='word_1_530' title='bbox 3405 2089 3557 2159; x_wconf 82' lang='grc' dir='ltr'>ἅγιον</span> <span class='ocrx_word' id='word_1_531' title='bbox 3603 2087 3883 2153; x_wconf 71' lang='grc' dir='ltr'>ἐϐάπτιζον,</span> 
     </span>
    </p>
   </div>
   <div class='ocr_carea' id='block_1_80' title="bbox 2302 2175 3886 2249">
    <p class='ocr_par' dir='ltr' id='par_1_80' title="bbox 2302 2175 3886 2249">
     <span class='ocr_line' id='line_1_80' title="bbox 2302 2175 3886 2249; baseline 0.002 -22"><span class='ocrx_word' id='word_1_532' title='bbox 2302 2176 2428 2228; x_wconf 81' lang='grc' dir='ltr'>ἀλλὰ</span> <span class='ocrx_word' id='word_1_533' title='bbox 2480 2180 2565 2227; x_wconf 85' lang='grc' dir='ltr'>τόν</span> <span class='ocrx_word' id='word_1_534' title='bbox 2622 2179 2809 2249; x_wconf 78' lang='grc' dir='ltr'>Κύριον</span> <span class='ocrx_word' id='word_1_535' title='bbox 2857 2177 3061 2233; x_wconf 87' lang='grc' dir='ltr'>Ἰησοῦν</span> <span class='ocrx_word' id='word_1_536' title='bbox 3111 2176 3525 2249; x_wconf 79' lang='grc' dir='ltr'>ἐπικαλούμενοι,</span> <span class='ocrx_word' id='word_1_537' title='bbox 3583 2187 3654 2247; x_wconf 82' lang='grc' dir='ltr'>τῷ</span> <span class='ocrx_word' id='word_1_538' title='bbox 3705 2175 3886 2247; x_wconf 81' lang='grc' dir='ltr'>λουτρῷ</span> 
     </span>
    </p>
   </div>
   <div class='ocr_carea' id='block_1_81' title="bbox 2303 2266 3888 2338">
    <p class='ocr_par' dir='ltr' id='par_1_81' title="bbox 2303 2266 3888 2338">
     <span class='ocr_line' id='line_1_81' title="bbox 2303 2266 3888 2338; baseline 0 -22"><span class='ocrx_word' id='word_1_539' title='bbox 2303 2272 2391 2325; x_wconf 81' lang='grc' dir='ltr'>τὴς</span> <span class='ocrx_word' id='word_1_540' title='bbox 2420 2266 2814 2335; x_wconf 84' lang='grc' dir='ltr'>παλιγγενεσίας</span> <span class='ocrx_word' id='word_1_541' title='bbox 2856 2274 2956 2316; x_wconf 82' lang='grc' dir='ltr'>τῶν</span> <span class='ocrx_word' id='word_1_542' title='bbox 3007 2266 3353 2337; x_wconf 76' lang='grc' dir='ltr'>μολυσμάτων</span> <span class='ocrx_word' id='word_1_543' title='bbox 3407 2271 3529 2327; x_wconf 76' lang='grc' dir='ltr'>τοὺς</span> <span class='ocrx_word' id='word_1_544' title='bbox 3576 2266 3888 2338; x_wconf 63' lang='grc' dir='ltr'>λελουμένους</span> 
     </span>
    </p>
   </div>
   <div class='ocr_carea' id='block_1_82' title="bbox 2304 2353 3888 2429">
    <p class='ocr_par' dir='ltr' id='par_1_82' title="bbox 2304 2353 3888 2429">
     <span class='ocr_line' id='line_1_82' title="bbox 2304 2353 3888 2429; baseline 0 -23"><span class='ocrx_word' id='word_1_545' title='bbox 2304 2355 2610 2429; x_wconf 73' lang='grc' dir='ltr'>ἐκάθαιρον·</span> <span class='ocrx_word' id='word_1_546' title='bbox 2694 2358 3069 2428; x_wconf 84' lang='grc' dir='ltr'>ἱερουργοῦντες</span> <span class='ocrx_word' id='word_1_547' title='bbox 3143 2360 3232 2427; x_wconf 86' lang='grc' dir='ltr'>μεν</span> <span class='ocrx_word' id='word_1_548' title='bbox 3288 2364 3350 2427; x_wconf 73' lang='grc' dir='ltr'>τῇ</span> <span class='ocrx_word' id='word_1_549' title='bbox 3423 2365 3515 2407; x_wconf 86' lang='grc' dir='ltr'>τοῦ</span> <span class='ocrx_word' id='word_1_550' title='bbox 3574 2353 3888 2409; x_wconf 81' lang='grc' dir='ltr'>Διδασκάλου</span> 
     </span>
    </p>
   </div>
   <div class='ocr_carea' id='block_1_83' title="bbox 2303 2442 3890 2516">
    <p class='ocr_par' dir='ltr' id='par_1_83' title="bbox 2303 2442 3890 2516">
     <span class='ocr_line' id='line_1_83' title="bbox 2303 2442 3890 2516; baseline 0 -21"><span class='ocrx_word' id='word_1_551' title='bbox 2303 2446 2486 2501; x_wconf 73' lang='grc' dir='ltr'>κλήσει</span> <span class='ocrx_word' id='word_1_552' title='bbox 2510 2450 2599 2495; x_wconf 87' lang='grc' dir='ltr'>καὶ</span> <span class='ocrx_word' id='word_1_553' title='bbox 2642 2445 2898 2515; x_wconf 80' lang='grc' dir='ltr'>ὀνομασίᾳ</span> <span class='ocrx_word' id='word_1_554' title='bbox 2928 2449 2985 2496; x_wconf 81' lang='grc' dir='ltr'>τό</span> <span class='ocrx_word' id='word_1_555' title='bbox 3037 2442 3201 2516; x_wconf 78' lang='grc' dir='ltr'>δῶρον</span> <span class='ocrx_word' id='word_1_556' title='bbox 3223 2464 3233 2473; x_wconf 92' lang='grc'><strong>·</strong></span> <span class='ocrx_word' id='word_1_557' title='bbox 3285 2442 3357 2497; x_wconf 83' lang='grc' dir='ltr'>δι’</span> <span class='ocrx_word' id='word_1_558' title='bbox 3391 2446 3555 2497; x_wconf 73' lang='grc' dir='ltr'>αὐτοῦ</span> <span class='ocrx_word' id='word_1_559' title='bbox 3608 2442 3665 2498; x_wconf 74' lang='grc' dir='ltr'>δὲ</span> <span class='ocrx_word' id='word_1_560' title='bbox 3695 2446 3760 2506; x_wconf 84' lang='grc' dir='ltr'>εἰς</span> <span class='ocrx_word' id='word_1_561' title='bbox 3791 2448 3890 2496; x_wconf 78' lang='grc' dir='ltr'>υἱο-</span> 
     </span>
    </p>
   </div>
   <div class='ocr_carea' id='block_1_84' title="bbox 2308 2531 3892 2607">
    <p class='ocr_par' dir='ltr' id='par_1_84' title="bbox 2308 2531 3892 2607">
     <span class='ocr_line' id='line_1_84' title="bbox 2308 2531 3892 2607; baseline -0.001 -21"><span class='ocrx_word' id='word_1_562' title='bbox 2308 2536 2477 2586; x_wconf 82' lang='grc' dir='ltr'>θεσίαν</span> <span class='ocrx_word' id='word_1_563' title='bbox 2536 2538 2650 2593; x_wconf 78' lang='grc' dir='ltr'>τοὺς</span> <span class='ocrx_word' id='word_1_564' title='bbox 2705 2533 3040 2605; x_wconf 79' lang='grc' dir='ltr'>ἀξιουμένους</span> <span class='ocrx_word' id='word_1_565' title='bbox 3098 2543 3189 2595; x_wconf 82' lang='grc' dir='ltr'>τῆς</span> <span class='ocrx_word' id='word_1_566' title='bbox 3258 2536 3571 2607; x_wconf 77' lang='grc' dir='ltr'>καθάρσεως</span> <span class='ocrx_word' id='word_1_567' title='bbox 3623 2531 3892 2586; x_wconf 73' lang='grc' dir='ltr'>διδάσκον-</span> 
     </span>
    </p>
   </div>
   <div class='ocr_carea' id='block_1_85' title="bbox 2303 2620 3890 2696">
    <p class='ocr_par' dir='ltr' id='par_1_85' title="bbox 2303 2620 3890 2696">
     <span class='ocr_line' id='line_1_85' title="bbox 2303 2620 3890 2696; baseline -0.001 -22"><span class='ocrx_word' id='word_1_568' title='bbox 2303 2643 2383 2683; x_wconf 86' lang='grc' dir='ltr'>τες</span> <span class='ocrx_word' id='word_1_569' title='bbox 2430 2623 2803 2693; x_wconf 81' lang='grc' dir='ltr'>καταλέγεσθαι</span> <span class='ocrx_word' id='word_1_570' title='bbox 2828 2641 2840 2652; x_wconf 81' lang='lat'><strong>&#39;</strong></span> <span class='ocrx_word' id='word_1_571' title='bbox 2879 2626 3019 2683; x_wconf 80' lang='grc' dir='ltr'>υἱούς</span> <span class='ocrx_word' id='word_1_572' title='bbox 3069 2620 3127 2675; x_wconf 76' lang='grc' dir='ltr'>δὲ</span> <span class='ocrx_word' id='word_1_573' title='bbox 3160 2631 3294 2676; x_wconf 85' lang='grc' dir='ltr'>Θεοῦ</span> <span class='ocrx_word' id='word_1_574' title='bbox 3347 2626 3484 2676; x_wconf 86' lang='grc' dir='ltr'>κατὰ</span> <span class='ocrx_word' id='word_1_575' title='bbox 3534 2626 3693 2696; x_wconf 79' lang='grc' dir='ltr'>χάριν</span> <span class='ocrx_word' id='word_1_576' title='bbox 3722 2623 3890 2675; x_wconf 84' lang='grc' dir='ltr'>ἐκεῖνον</span> 
     </span>
    </p>
   </div>
   <div class='ocr_carea' id='block_1_86' title="bbox 2304 2708 3887 2784">
    <p class='ocr_par' dir='ltr' id='par_1_86' title="bbox 2304 2708 3887 2784">
     <span class='ocr_line' id='line_1_86' title="bbox 2304 2708 3887 2784; baseline -0.001 -21"><span class='ocrx_word' id='word_1_577' title='bbox 2304 2718 2455 2784; x_wconf 88' lang='grc' dir='ltr'>μόνον</span> <span class='ocrx_word' id='word_1_578' title='bbox 2489 2708 2749 2763; x_wconf 86' lang='grc' dir='ltr'>δύνασθαι</span> <span class='ocrx_word' id='word_1_579' title='bbox 2791 2720 2951 2763; x_wconf 84' lang='grc' dir='ltr'>ποιεῖν</span> <span class='ocrx_word' id='word_1_580' title='bbox 3086 2716 3217 2764; x_wconf 78' lang='grc' dir='ltr'>κατὰ</span> <span class='ocrx_word' id='word_1_581' title='bbox 3276 2715 3432 2783; x_wconf 76' lang='grc' dir='ltr'>φύσιν</span> <span class='ocrx_word' id='word_1_582' title='bbox 3493 2733 3546 2765; x_wconf 87' lang='grc' dir='ltr'>τε</span> <span class='ocrx_word' id='word_1_583' title='bbox 3598 2719 3685 2765; x_wconf 80' lang='grc' dir='ltr'>καὶ</span> <span class='ocrx_word' id='word_1_584' title='bbox 3716 2712 3764 2774; x_wconf 73' lang='grc' dir='ltr'>ἐξ</span> <span class='ocrx_word' id='word_1_585' title='bbox 3817 2712 3887 2762; x_wconf 74' lang='grc' dir='ltr'>ἀί-</span> 
     </span>
    </p>
   </div>
   <div class='ocr_carea' id='block_1_87' title="bbox 2306 2799 3889 2874">
    <p class='ocr_par' dir='ltr' id='par_1_87' title="bbox 2306 2799 3889 2874">
     <span class='ocr_line' id='line_1_87' title="bbox 2306 2799 3889 2874; baseline -0.002 -21"><span class='ocrx_word' id='word_1_586' title='bbox 2306 2799 2423 2853; x_wconf 87' lang='grc' dir='ltr'>δίου</span> <span class='ocrx_word' id='word_1_587' title='bbox 2457 2806 2513 2853; x_wconf 88' lang='grc' dir='ltr'>τό</span> <span class='ocrx_word' id='word_1_588' title='bbox 2544 2811 2637 2862; x_wconf 76' lang='grc' dir='ltr'>τῆς</span> <span class='ocrx_word' id='word_1_589' title='bbox 2691 2804 2928 2862; x_wconf 82' lang='grc' dir='ltr'>υἰὸτητος</span> <span class='ocrx_word' id='word_1_590' title='bbox 2984 2807 3073 2853; x_wconf 84' lang='grc' dir='ltr'>καὶ</span> <span class='ocrx_word' id='word_1_591' title='bbox 3122 2803 3365 2863; x_wconf 84' lang='grc' dir='ltr'>θεότητος</span> <span class='ocrx_word' id='word_1_592' title='bbox 3418 2801 3706 2874; x_wconf 74' lang='grc' dir='ltr'>ἐνυπῆρχεν</span> <span class='ocrx_word' id='word_1_593' title='bbox 3755 2802 3889 2863; x_wconf 74' lang='grc' dir='ltr'>αξίωο</span> 
     </span>
    </p>
   </div>
   <div class='ocr_carea' id='block_1_88' title="bbox 2304 2888 3888 2963">
    <p class='ocr_par' dir='ltr' id='par_1_88' title="bbox 2304 2888 3888 2963">
     <span class='ocr_line' id='line_1_88' title="bbox 2304 2888 3888 2963; baseline -0.002 -22"><span class='ocrx_word' id='word_1_594' title='bbox 2304 2910 2405 2963; x_wconf 87' lang='grc' dir='ltr'>μα·</span> <span class='ocrx_word' id='word_1_595' title='bbox 2439 2888 2512 2943; x_wconf 84' lang='grc' dir='ltr'>δι’</span> <span class='ocrx_word' id='word_1_596' title='bbox 2543 2892 2603 2941; x_wconf 77' lang='grc' dir='ltr'>οὗ</span> <span class='ocrx_word' id='word_1_597' title='bbox 2648 2896 2734 2940; x_wconf 84' lang='grc' dir='ltr'>καὶ</span> <span class='ocrx_word' id='word_1_598' title='bbox 2762 2894 2817 2941; x_wconf 88' lang='grc' dir='ltr'>τό</span> <span class='ocrx_word' id='word_1_599' title='bbox 2850 2892 3082 2960; x_wconf 71' lang='grc' dir='ltr'>ὁμογενὲς</span> <span class='ocrx_word' id='word_1_600' title='bbox 3147 2895 3314 2962; x_wconf 84' lang='grc' dir='ltr'>Πατρὶ</span> <span class='ocrx_word' id='word_1_601' title='bbox 3369 2896 3461 2942; x_wconf 84' lang='grc' dir='ltr'>καὶ</span> <span class='ocrx_word' id='word_1_602' title='bbox 3512 2894 3615 2959; x_wconf 79' lang='grc' dir='ltr'>Υἰῷ</span> <span class='ocrx_word' id='word_1_603' title='bbox 3646 2896 3727 2941; x_wconf 71' lang='grc' dir='ltr'>καὶ</span> <span class='ocrx_word' id='word_1_604' title='bbox 3770 2890 3888 2959; x_wconf 78' lang='grc' dir='ltr'>ἁγίῳ</span> 
     </span>
    </p>
   </div>
   <div class='ocr_carea' id='block_1_89' title="bbox 2306 2983 3887 3051">
    <p class='ocr_par' dir='ltr' id='par_1_89' title="bbox 2306 2983 3887 3051">
     <span class='ocr_line' id='line_1_89' title="bbox 2306 2983 3887 3051; baseline -0.002 -19"><span class='ocrx_word' id='word_1_605' title='bbox 2306 2983 2562 3051; x_wconf 82' lang='grc' dir='ltr'>[Ινεύματι</span> <span class='ocrx_word' id='word_1_606' title='bbox 2621 2983 2984 3051; x_wconf 88' lang='grc' dir='ltr'>συνθεωρεῖται</span> <span class='ocrx_word' id='word_1_607' title='bbox 3036 2985 3124 3030; x_wconf 80' lang='grc' dir='ltr'>καὶ</span> <span class='ocrx_word' id='word_1_608' title='bbox 3178 2985 3630 3050; x_wconf 75' lang='grc' dir='ltr'>συναναφαίνεται.</span> <span class='ocrx_word' id='word_1_609' title='bbox 3682 2983 3741 3031; x_wconf 83' lang='grc' dir='ltr'><strong>Οἱ</strong></span> <span class='ocrx_word' id='word_1_610' title='bbox 3795 2985 3887 3031; x_wconf 42' lang='grc' dir='ltr'>τοί.</span> 
     </span>
    </p>
   </div>
   <div class='ocr_carea' id='block_1_90' title="bbox 2303 3065 3886 3131">
    <p class='ocr_par' dir='ltr' id='par_1_90' title="bbox 2303 3065 3886 3131">
     <span class='ocr_line' id='line_1_90' title="bbox 2303 3065 3886 3131; baseline -0.002 -12"><span class='ocrx_word' id='word_1_611' title='bbox 2303 3091 2390 3119; x_wconf 89' lang='grc' dir='ltr'>νυν</span> <span class='ocrx_word' id='word_1_612' title='bbox 2430 3074 2522 3126; x_wconf 76' lang='grc' dir='ltr'>τὴν</span> <span class='ocrx_word' id='word_1_613' title='bbox 2562 3071 2825 3120; x_wconf 82' lang='grc' dir='ltr'>υιοθεσίαν</span> <span class='ocrx_word' id='word_1_614' title='bbox 2867 3065 2960 3119; x_wconf 71' lang='grc' dir='ltr'>διὰ</span> <span class='ocrx_word' id='word_1_615' title='bbox 3008 3076 3095 3119; x_wconf 90' lang='grc' dir='ltr'>τοῦ</span> <span class='ocrx_word' id='word_1_616' title='bbox 3148 3070 3288 3131; x_wconf 75' lang='grc' dir='ltr'>Υὶον,</span> <span class='ocrx_word' id='word_1_617' title='bbox 3340 3073 3709 3129; x_wconf 81' lang='grc' dir='ltr'>πιστεύσαντες</span> <span class='ocrx_word' id='word_1_618' title='bbox 3753 3065 3886 3129; x_wconf 76' lang='grc' dir='ltr'>δέξα-</span> 
     </span>
    </p>
   </div>
   <div class='ocr_carea' id='block_1_91' title="bbox 2306 3153 3886 3230">
    <p class='ocr_par' dir='ltr' id='par_1_91' title="bbox 2306 3153 3886 3230">
     <span class='ocr_line' id='line_1_91' title="bbox 2306 3153 3886 3230; baseline -0.002 -21"><span class='ocrx_word' id='word_1_619' title='bbox 2306 3160 2450 3221; x_wconf 84' lang='grc' dir='ltr'>σθαι,</span> <span class='ocrx_word' id='word_1_620' title='bbox 2484 3154 2597 3209; x_wconf 66' lang='grc' dir='ltr'>οὐδ’</span> <span class='ocrx_word' id='word_1_621' title='bbox 2623 3160 2703 3208; x_wconf 87' lang='grc' dir='ltr'>ὁτι</span> <span class='ocrx_word' id='word_1_622' title='bbox 2733 3162 2862 3219; x_wconf 86' lang='grc' dir='ltr'>Θεός</span> <span class='ocrx_word' id='word_1_623' title='bbox 2893 3156 3033 3209; x_wconf 84' lang='grc' dir='ltr'>ἐστιν</span> <span class='ocrx_word' id='word_1_624' title='bbox 3059 3160 3083 3208; x_wconf 87' lang='grc' dir='ltr'>ὁ</span> <span class='ocrx_word' id='word_1_625' title='bbox 3106 3160 3300 3213; x_wconf 83' lang='grc' dir='ltr'>ταύτην</span> <span class='ocrx_word' id='word_1_626' title='bbox 3332 3153 3657 3228; x_wconf 77' lang='grc' dir='ltr'>δωρούμενος</span> <span class='ocrx_word' id='word_1_627' title='bbox 3690 3153 3886 3230; x_wconf 79' lang='grc' dir='ltr'>βραδεῖς</span> 
     </span>
    </p>
   </div>
   <div class='ocr_carea' id='block_1_92' title="bbox 2306 3243 3885 3318">
    <p class='ocr_par' dir='ltr' id='par_1_92' title="bbox 2306 3243 3885 3318">
     <span class='ocr_line' id='line_1_92' title="bbox 2306 3243 3885 3318; baseline -0.001 -21"><span class='ocrx_word' id='word_1_628' title='bbox 2306 3245 2364 3297; x_wconf 82' lang='grc' dir='ltr'>ἀν</span> <span class='ocrx_word' id='word_1_629' title='bbox 2423 3246 2616 3317; x_wconf 71' lang='grc' dir='ltr'>ὀφθεῖεν</span> <span class='ocrx_word' id='word_1_630' title='bbox 2667 3248 3159 3316; x_wconf 77' lang='grc' dir='ltr'>συγκατατίθεσθαι.</span> <span class='ocrx_word' id='word_1_631' title='bbox 3222 3247 3373 3299; x_wconf 71' lang='grc' dir='ltr'>Οὕτω</span> <span class='ocrx_word' id='word_1_632' title='bbox 3441 3249 3532 3318; x_wconf 76' lang='grc' dir='ltr'>μεν</span> <span class='ocrx_word' id='word_1_633' title='bbox 3585 3243 3670 3298; x_wconf 76' lang='grc' dir='ltr'>οὖν</span> <span class='ocrx_word' id='word_1_634' title='bbox 3718 3244 3885 3303; x_wconf 78' lang='grc' dir='ltr'>ἐπῆλθέ</span> 
     </span>
    </p>
   </div>
   <div class='ocr_carea' id='block_1_93' title="bbox 2304 3334 3129 3409">
    <p class='ocr_par' dir='ltr' id='par_1_93' title="bbox 2304 3334 3129 3409">
     <span class='ocr_line' id='line_1_93' title="bbox 2304 3334 3129 3409; baseline -0.002 -22"><span class='ocrx_word' id='word_1_635' title='bbox 2304 3355 2417 3387; x_wconf 86' lang='grc' dir='ltr'>τισι</span> <span class='ocrx_word' id='word_1_636' title='bbox 2441 3341 2533 3393; x_wconf 78' lang='grc' dir='ltr'>τὴν</span> <span class='ocrx_word' id='word_1_637' title='bbox 2561 3334 2781 3409; x_wconf 79' lang='grc' dir='ltr'>ἀπορίαν</span> <span class='ocrx_word' id='word_1_638' title='bbox 2809 3335 3129 3387; x_wconf 79' lang='grc' dir='ltr'>ἐπιλύεσθαι.</span> 
     </span>
    </p>
   </div>
   <div class='ocr_carea' id='block_1_94' title="bbox 2377 3600 3883 3677">
    <p class='ocr_par' dir='ltr' id='par_1_94' title="bbox 2377 3600 3883 3677">
     <span class='ocr_line' id='line_1_94' title="bbox 2377 3600 3883 3677; baseline -0.005 -21"><span class='ocrx_word' id='word_1_639' title='bbox 2377 3602 2431 3674; x_wconf 87' lang='grc' dir='ltr'>β.</span> <span class='ocrx_word' id='word_1_640' title='bbox 2474 3604 2598 3674; x_wconf 78' lang='grc' dir='ltr'>Ἐγὼ</span> <span class='ocrx_word' id='word_1_641' title='bbox 2638 3600 2697 3655; x_wconf 78' lang='grc' dir='ltr'>δε</span> <span class='ocrx_word' id='word_1_642' title='bbox 2754 3602 2845 3654; x_wconf 70' lang='grc' dir='ltr'>οῦκ</span> <span class='ocrx_word' id='word_1_643' title='bbox 2890 3605 2997 3673; x_wconf 77' lang='grc' dir='ltr'>εἰμὶ</span> <span class='ocrx_word' id='word_1_644' title='bbox 3051 3600 3270 3662; x_wconf 87' lang='grc' dir='ltr'>δυνατός</span> <span class='ocrx_word' id='word_1_645' title='bbox 3324 3609 3547 3677; x_wconf 66' lang='grc' dir='ltr'>ωνορᾲν</span> <span class='ocrx_word' id='word_1_646' title='bbox 3578 3611 3683 3663; x_wconf 81' lang='grc' dir='ltr'>πῶς</span> <span class='ocrx_word' id='word_1_647' title='bbox 3715 3602 3771 3651; x_wconf 85' lang='grc' dir='ltr'>οἶν</span> <span class='ocrx_word' id='word_1_648' title='bbox 3816 3619 3883 3658; x_wconf 83' lang='grc' dir='ltr'>τις</span> 
     </span>
    </p>
   </div>
   <div class='ocr_carea' id='block_1_95' title="bbox 2303 3684 3883 3765">
    <p class='ocr_par' dir='ltr' id='par_1_95' title="bbox 2303 3684 3883 3765">
     <span class='ocr_line' id='line_1_95' title="bbox 2303 3684 3883 3765; baseline -0.003 -23"><span class='ocrx_word' id='word_1_649' title='bbox 2303 3691 2494 3763; x_wconf 75' lang='grc' dir='ltr'>μᾶλλον</span> <span class='ocrx_word' id='word_1_650' title='bbox 2541 3689 2615 3743; x_wconf 82' lang='grc' dir='ltr'>δι’</span> <span class='ocrx_word' id='word_1_651' title='bbox 2649 3692 2828 3765; x_wconf 78' lang='grc' dir='ltr'>ἐτέρων</span> <span class='ocrx_word' id='word_1_652' title='bbox 2880 3696 2907 3749; x_wconf 81' lang='grc' dir='ltr'>ἦ</span> <span class='ocrx_word' id='word_1_653' title='bbox 2944 3688 3035 3742; x_wconf 78' lang='grc' dir='ltr'>δια</span> <span class='ocrx_word' id='word_1_654' title='bbox 3067 3694 3254 3743; x_wconf 75' lang='grc' dir='ltr'>τούτων</span> <span class='ocrx_word' id='word_1_655' title='bbox 3298 3690 3412 3743; x_wconf 80' lang='grc' dir='ltr'>ἀντὶ</span> <span class='ocrx_word' id='word_1_656' title='bbox 3474 3699 3566 3743; x_wconf 90' lang='grc' dir='ltr'>τοῦ</span> <span class='ocrx_word' id='word_1_657' title='bbox 3620 3691 3766 3752; x_wconf 83' lang='grc' dir='ltr'>λύειν,</span> <span class='ocrx_word' id='word_1_658' title='bbox 3813 3684 3883 3739; x_wconf 81' lang='grc' dir='ltr'>δε-</span> 
     </span>
    </p>
   </div>
   <div class='ocr_carea' id='block_1_96' title="bbox 2305 3779 3880 3854">
    <p class='ocr_par' dir='ltr' id='par_1_96' title="bbox 2305 3779 3880 3854">
     <span class='ocr_line' id='line_1_96' title="bbox 2305 3779 3880 3854; baseline -0.004 -21"><span class='ocrx_word' id='word_1_659' title='bbox 2305 3785 2433 3852; x_wconf 81' lang='grc' dir='ltr'>σμόν</span> <span class='ocrx_word' id='word_1_660' title='bbox 2470 3779 2755 3832; x_wconf 76' lang='grc' dir='ltr'>ἐπιϐάλλειν</span> <span class='ocrx_word' id='word_1_661' title='bbox 2785 3782 3075 3851; x_wconf 80' lang='grc' dir='ltr'>πειραθείη,</span> <span class='ocrx_word' id='word_1_662' title='bbox 3123 3779 3217 3832; x_wconf 84' lang='grc' dir='ltr'>ούκ</span> <span class='ocrx_word' id='word_1_663' title='bbox 3248 3779 3613 3854; x_wconf 79' lang='grc' dir='ltr'>ἀσθενέστερον</span> <span class='ocrx_word' id='word_1_664' title='bbox 3650 3787 3736 3830; x_wconf 87' lang='grc' dir='ltr'>τοῦ</span> <span class='ocrx_word' id='word_1_665' title='bbox 3766 3795 3880 3847; x_wconf 87' lang='grc' dir='ltr'>προ-</span> 
     </span>
    </p>
   </div>
   <div class='ocr_carea' id='block_1_97' title="bbox 2302 3868 3880 3943">
    <p class='ocr_par' dir='ltr' id='par_1_97' title="bbox 2302 3868 3880 3943">
     <span class='ocr_line' id='line_1_97' title="bbox 2302 3868 3880 3943; baseline -0.005 -21"><span class='ocrx_word' id='word_1_666' title='bbox 2302 3875 2449 3943; x_wconf 86' lang='grc' dir='ltr'>τέρου</span> <span class='ocrx_word' id='word_1_667' title='bbox 2511 3869 2818 3940; x_wconf 86' lang='grc' dir='ltr'>συμπλέκειν</span> <span class='ocrx_word' id='word_1_668' title='bbox 2860 3873 2915 3920; x_wconf 82' lang='grc' dir='ltr'>τὸ</span> <span class='ocrx_word' id='word_1_669' title='bbox 2973 3872 3166 3942; x_wconf 77' lang='grc' dir='ltr'>ἄπορον</span> <span class='ocrx_word' id='word_1_670' title='bbox 3226 3869 3362 3941; x_wconf 84' lang='grc'>(39),</span> <span class='ocrx_word' id='word_1_671' title='bbox 3446 3873 3743 3923; x_wconf 73' lang='grc' dir='ltr'>κατασκευὴ</span> <span class='ocrx_word' id='word_1_672' title='bbox 3794 3868 3880 3935; x_wconf 75' lang='grc' dir='ltr'>γὰρ</span> 
     </span>
    </p>
   </div>
   <div class='ocr_carea' id='block_1_98' title="bbox 2302 3951 3878 4030">
    <p class='ocr_par' dir='ltr' id='par_1_98' title="bbox 2302 3951 3878 4030">
     <span class='ocr_line' id='line_1_98' title="bbox 2302 3951 3878 4030; baseline -0.004 -21"><span class='ocrx_word' id='word_1_673' title='bbox 2302 3959 2489 4030; x_wconf 73' lang='grc' dir='ltr'>μᾶλλον</span> <span class='ocrx_word' id='word_1_674' title='bbox 2522 3958 2581 4009; x_wconf 79' lang='grc' dir='ltr'>ἂν</span> <span class='ocrx_word' id='word_1_675' title='bbox 2613 3961 2686 4014; x_wconf 81' lang='grc' dir='ltr'>εἴη</span> <span class='ocrx_word' id='word_1_676' title='bbox 2718 3966 2868 4010; x_wconf 74' lang='grc' dir='ltr'>τοῦτο</span> <span class='ocrx_word' id='word_1_677' title='bbox 2916 3964 3005 4009; x_wconf 86' lang='grc' dir='ltr'>καὶ</span> <span class='ocrx_word' id='word_1_678' title='bbox 3036 3959 3179 4009; x_wconf 77' lang='grc' dir='ltr'>αἰτία</span> <span class='ocrx_word' id='word_1_679' title='bbox 3209 3967 3301 4019; x_wconf 81' lang='grc' dir='ltr'>τῆς</span> <span class='ocrx_word' id='word_1_680' title='bbox 3344 3966 3446 4009; x_wconf 83' lang='grc' dir='ltr'>τῶν</span> <span class='ocrx_word' id='word_1_681' title='bbox 3494 3960 3737 4029; x_wconf 81' lang='grc' dir='ltr'>μαθητῶν</span> <span class='ocrx_word' id='word_1_682' title='bbox 3766 3951 3878 4005; x_wconf 85' lang='grc' dir='ltr'>δια-</span> 
     </span>
    </p>
   </div>
   <div class='ocr_carea' id='block_1_99' title="bbox 2302 4038 3877 4119">
    <p class='ocr_par' dir='ltr' id='par_1_99' title="bbox 2302 4038 3877 4119">
     <span class='ocr_line' id='line_1_99' title="bbox 2302 4038 3877 4119; baseline -0.004 -22"><span class='ocrx_word' id='word_1_683' title='bbox 2302 4053 2493 4119; x_wconf 67' lang='grc' dir='ltr'>φοινίας</span> <span class='ocrx_word' id='word_1_684' title='bbox 2524 4050 2645 4117; x_wconf 84' lang='grc' dir='ltr'>πρὸς</span> <span class='ocrx_word' id='word_1_685' title='bbox 2694 4050 2779 4098; x_wconf 85' lang='grc' dir='ltr'>τόν</span> <span class='ocrx_word' id='word_1_686' title='bbox 2817 4043 3161 4101; x_wconf 78' lang='grc' dir='ltr'>διδάσκαλον.</span> <span class='ocrx_word' id='word_1_687' title='bbox 3196 4046 3250 4098; x_wconf 76' lang='grc' dir='ltr'>Ἡ</span> <span class='ocrx_word' id='word_1_688' title='bbox 3304 4049 3407 4117; x_wconf 81' lang='grc' dir='ltr'>γὰρ</span> <span class='ocrx_word' id='word_1_689' title='bbox 3437 4047 3582 4098; x_wconf 74' lang='grc' dir='ltr'>αἰτία</span> <span class='ocrx_word' id='word_1_690' title='bbox 3631 4052 3717 4096; x_wconf 83' lang='grc' dir='ltr'>τοῦ</span> <span class='ocrx_word' id='word_1_691' title='bbox 3771 4038 3877 4093; x_wconf 83' lang='grc' dir='ltr'>δια-</span> 
     </span>
    </p>
   </div>
   <div class='ocr_carea' id='block_1_100' title="bbox 2303 4132 3880 4207">
    <p class='ocr_par' dir='ltr' id='par_1_100' title="bbox 2303 4132 3880 4207">
     <span class='ocr_line' id='line_1_100' title="bbox 2303 4132 3880 4207; baseline -0.005 -20"><span class='ocrx_word' id='word_1_692' title='bbox 2303 4144 2498 4207; x_wconf 77' lang='grc' dir='ltr'>φωνεῖν,</span> <span class='ocrx_word' id='word_1_693' title='bbox 2560 4137 2617 4187; x_wconf 67' lang='grc' dir='ltr'>ού</span> <span class='ocrx_word' id='word_1_694' title='bbox 2671 4140 2759 4207; x_wconf 79' lang='grc' dir='ltr'>μεν</span> <span class='ocrx_word' id='word_1_695' title='bbox 2796 4132 2881 4186; x_wconf 75' lang='grc' dir='ltr'>οὖν</span> <span class='ocrx_word' id='word_1_696' title='bbox 2932 4136 3025 4187; x_wconf 78' lang='grc' dir='ltr'>ούκ</span> <span class='ocrx_word' id='word_1_697' title='bbox 3060 4138 3172 4187; x_wconf 83' lang='grc' dir='ltr'>ἔστι</span> <span class='ocrx_word' id='word_1_698' title='bbox 3214 4144 3310 4197; x_wconf 83' lang='grc' dir='ltr'>τῆς</span> <span class='ocrx_word' id='word_1_699' title='bbox 3368 4132 3654 4207; x_wconf 74' lang='grc' dir='ltr'>διαφωνίας</span> <span class='ocrx_word' id='word_1_700' title='bbox 3706 4132 3880 4202; x_wconf 80' lang='grc' dir='ltr'>ἀναίρε-</span> 
     </span>
    </p>
   </div>
   <div class='ocr_carea' id='block_1_101' title="bbox 2304 4224 3879 4297">
    <p class='ocr_par' dir='ltr' id='par_1_101' title="bbox 2304 4224 3879 4297">
     <span class='ocr_line' id='line_1_101' title="bbox 2304 4224 3879 4297; baseline -0.005 -21"><span class='ocrx_word' id='word_1_701' title='bbox 2304 4245 2399 4285; x_wconf 88' lang='grc' dir='ltr'>σις,</span> <span class='ocrx_word' id='word_1_702' title='bbox 2438 4224 2564 4276; x_wconf 70' lang='grc' dir='ltr'>ἀλλὰ</span> <span class='ocrx_word' id='word_1_703' title='bbox 2619 4230 2707 4275; x_wconf 80' lang='grc' dir='ltr'>καὶ</span> <span class='ocrx_word' id='word_1_704' title='bbox 2768 4229 2943 4295; x_wconf 89' lang='grc' dir='ltr'>κρίσιν</span> <span class='ocrx_word' id='word_1_705' title='bbox 2978 4227 3137 4297; x_wconf 75' lang='grc' dir='ltr'>ταύτῃ</span> <span class='ocrx_word' id='word_1_706' title='bbox 3199 4228 3495 4288; x_wconf 79' lang='grc' dir='ltr'>συνάπτειν,</span> <span class='ocrx_word' id='word_1_707' title='bbox 3552 4228 3638 4274; x_wconf 85' lang='grc' dir='ltr'>καὶ</span> <span class='ocrx_word' id='word_1_708' title='bbox 3682 4228 3767 4273; x_wconf 88' lang='grc' dir='ltr'>τοῦ</span> <span class='ocrx_word' id='word_1_709' title='bbox 3809 4227 3879 4269; x_wconf 73' lang='lat' dir='ltr'>Aa-</span> 
     </span>
    </p>
   </div>
   <div class='ocr_carea' id='block_1_102' title="bbox 2306 4308 3877 4385">
    <p class='ocr_par' dir='ltr' id='par_1_102' title="bbox 2306 4308 3877 4385">
     <span class='ocr_line' id='line_1_102' title="bbox 2306 4308 3877 4385; baseline -0.005 -20"><span class='ocrx_word' id='word_1_710' title='bbox 2306 4322 2557 4365; x_wconf 82' lang='grc' dir='ltr'>σποτικοῦ</span> <span class='ocrx_word' id='word_1_711' title='bbox 2612 4318 2932 4385; x_wconf 70' lang='grc' dir='ltr'>φρονήματος</span> <span class='ocrx_word' id='word_1_712' title='bbox 2992 4310 3081 4365; x_wconf 74' lang='grc' dir='ltr'>δια</span> <span class='ocrx_word' id='word_1_713' title='bbox 3119 4313 3333 4385; x_wconf 84' lang='grc' dir='ltr'>μελέτης</span> <span class='ocrx_word' id='word_1_714' title='bbox 3386 4318 3444 4364; x_wconf 85' lang='grc' dir='ltr'>τό</span> <span class='ocrx_word' id='word_1_715' title='bbox 3496 4314 3676 4365; x_wconf 82' lang='grc' dir='ltr'>οἰκεῖον</span> <span class='ocrx_word' id='word_1_716' title='bbox 3724 4308 3877 4360; x_wconf 76' lang='grc' dir='ltr'>ἀνθαι-</span> 
     </span>
    </p>
   </div>
   <div class='ocr_carea' id='block_1_103' title="bbox 2302 4395 3880 4476">
    <p class='ocr_par' dir='ltr' id='par_1_103' title="bbox 2302 4395 3880 4476">
     <span class='ocr_line' id='line_1_103' title="bbox 2302 4395 3880 4476; baseline -0.005 -21"><span class='ocrx_word' id='word_1_717' title='bbox 2302 4406 2528 4476; x_wconf 78' lang='grc' dir='ltr'>ρεῖσθαι.</span> <span class='ocrx_word' id='word_1_718' title='bbox 2567 4409 2629 4454; x_wconf 90' lang='grc' dir='ltr'>Τί</span> <span class='ocrx_word' id='word_1_719' title='bbox 2660 4400 2709 4454; x_wconf 81' lang='grc' dir='ltr'>δ’</span> <span class='ocrx_word' id='word_1_720' title='bbox 2759 4402 2817 4453; x_wconf 76' lang='grc' dir='ltr'>ἂν</span> <span class='ocrx_word' id='word_1_721' title='bbox 2850 4407 2938 4453; x_wconf 84' lang='grc' dir='ltr'>καὶ</span> <span class='ocrx_word' id='word_1_722' title='bbox 2970 4404 3135 4475; x_wconf 77' lang='grc' dir='ltr'>ἕτερον</span> <span class='ocrx_word' id='word_1_723' title='bbox 3185 4411 3284 4453; x_wconf 77' lang='grc' dir='ltr'>τῶν</span> <span class='ocrx_word' id='word_1_724' title='bbox 3338 4406 3734 4471; x_wconf 83' lang='grc' dir='ltr'>κατεπειγόντων</span> <span class='ocrx_word' id='word_1_725' title='bbox 3769 4395 3880 4466; x_wconf 77' lang='grc' dir='ltr'>μᾶλ-</span> 
     </span>
    </p>
   </div>
   <div class='ocr_carea' id='block_1_104' title="bbox 2302 4490 3880 4561">
    <p class='ocr_par' dir='ltr' id='par_1_104' title="bbox 2302 4490 3880 4561">
     <span class='ocr_line' id='line_1_104' title="bbox 2302 4490 3880 4561; baseline -0.002 -18"><span class='ocrx_word' id='word_1_726' title='bbox 2302 4492 2385 4543; x_wconf 89' lang='grc' dir='ltr'>λον</span> <span class='ocrx_word' id='word_1_727' title='bbox 2440 4496 2515 4549; x_wconf 83' lang='grc' dir='ltr'>εἵη</span> <span class='ocrx_word' id='word_1_728' title='bbox 2574 4499 2662 4551; x_wconf 81' lang='grc' dir='ltr'>τῆς</span> <span class='ocrx_word' id='word_1_729' title='bbox 2736 4490 3074 4561; x_wconf 78' lang='grc' dir='ltr'>θεολογούσης</span> <span class='ocrx_word' id='word_1_730' title='bbox 3140 4490 3480 4560; x_wconf 72' lang='grc' dir='ltr'>ἐκφαντορίας</span> <span class='ocrx_word' id='word_1_731' title='bbox 3532 4494 3619 4540; x_wconf 83' lang='grc' dir='ltr'>καὶ</span> <span class='ocrx_word' id='word_1_732' title='bbox 3680 4491 3732 4539; x_wconf 82' lang='grc' dir='ltr'>τὸ</span> <span class='ocrx_word' id='word_1_733' title='bbox 3798 4492 3880 4541; x_wconf 75' lang='grc' dir='ltr'>τῆς</span> 
     </span>
    </p>
   </div>
   <div class='ocr_carea' id='block_1_105' title="bbox 2302 4576 3879 4654">
    <p class='ocr_par' dir='ltr' id='par_1_105' title="bbox 2302 4576 3879 4654">
     <span class='ocr_line' id='line_1_105' title="bbox 2302 4576 3879 4654; baseline -0.008 -21"><span class='ocrx_word' id='word_1_734' title='bbox 2302 4577 2524 4654; x_wconf 75' lang='grc' dir='ltr'>Τριάδος</span> <span class='ocrx_word' id='word_1_735' title='bbox 2605 4582 2827 4651; x_wconf 63' lang='grc' dir='ltr'>ὁμοφυες</span> <span class='ocrx_word' id='word_1_736' title='bbox 2900 4585 2987 4631; x_wconf 81' lang='grc' dir='ltr'>καὶ</span> <span class='ocrx_word' id='word_1_737' title='bbox 3072 4576 3401 4651; x_wconf 87' lang='grc' dir='ltr'>ὁμοδύναμον</span> <span class='ocrx_word' id='word_1_738' title='bbox 3476 4578 3879 4646; x_wconf 84' lang='grc' dir='ltr'>συνεπτυγμένοις</span> 
     </span>
    </p>
   </div>
   <div class='ocr_carea' id='block_1_106' title="bbox 2304 4664 3877 4740">
    <p class='ocr_par' dir='ltr' id='par_1_106' title="bbox 2304 4664 3877 4740">
     <span class='ocr_line' id='line_1_106' title="bbox 2304 4664 3877 4740; baseline -0.004 -20"><span class='ocrx_word' id='word_1_739' title='bbox 2304 4668 2766 4730; x_wconf 82' lang='grc' dir='ltr'>ἀνακαλυπτούσης</span> <span class='ocrx_word' id='word_1_740' title='bbox 2820 4668 3075 4740; x_wconf 83' lang='grc' dir='ltr'>ὀνόμασι;</span> <span class='ocrx_word' id='word_1_741' title='bbox 3137 4673 3235 4721; x_wconf 81' lang='grc' dir='ltr'>Καὶ</span> <span class='ocrx_word' id='word_1_742' title='bbox 3285 4673 3397 4721; x_wconf 84' lang='grc' dir='ltr'>τότε</span> <span class='ocrx_word' id='word_1_743' title='bbox 3453 4664 3877 4739; x_wconf 80' lang='grc' dir='ltr'>μυσταγωγουμέ-</span> 
     </span>
    </p>
   </div>
   <div class='ocr_carea' id='block_1_107' title="bbox 2303 4748 3879 4831">
    <p class='ocr_par' dir='ltr' id='par_1_107' title="bbox 2303 4748 3879 4831">
     <span class='ocr_line' id='line_1_107' title="bbox 2303 4748 3879 4831; baseline -0.006 -20"><span class='ocrx_word' id='word_1_744' title='bbox 2303 4780 2409 4820; x_wconf 90' lang='grc' dir='ltr'>νοις</span> <span class='ocrx_word' id='word_1_745' title='bbox 2438 4761 2530 4811; x_wconf 64' lang='grc' dir='ltr'>οὐκ</span> <span class='ocrx_word' id='word_1_746' title='bbox 2563 4758 2609 4810; x_wconf 85' lang='grc' dir='ltr'>ἐν</span> <span class='ocrx_word' id='word_1_747' title='bbox 2659 4758 2825 4831; x_wconf 71' lang='grc' dir='ltr'>ἀρχῇ,</span> <span class='ocrx_word' id='word_1_748' title='bbox 2859 4759 2916 4810; x_wconf 74' lang='grc' dir='ltr'>ού</span> <span class='ocrx_word' id='word_1_749' title='bbox 2948 4768 3048 4809; x_wconf 80' lang='grc' dir='ltr'>τὼν</span> <span class='ocrx_word' id='word_1_750' title='bbox 3080 4760 3326 4830; x_wconf 75' lang='grc' dir='ltr'>μαθητῶν</span> <span class='ocrx_word' id='word_1_751' title='bbox 3381 4757 3428 4809; x_wconf 81' lang='grc' dir='ltr'>ἐν</span> <span class='ocrx_word' id='word_1_752' title='bbox 3478 4766 3548 4825; x_wconf 75' lang='grc' dir='ltr'>τῷ</span> <span class='ocrx_word' id='word_1_753' title='bbox 3596 4754 3752 4805; x_wconf 80' lang='grc' dir='ltr'>ατελεί</span> <span class='ocrx_word' id='word_1_754' title='bbox 3778 4748 3879 4803; x_wconf 78' lang='grc' dir='ltr'>δια·</span> 
     </span>
    </p>
   </div>
   <div class='ocr_carea' id='block_1_108' title="bbox 2302 4845 3879 4918">
    <p class='ocr_par' dir='ltr' id='par_1_108' title="bbox 2302 4845 3879 4918">
     <span class='ocr_line' id='line_1_108' title="bbox 2302 4845 3879 4918; baseline -0.008 -19"><span class='ocrx_word' id='word_1_755' title='bbox 2302 4853 2542 4918; x_wconf 83' lang='grc' dir='ltr'>κειμένων</span> <span class='ocrx_word' id='word_1_756' title='bbox 2585 4851 2675 4912; x_wconf 82' lang='grc' dir='ltr'>ἔτι,</span> <span class='ocrx_word' id='word_1_757' title='bbox 2731 4845 2854 4899; x_wconf 67' lang='grc' dir='ltr'>οὐδὲ</span> <span class='ocrx_word' id='word_1_758' title='bbox 2883 4856 2981 4899; x_wconf 84' lang='grc' dir='ltr'>τῶν</span> <span class='ocrx_word' id='word_1_759' title='bbox 3037 4848 3287 4899; x_wconf 83' lang='grc' dir='ltr'>ἑκουσίων</span> <span class='ocrx_word' id='word_1_760' title='bbox 3344 4852 3432 4898; x_wconf 79' lang='grc' dir='ltr'>καί</span> <span class='ocrx_word' id='word_1_761' title='bbox 3484 4848 3747 4916; x_wconf 59' lang='grc' dir='ltr'>σωτηρίων</span> <span class='ocrx_word' id='word_1_762' title='bbox 3791 4857 3879 4889; x_wconf 83' lang='grc' dir='ltr'>πα-</span> 
     </span>
    </p>
   </div>
   <div class='ocr_carea' id='block_1_109' title="bbox 2306 4933 3877 5009">
    <p class='ocr_par' dir='ltr' id='par_1_109' title="bbox 2306 4933 3877 5009">
     <span class='ocr_line' id='line_1_109' title="bbox 2306 4933 3877 5009; baseline -0.008 -19"><span class='ocrx_word' id='word_1_763' title='bbox 2306 4940 2403 4990; x_wconf 73' lang='grc' dir='ltr'>θὼν</span> <span class='ocrx_word' id='word_1_764' title='bbox 2459 4935 2799 4989; x_wconf 77' lang='grc' dir='ltr'>ἐπιτελεῖσθαι</span> <span class='ocrx_word' id='word_1_765' title='bbox 2875 4937 3175 5009; x_wconf 86' lang='grc' dir='ltr'>μελλόντων,</span> <span class='ocrx_word' id='word_1_766' title='bbox 3248 4941 3335 4988; x_wconf 78' lang='grc' dir='ltr'>καὶ</span> <span class='ocrx_word' id='word_1_767' title='bbox 3395 4933 3768 4993; x_wconf 77' lang='grc' dir='ltr'>συσκιαζεσθαι</span> <span class='ocrx_word' id='word_1_768' title='bbox 3818 4935 3877 4994; x_wconf 79' lang='grc' dir='ltr'>τῷ</span> 
     </span>
    </p>
   </div>
   <div class='ocr_carea' id='block_1_110' title="bbox 2302 5017 3877 5101">
    <p class='ocr_par' dir='ltr' id='par_1_110' title="bbox 2302 5017 3877 5101">
     <span class='ocr_line' id='line_1_110' title="bbox 2302 5017 3877 5101; baseline -0.023 -1"><span class='ocrx_word' id='word_1_769' title='bbox 2302 5036 2466 5101; x_wconf 65' lang='grc' dir='ltr'><strong>καί.οῴ</strong></span> <span class='ocrx_word' id='word_1_770' title='bbox 2496 5036 2587 5088; x_wconf 71' lang='grc' dir='ltr'>τῆς</span> <span class='ocrx_word' id='word_1_771' title='bbox 2626 5026 2884 5099; x_wconf 69' lang='grc' dir='ltr'>ἀκριϐείας</span> <span class='ocrx_word' id='word_1_772' title='bbox 2927 5035 3016 5086; x_wconf 84' lang='grc' dir='ltr'>τῆς</span> <span class='ocrx_word' id='word_1_773' title='bbox 3056 5026 3104 5077; x_wconf 75' lang='grc' dir='ltr'>ἓν</span> <span class='ocrx_word' id='word_1_774' title='bbox 3136 5030 3307 5098; x_wconf 81' lang='grc' dir='ltr'>κρίσει</span> <span class='ocrx_word' id='word_1_775' title='bbox 3339 5021 3688 5080; x_wconf 81' lang='grc' dir='ltr'>διδασκαλίας</span> <span class='ocrx_word' id='word_1_776' title='bbox 3740 5017 3877 5068; x_wconf 83' lang='grc' dir='ltr'>ἆπαι·</span> 
     </span>
    </p>
   </div>
   <div class='ocr_carea' id='block_1_111' title="bbox 2303 5110 3875 5187">
    <p class='ocr_par' dir='ltr' id='par_1_111' title="bbox 2303 5110 3875 5187">
     <span class='ocr_line' id='line_1_111' title="bbox 2303 5110 3875 5187; baseline -0.001 -19"><span class='ocrx_word' id='word_1_777' title='bbox 2303 5124 2539 5178; x_wconf 74' lang='grc' dir='ltr'>τούτης¹</span> <span class='ocrx_word' id='word_1_778' title='bbox 2586 5116 2712 5167; x_wconf 79' lang='grc' dir='ltr'>ἀλλα</span> <span class='ocrx_word' id='word_1_779' title='bbox 2775 5120 2904 5187; x_wconf 80' lang='grc' dir='ltr'>μετὰ</span> <span class='ocrx_word' id='word_1_780' title='bbox 2960 5121 3045 5168; x_wconf 82' lang='grc' dir='ltr'>τὸν</span> <span class='ocrx_word' id='word_1_781' title='bbox 3097 5119 3341 5187; x_wconf 80' lang='grc' dir='ltr'>σταυρόν,</span> <span class='ocrx_word' id='word_1_782' title='bbox 3391 5116 3516 5185; x_wconf 84' lang='grc' dir='ltr'>μετὰ</span> <span class='ocrx_word' id='word_1_783' title='bbox 3568 5116 3657 5167; x_wconf 67' lang='grc' dir='ltr'>τὴν</span> <span class='ocrx_word' id='word_1_784' title='bbox 3708 5110 3875 5175; x_wconf 56' lang='grc' dir='ltr'>ταφήν,</span> 
     </span>
    </p>
   </div>
   <div class='ocr_carea' id='block_1_112' title="bbox 2302 5188 3877 5279">
    <p class='ocr_par' dir='ltr' id='par_1_112' title="bbox 2302 5188 3877 5279">
     <span class='ocr_line' id='line_1_112' title="bbox 2302 5188 3877 5279; baseline -0.009 -21"><span class='ocrx_word' id='word_1_785' title='bbox 2302 5209 2433 5279; x_wconf 88' lang='grc' dir='ltr'>μετά</span> <span class='ocrx_word' id='word_1_786' title='bbox 2458 5210 2514 5258; x_wconf 86' lang='grc' dir='ltr'>τὸ</span> <span class='ocrx_word' id='word_1_787' title='bbox 2573 5205 2915 5258; x_wconf 83' lang='grc' dir='ltr'>σκυλευθοὶναι</span> <span class='ocrx_word' id='word_1_788' title='bbox 2967 5208 3031 5257; x_wconf 79' lang='grc' dir='ltr'>τὰ</span> <span class='ocrx_word' id='word_1_789' title='bbox 3060 5214 3149 5257; x_wconf 82' lang='grc' dir='ltr'>τοῦ</span> <span class='ocrx_word' id='word_1_790' title='bbox 3194 5201 3327 5274; x_wconf 73' lang='grc' dir='ltr'>ᾅδου</span> <span class='ocrx_word' id='word_1_791' title='bbox 3357 5200 3617 5275; x_wconf 86' lang='grc' dir='ltr'>βασίλεια,</span> <span class='ocrx_word' id='word_1_792' title='bbox 3669 5200 3751 5248; x_wconf 84' lang='grc' dir='ltr'>καὶ</span> <span class='ocrx_word' id='word_1_793' title='bbox 3806 5188 3877 5243; x_wconf 83' lang='grc' dir='ltr'>δε·</span> 
     </span>
    </p>
   </div>
   <div class='ocr_carea' id='block_1_113' title="bbox 2109 5383 2339 5442">
    <p class='ocr_par' dir='ltr' id='par_1_113' title="bbox 2109 5383 2339 5442">
     <span class='ocr_line' id='line_1_113' title="bbox 2109 5383 2339 5442; baseline -0.009 -1"><span class='ocrx_word' id='word_1_794' title='bbox 2109 5388 2152 5441; x_wconf 86' lang='grc' dir='ltr'><strong>Ν</strong></span> <span class='ocrx_word' id='word_1_795' title='bbox 2160 5383 2339 5442; x_wconf 75' lang='grc' dir='ltr'>ΟΤᾹΞ..</span> 
     </span>
    </p>
   </div>
   <div class='ocr_carea' id='block_1_114' title="bbox 621 5560 2204 5635">
    <p class='ocr_par' dir='ltr' id='par_1_114' title="bbox 621 5560 2204 5635">
     <span class='ocr_line' id='line_1_114' title="bbox 621 5560 2204 5635; baseline 0.001 -18"><span class='ocrx_word' id='word_1_796' title='bbox 621 5560 734 5632; x_wconf 87' lang='lat'>(39)</span> <span class='ocrx_word' id='word_1_797' title='bbox 763 5561 880 5618; x_wconf 84' lang='lat' dir='ltr'>Nos</span> <span class='ocrx_word' id='word_1_798' title='bbox 912 5560 1034 5617; x_wconf 90' lang='lat' dir='ltr'>Itali</span> <span class='ocrx_word' id='word_1_799' title='bbox 1057 5562 1307 5620; x_wconf 85' lang='lat' dir='ltr'>dicimus</span> <span class='ocrx_word' id='word_1_800' title='bbox 1336 5576 1502 5619; x_wconf 77' lang='lat' dir='ltr'>scum</span> <span class='ocrx_word' id='word_1_801' title='bbox 1524 5563 1797 5635; x_wconf 84' lang='lat' dir='ltr'>peggiore</span> <span class='ocrx_word' id='word_1_802' title='bbox 1819 5563 1981 5620; x_wconf 82' lang='lat' dir='ltr'>della</span> <span class='ocrx_word' id='word_1_803' title='bbox 2009 5564 2204 5634; x_wconf 79' lang='lat' dir='ltr'>colpa.</span> 
     </span>
    </p>
   </div>
  </div>
