4126 6190
273 271 381 330 305

1324 275 1422 331 AD
1458 271 2008 332 AMPHILOCHIUM
2049 273 2382 342 QUESTIO
2425 276 2602 333 XLIII.

3539 273 3644 338 306

276 408 435 472 σμοῖς
479 400 684 464 ἀλύτοις
721 397 1089 477 παραδοθῆναι
1138 404 1226 456 τόν
1273 401 1516 474 πολέμιον
1564 410 1656 456 τοῦ
1699 407 1865 474 γένους

1992 419 2178 475 gnum
2192 403 2483 477 direptum
2495 447 2508 471 ,
2520 403 2900 476 postgeneris
2914 404 3092 460 nostri
3105 404 3338 460 hostem
3352 404 3644 462 insolubi-

272 493 443 561 ἡμῶν,
514 493 671 548 ἡνίκα
731 499 822 544 τοῦ
887 493 1053 564 τάφου
1121 491 1308 550 ἀνέστη
1391 498 1480 545 καὶ
1544 497 1638 551 τήν
1705 497 1880 544 κοινὴν

271 578 568 632 ἀνάστασιν
630 580 927 646 ἐνεκαίνισε,
1008 586 1123 635 τότε
1177 578 1244 639 δὴ
1310 586 1422 634 τότε
1483 587 1576 640 τὴν
1639 581 1878 644 ἐξουσίαν

272 669 518 722 ἀπάντων
585 679 682 722 τῶν
749 668 979 740 ἐπιγείων
1040 676 1129 723 καὶ
1182 680 1280 722 τῶν
1345 671 1596 744 οὐρανίων
1649 673 1675 723 ό
1728 673 1880 743 φύσει

272 761 475 816 ταύτην
513 761 651 830 ἔχων
701 767 764 831 τῇ
810 761 950 831 θείκῇ
997 764 1086 812 καὶ
1129 761 1262 812 κατά
1300 764 1358 812 τό
1401 759 1719 833 ἀνθρώπινον
1761 759 1880 811 ἀνα-

273 843 578 918 δεξάμενος,
625 853 740 900 τότε
783 851 868 900 τόν
915 846 1189 920 βασιλικὸν
1232 856 1410 902 τοῦτον
1471 854 1561 902 καὶ
1621 854 1878 922 σωτήριον

269 942 451 1007 νόμον,
499 936 592 988 οὐκ
635 935 684 988 ἐν
726 937 882 1000 πλαξὶ
925 937 1164 1003 λιθίναις,
1213 937 1318 990 ἀλλ’
1361 938 1408 990 ἐν
1457 939 1614 1002 πλαξὶ
1651 943 1879 1010 κρείττο-

272 1044 358 1077 σιν
405 1027 433 1083 ᾖ
490 1030 726 1097 μετέχειν
781 1027 906 1089 ύλης
952 1026 1199 1098 ἐπιγείου,
1251 1036 1368 1089 ταῖς
1426 1038 1525 1080 τῶν
1578 1027 1876 1080 ἀποστόλων

269 1111 540 1176 διανοίαις
573 1115 879 1190 ἐνεχάραξεν
921 1131 933 1144 ·

271 1212 375 1256 τῶν
416 1209 508 1258 καὶ
546 1208 940 1279 προγράμματα
985 1205 1084 1258 ἀνά
1133 1212 1310 1260 πᾶσαν
1363 1206 1610 1267 ἀπλὼσας
1656 1211 1748 1264 τὴν
1805 1207 1878 1258 οἱ·

973 1117 1126 1170 οἱονεὶ
1173 1119 1474 1192 προθέματά
1521 1136 1637 1168 τινα
1685 1115 1756 1168 δι’
1783 1115 1876 1167 αύ-

268 1298 554 1365 κουμένην,
591 1295 708 1347 καθ’
750 1295 784 1346 ἃ
823 1301 912 1348 καὶ
959 1298 1208 1368 μυεῖσθαι
1255 1301 1345 1349 καὶ
1385 1295 1704 1349 τελειοῦσθαι
1756 1298 1877 1355 τοὺς

1297 1405 1327 1439 ‹
1372 1388 1703 1458 Πορευθέντες
1748 1387 1871 1459 γὰρ,

268 1478 430 1544 φησὶ,
482 1475 845 1544 μαθητεύσατε
893 1477 1062 1527 πάντα
1111 1478 1176 1526 τά
1206 1478 1346 1540 ἔθνη,
1391 1474 1744 1548 βαπτίσαντες
1787 1474 1877 1526 αύ-

266 1566 388 1622 τούς
410 1562 486 1623 εἰς
511 1567 569 1614 τό
596 1566 758 1634 ὄνομα
779 1571 872 1615 τοῦ
899 1568 1099 1637 Πατρός
1128 1569 1218 1617 καὶ
1241 1573 1332 1616 τοῦ
1354 1567 1476 1617 Υἰοῦ
1503 1569 1592 1616 καὶ
1615 1572 1706 1616 τού
1722 1563 1874 1634 ἁγίου

268 1655 573 1723 [ινεύματος
605 1669 619 1682 ’
653 1649 998 1714 διδάσκοντες
1028 1653 1212 1714 αύτούς
1255 1661 1429 1728 τηρεῖν
1477 1650 1748 1725 (δηλονότι
1786 1657 1875 1704 καὶ

267 1390 588 1456 προσιόντας
633 1381 738 1437 ἔδει
789 1389 882 1442 τὴν
935 1384 1196 1438 εὐσέϐειαν
1232 1403 1244 1414 ·

1989 493 2149 550 libus
2167 494 2414 550 vinculis
2429 494 2729 558 traditum,
2746 498 3072 567 postquam
3087 494 3354 551 Christus
3372 495 3642 568 sepulcro

1990 589 2278 650 evaserat,
2320 585 2777 657 communisque
2814 585 3262 642 resurrectionis
3305 585 3640 658 auspicium

1989 674 2273 739 dederat;
2308 679 2433 729 tum
2465 674 2709 730 demum
2751 675 3114 730 terrestrium
3154 675 3426 731 omnium
3467 681 3642 747 atque

1990 762 2322 818 ccelestium
2367 766 2746 834 potestatem,
2787 763 2837 818 is
2878 764 2982 835 qui
3021 763 3227 820 divina
3264 768 3478 820 natura
3509 764 3641 836 jam

1989 867 2123 907 eam
2163 851 2418 918 tenebat,
2463 853 2731 908 humana
2769 869 3001 926 quoque
3049 858 3266 910 natura
3305 852 3592 924 recipiens
3626 871 3639 919 ;

1989 944 2147 1006 tunc,
2179 941 2452 1012 inquam,
2489 941 2750 1012 regalem
2782 943 2938 998 hanc
2977 942 3416 1014 saluteremque
3449 941 3642 1010 legem

1987 1030 2148 1086 haud
2181 1030 2240 1085 in
2273 1031 2492 1087 tabulis
2520 1030 2788 1102 lapideis,
2831 1033 2935 1087 sed
2974 1032 3034 1087 in
3065 1032 3194 1087 aliis
3234 1037 3478 1088 terrenae
3521 1048 3644 1088 ma-

1990 1118 2150 1175 teriae
2187 1120 2470 1176 vilitatem
2509 1121 2947 1187 excedentibus,
2990 1137 3205 1192 nempe
3245 1122 3305 1176 in
3337 1122 3642 1193 apostolo-

1987 1224 2112 1263 rum
2139 1209 2433 1265 mentibus
2459 1209 2724 1282 scripsit:
2749 1210 2942 1266 edicto
2966 1211 3145 1266 veluti
3171 1211 3438 1282 quodam
3464 1215 3642 1283 atque

1987 1304 2436 1368 programmate
2459 1299 2736 1356 universo
2755 1300 2886 1356 orbi
2903 1301 3230 1372 proposito,
3254 1301 3427 1370 cujus
3452 1299 3644 1356 verbis

1987 1386 2200 1443 initiari
2240 1394 2297 1444 et
2333 1389 2658 1446 consecrari
2690 1389 2998 1460 oportebat
3035 1389 3375 1461 quicunque
3405 1389 3485 1444 ad
3514 1388 3643 1445 reli-

1987 1477 2219 1547 gionem
2271 1479 2655 1542 accederent;
2699 1494 2840 1534 nam
2872 1496 2884 1544 ;
2917 1501 2945 1530 ‹‹
2992 1481 3226 1544 Euntes,
3281 1479 3492 1552 inquit,
3535 1478 3638 1534 do-

1986 1570 2114 1620 cete
2156 1582 2368 1622 omnes
2424 1573 2649 1636 gentes,
2705 1567 3073 1638 baptizantes
3126 1583 3226 1622 eas
3284 1568 3342 1623 in
3397 1568 3639 1626 nomine

1988 1655 2172 1710 Patris
2203 1660 2260 1711 et
2283 1655 2404 1710 Filii
2426 1662 2483 1712 et
2507 1657 2695 1712 sancti
2728 1657 2976 1728 Spiritus
3008 1673 3020 1712 :
3062 1658 3400 1712 erudientes
3424 1661 3486 1712 ut
3514 1672 3639 1712 om-

267 1745 373 1814 πρό
405 1751 506 1793 τῶν
537 1740 700 1794 ἄλλων
740 1745 798 1794 τό
828 1750 915 1793 νῦν
944 1742 1323 1815 εἰσφερόμενον)
1362 1745 1534 1797 πάντα
1561 1745 1662 1795 ὅσα
1690 1741 1865 1795 ἐνετει-

1987 1744 2083 1799 nia
2102 1745 2340 1816 (nempe
2360 1746 2418 1801 in
2438 1747 2645 1817 primis
2673 1747 2830 1819 quod
2859 1747 2916 1802 in
2936 1747 3211 1818 praesenti
3235 1745 3637 1816 mandaverat)

267 1830 443 1902 λάμην
475 1833 617 1902 ύμῖν.
649 1853 679 1884 ι)

339 1918 409 1990 γ’.
451 1922 651 1973 Τούτου
682 1917 749 1978 δὴ
800 1927 890 1972 τοῦ
921 1923 1056 1994 ἱεροᾶ
1103 1927 1189 1974 καὶ
1235 1927 1496 1994 σωτηρίου
1534 1924 1873 1996 προστάγμα-

1384 2029 1397 2076 ;
1447 2018 1498 2065 τί
1541 2009 1598 2066 δι
1650 2017 1872 2086 κρίσεως

264 2097 596 2170 ἀνθρωπίνης
669 2096 927 2172 δεόμενον,
992 2111 1086 2162 τῆς
1141 2109 1457 2163 Δισποτικῆς
1510 2109 1675 2172 φωνῆς
1736 2103 1870 2172 ἱερο-

265 2187 528 2258 λογούσης
565 2191 625 2240 τό
685 2186 883 2262 δόγμα,
932 2196 1021 2243 καί
1077 2188 1370 2265 σφραγῖδος
1428 2193 1602 2252 πάσης
1653 2189 1871 2262 ἀσφαλέ-

267 2295 454 2349 στερον
495 2282 588 2335 τὴν
638 2277 812 2350 ψῆφον
853 2279 994 2332 αύτῶ
1023 2283 1410 2354 περιτιθεμένης
1457 2297 1470 2345 ;
1524 2285 1625 2334 Καί
1678 2298 1758 2333 τοι
1809 2297 1870 2347 γε

264 2369 311 2418 εί
341 2371 431 2418 καὶ
462 2368 617 2438 ἄμφω
648 2371 705 2419 τό
735 2376 1040 2439 κατεπεῖγον
1079 2371 1163 2423 ἐπὶ
1207 2378 1268 2442 τῇ
1303 2373 1392 2442 ἴση
1445 2374 1534 2422 καὶ
1583 2371 1739 2440 ὁμοίᾳ
1789 2365 1823 2420 δ
1831 2388 1870 2419 ι-

267 2028 379 2072 τος,
435 2014 485 2060 τί
540 2007 601 2060 ἂν
656 2013 732 2068 εῖη
787 2018 1085 2081 κατεπεῖγον
1137 2011 1326 2083 μᾶλλον

263 2460 504 2526 ενέμοντο
552 2461 730 2528 χρείᾳ,
763 2459 790 2509 ὃ
828 2477 881 2509 τε
930 2465 1189 2533 σωτήριος
1235 2464 1367 2532 φημὶ
1409 2463 1586 2531 νόμος,
1627 2462 1713 2510 καὶ
1768 2465 1868 2509 τῶν

263 2548 518 2618 μαθητῶν
551 2547 578 2603 ἦ
611 2553 818 2618 γνώμη,
864 2545 979 2600 οὐδ’
1023 2549 1192 2622 ἕτερον
1236 2545 1496 2622 διεφέρετο
1533 2553 1722 2620 νόημα,
1751 2543 1867 2600 οὐδ’

264 2635 431 2696 οὕτως
483 2633 544 2693 ἦν
604 2635 811 2688 ἀνεκτόν
860 2645 954 2697 τῆς
999 2635 1318 2700 δεσποτικῆς
1361 2642 1730 2710 μυσταγωγίας
1773 2641 1866 2694 τὴν

262 2725 634 2794 ὑπηρετοῦσαν
690 2725 938 2795 γλῶσσαν
991 2729 1280 2801 ἔμπροσθεν
1332 2736 1515 2780 ποιεῖν.
1569 2728 1628 2779 Εἰ
1685 2724 1743 2778 δὲ
1802 2735 1861 2798 τῇ

262 2815 408 2865 θέσει
458 2822 558 2864 τῶν
625 2817 874 2885 μαθητῶν
945 2818 976 2873 ἡ
1048 2825 1140 2868 τοῦ
1196 2813 1527 2869 διδασκάλου
1603 2815 1865 2888 ἀναίρεσις

258 2904 461 2968 ἕπεται,
494 2910 601 2962 πῶς
632 2903 727 2955 ούκ
772 2904 844 2964 εἰς
875 2904 1066 2976 τόλμαν
1113 2909 1226 2964 ἣκει
1271 2904 1343 2958 δι’
1377 2908 1438 2967 ἧς
1471 2905 1740 2978 ὑϐρίζεται
1770 2912 1864 2966 τῆς

261 2997 585 3063 συγγνώμης
618 2995 647 3050 ἡ
689 2996 852 3068 χάρις
886 3011 900 3059 ;
934 2999 1027 3052 τὴν
1071 2999 1160 3066 μέν
1201 3000 1520 3054 Δεσποτικὴν
1571 2999 1746 3067 κρίσιν
1790 2998 1859 3064 μὴ

1983 1851 2358 1908 quaecunque
2387 1840 2643 1908 pramepi
2672 1838 2840 1894 vobis
2869 1838 3186 1894 observent
3207 1837 3300 1891 '0'.
3340 1859 3368 1886 »

2054 1925 2108 1979 3.
2141 1927 2294 1982 Sane
2315 1925 2428 1982 hoc
2457 1942 2627 1983 sacro
2659 1928 2988 1984 Servatoris
3019 1932 3312 2000 praecepto
3339 1925 3635 1998 quidnam

1983 2015 2288 2083 urgentius
2313 2031 2441 2072 esse
2471 2021 2665 2088 potest
2693 2018 2719 2070 ?
2749 2034 3014 2090 quonam
3049 2022 3247 2074 autem
3269 2016 3498 2087 judicio
3527 2015 3636 2072 ho-

1982 2105 2216 2160 minum
2241 2121 2394 2176 opus
2422 2112 2529 2170 est,
2549 2106 3042 2179 quandoquidem
3072 2122 3178 2162 vox
3198 2106 3502 2162 Dominica
3533 2105 3634 2160 do-

1981 2195 2232 2250 ctrinam
2254 2195 2412 2251 hanc
2444 2195 2642 2260 tradit,
2673 2196 2958 2268 omnique
2989 2195 3173 2263 sigillo
3199 2195 3471 2250 tutiorem
3500 2209 3631 2250 sen-

1980 2284 2222 2340 tentiam
2264 2301 2436 2340 suam
2475 2284 2554 2340 illi
2595 2285 2993 2357 circumponit
3021 2286 3048 2340 ‘I
3076 2285 3248 2356 Atqui
3275 2283 3320 2338 si
3357 2283 3505 2339 forte
3537 2282 3630 2338 lex

1981 2374 2307 2430 Servatoris
2329 2378 2385 2429 et
2410 2373 2844 2445 discipulorum
2880 2374 3085 2446 opinio
3125 2372 3382 2429 formula
3426 2372 3630 2443 aliqua

1978 2463 2318 2520 necessaria
2354 2463 2432 2519 ad
2464 2479 2568 2534 par
2607 2479 2677 2518 ac
2717 2463 2904 2519 simile
2934 2463 3197 2518 ofﬁcium
3226 2467 3504 2524 uteretur,
3533 2475 3632 2516 ne-

1976 2569 2093 2626 que
2120 2552 2234 2608 illa?
2264 2552 2402 2608 dum
2441 2553 2744 2608 sententias
2784 2552 2937 2608 inter
2974 2567 3036 2606 se
3067 2551 3446 2616 dissiderent,
3477 2553 3628 2604 atta~

1978 2656 2114 2696 men
2147 2657 2220 2696 ne
2247 2646 2372 2696 tum
2402 2640 2640 2711 quidem
2675 2639 2982 2696 ferendum
3012 2639 3328 2703 videretur,
3358 2635 3628 2694 servilem

1975 2729 2243 2800 linguam
2265 2729 2431 2785 herili
2453 2729 2526 2785 de
2547 2745 2610 2785 re
2631 2745 2802 2785 sacra
2826 2730 3108 2786 doctrina:
3131 2729 3436 2799 anteponi.
3459 2726 3630 2790 Quod

1975 2819 2022 2874 si
2061 2835 2264 2890 reapse
2303 2819 2732 2890 discipulorum
2771 2819 3004 2874 decreto
3046 2816 3387 2886 magistrale
3426 2817 3626 2887 ipsum

1974 2908 2338 2980 antiquatur,
2369 2923 2566 2964 nonne
2587 2908 2710 2962 haec
2732 2907 2928 2976 gravis
2959 2907 3214 2962 audacia
3235 2910 3340 2969 est,
3371 2921 3507 2977 qua;
3533 2921 3629 2958 ve-

1973 2996 2087 3052 nias
2111 2997 2361 3066 gratiam
2385 2997 2742 3052 contumelia
2762 2995 2946 3052 afficit
2974 2998 3001 3050 ‘2
3022 3011 3239 3067 nempe
3268 2995 3311 3050 si
3332 2994 3628 3065 judicium

259 3089 364 3130 τῶν
406 3085 817 3152 κατεπειγόντων
861 3081 987 3134 εἶναι
1035 3085 1287 3156 νομίζειν,
1331 3090 1426 3142 τὴν
1475 3081 1534 3137 δε
1597 3093 1694 3136 τῶν
1743 3080 1865 3136 δού-

1979 3085 2349 3141 Dominicum
2364 3086 2420 3140 in
2435 3101 2632 3142 rerum
2646 3085 3120 3141 necessariarum
3138 3099 3388 3140 numero
3410 3099 3628 3154 nequa-

257 3168 361 3219 λων
413 3172 642 3220 ἐπίνοιαν
680 3179 776 3222 τῶν
830 3179 1233 3243 κατεπειγόντων
1283 3193 1298 3206 ·
1352 3179 1440 3226 καὶ
1491 3180 1725 3247 παρορᾷν

260 3257 324 3309 οὗ
353 3263 426 3328 μη
457 3261 570 3310 ἔστι
609 3265 776 3332 χωρὶς
815 3259 1062 3324 ἀπονοίας
1091 3262 1360 3334 ὁμολογεῖν
1407 3267 1501 3321 τὴν
1546 3266 1860 3336 παρόρασιν,

260 3351 500 3418 στέργειν
528 3343 586 3400 δέ
615 3354 703 3400 καὶ
729 3353 1048 3423 προτιθέναι,
1081 3352 1144 3413 ἧς
1171 3353 1201 3409 ἡ
1244 3356 1418 3424 κρίσις
1448 3349 1574 3410 δίκη
1620 3359 1710 3404 τού
1747 3356 1862 3423 κρί-

259 3441 464 3497 ναντος.
511 3436 667 3490 Ἀλλά
711 3441 814 3512 γὰρ
851 3439 996 3492 αύτοί
1045 3459 1104 3512 γε
1155 3449 1446 3514 περιφανῶς
1493 3441 1625 3494 οὕτω
1674 3442 1864 3492 τοσαύ-

260 3545 360 3586 της
410 3530 499 3576 καὶ
552 3526 870 3590 τηλικαύτης
918 3528 1123 3592 ἐντολῆς
1182 3531 1342 3602 ἰσχύν
1399 3539 1723 3604 παρορῶντες
1775 3534 1864 3581 καὶ

260 3613 688 3685 παραϐαίνοντες,
732 3617 775 3668 εἰ
823 3620 887 3678 ὡς
923 3617 1130 3680 ἀληθῶς
1183 3616 1316 3678 ἦσαν
1355 3627 1446 3680 τῆς
1497 3619 1860 3693 παραϐάσεως,

259 3711 373 3763 πῶς
422 3702 482 3754 ἀν
527 3700 786 3761 ἠδύναντο
825 3711 943 3767 τούς
991 3716 1090 3759 τῶν
1133 3709 1278 3780 ἱερῶν
1315 3710 1637 3780 μαθημάτων
1679 3707 1863 3780 ἀκροα-

259 3795 357 3852 τὰς
399 3802 666 3867 παραινεῖν
707 3803 820 3856 ταῖς
879 3803 1220 3858 Δεσποτικαῖς
1276 3795 1504 3858 ἐντολαῖς
1557 3799 1862 3868 πειθαρχεῖν

258 3886 351 3932 καὶ
428 3881 971 3956 καθαῤῥυθμίζεσθαι,
1038 3891 1128 3938 καὶ
1196 3894 1292 3946 τῆς
1353 3885 1546 3946 οἰκείας
1602 3885 1863 3947 πολιτείας

258 3973 398 4022 κατά
436 3974 629 4032 ταύτας
666 3975 930 4025 ποιεῖσθαι
956 3979 1050 4032 τὴν
1081 3973 1372 4046 ἐπιμέλειαν
1407 3992 1420 4040 ;
1465 3979 1577 4027 ἴσον
1612 3976 1713 4048 γάρ
1749 3974 1863 4026 ἐστι

259 4057 357 4110 διὰ
415 4068 509 4122 τῆς
551 4070 651 4112 τῶν
706 4060 916 4114 ἐντολῶν
957 4062 1244 4124 ἀθετήσεως
1298 4065 1580 4135 πειρᾶσθαι
1633 4063 1864 4134 φύλακας

257 4156 358 4199 τῶν
412 4153 832 4222 προσταγμάτων
863 4160 1046 4216 ποιεῖν,
1102 4157 1192 4204 καὶ
1233 4151 1429 4206 ἀθετεῖν
1479 4153 1664 4213 αύτούς
1709 4151 1862 4204 ἀπαι-

258 4247 362 4290 τεῖν
401 4242 458 4290 τό
494 4237 543 4290 ἐν
584 4239 879 4314 παραϐάσει
908 4240 1268 4314 ἀπάράϐατον.
1307 4243 1382 4294 Ού
1419 4247 1471 4294 τί
1508 4240 1568 4294 ἃν
1596 4244 1620 4293 ό
1669 4241 1860 4314 ἐχθρός

256 4329 472 4401 εὑρήσει
497 4327 710 4397 μᾶλλον,
744 4324 816 4380 δι’
847 4329 906 4380 οὗ
936 4335 1025 4381 καὶ
1059 4336 1151 4389 τὴν
1191 4327 1547 4383 διδασκαλίαν
1575 4329 1859 4402 ἐπαρθήσε-

259 4436 350 4468 ται
389 4417 632 4480 νοθεύειν,
667 4423 756 4468 καὶ
797 4422 891 4475 την
924 4417 1161 4490 ἐσχάτην
1193 4418 1341 4494 ὕϐριν
1382 4418 1763 4492 προσάψασθαι
1787 4426 1859 4490 τῷ

253 4507 558 4578 κηρύγματι
584 4524 598 4572 ;

327 4680 400 4737 δ’.
432 4690 612 4736 Ταῦτα
642 4687 814 4736 τοίνυν
853 4689 942 4736 καὶ
1001 4684 1161 4738 πολλὰ
1194 4685 1390 4738 τοιαῦθ’
1431 4687 1577 4759 ἔτερα
1623 4683 1718 4738 διὰ
1759 4695 1858 4739 τῶν

253 4771 482 4824 εὖσεϐῶν
531 4777 621 4824 καὶ
668 4769 971 4826 ἀδεκάστων
1019 4780 1265 4846 προῖόντα
1307 4775 1592 4846 λογισμῶν,
1632 4781 1722 4828 καὶ
1766 4781 1858 4834 τὴν

250 4863 595 4932 νομισθεῖσαν
668 4861 814 4914 λύσιν
885 4863 1164 4934 αἰτιώμενον
1225 4864 1382 4922 ἄλλην
1450 4868 1566 4917 τινὰ
1642 4867 1856 4939 θεωρίαν

251 4959 346 5002 τού
400 4951 703 5020 ζητήματος
744 4950 1032 5023 ἀνιχνεύειν
1081 4954 1409 5012 ὑποτίθεται,
1443 4951 1516 5006 δι’
1566 4955 1624 5015 ἧς
1665 4959 1754 5006 καὶ
1797 4959 1854 5006 τὸ

250 5050 342 5099 τῆς
402 5039 626 5110 ἀπορίας
677 5036 1048 5114 δυσπρόσοδον
1100 5040 1182 5094 ἐπὶ
1233 5046 1288 5095 τό
1338 5042 1468 5096 λεῖον
1520 5048 1609 5096 καὶ
1666 5044 1855 5116 ὁμαλόν

250 5137 349 5188 τῆς
394 5127 736 5198 καταλήψεως
796 5127 1137 5197 ἀνευρύνεται,
1193 5135 1283 5183 καὶ
1321 5133 1346 5183 ό
1397 5142 1496 5185 τῶν
1541 5131 1854 5186 διαϐουλίων

249 5218 411 5288 ὄχλος
473 5213 1016 5276 διααεδασθήσεται.
1075 5219 1198 5274 Ὀτι
1250 5224 1338 5292 μεν
1389 5225 1487 5294 γὰρ
1545 5231 1644 5274 τῶν
1711 5223 1854 5296 ἱερῶν

247 5304 557 5358 ἀποστόλων
597 5308 651 5357 αἱ
701 5314 949 5377 παναγεῖς
1000 5311 1086 5359 καὶ
1136 5308 1421 5362 τελεστικαὶ
1465 5321 1554 5372 τῆς
1593 5312 1854 5372 εὐσεϐείας

249 5395 478 5470 Πράξεις
525 5397 893 5469 ἱερουργούσαι
957 5399 1016 5448 τό
1070 5395 1352 5469 βάπτισμα
1416 5399 1630 5472 ὀνόματι
1675 5401 1852 5461 Ἰησοῦ

248 5491 490 5556 Χριστοῦ
547 5483 783 5555 λέγονται
848 5491 1001 5538 τοῦτο
1057 5485 1452 5560 τελεσιουργεῖν,
1512 5488 1688 5554 οὐδεὶς
1753 5503 1852 5546 τῶν

319 5618 393 5654 ⁸⁸⁸
429 5616 638 5675 Matth.
670 5633 870 5684 xxvnr,
907 5622 991 5688 t9,
1011 5621 1102 5676 20.

1898 4457 1940 4506 υ

1971 3191 2155 3247 quam
2194 3174 2525 3242 habeatur;
2563 3191 2872 3230 servorum
2921 3179 3120 3230 autem
3160 3171 3629 3241 excogitationes

1973 3265 2032 3319 in
2091 3265 2440 3320 necessariis
2493 3269 2884 3337 reputentur:
2919 3264 3087 3335 sique
3153 3262 3491 3331 negligatur
3542 3260 3622 3326 id,

1972 3354 2144 3424 cujus
2170 3353 2508 3423 neglectum
2534 3353 2660 3409 sine
2682 3355 2919 3409 vesania
2940 3352 3108 3407 fateri
3128 3367 3250 3407 non
3278 3365 3625 3422 possumus,

1972 3446 2206 3499 ametur
2230 3447 2431 3499 autem
2463 3447 2642 3515 atque
2662 3445 3064 3514 anteponatur
3101 3441 3182 3506 id,
3215 3440 3388 3511 cujus
3417 3439 3623 3496 electio

1971 3533 2277 3588 damnatio
2317 3532 2584 3602 eligentis
2613 3539 2718 3588 est.
2760 3535 2892 3589 Jam
2932 3547 3069 3588 vero
3100 3531 3378 3603 discipuli
3411 3530 3458 3584 si
3501 3527 3627 3585 talis

1973 3622 2239 3694 tantique
2269 3623 2548 3694 praecepti
2571 3622 2692 3678 vim
2719 3621 3116 3692 neglexissent
3145 3637 3216 3676 ac
3243 3619 3628 3676 violavissent

1972 3727 2107 3766 cum
2131 3727 2194 3766 se
2217 3727 2426 3782 reapse
2453 3711 2840 3766 contumaciae
2869 3711 3002 3782 ejus
3034 3725 3165 3764 reos
3196 3708 3622 3780 priestitissent,

1972 3817 2118 3856 num
2158 3817 2342 3856 sacras
2381 3800 2662 3856 doctrina;
2701 3799 2956 3856 asseclas
2990 3799 3210 3855 hortari
3250 3801 3527 3870 poterant
3566 3800 3626 3854 ut

1973 3889 2276 3946 mandatis
2302 3888 2621 3945 Dominicis
2641 3888 2969 3953 obedirent,
2996 3888 3069 3943 ad
3090 3902 3282 3958 eaque
3301 3902 3364 3942 se
3394 3885 3629 3942 confor-

1972 3983 2223 4044 marent,
2249 3994 2534 4050 suamque
2557 3977 2739 4034 vitam
2765 3994 2834 4032 ex
2866 3977 3077 4032 horum
3103 3975 3446 4047 praiscripto
3464 3990 3623 4044 rege-

1969 4072 2099 4123 rent
2141 4067 2169 4122 ?
2210 4070 2356 4123 Nam
2409 4067 2508 4138 qui
2551 4082 2657 4138 per
2713 4066 2911 4138 ipsam
2963 4069 3392 4137 praeceptorum
3446 4063 3627 4118 viola-

1971 4155 2572 4221 tionem,obedientes
2595 4154 2890 4210 mandatis
2902 4154 3174 4209 homines
3188 4152 3379 4208 facere
3401 4152 3621 4217 nititur,

1968 4245 2122 4301 idem
2165 4244 2270 4300 sibi
2301 4244 2597 4300 licentiam
2649 4244 2839 4299 aufert
2886 4242 3229 4314 postulandi
3268 4241 3342 4296 ab
3386 4241 3518 4296 aliis
3550 4255 3624 4296 ne

1969 4334 2133 4406 quod
2159 4335 2288 4405 jam
2320 4340 2630 4405 peccatum
2663 4333 2837 4389 fuerit
2867 4337 3134 4403 peccent.
3167 4332 3294 4395 Quo
3325 4329 3618 4401 quidnam

1969 4423 2364 4494 opportunius
2393 4423 2652 4478 inveniet
2688 4421 2891 4486 hostis,
2926 4421 3082 4475 unde
3121 4424 3177 4474 et
3213 4418 3622 4486 magisterium

1969 4510 2302 4568 adulterare
2333 4512 2509 4580 ausit,
2541 4516 2597 4568 et
2633 4515 2961 4568 extremam
3001 4507 3392 4581 ignominiam
3433 4506 3624 4564 Evan-

1970 4601 2124 4672 gelio
2161 4616 2476 4672 aspergere
2515 4602 2542 4656 ?

2040 4691 2093 4744 4.
2146 4693 2238 4745 Hae
2274 4697 2452 4762 atque
2501 4689 2630 4745 alim
2676 4687 3027 4760 hujusmodi
3079 4703 3116 4744 a
3171 4686 3286 4758 piis
3342 4685 3622 4758 profecta:

1969 4779 2444 4850 incorruptisque
2492 4778 2741 4848 ingeniis
2785 4775 3310 4841 contradictiones,
3354 4791 3489 4848 quas
3525 4775 3624 4845 ju—

1968 4874 2111 4923 stam
2152 4867 2455 4940 postulant
2487 4867 2867 4931 solutionem,
2910 4865 3224 4939 impellunt
3261 4881 3374 4921 nos
3420 4865 3499 4922 ad
3538 4864 3622 4920 in-

1967 4957 2312 5027 dagandam
2354 4957 2533 5013 aliam
2573 4956 2912 5029 quaestionis
2957 4954 3462 5026 explanationem,
3501 4970 3623 5024 qua

1966 5046 2440 5118 dubiiasperitas
2459 5048 2535 5102 ad
2560 5045 2954 5115 intelligentia)
2967 5043 3282 5100 laevitatem
3300 5049 3480 5116 atque
3500 5043 3622 5116 pla-

1966 5135 2170 5191 nitiem
2211 5135 2501 5206 dilatetur,
2534 5142 2590 5190 et
2619 5135 3084 5205 ambiguitatum
3118 5132 3384 5189 molestia
3412 5131 3622 5204 dispel-

1963 5223 2141 5280 latur.
2174 5224 2434 5281 Profecto
2472 5225 2634 5296 quod
2673 5225 2862 5280 sancti
2887 5222 3310 5296 religionisque
3341 5237 3623 5278 suasores

1965 5314 2239 5370 divorum
2271 5313 2670 5385 apostolorum
2713 5316 2892 5369 Actus
2914 5313 3285 5386 baptismum
3315 5311 3373 5368 in
3410 5310 3624 5367 Christi

1966 5403 2208 5459 nomine
2225 5402 2708 5458 administratum
2729 5402 2931 5458 dicant
2953 5416 3130 5456 nemo
3157 5415 3308 5456 sana
3332 5397 3620 5455 audiendi

1966 5493 2013 5548 vi
2045 5491 2346 5564 praeditus,
2379 5506 2598 5562 negare
2637 5491 2880 5550 audebit
2919 5495 3332 5550 verumtamen
3367 5488 3619 5562 quinam
