4126 6190
527 280 631 341 307

1772 284 2009 341 PHOTlI
2052 280 2527 342 PATBIARCHE
2567 286 2677 342 CP.

3774 286 3873 350 308

526 410 739 467 horum
769 409 1089 466 verborum
1121 424 1193 465 ac
1211 409 1529 466 nominum
1570 426 1779 466 sensus
1812 411 2178 481 signiﬁcatus

2299 412 2450 471 ἀκοὴν
2495 414 2837 483 ὑγιαίνουσαν
2894 412 3120 483 ἐχόντων
3163 410 3439 484 ἀντιλέγειν
3489 413 3874 471 ὑποστήσεται·

528 501 622 564 sit,
639 500 804 555 haud
823 515 994 571 reque
1008 515 1221 555 omnes
1236 500 1587 570 intelligunt.
1608 501 1695 557 Ait
1708 501 1881 571 igitur
1899 501 2175 573 princeps

527 588 938 660 apostolorum
966 590 1191 653 Petrus,
1224 589 1370 645 dum
1396 590 1634 646 Judaeos
1659 590 1736 645 ad
1768 591 2180 662 paenitentiam

524 680 883 744 hortaretur,
915 681 1273 753 veniamque
1300 681 1369 736 iis
1396 684 1641 751 patrata:
1672 680 1853 735 caedis
1896 680 2135 736 offerret
2165 688 2180 729 ε

533 790 556 818 ‹
594 771 919 841 Baptizatur
949 770 1363 842 unusquisque
1393 774 1661 825 vestrum
1689 770 1747 825 in
1776 771 2018 825 nomine
2047 773 2183 825 Jesu

530 858 742 914 Christi
756 859 813 913 in
827 859 1224 914 remissionem
1243 865 1609 930 peccatorum
1625 861 1768 913 ‘9'“.
1788 881 1815 907 »
1834 860 2184 931 Rursumque

529 947 731 1002 divino
755 946 961 1003 afﬂatu
989 948 1066 1002 ad
1093 948 1520 1018 baptizandum
1552 948 1959 1004 centurionem
1981 948 2186 1003 instin-

532 1040 678 1101 ctus,
696 1037 921 1092 Corneli
933 1053 1029 1091 um
1045 1036 1179 1107 ipsu
1191 1053 1247 1090 m
1261 1042 1316 1091 et
1331 1037 1433 1107 qui
1453 1052 1589 1091 cum
1602 1051 1673 1091 eo
1690 1041 1857 1093 erant
1876 1052 2183 1108 regenera-

531 1125 687 1180 tione
708 1125 986 1195 dignatus
1008 1130 1110 1189 est,
1133 1125 1359 1179 donum
1376 1125 1459 1179 eis
1482 1125 1917 1180 remissionisin
1942 1126 2185 1181 nomine

530 1213 766 1269 Domini
790 1212 1155 1283 impertiens.
1202 1214 1479 1268 Praeterea
1507 1213 1713 1284 Ephesi
1739 1214 1990 1286 quidam
2014 1221 2185 1272 erant

529 1302 825 1373 discipuli,
846 1302 944 1372 qui
961 1302 1207 1357 Joannis
1228 1306 1457 1357 tantum
1473 1301 1772 1373 baptismo
1790 1302 1890 1358 loti
1916 1302 2180 1361 fuerant:

530 1400 705 1462 atque
732 1390 795 1445 hi
834 1395 974 1462 post
1012 1391 1271 1446 auditam
1306 1391 1464 1447 Pauli
1504 1391 2003 1462 praedicationem,
2045 1409 2183 1449 cum

530 1480 601 1536 iis
621 1478 953 1552 piaculares
976 1479 1054 1535 ab
1077 1479 1351 1550 Apostolo
1373 1496 1589 1535 manus
1612 1480 1669 1535 in
1691 1481 1934 1536 nomine
1956 1482 2183 1538 Domini

529 1572 663 1625 Jesu
692 1570 901 1625 Christi
932 1570 1179 1624 fuissent
1218 1570 1533 1640 impositae,
1572 1569 1806 1625 cceleste
1845 1570 2183 1642 adoptionis

530 1659 756 1715 donum
784 1664 1161 1729 exceperunt,
1187 1659 1613 1713 etsanctissimi
1636 1659 1884 1729 Spiritus
1911 1659 2181 1716 afﬂatum

2289 508 2417 555 Τίνα
2474 499 2533 554 δὲ
2585 501 2819 555 διάνοιαν
2875 506 2939 554 τὰ
2989 510 3208 554 τοιαῦτα
3252 503 3464 577 ῥήματα
3515 508 3606 555 καὶ
3662 503 3878 576 ὀνόματα

2292 590 2613 643 ἀναπτύσσει
2644 596 2733 643 καὶ
2784 588 3130 666 διερμηνεύει,
3172 592 3343 643 ούκέτι
3384 598 3573 652 παντός
3618 592 3720 644 ἐστι
3756 612 3875 645 συν·-

2294 685 2440 734 ιέναι.
2500 684 2649 751 Λέγει
2706 684 2795 751 μὲν
2844 677 2932 732 οὖν
2964 682 2989 732 ὁ
3042 689 3327 753 κορυφαῖος
3376 686 3570 753 Πέτρος
3609 681 3679 743 εἰς
3729 684 3876 753 μετά-

2291 789 2432 821 νοιαν
2495 774 2616 831 τοὺς
2680 767 2975 831 Ἰουδαίους
3043 770 3327 842 έπαλείφων
3408 776 3499 822 καὶ
3581 777 3879 842 συγγνώμη,

2293 858 2745 930 εὐαγγελιζόμενος
2790 867 2888 920 τῆς
2938 864 3234 931 μιαιφονίας
3272 879 3283 890 '
3319 878 3349 909 (ι
3381 861 3731 917 Βαπτισθήτω
3777 862 3880 912 Exu-

2298 964 2411 1006 στος
2441 949 2583 1017 ὑμῶν
2632 948 2683 999 ἐν
2735 955 2807 1018 τῷ
2852 949 3065 1019 ὀνόματι
3095 948 3273 1007 Ἰησοῦ
3310 956 3545 1021 Χριστοῦ
3590 948 3662 1009 εἰς
3709 950 3881 1020 ἄφεσιν

2295 1036 2579 1107 ἁμαρτιῶν.
2624 1057 2650 1087 n
2702 1039 2805 1092 Kui
2852 1036 3006 1088 πάλιν
3052 1036 3105 1089 ἐκ
3152 1040 3292 1099 θείας
3332 1036 3603 1099 ἐπιπνοίας
3648 1040 3733 1089 τὸν
3774 1038 3879 1090 ἐκα-

2294 1130 2580 1197 τόνταρχον
2626 1124 2996 1197 βαπτίσασθαι
3026 1131 3358 1200 προτραπεὶς,
3405 1125 3557 1177 αὐτόν
3608 1145 3660 1177 τε
3701 1130 3881 1197 Κορνη-

2293 1213 2399 1265 λιον
2457 1220 2545 1265 xui
2588 1220 2705 1274 τοὺς
2763 1216 2871 1286 μετ’
2928 1215 3088 1267 αὐτοῦ
3144 1224 3241 1277 τῆς
3287 1215 3681 1286 παλιγγενεσίας
3734 1214 3878 1279 ἀξιοῖ,

2294 1307 2350 1354 τό
2383 1299 2548 1377 δῶρον
2588 1303 2766 1364 αὐτοῖς
2813 1312 2905 1366 τῆς
2947 1303 3175 1376 ἀφέσεως
3226 1303 3274 1356 έν
3304 1313 3375 1356 τῶ
3425 1304 3642 1376 ὀνόματι
3670 1312 3757 1355 τοῦ
3789 1311 3879 1356 Κυ-

2292 1396 2407 1465 ρίου
2443 1394 2737 1465 ἱερουργὼν.
2794 1397 2893 1445 Καὶ
2941 1396 3076 1444 κατά
3126 1398 3221 1451 τὴν
3268 1392 3490 1465 Ἔφεσον
3523 1390 3583 1445 δὲ
3628 1390 3758 1451 ἦσαν
3794 1413 3882 1465 μα-

2296 1483 2449 1538 θηταὶ
2480 1485 2528 1532 οἳ
2556 1486 2708 1553 μόνον
2753 1480 2823 1552 τῷ
2872 1490 2961 1534 τοῦ
3010 1482 3249 1536 Ἰωάννου
3295 1481 3638 1554 βαπτίσματι
3690 1481 3882 1534 ἐϐαπτί-

2294 1589 2449 1622 σαντο
2493 1590 2505 1603 ·
2540 1572 2631 1631 οὓς
2658 1576 2747 1623 καὶ
2775 1570 3056 1632 ἀκούοντας
3084 1580 3174 1624 τοῦ
3222 1572 3429 1624 Παύλου
3464 1568 3500 1624 δ
3506 1568 3877 1634 ιδάσκοντος,ἠ

2296 1661 2503 1733 ἱστορία
2555 1659 2840 1734 ἀναγράφει
2889 1660 3148 1720 ἐπὶθέντος
3200 1661 3377 1721 αὐτοῖς
3429 1668 3523 1712 τοῦ
3578 1660 3880 1713 ’Δποστόλου

533 1749 756 1820 experti
782 1754 923 1802 sunt
943 1750 1011 1804 ³⁵.
1047 1750 1464 1820 Saepenumero
1495 1748 1637 1804 alias
1670 1750 2003 1804 secundum
2030 1749 2183 1805 hanc

2299 1752 2386 1810 τὰς
2419 1749 2753 1822 ἰλαστηρίους
2790 1757 2972 1823 χεῖρας
3006 1750 3097 1819 ίεὶς
3130 1753 3189 1800 τὸ
3219 1754 3381 1821 ὄνομα
3423 1756 3517 1801 τοῦ
3562 1754 3750 1823 Κυρίου
3789 1750 3883 1806 ’1η-

534 1837 855 1893 formulam
874 1836 1231 1908 baptismum
1248 1838 1734 1892 administratum
1749 1838 1909 1894 haud
1928 1854 2076 1910 aegre
2102 1840 2185 1895 in-

533 1925 759 1981 venies.
814 1926 1259 1990 Verumtamen,
1306 1929 1388 1981 uti
1430 1927 1557 1997 jam
1608 1926 1833 1982 dictum
1870 1930 1980 1994 est,
2025 1944 2183 1999 saape

532 2015 1205 2087 facilisinterpretatioin
1224 2030 1409 2070 sacras
1432 2016 1645 2070 mentis
1674 2016 1903 2071 sinibus
1920 2016 2180 2083 condita,

530 2104 638 2159 nisi
665 2103 957 2159 eruditum
984 2104 1275 2174 judicium
1302 2120 1371 2159 ac
1400 2104 1848 2161 meditationem
1876 2106 2184 2162 nancisca-

532 2195 643 2257 tur,
662 2206 857 2263 neque
869 2192 1228 2247 obscuritate
1244 2207 1438 2265 neque
1451 2198 1778 2264 apparente
1791 2194 2185 2265 repugnantia

530 2280 894 2337 liberabitur.
931 2284 1199 2353 Namque
1230 2282 1603 2337 inconsultus
1644 2283 1888 2339 vocibus
1920 2283 2068 2353 ipsis
2095 2299 2185 2343 as-

531 2385 764 2437 sensus,
788 2386 857 2425 ac
870 2370 1185 2425 verborum
1205 2376 1383 2442 prout
1411 2376 1624 2427 sonant
1644 2370 1952 2438 admissio,
1970 2377 2024 2427 et
2038 2372 2186 2428 alias

532 2459 749 2514 multas
774 2459 1072 2514 multoties
1091 2459 1482 2514 absurditates
1498 2461 1741 2530 peperit,
1766 2464 1819 2515 et
1838 2476 1994 2516 nunc
2010 2461 2183 2516 etiam

533 2562 656 2603 non
694 2548 756 2602 in
787 2547 940 2601 duos
985 2547 1144 2601 solos
1181 2548 1321 2602 ritus
1352 2548 1681 2604 verendum
1725 2550 2186 2618 regenerationis

534 2635 875 2707 mysterium
907 2635 1209 2701 divideret,
1239 2636 1342 2690 sed
1384 2636 1534 2691 alios
1574 2636 1792 2692 multos
1832 2653 1862 2691 e
1902 2637 2187 2694 divisione

532 2725 892 2797 pullulantes
910 2724 1240 2780 exhiberet:
1270 2725 1563 2797 siquidem
1593 2742 1664 2781 ex
1684 2725 2050 2783 incremento
2072 2728 2188 2799 pri-

535 2831 636 2871 mo
657 2814 945 2882 originem
974 2813 1091 2868 alia
1122 2813 1446 2879 traherent;
1482 2814 1643 2869 itaut
1672 2815 1729 2869 in
1754 2814 2186 2872 multitudinem

534 2903 915 2959 diduceretur
944 2902 1121 2958 unica
1154 2906 1332 2974 atque
1371 2903 1682 2959 individua
1703 2904 1929 2973 religio,
1963 2909 2020 2960 et
2060 2906 2188 2960 uni-

536 2991 742 3048 formis
792 2996 970 3063 atque
1024 2991 1301 3048 uuimoda
1342 3007 1649 3047 sacrorum
1708 2993 2026 3049 institutio:
2061 3012 2188 3066 quae

2296 1844 2390 1888 σοῦ
2425 1844 2676 1909 Χριστοῦ,
2723 1840 2779 1887 τό
2813 1837 3049 1910 ούράνιον
3095 1844 3190 1897 τῆς
3232 1838 3501 1897 υἱοθεσίας
3539 1833 3705 1907 δῶρον
3748 1832 3882 1899 δέξα-

2297 1926 2436 1990 σθαι,
2480 1929 2571 1976 καὶ
2614 1933 2702 1985 τῆς
2732 1924 3106 1997 ἐπιφοιτήσεως
3153 1925 3456 1977 ἀπολαῦσαι
3516 1933 3607 1976 τοῦ
3642 1929 3881 1996 παναγίου

2294 2016 2609 2085 Πνεῦματος.
2670 2019 2769 2066 Καὶ
2832 2019 2995 2087 μυρία
3046 2011 3104 2065 δὲ
3156 2014 3287 2065 α’λλα
3332 2021 3556 2066 τοιαῦτα
3624 2017 3755 2065 κατά
3804 2017 3881 2065 τὸν

2294 2104 2468 2175 ὅμοιον
2504 2111 2600 2154 τῶν
2654 2104 2901 2177 ῥημάτων
2952 2106 3113 2155 τύπον
3171 2111 3264 2154 τοῦ
3321 2102 3691 2175 βαπτίσματος
3732 2102 3883 2165 ἐξενη-

2293 2196 2507 2264 νεγμένα
2594 2190 2967 2267 ἀταλαιπώρως
3051 2191 3162 2245 ἐστὶ
3218 2191 3654 2264 καταλαμϐάνειν.
3735 2191 3880 2256 Πλὴν,

2296 2285 2363 2343 ὡς
2411 2284 2629 2354 εἴρηται,
2663 2281 2908 2343 πολλάκις
2957 2285 3013 2333 τό
3063 2286 3347 2353 πρόχειρον
3387 2290 3487 2341 τῆς
3527 2280 3784 2354 ἑρμηνείας
3817 2288 3881 2349 τῷ

2298 2369 2451 2443 βάθει
2481 2367 2865 2441 καταδυόμενον
2912 2380 3009 2432 τῆς
3051 2374 3190 2443 ἱερᾶς
3221 2367 3483 2434 διανοίας,
3535 2369 3594 2421 ἂν
3627 2375 3695 2440 μὴ
3735 2387 3881 2440 προσ-

2294 2458 2423 2531 λάϐῃ
2482 2465 2575 2517 τὴν
2651 2458 3022 2530 φιλολογοῦσαν
3092 2457 3326 2530 βάσανον
3378 2463 3472 2510 xui
3521 2458 3748 2529 μελέτην,
3794 2465 3881 2517 τῆς

2298 2547 2553 2619 ἀσαφείας
2604 2553 2691 2600 καὶ
2748 2556 2843 2609 τῆς
2889 2550 3020 2599 κατά
3070 2552 3157 2605 τὴν
3205 2546 3472 2617 ὑπόληψιν
3530 2548 3755 2606 στάσεως
3796 2545 3879 2595 οὐκ

2300 2636 2452 2689 ἐθέλει
2510 2635 2945 2691 ἀπαλλάττεσθαι.
3018 2642 3117 2689 Καὶ
3172 2639 3273 2708 γὰρ
3328 2639 3357 2693 η
3412 2638 3546 2687 κατὰ
3588 2638 3674 2694 τὰς
3734 2635 3879 2705 φωνὰς

2300 2723 2606 2797 ἀδιάκριτος
2637 2728 3043 2796 συγκατάθεσις,
3086 2730 3175 2777 καὶ
3216 2727 3244 2782 ἡ
3297 2727 3437 2776 κατά
3486 2730 3578 2783 τήν
3624 2722 3879 2794 ἀπήχησιν

2299 2824 2398 2867 τῶν
2426 2815 2668 2890 ῥημάτων
2710 2812 3022 2889 παραδοχὴ,
3065 2814 3195 2865 α”λλα
3242 2833 3295 2866 τε
3339 2814 3508 2865 πολλά
3559 2822 3656 2864 τῶν
3695 2810 3879 2863 ἀτόπων

2300 2908 2347 2957 ἓν
2386 2904 2585 2963 πολλοῖς
2629 2904 2872 2965 πολλάκις
2923 2903 3132 2956 ἀπέτεκε
3166 2922 3177 2932 ·
3209 2908 3297 2955 καὶ
3328 2910 3419 2954 νῦν
3461 2904 3524 2954 ἄν
3563 2903 3652 2955 οὐκ
3701 2901 3765 2962 εἰς
3795 2896 3879 2951 δύο

2299 2993 2499 3055 τελετὰς
2531 2998 2691 3064 μόνας
2746 2997 2804 3044 τό
2862 2996 3071 3065 φρικτὸν
3130 3001 3225 3054 τῆς
3276 2991 3676 3063 παλιγγενεσίας
3719 2986 3879 3043 διακό-

534 3082 755 3137 rituum
786 3080 1037 3136 varietas
1071 3080 1314 3135 minime
1352 3080 1569 3136 auferri
1603 3085 1815 3153 potest,
1848 3082 1963 3138 nisi
1994 3084 2188 3155 prima

2299 3083 2457 3154 ψειεν,
2500 3082 2625 3134 ἀλλά
2683 3088 2774 3135 xui
2818 3088 3006 3156 μυρίας
3039 3081 3196 3143 ἀλλας
3239 3090 3301 3152 τῇ
3353 3080 3629 3152 κᾶτατομῇ
3683 3076 3877 3149 προϐαι-

532 3170 765 3226 invecta
793 3169 1122 3235 diversitas,
1161 3186 1298 3242 qua:
1328 3169 1511 3225 divini
1551 3171 1832 3242 praecepti
1878 3186 2187 3243 praeroga-

535 3258 716 3315 tivam
742 3258 1177 3329 pessumdedit,
1212 3258 1389 3314 simul
1421 3259 1741 3315 auferatur.

535 3350 800 3400 πτύνουσα
826 3350 883 3398 τὸ
908 3346 1093 3399 ἑνιαῖον
1122 3353 1210 3399 καὶ
1240 3348 1471 3419 ἄτμητον
1496 3357 1588 3409 τῆς
1618 3348 1893 3416 εὐσεϐείας,
1931 3356 2019 3403 καὶ
2053 3354 2109 3403 τό
2142 3360 2230 3413 τῆς
2258 3356 2639 3424 μυσταγωγίας
2682 3347 2940 3421 μονοειδὴς
2970 3354 3059 3401 καὶ
3099 3354 3420 3422 μονότροπον

2298 3176 2482 3233 νούσας
2535 3169 2799 3236 ἐπιδείξει,
2857 3177 2948 3229 την
3014 3176 3224 3243 πρώτην
3298 3172 3609 3242 προσθήκην
3664 3167 3878 3241 ἀφορμὴν

3163 3280 3175 3292 ·
3208 3265 3298 3312 καὶ
3356 3260 3431 3321 εἶς
3476 3258 3670 3318 πλῆθος
3719 3254 3876 3307 ἀπολε-

3461 3362 3475 3375 ·
3511 3348 3570 3409 ἀς
3602 3346 3762 3399 οὐκέτι
3791 3362 3875 3395 πα-

2300 3264 2525 3336 εύροῦσα
2573 3270 2673 3313 τῶν
2739 3263 2866 3332 μετὰ
2920 3264 3114 3318 ταύτην

536 3441 943 3511 ραγραφόμενον,
977 3433 1100 3489 οὐδὲ
1120 3442 1213 3495 τὴν
1244 3443 1453 3511 πρωτην
1484 3438 1902 3510 ἐπεισελθοῦσαν,
1932 3444 2022 3492 καὶ
2042 3444 2101 3492 τό
2126 3445 2403 3516 προνόμιον
2433 3449 2528 3501 τῆς
2548 3446 2869 3501 Δισποτικῆς
2896 3438 3101 3498 ἐντολῆς
3130 3440 3477 3505 νοθεύσασαν,
3506 3441 3577 3508 μὴ
3609 3435 3729 3505 ούχὶ
3756 3452 3871 3503 συμ-

536 3528 993 3601 παραγράφεσθαι.

609 3632 659 3682 5.
676 3625 859 3681 Cerne
874 3630 1094 3689 autem,
1113 3626 1311 3691 sodes,
1325 3631 1473 3697 quot
1489 3626 1546 3682 in
1564 3631 1758 3697 partes
1771 3628 1999 3683 dividat
2015 3633 2193 3701 atque

537 3714 1119 3788 dispertiatdivinam
1134 3714 1549 3787 cmlestemque
1570 3716 1910 3787 adoptionis
1942 3718 2193 3786 gratiam

537 3804 997 3868 inconsiderata,
1034 3809 1097 3859 ut
1125 3805 1411 3871 diximus,
1450 3806 1759 3861 verborum
1793 3806 2189 3873 observantia,

538 3893 699 3967 apud
718 3909 819 3949 eos
836 3894 936 3965 qui
956 3892 1163 3949 nolunt
1182 3894 1255 3948 ad
1271 3894 1566 3965 penetrale
1578 3894 1841 3951 veritatis
1862 3910 2191 3968 permeare.

540 3983 771 4055 Quippe
789 3983 1122 4038 secundum
1141 3998 1339 4038 eorum
1357 3983 1709 4048 institutum,
1727 3985 1826 4057 qui
1856 3984 2039 4040 verba
2058 3986 2192 4057 plus

538 4087 713 4144 mquo
735 4071 1080 4143 suspiciunt,
1107 4071 1255 4127 alter
1275 4072 1522 4143 quidem
1542 4072 1688 4128 ritus
1706 4073 1764 4128 in
1788 4075 2030 4129 nomine
2055 4078 2193 4131 Jesu

539 4160 747 4217 Christi
777 4160 1057 4233 baptizat,
1084 4161 1230 4217 alter
1261 4161 1678 4216 tantummodo
1718 4163 1776 4216 in
1812 4164 2053 4219 nomine
2086 4167 2195 4220 Do-

2379 3649 2418 3683 ε.
2485 3628 2621 3703 Ὀρα
2676 3626 2734 3681 δε
2779 3628 2845 3688 εἰς
2890 3632 3032 3680 πόσα
3079 3631 3375 3699 κατατέμνει
3436 3629 3520 3677 xui
3568 3620 3878 3693 καταμερίζιι

2303 3722 2360 3770 τό
2394 3721 2524 3771 θεῖον
2564 3724 2651 3770 καὶ
2699 3718 2935 3790 οὐράνιον
2982 3719 3230 3789 χάρισμα
3278 3724 3370 3776 τῆς
3422 3716 3682 3771 υἱοθεσίας
3726 3713 3751 3767 η
3793 3716 3878 3759 τὼν

2302 3810 2546 3882 ῥημάτων
2594 3811 2657 3868 ὡς
2697 3807 2942 3867 πολλάκις
2992 3810 3176 3878 ἔφημεν
3228 3805 3585 3865 ἀϐασάνιστος
3632 3802 3875 3872 προσοχὴ,

2302 3901 2488 3949 καὶτὸ
2535 3901 2605 3969 μὴ
2663 3895 2948 3969 βούλεσθαι
3007 3900 3133 3966 πρός
3178 3899 3234 3947 τὸ
3292 3894 3463 3966 βάθος
3504 3900 3596 3952 τῆς
3662 3889 3879 3944 ἀληθείας

2304 3983 2681 4039 καταδύεσθαι.
2734 3984 2794 4039 Ἡ
2852 3989 2942 4056 μεν
2992 3988 3092 4056 γὰρ
3152 3987 3287 4035 κατά
3344 3988 3442 4041 τὴν
3506 3982 3742 4033 ὑπόθεσιν
3793 3982 3877 4025 τῶν

2304 4079 2433 4149 πρὸς
2484 4078 2576 4137 τάς
2623 4074 2780 4137 λέξεις
2835 4080 3155 4142 κεχηνότων,
3211 4073 3260 4124 ἐν
3314 4080 3388 4142 τῷ
3460 4071 3665 4143 ὀνόματι
3721 4066 3877 4121 Ἰησού

2306 4172 2538 4236 Χριστοῦ
2592 4162 2859 4235 βαπτίζει,
2916 4163 3040 4220 άλλη
3083 4160 3141 4214 δὲ
3193 4162 3238 4213 ἐν
3307 4169 3377 4231 τῷ
3416 4161 3628 4231 ὀνόματι
3654 4162 3739 4208 τοῦ
3792 4158 3878 4203 Ku-

539 4250 703 4306 mini.
723 4252 1062 4315 Quamnam
1092 4250 1267 4319 igitur
1296 4266 1365 4304 ex
1384 4249 1477 4304 his
1511 4249 1773 4305 formulis
1800 4252 1858 4306 in
1884 4256 2035 4307 sacri
2063 4270 2188 4309 mu-

2306 4258 2422 4325 ρίου
2473 4258 2645 4322 μόνον.
2705 4258 2818 4304 Τίνι
2866 4249 2953 4303 οὖν
3007 4261 3105 4303 τῶν
3156 4252 3435 4323 εἰρημένων
3489 4248 3537 4301 ἐν
3582 4256 3640 4318 τῇ
3682 4251 3765 4296 τοῦ
3791 4238 3879 4293 de}-

537 4340 696 4396 neris
717 4339 1145 4395 ministratione
1175 4339 1602 4411 usurpabimus
1635 4339 1662 4393 ?
1689 4342 1887 4412 Neque
1919 4342 2079 4397 enim
2112 4343 2193 4399 al-

538 4429 720 4485 ternis
750 4434 805 4484 et
837 4444 944 4499 pro
966 4427 1133 4485 libito
1155 4427 1244 4483 his
1281 4427 1642 4483 dictionibus
1681 4430 1763 4485 uti
1793 4429 1929 4485 licet
1960 4453 1970 4484 :
1997 4435 2051 4487 et
2094 4433 2197 4504 qui

539 4520 883 4577 alterutram
924 4518 1343 4590 praedictarum
1377 4518 1595 4585 abolet,
1623 4519 1671 4574 is
1713 4521 1872 4575 viam
1900 4521 2091 4577 munit
2120 4522 2195 4578 ad

542 4609 684 4664 alias
712 4623 954 4679 quoque
976 4607 1335 4664 abolitiones
1358 4607 1886 4666 constabiliendas.
1910 4610 2101 4683 Atque
2120 4612 2200 4668 ita

540 4698 689 4754 ritus
704 4702 947 4754 cunctos
968 4696 1119 4752 inter
1140 4714 1202 4751 se
1220 4697 1392 4769 quasi
1415 4698 1618 4768 praelio
1636 4698 2001 4756 committent
2030 4701 2068 4755 ii
2095 4701 2199 4773 qui

540 4785 897 4858 baptismum
914 4800 985 4841 ex
999 4785 1301 4840 Dominica
1314 4784 1683 4842 institutione
1697 4787 2017 4844 celebrant.
2034 4790 2198 4854 Quod

543 4875 590 4931 si
612 4876 671 4929 in
704 4874 967 4947 mysticae
998 4874 1332 4945 adoptionis
1352 4873 1622 4930 formulis
1644 4875 1833 4932 libera
1862 4876 2199 4933 sitfacultas

542 4965 653 5020 hoc
683 4963 1010 5028 auferendi,
1037 4962 1183 5018 illud
1206 4962 1522 5034 adjicieudi
1549 4983 1561 5032 ;
1594 4964 1868 5037 quisjam
1891 4966 2196 5038 impediat,

544 5052 867 5127 quominus
901 5051 997 5107 alii
1038 5051 1203 5116 alias,
1240 5057 1444 5123 praster
1482 5054 1692 5125 dictas,
1734 5056 2066 5126 excogitent
2096 5055 2201 5111 ini-

544 5141 816 5197 tiationes
836 5138 864 5195 Ἰ
884 5142 1119 5206 Quanto
1141 5141 1317 5210 igitur
1327 5142 1542 5211 justius
1570 5148 1744 5214 atque
1762 5148 1927 5200 extra
1956 5160 2199 5201 omnem

546 5229 1013 5287 controversiam
1054 5234 1160 5295 est,
1198 5244 1332 5286 eam
1387 5230 1671 5287 stabiliter
1720 5248 1840 5303 praa
1878 5232 2200 5290 arbitrariis

545 5317 868 5376 formulam
884 5318 1153 5385 retinere,
1170 5334 1356 5391 quam
1376 5319 2052 5393 ipsius'veritatislingua
2067 5338 2200 5397 pro-

616 5499 892 5568 5""_Act.
920 5515 977 5567 ιι,
1006 5502 1074 5555 38
1102 5515 1116 5566 ;
1149 5516 1203 5564 x,
1228 5500 1315 5555 48.
1393 5501 1440 5536 ³⁵
1462 5504 1585 5557 Act.
1605 5517 1727 5569 ιιι,
1766 5506 1817 5557 5.

3298 4339 3408 4391 Οὐκ
3458 4343 3643 4410 ἔχουσι
3693 4335 3783 4403 γὰρ
3828 4330 3877 4379 τό

2306 4432 2662 4504 παραλλάττον
2718 4428 2839 4483 οὐδὲ
2897 4436 2954 4482 τό
3006 4433 3407 4505 προκεκριμένον
3464 4425 3753 4498 κεχρῆσθαι
3787 4424 3879 4476 τοῖς

2306 4363 2398 4416 ρου
2462 4344 2819 4415 τελεσιουργία
2865 4343 3181 4415 χρησόμεθα
3227 4360 3238 4407 ;

2311 4520 2638 4592 βουλομένοις
2687 4522 2739 4571 αἰ
2794 4525 2955 4591 φωναί
3016 4536 3026 4547 ⁸
3086 4521 3243 4570 καὶὸ
3295 4522 3416 4589 μίαν
3478 4524 3575 4567 τῶν
3632 4511 3877 4584 εἰρημένων

2307 4614 2781 4683 παραγραφόμενος,
2819 4605 3005 4661 ἔδωκεν
3060 4605 3182 4659 ὁδὸν
3224 4605 3297 4659 δι’
3342 4608 3403 4669 ἧς
3450 4606 3621 4668 ἕξουσι
3676 4604 3728 4652 τό
3774 4595 3878 4668 κρά-

2309 4719 2395 4759 τος
2434 4704 2523 4750 xui
2567 4709 2665 4749 τῶν
2710 4698 2873 4750 ἄλλων
2923 4698 2978 4748 αἱ
3028 4702 3389 4772 παραγραφαί.
3426 4700 3526 4747 Καὶ
3567 4692 3695 4744 οὕτω
3731 4687 3878 4738 πάσας

2308 4791 2442 4840 κατά
2480 4796 2663 4840 πασῶν
2695 4789 3120 4861 παρατάττεσθαι
3173 4785 3546 4838 συνελάσουσιν
3596 4776 3735 4850 οἶμαι
3762 4788 3879 4824 κατα

2309 4883 2401 4935 τὴν
2434 4873 2746 4934 δεσποτικὴν
2792 4880 3167 4948 μυσταγωγίαν
3207 4874 3466 4933 τελοῦντες
3502 4874 3557 4923 τό
3603 4867 3874 4941 βάπτισμα.

2313 4972 2413 5021 Καὶ
2464 4968 2505 5019 εἰ
2556 4963 2771 5018 δέδοται
2819 4970 2954 5017 κατά
3002 4969 3089 5026 τὰς
3146 4964 3454 5037 ἐκφωνήσεις
3509 4968 3601 5020 τῆς
3643 4956 3876 5027 μυστικῆς

2311 5058 2574 5117 υἱοθεσίας
2625 5060 2681 5106 τό
2741 5060 2827 5126 μεν
2877 5054 3091 5126 ἀφελεὶν,
3126 5058 3183 5105 τὸ
3235 5050 3294 5105 δε
3344 5052 3660 5124 προσθεῖναι,
3706 5045 3753 5093 τί
3794 5056 3877 5088 κω-

2309 5146 2416 5197 λύει
2463 5144 2615 5196 πάλιν
2653 5148 2772 5205 τοὺς
2821 5142 3160 5217 βουλομένους
3225 5148 3314 5193 καὶ
3370 5142 3510 5214 παρά
3560 5138 3643 5195 τάς
3695 5131 3873 5217 εἰρημεο

2311 5254 2397 5294 νας
2444 5234 2616 5306 ἐτέρας
2666 5233 2879 5285 ἐπινοεῖν
2928 5234 3127 5293 τελετάς
3183 5250 3196 5297 ;
3240 5236 3394 5301 Πόσῳ
3448 5225 3506 5281 δὴ
3554 5221 3730 5297 μᾶλλον
3778 5214 3876 5265 ἀντι

2314 5332 2411 5374 τῶν
2457 5304 2550 5374 οὐκ
2581 5322 2855 5396 εἰρημένων
2913 5322 2973 5380 ἢν
3023 5325 3050 5379 ὴ
3114 5329 3202 5381 τῆς
3243 5320 3484 5379 ἀληθείας
3525 5315 3682 5371 αὐτῆς
3722 5304 3875 5358 ἀπεθί-
