3950 6180
188 269 276 340 309
1196 279 1286 332 AD
1330 270 1873 334 AMPHILOCHIUM
1913 277 2239 344 QUIES'I‘IO
2277 281 2476 338 XLIII.

3427 278 3535 342 310

188 427 324 462 σπισε
371 407 596 481 γλῶσσα
641 407 836 465 ταύτην
890 406 1179 478 κρατύνειν,
1247 408 1336 457 καὶ
1387 405 1522 456 κατὰ
1568 404 1763 461 ταύτην

1948 405 2190 472 mtiavit,
2259 411 2434 479 atque
2500 407 2680 479 hujus
2737 400 2939 465 verbis
3018 411 3526 481 regenerationem

188 498 380 551 ἐκτελεῖν
417 502 507 554 τὴν
556 497 956 569 παλιγγενεσίαν
1004 496 1147 548 ὅσιόν
1191 513 1244 546 τε
1271 499 1361 546 καὶ
1390 492 1557 552 αἰτίας
1587 494 1766 553 πάσης

186 589 577 660 ὑπερανεστηκός
604 606 618 654 ;

245 677 312 741 ς’.
349 683 451 730 Καὶ
498 681 640 730 οὔπω
678 679 820 729 εἷπον
876 684 978 728 τῶν
1035 674 1263 745 ἐλέγχων
1314 675 1372 725 τὸ
1417 674 1630 744 ἄμαχον
1687 673 1768 724 ὅτι

184 762 410 818 δώσουσι
438 766 534 817 κᾶν
572 770 643 836 μὴ
686 765 902 818 θέλωσιν
936 767 985 816 οἱ
1015 768 1108 822 τὴν
1141 760 1458 820 δεσποτικὴν
1487 780 1766 833 μυσταγω-

183 859 286 924 γίαν
349 854 440 908 ἀπ’
504 855 682 929 ἀρχῆς
727 855 980 919 λιπόντες,
1034 856 1282 925 ἀπείρους
1336 855 1431 913 τὰς
1486 860 1582 913 τῆς
1646 857 1770 923 μιᾶς

183 946 435 1006 υἱοθεσίας
473 944 698 1006 τελετὰς,
743 949 834 996 καὶ
887 943 957 1004 εἰς
1011 943 1205 1015 χλεύην
1252 946 1310 994 τὸ
1342 943 1591 1015 χάρισμα
1630 959 1771 1014 περι-

184 1039 457 1090 στήσουσι.
517 1037 847 1088 Βαπτίσουσι
896 1029 954 1086 δι
1001 1037 1090 1084 καὶ
1133 1031 1302 1084 ούιιίτι
1343 1038 1436 1082 τοῦ
1474 1032 1645 1102 ἱερέως
1683 1032 1772 1090 τὰς

184 1125 471 1196 θεοπρεπεῖς
513 1130 986 1195 μυσταγωγούντος
1038 1121 1270 1184 κλήσεις,
1326 1118 1431 1171 ἀλλ’
1490 1118 1651 1170 αὐτοῦ
1712 1137 1772 1188 γε

181 1222 258 1264 τού
316 1218 613 1285 μυουμένου
673 1215 774 1284 πρὸ
823 1219 915 1263 τοῦ
964 1212 1228 1282 μυηθῆναι
1275 1213 1370 1267 τὴν
1418 1214 1770 1280 μυσταγωγὴν

180 1303 356 1374 πρᾶξιν
402 1303 749 1377 ἁρπάζοντος,
792 1305 879 1352 καὶ
926 1305 1040 1352 τότε
1069 1299 1173 1371 οὐχ
1212 1299 1411 1373 ἑτέρους
1455 1297 1562 1350 ἀλλ’
1594 1297 1771 1352 ἑαυτὸν

178 1395 513 1465 καθαίροντος
555 1400 628 1458 τῷ
677 1391 877 1462 λουτρῷ
923 1397 1018 1450 τῆς
1060 1389 1473 1459 παλιγγενεσίας.
1519 1393 1618 1441 Καὶ
1669 1391 1770 1463 γὰρ

179 1483 217 1534 ἐν
263 1482 456 1542 αὐταῖς
509 1480 621 1534 ἐστι
673 1489 772 1532 τῶν
807 1479 1106 1532 ἀποστόλων
1157 1481 1322 1553 εὑρεῖν
1370 1485 1482 1539 ταῖς
1522 1481 1770 1552 ἁγιοπρε·

177 1576 290 1623 πέσι
367 1570 646 1644 Πράξεσιν,
707 1572 775 1632 ὡς
839 1577 939 1621 τῶν
991 1571 1234 1640 μαθητῶν
1299 1569 1370 1628 εἷς
1435 1569 1691 1639 ὑπάρχων
1749 1570 1773 1618 6

178 1661 432 1724 Ἀνανίας,
493 1664 584 1712 καὶ
642 1661 782 1720 θείας
835 1658 999 1729 ὅψεως
1063 1661 1496 1732 προσταττούσης
1564 1657 1629 1717 εἰς
1686 1659 1774 1708 τὸν

1876 513 2162 570 peragere
2187 497 2215 553 τ

1948 675 2001 730 6.
2044 675 2320 732 Nondum
2343 679 2545 731 tamen
2564 675 2846 732 invictam
2867 678 3082 748 protuli
3112 677 3410 750 opinionis
3427 678 3535 735 hu-

1874 764 1972 835 jus
1996 764 2414 820 refutationem
2450 781 2463 830 ;
2496 781 2714 836 nempe
2737 767 2902 837 quod
2932 767 2992 822 in
3022 768 3395 824 Dominicum
3427 768 3536 824 ini.

1881 855 2139 911 tiationis
2169 854 2346 910 ritum
2374 855 2645 911 deserere
2661 855 2967 927 coeperint,
2998 857 3036 912 ii
3065 857 3156 912 vel
3183 857 3348 914 inviti
3371 858 3537 914 innu-

1881 943 2197 1000 merabiles
2216 943 2394 998 unius
2411 945 2752 1016 adoptionis
2768 945 3028 1000 rationes
3045 947 3537 1018 procudent,gra-

1881 1033 2147 1104 tiamque
2168 1033 2325 1088 hanc
2344 1033 2604 1089 ludibrio
2633 1033 2929 1102 objicient.
2964 1036 3352 1107 Baptizabunt
3376 1037 3535 1093 enim

1881 1121 2183 1192 haudjam
2214 1123 2524 1178 sacerdote
2549 1122 2785 1178 divinas
2811 1129 3107 1194 praeeunte
3133 1125 3538 1181 invocationes

1881 1227 2088 1266 verum
2108 1211 2242 1282 ipso
2259 1211 2583 1282 necphyto,
2605 1217 2930 1284 antequam
2945 1213 3219 1282 initietur,
3238 1219 3540 1286 mystago—

1883 1301 2083 1371 gicum
2113 1305 2310 1356 actum
2333 1299 2448 1356 sibi
2479 1301 2820 1357 vindicante
2846 1319 2859 1358 :
2888 1303 2970 1358 ita
2995 1307 3058 1358 ut
3084 1303 3246 1360 haud
3265 1305 3414 1360 alios
3432 1304 3538 1360 sed

1883 1389 2016 1462 ipse
2055 1404 2117 1444 se
2165 1389 2405 1444 lavacro
2451 1391 2914 1458 regenerationis
2953 1392 3168 1463 expiet.
3220 1393 3444 1449 Etenim
3478 1392 3538 1448 in

1884 1477 2104 1534 sanctis
2151 1477 2294 1547 ipsis
2337 1478 2744 1548 apostolorum
2795 1480 3036 1535 Actibus
3068 1483 3135 1545 ³⁸,
3171 1481 3433 1536 Ananias
3467 1497 3539 1537 ex

1884 1565 2190 1637 discipulis
2214 1582 2396 1636 unus,
2427 1567 2646 1622 cmlesti
2668 1569 2794 1624 viso
2815 1568 3020 1638 jussus
3044 1571 3103 1623 in
3127 1570 3537 1640 apostolorum

1885 1661 2105 1711 emtum
2131 1655 2428 1711 ascribere
2454 1661 2895 1726 persecutorem
2917 1658 3081 1713 illum
3110 1674 3431 1730 acremque
3457 1674 3543 1714 re-

177 1753 334 1821 χορὸν
387 1757 492 1799 τῶν
541 1747 842 1800 ἀποστόλων
892 1755 1202 1818 συναγαγεῖν
1260 1752 1352 1805 τὴν
1411 1744 1640 1804 διώκτην
1686 1749 1775 1798 καὶ

1948 1746 2120 1814 ιίοιιίε
2135 1747 2392 1809 hostem,
2410 1745 2680 1802 nondum
2707 1747 2955 1802 Paulum
2976 1747 3250 1803 effectum
3277 1765 3292 1814 ;
3314 1753 3544 1820 postea-

177 1834 340 1890 δεινόν
398 1837 641 1910 πολέμιον
686 1845 781 1899 τῆς
829 1836 1088 1898 εὐσεϐείας
1135 1839 1222 1888 τὸν
1271 1839 1416 1888 οὔπω
1463 1836 1662 1888 Παῦλον
1691 1855 1774 1906 γει

175 1931 383 1996 τοῦτα,
433 1929 592 1984 ἡνίκα
633 1930 820 1979 καὶτὸ
869 1929 1162 1998 σωματικόν
1221 1930 1407 1987 σκότος
1463 1934 1562 1977 τῶν
1610 1925 1774 1996 ὁψεων

175 2023 234 2087 τῇ
283 2025 385 2076 τῆς
440 2020 622 2089 χειρός
679 2015 783 2088 ἀφῇ
835 2017 862 2068 6
914 2018 1261 2088 μυσταγωγὸς
1331 2023 1424 2068 τοῦ
1481 2019 1774 2087 μυουμένου

175 2105 415 2179 περιεῖλε,
473 2109 588 2158 τότε
639 2101 709 2164 δὴ
761 2111 875 2158 τότε
923 2107 948 2156 6
993 2105 1232 2166 Ἀνανίας
1277 2107 1409 2178 πρὸς
1437 2107 1524 2156 τόν
1554 2103 1608 2156 ἐκ
1651 2109 1776 2156 σαό-

177 2213 299 2255 τους
346 2194 418 2256 εἰς
456 2198 516 2246 τὸ
563 2201 672 2266 φῶς
708 2199 797 2247 καὶ
844 2197 931 2246 τὸν
986 2201 1103 2246 νοῦν
1140 2195 1349 2253 καὶτὰς
1384 2193 1529 2263 ὄψεις
1567 2192 1777 2266 μεταϐε-

176 2283 446 2355 Ωημένον,
526 2289 614 2337 καὶ
686 2292 796 2348 νῦν,
863 2289 1013 2356 φησὶ,
1067 2288 1127 2337 Τί
1173 2281 1422 2355 με’λλεις;
1493 2283 1774 2343 Ἀναστὰς,

180 2372 445 2445 βάπτισαι
474 2377 562 2425 καὶ
586 2372 878 2426 ἀπόλουσαι
916 2376 1004 2434 τὰς
1042 2373 1299 2448 ἁμαρτίας
1343 2391 1438 2425 σου
1473 2371 1776 2424 ἐπικαλεσά-

178 2481 327 2531 μενος
367 2467 426 2514 τὸ
467 2462 628 2535 ὄνομα
671 2471 766 2515 τοῦ
812 2467 1005 2536 Κυρίου
1031 2480 1046 2493 ο
1083 2467 1149 2515 σὺ
1193 2461 1638 2534 ἐπικαλεσάμενος,
1673 2459 1777 2512 ἀλλ’

178 2553 306 2623 οὐχὶ
333 2555 470 2613 τινος
500 2552 667 2627 ίτίρου
711 2560 963 2624 μυοῦντος
1001 2550 1125 2605 ούδὶ
1168 2547 1448 2614 ίπάδοντος
1484 2554 1576 2612 τὰς
1607 2550 1780 2604 θεολό-

181 2661 307 2712 γους
359 2642 594 2702 κλήσεις.
646 2646 711 2694 Τί
751 2641 929 2712 λέγεις,
981 2643 1006 2693 6
1050 2643 1338 2713 μυούμενος
1371 2646 1492 2714 πρὶν
1537 2641 1566 2699 ἦ
1600 2647 1781 2711 τυχεῖν

184 2739 276 2791 τῆς
351 2736 598 2802 μυήσεως
673 2729 1077 2803 ίμυσταγὼγει;
1137 2732 1164 2782 6
1237 2738 1333 2791 τῆς
1395 2730 1782 2801 παλιγγενεσίας

185 2817 442 2891 δεόμενος,
511 2819 664 2894 αιᾶτρς
710 2819 912 2894 ἐνήργει
969 2824 1057 2878 τὴν
1111 2819 1554 2891 παλιγγενεσίαν;

189 2911 357 2982 ἱερέως
394 2914 560 2983 χερσὶ
603 2914 693 2961 καὶ
741 2909 944 2981 χείλεσι
982 2909 1342 2981 τελειούμενος,
1379 2908 1535 2970 αὐτὸς
1559 2911 1617 2960 τὸ
1649 2908 1784 2960 ἐκεί-

187 3017 273 3050 νου
334 2997 586 3073 ἁρπάζων
638 2997 842 3069 ἀξίωμα
893 2998 1056 3068 ἐαυτῷ
1112 3003 1207 3056 τὴν
1255 2997 1543 3056 τελειότητα
1586 3001 1786 3072 περιτί-

191 3090 310 3145 θησι
345 3105 358 3150 ;

192 3179 329 3238 θότες
376 3181 474 3234 τὴν
522 3181 842 3234 Δεσποτικήν
894 3176 1099 3235 ἐντολὴν
1150 3178 1591 3251 παραγράφονται,
1634 3183 1788 3227 τοῦτο

190 3267 411 3337 νομίζειν
441 3265 633 3327 αὐτοὺς
687 3269 777 3318 καὶ
833 3272 903 3338 μὴ
955 3265 1301 3339 βουλομένους
1331 3265 1556 3318 ἀπαιτεῖ.
1587 3268 1790 3337 Τρόπος

195 3351 274 3406 οὖν
311 3354 458 3415 οὗτος
506 3353 659 3416 ἄλλος
711 3361 952 3427 μυήσεως
1008 3353 1194 3428 μηδενὶ
1259 3365 1357 3407 τῶν
1408 3360 1789 3429 προειρημένων

1612 2821 1638 2870 6
1692 2825 1782 2870 τοῦ

197 3450 592 3517 συμφερόμενος.
649 3443 811 3496 Ὀταν
857 3441 916 3497 δε
959 3447 984 3496 6
1041 3453 1320 3518 κορυφαῖος
1364 3447 1457 3506 τὰς
1512 3443 1790 3504 χαθολικὰς

199 3538 524 3606 παραινέσεις
557 3535 770 3605 γράφων
820 3541 924 3594 τοῖς
967 3543 1066 3587 τῶν
1115 3531 1385 3588 Ἰουδαίων
1417 3537 1465 3586 ἓν
1497 3531 1784 3605 διασπορᾷ,

203 3631 269 3691 τῷ
322 3619 508 3695 δρόμῳ
565 3631 662 3682 τῆς
717 3629 954 3693 γλώττης
999 3628 1090 3675 ναὶ
1120 3631 1193 3693 τῷ
1242 3625 1399 3695 τάχει
1449 3631 1537 3682 τῆς
1588 3630 1790 3696 γραφῆς

197 3718 370 3786 χερσὶν
430 3710 623 3783 ἀμφοῖν
667 3712 995 3764 καθυπάτευε
1035 3713 1171 3783 (40),
1213 3715 1271 3764 τὸ
1305 3711 1587 3784 βάπτισμα
1629 3730 1790 3763 συνειο

202 3797 392 3860 δησεως
423 3799 774 3852 ἀπεθέσπισεν
800 3799 1014 3870 ἀγαθῆς,
1039 3801 1134 3852 οὐκ
1163 3800 1218 3852 ίκ
1243 3797 1492 3874 τρίποδος
1518 3805 1790 3873 χρώμενος

197 3896 459 3957 μαντικοῦ,
505 3887 614 3940 ἀλλ’
663 3887 717 3939 ἐκ
763 3888 1044 3946 θεολήπτου
1093 3889 1282 3961 ψυχῆς
1327 3888 1594 3963 ἱερολογῶν
1627 3908 1640 3920 ο
1685 3887 1790 3940 ἀλλ’

199 3980 291 4050 ἐρα
325 3979 460 4049 ούχὶ
491 3982 560 4030 σύ
590 3977 744 4030 πάλιν
782 3978 1046 4051 ἁρπάσαις
1081 3984 1174 4036 τὴν
1203 3978 1357 4046 λέξιν,
1384 3983 1471 4030 καὶ
1513 3997 1790 4050 μυσταγω-

201 4072 313 4135 γίας
369 4067 545 4140 ἐτέρας
573 4067 847 4138 εἰσήγησιν
886 4067 979 4119 οὐχ
1023 4067 1394 4141 ἁνακηρύξαις,
1439 4072 1526 4120 καὶ
1579 4067 1792 4140 λουτρὸν

198 4154 498 4225 ἐγιαινίζειν
537 4157 929 4228 ἁμαρτημάτων
977 4159 1284 4231 καθάρσιον,
1327 4157 1420 4210 οὐκ
1459 4155 1538 4209 ἔπ’
1582 4157 1792 4228 ὀνόματι

198 4254 282 4296 τού
322 4249 520 4319 Κυρίου
572 4245 747 4302 Ἰησοῦ
797 4244 1117 4317 τελούμενον,
1147 4243 1270 4298 οὐδὲ
1321 4245 1436 4298 κατ’
1481 4245 1631 4298 ἄλλον
1680 4249 1794 4298 τινὰ

199 4341 288 4383 τῶν
334 4334 614 4407 εἰρημένων
669 4332 819 4403 λόγον
867 4338 1398 4406 μυσταγωγούμενον,
1447 4332 1572 4386 ἀλλὰ
1621 4353 1791 4386 συνει·⁹

199 4418 395 4482 δόσεως
434 4421 636 4493 ἀγαθῆς
667 4423 739 4484 εἰς
777 4427 906 4476 Θεὸν
945 4426 1186 4495 ὑπάρχον
1231 4424 1542 4497 ἐπερώτημα
1575 4441 1589 4491 ;
1636 4423 1792 4498 Ὀρᾲς

199 4513 332 4573 ὅσοις
384 4510 602 4572 ἀτόποις
648 4511 861 4574 ἑαυτούς
905 4509 1234 4575 ἐκδιδόασιν,
1286 4515 1363 4575 οἷς
1400 4515 1430 4571 ἡ
1479 4522 1574 4565 τῶν
1603 4512 1764 4585 ὁνομά

203 4619 291 4650 των
350 4599 703 4660 ἀϐασάνιστος
763 4604 1006 4675 προφορὰ
1059 4609 1155 4662 τῆς
1212 4601 1261 4652 ἐν
1321 4609 1428 4664 τοῖς
1489 4604 1792 4676 πράγμασιν

205 4686 435 4749 ἀληθείας
482 4693 907 4762 προτετίμηται;
946 4688 1106 4742 Ἀλλὰ
1151 4694 1202 4741 τί
1236 4709 1369 4761 φημι
1405 4695 1495 4742 καὶ
1527 4691 1696 4764 ἕτερον
1742 4710 1794 4742 τι

210 4775 297 4827 tein
344 4782 621 4851 εἰρημένων
661 4773 873 4840 οὐδενὸς
919 4777 1389 4853 ἀνεπαχθέστερον,
1422 4781 1505 4831 ἱνα
1552 4783 1622 4850 μὴ
1663 4779 1794 4849 λέγω

209 4870 397 4918 πάντων
455 4865 786 4940 βαρύτερον;
840 4866 896 4920 Ἠ
949 4875 1042 4919 τοῦ
1096 4870 1386 4938 πνεύματος
1441 4867 1792 4940 μεγαλόφωνος

215 4953 423 5025 σάλπιγξ
477 4955 680 5017 Παῦλος
740 4958 766 5007 6
841 4957 1118 5030 μετάρσιος
1183 4958 1456 5031 ἄνθρωπος
1515 4961 1651 5028 μίγα
1701 4962 1790 5008 καὶ

213 5049 462 5113 περιφανὲς
507 5043 881 5109 ἁπεσάλπισεν,
922 5047 992 5107 ὡς
1041 5045 1108 5105 εἰς
1153 5050 1240 5098 τὸν
1289 5047 1504 5098 θάνατον
1561 5053 1792 5118 Χριστοῦ

215 5131 347 5198 ἡμεῖς
392 5133 798 5206 ἐϐαπτίσθημεν.
852 5136 1106 5202 ’Δκούεις,
1150 5136 1405 5207 ἄνθρωπε,
1449 5134 1578 5186 ἀλλὰ
1625 5141 1791 5206 προεῖ-

278 5274 320 5306 ³⁸
349 5277 465 5331 Act.
499 5292 576 5343 lx,
609 5277 675 5331 10
703 5291 830 5348 seq.
909 5277 953 5312 ³⁷
985 5275 1003 5330 Ι
1040 5275 1189 5332 Patr.
1224 5291 1302 5341 ιιι,
1333 5278 1420 5332 2|.

1883 1851 2069 1906 quam
2101 1849 2421 1906 corporeas
2454 1835 2732 1890 tenebras
2763 1852 2947 1892 manu
2973 1837 3257 1908 imposita
3282 1837 3545 1894 initiator

1882 1922 2111 1979 initiato
2141 1923 2372 1994 eripuit,
2407 1927 2548 1979 tunc
2579 1924 2823 1979 demum
2864 1926 3128 1980 Ananiae
3158 1925 3408 1987 homini,
3441 1924 3545 1996 qui

1885 2011 2103 2068 mentis
2136 2011 2313 2066 simul
2347 2017 2403 2066 et
2440 2012 2752 2067 oculorum
2783 2013 2982 2068 visum
3014 2019 3315 2085 receperat
3347 2029 3358 2070 :
3392 2012 3544 2078 Quid

1884 2099 2161 2163 moraris,
2191 2099 2316 2154 ait?
2344 2100 2549 2168 Surge,
2581 2099 2880 2171 baptizare
2907 2105 2961 2156 et
2987 2105 3120 2156 tuas
3147 2101 3358 2172 culpas
3385 2101 3539 2168 elue,

1886 2204 2108 2245 nomen
2156 2188 2387 2244 Domini
2432 2188 2718 2244 invocans
2751 2204 2764 2243 :
2797 2194 2883 2253 tu,
2914 2190 3185 2261 inquam,
3220 2190 3345 2260 ipse
3374 2189 3545 2244 invo-

1887 2294 2053 2344 cans,
2085 2293 2208 2334 non
2230 2277 2381 2333 alius
2406 2277 2650 2334 initians
2667 2293 2862 2350 neque
2879 2278 3117 2334 divinas
3134 2277 3544 2333 invocationes

1888 2369 2244 2441 praecinens.
2279 2367 2428 2434 Quid
2476 2368 2564 2423 ais
2591 2367 2620 2422 ?
2651 2368 2761 2424 tiro
2793 2368 3062 2423 nondum
3096 2368 3386 2432 initiatus,
3415 2367 3542 2438 jam

1891 2463 2089 2516 tamen
2139 2462 2532 2530 mystagogus
2570 2462 2697 2513 erat
2723 2459 2751 2512 ?
2782 2457 3246 2525 regenerationis
3277 2456 3542 2524 indigus,

1889 2552 2097 2605 auctor
2124 2547 2306 2603 ﬁebat
2330 2547 2795 2616 regenerationis
2822 2546 2850 2602 7
2879 2546 2980 2619 qui
3008 2546 3335 2603 sacerdotis
3360 2545 3551 2601 mani-

1890 2638 2004 2693 bus
2020 2636 2313 2709 Iabiisque
2337 2636 2663 2692 initiandus
2681 2641 2827 2700 erat,
2847 2637 2978 2708 ipse
2999 2636 3181 2709 hujus
3196 2635 3547 2704 dignitatem

1891 2726 2202 2792 invadens,
2223 2726 2734 2782 consecrationem
2755 2725 2991 2781 sibimet
3006 2725 3500 2798 circumponebat
3521 2723 3550 2778 ?

1893 2819 2040 2873 Nam
2074 2816 2277 2872 litterae
2303 2815 2667 2888 superﬁcies,
2698 2831 2821 2886 qua
2851 2815 2976 2870 freti
3007 2815 3378 2870 Dominicum
3400 2828 3547 2885 prte-

1893 2910 2131 2977 ceptum
2156 2905 2469 2975 abrogant,
2505 2905 2588 2959 sic
2622 2919 2724 2959 eos
2767 2908 3041 2967 statuere,
3075 2902 3183 2959 etsi
3215 2907 3427 2973 praeter
3451 2917 3549 2957 vo-

1893 2995 2204 3058 luntatem,
2256 2994 2429 3064 cogit.
2483 2992 2644 3048 Alius
2696 2992 2876 3061 igitur
2923 2992 3019 3047 hic
3066 2996 3155 3048 est
3202 2990 3547 3046 initiationis

407 3091 481 3140 Τὸ
530 3089 632 3162 γὰρ
685 3083 774 3140 τοῦ
803 3089 1108 3162 γράμματος
1154 3086 1472 3152 ἐπιπόλαιον,
1519 3087 1558 3136 ὧ
1609 3104 1781 3139 πεποι-

1948 3093 2060 3151 tus,
2093 3084 2360 3157 nullique
2388 3082 2768 3154 superiorum
2796 3081 3021 3137 similis.
3056 3080 3204 3146 Quid
3239 3095 3380 3136 vero
3410 3096 3548 3136 cum

1893 3175 2176 3247 princeps
2195 3171 2602 3244 apostolorum
2632 3169 2942 3239 generales
2967 3169 3411 3225 adhortationes
3431 3168 3552 3224 dis-

1898 3263 2083 3336 persis
2111 3262 2332 3319 Judaais
2363 3260 2650 3325 scribens,
2676 3260 2891 3329 lingua
2921 3273 3102 3314 cursu
3127 3257 3550 3330 scriptumque

1896 3353 2190 3410 celeritate
2211 3350 2497 3408 manibus
2516 3350 2735 3405 scilicet
2751 3348 3053 3405 ambabus
3075 3347 3553 3417 gubernans,ba-

1895 3443 2187 3514 ptismum
2218 3439 2596 3497 conscientiae
2622 3439 2794 3495 bona:
2811 3437 3106 3494 nuntiavit
3126 3439 3195 3503 ’⁷,
3224 3437 3390 3493 haud
3408 3451 3552 3494 sane

1895 3532 2138 3589 fatidico
2163 3531 2444 3586 insistens
2472 3529 2709 3602 tripodi,
2743 3528 2848 3584 sed
2875 3527 3078 3584 aﬂlato
3108 3525 3394 3582 divinitus
3423 3527 3551 3582 ani-

1897 3637 1995 3678 mo
2006 3619 2290 3693 loquens?
2302 3634 2501 3674 nonne
2514 3624 2577 3675 tu
2594 3619 2707 3674 hac
2718 3617 2991 3689 protinus
3005 3615 3263 3672 dictione
3277 3616 3550 3688 abrepta,

1897 3709 2362 3767 consecrationis
2380 3707 2620 3764 alterius
2637 3707 3040 3764 inventionem
3054 3705 3430 3778 prtedioabis,
3452 3720 3556 3762 no-

1899 3815 2039 3854 vum
2069 3813 2283 3869 nempe
2306 3797 2610 3853 lavacrum
2633 3805 2878 3868 peccata
2897 3796 3171 3867 expians,
3195 3809 3390 3866 neque
3411 3793 3473 3850 id
3493 3794 3554 3850 in

1902 3887 2135 3944 Domini
2161 3886 2189 3940 J
2196 3902 2302 3942 esu
2321 3885 2566 3941 nomine
2596 3885 3032 3957 peragendum,
3054 3899 3250 3956 neque
3276 3883 3393 3940 alio
3408 3898 3556 3955 quo-

1899 3977 1984 4032 vis
2013 3975 2434 4048 praedictorum
2468 3974 2786 4030 modorum
2835 3973 3402 4037 concelebrandum,
3448 3971 3557 4028 sed

1899 4071 2061 4139 quod
2087 4063 2462 4121 conscientias
2491 4063 2666 4119 bonas
2697 4063 2755 4118 in
2804 4065 2985 4118 Deum
3017 4061 3401 4134 interrogatio
3430 4061 3503 4116 sit
3529 4062 3557 4116 ?

1901 4158 2043 4210 Hem
2060 4154 2300 4227 quantis
2321 4170 2382 4208 se
2412 4151 2883 4208 absurditatibus
2906 4148 3217 4221 implicant
3242 4149 3322 4212 hi,
3347 4149 3448 4220 qui
3471 4149 3558 4204 in-

1899 4243 2234 4301 consultam
2249 4242 2556 4298 verborum
2570 4239 3108 4313 pronuntiationem
3122 4237 3346 4293 veritati
3367 4252 3555 4293 rerum

1899 4336 2272 4405 anteponunt
2305 4333 2316 4388 l
2348 4335 2463 4389 Cur
2493 4346 2670 4401 porro
2691 4330 2817 4400 jam
2846 4343 3174 4383 memorem
3206 4325 3554 4397 exemplum

1899 4421 2061 4477 aliud
2088 4423 2286 4476 minus
2305 4419 2647 4486 molestum,
2674 4433 2747 4472 ne
2764 4417 2961 4471 dicam
2978 4415 3250 4470 omnium
3276 4413 3558 4482 gravissi-

1902 4527 2069 4566 mum
2101 4511 2128 4564 ‘I
2159 4509 2504 4566 Clarissima
2534 4507 2721 4564 sancti
2749 4505 3000 4577 Spiritus
3032 4505 3174 4560 tuba
3205 4502 3443 4572 Paulus,
3461 4503 3557 4561 ille

1901 4598 2167 4654 mortalis
2197 4598 2394 4654 adhuc
2435 4597 2495 4652 in
2528 4595 2742 4654 caelum
2777 4593 3068 4662 sublatus,
3099 4592 3297 4650 valide
3326 4592 3555 4665 perspi-

1902 4703 2130 4759 cueque
2156 4686 2482 4759 personuit,
2504 4701 2614 4742 nos
2643 4685 2702 4741 in
2731 4683 2942 4741 Christi
2968 4687 3155 4739 morte
3174 4682 3352 4738 fuisse
3367 4681 3559 4755 bapti~

1900 4780 2085 4833 zatos.
2109 4775 2315 4832 Audin'
2337 4775 2520 4832 homo
2541 4775 2569 4830 ?
2586 4774 2761 4847 Atqui
2786 4772 2945 4829 idem
2971 4773 3184 4829 Paulus
3200 4776 3380 4828 antea
3397 4771 3560 4828 dixe-

1902 4870 2014 4931 rat,
2048 4887 2075 4918 «
2108 4867 2412 4938 Quotquot
2426 4865 2484 4920 in
2499 4864 2729 4921 Christo
2745 4862 3023 4934 baptizati
3043 4878 3252 4919 sumus
3271 4863 3342 4918 ²⁸.
3361 4883 3390 4912 ν
3406 4864 3558 4934 Ergo

1901 4956 2038 5012 dum
2059 4957 2186 5027 jam
2213 4959 2352 5010 sunt
2379 4953 2650 5010 initiandi
2681 4953 2972 5020 formulae,
2990 4952 3324 5008 secundum
3348 4967 3558 5008 eorum

1901 5045 2244 5118 opinionem
2273 5044 2376 5116 qui
2399 5043 2523 5098 sine
2541 5042 2767 5114 judicio
2789 5041 2904 5097 ullo
2937 5039 3247 5097 vocabulis
3264 5039 3552 5096 utendum

1902 5149 2034 5190 esse
2059 5130 2466 5205 pronuntiant.

1501 5277 1548 5311 "
1578 5278 1750 5334 Rom.
1777 5291 1856 5342 v1,
1886 5279 1942 5333 3.

1758 5407 1986 5466 ΝΟΤᾹΞ.

280 5512 382 5583 ($0)
406 5515 716 5588 Eleganter
742 5514 856 5588 hoc
880 5517 1056 5572 utitur
1083 5515 1545 5588 Photiusignoto
1575 5516 1793 5573 nostris

216 5578 439 5642 fortasse
450 5578 884 5658 Ieiicographis
895 5587 1194 5646 consulari
1207 5578 1408 5654 verbo;
1430 5587 1578 5665 quia
1589 5604 1784 5648 sermo

1903 5519 1996 5571 est
2020 5515 2093 5572 de
2127 5513 2393 5570 Ecclesiae
2416 5529 2701 5586 supremo
2732 5514 3129 5584 gubernatore
3159 5514 3348 5582 Petro,
3375 5507 3553 5585 quasi

1897 5587 2247 5645 Christianas
2278 5585 2422 5660 reip.
2452 5585 2722 5642 cunsule.
