4126 6190
475 266 575 330 311
1722 271 1951 330 ΡΗΟΤΙΙ
1992 273 2108 329 ΡΑἹ

2220 273 2466 330 \RCHE
2505 273 2592 330 ΟΡ
2605 317 2617 329 .
3720 275 3810 334 312

474 418 565 453 πεν
590 398 745 461 αύτός
772 416 785 429 ·
822 419 849 450 ιι
877 405 1033 451 Ὅσοι
1072 396 1139 459 εἰς
1168 400 1393 472 Χριστὸν
1420 398 1826 472 ἐϐαπτίσθημεν.
1865 420 1889 451 ν
1926 398 2127 452 Ούκοῦν
2158 400 2269 471 οἶμα
2299 396 2397 452 δύο
2430 403 2802 471 μυσταγωγίαι
2841 400 2977 451 κατὰ
3000 402 3086 457 τὴν
3113 402 3357 454 ῦπόθεσιν
3387 408 3483 452 τῶν
3512 397 3816 476 ἀδιακρίτως

474 491 776 564 κεχρῆσθαι
799 485 1223 561 δογματιζόντων
1254 498 1357 550 τοῖς
1391 489 1632 562 ὀνόμασι.

544 594 597 643 7.
641 588 792 654 Quid
844 602 987 656 ergo
1040 589 1359 644 dicendum
1414 591 1554 645 est?
1586 589 1852 645 Profecto
1907 590 2108 644 harun:

2312 588 2374 649 ζ’.
2410 590 2475 641 Τί
2504 586 2591 640 οὖν
2619 586 2701 641 δεῖ
2719 588 2878 661 λέγειν
2903 607 2914 653 ;
2947 590 3000 641 Ἠ
3035 591 3136 663 γὰρ
3158 599 3257 641 τῶν
3290 589 3511 661 ἐλέγχων
3542 587 3817 653 ἀδέκαστος

473 678 916 737 convictionum
949 694 1124 750 aequa
1151 679 1544 735 consideratio
1574 694 1694 735 non
1729 679 1922 734 solum
1960 695 2129 734 coar-

454 771 599 840 _guit
641 782 844 824 eorum
894 767 1210 823 hominum
1260 768 1630 823 indeﬁnitam
1678 769 1993 832 rationem,
2025 769 2127 840 qui

471 859 670 915 varias
686 862 897 930 praeter
916 857 1291 914 Dominicam
1315 857 1583 913 initiandi
1604 858 1892 914 formulas
1908 875 1943 914 a
1959 858 2129 913 disci-

470 948 628 1020 pulis
680 947 929 1003 traditas
986 946 1406 1002 incredibiliter
1457 947 1691 1017 ﬁngunt
1724 964 1738 1013 ;
1768 947 1872 1002 sed
1917 949 2125 1003 eadem

469 1052 714 1110 quoque
768 1036 1003 1092 videtur
1063 1038 1322 1092 inserere
1379 1036 1686 1092 Dominico
1740 1036 1921 1092 eﬁ‘ato
1978 1037 2125 1092 alias

467 1142 669 1192 voces,
718 1141 872 1198 quas
904 1125 1361 1180 indiﬂ‘erentiam
1398 1140 1543 1196 erga
1592 1124 1735 1180 illud
1781 1125 1944 1181 haud
1977 1126 2125 1182 satis

468 1215 637 1278 tueri,
698 1230 821 1270 non
873 1213 1133 1269 absurde
1192 1214 1425 1269 causari
1483 1213 1632 1268 licet.
1690 1214 1863 1286 Atqui
1922 1230 2125 1271 revera

466 1303 772 1375 negotium
803 1318 924 1359 non
970 1302 1054 1358 ita
1086 1318 1149 1358 se
1178 1302 1358 1358 habet
1392 1322 1404 1361 :
1439 1318 1560 1358 non
1592 1302 1751 1358 enim
1783 1318 1959 1359 voces
2008 1303 2121 1359 illae

406 1444 410 1447 _
464 1391 800 1465 quidquam
826 1392 950 1447 ﬁeri
978 1396 1262 1457 statuunt,
1289 1396 1500 1463 printer
1529 1392 1845 1448 Dominicis
1880 1392 2124 1449 locutio-

465 1481 556 1536 nis
607 1481 891 1536 terminos
922 1486 1100 1552 atque
1144 1480 1453 1535 oraculum
1492 1497 1505 1547 ;
1538 1496 1733 1552 neque
1763 1480 1875 1536 sibi
1906 1497 2122 1552 prtere-

465 1569 731 1641 gativam
781 1570 964 1640 hujus
1013 1570 1314 1625 vindicant
1371 1588 1384 1635 ;
1438 1570 1541 1624 sed
1590 1571 1734 1643 ipsas
1788 1570 1986 1641 potius
2042 1571 2118 1626 ad

464 1660 810 1731 praedictam
843 1660 1007 1715 illam
1036 1659 1494 1727 regenerationis
1517 1659 1835 1714 formulam
1859 1660 2121 1715 referun-

464 1751 577 1816 tur,
593 1752 770 1819 atque
792 1749 1063 1802 eamdem
1088 1752 1207 1803 tota
1229 1764 1474 1802 suorum
1492 1747 1772 1804 varietate
1798 1748 2117 1804 verborum

466 1836 808 1906 signiﬁcant
826 1853 894 1892 ac
912 1837 1245 1905 designant.
1266 1837 1415 1904 Quid
1442 1837 1612 1907 igitur
1628 1837 1947 1892 dicendum
1979 1842 2067 1893 est
2090 1839 2119 1890 ‘?

461 1926 631 1997 quid,
663 1926 930 1998 inquam,
976 1926 1137 1981 aliud
1185 1932 1401 1997 praeter
1430 1927 1487 1981 id
1519 1926 1681 1998 quod
1721 1927 1847 1996 jam
1891 1927 2114 1982 dictum

462 2018 551 2069 est
593 2015 620 2069 τ
669 2014 951 2069 nimirum
1013 2015 1271 2083 generali
1330 2016 1571 2069 notione
1629 2014 1951 2070 dicendum
2006 2020 2113 2081 est,

459 2103 664 2158 omnia
716 2119 850 2174 quae
896 2105 1406 2171 regenerationem
1458 2103 1794 2172 signiﬁcant
1844 2104 2110 2169 nomina,

458 2190 583 2247 vice
614 2190 781 2259 fungi
810 2190 1140 2247 facularum
1164 2191 1571 2263 quarumdam
1603 2191 1953 2255 lucentium,
1981 2209 2115 2263 quae

456 2279 517 2335 in
549 2279 820 2335 divinum
852 2280 1013 2335 illum
1047 2285 1102 2335 et
1149 2280 1504 2349 originalem
1538 2285 1593 2335 et
1618 2280 2018 2336 immortalem
2046 2297 2114 2336 ac

456 2384 777 2440 perennem
830 2370 1028 2436 ignem
1081 2369 1495 2424 refunduntur.
1553 2373 1749 2440 Neque
1778 2385 1922 2424 sane
1969 2370 2113 2441 ipsae

456 2458 615 2527 ignis
643 2459 741 2515 ille
761 2458 1143 2530 purgatorius
1171 2464 1328 2520 sunt,
1361 2474 1557 2530 neque
1601 2474 1708 2529 per
1754 2458 1920 2529 ipsas
1951 2474 2113 2528 rege-

456 2547 683 2603 neratio
704 2546 767 2602 ﬁt
790 2564 803 2601 :
829 2564 963 2601 nam
989 2563 1143 2601 unus
1157 2552 1239 2603 est
1256 2548 1355 2618 qui
1379 2547 1832 2602 inenarrabilem
1857 2548 2111 2619 gratiam

456 2643 635 2707 atque
666 2637 1049 2706 adoptionem
1083 2636 1308 2691 confert
1336 2636 1509 2704 ignis,
1536 2635 1646 2690 illa:
1674 2640 1873 2691 autem
1904 2636 2110 2692 facula

453 2725 615 2780 hunc
644 2725 986 2789 ostendunt,
1029 2724 1158 2780 alite
1201 2724 1445 2797 quidem
1495 2724 1735 2790 clarius,
1770 2726 1898 2780 alia;
1930 2726 2110 2796 paulo

454 2815 771 2869 obscurius
814 2815 893 2870 ita
940 2818 1139 2870 tamen
1184 2818 1247 2869 ut
1276 2829 1456 2869 unam
1488 2815 1889 2886 eamdemque
1916 2814 2111 2869 initia-

453 2904 671 2958 tionem
728 2903 976 2975 mystice
1025 2907 1203 2975 atque
1262 2919 1479 2957 arcane
1533 2902 1699 2958 nobis
1753 2903 2104 2973 signiﬁcent.

453 2991 711 3048 Profecto
741 2992 1155 3047 considerandi
1186 2991 1496 3055 studiosis,
1554 2996 1733 3064 atque
1763 2991 1832 3047 iis
1878 2992 1981 3063 qui
2030 2991 2107 3047 ad

450 3081 937 3151 cognoscendum
992 3080 1308 3136 nominum
1363 3080 1806 3152 verborumque
1859 3096 2103 3137 sensum

2241 678 2590 742 συνεξέτσσις,
2645 678 2739 730 οῦκ
2784 678 3004 740 ἐκείνους
3056 684 3245 750 μόνους
3301 678 3525 750 ἐλέγχειν
3584 683 3709 751 ἔσχε
3763 686 3817 733 τὸ

2240 766 2666 841 ἀπαράγραπτον,
2722 770 2771 819 οἰ
2810 764 3097 841 διαφόρους
3132 774 3506 840 μυστιγωγίας
3550 774 3688 843 παρά
3730 776 3814 829 την

2239 852 2555 914 δεσποτικὴν
2596 856 2994 930 τερατολογοῦσι
3032 861 3153 918 τοὺς
3180 859 3417 928 μαθητὰς
3446 855 3812 927 ἐπιδείξασθαι,

2240 944 2365 997 ἀλλά
2411 965 2469 1015 γε
2518 943 2663 997 δοκεῖ
2695 951 3007 1020 παρενείρειν
3057 946 3183 1007 ὅλως
3222 954 3311 1007 τῆς
3346 954 3660 1007 Δεσποτικῆς
3700 950 3816 1021 ἱερου

2236 1034 2410 1105 λογίας
2464 1039 2798 1107 προκειμένης
2840 1035 3015 1109 ἐτέρας
3054 1039 3238 1107 φωνὰς,
3287 1038 3341 1087 αῖ
3379 1041 3449 1107 μὴ
3500 1040 3635 1088 κατά
3662 1040 3817 1091 πάντα

2237 1125 2361 1196 πρὸς
2405 1122 2562 1180 αὐτὴν
2604 1126 2661 1175 τό
2718 1123 3111 1196 ἀπαράλλακτον
3152 1122 3511 1185 διασῴζουσιν
3542 1139 3569 1169 n
3603 1125 3816 1198 ἀποφαί-

2234 1230 2334 1263 νειν
2373 1212 2466 1264 ούκ
2525 1211 2770 1267 ἀναίτιον.
2818 1218 2887 1265 Τὸ
2930 1210 3007 1282 δὲ,
3060 1210 3211 1266 οὐδὲν
3253 1220 3481 1266 τοιοῦτόν
3530 1213 3667 1266 ἐστιν
3712 1232 3723 1245 ⁸
3763 1216 3816 1267 ού

2232 1303 2331 1372 γὰρ
2415 1300 2865 1373 ἀντινομοθετοῦσι
2944 1306 3184 1375 πράττειν
3268 1305 3406 1376 παρὰ
3476 1306 3562 1355 τὸν
3638 1303 3817 1365 ἐκείνης

2233 1392 2348 1463 ὅρον
2398 1391 2485 1442 καί
2526 1394 2584 1442 τὸ
2632 1393 2916 1463 θέσπισμα,
2959 1388 3074 1444 οὐδ’
3133 1392 3200 1452 εἰς
3271 1392 3453 1453 ἑαυτὰς
3516 1400 3815 1466 περιεστῶσι

2232 1483 2289 1531 τὸ
2331 1482 2529 1540 ταύτης
2551 1484 2849 1553 προνόμιον,
2896 1481 2966 1543 εἰς
2996 1480 3158 1539 αὐτὴν
3206 1477 3264 1533 δὲ
3310 1486 3471 1553 μόνην
3518 1481 3813 1555 ἀναφέρουσι

2230 1571 2317 1619 τὸν
2364 1576 2457 1630 τῆς
2508 1569 2907 1639 παλιγγενεσίας
2952 1570 3125 1640 λόγον,
3162 1575 3250 1623 καὶ
3295 1573 3489 1628 ταύτην
3528 1571 3578 1623 ἐν
3621 1580 3679 1643 τῇ
3714 1591 3816 1623 ποι-

2227 1656 2370 1728 κιλία
2414 1667 2512 1709 τῶν
2555 1657 2818 1729 ὀνομάτων
2872 1655 3291 1730 διασημαίνουσί
3328 1678 3381 1711 τε
3422 1664 3513 1712 καὶ
3568 1658 3815 1731 ἀπαγγελδ

2226 1746 2397 1799 λουσι.
2426 1752 2489 1799 Τί
2524 1754 2611 1799 οῦν
2652 1744 2734 1800 δεῖ
2760 1747 2922 1818 λέγειν
2953 1766 2965 1813 ;
3012 1753 3063 1800 τί
3118 1746 3175 1801 δε
3206 1748 3328 1801 ἄλλο
3354 1749 3478 1822 παρ’
3508 1751 3533 1801 ὅ
3576 1752 3768 1821 ε’ίρηται
3801 1767 3812 1814 ;

2227 1840 2316 1887 καὶ
2370 1834 2868 1910 παραδειγματικῶς
2917 1837 3072 1889 εἰπεῖν
3122 1840 3203 1890 ὅτι
3254 1840 3425 1890 πάντα
3469 1840 3571 1890 ὅσα
3607 1843 3697 1895 τὴν
3726 1858 3815 1889 πα-

2225 1924 2546 1996 λιγγενεσίαν
2597 1924 3048 1997 ἐπισημαίνονται,
3094 1928 3199 1978 οἷον
3230 1924 3502 1993 λαμπάδες
3549 1927 3651 1980 εἰσί
3697 1946 3813 1987 τινες

2227 2022 2614 2086 φωταυγοῦσαι,
2643 2019 2733 2066 καὶ
2783 2018 2912 2088 πρὸς
2968 2019 3024 2067 τὸ
3072 2018 3202 2068 θεῖον
3260 2021 3347 2068 καὶ
3396 2023 3625 2087 πηγαῖον
3666 2018 3813 2069 ἐκεῖνο

2226 2108 2313 2155 καὶ
2373 2102 2626 2178 ἀκήρατον
2678 2109 2767 2155 καὶ
2812 2103 3015 2156 ἀένναον
3068 2104 3432 2176 ἀναχεόμεναι.
3470 2106 3545 2157 Oi}
3588 2111 3688 2177 μὴν
3733 2106 3815 2155 αύ-

2225 2197 2311 2244 ταὶ
2356 2212 2415 2262 γε
2471 2193 2573 2245 εἰσὶ
2620 2196 2675 2244 τὸ
2733 2195 3017 2267 καθάρσιον
3076 2202 3200 2267 πῦρ,
3256 2191 3379 2247 ούδε
3431 2197 3569 2247 κατά
3632 2197 3814 2255 ταύτας

2224 2281 2658 2353 τελεσιουργεῖται
2709 2284 2737 2339 ἡ
2796 2281 3131 2349 ἀναγέννησις
3178 2303 3190 2315 ο
3254 2282 3360 2335 ἀλλ’
3416 2282 3469 2335 ἓν
3535 2288 3623 2354 μέν
3684 2282 3811 2334 ἐστιν

2224 2370 2381 2422 έκεῖνο
2427 2374 2485 2422 τὸ
2539 2374 2631 2428 τὴν
2662 2373 2788 2443 ὑπὲρ
2815 2371 2963 2442 λόγον
3012 2373 3173 2443 χάριν
3216 2377 3305 2424 καὶ
3352 2374 3620 2424 υἱοθεσίαν
3664 2390 3810 2443 χαρι-

2227 2461 2451 2529 ζόμενον,
2515 2458 2680 2511 ἐκεῖνα
2734 2458 2792 2512 δὲ
2837 2468 2986 2512 τοῦτο
3017 2458 3386 2535 παραδηλοῦσι
3421 2476 3433 2486 ·
3472 2464 3538 2513 τὰ
3586 2464 3673 2532 μὲν
3727 2479 3809 2511 σα-

2222 2552 2487 2622 φέστερον,
2553 2552 2616 2600 τά
2679 2545 2738 2601 δε
2813 2551 3305 2623 αἰνιγματικὼτερον
3358 2554 3449 2602 καὶ
3510 2555 3602 2608 τὴν
3660 2548 3808 2605 αὐτὴν

2222 2638 2344 2706 ἡμῖν
2368 2643 2454 2689 καὶ
2478 2643 2604 2708 μίαν
2635 2644 3012 2709 μυσταγωγίαν
3044 2648 3305 2703 μυστικῶς
3346 2659 3397 2690 τε
3434 2646 3526 2692 καὶ
3577 2658 3810 2691 συνεπτυ-

2218 2730 2415 2796 γμένως
2443 2729 2908 2798 ύποσημαίνονται.
2950 2733 3047 2780 Καὶ
3085 2732 3185 2799 γὰρ
3221 2737 3328 2791 τοῖς
3357 2732 3449 2800 μὲν
3482 2728 3805 2799 φιλοθεάμοσι

2218 2819 2306 2866 καὶ
2338 2824 2455 2866 νοῖιν
2486 2815 2748 2887 ὀνομάτων
2777 2822 2865 2869 καὶ
2902 2819 3147 2891 ῥημάτων
3193 2825 3463 2870 κατανοεῖν
3491 2820 3651 2891 χάριν
3680 2820 3809 2889 παρά

2218 2910 2309 2954 τοῦ
2384 2908 2667 2975 πνεύματος
2726 2905 3009 2978 εἰληφόσιν,
3057 2907 3274 2959 ἕκαστον
3356 2917 3459 2958 τῶν
3517 2907 3613 2959 ἀνὰ
3667 2911 3808 2979 μέρος

2217 2992 2494 3066 εἰρημένων
2522 2998 2580 3045 τὸ
2621 2995 2691 3055 εἰς
2730 2999 2933 3069 Πατέρα
2983 3001 3072 3048 καὶ
3124 2999 3241 3047 Υὶὸν
3286 3000 3374 3048 καὶ
3425 3004 3636 3069 Πνεῦμα
3671 2996 3805 3063 ἅγιον

2218 3080 2604 3153 ἀπαγγελλουσι
2657 3082 2958 3156 βάπτισμα.
3010 3092 3123 3145 Τοῖς
3186 3082 3245 3137 δε
3293 3090 3458 3156 μέχρι
3510 3095 3605 3146 τῆς
3653 3084 3807 3143 πύλης

449 3146 639 3239 gratia
668 3171 907 3242 spiritus
939 3170 1324 3241 adjuvantur,
1357 3174 1568 3225 cuncta
1599 3146 1730 3241 qua;
1767 3186 1949 3241 supra
1980 3170 2104 3225 siu-

2220 3179 2315 3222 τῶν
2357 3170 2522 3223 ἀκοῶν
2550 3176 2634 3224 τὸν
2667 3169 2801 3243 ἦχον
2845 3171 3300 3247 παραδεχομένοις
3328 3183 3420 3226 τοῦ
3466 3176 3713 3249 ῥήματος,
3752 3176 3804 3225 τὸ

451 3258 694 3327 gillatim
725 3259 883 3313 dicta
910 3259 1091 3322 fuere,
1122 3258 1489 3330 baptismum
1523 3258 1579 3313 in
1615 3260 1785 3315 Patre
1816 3264 1872 3315 et
1903 3259 2021 3314 ﬁlio
2053 3264 2108 3315 et

450 3347 669 3418 Spiritu
702 3352 907 3403 sancto
937 3347 1279 3418 praedicant.
1314 3349 1530 3403 Verum
1576 3349 1613 3403 ii
1644 3348 1743 3420 qui
1780 3348 1838 3403 in
1870 3348 2104 3403 aurium

2218 3256 2268 3311 δ’
2298 3256 2441 3312 ἔνδον
2490 3265 2657 3333 κωφὸν
2706 3266 3026 3334 προϊεμένοις
3068 3269 3358 3336 κριτήριον,
3391 3269 3599 3338 μυρίοις
3637 3263 3694 3314 ἂν
3733 3265 3801 3319 εἴη

2215 3354 2535 3420 περιπταίειν
2568 3359 2668 3411 τοῖς
2697 3358 3134 3425 παραπτώμασιν.

450 3435 874 3490 tantummodo
921 3435 1124 3491 limine
1171 3436 1441 3491 vocabuli
1484 3451 1703 3492 sonum
1752 3436 2073 3508 excipiunt,
2116 3451 2276 3491 caeco
2315 3444 2514 3494 autem
2561 3438 2833 3495 interiore
2878 3439 3107 3511 judicio
3150 3445 3408 3509 utuntur,
3476 3441 3795 3497 innumeris

450 3523 815 3579 circumferri
844 3524 1143 3579 erroribus
1176 3524 1386 3580 solent.

521 3625 574 3678 8.
616 3624 809 3692 Neque
849 3622 908 3677 in
946 3622 1063 3677 hoc
1116 3622 1331 3687 solum,
1363 3622 1525 3693 quod
1557 3637 1717 3676 nunc
1769 3638 2100 3688 versamus,

448 3711 759 3781 proposito
791 3711 958 3766 multi
1005 3727 1066 3765 re
1093 3711 1319 3766 omissa
1350 3710 1525 3765 nudis
1557 3710 1800 3765 vocibus
1828 3712 2054 3767 hazrent
2088 3729 2099 3765 :

449 3814 653 3854 verum
683 3800 859 3855 etiam
905 3800 1054 3855 alias
1088 3799 1417 3872 saepissime
1450 3817 1462 3854 :
1491 3815 1615 3872 quo
1644 3800 1708 3854 ﬁt
1736 3806 1799 3855 ut
1826 3800 2103 3857 haeretica

446 3888 790 3943 exoriantur
834 3887 1077 3954 zizania,
1124 3904 1259 3961 qum
1311 3888 1541 3943 nullum
1592 3888 1791 3943 utilem
1846 3890 2099 3945 fructum

446 3976 721 4040 afferunt,
744 3976 866 4031 imo
887 3993 1022 4031 vero
1053 3976 1311 4033 exitialia
1344 3992 1571 4032 venena
1596 3983 1899 4048 generant.
1924 3979 2102 4034 Aliter

446 4082 506 4120 se
542 4065 687 4134 gerit
725 4065 937 4137 pietas,
980 4081 1114 4138 qua)
1157 4082 1293 4121 sane
1336 4065 1556 4137 ubique
1588 4067 1861 4138 spiritum
1899 4068 2097 4139 potius

443 4168 628 4225 quam
668 4153 922 4208 litteram
962 4158 1363 4221 consectatur,
1405 4159 1460 4209 et
1499 4154 1799 4226 religionis
1840 4155 2097 4210 fructum

442 4242 715 4314 percipit,
756 4242 1007 4314 ejusque
1047 4242 1331 4297 alimonia
1372 4242 1602 4306 fruitur,
1646 4244 1772 4298 sine
1815 4244 1933 4300 ulla
1974 4260 2094 4299 ser-

443 4331 668 4403 pentini
698 4332 939 4386 seminis
979 4331 1279 4399 insitione,
1312 4332 1433 4385 imo
1464 4330 1741 4387 draconis
1774 4334 1985 4387 veteris
2024 4350 2097 4388 ne

442 4419 685 4489 vestigio
734 4420 977 4491 quidem
1035 4436 1286 4492 usquam
1329 4419 1528 4475 obvio.
1573 4423 1716 4475 Nam
1761 4437 1865 4475 cur
1901 4422 2097 4477 dicere

442 4508 632 4573 liceat,
699 4508 1002 4579 baptizare
1051 4509 1110 4563 in
1165 4509 1416 4572 Christo.
1485 4509 1665 4565 aliam
1717 4526 1848 4565 esse
1906 4510 2095 4582 legem

442 4596 781 4667 baptismi?
835 4597 975 4652 item
1031 4614 1133 4652 cur
1184 4598 1299 4653 alia
1362 4597 1455 4653 lex
1515 4598 1611 4664 sit,
1670 4598 1977 4671 baptizare
2036 4600 2097 4655 in

442 4685 653 4741 Christi
686 4691 875 4741 morte
894 4688 921 4741 ?
941 4690 1090 4742 Nam
1118 4687 1167 4741 si
1195 4693 1445 4759 utraque
1470 4687 1687 4744 locutio
1708 4688 1797 4743 lex
1826 4689 2095 4747 initiandi

442 4777 551 4839 est,
580 4773 845 4843 profecto
880 4772 1039 4839 leges
1071 4774 1325 4830 invicem
1366 4781 1719 4846 repugnant.
1759 4777 1937 4834 Porro
1966 4780 2097 4851 qui-

442 4860 559 4917 bus
590 4862 952 4932 argumentis
985 4862 1328 4917 alterutram
1361 4863 1690 4919 convellere
1717 4866 2095 4924 machinabe-
2127 4901 2169 4955 Ο

439 4950 541 5015 ris,
595 4948 807 5004 iisdem
862 4949 1153 5023 reliquam
1196 4951 1373 5007 simul
1430 4961 1677 5009 evertes.
1724 4953 2002 5012 Similiter
2043 4958 2091 5013 si

440 5039 535 5095 hee
575 5038 903 5094 locutiones
940 5040 1059 5094 vim
1099 5039 1233 5095 latae
1286 5040 1429 5109 legis
1478 5041 1785 5109 haberent,
1829 5044 1929 5101 illa
1963 5046 2089 5116 jam

442 5127 752 5184 Dominico
796 5144 897 5183 ore
936 5130 1320 5200 pronuntiata
1358 5130 1629 5187 initiandi
1672 5132 1929 5191 formula
1967 5151 2089 5191 non

442 5218 731 5274 immerito
769 5217 1070 5273 videretur
1108 5220 1330 5275 inutilis
1362 5236 1432 5277 ac
1462 5237 1914 5293 supervacanea
1949 5247 1961 5278 :
1999 5226 2088 5281 vel

2288 3624 2360 3682 η’.
2429 3626 2539 3678 Οῦκ
2589 3625 2671 3678 ἐπὶ
2717 3631 2877 3698 μόνης
2938 3624 2998 3680 δὲ
3057 3637 3153 3690 τῆς
3202 3631 3477 3701 παρούσης
3527 3631 3804 3689 ὑποθέσεως

2213 3714 2388 3784 ψιλαῖς
2427 3723 2537 3775 ταῖς
2585 3715 2751 3777 λέξεσι
2790 3716 2966 3768 πολλοὶ
3018 3727 3115 3769 τῶν
3181 3721 3507 3791 πραγμάτων
3561 3718 3802 3769 ἀποστάν-

2212 3823 2294 3863 τες
2352 3807 2725 3877 περικάθηνται
2762 3820 2774 3834 ’
2810 3805 2935 3857 ἀλλὰ
2989 3812 3078 3858 καὶ
3136 3805 3214 3859 ἐπὶ
3264 3811 3465 3878 μυρίων
3510 3807 3688 3871 α’λλων,
3734 3801 3800 3856 δι’

2212 3891 2279 3941 ὧν
2310 3895 2374 3943 τὰ
2420 3893 2654 3965 αἱρετικά
2705 3904 2799 3956 τῆς
2838 3894 3147 3956 Ἐκκλησίας
3200 3901 3537 3970 παραφυέντα
3581 3898 3796 3957 ζιζάνια,

2211 3984 2408 4046 καρπον
2458 3985 2547 4053 μὲν
2596 3979 2784 4034 οῦδένα
2833 3990 3080 4056 τρόφιμον
3127 3992 3365 4057 γεωργεῖ,
3423 3979 3796 4056 δηλητηριωδη

2211 4064 2269 4120 δε
2312 4067 2590 4141 βλαστάνει
2634 4074 2901 4145 φάρμακα,
2949 4073 3083 4126 Ἀλλ’
3117 4073 3220 4144 οὐχ
3283 4075 3449 4135 οὕτως
3485 4078 3513 4131 η
3558 4072 3797 4128 εὐσέϐεια,

2208 4167 2485 4230 πανταχοῦ
2517 4157 2575 4212 δὲ
2618 4161 2805 4231 μᾶλλον
2840 4170 2931 4212 τοῦ
2974 4166 3262 4235 πνεύματος
3303 4166 3331 4222 ἦ
3374 4172 3467 4215 τοῦ
3506 4166 3798 4236 γράμματος

2208 4253 2471 4318 γινομένη,
2507 4255 2594 4301 καὶ
2647 4254 2732 4301 τὸν
2786 4255 2983 4323 καρπὸν
3032 4261 3125 4314 τῆς
3181 4252 3443 4313 εὐσεϐείας
3490 4259 3675 4326 τρυγᾴ,
3716 4254 3796 4300 καὶ

2209 4346 2403 4409 τροφῆς
2444 4337 2711 4399 ἀπολαύει,
2761 4338 3011 4400 ouis-eui;
3049 4341 3451 4413 ἐπιμιγνυμένης
3498 4343 3626 4413 αὐτῇ
3670 4337 3795 4412 δρα-

2208 4432 2436 4488 κοντείας
2484 4426 2785 4499 ἐπισπορᾶς,
2817 4428 2926 4479 ἀλλ’
2966 4428 3088 4482 οὐδὲ
3132 4435 3283 4502 ῖχνος
3320 4428 3471 4484 οὐδὲν
3500 4432 3794 4503 ὑποφαινού-

2211 4534 2303 4574 σης
2354 4524 2442 4567 τοῦ
2498 4516 2719 4568 παλαιοῦ
2766 4523 2936 4590 ὄφεως.
2990 4520 3127 4572 Ἐπεὶ
3173 4530 3276 4580 πῶς
3320 4520 3379 4571 ἄν
3426 4524 3502 4579 εῖη
3546 4521 3703 4591 λέγειν
3732 4522 3795 4577 ὡς

2207 4609 2264 4655 τὸ
2293 4604 2361 4666 εἰς
2393 4609 2621 4679 Χριστὸν
2654 4605 2949 4679 βαπτίζειν,
2984 4609 3151 4680 ἔτερος
3193 4614 3344 4681 νόμος
3387 4609 3749 4681 βαπτίσματος
3780 4623 3792 4671 ς

2206 4702 2313 4755 πῶς
2346 4692 2395 4746 δ’
2449 4695 2594 4755 ἄλλος
2630 4700 2686 4747 τὸ
2727 4697 2796 4757 εἰς
2842 4716 2927 4748 τον
2970 4706 3061 4749 τοῦ
3111 4706 3344 4770 Χριστοῦ
3395 4697 3672 4771 βαπτίζειν
3714 4697 3795 4747 6d-

2204 4800 2387 4849 νατον;
2442 4784 2500 4835 Εἰ
2554 4787 2655 4856 γὰρ
2704 4793 2799 4844 τῆς
2858 4793 3232 4858 μυσταγωγίας
3287 4793 3441 4860 νόμος
3499 4785 3560 4845 ἦν
3610 4789 3792 4837 τούτων

3348 4894 3360 4905 '
3395 4896 3483 4929 και
3518 4874 3586 4929 δι’
3617 4875 3681 4926 ὧν
3719 4892 3789 4932 τις

2204 4961 2500 5036 ἀνατρέπειν
2557 4964 2816 5036 ἂπεχείρει
2866 4966 3092 5038 Θάτερον,
3148 4969 3205 5017 τὸ
3267 4965 3444 5018 λοιπὸν
3507 4968 3791 5037 συνανέτρε·

2205 4872 2461 4944 ἑκάτερον,
2506 4872 2739 4934 ἀλληλοις
2792 4873 3214 4946 ἀντενομοθέτουν
3244 4878 3304 4928 οἶν

2202 5070 2310 5104 πεν.
2355 5050 2618 5111 Ὡσαύτως
2677 5049 2734 5103 δὲ
2780 5058 2868 5104 καὶ
2916 5053 2959 5104 εἰ
3018 5058 3184 5125 νόμων
3225 5058 3471 5127 εἰσφορᾶς
3523 5058 3789 5126 προνόμιον

2202 5136 2346 5211 εἶχον
2396 5142 2460 5190 τὰ
2503 5148 2739 5205 τοιαῦτα,
2785 5141 2877 5193 ούκ
2921 5140 3118 5213 ἀλόγως
3162 5142 3221 5194 ἆν
3272 5147 3359 5195 καὶ
3422 5145 3452 5200 η
3509 5140 3785 5196 δεσποτικὴ

2200 5234 2550 5301 μυσταγωγία
2593 5229 2664 5289 εἰς
2705 5232 2760 5281 τὸ
2806 5250 3042 5305 περιττον
3092 5251 3141 5283 τι
3194 5238 3283 5285 καὶ
3336 5234 3607 5305 ἄχρηστον
3664 5249 3787 5303 παρ-

1777 5399 2020 5460 VARI/E
2060 5403 2469 5463 LECTIONES.

514 5556 544 5589 ιι
576 5546 728 5602 Num
751 5545 1133 5604 scribendum
1173 5548 1235 5613 οἷς
1265 5580 1331 5589 —
1373 5546 1688 5612 διασώζεινῖ
