3938 6178
173 288 258 364 3ι3

172 429 340 483 εδύετοο
410 429 600 483 κάκείνη
661 425 817 478 πάλιν
877 427 1073 478 τούτων
1141 424 1379 476 ἁπάντων
1445 423 1706 494 εἰσηγεῖτο
1743 424 1787 476 Α

169 523 277 591 μετὰ
313 519 641 590 λαμπροτέρας
668 524 762 576 τῆς
795 516 986 586 ἰσχύος
1025 518 1114 565 καὶ
1152 521 1244 565 τοῦ
1291 513 1585 585 ἀξιώματος
1615 517 1710 570 τὴν

171 608 413 680 ἀναίρεσιν.
453 605 642 655 Οὐκοῦν
680 610 772 655 καὶ
812 603 913 654 ἀπὸ
965 611 1056 662 τῆς
1095 600 1288 659 ἄλληλα
1332 610 1433 653 τῶν
1467 601 1712 660 πολλακις

167 697 406 769 εἰρημένων
447 693 684 767 ῥημάτων
737 691 1226 744 ἀποσκευάσασθαι.
1291 689 1444 740 Ἀλλὰ
1486 709 1537 742 τι
1589 708 1712 741 ποτε

167 782 217 842 ἦν
251 787 272 835 ὃ
305 784 440 854 λέγει,
482 786 511 840 ἦ
553 784 630 834 ὅτι
683 778 779 833 διὰ
822 789 975 832 τοῦτο
1015 784 1084 852 μὴ
1136 781 1523 852 προηγούμενον
1566 781 1712 852 ἔργον

165 873 318 944 ἐθέμην
351 876 401 923 τὸ
449 869 725 943 βάπτισμα
757 887 771 936 ;
807 891 834 920 (ι
884 869 993 922 Ἱνα
1025 873 1096 940 μὴ
1145 877 1216 938 τῷ
1254 867 1439 925 πλήθει
1478 875 1576 918 τῶν
1617 865 1715 939 βα-

165 965 436 1032 πτιζομίνων
480 957 633 1022 δόξαν
689 959 896 1032 ἐμαυτῷ
938 960 1238 1030 περιάπτειν
1276 964 1387 1017 τοῖς
1431 955 1715 1028 βασκανοις

164 1051 314 1121 λὴειν,
381 1052 463 1101 καί
509 1053 573 1101 τὰ
652 1049 908 1101 κάλλιστα
974 1055 1046 1117 τῷ
1101 1049 1268 1118 φθόνῳ
1329 1044 1537 1118 βάλλειν
1597 1043 1714 1117 βίον

164 1144 456 1211 ποιουμένοις,
508 1143 766 1212 πρόφασιν
807 1140 890 1189 ἐπὶ
955 1133 1174 1208 διαϐολῇ
1218 1134 1441 1209 παρέξω,
1491 1139 1580 1185 καὶ
1619 1139 1713 1192 τὴν

166 1235 385 1302 σωτηρίαν
442 1237 533 1279 τῶν
614 1227 1035 1299 ἁναγεννωμένων
1093 1225 1423 1292 καπηλεύειν,
1492 1223 1715 1284 ἐπαίνοις

164 1316 287 1377 ἰδίοις
319 1322 372 1369 τό
408 1315 572 1390 δῶρον
612 1326 705 1368 τοῦ
754 1319 1044 1387 Πνεύματος
1085 1313 1390 1387 ἐνυϐρίζων.
1437 1336 1464 1361 ››
1500 1318 1600 1365 Καί
1640 1310 1713 1365 δι’

161 1408 291 1457 ἄλλων
319 1404 371 1459 δὲ
392 1413 584 1478 μυρίων
614 1409 728 1458 ἔστι
751 1403 1003 1468 συνιδεῖν,
1032 1407 1099 1464 ὡς
1125 1407 1154 1462 ἠ
1191 1400 1322 1466 δόξα
1341 1407 1430 1454 καὶ
1461 1404 1486 1454 ὀ
1514 1405 1714 1462 ἔπαινος

157 1500 227 1547 καὶ
252 1498 276 1553 η
306 1501 418 1566 τιμὴ
454 1499 767 1567 σημαίνεται
802 1503 873 1565 τῷ
907 1494 1139 1566 ὀνόματι.

213 1674 267 1728 θ’.
294 1679 381 1728 Καὶ
403 1672 467 1732 δὴ
502 1671 597 1726 διὰ
619 1677 816 1726 τούτων
839 1675 868 1730 ἡ
901 1676 1114 1730 τοιαύτη
1147 1675 1353 1745 θεωρία,
1375 1676 1461 1723 καὶ
1483 1671 1561 1724 ἐπ’
1583 1672 1714 1722 αύτα

157 1765 207 1813 τὰ
240 1766 515 1816 καθέκαστα
559 1773 663 1815 τῶν
694 1762 955 1834 ὀνομάτων
997 1759 1031 1814 δ
1037 1761 1274 1815 ιαϐαίνει.
1316 1761 1377 1815 *Α
1412 1758 1480 1819 δὴ
1534 1758 1714 1831 διαφο-
1748 1780 1790 1832 Β

154 1856 309 1923 ρισμόν
352 1858 436 1903 καὶ
484 1856 579 1909 τὴν
635 1849 923 1908 διαστολὴν
984 1858 1208 1902 ποιεὶται
1258 1858 1358 1901 τῶν
1400 1855 1710 1923 προσώπων·

155 1947 223 1990 καί
266 1948 343 1991 νῦν
393 1944 479 2011 μεν
532 1945 766 2012 μίμησίν
820 1959 936 1991 τινα
979 1943 1074 2010 καὶἱ
1105 1941 1354 2010 ὁμοίωσιν
1397 1946 1487 1990 τού
1518 1941 1717 2010 κατάρ-

157 2028 302 2090 ξαντος
371 2035 655 2101 προσώπου
737 2029 972 2102 πράξεώς
1071 2047 1209 2090 τινος
1301 2027 1716 2100 μεγαλοπρεποῦς

153 2115 439 2187 ἀπαγγέλλω
516 2125 607 2169 νύν
679 2115 738 2170 δε
793 2118 1023 2189 φυλακην
1082 2121 1171 2168 καὶ
1231 2122 1551 2189 συντήρησιν
1616 2123 1715 2167 τῶν

154 2207 555 2277 παραγγελμάτων
607 2209 918 2280 ὑπογράφει.
979 2208 1155 2278 Ταύτη
1212 2208 1312 2279 γὰρ
1367 2211 1455 2256 καὶ
1514 2204 1580 2264 εἰς
1631 2208 1716 2256 τόν

152 2300 313 2351 Μωσην
360 2298 406 2347 οἰ
467 2295 801 2370 Ἰσραηλῖται
855 2293 1224 2367 βαπτίσασθαι
1279 2295 1394 2365 (41)
1462 2294 1714 2366 λέγονται’

151 2379 234 2429 οἷον
280 2381 455 2432 ἐκεῖνον
527 2383 844 2453 μιμούμενοι
914 2386 1009 2438 τὴν
1068 2382 1231 2454 ὀργὰν
1285 2383 1439 2451 φύσιν
1496 2383 1716 2441 πεζοπο-

154 2475 326 2528 paean;
372 2470 521 2521 ποσίν
578 2467 836 2543 ἀϐρόχοις
881 2465 1153 2526 διίϐησανσ
1207 2474 1295 2520 καὶ
1342 2477 1433 2528 τῆς
1483 2468 1718 2542 πράξεως

148 2559 341 2627 ἠγιμονα
376 2562 749 2632 ποιησάμενοι,
801 2564 889 2610 καὶ
942 2562 1068 2633 πρὸς
1098 2558 1253 2610 αὐτὸν
1302 2560 1424 2631 ὁρᾷν
1454 2558 1574 2615 ὃλην
1625 2563 1716 2616 τὴν

149 2644 305 2698 arida
358 2647 684 2721 ἀναθέμενοι,
745 2656 845 2699 τῶν
903 2647 1200 2718 Αἰγυπτίων
1271 2657 1362 2707 της
1439 2646 1716 2709 ἐπιϐουλῆς

149 2737 359 2804 ὤφθησαν
431 2743 725 2810 κρείττους⁵
794 2741 879 2788 καί
940 2737 1016 2797 οἷς
1095 2736 1244 2787 αὐτοὶ
1315 2737 1540 2810 ῥείθροις
1595 2735 1718 2788 mil”:

149 2828 239 2884 τοὺς
281 2822 436 2887 πόδας
488 2826 803 2890 ὶνοτίζοντο,
859 2828 1057 2886 τούτοις
1105 2823 1468 2900 ὑποϐρυχίους
1516 2829 1718 2897 γινομέο

147 2933 241 2974 νονς
295 2921 406 2976 τούς
476 2911 710 2976 διωκτας
773 2913 993 2967 ἔϐλεπονο
1054 2920 1144 2966 καὶ
1202 2910 1410 2974 διπλαῖς
1465 2915 1715 2989 εὐφροσύ-

149 3020 233 3062 ναις
276 3003 572 3079 ἑνετρύρων,
630 3011 728 3064 τῆς
769 3021 823 3054 τε
873 3011 972 3054 τῶν
1003 3002 1206 3076 ἐχθρῶν
1235 2999 1538 3078 παραδόξου
1582 3022 1717 3055 παν-

150 3090 376 3165 ωλεθρίας,
456 3097 549 3145 καὶ
625 3101 718 3152 τῆς
783 3088 925 3154 ἰδίας
997 3094 1124 3167 ὑπὲρ
1214 3091 1364 3164 λόγον
1437 3098 1714 3166 σωτηρίας.

1772 3136 1789 3154 Ἰ

153 3137 376 3165 ί---τ--η
457 3137 549 3145 -νη
634 3137 717 3152 --η
784 3137 924 3154 "ms
1004 3137 1121 3167 νητ
1216 3137 1358 3164 μνιπ
1440 3137 1714 3166 "nar-“,-
1772 3137 1789 3154 η

148 3185 369 3244 Τοιαύτης
408 3187 545 3243 τινὸς
602 3180 914 3242 ἀκολουθίας
950 3184 1150 3253 ἔχεται,
1200 3186 1287 3233 καὶ
1335 3181 1463 3256 ἅπερ
1513 3191 1608 3243 τῆς
1636 3184 1717 3233 οί-
1749 3137 1791 3191 L

145 3276 354 3339 χοναένης
405 3274 430 3323 ό
487 3269 829 3332 Διδάσκαλος
881 3276 1057 3343 φησιν’
1116 3289 1145 3320 (ι
1185 3269 1340 3324 ’Ὸσοι
1373 3272 1441 3334 εἰς
1490 3275 1717 3344 Χριστόν

146 3353 508 3432 ἐϐαπτίσθημεν,
561 3360 634 3420 εἰς
690 3362 776 3412 τόν
832 3361 1048 3411 θάνατον
1101 3358 1262 3410 αύτου
1310 3358 1713 3432 ἰϐαπτίσθημενθ

145 3441 216 3496 διὰ
253 3455 334 3518 μὲν
383 3453 485 3522 γὰρ
541 3456 640 3500 τοῦ
696 3469 723 3497 ››
766 3448 852 3510 Εἰς
895 3451 1124 3520 Χριστὸν
1156 3447 1556 3521 εϐατνίσθημεν,
1590 3469 1617 3497 ι(
1657 3451 1716 3499 τό

145 3541 251 3584 κατὰ
289 3543 375 3594 την
421 3539 623 3591 ἐκείνου
678 3537 1053 3610 μῦσταγωγίαν
1083 3541 1171 3589 καὶ
1217 3541 1312 3595 τὴν
1355 3534 1717 3612 παραδεδομέ-

142 3640 213 3678 νον
257 3625 443 3684 τελετὴν
502 3625 822 3697 ἀπαγγέλλει
890 3631 983 3677 καί
1035 3627 1173 3698 ἡμᾶς
1225 3631 1320 3684 την
1379 3626 1717 3697 ἀναγέννησιν

144 3708 365 3765 ἐπιτελεῐνο
397 3711 492 3767 διὰ
517 3712 580 3768 δε
610 3723 707 3767 τοῦ
736 3735 764 3767 n
793 3715 866 3776 εἰς
887 3719 972 3766 τόν
1001 3717 1216 3767 θάνατον
1247 3715 1426 3780 αὐτοῦ,
1462 3737 1489 3765 ι(
1517 3715 1622 3786 ούχ
1640 3717 1718 3766 ὅτι

143 3802 187 3849 τό
231 3800 426 3878 λουτρόν
473 3814 568 3865 τῆς
613 3803 1014 3875 παλιγγενεσίας
1042 3811 1105 3876 τῇ
1156 3811 1247 3856 τοῦ
1279 3811 1596 3857 Δεσποτικοῡ
1628 3807 1716 3857 θα-

143 3890 266 3942 νάτου
329 3892 600 3951 ίπικλήσει
660 3893 1136 3967 τελεσιουργούμεν’
1212 3897 1283 3965 μὴ
1344 3898 1559 3964 γένοιτο·
1622 3894 1716 3947 Εὑ-

145 3985 275 4050 νομίῳ
317 3985 414 4052 γὰρ
445 3987 505 4034 τὸ
549 3981 778 4053 ἀνομοίῳ
807 3985 865 4033 τό
906 3990 1140 4033 τοιοῦτον
1179 3981 1436 4055 ἐτολμήθη
1493 3988 1714 4056 παρανό-

143 4085 268 4138 μημα
314 4072 444 4142 (42)·
498 4070 610 4123 ἀλλ’
667 4072 748 4122 ὃτι
794 4073 845 4122 οἰ
900 4069 1274 4142 βαπτιζόμενοι
1329 4071 1399 4133 εἰς
1445 4075 1502 4123 τὸ
1556 4076 1717 4145 ὄνομα

144 4164 217 4206 τοῦ
259 4164 468 4232 Πατρός,
513 4165 731 4212 καὶτοῦ
778 4161 920 4226 Υἰοῦ,
961 4164 1171 4212 καὶτοῦ
1201 4159 1354 4231 ἁγίου
1400 4163 1710 4233 Πνεύματος,

144 4247 202 4304 ὡς
237 4246 277 4298 ἰν
319 4252 470 4321 ἰεροίς
525 4247 813 4320 συμϐόλοις
860 4255 950 4300 καὶ
981 4251 1390 4320 κρυφιομύστοις
1438 4249 1714 4322 αἰνίγμασι

144 4337 212 4383 τὸν
255 4345 338 4389 τοῦ
379 4346 622 4411 Σωτῆρος
674 4336 1012 4410 ἰκμιμοῡνται
1071 4339 1310 4404 θάνατον,
1356 4343 1439 4391 κοὶ
1487 4341 1714 4414 ὑπογρά-

145 4442 271 4491 psum
322 4435 409 4480 καὶ
455 4424 814 4480 διατυποῦσιν
867 4427 996 4503 άπερ
1055 4427 1180 4480 ἑκὼν
1222 4426 1405 4488 ἐκεῖνος
1455 4430 1708 4501 ὑπέμεινε·

143 4515 217 4567 τὴν
365 4522 643 4588 τριήμερόν
700 4514 748 4566 ἰν
793 4524 864 4586 τῷ
923 4512 1029 4588 ᾅδῃ
1073 4511 1348 4589 διάτριϐὴν
1389 4515 1712 4579 ἐξεικονίζον-

142 4616 202 4659 τις
236 4611 291 4674 τῇ
328 4604 514 4678 τριπλῇ
558 4601 870 4656 καταδύσει·
916 4612 977 4676 τῇ
1021 4601 1080 4657 δε
1109 4603 1200 4677 in;
1240 4605 1394 4657 πάλιν
1438 4602 1711 4673 ἀναδύσει,

143 4693 217 4744 τὴν
243 4698 508 4765 τριήμερόν
551 4691 860 4759 ἀνάστασιν,
897 4689 932 4744 δ
937 4693 971 4744 ι’
1004 4696 1065 4751 ἧν
1095 4698 1185 4745 καὶ
1280 4693 1712 4757 ἀποκατάστασις

289 4789 376 4833 τοῦ
425 4781 810 4843 παλαιωθέντος
861 4778 1039 4854 Ἀδὰμ
1096 4788 1187 4835 καὶ
1243 4783 1269 4835 ὁ
1336 4782 1713 4857 ἁνακαινισμός

145 4868 590 4931 σνκξεικονίςεται.
648 4871 789 4923 Ἐπεὶ
826 4875 917 4923 καὶ
954 4874 1082 4924 αύτό
1128 4874 1185 4924 τὸ
1235 4871 1309 4934 εἰς
1354 4877 1583 4945 Χριστὸν
1616 4872 1713 4946 βα-

145 4956 402 5024 πτίζεσθαι,
446 4965 538 5012 καὶ
574 4963 634 5012 τὸ
681 4959 753 5022 εἰς
801 4963 886 5012 τόν
928 4961 1144 5014 θάνατον
1175 4960 1356 5031 αύτού,
1401 4967 1490 5014 καὶ
1541 4963 1610 5024 εἰς
1662 4963 1711 5016 εν

203 5101 244 5133 ’⁸
274 5102 293 5154 ι
320 5105 446 5160 Cor.
476 5120 516 5169 ι,
549 5104 629 5159 Η.
659 5105 707 5139 ³ο
739 5104 910 5160 lCor.
952 5120 1011 5169 ι,
1046 5105 1098 5158 2.

1747 4492 1791 4546 D

1193 296 1286 355 AD
1328 271 1870 353 AMPHILOCHIUM
1915 282 2240 364 QUESTIO
2282 271 2474 350 XLlll.

3374 277 3479 352 314

1822 421 2018 495 potius
2060 421 2188 477 hinc
2235 421 2368 494 ipsa
2416 419 2836 492 praedictarum
2884 419 3156 475 omnium
3210 435 3320 492 pro
3369 436 3480 477 sua

1822 510 2209 565 luculentiore
2228 510 2278 564 vi
2291 524 2360 564 ac
2372 508 2660 579 dignitate
2685 507 3135 577 abrogationem
3155 509 3211 562 in
3221 509 3474 564 veheret.

1822 597 2012 664 Quare
2054 597 2325 653 formula:
2361 597 2488 668 jam
2527 612 2683 668 saepe
2719 603 3061 652 memoratae
3096 597 3351 652 invicem
3385 613 3480 653 ex-

1820 694 2176 760 pungerent.
2227 687 2379 752 Quid
2427 692 2628 742 autem
2680 686 2844 742 Pauli
2896 686 3039 741 illud
3095 687 3364 744 dictum?
3416 704 3478 744 se

1823 775 2103 830 nimirum
2134 776 2296 832 haud
2327 777 2695 847 praecipuam
2726 775 2966 830 dedisse
2995 791 3243 846 Operam
3277 781 3339 832 ut
3367 775 3480 832 ba-

1822 866 2068 936 ptizaret
2111 880 2123 918 :
2168 882 2196 914 «
2235 867 2332 928 Ne,
2371 864 2585 936 inquit,
2627 863 3003 919 multitudine
3041 867 3476 936 baptizatorum

1824 952 2077 1022 gloriam
2106 952 2376 1008 mihimet
2397 967 2490 1007 me
2513 969 2777 1022 quaerere
2799 952 3062 1008 dicerent
3081 953 3267 1009 invidi
3293 971 3304 1010 :
3331 969 3479 1011 neve

1823 1041 1896 1096 iis
1953 1042 2358 1097 calumniandi
2414 1057 2629 1098 ansam
2688 1042 3034 1112 praeberem,
3089 1044 3194 1114 qui
3249 1044 3480 1116 optima

1823 1147 2079 1203 quaeque
2137 1131 2320 1187 livore
2376 1147 2488 1186 suo
2545 1131 2817 1186 insectari
2875 1131 3103 1196 solent;
3163 1140 3342 1204 atque
3401 1134 3478 1190 ita

1824 1219 2075 1276 salutem
2106 1225 2449 1276 renatorum
2485 1219 2648 1275 lucro
2678 1219 2984 1286 haberem,
3018 1221 3164 1276 dum
3198 1221 3478 1278 laudibus

1824 1309 2079 1381 propriis
2134 1311 2428 1365 adversus
2489 1310 2737 1380 Spiritus
2788 1309 3016 1364 donum
3066 1311 3322 1381 iniurius
3380 1312 3478 1367 ﬁe-

1823 1414 1948 1453 rem
1967 1402 2034 1449 ".
2057 1418 2085 1450 »
2104 1399 2444 1468 Demumjex
2465 1398 2787 1452 innumeris
2808 1398 2937 1454 aliis
2953 1398 3098 1454 locis
3119 1415 3478 1469 cognoscere

1825 1503 2146 1558 possumus
2172 1486 2423 1556 gloriam
2447 1492 2503 1542 et
2521 1486 2759 1542 laudem
2781 1493 2838 1543 et
2858 1488 3153 1544 honorem
3183 1489 3478 1546 vocabulo

1823 1591 2033 1631 nomen
2066 1575 2411 1647 signiﬁcari.

1895 1670 1947 1720 9.
1999 1666 2150 1730 Quin
2192 1664 2344 1721 adeo
2384 1665 2652 1720 doctrina
2690 1665 3042 1736 hujusmodi
3088 1683 3192 1738 per
3241 1667 3480 1738 singula

1824 1754 2072 1810 nomina
2108 1754 2222 1809 hoc
2253 1761 2426 1826 pacto
2455 1754 2785 1810 deducitur.
2822 1754 3047 1810 Etenim
3083 1757 3332 1812 nomina
3371 1772 3480 1828 ap—

1827 1846 2015 1914 prime
2027 1843 2270 1915 quidem
2285 1858 2672 1915 personarum
2688 1843 3000 1898 discrimen
3013 1844 3482 1901 distinctionem-

1825 1948 1942 2002 que
1969 1931 2232 1986 efﬁciunt
2263 1949 2275 1986 :
2304 1939 2361 1988 et
2383 1932 2565 1988 modo
2585 1932 2832 2004 quidem
2855 1933 3249 1988 imitationem
3271 1949 3483 2006 quam-

1825 2020 1969 2076 dam
1996 2020 2566 2094 similitudinemque
2592 2021 2881 2076 denotant
2905 2037 3181 2092 personas
3207 2022 3478 2094 alicujus,

1825 2126 1962 2182 quas
1985 2109 2218 2166 facinus
2240 2109 2463 2164 illustre
2487 2109 2859 2179 aggreditur;
2885 2110 3068 2164 modo
3090 2117 3291 2165 autem
3311 2127 3477 2166 man-

1825 2199 2104 2254 datorum
2121 2212 2328 2252 curam
2351 2203 2529 2268 atque
2549 2197 2996 2253 observantiam
3013 2198 3370 2266 signiﬁcant.
3388 2199 3480 2254 Sic

1826 2286 1987 2342 enim
2029 2291 2084 2341 et
2126 2285 2399 2342 lsraelitae
2440 2285 2499 2340 in
2537 2285 2696 2341 Mose
2728 2285 3017 2358 baptizati
3057 2285 3336 2341 dicuntur
3374 2288 3422 2320 ³⁰
3463 2304 3477 2346 :

1826 2376 2042 2448 quippe
2080 2374 2185 2446 qui
2223 2375 2402 2445 hujus
2441 2375 2718 2446 exemplo
2757 2374 3080 2432 humidum
3117 2373 3482 2432 elementum

1827 2465 2000 2520 siccis
2033 2464 2282 2535 pedibus
2307 2469 2688 2535 permearunt
2715 2479 2728 2518 :
2760 2480 2943 2536 quem
2969 2464 3117 2520 dum
3151 2470 3484 2536 sequuntur

1828 2554 2064 2621 ducem,
2115 2553 2384 2626 dumque
2432 2555 2491 2609 in
2531 2554 2661 2624 ejus
2700 2561 2974 2626 respectu
3017 2569 3186 2626 spem
3235 2569 3483 2611 omnem

1828 2643 2138 2713 collocant,
2172 2645 2584 2715 Egyptiorum
2613 2642 2844 2715 laqueis
2873 2648 3190 2700 evaserunt
3221 2659 3234 2698 ε
3267 2648 3323 2700 et
3349 2643 3484 2716 qui-

1827 2732 1942 2789 bus
1971 2733 2083 2805 ipsi
2115 2733 2398 2788 ﬂuctibus
2426 2748 2502 2788 ne
2540 2733 2764 2804 pedum
2795 2733 3042 2804 quidem
3076 2739 3247 2790 tenus
3276 2734 3483 2789 hume-

1828 2823 1967 2878 ctati
2043 2826 2202 2888 sunt,
2270 2820 2486 2875 iisdem
2551 2822 2794 2876 obrutos
2858 2827 3267 2892 persecutores
3343 2837 3482 2876 suos

1827 2911 2104 2966 viderunt
2136 2927 2148 2964 :
2182 2909 2526 2981 duplicique
2557 2909 2779 2978 gaudio
2818 2908 2955 2964 elati
2988 2914 3148 2974 sunt,
3182 2924 3400 2979 nempe
3428 2914 3484 2964 et

1827 2999 2088 3054 hostium
2118 2999 2422 3070 insperato
2455 2997 2651 3062 exitio,
2685 3006 2742 3052 et
2767 3012 2890 3051 suae
2921 2996 3126 3052 salutis
3158 2995 3472 3055 miraculo.

1828 3089 1892 3143 ln
1939 3087 2094 3144 hanc
2133 3087 2317 3142 ferme
2358 3087 2712 3142 sententiam
2751 3087 3092 3156 conspirant
3129 3085 3308 3141 etiam
3346 3101 3482 3157 qum

1828 3175 2039 3233 mundi
2068 3178 2278 3232 doctor
2301 3177 2383 3232 ait
2415 3192 2428 3230 :
2462 3194 2491 3226 «
2522 3178 2823 3247 Quotquot
2851 3176 2911 3230 in
2944 3175 3170 3230 Christo
3199 3173 3482 3247 baptizati

1827 3265 2069 3332 fuimus,
2093 3265 2152 3321 in
2171 3265 2300 3336 ejus
2323 3271 2510 3321 morte
2527 3281 2737 3320 sumus
2755 3264 3052 3337 baptizati.
3073 3284 3103 3317 »
3123 3269 3268 3320 Nam
3287 3263 3483 3320 verbis

1832 3377 1856 3408 (ι
1917 3357 1977 3412 in
2034 3357 2264 3412 Christo
2322 3355 2600 3428 baptizati
2658 3370 2891 3420 sumus,
2949 3377 2977 3404 »
3035 3355 3237 3426 utique
3287 3354 3478 3420 docet,

1823 3448 1994 3517 juxta
2033 3444 2188 3500 illius
2221 3446 2401 3500 ritum
2436 3443 2908 3516 mandatumque
2946 3443 3221 3500 initiandi
3260 3443 3483 3500 formu-

1826 3536 1968 3603 lam,
2010 3551 2046 3590 a
2083 3533 2259 3590 nobis
2299 3534 2426 3589 ﬁeri
2464 3534 3008 3603 regenerationem;
3046 3533 3242 3589 verbis
3280 3538 3482 3590 autem

1832 3645 1860 3678 α
1903 3625 1964 3680 in
2009 3625 2141 3697 ejus
2191 3631 2402 3690 morte,
2447 3645 2472 3674 υ
2514 3623 2677 3679 haud
2727 3639 2870 3679 sane
2917 3623 2999 3678 ait
3041 3639 3152 3679 nos
3195 3622 3482 3678 lotionem

1827 3714 2292 3786 regenerationis
2324 3730 2461 3768 cum
2495 3712 2817 3768 Dominicis
2859 3713 3067 3768 mortis
3106 3712 3481 3768 invocatione

1827 3819 2110 3876 peragere
2127 3820 2140 3869 ;
2159 3803 2326 3875 quod
2339 3802 2494 3858 absit
2511 3821 2526 3872 ;
2546 3818 2810 3874 namque
2825 3817 3140 3858 anomaaus
3154 3801 3482 3857 Eunomius

1824 3893 1938 3950 hoc
1978 3893 2204 3948 crimen
2243 3909 2426 3948 ausus
2466 3892 2614 3947 fuit:
2649 3892 2754 3947 sed
2785 3893 2866 3947 ait
2901 3891 3237 3962 baptizatos
3276 3890 3339 3946 in
3379 3905 3482 3946 no-

1826 3983 1985 4038 mine
2015 3982 2201 4038 Patris
2231 3989 2285 4037 et
2318 3967 2527 4036 Filiiet
2572 3981 2820 4054 Spiritus
2852 3980 3062 4045 sancti,
3093 3979 3266 4052 quasi
3299 3978 3482 4035 sacris

1826 4070 2112 4142 symbolis
2136 4070 2496 4141 arcanisque
2523 4070 2820 4142 mysteriis
2843 4069 3220 4124 Dominicnm
3247 4068 3479 4123 obitum

1824 4159 2070 4226 imitari;
2108 4165 2286 4231 atque
2322 4157 2510 4214 oculis
2551 4159 2840 4228 subjicere
2878 4163 2935 4214 et
2967 4157 3303 4212 deformare
3342 4170 3478 4225 quas

1823 4250 1918 4305 ille
1947 4255 2156 4321 sponte
2188 4263 2506 4320 perpessus
2534 4254 2622 4303 est
2650 4265 2663 4302 :
2699 4246 2915 4302 scilicet
2947 4246 3286 4302 triduanam
3312 4241 3482 4314 apud

1822 4339 2044 4395 inferos
2089 4352 2323 4393 moram
2369 4335 2587 4408 triplici
2635 4335 2933 4390 mersione
2975 4337 3404 4404 repraesentare
3463 4347 3476 4385 :

1821 4442 2150 4498 rursusque
2203 4425 2451 4482 totidem
2500 4423 2937 4480 emersionibus
2981 4420 3476 4476 resurrectionem

1823 4516 1992 4573 tertia
2031 4515 2123 4570 die
2155 4521 2491 4586 peractam;
2525 4512 2698 4584 cujus
2727 4510 3016 4566 beneﬁcio
3056 4507 3478 4578 redintegratio

1821 4605 1997 4661 nobis
2035 4603 2248 4660 veteris
2284 4603 2500 4658 Adami
2547 4599 2977 4670 renovatioque
3016 4597 3346 4654 conﬁcitur.
3393 4595 3479 4652 Si-

1821 4693 2067 4764 quidem
2117 4698 2172 4748 et
2217 4690 2549 4748 locutiones
2586 4690 2646 4745 in
2685 4688 2917 4744 Christo
2958 4687 3265 4760 baptizari,
3314 4691 3370 4742 et
3418 4687 3478 4742 in

1823 4787 2016 4838 morte
2045 4783 2193 4854 ejus,
2226 4787 2284 4837 et
2313 4781 2372 4835 in
2405 4795 2527 4835 uno
2570 4794 2833 4851 corpore,
2868 4783 2924 4835 et
2952 4779 3014 4834 in
3046 4777 3289 4834 nomine
3319 4775 3481 4833 Chri-

1823 4872 1911 4936 sti,
1955 4877 2011 4927 et
2059 4871 2190 4928 alia;
2227 4869 2596 4941 hujusmodi,
2647 4867 2813 4940 quod
2858 4867 3107 4940 quidem
3155 4866 3364 4923 attinet
3401 4865 3479 4922 ad

1822 4960 2141 5018 nominum
2165 4959 2608 5030 verborumque
2626 4957 2904 5028 ﬁguram,
2923 4956 3091 5014 haud
3113 4969 3480 5028 magnopere

1688 5207 1730 5260 N
1740 5203 1921 5262 OTJE.

200 5308 302 5386 (il)
324 5313 382 5366 ln
410 5313 664 5386 concilio
697 5311 1318 5386 generaliquintoied.
1354 5311 1531 5386 colet.
1559 5317 1596 5369 t.
1624 5313 1710 5380 1X,

145 5389 191 5447 ρ.
214 5381 325 5446 209,
351 5385 602 5456 quidam
626 5381 1398 5456 reprehendit'Theodorum
1419 5384 1712 5456 Mopsues-V

146 5459 316 5507 tenum
331 5456 475 5525 quia
493 5455 846 5511 locutionem
865 5457 1222 5524 baptizartin
1243 5455 1474 5511 nomine
1492 5455 1714 5511 Christi

144 5532 568 5598 comparaverat
603 5543 734 5581 cum
767 5526 910 5592 haec,
945 5527 1232 5598 baptizari
1261 5529 1322 5582 in
1354 5527 1528 5582 Mose.

203 5597 300 5664 (42)
347 5597 620 5652 Veterum
653 5607 962 5654 auctorum
991 5597 1348 5668 testimonia,
1392 5598 1496 5672 qui
1526 5597 1706 5669 hujus

1823 5310 2090 5367 criminis
2133 5309 2494 5366 Eunomium
2526 5307 2998 5380 postulaverunt,
3032 5305 3254 5380 profert
3293 5305 3478 5380 Ursus

1824 5383 2051 5438 cardiu.
2094 5382 2151 5438 in
2187 5381 2425 5444 Dissert,
2458 5378 2542 5436 de‘
2566 5379 2867 5452 baptismo
2899 5386 2957 5434 in
2985 5378 3193 5452 Christi
3235 5378 3478 5452 nomine

1823 5460 1974 5526 part.
2017 5470 2079 5521 ιι,
2106 5469 2177 5526 γρ.
2222 5456 2289 5509 64
2327 5467 2507 5526 δείξει.
2540 5447 2791 5526 Legatur
2814 5453 3002 5526 etiam
3042 5448 3380 5526 Hardninus
3418 5447 3478 5500 in

1821 5517 2234 5580 dissertatione
2257 5526 2392 5579 item
2407 5517 2480 5578 ae
2496 5517 2981 5595 baptismoinCh.
2999 5535 3163 5578 nom.
3192 5517 3475 5574 Thesaur.

1821 5597 2076 5667 theolog.
2107 5604 2254 5652 tom.
2281 5599 2336 5652 Χ.
2371 5602 2521 5667 part.
2556 5611 2592 5661 ι,
2623 5611 2681 5666 ρ.
2712 5595 2834 5650 104.
