4126 6190
436 247 544 325 sis

1660 248 1901 327 PHOTII
1945 250 2430 329 PATRIARCHAE
2466 254 2574 326 cP.

3694 274 3799 328 316

434 394 775 466 discrepare
802 394 953 452 inter
976 411 1039 451 se
1064 394 1375 465 videntur;
1408 401 1821 454 verumtamen
1854 400 2084 453 senten-

2200 406 2371 469 σῶμα,
2418 400 2504 448 καὶ
2535 395 2603 456 εἰς
2643 398 2700 447 τὸ
2733 398 2897 467 ὄνομα
2922 402 3016 450 τοῦ
3056 403 3312 471 Χριστοῦ,
3344 399 3435 449 καὶ
3464 397 3529 450 τὰ
3561 404 3801 453 τοιαῦτα.

436 485 528 540 tiae
586 484 659 549 vi,
719 488 776 539 et
840 484 1022 555 ipsius
1084 484 1168 540 rei
1228 485 1573 542 deﬁnitione
1634 502 1704 543 ac
1763 487 2081 548 notatione,

432 574 653 630 mirum
677 579 972 645 quantum
999 573 1148 630 inter
1173 591 1234 630 se
1259 575 1560 633 diiferunt.

2196 494 2267 558 τῷ
2320 490 2408 557 μὲν
2468 490 2713 557 σχήματι
2756 494 2856 536 τῶν
2901 485 3163 559 ὀνομάτων
3213 490 3303 538 καὶ
3355 487 3603 559 ῥημάτων
3650 485 3802 539 οὐδὲν

2197 572 2549 627 ἐπιδείκνυται
2588 578 2724 646 μέγα
2765 574 3212 647 παραλλάττοντα·
3267 574 3314 627 ἐν
3358 572 3415 627 δε
3444 583 3506 647 τῇ
3560 581 3803 648 σημασίᾳ

433 670 525 715 τοῦ
552 667 831 733 νοήματος,
862 668 951 715 καὶ
979 659 1013 714 δ
1019 665 1243 737 ιάκρίσει
1273 668 1361 716 καὶ
1390 663 1681 737 ἀπαγγελίᾳ
1704 672 1795 717 τοῦ
1820 667 2143 738 πράγματος,
2178 669 2430 734 μεγίστην
2460 665 2588 720 ὅσην
2618 668 2712 719 τὴν
2758 660 3012 738 διαφορὰν
3044 663 3441 735 ἐμφανίζουσιν.

509 755 593 807 10.
645 751 817 815 Quod
846 758 1047 808 autem
1082 752 1196 808 alio
1225 752 1405 808 etiam
1438 770 1613 810 sensu
1645 770 1866 811 nomen
1912 754 2089 824 signi-

432 842 568 898 ﬁcet
616 840 1057 912 prmdicationis
1110 842 1255 910 vim,
1304 843 1465 898 Pauli
1518 843 1780 900 initiator
1829 843 2089 898 Ananias

434 930 742 989 manifeste
769 930 994 994 docuit,
1020 946 1158 986 cum
1180 947 1250 986 ea
1272 947 1336 986 se
1359 947 1684 1005 passurum
1709 933 2088 1002 timeretquae

432 1035 556 1076 non
611 1024 826 1075 temere
866 1035 937 1074 ex
980 1019 1155 1076 Saulo
1196 1022 1599 1092 exspectanda
1638 1027 1824 1077 erant.
1883 1020 2088 1075 Divino

433 1109 595 1165 enim
632 1112 868 1179 recepto
906 1108 1149 1164 oraculo
1184 1115 1247 1164 ut
1281 1116 1720 1180 persecutorem
1761 1109 1945 1165 sacris
1982 1109 2089 1163 im-

432 1197 641 1254 bueret
667 1214 680 1251 :
713 1218 739 1246 «
766 1197 1003 1260 Audivi,
1032 1195 1244 1268 inquit,
1275 1198 1541 1264 Domine,
1572 1214 1608 1254 a
1634 1198 1834 1254 multis
1859 1199 1933 1253 de
1960 1197 2088 1253 viro

432 1286 568 1354 hoc,
608 1291 838 1357 quanta
876 1285 925 1339 is
956 1286 1116 1342 mala
1147 1288 1362 1342 sanctis
1397 1288 1508 1342 tuis
1546 1287 1807 1343 intulerit
1839 1288 1900 1343 in
1940 1286 2087 1342 urbe

434 1374 861 1446 Hierosolymis
894 1376 960 1425 ³¹.
996 1394 1023 1426 ››
1055 1378 1201 1431 Tum
1234 1375 1464 1431 addidit
1499 1391 1511 1430 :
1548 1398 1570 1426 «
1606 1380 1670 1432 Et
1696 1377 1943 1448 quidem
1968 1375 2087 1431 huc

434 1464 612 1520 etiam
645 1467 886 1534 accepta
926 1480 963 1520 a
1002 1465 1412 1521 sacerdotibus
1449 1470 1735 1537 potestate
1774 1465 1930 1521 venit
1962 1465 2087 1521 vin—

433 1552 627 1608 ciendi
654 1568 864 1609 omnes
899 1552 999 1624 qui
1028 1553 1141 1609 hoc
1182 1570 1395 1609 nomen
1432 1556 1718 1611 invocant
1746 1556 1815 1607 ”.
1851 1574 1879 1606 »
1905 1553 2084 1625 Atqui

434 1640 700 1698 ﬁdelium
728 1642 954 1697 nemini
977 1643 1286 1712 negotium
1319 1643 1709 1715 studiumque
1728 1651 1872 1707 erat,
1895 1648 1953 1698 ut
1981 1659 2086 1699 nu-

432 1731 581 1787 dum
613 1731 823 1787 Christi
847 1747 1069 1788 nomen
1101 1732 1468 1798 inclamaret,
1515 1748 1711 1805 neque
1760 1739 1823 1789 ut
1853 1732 2085 1803 absque

2271 751 2322 806 ι’.
2356 752 2473 805 Ὃτι
2512 757 2688 823 μέντοι
2726 758 2784 804 τό
2833 756 2993 824 ὄνομα
3030 757 3118 804 καὶ
3162 756 3352 824 τρόπον
3382 753 3529 806 ἄλλον
3577 757 3670 811 τὴν
3710 761 3801 805 τοῦ

2197 843 2530 913 κηρύγματος
2585 836 2810 912 δύναμιν
2865 838 3172 911 ἀπαγγελλει
3234 840 3370 911 (43),
3429 843 3456 892 ὁ
3507 849 3597 894 τοῦ
3657 845 3801 894 Παύ-

2199 928 2288 979 λου
2340 932 2691 1000 μυσταγωγός
2737 930 2992 997 Ἀνανίας,
3056 930 3208 985 ἡνίκα
3273 928 3412 1000 φόϐῳ
3470 938 3563 982 τοῦ
3621 932 3800 983 παθεῖν

2198 1017 2325 1091 ἅπερ
2381 1015 2441 1074 ἦν
2499 1018 2635 1078 εἰκός
2698 1020 2928 1071 ὑπονοεῖν
2984 1022 3070 1069 τόν
3127 1017 3315 1070 Σαῦλον
3378 1026 3560 1083 ποιεῖν,
3626 1028 3805 1091 σαφῶς

2196 1114 2449 1180 παριστᾷ.
2510 1111 2641 1182 Πρός
2689 1110 2787 1181 γὰρ
2836 1111 2923 1159 τόν
2977 1110 3385 1180 χρηματίζοντα
3435 1108 3576 1177 αύτῷ
3630 1128 3801 1180 μυστ-

2198 1204 2475 1267 αγωγῆσαι
2517 1200 2602 1249 τόν
2633 1193 2911 1248 διώκοντα·
2947 1218 2972 1246 ‹‹
3021 1201 3197 1270 Κύριε,
3227 1196 3449 1263 ἀκήκοα,
3484 1202 3665 1268 φησιν,
3699 1196 3801 1249 ἀπό

2196 1285 2393 1338 πολλῶν
2440 1290 2557 1359 περὶ
2613 1294 2703 1337 τοῦ
2753 1282 2943 1358 ἀνδρὸς
3003 1289 3188 1338 τούτου
3243 1288 3343 1339 ὅσα
3393 1289 3531 1338 κακά
3582 1288 3802 1344 ἐποίησε

2195 1383 2302 1436 τοῖς
2330 1375 2500 1445 ἁγίοις
2529 1394 2622 1427 σου
2644 1374 2693 1426 ἐν
2720 1374 3082 1449 Ἰερουσαλήμ.
3111 1397 3138 1424 ››
3176 1373 3324 1429 Εἶτα·
3362 1396 3390 1427 ιι
3426 1381 3527 1429 Καὶ
3552 1371 3656 1428 ὦδε
3688 1378 3798 1448 ἔχει

2196 1464 2433 1526 ἐξουσίαν
2492 1467 2635 1537 παρὰ
2691 1472 2790 1515 τῶν
2849 1463 3132 1537 ἀρχιερέων
3195 1460 3363 1523 δῆσαι
3417 1468 3613 1527 πάντας
3680 1468 3800 1528 τοῦς

2195 1550 2624 1623 ἐπικαλουμένους
2670 1555 2728 1603 τό
2786 1555 2945 1623 ὄνομα
2996 1568 3110 1603 σοῦ’
3156 1574 3184 1604 ››
3238 1557 3406 1604 καίτοι
3453 1561 3551 1604 τῶν
3598 1560 3801 1605 πιστῶν

2195 1641 2289 1693 οὐκ
2338 1638 2397 1699 ἧν
2454 1644 2600 1713 ἔργον
2646 1637 2770 1693 ούδε
2817 1638 3141 1711 σπούδασμα
3192 1637 3364 1693 οὐδενί
3407 1640 3559 1711 ψιλόν
3602 1644 3657 1694 τό
3706 1651 3800 1694 τοῦ

2194 1735 2428 1801 Χριστοῦ
2478 1733 2639 1802 ὄνομα
2688 1728 2928 1799 ἀναϐοᾲν·
2983 1726 3107 1782 ούδε
3135 1735 3303 1803 χωρὶς
3338 1739 3430 1790 τῆς
3470 1727 3800 1803 δογματικῆς

433 1820 786 1893 dogmatum
816 1821 1512 1893 rectitudinetraditaque
1544 1822 1733 1878 abillo
1757 1822 1897 1886 ﬁde,
1931 1822 2084 1877 hanc

2195 1818 2475 1891 ὀρθότητος
2523 1823 2611 1871 καὶ
2650 1826 2743 1880 τῆς
2792 1824 3016 1879 πίστεως
3058 1819 3119 1877 ἣν
3151 1821 3333 1879 ἐκεῖνος
3364 1818 3794 1891 ἐμυσταγώγησε,

431 1909 730 1967 labiorum
760 1914 929 1965 tenus
959 1910 1407 1981 invocationem,
1438 1910 1719 1967 salutiferi
1739 1911 1929 1966 nuntii
1956 1910 2085 1965 loco

431 1999 697 2056 haberet.
728 2000 841 2054 Sed
866 2014 1076 2071 reapse
1094 2014 1309 2055 nomen
1340 2000 1553 2056 Christi
1578 2000 1921 2055 invocantes
1948 1999 2089 2055 dicit

430 2088 586 2154 illos,
615 2104 770 2160 quos
798 2088 946 2144 ﬁdes
974 2089 1036 2144 in
1059 2105 1194 2145 eum
1212 2089 1487 2155 ornabat,
1517 2093 1575 2145 et
1593 2090 1698 2161 qui
1717 2089 2088 2159 evangelica-

431 2194 563 2237 rum
594 2193 902 2234 sacrorum
938 2178 1195 2234 studium
1226 2194 1346 2250 prae
1367 2195 1427 2234 se
1444 2178 1728 2247 ferebant,
1761 2178 1979 2250 quique
2010 2177 2087 2233 ad

432 2267 713 2339 pietatem
763 2283 1005 2323 summo
1061 2274 1282 2324 conatu
1311 2267 1701 2325 enitebantur.
1738 2267 1861 2322 Hoc
1888 2272 2086 2323 autem

433 2356 577 2427 quid
609 2355 774 2411 aliud
796 2362 919 2411 erat
956 2361 1163 2426 praeter
1188 2372 1373 2428 quam
1406 2356 1644 2412 credere
1675 2372 1744 2413 ac
1766 2356 2087 2427 praedicare

434 2446 809 2501 Servatorem
857 2450 1132 2502 nostrum
1183 2446 1283 2500 Dei
1342 2461 1471 2501 esse
1538 2445 1763 2511 Filium,
1820 2445 2088 2515 Patrique

433 2532 1005 2589 consubstantialem
1042 2552 1053 2591 :
1116 2553 1143 2584 α
1191 2536 1311 2602 Ego
1343 2534 1521 2599 enim,
1569 2534 1779 2605 inquit,
1822 2538 1877 2587 et
1922 2538 2089 2604 pater

435 2636 623 2677 unum
657 2637 867 2676 sumus
918 2625 963 2655 ³³
993 2621 1019 2674 ‘I
1048 2640 1076 2672 »
1108 2637 1217 2676 nec
1250 2638 1371 2678 non
1413 2628 1683 2678 sanctum
1741 2621 2021 2695 Spiritum
2054 2636 2089 2677 a

434 2710 604 2766 Patre
634 2710 1076 2781 procedentem,
1102 2715 1274 2781 atque
1304 2711 1382 2767 ab
1409 2711 1538 2781 ejus
1564 2712 1753 2780 gloria
1781 2726 1851 2767 ac
1880 2711 2089 2766 divini-

432 2804 550 2855 tate
584 2798 830 2854 minime
860 2799 1120 2855 alienum
1160 2800 1187 2853 ‘2
1223 2803 1371 2855 Nam
1413 2799 1518 2872 qui
1548 2793 1910 2869 naturaliter,
1965 2798 2086 2855 imo

433 2904 570 2944 vero
598 2888 1040 2960 supernaturali
1072 2889 1333 2945 maxime
1363 2894 1421 2943 et
1449 2888 1830 2945 inenarrabili
1858 2890 2084 2945 ratione

433 2994 470 3033 a
496 2981 748 3049 paterna
771 2978 1109 3034 substantia
1131 2979 1417 3049 procedit,
1432 2978 1590 3034 hunc
1611 2984 1841 3050 oportet
1867 2977 2087 3049 produ-

431 3066 616 3122 centis
653 3066 906 3136 gloriam
939 3074 992 3122 et
1023 3073 1369 3137 potestatem
1400 3072 1454 3123 et
1483 3068 1603 3124 vim
1637 3083 1839 3124 secum
1866 3066 2087 3124 deferre

433 3158 611 3226 atque
641 3156 936 3213 illibatum
966 3156 1382 3212 inenarrabilis
1404 3157 1756 3213 substantia:
1783 3157 2087 3213 characte-
2121 3180 2161 3235 ρ

430 3260 560 3300 rem
599 3246 868 3302 retinere.
907 3248 1149 3303 Constat
1197 3246 1444 3318 insuper
1482 3247 1711 3313 Filium,
1754 3246 1856 3318 qui
1897 3246 2085 3303 Patris

433 3334 719 3404 splendor
756 3340 862 3402 est,
904 3335 1109 3391 omnia
1147 3352 1349 3391 secum
1381 3337 1529 3392 ferre
1568 3335 1791 3408 quibus
1831 3336 2082 3406 gignens

430 3421 602 3477 Pater
630 3437 736 3493 per
760 3422 962 3479 radios
993 3423 1319 3480 divinitatis
1352 3424 1610 3481 formam
1655 3424 1841 3481 Geniti
1872 3440 2084 3480 conve-

429 3512 712 3579 nustavit,
753 3511 1261 3583 conjunctamque
1300 3520 1579 3569 naturam
1620 3512 1915 3584 patefecit.
1966 3513 2081 3569 Hac

430 3601 608 3669 igitur
644 3599 975 3670 theologica
1012 3601 1339 3658 initiatione
1370 3602 1685 3659 multitudo
1725 3602 2083 3657 credentium

429 3686 828 3744 imbuebatur.
848 3690 986 3744 Jure
1006 3694 1204 3745 autem
1220 3691 1546 3746 Servatoris
1568 3706 1788 3745 nomen
1810 3689 2085 3745 dicuntur

430 3776 819 3847 invocavisse,
851 3779 995 3850 quia
1034 3778 1341 3848 doctrinae,
1383 3780 1554 3849 cujus
1585 3778 1716 3851 ipse
1744 3784 2084 3835 antecessor

429 3870 579 3933 erat,
602 3868 896 3924 rationem
926 3882 1129 3924 veram
1160 3868 1218 3923 hi
1249 3868 1607 3924 retinebant.

506 4048 589 4100 11.
633 4044 744 4101 Sed
786 4044 944 4101 enim
1004 4045 1386 4117 progrediens
1439 4062 1635 4102 sermo
1675 4046 1802 4103 aliis
1839 4062 2081 4119 quoque

428 4134 799 4203 argumentis
826 4136 1128 4191 sententia:
1148 4135 1327 4207 hujus
1340 4136 1815 4207 probabilitatem
1836 4142 2078 4195 astruet.

430 4224 654 4296 Quippe
684 4224 896 4280 Christi
922 4224 1245 4295 oraculum,
1280 4231 1396 4281 uta
1420 4232 1584 4282 metu
1614 4232 1792 4298 atque
1822 4232 2082 4283 conster-

428 4314 668 4371 natione
707 4312 1066 4370 initiatorem
1098 4316 1261 4371 Pauli
1283 4323 1515 4372 revocet
1544 4333 1557 4382 ;
1588 4333 1769 4387 quem
1801 4317 2081 4373 exhorres

428 4403 531 4470 ait,
559 4419 629 4459 ac
660 4402 835 4458 veluti
858 4403 1157 4459 inimicum
1181 4404 1457 4461 salutaris
1489 4404 1922 4476 praedicationis
1943 4405 2078 4461 exti-

2194 1911 2287 1964 τὴν
2356 1907 2543 1971 κλῆσιν
2614 1906 2928 1978 ἀπαγγελίαν
3002 1903 3095 1959 διὰ
3172 1916 3271 1959 τῶν
3329 1907 3545 1979 χειλέων
3612 1916 3794 1961 ποιεῖν·

2197 1995 2326 2048 ἀλλά
2375 2017 2435 2067 γε
2479 2004 2566 2048 νῦν
2624 1996 3054 2069 ἐπικαλουμένους
3102 1996 3321 2059 ἐκείνους
3371 2000 3429 2049 τό
3476 2002 3637 2068 ὄνομα
3665 1997 3802 2069 λέγει

2204 2094 2294 2137 τοῦ
2348 2094 2603 2160 Χριστοῦ,
2651 2089 2807 2147 ὅσους
2836 2088 2865 2143 ἡ
2902 2086 2974 2147 εἰς
3024 2086 3176 2138 αὐτόν
3224 2084 3434 2157 ἐκόσμει
3476 2091 3673 2157 πίστις,
3711 2091 3802 2139 καὶ

2200 2183 2292 2236 τῆς
2336 2176 2450 2227 κατ’
2500 2176 2651 2227 αὐτόν
2698 2179 3076 2247 μυσταγωγίας
3117 2174 3229 2232 ἐνῆν
3276 2177 3397 2247 όρᾴν
3438 2173 3684 2247 ἐραστὰς,
3712 2179 3800 2227 καὶ

2196 2273 2286 2324 τῆς
2329 2264 2591 2325 εὐσεϐείας
2644 2263 2779 2335 ἀγὼν
2833 2264 3007 2325 αύτοῖς
3055 2267 3083 2321 ἡ
3134 2262 3393 2337 ἀκρίϐεια.
3442 2264 3512 2317 Τί
3554 2261 3613 2317 δὲ
3642 2272 3802 2317 τοῦτο

2197 2352 2318 2405 ἄλλο
2376 2349 2458 2418 ἧν,
2521 2355 2550 2411 ᾖ
2603 2356 2661 2404 τό
2718 2361 2913 2427 φρονεῖν
2961 2357 3051 2404 καὶ
3090 2356 3362 2426 κηρύττειν
3413 2355 3531 2405 Υίὸν
3568 2357 3658 2424 μεν
3708 2361 3800 2406 τοῦ

2198 2450 2329 2495 Θεοῦ
2381 2445 2466 2493 τόν
2511 2450 2727 2516 Σωτῆρα
2783 2440 2932 2509 εἶναι,
2985 2448 3075 2494 καὶ
3133 2451 3204 2513 τῲ
3261 2447 3428 2515 Πατρὶ
3473 2444 3799 2511 ὁμοούσιον;

2201 2552 2227 2581 ι(
2272 2532 2405 2602 Ἐγὼ
2443 2533 2565 2603 γὰρ,
2601 2536 2753 2602 φησὶ,
2782 2536 2871 2582 καὶ
2901 2533 2925 2581 ό
2970 2535 3147 2605 Πατὴρ
3176 2532 3225 2583 ἓν
3274 2529 3465 2603 ἐσμεν;
3500 2554 3527 2579 α
3561 2532 3665 2584 Καὶ
3696 2533 3801 2601 μὴν

2196 2623 2253 2670 τό
2304 2621 2557 2691 παναγιον
2610 2625 2817 2689 Πνεῦμα
2858 2621 2927 2680 ὡς
2972 2617 3025 2669 ἐκ
3072 2626 3163 2671 τοῦ
3221 2623 3419 2693 Πατρός
3468 2617 3800 2690 ἰκπορευόμεο

2195 2729 2276 2760 νον
2315 2708 2449 2780 (44),
2500 2714 2590 2760 καὶ
2633 2728 2723 2768 της
2771 2707 2930 2759 αὐτοῦ
2978 2703 3139 2769 δόξης
3184 2726 3237 2759 τε
3280 2713 3370 2759 καὶ
3422 2709 3659 2767 θεότητος
3706 2706 3802 2758 οὐκ

2196 2796 2634 2871 ἀλλοτριούμενον’
2682 2800 2739 2848 τό
2784 2798 2882 2869 γὰρ
2928 2799 3063 2848 κατά
3107 2798 3261 2869 φύσιν
3305 2796 3494 2869 μᾶλλον
3545 2792 3604 2848 δε
3643 2797 3803 2868 ὑπερ-

2198 2889 2466 2958 φυεστάτῳ
2526 2891 2616 2937 καὶ
2666 2884 2915 2959 ἀφράστῳ
2958 2884 3096 2957 λόγῳ
3154 2893 3243 2946 τῆς
3300 2894 3557 2958 πατρικῆς
3614 2884 3803 2946 ούσίας

2195 2980 2395 3047 προϊὸν,
2433 2983 2523 3027 τοῦ
2555 2974 2967 3047 προϐαλλομένου
2999 2980 3092 3032 τὴν
3124 2971 3280 3036 δόξαν
3319 2980 3408 3027 καὶ
3438 2979 3526 3033 τὴν
3557 2972 3800 3036 ἐξουσίαν

2195 3071 2284 3117 καὶ
2315 3063 2535 3136 δύναμιν
2571 3066 2618 3116 ἐν
2650 3063 2813 3134 ἐαυτῷ
2854 3068 3018 3138 φέρειν
3065 3060 3194 3129 οἶδε,
3229 3069 3317 3115 καὶ
3364 3066 3448 3115 τὸν
3477 3070 3804 3135 χαρακτῆρα

2195 3163 2283 3214 τῆς
2336 3155 2460 3227 ὑπὲρ
2517 3152 2672 3223 λόγου
2743 3153 2928 3212 ούσίας
2996 3151 3445 3224 ἀπαραχιὶρακτον
3501 3158 3796 3224 συντηρεῖν.

2195 3242 2354 3301 Δῆλον
2399 3238 2457 3293 δὲ
2500 3242 2575 3293 ὅτι
2619 3245 2708 3292 καὶ
2758 3241 2783 3291 ὁ
2828 3242 2943 3301 Υἱός
2975 3238 3299 3312 ἀπαύγασμα
3336 3245 3403 3292 ὧν
3434 3248 3527 3292 τοῦ
3569 3242 3799 3314 Πατρός,

2194 3332 2397 3383 ἅπαντα
2452 3334 2616 3403 φέρειν
2660 3328 2707 3380 έν
2760 3328 2926 3399 ἐαυτῷ
2977 3331 3077 3382 ὅσα
3122 3339 3306 3401 γεννῶν
3356 3332 3381 3381 ὁ
3441 3333 3621 3403 Πατὴρ
3681 3336 3801 3391 ταῖς

2194 3419 2373 3473 ἀκτῖσι
2426 3428 2520 3481 τῆς
2580 3421 2818 3479 θεότητος
2866 3423 2961 3477 την
3003 3423 3205 3493 μορφὴν
3252 3421 3442 3492 ὡράῑζε
3486 3426 3576 3470 τοῦ
3614 3423 3798 3488 γεννη-

2192 3530 2368 3582 ματος,
2449 3514 2538 3561 καὶ
2604 3514 2659 3561 τὸ
2725 3512 2965 3579 συγγενὲς
3026 3507 3356 3580 ἀνεκήρυττε.
3429 3515 3500 3579 Τῇ
3576 3509 3799 3579 τοιαύτη

2190 3606 2357 3654 τοίνυν
2421 3599 2639 3670 θεολόγῳ
2714 3603 3063 3671 μυσταγωγίᾳ
3132 3607 3231 3649 τῶν
3290 3602 3636 3650 πιστεύοντων
3700 3596 3801 3649 ἐτε-

2191 3688 2323 3740 λεῖτο
2364 3691 2430 3740 τά
2466 3689 2660 3746 πλήθη.
2717 3693 2814 3740 Καὶ
2870 3684 3089 3748 δικαίως
3141 3689 3201 3739 οἶν
3257 3687 3485 3757 λέγοιντο
3533 3691 3588 3738 τό
3636 3691 3802 3756 ὄνομα

2191 3786 2283 3829 τοῦ
2328 3784 2563 3849 Σωτῆρος
2604 3776 2984 3841 ἐπικαλεῖσθαι,
3022 3772 3161 3829 διότι
3198 3785 3288 3829 τοῦ
3320 3774 3584 3847 δόγματος
3625 3776 3685 3827 οῦ
3719 3772 3802 3826 δι-

2193 3864 2455 3928 δασκαλος
2528 3865 2903 3940 ἐχρημάτιζεν,
2976 3865 3126 3917 αὐτοὶ
3197 3862 3449 3929 διέσωζον
3505 3870 3597 3924 τὴν
3653 3864 3797 3937 ὀρθό-

2190 3976 2340 4015 τητα.

2267 4045 2353 4099 ια’.
2407 4041 2573 4097 Οὐδὲν
2616 4040 2673 4096 δε
2724 4040 2875 4102 ἧττον
2918 4050 3111 4118 προῖὼν
3143 4045 3168 4095 ό
3207 4044 3357 4115 λόγος
3386 4050 3475 4096 καὶ
3508 4040 3580 4096 δι’
3615 4049 3799 4119 ετέρων

2190 4140 2521 4209 παραστήσει
2569 4142 2659 4193 τῆς
2702 4136 2947 4195 τοιαύτης
3007 4130 3162 4196 δόξης
3208 4138 3266 4186 τό
3306 4133 3604 4186 ἀκόλουθον.
3643 4138 3802 4204 Λέγει

2190 4228 2289 4299 γαρ
2346 4226 2371 4275 ὀ
2418 4227 2763 4298 χρηματίζων
2816 4232 2910 4284 τῆς
2952 4222 3144 4285 πολλῆς
3189 4222 3414 4293 ἀγωνίας
3452 4229 3663 4275 καὶτοῦ
3713 4219 3797 4275 δέ-

2190 4333 2278 4376 ους
2358 4312 2761 4383 ἀνακαλούμενος
2833 4315 2918 4363 τόν
2992 4316 3342 4383 μυσταγωγὸν
3410 4322 3502 4365 τοῦ
3566 4312 3797 4377 Παύλου,

2193 4427 2219 4452 ‹‹
2256 4402 2469 4476 Ὃτιπερ
2516 4404 2568 4453 ὃν
2618 4403 2845 4462 τέθηπας
2897 4406 2987 4452 καὶ
3037 4397 3282 4462 δέδοικας
3320 4404 3385 4462 ὡς
3425 4401 3663 4472 πολέμιον
3705 4410 3799 4453 τοῦ

427 4491 645 4547 mescis
680 4508 693 4546 :
732 4512 755 4543 α
791 4496 841 4547 ls
868 4500 956 4549 est
985 4493 1131 4550 mibi
1164 4510 1270 4549 vas
1302 4493 1627 4549 electionis.
1658 4514 1686 4547 »
1714 4494 1891 4548 Addit
1924 4512 1936 4553 :
1970 4514 1993 4544 ι
2014 4497 2083 4551 Ut

2195 4496 2452 4565 σωτηρίου
2509 4495 2862 4563 κηρύγματος,
2915 4490 3057 4549 οὗτός
3098 4510 3188 4561 μοι
3232 4496 3409 4551 σκεῦός
3462 4490 3603 4542 ἐστιν
3656 4489 3801 4543 ἐκλο-

426 4586 624 4652 portet
672 4596 891 4637 nomen
934 4598 1135 4638 meum
1178 4598 1381 4638 coram
1424 4582 1701 4652 gentibus
1748 4588 1801 4637 et
1838 4582 2080 4652 regibus

428 4675 607 4742 atque
638 4671 865 4728 lsraelis
897 4670 1119 4728 ﬁliis“.
1156 4694 1177 4720 ι
1199 4675 1421 4742 Nempe
1435 4671 1579 4727 dicit
1616 4687 1737 4727 non
1766 4671 1962 4727 solum
1999 4671 2078 4727 ab

425 4760 623 4817 hostili
657 4760 919 4817 exercitu
950 4776 1084 4816 eum
1127 4760 1536 4831 transfugisse,
1570 4776 1776 4817 verum
1806 4759 1984 4816 etiam
2015 4760 2077 4815 in

427 4850 624 4920 prima
654 4850 779 4906 acie
812 4854 1030 4905 vexata:
1060 4848 1197 4904 ﬁdei
1230 4856 1738 4923 propugnatorem
1765 4850 2004 4906 versari.

2187 4588 2300 4651 γῆς·
2353 4582 2422 4641 εἰς
2476 4584 2532 4631 τό
2598 4579 2873 4652 βαστάσαι
2920 4582 2976 4633 τό
3027 4580 3187 4651 ὁνομεί
3230 4599 3330 4651 μου
3383 4583 3592 4633 ἐνώπιον
3640 4578 3799 4631 ἐθνῶν

2188 4689 2241 4721 τε
2291 4675 2380 4723 καὶ
2438 4668 2693 4741 βασιλέων
2740 4672 2863 4721 υἱῶν
2916 4688 2966 4719 τε
3019 4669 3251 4740 Ἰσραήλ·
3305 4692 3333 4719 »
3383 4668 3496 4721 ἀντὶ
3546 4678 3660 4733 τοῦ,
3720 4669 3798 4721 Ού

2187 4764 2337 4831 μόνον
2389 4758 2536 4819 αὐτὸς
2593 4768 2689 4812 τῶν
2733 4758 2940 4832 ἐχθρῶν
2989 4766 3078 4817 τῆς
3128 4758 3395 4830 φάλαγγος
3432 4755 3797 4826 ἀπεπήδησεν,

2187 4847 2313 4899 ἀλλὰ
2381 4854 2469 4901 καὶ
2516 4854 2885 4923 προασπιστὴς
2940 4856 3033 4908 τῆς
3090 4847 3472 4921 πολεμουμένης
3526 4847 3800 4910 εὐσεϐείας

502 4975 545 5008 ³¹
579 4977 704 5030 Act.
738 4990 818 5043 1x,
852 4974 936 5040 t3,
970 4976 1017 5009 ³³
1040 4973 1187 5030 ibid.
1216 4974 1305 5029 14.
1336 4978 1381 5009 ³³
1403 4975 1578 5031 Joan.
1604 4990 1665 5045 Σ,
1709 4974 1801 5031 30.
1841 4975 1890 5009 ⁸⁸
1914 4976 2039 5030 Act.
2060 4991 2143 5040 ιχ,
2184 4979 2274 5030 15.

1996 5100 2232 5156 NOT/‘E.

508 5210 618 5281 (43)
662 5209 748 5265 Sic
780 5226 833 5264 v.
874 5224 963 5278 gr.
994 5208 1155 5280 apud
1185 5208 1416 5266 Livium
1448 5226 1659 5267 nomen
1685 5210 1962 5265 Latinum
1986 5224 2090 5281 pro

435 5282 655 5339 Latina
692 5295 817 5350 rep.
847 5297 952 5337 seu
976 5282 1263 5349 potentia.

533 5352 623 5432 fit)
645 5351 1107 5432 Dum'Spiritum
1145 5369 1182 5409 ιι
1212 5352 1392 5432 Patre
1424 5352 1743 5432 procedere
1768 5353 1869 5421 ait,
1897 5368 2092 5424 neque

497 5368 623 5478 FH)
645 5368 1107 5431 uumppiruum
1145 5369 1182 5409 ιι
1212 5368 1392 5408 razre
1422 5368 1743 5481 Eroceaere
1768 5368 1869 5421 ait,
1897 5368 2092 5424 neque

432 5440 470 5482 α
547 5424 659 5503 ilio.
679 5425 868 5503 addit,
898 5422 1141 5503 oblique
1172 5424 1383 5503 saltem
1466 5427 1518 5480 ic
1540 5441 1799 5503 quoque
1830 5440 2093 5503 errorem

432 5511 604 5559 suum
628 5496 699 5550 de
723 5493 859 5567 Filii
880 5510 915 5567 a
938 5493 1065 5567 solo
1094 5494 1265 5551 Patre
1293 5493 1671 5567 processione
1693 5496 1934 5553 Photius
1956 5512 2092 5567 pro-

432 5567 532 5641 dit,
577 5583 758 5644 quem
812 5566 953 5624 alibi
1013 5566 1527 5640 plurimis’verbis
1572 5567 1848 5636 inculcat,
1877 5566 2093 5640 nempe

2202 5208 2371 5279 epist.
2399 5212 2452 5271 2,
2480 5223 2581 5262 seu
2610 5207 2806 5263 libello
2838 5206 3156 5278 encyclico.
3186 5206 3463 5275 Legenda
3494 5222 3634 5262 vero
3658 5213 3803 5264 sunt

2200 5296 2335 5352 qua:
2376 5280 2769 5352 Montacutins
2806 5282 3055 5352 copiose
3088 5280 3351 5352 disputat
3396 5285 3605 5352 contra
3632 5279 3797 5352 illam

2204 5348 2390 5406 Pliotii
2404 5350 2735 5422 epistolam,
2752 5366 2859 5405 nec
2872 5348 2991 5405 non
3010 5349 3078 5404 cl.
3094 5351 3163 5403 A.
3180 5348 3452 5422 Schottus
3468 5348 3804 5422 adAmphi-

2202 5422 2313 5504 loc.
2348 5419 2562 5502 quaest.
2601 5426 2689 5478 28.
2722 5424 2786 5477 Et
2800 5421 3056 5549 iquidem
3086 5437 3179 5476 res
3210 5420 3352 5502 satis
3384 5419 3663 5501 ventilata
3677 5419 3807 5479 fuit

2202 5511 2263 5549 in
2295 5495 2628 5549 Florentino
2648 5509 2797 5549 conc
2842 5509 2915 5549 ιο.
2936 5499 2991 5547 et
3012 5509 3043 5546 a
3073 5491 3372 5548 catholicis
3390 5507 3615 5549 nassum
3642 5491 3806 5549 theo-

2202 5493 2263 5549 in
2295 5491 2628 5550 Flbrentino
2648 5491 2915 5557 concilio.
2936 5499 2991 5547 et
3012 5509 3043 5546 a
3073 5491 3372 5564 catholicis
3387 5493 3615 5564 passim
3642 5491 3806 5549 theo-

2201 5565 2355 5637 logis
2386 5582 2399 5631 ;
2427 5582 2582 5638 quos
2614 5564 2762 5621 inter
2796 5564 2929 5621 vide
2955 5567 3109 5620 certe
3140 5562 3439 5621 Allatium.
