4126 6190
267 241 377 313 347'

266 379 758 453 ἀναδειχθὴσεταιο
801 383 891 432 καὶ
912 380 1014 453 γὰρ
1058 379 1158 432 ὑπὸ
1188 386 1288 430 τῶν
1333 373 1726 431 δυσσεϐούντων
1773 396 1869 430 πο-

262 472 632 543 λιορκούμενόν
699 489 752 521 τε
823 474 910 520 καὶ
968 473 1388 539 κατασειόμενον,
1455 467 1610 528 αὐτὸς
1679 465 1865 518 ἀναϐα-

266 565 456 613 στάσει
495 565 585 612 καὶ
640 558 980 630 ὑποστηρίξει
1026 562 1116 608 καὶ
1159 553 1480 630 ἀκράδαντον
1537 560 1867 630 παραστήσει

263 655 325 702 τὸ
385 648 620 709 θεοσεϐὲς
680 653 946 719 κηρυγμα.
1007 653 1171 700 Τοῦτο
1245 648 1345 719 γὰρ
1413 644 1634 697 ἐνταῦθα
1688 647 1716 702 ἡ
1778 652 1868 697 τοῦ

265 743 524 812 ὀνόματος
589 737 898 808 ἀπαγγέλλει
967 733 1209 808 δύναμις,
1277 740 1371 792 την
1437 735 1602 792 ἀληθῆ
1672 739 1867 801 πίστιν,

264 833 326 881 τὸ
361 837 459 888 τῆς
515 825 776 888 εὐσεϐείας
826 830 1081 898 φρόνημα,
1134 832 1227 885 τῆς
1272 823 1533 895 θεολογίας
1581 828 1638 876 τό
1681 829 1871 896 κηρυγ-

265 938 362 991 μα,
413 925 502 976 τῆς
553 923 645 968 τοῦ
700 920 876 984 Λόγου
933 919 1245 986 σαρκώσεως
1292 917 1350 965 τὸ
1387 919 1711 987 μυστήριον·
1764 912 1870 965 ἐπεὶ

264 1012 320 1058 τί
373 1005 605 1078 χαλεπόν
669 1001 750 1073 ἧν,
808 1009 957 1055 τίνων
1028 999 1086 1056 δε
1164 1007 1531 1077 στηριγμάτων
1610 999 1868 1074 δεόμενον,

265 1094 446 1154 ἁπλῶς
499 1094 664 1154 οὕτως
715 1098 805 1145 καὶ
857 1098 954 1164 μιᾷ
997 1100 1132 1164 φωνῇ
1192 1095 1592 1166 προσαγορεύειν
1641 1095 1725 1144 τὸν
1773 1094 1872 1144 Κύ-

265 1200 414 1254 ριον;
472 1187 573 1236 Καὶ
627 1181 795 1234 αὐτῶν
851 1181 1007 1233 ἐνίοτε
1064 1189 1163 1232 τῶν
1223 1177 1510 1254 δαιμονίων
1583 1179 1871 1252 ἀναϐοωμέ-

264 1293 364 1323 νων
396 1276 484 1323 καὶ
528 1273 660 1342 μετά
693 1271 999 1344 προσθήκης
1045 1272 1184 1330 τινὸς
1226 1273 1284 1321 τό
1333 1274 1645 1344 Δεσποτικὸν
1690 1275 1867 1342 ὄνομα.

263 1361 429 1414 Ἀλλά
474 1357 631 1418 δῆλον
662 1363 732 1420 ὡς
759 1368 847 1410 νῦν
886 1363 1064 1431 ὄνομα,
1115 1361 1174 1410 τό
1207 1355 1301 1410 διὰ
1353 1358 1557 1411 Παύλου
1597 1359 1873 1430 καταγγελ·

263 1449 480 1522 λομενον
527 1454 778 1521 κηρυγμα
817 1447 972 1518 λέγει,
1029 1452 1118 1500 καὶ
1170 1450 1228 1498 τὸ
1281 1451 1406 1521 πρὸς
1451 1451 1579 1502 Θεὸν
1632 1446 1872 1522 ἀναφερό-

264 1559 420 1610 μενον
475 1537 650 1603 σέϐας,
683 1540 810 1612 ὑπὲρ
869 1537 929 1590 οὗ
985 1542 1206 1610 μυρίους
1272 1539 1391 1590 καθ’
1445 1537 1668 1596 ἑκάστην
1725 1540 1874 1590 θανά-

266 1646 389 1687 τους
442 1629 467 1678 ό
523 1633 646 1700 πρὶν
701 1623 928 1687 διωκτης
981 1623 1148 1690 ἡδέως
1199 1629 1359 1699 ἔφερε,
1420 1624 1694 1679 διδάσκων
1743 1647 1875 1701 παρ-

265 1725 444 1787 αινῶν,
523 1724 905 1788 μυσταγωγῶν,
975 1719 1256 1788 κηρύσσων
1325 1721 1419 1773 τὴν
1489 1721 1690 1784 πίστιν,
1759 1716 1874 1768 καθ’

266 1807 331 1863 ἦν
364 1805 508 1875 αὐτῷ
554 1809 938 1876 μυσταγωγίαν
985 1806 1012 1856 ό
1054 1809 1230 1876 Σωτὴρ
1281 1804 1636 1876 ἀπεκάλυψεν·
1673 1826 1701 1856 (ι
1741 1807 1875 1876 Ἐγὼ

264 1897 394 1969 γὰρ,
429 1900 610 1966 φησὶν,
666 1891 925 1956 ὑποδείξω
974 1894 1112 1966 αὐτῷ
1144 1896 1243 1947 ὅσα
1276 1891 1358 1947 δεῖ
1410 1894 1560 1946 αὐτὸν
1619 1896 1744 1966 ὑπὲρ
1784 1903 1875 1947 τοῦ

267 1983 524 2055 ὀνόματός
549 2002 650 2056 μου
685 1985 886 2038 παθεῖν.
922 2004 950 2033 ››

340 2071 440 2146 ιβ’.
473 2077 573 2126 Καὶ
617 2074 714 2146 ὅρα
750 2077 977 2144 συνεχὴς
1029 2075 1059 2131 ἡ
1110 2082 1312 2148 χρῆσις
1341 2079 1430 2125 τοῦ
1475 2072 1739 2146 ὀνόματος.
1783 2075 1875 2126 Διά

263 2168 350 2227 τί;
408 2162 519 2216 Ἰνα
574 2164 603 2220 η
693 2161 906 2234 ἐπιμονὴ
965 2171 1062 2224 τῆς
1127 2171 1296 2234 φωνῆς
1343 2167 1400 2214 τό
1467 2163 1592 2215 αὐτὸ
1656 2169 1876 2235 πρᾶγμα

263 2252 521 2312 πολλάκις
584 2254 918 2324 σημαίνουσα
982 2271 1036 2304 τε
1086 2257 1175 2304 καὶ
1224 2249 1519 2310 κατάδηλον
1569 2257 1871 2324 ποιουμένη,

266 2344 446 2415 ῶσπερ
481 2338 517 2393 δ
523 2343 577 2393 ιὰ
607 2350 702 2403 τῆς
728 2341 888 2404 ἀκοῆς
917 2341 1226 2394 έντυπώσειε
1254 2348 1362 2403 τοῖς
1387 2341 1663 2414 λογισμοῖς
1700 2345 1756 2393 τὸ
1786 2349 1874 2401 τῆς

267 2430 538 2491 εὐσεϐείας
591 2434 886 2505 μυστήριον
939 2435 1024 2482 καὶ
1064 2431 1148 2482 οἷα
1179 2429 1454 2502 βασιλικὸν
1506 2429 1876 2506 έκσφράγισμα

266 2527 385 2580 ταῖς
419 2518 676 2580 διανοίαις
700 2527 852 2572 τοῦτο
883 2523 1110 2592 φέροντες
1139 2524 1228 2572 καὶ
1257 2523 1382 2593 πρὸς
1411 2520 1536 2572 αὐτό
1568 2519 1870 2595 ἀφορῶντες,

266 2613 342 2682 μὴ
371 2613 506 2683 πρὸς
536 2609 728 2673 πολλὰς
753 2612 926 2680 εἴημεν
957 2605 1112 2672 ὁδοὺς
1138 2605 1410 2684 διαφόροις
1439 2616 1627 2682 φωναῖς
1661 2629 1874 2681 σχημα-

267 2701 575 2768 τιζομένους
613 2695 991 2771 ἐκτρεπόμενοι.
1031 2697 1178 2771 ’Υπὲρ
1211 2705 1301 2750 τοῦ
1348 2703 1644 2770 μυστηρίου
1690 2702 1872 2750 τούτου

265 2792 359 2838 καὶ
393 2795 484 2847 τῆς
514 2791 630 2861 περὶ
661 2791 754 2845 τὴν
782 2791 957 2838 πίστιν
989 2785 1255 2861 ἀκριϐείας
1285 2788 1309 2838 ό
1354 2787 1554 2848 Παῦλος
1579 2789 1784 2860 ἔπασχε
1811 2790 1875 2840 τὰ

268 2874 534 2934 ἀνήκεστα
555 2891 568 2903 '
603 2875 662 2926 οὗ
687 2878 785 2948 γὰρ
817 2881 933 2948 περὶ
963 2876 1206 2948 ὀνόματος
1239 2875 1418 2946 ψιλοῦ,
1445 2873 1569 2929 οὐδε
1609 2876 1872 2928 συλλαϐῶν

268 2963 512 3037 βραχείᾳ
563 2966 823 3032 συνθέσει,
869 2968 927 3017 τὸ
972 2969 1181 3038 φρικτὸν
1220 2969 1310 3016 καὶ
1350 2969 1486 3037 μέγα
1522 2975 1616 3028 τῆς
1647 2971 1874 3029 πίστεως

265 3057 687 3126 περιγράφοντος.
748 3057 835 3106 Διό
868 3060 957 3106 καὶ
1005 3053 1206 3106 ἀκούειν
1250 3053 1362 3106 έστὶ
1418 3063 1515 3106 τῶν
1575 3057 1719 3130 ἱερῶν
1776 3058 1873 3108 πά-
1903 3103 1944 3156 C

265 3142 281 3155 .
384 3143 394 3155 .
449 3139 470 3156 ε.
511 3139 533 3156 ι.
655 3147 663 3155 .
859 3143 872 3155 .
980 3146 988 3156 .
1220 3143 1232 3156 ,
1370 3144 1387 3156 .
1524 3145 1531 3156 .
1608 3150 1617 3156 .
1694 3147 1705 3155 .

265 3142 345 3194 λιν
377 3139 799 3196 ἐκδιδασκόντων
846 3143 1123 3218 ῥημάτων
1177 3143 1281 3214 οὐχ
1334 3144 1481 3206 οὗτος
1512 3145 1653 3198 ἐστὶν
1684 3147 1709 3196 ό
1748 3165 1871 3220 πορ-

271 3234 442 3293 θήσας
508 3236 556 3284 έν
620 3231 960 3306 Ἰερουσαλὴμ
1017 3236 1074 3284 τὸ
1129 3236 1290 3305 ὄνομα
1340 3241 1524 3302 τοῦτο,
1599 3241 1716 3297 Πῶς
1769 3239 1870 3308 γὰρ

267 3325 540 3394 ἐπορθεῖτο
608 3321 740 3383 λέξις
809 3321 983 3393 πληγῇ
1047 3321 1195 3396 ἀέρος
1262 3321 1500 3398 βραχείᾳ
1562 3343 1871 3397 περιγραφο·

265 3415 417 3481 μένη,
456 3416 546 3462 καὶ
598 3414 723 3481 πρὸς
778 3407 984 3482 μηδένα
1010 3419 1127 3463 νοῦν
1186 3417 1244 3463 τό
1299 3431 1358 3484 γε
1411 3411 1488 3464 ἐπ’
1545 3413 1703 3485 αὐτῇ,
1730 3411 1869 3487 μηδὲ

268 3497 430 3561 δόξαν
491 3498 738 3571 θεολόγων
810 3499 1188 3573 ἀναπλουμένη,
1241 3498 1374 3573 μηδ’
1435 3501 1714 3576 ἀνθρώπων
1769 3503 1869 3574 ψυ-

262 3597 398 3660 χαῖς
445 3587 630 3640 ἐνιέναι
677 3584 952 3660 δογμάτων
1008 3588 1272 3663 ἀκρίϐειαν
1304 3586 1584 3662 δυναμένη,
1631 3596 1719 3644 καὶ
1775 3598 1868 3651 τὴν

263 3676 492 3750 ὕπαρξιν
559 3681 944 3751 χρονικωτέραν
1004 3679 1098 3730 οῦκ
1159 3681 1365 3751 ἔχουσα
1432 3688 1528 3743 τῆς
1590 3687 1865 3752 γενέσεως;

263 3765 428 3817 Ἀλλά
469 3767 570 3838 γὰρ
618 3764 775 3824 δῆλον
829 3769 892 3826 ὡς
951 3775 1038 3819 νῦν
1083 3771 1262 3840 ὄνομα,
1314 3767 1373 3820 οὐ
1413 3772 1470 3820 τό
1523 3771 1738 3830 σύνηθες
1779 3775 1869 3822 καὶ

266 3863 404 3907 πᾶσι
456 3861 848 3928 περιφερόμενον
896 3855 1078 3909 ἐννοεῖν
1129 3853 1230 3922 δεῖ,
1287 3856 1416 3910 ἀλλά
1469 3861 1526 3911 τό
1584 3866 1679 3919 τῆς
1729 3859 1868 3910 εὐσε-

267 3944 408 4004 ϐείας
460 3944 581 4007 ὅλης
635 3943 956 4016 ἀπαγγελλον
1025 3965 1077 3999 τε
1123 3951 1214 3998 καὶ
1273 3942 1622 4019 διασημαῖνον
1669 3953 1869 4020 μυστη-

261 4051 398 4104 ριον,
429 4037 520 4084 καὶ
562 4038 656 4091 τὴν
709 4042 800 4086 τοῦ
851 4037 1188 4109 κηρύγματος
1244 4032 1340 4088 διὰ
1392 4038 1569 4098 πάσης
1595 4039 1740 4109 ἡμῶν
1776 4046 1869 4100 τῆς

268 4121 538 4192 θεολογίας
584 4130 870 4196 προῖοῦσαν
909 4122 1193 4197 ἀκρίϐειαν.
1255 4130 1355 4178 Καὶ
1403 4128 1504 4197 γὰρ
1535 4131 1592 4178 τό
1635 4135 1869 4180 τοιοῦτον

264 4216 448 4283 ὄνομα,
484 4215 602 4269 ἦτοι
649 4221 743 4274 τῆς
799 4217 1024 4276 πίστεως
1076 4216 1104 4270 ἡ
1139 4213 1410 4277 τελείωσις,
1459 4220 1549 4268 καὶ
1581 4223 1692 4277 ταῖς
1748 4213 1871 4269 δια·-

264 4305 406 4360 νοίας
449 4301 597 4372 ἡμῶν
639 4299 1001 4372 ὶμϐαθυνεται,
1033 4306 1123 4354 καὶ
1151 4302 1376 4374 θεμέλιον
1419 4303 1665 4376 λαμϐάνει
1717 4302 1868 4378 έδρα-

265 4391 484 4463 ζόμενον
536 4397 597 4461 τῇ
633 4398 730 4440 τῶν
778 4395 1125 4443 πιστευόντων
1182 4390 1396 4463 φιλοθέῳ
1437 4399 1618 4466 γνώμη
1663 4400 1751 4448 καὶ
1801 4403 1864 4467 τῇ
1899 4435 1944 4491 D

267 4478 576 4552 στερρότητι
636 4486 725 4530 τοῦ
773 4483 1112 4551 φρονήματος.
1169 4485 1330 4532 Τοῦτο
1378 4485 1436 4534 τὸ
1489 4485 1648 4556 ὄνομα
1676 4485 1702 4535 ό
1746 4489 1866 4557 πρὶν

263 4573 356 4640 μὲν
410 4567 603 4629 Σαῦλος
667 4568 973 4643 ἐπολιόρκει,
1032 4570 1058 4620 ό
1132 4565 1192 4620 δὲ
1251 4572 1382 4641 μετά
1434 4578 1600 4624 ταῦτα
1668 4573 1868 4637 Παῦλος

265 4657 482 4709 ἐνώπιον
548 4655 702 4708 ἐθνῶν
770 4661 854 4708 καὶ
917 4655 1175 4730 βασιλέων
1241 4657 1542 4730 ἐϐάσταζεν,
1607 4659 1868 4736 ἀπερίτρε-

263 4765 389 4798 πτον
425 4753 580 4797 τοῦτο
618 4751 708 4798 καὶ
763 4743 1188 4818 ἀκαταγώνιστον
1239 4743 1398 4810 ἰδίοις
1456 4745 1870 4822 ἐπιδεικνύμενος

264 4835 584 4908 ἁγνίσμασι,
638 4839 728 4887 καὶ
789 4834 954 4888 πολλὰ
1017 4845 1116 4888 τῶν
1169 4834 1322 4888 ἐθνῶν
1378 4835 1478 4889 ἀπὸ
1527 4847 1622 4900 τῆς
1679 4835 1868 4893 δυσσε-

267 4922 406 4983 ϐείας
469 4923 537 4984 εἰς
605 4926 800 4981 ταύτην
863 4925 1208 4998 μεθαρμόσας
1280 4929 1370 4976 καὶ
1442 4933 1872 4999 μυσταγωγήσας

267 5018 363 5072 τὴν
395 5011 680 5068 εὐσέϐειαν.
726 5019 811 5064 Δεῖ
855 5017 1046 5080 τοίνυν,
1079 5009 1290 5065 ἐπειδὰν
1343 5016 1409 5066 τὰ
1455 5020 1626 5088 Λόγια
1653 5016 1774 5090 λέγη
1806 5020 1873 5080 ὡς

267 5103 554 5166 ἐϐάπτιζον
586 5105 633 5154 oi
663 5103 897 5175 μαθηταὶ
948 5101 998 5153 έν
1026 5110 1097 5173 τῷ
1147 5101 1362 5174 ὀνόματι
1414 5105 1592 5163 Ἰησοῦ
1616 5112 1868 5179 Χριστοῦ,

265 5193 294 5251 ᾖ
324 5193 443 5245 κατ’
491 5191 652 5252 α”λλην
695 5195 810 5244 τινὰ
859 5193 1121 5250 συνθήκην
1159 5191 1530 5267 παραπλησίου
1558 5193 1712 5265 λόγου
1741 5215 1872 5269 συμ-

266 5287 571 5356 φερομένην,
643 5289 716 5351 τῷ
792 5285 1107 5355 προκειμένῳ
1173 5289 1269 5344 τῆς
1332 5280 1661 5355 ἐκφωνήσεως
1729 5285 1874 5356 τύπῳ

263 5370 558 5432 ἀκολούθως
609 5389 666 5423 τε
726 5375 812 5423 καὶ
869 5373 1162 5445 θεοπρεπῶς
1205 5370 1420 5423 ἐννοεῖν·
1480 5377 1570 5424 καὶ
1614 5380 1714 5424 τῶν
1777 5392 1876 5446 μα-

336 5554 383 5590 ³⁵
409 5550 613 5612 Matth.
637 5555 763 5618 vui,
787 5553 878 5607 29.
911 5551 956 5586 ³⁶
984 5551 1107 5608 Act.
1131 5566 1210 5620 rx,
1232 5551 1322 5608 16.

1303 232 1397 306 Ai)
1437 229 1981 323 AMPHILOCHIUM
2024 227 2346 316 QU/ESTIO
2396 228 2588 307 ani.

3524 262 3629 319 318

1978 374 2267 442 Divinam,
2287 375 2500 448 inquit,
2513 377 2999 450 praadicationem
3011 379 3089 437 ab
3106 381 3308 452 impiis
3321 399 3632 456 oppugna-

1977 469 2096 520 tam
2117 468 2295 537 atque
2313 481 2666 522 concussam
2691 469 3008 524 sustinebit
3029 469 3153 541 ipse
3172 476 3350 544 atque
3376 472 3634 532 ﬁrmabit

1975 554 2411 628 immotamque
2451 560 2682 612 statuet.
2724 557 2803 614 lta
2836 559 3103 615 videlicet
3132 560 3245 616 hoc
3283 561 3415 617 loco
3456 579 3632 620 voca-

1976 641 2184 698 bulum
2205 660 2409 700 nomen
2425 651 2601 702 sonat
2622 663 2818 703 veram
2844 648 3041 715 ﬁdem,
3064 649 3226 720 piam
3254 654 3628 722 sententiam,

1976 731 2188 787 divinae
2249 733 2533 790 doctrinae
2579 736 3074 806 prmdicationem,
3123 739 3297 795 Verbi
3342 741 3633 800 incarnati

1978 822 2335 892 mysterium.
2373 825 2552 879 Secus
2583 825 2739 880 enim
2774 842 2880 882 cur
2908 827 3100 884 ardua
3124 828 3351 896 fuisset,
3385 831 3477 887 vel
3499 832 3630 904 qui-

1978 908 2094 964 bus
2117 910 2500 968 adminiculis
2527 913 2886 984 indiguisset
2905 916 3162 989 simplex
3192 934 3300 974 nec
3329 922 3503 977 unius
3533 938 3634 979 νος

1979 998 2175 1054 cabuli
2196 1001 2347 1056 ﬁnes
2376 1004 2662 1058 excedens
2686 1005 2909 1061 Domini
2929 1006 3251 1078 appellatio
3275 1010 3320 1043 ³⁵
3340 1010 3366 1063 ‘I
3391 1011 3548 1065 Certe
3579 1016 3635 1068 et

1979 1086 2092 1158 ipsi
2118 1088 2444 1162 aliquando
2461 1092 2768 1149 daemones
2787 1110 2924 1150 cum
2946 1096 3147 1168 aliquo
3170 1098 3349 1153 etiam
3371 1100 3632 1170 epitheto

1980 1178 2356 1234 Dominicum
2388 1196 2607 1236 nomen
2641 1185 3187 1254 pronuntiaverunt.
3230 1186 3346 1242 Sed
3389 1204 3634 1258 prorsus

1979 1268 2344 1340 exploratum
2359 1275 2466 1335 est,
2483 1286 2638 1326 nunc
2657 1272 2939 1329 vocabulo
2951 1290 3178 1344 nomen,
3195 1278 3632 1348 prmdicandam

1981 1372 2018 1411 a
2047 1357 2231 1413 Paulo
2256 1358 2590 1415 doctrinam
2617 1361 2754 1426 dici,
2789 1362 3193 1435 devotumque
3237 1369 3352 1423 Deo
3383 1367 3630 1438 cultum,

1982 1446 2151 1515 cujus
2190 1447 2381 1516 gratia
2430 1448 2776 1506 innumeras
2822 1453 3084 1524 quotidie
3133 1459 3356 1510 mortes
3410 1456 3482 1527 is,
3526 1457 3632 1530 qui

1983 1539 2159 1590 antea
2197 1543 2540 1608 persecutor
2577 1538 2788 1604 fuerat,
2829 1541 3079 1598 libenter
3134 1543 3488 1614 perferebat,
3529 1547 3632 1604 do-

1984 1625 2200 1692 cendo,
2231 1625 2548 1693 hortando,
2571 1628 2882 1696 initiando,
2906 1631 3292 1702 praedicando
3317 1634 3521 1702 ﬁdem,
3547 1651 3635 1692 se-

1907 1734 1953 1792 Β
1985 1713 2248 1769 cundum
2292 1730 2476 1786 quam
2528 1718 2800 1773 Servator
2829 1735 3000 1775 sacra
3029 1737 3166 1776 eum
3205 1721 3488 1792 religione
3526 1724 3633 1780 im.

1984 1801 2214 1859 buerat.
2253 1823 2282 1856 (ί
2316 1807 2436 1874 Ego
2471 1806 2650 1872 enim,
2680 1807 2889 1879 inquit,
2921 1810 3236 1867 ostendam
3276 1811 3375 1879 illi,
3410 1820 3638 1884 quanta

1985 1891 2184 1962 ipsum
2209 1899 2482 1964 oporteat
2510 1896 2625 1950 mei
2659 1897 2914 1952 nominis
2947 1914 3132 1955 causa
3160 1899 3281 1971 pati
3312 1903 3382 1958 ³⁸.
3415 1922 3444 1953 ››

2059 2077 2140 2128 t2.
2197 2077 2394 2146 Atque
2460 2076 2613 2132 adeo
2670 2077 2890 2134 videsis
2947 2085 3302 2150 perpetuum
3359 2082 3640 2140 vocabuli

1983 2177 2186 2220 nomen
2226 2179 2422 2220 usum.
2465 2164 2582 2222 Cur
2636 2173 2838 2222 autem
2877 2167 2904 2222 7
2942 2171 3164 2240 Nempe
3205 2177 3266 2225 ut
3307 2172 3640 2229 constantia

1983 2252 2281 2320 vocabuli,
2300 2254 2466 2325 quod
2491 2255 2702 2312 eadem
2728 2271 2855 2312 rem
2877 2257 3176 2313 multoties
3197 2258 3436 2316 denotat
3460 2265 3638 2333 atque

1981 2341 2260 2410 ostendit,
2292 2341 2384 2398 vel
2408 2343 2538 2414 ipso
2565 2344 2771 2399 auditu
2801 2345 2985 2402 menti
3007 2346 3306 2418 insculpat
3333 2349 3639 2420 religionis

1983 2431 2368 2502 mysterium;
2407 2437 2582 2504 atque
2621 2439 2686 2487 ut
2735 2433 2790 2488 id
2829 2449 2938 2490 ceu
2986 2436 3216 2506 regium
3259 2437 3638 2509 signaculum

1982 2525 2217 2590 pectore
2238 2521 2601 2592 impressum
2617 2522 2889 2590 ferentes,
2925 2530 2980 2578 et
3004 2525 3078 2580 ad
3098 2524 3213 2580 hoc
3238 2527 3634 2598 respicientes,

1980 2608 2456 2682 haudquaquam
2478 2611 2537 2666 in
2557 2610 2686 2666 vias
2701 2611 3058 2684 multiplices
3081 2614 3363 2671 varietate
3380 2616 3638 2674 vocabu-

1979 2697 2174 2755 lorum
2198 2699 2524 2768 patefactas
2548 2700 2928 2757 divertamus.
2951 2702 3139 2773 Hujus
3170 2719 3354 2760 causa
3374 2706 3638 2777 mysterii

1983 2791 2160 2860 atque
2177 2795 2470 2845 accuratae
2493 2789 2630 2845 ﬁdei
2649 2789 2866 2846 Paulus
2885 2791 3307 2848 acerbissimas
3335 2793 3638 2850 molestias

1982 2877 2236 2949 pertulit.
2280 2880 2405 2935 Non
2435 2878 2592 2932 enim
2626 2879 2785 2934 nudo
2815 2881 3059 2936 nomine
3100 2886 3292 2947 tenus,
3323 2897 3518 2954 neque
3551 2883 3637 2938 in-

1981 2972 2072 3021 tra
2086 2965 2321 3022 brevem
2334 2966 2694 3040 syllabarum
2712 2969 3217 3040 compositionem,
3234 2970 3636 3028 venerandum

1980 3070 2393 3128 magnumque
2450 3055 2801 3126 mysterium
2848 3057 3392 3114 circumscribebat.
3440 3061 3636 3126 Quare

1979 3159 2185 3199 rursus
2216 3145 2422 3200 audire
2453 3144 2690 3216 expedit
2728 3160 3035 3200 sacrorum
3067 3147 3478 3216 magisterium
3509 3164 3637 3206 ver-

1979 3232 2198 3290 borum
2230 3251 2244 3289 :
2276 3234 2483 3289 Nonne
2515 3233 2562 3287 is
2601 3237 2711 3301 est,
2755 3234 2854 3305 qui
2893 3234 3172 3291 vastabat
3212 3235 3635 3308 Hierosolymis

1979 3337 2200 3378 nomen
2218 3322 2369 3378 hoc?
2393 3324 2666 3388 Quonam
2689 3329 2887 3380 autem
2911 3328 3088 3395 pacto
3108 3323 3288 3384 dictio
3313 3341 3449 3397 qum
3471 3325 3638 3384 brevi

1978 3412 2112 3468 teris
2129 3412 2512 3484 percussione
2524 3411 2743 3477 ﬁnitur,
2766 3413 3106 3469 vastitatem
3132 3411 3414 3470 fecisset?
3437 3414 3636 3484 dictio,

1977 3503 2243 3573 inquam,
2281 3518 2412 3574 qua:
2443 3501 2671 3557 nullum
2704 3517 2810 3572 per
2840 3517 2904 3558 se
2936 3517 3178 3558 sensum
3219 3503 3501 3573 continet,
3534 3520 3636 3562 ne-

1975 3607 2094 3663 que
2125 3591 2518 3662 theologicam
2546 3590 2810 3663 aliquam
2839 3594 3194 3648 sententiam
3219 3593 3638 3664 eXprimit,ne-

1975 3696 2093 3752 que
2123 3681 2180 3736 in
2210 3680 2528 3736 hominum
2559 3680 2776 3736 animis
2799 3680 3109 3736 deﬁnitum
3137 3681 3382 3753 aliquod
3413 3683 3638 3754 dogma

1976 3769 2320 3841 imprimere
2350 3774 2541 3840 potest
2573 3786 2589 3836 ;
2619 3785 2752 3841 qua;
2776 3769 3037 3842 denique
3069 3771 3441 3827 existentiam
3470 3772 3636 3828 haud

1974 3859 2394 3928 longmviorem
2427 3857 2730 3914 nativitate
2761 3858 2962 3914 habet.
3005 3859 3386 3931 Perspicuum
3419 3865 3505 3916 est
3529 3860 3636 3916 ita-

1977 3963 2118 4020 que,
2132 3963 2290 4002 nunc
2313 3946 2371 4002 in
2389 3947 2687 4002 vocabulo
2701 3947 3083 4004 nomenhaud
3102 3955 3451 4005 consuetam
3468 3949 3633 4006 illam

1982 4035 2519 4108 pervulgatamque
2542 4035 3004 4106 signiﬁcantiam
3021 4053 3148 4092 esse
3166 4037 3632 4109 intelligendam,

1978 4125 2084 4182 sed
2110 4125 2458 4197 mysterium
2482 4126 2679 4198 potius
2695 4141 2819 4196 quo
2838 4125 3044 4197 religio
3067 4127 3344 4182 universa
3368 4128 3635 4182 inuuitur

1977 4231 2049 4271 ac
2077 4215 2414 4282 denotatur,
2455 4230 2673 4287 nempe
2712 4215 3066 4285 exquisitam
3110 4215 3411 4286 Evangelii
3449 4215 3631 4271 scien-

1978 4304 2120 4361 tiam
2163 4320 2298 4377 quas
2360 4319 2428 4359 ex
2474 4304 2640 4360 omni
2678 4310 2888 4359 nostra
2942 4303 3278 4372 theologica
3323 4303 3639 4375 disciplina

1976 4400 2201 4452 manat.
2245 4396 2364 4449 Hoc
2401 4407 2644 4458 nomen,
2687 4408 2791 4448 seu
2832 4393 3029 4463 potius
3078 4391 3221 4448 fidei
3275 4407 3534 4458 summa,
3575 4397 3634 4448 et

1974 4481 2278 4538 mentibus
2306 4482 2524 4538 nostris
2551 4481 2918 4553 insculpitur,
2943 4486 2999 4536 et
3018 4479 3426 4536 fundamentis
3459 4481 3634 4538 utitur

1977 4571 2077 4642 pia
2102 4570 2474 4627 credentium
2494 4575 2693 4626 mente
2716 4570 3174 4641 constantiaque
3200 4569 3511 4626 sententiae
3536 4569 3634 4625 ﬁr-

1976 4659 2176 4721 matis.
2220 4662 2340 4715 Hoc
2381 4659 2591 4716 Saulus
2639 4675 2861 4716 nomen
2902 4658 3212 4725 vastabat;
3255 4663 3432 4730 atque
3471 4658 3632 4714 idem

1977 4751 2188 4820 postea
2206 4747 2424 4804 Paulus
2442 4763 2636 4803 coram
2657 4748 2928 4818 gentibus
2943 4747 3302 4820 regibusque
3319 4747 3632 4819 portabat;

1979 4835 2383 4909 insuperabile
2409 4836 2468 4892 id
2493 4841 2669 4907 atque
2701 4837 2990 4892 invictum
3029 4838 3151 4892 suis
3181 4837 3326 4909 ipsis
3351 4836 3628 4893 facinori-

1977 4927 2094 4985 bus
2131 4925 2439 4990 exhibens,
2483 4924 2810 4997 multasque
2849 4930 3053 4995 gentes
3093 4925 3171 4981 ab
3211 4925 3517 4998 impietate
3555 4925 3634 4984 ad

1978 5031 2183 5074 veram
2213 5016 2558 5086 religionem
2588 5015 2954 5086 pertrahens,
2988 5015 3289 5086 sacrisque
3327 5016 3629 5072 imbuens.

1981 5104 2164 5176 Igitur
2186 5105 2659 5177 quotiescunque
2681 5103 2842 5174 apud
2865 5118 3068 5171 sacras
3095 5103 3335 5160 Litteras
3355 5104 3634 5162 dicuntur

1981 5194 2256 5266 discipuli
2285 5195 2681 5267 baptizavisse
2700 5193 2761 5248 in
2784 5191 2996 5249 Christi
3024 5192 3268 5248 nomine
3298 5199 3402 5250 aut
3431 5209 3634 5250 secun-

1981 5283 2122 5340 dum
2155 5283 2335 5341 aliam
2365 5284 2685 5341 locutionis
2717 5282 2926 5338 similis
2974 5282 3312 5354 formulam,
3336 5282 3399 5339 id
3424 5283 3630 5340 intelli-

1984 5373 2242 5443 gendum
2272 5379 2360 5430 est
2381 5373 2562 5445 digne
2595 5388 2666 5430 ac
2695 5371 3114 5430 convenienter
3143 5377 3316 5444 prout
3352 5371 3463 5444 fert
3493 5388 3633 5447 pro-
