4126 6190
501 266 607 344 319

1713 258 1947 337 PHOTtI
1989 260 2464 337 PATRIARCHE
2503 262 2614 337 (ΣΡ.

3755 274 3863 342 320

500 411 729 485 positus
777 414 1014 465 tesserae
1062 410 1260 479 typus,
1314 421 1504 478 neque
1558 406 1875 476 indignum
1933 406 2145 478 aliquid

2262 410 2429 466 θητῶν
2459 404 2624 479 Findi-1
2665 406 2871 470 ἀνάξιον
2909 409 3160 475 ὑπονοεῖν,
3194 409 3319 462 ἀλλὰ
3371 412 3507 463 κατὰ
3567 414 3625 463 1'6
3664 416 3872 483 κήρυγ-

499 507 709 557 contra
734 498 1055 569 discipulos
1090 496 1521 567 suspicandum
1552 513 1565 562 ;
1597 498 1694 551 sed
1722 496 2029 553 fatendum
2050 514 2151 569 po-

498 592 635 655 tius,
661 591 830 662 juxta
868 587 1197 643 doctrinam
1239 586 1561 641 Servatoris
1610 602 1679 641 ac
1719 586 2149 658 magisterium,

499 678 801 752 apostolos
826 692 1059 732 sacram
1082 675 1590 745 regenerationem
1617 675 1898 746 perficere
1925 675 2149 741 solitos,

500 769 767 839 aliosque
794 766 1010 837 pariter
1041 764 1115 820 ad
1148 764 1205 818 id
1240 763 1569 819 faciendum
1598 763 1924 819 erudivisse
1948 783 1960 831 ;
1982 764 2061 820 ita
2090 771 2153 821 ut

498 864 711 930 prater
726 855 1096 912 Dominicum
1117 860 1478 923 praeceptum
1498 853 1846 922 cogitarent,
1866 853 2149 921 dicerent,

498 948 825 1003 facerentve
858 944 1020 997 nihil.

574 1041 653 1091 t3.
701 1034 813 1089 Sed
862 1034 1110 1088 fortasse
1145 1031 1359 1103 aliquis
1407 1030 1744 1086 ratiocinari
1776 1046 2047 1101 pergens,
2080 1047 2153 1086 ne

498 1125 696 1180 dicam
720 1123 1010 1185 altercari,
1036 1120 1083 1175 si
1113 1121 1171 1174 iu
1206 1120 1467 1181 nomine,
1496 1119 1705 1189 inquit,
1739 1119 1925 1174 Patris
1951 1125 2006 1175 et
2031 1119 2149 1174 Filii

497 1218 553 1269 et
598 1213 782 1267 sancti
831 1210 1083 1281 Spiritus
1128 1206 1508 1279 baptizabant
1552 1207 1846 1277 discipuli,
1902 1224 2150 1262 curnam

496 1302 556 1357 in
589 1302 830 1356 nomine
861 1298 1068 1354 Christi
1102 1304 1201 1353 aut
1247 1296 1375 1351 aliis
1408 1295 1707 1364 eiusmodi
1740 1295 2008 1351 formulis
2040 1297 2151 1353 ba-

496 1390 712 1462 ptizare
734 1389 1014 1443 dicuntur
1037 1386 1065 1440 ‘P
1084 1386 1254 1458 Atqui
1285 1385 1460 1454 hujus
1489 1388 1574 1439 rei
1596 1385 1758 1441 notio
1778 1385 1836 1439 in
1862 1402 2047 1456 supra
2064 1386 2154 1440 di-

495 1479 735 1549 ctisjam
750 1479 894 1533 satis
910 1476 1179 1548 exposita
1191 1480 1297 1529 est.
1314 1474 1732 1537 Sufﬁcitenim,
1750 1475 2151 1546 complurium

493 1569 699 1634 instar,
734 1568 782 1621 si
824 1568 953 1621 haec
992 1563 1397 1620 controversia
1445 1564 1596 1618 mori
1638 1579 1940 1618 sacrarum
1987 1563 2150 1619 Litte-

492 1674 695 1713 rarum
723 1657 1044 1727 imputetur
1069 1672 1081 1720 ;
1107 1658 1165 1708 et
1189 1653 1235 1708 si
1256 1652 1303 1707 is
1326 1652 1426 1724 qui
1461 1652 1619 1707 hanc
1641 1652 1753 1706 sibi
1776 1652 2149 1707 tractandam

2260 517 2334 568 μα
2360 505 2449 548 τοῦ
2483 505 2713 569 Σωτῆρος
2757 502 2845 549 καὶ
2882 502 2968 555 τὴν
3020 496 3395 564 διδασκαλίαν,
3448 500 3718 572 ὁμολογεῖν
3748 507 3872 564 τοὺς

2261 585 2575 645 ἀποστόλους
2619 586 2990 659 τελεσιουργεῖν
3045 592 3137 645 τὴν
3197 588 3559 659 ἀναγέννησιν,
3605 595 3693 641 καὶ
3744 595 3871 652 τοὺς

2260 674 2445 735 ἄλλους
2487 678 2726 749 πράττειν
2776 678 2965 746 ὁμοίως
3027 685 3525 748 μυσταγωγοῦντας,
3573 676 3742 749 μηδὲν
3788 680 3868 742 ἒξ-

2261 765 2386 815 ωθεν
2442 772 2535 824 τῆς
2576 772 2889 824 Δεσποτικῆς
2936 765 3134 825 ἐντολῆς
3182 772 3311 838 μήτε
3364 765 3672 833 ἐννοοῦντας,
3734 773 3869 839 μήτε

2259 851 2495 922 λέγοντας
2520 858 2652 924 μήτε
2680 856 3022 925 πράττοντας.

2336 942 2422 1012 ιγ’.
2456 942 2612 993 Ἀλλὰ
2658 946 2757 1015 γὰρ
2815 946 2944 1005 ἴσως
2995 946 3056 995 οἷν
3110 964 3247 996 τισιν
3302 944 3502 998 ἐπέλθοι
3554 946 3867 1017 λογοθετεῖν,

2264 1032 2345 1082 ἶνα
2374 1036 2446 1102 μὴ
2501 1031 2631 1102 λέγω
2663 1032 2979 1101 φιλονεικεῖν,
3040 1036 3108 1095 ὡς
3138 1037 3183 1085 εἰ
3234 1053 3292 1104 γε
3342 1035 3414 1095 εἰς
3466 1038 3525 1086 τό
3557 1040 3719 1107 ὄνομα
3774 1045 3866 1089 τοῦ

2265 1124 2464 1193 Πατρός
2510 1125 2599 1171 καὶ
2675 1128 2765 1172 τοῦ
2818 1124 2940 1173 Υίου
3016 1127 3104 1174 καὶ
3186 1122 3336 1193 ἁγίου
3402 1128 3692 1197 Πνεῦματος
3752 1124 3866 1177 ἐϐά-

2262 1213 2445 1271 πτιζον
2484 1212 2531 1261 οἱ
2563 1212 2815 1279 μαθηταὶ,
2848 1216 2899 1262 τί
2940 1208 3008 1269 δή
3042 1231 3166 1263 ποτε
3197 1212 3269 1273 εἰς
3318 1216 3375 1263 τὸ
3416 1216 3577 1285 ὄνομα
3612 1222 3706 1265 τοῦ
3740 1222 3867 1289 Χρι-

2264 1307 2389 1351 στοῦ
2441 1299 2675 1369 λέγονται
2731 1299 3007 1371 βαπτίζειν
3060 1305 3090 1358 ἤ
3158 1302 3224 1361 εἰς
3281 1305 3345 1353 τὰ
3399 1304 3709 1373 ὅμοια;καὶ
3761 1308 3864 1377 γὰρ

2262 1396 2411 1439 τοῦτο
2458 1392 2545 1459 μὲν
2598 1385 2690 1439 διὰ
2733 1398 2831 1439 τῶν
2879 1390 3157 1461 εἰρημένων
3202 1387 3308 1449 ἤδη
3358 1390 3709 1465 ἀποχρώντως
3757 1392 3867 1444 ἔπι-

2263 1474 2548 1531 δείκνυται.
2598 1477 2778 1553 Ἠρκει
2822 1482 2922 1551 γὰρ
2964 1482 3079 1531 ἀντὶ
3118 1479 3314 1531 πολλῶν
3353 1480 3516 1531 ἄλλων
3554 1486 3645 1539 τὴν
3695 1482 3865 1533 αἰτίαν

2261 1570 2453 1623 ταύτην
2497 1567 2566 1626 εἰς
2609 1572 2666 1618 τό
2716 1576 2805 1627 τῆς
2862 1570 2999 1641 ἱερᾶς
3045 1571 3189 1640 ἡμῶν
3239 1574 3446 1641 Γραφῆς
3494 1572 3607 1630 ἔθος
3658 1570 3865 1642 ἀνοίγειν

2262 1660 2347 1707 καὶ
2409 1664 2750 1730 παραστῆσαι
2802 1660 2998 1715 ταύτην
3060 1658 3421 1729 οἰκειούμενον,
3481 1656 3621 1730 μηδὲ
3670 1660 3864 1731 μᾶλλον

496 1747 698 1811 sumit,
734 1761 854 1801 non
890 1751 1011 1798 tam
1041 1744 1275 1797 curiose
1308 1758 1501 1811 agere,
1543 1758 1728 1813 quam
1769 1740 1993 1797 veritati
2026 1746 2145 1795 stu-

2262 1752 2351 1794 τοῦ
2415 1744 2706 1815 φιλοσοφεῖν
2768 1750 2827 1797 τό
2885 1746 3331 1819 πολυπραγμονεῖν
3398 1746 3861 1803 ἀνταλλάττεσθαι.

494 1834 656 1899 dere,
690 1835 846 1890 velit.
879 1836 1025 1888 Nam
1056 1838 1113 1886 et
1142 1831 1253 1887 alia
1284 1830 1567 1900 singulari
1599 1831 1884 1885 orationis
1932 1845 2151 1899 genera

495 1939 604 1995 pro
634 1939 743 1978 sua
769 1938 1008 1994 quoque
1040 1921 1230 1975 forma
1263 1920 1595 1974 idiotismos
1623 1919 1845 1974 habere
1882 1935 2147 1991 comper-

497 2018 623 2067 tum
649 2017 770 2067 est:
807 2026 1104 2081 nemoque
1130 2008 1405 2063 idiotismi
1439 2024 1683 2076 gnarus,
1717 2008 1771 2062 in
1802 2008 1946 2065 alias
1978 2008 2148 2063 vesti-

494 2101 763 2171 gationes
796 2099 1107 2171 pervagari
1142 2104 1399 2152 mentem
1434 2097 1570 2152 sinit
1599 2119 1610 2150 :
1639 2112 1774 2168 quae
1800 2113 1892 2152 res
1922 2112 2041 2152 non
2089 2096 2150 2151 in

494 2189 709 2244 divinis
741 2188 937 2243 solum
984 2187 1353 2242 sermonibus
1401 2186 1697 2248 usuvenit,
1740 2202 1941 2240 verum
1986 2186 2045 2239 in
2080 2185 2150 2239 iis

495 2278 671 2334 etiam
715 2293 871 2348 quos
918 2276 1107 2331 Attica
1150 2275 1357 2344 lingua
1405 2274 1665 2329 studiose
1706 2278 1966 2329 exornat.
2000 2272 2149 2328 Nihil

495 2372 697 2422 tamen
726 2371 887 2421 vetat
916 2365 1237 2437 quominus
1268 2365 1427 2419 hunc
1446 2363 1807 2417 idiotismum
1853 2362 2033 2434 paulo
2060 2362 2151 2417 fu-

495 2456 617 2510 sius
657 2470 1051 2527 exponamus.
1098 2455 1459 2523 Quanquam
1503 2451 1655 2505 bauc
1696 2457 1921 2523 partem
1965 2467 2038 2505 ne
2093 2452 2150 2505 in

498 2544 801 2615 superiore
827 2542 1073 2613 quidem
1099 2541 1367 2597 oratione
1402 2540 1794 2609 negleximus,
1832 2540 1888 2594 in
1920 2555 2037 2611 qua
2066 2556 2153 2594 re-

494 2648 629 2688 rum
658 2648 874 2687 causas
920 2630 1189 2686 evolvere
1233 2645 1353 2684 non
1394 2629 1726 2683 omisimus.
1772 2628 2058 2684 Nimirum
2090 2629 2149 2682 in

491 2721 790 2776 locutione
815 2743 843 2771 «
874 2722 934 2774 In
964 2720 1206 2775 nomine
1243 2718 1469 2773 Domini
1500 2719 1640 2772 Jesu
1672 2718 1879 2773 Christi
1916 2741 1940 2767 ι)
1974 2722 2151 2788 atque

493 2810 553 2866 in
586 2809 715 2865 aliis
757 2808 1103 2879 hujusmodi
1131 2810 1415 2880 (quarum
1462 2806 1567 2861 etsi
1607 2805 1912 2861 dissimilis
1945 2822 2148 2873 sonus,

493 2916 615 2955 non
645 2899 934 2955 absimilis
953 2904 1143 2953 tamen
1178 2913 1371 2969 neque
1400 2896 1705 2967 multiplex
1732 2896 2025 2952 sententia
2040 2890 2149 2957 est)

486 2990 619 3061 jure
668 2989 996 3059 meritoque
1036 2986 1277 3056 intelligi
1309 2986 1458 3041 iides
1509 2990 1701 3057 potest
1729 3002 1853 3057 qua
1883 2986 2148 3040 Christus

491 3077 839 3151 discipulos,
861 3084 1036 3149 atque
1059 3075 1118 3131 hi
1145 3074 1410 3131 vicissim
1448 3074 1742 3130 mundum
1772 3075 2143 3130 imbuerunt:
2180 3117 2220 3171 Ο

490 3183 634 3223 nam
666 3169 791 3223 haec
822 3184 856 3222 a
896 3166 1139 3221 nomine
1170 3164 1437 3220 denotari
1472 3170 1679 3235 potest,
1709 3165 1851 3236 quia
1878 3164 2143 3221 Christus

490 3257 615 3328 ipse
642 3256 870 3328 pietatis
898 3271 1037 3324 erga
1067 3258 1250 3309 Deum
1278 3259 1486 3309 auctor
1508 3258 1633 3319 est;
1666 3258 1721 3309 et
1751 3252 1895 3326 quia
1917 3254 1975 3308 in
2007 3255 2145 3308 Jesu

491 3344 845 3415 Dominique
868 3343 1167 3398 mentione
1189 3342 1475 3397 docemur
1487 3340 1772 3396 contineri
1796 3342 2142 3397 summatim

490 3433 875 3504 eonspieique
906 3432 1077 3487 Verbi
1106 3446 1215 3502 pro
1242 3430 1413 3485 nobis
1444 3430 1735 3485 incarnati
1767 3433 2139 3501 mysterium.

489 3523 668 3576 Porro
700 3520 831 3592 plus
848 3522 1103 3591 quisque
1124 3520 1236 3574 hoc
1261 3521 1407 3573 duce
1436 3519 1719 3589 mysterio
1750 3519 1982 3574 tendere
2003 3519 2145 3573 diri-

490 3610 668 3681 giqne
699 3615 891 3681 potest
912 3608 991 3663 ad
1021 3608 1344 3679 perfectam
1379 3607 1475 3661 Dei
1505 3608 1905 3675 cognitionem
1936 3629 1948 3660 :
1983 3608 2143 3664 haud

488 3697 768 3770 equidem
793 3697 1202 3753 contrahendo
1226 3695 1807 3767 constringendoque
1834 3696 1987 3752 intra
2008 3696 2137 3751 bre-

488 3802 623 3843 vem
655 3787 810 3843 hanc
835 3802 1038 3841 vocem
1066 3785 1419 3855 dogmatum
1443 3800 1623 3839 sensu
1648 3784 1730 3855 (id
1760 3784 1920 3839 enim
1953 3785 2135 3856 fieret,

488 3876 536 3931 si
567 3876 732 3931 nuda
766 3892 872 3931 vox
912 3874 1313 3946 proferretur),
1346 3874 1468 3929 imo
1510 3874 1707 3945 potius
1737 3873 2041 3930 dilatando
2072 3891 2143 3931 ac

486 3965 848 4038 perﬁciendo
870 3981 975 4037 per
990 3965 1169 4020 fidem
1196 3981 1264 4021 ac
1286 3964 1514 4035 pietatis
1536 3964 2137 4020 consummationem.

488 4057 659 4123 Quod
692 4057 739 4110 si
765 4055 1023 4127 denique
1053 4060 1109 4109 et
1130 4054 1242 4109 hoc
1262 4054 1466 4110 audire
1496 4053 1655 4116 libet,
1686 4053 1953 4108 indivisis
1975 4058 2031 4109 et
2057 4054 2142 4108 in-

488 4145 839 4217 separabilis
870 4144 1048 4199 Filius
1080 4160 1116 4199 a
1147 4144 1313 4199 Patre
1341 4143 1677 4214 Spirituque
1708 4147 1815 4206 est,
1851 4143 1987 4213 quia
2028 4144 2139 4197 sci-

483 4235 620 4291 licet
649 4234 915 4305 ejusdem
943 4231 1563 4304 incomprehensibilis
1587 4231 1936 4287 substantite
1958 4237 2014 4289 et
2034 4234 2142 4288 vir-

485 4325 622 4381 tutis
653 4340 723 4379 ac
755 4323 1066 4396 potestatis
1098 4322 1394 4394 particeps
1427 4321 1556 4376 esit.
1592 4321 1706 4375 Sed
1747 4326 1957 4375 tamen'
1979 4322 2142 4376 visus

482 4413 594 4470 fuit
622 4420 800 4485 atque
828 4412 1105 4484 palpatus
1128 4417 1448 4484 potsquam
1481 4426 1723 4465 carnem
1753 4415 2021 4465 nostram
2048 4426 2142 4466 as-

487 4504 744 4574 sumpsit
768 4503 966 4567 Filius,
998 4500 1187 4557 factus
1219 4500 1503 4555 nimirum
1534 4498 1718 4554 oculis
1746 4500 1959 4555 nostris
2004 4515 2143 4555 con-

486 4591 786 4663 spicabilis
826 4595 1097 4662 tactuque
1138 4590 1487 4663 palpabilis:
1527 4612 1551 4639 υ
1585 4589 1755 4653 Quod
1794 4588 1950 4643 enim
1992 4588 2141 4643 vidi-

484 4682 725 4747 mus,ait
740 4678 1071 4753 [Joannes],
1090 4686 1146 4735 et
1164 4695 1381 4734 manus
1401 4686 1617 4733 nostra":
1631 4682 2143 4732 contrectaverunt

484 4770 558 4825 de
599 4771 778 4825 verbo
818 4770 989 4835 vitae;
1044 4774 1100 4823 et
1138 4769 1258 4823 vita
1312 4768 1605 4839 apparuit.
1648 4766 1795 4821 Cum
1843 4767 2021 4834 igitur
2065 4767 2141 4821 ab

488 4873 625 4924 uno,
660 4859 759 4928 qui
787 4857 1141 4913 nominatim
1172 4857 1342 4912 nobis
1364 4857 1443 4912 ob
1474 4871 1595 4909 sum
1618 4854 2143 4914 charitatisinﬁni-

487 4955 615 5002 tum
668 4948 912 5018 pelagus
954 4946 1441 5016 cognoscendum
1496 4960 1559 4999 se
1599 4943 1861 5007 obstulit,
1918 4944 2141 5015 quique

483 5035 811 5092 ineffabilia
840 5035 1016 5090 nobis
1052 5034 1335 5105 mysteria
1372 5033 1606 5105 aperuit
1638 5034 1706 5103 ³⁷,
1748 5052 1778 5085 ››
1811 5049 1847 5089 a
1886 5031 2142 5088 consub-

484 5125 766 5190 stantiali,
796 5125 1067 5197 inquam,
1099 5123 1259 5190 Filio,
1292 5123 1717 5195 omnipotentis
1738 5136 1979 5194 quoque
2004 5123 2137 5180 Tri-

482 5214 749 5273 nitatisin
760 5213 1470 5285 comprehensibilitatem
1486 5217 1664 5284 atque
1678 5212 1951 5267 unitatem
1967 5212 2138 5267 edoc-

482 5306 525 5362 ti
562 5304 876 5374 fuerimus,
925 5308 1097 5374 atque
1138 5303 1214 5358 ad
1239 5302 1531 5374 reliquam
1573 5300 1837 5371 mysterii
1863 5301 2137 5358 notitiam

488 5394 747 5459 deducti,
791 5392 1002 5448 merito
1042 5408 1153 5447 nos
1211 5407 1357 5447 sane
1396 5391 1871 5463 quotiescunque
1912 5390 2135 5462 aliquid

2264 1839 2361 1885 Καὶ
2418 1836 2517 1906 γὰρ
2576 1834 2705 1885 ἄλλα
2760 1854 2814 1886 τε
2851 1835 3012 1886 πολλά
3063 1837 3181 1887 καθ’
3238 1838 3456 1888 ἕκαστον
3512 1834 3650 1898 εἶδος
3706 1838 3863 1909 λόγου

2261 1919 2333 1974 δι’
2373 1924 2439 1972 ὧν
2470 1925 2920 1996 χαρακτηρίζεται
2961 1926 3247 1996 καθορᾶται
3298 1923 3564 1997 ἰδιώματα
3596 1942 3613 1958 ⁸
3648 1933 3737 1979 καὶ
3782 1929 3865 1980 οὗ·

2260 2008 2368 2073 δεὶς
2426 2012 2661 2083 ἐπιγνοὺς
2706 2016 2761 2063 τό
2810 2011 3024 2085 ἰδίωμα,
3075 2018 3204 2087 πρὸς
3248 2014 3420 2087 ἑτέραν
3462 2014 3862 2070 ἀποπλανᾶσθαι

2258 2104 2343 2152 τόν
2399 2109 2515 2152 νοῦν
2570 2101 2754 2172 ἀφίησι
2809 2106 3074 2162 ζήτησιν·
3108 2108 3197 2154 καὶ
3242 2111 3395 2155 τοῦτο
3457 2104 3515 2156 οῦ
3572 2110 3725 2176 μόνον
3781 2106 3863 2160 ἐπὶ

2258 2199 2356 2241 τῶν
2409 2192 2663 2262 θεοσόφων
2721 2191 2883 2261 λόγων
2933 2191 3077 2243 ἐστὶν
3131 2191 3454 2266 ἀναθεωρεῖν,
3511 2194 3639 2246 ἀλλά
3689 2201 3779 2247 καὶ
3827 2196 3862 2246 οἱ

2259 2286 2472 2351 κοσμεῖν
2523 2280 2862 2352 φιλοτιμεῖται
2923 2280 3140 2351 γλῶσσα
3193 2284 3223 2339 ἠ
3285 2281 3656 2343 ἁττικίξουσα,
3722 2284 3863 2342 Πλὴν

2260 2365 2410 2421 οῦδὲν
2458 2369 2641 2421 κωλύει
2680 2376 2768 2421 καὶ
2814 2373 2873 2421 1'6
2926 2367 3123 2442 ἰδίωμα
3172 2371 3485 2444 πλατύτερον
3537 2371 3861 2426 συνεκδιδάο

2263 2476 2435 2509 σκεινσ
2486 2464 2657 2509 καίτοι
2710 2478 2769 2529 γε
2822 2456 2945 2511 οὐδὲ
3002 2467 3154 2511 τοῦτο
3197 2458 3442 2533 παρεῖδεν
3494 2465 3783 2535 ἔμπροσθεν
3836 2466 3861 2515 ό

2259 2547 2429 2617 λόγος,
2486 2550 2564 2598 ὀτι
2604 2553 2673 2619 μὴ
2722 2547 2992 2621 ἐστέρηται
3025 2556 3116 2600 τοῦ
3161 2549 3565 2621 αἰτιολογεῖσθαι
3591 2569 3602 2579 ·
3633 2558 3721 2604 καὶ
3754 2556 3857 2627 γὰρ

2262 2656 2289 2682 ‹‹
2322 2635 2403 2694 Εἰς
2443 2638 2498 2685 τό
2544 2639 2701 2706 ὄνομα
2732 2643 2821 2687 τοῦ
2853 2637 3049 2709 Κυρίου
3088 2637 3263 2693 Ἰησοῦ
3309 2645 3565 2711 Χριστοῦ,
3602 2662 3630 2691 )›
3658 2646 3747 2691 καὶ
3789 2641 3858 2702 εἰς

2260 2726 2323 2775 τὰ
2352 2724 2696 2796 παραπλήσια
2729 2722 2821 2795 [ὧν
2854 2726 2902 2776 ἐν
2942 2733 3013 2795 τῷ
3059 2721 3295 2801 διαφόρῳ
3338 2735 3436 2777 τῶν
3481 2736 3655 2799 φωνῶν
3700 2726 3861 2781 ἀδιοί-

2263 2831 2409 2885 φορος
2464 2814 2490 2870 ἡ
2544 2810 2752 2864 διάνοια
2790 2818 2879 2865 καὶ
2927 2816 3067 2886 μία),
3110 2810 3326 2876 δικαίως
3374 2815 3432 2866 ἃν
3484 2816 3788 2889 ἀναφέροιτο
3828 2821 3858 2876 ἡ

2260 2902 2383 2974 παρ’
2441 2902 2598 2953 αὐτου
2647 2905 3129 2974 μυσταγωγηθεῖσα
3174 2912 3285 2965 τοῖς
3324 2907 3604 2975 μαθηταῖς,
3638 2912 3729 2958 καὶ
3770 2905 3863 2960 διὰ

2259 3000 2358 3042 τῶν
2398 2993 2645 3062 μαθητῶν
2680 2999 2753 3061 τῷ
2800 2996 2999 3062 κόσμῳ,
3032 2998 3230 3055 πίστις,
3273 3002 3364 3046 τοῦ
3404 2994 3652 3067 ὀνόματος
3707 3005 3860 3049 τοῦτο

2260 3078 2706 3155 παραδηλοῦντος,
2741 3078 2882 3133 διότι
2914 3082 3063 3142 αὐτὸς
3107 3080 3344 3157 ἀρχηγός
3386 3087 3613 3141 κατέστη
3655 3093 3751 3148 τῆς
3795 3086 3862 3146 εἰς

2256 3173 2311 3221 τὸ
2359 3172 2489 3222 θεῖον
2538 3169 2795 3230 εὐσεϐείας
2826 3190 2836 3201 ·
2867 3176 2956 3222 καὶ
3005 3167 3145 3222 διότι
3193 3170 3241 3223 έν
3289 3179 3350 3243 τῇ
3403 3180 3493 3224 τοῦ
3541 3174 3719 3226 Ἰησοῦ
3770 3181 3859 3228 καὶ

2258 3264 2450 3333 Κυρίου
2518 3264 2695 3331 μνήμη
2770 3256 3139 3331 διδασκόμεθα
3197 3260 3712 3332 συγκεφαλαιοῦσθαι
3768 3270 3857 3317 καὶ

2256 3350 2727 3419 συνεμφανίζεσθαι
2765 3352 2822 3399 τό
2858 3354 3146 3421 μυστήριον
3178 3349 3289 3401 ὅλον
3319 3358 3415 3411 τῆς
3444 3359 3534 3402 τοῦ
3568 3356 3739 3423 Λόγου
3783 3350 3857 3404 δι’

2254 3439 2393 3509 ἡμᾶς
2436 3438 2747 3509 οἰκονομίας.
2779 3437 3167 3490 ’Δναπλοῦσθαί
3210 3458 3263 3491 τε
3304 3436 3524 3492 δύναται
3556 3450 3654 3492 τῶν
3705 3444 3856 3495 εὐσε-

2254 3525 2475 3577 ϐούντων
2528 3527 2758 3586 ἕκαστος,
2821 3531 2907 3577 καὶ
2965 3526 3345 3579 ἀπευθῦνεσθαι
3401 3525 3474 3580 δι’
3528 3530 3685 3582 αὐτοῦ
3726 3536 3857 3604 πρὸς

2251 3619 2308 3667 τὸ
2358 3615 2541 3667 τέλειον
2608 3624 2701 3677 τῆς
2764 3618 3076 3686 θεογνωσίας
3110 3636 3121 3648 ·
3157 3617 3215 3668 οῦ
3278 3625 3340 3689 τῇ
3403 3616 3711 3690 βραχύτητι
3760 3630 3857 3683 τῆς

2250 3704 2427 3766 λέξεως
2496 3703 2887 3755 συναποθλίϐων
2953 3709 3042 3756 καὶ
3117 3716 3522 3780 συπενοχωρών
3581 3712 3667 3760 τόν
3738 3718 3856 3761 νοῦν

2250 3801 2350 3845 τῶν
2398 3790 2676 3864 δογμάτων
2720 3795 2899 3859 (τοῦτο
2937 3796 3036 3866 γὰρ
3081 3793 3141 3845 ἂν
3194 3796 3271 3853 εἰη
3324 3795 3483 3866 ψιλὴν
3536 3802 3630 3857 τὴν
3685 3805 3855 3870 φωνὴν

2250 3886 2564 3954 προφέρειν),
2634 3881 2739 3933 ἀλλ’
2812 3881 3251 3955 ἐμπλατυνόμενος
3322 3891 3411 3937 καὶ
3472 3890 3855 3961 καταρτιξόμεῑ⁹

2250 3990 2332 4031 νος
2369 3979 2429 4042 τῇ
2478 3976 2651 4023 πίστει
2694 3977 2783 4023 καὶ
2826 3979 2886 4043 τῇ
2935 3975 3213 4031 τελειότητι
3258 3982 3352 4035 τῆς
3398 3975 3671 4037 εὐσεϐείας.
3722 4000 3749 4025 ι(
3798 3978 3855 4031 Εἰ

2253 4057 2429 4131 βούλει
2462 4056 2541 4119 δε,
2586 4058 2888 4133 ἁχώριστός
2938 4060 3049 4111 ἔστι
3078 4066 3166 4113 καὶ
3216 4058 3533 4123 ἀδιάστατος
3577 4067 3601 4114 ό
3633 4068 3752 4127 Υἱός
3782 4076 3855 4137 τῷ

2252 4154 2416 4221 Πατρὶ
2471 4152 2559 4199 καὶ
2611 4156 2683 4217 τῷ
2739 4152 3019 4220 Πνεῦματι,
3076 4152 3146 4211 ὡς
3193 4160 3283 4211 τῆς
3336 4152 3497 4214 αὐτῆς
3537 4155 3853 4225 ὑπερουσίου

2251 4238 2435 4298 οὐσίας
2472 4242 2557 4288 καὶ
2602 4234 2870 4307 δυνάμεως
2907 4243 2997 4289 καὶ
3044 4238 3278 4301 ἐξουσίας
3330 4242 3602 4313 ὦπάρχων.
3652 4242 3851 4317 Ὠράθη

2253 4323 2311 4378 δε
2367 4330 2455 4377 καὶ
2513 4324 2820 4396 ὶψηλαφηθη
2886 4328 3054 4398 σάρκα
3118 4332 3204 4385 τὴν
3266 4330 3517 4402 ἡμετέραν
3586 4329 3851 4384 ἀναλαϐὼν

2252 4417 2277 4467 ό
2316 4419 2455 4480 Υἱός,
2506 4422 2595 4466 καὶ
2636 4419 2838 4486 γέγονεν
2877 4417 3001 4487 ἡμῖν
3051 4421 3253 4488 ὄμμασί
3283 4437 3337 4470 τε
3378 4418 3593 4483 ληπτός,
3645 4420 3747 4493 ἀφῇ
3800 4442 3853 4475 τε

2250 4505 2577 4575 ψηλαφητός.
2612 4528 2637 4553 ‹‹
2672 4503 2736 4555 Ὀ
2775 4507 2875 4577 γὰρ
2917 4504 3258 4577 ἐθεασάμεθα,
3305 4513 3455 4579 φησὶ,
3501 4514 3591 4560 καὶ
3632 4513 3685 4561 αἱ
3727 4519 3851 4582 χεί-

2250 4614 2330 4667 ρες
2386 4597 2531 4665 ἡμῶν
2587 4592 2927 4665 ἐψηλάφησαν
2985 4600 3101 4667 περὶ
3150 4604 3241 4647 τοῦ
3293 4596 3448 4668 λόγου
3508 4606 3602 4660 τῆς
3666 4601 3848 4661 ζωῆς·

2251 4687 2335 4735 καὶ
2369 4685 2398 4740 ἡ
2448 4687 2553 4743 ςωὴ
2606 4685 2915 4755 ἐφανερώθη.
2948 4683 3037 4745 Ἐξ
3083 4684 3189 4745 ἑνός
3227 4682 3315 4736 οὖν
3353 4694 3445 4738 τοῦ
3492 4688 3682 4759 μᾶλλον
3726 4692 3851 4761 ἡμῖν

2252 4768 2345 4825 διά
2410 4772 2793 4845 φιλανθρωπίας
2852 4774 3045 4843 ἄφατον
3100 4774 3322 4845 πελαγος
3380 4774 3428 4827 ἐν
3483 4784 3674 4847 γνώσει
3732 4782 3855 4832 καθ’

2250 4862 2488 4924 εστῶτος,
2550 4865 2638 4911 καὶ
2690 4865 2755 4911 τὰ
2803 4862 2927 4936 ὑπὲρ
2982 4861 3131 4933 λόγον
3188 4870 3707 4937 μυσταγωγήσαντος
3758 4877 3852 4921 τοῦ

2250 4953 2551 5023 όμοουσίου,
2594 4954 2682 5001 καὶ
2727 4959 3206 5024 παντοκρατορικῆς
3242 4951 3471 5025 Τριάδος
3510 4959 3568 5007 τό
3627 4958 3852 5030 ῦπερού-

2252 5044 2363 5091 σιόν
2421 5058 2475 5091 τε
2525 5043 2614 5090 καὶ
2655 5038 2838 5090 ἐνιαίον
2892 5038 3274 5112 ἔλλαμφθέντες,
3329 5049 3455 5116 πρός
3510 5063 3562 5097 τε
3607 5049 3701 5103 τὴν
3754 5047 3853 5099 ἄλ-

2248 5128 2339 5186 λην
2393 5136 2483 5181 τοῦ
2545 5130 2840 5201 μυστηρίου
2904 5130 3117 5203 θεωρίαν
3168 5126 3241 5182 δι’
3297 5132 3457 5184 αὐτοῦ
3512 5152 3852 5208 χειραγωγη-

2251 5219 2434 5279 θέντες,
2469 5216 2671 5275 εἰκότως
2697 5218 2799 5290 ἄρα
2824 5222 2913 5269 καὶ
2935 5214 3143 5269 ἐπειδάν
3162 5237 3275 5271 τινα
3302 5223 3604 5295 πράττωμεν
3634 5227 3770 5277 κατὰ
3790 5231 3851 5279 τὸ

2246 5302 2667 5379 παραδεδομένον
2692 5303 2868 5378 δόγμα
2888 5307 3161 5371 τελοῦντες,
3195 5309 3261 5369 εἰς
3278 5313 3365 5361 τὸν
3392 5309 3815 5385 παραδεδωκότα
3834 5336 3847 5349 '

2247 5402 2413 5445 ταῦτα
2439 5390 2742 5467 δικαιοῦμεν
2767 5395 3130 5471 ἀναφέρεσθαι.

486 5483 818 5539 secundum
854 5481 1136 5539 traditum
1166 5480 1392 5551 dogma
1455 5479 1728 5546 facimus,
1770 5479 2003 5551 merito,
2036 5480 2303 5553 inquam,
2352 5482 2427 5539 ad
2469 5491 2773 5541 auctorem
2828 5485 3128 5559 dogmatis
3180 5504 3305 5544 rem
3369 5489 3588 5548 factam
3648 5494 3851 5553 referi-

481 5590 645 5633 mus.

553 5674 599 5753 ξ’
632 5673 657 5734 Ι
686 5671 858 5732 Joan.
892 5687 933 5741 ι,
966 5672 1017 5739 1,
1050 5676 1103 5727 2.
