3938 6178
77 285 152 350 321

74 513 200 574 ὄνομα
236 514 315 558 τοῦ
355 506 534 572 Ἰησοῦ,
577 509 665 555 καὶ
715 505 850 554 κατά
890 508 1036 554 ποῖον
1078 507 1453 574 σημαινόμενον
1501 510 1592 554 τοῦ

74 598 292 668 ὀνόματος,
336 593 582 646 κάντεῦθεν
638 589 799 651 δῆλον
833 611 845 624 ·
888 591 1078 664 μᾶλλον
1133 587 1190 643 δὲ
1245 601 1344 643 τῶν
1399 591 1592 644 ἐκείνου

73 686 200 756 λόγων
223 687 249 742 ὴ
273 686 420 757 χάρις
441 683 503 734 ὧν
532 682 705 752 ἦψατο
734 689 831 742 τῆς
869 677 1111 754 καρδίας,
1139 677 1336 738 ἄδηλον
1376 677 1550 732 οὐδενί
1577 699 1590 712 ·

71 782 152 827 Νῦν
193 777 271 846 μὲν
314 777 403 846 γάρ
429 776 482 823 τό
537 776 750 844 φρικτόν
787 776 876 823 καὶ
927 769 1282 843 φιλάνθρωπον
1325 778 1421 830 τῆς
1461 789 1594 843 σαρ-

74 871 248 932 κώσεως,
293 866 372 912 καὶ
425 869 779 934 μυσταγωγῶν
828 865 917 913 καὶ
965 862 1234 932 κηρύττων
1286 855 1548 911 ἐδείκνυτο
1579 877 1591 889 ο

71 961 136 1003 νῦν
171 948 219 1004 δι
247 950 468 1022 θεολογῶν
503 956 594 1008 τήν
640 946 853 1024 Τριάδα
895 947 1330 1023 ἐπαρρησιάζετο,
1379 967 1596 999 συναναο

71 1043 280 1111 κηρύττων
324 1044 406 1091 καὶ
474 1043 566 1098 τὴν
622 1038 780 1096 οἶλλην
849 1046 938 1091 τοῦ
1002 1041 1300 1112 μυστηρίου
1377 1033 1598 1108 δύναμιν

71 1132 296 1186 ϐειότητα·
324 1127 442 1180 ἀλλά
487 1131 588 1202 γάρ
641 1124 793 1180 οὐδέν
843 1126 954 1179 ἐστι
1011 1127 1114 1178 οἷον
1162 1125 1322 1177 αὐτοῦ
1371 1123 1595 1190 ἀκούειν,

71 1241 90 1265 κ
114 1218 185 1279 ⁸ος
209 1218 267 1268 ὧν
292 1216 601 1289 ἀπαύγασμα
628 1224 718 1277 τῆς
745 1213 779 1269 δ
785 1216 902 1279 οξης
926 1220 1011 1267 καὶ
1044 1219 1324 1288 χαρακτὴρ
1356 1223 1446 1274 τῆς
1477 1216 1599 1266 ὑπο-

70 1309 253 1367 στάσεως
279 1307 444 1372 αὐτοῦ,
477 1303 722 1364 δηλονότι
751 1314 843 1358 τοῦ
889 1308 1092 1378 Πατρός
1135 1305 1158 1355 ό
1205 1306 1342 1368 Υἱός,
1377 1303 1482 1374 οὐχ
1509 1303 1600 1378 ἀρ-

71 1400 229 1468 παγμόν
248 1399 460 1466 ἡγήσατο
479 1398 538 1448 τό
559 1394 690 1449 εἶναι
716 1399 812 1447 ἶσα
841 1401 967 1466 Θεῳ.
1003 1417 1030 1443 ››
1064 1389 1204 1445 Οὐδὲ
1233 1395 1334 1467 γάρ
1363 1395 1492 1463 ἔσχε
1512 1395 1598 1445 τόν

68 1484 211 1558 adipes
258 1495 339 1546 τῆς
388 1487 628 1546 θεότητος
681 1485 738 1537 ἐκ
797 1480 1086 1556 διαδοχῆς,
1141 1479 1265 1534 οὐδὲ
1312 1481 1599 1554 ἐπιθέμενος

67 1580 129 1624 καὶ
164 1574 368 1646 ἀρπάσας
416 1573 467 1637 ἔξ
510 1575 709 1647 ἑτέρου,
750 1574 1009 1647 περιέθετο
1040 1577 1097 1624 τό
1145 1573 1338 1647 κράτος
1388 1572 1552 1642 ἑαυτῷ
1583 1587 1596 1601 ⁸

66 1660 145 1712 ἀλλ’
169 1662 239 1714 ἀπ’
273 1663 451 1737 ἀρχῆς,
490 1667 556 1724 ὡς
589 1671 688 1725 τῆς
733 1662 898 1723 αὐτῆς
945 1667 1012 1713 ῶν
1044 1661 1223 1722 οὐσίας
1253 1667 1342 1713 καὶ
1379 1663 1595 1733 φύσεως,

64 1759 127 1802 καὶ
171 1749 401 1824 μηδεμίαν
461 1755 658 1812 ταύτης
721 1750 992 1824 ἀφαίρεσιν
1039 1747 1302 1823 μηδαμῶς
1365 1751 1599 1808 ὑποστῆ-

66 1859 124 1890 ναι
167 1848 392 1913 πεφυκώς,
449 1845 545 1894 Διὰ
595 1849 750 1894 τοῦτο
794 1837 960 1913 μηδὲν
1017 1839 1145 1901 ὅλως
1196 1835 1458 1912 δυσχερὲς
1508 1840 1599 1911 ὑφ-

64 1936 272 2001 ορώμενος,
300 1952 327 1983 α
350 1931 628 1984 Ἐκένωσεν
659 1931 840 1983 ἑαυτόν
880 1934 1082 2004 μορφὴν
1111 1925 1300 1981 δούλου
1331 1927 1498 1979 λαϐὼν
1523 1946 1535 1958 ·
1569 1950 1594 1976 ››

66 2024 128 2069 και
158 2019 304 2085 rain,
345 2043 362 2070 ι
403 2019 482 2081 Εἷς
515 2024 650 2082 Θεὸς
692 2025 782 2072 καὶ
810 2024 990 2093 Πατὴρ
1032 2018 1084 2081 ἐξ
1109 2017 1168 2070 οὗ
1194 2020 1259 2069 τά
1288 2019 1475 2069 πάντα’
1509 2022 1597 2068 καὶ

64 2103 109 2166 εἷς
150 2112 304 2183 Κύριος
349 2111 560 2171 Ἰησοῦς
587 2113 815 2183 Χριστός
864 2105 936 2160 δι’
969 2107 1028 2159 οὗ
1070 2109 1135 2159 τὰ
1172 2108 1342 2158 πάντα
1373 2125 1385 2136 ·
1419 2110 1508 2157 καὶ
1550 2105 1598 2157 ἓν

65 2201 219 2268 Πνεῦμα
237 2199 370 2268 ἅγιον
399 2197 446 2250 ἐν
553 2202 623 2250 τά
652 2199 819 2249 πάντα
851 2217 878 2246 ››
911 2197 1062 2248 Οὕτω
1104 2193 1172 2254 δὴ
1218 2196 1351 2247 οὕτω
1390 2199 1478 2245 καὶ
1507 2197 1597 2250 τὴν

62 2294 125 2335 τοῦ
161 2291 307 2357 Λόγου
360 2287 657 2358 οἰκονομίαν
707 2285 1033 2359 ἀνεκήρυττε,
1095 2290 1180 2337 καὶ
1229 2293 1322 2346 τῆς
1369 2279 1599 2354 Τριάδος

63 2373 263 2445 θεολογίαν
331 2375 642 2447 ἐκράτυνεν·
704 2378 759 2427 ἔκ
834 2394 886 2427 τε
969 2382 1060 2426 τοῦ
1135 2378 1203 2446 μὴ
1280 2372 1475 2444 ἀφελεῖν
1541 2374 1596 2423 τό

59 2461 198 2516 ἐνιαῐον
243 2463 334 2518 ἀπό
397 2463 670 2538 μηδεμιᾶς
718 2473 816 2516 τῶν
869 2472 1024 2536 τριῶν
1084 2465 1439 2528 ῦποστάσεων,
1487 2459 1597 2511 ἀλλ’

58 2553 260 2624 ὁμοτίμοις
303 2555 368 2616 εἰς
416 2555 544 2606 αὐτὸ
596 2556 795 2615 ταύτας
844 2552 1224 2625 ἀναφέρεσθαν
1260 2557 1348 2603 καὶ
1399 2550 1453 2602 ἐκ
1507 2557 1597 2602 τοῦ

55 2647 108 2706 με
133 2647 206 2698 τόν
225 2646 306 2714 μὲν
333 2646 556 2708 πάντων,
593 2647 691 2700 τὴν
724 2639 782 2694 δὲ
813 2650 962 2694 τινῶν
993 2642 1179 2716 ἄρχειν
1224 2645 1311 2692 καὶ
1342 2647 1595 2713 προνοεῖν,

57 2728 151 2780 ἐι)λά
183 2734 256 2792 τὰς
284 2741 410 2806 τρεῖς
454 2735 669 2784 πάντων
696 2740 793 2784 τῶν
823 2736 974 2783 ὄντων
1007 2735 1093 2782 καὶ
1117 2735 1212 2788 τὴν
1244 2726 1596 2802 δημιουργίαν

56 2819 156 2887 ἔχειν
180 2822 406 2892 ὁμοεθνῶς
453 2827 550 2874 καὶ
594 2823 880 2892 όμοτίμως,
913 2825 1001 2872 καὶ
1044 2825 1138 2877 τὴν
1179 2824 1463 2893 κυριότητα
1509 2823 1597 2870 καὶ

57 2912 120 2960 τήν
143 2914 378 2976 πρόνοιαν,

109 2997 327 3070 ιε’.’ορᾁς
374 3001 508 3060 ὅπως
555 3000 582 3051 ό
615 3006 711 3060 τῆς
761 2997 1065 3058 Ἐκκλησίας
1114 2993 1433 3056 διδάσκαλος
1484 2995 1597 3047 €396-

1021 272 1118 340 AD
1155 285 1707 343 AMPHILOCHIUM
1752 277 2078 353 QUIESTIO
2122 289 2318 346 XLIII.

132 415 210 475 ιδ’.
245 416 398 476 Ὀιιως
443 418 524 488 μέν
570 433 652 466 τοι
687 433 744 484 γε
773 416 860 464 καὶ
903 411 928 463 ὀ
962 411 1162 474 Παῦλος
1191 411 1502 484 κατήγγελλε
1533 415 1592 465 τό
1621 411 1670 468 Α

3251 297 3358 351 322

1772 416 1858 469 14.
1891 416 2164 480 Quanam
2220 416 2400 485 igitur
2445 416 2672 474 ratione
2715 418 2933 474 Paulus
2966 422 3102 476 Jesu
3135 437 3356 478 nomen

1701 504 2013 568 nuntiaret,
2055 511 2110 560 et
2147 522 2414 578 quanam
2456 507 2716 562 nominis
2757 509 3178 578 significantia,
3221 511 3360 568 hac-

1701 597 1872 648 tenus
1900 593 2255 664 patefactum
2287 600 2407 650 est:
2441 597 2769 666 praesertim
2799 614 2932 654 vero
2965 599 3025 654 id
3056 602 3354 657 neminem

1700 698 1909 738 eorum
1940 683 2128 743 latuit.
2169 699 2418 754 quorum
2457 702 2562 740 cor
2592 702 2937 742 sermonum
2979 689 3134 744 illius
3166 691 3361 759 gratia

1705 771 1904 841 tetigit.
1928 771 2100 826 Modo
2127 773 2278 826 enim
2309 774 2715 830 venerandam
2743 781 2799 831 et
2830 777 3358 835 clementissimam

1702 859 2170 916 incarnationem
2188 861 2434 917 docebat
2448 864 2944 937 praadicandoque
2960 869 3323 924 monstrabat
3343 887 3355 926 :

1705 948 1886 1003 modo
1931 948 2263 1018 theologica
2297 952 2584 1008 oratione.
2632 954 2969 1010 Trinitatem
3025 957 3360 1012 animosius

1704 1037 2029 1104 asserebat,
2071 1047 2346 1096 caateram
2392 1057 2634 1114 quoque
2665 1045 2932 1115 mysterii
2960 1045 3082 1101 vim
3110 1063 3179 1102 ac
3208 1046 3359 1101 divi-

1705 1127 1948 1182 nitatem
1992 1127 2168 1183 simul
2214 1129 2646 1201 depraadicans.
2694 1132 2808 1187 Sed
2860 1134 3005 1188 nihil
3049 1135 3260 1190 melius
3292 1135 3362 1190 de

1705 1231 1775 1270 eo
1806 1215 1997 1270 audiri
2042 1222 2250 1287 potest,
2289 1235 2473 1290 quam
2506 1243 2525 1268 ι
2568 1219 2676 1285 Qui
2723 1237 2859 1276 cum
2893 1228 3046 1279 esset
3083 1224 3366 1295 splendor

1707 1303 1906 1374 glorias
1933 1310 1990 1360 et
2018 1305 2209 1374 ﬁgura
2233 1306 2580 1364 substantia:
2603 1309 2732 1380 ejus
2755 1311 2824 1363 ³⁸.
2855 1313 2900 1346 ³9
2925 1312 3165 1384 (nempe
3189 1313 3364 1368 Filius

1706 1390 1990 1462 splendor
2019 1399 2073 1447 et
2100 1395 2290 1462 ﬁgura
2330 1395 2537 1461 Patris)
2570 1412 2693 1451 non
2731 1397 3010 1469 rapinam
3051 1401 3364 1456 arbitratus

1706 1485 1793 1534 est
1819 1495 1882 1534 se
1905 1495 2031 1538 esse
2049 1481 2345 1551 aequalem
2365 1484 2484 1540 Deo
2503 1485 2569 1539 ‘0.
2597 1509 2624 1534 η
2651 1488 2777 1541 Non
2801 1487 2960 1542 enim
2988 1491 3364 1546 successione

1709 1569 1949 1624 sortitus
1976 1569 2350 1626 divinitatem
2371 1579 2514 1637 erat,
2541 1590 2736 1646 neque
2756 1575 2811 1630 vi
2843 1576 3165 1634 detractam
3188 1579 3364 1634 alicui

1707 1658 2030 1729 potentiam
2063 1659 2174 1714 sibi
2204 1660 2716 1734 circumposuerat
2746 1681 2758 1718 :
2793 1665 2898 1720 sed
2923 1666 3002 1722 ab
3033 1667 3197 1723 initio
3229 1667 3361 1722 sub-

1632 1769 1676 1823 B
1708 1747 1941 1802 stantiae
1972 1747 2238 1819 ejusdem
2272 1755 2621 1823 naturaeque
2649 1752 2771 1822 fuit,
2806 1753 3155 1826 nullumque
3185 1756 3365 1826 hujus

1705 1835 2124 1892 detrimentum
2165 1840 2286 1910 pati
2331 1845 2578 1910 poterat.
2621 1841 2843 1898 IdeIrco
2876 1843 3022 1899 nihil
3048 1844 3363 1900 molestum

1706 1924 2055 1992 detrectans,
2089 1947 2113 1976 α
2140 1927 2474 1984 Exinanivit
2497 1931 2906 2003 semetipsum,
2937 1932 3187 1990 formam
3211 1934 3364 1989 servi

1706 2013 1999 2085 accipiens
2036 2016 2102 2068 ⁸1.
2142 2035 2170 2066 ››
2214 2019 2279 2072 Et
2311 2033 2520 2072 rursus
2564 2035 2578 2074 ;
2619 2041 2646 2068 «
2686 2020 2848 2075 Unus
2897 2023 3048 2077 Deus
3099 2027 3155 2078 et
3198 2023 3366 2078 Pater

1706 2119 1779 2157 ex
1808 2118 1926 2174 quo
1958 2104 2164 2160 omnia
2195 2128 2205 2158 :
2235 2110 2288 2160 et
2317 2121 2472 2161 unus
2508 2109 2682 2163 Jesus
2725 2109 3005 2175 Christus,
3047 2126 3146 2181 per
3186 2127 3362 2182 quem

1706 2191 1911 2247 omnia
1941 2208 1954 2246 :
1982 2198 2036 2248 et
2064 2208 2216 2248 unus
2240 2193 2486 2266 Spiritus
2514 2200 2777 2263 sanctus,
2801 2199 2860 2252 in
2883 2214 3005 2270 quo
3026 2199 3311 2254 omnia".
3336 2219 3363 2248 »

1707 2280 1800 2336 Sic
1820 2281 2070 2337 omnino
2093 2281 2312 2337 Paulus
2336 2283 2810 2341 incarnationem
2834 2287 3220 2357 praedicabat,
3247 2287 3363 2342 Tri-

1705 2369 2017 2442 nitatisque
2080 2371 2347 2428 divinam
2399 2373 2668 2430 notitiam
2727 2375 3114 2433 continuabat
3156 2399 3168 2430 :
3221 2377 3364 2432 dum

1707 2458 1928 2514 scilicet
1962 2460 2247 2516 unitatem
2279 2460 2423 2516 nulli
2455 2463 2622 2518 trium
2656 2479 3052 2534 personarum
3093 2465 3366 2522 detrahe-

1705 2552 1811 2616 ret,
1830 2548 2194 2620 easdemque
2219 2549 2296 2605 ad
2320 2566 2505 2606 unum
2529 2553 2837 2623 aequaliter
2857 2554 3206 2624 referret;et
3227 2555 3362 2609 dum

1707 2636 1868 2692 haud
1908 2638 2088 2694 aliam
2127 2655 2448 2712 personam
2488 2642 2719 2697 cunctis
2761 2644 2962 2710 rebus,
3005 2644 3183 2700 aliain
3225 2661 3364 2700 vero

1705 2727 2004 2782 nonnullis
2015 2728 2312 2784 dominari
2331 2731 2706 2787 etconsulere
2723 2731 2971 2797 diceret;
2990 2735 3092 2789 sed
3109 2744 3220 2790 tres
3239 2751 3366 2806 per-

1707 2830 1884 2871 sonas
1897 2817 2169 2872 omnium
2193 2834 2387 2872 rerum
2405 2821 2768 2875 creationem
2792 2823 3367 2893 conjunctimaaqua-

1705 2902 1950 2977 literque
1969 2907 2623 2979 curavisse,iisdemque
2639 2909 2938 2964 moderari
2952 2927 3020 2966 ac
3035 2911 3362 2981 providere.

1783 2999 1866 3050 15.
1901 2995 2098 3048 Viden’
2127 2999 2185 3048 ut
2215 2994 2481 3050 Ecclesize
2507 2996 2717 3050 doctor
2753 2998 2960 3052 Christi
2981 3013 3200 3053 nomen
3233 3013 3367 3068 por-

59 3087 176 3144 σταςι
197 3091 243 3138 τό
259 3092 409 3161 ὄνομα
430 3097 526 3141 τοῦ
548 3096 790 3160 Χριστοῦ
815 3107 828 3151 ς
853 3089 928 3139 ἔτι
951 3092 1146 3162 συνόρα
1171 3104 1182 3116 ·
1211 3107 1238 3138 (ι
1263 3085 1460 3146 Παῦλος
1478 3082 1600 3137 δοῦν

1777 3083 1971 3138 verit?
2012 3083 2123 3136 Sed
2170 3098 2346 3154 perge
2407 3100 2584 3154 porro
2631 3086 3049 3140 considerare:
3081 3106 3108 3137 «
3149 3086 3365 3141 Paulus

56 3169 120 3232 in;
158 3175 307 3232 Ἰησοῦ
358 3184 604 3253 Χριστοῦ
664 3176 853 3238 κλητὸς
904 3175 1191 3236 ἀπόστολος
1245 3174 1600 3247 ἀφωρισμένος

57 3261 103 3319 εἰς
126 3263 394 3336 Biar/£1100
426 3275 591 3333 Θεοῦ,
623 3266 652 3318 ὁ
677 3265 1118 3340 προεπηγγείλατο
1154 3261 1244 3316 διὰ
1275 3273 1374 3316 τῶν
1399 3283 1599 3336 προφη-

57 3358 128 3399 τῶν
161 3355 290 3408 αὐτοῦ
333 3357 379 3409 ἐν
418 3364 663 3433 Γραφαῖς
711 3354 905 3426 ἀγίαις,
948 3359 1062 3427 περὶ
1121 3361 1212 3406 τοῦ
1267 3355 1389 3406 Υἱοῦ
1439 3353 1598 3404 αὐτοῦ

54 3448 118 3491 τοῦ
141 3449 374 3516 γενομένου
416 3446 473 3499 ἐκ
519 3450 820 3518 σπέρματος
861 3440 1046 3497 Δαϐίδ·
1083 3463 1110 3494 »
1152 3443 1304 3495 πάλιν
1334 3441 1601 3494 κάνταῦθα

55 3535 301 3601 κηρύττεται
350 3538 378 3593 ἡ
438 3538 605 3611 Τριάς
636 3552 648 3563 ⁶
705 3537 834 3594 Θεός
884 3538 974 3586 καὶ
1021 3535 1141 3594 Υἱός
1189 3539 1280 3584 τοῦ
1334 3539 1468 3585 Θεοῦ
1511 3536 1599 3582 καὶ

57 3623 215 3692 Πνεῦμα
252 3623 409 3694 ἅγιον,
454 3630 545 3677 καὶ
603 3625 636 3682 ἡ
703 3623 972 3697 σάρκωσις
1044 3624 1597 3694 συνανακηρυττομένη

55 3715 120 3756 τεῦ
166 3717 335 3782 Λόγου.
388 3717 535 3767 Ἐπεὶ
577 3710 641 3765 δί
672 3714 791 3766 Υἱόν
845 3719 978 3764 Θεοῦ
1018 3709 1174 3778 εἶπεν,
1205 3708 1385 3781 ἐπάγει
1425 3705 1498 3762 δι’
1534 3710 1600 3760 ὧν

57 3792 299 3869 ἀξορίζεται
336 3802 361 3853 ό
390 3805 514 3865 Υἱός
544 3823 558 3835 ·
589 3809 685 3854 τοῦ
714 3801 815 3875 γὰρ
857 3799 1278 3872 ἐπιγνωσθέντος,
1321 3803 1473 3870 φησὶ,
1512 3803 1602 3850 καὶ

53 3883 352 3956 άῗθρισθίντος
403 3892 458 3954 ἐξ
511 3891 686 3944 ἄλλων
733 3908 787 3942 τε
838 3887 1033 3942 πολλῶν
1081 3885 1376 3960 ἰδιωμάτων
1428 3887 1463 3938 ἃ
1505 3908 1604 3959 μη-

56 3967 136 4025 δενὶ
174 3983 420 4050 πρόσεστι,
472 3985 568 4033 καὶ
614 3982 697 4031 ὃτι
738 3979 764 4031 ὃ
799 3974 1062 4051 μηδέποτε
1103 3982 1328 4048 γέγονεν,
1377 3975 1604 4050 αὐτουρ-

52 4065 118 4128 Ἱδς
162 4077 241 4129 τός
291 4067 427 4133 ἰδίας
479 4071 823 4130 ἀναστάσεως
867 4073 1090 4140 γέγονεν.
1137 4065 1259 4138 Οῦχ
1305 4069 1499 4124 ἣκιστα
1547 4061 1605 4117 δε

56 4158 118 4202 καὶ
145 4155 187 4215 ἐξ
211 4157 270 4208 ὧν
311 4164 366 4212 τό
395 4162 658 4232 πανάγιον
700 4164 908 4229 Πνεῦμα
950 4155 1229 4208 ἐπεσκίασέ
1273 4175 1325 4208 τε
1367 4164 1440 4226 τῷ
1471 4159 1606 4226 τόκῳ

51 4245 114 4291 τόν
154 4249 401 4316 ὀμοσὺσιον
458 4256 636 4322 Λόγον
685 4246 739 4299 ἐκ
799 4249 1091 4321 σπέρματος
1143 4241 1309 4298 Δαϐὶδ
1359 4248 1606 4318 συνεργόν

57 4333 280 4401 προελθεῖν,
319 4343 404 4392 καὶ
448 4340 657 4414 μάρτυς
695 4336 742 4389 ἐν
792 4345 865 4406 τῷ
917 4334 1254 4410 βαπτίσματι
1302 4331 1396 4396 τῆς
1445 4333 1608 4404 ἀψευ-

59 4409 151 4481 δθῦς
187 4425 404 4489 νίότητος
448 4409 553 4481 ’καὶ
605 4434 700 4488 τῆς
753 4409 1037 4498 όμοουσίου
1085 4426 1315 4483 θεότητος
1361 4428 1604 4494 γεγονώς.

57 4507 120 4567 εἷς
149 4516 277 4584 κόρον
304 4516 384 4582 ἂν,
425 4514 602 4590 οἶμαι,
643 4514 943 4588 λογισθείην
981 4521 1085 4573 τοῖς
1129 4511 1405 4585 ἀκροαταῖς
1449 4531 1612 4584 προσ-

57 4600 254 4669 γίρεσθαι
302 4611 391 4661 καὶ
457 4610 524 4661 τὰ
584 4607 804 4678 περιττὰ
861 4603 1148 4676 φιλότιμος,
1195 4601 1238 4653 εἰ
1288 4602 1464 4664 πάσας
1519 4604 1612 4662 τὰς

55 4696 239 4755 mm;
272 4703 357 4749 τοῦ
407 4698 698 4749 θεσπεσίου
748 4692 956 4747 Παῦλοῦ
1011 4690 1383 4764 ἀναγράφοιμι,
1433 4685 1504 4743 δι’
1545 4690 1612 4740 ὧν

57 4767 259 4852 itali-Ia
296 4803 345 4838 τε
385 4790 480 4846 την
523 4780 758 4860 Τριάδα,
811 4788 901 4835 καὶ
939 4789 1034 4843 τῆς
1056 4786 1362 4851 σαρκῶσεως
1401 4777 1615 4853 ἐκήρυτ-

55 4877 95 4914 ιι
136 4875 184 4919 τό
228 4881 532 4951 μυστήριον,
594 4872 881 4948 βαστάζων
947 4869 1159 4922 ἐνώπιον
1217 4868 1368 4922 ἐθνῶν
1420 4889 1474 4921 τε
1526 4874 1615 4920 καὶ

54 4947 270 5026 βασιλέων
314 4967 370 5015 τό
418 4968 589 5036 ὄνομα
628 4971 720 5015 τοῦ
766 4965 977 5037 Κυρίου.
1037 4963 1220 5031 Διόπερ
1266 4965 1370 5021 τοῖς
1409 4958 1620 5032 εἰρημέ-

56 5055 134 5103 '91;
177 5047 623 5126 ἀρκεσθησόμεθα,
671 5048 819 5104 οὐδὲν
870 5054 1018 5124 ἔργον
1066 5048 1444 5115 ῦπολείποντες,
1495 5044 1619 5099 οὐδε

106 5139 140 5191 ῖς
179 5136 388 5194 ἐθελονσι
438 5141 720 5205 κάκείνοις,
776 5139 1115 5211 ἀναλέγεσθαι
1147 5156 1159 5169 ·
1194 5140 1330 5189 κατὰ
1374 5138 1438 5189 τὰ
1483 5135 1622 5188 αῦτά

106 5141 140 5191 ’ς
179 5141 388 5194 εϐελονσι
438 5141 720 5205 κάκείνοις,
776 5141 1115 5211 ἀναὶέγεσθαι
1147 5156 1159 5169 ·
1194 5141 1330 5189 κατὰ
1374 5141 1438 5189 τὰ
1483 5141 1622 5188 αῦτά

56 5141 354 5304 patierin
381 5235 474 5284 καὶ
520 5239 626 5284 τῶν
673 5229 833 5282 ἄλλων
879 5228 1177 5302 μαθητῶνό
1211 5228 1344 5287 θεῖος
1375 5225 1622 5300 ἐκήρυττε

113 5311 398 5374 ὶίδίδασκε
453 5323 649 5394 χορός.
704 5317 792 5381 Ὠς
832 5315 889 5371 δε
949 5315 1249 5392 ἐκήρυττον,
1292 5315 1452 5376 οὕτως
1509 5313 1624 5366 ἐϐά-

93 5403 247 5461 nifu-
280 5407 566 5486 ὶχήρνττον
618 5405 674 5461 δὶ
720 5410 788 5469 ὡς
830 5408 858 5466 ἠ
914 5407 1263 5466 ἐνυπόστατος
1311 5403 1494 5463 αὐτοῦς
1540 5421 1626 5456 σου

59 5307 115 5711 ᾗ

89 5493 135 5560 lia
181 5497 413 5570 θεολογεῖν
458 5504 560 5552 καὶ
624 5501 893 5572 κηρύττειν
941 5491 1264 5561 ἕξεπαίδευεν
1292 5513 1302 5525 ·
1349 5494 1416 5544 ὧν
1467 5493 1514 5546 ἓν
1567 5489 1626 5552 ἦν

122 5592 222 5650 ³³.³’
246 5595 422 5656 Hebr.
461 5604 516 5665 1,
551 5601 611 5654 5.
684 5597 730 5633 ⁸ο
758 5595 971 5669 Philip.
1002 5609 1062 5662 ιι,
1092 5593 1145 5650 6.
1224 5594 1264 5629 δι
1309 5591 1453 5649 ibid.
1479 5595 1539 5650 7.

75 5673 84 5758 ἶ
304 5695 566 5758 Ριηιοι..
617 5693 722 5755 Gn.
761 5693 850 5753 CI.

1615 5592 1660 5626 ⁴¹
1688 5590 1712 5646 Ι
1743 5591 1872 5649 Cor.
1904 5604 2027 5659 Vill,
2055 5588 2109 5644 6.

1709 3189 1914 3227 servus
1935 3173 2068 3226 Jesu
2100 3172 2304 3226 Christi
2334 3179 2579 3227 vocatus
2601 3173 2908 3245 apostolus
2934 3181 3280 3246 segregatus
3307 3176 3365 3229 in

1710 3262 2093 3331 Evangelium
2148 3261 2266 3327 Dei,
2313 3263 2472 3333 quod
2513 3264 2861 3334 promiserat
2905 3281 3006 3336 per
3046 3265 3368 3336 prophetas

1709 3368 1849 3406 suos
1879 3351 1938 3405 in
1970 3350 2285 3422 Scripturis
2325 3352 2564 3417 sanctis,
2604 3352 2678 3407 de
2721 3353 2863 3408 Filio
2907 3370 3015 3409 suo
3043 3354 3147 3426 qui
3178 3353 3370 3410 factus

1709 3445 1800 3496 est
1831 3440 1881 3494 ei
1911 3456 1982 3494 ex
2013 3454 2228 3509 genere
2266 3440 2452 3494 David
2486 3441 2552 3497 ".
2583 3462 2611 3493 »
2638 3441 2852 3497 Iterum
2886 3442 2980 3497 hic
3015 3441 3368 3514 praedicatur

1708 3529 1978 3594 Trinitas,
2031 3531 2183 3584 Deus
2235 3534 2290 3585 et
2333 3530 2508 3585 Filius
2555 3530 2655 3586 Dei
2697 3537 2753 3586 et
2792 3531 3048 3603 Spiritus
3097 3537 3364 3597 sanctus,

1709 3635 1939 3674 necnon
1969 3623 2026 3674 et
2051 3617 2222 3674 Verbi
2251 3618 2582 3674 incarnatio
2622 3619 2800 3675 simul
2828 3621 3201 3692 praedicatur.
3233 3622 3365 3676 Jam

1712 3707 1814 3763 ubi
1853 3708 1951 3762 Dei
1984 3707 2190 3763 Filium
2217 3707 2383 3773 dixit,
2412 3707 2612 3778 adjicit
2640 3710 2820 3764 etiam
2846 3725 3114 3781 quanam
3135 3711 3366 3767 ratione

1711 3796 2114 3866 distinguatur
2129 3797 2478 3852 Filius.Nam
2493 3813 2632 3852 cum
2645 3797 2917 3868 cognitus
2931 3799 3368 3872 distinctusque

1707 3885 2144 3957 jamessetaliis
2168 3885 2369 3940 multis
2395 3887 3030 3961 proprietatibus,quaa
3055 3895 3266 3961 printer
3287 3891 3371 3962 ip—

1714 3991 1846 4030 sum
1868 3974 2096 4030 nemini
2114 3974 2347 4045 insunt;
2375 3981 2500 4031 tum
2520 3991 2659 4031 vero
2678 3977 2841 4048 quod
2866 3993 3174 4049 nunquam
3197 3985 3374 4035 antea

1714 4064 2062 4134 contigerat,
2087 4065 2213 4136 ipse
2233 4070 2440 4120 auctor
2460 4065 2904 4121 resurrectionis
2928 4083 3050 4122 suae
3072 4067 3198 4122 fuit.
3233 4071 3373 4122 ltem

1718 4153 1966 4226 Spiritus
1987 4161 2227 4209 sanctus
2253 4154 2426 4209 fetum
2460 4153 2899 4220 obumbrando,
2929 4156 3092 4211 dedit
3127 4172 3375 4227 operam

1718 4249 1780 4298 ut
1812 4243 2069 4298 Verbum
2100 4243 2603 4299 consubstantiale
2634 4260 2705 4300 ex
2741 4245 2972 4301 Davidis
3008 4261 3221 4315 genere
3272 4261 3377 4301 na-

1720 4338 2012 4401 sceretur;
2041 4337 2219 4404 atque
2243 4331 2303 4387 in
2321 4333 2681 4403 baptismate
2702 4333 2967 4390 ﬁliationi
2990 4351 3141 4390 verae
3162 4339 3219 4389 et
3241 4350 3381 4390 con-

1720 4421 2100 4477 substantiali
2135 4421 2428 4477 Divinitati
2462 4423 2865 4478 testimonium
2914 4424 3098 4478 dedit.
3135 4425 3378 4480 Satieta-

1723 4516 1841 4566 tem
1855 4511 2231 4566 audientibus
2247 4511 2816 4583 creem,nimiusque
2832 4511 3054 4578 videar,
3075 4513 3124 4568 si
3137 4520 3381 4570 cunctas

1723 4599 1924 4670 inclyti
1959 4599 2233 4670 Apostoli
2255 4598 2583 4654 locutiones
2617 4599 2914 4656 ascribere
2939 4601 3136 4668 velim,
3161 4603 3380 4674 quibus

1725 4687 2059 4757 theologica
2099 4687 2366 4742 oratione
2406 4687 2746 4743 Trinitatem
2788 4705 2900 4744 nos
2941 4690 3164 4756 docuit,
3203 4696 3259 4747 et
3311 4691 3380 4747 de

1725 4777 2151 4834 incarnationis
2192 4777 2469 4847 mysterio
2515 4777 2793 4832 certiores
2833 4778 2990 4847 fecit,
3021 4796 3244 4836 nomen
3273 4781 3383 4837 Do-

1727 4867 1871 4922 mini
1901 4881 2096 4922 coram
2139 4863 2413 4936 gentibus
2447 4865 2814 4938 regibusque
2853 4874 3122 4939 portans.
3166 4871 3383 4934 Quam-

1727 4956 1932 5013 obrem
1965 4954 2137 5010 dictis
2161 4954 2418 5010 contenti
2449 4955 2673 5009 erimus
2705 4971 2718 5021 ;
2747 4957 3068 5027 praesertim
3099 4960 3242 5030 quia
3273 4975 3383 5014 cae-

1730 5052 1875 5111 tera,
1907 5046 1955 5100 si
1980 5045 2115 5117 quis
2138 5044 2308 5110 volet,
2332 5042 2493 5099 nullo
2517 5045 2757 5114 negotio
2774 5060 3131 5103 coacervare
3153 5049 3384 5120 poterit.

1730 5140 1918 5206 Atque
1944 5134 2057 5188 hoc
2078 5133 2258 5188 modo
2276 5131 2538 5203 reliquus
2557 5132 2738 5188 etiam
2758 5134 3188 5207 discipulorum
3220 5154 3390 5193 vene-

1731 5224 1959 5281 randus
1977 5222 2193 5278 chorus
2208 5221 2574 5293 praedicabat
2587 5228 2760 5294 atque
2775 5225 3049 5282 docebat.
3073 5229 3202 5281 Jam
3220 5226 3388 5282 sicuti

1730 5313 1792 5370 hi
1833 5311 2261 5385 praedicabant,
2312 5310 2391 5366 ita
2427 5311 2606 5367 etiam
2651 5313 3047 5385 baptizabant.
3107 5315 3391 5370 Praedica-

1735 5404 1882 5458 bant
1919 5406 2119 5457 autem
2155 5399 2324 5455 sicuti
2361 5400 2520 5472 ipsos
2559 5400 2938 5472 hypostatica
2982 5404 3276 5476 sapientia
3317 5403 3390 5456 ad

1735 5491 2059 5560 theologice
2074 5489 2439 5563 loquendum
2454 5490 3022 5564 praedicandumque
3037 5493 3390 5548 erudiverat.

2186 5589 2233 5626 ”
2268 5590 2439 5647 Rom.
2467 5603 2506 5654 ι,
2547 5593 2594 5656 1,
2629 5592 2682 5644 2.

3042 5687 3108 5745 11
