4126 6190
564 255 670 310 323
1788 254 2028 310 PHOTII
2069 251 2553 320 PATRIARCH/E
2592 251 2708 311 cr.
3825 251 3934 320 324'

559 385 694 439 Jam
736 382 796 438 in
841 381 932 437 his
986 397 1198 445 unum,
1253 384 1308 436 et
1359 380 1606 454 quidem
1661 381 1804 436 nulli
1851 379 2180 453 secundum

2317 383 2404 430 xui.
2453 375 2660 440 οὐδενὸς
2713 384 2813 430 τῶν
2869 379 3032 431 ἄλλων
3089 375 3368 451 δογμάτων
3439 381 3667 450 ἔλαττον,
3727 391 3818 438 καὶ
3870 393 3930 439 τὸ

556 472 782 540 dogma
802 475 947 539 erat,
974 477 1035 525 ut
1064 470 1370 525 lavacrum
1396 468 1860 539 regenerationis
1884 470 1940 524 in
1967 469 2129 524 Patre
2152 484 2182 522 e

2317 468 2382 527 εἰς
2443 471 2648 541 Πατέρα
2691 473 2779 520 καὶ
2828 470 2945 520 Υἱὸν
2999 474 3087 520 καὶ
3147 476 3355 541 Πνεῦμα
3404 471 3552 541 οἷγιον
3609 477 3667 524 τὸ
3711 473 3928 548 λουτρὸν

556 561 694 616 Filio
721 567 777 615 et
804 559 1025 631 Spiritu
1055 565 1258 614 sancto
1289 566 1682 630 perageretur,
1707 563 1884 630 atque
1919 564 1978 612 ut
2010 557 2185 628 bapti-

2315 566 2408 618 τῆς
2478 556 2876 627 παλιγγενεσίας
2950 558 3342 630 τελεσιουργεῐν,
3413 565 3501 612 καὶ
3572 569 3688 623 ταῖς
3757 565 3927 616 αὑτῶν

551 649 662 706 zati
690 649 968 706 homines
998 665 1132 703 cum
1163 648 1371 703 harum
1409 663 1795 718 personarum
1829 645 2180 702 invocationi

2314 643 2618 702 ἐπικλήσεσι
2677 651 2791 706 τοὺς
2851 645 3268 718 βαπτιζομένους
3331 650 3475 718 οἴγειν
3536 649 3608 710 εὶς
3655 649 3930 723 ἀναγέννη-

551 738 626 793 ad
646 738 1154 808 regenerationem
1174 737 1662 808 perducerentur.
1685 736 1777 789 Sic
1802 735 2180 807 apostolorum

2315 752 2417 787 σιν.
2470 734 2616 785 Οὕτω
2672 744 2769 786 τῶν
2819 734 3116 788 ἀποστόλων
3171 736 3196 787 6
3255 739 3518 809 θεόκριτος
3572 739 3816 811 σύλλογος
3865 747 3925 794 τὸ

549 826 832 882 divinitus
868 825 1133 881 delectus
1183 825 1401 880 chorus
1450 825 1632 879 venias
1681 825 1903 879 donum
1953 823 2178 878 initiati:

2314 819 2480 895 δῶρον
2567 826 2927 894 ἐμυσταγῶγει
3003 833 3093 885 τῆς
3188 824 3460 897 ἀφέσεως·
3521 829 3656 880 ούτω
3725 831 3925 893 Παῦλος

547 915 942 988 impertiebat.
979 917 1067 970 Sic
1101 914 1316 970 Paulus
1361 914 1721 985 baptizabat,
1769 929 1924 985 quos
1953 912 2176 984 quiden

2311 909 2584 963 ἐϐάπτισεν
2637 911 2724 973 οὓς
2792 912 3064 965 ἐϐάπτισεν
3098 929 3111 943 ⁸
3162 915 3294 966 οὕτω
3367 913 3656 987 βαστάζων
3711 922 3921 972 ἐνώπιον

549 1005 851 1076 baptismo
882 1003 1164 1074 tingebat.
1193 1005 1284 1058 Sic
1305 1018 1507 1057 coram
1536 1001 1812 1069 gentibus
1839 1002 2178 1072 regibusqui

2310 999 2464 1050 ἐθνῶν
2510 1005 2599 1051 καὶ
2649 999 2905 1072 βασιλέων
2961 1007 3017 1054 τὸ
3069 1007 3228 1074 ὄνομα
3270 1012 3361 1056 τοῦ
3408 1012 3645 1079 Σωτῆρος
3695 1008 3921 1083 ἐπαρρη-

547 1093 870 1149 Servatoris
889 1108 1107 1147 nomen
1125 1108 1259 1146 cum
1281 1091 1501 1145 ﬁducia
1521 1091 1858 1144 deferebat:
1881 1095 2058 1161 atque
2085 1089 2176 1144 hat

2311 1089 2522 1148 σιάζετο
2549 1109 2560 1120 ο
2593 1094 2724 1141 κατὰ
2763 1093 2956 1148 ταύτην
3002 1090 3122 1144 ἐϐόα
3159 1097 3251 1151 τὴν
3303 1096 3515 1161 ἔννοιαν»
3548 1118 3574 1143 “
3625 1098 3919 1170 Παρακαλῶ

547 1189 743 1240 mente
764 1183 1074 1236 instinctus
1094 1181 1419 1235 clamabat:
1439 1202 1465 1228 «
1490 1179 1657 1250 Rogo
1688 1194 1810 1243 vos,
1836 1178 2067 1243 fratres,
2093 1193 2176 1250 pet

2307 1173 2392 1227 οὖν
2408 1179 2560 1248 ὑμᾶς,
2589 1175 2820 1250 ἀδελφοὶ,
2843 1176 2935 1231 δια
2957 1188 3048 1232 τοῦ
3073 1186 3266 1255 Κυρίου
3293 1184 3435 1254 ἡμῶν
3459 1183 3638 1241 Ἰησοῦ
3659 1190 3915 1260 Χριστοῦ¹

546 1271 863 1326 Dominum
879 1273 1078 1325 Jesum
1099 1269 1412 1339 Christum,
1433 1273 1492 1324 ut
1507 1268 1799 1323 sermonis
1817 1266 2175 1323 concordiau

1279 1283 1412 1339 ;um,
1433 1268 1799 1324 ntsermonis
1817 1266 2193 1323 concordiam
2308 1266 2390 1316 ἱνα
2419 1285 2475 1317 το
2499 1266 2622 1318 αύτὸ
2653 1267 2853 1338 λέγητε.
2884 1292 2908 1315 η

543 1359 846 1416 sectemini
881 1360 948 1410 “.
989 1381 1009 1408 ι

619 1455 698 1504 16.
734 1449 857 1503 Vin'
889 1449 990 1503 tibi
1021 1447 1300 1519 principis
1327 1461 1568 1518 quoque
1593 1444 1903 1517 apostolici
1932 1445 2192 1500 testimo-

2379 1443 2468 1506 ις’.
2513 1444 2688 1496 Βούλει
2727 1443 2788 1496 δέ
2839 1465 2922 1498 σοι
2969 1452 3057 1498 καὶ
3119 1451 3204 1498 τόν
3250 1457 3532 1521 κορυφαῖον
3584 1457 3913 1526 παρέσεσθαι

540 1536 701 1592 nium
737 1537 1052 1594 exhibeam
1079 1537 1107 1592 ?
1137 1539 1240 1607 qui
1265 1535 1510 1607 quidem
1544 1536 1652 1590 etsi
1685 1534 2003 1589 verborum
2045 1549 2169 1589 soni

2302 1535 2587 1605 μάρτυρα;
2623 1535 2667 1585 εἰ
2703 1536 2803 1609 γὰρ
2845 1540 2934 1587 καὶ
2987 1540 3056 1606 μη
3102 1533 3247 1589 δοκεῖ
3276 1541 3406 1590 κατά
3447 1559 3505 1610 γε
3556 1545 3649 1599 τὴν
3683 1551 3781 1592 τῶν
3819 1544 3915 1616 ρη-

541 1625 700 1682 liaud
715 1625 944 1679 videtur
962 1641 1098 1679 cum
1115 1623 1384 1678 Ecclesiae
1402 1639 1564 1678 more
1580 1628 1829 1695 actuquc
1846 1635 2168 1689 congruere

2301 1624 2475 1692 μάτων
2506 1627 2769 1696 προφορὰν
2812 1632 2883 1693 τῲ
2915 1633 3009 1684 τῆς
3057 1625 3361 1686 Ἐκκλησίας
3401 1629 3501 1679 ἔθει
3539 1635 3628 1680 καὶ
3666 1639 3725 1701 τῇ
3771 1635 3912 1705 πρά-

542 1713 590 1766 si
619 1719 812 1767 tamen
840 1729 1091 1782 scopum
1117 1713 1244 1782 ejus
1268 1728 1405 1766 cum
1431 1711 1694 1768 veritatis
1724 1709 1921 1765 studio
1948 1709 2166 1778 diligen

2301 1710 2373 1772 ξει
2429 1713 2874 1784 συμφθέγγεσθαι,
2933 1713 3060 1765 ἀλλά
3119 1734 3175 1785 γε
3242 1715 3535 1786 φιλαλήθως
3593 1718 3756 1770 αὑτοῦ
3821 1726 3911 1772 καὶ

540 1809 742 1874 terque
764 1801 1185 1865 scrutabimur,
1213 1800 1395 1855 nihilo
1417 1802 1464 1854 is
1488 1800 1700 1866 secius,
1726 1800 1846 1854 imo
1871 1799 2169 1854 vehemen-

2300 1798 2551 1870 ἐπιμελῶς
2608 1802 2632 1851 ὁ
2707 1805 2898 1864 σκοπὸς
2955 1800 3372 1875 ἀνερευνῶμενος,
3419 1803 3568 1859 οὐδὲν
3610 1807 3816 1860 ἔλαττον
3868 1811 3910 1862 εἰ

539 1891 672 1958 tius,
707 1906 944 1946 sacram
985 1890 1142 1945 hanc
1186 1888 1680 1944 consuetudinem
1721 1887 2077 1942 confirmare
2119 1904 2168 1942 at

2297 1891 2368 1958 μὴ
2413 1893 2501 1939 καὶ
2549 1889 2738 1960 μᾶλλον
2778 1894 2970 1947 ταύτην
3011 1891 3269 1966 ἐπικροτεῐ
3313 1900 3400 1945 καὶ
3445 1899 3748 1953 συνίστησι.
3807 1905 3907 1950 Καὶ

535 1979 798 2034 stabilire
818 1979 1134 2036 videbitur.
1158 1980 1210 2032 Is
1232 1978 1392 2052 enim
1411 1977 1682 2032 Judaaam
1702 1992 1821 2050 non
1843 1977 2042 2030 minus
2060 1993 2162 2046 pro

2295 1979 2396 2050 γὰρ
2438 1985 2550 2039 ταῖς
2593 1981 3039 2053 θαυματουργίαις
3085 1980 3177 2031 ούκ
3216 1981 3450 2034 ἔλλαττον
3498 1992 3592 2044 τῆς
3634 1985 3908 2049 θεοσεϐοῦς

533 2067 708 2137 digiis
737 2084 922 2139 quam
955 2084 1126 2124 sacra
1168 2066 1441 2122 doctrina
1484 2081 1833 2137 peragrans,
1878 2064 2162 2120 hominen

2297 2061 2647 2127 διδασκαλίας
2692 2072 2785 2124 τὴν
2844 2065 3106 2120 Ἰουδαίαν
3162 2077 3583 2144 περιερχόμενος,
3641 2077 3726 2124 τόν
3780 2078 3906 2148 πρὸς

529 2155 696 2212 illum
713 2156 790 2212 ad
809 2157 1148 2228 Speciosam
1165 2161 1397 2226 portam
1415 2154 1741 2218 sedentem,
1757 2153 1927 2224 cujus
1962 2155 2158 2224 pedun

2390 2156 2559 2229 ὡραία
2600 2156 2734 2227 πύλη
2795 2159 3154 2230 καθεζόμενον,
3215 2155 3272 2210 οὗ
3323 2163 3376 2211 αὶ
3429 2159 3617 2232 βάσεις
3668 2171 3768 2214 τῶν
3808 2182 3898 2214 πο-

530 2243 700 2301 bases
723 2253 900 2318 atque
919 2244 1177 2300 malleoli
1200 2244 1474 2300 dissoluti
1498 2251 1685 2311 erant,
1708 2244 1886 2307 hunc,
1910 2242 2158 2314 inquam

2295 2239 2398 2293 δῶν
2452 2249 2540 2296 καὶ
2585 2248 2648 2296 τα
2690 2248 2861 2320 σφυρὰ
2911 2242 3181 2299 διαλέλυτο
3213 2265 3223 2276 '
3251 2256 3431 2300 τοῦτον
3473 2250 3776 2323 ἁρμολογῶν
3828 2262 3900 2323 τῷ

529 2337 713 2392 verbo
744 2337 1108 2398 instaurans,
1153 2349 1494 2404 sanumque
1533 2331 1882 2388 mirabiliter
1929 2331 2142 2386 sistens

2289 2332 2486 2404 ῥήματι
2519 2339 2603 2384 καὶ
2650 2335 2775 2404 ὑγιᾶ
2801 2331 3112 2407 παραδόξως
3153 2333 3474 2403 ἀναδεικνῦς,
3511 2364 3535 2388 (ι
3573 2339 3654 2390 Ἐν
3690 2349 3759 2410 τῶ
3794 2340 3901 2393 ὀνό-

532 2443 562 2477 ‹
610 2427 672 2479 ln
719 2425 980 2490 nomine,
1021 2422 1230 2494 inquit,
1272 2424 1412 2477 Jesu
1459 2421 1688 2485 Christi,
1733 2435 1909 2490 surge
1949 2427 2005 2475 et
2046 2437 2161 2475 am-

2289 2440 2437 2490 ματι,
2486 2427 2662 2492 φησὶν,
2712 2423 2889 2480 Ἰησοῦ
2940 2431 3175 2496 Χριστοῦ
3213 2428 3375 2496 ἓγειοε
3410 2433 3499 2478 καὶ
3539 2431 3833 2503 περιπάτει.
3872 2451 3900 2481 ››

530 2513 674 2569 bula
714 2515 781 2565 ‘5.
812 2534 839 2562 ››
882 2515 946 2568 Ει
987 2512 1267 2566 dictionis
1307 2510 1554 2582 quidem
1597 2509 1854 2564 formula
1893 2507 2159 2564 ineﬂabil

2292 2507 2425 2560 Ἀλλ’
2468 2512 2493 2561 6
2537 2515 2625 2582 μὲν
2668 2514 2822 2572 τύπος
2864 2521 3032 2584 φωνῆς
3075 2522 3136 2586 τῇ
3180 2517 3304 2589 ὑπὲρ
3345 2516 3495 2586 λόγον
3537 2517 3762 2590 ἐνεργείᾳ
3811 2529 3901 2578 τῆς

532 2601 734 2656 virtute
788 2601 870 2656 sic
909 2600 1018 2655 fuit
1062 2600 1325 2672 prolata:
1368 2600 1494 2670 ipse
1542 2613 1682 2653 vero
1736 2599 2010 2669 princeps
2061 2597 2161 2652 vin

2288 2601 2524 2673 χάριτος,
2590 2601 2724 2652 οὕτω
2782 2605 3141 2676 συμπροήχθη
3175 2622 3185 2632 ·
3221 2604 3373 2665 αὐτὸς
3417 2603 3476 2657 δε
3520 2615 3611 2658 τοῦ
3659 2609 3898 2681 ῥήματος

529 2689 1134 2760 vocabuliexplicans,
1154 2689 1577 2759 notionemque
1590 2686 1820 2742 nomini
1846 2687 2158 2758 subjectan

2288 2692 2380 2744 τὴν
2435 2685 2658 2760 δύναμιν
2708 2688 3074 2754 ἀναπτύσσων,
3128 2698 3217 2743 καὶ
3267 2698 3318 2744 τί
3359 2692 3604 2765 βούλεται
3646 2697 3790 2766 αύτῷ
3839 2702 3898 2749 τό

528 2781 938 2852 interpretans,
980 2778 1249 2850 prodigio
1280 2777 1560 2833 attonitos
1599 2775 1966 2831 admonebat
1995 2792 2157 2846 quen

2287 2779 2446 2848 ὄνομα
2499 2773 2690 2834 δηλοῦν
2758 2779 3125 2852 ἐφερμηνεύων,
3197 2786 3312 2842 τοὺς
3370 2786 3459 2855 μὲν
3539 2784 3897 2843 καταπληττο-

525 2868 631 2940 ipsi
653 2868 952 2940 aspernati
975 2868 1225 2932 fuerant,
1254 2867 1566 2937 crucisque
1589 2864 1875 2935 supplicio
1903 2863 2152 2919 multave

2285 2870 2466 2936 μένους
2516 2875 2587 2936 τῷ
2639 2869 2866 2937 θαύματι
2925 2865 3206 2922 ἐδίδασκεν
3262 2874 3324 2931 ὡς
3372 2871 3721 2936 ἐξουθενηθεὶς
3769 2875 3895 2948 παρ’

523 2964 659 3013 rant
696 2957 853 3012 hunc
891 2957 1088 3027 ipsum
1139 2970 1292 3020 esse,
1345 2954 1517 3024 cujus
1567 2953 1774 3008 virtute
1823 2952 2152 3008 insanabili:

2286 2954 2474 3023 αὐτῶν,
2534 2961 2621 3008 καὶ
2676 2966 2882 3031 σταυρῷ
2931 2964 3020 3010 καὶ
3067 2961 3269 3031 θανάτῳ
3323 2959 3751 3028 καταδικασθεὶς,
3798 2965 3895 3015 αύ-

525 3046 771 3102 morbus
793 3051 1034 3101 curatus
1054 3044 1263 3100 fuerat.
1285 3043 1563 3098 Prasterer
1583 3043 1786 3098 docuit
1806 3058 1867 3096 se
1883 3041 2154 3096 vocabuli

2285 3048 2371 3106 τός
2422 3044 2561 3097 ἐστιν
2618 3047 2678 3098 οὗ
2728 3049 2757 3105 ἠ
2809 3045 3034 3120 δύναμις
3079 3054 3171 3108 τὴν
3225 3049 3429 3102 ἀνίατον
3483 3052 3670 3104 ἰάσατο
3712 3060 3887 3108 νόσον.

522 3153 728 3192 nomen
750 3135 888 3191 fidei
921 3150 1224 3190 summam
1249 3132 1811 3203 confessionemque
1834 3131 2148 3200 designare

2287 3131 2565 3187 Ἐδίδασκε
2611 3132 2668 3187 δὲ
2697 3139 2775 3187 ὅτι
2805 3142 2975 3189 καὶτὸ
3007 3142 3169 3211 ὄνομα
3214 3148 3301 3191 νῦν
3346 3141 3485 3211 αύτῷ
3527 3149 3615 3203 τῆς
3662 3149 3889 3207 πίστεως

523 3226 666 3280 Audi
706 3225 865 3280 enim
914 3240 1049 3295 quae
1089 3223 1247 3278 dicat
1281 3238 1292 3275 :
1330 3242 1354 3272 α
1384 3223 1536 3276 Deus
1579 3221 1879 3276 Abraham
1922 3226 1979 3274 et
2018 3220 2152 3273 Deu:

2281 3227 2373 3280 τὴν
2423 3225 2871 3296 συγκεφαλαίωσιν
2925 3231 3014 3278 καὶ
3060 3233 3152 3285 τὴν
3203 3228 3480 3302 ὁμολογίαν
3533 3229 3883 3302 ἀπαγγέλλειο

522 3315 686 3368 lsaac
717 3312 1068 3381 glorificavit
1087 3311 1300 3365 Filium
1321 3327 1495 3364 suum
1523 3311 1726 3365 Jesum
1752 3308 1816 3343 ⁴⁸⁹
1845 3329 1872 3357 η
1898 3311 2080 3379 Atque
2111 3324 2146 3362 ιι

2277 3310 2413 3384 Ὀρα
2436 3315 2535 3386 γὰρ
2570 3312 2651 3364 οἷά
2685 3334 2859 3385 φησιν·
2893 3339 2919 3365 ι(
2943 3315 3000 3367 Ὀ
3019 3325 3147 3379 Θεος
3177 3317 3413 3393 Ἀϐραὰμ
3438 3324 3527 3372 καὶ
3561 3321 3743 3372 Ἰσαὰκ
3773 3319 3888 3374 ἐδο-

521 3402 715 3470 magis
755 3401 939 3456 animi
981 3400 1336 3456 sententiam
1384 3399 1664 3460 declaret,
1707 3397 1918 3452 addit:
1958 3419 1985 3446 ι(
2021 3399 2084 3451 Et
2109 3397 2150 3451 ir

2279 3400 2403 3462 ξασε
2431 3406 2515 3452 τόν
2544 3399 2712 3454 παῖδα
2743 3403 2905 3457 αύτοῦ
2937 3405 3140 3462 Ἰησοῦν
3176 3425 3188 3438 ο
3228 3429 3250 3456 ι)
3289 3413 3389 3460 Καὶ
3421 3405 3788 3484 ἐπιδηλότερον
3829 3417 3883 3464 τὸ

519 3489 630 3544 ﬁde
657 3490 916 3545 nominis
945 3490 1072 3560 ejus
1094 3489 1255 3542 hunc
1272 3503 1453 3558 quem
1481 3486 1691 3541 videtis
1721 3491 1777 3540 et
1797 3485 1980 3557 probe
2007 3485 2148 3539 sciti:

2279 3487 2525 3561 βούλημα
2581 3501 2758 3557 ποιῶν,
2820 3490 3044 3564 ἐπάγει·
3079 3517 3106 3545 ‹‹
3164 3499 3253 3547 καὶ
3309 3495 3390 3549 ἐπὶ
3448 3504 3509 3569 τῇ
3566 3503 3742 3550 πίστει
3791 3509 3884 3552 τοῦ

517 3577 896 3648 confirmavit
935 3593 1152 3632 nomen
1196 3575 1325 3646 ejus
1355 3576 1423 3626 ⁴⁷.
1460 3598 1486 3623 ››
1519 3574 1669 3628 Audi
1713 3575 1946 3629 adhuc:
1980 3597 2006 3624 «
2045 3578 2146 3629 ιω(

2276 3577 2518 3650 ὀνόματος
2556 3581 2735 3646 αὑτοῦ,
2789 3589 2968 3634 τοῦτον
3015 3582 3068 3634 ὃν
3106 3585 3338 3656 θεωρεῖτε
3380 3591 3468 3637 καὶ
3513 3583 3694 3640 οἴδατε
3743 3587 3883 3641 ἐστε-

516 3668 684 3735 ﬁdes,
717 3682 845 3738 quae
874 3683 978 3738 per
1017 3682 1152 3720 eum
1194 3669 1300 3729 est,
1343 3664 1634 3734 integram
1674 3663 1811 3718 huic
1851 3665 2145 3719 sanitatem

2272 3672 2429 3740 ρέωσε
2481 3674 2538 3720 τό
2595 3674 2751 3742 ὄνομα
2802 3670 2982 3727 αύτοῦ.
3026 3692 3054 3723 ι)
3099 3677 3338 3746 Πρόσχες
3367 3691 3378 3703 ·
3429 3697 3450 3724 ι
3494 3673 3660 3727 Ἀλλὰ
3706 3683 3798 3729 καὶ
3847 3680 3877 3736 ἡ

522 3757 724 3812 tribuit
754 3757 822 3810 ⁴⁸.
877 3778 896 3804 ι
934 3753 1279 3811 Miraculum
1311 3752 1526 3807 scilicet
1566 3757 1926 3823 patraturus,
1958 3767 1995 3806 a
2022 3753 2151 3808 Jesu

2271 3761 2449 3818 πίστις
2493 3759 2520 3815 η
2557 3753 2629 3809 δι’
2662 3757 2838 3831 αὐτοῦ,
2878 3756 3066 3812 ἔδωκεν
3098 3761 3237 3832 αύτῷ
3269 3766 3361 3820 τὴν
3393 3762 3700 3838 ὁλοκληρίαν
3742 3769 3874 3816 ταύ-

514 3845 724 3902 Christi
765 3845 1008 3900 nomine
1048 3858 1294 3898 causam
1351 3842 1481 3912 ejus
1537 3840 1850 3896 medicinas
1915 3842 2119 3911 repetit

2269 3865 2442 3902 την.»
2486 3846 2808 3919 Ἀρχόμενος
2860 3857 2950 3900 τοῦ
3003 3851 3266 3922 θαύματος
3321 3855 3377 3903 τό
3428 3855 3588 3924 ὄνομα
3624 3861 3718 3906 τοῦ
3769 3855 3873 3913 Ἰη-

511 3934 725 3991 deinde
742 3949 958 3990 nomen
975 3932 1051 3988 ad
1074 3931 1254 3986 fidem
1273 3930 1565 3994 transfert,
1580 3929 1744 4002 quod
1759 3929 2140 3999 estreligioni:

2272 3943 2364 3985 σοῦ
2398 3942 2631 4006 Χριστοῦ
2662 3935 2964 4010 αὐτουργεῖν
3010 3943 3102 3996 τὴν
3149 3942 3290 3991 ἴασιν
3335 3939 3678 4014 ἀνακηρύττει
3712 3960 3724 3971 °
3763 3941 3875 3996 εἶτα

509 4030 884 4095 mysterium.
921 4025 1068 4077 Tum
1107 4037 1314 4076 rursus
1345 4035 1565 4075 nomen
1596 4019 1738 4074 dicit
1776 4034 1883 4091 pro
1929 4019 2043 4074 fide
2096 4021 2138 4074 ir

2265 4023 2644 4095 μεταλαμϐάνει
2690 4028 2747 4076 τὸ
2801 4029 2961 4099 ὄνομα
3006 4030 3130 4100 πρὸς
3176 4033 3270 4086 τὴν
3324 4035 3525 4094 πίστιν,
3577 4032 3698 4103 ὅπερ
3759 4031 3872 4084 ἐστὶ

503 4112 728 4177 Jesum,
761 4111 936 4183 quasi
968 4114 1206 4173 metuat,
1252 4124 1325 4163 ne
1357 4107 1503 4163 forte
1532 4108 1832 4163 auditores
1864 4106 2028 4162 obliti
2070 4124 2131 4163 es

2265 4115 2321 4162 τό
2361 4118 2649 4185 μυστήριον
2697 4121 2792 4176 τῆς
2837 4115 3117 4178 εὐσεϐείας.
3170 4119 3314 4170 Μετά
3360 4126 3510 4171 τοῦτο
3560 4120 3714 4171 πάλιν
3764 4125 3873 4173 ὅνο·

503 4206 634 4257 sent
662 4216 885 4256 nomen
908 4201 986 4255 ab
1014 4216 1077 4254 se
1100 4198 1234 4253 fidei
1261 4198 1393 4253 loco
1421 4197 1609 4252 fuisse
1633 4201 2004 4267 usurpatum.
2026 4199 2132 4254 Μοι

2262 4220 2335 4271 μα
2364 4205 2456 4258 την
2505 4202 2575 4263 εἰς
2611 4202 2765 4254 αὐτόν
2797 4203 2942 4255 καλεί
2987 4209 3189 4273 πίστιν,
3227 4208 3399 4281 ὥσπερ
3442 4204 3635 4271 δεδιὼς
3674 4214 3747 4281 μὴ
3780 4209 3871 4270 λη-

501 4291 694 4362 pergit
719 4291 909 4346 dicere
937 4305 948 4344 :
976 4309 1003 4340 «
1039 4290 1100 4343 Et
1139 4287 1288 4342 fides
1334 4302 1436 4358 per
1474 4287 1673 4358 ipsum
1715 4287 1782 4350 ‘9,
1819 4307 1845 4334 n
1878 4285 1936 4339 id
1965 4291 2050 4340 est
2079 4284 2130 4341 al

2264 4291 2355 4346 θην
2408 4289 2636 4342 λάϐωσιν
2685 4294 2732 4343 οἱ
2796 4290 3050 4364 ἀκροαταὶ
3106 4296 3186 4346 ὅτι
3239 4298 3296 4346 τό
3346 4299 3508 4368 ὄνομα
3564 4298 3704 4368 αύτῷ
3755 4297 3867 4352 ἀντὶ

499 4397 569 4436 eo
592 4379 929 4454 praedicata.
955 4377 1160 4434 Viden‘
1192 4382 1250 4432 ut
1273 4392 1493 4431 nomen
1519 4391 1680 4430 nunc
1702 4374 1882 4430 ﬁdem
1911 4375 1968 4429 in
1992 4375 2125 4430 Chri

2259 4387 2353 4440 τῆς
2403 4385 2628 4442 πίστεως
2677 4384 3002 4456 παρελήφθη.
3055 4379 3184 4435 Εἶτα
3222 4382 3400 4455 ἐπάγει
3433 4401 3445 4415 ⁸
3493 4405 3522 4437 ι(
3558 4391 3660 4439 Καὶ
3704 4388 3734 4445 ἡ
3784 4395 3869 4440 πί-

499 4445 657 4525 εῑιιίιι
688 4446 973 4539 signiﬁcet
998 4467 1026 4521 ἳ
1048 4466 1195 4522 fides
1217 4473 1438 4532 autem,
1458 4464 1845 4537 praedicatam
1869 4463 1946 4519 ab
1968 4482 2035 4520 co
2059 4481 2128 4520 re-

2261 4486 2366 4528 στις
2406 4471 2434 4526 ἡ
2471 4465 2542 4519 δι’
2576 4469 2756 4537 αὐτοῦ,
2793 4492 2816 4521 ιι
2861 4475 3127 4524 τουτέστιν
3159 4474 3187 4531 ἡ
3230 4476 3571 4547 κηρυχθείσα
3606 4477 3732 4550 παρ’
3774 4479 3864 4528 αῦ-

495 4558 768 4628 ligionem
794 4557 980 4630 ?quae
1025 4556 1269 4628 quidem
1316 4553 1658 4626 prmdicatio
1698 4554 1873 4608 bases
1917 4552 2124 4609 claudit

2255 4564 2364 4608 τοῦ.
2413 4556 2569 4629 Ὀρᾷς
2618 4559 2756 4620 ὅπως
2797 4562 2854 4611 τὸ
2899 4562 2989 4632 μὲν
3044 4564 3203 4633 ὄνομα
3249 4566 3342 4621 τὴν
3395 4567 3571 4616 πίστιν
3625 4573 3713 4616 νῦν
3775 4572 3865 4624 τὴν

493 4648 679 4704 cantis
719 4646 951 4702 solidat.
995 4646 1188 4713 Quare
1237 4643 1465 4699 etiamsi
1517 4643 1676 4698 aliud
1738 4643 2122 4698 testimonium

2255 4644 2326 4707 εἰς
2382 4646 2534 4697 αὐτὸν
2601 4647 2909 4718 ἀπαγγέλλει
2943 4667 2957 4717 ;
2992 4651 3021 4707 ἠ
3085 4646 3143 4703 δι
3189 4656 3370 4713 πίστις
3421 4656 3512 4711 τὴν
3561 4653 3648 4706 ὑπ’
3697 4655 3863 4708 αὐτοῦ

495 4742 750 4792 exstaret
776 4735 1026 4800 nullum,
1053 4733 1145 4788 vel
1166 4733 1281 4788 hoc
1307 4749 1343 4788 a
1368 4732 1633 4804 principe
1661 4731 1958 4803 prolatum
1982 4732 2117 4786 sufti

2252 4737 2612 4808 κηρυχθεῖσαν
2666 4737 2989 4793 θεοσέϐειανζ
3027 4741 3084 4790 1'6
3127 4734 3186 4790 δὲ
3239 4745 3489 4814 κήρυγμα
3534 4750 3625 4793 τοῦ
3677 4744 3862 4814 χωλοῦ

493 4831 668 4888 ceret,
701 4825 898 4896 palam
943 4827 1005 4877 ut
1043 4823 1206 4877 ﬁeret
1249 4822 1534 4893 quidnam
1577 4836 1760 4875 sacras
1799 4819 2026 4874 Litterae
2059 4820 2115 4874 in

2252 4825 2341 4883 τὰς
2402 4821 2582 4894 βάσεις
2625 4833 2858 4894 στερεοί;
2890 4824 3050 4879 Ὠστε
3098 4826 3140 4879 εἰ
3181 4833 3252 4900 μή
3294 4848 3368 4889 τις
3411 4829 3538 4888 ἄλλη
3583 4839 3684 4882 τῶν
3725 4853 3861 4908 μαρ-

492 4920 702 4979 nuant,
726 4929 862 4968 cum
889 4911 1058 4966 aiunt
1078 4911 1404 4982 proselytos
1426 4911 1484 4964 in
1507 4909 1646 4964 Jesu
1669 4908 1879 4965 Christi
1897 4909 2121 4965 nomini

2251 4921 2436 4986 τυριῶν
2487 4921 2706 4984 προσῆν,
2767 4917 2981 4989 ἤρκεσεν
3032 4914 3090 4967 ἂν
3146 4919 3175 4975 ἡ
3228 4925 3318 4970 τοῦ
3381 4924 3667 4994 κορυφαίου
3720 4928 3854 4995 μόνη

489 5002 742 5075 aliisque
780 4999 1131 5072 hujnsmodi
1185 4999 1447 5054 formulis
1494 4998 1797 5070 baptizari.
1850 4998 1941 5053 Sic
1995 5013 2118 5067 ergc

2247 5003 2663 5074 προκομιζομένη
2713 5002 2957 5076 λαμπρῶς
3005 5014 3342 5081 παραστῆναι
3391 5013 3444 5060 τί
3494 5014 3740 5082 σημαίνει
3790 5015 3857 5066 τὰ

485 5093 694 5148 Petrus
718 5091 916 5147 aiebat
937 5107 1074 5147 cum
1097 5090 1362 5144 divinam
1387 5090 1718 5144 efficaciam
1745 5093 2098 5144 monstraret

2246 5092 2356 5164 ἱερὰ
2405 5095 2575 5162 Λόγια
2622 5090 2669 5143 ἐι
2718 5100 2790 5163 τῷ
2829 5092 2989 5166 λέγειν
3032 5093 3390 5167 βαπτίζεσθαι
3432 5101 3552 5160 τοὺς
3601 5107 3853 5175 προσιόν-

483 5182 735 5238 dilectus
751 5187 949 5236 autem
967 5180 1117 5234 inter
1132 5178 1458 5250 discipulos
1475 5178 1558 5234 sic
1577 5179 1718 5234 item
1736 5177 2094 5234 decernebat

2240 5198 2333 5240 τας
2383 5178 2430 5231 ἐν
2475 5188 2546 5251 τῷ
2595 5181 2811 5254 ὀνόματι
2867 5183 3044 5241 Ἰησοῦ
3101 5192 3353 5260 Χριστοῦ,
3397 5191 3486 5238 καὶ
3539 5188 3607 5239 τὰ
3667 5190 3849 5262 ὃμοια,

483 5273 674 5328 Lucas
702 5268 1149 5334 subscribebat;
1175 5267 1390 5324 Paulus
1417 5267 1668 5324 docebat
1695 5267 1946 5340 ;quibus
1963 5267 2112 5339 parii

2237 5275 2414 5321 Ταῦτα
2467 5272 2556 5342 μεν
2607 5274 2796 5345 Πέτρος
2840 5276 2933 5330 τὴν
2980 5273 3575 5349 θεουργίανῐέμφανίζων
3629 5277 3798 5352 ἔλεγεν
3833 5299 3844 5310 ·

477 5361 844 5433 reliquorum
868 5357 1283 5430 apostolorum
1300 5362 1485 5414 cretus
1507 5355 1870 5429 praedicabat.
1897 5372 2106 5430 ;nequi

2235 5359 2260 5410 6
2311 5355 2368 5411 δὲ
2412 5367 2508 5411 τῶν
2557 5361 2804 5433 μαθητῶν
2850 5361 3183 5436 ἠγαπημένος
3215 5361 3654 5440 συνεδογμοίτιζε,
3705 5375 3850 5423 Λου-

552 5540 597 5574 “
633 5541 650 5596 l
683 5542 812 5602 Cor,
846 5554 960 5592 xiv.
997 5543 1042 5591 t.
1122 5536 1169 5570 ⁴⁵
1199 5539 1324 5591 Act.
1356 5551 1438 5599 ιιι,
1469 5537 1502 5588 2
1533 5551 1699 5608 seqq.
1779 5537 1826 5624 ξδ
1860 5534 2005 5593 ibid.
2043 5538 2123 5592 t3.

1533 5551 1699 5608 seqq.
1779 5537 1826 5624 ξδ
1860 5534 2123 5627 ibid._t3.
2204 5537 2246 5571 ‘7
2282 5535 2426 5631 ibid.
2463 5536 2548 5592 16.
2625 5539 2673 5574 ⁴³
2705 5538 2850 5596 ibid.
2930 5541 2977 5577 "
3008 5541 3154 5600 ibid.
