4126 6190
143 299 249 356 325
1139 301 1235 355 AD
1273 300 1830 358 AMPHILOCHIUM‘
1873 301 2205 368 QUAESTIO
2246 303 2435 358 XLIII.
3413 311 3521 364 326

140 432 239 485 κάς
300 428 611 498 συνέγραφε,
662 423 864 487 Παῦλος
917 422 1196 480 ἐδίδασκεν
1230 447 1242 460 ·
1297 428 1370 488 οἷς
1393 432 1482 479 καὶ
1527 436 1626 479 τῶν
1651 427 1757 479 λοι-

1896 428 2028 484 =nim
2060 429 2348 500 suspicari
2380 429 2532 495 licet,
2577 429 2895 486 mortiferis
2923 431 3087 503 ipsos
3115 432 3292 488 noxis
3323 449 3383 488 se
3420 434 3525 488 ob-

140 522 253 566 πών
314 513 622 567 ἀποστόλων
668 516 693 566 ό
735 519 897 590 χορός
953 516 1034 582 (ού
1087 519 1189 588 γάρ
1244 519 1304 574 ἧν
1345 513 1592 588 ούδαμώς
1641 514 1755 569 οὐδ’

1894 517 2148 586 .tringere
2183 517 2404 574 solitos.
2440 520 2680 573 Constat
2720 519 2896 588 igitur
2926 519 3136 575 Christi
3171 537 3390 577 nomen
3419 537 3523 594 pro

144 604 233 656 ἐπὶ
287 612 410 656 νοῦν
462 603 634 656 λαϐεῖν
701 604 886 666 αὐτούς
935 611 1054 679 περὶ
1129 611 1193 658 τὰ
1255 612 1436 681 καίρια
1489 607 1757 679 φέρεσθαι)

1898 607 1984 662 ide
2016 607 2076 662 in
2104 608 2397 662 Christum
2429 607 2546 662 dici
2577 607 2764 664 :ﬁdes
2780 625 2919 665 vero
2950 609 3010 664 in
3044 610 3335 666 Christum
3383 611 3527 666 nihil

147 698 613 767 συνανεκηρυττεν.
667 694 848 756 Οῦτως
901 699 1060 766 ὄνομα
1115 703 1350 769 Χριστοῦ
1402 698 1431 753 ἡ
1493 701 1668 756 πίστις
1726 697 1755 753 ἡ

1900 702 1957 751 st
2000 696 2110 750 nisi
2161 697 2373 751 tradita
2417 697 2848 768 spectatoribus
2898 698 3059 754 verbi
3112 703 3292 771 atque
3333 700 3529 756 admi-

148 782 222 842 εἰς
277 787 512 854 Χριστόν
567 801 579 812 °
631 787 807 843 πίστις
857 781 917 836 δὲ
965 784 1036 846 εἰς
1091 789 1322 856 Χριστόν
1376 787 1406 842 ἡ
1465 781 1539 836 δι’
1602 784 1760 836 αὐτοῦ

1896 786 2072 840 iistris
2103 801 2271 840 sacra
2302 786 2571 842 doctrina
2602 793 2658 842 et
2688 787 3115 844 incarnationis
3153 790 3525 860 mysterium.

151 867 564 944 παραδεδομένη
623 880 728 932 τοῖς
796 872 1082 934 αύτόπταις
1157 881 1248 926 τοῦ
1323 874 1478 944 λόγου
1526 879 1616 924 καὶ
1696 875 1979 944 ὑπηρέταις
2058 873 2311 945 Θεολογία,
2380 880 2469 926 καὶ
2544 885 2635 936 τῆς
2711 877 3007 948 οἰκονομίας
3079 882 3135 930 τό
3209 883 3520 950 μυστήριον.

227 968 314 1030 ιζ’.
347 974 412 1022 Σῦ
437 967 496 1022 δε
536 975 685 1030 εἴτις
728 973 853 1043 ἔρως
884 971 1070 1028 ἐπῆλθε
1117 975 1247 1045 πρός
1290 976 1384 1030 τὴν
1428 971 1589 1030 αὐτὴν
1639 973 1765 1022 ύπό-

1950 978 2031 1027 17.
2059 973 2193 1028 Jam
2222 989 2361 1028 vero
2392 974 2437 1028 si
2469 989 2586 1044 qua
2615 980 2668 1029 te
2699 975 2996 1045 cupiditas
3026 980 3185 1032 tenet
3215 977 3275 1031 in
3321 977 3532 1032 eodem

153 1060 302 1110 θεσιν
384 1059 618 1134 εὐπορεῖν
687 1059 930 1112 πλειόνων
1000 1059 1446 1134 ἐπιχειρημάτων,
1495 1059 1765 1112 κάντεῦθεν

1904 1061 2174 1132 ιτοροείῐο
2200 1063 2566 1130 argumentis
2589 1062 2852 1132 pluribus
2874 1064 3250 1130 abundandi,
3271 1064 3367 1120 hic
3385 1082 3533 1135 quo-

151 1156 248 1209 τῆς
303 1150 596 1220 προθέσεως
654 1149 751 1200 οῦκ
800 1147 1074 1221 ἀποτεύξῃ.
1132 1157 1339 1222 Πρῶτον
1398 1154 1488 1221 μεν
1517 1155 1618 1223 γαρ
1672 1157 1768 1208 τῆς

1905 1166 1993 1220 [ue
2021 1167 2273 1222 scopum
2303 1155 2468 1206 tuum
2500 1154 2859 1224 assequeris.
2889 1157 3037 1209 Nam
3068 1153 3266 1226 primo
3298 1155 3534 1210 dubita-

157 1237 246 1289 ἀπ⁶
283 1238 462 1311 ἀρχῆς
506 1237 729 1311 ἀπορίας
760 1237 1080 1311 εύλογωτέρα
1125 1238 1276 1300 λύσις
1318 1239 1412 1290 ούκ
1455 1238 1516 1289 ἂν
1561 1243 1636 1295 εἵη
1687 1257 1767 1297 τις

1908 1239 2052 1293 ionis
2081 1240 2228 1308 ejus,
2249 1255 2431 1311 quam
2456 1240 2622 1296 initio
2645 1241 3008 1312 scripsimus,
3033 1243 3191 1298 nulla
3207 1248 3297 1298 est
3318 1248 3537 1312 praeter

155 1327 305 1397 ἑτέρα
355 1331 500 1401 παρὰ
549 1332 641 1384 τήν
701 1327 974 1401 εἰρημένην
1029 1335 1220 1400 σαφῶς,
1274 1326 1635 1399 ἐμφανίζουσα
1679 1332 1768 1383 τὴν

1907 1328 2222 1384 »τωάἰοῐιιω
2290 1329 2651 1400 probabilior
2718 1331 2956 1395 solutio,
3029 1348 3156 1403 qua:
3224 1332 3536 1388 manifeste

154 1424 249 1468 τοῦ
331 1419 634 1487 ζητήματος
697 1425 911 1486 γνῶσιν.
967 1419 1206 1490 Δεύτερον
1261 1414 1318 1469 δε
1367 1422 1454 1468 καὶ
1515 1421 1578 1474 ἧν
1643 1434 1770 1475 τινες

1905 1418 2224 1487 ιυωειὶοηὶε
2266 1418 2744 1488 explanationem
2788 1421 2978 1476 tradit.
3024 1421 3242 1477 Deinde
3283 1437 3417 1492 quas
3457 1421 3534 1476 ab

156 1503 448 1562 ἐπενόησαν
487 1504 656 1570 λύσιν,
701 1510 760 1558 τό
793 1504 1160 1577 ἀνεπιτίμητον
1209 1505 1302 1558 οὐκ
1347 1509 1474 1577 ἔσχε
1507 1525 1519 1536 ·
1552 1509 1642 1556 καὶ
1668 1507 1768 1576 γὰρ

1904 1505 2008 1561 ιιίίε
2053 1507 2384 1578 excogitata
2426 1507 2532 1562 fuit
2570 1508 2803 1575 solutio,
2845 1525 2965 1565 non
3021 1517 3179 1566 caret
3221 1511 3533 1579 reprehen-

159 1589 268 1649 ἤδη
301 1596 395 1665 μὲν
421 1593 516 1645 οῦκ
546 1593 721 1665 ὀλίγας
747 1590 910 1646 ἔδωκε
937 1594 1095 1655 λαϐάς
1129 1613 1141 1624 ⁸
1182 1591 1303 1652 δοίη
1349 1592 1398 1646 δ’
1425 1596 1486 1646 ἄν
1530 1614 1613 1646 σοι
1646 1592 1770 1665 βουο

1913 1597 2060 1662 ione,
2085 1611 2275 1668 eaque
2303 1612 2421 1652 non
2450 1613 2674 1667 paucas
2703 1614 2912 1670 reapse
2944 1599 3320 1672 vituperandi
3355 1615 3535 1656 ansas

159 1681 358 1753 λομένῳ
413 1689 503 1735 καὶ
541 1683 768 1744 πλείους.
827 1684 885 1737 Εἰ
937 1687 1038 1756 γάρ
1095 1689 1422 1759 προσίστατο
1483 1692 1589 1744 τοῖς
1657 1682 1771 1734 κατ’

1906 1684 2044 1740 Iedit
2068 1701 2081 1746 ;
2105 1692 2158 1740 et
2187 1685 2432 1756 quidem
2454 1686 2561 1741 tibi
2587 1687 2806 1743 volenti
2829 1687 3029 1758 plures
3052 1688 3360 1759 praebebit.
3387 1691 3535 1744 Nam

165 1771 339 1844 ἀρχὰς
389 1782 676 1847 προσιοῦσι
722 1779 812 1826 καὶ
869 1780 1021 1846 μόνον
1083 1779 1455 1848 προφερόμενον
1507 1777 1562 1826 τό
1617 1777 1776 1844 ὄνομα

1913 1774 1928 1828 i
1960 1773 2300 1830 offendebat
2331 1775 2552 1846 primos
2588 1775 2717 1831 illos
2749 1777 3078 1850 proselytos
3104 1778 3197 1834 vel
3233 1793 3334 1834 ore
3366 1782 3537 1833 tenus

164 1869 257 1913 τοῦ
317 1869 577 1936 Χριστοῦ,
605 1871 712 1924 πῶς
762 1859 822 1920 ἦν
857 1871 952 1914 τῶν
987 1882 1392 1934 κατεπειγόντων
1425 1861 1775 1935 βαπτίζοντας

1909 1863 2184 1918 ποιεῐυω
2202 1864 2410 1920 Christi
2432 1879 2673 1931 nomen,
2702 1881 2806 1920 cur
2821 1867 2946 1936 jam
2973 1882 3214 1922 necesse
3239 1872 3363 1923 erat
3389 1868 3538 1922 inter

167 1950 298 2002 αὐτὸ
325 1951 707 2024 προκομίζειν;
755 1948 897 2004 Ούδε
946 1955 1045 2024 γάρ
1097 1953 1386 2025 θεραπείαν“
1411 1954 1526 2003 τινὰ
1554 1959 1646 2003 τοῦ
1695 1953 1776 2002 θο-

1906 1953 2311 2023 )aplizandum
2359 1953 2417 2008 id
2465 1952 2796 2022 oggerere?
2843 1956 3005 2011 Certe
3044 1955 3192 2010 illud
3236 1955 3535 2011 medelam

167 2037 452 2111 ρνϐοῦντος
482 2048 734 2112 παρεῖχεν
765 2040 825 2091 ἂν
853 2045 910 2092 τό
950 2041 1286 2114 παραλυποῦν
1330 2046 1716 2114 προτεινόμενον
1760 2056 1772 2068 ·

1909 2039 2339 2096 ›θτῐυι·1)ειῐὶθοὶε
2384 2041 2612 2096 nullam
2652 2042 2901 2106 fecisset,
2931 2044 3098 2114 quod
3129 2059 3251 2098 non
3295 2042 3421 2097 sine
3453 2044 3538 2098 in-

169 2128 278 2178 aur
331 2131 418 2180 ἐπὶ
482 2129 632 2181 πλέον
704 2129 1041 2203 ἐξετράχυνεν
1101 2129 1162 2180 ἂν
1217 2135 1308 2181 καὶ
1384 2129 1775 2201 ἀνεφλέγμαινεν

1906 2135 2052 2198 grato
2091 2144 2268 2184 sensu
2302 2128 2568 2184 exhiberi
2610 2135 2871 2201 poterat:
2919 2131 3067 2202 quin
3103 2130 3256 2187 adeo
3307 2136 3535 2186 mentes

167 2217 296 2268 αὐτὸ
347 2221 447 2274 τὴν
495 2224 727 2289 γνώμην.
779 2224 1060 2290 Σιγὼμενον
1113 2221 1212 2292 γὰρ
1277 2217 1466 2290 μᾶλλον
1523 2221 1581 2269 τό
1632 2220 1776 2269 ἀνια-

1907 2218 2250 2274 :fl‘eravisset
2290 2218 2489 2289 potius
2520 2224 2697 2291 atque
2737 2219 3120 2275 incendisset.
3152 2226 3302 2276 Nam
3333 2219 3380 2274 si
3414 2235 3536 2276 mo-

164 2309 273 2379 ρον,
328 2306 359 2363 ἦ
425 2308 787 2379 φθεγγόμενον,
845 2311 961 2368 τούς
1001 2305 1445 2382 δυσχεραίνοντας
1485 2307 1608 2359 αὐτὸ
1659 2303 1774 2358 δια-

1906 2314 2027 2364 esta
2057 2323 2150 2362 res
2181 2313 2288 2371 est,
2319 2305 2547 2362 silendo
2571 2309 2764 2377 magis
2788 2323 2974 2381 quam
3004 2308 3406 2380 praedicando,
3436 2324 3535 2364 eos

163 2396 406 2465 πραύνειο
463 2401 564 2448 Καὶ
630 2399 691 2447 τὸ
753 2399 828 2448 ἔτι
893 2396 1084 2468 μᾶλλον
1137 2395 1417 2468 ἀναφλέγον
1483 2396 1548 2455 εἰς
1592 2397 1771 2467 όργην,

1908 2396 1984 2468 [ui
2015 2395 2339 2451 abhorrent
2376 2395 2644 2466 mitigare
2674 2396 2953 2452 solemus.
2991 2399 3138 2452 Tum
3169 2397 3256 2451 ira
3295 2395 3537 2466 gravius

167 2491 444 2542 σιωπῆσαι
482 2488 572 2557 μὲν
611 2491 700 2537 καὶ
733 2482 998 2552 ὑπεριδεῖν
1048 2484 1082 2537 ἆ
1123 2493 1232 2546 τοῖς
1279 2485 1481 2544 πολλοῖς
1510 2494 1609 2536 τῶν
1641 2485 1776 2537 Ἰου-

1906 2488 2187 2540 :ommota
2232 2483 2461 2548 fuisset,
2507 2485 2554 2539 si
2603 2484 2641 2540 ii
2683 2484 2914 2540 silentio
2963 2485 3150 2556 pressi
3188 2484 3444 2540 fuissent
3470 2501 3535 2539 ac

163 2571 329 2626 δαίων
383 2574 710 2649 ἑγνωρίζετο,
769 2580 972 2645 Πατέρα
1025 2575 1158 2645 λέγω
1212 2579 1301 2626 καὶ
1365 2582 1594 2645 Πνεῦμα,
1654 2573 1776 2626 ἀντ-

1909 2572 2148 2643 ιθειθοιὶ,
2183 2573 2286 2644 qui
2329 2573 2530 2628 multis
2563 2573 2781 2628 Judmis
2810 2575 3099 2646 comperti
3139 2582 3329 2642 erant,
3373 2576 3538 2628 Pater

161 2665 458 2734 επεισάγειν
505 2660 564 2715 δε
603 2669 697 2721 τὴν
728 2663 916 2723 κλῆσιν
955 2670 1047 2716 τοῦ
1077 2667 1219 2727 Υἱοῦ,
1265 2665 1343 2723 οἷς
1373 2659 1495 2715 οὐδὲ
1534 2667 1628 2720 τὴν
1674 2684 1774 2734 φω-

1904 2663 2162 2718 timirum
2190 2667 2242 2716 et
2263 2662 2542 2732 Spiritus;
2575 2661 2822 2718 obtrusa
2851 2669 3050 2718 autem
3074 2662 3195 2718 Filii
3218 2662 3533 2726 invocatio,

163 2757 254 2809 νὴν
283 2752 484 2803 (ﬂuxos
539 2748 600 2810 ἦν
646 2760 759 2812 ταῖς
803 2752 978 2812 ἀκοαῖς
1035 2749 1439 2826 παραδέχεσθαι
1466 2752 1581 2821 (45)
1623 2769 1634 2780 '
1683 2756 1772 2802 καὶ

1905 2751 2050 2821 :ujus
2069 2767 2142 2806 ne
2169 2766 2388 2806 nomen
2407 2750 2652 2822 quidem
2671 2751 2798 2806 sine
2820 2751 3091 2806 molestia
3111 2751 3321 2807 auditu
3347 2751 3534 2822 excipi

163 2844 264 2913 γὰρ
295 2840 490 2913 μᾶλλον
539 2840 600 2892 ἂν
639 2846 1012 2914 προαγόμενον,
1067 2843 1200 2893 οῦτω
1250 2845 1595 2914 προσίστατο.
1630 2844 1772 2892 Μετὰ

1906 2845 2146 2896 ›οῑειέι;
2201 2839 2368 2912 quod
2423 2855 2568 2895 sane
2620 2841 2703 2895 ita
2755 2840 3053 2911 prolatum
3125 2839 3535 2895 vehementius

166 2935 256 3000 μὲν
301 2933 407 3004 γὰρ
475 2939 578 2981 τῶν
629 2935 930 3002 τιμωμένων
985 2933 1413 3002 συνταττομένου,
1468 2933 1594 3003 πρὸς
1650 2929 1767 2980 ἐκαι

1903 2929 2244 2984 iﬂ‘endebat.
2283 2931 2499 2984 Contra
2526 2928 2572 2981 si
2600 2943 2820 2984 nomen
2848 2929 2961 2983 hoc
2989 2943 3126 2982 cum
3153 2927 3283 2982 aliis
3316 2929 3445 2997 jam
3474 2927 3532 2982 in

166 3023 315 3090 τίραν
355 3026 544 3091 μοῖραν
600 3025 694 3077 τόν
749 3038 804 3070 τε
855 3019 1263 3092 παραλυποῦσαν
1312 3023 1401 3070 καὶ
1440 3023 1533 3075 τὴν
1566 3018 1768 3088 εὐφραί-

1906 3033 2105 3072 ιοηοτθ
2136 3017 2353 3072 habitis
2380 3017 2803 3084 collocabatur,
2825 3016 3094 3072 bifariam
3121 3017 3357 3072 auditor
3382 3015 3535 3070 sciu-

165 3125 356 3159 νουσαν
401 3109 428 3159 ό
483 3106 746 3178 ἀκροατὴς
793 3107 1054 3180 ἰμερίξετο
1085 3125 1095 3136 ·
1131 3112 1221 3160 καὶ
1269 3111 1398 3180 πρὸς
1442 3111 1564 3178 μίαν
1601 3126 1771 3158 καινο-

1900 3105 2146 3170 lebatur,
2195 3107 2410 3176 partim
2459 3105 2678 3160 scilicet
2719 3121 2877 3175 aegre
2915 3105 3132 3168 ferens,
3179 3105 3395 3176 partim
3436 3119 3529 3173 ge-

162 3202 344 3269 τομίαν
412 3206 507 3258 τῆς
565 3199 874 3269 προσθήκης
901 3209 926 3240 0
963 3195 1301 3270 ἐταράσσετο.
1352 3203 1461 3248 Τῶν
1520 3193 1579 3248 δε
1643 3215 1770 3266 γνω-

1902 3196 2092 3250 ιίὶθιιεε
2123 3193 2250 3248 sola
2280 3200 2478 3249 autem
2510 3195 2899 3249 additamenti
2926 3194 3184 3249 novitate
3215 3193 3531 3248 conturba-

161 3291 327 3359 ρίμων
379 3292 470 3338 καὶ
528 3289 829 3358 τιμωμένων
883 3294 1006 3358 σιγῇ
1067 3290 1564 3358 παραπεμπομένων,
1613 3289 1769 3355 μόνον

1904 3291 2074 3339 ωιυτ.
2113 3283 2185 3337 At
2226 3298 2362 3337 vero
2397 3283 2444 3337 si
2478 3282 2692 3352 cogniti
2729 3283 2857 3353 jam
2893 3286 2953 3337 et
2982 3283 3041 3336 in
3076 3282 3300 3337 honore
3343 3280 3533 3336 habiti

163 3372 224 3427 δε
262 3384 355 3428 τοῦ
408 3374 718 3434 πλήττοντος
769 3373 877 3426 ἀντ’
927 3374 1124 3427 ἐκείνων
1199 3378 1615 3447 κηρυσσομένου,
1667 3383 1772 3434 πῶς

1909 3371 2108 3428 ilentio
2130 3372 2714 3443 praetermitterentur
2746 3392 2760 3438 ;
2793 3386 2946 3426 unus
2977 3375 3196 3440 autem,
3225 3371 3328 3442 qui
3351 3369 3534 3425 offen-

160 3465 256 3518 οῦκ
303 3466 367 3523 ἦν
417 3464 766 3538 εὐλογώτερον
818 3460 1097 3534 ὰοπηδᾴν
1152 3463 1361 3528 αὐτίκα,
1402 3467 1490 3514 καὶ
1550 3466 1615 3514 τὰ
1664 3459 1771 3514 ὦτα

1905 3461 2081 3525 lebat,
2103 3460 2558 3532 praedicaretur:
2579 3459 2790 3530 quidni
2817 3459 3285 3532 exspectandum
3304 3464 3450 3522 erat,
3471 3464 3534 3513 ut

160 3557 424 3629 φράττεεν,
480 3551 690 3614 διπλαῖς
719 3553 910 3626 μᾶλλον
959 3550 1018 3605 δε
1061 3552 1380 3613 πολλαπλαῖς
1427 3551 1770 3624 βαλλομένους

1904 3550 2146 3606 ποίὶῑιιιε
2166 3548 2352 3604 Judaei
2385 3547 2755 3618 aufugerent,
2787 3564 2962 3604 aures
2984 3547 3376 3613 occluderent,
3405 3562 3533 3618 per-

160 3645 277 3706 ταίς
332 3648 708 3715 καινοτομίαις,
749 3647 840 3694 καὶ
891 3645 946 3694 τό
998 3641 1149 3714 βέλος
1190 3650 1281 3702 τῆς
1337 3640 1483 3701 ἀνίας
1531 3645 1770 3715 πικρότε-

1899 3639 2025 3694 :ulsi
2047 3637 2261 3694 scilicet
2281 3637 2501 3708 duplici
2520 3638 2640 3692 imo
2660 3636 2965 3709 multiplici
2981 3637 3260 3702 novitate,
3276 3636 3528 3706 teloque,

156 3755 246 3810 ρον
287 3739 379 3786 καὶ
426 3730 738 3808 δριμύτερον
781 3728 1242 3804 ὑποδεχομένους
1286 3731 1338 3794 ἐξ
1382 3729 1447 3781 ὧν
1487 3730 1678 3802 μᾶλλον
1710 3733 1767 3782 τό

1902 3726 2121 3782 τίειὶιὶω
2153 3725 2421 3781 acerbius
2447 3726 2840 3798 asperiusque
2866 3730 3104 3797 recepto
3133 3745 3145 3784 :
3181 3741 3303 3797 quo
3326 3723 3527 3789 ﬁebat,

158 3823 424 3884 παντελῶς
476 3824 664 3884 αύτούς
723 3821 1158 3895 ἐκτραχύνεσθαι,
1210 3825 1300 3872 καὶ
1350 3828 1441 3872 τοῦ
1500 3823 1768 3892 προσιέναι

1901 3822 1937 3872 ιι
1959 3815 2075 3888 ipsi
2101 3815 2293 3886 magis
2314 3816 2701 3880 irritarentur,
2725 3821 2781 3871 et
2798 3814 2876 3871 ab
2898 3829 3144 3871 accessu
3170 3814 3247 3870 ad
3270 3817 3530 3885 Evange-

160 3914 286 3974 ὅλως
348 3921 430 3984 τῷ·
486 3915 810 3988 nuptis/puri,
879 3910 949 3972 εἰς
1009 3915 1066 3962 τό
1143 3906 1400 3963 ἀδύνατον
1456 3911 1767 3961 κατεσκευάο

1174 3906 1400 3963 ;δύνατον
1456 3911 1767 3961 κατεσκευάο
1875 3905 2026 3962 lium
2056 3905 2299 3962 omnino
2331 3905 2803 3976 prohiberentur.

163 4007 298 4066 ζετο.

233 4092 318 4149 ιη’.
365 4092 478 4144 οῦκ
513 4091 810 4162 ἠνείχοντο,
851 4095 1000 4163 φησι,
1042 4092 1102 4142 τὸ
1139 4085 1410 4142 Ἰουδαίων
1455 4090 1596 4150 ἔθνος
1640 4091 1768 4141 Θεὸν

1955 4084 2034 4136 18.
2061 4081 2240 4136 Aiunt
2258 4079 2613 4135 adversarii:
2641 4081 2767 4135 Non
2795 4079 3019 4136 ferebat
3039 4079 3322 4136 Iudaicus
3346 4095 3534 4163 popu-

159 4187 248 4234 τόν
277 4184 510 4256 Χριστὸν
537 4179 803 4252 ὁμολογεῖν
834 4196 846 4211 ·
879 4176 974 4232 διὰ
1009 4187 1164 4232 τοῦτο
1203 4179 1308 4253 ἄρα
1345 4177 1396 4230 ἐν
1438 4185 1510 4248 τῷ
1554 4176 1768 4249 ὀνόματι

1904 4186 1970 4224 us
2022 4169 2287 4225 Chritum
2347 4171 2530 4224 Deum
2580 4168 2842 4224 conﬁteri
2879 4190 2892 4222 :
2936 4173 3362 4240 pr0ptereaque
3394 4161 3533 4237 apd-

162 4271 323 4323 αὐτοῦ
350 4278 454 4322 τῶν
485 4268 786 4321 ἀποστόλων
826 4269 850 4320 ό
880 4272 1042 4341 χορὸς
1067 4267 1326 4328 ἐϐάπτιζε.
1362 4267 1465 4320 Καὶ
1491 4275 1590 4318 ποῦ
1615 4274 1768 4318 τοῦτο

1905 4259 2167 4315 .tolorum
2203 4261 2389 4313 cretus
2413 4257 2475 4312 in
2521 4256 2764 4312 nomine
2796 4259 2926 4328 ejus
2961 4257 3330 4328 baptizabat.
3361 4255 3534 4325 Atqui

159 4361 309 4432 λόγον
349 4363 470 4432 ἔχοι
498 4359 746 4433 πραύνειν
778 4355 816 4410 δ
819 4360 871 4411 ιά
916 4366 1008 4410 τοῦ
1039 4357 1455 4430 φλεγμαίνοντος,
1488 4360 1577 4407 καὶ
1619 4357 1771 4430 θερακ-

1905 4364 2000 4404 ton
2033 4352 2122 4403 est
2152 4346 2367 4403 rationi
2393 4351 2890 4411 consentaneum,
2935 4351 2996 4401 ut
3027 4361 3087 4400 re
3121 4345 3339 4400 acerba
3383 4343 3534 4399 miti-

161 4451 332 4501 πεῦειν
373 4444 474 4500 διὰ
527 4455 618 4500 τοῦ
665 4449 1000 4522 τραύματος;
1059 4453 1171 4507 Πῶς
1209 4442 1261 4497 δ’
1308 4448 1413 4516 ούχ
1463 4447 1489 4496 ό
1544 4444 1768 4505 ἐναντίος

1902 4453 2113 4507 remus,
2169 4442 2346 4508 atque
2400 4439 2462 4491 ut
2507 4434 2754 4490 vulnere
2797 4433 3156 4490 medicinam
3213 4433 3531 4488 faciamus.

379 4537 451 4598 εἱς
508 4541 567 4589 τὸ
612 4535 952 4610 εὐλογώτερον
1020 4534 1080 4586 ἂν
1148 4538 1226 4592 εἴη
1273 4538 1363 4586 καὶ
1425 4539 1769 4605 συνετώτερον

1902 4526 2097 4593 )uidni
2118 4525 2312 4596 potius
2334 4523 2666 4580 contrarius
2690 4539 2890 4578 sermo
2908 4521 3372 4594 probabiliorem
3397 4537 3531 4594 pru-

159 4630 592 4700 προτεινόμενος;
651 4624 762 4677 Οὐκ
811 4622 1092 4688 ἐϐάπτιζον
1147 4625 1196 4677 οἱ
1253 4620 1535 4674 ἀπόστολοι
1594 4621 1665 4682 εἰς
1713 4624 1771 4671 τό

1902 4617 2335 4688 lentioremque
2365 4613 2718 4670 sententiam
2750 4613 3064 4685 praebeat?
3101 4615 3226 4668 Non
3268 4613 3531 4681 baptiza-

158 4716 322 4789 ὄνομα
357 4723 453 4768 τοῦ
510 4721 749 4790 Χριστοῦ
779 4729 794 4744 ⁸
852 4713 1054 4790 βαρέως
1106 4715 1210 4788 γὰρ
1281 4712 1330 4765 οἱ
1387 4712 1770 4783 μυσταγωγοῦ-

1900 4709 2031 4762 )ant
2059 4703 2311 4776 apostoli
2338 4703 2400 4758 in
2431 4701 2642 4760 Christi
2673 4702 2914 4758 nomine
2942 4717 2958 4767 ;
2985 4717 3139 4773 aegre
3189 4703 3348 4757 enim
3389 4701 3529 4756 fere-

1504 4924 1738 4980 VARIE
1788 4919 2185 4978 LECTIONES.

223 5118 360 5191 (45')
395 5115 644 5176 Οοάκτὴν
671 5113 1003 5190 πρόσθήκην.

1726 5264 1932 5334 NOTAE
1945 5315 1960 5330 .

230 5462 996 5548 (sevenoétiariliisrud
1021 5455 1765 5548 θοιξτωρξάίοθηάιδωρτζ
1875 5443 3528 5548 είὶὲςἒξῗέὲᾶίέῖξξὲὶέἓτὶίέηΞὲεειίίὲεῆ,,ξῖέεξιτὶθιξν

161 5517 1244 5608 δὶὲὶὲἴᾶιῖῗᾘῖόᾶδτὶῦἆιῖεύόξίεηὶ
1261 5527 1768 5608 Commentarium
1881 5537 2009 5578 sem
2038 5521 2100 5577 in
2127 5522 2314 5592 Opere
2345 5517 2679 5588 theologico
2713 5524 2918 5575 contra
2951 5518 3320 5582 Marcellum,
3346 5533 3384 5583 ι,
3419 5520 3500 5572 19.

162 5599 612 5681 sitia—chartam
627 5599 982 5690 prophetam
997 5607 1240 5666 edemus
1253 5601 1410 5676 (vide
1422 5599 1768 5669 Patrologiz,
