4126 6190
558 293 661 349 327
1790 286 2027 350 PHOTII
2065 292 2182 352 PA']

2294 290 2548 352 ARCH/E
2592 290 2702 351 (ΖΡ.
3824 296 3934 353 328

564 422 711 478 bant
778 420 987 477 initiati
1041 421 1196 477 hanc
1248 419 1729 492 appellationem.
1784 422 1993 477 Nonne
2064 424 2182 478 enix

2294 464 2299 477 ι
2337 441 2477 493 μενοι
2516 426 2603 473 καὶ
2653 425 2783 494 πρὸς
2832 421 2995 479 αὐτὴν
3037 426 3127 480 τὴν
3168 420 3378 480 ἑκλῆσιν
3420 426 3648 496 φέροντο.
3691 422 3808 495 Ἆρ’
3837 424 3934 476 οὐκ

568 511 773 580 fugam
802 512 999 582 potius
1026 509 1307 581 baptismi
1339 510 1693 573 suasissent,
1728 511 1774 564 si
1813 510 1891 567 ita
1921 511 2182 582 baptizar

2333 511 2404 572 εἰς
2461 510 2762 583 ἀποτροπὴν
2820 510 3008 583 μᾶλλον
3066 509 3257 581 ἐπῆγον
3308 518 3401 563 τοῦ
3452 509 3844 584 βαπτίσματος,
3887 514 3933 564 εἰ

567 599 989 669 instituissent,
1037 600 1151 654 ritu
1194 599 1479 654 nimirum
1520 598 1927 670 prtedicationi
1965 601 2182 671 prOpria

2330 600 2459 651 οὕτω
2524 599 2801 671 βαπτίζειν
2857 600 3160 673 ἐπεχείρουν
3217 605 3306 651 καὶ
3355 604 3485 672 πρός
3541 600 3834 653 τούναντίον
3893 604 3925 661 ἡ

566 688 1031 745 adversante?At
1050 689 1231 753 enim,
1252 687 1545 759 inquiunt,
1567 688 1950 759 baptizabant
1968 694 2182 760 aposto,

2328 687 2644 762 ἐκήρυττονζ
2696 688 2829 741 Ἀλλ’
2870 688 3147 749 ἐϐάπτιζον
3200 692 3269 749 ὡς
3308 688 3594 755 ἐϐούλοντο,
3646 690 3753 741 ἀλλ’
3820 692 3929 763 οὐχ

557 794 668 850 pro
691 793 793 834 suo
823 778 1008 842 libito,
1042 792 1164 832 non
1204 776 1285 831 uti
1317 775 1602 831 docuerat
1631 777 1953 831 Dominus:
1993 793 2182 848 praesz

2326 780 2394 837 ὡς
2445 780 2470 828 ό
2495 782 2755 837 Δεσπότης
2795 774 3079 840 ἐδιδάξατο
3117 795 3130 806 ·
3164 784 3254 829 καὶ
3283 780 3475 851 κράτος
3504 778 3678 831 ἔλαϐεν
3734 781 3761 836 ἠ
3795 785 3929 850 γνὼ-

560 867 787 939 luitque
813 865 1098 921 sententia
1125 881 1356 929 eorum,
1388 866 1465 920 ita
1492 872 1554 920 ut
1582 870 1848 937 tempore
1872 870 1929 920 et
1960 881 2180 922 consue

2323 886 2417 937 μη,
2473 871 2561 918 καὶ
2609 869 2711 918 ἔθει
2758 872 2847 918 καὶ
2895 871 3072 939 χρόνῳ
3129 870 3187 918 τὸ
3240 875 3331 918 τοῦ
3371 864 3704 920 Διδασκάλου
3745 864 3928 940 δόγμα

554 956 759 1011 tudine
790 956 1015 1025 dogma
1044 954 1306 1023 Magistri
1330 953 1760 1025 antiquaretur.
1786 953 2002 1009 Verum
2030 956 2182 1009 enim

2326 956 2786 1026 παραγράφεσθαι.
2846 960 2939 1014 Τίς
2977 952 3065 1007 οὖν
3095 955 3248 1007 πάλιν
3294 956 3322 1013 ἦ
3383 957 3535 1007 πόθεν
3589 955 3777 1013 ἐπέστη
3832 958 3927 1017 Cir

551 1061 690 1101 vero
728 1044 863 1117 quis
907 1044 1154 1098 demum
1203 1048 1367 1099 tanto
1408 1059 1613 1097 rursus
1646 1042 2056 1099 inﬂammatus
2087 1043 2182 1099 zeli

2318 1042 2401 1093 λον
2426 1048 2515 1096 καὶ
2544 1045 2743 1117 ῥώμην,
2777 1043 2833 1105 ὃς
2880 1046 3143 1101 τοσαύτην
3174 1046 3329 1115 ἔσχεν
3362 1042 3627 1097 ἀναλαϐεῖν
3656 1041 3729 1097 δι’
3768 1046 3836 1095 ὧν
3863 1049 3922 1098 τὸ

548 1134 653 1189 fuit
686 1139 956 1204 tantaque
980 1132 1035 1187 vi
1059 1132 1368 1205 praeditus,
1400 1138 1461 1186 ut
1492 1132 1821 1187 Servatoris
1847 1138 2182 1203 prmceptun

2315 1132 2660 1205 παράγγελμα
2684 1140 2775 1184 τού
2802 1141 3041 1207 Σωτῆρος
3070 1133 3200 1205 λήθη
3259 1128 3536 1203 δεδομένον
3581 1131 3879 1186 ἀνεσώσατο
3907 1154 3920 1199 ;

545 1222 831 1278 oblivioni
856 1223 981 1292 jam
1008 1222 1290 1277 traditum
1316 1222 1680 1276 instauraret
1710 1224 1737 1275 ?
1762 1221 2086 1276 Mehercule
2110 1238 2182 1277 ne

2318 1220 2449 1271 Ἀλλ’
2482 1222 2637 1273 εἰπεῖν
2668 1222 2761 1273 οὐκ
2797 1223 3016 1293 ἔχουσιν
3068 1218 3184 1273 ουδ’
3214 1221 3273 1273 ἀν
3306 1225 3511 1274 εἴπωσι.
3554 1227 3641 1282 Τίς
3681 1224 3780 1295 γὰρ
3826 1224 3919 1274 αύ-

544 1312 765 1367 minem
796 1311 1146 1381 hujusmodi
1184 1326 1377 1382 neque
1433 1326 1596 1365 nunc
1628 1310 1924 1381 appellare
1955 1316 2182 1381 queunt

2312 1318 2383 1379 τῷ
2415 1315 2503 1361 καὶ
2537 1314 2806 1382 προσέσχε
2841 1318 2931 1371 τῆς
2958 1316 3276 1371 Δεσποτικῆς
3317 1314 3407 1381 μὲν
3447 1306 3554 1368 ἤδη
3586 1316 3923 1385 παρεωραμέ-

541 1416 735 1472 neque
752 1416 1018 1472 unquam
1032 1399 1442 1470 appellabunt.
1462 1400 1623 1463 Quis,
1641 1400 1797 1453 enim
1818 1398 1956 1454 huic
1970 1400 2182 1454 homini

2310 1418 2402 1459 νης
2424 1398 2670 1464 ἐντολῆς;
2705 1404 2793 1451 καὶ
2832 1403 2947 1451 τότε
2977 1400 3082 1470 οὐχ
3122 1401 3221 1451 ὑπό
3274 1408 3371 1451 τῶν
3404 1406 3692 1471 τυχόντων,
3726 1398 3834 1451 ἀλλ’
3870 1402 3923 1451 οἶ

546 1490 962 1556 auscultassct,
978 1495 1299 1560 postquam
1318 1487 1689 1542 Dominicum
1706 1488 2182 1558 mandatumjau

2308 1496 2405 1537 τῶν
2446 1487 2608 1538 ἄλλων
2650 1484 2783 1545 ἦσαν
2814 1497 2902 1549 τῆς
2953 1489 3019 1548 εὶς
3053 1493 3276 1562 Χριστόν
3316 1495 3537 1549 πίστεως
3576 1493 3797 1562 κήρυκες
3824 1494 3919 1542 καὶ

542 1580 745 1635 fuisset
769 1578 1047 1633 abolitum
1070 1578 1097 1631 Ἰ
1124 1576 1303 1648 idque
1325 1576 1477 1631 adeo
1503 1591 1616 1630 non
1647 1592 1682 1630 a
1707 1576 2077 1645 vulgaribus,
2098 1593 2182 1631 sec

2309 1573 2647 1631 διδάσκαλοι.
2701 1583 2788 1637 Τίς
2828 1574 2915 1629 οὖν
2970 1579 3141 1653 ἔτερος
3170 1579 3241 1639 εἰς
3282 1583 3374 1636 τὴν
3418 1578 3610 1631 οἰκείαν
3659 1579 3805 1641 τάξιν
3857 1584 3917 1631 τὸ

540 1668 616 1724 ab
659 1669 728 1722 iis
756 1668 855 1738 qui
881 1664 1163 1721 credendi
1208 1664 1261 1719 in
1316 1664 1614 1720 Christum
1665 1664 1931 1735 magistri
1978 1667 2182 1721 caeteri:

2308 1670 2617 1718 Δεσποτικόν
2674 1666 2965 1738 ἐπανήγαγε
3002 1672 3318 1742 πρόσταγμα
3347 1685 3360 1734 ;
3394 1673 3483 1719 καὶ
3537 1668 3768 1740 μάλιστα
3818 1679 3916 1731 τῆς

539 1734 961 1830 prmconesque
985 1754 1236 1809 fuerant.
1264 1754 1421 1818 Quis,
1453 1753 1726 1825 inquam,
1754 1753 1907 1809 alius
1938 1754 1995 1808 in
2020 1770 2182 1809 suun

2306 1762 2405 1805 τῶν
2436 1756 2682 1825 μαθητῶν
2723 1754 2971 1821 ἐπινοίας,
3006 1759 3070 1816 ὡς
3119 1758 3144 1808 ό
3178 1752 3567 1828 διαφιλονεικῶν
3596 1756 3743 1827 λόγος
3786 1756 3917 1829 βούο

538 1844 811 1902 ordinem
838 1842 1185 1898 restituisset
1208 1846 1571 1913 praeceptum
1598 1842 1972 1897 Dominicum
1994 1844 2022 1898 ?
2050 1859 2182 1915 prae'

2304 1842 2462 1909 λεται,
2504 1844 2572 1904 εἰς
2616 1850 2709 1902 τὴν
2751 1844 3055 1916 οἰκουμένην
3095 1845 3480 1907 ἑξαπλωθείσης
3512 1842 3619 1903 ἤδη
3670 1850 3759 1897 καὶ
3794 1866 3917 1898 συν⁹

537 1934 741 1991 sertim
770 1950 907 1989 cum
950 1932 1043 1987 ille
1074 1931 1513 2003 discipulorum
1549 1931 1865 2000 cogitatus,
1904 1937 1965 1987 ut
1992 1932 2182 1989 adver-

2306 1934 2459 1992 ἠθους
2517 1933 2686 1985 ἅπασι
2755 1942 2859 1993 τοῖς
2920 1939 3442 2006 μυσταγωγουμένοις
3498 1936 3909 2006 καθισταμένης.

537 2024 831 2080 sariorum
850 2036 1049 2077 sermo
1079 2020 1357 2085 afﬁrmat,
1378 2021 1508 2091 jam
1531 2026 1653 2075 toto
1681 2020 1825 2075 orbe
1849 2026 2001 2076 esset
2021 2021 2182 2076 diﬁ‘u

2308 2026 2405 2073 Καί
2435 2042 2514 2073 τοι
2544 2028 2613 2093 μη
2663 2043 2742 2074 πω
2780 2026 2869 2095 μὲν
2914 2023 3291 2083 πλατυνθείσης
3345 2032 3436 2083 τῆς
3492 2028 3610 2095 περὶ
3658 2031 3750 2075 τοῦ
3798 2022 3904 2096 βα-

534 2130 658 2179 sus,
694 2118 873 2183 atque
909 2110 1073 2181 apud
1114 2126 1322 2165 omnes
1353 2109 1612 2164 initiatos
1642 2111 1701 2164 in
1735 2126 1901 2165 more
1942 2112 2182 2182 positus,

2303 2116 2599 2183 πτίσματος
2631 2117 2983 2183 καινοτομίας,
3015 2112 3108 2164 οὐκ
3149 2108 3210 2170 ἧν
3251 2109 3474 2183 ἐργῶδες
3525 2113 3677 2175 οὗτος
3718 2117 3776 2165 τό
3821 2122 3909 2166 Δε-

535 2205 689 2259 Sane
730 2206 1054 2271 antequam
1086 2198 1185 2254 illa
1214 2199 1371 2253 circa
1401 2198 1764 2270 baptismum
1793 2200 2026 2254 novitas
2070 2202 2192 2255 vul-

532 2297 673 2362 gata
701 2295 872 2355 esset,
921 2288 1291 2344 Dominicam
1316 2286 1512 2357 legem
1544 2288 1707 2343 haud
1753 2304 1909 2357 aegre
1953 2288 2192 2345 ﬁrmare

532 2379 835 2444 licuisset;
890 2394 1098 2433 verum
1128 2377 1222 2431 illa
1280 2377 1543 2431 novitate
1585 2376 1660 2431 ad
1690 2377 1854 2432 orbis
1908 2382 2188 2433 terrarum

532 2468 816 2523 terminos
832 2470 1181 2538 propagata,
1196 2464 1467 2536 quisnam
1483 2465 1773 2535 potuisset
1786 2466 2190 2521 dominantem

527 2557 655 2627 jam
668 2557 847 2610 ritum
860 2554 1147 2626 expellere
1172 2569 1184 2608 :
1209 2553 1375 2608 illum
1393 2560 1617 2621 autem,
1641 2554 1743 2625 qui
1765 2554 1926 2609 initio
1946 2554 2190 2625 quidem

534 2646 782 2701 traditus
808 2642 1018 2712 fuerat,
1048 2643 1155 2698 sed
1184 2642 1400 2697 deinde
1429 2641 1677 2697 omnino
1704 2658 2073 2713 suppressus,
2105 2661 2191 2700 re-

537 2749 743 2790 vocare
761 2731 790 2786 7
809 2734 955 2788 Nam
975 2732 1020 2786 si
1045 2735 1285 2803 propter
1300 2730 1639 2786 auditorum
1660 2746 1930 2786 morosos
1952 2732 2187 2788 animos

530 2821 840 2879 Dominico
854 2819 1143 2876 mandato
1157 2834 1277 2875 non
1291 2818 1559 2874 estlocus
1576 2818 1876 2884 inventus,
1891 2836 2027 2875 cum
2042 2836 2190 2876 non-

530 2912 675 2967 dum
695 2910 811 2967 alia
836 2908 1109 2965 initiandi
1131 2908 1387 2964 formula
1404 2907 1633 2964 illorum
1655 2924 1827 2964 aures
1846 2910 2189 2981 occupavis-

532 3005 640 3067 set,
668 3016 775 3055 nec
800 2998 1099 3055 mentibus
1120 2997 1409 3068 inscripta
1432 2997 1635 3052 fuisset
1658 3002 1837 3069 atque
1860 2998 2183 3069 impressa;

530 3106 676 3145 num
703 3088 919 3144 deinde
938 3086 1230 3158 apudjam
1247 3086 1510 3141 imbutos
1534 3085 1867 3157 apostolico
1882 3088 1996 3142 ritu
2011 3094 2182 3161 atque

2296 3091 2434 3160 εὖροι
2480 3085 2854 3163 παρείσδυσιν,
2906 3088 3317 3152 ἁντιπιπτούσης
3363 3091 3493 3163 αὐτῇ
3554 3097 3643 3143 καὶ
3710 3090 3899 3144 ἀνταν-

2306 2204 2552 2252 σποτικόν
2613 2204 2959 2273 κρατύνεσθαι
3037 2204 3386 2273 νομοθέτημα.
3450 2205 3657 2263 Ταύτης
3722 2199 3779 2255 δε
3843 2206 3913 2255 τὰ

2304 2293 2501 2363 πέρατα
2563 2298 2653 2349 τῆς
2721 2289 3019 2361 οἰκουμένης
3082 2289 3496 2355 καταλαϐούσης,
3557 2296 3638 2352 τίς
3705 2290 3766 2342 ἆν
3824 2296 3906 2350 εἴη

2301 2379 2326 2428 ό
2380 2383 2472 2435 τὴν
2522 2387 2901 2449 κατασχοῦσαν
2958 2382 3047 2451 μὲν
3114 2384 3487 2451 μυσταγωγίαν
3545 2378 3775 2432 ἐκϐαλεῖν
3823 2400 3908 2451 γε·

2298 2472 2568 2539 γενημένος
2609 2463 2823 2527 δυνατός
2852 2485 2866 2535 ;
2898 2473 2992 2526 τὴν
3052 2464 3101 2520 δ’
3152 2467 3205 2531 ἔξ
3264 2468 3440 2541 ἀρχῆς
3499 2465 3744 2521 δοθεῖσαν
3789 2470 3904 2541 μὲν,

2301 2560 2648 2627 σεσιγημένην
2721 2553 2780 2608 δὲ
2834 2557 3115 2627 παντελῶς,
3173 2556 3635 2623 ἀνακαλέσασθαι;
3689 2559 3747 2611 Εἰ
3799 2562 3904 2631 γὰρ

2298 2644 2403 2715 ούχ
2443 2642 2555 2718 εὗρε
2580 2650 2761 2717 χώραν
2794 2642 2886 2697 διὰ
2928 2649 2983 2697 τὸ
3020 2642 3457 2717 δυσπαράδεκτον
3499 2656 3599 2699 τῶν
3634 2646 3904 2720 ἀκροατῶν

2298 2735 2327 2790 ἡ
2385 2739 2644 2807 σωτήριος
2689 2733 2883 2799 ἐντολὴ,
2927 2735 3077 2786 ὁπότε
3117 2731 3361 2807 μηδεμία
3425 2755 3504 2797 τις
3549 2736 3699 2808 ἑτέρα
3758 2740 3902 2807 μύη-

2301 2840 2384 2881 σις
2426 2821 2773 2895 προκατελαϐε
2825 2826 2917 2885 τὰς
2966 2822 3128 2885 ἀκοὰς
3196 2824 3383 2893 αὐτῶν,
3436 2820 3576 2896 μηδε
3627 2832 3744 2887 ταῖς
3799 2826 3902 2896 ψυ-

2296 2916 2420 2981 χαῖς
2450 2908 2697 2983 ἐνεγράφη
2746 2918 2835 2963 καὶ
2885 2914 3199 2980 ἑνετυπωθη,
3248 2909 3457 2965 ἐπειδὰν
3493 2915 3901 2985 κατεσχέθησαν

2295 3003 2382 3050 καὶ
2428 2997 2767 3057 ἐτελέσθησαν
2807 3008 2868 3072 τῇ
2926 3009 3025 3052 τῶν
3082 3001 3384 3053 ἀποστόλων
3442 3001 3638 3072 τελετῇ,
3679 3011 3790 3063 πῶς
3840 3002 3900 3054 ἂν

529 3179 808 3240 initiatos,
841 3177 1038 3232 aditus
1076 3175 1253 3247 priori
1278 3176 1414 3230 ritui
1438 3174 1774 3247 sperandus
1798 3184 1944 3242 erat,
1980 3178 2185 3233 adver-

532 3273 696 3323 sante
714 3268 900 3322 altero
922 3273 1100 3336 atque
1116 3265 1462 3329 obsistente,
1483 3265 1584 3335 qui
1602 3265 1729 3334 jam
1748 3265 2182 3337 insuperabiles

528 3357 683 3411 vires
695 3354 1027 3411 obtinuerat
1043 3354 1069 3407 Ῡ
1091 3354 1335 3409 Utvides
1350 3352 1525 3422 igitur
1539 3354 2021 3409 demonstratum
2035 3372 2182 3426 qua-

529 3460 863 3517 quaversus
876 3450 981 3509 est,
997 3444 1100 3515 qui
1114 3448 1467 3514 spectatores
1480 3442 1651 3497 Verbi
1671 3442 1917 3499 fuissent
1938 3444 2180 3515 verique

529 3533 881 3597 administri,
900 3538 954 3587 et
970 3547 1227 3604 quorum
1242 3531 1377 3586 vitm
1400 3530 1762 3585 curriculum
1782 3548 1853 3587 eo
1880 3532 2177 3600 tendebat,

531 3628 595 3678 ut
620 3622 710 3677 vel
741 3622 869 3693 ipsa
899 3636 1042 3675 nece
1074 3635 1247 3675 suam
1288 3634 1430 3688 erga
1469 3620 1788 3674 Dominum
1828 3621 2175 3677 charitatem

2296 3181 2572 3249 ισταμένης
2601 3185 2695 3238 τῆς
2726 3175 2833 3235 ἤδη
2866 3182 2923 3230 τὸ
2954 3181 3144 3251 κράτος
3180 3181 3393 3251 ἄμαχον
3433 3179 3665 3252 ἐχούσης
3702 3198 3716 3248 ;
3743 3181 3899 3253 Ὀρᾲς

2294 3265 2361 3325 ὡς
2409 3262 2665 3318 ἀδύνατον
2707 3269 3035 3339 πανταχόθεν
3084 3264 3442 3321 ἐπιδείκνυται
3471 3272 3591 3331 τοὺς
3632 3270 3895 3331 αύτόπτας

2293 3362 2383 3405 τού
2437 3353 2589 3425 λόγου
2647 3360 2736 3407 καὶ
2789 3357 2857 3416 ὡς
2909 3355 3107 3417 ἀληθῶς
3147 3357 3430 3431 ὑπηρέτας,
3478 3358 3546 3409 ὧν
3586 3360 3611 3409 ό
3660 3357 3785 3431 βίος
3835 3356 3897 3417 ἧν

2290 3446 2375 3492 καὶ
2422 3440 2675 3514 όδρόμος
2728 3446 2929 3516 θανάτῳ
2976 3448 3033 3497 τὸ
3083 3451 3395 3498 Δεσποτικόν
3442 3445 3734 3519 βεϐαιῶσαι
3775 3449 3897 3521 φίλ-

2288 3549 2424 3604 τρον,
2486 3536 2575 3583 καὶ
2620 3540 2717 3583 τῶν
2768 3533 2927 3585 αὐτοῦ
2969 3536 3337 3607 θεσπισμάτων
3396 3536 3509 3608 (μὴ)
3564 3546 3895 3611 συντηρῆσαι

2292 3622 2350 3670 τό
2392 3618 2727 3692 ἀπαράϐατόν
2757 3641 2811 3675 τε
2839 3627 2929 3675 καὶ
2948 3622 3333 3698 ἀπερίτρεπτον.

528 3715 898 3773 testarentur,
918 3707 1061 3771 ﬁeri,
1080 3707 1349 3779 inquam,
1366 3722 1485 3762 non
1502 3723 1671 3778 posse
1686 3709 1829 3779 quin
1844 3708 1903 3764 hi
1916 3708 2175 3779 ejusdem

527 3798 814 3854 mandata
840 3798 1067 3868 integra
1099 3802 1274 3866 atque
1316 3795 1600 3852 inviolata
1638 3812 1770 3851 esse
1816 3799 2172 3853 curaverint.

604 3888 686 3942 19.
728 3886 875 3952 Quid
911 3901 1090 3957 porro
1121 3886 1304 3953 dices,
1350 3884 1437 3939 vel
1474 3886 1610 3956 quis
1651 3891 1703 3940 te
1754 3886 1965 3942 horror
2002 3889 2178 3943 corri-

523 3977 641 4048 piet
669 3981 845 4048 atque
880 3980 1088 4041 metus,
1122 3990 1258 4030 cum
1291 3975 1665 4045 decretorum
1707 3975 2174 4046 apostolicorum

521 4063 851 4119 districtam
883 4061 1241 4117 sententiam
1273 4061 1480 4116 audies
1511 4062 1537 4115 ?
1567 4077 1752 4133 quam
1784 4077 1905 4117 non
1935 4079 2088 4117 unus
2119 4070 2175 4119 et

519 4152 685 4220 alter,
708 4167 901 4224 neque
927 4150 1093 4206 multi
1117 4149 1437 4221 sigillatim,
1460 4150 1563 4205 sed
1582 4152 1889 4205 universus
1912 4150 2173 4224 discipu-

516 4240 711 4297 lorum
747 4247 935 4296 ccetus
989 4238 1245 4311 scripsit,
1295 4238 1599 4293 Dominico
1650 4245 1950 4312 praecepto
2004 4240 2166 4297 haud

2294 4251 2379 4294 τῶν
2435 4246 2681 4315 μαθητῶν
2738 4250 2831 4304 τὴν
2886 4252 3206 4306 Δεσποτικὴν
3262 4248 3467 4308 ἐντολὴν
3520 4238 3884 4323 βεϐαιῶνςού

513 4330 909 4403 antiquando,
949 4328 1116 4401 quod
1147 4327 1322 4395 absit,
1355 4326 1455 4383 sed
1487 4328 1843 4383 stabiliendo
1876 4329 2161 4395 intentus,

2294 4335 2433 4398 tuan,
2500 4334 2690 4405 ἄπαγε,
2742 4333 3056 4407 ἀπεφήνατο.
3101 4342 3201 4390 Καὶ
3246 4345 3345 4390 ποῦ
3400 4337 3571 4391 λαϐεῖν
3614 4343 3759 4393 ἔστιν
3798 4343 3889 4394 αύ-

514 4420 769 4475 Ubinam
786 4422 988 4474 autem
1007 4422 1128 4473 tam
1154 4416 1469 4472 horrenda:
1501 4417 1677 4472 minas
1707 4418 1886 4473 sunt?
1915 4420 2166 4489 Aposto-

2294 4430 2374 4472 τῶν
2419 4425 2477 4473 τό
2552 4426 2762 4496 φρικτόν
2820 4433 2917 4487 τῆς
2978 4423 3140 4500 (ipsis;
3209 4426 3384 4479 Δύτῶν
3448 4433 3623 4501 χρεὼν
3680 4430 3888 4485 ἀκούειν

510 4508 703 4564 lorum
723 4509 943 4564 scilicet
967 4506 1281 4562 audiendaa
1309 4510 1448 4561 sunt
1465 4506 1689 4561 caelesti
1714 4506 2002 4576 suffragio
2030 4508 2163 4565 latae

2294 4517 2375 4561 ’ῶν
2426 4510 2646 4585 οὐρανίῳ
2688 4512 2847 4584 ψήφῳ
2895 4518 3260 4587 κεκυρωμένων
3305 4524 3479 4588 φωνῶν
3536 4517 3652 4590 (46)
3695 4536 3708 4548 ·
3762 4516 3889 4573 δια-

512 4596 690 4666 leges,
740 4612 877 4668 quas
927 4594 1260 4651 clarissima
1309 4610 1453 4649 voce
1503 4594 1798 4650 clamant:
1847 4616 1874 4643 «
1918 4594 1974 4652 Si
2027 4598 2164 4668 quis

2294 4601 2496 4669 τρύσιον
2552 4599 2707 4652 αὗται
2749 4599 2945 4673 βοῶσιν
2975 4621 2988 4634 ·
3027 4622 3056 4654 (ι
3103 4606 3164 4656 Εἰ
3216 4622 3291 4664 τις
3330 4606 3617 4668 ἐπίσκοπος
3667 4606 3697 4665 ἦ
3756 4626 3886 4681 πρε-

510 4683 834 4756 episcopus
868 4688 970 4739 aut
996 4682 1307 4755 presbyter
1338 4681 1526 4753 (audi,
1560 4682 1774 4748 homo;
1808 4698 2159 4755 quanquam

2294 4686 2519 4760 τϐύτερος
2567 4688 2897 4757 (ἐπίστησον,
2950 4692 3207 4765 ἄνθρωπε,
3256 4692 3445 4765 μᾶλλον
3499 4691 3560 4747 δε
3600 4692 3727 4749 ούδε
3770 4696 3886 4749 ἑπι-

509 4772 793 4841 singulari
832 4772 1156 4827 attentione
1197 4786 1315 4826 non
1355 4776 1439 4827 est
1477 4787 1651 4842 opus,
1693 4773 1979 4843 quoniam
2016 4774 2162 4828 nihil

2294 4779 2504 4839 πτάσεως
2556 4776 2777 4831 ἐνταῦθα
2820 4776 2905 4831 δεῖ
2948 4796 2962 4811 ⁶
3005 4789 3291 4854 περιφανῶς
3342 4785 3444 4856 γὰρ
3503 4786 3532 4842 ἠ
3586 4791 3880 4845 Δεσποτικὴ

509 4860 669 4916 aliud
692 4876 874 4933 quam
913 4860 1280 4916 Dominicam
1310 4860 1691 4915 traditionem
1726 4860 1943 4915 sanciri
1971 4861 2047 4917 ab
2069 4861 2159 4917 his

2294 4874 2519 4936 ιυροῦται
2558 4864 2895 4941 παραδοσις),
2931 4872 2974 4921 εἰ
3020 4889 3095 4931 τις
3147 4866 3233 4923 οὖν
3264 4874 3401 4925 κατὰ
3423 4877 3516 4931 τὴν
3543 4881 3636 4925 τοῦ
3682 4880 3880 4946 Κυρίου

506 4950 725 5023 patet);
780 4949 825 5003 si
877 4950 1013 5021 quis
1052 4956 1258 5005 contra
1309 4948 1541 5004 Domini
1600 4949 1977 5016 mandatum,
2034 4967 2155 5007 non

2294 4951 2507 5017 Γιάταξιν
2552 4961 2623 5027 μὴ
2685 4955 2944 5029 βαπτίσοι
2992 4958 3064 5019 εἰς
3106 4965 3312 5035 Πατέρα
3351 4966 3439 5014 καὶ
3462 4964 3580 5015 Υἰόν
3607 4968 3699 5016 καὶ
3730 4963 3880 5035 ἅγιον

500 5038 889 5110 baptizaverit
915 5039 973 5093 in
1002 5039 1168 5093 Patre
1200 5044 1254 5093 et
1284 5037 1429 5093 Filio
1456 5044 1511 5093 et
1537 5038 1755 5109 Spiritu
1788 5045 2013 5106 sancto,
2059 5040 2158 5096 de-

2294 5049 2500 5115 Ινεῡμα,
2532 5047 2905 5119 καθαιρείσθω.
2940 5068 2969 5100 ››
3012 5052 3113 5101 Καὶ
3157 5046 3280 5102 οὐδὲ
3332 5055 3499 5125 μέχρι
3545 5054 3735 5104 τούτου
3782 5057 3878 5109 τὴν

500 5133 772 5200 ponatur.
804 5149 831 5177 »
860 5130 1055 5199 Neque
1088 5126 1378 5183 hactenus
1417 5142 1661 5199 poenam
1702 5132 2005 5183 statuunt:
2051 5131 2154 5185 sed

2300 5129 2560 5190 αταδίκην
2621 5136 2838 5187 ἱστῶσιν
2869 5151 2881 5166 '
2944 5136 3072 5189 ἀλλὰ
3124 5142 3209 5190 καὶ
3268 5137 3353 5191 ἐὰν
3400 5142 3663 5213 ὀνομάτων
3709 5161 3877 5215 παρα-

500 5216 545 5272 si
574 5215 755 5273 etiam
778 5216 1028 5273 nomina
1044 5214 1391 5272 nominibus
1412 5222 1762 5273 commutare
1780 5215 2061 5290 baptizan
2071 5223 2153 5273 tes

2295 5220 2433 5274 αϐεἶν
2484 5222 2533 5276 οἱ
2586 5221 2932 5297 βαπτίζοντες
2973 5224 3385 5302 ἐπιχειρήσωσι,
3424 5226 3592 5302 μηδὲν
3624 5230 3756 5295 ὅλως
3786 5214 3872 5286 τὸν

2063 5327 2295 5385 ΝΟΤᾸΞ.

521 5430 2138 5526 ..(ἒβὶξίίυωιξῖδεοίὶῗῗὶιῖίέεῗέἒὲδξῖ¹ξ⁰ἳ³ηἯἯ339ίῖ
2264 5439 2383 5526 ἱείς.
2397 5435 2597 5526 993??"
2627 5441 2667 5494 Ρ
2668 5438 2817 5526 119‘“
2834 5446 3266 5526 ,δνειὲωθηίιιω
3287 5442 3735 5526 ωειο-Ρθιίίυων
3759 5446 3873 5526 ἓίεί

495 5506 797 5589 tittitiones
842 5505 983 5584 ‘(etsi
1024 5505 1303 5589 scriptum
1353 5507 1677 5589 utrumque
1726 5510 2133 5589 per-vetustum
2262 5507 2494 5589 nullum
2518 5516 2770 5575 nonest,
2793 5505 2945 5569 vires
2970 5518 3174 5571 tamen
3204 5505 3576 5589 apostolicas
3603 5505 3732 5575 non
3770 5518 3859 5575 ha»

494 5576 587 5655 sit)
622 5578 851 5631 mentiri
885 5590 1102 5631 nomen
1135 5573 1779 5646 apostolorum,'nemo
1807 5577 1936 5647 jam
1963 5576 2132 5631 dubi-
2260 5579 2379 5634 bet.

2360 3886 2442 3941 ιθ“.
2493 3892 2555 3939 Τί
2610 3885 2660 3941 δ’
2711 3888 2770 3939 διν
2803 3892 3001 3957 εἵπόις;
3035 3895 3110 3951 τίς
3157 3887 3207 3943 δ’
3235 3890 3295 3943 ἂν
3337 3911 3393 3945 σε
3440 3914 3479 3966 μ
3505 3893 3685 3968 ὴλάϐη
3729 3902 3887 3971 φρίκη

2284 3982 2372 4028 καὶ
2418 3973 2528 4037 δέος
2581 3974 2790 4030 ἐπειδὰν
2819 3988 2919 4031 τῶν
2976 3978 3334 4033 ἁποστολικῶν
3376 3984 3576 4055 θεσμῶν
3604 3987 3700 4047 τὰς
3745 3985 3891 4040 ἀπει-

2282 4065 2532 4137 λούμένας
2581 4066 2789 4139 ψήφους
2836 4067 3107 4143 ἀκούσης
3158 4069 3219 4132 ἃς
3276 4070 3381 4143 οὐχ
3433 4073 3504 4134 εἷς
3555 4077 3709 4145 μόνον
3763 4074 3889 4130 οὐδε

2282 4151 2543 4229 δεύτερος,
2588 4153 2711 4209 οὐδὲ
2757 4160 2874 4210 καθ’
2920 4160 3006 4211 ἕνα
3044 4158 3268 4227 πλείους,
3317 4163 3523 4232 σύμπας
3550 4159 3603 4214 δ’
3647 4165 3673 4215 ὁ
3719 4172 3889 4240 χορός
