  <div class='ocr_page' id='page_1' title='image "/cluster/home/n/w/nwhite01/storage/ocr_20150623/101/hvd.32044054112305/184.png"; bbox 0 0 3938 6178; ppageno 0'>
   <div class='ocr_carea' id='block_1_1' title="bbox 126 303 2424 376">
    <p class='ocr_par' dir='ltr' id='par_1_1' title="bbox 126 303 2424 376">
     <span class='ocr_line' id='line_1_1' title="bbox 126 303 2424 376; baseline 0.001 -16"><span class='ocrx_word' id='word_1_1' title='bbox 126 303 216 360; x_wconf 82' lang='grc'>329</span> <span class='ocrx_word' id='word_1_2' title='bbox 1130 303 1230 360; x_wconf 79' lang='lat' dir='ltr'>AD</span> <span class='ocrx_word' id='word_1_3' title='bbox 1269 303 1823 365; x_wconf 83' lang='lat' dir='ltr'>AMPHILOCHIUM</span> <span class='ocrx_word' id='word_1_4' title='bbox 1862 307 2190 376; x_wconf 71' lang='lat' dir='ltr'>QUESTIO</span> <span class='ocrx_word' id='word_1_5' title='bbox 2227 307 2424 365; x_wconf 87' lang='lat' dir='ltr'>XLIII.</span> 
     </span>
    </p>
   </div>
   <div class='ocr_carea' id='block_1_2' title="bbox 3353 309 3462 368">
    <p class='ocr_par' dir='ltr' id='par_1_2' title="bbox 3353 309 3462 368">
     <span class='ocr_line' id='line_1_2' title="bbox 3353 309 3462 368; baseline -0.018 0"><span class='ocrx_word' id='word_1_6' title='bbox 3353 309 3462 368; x_wconf 88' lang='lat'>330</span> 
     </span>
    </p>
   </div>
   <div class='ocr_carea' id='block_1_3' title="bbox 119 423 1676 502">
    <p class='ocr_par' dir='ltr' id='par_1_3' title="bbox 119 423 1676 502">
     <span class='ocr_line' id='line_1_3' title="bbox 119 423 1676 502; baseline 0.004 -23"><span class='ocrx_word' id='word_1_7' title='bbox 119 428 310 502; x_wconf 74' lang='grc' dir='ltr'>ἀριθμόν</span> <span class='ocrx_word' id='word_1_8' title='bbox 351 435 450 490; x_wconf 74' lang='grc' dir='ltr'>τῆς</span> <span class='ocrx_word' id='word_1_9' title='bbox 496 423 724 501; x_wconf 79' lang='grc' dir='ltr'>Τριάδος</span> <span class='ocrx_word' id='word_1_10' title='bbox 771 429 1194 502; x_wconf 78' lang='grc' dir='ltr'>ὕποτεμνόμενοι,</span> <span class='ocrx_word' id='word_1_11' title='bbox 1239 427 1354 484; x_wconf 79' lang='grc' dir='ltr'>οὐδ’</span> <span class='ocrx_word' id='word_1_12' title='bbox 1405 431 1569 494; x_wconf 80' lang='grc' dir='ltr'>οὕτως</span> <span class='ocrx_word' id='word_1_13' title='bbox 1612 432 1676 485; x_wconf 74' lang='grc' dir='ltr'>εὖ·</span> 
     </span>
    </p>
   </div>
   <div class='ocr_carea' id='block_1_4' title="bbox 1858 423 3464 502">
    <p class='ocr_par' dir='ltr' id='par_1_4' title="bbox 1858 434 3464 498">
     <span class='ocr_line' id='line_1_4' title="bbox 1858 434 3464 498; baseline 0.003 -9"><span class='ocrx_word' id='word_1_14' title='bbox 1858 434 1930 489; x_wconf 81' lang='lat' dir='ltr'>isi</span> <span class='ocrx_word' id='word_1_15' title='bbox 1961 435 2196 498; x_wconf 81' lang='lat' dir='ltr'>fuerint,</span> <span class='ocrx_word' id='word_1_16' title='bbox 2228 435 2362 492; x_wconf 92' lang='lat' dir='ltr'>licet</span> <span class='ocrx_word' id='word_1_17' title='bbox 2388 434 2689 490; x_wconf 83' lang='lat' dir='ltr'>Trinitatis</span> <span class='ocrx_word' id='word_1_18' title='bbox 2721 448 3042 491; x_wconf 79' lang='lat' dir='ltr'>numerum</span> <span class='ocrx_word' id='word_1_19' title='bbox 3088 448 3210 492; x_wconf 90' lang='lat' dir='ltr'>non</span> <span class='ocrx_word' id='word_1_20' title='bbox 3258 436 3464 494; x_wconf 91' lang='lat' dir='ltr'>immi-</span> 
     </span>
    </p>
   </div>
   <div class='ocr_carea' id='block_1_5' title="bbox 113 514 1689 590">
    <p class='ocr_par' dir='ltr' id='par_1_5' title="bbox 113 514 1689 590">
     <span class='ocr_line' id='line_1_5' title="bbox 113 514 1689 590; baseline 0.003 -22"><span class='ocrx_word' id='word_1_21' title='bbox 113 522 363 590; x_wconf 81' lang='grc' dir='ltr'>ρίσκουσιν</span> <span class='ocrx_word' id='word_1_22' title='bbox 405 514 674 588; x_wconf 64' lang='grc' dir='ltr'>ἀποφυγὴν</span> <span class='ocrx_word' id='word_1_23' title='bbox 701 525 796 570; x_wconf 85' lang='grc' dir='ltr'>τοῦ</span> <span class='ocrx_word' id='word_1_24' title='bbox 833 523 906 590; x_wconf 82' lang='grc' dir='ltr'>μὴ</span> <span class='ocrx_word' id='word_1_25' title='bbox 938 519 1067 590; x_wconf 71' lang='grc' dir='ltr'>οὐχὶ</span> <span class='ocrx_word' id='word_1_26' title='bbox 1100 524 1193 577; x_wconf 78' lang='grc' dir='ltr'>τὴν</span> <span class='ocrx_word' id='word_1_27' title='bbox 1225 523 1347 578; x_wconf 80' lang='grc' dir='ltr'>ἴσην</span> <span class='ocrx_word' id='word_1_28' title='bbox 1389 517 1572 572; x_wconf 81' lang='grc' dir='ltr'>δοῦναι</span> <span class='ocrx_word' id='word_1_29' title='bbox 1601 518 1689 574; x_wconf 78' lang='grc' dir='ltr'>δί-</span> 
     </span>
    </p>
   </div>
   <div class='ocr_carea' id='block_1_6' title="bbox 113 602 1690 685">
    <p class='ocr_par' dir='ltr' id='par_1_6' title="bbox 113 602 1690 685">
     <span class='ocr_line' id='line_1_6' title="bbox 113 602 1690 685; baseline 0.003 -27"><span class='ocrx_word' id='word_1_30' title='bbox 113 627 191 664; x_wconf 70' lang='grc' dir='ltr'>κην</span> <span class='ocrx_word' id='word_1_31' title='bbox 217 624 230 635; x_wconf 80' lang='grc'><em>’</em></span> <span class='ocrx_word' id='word_1_32' title='bbox 255 602 409 659; x_wconf 67' lang='grc' dir='ltr'>οὐδεν</span> <span class='ocrx_word' id='word_1_33' title='bbox 441 608 542 679; x_wconf 77' lang='grc' dir='ltr'>γὰρ</span> <span class='ocrx_word' id='word_1_34' title='bbox 573 608 728 664; x_wconf 85' lang='grc' dir='ltr'>ἧττον</span> <span class='ocrx_word' id='word_1_35' title='bbox 777 605 896 660; x_wconf 69' lang='grc' dir='ltr'>οὐδ’</span> <span class='ocrx_word' id='word_1_36' title='bbox 926 609 1070 662; x_wconf 77' lang='grc' dir='ltr'>οὗτοι</span> <span class='ocrx_word' id='word_1_37' title='bbox 1114 612 1172 661; x_wconf 87' lang='grc' dir='ltr'>τὸ</span> <span class='ocrx_word' id='word_1_38' title='bbox 1224 613 1536 662; x_wconf 84' lang='grc' dir='ltr'>Δεσποτικόν</span> <span class='ocrx_word' id='word_1_39' title='bbox 1566 630 1690 685; x_wconf 92' lang='grc' dir='ltr'>προ-</span> 
     </span>
    </p>
   </div>
   <div class='ocr_carea' id='block_1_7' title="bbox 111 691 1690 771">
    <p class='ocr_par' dir='ltr' id='par_1_7' title="bbox 111 691 1690 771">
     <span class='ocr_line' id='line_1_7' title="bbox 111 691 1690 771; baseline 0.004 -25"><span class='ocrx_word' id='word_1_40' title='bbox 111 696 445 758; x_wconf 74' lang='grc' dir='ltr'>πηλακίζουσι</span> <span class='ocrx_word' id='word_1_41' title='bbox 495 691 689 767; x_wconf 67' lang='grc' dir='ltr'>δόγμα.</span> <span class='ocrx_word' id='word_1_42' title='bbox 727 694 861 749; x_wconf 71' lang='grc' dir='ltr'>Οὐδ’</span> <span class='ocrx_word' id='word_1_43' title='bbox 915 697 976 748; x_wconf 84' lang='grc' dir='ltr'>ἆν</span> <span class='ocrx_word' id='word_1_44' title='bbox 1007 700 1097 759; x_wconf 80' lang='grc' dir='ltr'>τὰς</span> <span class='ocrx_word' id='word_1_45' title='bbox 1127 701 1217 770; x_wconf 68' lang='grc' dir='ltr'>μεν</span> <span class='ocrx_word' id='word_1_46' title='bbox 1261 699 1473 760; x_wconf 78' lang='grc' dir='ltr'>κλήσεις</span> <span class='ocrx_word' id='word_1_47' title='bbox 1503 700 1690 771; x_wconf 78' lang='grc' dir='ltr'>φυλάτ-</span> 
     </span>
    </p>
   </div>
   <div class='ocr_carea' id='block_1_8' title="bbox 110 783 1689 860">
    <p class='ocr_par' dir='ltr' id='par_1_8' title="bbox 110 783 1689 860">
     <span class='ocr_line' id='line_1_8' title="bbox 110 783 1689 860; baseline 0.003 -25"><span class='ocrx_word' id='word_1_48' title='bbox 110 803 241 836; x_wconf 79' lang='grc' dir='ltr'>τωσιν</span> <span class='ocrx_word' id='word_1_49' title='bbox 282 787 354 846; x_wconf 75' lang='grc' dir='ltr'>ὡς</span> <span class='ocrx_word' id='word_1_50' title='bbox 391 783 702 858; x_wconf 71' lang='grc' dir='ltr'>παρέλαϐον,</span> <span class='ocrx_word' id='word_1_51' title='bbox 734 789 794 838; x_wconf 85' lang='grc' dir='ltr'>τὸ</span> <span class='ocrx_word' id='word_1_52' title='bbox 835 795 1027 860; x_wconf 80' lang='grc' dir='ltr'>σχῆμα</span> <span class='ocrx_word' id='word_1_53' title='bbox 1071 784 1129 840; x_wconf 70' lang='grc' dir='ltr'>δὲ</span> <span class='ocrx_word' id='word_1_54' title='bbox 1174 796 1268 850; x_wconf 86' lang='grc' dir='ltr'>τῆς</span> <span class='ocrx_word' id='word_1_55' title='bbox 1297 787 1346 839; x_wconf 88' lang='grc' dir='ltr'>ἐν</span> <span class='ocrx_word' id='word_1_56' title='bbox 1390 796 1461 858; x_wconf 82' lang='grc' dir='ltr'>τῷ</span> <span class='ocrx_word' id='word_1_57' title='bbox 1500 787 1689 860; x_wconf 77' lang='grc' dir='ltr'>βαπτίο</span> 
     </span>
    </p>
   </div>
   <div class='ocr_carea' id='block_1_9' title="bbox 109 869 1690 949">
    <p class='ocr_par' dir='ltr' id='par_1_9' title="bbox 109 869 1690 949">
     <span class='ocr_line' id='line_1_9' title="bbox 109 869 1690 949; baseline 0.003 -24"><span class='ocrx_word' id='word_1_58' title='bbox 109 891 241 944; x_wconf 62' lang='lat' dir='ltr'>spari</span> <span class='ocrx_word' id='word_1_59' title='bbox 266 869 614 934; x_wconf 79' lang='grc' dir='ltr'>καταδύσεως</span> <span class='ocrx_word' id='word_1_60' title='bbox 666 878 740 944; x_wconf 73' lang='grc' dir='ltr'>μὴ</span> <span class='ocrx_word' id='word_1_61' title='bbox 793 871 1186 941; x_wconf 80' lang='grc' dir='ltr'>συνδυάσωσιν,</span> <span class='ocrx_word' id='word_1_62' title='bbox 1247 874 1374 928; x_wconf 80' lang='grc' dir='ltr'>ἀλλὰ</span> <span class='ocrx_word' id='word_1_63' title='bbox 1428 872 1522 928; x_wconf 77' lang='grc' dir='ltr'>διὰ</span> <span class='ocrx_word' id='word_1_64' title='bbox 1567 883 1690 949; x_wconf 86' lang='grc' dir='ltr'>μιᾶς</span> 
     </span>
    </p>
   </div>
   <div class='ocr_carea' id='block_1_10' title="bbox 107 962 1691 1039">
    <p class='ocr_par' dir='ltr' id='par_1_10' title="bbox 107 962 1691 1039">
     <span class='ocr_line' id='line_1_10' title="bbox 107 962 1691 1039; baseline 0.003 -26"><span class='ocrx_word' id='word_1_65' title='bbox 107 962 198 1014; x_wconf 73' lang='grc' dir='ltr'>ἐστὶ</span> <span class='ocrx_word' id='word_1_66' title='bbox 246 971 349 1014; x_wconf 79' lang='grc' dir='ltr'>τῶν</span> <span class='ocrx_word' id='word_1_67' title='bbox 400 970 562 1033; x_wconf 80' lang='grc' dir='ltr'>τριῶν</span> <span class='ocrx_word' id='word_1_68' title='bbox 614 965 702 1015; x_wconf 85' lang='grc' dir='ltr'>τὸν</span> <span class='ocrx_word' id='word_1_69' title='bbox 753 962 1135 1037; x_wconf 76' lang='grc' dir='ltr'>βαπτιζόμενον</span> <span class='ocrx_word' id='word_1_70' title='bbox 1187 965 1524 1035; x_wconf 84' lang='grc' dir='ltr'>τελειώσωσι,</span> <span class='ocrx_word' id='word_1_71' title='bbox 1564 966 1691 1039; x_wconf 84' lang='grc' dir='ltr'>μᾶλ-</span> 
     </span>
    </p>
   </div>
   <div class='ocr_carea' id='block_1_11' title="bbox 104 1049 1690 1128">
    <p class='ocr_par' dir='ltr' id='par_1_11' title="bbox 104 1049 1690 1128">
     <span class='ocr_line' id='line_1_11' title="bbox 104 1049 1690 1128; baseline 0.002 -25"><span class='ocrx_word' id='word_1_72' title='bbox 104 1052 170 1104; x_wconf 71' lang='grc' dir='ltr'>λον</span> <span class='ocrx_word' id='word_1_73' title='bbox 210 1049 263 1104; x_wconf 61' lang='grc' dir='ltr'>δε</span> <span class='ocrx_word' id='word_1_74' title='bbox 313 1051 481 1104; x_wconf 77' lang='grc' dir='ltr'>εἰπεῖν</span> <span class='ocrx_word' id='word_1_75' title='bbox 533 1051 842 1128; x_wconf 83' lang='grc' dir='ltr'>οἰκειότερον</span> <span class='ocrx_word' id='word_1_76' title='bbox 897 1053 1290 1123; x_wconf 85' lang='grc' dir='ltr'>συντελέσωσιν,</span> <span class='ocrx_word' id='word_1_77' title='bbox 1355 1052 1472 1108; x_wconf 69' lang='grc' dir='ltr'>οὐδ’</span> <span class='ocrx_word' id='word_1_78' title='bbox 1513 1054 1574 1106; x_wconf 79' lang='grc' dir='ltr'>ἂν</span> <span class='ocrx_word' id='word_1_79' title='bbox 1627 1058 1690 1108; x_wconf 80' lang='grc' dir='ltr'>τὰ</span> 
     </span>
    </p>
   </div>
   <div class='ocr_carea' id='block_1_12' title="bbox 104 1140 1690 1210">
    <p class='ocr_par' dir='ltr' id='par_1_12' title="bbox 104 1140 1690 1210">
     <span class='ocr_line' id='line_1_12' title="bbox 104 1140 1690 1210; baseline 0.003 -19"><span class='ocrx_word' id='word_1_80' title='bbox 104 1147 174 1210; x_wconf 68' lang='grc' dir='ltr'>μιν</span> <span class='ocrx_word' id='word_1_81' title='bbox 220 1140 356 1192; x_wconf 64' lang='grc' dir='ltr'>ἄλλα</span> <span class='ocrx_word' id='word_1_82' title='bbox 393 1150 490 1202; x_wconf 79' lang='grc' dir='ltr'>τῆς</span> <span class='ocrx_word' id='word_1_83' title='bbox 533 1141 744 1204; x_wconf 73' lang='grc' dir='ltr'>ἐντολῆς</span> <span class='ocrx_word' id='word_1_84' title='bbox 784 1141 1139 1207; x_wconf 75' lang='grc' dir='ltr'>ἐκτελέσωσιν,</span> <span class='ocrx_word' id='word_1_85' title='bbox 1186 1143 1253 1204; x_wconf 87' lang='grc' dir='ltr'>εἰς</span> <span class='ocrx_word' id='word_1_86' title='bbox 1285 1141 1344 1196; x_wconf 70' lang='grc' dir='ltr'>δὲ</span> <span class='ocrx_word' id='word_1_87' title='bbox 1394 1147 1482 1196; x_wconf 87' lang='grc' dir='ltr'>τόν</span> <span class='ocrx_word' id='word_1_88' title='bbox 1533 1146 1690 1196; x_wconf 85' lang='grc' dir='ltr'>θάνα-</span> 
     </span>
    </p>
   </div>
   <div class='ocr_carea' id='block_1_13' title="bbox 104 1228 1689 1305">
    <p class='ocr_par' dir='ltr' id='par_1_13' title="bbox 104 1228 1689 1305">
     <span class='ocr_line' id='line_1_13' title="bbox 104 1228 1689 1305; baseline 0.003 -24"><span class='ocrx_word' id='word_1_89' title='bbox 104 1234 171 1281; x_wconf 77' lang='grc' dir='ltr'>τόν</span> <span class='ocrx_word' id='word_1_90' title='bbox 208 1237 295 1282; x_wconf 85' lang='grc' dir='ltr'>τοῦ</span> <span class='ocrx_word' id='word_1_91' title='bbox 333 1235 540 1304; x_wconf 77' lang='grc' dir='ltr'>Κυρίου</span> <span class='ocrx_word' id='word_1_92' title='bbox 595 1228 957 1303; x_wconf 87' lang='grc' dir='ltr'>βαπτίσωσιν,</span> <span class='ocrx_word' id='word_1_93' title='bbox 1007 1231 1066 1284; x_wconf 79' lang='grc' dir='ltr'>οὐ</span> <span class='ocrx_word' id='word_1_94' title='bbox 1105 1237 1196 1305; x_wconf 74' lang='grc' dir='ltr'>μὲν</span> <span class='ocrx_word' id='word_1_95' title='bbox 1243 1229 1330 1285; x_wconf 80' lang='grc' dir='ltr'>οὖν</span> <span class='ocrx_word' id='word_1_96' title='bbox 1387 1241 1478 1294; x_wconf 81' lang='grc' dir='ltr'>τῆς</span> <span class='ocrx_word' id='word_1_97' title='bbox 1520 1234 1689 1295; x_wconf 82' lang='grc' dir='ltr'>αἰτίας</span> 
     </span>
    </p>
   </div>
   <div class='ocr_carea' id='block_1_14' title="bbox 100 1317 1686 1395">
    <p class='ocr_par' dir='ltr' id='par_1_14' title="bbox 100 1317 1686 1395">
     <span class='ocr_line' id='line_1_14' title="bbox 100 1317 1686 1395; baseline 0.004 -26"><span class='ocrx_word' id='word_1_98' title='bbox 100 1319 172 1369; x_wconf 62' lang='grc' dir='ltr'>οὐκ</span> <span class='ocrx_word' id='word_1_99' title='bbox 211 1317 555 1373; x_wconf 72' lang='grc' dir='ltr'>ἀπολύονται.</span> <span class='ocrx_word' id='word_1_100' title='bbox 585 1327 671 1390; x_wconf 84' lang='grc' dir='ltr'>Τῷ</span> <span class='ocrx_word' id='word_1_101' title='bbox 721 1317 776 1373; x_wconf 72' lang='grc' dir='ltr'>δ’</span> <span class='ocrx_word' id='word_1_102' title='bbox 824 1325 963 1392; x_wconf 75' lang='grc' dir='ltr'>αὐτῷ</span> <span class='ocrx_word' id='word_1_103' title='bbox 1011 1327 1386 1394; x_wconf 75' lang='grc' dir='ltr'>περιπίπτουσι</span> <span class='ocrx_word' id='word_1_104' title='bbox 1429 1327 1518 1375; x_wconf 86' lang='grc' dir='ltr'>καὶ</span> <span class='ocrx_word' id='word_1_105' title='bbox 1573 1328 1686 1395; x_wconf 83' lang='grc' dir='ltr'>κρί-</span> 
     </span>
    </p>
   </div>
   <div class='ocr_carea' id='block_1_15' title="bbox 101 1408 1689 1487">
    <p class='ocr_par' dir='ltr' id='par_1_15' title="bbox 101 1408 1689 1487">
     <span class='ocr_line' id='line_1_15' title="bbox 101 1408 1689 1487; baseline 0.002 -26"><span class='ocrx_word' id='word_1_106' title='bbox 101 1415 312 1462; x_wconf 61' lang='lat' dir='ltr'>uariata)</span> <span class='ocrx_word' id='word_1_107' title='bbox 374 1408 670 1481; x_wconf 70' lang='grc' dir='ltr'>ἐγκλήματι</span> <span class='ocrx_word' id='word_1_108' title='bbox 706 1429 720 1442; x_wconf 77' lang='grc' dir='ltr'>ο</span> <span class='ocrx_word' id='word_1_109' title='bbox 774 1411 805 1467; x_wconf 84' lang='grc' dir='ltr'>ἡ</span> <span class='ocrx_word' id='word_1_110' title='bbox 864 1413 964 1486; x_wconf 74' lang='grc' dir='ltr'>γάρ</span> <span class='ocrx_word' id='word_1_111' title='bbox 1014 1409 1062 1463; x_wconf 77' lang='grc' dir='ltr'>ἓν</span> <span class='ocrx_word' id='word_1_112' title='bbox 1109 1419 1221 1473; x_wconf 89' lang='grc' dir='ltr'>τοῖς</span> <span class='ocrx_word' id='word_1_113' title='bbox 1271 1413 1472 1483; x_wconf 85' lang='grc' dir='ltr'>ὁμοίοις</span> <span class='ocrx_word' id='word_1_114' title='bbox 1516 1414 1689 1487; x_wconf 86' lang='grc' dir='ltr'>παρά-</span> 
     </span>
    </p>
   </div>
   <div class='ocr_carea' id='block_1_16' title="bbox 98 1496 1682 1574">
    <p class='ocr_par' dir='ltr' id='par_1_16' title="bbox 98 1496 1682 1574">
     <span class='ocr_line' id='line_1_16' title="bbox 98 1496 1682 1574; baseline 0.001 -24"><span class='ocrx_word' id='word_1_115' title='bbox 98 1496 221 1559; x_wconf 71' lang='grc' dir='ltr'>ϐασις</span> <span class='ocrx_word' id='word_1_116' title='bbox 265 1502 374 1556; x_wconf 67' lang='grc' dir='ltr'>τὴν</span> <span class='ocrx_word' id='word_1_117' title='bbox 428 1499 617 1570; x_wconf 78' lang='grc' dir='ltr'>ὁμοίαν</span> <span class='ocrx_word' id='word_1_118' title='bbox 667 1503 924 1573; x_wconf 76' lang='grc' dir='ltr'>τιμωρίαν</span> <span class='ocrx_word' id='word_1_119' title='bbox 985 1499 1370 1572; x_wconf 81' lang='grc' dir='ltr'>εἰσπράττεται.</span> <span class='ocrx_word' id='word_1_120' title='bbox 1421 1506 1522 1554; x_wconf 82' lang='grc' dir='ltr'>Καὶ</span> <span class='ocrx_word' id='word_1_121' title='bbox 1582 1504 1682 1574; x_wconf 78' lang='grc' dir='ltr'>γὰρ</span> 
     </span>
    </p>
   </div>
   <div class='ocr_carea' id='block_1_17' title="bbox 98 1585 1686 1660">
    <p class='ocr_par' dir='ltr' id='par_1_17' title="bbox 98 1585 1686 1660">
     <span class='ocr_line' id='line_1_17' title="bbox 98 1585 1686 1660; baseline 0.003 -23"><span class='ocrx_word' id='word_1_122' title='bbox 98 1587 252 1648; x_wconf 74' lang='grc' dir='ltr'>ἐπίσης</span> <span class='ocrx_word' id='word_1_123' title='bbox 313 1590 453 1660; x_wconf 81' lang='grc' dir='ltr'>πρὸς</span> <span class='ocrx_word' id='word_1_124' title='bbox 502 1590 600 1645; x_wconf 85' lang='grc' dir='ltr'>τὴν</span> <span class='ocrx_word' id='word_1_125' title='bbox 647 1585 896 1646; x_wconf 75' lang='grc' dir='ltr'>ἀθέτησιν</span> <span class='ocrx_word' id='word_1_126' title='bbox 979 1587 1316 1641; x_wconf 77' lang='grc' dir='ltr'>ἀποκλίνουσι</span> <span class='ocrx_word' id='word_1_127' title='bbox 1384 1599 1476 1651; x_wconf 81' lang='grc' dir='ltr'>τῆς</span> <span class='ocrx_word' id='word_1_128' title='bbox 1530 1589 1686 1642; x_wconf 81' lang='grc' dir='ltr'>σεϐα-</span> 
     </span>
    </p>
   </div>
   <div class='ocr_carea' id='block_1_18' title="bbox 97 1675 1683 1752">
    <p class='ocr_par' dir='ltr' id='par_1_18' title="bbox 97 1675 1683 1752">
     <span class='ocr_line' id='line_1_18' title="bbox 97 1675 1683 1752; baseline 0.001 -25"><span class='ocrx_word' id='word_1_129' title='bbox 97 1681 223 1746; x_wconf 71' lang='grc' dir='ltr'>σμίου</span> <span class='ocrx_word' id='word_1_130' title='bbox 295 1675 511 1736; x_wconf 76' lang='grc' dir='ltr'>ἐντολῆς</span> <span class='ocrx_word' id='word_1_131' title='bbox 564 1680 655 1728; x_wconf 84' lang='grc' dir='ltr'>καὶ</span> <span class='ocrx_word' id='word_1_132' title='bbox 717 1679 833 1728; x_wconf 85' lang='grc' dir='ltr'>ὅσοι</span> <span class='ocrx_word' id='word_1_133' title='bbox 885 1677 1001 1730; x_wconf 89' lang='grc' dir='ltr'>καθ’</span> <span class='ocrx_word' id='word_1_134' title='bbox 1065 1679 1232 1752; x_wconf 79' lang='grc' dir='ltr'>ἕτερόν</span> <span class='ocrx_word' id='word_1_135' title='bbox 1313 1698 1428 1730; x_wconf 88' lang='grc' dir='ltr'>τινα</span> <span class='ocrx_word' id='word_1_136' title='bbox 1492 1684 1683 1750; x_wconf 84' lang='grc' dir='ltr'>τρόπον</span> 
     </span>
    </p>
   </div>
   <div class='ocr_carea' id='block_1_19' title="bbox 1801 524 3457 596">
    <p class='ocr_par' dir='ltr' id='par_1_19' title="bbox 1801 524 3457 596">
     <span class='ocr_line' id='line_1_19' title="bbox 1801 524 3457 596; baseline 0.002 -18"><span class='ocrx_word' id='word_1_137' title='bbox 1801 525 2056 588; x_wconf 89' lang='lat' dir='ltr'>nuerint,</span> <span class='ocrx_word' id='word_1_138' title='bbox 2088 524 2476 580; x_wconf 85' lang='lat' dir='ltr'>nihilominus</span> <span class='ocrx_word' id='word_1_139' title='bbox 2509 524 2654 596; x_wconf 89' lang='lat' dir='ltr'>quin</span> <span class='ocrx_word' id='word_1_140' title='bbox 2682 539 2888 596; x_wconf 90' lang='lat' dir='ltr'>parem</span> <span class='ocrx_word' id='word_1_141' title='bbox 2910 539 3144 596; x_wconf 85' lang='lat' dir='ltr'>pcenam</span> <span class='ocrx_word' id='word_1_142' title='bbox 3179 525 3457 593; x_wconf 84' lang='lat' dir='ltr'>subeant,</span> 
     </span>
    </p>
   </div>
   <div class='ocr_carea' id='block_1_20' title="bbox 1801 610 3460 685">
    <p class='ocr_par' dir='ltr' id='par_1_20' title="bbox 1801 610 3460 685">
     <span class='ocr_line' id='line_1_20' title="bbox 1801 610 3460 685; baseline 0.003 -19"><span class='ocrx_word' id='word_1_143' title='bbox 1801 610 1920 667; x_wconf 89' lang='lat' dir='ltr'>ﬁeri</span> <span class='ocrx_word' id='word_1_144' title='bbox 1952 628 2068 668; x_wconf 94' lang='lat' dir='ltr'>non</span> <span class='ocrx_word' id='word_1_145' title='bbox 2096 617 2288 684; x_wconf 85' lang='lat' dir='ltr'>potest</span> <span class='ocrx_word' id='word_1_146' title='bbox 2319 629 2332 678; x_wconf 93' lang='lat'><strong>;</strong></span> <span class='ocrx_word' id='word_1_147' title='bbox 2358 627 2529 684; x_wconf 74' lang='lat' dir='ltr'>asque</span> <span class='ocrx_word' id='word_1_148' title='bbox 2557 612 2716 668; x_wconf 91' lang='lat' dir='ltr'>enim</span> <span class='ocrx_word' id='word_1_149' title='bbox 2745 612 3050 670; x_wconf 92' lang='lat' dir='ltr'>Dominico</span> <span class='ocrx_word' id='word_1_150' title='bbox 3076 614 3348 685; x_wconf 81' lang='lat' dir='ltr'>dogmati</span> <span class='ocrx_word' id='word_1_151' title='bbox 3374 616 3460 671; x_wconf 91' lang='lat' dir='ltr'>in-</span> 
     </span>
    </p>
   </div>
   <div class='ocr_carea' id='block_1_21' title="bbox 1796 699 3460 773">
    <p class='ocr_par' dir='ltr' id='par_1_21' title="bbox 1796 699 3460 773">
     <span class='ocr_line' id='line_1_21' title="bbox 1796 699 3460 773; baseline 0.004 -19"><span class='ocrx_word' id='word_1_152' title='bbox 1796 699 1934 769; x_wconf 91' lang='lat' dir='ltr'>jurii</span> <span class='ocrx_word' id='word_1_153' title='bbox 1964 707 2120 756; x_wconf 91' lang='lat' dir='ltr'>sunt.</span> <span class='ocrx_word' id='word_1_154' title='bbox 2154 703 2218 756; x_wconf 89' lang='lat' dir='ltr'>Et</span> <span class='ocrx_word' id='word_1_155' title='bbox 2248 700 2296 756; x_wconf 88' lang='lat' dir='ltr'>si</span> <span class='ocrx_word' id='word_1_156' title='bbox 2328 701 2472 756; x_wconf 87' lang='lat' dir='ltr'>forte</span> <span class='ocrx_word' id='word_1_157' title='bbox 2503 701 2931 773; x_wconf 80' lang='lat' dir='ltr'>appellationes</span> <span class='ocrx_word' id='word_1_158' title='bbox 2973 703 3310 759; x_wconf 89' lang='lat' dir='ltr'>secundum</span> <span class='ocrx_word' id='word_1_159' title='bbox 3345 708 3460 761; x_wconf 89' lang='lat' dir='ltr'>tra-</span> 
     </span>
    </p>
   </div>
   <div class='ocr_carea' id='block_1_22' title="bbox 1801 789 3457 863">
    <p class='ocr_par' dir='ltr' id='par_1_22' title="bbox 1801 789 3457 863">
     <span class='ocr_line' id='line_1_22' title="bbox 1801 789 3457 863; baseline 0.004 -20"><span class='ocrx_word' id='word_1_160' title='bbox 1801 789 2084 846; x_wconf 90' lang='lat' dir='ltr'>ditionem</span> <span class='ocrx_word' id='word_1_161' title='bbox 2125 790 2435 857; x_wconf 80' lang='lat' dir='ltr'>retineant,</span> <span class='ocrx_word' id='word_1_162' title='bbox 2475 791 2764 845; x_wconf 90' lang='lat' dir='ltr'>rationem</span> <span class='ocrx_word' id='word_1_163' title='bbox 2807 794 3008 846; x_wconf 91' lang='lat' dir='ltr'>tamen</span> <span class='ocrx_word' id='word_1_164' title='bbox 3052 791 3112 845; x_wconf 94' lang='lat' dir='ltr'>in</span> <span class='ocrx_word' id='word_1_165' title='bbox 3152 791 3457 863; x_wconf 88' lang='lat' dir='ltr'>baptismo</span> 
     </span>
    </p>
   </div>
   <div class='ocr_carea' id='block_1_23' title="bbox 1797 876 3456 952">
    <p class='ocr_par' dir='ltr' id='par_1_23' title="bbox 1797 876 3456 952">
     <span class='ocr_line' id='line_1_23' title="bbox 1797 876 3456 952; baseline 0.002 -19"><span class='ocrx_word' id='word_1_166' title='bbox 1797 876 2119 946; x_wconf 80' lang='lat' dir='ltr'>legitimam</span> <span class='ocrx_word' id='word_1_167' title='bbox 2152 894 2273 934; x_wconf 90' lang='lat' dir='ltr'>non</span> <span class='ocrx_word' id='word_1_168' title='bbox 2313 878 2492 933; x_wconf 86' lang='lat' dir='ltr'>simul</span> <span class='ocrx_word' id='word_1_169' title='bbox 2533 882 2842 949; x_wconf 80' lang='lat' dir='ltr'>usurpant,</span> <span class='ocrx_word' id='word_1_170' title='bbox 2870 895 3080 934; x_wconf 87' lang='lat' dir='ltr'>verum</span> <span class='ocrx_word' id='word_1_171' title='bbox 3125 879 3301 935; x_wconf 86' lang='lat' dir='ltr'>unica</span> <span class='ocrx_word' id='word_1_172' title='bbox 3345 896 3456 952; x_wconf 88' lang='lat' dir='ltr'>pro</span> 
     </span>
    </p>
   </div>
   <div class='ocr_carea' id='block_1_24' title="bbox 1801 965 3458 1039">
    <p class='ocr_par' dir='ltr' id='par_1_24' title="bbox 1801 965 3458 1039">
     <span class='ocr_line' id='line_1_24' title="bbox 1801 965 3458 1039; baseline 0.003 -19"><span class='ocrx_word' id='word_1_173' title='bbox 1801 965 1986 1021; x_wconf 89' lang='lat' dir='ltr'>tribus</span> <span class='ocrx_word' id='word_1_174' title='bbox 2030 966 2413 1022; x_wconf 90' lang='lat' dir='ltr'>immersione</span> <span class='ocrx_word' id='word_1_175' title='bbox 2470 967 2898 1039; x_wconf 90' lang='lat' dir='ltr'>baptizandum</span> <span class='ocrx_word' id='word_1_176' title='bbox 2939 967 3189 1034; x_wconf 89' lang='lat' dir='ltr'>initient,</span> <span class='ocrx_word' id='word_1_177' title='bbox 3239 983 3342 1024; x_wconf 90' lang='lat' dir='ltr'>seu</span> <span class='ocrx_word' id='word_1_178' title='bbox 3391 971 3458 1024; x_wconf 86' lang='lat' dir='ltr'>ut</span> 
     </span>
    </p>
   </div>
   <div class='ocr_carea' id='block_1_25' title="bbox 1799 1055 3452 1130">
    <p class='ocr_par' dir='ltr' id='par_1_25' title="bbox 1799 1055 3452 1130">
     <span class='ocr_line' id='line_1_25' title="bbox 1799 1055 3452 1130; baseline 0.002 -21"><span class='ocrx_word' id='word_1_179' title='bbox 1799 1055 1990 1125; x_wconf 87' lang='lat' dir='ltr'>aptius</span> <span class='ocrx_word' id='word_1_180' title='bbox 2018 1055 2227 1127; x_wconf 88' lang='lat' dir='ltr'>loquar</span> <span class='ocrx_word' id='word_1_181' title='bbox 2247 1055 2594 1128; x_wconf 88' lang='lat' dir='ltr'>perﬁciant;</span> <span class='ocrx_word' id='word_1_182' title='bbox 2630 1055 2769 1111; x_wconf 92' lang='lat' dir='ltr'>item</span> <span class='ocrx_word' id='word_1_183' title='bbox 2804 1056 2853 1110; x_wconf 90' lang='lat' dir='ltr'>si</span> <span class='ocrx_word' id='word_1_184' title='bbox 2884 1055 3147 1128; x_wconf 89' lang='lat' dir='ltr'>reliquas</span> <span class='ocrx_word' id='word_1_185' title='bbox 3173 1057 3452 1130; x_wconf 61' lang='lat' dir='ltr'>praecepti</span> 
     </span>
    </p>
   </div>
   <div class='ocr_carea' id='block_1_26' title="bbox 1799 1144 3450 1218">
    <p class='ocr_par' dir='ltr' id='par_1_26' title="bbox 1799 1144 3450 1218">
     <span class='ocr_line' id='line_1_26' title="bbox 1799 1144 3450 1218; baseline 0.003 -20"><span class='ocrx_word' id='word_1_186' title='bbox 1799 1148 1998 1214; x_wconf 89' lang='lat' dir='ltr'>partes</span> <span class='ocrx_word' id='word_1_187' title='bbox 2046 1150 2270 1210; x_wconf 90' lang='lat' dir='ltr'>curent,</span> <span class='ocrx_word' id='word_1_188' title='bbox 2303 1145 2362 1200; x_wconf 91' lang='lat' dir='ltr'>in</span> <span class='ocrx_word' id='word_1_189' title='bbox 2405 1144 2616 1200; x_wconf 82' lang='lat' dir='ltr'>Christi</span> <span class='ocrx_word' id='word_1_190' title='bbox 2663 1149 2861 1200; x_wconf 92' lang='lat' dir='ltr'>autem</span> <span class='ocrx_word' id='word_1_191' title='bbox 2908 1149 3092 1200; x_wconf 90' lang='lat' dir='ltr'>morte</span> <span class='ocrx_word' id='word_1_192' title='bbox 3130 1145 3450 1218; x_wconf 90' lang='lat' dir='ltr'>baptizent,</span> 
     </span>
    </p>
   </div>
   <div class='ocr_carea' id='block_1_27' title="bbox 1797 1232 3454 1306">
    <p class='ocr_par' dir='ltr' id='par_1_27' title="bbox 1797 1232 3454 1306">
     <span class='ocr_line' id='line_1_27' title="bbox 1797 1232 3454 1306; baseline 0.003 -20"><span class='ocrx_word' id='word_1_193' title='bbox 1797 1232 2046 1287; x_wconf 89' lang='lat' dir='ltr'>crimine</span> <span class='ocrx_word' id='word_1_194' title='bbox 2091 1247 2212 1288; x_wconf 92' lang='lat' dir='ltr'>non</span> <span class='ocrx_word' id='word_1_195' title='bbox 2259 1233 2602 1298; x_wconf 84' lang='lat' dir='ltr'>vacabunt;</span> <span class='ocrx_word' id='word_1_196' title='bbox 2635 1232 2757 1287; x_wconf 92' lang='lat' dir='ltr'>imo</span> <span class='ocrx_word' id='word_1_197' title='bbox 2797 1232 2954 1287; x_wconf 87' lang='lat' dir='ltr'>haud</span> <span class='ocrx_word' id='word_1_198' title='bbox 3011 1233 3229 1288; x_wconf 86' lang='lat' dir='ltr'>minori</span> <span class='ocrx_word' id='word_1_199' title='bbox 3275 1235 3454 1306; x_wconf 90' lang='lat' dir='ltr'>culpa</span> 
     </span>
    </p>
   </div>
   <div class='ocr_carea' id='block_1_28' title="bbox 1796 1321 3453 1393">
    <p class='ocr_par' dir='ltr' id='par_1_28' title="bbox 1796 1321 3453 1393">
     <span class='ocr_line' id='line_1_28' title="bbox 1796 1321 3453 1393; baseline 0.001 -17"><span class='ocrx_word' id='word_1_200' title='bbox 1796 1336 2076 1393; x_wconf 84' lang='lat' dir='ltr'>noxaque</span> <span class='ocrx_word' id='word_1_201' title='bbox 2103 1327 2288 1376; x_wconf 90' lang='lat' dir='ltr'>semet</span> <span class='ocrx_word' id='word_1_202' title='bbox 2317 1322 2598 1376; x_wconf 86' lang='lat' dir='ltr'>irretient.</span> <span class='ocrx_word' id='word_1_203' title='bbox 2630 1324 2776 1376; x_wconf 89' lang='lat' dir='ltr'>Nam</span> <span class='ocrx_word' id='word_1_204' title='bbox 2811 1337 2982 1392; x_wconf 58' lang='lat' dir='ltr'>aeque</span> <span class='ocrx_word' id='word_1_205' title='bbox 3021 1321 3100 1378; x_wconf 90' lang='lat' dir='ltr'>ad</span> <span class='ocrx_word' id='word_1_206' title='bbox 3127 1323 3453 1378; x_wconf 88' lang='lat' dir='ltr'>venerandi</span> 
     </span>
    </p>
   </div>
   <div class='ocr_carea' id='block_1_29' title="bbox 1795 1409 3454 1483">
    <p class='ocr_par' dir='ltr' id='par_1_29' title="bbox 1795 1409 3454 1483">
     <span class='ocr_line' id='line_1_29' title="bbox 1795 1409 3454 1483; baseline 0.001 -17"><span class='ocrx_word' id='word_1_207' title='bbox 1795 1411 2059 1466; x_wconf 91' lang='lat' dir='ltr'>mandati</span> <span class='ocrx_word' id='word_1_208' title='bbox 2095 1410 2479 1466; x_wconf 90' lang='lat' dir='ltr'>violationem</span> <span class='ocrx_word' id='word_1_209' title='bbox 2510 1409 2872 1465; x_wconf 84' lang='lat' dir='ltr'>incumbunt</span> <span class='ocrx_word' id='word_1_210' title='bbox 2905 1415 3028 1466; x_wconf 90' lang='lat' dir='ltr'>tum</span> <span class='ocrx_word' id='word_1_211' title='bbox 3057 1411 3162 1483; x_wconf 86' lang='lat' dir='ltr'>qui</span> <span class='ocrx_word' id='word_1_212' title='bbox 3189 1411 3307 1467; x_wconf 90' lang='lat' dir='ltr'>alio</span> <span class='ocrx_word' id='word_1_213' title='bbox 3337 1413 3454 1468; x_wconf 89' lang='lat' dir='ltr'>ritu</span> 
     </span>
    </p>
   </div>
   <div class='ocr_carea' id='block_1_30' title="bbox 1794 1498 3451 1573">
    <p class='ocr_par' dir='ltr' id='par_1_30' title="bbox 1794 1498 3451 1573">
     <span class='ocr_line' id='line_1_30' title="bbox 1794 1498 3451 1573; baseline 0.002 -19"><span class='ocrx_word' id='word_1_214' title='bbox 1794 1499 2064 1572; x_wconf 89' lang='lat' dir='ltr'>quolibet</span> <span class='ocrx_word' id='word_1_215' title='bbox 2095 1503 2306 1571; x_wconf 59' lang='lat' dir='ltr'>praeter</span> <span class='ocrx_word' id='word_1_216' title='bbox 2328 1499 2602 1568; x_wconf 84' lang='lat' dir='ltr'>legimum</span> <span class='ocrx_word' id='word_1_217' title='bbox 2637 1498 2962 1570; x_wconf 72' lang='lat' dir='ltr'>baptizent,</span> <span class='ocrx_word' id='word_1_218' title='bbox 3013 1505 3137 1555; x_wconf 90' lang='lat' dir='ltr'>tum</span> <span class='ocrx_word' id='word_1_219' title='bbox 3169 1501 3270 1573; x_wconf 87' lang='lat' dir='ltr'>qui</span> <span class='ocrx_word' id='word_1_220' title='bbox 3312 1517 3451 1557; x_wconf 90' lang='lat' dir='ltr'>cum</span> 
     </span>
    </p>
   </div>
   <div class='ocr_carea' id='block_1_31' title="bbox 1795 1584 3449 1659">
    <p class='ocr_par' dir='ltr' id='par_1_31' title="bbox 1795 1584 3449 1659">
     <span class='ocr_line' id='line_1_31' title="bbox 1795 1584 3449 1659; baseline 0.003 -19"><span class='ocrx_word' id='word_1_221' title='bbox 1795 1584 2006 1642; x_wconf 85' lang='lat' dir='ltr'>Christi</span> <span class='ocrx_word' id='word_1_222' title='bbox 2030 1592 2132 1642; x_wconf 92' lang='lat' dir='ltr'>aut</span> <span class='ocrx_word' id='word_1_223' title='bbox 2149 1587 2355 1642; x_wconf 84' lang='lat' dir='ltr'>mortis</span> <span class='ocrx_word' id='word_1_224' title='bbox 2373 1585 2644 1657; x_wconf 89' lang='lat' dir='ltr'>ejusdem</span> <span class='ocrx_word' id='word_1_225' title='bbox 2664 1585 3064 1658; x_wconf 87' lang='lat' dir='ltr'>appellatione</span> <span class='ocrx_word' id='word_1_226' title='bbox 3081 1587 3449 1659; x_wconf 86' lang='lat' dir='ltr'>baptismum</span> 
     </span>
    </p>
   </div>
   <div class='ocr_carea' id='block_1_32' title="bbox 1792 1676 2140 1732">
    <p class='ocr_par' dir='ltr' id='par_1_32' title="bbox 1792 1676 2140 1732">
     <span class='ocr_line' id='line_1_32' title="bbox 1792 1676 2140 1732; baseline -0.006 0"><span class='ocrx_word' id='word_1_227' title='bbox 1792 1676 2140 1732; x_wconf 89' lang='lat' dir='ltr'>conﬁciunt.</span> 
     </span>
    </p>
   </div>
   <div class='ocr_carea' id='block_1_33' title="bbox 96 1763 3450 1840">
    <p class='ocr_par' dir='ltr' id='par_1_33' title="bbox 96 1763 3450 1840">
     <span class='ocr_line' id='line_1_33' title="bbox 96 1763 3450 1840; baseline 0 -23"><span class='ocrx_word' id='word_1_228' title='bbox 96 1763 352 1834; x_wconf 70' lang='grc' dir='ltr'>βαπτίζειν</span> <span class='ocrx_word' id='word_1_229' title='bbox 384 1765 704 1837; x_wconf 74' lang='grc' dir='ltr'>ἐτόλμησαν,</span> <span class='ocrx_word' id='word_1_230' title='bbox 753 1771 843 1819; x_wconf 86' lang='grc' dir='ltr'>καὶ</span> <span class='ocrx_word' id='word_1_231' title='bbox 881 1768 1020 1828; x_wconf 86' lang='grc' dir='ltr'>ὅσοις</span> <span class='ocrx_word' id='word_1_232' title='bbox 1058 1763 1204 1830; x_wconf 78' lang='grc' dir='ltr'>ἔδοξε</span> <span class='ocrx_word' id='word_1_233' title='bbox 1233 1775 1294 1839; x_wconf 80' lang='grc' dir='ltr'>τῇ</span> <span class='ocrx_word' id='word_1_234' title='bbox 1337 1766 1606 1826; x_wconf 82' lang='grc' dir='ltr'>ἐπικλήσει</span> <span class='ocrx_word' id='word_1_235' title='bbox 1635 1774 1726 1820; x_wconf 85' lang='grc' dir='ltr'>τοῦ</span> <span class='ocrx_word' id='word_1_236' title='bbox 1760 1773 2014 1840; x_wconf 78' lang='grc' dir='ltr'>Χριστοῦ,</span> <span class='ocrx_word' id='word_1_237' title='bbox 2064 1766 2094 1824; x_wconf 76' lang='grc' dir='ltr'><strong>ἦ</strong></span> <span class='ocrx_word' id='word_1_238' title='bbox 2146 1771 2238 1816; x_wconf 82' lang='grc' dir='ltr'>τοῦ</span> <span class='ocrx_word' id='word_1_239' title='bbox 2270 1766 2490 1816; x_wconf 86' lang='grc' dir='ltr'>θανάτου</span> <span class='ocrx_word' id='word_1_240' title='bbox 2548 1763 2729 1830; x_wconf 72' lang='grc' dir='ltr'>αὐτοῦ,</span> <span class='ocrx_word' id='word_1_241' title='bbox 2779 1766 3164 1839; x_wconf 71' lang='grc' dir='ltr'>ἱερουργεῖσθαι</span> <span class='ocrx_word' id='word_1_242' title='bbox 3211 1769 3266 1817; x_wconf 91' lang='grc' dir='ltr'>τὸ</span> <span class='ocrx_word' id='word_1_243' title='bbox 3309 1765 3450 1838; x_wconf 86' lang='grc' dir='ltr'>βάπ-</span> 
     </span>
    </p>
   </div>
   <div class='ocr_carea' id='block_1_34' title="bbox 93 1873 245 1925">
    <p class='ocr_par' dir='ltr' id='par_1_34' title="bbox 93 1873 245 1925">
     <span class='ocr_line' id='line_1_34' title="bbox 93 1873 245 1925; baseline 0.013 -21"><span class='ocrx_word' id='word_1_244' title='bbox 93 1873 245 1925; x_wconf 80' lang='grc' dir='ltr'>τισμα.</span> 
     </span>
    </p>
   </div>
   <div class='ocr_carea' id='block_1_35' title="bbox 147 1940 1768 2017">
    <p class='ocr_par' dir='ltr' id='par_1_35' title="bbox 147 1940 1768 2017">
     <span class='ocr_line' id='line_1_35' title="bbox 147 1940 1768 2017; baseline 0.005 -24"><span class='ocrx_word' id='word_1_245' title='bbox 147 1943 201 1997; x_wconf 78' lang='grc' dir='ltr'>κ’.</span> <span class='ocrx_word' id='word_1_246' title='bbox 269 1943 538 2008; x_wconf 75' lang='grc' dir='ltr'>’Δκούεις,</span> <span class='ocrx_word' id='word_1_247' title='bbox 591 1940 632 1994; x_wconf 84' lang='grc' dir='ltr'><strong><em>ὦ</em></strong></span> <span class='ocrx_word' id='word_1_248' title='bbox 689 1943 860 1996; x_wconf 90' lang='grc' dir='ltr'>Παῦλε</span> <span class='ocrx_word' id='word_1_249' title='bbox 892 1961 905 2010; x_wconf 89' lang='grc'><strong>;</strong></span> <span class='ocrx_word' id='word_1_250' title='bbox 942 1944 1075 1996; x_wconf 86' lang='grc' dir='ltr'>Ἀλλ’</span> <span class='ocrx_word' id='word_1_251' title='bbox 1131 1945 1374 2017; x_wconf 79' lang='grc' dir='ltr'>ἀνάσχου</span> <span class='ocrx_word' id='word_1_252' title='bbox 1425 1951 1514 1998; x_wconf 83' lang='grc' dir='ltr'>καὶ</span> <span class='ocrx_word' id='word_1_253' title='bbox 1562 1948 1690 2017; x_wconf 85' lang='grc' dir='ltr'>μετά</span> <span class='ocrx_word' id='word_1_254' title='bbox 1724 1948 1768 2002; x_wconf 89' lang='grc' dir='ltr'>Β</span> 
     </span>
    </p>
   </div>
   <div class='ocr_carea' id='block_1_36' title="bbox 1206 2035 1687 2108">
    <p class='ocr_par' dir='ltr' id='par_1_36' title="bbox 1206 2035 1687 2108">
     <span class='ocr_line' id='line_1_36' title="bbox 1206 2035 1687 2108; baseline 0.002 -22"><span class='ocrx_word' id='word_1_255' title='bbox 1206 2050 1219 2063; x_wconf 82' lang='grc'><strong><em>⁸</em></strong></span> <span class='ocrx_word' id='word_1_256' title='bbox 1267 2035 1419 2086; x_wconf 88' lang='grc' dir='ltr'>πάλιν</span> <span class='ocrx_word' id='word_1_257' title='bbox 1485 2037 1687 2108; x_wconf 86' lang='grc' dir='ltr'>πορθείς</span> 
     </span>
    </p>
   </div>
   <div class='ocr_carea' id='block_1_37' title="bbox 93 2030 1150 2105">
    <p class='ocr_par' dir='ltr' id='par_1_37' title="bbox 93 2030 1150 2105">
     <span class='ocr_line' id='line_1_37' title="bbox 93 2030 1150 2105; baseline 0.004 -23"><span class='ocrx_word' id='word_1_258' title='bbox 93 2037 351 2103; x_wconf 47' lang='grc' dir='ltr'>πιθανοὺς</span> <span class='ocrx_word' id='word_1_259' title='bbox 397 2036 535 2105; x_wconf 88' lang='grc' dir='ltr'>πρὸς</span> <span class='ocrx_word' id='word_1_260' title='bbox 575 2030 773 2103; x_wconf 72' lang='grc' dir='ltr'>ἀ-γῶνας</span> <span class='ocrx_word' id='word_1_261' title='bbox 823 2030 1150 2086; x_wconf 74' lang='grc' dir='ltr'>ἀποδύεσθαι</span> 
     </span>
    </p>
   </div>
   <div class='ocr_carea' id='block_1_38' title="bbox 88 2120 1683 2194">
    <p class='ocr_par' dir='ltr' id='par_1_38' title="bbox 88 2120 1683 2194">
     <span class='ocr_line' id='line_1_38' title="bbox 88 2120 1683 2194; baseline -0.001 -17"><span class='ocrx_word' id='word_1_262' title='bbox 88 2126 162 2177; x_wconf 71' lang='grc' dir='ltr'>τὴν</span> <span class='ocrx_word' id='word_1_263' title='bbox 203 2122 557 2186; x_wconf 71' lang='grc' dir='ltr'>Ἐκκλησίαν,</span> <span class='ocrx_word' id='word_1_264' title='bbox 597 2120 752 2173; x_wconf 88' lang='grc' dir='ltr'>πάλιν</span> <span class='ocrx_word' id='word_1_265' title='bbox 798 2120 1068 2182; x_wconf 73' lang='grc' dir='ltr'>ἐπιστολὰς</span> <span class='ocrx_word' id='word_1_266' title='bbox 1114 2125 1257 2194; x_wconf 82' lang='grc' dir='ltr'>παρὰ</span> <span class='ocrx_word' id='word_1_267' title='bbox 1306 2133 1406 2175; x_wconf 83' lang='grc' dir='ltr'>τῶν</span> <span class='ocrx_word' id='word_1_268' title='bbox 1464 2121 1683 2176; x_wconf 72' lang='grc' dir='ltr'>ἰουδαιυ</span> 
     </span>
    </p>
   </div>
   <div class='ocr_carea' id='block_1_39' title="bbox 86 2208 1685 2283">
    <p class='ocr_par' dir='ltr' id='par_1_39' title="bbox 86 2208 1685 2283">
     <span class='ocr_line' id='line_1_39' title="bbox 86 2208 1685 2283; baseline 0.003 -24"><span class='ocrx_word' id='word_1_269' title='bbox 86 2219 168 2260; x_wconf 66' lang='grc' dir='ltr'>κῶν</span> <span class='ocrx_word' id='word_1_270' title='bbox 222 2211 530 2283; x_wconf 74' lang='grc' dir='ltr'>ἀρχιερέων</span> <span class='ocrx_word' id='word_1_271' title='bbox 584 2208 884 2282; x_wconf 75' lang='grc' dir='ltr'>λαμϐάνεις,</span> <span class='ocrx_word' id='word_1_272' title='bbox 939 2214 1069 2281; x_wconf 87' lang='grc' dir='ltr'>μετά</span> <span class='ocrx_word' id='word_1_273' title='bbox 1112 2208 1171 2263; x_wconf 76' lang='grc' dir='ltr'>δε</span> <span class='ocrx_word' id='word_1_274' title='bbox 1217 2215 1305 2264; x_wconf 86' lang='grc' dir='ltr'>τὸν</span> <span class='ocrx_word' id='word_1_275' title='bbox 1357 2213 1556 2265; x_wconf 86' lang='grc' dir='ltr'>Παῦλον</span> <span class='ocrx_word' id='word_1_276' title='bbox 1612 2213 1685 2275; x_wconf 79' lang='grc' dir='ltr'>εἰς</span> 
     </span>
    </p>
   </div>
   <div class='ocr_carea' id='block_1_40' title="bbox 85 2295 1682 2366">
    <p class='ocr_par' dir='ltr' id='par_1_40' title="bbox 85 2295 1682 2366">
     <span class='ocr_line' id='line_1_40' title="bbox 85 2295 1682 2366; baseline 0.002 -16"><span class='ocrx_word' id='word_1_277' title='bbox 85 2300 251 2352; x_wconf 66' lang='grc' dir='ltr'>Σαῦλον</span> <span class='ocrx_word' id='word_1_278' title='bbox 303 2299 550 2362; x_wconf 72' lang='grc' dir='ltr'>ἐξέστης.</span> <span class='ocrx_word' id='word_1_279' title='bbox 597 2304 698 2351; x_wconf 77' lang='grc' dir='ltr'>Καὶ</span> <span class='ocrx_word' id='word_1_280' title='bbox 751 2307 854 2360; x_wconf 86' lang='grc' dir='ltr'>πῶς</span> <span class='ocrx_word' id='word_1_281' title='bbox 905 2307 1072 2351; x_wconf 86' lang='grc' dir='ltr'>ταῦτα</span> <span class='ocrx_word' id='word_1_282' title='bbox 1120 2295 1363 2366; x_wconf 76' lang='grc' dir='ltr'>διδάξας,</span> <span class='ocrx_word' id='word_1_283' title='bbox 1415 2303 1567 2353; x_wconf 86' lang='grc' dir='ltr'>πάλιν</span> <span class='ocrx_word' id='word_1_284' title='bbox 1606 2301 1682 2353; x_wconf 82' lang='grc' dir='ltr'>λέ-</span> 
     </span>
    </p>
   </div>
   <div class='ocr_carea' id='block_1_41' title="bbox 80 2388 1677 2462">
    <p class='ocr_par' dir='ltr' id='par_1_41' title="bbox 80 2388 1677 2462">
     <span class='ocr_line' id='line_1_41' title="bbox 80 2388 1677 2462; baseline 0.002 -23"><span class='ocrx_word' id='word_1_285' title='bbox 80 2407 169 2456; x_wconf 75' lang='grc' dir='ltr'>γεις</span> <span class='ocrx_word' id='word_1_286' title='bbox 204 2389 276 2449; x_wconf 85' lang='grc' dir='ltr'>εὶς</span> <span class='ocrx_word' id='word_1_287' title='bbox 308 2393 402 2440; x_wconf 86' lang='grc' dir='ltr'>τόν</span> <span class='ocrx_word' id='word_1_288' title='bbox 431 2390 654 2440; x_wconf 87' lang='grc' dir='ltr'>θάνατον</span> <span class='ocrx_word' id='word_1_289' title='bbox 683 2396 772 2440; x_wconf 88' lang='grc' dir='ltr'>τοῦ</span> <span class='ocrx_word' id='word_1_290' title='bbox 799 2395 1035 2462; x_wconf 82' lang='grc' dir='ltr'>Χριστοῦ</span> <span class='ocrx_word' id='word_1_291' title='bbox 1064 2390 1260 2451; x_wconf 80' lang='grc' dir='ltr'>πάντας</span> <span class='ocrx_word' id='word_1_292' title='bbox 1282 2388 1636 2461; x_wconf 75' lang='grc' dir='ltr'>βαπτίζεσθαι</span> <span class='ocrx_word' id='word_1_293' title='bbox 1665 2407 1677 2456; x_wconf 90' lang='grc'><strong>;</strong></span> 
     </span>
    </p>
   </div>
   <div class='ocr_carea' id='block_1_42' title="bbox 84 2476 1679 2550">
    <p class='ocr_par' dir='ltr' id='par_1_42' title="bbox 84 2476 1679 2550">
     <span class='ocr_line' id='line_1_42' title="bbox 84 2476 1679 2550; baseline 0.001 -21"><span class='ocrx_word' id='word_1_294' title='bbox 84 2480 162 2529; x_wconf 76' lang='grc' dir='ltr'>Καὶ</span> <span class='ocrx_word' id='word_1_295' title='bbox 184 2487 272 2529; x_wconf 76' lang='grc' dir='ltr'>νῦν</span> <span class='ocrx_word' id='word_1_296' title='bbox 296 2481 395 2550; x_wconf 76' lang='grc' dir='ltr'>μὲν</span> <span class='ocrx_word' id='word_1_297' title='bbox 439 2480 576 2549; x_wconf 81' lang='grc' dir='ltr'>μετὰ</span> <span class='ocrx_word' id='word_1_298' title='bbox 606 2485 706 2528; x_wconf 83' lang='grc' dir='ltr'>τῶν</span> <span class='ocrx_word' id='word_1_299' title='bbox 739 2476 1135 2530; x_wconf 76' lang='grc' dir='ltr'>συναποστόλων</span> <span class='ocrx_word' id='word_1_300' title='bbox 1167 2483 1258 2530; x_wconf 78' lang='grc' dir='ltr'>καὶ</span> <span class='ocrx_word' id='word_1_301' title='bbox 1283 2487 1679 2550; x_wconf 73' lang='grc' dir='ltr'>συναγωνιστῶν</span> 
     </span>
    </p>
   </div>
   <div class='ocr_carea' id='block_1_43' title="bbox 81 2566 1678 2639">
    <p class='ocr_par' dir='ltr' id='par_1_43' title="bbox 81 2566 1678 2639">
     <span class='ocr_line' id='line_1_43' title="bbox 81 2566 1678 2639; baseline 0.001 -23"><span class='ocrx_word' id='word_1_302' title='bbox 81 2571 238 2629; x_wconf 69' lang='grc' dir='ltr'>ποινὰς</span> <span class='ocrx_word' id='word_1_303' title='bbox 279 2571 405 2626; x_wconf 74' lang='grc' dir='ltr'>τοὺς</span> <span class='ocrx_word' id='word_1_304' title='bbox 449 2568 569 2618; x_wconf 87' lang='grc' dir='ltr'>καθ’</span> <span class='ocrx_word' id='word_1_305' title='bbox 629 2567 680 2618; x_wconf 82' lang='grc' dir='ltr'>ἓν</span> <span class='ocrx_word' id='word_1_306' title='bbox 719 2587 770 2618; x_wconf 88' lang='grc' dir='ltr'>τι</span> <span class='ocrx_word' id='word_1_307' title='bbox 817 2569 1008 2619; x_wconf 83' lang='grc' dir='ltr'>τούτων</span> <span class='ocrx_word' id='word_1_308' title='bbox 1063 2566 1336 2639; x_wconf 76' lang='grc' dir='ltr'>βαπτίζειν</span> <span class='ocrx_word' id='word_1_309' title='bbox 1383 2567 1678 2639; x_wconf 83' lang='grc' dir='ltr'>τολμῶντας</span> 
     </span>
    </p>
   </div>
   <div class='ocr_carea' id='block_1_44' title="bbox 79 2651 1678 2728">
    <p class='ocr_par' dir='ltr' id='par_1_44' title="bbox 79 2651 1678 2728">
     <span class='ocr_line' id='line_1_44' title="bbox 79 2651 1678 2728; baseline 0.002 -23"><span class='ocrx_word' id='word_1_310' title='bbox 79 2653 324 2718; x_wconf 68' lang='grc' dir='ltr'>ἀπαιτεῖς,</span> <span class='ocrx_word' id='word_1_311' title='bbox 359 2662 452 2707; x_wconf 79' lang='grc' dir='ltr'>νῦν</span> <span class='ocrx_word' id='word_1_312' title='bbox 502 2651 561 2708; x_wconf 65' lang='grc' dir='ltr'>δὲ</span> <span class='ocrx_word' id='word_1_313' title='bbox 603 2657 720 2708; x_wconf 86' lang='grc' dir='ltr'>καθ’</span> <span class='ocrx_word' id='word_1_314' title='bbox 773 2654 952 2707; x_wconf 74' lang='grc' dir='ltr'>ἑαυτὸν</span> <span class='ocrx_word' id='word_1_315' title='bbox 993 2660 1279 2726; x_wconf 74' lang='grc' dir='ltr'>γενόμενος,</span> <span class='ocrx_word' id='word_1_316' title='bbox 1315 2655 1373 2708; x_wconf 76' lang='grc' dir='ltr'>οὐ</span> <span class='ocrx_word' id='word_1_317' title='bbox 1414 2661 1567 2728; x_wconf 91' lang='grc' dir='ltr'>μόνον</span> <span class='ocrx_word' id='word_1_318' title='bbox 1601 2656 1678 2708; x_wconf 82' lang='grc' dir='ltr'>λέ-</span> 
     </span>
    </p>
   </div>
   <div class='ocr_carea' id='block_1_45' title="bbox 78 2743 1677 2818">
    <p class='ocr_par' dir='ltr' id='par_1_45' title="bbox 78 2743 1677 2818">
     <span class='ocr_line' id='line_1_45' title="bbox 78 2743 1677 2818; baseline 0.001 -22"><span class='ocrx_word' id='word_1_319' title='bbox 78 2765 166 2814; x_wconf 65' lang='grc' dir='ltr'>γεις</span> <span class='ocrx_word' id='word_1_320' title='bbox 192 2743 311 2798; x_wconf 66' lang='grc' dir='ltr'>οὐδ’</span> <span class='ocrx_word' id='word_1_321' title='bbox 347 2744 398 2796; x_wconf 73' lang='grc' dir='ltr'>ἐν</span> <span class='ocrx_word' id='word_1_322' title='bbox 428 2751 618 2817; x_wconf 68' lang='grc' dir='ltr'>γωνίᾳ,</span> <span class='ocrx_word' id='word_1_323' title='bbox 679 2744 806 2796; x_wconf 83' lang='grc' dir='ltr'>ἀλλὰ</span> <span class='ocrx_word' id='word_1_324' title='bbox 844 2749 932 2797; x_wconf 80' lang='grc' dir='ltr'>καὶ</span> <span class='ocrx_word' id='word_1_325' title='bbox 961 2748 1232 2818; x_wconf 77' lang='grc' dir='ltr'>κηρύττεις</span> <span class='ocrx_word' id='word_1_326' title='bbox 1255 2763 1268 2775; x_wconf 79' lang='grc'><strong>⁹</strong></span> <span class='ocrx_word' id='word_1_327' title='bbox 1307 2751 1396 2798; x_wconf 82' lang='grc' dir='ltr'>καὶ</span> <span class='ocrx_word' id='word_1_328' title='bbox 1425 2746 1553 2817; x_wconf 76' lang='grc' dir='ltr'>οὐχὶ</span> <span class='ocrx_word' id='word_1_329' title='bbox 1583 2765 1677 2803; x_wconf 84' lang='grc' dir='ltr'>κη-</span> 
     </span>
    </p>
   </div>
   <div class='ocr_carea' id='block_1_46' title="bbox 76 2830 1676 2909">
    <p class='ocr_par' dir='ltr' id='par_1_46' title="bbox 76 2830 1676 2909">
     <span class='ocr_line' id='line_1_46' title="bbox 76 2830 1676 2909; baseline 0.003 -26"><span class='ocrx_word' id='word_1_330' title='bbox 76 2837 262 2902; x_wconf 72' lang='grc' dir='ltr'>ρύττεις</span> <span class='ocrx_word' id='word_1_331' title='bbox 287 2838 407 2906; x_wconf 70' lang='grc' dir='ltr'>μὲν,</span> <span class='ocrx_word' id='word_1_332' title='bbox 450 2833 514 2885; x_wconf 68' lang='grc' dir='ltr'>οὐ</span> <span class='ocrx_word' id='word_1_333' title='bbox 537 2835 754 2907; x_wconf 73' lang='grc' dir='ltr'>γράφεις</span> <span class='ocrx_word' id='word_1_334' title='bbox 801 2830 879 2899; x_wconf 68' lang='grc' dir='ltr'>δὲ,</span> <span class='ocrx_word' id='word_1_335' title='bbox 913 2832 1041 2886; x_wconf 85' lang='grc' dir='ltr'>ἀλλά</span> <span class='ocrx_word' id='word_1_336' title='bbox 1069 2839 1158 2886; x_wconf 84' lang='grc' dir='ltr'>καὶ</span> <span class='ocrx_word' id='word_1_337' title='bbox 1188 2837 1460 2909; x_wconf 79' lang='grc' dir='ltr'>γράμματι</span> <span class='ocrx_word' id='word_1_338' title='bbox 1490 2838 1548 2887; x_wconf 84' lang='grc' dir='ltr'>τό</span> <span class='ocrx_word' id='word_1_339' title='bbox 1578 2840 1676 2893; x_wconf 73' lang='grc' dir='ltr'>κό-</span> 
     </span>
    </p>
   </div>
   <div class='ocr_carea' id='block_1_47' title="bbox 76 2922 1674 2996">
    <p class='ocr_par' dir='ltr' id='par_1_47' title="bbox 76 2922 1674 2996">
     <span class='ocr_line' id='line_1_47' title="bbox 76 2922 1674 2996; baseline 0.002 -23"><span class='ocrx_word' id='word_1_340' title='bbox 76 2943 236 2994; x_wconf 70' lang='grc' dir='ltr'>ρημα</span> <span class='ocrx_word' id='word_1_341' title='bbox 261 2925 554 2994; x_wconf 83' lang='grc' dir='ltr'>Ῥωμαίοις</span> <span class='ocrx_word' id='word_1_342' title='bbox 583 2922 816 2992; x_wconf 85' lang='grc' dir='ltr'>μάλιστα</span> <span class='ocrx_word' id='word_1_343' title='bbox 842 2924 1074 2995; x_wconf 74' lang='grc' dir='ltr'>γράφων,</span> <span class='ocrx_word' id='word_1_344' title='bbox 1107 2923 1173 2984; x_wconf 83' lang='grc' dir='ltr'>εἰς</span> <span class='ocrx_word' id='word_1_345' title='bbox 1199 2926 1412 2995; x_wconf 79' lang='grc' dir='ltr'>ἄμαχον</span> <span class='ocrx_word' id='word_1_346' title='bbox 1443 2923 1674 2996; x_wconf 77' lang='grc' dir='ltr'>ἐπαίρεις</span> 
     </span>
    </p>
   </div>
   <div class='ocr_carea' id='block_1_48' title="bbox 83 3011 1675 3085">
    <p class='ocr_par' dir='ltr' id='par_1_48' title="bbox 83 3011 1675 3085">
     <span class='ocr_line' id='line_1_48' title="bbox 83 3011 1675 3085; baseline -0.006 -12"><span class='ocrx_word' id='word_1_347' title='bbox 83 3011 224 3081; x_wconf 70' lang='grc' dir='ltr'>ἱσχῦν</span> <span class='ocrx_word' id='word_1_348' title='bbox 255 3014 324 3071; x_wconf 76' lang='grc' dir='ltr'>εἰς</span> <span class='ocrx_word' id='word_1_349' title='bbox 358 3015 448 3062; x_wconf 83' lang='grc' dir='ltr'>τόν</span> <span class='ocrx_word' id='word_1_350' title='bbox 484 3013 703 3062; x_wconf 83' lang='grc' dir='ltr'>θάνατον</span> <span class='ocrx_word' id='word_1_351' title='bbox 733 3018 824 3062; x_wconf 82' lang='grc' dir='ltr'>τοῦ</span> <span class='ocrx_word' id='word_1_352' title='bbox 851 3013 1078 3083; x_wconf 81' lang='grc' dir='ltr'>Χριστοῦ</span> <span class='ocrx_word' id='word_1_353' title='bbox 1105 3017 1227 3074; x_wconf 84' lang='grc' dir='ltr'>τοὺς</span> <span class='ocrx_word' id='word_1_354' title='bbox 1261 3011 1675 3085; x_wconf 78' lang='grc' dir='ltr'>βαπτιζομένους</span> 
     </span>
    </p>
   </div>
   <div class='ocr_carea' id='block_1_49' title="bbox 81 3099 1674 3176">
    <p class='ocr_par' dir='ltr' id='par_1_49' title="bbox 81 3099 1674 3176">
     <span class='ocr_line' id='line_1_49' title="bbox 81 3099 1674 3176; baseline 0.001 -24"><span class='ocrx_word' id='word_1_355' title='bbox 81 3099 450 3169; x_wconf 65' lang='grc' dir='ltr'>βαπτίζεσθαι.</span> <span class='ocrx_word' id='word_1_356' title='bbox 493 3100 632 3154; x_wconf 81' lang='grc' dir='ltr'>Ἀλλ’</span> <span class='ocrx_word' id='word_1_357' title='bbox 654 3102 680 3152; x_wconf 81' lang='grc' dir='ltr'><strong>ὁ</strong></span> <span class='ocrx_word' id='word_1_358' title='bbox 825 3109 918 3163; x_wconf 77' lang='grc' dir='ltr'>τῆς</span> <span class='ocrx_word' id='word_1_359' title='bbox 944 3099 1188 3165; x_wconf 82' lang='grc' dir='ltr'>ἀληθείας</span> <span class='ocrx_word' id='word_1_360' title='bbox 1209 3103 1377 3176; x_wconf 82' lang='grc' dir='ltr'>κῆρυξ</span> <span class='ocrx_word' id='word_1_361' title='bbox 1404 3111 1504 3154; x_wconf 86' lang='grc' dir='ltr'>τῶν</span> <span class='ocrx_word' id='word_1_362' title='bbox 1535 3103 1674 3155; x_wconf 83' lang='grc' dir='ltr'>εἰσα·</span> 
     </span>
    </p>
   </div>
   <div class='ocr_carea' id='block_1_50' title="bbox 77 3189 1672 3262">
    <p class='ocr_par' dir='ltr' id='par_1_50' title="bbox 77 3189 1672 3262">
     <span class='ocr_line' id='line_1_50' title="bbox 77 3189 1672 3262; baseline 0.003 -22"><span class='ocrx_word' id='word_1_363' title='bbox 77 3195 253 3256; x_wconf 64' lang='grc' dir='ltr'>διόπων</span> <span class='ocrx_word' id='word_1_364' title='bbox 284 3199 383 3242; x_wconf 83' lang='grc' dir='ltr'>τοῦ</span> <span class='ocrx_word' id='word_1_365' title='bbox 405 3189 784 3262; x_wconf 84' lang='grc' dir='ltr'>βαπτίσματος</span> <span class='ocrx_word' id='word_1_366' title='bbox 816 3194 910 3247; x_wconf 80' lang='grc' dir='ltr'>τὴν</span> <span class='ocrx_word' id='word_1_367' title='bbox 935 3195 1290 3262; x_wconf 80' lang='grc' dir='ltr'>καινοτομίαν,</span> <span class='ocrx_word' id='word_1_368' title='bbox 1321 3189 1552 3245; x_wconf 86' lang='grc' dir='ltr'>κάκεῖνον</span> <span class='ocrx_word' id='word_1_369' title='bbox 1584 3191 1672 3244; x_wconf 71' lang='grc' dir='ltr'>αῦ-</span> 
     </span>
    </p>
   </div>
   <div class='ocr_carea' id='block_1_51' title="bbox 1868 1941 3454 2015">
    <p class='ocr_par' dir='ltr' id='par_1_51' title="bbox 1868 1941 3454 2015">
     <span class='ocr_line' id='line_1_51' title="bbox 1868 1941 3454 2015; baseline 0.001 -18"><span class='ocrx_word' id='word_1_370' title='bbox 1868 1944 1959 2012; x_wconf 86' lang='lat'>20,</span> <span class='ocrx_word' id='word_1_371' title='bbox 1989 1942 2205 1998; x_wconf 86' lang='lat' dir='ltr'>Audin.</span> <span class='ocrx_word' id='word_1_372' title='bbox 2238 1941 2410 1998; x_wconf 86' lang='lat' dir='ltr'>Paule</span> <span class='ocrx_word' id='word_1_373' title='bbox 2438 1941 2466 1996; x_wconf 79' lang='lat'><strong>?</strong></span> <span class='ocrx_word' id='word_1_374' title='bbox 2503 1942 2683 2013; x_wconf 81' lang='lat' dir='ltr'>Igitur</span> <span class='ocrx_word' id='word_1_375' title='bbox 2717 1946 2772 1998; x_wconf 91' lang='lat' dir='ltr'>te</span> <span class='ocrx_word' id='word_1_376' title='bbox 2803 1957 3083 2015; x_wconf 88' lang='lat' dir='ltr'>compara</span> <span class='ocrx_word' id='word_1_377' title='bbox 3128 1948 3260 2015; x_wconf 87' lang='lat' dir='ltr'>post</span> <span class='ocrx_word' id='word_1_378' title='bbox 3288 1958 3454 1999; x_wconf 87' lang='lat' dir='ltr'>coro-</span> 
     </span>
    </p>
   </div>
   <div class='ocr_carea' id='block_1_52' title="bbox 1799 2031 3449 2100">
    <p class='ocr_par' dir='ltr' id='par_1_52' title="bbox 1799 2031 3449 2100">
     <span class='ocr_line' id='line_1_52' title="bbox 1799 2031 3449 2100; baseline -0.001 -12"><span class='ocrx_word' id='word_1_379' title='bbox 1799 2048 1907 2088; x_wconf 86' lang='lat' dir='ltr'>nas</span> <span class='ocrx_word' id='word_1_380' title='bbox 1955 2032 2030 2088; x_wconf 89' lang='lat' dir='ltr'>ad</span> <span class='ocrx_word' id='word_1_381' title='bbox 2102 2031 2454 2086; x_wconf 90' lang='lat' dir='ltr'>subeundos</span> <span class='ocrx_word' id='word_1_382' title='bbox 2516 2045 2742 2100; x_wconf 85' lang='lat' dir='ltr'>agones</span> <span class='ocrx_word' id='word_1_383' title='bbox 2789 2049 2800 2086; x_wconf 96' lang='lat'>:</span> <span class='ocrx_word' id='word_1_384' title='bbox 2859 2047 3065 2086; x_wconf 89' lang='lat' dir='ltr'>rursus</span> <span class='ocrx_word' id='word_1_385' title='bbox 3131 2032 3449 2087; x_wconf 86' lang='lat' dir='ltr'>Ecclesiam</span> 
     </span>
    </p>
   </div>
   <div class='ocr_carea' id='block_1_53' title="bbox 1797 2119 3450 2190">
    <p class='ocr_par' dir='ltr' id='par_1_53' title="bbox 1797 2119 3450 2190">
     <span class='ocr_line' id='line_1_53' title="bbox 1797 2119 3450 2190; baseline -0.002 -14"><span class='ocrx_word' id='word_1_386' title='bbox 1797 2126 2010 2186; x_wconf 84' lang='lat' dir='ltr'>vastas,</span> <span class='ocrx_word' id='word_1_387' title='bbox 2068 2136 2276 2175; x_wconf 88' lang='lat' dir='ltr'>rursus</span> <span class='ocrx_word' id='word_1_388' title='bbox 2337 2119 2616 2190; x_wconf 80' lang='lat' dir='ltr'>epistolas</span> <span class='ocrx_word' id='word_1_389' title='bbox 2661 2135 2696 2174; x_wconf 87' lang='lat' dir='ltr'>a</span> <span class='ocrx_word' id='word_1_390' title='bbox 2742 2119 3004 2174; x_wconf 85' lang='lat' dir='ltr'>Judaicis</span> <span class='ocrx_word' id='word_1_391' title='bbox 3062 2119 3450 2190; x_wconf 87' lang='lat' dir='ltr'>pontiﬁcibus</span> 
     </span>
    </p>
   </div>
   <div class='ocr_carea' id='block_1_54' title="bbox 1793 2207 3446 2280">
    <p class='ocr_par' dir='ltr' id='par_1_54' title="bbox 1793 2207 3446 2280">
     <span class='ocr_line' id='line_1_54' title="bbox 1793 2207 3446 2280; baseline -0.001 -14"><span class='ocrx_word' id='word_1_392' title='bbox 1793 2210 2014 2266; x_wconf 91' lang='lat' dir='ltr'>refers:</span> <span class='ocrx_word' id='word_1_393' title='bbox 2045 2226 2183 2265; x_wconf 89' lang='lat' dir='ltr'>cum</span> <span class='ocrx_word' id='word_1_394' title='bbox 2212 2209 2340 2280; x_wconf 88' lang='lat' dir='ltr'>jam</span> <span class='ocrx_word' id='word_1_395' title='bbox 2371 2208 2591 2264; x_wconf 90' lang='lat' dir='ltr'>Paulus</span> <span class='ocrx_word' id='word_1_396' title='bbox 2632 2207 2832 2272; x_wconf 82' lang='lat' dir='ltr'>fueris,</span> <span class='ocrx_word' id='word_1_397' title='bbox 2866 2209 3078 2264; x_wconf 88' lang='lat' dir='ltr'>iterum</span> <span class='ocrx_word' id='word_1_398' title='bbox 3113 2209 3170 2263; x_wconf 91' lang='lat' dir='ltr'>in</span> <span class='ocrx_word' id='word_1_399' title='bbox 3205 2208 3446 2264; x_wconf 87' lang='lat' dir='ltr'>Saulum</span> 
     </span>
    </p>
   </div>
   <div class='ocr_carea' id='block_1_55' title="bbox 1793 2295 3450 2369">
    <p class='ocr_par' dir='ltr' id='par_1_55' title="bbox 1793 2295 3450 2369">
     <span class='ocr_line' id='line_1_55' title="bbox 1793 2295 3450 2369; baseline -0.002 -13"><span class='ocrx_word' id='word_1_400' title='bbox 1793 2300 2027 2356; x_wconf 87' lang='lat' dir='ltr'>recidis.</span> <span class='ocrx_word' id='word_1_401' title='bbox 2058 2302 2203 2354; x_wconf 87' lang='lat' dir='ltr'>Nam</span> <span class='ocrx_word' id='word_1_402' title='bbox 2234 2314 2338 2354; x_wconf 92' lang='lat' dir='ltr'>cur</span> <span class='ocrx_word' id='word_1_403' title='bbox 2375 2298 2474 2369; x_wconf 89' lang='lat' dir='ltr'>qui</span> <span class='ocrx_word' id='word_1_404' title='bbox 2513 2295 2654 2352; x_wconf 90' lang='lat' dir='ltr'>talia</span> <span class='ocrx_word' id='word_1_405' title='bbox 2692 2296 2987 2360; x_wconf 86' lang='lat' dir='ltr'>docueris,</span> <span class='ocrx_word' id='word_1_406' title='bbox 3023 2313 3184 2352; x_wconf 91' lang='lat' dir='ltr'>nunc</span> <span class='ocrx_word' id='word_1_407' title='bbox 3236 2312 3450 2353; x_wconf 91' lang='lat' dir='ltr'>omnes</span> 
     </span>
    </p>
   </div>
   <div class='ocr_carea' id='block_1_56' title="bbox 1783 2385 3449 2462">
    <p class='ocr_par' dir='ltr' id='par_1_56' title="bbox 1783 2385 3449 2462">
     <span class='ocr_line' id='line_1_56' title="bbox 1783 2385 3449 2462; baseline -0.002 -16"><span class='ocrx_word' id='word_1_408' title='bbox 1783 2390 1960 2462; x_wconf 89' lang='lat' dir='ltr'>jubes</span> <span class='ocrx_word' id='word_1_409' title='bbox 2004 2390 2063 2445; x_wconf 91' lang='lat' dir='ltr'>in</span> <span class='ocrx_word' id='word_1_410' title='bbox 2113 2389 2323 2446; x_wconf 86' lang='lat' dir='ltr'>Christi</span> <span class='ocrx_word' id='word_1_411' title='bbox 2370 2393 2556 2442; x_wconf 90' lang='lat' dir='ltr'>morte</span> <span class='ocrx_word' id='word_1_412' title='bbox 2609 2385 2949 2458; x_wconf 79' lang='lat' dir='ltr'>baptizari?</span> <span class='ocrx_word' id='word_1_413' title='bbox 2979 2388 3042 2441; x_wconf 85' lang='lat' dir='ltr'>Et</span> <span class='ocrx_word' id='word_1_414' title='bbox 3089 2386 3270 2442; x_wconf 90' lang='lat' dir='ltr'>modo</span> <span class='ocrx_word' id='word_1_415' title='bbox 3310 2401 3449 2442; x_wconf 91' lang='lat' dir='ltr'>cum</span> 
     </span>
    </p>
   </div>
   <div class='ocr_carea' id='block_1_57' title="bbox 1789 2474 3447 2550">
    <p class='ocr_par' dir='ltr' id='par_1_57' title="bbox 1789 2474 3447 2550">
     <span class='ocr_line' id='line_1_57' title="bbox 1789 2474 3447 2550; baseline -0.004 -15"><span class='ocrx_word' id='word_1_416' title='bbox 1789 2477 2076 2550; x_wconf 85' lang='lat' dir='ltr'>apostolis</span> <span class='ocrx_word' id='word_1_417' title='bbox 2099 2477 2499 2548; x_wconf 87' lang='lat' dir='ltr'>laborumque</span> <span class='ocrx_word' id='word_1_418' title='bbox 2520 2475 2692 2531; x_wconf 88' lang='lat' dir='ltr'>sociis</span> <span class='ocrx_word' id='word_1_419' title='bbox 2724 2489 2928 2547; x_wconf 73' lang='lat' dir='ltr'>pmnas</span> <span class='ocrx_word' id='word_1_420' title='bbox 2955 2474 3033 2530; x_wconf 88' lang='lat' dir='ltr'>ab</span> <span class='ocrx_word' id='word_1_421' title='bbox 3061 2474 3132 2529; x_wconf 91' lang='lat' dir='ltr'>iis</span> <span class='ocrx_word' id='word_1_422' title='bbox 3162 2475 3447 2546; x_wconf 88' lang='lat' dir='ltr'>reposcis,</span> 
     </span>
    </p>
   </div>
   <div class='ocr_carea' id='block_1_58' title="bbox 1787 2563 3450 2641">
    <p class='ocr_par' dir='ltr' id='par_1_58' title="bbox 1787 2563 3450 2641">
     <span class='ocr_line' id='line_1_58' title="bbox 1787 2563 3450 2641; baseline -0.002 -17"><span class='ocrx_word' id='word_1_423' title='bbox 1787 2569 1890 2641; x_wconf 89' lang='lat' dir='ltr'>qui</span> <span class='ocrx_word' id='word_1_424' title='bbox 1913 2584 2052 2624; x_wconf 90' lang='lat' dir='ltr'>cum</span> <span class='ocrx_word' id='word_1_425' title='bbox 2082 2567 2354 2640; x_wconf 86' lang='lat' dir='ltr'>qualibet</span> <span class='ocrx_word' id='word_1_426' title='bbox 2380 2583 2447 2620; x_wconf 78' lang='lat' dir='ltr'>ex</span> <span class='ocrx_word' id='word_1_427' title='bbox 2479 2565 2572 2621; x_wconf 89' lang='lat' dir='ltr'>his</span> <span class='ocrx_word' id='word_1_428' title='bbox 2604 2564 2814 2620; x_wconf 80' lang='lat' dir='ltr'>formis</span> <span class='ocrx_word' id='word_1_429' title='bbox 2843 2563 3142 2635; x_wconf 86' lang='lat' dir='ltr'>baptizare</span> <span class='ocrx_word' id='word_1_430' title='bbox 3166 2563 3296 2619; x_wconf 89' lang='lat' dir='ltr'>ausi</span> <span class='ocrx_word' id='word_1_431' title='bbox 3325 2563 3450 2620; x_wconf 86' lang='lat' dir='ltr'>fue-</span> 
     </span>
    </p>
   </div>
   <div class='ocr_carea' id='block_1_59' title="bbox 1787 2651 3448 2727">
    <p class='ocr_par' dir='ltr' id='par_1_59' title="bbox 1787 2651 3448 2727">
     <span class='ocr_line' id='line_1_59' title="bbox 1787 2651 3448 2727; baseline -0.002 -15"><span class='ocrx_word' id='word_1_432' title='bbox 1787 2658 1938 2722; x_wconf 90' lang='lat' dir='ltr'>rint;</span> <span class='ocrx_word' id='word_1_433' title='bbox 1973 2657 2156 2713; x_wconf 91' lang='lat' dir='ltr'>modo</span> <span class='ocrx_word' id='word_1_434' title='bbox 2189 2657 2316 2727; x_wconf 90' lang='lat' dir='ltr'>ipse</span> <span class='ocrx_word' id='word_1_435' title='bbox 2347 2654 2655 2724; x_wconf 84' lang='lat' dir='ltr'>sigillatim</span> <span class='ocrx_word' id='word_1_436' title='bbox 2704 2670 2821 2709; x_wconf 92' lang='lat' dir='ltr'>non</span> <span class='ocrx_word' id='word_1_437' title='bbox 2878 2653 3072 2709; x_wconf 88' lang='lat' dir='ltr'>solum</span> <span class='ocrx_word' id='word_1_438' title='bbox 3111 2653 3172 2707; x_wconf 90' lang='lat' dir='ltr'>in</span> <span class='ocrx_word' id='word_1_439' title='bbox 3226 2651 3448 2724; x_wconf 77' lang='lat' dir='ltr'>angulo</span> 
     </span>
    </p>
   </div>
   <div class='ocr_carea' id='block_1_60' title="bbox 1785 2741 3448 2818">
    <p class='ocr_par' dir='ltr' id='par_1_60' title="bbox 1785 2741 3448 2818">
     <span class='ocr_line' id='line_1_60' title="bbox 1785 2741 3448 2818; baseline -0.002 -18"><span class='ocrx_word' id='word_1_440' title='bbox 1785 2746 1956 2812; x_wconf 87' lang='lat' dir='ltr'>dicis,</span> <span class='ocrx_word' id='word_1_441' title='bbox 1993 2746 2099 2800; x_wconf 89' lang='lat' dir='ltr'>sed</span> <span class='ocrx_word' id='word_1_442' title='bbox 2129 2752 2184 2800; x_wconf 88' lang='lat' dir='ltr'>et</span> <span class='ocrx_word' id='word_1_443' title='bbox 2212 2744 2502 2818; x_wconf 72' lang='lat' dir='ltr'>praadicas</span> <span class='ocrx_word' id='word_1_444' title='bbox 2533 2762 2546 2799; x_wconf 93' lang='lat'><strong>:</strong></span> <span class='ocrx_word' id='word_1_445' title='bbox 2581 2759 2692 2800; x_wconf 91' lang='lat' dir='ltr'>nec</span> <span class='ocrx_word' id='word_1_446' title='bbox 2722 2743 2919 2798; x_wconf 90' lang='lat' dir='ltr'>solum</span> <span class='ocrx_word' id='word_1_447' title='bbox 2951 2742 3268 2815; x_wconf 72' lang='lat' dir='ltr'>praadicas,</span> <span class='ocrx_word' id='word_1_448' title='bbox 3309 2741 3448 2797; x_wconf 87' lang='lat' dir='ltr'>scri-</span> 
     </span>
    </p>
   </div>
   <div class='ocr_carea' id='block_1_61' title="bbox 1786 2830 3444 2902">
    <p class='ocr_par' dir='ltr' id='par_1_61' title="bbox 1786 2830 3444 2902">
     <span class='ocr_line' id='line_1_61' title="bbox 1786 2830 3444 2902; baseline -0.002 -14"><span class='ocrx_word' id='word_1_449' title='bbox 1786 2834 1984 2890; x_wconf 89' lang='lat' dir='ltr'>bendo</span> <span class='ocrx_word' id='word_1_450' title='bbox 2014 2840 2203 2891; x_wconf 90' lang='lat' dir='ltr'>tamen</span> <span class='ocrx_word' id='word_1_451' title='bbox 2232 2833 2557 2897; x_wconf 88' lang='lat' dir='ltr'>abstinens,</span> <span class='ocrx_word' id='word_1_452' title='bbox 2589 2831 2695 2887; x_wconf 88' lang='lat' dir='ltr'>sed</span> <span class='ocrx_word' id='word_1_453' title='bbox 2734 2831 2940 2887; x_wconf 89' lang='lat' dir='ltr'>litteris</span> <span class='ocrx_word' id='word_1_454' title='bbox 2985 2837 3043 2886; x_wconf 89' lang='lat' dir='ltr'>et</span> <span class='ocrx_word' id='word_1_455' title='bbox 3081 2831 3330 2902; x_wconf 89' lang='lat' dir='ltr'>quidem</span> <span class='ocrx_word' id='word_1_456' title='bbox 3367 2830 3444 2886; x_wconf 89' lang='lat' dir='ltr'>ad</span> 
     </span>
    </p>
   </div>
   <div class='ocr_carea' id='block_1_62' title="bbox 1784 2921 3442 2994">
    <p class='ocr_par' dir='ltr' id='par_1_62' title="bbox 1784 2921 3442 2994">
     <span class='ocr_line' id='line_1_62' title="bbox 1784 2921 3442 2994; baseline -0.004 -14"><span class='ocrx_word' id='word_1_457' title='bbox 1784 2927 2088 2980; x_wconf 86' lang='lat' dir='ltr'>Romanos</span> <span class='ocrx_word' id='word_1_458' title='bbox 2115 2923 2346 2994; x_wconf 87' lang='lat' dir='ltr'>scriptis</span> <span class='ocrx_word' id='word_1_459' title='bbox 2389 2921 2756 2993; x_wconf 60' lang='lat' dir='ltr'>praeconium</span> <span class='ocrx_word' id='word_1_460' title='bbox 2786 2922 3240 2985; x_wconf 89' lang='lat' dir='ltr'>commendans,</span> <span class='ocrx_word' id='word_1_461' title='bbox 3291 2937 3442 2975; x_wconf 87' lang='lat' dir='ltr'>sum-</span> 
     </span>
    </p>
   </div>
   <div class='ocr_carea' id='block_1_63' title="bbox 1784 3007 3441 3081">
    <p class='ocr_par' dir='ltr' id='par_1_63' title="bbox 1784 3007 3441 3081">
     <span class='ocr_line' id='line_1_63' title="bbox 1784 3007 3441 3081; baseline -0.002 -13"><span class='ocrx_word' id='word_1_462' title='bbox 1784 3029 1948 3068; x_wconf 89' lang='lat' dir='ltr'>mam</span> <span class='ocrx_word' id='word_1_463' title='bbox 1988 3012 2192 3068; x_wconf 88' lang='lat' dir='ltr'>tribuis</span> <span class='ocrx_word' id='word_1_464' title='bbox 2261 3013 2674 3067; x_wconf 86' lang='lat' dir='ltr'>auctoritatem</span> <span class='ocrx_word' id='word_1_465' title='bbox 2733 3009 3043 3081; x_wconf 90' lang='lat' dir='ltr'>baptismo</span> <span class='ocrx_word' id='word_1_466' title='bbox 3107 3009 3166 3064; x_wconf 91' lang='lat' dir='ltr'>in</span> <span class='ocrx_word' id='word_1_467' title='bbox 3227 3007 3441 3064; x_wconf 87' lang='lat' dir='ltr'>Christi</span> 
     </span>
    </p>
   </div>
   <div class='ocr_carea' id='block_1_64' title="bbox 1785 3095 3440 3169">
    <p class='ocr_par' dir='ltr' id='par_1_64' title="bbox 1785 3095 3440 3169">
     <span class='ocr_line' id='line_1_64' title="bbox 1785 3095 3440 3169; baseline -0.004 -13"><span class='ocrx_word' id='word_1_468' title='bbox 1785 3106 1973 3157; x_wconf 90' lang='lat' dir='ltr'>morte</span> <span class='ocrx_word' id='word_1_469' title='bbox 2011 3101 2245 3157; x_wconf 90' lang='lat' dir='ltr'>collato.</span> <span class='ocrx_word' id='word_1_470' title='bbox 2297 3099 2411 3155; x_wconf 84' lang='lat' dir='ltr'>Sed</span> <span class='ocrx_word' id='word_1_471' title='bbox 2449 3098 2610 3154; x_wconf 88' lang='lat' dir='ltr'>enim</span> <span class='ocrx_word' id='word_1_472' title='bbox 2665 3098 2927 3153; x_wconf 78' lang='lat' dir='ltr'>veritatis</span> <span class='ocrx_word' id='word_1_473' title='bbox 2958 3112 3155 3169; x_wconf 63' lang='lat' dir='ltr'>prmco</span> <span class='ocrx_word' id='word_1_474' title='bbox 3195 3112 3298 3151; x_wconf 91' lang='lat' dir='ltr'>eos</span> <span class='ocrx_word' id='word_1_475' title='bbox 3335 3095 3440 3167; x_wconf 91' lang='lat' dir='ltr'>qui</span> 
     </span>
    </p>
   </div>
   <div class='ocr_carea' id='block_1_65' title="bbox 1779 3183 3444 3262">
    <p class='ocr_par' dir='ltr' id='par_1_65' title="bbox 1779 3183 3444 3262">
     <span class='ocr_line' id='line_1_65' title="bbox 1779 3183 3444 3262; baseline -0.002 -18"><span class='ocrx_word' id='word_1_476' title='bbox 1779 3189 2065 3262; x_wconf 88' lang='lat' dir='ltr'>baptismi</span> <span class='ocrx_word' id='word_1_477' title='bbox 2087 3186 2728 3251; x_wconf 87' lang='lat' dir='ltr'>novitateminvehunt,</span> <span class='ocrx_word' id='word_1_478' title='bbox 2758 3201 2940 3258; x_wconf 84' lang='lat' dir='ltr'>seque</span> <span class='ocrx_word' id='word_1_479' title='bbox 2970 3183 3169 3256; x_wconf 90' lang='lat' dir='ltr'>ipsum</span> <span class='ocrx_word' id='word_1_480' title='bbox 3203 3189 3444 3240; x_wconf 91' lang='lat' dir='ltr'>senten-</span> 
     </span>
    </p>
   </div>
   <div class='ocr_carea' id='block_1_66' title="bbox 75 3271 1676 3356">
    <p class='ocr_par' dir='ltr' id='par_1_66' title="bbox 75 3273 1669 3352">
     <span class='ocr_line' id='line_1_66' title="bbox 75 3273 1669 3352; baseline 0.004 -25"><span class='ocrx_word' id='word_1_481' title='bbox 75 3282 148 3328; x_wconf 78' lang='grc' dir='ltr'>τόν</span> <span class='ocrx_word' id='word_1_482' title='bbox 171 3279 599 3350; x_wconf 61' lang='grc' dir='ltr'>ἐπιψηφίζεσθαι</span> <span class='ocrx_word' id='word_1_483' title='bbox 617 3286 678 3349; x_wconf 78' lang='grc' dir='ltr'>τῇ</span> <span class='ocrx_word' id='word_1_484' title='bbox 715 3273 842 3350; x_wconf 78' lang='grc' dir='ltr'>δόξῃ</span> <span class='ocrx_word' id='word_1_485' title='bbox 879 3281 1329 3352; x_wconf 78' lang='grc' dir='ltr'>κατηγορούντων,</span> <span class='ocrx_word' id='word_1_486' title='bbox 1360 3276 1464 3332; x_wconf 80' lang='grc' dir='ltr'>ὧδε</span> <span class='ocrx_word' id='word_1_487' title='bbox 1493 3279 1553 3332; x_wconf 80' lang='grc' dir='ltr'>ἄν</span> <span class='ocrx_word' id='word_1_488' title='bbox 1577 3281 1669 3332; x_wconf 74' lang='grc' dir='ltr'>αῦ-</span> 
     </span>
    </p>
   </div>
   <div class='ocr_carea' id='block_1_67' title="bbox 1858 3271 3440 3356">
    <p class='ocr_par' dir='ltr' id='par_1_67' title="bbox 1858 3271 3440 3348">
     <span class='ocr_line' id='line_1_67' title="bbox 1858 3271 3440 3348; baseline -0.003 -14"><span class='ocrx_word' id='word_1_489' title='bbox 1858 3296 1874 3334; x_wconf 68' lang='lat'>3</span> <span class='ocrx_word' id='word_1_490' title='bbox 1905 3293 2112 3334; x_wconf 89' lang='lat' dir='ltr'>eorum</span> <span class='ocrx_word' id='word_1_491' title='bbox 2140 3276 2450 3348; x_wconf 90' lang='lat' dir='ltr'>astipulari</span> <span class='ocrx_word' id='word_1_492' title='bbox 2475 3275 2943 3336; x_wconf 88' lang='lat' dir='ltr'>calumniantur.</span> <span class='ocrx_word' id='word_1_493' title='bbox 2966 3274 3048 3329; x_wconf 91' lang='lat' dir='ltr'>sic</span> <span class='ocrx_word' id='word_1_494' title='bbox 3072 3272 3189 3329; x_wconf 86' lang='lat' dir='ltr'>fere</span> <span class='ocrx_word' id='word_1_495' title='bbox 3223 3271 3440 3330; x_wconf 86' lang='lat' dir='ltr'>refuta-</span> 
     </span>
    </p>
   </div>
   <div class='ocr_carea' id='block_1_68' title="bbox 71 3368 586 3439">
    <p class='ocr_par' dir='ltr' id='par_1_68' title="bbox 71 3368 586 3439">
     <span class='ocr_line' id='line_1_68' title="bbox 71 3368 586 3439; baseline 0 -22"><span class='ocrx_word' id='word_1_496' title='bbox 71 3374 180 3429; x_wconf 64' lang='grc' dir='ltr'>τοὺς</span> <span class='ocrx_word' id='word_1_497' title='bbox 201 3368 586 3439; x_wconf 71' lang='grc' dir='ltr'>ἐπιστομίσαι.</span> 
     </span>
    </p>
   </div>
   <div class='ocr_carea' id='block_1_69' title="bbox 131 3455 1662 3530">
    <p class='ocr_par' dir='ltr' id='par_1_69' title="bbox 131 3455 1662 3530">
     <span class='ocr_line' id='line_1_69' title="bbox 131 3455 1662 3530; baseline 0.003 -24"><span class='ocrx_word' id='word_1_498' title='bbox 131 3457 231 3513; x_wconf 70' lang='grc' dir='ltr'>ια’.</span> <span class='ocrx_word' id='word_1_499' title='bbox 280 3463 411 3522; x_wconf 61' lang='grc' dir='ltr'>Ναί,</span> <span class='ocrx_word' id='word_1_500' title='bbox 465 3460 648 3527; x_wconf 72' lang='grc' dir='ltr'>φησὶν,</span> <span class='ocrx_word' id='word_1_501' title='bbox 697 3455 930 3528; x_wconf 68' lang='grc' dir='ltr'>ὁμολογῶ</span> <span class='ocrx_word' id='word_1_502' title='bbox 975 3460 1063 3527; x_wconf 76' lang='grc' dir='ltr'>μεν</span> <span class='ocrx_word' id='word_1_503' title='bbox 1109 3461 1226 3518; x_wconf 77' lang='grc' dir='ltr'>τούς</span> <span class='ocrx_word' id='word_1_504' title='bbox 1261 3455 1662 3530; x_wconf 82' lang='grc' dir='ltr'>βαπτισθέντας,</span> 
     </span>
    </p>
   </div>
   <div class='ocr_carea' id='block_1_70' title="bbox 69 3544 1666 3620">
    <p class='ocr_par' dir='ltr' id='par_1_70' title="bbox 69 3544 1666 3620">
     <span class='ocr_line' id='line_1_70' title="bbox 69 3544 1666 3620; baseline 0.003 -24"><span class='ocrx_word' id='word_1_505' title='bbox 69 3546 131 3608; x_wconf 73' lang='grc' dir='ltr'>εἰς</span> <span class='ocrx_word' id='word_1_506' title='bbox 157 3551 244 3598; x_wconf 83' lang='grc' dir='ltr'>τόν</span> <span class='ocrx_word' id='word_1_507' title='bbox 296 3548 521 3598; x_wconf 77' lang='grc' dir='ltr'>θάνατον</span> <span class='ocrx_word' id='word_1_508' title='bbox 571 3552 664 3597; x_wconf 84' lang='grc' dir='ltr'>τοῦ</span> <span class='ocrx_word' id='word_1_509' title='bbox 711 3553 948 3619; x_wconf 79' lang='grc' dir='ltr'>Χριστοῦ</span> <span class='ocrx_word' id='word_1_510' title='bbox 977 3544 1500 3620; x_wconf 79' lang='grc' dir='ltr'>βαπτίσασθαι,οὐχ</span> <span class='ocrx_word' id='word_1_511' title='bbox 1547 3551 1666 3619; x_wconf 83' lang='grc' dir='ltr'>ὁμο-</span> 
     </span>
    </p>
   </div>
   <div class='ocr_carea' id='block_1_71' title="bbox 66 3633 1666 3707">
    <p class='ocr_par' dir='ltr' id='par_1_71' title="bbox 66 3633 1666 3707">
     <span class='ocr_line' id='line_1_71' title="bbox 66 3633 1666 3707; baseline 0.001 -20"><span class='ocrx_word' id='word_1_512' title='bbox 66 3635 192 3706; x_wconf 71' lang='grc' dir='ltr'>λογῶ</span> <span class='ocrx_word' id='word_1_513' title='bbox 221 3633 280 3688; x_wconf 69' lang='grc' dir='ltr'>δε</span> <span class='ocrx_word' id='word_1_514' title='bbox 329 3639 388 3687; x_wconf 87' lang='grc' dir='ltr'>τό</span> <span class='ocrx_word' id='word_1_515' title='bbox 421 3633 710 3707; x_wconf 80' lang='grc' dir='ltr'>βάπτισμα</span> <span class='ocrx_word' id='word_1_516' title='bbox 737 3643 797 3707; x_wconf 73' lang='grc' dir='ltr'>τῇ</span> <span class='ocrx_word' id='word_1_517' title='bbox 838 3643 929 3688; x_wconf 85' lang='grc' dir='ltr'>τοῦ</span> <span class='ocrx_word' id='word_1_518' title='bbox 984 3637 1205 3688; x_wconf 82' lang='grc' dir='ltr'>θανάτου</span> <span class='ocrx_word' id='word_1_519' title='bbox 1254 3639 1414 3689; x_wconf 80' lang='grc' dir='ltr'>αὐτοῦ</span> <span class='ocrx_word' id='word_1_520' title='bbox 1458 3637 1666 3696; x_wconf 76' lang='grc' dir='ltr'>ἐπικλή-</span> 
     </span>
    </p>
   </div>
   <div class='ocr_carea' id='block_1_72' title="bbox 67 3724 1664 3799">
    <p class='ocr_par' dir='ltr' id='par_1_72' title="bbox 67 3724 1664 3799">
     <span class='ocr_line' id='line_1_72' title="bbox 67 3724 1664 3799; baseline 0.003 -25"><span class='ocrx_word' id='word_1_521' title='bbox 67 3743 138 3776; x_wconf 84' lang='grc' dir='ltr'>σιι</span> <span class='ocrx_word' id='word_1_522' title='bbox 190 3725 580 3799; x_wconf 72' lang='grc' dir='ltr'>ἰερουργείσθαι</span> <span class='ocrx_word' id='word_1_523' title='bbox 631 3741 644 3753; x_wconf 89' lang='grc'><strong>·</strong></span> <span class='ocrx_word' id='word_1_524' title='bbox 690 3729 761 3796; x_wconf 79' lang='grc' dir='ltr'>μή</span> <span class='ocrx_word' id='word_1_525' title='bbox 816 3728 1016 3795; x_wconf 70' lang='grc' dir='ltr'>γίνοιτο</span> <span class='ocrx_word' id='word_1_526' title='bbox 1049 3745 1062 3757; x_wconf 89' lang='grc'><strong>·</strong></span> <span class='ocrx_word' id='word_1_527' title='bbox 1097 3724 1228 3776; x_wconf 79' lang='grc' dir='ltr'>ἀλλὰ</span> <span class='ocrx_word' id='word_1_528' title='bbox 1271 3725 1532 3779; x_wconf 86' lang='grc' dir='ltr'>τελεῖσθαι</span> <span class='ocrx_word' id='word_1_529' title='bbox 1576 3731 1664 3799; x_wconf 85' lang='grc' dir='ltr'>μέν</span> 
     </span>
    </p>
   </div>
   <div class='ocr_carea' id='block_1_73' title="bbox 64 3812 1662 3888">
    <p class='ocr_par' dir='ltr' id='par_1_73' title="bbox 64 3812 1662 3888">
     <span class='ocr_line' id='line_1_73' title="bbox 64 3812 1662 3888; baseline 0.005 -28"><span class='ocrx_word' id='word_1_530' title='bbox 64 3821 210 3866; x_wconf 73' lang='grc' dir='ltr'>τοῦτο</span> <span class='ocrx_word' id='word_1_531' title='bbox 258 3819 314 3867; x_wconf 82' lang='grc' dir='ltr'>τὸ</span> <span class='ocrx_word' id='word_1_532' title='bbox 367 3812 541 3886; x_wconf 80' lang='grc' dir='ltr'>δῶρον</span> <span class='ocrx_word' id='word_1_533' title='bbox 588 3822 679 3874; x_wconf 83' lang='grc' dir='ltr'>τῆς</span> <span class='ocrx_word' id='word_1_534' title='bbox 745 3813 990 3886; x_wconf 75' lang='grc' dir='ltr'>ἀφέσεως,</span> <span class='ocrx_word' id='word_1_535' title='bbox 1062 3817 1132 3876; x_wconf 85' lang='grc' dir='ltr'>ὡς</span> <span class='ocrx_word' id='word_1_536' title='bbox 1191 3814 1345 3876; x_wconf 77' lang='grc' dir='ltr'>αὐτὸς</span> <span class='ocrx_word' id='word_1_537' title='bbox 1403 3817 1428 3866; x_wconf 89' lang='grc' dir='ltr'>ό</span> <span class='ocrx_word' id='word_1_538' title='bbox 1487 3821 1662 3888; x_wconf 82' lang='grc' dir='ltr'>Σωτὴρ</span> 
     </span>
    </p>
   </div>
   <div class='ocr_carea' id='block_1_74' title="bbox 61 3899 1663 3976">
    <p class='ocr_par' dir='ltr' id='par_1_74' title="bbox 61 3899 1663 3976">
     <span class='ocr_line' id='line_1_74' title="bbox 61 3899 1663 3976; baseline 0.002 -24"><span class='ocrx_word' id='word_1_539' title='bbox 61 3899 432 3972; x_wconf 65' lang='grc' dir='ltr'>παραδέδωκεν</span> <span class='ocrx_word' id='word_1_540' title='bbox 483 3903 552 3963; x_wconf 79' lang='grc' dir='ltr'>εἰς</span> <span class='ocrx_word' id='word_1_541' title='bbox 603 3905 660 3954; x_wconf 85' lang='grc' dir='ltr'>τὸ</span> <span class='ocrx_word' id='word_1_542' title='bbox 692 3906 853 3974; x_wconf 79' lang='grc' dir='ltr'>ὄνομα</span> <span class='ocrx_word' id='word_1_543' title='bbox 895 3910 988 3955; x_wconf 84' lang='grc' dir='ltr'>τοῦ</span> <span class='ocrx_word' id='word_1_544' title='bbox 1042 3907 1242 3976; x_wconf 82' lang='grc' dir='ltr'>Πατρός</span> <span class='ocrx_word' id='word_1_545' title='bbox 1286 3909 1497 3956; x_wconf 83' lang='grc' dir='ltr'>καὶτοῦ</span> <span class='ocrx_word' id='word_1_546' title='bbox 1541 3905 1663 3958; x_wconf 84' lang='grc' dir='ltr'>Υὶοῦ</span> 
     </span>
    </p>
   </div>
   <div class='ocr_carea' id='block_1_75' title="bbox 64 3989 1663 4064">
    <p class='ocr_par' dir='ltr' id='par_1_75' title="bbox 64 3989 1663 4064">
     <span class='ocr_line' id='line_1_75' title="bbox 64 3989 1663 4064; baseline 0.004 -26"><span class='ocrx_word' id='word_1_547' title='bbox 64 3995 150 4041; x_wconf 72' lang='grc' dir='ltr'>καὶ</span> <span class='ocrx_word' id='word_1_548' title='bbox 196 3998 287 4042; x_wconf 79' lang='grc' dir='ltr'>τοῦ</span> <span class='ocrx_word' id='word_1_549' title='bbox 325 3991 480 4061; x_wconf 66' lang='grc' dir='ltr'>ἁγίου</span> <span class='ocrx_word' id='word_1_550' title='bbox 527 3993 824 4062; x_wconf 75' lang='grc' dir='ltr'>Πνιύματος</span> <span class='ocrx_word' id='word_1_551' title='bbox 871 4007 884 4020; x_wconf 74' lang='grc'><strong><em>⁸</em></strong></span> <span class='ocrx_word' id='word_1_552' title='bbox 929 3990 1188 4064; x_wconf 73' lang='grc' dir='ltr'>σύμϐολον</span> <span class='ocrx_word' id='word_1_553' title='bbox 1239 3989 1291 4044; x_wconf 79' lang='grc' dir='ltr'>δ’</span> <span class='ocrx_word' id='word_1_554' title='bbox 1337 3989 1465 4045; x_wconf 85' lang='grc' dir='ltr'>εἶναι</span> <span class='ocrx_word' id='word_1_555' title='bbox 1511 3999 1663 4044; x_wconf 87' lang='grc' dir='ltr'>τοῦτο</span> 
     </span>
    </p>
   </div>
   <div class='ocr_carea' id='block_1_76' title="bbox 65 4076 1664 4152">
    <p class='ocr_par' dir='ltr' id='par_1_76' title="bbox 65 4076 1664 4152">
     <span class='ocr_line' id='line_1_76' title="bbox 65 4076 1664 4152; baseline 0.004 -25"><span class='ocrx_word' id='word_1_556' title='bbox 65 4086 152 4128; x_wconf 72' lang='grc' dir='ltr'>τοῦ</span> <span class='ocrx_word' id='word_1_557' title='bbox 199 4080 420 4131; x_wconf 80' lang='grc' dir='ltr'>θανάτου</span> <span class='ocrx_word' id='word_1_558' title='bbox 479 4080 660 4144; x_wconf 75' lang='grc' dir='ltr'>αὐτοῦ,</span> <span class='ocrx_word' id='word_1_559' title='bbox 713 4076 808 4132; x_wconf 82' lang='grc' dir='ltr'>διὰ</span> <span class='ocrx_word' id='word_1_560' title='bbox 853 4088 948 4142; x_wconf 79' lang='grc' dir='ltr'>τῆς</span> <span class='ocrx_word' id='word_1_561' title='bbox 996 4088 1209 4152; x_wconf 88' lang='grc' dir='ltr'>τριττῆς</span> <span class='ocrx_word' id='word_1_562' title='bbox 1244 4077 1584 4141; x_wconf 77' lang='grc' dir='ltr'>καταδύσεως</span> <span class='ocrx_word' id='word_1_563' title='bbox 1611 4100 1664 4133; x_wconf 86' lang='grc' dir='ltr'>τε</span> 
     </span>
    </p>
   </div>
   <div class='ocr_carea' id='block_1_77' title="bbox 65 4164 1664 4242">
    <p class='ocr_par' dir='ltr' id='par_1_77' title="bbox 65 4164 1664 4242">
     <span class='ocr_line' id='line_1_77' title="bbox 65 4164 1664 4242; baseline 0.004 -27"><span class='ocrx_word' id='word_1_564' title='bbox 65 4172 150 4217; x_wconf 66' lang='grc' dir='ltr'>και</span> <span class='ocrx_word' id='word_1_565' title='bbox 188 4164 484 4227; x_wconf 71' lang='grc' dir='ltr'>ἀναδύσεως</span> <span class='ocrx_word' id='word_1_566' title='bbox 525 4173 620 4226; x_wconf 79' lang='grc' dir='ltr'>τὴν</span> <span class='ocrx_word' id='word_1_567' title='bbox 663 4173 942 4242; x_wconf 76' lang='grc' dir='ltr'>τριήμερον</span> <span class='ocrx_word' id='word_1_568' title='bbox 989 4169 1151 4221; x_wconf 75' lang='grc' dir='ltr'>αὑτοῦ</span> <span class='ocrx_word' id='word_1_569' title='bbox 1200 4174 1368 4241; x_wconf 74' lang='grc' dir='ltr'>ταφὴν</span> <span class='ocrx_word' id='word_1_570' title='bbox 1413 4173 1501 4221; x_wconf 87' lang='grc' dir='ltr'>καὶ</span> <span class='ocrx_word' id='word_1_571' title='bbox 1543 4168 1664 4221; x_wconf 83' lang='grc' dir='ltr'>ἀνά-</span> 
     </span>
    </p>
   </div>
   <div class='ocr_carea' id='block_1_78' title="bbox 68 4254 1663 4330">
    <p class='ocr_par' dir='ltr' id='par_1_78' title="bbox 68 4254 1663 4330">
     <span class='ocr_line' id='line_1_78' title="bbox 68 4254 1663 4330; baseline 0.003 -26"><span class='ocrx_word' id='word_1_572' title='bbox 68 4273 247 4307; x_wconf 76' lang='grc' dir='ltr'>ςτασιν</span> <span class='ocrx_word' id='word_1_573' title='bbox 290 4255 541 4318; x_wconf 82' lang='grc' dir='ltr'>εἰκονίζον</span> <span class='ocrx_word' id='word_1_574' title='bbox 589 4274 644 4308; x_wconf 83' lang='grc' dir='ltr'>τε</span> <span class='ocrx_word' id='word_1_575' title='bbox 700 4261 788 4308; x_wconf 86' lang='grc' dir='ltr'>καὶ</span> <span class='ocrx_word' id='word_1_576' title='bbox 822 4254 1255 4330; x_wconf 77' lang='grc' dir='ltr'>διατυπούμινον.</span> <span class='ocrx_word' id='word_1_577' title='bbox 1297 4261 1383 4311; x_wconf 87' lang='grc' dir='ltr'>Διὸ</span> <span class='ocrx_word' id='word_1_578' title='bbox 1426 4263 1515 4310; x_wconf 86' lang='grc' dir='ltr'>καὶ</span> <span class='ocrx_word' id='word_1_579' title='bbox 1558 4258 1663 4329; x_wconf 69' lang='grc' dir='ltr'>οὐχ</span> 
     </span>
    </p>
   </div>
   <div class='ocr_carea' id='block_1_79' title="bbox 67 4342 1664 4407">
    <p class='ocr_par' dir='ltr' id='par_1_79' title="bbox 67 4342 1664 4407">
     <span class='ocr_line' id='line_1_79' title="bbox 67 4342 1664 4407; baseline 0.004 -15"><span class='ocrx_word' id='word_1_580' title='bbox 67 4342 231 4405; x_wconf 65' lang='grc' dir='ltr'>ἁπλῶς</span> <span class='ocrx_word' id='word_1_581' title='bbox 279 4342 439 4407; x_wconf 79' lang='grc' dir='ltr'>εἷπον,</span> <span class='ocrx_word' id='word_1_582' title='bbox 506 4366 534 4395; x_wconf 75' lang='grc' dir='ltr'>(ι</span> <span class='ocrx_word' id='word_1_583' title='bbox 587 4345 675 4406; x_wconf 81' lang='grc' dir='ltr'>Εἰς</span> <span class='ocrx_word' id='word_1_584' title='bbox 718 4349 802 4397; x_wconf 83' lang='grc' dir='ltr'>τὸν</span> <span class='ocrx_word' id='word_1_585' title='bbox 853 4347 1066 4398; x_wconf 85' lang='grc' dir='ltr'>θάνατον</span> <span class='ocrx_word' id='word_1_586' title='bbox 1125 4347 1286 4398; x_wconf 78' lang='grc' dir='ltr'>αὐτοῦ</span> <span class='ocrx_word' id='word_1_587' title='bbox 1344 4346 1664 4405; x_wconf 79' lang='grc' dir='ltr'>ἐϐαπτίσθη-</span> 
     </span>
    </p>
   </div>
   <div class='ocr_carea' id='block_1_80' title="bbox 65 4431 1664 4509">
    <p class='ocr_par' dir='ltr' id='par_1_80' title="bbox 65 4431 1664 4509">
     <span class='ocr_line' id='line_1_80' title="bbox 65 4431 1664 4509; baseline 0.003 -27"><span class='ocrx_word' id='word_1_588' title='bbox 211 4454 236 4478; x_wconf 72' lang='grc'><strong>»</strong></span> <span class='ocrx_word' id='word_1_589' title='bbox 270 4431 396 4483; x_wconf 77' lang='grc' dir='ltr'>ἀλλὰ</span> <span class='ocrx_word' id='word_1_590' title='bbox 441 4432 706 4505; x_wconf 82' lang='grc' dir='ltr'>προτάξας</span> <span class='ocrx_word' id='word_1_591' title='bbox 758 4437 839 4494; x_wconf 87' lang='grc' dir='ltr'>τό,</span> <span class='ocrx_word' id='word_1_592' title='bbox 872 4453 899 4484; x_wconf 92' lang='grc'>‹‹</span> <span class='ocrx_word' id='word_1_593' title='bbox 945 4434 1103 4487; x_wconf 85' lang='grc' dir='ltr'>Ὀσοι</span> <span class='ocrx_word' id='word_1_594' title='bbox 1147 4436 1218 4497; x_wconf 79' lang='grc' dir='ltr'>εἰς</span> <span class='ocrx_word' id='word_1_595' title='bbox 1271 4439 1498 4509; x_wconf 84' lang='grc' dir='ltr'>Χριστόν</span> <span class='ocrx_word' id='word_1_596' title='bbox 1550 4434 1664 4487; x_wconf 75' lang='grc' dir='ltr'>ἔϐα-</span> 
     </span>
    </p>
   </div>
   <div class='ocr_carea' id='block_1_81' title="bbox 63 4521 1662 4594">
    <p class='ocr_par' dir='ltr' id='par_1_81' title="bbox 63 4521 1662 4594">
     <span class='ocr_line' id='line_1_81' title="bbox 63 4521 1662 4594; baseline 0.004 -26"><span class='ocrx_word' id='word_1_597' title='bbox 63 4521 370 4591; x_wconf 72' lang='grc' dir='ltr'>πτίσθημιν,</span> <span class='ocrx_word' id='word_1_598' title='bbox 427 4544 450 4570; x_wconf 76' lang='grc' dir='ltr'><strong><em>ι</em></strong></span> <span class='ocrx_word' id='word_1_599' title='bbox 503 4523 660 4582; x_wconf 72' lang='grc' dir='ltr'>οὕτως</span> <span class='ocrx_word' id='word_1_600' title='bbox 701 4521 963 4594; x_wconf 72' lang='grc' dir='ltr'>ἐπήγαγον</span> <span class='ocrx_word' id='word_1_601' title='bbox 1011 4526 1069 4575; x_wconf 85' lang='grc' dir='ltr'>τὸ</span> <span class='ocrx_word' id='word_1_602' title='bbox 1111 4544 1135 4574; x_wconf 76' lang='lat' dir='ltr'>a</span> <span class='ocrx_word' id='word_1_603' title='bbox 1179 4524 1267 4585; x_wconf 83' lang='grc' dir='ltr'>Εἰς</span> <span class='ocrx_word' id='word_1_604' title='bbox 1312 4527 1398 4576; x_wconf 90' lang='grc' dir='ltr'>τὸν</span> <span class='ocrx_word' id='word_1_605' title='bbox 1449 4526 1662 4577; x_wconf 86' lang='grc' dir='ltr'>θάνατον</span> 
     </span>
    </p>
   </div>
   <div class='ocr_carea' id='block_1_82' title="bbox 65 4608 1662 4686">
    <p class='ocr_par' dir='ltr' id='par_1_82' title="bbox 65 4608 1662 4686">
     <span class='ocr_line' id='line_1_82' title="bbox 65 4608 1662 4686; baseline 0.004 -28"><span class='ocrx_word' id='word_1_606' title='bbox 65 4608 222 4660; x_wconf 52' lang='grc' dir='ltr'>αὑτοῦ</span> <span class='ocrx_word' id='word_1_607' title='bbox 243 4608 660 4682; x_wconf 78' lang='grc' dir='ltr'>ἐϐαπτίστθημεν</span> <span class='ocrx_word' id='word_1_608' title='bbox 694 4629 704 4640; x_wconf 89' lang='grc'><strong>·</strong></span> <span class='ocrx_word' id='word_1_609' title='bbox 740 4634 770 4661; x_wconf 88' lang='lat'><strong>»</strong></span> <span class='ocrx_word' id='word_1_610' title='bbox 791 4619 853 4684; x_wconf 78' lang='grc' dir='ltr'>τῇ</span> <span class='ocrx_word' id='word_1_611' title='bbox 897 4614 1034 4664; x_wconf 85' lang='grc' dir='ltr'>κατὰ</span> <span class='ocrx_word' id='word_1_612' title='bbox 1080 4616 1354 4684; x_wconf 80' lang='grc' dir='ltr'>συνέχειαν</span> <span class='ocrx_word' id='word_1_613' title='bbox 1379 4615 1662 4686; x_wconf 82' lang='grc' dir='ltr'>παραθέσει</span> 
     </span>
    </p>
   </div>
   <div class='ocr_carea' id='block_1_83' title="bbox 63 4694 1662 4774">
    <p class='ocr_par' dir='ltr' id='par_1_83' title="bbox 63 4694 1662 4774">
     <span class='ocr_line' id='line_1_83' title="bbox 63 4694 1662 4774; baseline 0.006 -29"><span class='ocrx_word' id='word_1_614' title='bbox 63 4704 169 4746; x_wconf 67' lang='grc' dir='ltr'>τῶν</span> <span class='ocrx_word' id='word_1_615' title='bbox 201 4694 461 4770; x_wconf 60' lang='grc' dir='ltr'>διαφόρων</span> <span class='ocrx_word' id='word_1_616' title='bbox 509 4698 709 4752; x_wconf 74' lang='grc' dir='ltr'>ἐννοιῶν</span> <span class='ocrx_word' id='word_1_617' title='bbox 747 4719 801 4752; x_wconf 84' lang='grc' dir='ltr'>τε</span> <span class='ocrx_word' id='word_1_618' title='bbox 842 4705 932 4752; x_wconf 85' lang='grc' dir='ltr'>καὶ</span> <span class='ocrx_word' id='word_1_619' title='bbox 989 4700 1270 4773; x_wconf 83' lang='grc' dir='ltr'>ὀνομάτων,</span> <span class='ocrx_word' id='word_1_620' title='bbox 1317 4704 1454 4754; x_wconf 81' lang='grc' dir='ltr'>κατὰ</span> <span class='ocrx_word' id='word_1_621' title='bbox 1497 4698 1662 4774; x_wconf 80' lang='grc' dir='ltr'>μηδε-</span> 
     </span>
    </p>
   </div>
   <div class='ocr_carea' id='block_1_84' title="bbox 65 4786 1657 4863">
    <p class='ocr_par' dir='ltr' id='par_1_84' title="bbox 65 4786 1657 4863">
     <span class='ocr_line' id='line_1_84' title="bbox 65 4786 1657 4863; baseline 0.004 -27"><span class='ocrx_word' id='word_1_622' title='bbox 65 4791 187 4856; x_wconf 72' lang='grc' dir='ltr'>μίαν</span> <span class='ocrx_word' id='word_1_623' title='bbox 232 4793 318 4858; x_wconf 71' lang='grc' dir='ltr'>μὲν</span> <span class='ocrx_word' id='word_1_624' title='bbox 398 4790 783 4863; x_wconf 78' lang='grc' dir='ltr'>ἱερουργεῖσθαι</span> <span class='ocrx_word' id='word_1_625' title='bbox 842 4793 903 4842; x_wconf 87' lang='grc' dir='ltr'>τό</span> <span class='ocrx_word' id='word_1_626' title='bbox 956 4788 1242 4863; x_wconf 86' lang='grc' dir='ltr'>βάπτισμα</span> <span class='ocrx_word' id='word_1_627' title='bbox 1295 4786 1657 4863; x_wconf 77' lang='grc' dir='ltr'>διδαξάμενος,</span> 
     </span>
    </p>
   </div>
   <div class='ocr_carea' id='block_1_85' title="bbox 65 4876 1660 4952">
    <p class='ocr_par' dir='ltr' id='par_1_85' title="bbox 65 4876 1660 4952">
     <span class='ocr_line' id='line_1_85' title="bbox 65 4876 1660 4952; baseline 0.001 -22"><span class='ocrx_word' id='word_1_628' title='bbox 65 4876 94 4930; x_wconf 70' lang='grc' dir='ltr'><strong>ἑ</strong></span> <span class='ocrx_word' id='word_1_629' title='bbox 129 4880 224 4947; x_wconf 64' lang='grc' dir='ltr'>γὰρ</span> <span class='ocrx_word' id='word_1_630' title='bbox 277 4876 338 4928; x_wconf 77' lang='grc' dir='ltr'>ἂν</span> <span class='ocrx_word' id='word_1_631' title='bbox 381 4876 627 4930; x_wconf 87' lang='grc' dir='ltr'>τάναντία</span> <span class='ocrx_word' id='word_1_632' title='bbox 680 4884 768 4930; x_wconf 82' lang='grc' dir='ltr'>καὶ</span> <span class='ocrx_word' id='word_1_633' title='bbox 815 4878 1049 4952; x_wconf 75' lang='grc' dir='ltr'>μάλιστα</span> <span class='ocrx_word' id='word_1_634' title='bbox 1086 4879 1197 4951; x_wconf 81' lang='grc' dir='ltr'>ἅμα</span> <span class='ocrx_word' id='word_1_635' title='bbox 1238 4886 1431 4952; x_wconf 75' lang='grc' dir='ltr'>φρονῶν</span> <span class='ocrx_word' id='word_1_636' title='bbox 1480 4899 1533 4932; x_wconf 85' lang='grc' dir='ltr'>τε</span> <span class='ocrx_word' id='word_1_637' title='bbox 1570 4884 1660 4932; x_wconf 82' lang='grc' dir='ltr'>καὶ</span> 
     </span>
    </p>
   </div>
   <div class='ocr_carea' id='block_1_86' title="bbox 62 4963 1657 5040">
    <p class='ocr_par' dir='ltr' id='par_1_86' title="bbox 62 4963 1657 5040">
     <span class='ocr_line' id='line_1_86' title="bbox 62 4963 1657 5040; baseline 0.005 -28"><span class='ocrx_word' id='word_1_638' title='bbox 62 4963 222 5031; x_wconf 60' lang='grc' dir='ltr'>λέγων</span> <span class='ocrx_word' id='word_1_639' title='bbox 281 4965 512 5029; x_wconf 70' lang='grc' dir='ltr'>ἑαλωκὼς</span> <span class='ocrx_word' id='word_1_640' title='bbox 570 4969 697 5025; x_wconf 84' lang='grc' dir='ltr'>εἵην.</span> <span class='ocrx_word' id='word_1_641' title='bbox 759 4967 916 5019; x_wconf 78' lang='grc' dir='ltr'>Ἀλλὰ</span> <span class='ocrx_word' id='word_1_642' title='bbox 984 4964 1080 5020; x_wconf 82' lang='grc' dir='ltr'>διὰ</span> <span class='ocrx_word' id='word_1_643' title='bbox 1159 4971 1248 5040; x_wconf 77' lang='grc' dir='ltr'>μὶν</span> <span class='ocrx_word' id='word_1_644' title='bbox 1328 4976 1419 5020; x_wconf 82' lang='grc' dir='ltr'>τοῦ</span> <span class='ocrx_word' id='word_1_645' title='bbox 1479 4970 1657 5031; x_wconf 73' lang='grc' dir='ltr'>εἰπεῖν,</span> 
     </span>
    </p>
   </div>
   <div class='ocr_carea' id='block_1_87' title="bbox 63 5052 1659 5129">
    <p class='ocr_par' dir='ltr' id='par_1_87' title="bbox 63 5052 1659 5129">
     <span class='ocr_line' id='line_1_87' title="bbox 63 5052 1659 5129; baseline 0.004 -28"><span class='ocrx_word' id='word_1_646' title='bbox 63 5073 94 5100; x_wconf 73' lang='grc' dir='ltr'>α</span> <span class='ocrx_word' id='word_1_647' title='bbox 133 5052 212 5113; x_wconf 82' lang='grc' dir='ltr'>Εἰς</span> <span class='ocrx_word' id='word_1_648' title='bbox 246 5059 470 5126; x_wconf 81' lang='grc' dir='ltr'>Χριστὸν</span> <span class='ocrx_word' id='word_1_649' title='bbox 519 5053 927 5129; x_wconf 76' lang='grc' dir='ltr'>ἐϐαπτίσθημεν,</span> <span class='ocrx_word' id='word_1_650' title='bbox 965 5077 994 5108; x_wconf 87' lang='lat'><strong>»</strong></span> <span class='ocrx_word' id='word_1_651' title='bbox 1041 5058 1122 5110; x_wconf 86' lang='grc' dir='ltr'>ὅτι</span> <span class='ocrx_word' id='word_1_652' title='bbox 1169 5060 1304 5110; x_wconf 87' lang='grc' dir='ltr'>κατά</span> <span class='ocrx_word' id='word_1_653' title='bbox 1354 5061 1450 5116; x_wconf 76' lang='grc' dir='ltr'>τὴν</span> <span class='ocrx_word' id='word_1_654' title='bbox 1498 5057 1659 5110; x_wconf 80' lang='grc' dir='ltr'>αὐτοῦ</span> 
     </span>
    </p>
   </div>
   <div class='ocr_carea' id='block_1_88' title="bbox 63 5141 1654 5220">
    <p class='ocr_par' dir='ltr' id='par_1_88' title="bbox 63 5141 1654 5220">
     <span class='ocr_line' id='line_1_88' title="bbox 63 5141 1654 5220; baseline 0.004 -30"><span class='ocrx_word' id='word_1_655' title='bbox 63 5149 434 5215; x_wconf 65' lang='grc' dir='ltr'>μυσταγωγίαν</span> <span class='ocrx_word' id='word_1_656' title='bbox 483 5142 846 5216; x_wconf 84' lang='grc' dir='ltr'>βαπτισθῆναι</span> <span class='ocrx_word' id='word_1_657' title='bbox 884 5141 1234 5220; x_wconf 80' lang='grc' dir='ltr'>παρεδήλωσα</span> <span class='ocrx_word' id='word_1_658' title='bbox 1265 5163 1277 5176; x_wconf 81' lang='lat'>&#39;</span> <span class='ocrx_word' id='word_1_659' title='bbox 1327 5144 1420 5200; x_wconf 80' lang='grc' dir='ltr'>διὰ</span> <span class='ocrx_word' id='word_1_660' title='bbox 1463 5143 1521 5199; x_wconf 77' lang='grc' dir='ltr'>δε</span> <span class='ocrx_word' id='word_1_661' title='bbox 1565 5154 1654 5198; x_wconf 85' lang='grc' dir='ltr'>τοῦ</span> 
     </span>
    </p>
   </div>
   <div class='ocr_carea' id='block_1_89' title="bbox 645 5347 872 5404">
    <p class='ocr_par' dir='ltr' id='par_1_89' title="bbox 645 5347 872 5404">
     <span class='ocr_line' id='line_1_89' title="bbox 645 5347 872 5404; baseline 0.004 -1"><span class='ocrx_word' id='word_1_662' title='bbox 645 5349 689 5384; x_wconf 82' lang='grc'>⁶¹</span> <span class='ocrx_word' id='word_1_663' title='bbox 733 5347 872 5404; x_wconf 89' lang='lat' dir='ltr'>ibid.</span> 
     </span>
    </p>
   </div>
   <div class='ocr_carea' id='block_1_90' title="bbox 148 5342 1434 5414">
    <p class='ocr_par' dir='ltr' id='par_1_90' title="bbox 148 5342 1434 5414">
     <span class='ocr_line' id='line_1_90' title="bbox 148 5342 1434 5414; baseline 0.005 -15"><span class='ocrx_word' id='word_1_664' title='bbox 148 5342 374 5401; x_wconf 68' lang='lat' dir='ltr'>“Rom.</span> <span class='ocrx_word' id='word_1_665' title='bbox 405 5361 480 5410; x_wconf 74' lang='lat' dir='ltr'>vr,</span> <span class='ocrx_word' id='word_1_666' title='bbox 515 5352 571 5403; x_wconf 87' lang='lat'>3.</span> <span class='ocrx_word' id='word_1_667' title='bbox 645 5349 689 5384; x_wconf 82' lang='grc'>⁶¹</span> <span class='ocrx_word' id='word_1_668' title='bbox 733 5347 872 5404; x_wconf 90' lang='lat' dir='ltr'>ibid.</span> <span class='ocrx_word' id='word_1_669' title='bbox 952 5351 998 5385; x_wconf 76' lang='grc'>⁵³</span> <span class='ocrx_word' id='word_1_670' title='bbox 1036 5348 1175 5404; x_wconf 83' lang='lat' dir='ltr'>Hbr.</span> <span class='ocrx_word' id='word_1_671' title='bbox 1230 5364 1305 5414; x_wconf 81' lang='lat' dir='ltr'>tv,</span> <span class='ocrx_word' id='word_1_672' title='bbox 1350 5353 1434 5405; x_wconf 79' lang='grc'>15.</span> 
     </span>
    </p>
   </div>
   <div class='ocr_carea' id='block_1_91' title="bbox 1777 3367 1888 3423">
    <p class='ocr_par' dir='ltr' id='par_1_91' title="bbox 1777 3367 1888 3423">
     <span class='ocr_line' id='line_1_91' title="bbox 1777 3367 1888 3423; baseline -0.009 0"><span class='ocrx_word' id='word_1_673' title='bbox 1777 3367 1888 3423; x_wconf 88' lang='lat' dir='ltr'>bit.</span> 
     </span>
    </p>
   </div>
   <div class='ocr_carea' id='block_1_92' title="bbox 1849 3451 3437 3529">
    <p class='ocr_par' dir='ltr' id='par_1_92' title="bbox 1849 3451 3437 3529">
     <span class='ocr_line' id='line_1_92' title="bbox 1849 3451 3437 3529; baseline -0.003 -17"><span class='ocrx_word' id='word_1_674' title='bbox 1849 3461 1936 3512; x_wconf 80' lang='lat' dir='ltr'>2t.</span> <span class='ocrx_word' id='word_1_675' title='bbox 1979 3455 2266 3529; x_wconf 85' lang='lat' dir='ltr'>Equidem</span> <span class='ocrx_word' id='word_1_676' title='bbox 2305 3471 2414 3528; x_wconf 81' lang='lat' dir='ltr'>ego</span> <span class='ocrx_word' id='word_1_677' title='bbox 2456 3455 2551 3511; x_wconf 90' lang='lat' dir='ltr'>aio</span> <span class='ocrx_word' id='word_1_678' title='bbox 2590 3453 2920 3524; x_wconf 88' lang='lat' dir='ltr'>baptizatos</span> <span class='ocrx_word' id='word_1_679' title='bbox 2959 3452 3335 3524; x_wconf 88' lang='lat' dir='ltr'>baptismum</span> <span class='ocrx_word' id='word_1_680' title='bbox 3377 3451 3437 3507; x_wconf 92' lang='lat' dir='ltr'>in</span> 
     </span>
    </p>
   </div>
   <div class='ocr_carea' id='block_1_93' title="bbox 1778 3540 3438 3617">
    <p class='ocr_par' dir='ltr' id='par_1_93' title="bbox 1778 3540 3438 3617">
     <span class='ocr_line' id='line_1_93' title="bbox 1778 3540 3438 3617; baseline -0.004 -14"><span class='ocrx_word' id='word_1_681' title='bbox 1778 3545 1983 3603; x_wconf 89' lang='lat' dir='ltr'>Christi</span> <span class='ocrx_word' id='word_1_682' title='bbox 2007 3550 2194 3600; x_wconf 88' lang='lat' dir='ltr'>morte</span> <span class='ocrx_word' id='word_1_683' title='bbox 2219 3545 2511 3617; x_wconf 89' lang='lat' dir='ltr'>recepisse</span> <span class='ocrx_word' id='word_1_684' title='bbox 2540 3563 2552 3612; x_wconf 87' lang='lat'>;</span> <span class='ocrx_word' id='word_1_685' title='bbox 2578 3559 2699 3599; x_wconf 89' lang='lat' dir='ltr'>non</span> <span class='ocrx_word' id='word_1_686' title='bbox 2732 3545 2932 3597; x_wconf 89' lang='lat' dir='ltr'>tamen</span> <span class='ocrx_word' id='word_1_687' title='bbox 2952 3540 3048 3598; x_wconf 91' lang='lat' dir='ltr'>aio</span> <span class='ocrx_word' id='word_1_688' title='bbox 3073 3541 3438 3614; x_wconf 87' lang='lat' dir='ltr'>baptismum</span> 
     </span>
    </p>
   </div>
   <div class='ocr_carea' id='block_1_94' title="bbox 1775 3630 3438 3706">
    <p class='ocr_par' dir='ltr' id='par_1_94' title="bbox 1775 3630 3438 3706">
     <span class='ocr_line' id='line_1_94' title="bbox 1775 3630 3438 3706; baseline -0.001 -16"><span class='ocrx_word' id='word_1_689' title='bbox 1775 3636 1834 3690; x_wconf 94' lang='lat' dir='ltr'>in</span> <span class='ocrx_word' id='word_1_690' title='bbox 1866 3634 2134 3706; x_wconf 89' lang='lat' dir='ltr'>ejusdem</span> <span class='ocrx_word' id='word_1_691' title='bbox 2168 3633 2371 3690; x_wconf 89' lang='lat' dir='ltr'>mortis</span> <span class='ocrx_word' id='word_1_692' title='bbox 2401 3633 2774 3689; x_wconf 87' lang='lat' dir='ltr'>invocatione</span> <span class='ocrx_word' id='word_1_693' title='bbox 2815 3630 3067 3686; x_wconf 87' lang='lat' dir='ltr'>conferri</span> <span class='ocrx_word' id='word_1_694' title='bbox 3096 3653 3108 3696; x_wconf 90' lang='lat'><strong>;</strong></span> <span class='ocrx_word' id='word_1_695' title='bbox 3135 3630 3301 3703; x_wconf 90' lang='lat' dir='ltr'>quod</span> <span class='ocrx_word' id='word_1_696' title='bbox 3333 3630 3438 3688; x_wconf 87' lang='lat' dir='ltr'>ab-</span> 
     </span>
    </p>
   </div>
   <div class='ocr_carea' id='block_1_95' title="bbox 1775 3719 3437 3793">
    <p class='ocr_par' dir='ltr' id='par_1_95' title="bbox 1775 3719 3437 3793">
     <span class='ocr_line' id='line_1_95' title="bbox 1775 3719 3437 3793; baseline -0.001 -14"><span class='ocrx_word' id='word_1_697' title='bbox 1775 3725 1888 3787; x_wconf 88' lang='lat' dir='ltr'>sit;</span> <span class='ocrx_word' id='word_1_698' title='bbox 1921 3723 2026 3779; x_wconf 88' lang='lat' dir='ltr'>sed</span> <span class='ocrx_word' id='word_1_699' title='bbox 2073 3723 2208 3779; x_wconf 91' lang='lat' dir='ltr'>dico</span> <span class='ocrx_word' id='word_1_700' title='bbox 2253 3722 2620 3778; x_wconf 89' lang='lat' dir='ltr'>remissionis</span> <span class='ocrx_word' id='word_1_701' title='bbox 2661 3721 2776 3776; x_wconf 89' lang='lat' dir='ltr'>hoc</span> <span class='ocrx_word' id='word_1_702' title='bbox 2821 3719 3044 3776; x_wconf 90' lang='lat' dir='ltr'>donum</span> <span class='ocrx_word' id='word_1_703' title='bbox 3084 3719 3230 3786; x_wconf 90' lang='lat' dir='ltr'>ﬁeri,</span> <span class='ocrx_word' id='word_1_704' title='bbox 3257 3724 3437 3793; x_wconf 87' lang='lat' dir='ltr'>prout</span> 
     </span>
    </p>
   </div>
   <div class='ocr_carea' id='block_1_96' title="bbox 1775 3808 3433 3884">
    <p class='ocr_par' dir='ltr' id='par_1_96' title="bbox 1775 3808 3433 3884">
     <span class='ocr_line' id='line_1_96' title="bbox 1775 3808 3433 3884; baseline -0.002 -17"><span class='ocrx_word' id='word_1_705' title='bbox 1775 3813 1899 3884; x_wconf 89' lang='lat' dir='ltr'>ipse</span> <span class='ocrx_word' id='word_1_706' title='bbox 1945 3815 2218 3870; x_wconf 89' lang='lat' dir='ltr'>Servator</span> <span class='ocrx_word' id='word_1_707' title='bbox 2267 3811 2526 3877; x_wconf 91' lang='lat' dir='ltr'>tradidit,</span> <span class='ocrx_word' id='word_1_708' title='bbox 2576 3811 2636 3866; x_wconf 92' lang='lat' dir='ltr'>in</span> <span class='ocrx_word' id='word_1_709' title='bbox 2684 3809 2923 3865; x_wconf 90' lang='lat' dir='ltr'>nomine</span> <span class='ocrx_word' id='word_1_710' title='bbox 2973 3808 3158 3864; x_wconf 87' lang='lat' dir='ltr'>Patris</span> <span class='ocrx_word' id='word_1_711' title='bbox 3210 3813 3266 3865; x_wconf 90' lang='lat' dir='ltr'>et</span> <span class='ocrx_word' id='word_1_712' title='bbox 3306 3809 3433 3864; x_wconf 89' lang='lat' dir='ltr'>Filii</span> 
     </span>
    </p>
   </div>
   <div class='ocr_carea' id='block_1_97' title="bbox 1773 3897 3431 3973">
    <p class='ocr_par' dir='ltr' id='par_1_97' title="bbox 1773 3897 3431 3973">
     <span class='ocr_line' id='line_1_97' title="bbox 1773 3897 3431 3973; baseline -0.002 -16"><span class='ocrx_word' id='word_1_713' title='bbox 1773 3906 1830 3957; x_wconf 90' lang='lat' dir='ltr'>et</span> <span class='ocrx_word' id='word_1_714' title='bbox 1868 3901 2120 3973; x_wconf 91' lang='lat' dir='ltr'>Spiritus</span> <span class='ocrx_word' id='word_1_715' title='bbox 2164 3901 2388 3956; x_wconf 90' lang='lat' dir='ltr'>sancti:</span> <span class='ocrx_word' id='word_1_716' title='bbox 2423 3899 2482 3955; x_wconf 92' lang='lat' dir='ltr'>id</span> <span class='ocrx_word' id='word_1_717' title='bbox 2529 3915 2666 3954; x_wconf 87' lang='lat' dir='ltr'>vero</span> <span class='ocrx_word' id='word_1_718' title='bbox 2705 3913 2838 3954; x_wconf 89' lang='lat' dir='ltr'>esse</span> <span class='ocrx_word' id='word_1_719' title='bbox 2883 3897 3224 3970; x_wconf 85' lang='lat' dir='ltr'>symbolum</span> <span class='ocrx_word' id='word_1_720' title='bbox 3275 3913 3431 3954; x_wconf 91' lang='lat' dir='ltr'>mor-</span> 
     </span>
    </p>
   </div>
   <div class='ocr_carea' id='block_1_98' title="bbox 1773 3986 3431 4062">
    <p class='ocr_par' dir='ltr' id='par_1_98' title="bbox 1773 3986 3431 4062">
     <span class='ocr_line' id='line_1_98' title="bbox 1773 3986 3431 4062; baseline -0.002 -15"><span class='ocrx_word' id='word_1_721' title='bbox 1773 3991 1847 4047; x_wconf 87' lang='lat' dir='ltr'>tis</span> <span class='ocrx_word' id='word_1_722' title='bbox 1897 3992 2044 4062; x_wconf 88' lang='lat' dir='ltr'>ejus,</span> <span class='ocrx_word' id='word_1_723' title='bbox 2099 3991 2242 4062; x_wconf 89' lang='lat' dir='ltr'>quia</span> <span class='ocrx_word' id='word_1_724' title='bbox 2288 3990 2478 4045; x_wconf 89' lang='lat' dir='ltr'>tribus</span> <span class='ocrx_word' id='word_1_725' title='bbox 2524 3987 3012 4044; x_wconf 87' lang='lat' dir='ltr'>immersionibus</span> <span class='ocrx_word' id='word_1_726' title='bbox 3064 3986 3431 4060; x_wconf 89' lang='lat' dir='ltr'>totidemque</span> 
     </span>
    </p>
   </div>
   <div class='ocr_carea' id='block_1_99' title="bbox 1771 4075 3430 4148">
    <p class='ocr_par' dir='ltr' id='par_1_99' title="bbox 1771 4075 3430 4148">
     <span class='ocr_line' id='line_1_99' title="bbox 1771 4075 3430 4148; baseline -0.004 -12"><span class='ocrx_word' id='word_1_727' title='bbox 1771 4079 2206 4136; x_wconf 89' lang='lat' dir='ltr'>emersionihus</span> <span class='ocrx_word' id='word_1_728' title='bbox 2248 4078 2580 4134; x_wconf 89' lang='lat' dir='ltr'>triduanam</span> <span class='ocrx_word' id='word_1_729' title='bbox 2615 4077 2797 4148; x_wconf 89' lang='lat' dir='ltr'>ipsius</span> <span class='ocrx_word' id='word_1_730' title='bbox 2837 4075 3206 4148; x_wconf 88' lang='lat' dir='ltr'>sepulturam</span> <span class='ocrx_word' id='word_1_731' title='bbox 3238 4090 3430 4131; x_wconf 90' lang='lat' dir='ltr'>resur-</span> 
     </span>
    </p>
   </div>
   <div class='ocr_carea' id='block_1_100' title="bbox 1769 4161 3428 4240">
    <p class='ocr_par' dir='ltr' id='par_1_100' title="bbox 1769 4161 3428 4240">
     <span class='ocr_line' id='line_1_100' title="bbox 1769 4161 3428 4240; baseline -0.005 -16"><span class='ocrx_word' id='word_1_732' title='bbox 1769 4169 2026 4224; x_wconf 87' lang='lat' dir='ltr'>rectioue</span> <span class='ocrx_word' id='word_1_733' title='bbox 2036 4183 2213 4240; x_wconf 89' lang='lat' dir='ltr'>mque</span> <span class='ocrx_word' id='word_1_734' title='bbox 2227 4167 2522 4224; x_wconf 87' lang='lat' dir='ltr'>deformat</span> <span class='ocrx_word' id='word_1_735' title='bbox 2534 4172 2712 4239; x_wconf 86' lang='lat' dir='ltr'>atque</span> <span class='ocrx_word' id='word_1_736' title='bbox 2723 4165 3018 4238; x_wconf 87' lang='lat' dir='ltr'>exprimit.</span> <span class='ocrx_word' id='word_1_737' title='bbox 3034 4163 3256 4218; x_wconf 91' lang='lat' dir='ltr'>Idcirco</span> <span class='ocrx_word' id='word_1_738' title='bbox 3268 4161 3428 4217; x_wconf 92' lang='lat' dir='ltr'>haud</span> 
     </span>
    </p>
   </div>
   <div class='ocr_carea' id='block_1_101' title="bbox 1771 4251 3427 4328">
    <p class='ocr_par' dir='ltr' id='par_1_101' title="bbox 1771 4251 3427 4328">
     <span class='ocr_line' id='line_1_101' title="bbox 1771 4251 3427 4328; baseline -0.004 -18"><span class='ocrx_word' id='word_1_739' title='bbox 1771 4257 2114 4328; x_wconf 89' lang='lat' dir='ltr'>simpliciter</span> <span class='ocrx_word' id='word_1_740' title='bbox 2129 4255 2251 4310; x_wconf 85' lang='lat' dir='ltr'>dixi</span> <span class='ocrx_word' id='word_1_741' title='bbox 2278 4271 2336 4310; x_wconf 86' lang='lat'>:«</span> <span class='ocrx_word' id='word_1_742' title='bbox 2359 4259 2417 4310; x_wconf 92' lang='lat' dir='ltr'><strong>In</strong></span> <span class='ocrx_word' id='word_1_743' title='bbox 2439 4259 2625 4311; x_wconf 91' lang='lat' dir='ltr'>morte</span> <span class='ocrx_word' id='word_1_744' title='bbox 2653 4255 2776 4326; x_wconf 89' lang='lat' dir='ltr'>ejus</span> <span class='ocrx_word' id='word_1_745' title='bbox 2789 4252 3071 4326; x_wconf 88' lang='lat' dir='ltr'>baptizati</span> <span class='ocrx_word' id='word_1_746' title='bbox 3089 4266 3302 4306; x_wconf 89' lang='lat' dir='ltr'>sumus</span> <span class='ocrx_word' id='word_1_747' title='bbox 3325 4251 3374 4285; x_wconf 80' lang='grc' dir='ltr'>⁵ο</span> <span class='ocrx_word' id='word_1_748' title='bbox 3396 4267 3427 4303; x_wconf 81' lang='grc'>›</span> 
     </span>
    </p>
   </div>
   <div class='ocr_carea' id='block_1_102' title="bbox 1771 4338 3426 4414">
    <p class='ocr_par' dir='ltr' id='par_1_102' title="bbox 1771 4338 3426 4414">
     <span class='ocr_line' id='line_1_102' title="bbox 1771 4338 3426 4414; baseline -0.005 -14"><span class='ocrx_word' id='word_1_749' title='bbox 1771 4346 1876 4400; x_wconf 91' lang='lat' dir='ltr'>sed</span> <span class='ocrx_word' id='word_1_750' title='bbox 1893 4363 2029 4402; x_wconf 89' lang='lat' dir='ltr'>cum</span> <span class='ocrx_word' id='word_1_751' title='bbox 2044 4349 2214 4401; x_wconf 88' lang='lat' dir='ltr'>antea</span> <span class='ocrx_word' id='word_1_752' title='bbox 2226 4344 2509 4400; x_wconf 80' lang='lat' dir='ltr'>dixissem</span> <span class='ocrx_word' id='word_1_753' title='bbox 2533 4387 2544 4400; x_wconf 92' lang='lat'>.</span> <span class='ocrx_word' id='word_1_754' title='bbox 2568 4364 2596 4395; x_wconf 90' lang='lat'><strong>«</strong></span> <span class='ocrx_word' id='word_1_755' title='bbox 2614 4342 2978 4414; x_wconf 88' lang='lat' dir='ltr'>Quotquotin</span> <span class='ocrx_word' id='word_1_756' title='bbox 2993 4340 3222 4396; x_wconf 82' lang='lat' dir='ltr'>Christo</span> <span class='ocrx_word' id='word_1_757' title='bbox 3236 4338 3426 4410; x_wconf 87' lang='lat' dir='ltr'>bapti-</span> 
     </span>
    </p>
   </div>
   <div class='ocr_carea' id='block_1_103' title="bbox 1770 4426 3424 4500">
    <p class='ocr_par' dir='ltr' id='par_1_103' title="bbox 1770 4426 3424 4500">
     <span class='ocr_line' id='line_1_103' title="bbox 1770 4426 3424 4500; baseline -0.003 -12"><span class='ocrx_word' id='word_1_758' title='bbox 1770 4434 1880 4488; x_wconf 91' lang='lat' dir='ltr'>zati</span> <span class='ocrx_word' id='word_1_759' title='bbox 1903 4449 2132 4499; x_wconf 89' lang='lat' dir='ltr'>sumus,</span> <span class='ocrx_word' id='word_1_760' title='bbox 2146 4453 2174 4485; x_wconf 81' lang='lat'><strong>»</strong></span> <span class='ocrx_word' id='word_1_761' title='bbox 2192 4433 2405 4488; x_wconf 81' lang='lat' dir='ltr'>deinde</span> <span class='ocrx_word' id='word_1_762' title='bbox 2423 4431 2643 4499; x_wconf 89' lang='lat' dir='ltr'>addidi,</span> <span class='ocrx_word' id='word_1_763' title='bbox 2664 4453 2684 4480; x_wconf 79' lang='grc' dir='ltr'>ι</span> <span class='ocrx_word' id='word_1_764' title='bbox 2711 4432 2772 4486; x_wconf 88' lang='lat' dir='ltr'><strong>In</strong></span> <span class='ocrx_word' id='word_1_765' title='bbox 2787 4435 2974 4485; x_wconf 90' lang='lat' dir='ltr'>morte</span> <span class='ocrx_word' id='word_1_766' title='bbox 2995 4430 3044 4500; x_wconf 93' lang='lat' dir='ltr'>ej</span> <span class='ocrx_word' id='word_1_767' title='bbox 3058 4445 3124 4483; x_wconf 91' lang='lat' dir='ltr'>us</span> <span class='ocrx_word' id='word_1_768' title='bbox 3145 4426 3424 4499; x_wconf 88' lang='lat' dir='ltr'>baptizati</span> 
     </span>
    </p>
   </div>
   <div class='ocr_carea' id='block_1_104' title="bbox 1773 4517 3425 4592">
    <p class='ocr_par' dir='ltr' id='par_1_104' title="bbox 1773 4517 3425 4592">
     <span class='ocr_line' id='line_1_104' title="bbox 1773 4517 3425 4592; baseline -0.004 -14"><span class='ocrx_word' id='word_1_769' title='bbox 1773 4523 1995 4578; x_wconf 88' lang='lat' dir='ltr'>fuimus</span> <span class='ocrx_word' id='word_1_770' title='bbox 2017 4524 2059 4558; x_wconf 70' lang='grc' dir='ltr'>εί</span> <span class='ocrx_word' id='word_1_771' title='bbox 2091 4543 2104 4578; x_wconf 90' lang='lat'><strong>:</strong></span> <span class='ocrx_word' id='word_1_772' title='bbox 2135 4544 2163 4575; x_wconf 88' lang='lat'>»</span> <span class='ocrx_word' id='word_1_773' title='bbox 2191 4522 2414 4577; x_wconf 89' lang='lat' dir='ltr'>scilicet</span> <span class='ocrx_word' id='word_1_774' title='bbox 2437 4521 2548 4577; x_wconf 88' lang='lat' dir='ltr'>hac</span> <span class='ocrx_word' id='word_1_775' title='bbox 2571 4520 2846 4592; x_wconf 85' lang='lat' dir='ltr'>proxima</span> <span class='ocrx_word' id='word_1_776' title='bbox 2871 4517 3263 4574; x_wconf 74' lang='lat' dir='ltr'>ditlerentium</span> <span class='ocrx_word' id='word_1_777' title='bbox 3294 4532 3425 4572; x_wconf 77' lang='lat' dir='ltr'>sen-</span> 
     </span>
    </p>
   </div>
   <div class='ocr_carea' id='block_1_105' title="bbox 1773 4606 3419 4680">
    <p class='ocr_par' dir='ltr' id='par_1_105' title="bbox 1773 4606 3419 4680">
     <span class='ocr_line' id='line_1_105' title="bbox 1773 4606 3419 4680; baseline -0.004 -13"><span class='ocrx_word' id='word_1_778' title='bbox 1773 4612 2090 4669; x_wconf 88' lang='lat' dir='ltr'>tentiarum</span> <span class='ocrx_word' id='word_1_779' title='bbox 2141 4627 2210 4666; x_wconf 88' lang='lat' dir='ltr'>ac</span> <span class='ocrx_word' id='word_1_780' title='bbox 2259 4611 2560 4665; x_wconf 88' lang='lat' dir='ltr'>nominum</span> <span class='ocrx_word' id='word_1_781' title='bbox 2617 4609 2938 4680; x_wconf 89' lang='lat' dir='ltr'>adjectione</span> <span class='ocrx_word' id='word_1_782' title='bbox 2987 4607 3129 4662; x_wconf 87' lang='lat' dir='ltr'>satis</span> <span class='ocrx_word' id='word_1_783' title='bbox 3173 4606 3419 4671; x_wconf 85' lang='lat' dir='ltr'>docens,</span> 
     </span>
    </p>
   </div>
   <div class='ocr_carea' id='block_1_106' title="bbox 1771 4695 3419 4766">
    <p class='ocr_par' dir='ltr' id='par_1_106' title="bbox 1771 4695 3419 4766">
     <span class='ocr_line' id='line_1_106' title="bbox 1771 4695 3419 4766; baseline -0.004 -10"><span class='ocrx_word' id='word_1_784' title='bbox 1771 4700 2102 4756; x_wconf 90' lang='lat' dir='ltr'>secundum</span> <span class='ocrx_word' id='word_1_785' title='bbox 2125 4699 2350 4755; x_wconf 91' lang='lat' dir='ltr'>nullam</span> <span class='ocrx_word' id='word_1_786' title='bbox 2373 4715 2446 4754; x_wconf 82' lang='lat' dir='ltr'>ex</span> <span class='ocrx_word' id='word_1_787' title='bbox 2462 4699 2554 4754; x_wconf 88' lang='lat' dir='ltr'>his</span> <span class='ocrx_word' id='word_1_788' title='bbox 2579 4697 2780 4753; x_wconf 88' lang='lat' dir='ltr'>formis</span> <span class='ocrx_word' id='word_1_789' title='bbox 2805 4696 3165 4766; x_wconf 88' lang='lat' dir='ltr'>baptismum</span> <span class='ocrx_word' id='word_1_790' title='bbox 3187 4695 3419 4750; x_wconf 90' lang='lat' dir='ltr'>conﬁci.</span> 
     </span>
    </p>
   </div>
   <div class='ocr_carea' id='block_1_107' title="bbox 1768 4784 3426 4862">
    <p class='ocr_par' dir='ltr' id='par_1_107' title="bbox 1768 4784 3426 4862">
     <span class='ocr_line' id='line_1_107' title="bbox 1768 4784 3426 4862; baseline -0.002 -18"><span class='ocrx_word' id='word_1_791' title='bbox 1768 4789 2042 4862; x_wconf 85' lang='lat' dir='ltr'>Alioquin</span> <span class='ocrx_word' id='word_1_792' title='bbox 2075 4788 2366 4844; x_wconf 89' lang='lat' dir='ltr'>contraria</span> <span class='ocrx_word' id='word_1_793' title='bbox 2396 4787 2654 4843; x_wconf 86' lang='lat' dir='ltr'>maxime</span> <span class='ocrx_word' id='word_1_794' title='bbox 2685 4791 2739 4842; x_wconf 91' lang='lat' dir='ltr'>et</span> <span class='ocrx_word' id='word_1_795' title='bbox 2769 4786 2979 4841; x_wconf 88' lang='lat' dir='ltr'>sentire</span> <span class='ocrx_word' id='word_1_796' title='bbox 3011 4789 3068 4841; x_wconf 89' lang='lat' dir='ltr'>et</span> <span class='ocrx_word' id='word_1_797' title='bbox 3095 4784 3288 4840; x_wconf 88' lang='lat' dir='ltr'>dicere</span> <span class='ocrx_word' id='word_1_798' title='bbox 3330 4801 3426 4840; x_wconf 87' lang='lat' dir='ltr'>co-</span> 
     </span>
    </p>
   </div>
   <div class='ocr_carea' id='block_1_108' title="bbox 1770 4873 3424 4948">
    <p class='ocr_par' dir='ltr' id='par_1_108' title="bbox 1770 4873 3424 4948">
     <span class='ocr_line' id='line_1_108' title="bbox 1770 4873 3424 4948; baseline -0.002 -15"><span class='ocrx_word' id='word_1_799' title='bbox 1770 4895 2066 4948; x_wconf 84' lang='lat' dir='ltr'>arguerer.</span> <span class='ocrx_word' id='word_1_800' title='bbox 2096 4879 2209 4933; x_wconf 92' lang='lat' dir='ltr'>Sed</span> <span class='ocrx_word' id='word_1_801' title='bbox 2236 4893 2437 4933; x_wconf 88' lang='lat' dir='ltr'>revera</span> <span class='ocrx_word' id='word_1_802' title='bbox 2467 4893 2604 4932; x_wconf 91' lang='lat' dir='ltr'>cum</span> <span class='ocrx_word' id='word_1_803' title='bbox 2631 4875 2752 4931; x_wconf 83' lang='lat' dir='ltr'>dixi</span> <span class='ocrx_word' id='word_1_804' title='bbox 2787 4892 2799 4930; x_wconf 88' lang='lat'><strong>:</strong></span> <span class='ocrx_word' id='word_1_805' title='bbox 2836 4899 2855 4924; x_wconf 77' lang='grc' dir='ltr'>ι</span> <span class='ocrx_word' id='word_1_806' title='bbox 2888 4881 2951 4930; x_wconf 86' lang='lat' dir='ltr'><strong>In</strong></span> <span class='ocrx_word' id='word_1_807' title='bbox 2978 4873 3204 4930; x_wconf 87' lang='lat' dir='ltr'>Christo</span> <span class='ocrx_word' id='word_1_808' title='bbox 3232 4873 3424 4946; x_wconf 89' lang='lat' dir='ltr'>bapti-</span> 
     </span>
    </p>
   </div>
   <div class='ocr_carea' id='block_1_109' title="bbox 1769 4963 3426 5036">
    <p class='ocr_par' dir='ltr' id='par_1_109' title="bbox 1769 4963 3426 5036">
     <span class='ocr_line' id='line_1_109' title="bbox 1769 4963 3426 5036; baseline -0.003 -13"><span class='ocrx_word' id='word_1_809' title='bbox 1769 4969 2127 5032; x_wconf 89' lang='lat' dir='ltr'>zatisumus,</span> <span class='ocrx_word' id='word_1_810' title='bbox 2152 4988 2178 5018; x_wconf 86' lang='lat'><strong>»</strong></span> <span class='ocrx_word' id='word_1_811' title='bbox 2221 4966 2543 5022; x_wconf 88' lang='lat' dir='ltr'>secundum</span> <span class='ocrx_word' id='word_1_812' title='bbox 2567 4966 2698 5036; x_wconf 90' lang='lat' dir='ltr'>ejus</span> <span class='ocrx_word' id='word_1_813' title='bbox 2726 4963 2996 5021; x_wconf 89' lang='lat' dir='ltr'>initiandi</span> <span class='ocrx_word' id='word_1_814' title='bbox 3023 4963 3194 5019; x_wconf 88' lang='lat' dir='ltr'>ritum</span> <span class='ocrx_word' id='word_1_815' title='bbox 3231 4963 3426 5036; x_wconf 91' lang='lat' dir='ltr'>bapti-</span> 
     </span>
    </p>
   </div>
   <div class='ocr_carea' id='block_1_110' title="bbox 1769 5053 3423 5120">
    <p class='ocr_par' dir='ltr' id='par_1_110' title="bbox 1769 5053 3423 5120">
     <span class='ocr_line' id='line_1_110' title="bbox 1769 5053 3423 5120; baseline -0.003 -8"><span class='ocrx_word' id='word_1_816' title='bbox 1769 5063 1932 5112; x_wconf 89' lang='lat' dir='ltr'>zatos</span> <span class='ocrx_word' id='word_1_817' title='bbox 1978 5073 2085 5112; x_wconf 89' lang='lat' dir='ltr'>nos</span> <span class='ocrx_word' id='word_1_818' title='bbox 2132 5055 2433 5111; x_wconf 87' lang='lat' dir='ltr'>declaravi</span> <span class='ocrx_word' id='word_1_819' title='bbox 2463 5071 2476 5120; x_wconf 90' lang='lat'><strong>;</strong></span> <span class='ocrx_word' id='word_1_820' title='bbox 2501 5070 2629 5110; x_wconf 91' lang='lat' dir='ltr'>cum</span> <span class='ocrx_word' id='word_1_821' title='bbox 2669 5059 2862 5111; x_wconf 89' lang='lat' dir='ltr'>autem</span> <span class='ocrx_word' id='word_1_822' title='bbox 2905 5053 3060 5109; x_wconf 80' lang='lat' dir='ltr'>dixi:</span> <span class='ocrx_word' id='word_1_823' title='bbox 3093 5074 3119 5103; x_wconf 82' lang='lat'><strong>«</strong></span> <span class='ocrx_word' id='word_1_824' title='bbox 3153 5053 3214 5108; x_wconf 91' lang='lat' dir='ltr'><strong>In</strong></span> <span class='ocrx_word' id='word_1_825' title='bbox 3248 5058 3423 5108; x_wconf 89' lang='lat' dir='ltr'>morte</span> 
     </span>
    </p>
   </div>
   <div class='ocr_carea' id='block_1_111' title="bbox 1770 5140 3422 5218">
    <p class='ocr_par' dir='ltr' id='par_1_111' title="bbox 1770 5140 3422 5218">
     <span class='ocr_line' id='line_1_111' title="bbox 1770 5140 3422 5218; baseline -0.003 -17"><span class='ocrx_word' id='word_1_826' title='bbox 1770 5145 1896 5218; x_wconf 88' lang='lat' dir='ltr'>ejus</span> <span class='ocrx_word' id='word_1_827' title='bbox 1962 5144 2246 5218; x_wconf 88' lang='lat' dir='ltr'>baptizati</span> <span class='ocrx_word' id='word_1_828' title='bbox 2316 5143 2559 5210; x_wconf 87' lang='lat' dir='ltr'>fuimus,</span> <span class='ocrx_word' id='word_1_829' title='bbox 2593 5164 2613 5192; x_wconf 75' lang='grc' dir='ltr'>ι</span> <span class='ocrx_word' id='word_1_830' title='bbox 2648 5143 2793 5199; x_wconf 91' lang='lat' dir='ltr'>nihil</span> <span class='ocrx_word' id='word_1_831' title='bbox 2864 5142 3026 5199; x_wconf 90' lang='lat' dir='ltr'>aliud</span> <span class='ocrx_word' id='word_1_832' title='bbox 3090 5140 3422 5212; x_wconf 79' lang='lat' dir='ltr'>signiﬁcavi</span> 
     </span>
    </p>
   </div>
   <div class='ocr_carea' id='block_1_112' title="bbox 1633 5476 1858 5534">
    <p class='ocr_par' dir='ltr' id='par_1_112' title="bbox 1633 5476 1858 5534">
     <span class='ocr_line' id='line_1_112' title="bbox 1633 5476 1858 5534; baseline 0 -4"><span class='ocrx_word' id='word_1_833' title='bbox 1633 5476 1858 5534; x_wconf 75' lang='grc' dir='ltr'>ΝΟΤιΕ.</span> 
     </span>
    </p>
   </div>
   <div class='ocr_carea' id='block_1_113' title="bbox 152 5592 1922 5670">
    <p class='ocr_par' dir='ltr' id='par_1_113' title="bbox 152 5592 1922 5670">
     <span class='ocr_line' id='line_1_113' title="bbox 152 5592 1922 5670; baseline -0.001 -11"><span class='ocrx_word' id='word_1_834' title='bbox 152 5592 251 5664; x_wconf 72' lang='grc'>(47)</span> <span class='ocrx_word' id='word_1_835' title='bbox 282 5595 497 5663; x_wconf 77' lang='lat' dir='ltr'>Conon,</span> <span class='ocrx_word' id='word_1_836' title='bbox 526 5601 693 5669; x_wconf 79' lang='lat' dir='ltr'>apost</span> <span class='ocrx_word' id='word_1_837' title='bbox 718 5597 806 5665; x_wconf 71' lang='grc'>48,</span> <span class='ocrx_word' id='word_1_838' title='bbox 838 5597 926 5658; x_wconf 72' lang='grc'>49.</span> <span class='ocrx_word' id='word_1_839' title='bbox 955 5599 1094 5657; x_wconf 88' lang='lat' dir='ltr'>Item</span> <span class='ocrx_word' id='word_1_840' title='bbox 1121 5599 1324 5657; x_wconf 73' lang='lat' dir='ltr'>Const.</span> <span class='ocrx_word' id='word_1_841' title='bbox 1357 5614 1495 5670; x_wconf 80' lang='lat' dir='ltr'>apos</span> <span class='ocrx_word' id='word_1_842' title='bbox 1508 5606 1548 5656; x_wconf 83' lang='grc' dir='ltr'>ι.</span> <span class='ocrx_word' id='word_1_843' title='bbox 1579 5598 1687 5656; x_wconf 91' lang='lat' dir='ltr'>lib.</span> <span class='ocrx_word' id='word_1_844' title='bbox 1715 5615 1810 5665; x_wconf 81' lang='lat' dir='ltr'>vn,</span> <span class='ocrx_word' id='word_1_845' title='bbox 1833 5604 1922 5658; x_wconf 85' lang='lat'>23.</span> 
     </span>
    </p>
   </div>
  </div>
