4126 6190
479 314 581 373 83(

1758 311 2004 369 ΤΡΗΘΤῙΙ
2040 308 2525 368 ΡΑΤΒΙΑΗΕΕΑΞ
2562 308 2672 365 GP.

3753 308 3864 362 332

485 441 596 497 nisi
625 439 792 513 quod
820 439 1163 512 baptismus
1194 456 1229 495 a
1260 442 1570 495 Servatore
1602 438 1907 494 institutus
1934 443 2144 510 typum

2272 436 2432 488 τίπείν.
2471 454 2498 485 ι(
2546 434 2631 495 Εἰς
2660 436 2748 485 τόν
2798 434 3016 485 θάνατον
3064 432 3223 484 αὐτοῦ
3266 430 3677 503 ἐϐαπτίσθημεν,
3710 452 3740 483 ι)
3781 433 3864 484 ὅτι

483 546 608 601 prae
642 545 704 583 se
736 528 844 584 fert
876 534 1054 600 atque
1082 528 1365 597 imaginis
1399 533 1651 583 mortem
1684 528 1832 597 ejus,
1864 544 1999 599 qua:
2042 528 2147 582 im-

490 618 861 674 mortalitatis
898 618 1123 673 fontem
1170 617 1344 673 nobis
1390 618 1690 673 reseravit.
1731 617 1902 671 Aliud
1946 620 2147 672 autem

486 708 736 763 omnino
779 713 866 763 est
906 709 989 762 sic
1026 707 1187 778 loqui
1233 712 1295 761 ut
1339 722 1449 762 nos
1490 706 1806 771 ediximus,
1857 706 2017 761 aliud
2066 710 2151 759 est

489 797 788 852 afﬁrmare
812 800 970 868 (quae
992 796 1268 851 damnata
1300 813 1333 851 a
1358 795 1531 850 nobis
1556 796 1841 849 sententia
1859 797 1966 863 est)
1991 810 2151 864 rege-

490 886 809 941 nerationis
889 886 1240 956 mysterium
1308 901 1443 939 cum
1506 884 1883 939 invocatione
1943 882 2151 938 mortis

494 975 705 1030 Christi
756 973 997 1029 conﬁeri
1041 973 1301 1029 solitum.
1351 975 1515 1028 Haud
1550 988 1661 1028 nos
1693 973 1871 1041 igitur
1900 976 2150 1027 mentem

496 1064 963 1128 immutavimus,
1003 1079 1196 1135 neque
1226 1063 1301 1118 ad
1331 1062 1607 1118 Judaicas
1638 1062 1919 1134 epistolas
1952 1063 2079 1131 jam
2117 1076 2153 1115 a

495 1153 671 1208 nobis
699 1152 1073 1224 improbatas
1100 1151 1319 1207 reversi
1348 1167 1557 1206 sumus
1582 1170 1594 1210 :
1621 1151 1722 1221 qui
1747 1150 2015 1205 videlicet
2042 1165 2155 1204 cce-

490 1241 660 1295 lestia
693 1241 980 1312 dogmata
1011 1256 1130 1296 non
1166 1241 1227 1295 in
1257 1240 1532 1311 lapideis,
1565 1239 1667 1293 sed
1702 1238 2066 1295 ﬁrmissimis
2100 1242 2157 1293 et

496 1346 803 1401 nunquam
820 1330 1165 1399 frangendis
1179 1329 1364 1385 animi
1386 1328 1605 1385 tabulis
1623 1328 2056 1399 inscripsimus.
2071 1326 2153 1381 Illi

493 1420 693 1489 potius
738 1418 986 1474 Paulum
1020 1418 1442 1473 transformare
1486 1418 1544 1471 in
1591 1416 1835 1472 Saulum
1869 1417 2151 1479 nituntur,

492 1511 671 1579 atque
709 1508 767 1562 in
801 1507 929 1562 aliis
962 1506 1258 1577 ejusmodi
1295 1506 1648 1569 obtrectant,
1703 1521 2054 1577 quanquam
2095 1504 2157 1558 id

494 1598 693 1668 ipsum
733 1596 899 1651 fateri
929 1612 1030 1651 eos
1064 1596 1264 1666 pudet,
1301 1610 1455 1667 quos
1488 1610 1799 1666 perperam
1833 1594 2157 1662 intelligere

493 1692 549 1741 et
570 1685 924 1740 calumniari
953 1700 1254 1739 sermones
1281 1700 1445 1739 meos
1468 1685 1655 1753 juvat.
1687 1686 1807 1754 Ego
1834 1699 1976 1738 sane
1998 1699 2159 1738 com-

500 1789 708 1829 munes
743 1789 1008 1828 meorum
1043 1773 1100 1828 in
1133 1772 1467 1844 apostolatu
1507 1772 1805 1827 sociorum
1840 1772 2159 1827 sententias
2190 1790 2233 1843 Β

493 1864 620 1934 ipse
654 1878 895 1934 quoque
915 1862 1280 1933 amplectens
1310 1878 1376 1917 ac
1406 1862 1701 1927 sanciens,
1729 1860 2005 1916 homines
2029 1860 2159 1915 illos

492 1952 595 2023 qui
622 1951 739 2006 alio
759 1951 968 2022 quovis
994 1951 1175 2005 modo
1203 1950 1500 2021 baptizare
1524 1951 1767 2015 audent,
1797 1966 1984 2021 quam
2011 1948 2077 2004 ﬁt
2098 1949 2158 2005 in

495 2041 803 2096 Dominica
835 2040 1106 2095 initiandi
1141 2039 1396 2094 formula
1424 2054 1437 2104 ;
1461 2039 1695 2094 etiamsi
1716 2039 2014 2094 Trinitatis
2044 2038 2160 2094 tria

499 2130 744 2184 nomina
775 2128 1122 2191 adhibeant,
1153 2129 1386 2183 etiamsi
1418 2127 1563 2183 nihil
1593 2128 1960 2200 reliquorum
1990 2128 2158 2183 omit-

497 2222 649 2283 tant;
681 2220 727 2270 si
748 2222 948 2273 tamen
978 2217 1038 2271 hi
1070 2233 1188 2272 una
1210 2217 1595 2272 immersione
1622 2217 1989 2289 baptismum
2024 2232 2161 2272 con-

496 2307 697 2362 ﬁciant
726 2324 739 2372 ;
779 2313 834 2362 et
869 2307 916 2361 si
942 2322 1015 2361 ne
1042 2306 1097 2361 id
1132 2307 1373 2378 quidem
1409 2308 1802 2371 committant,
1846 2305 1949 2361 sed
1976 2307 2066 2361 vel
2100 2307 2161 2360 in

496 2396 710 2451 Christi
758 2397 1133 2451 invocatione
1185 2396 1505 2466 baptizent,
1551 2395 1643 2450 vel
1688 2396 1747 2450 in
1784 2396 1907 2465 ejus
1949 2402 2156 2451 morte.

499 2485 584 2539 vel
616 2484 795 2539 aliam
836 2484 1170 2555 quamlibet
1202 2484 1547 2548 novitatem,
1579 2489 1794 2554 printer
1839 2485 2160 2540 Servatoris

496 2572 895 2636 traditionem,
916 2572 1275 2642 excogitent;
1301 2587 1413 2641 ego
1437 2573 1547 2627 hos
1572 2572 1736 2627 nulla
1760 2573 1934 2627 venia
1955 2572 2162 2641 digna-

498 2660 640 2728 bor;
670 2661 773 2717 sed
806 2676 945 2715 eum
976 2661 1077 2732 qui
1107 2661 1194 2715 vel
1235 2662 1294 2715 in
1332 2676 1450 2716 uno
1481 2677 1511 2715 e
1556 2660 1916 2732 supradictis
1955 2677 2161 2733 pecca~

497 2751 641 2805 verit
674 2749 761 2805 vel
788 2750 849 2804 in
868 2749 984 2805 alio
1011 2749 1212 2817 simili,
1243 2750 1367 2804 sine
1400 2749 1588 2805 dubio
1610 2765 1779 2805 reum
1813 2765 2003 2819 agam.
2032 2751 2161 2806 Non

497 2840 653 2894 enim
689 2840 834 2910 quia
874 2839 1189 2893 nominum
1236 2839 1493 2910 qualitas
1534 2840 1815 2905 variatur,
1863 2839 1998 2894 ideo
2036 2839 2163 2895 leve

497 2928 720 2983 crimen
753 2928 1157 2993 contrahitur;
1189 2929 1293 2983 sed
1323 2928 1468 2999 quia
1500 2928 1854 2983 mandatum
1884 2927 2159 2993 violatur,

496 3017 712 3071 idcirco
741 3031 875 3071 reus
900 3016 1289 3071 damnatione
1320 3016 1543 3071 feritur.
1576 3018 1706 3072 Haac
1738 3016 1955 3072 Paulus
1981 3017 2161 3073 eccle-

2256 528 2413 576 τύπον
2460 526 2597 595 φέρει
2641 526 2727 573 καὶ
2776 521 2946 574 εἰκόνα
2991 529 3082 574 τοῦ
3131 525 3226 579 τὴν
3273 519 3563 573 ἀθανασίαν
3615 524 3738 593 ἡμῖν
3764 540 3865 579 πη-

2257 616 2511 684 γάσαντος
2573 613 2795 663 θανάτου
2878 611 3037 663 αὐτοῦ
3107 614 3164 662 τὸ
3231 616 3485 682 σωτήριον
3556 609 3860 683 βάπτισμα.

2256 702 2460 773 Ἕτερον
2509 697 2567 752 δὲ
2615 699 2866 761 παντελῶς
2938 698 3051 752 ἐστι
3124 699 3287 770 λέγειν
3361 707 3532 751 ταῦτα
3597 702 3719 774 ὅπερ
3773 706 3866 751 καὶ.

2259 794 2404 862 ἡμεῖς
2446 792 2711 860 τιθέμεθα,
2751 794 2840 841 καὶ
2884 791 3050 861 ἕτερον
3100 792 3158 840 τὸ
3211 788 3375 859 λέγειν
3420 790 3498 839 ὃτι
3540 796 3603 860 τῇ
3655 789 3866 846 ἐπικλήο

2263 898 2341 931 σει
2370 886 2461 929 τοῦ
2503 881 2722 930 θανάτου
2768 877 2950 941 αὐτοῦ,
2984 878 3010 929 ὃ
3056 874 3498 950 καταδικάζομεν,
3546 880 3605 929 τὸ
3642 886 3735 939 τῆς
3764 898 3870 930 πα-

2259 966 2578 1038 λιγγενεσίας
2644 969 2984 1040 ἱερουργείται
3056 972 3370 1039 μυστήριον.
3453 970 3655 1019 Οὔκουν
3713 970 3868 1039 ἡμεῖς

2261 1061 2594 1127 μετέστημεν,
2642 1053 2765 1108 οὐδὲ
2803 1060 2933 1130 πρὸς
2982 1060 3075 1118 τὰς
3118 1052 3421 1117 Ἰουδαῑκὰς
3468 1054 3747 1118 ἐπιστολὰς
3795 1058 3864 1107 ὧν

2262 1147 2583 1215 κατέγνωμεν
2646 1145 3034 1220 ἐπεστράφημεν
3090 1162 3106 1178 ⁶
3158 1144 3300 1207 ἅπαξ
3353 1147 3422 1197 τὰ
3493 1145 3710 1217 οὐράνια
3771 1142 3868 1198 δό-

2261 1252 2440 1303 γματα
2494 1234 2587 1285 οὐκ
2634 1234 2684 1286 ἐν
2727 1234 2941 1294 λιθίναις
2979 1234 3184 1303 πλαξὶν,
3236 1233 3342 1285 ἀλλ’
3396 1233 3444 1286 ἐν
3495 1235 3866 1309 στερροτάταις

2265 1326 2353 1373 καὶ
2430 1323 2741 1391 ἀθραύστοις
2824 1322 3158 1397 ἐγγραφέντες
3233 1332 3323 1383 τῆς
3382 1322 3572 1395 ψυχῆς
3632 1324 3865 1386 πίναξιν.

2265 1411 2480 1462 Ἐκεῖνοι
2520 1408 2579 1463 δὲ
2609 1413 2861 1483 μεθιστᾷν
2908 1410 3239 1486 ἐπιχειροῦσι
3276 1415 3363 1463 τὸν
3410 1412 3612 1464 Παῦλον
3641 1412 3709 1473 εἰς
3737 1418 3870 1464 Σαῦ-

2264 1498 2369 1563 λον,
2423 1504 2512 1551 καὶ
2553 1502 2617 1551 τὰ
2660 1500 2791 1551 ἄλλα
2839 1497 3208 1574 διασύρουσιν,
3261 1500 3355 1551 κᾶν
3398 1501 3665 1573 ὁμολογεῖν
3719 1500 3874 1553 ἐπαι-

2269 1592 2587 1660 σχύνωνται,
2622 1591 2697 1651 οἷς
2728 1598 3001 1665 παρανοεῖν
3042 1596 3129 1642 καὶ
3178 1598 3511 1663 συκοφαντεῖν
3551 1595 3674 1653 τοὺς
3717 1590 3877 1663 ἐμοὺς

2267 1676 2453 1736 ἐπῆλθε
2504 1679 2689 1749 λόγους
2735 1699 2747 1711 ο
2784 1678 2891 1732 ἐπεὶ
2936 1682 3028 1741 τάς
3073 1698 3132 1750 γε
3175 1683 3348 1740 κοινὰς
3396 1688 3495 1732 τῶν
3542 1686 3880 1732 συναποστό-

2268 1765 2365 1817 λων
2431 1771 2639 1839 ψήφους
2685 1773 2775 1820 καὶ
2824 1769 2981 1829 αὐτὸς
3032 1770 3221 1841 ὁμοίως
3282 1774 3505 1843 στέργων
3552 1775 3640 1821 καὶ
3680 1779 3872 1844 κυρῶν,

2268 1860 2389 1916 τούς
2440 1857 2555 1908 καθ’
2617 1858 2784 1931 ἕτερον
2832 1877 2947 1909 τινα
2988 1864 3176 1932 τρόπον
3223 1857 3500 1930 βαπτίζειν
3542 1858 3879 1931 ἀποτολμῶν-

2268 1964 2362 2005 τας
2404 1951 2494 1997 καὶ
2547 1950 2619 2017 μὴ
2665 1950 2803 1997 κατὰ
2844 1950 2937 2004 τὴν
2987 1951 3308 2005 Δεσποτικήν
3348 1953 3742 2019 μυσταγωγίαν,
3779 1947 3878 1998 κᾶν

2269 2041 2361 2092 τῆς
2417 2031 2643 2107 Τριάδος
2699 2034 2956 2109 ἰσάριθμα
3009 2038 3075 2087 τὰ
3128 2035 3356 2107 ὀνόματα
3402 2036 3876 2111 παραλαμϐάνωσι,

2269 2120 2363 2172 κᾶν
2398 2118 2548 2173 οὐδὲν
2598 2126 2688 2194 μὲν
2731 2130 2833 2173 τῶν
2877 2122 3041 2174 ἄλλων
3088 2127 3565 2197 παραχαράττωσι,
3609 2121 3704 2177 διὰ
3756 2132 3880 2196 μιᾶς

2273 2207 2331 2263 δε
2372 2208 2714 2272 καταδύσεως
2769 2215 2823 2263 τὸ
2872 2210 3155 2286 βάπτισμα
3200 2211 3552 2287 ἁπαρτίζωσι,
3603 2213 3696 2265 κᾶν
3736 2211 3880 2286 μηδὲ

2270 2303 2471 2360 τούτοις
2530 2300 2797 2372 ἐνέχωται,
2877 2302 2944 2361 εἰς
2990 2298 3047 2353 δὲ
3102 2306 3195 2360 τὴν
3248 2310 3341 2354 τοῦ
3403 2310 3637 2377 Χριστοῦ
3688 2302 3877 2362 κλῆσιν

2273 2387 2626 2460 βαπτίζωσιν,
2677 2391 2705 2448 ἦ
2747 2390 2818 2451 εἰς
2870 2395 2964 2448 τὴν
3020 2399 3111 2443 τοῦ
3162 2392 3383 2443 θανάτου
3419 2392 3601 2461 αὐτοῦ,
3653 2391 3749 2443 κᾶν
3790 2392 3882 2443 ἀλ-

2270 2476 2360 2533 λην
2403 2480 2520 2528 τινὰ
2551 2476 2776 2529 ἐπίνοιαν
2810 2476 3129 2536 ἐπινοήσωσι
3156 2488 3571 2551 καινοτομούσαν
3599 2484 3691 2537 τὴν
3737 2482 3878 2533 θείαν

2273 2566 2431 2618 αὐτοῦ
2481 2571 2570 2618 καὶ
2617 2571 2873 2640 σωτήριον
2922 2564 3239 2642 παράδοσιν,
3288 2568 3535 2641 ούὸεμιᾶς
3569 2572 3731 2640 ἔγωγε
3770 2590 3877 2642 φει-

2275 2652 2395 2715 δοῦς
2426 2660 2547 2717 τοὺς
2576 2660 2841 2717 τοιούτους
2871 2656 3158 2729 ἀξιώσαιμι
3197 2675 3207 2686 ⁸
3252 2657 3381 2732 ᾁλλὰ
3418 2662 3505 2709 τόν
3549 2657 3621 2730 ἐφ’
3676 2659 3747 2710 ἐνὶ
3776 2664 3878 2710 τινὶ

2272 2753 2370 2795 τῶν
2408 2744 2684 2818 εἰρημένων
2731 2745 2934 2810 ἁλόντα,
2978 2747 3006 2805 ἢ
3046 2752 3147 2798 τινὶ
3192 2756 3289 2798 τῶν
3341 2750 3545 2808 τούτοις
3593 2747 3877 2821 παραπλη-

2276 2838 2419 2897 σίων,
2463 2841 2555 2894 τῆς
2586 2835 2744 2894 αὐτῆς
2784 2831 3073 2897 καταδίκης
3105 2836 3211 2907 οὐχ
3260 2835 3437 2894 ἁλοίην
3486 2841 3557 2908 μη
3611 2842 3881 2910 γραφόμε-

2272 2942 2355 2983 νος
2406 2925 2605 2993 ἔνοχον.
2667 2922 2739 2974 Ού
2788 2927 2887 2995 γὰρ
2934 2926 2963 2981 ἡ
2998 2934 3088 2985 τῆς
3134 2933 3234 2975 τῶν
3290 2926 3553 2997 ὀνομάτων
3604 2930 3879 2987 ποιότητος

2274 3010 2521 3081 ἐναλλαγη
2555 3014 2682 3084 πρὸς
2711 3015 2770 3063 τό
2803 3020 3006 3084 μέτριον
3050 3014 3165 3084 ἄγει
3201 3018 3258 3064 τό
3305 3014 3560 3086 ἔγκλημα,
3604 3013 3734 3066 ἀλλὰ
3784 3023 3880 3075 τῆς

496 3106 595 3161 site
625 3110 844 3168 orator,
876 3106 1024 3161 mori
1054 3106 1235 3177 hujus
1269 3107 1563 3178 praxique
1594 3106 1999 3177 patrocinans,
2040 3108 2164 3162 Ser-

2276 3099 2477 3161 ἐντολῆς
2526 3103 2555 3157 ἡ
2604 3100 2905 3172 παράϐασις
2957 3110 3053 3164 τῆς
3113 3102 3278 3163 αὐτῆς
3334 3101 3625 3164 καταδίκης
3666 3111 3776 3166 τοίς
3806 3103 3879 3154 ἐν-

496 3194 717 3251 vatoris
759 3198 1121 3266 praeceptum
1163 3194 1547 3257 conﬁrmans,
1584 3210 1653 3249 os
1694 3193 1933 3249 illorum
1971 3195 2167 3249 occlu-

501 3282 650 3337 dens
682 3282 782 3352 qui
809 3281 1173 3337 contrarium
1202 3282 1470 3337 factitare
1498 3282 1629 3337 ausi
1667 3288 1888 3347 essent,
1918 3298 2163 3338 suorum

504 3374 702 3425 autem
734 3371 791 3424 in
825 3370 1111 3426 electione
1142 3374 1199 3425 et
1233 3370 1567 3441 apostolatu
1599 3387 2031 3443 praecessorum
2064 3372 2159 3426 de-

499 3465 659 3515 creta
687 3459 877 3529 sigillo
903 3459 1197 3513 muniens.
1215 3462 1295 3514 Tu
1322 3476 1461 3513 vero
1487 3460 1632 3531 quid
1657 3460 1779 3530 jam
1804 3462 1891 3514 ais
1911 3462 1937 3513 ?
1958 3460 2164 3515 ﬁerine

500 3548 683 3619 potuit
710 3551 773 3602 ut
799 3547 1053 3618 apostoli
1095 3550 1631 3616 transgressionem
1674 3548 1803 3603 aliis
1846 3548 2165 3620 exprobra-

499 3641 646 3700 rent,
674 3635 785 3707 ipsi
810 3635 1079 3704 magistri
1105 3636 1591 3705 transgressionis
1615 3642 1814 3692 essent
1837 3637 1864 3690 ?
1885 3642 2064 3708 atque
2086 3637 2164 3693 ab

502 3722 631 3778 aliis
660 3738 827 3779 novae
861 3738 1069 3793 pmnas
1096 3728 1475 3793 reposcerent
1500 3741 1514 3790 ;
1547 3724 1654 3794 ipsi
1681 3724 1930 3795 impune
1960 3740 2167 3795 pecca-

498 3818 664 3866 turos
694 3828 754 3865 se
786 3812 1085 3866 crederent
1116 3810 1142 3863 ?
1168 3810 1314 3883 quid
1345 3812 1524 3881 quod,
1559 3812 1607 3867 si
1638 3812 1787 3883 quid
1832 3812 1927 3868 alii
1960 3829 2166 3883 pecca-

499 3902 659 3965 bant,
724 3900 774 3954 si
828 3905 1029 3955 tamen
1075 3900 1422 3971 peccabant,
1464 3901 1575 3972 ipsi
1622 3903 1696 3958 ob
1756 3902 1816 3957 id
1872 3901 2165 3973 plectendi

502 3995 688 4055 erant,
719 3990 860 4062 quia
885 4005 1068 4045 causa
1088 3990 1353 4045 criminis
1381 3991 1495 4046 illis
1518 3991 1752 4048 fuerant
1778 3993 1805 4047 ‘I
1830 3992 1942 4048 Sed
1970 3993 2168 4048 hacte-

501 4096 616 4134 nus
645 4079 803 4135 dicta
833 4079 1158 4134 sufficiant.

2275 3195 2426 3259 όχοις
2466 3192 2783 3242 καθίσταται
2826 3190 3085 3263 πρόξενος.
3133 3199 3308 3245 Ταῦτα
3360 3192 3557 3253 Παῦλος
3605 3202 3703 3255 τῆς
3747 3195 3877 3248 Ἐκ-

2274 3278 2490 3338 κλησίας
2530 3280 2554 3328 ό
2592 3280 2785 3351 ῥήτωρ,
2841 3290 3136 3352 συνηγορῶν
3179 3284 3268 3352 μὲν
3319 3281 3483 3343 αὐτῆς
3527 3290 3599 3352 τῷ
3648 3284 3753 3335 ἔθει
3790 3288 3881 3334 καὶ

2275 3376 2389 3427 ταῖς
2444 3368 2684 3440 πράξεσι,
2742 3372 3005 3441 κρατύνων
3074 3366 3131 3421 δὲ
3188 3375 3281 3428 τὴν
3351 3376 3610 3444 σωτήριον
3670 3371 3878 3429 ἐντολὴν

2274 3456 2624 3528 ἐπιστομίζων
2680 3454 2738 3508 δὲ
2791 3462 2912 3519 τοὺς
2984 3461 3098 3511 ὅσοι
3155 3463 3282 3531 πρὸς
3353 3460 3649 3512 τούναντίον
3705 3462 3881 3534 ῥέπειν

2274 3544 2640 3619 ἐπεχείρησαν,
2692 3555 2791 3597 τῶν
2834 3546 3194 3621 προλαϐόντων
3250 3548 3404 3600 αὐτόν
3459 3549 3527 3609 εἰς
3583 3554 3676 3607 τὴν
3740 3548 3881 3601 ἐκλο-

2272 3640 2371 3705 γὴν
2402 3640 2490 3687 καὶ
2540 3634 2833 3693 ἀποστολὴν
2881 3635 3386 3709 ἐπισφραγιζόμενος
3429 3641 3496 3690 τὰ
3534 3638 3877 3711 ψηφίσματα.

2276 3728 2340 3775 Σύ
2389 3720 2446 3775 δε
2489 3728 2539 3776 τί
2588 3724 2752 3794 λέγεις
2794 3727 2868 3776 ἔτι
2914 3743 2927 3791 ;
2973 3721 3075 3797 ἄρα
3123 3723 3343 3779 δυνατόν
3385 3726 3525 3780 ἐστιν
3574 3727 3751 3789 ἄλλοις
3790 3731 3883 3800 μὲν

2274 3812 2573 3886 παράϐασιν
2631 3812 2881 3883 ἐγκαλεῖν,
2939 3815 3129 3876 αύτούς
3178 3813 3237 3868 δὲ
3298 3818 3668 3887 καθίστασθαι
3725 3814 3884 3869 διδα-

2278 3901 2500 3963 σκάλους
2546 3912 2640 3964 τῆς
2687 3902 3033 3975 παραϐάσεως
3080 3922 3092 3972 ;
3145 3910 3234 3956 καὶ
3282 3904 3557 3977 λαμϐάνειν
3614 3908 3705 3977 μὲν
3758 3906 3885 3979 παρ’

2277 3991 2458 4065 ἑτέρων
2512 4001 2602 4052 τῆς
2651 3992 2996 4066 παραϐάσεως
3047 3996 3249 4063 ποινὰς,
3298 3994 3515 4056 ἑαυτοὺς
3547 3991 3605 4048 δε
3648 3996 3881 4068 νομίζειν

2280 4079 2583 4141 ἀνευθύνους
2632 4078 2761 4133 εἶναι
2817 4090 2907 4133 τοῦ
2955 4082 3287 4155 τολμήματος
3333 4102 3345 4147 ;
3399 4088 3489 4134 καί
3541 4103 3618 4135 τοι
3669 4090 3760 4137 καὶ
3817 4085 3887 4135 ὧν

511 4170 805 4242 ἡμάρτανον
837 4170 1019 4241 ἕτεροι,
1054 4172 1191 4242 εἰπερ
1220 4170 1537 4241 ἡμάρτανον,
1568 4169 1788 4232 ἐκείνους
1818 4169 1982 4243 ἐχρῆν
2013 4172 2228 4241 ὑπέχειν
2258 4174 2350 4228 τὴν
2381 4166 2557 4237 δίκην,
2600 4173 2665 4232 ὡς
2702 4179 2799 4231 τῆς
2828 4171 3000 4233 αἰτίας
3031 4169 3117 4223 ἀπ’
3164 4172 3333 4223 αὐτῶν
3365 4172 3437 4233 εἰς
3468 4170 3685 4233 ἑκείνους
3717 4170 3890 4227 δοθεί-

507 4277 624 4318 σης.
657 4257 815 4309 Ἀλλὰ
836 4260 937 4331 γὰρ
974 4260 1125 4310 ἱκανὰ
1155 4264 1244 4310 καὶ
1274 4266 1441 4310 ταῦτα
1471 4256 1637 4331 οἶμαι.

575 4346 664 4400 22.
691 4349 855 4401 Nunc
878 4362 997 4401 uno
1020 4347 1231 4402 intuitu
1248 4348 1577 4402 videndum
1612 4353 1899 4418 superest,
1923 4348 2169 4419 quibus-
2206 4352 2249 4405 D

508 4452 651 4491 nam
679 4452 750 4491 ex
783 4437 1152 4508 argumentis
1171 4437 1491 4509 propositae
1524 4436 1601 4491 ab
1631 4437 1798 4491 initio
1828 4437 2173 4508 quaestionis

512 4525 727 4580 solutio
748 4524 1033 4580 dimanet.
1062 4526 1196 4580 Haec
1223 4526 1417 4597 primo
1439 4542 1474 4579 a
1497 4525 1869 4593 singulorum
1897 4525 2173 4581 vocabuli

514 4628 718 4668 nomen
762 4613 1163 4682 signiﬁcatum
1212 4614 1611 4681 distinctione,
1667 4619 1847 4685 atque
1889 4630 1924 4669 a
1972 4614 2175 4669 confu-

517 4702 698 4756 sionis
737 4703 1243 4757 discriminatione
1276 4703 1589 4757 deducitur
1617 4719 1627 4756 :
1659 4703 1740 4758 ita
1776 4710 1835 4757 ut
1865 4704 2175 4773 perspicue

519 4791 780 4846 sciamus
797 4791 1187 4862 quandonam
1216 4808 1414 4847 nomen
1438 4792 1835 4863 signiﬁcatum
1864 4792 2175 4863 proprium

520 4880 739 4934 habeat
760 4900 770 4942 ;
787 4884 1029 4950 quando
1048 4880 1175 4935 item
1192 4881 1440 4949 gloriam
1456 4881 1869 4952 honoremque
1889 4882 2175 4937 nominati

521 4968 797 5038 denotet;
832 4984 1037 5023 rursus
1094 4970 1339 5040 quando
1406 4970 1676 5040 ejusdem
1724 4969 2057 5024 doctrinam
2107 4985 2178 5025 ac

519 5057 1021 5129 prazdicationem.
1069 5061 1241 5113 Favet
1274 5064 1559 5130 praeterea
1601 5058 1883 5114 solutioni
1916 5060 1961 5113 si
1990 5058 2177 5127 probe

519 5161 867 5211 noscamus,
900 5146 1063 5201 haud
1097 5147 1467 5202 adamussim
1499 5162 1821 5215 congruere
1848 5163 1981 5202 cum
2017 5148 2175 5201 vocis

518 5240 662 5307 typo
688 5237 1113 5291 sententiarum
1134 5236 1606 5292 similitudinem.
1629 5240 1773 5291 Nam
1798 5252 1989 5308 neque
2018 5237 2175 5291 locu-

518 5324 707 5378 tiones
736 5323 791 5377 in
826 5324 1031 5379 Christi
1076 5329 1282 5390 morte,
1321 5330 1375 5380 et
1412 5326 1472 5379 in
1512 5325 1737 5379 Christo
1776 5324 2080 5396 baptizari,
2123 5329 2179 5378 et

520 5413 579 5467 in
609 5428 731 5467 uno
754 5428 1021 5484 corpore,
1050 5413 1161 5469 sub
1184 5414 1396 5469 eodem
1414 5415 1571 5469 vocis
1587 5414 1877 5469 schemate
1900 5414 2175 5469 eamdem

519 5500 867 5557 sententiam
908 5502 1229 5558 exhibent:
1261 5503 1365 5558 sed
1396 5509 1688 5575 quantum
1725 5502 1812 5558 hae
1854 5503 2175 5559 verborum

522 5606 589 5647 ac
619 5590 933 5648 nominum
955 5592 1437 5664 pronuntiatione
1460 5592 1748 5665 proximae
1762 5591 2019 5651 invicem
2038 5598 2178 5650 sunt

2495 4351 2685 4420 Καιρὸς
2737 4346 2785 4399 δ’
2822 4350 2882 4399 ἄν
2934 4352 3008 4406 εἴη
3045 4354 3265 4424 πνορᾴν
3298 4346 3370 4402 δι’
3411 4350 3545 4402 ὅσων
3584 4358 3677 4403 τοῦ
3708 4353 3763 4415 ἐξ
3792 4351 3886 4423 ἁρ-

2281 4445 2385 4508 χῆς
2440 4437 2774 4511 ἀπορήματος
2830 4436 3251 4512 ἐπιχειρημάτων
3300 4438 3643 4512 προελήλυθεν
3705 4442 3735 4499 ἡ
3795 4441 3890 4493 λύ-

2286 4545 2383 4585 σις.
2427 4531 2642 4599 Πρόεισι
2683 4530 2771 4597 μὲν
2819 4530 2919 4601 γὰρ
2968 4528 3083 4580 καθ’
3135 4529 3223 4580 ἕνα
3265 4528 3415 4599 λόγον
3449 4525 3892 4601 διαστελλομένων

2284 4624 2381 4666 τῶν
2415 4620 2802 4686 σημαινομένων
2845 4624 2935 4667 τοῦ
2983 4616 3232 4689 ὀνόματος
3288 4622 3377 4668 καὶ
3429 4627 3517 4677 τῆς
3575 4621 3893 4690 συγχύσεως

2287 4700 2681 4775 διακρινομένης
2715 4720 2726 4731 '
2777 4708 2842 4766 ὡς
2884 4724 2935 4757 τε
2965 4714 3143 4778 σαφῶς
3182 4703 3374 4758 εἰδέναι
3412 4712 3532 4759 πότε
3569 4709 3660 4778 μεν
3702 4711 3760 4759 τὸ
3801 4712 3895 4758 κύ-

2286 4811 2394 4864 ριον
2422 4793 2545 4844 αὐτὸ
2577 4794 2692 4845 καθ’
2721 4794 2870 4845 ἑαυτὸ
2914 4798 2972 4846 τό
3020 4799 3182 4865 ὄνομα
3214 4800 3476 4867 σημαίνει,
3522 4801 3647 4847 πότε
3694 4792 3754 4848 δὲ
3800 4793 3893 4849 δό-

2288 4882 2375 4943 ξαν
2419 4887 2507 4933 καὶ
2549 4887 2706 4954 τιμὴν
2760 4891 2849 4934 του
2908 4884 3310 4956 ὀνομαζομένου,
3357 4890 3445 4936 καὶ
3488 4889 3610 4937 πότε
3658 4890 3753 4943 τὴν
3805 4882 3895 4938 δι-

2289 4968 2577 5022 δασκαλίαν
2637 4976 2792 5023 αὑτοῦ
2842 4977 2929 5024 καὶ
2976 4977 3032 5024 τό
3090 4978 3360 5047 κηρυγμα.
3419 4981 3778 5047 Συνεπικροτεί
3833 4972 3893 5027 δὲ

2288 5066 2378 5117 τὴν
2430 5059 2578 5111 λύσιν
2622 5066 2709 5111 καὶ
2768 5065 2825 5112 τὸ
2882 5060 3053 5113 λαϐεῖν
3110 5060 3408 5134 ἐπιστήμην
3463 5067 3535 5134 μὴ
3605 5060 3893 5124 διαπαντὸς

2288 5151 2499 5199 ἕπεσθαι
2549 5158 2618 5219 τῷ
2680 5152 2825 5221 τύπῳ
2890 5159 2986 5211 τῆς
3044 5159 3214 5221 φωνῆς
3284 5155 3383 5208 τὴν
3450 5160 3550 5202 τῶν
3614 5156 3891 5223 νοημάτων

2288 5240 2588 5309 ὁμοιότητα.
2633 5235 2774 5289 Οὐδὲ
2803 5238 2903 5309 γὰρ
2945 5243 2999 5291 τό
3041 5240 3113 5300 εἰς
3143 5244 3228 5291 τὸν
3262 5242 3476 5292 θάνατον
3508 5248 3597 5292 τοῦ
3630 5249 3889 5313 Χριστοῦ,

2287 5324 2409 5378 οὐδὲ
2464 5331 2518 5377 τὸ
2562 5326 2633 5388 εἰς
2685 5329 2908 5398 Χριστόν
2961 5326 3323 5399 βαπτισθῆναι
3367 5328 3637 5401 ⁸λέγεσθμι,
3702 5330 3763 5382 ού
3804 5334 3893 5400 μὲν

2287 5413 2373 5466 οὖν
2415 5415 2519 5467 ἀλλ’
2549 5413 2671 5467 οὐδὲ
2710 5421 2765 5467 τό
2807 5417 2875 5477 εἰς
2928 5417 2974 5469 ἓν
3016 5420 3185 5489 σῶμα,
3237 5414 3327 5469 διὰ
3362 5422 3418 5469 τὸ
3448 5428 3642 5490 σχῆμα
3672 5426 3764 5479 τῆς
3796 5441 3895 5490 φω-

2286 5514 2374 5565 νῆς
2421 5510 2514 5562 τὴν
2566 5504 2727 5562 αὐτὴν
2778 5512 3188 5576 παραστησουσι
3253 5503 3489 5559 διάνοιαν
3547 5525 3559 5537 ·
3618 5506 3727 5558 ἀλλ’
3771 5510 3892 5560 ὅσον

2248 5600 2452 5651 ,ταῦτα
2500 5602 2559 5667 τῇ
2616 5602 2850 5667 προφορᾴ
2892 5604 3013 5650 τῶν,
3037 5596 3287 5671 ῥημάτων
3334 5602 3421 5651 καὶ
3470 5604 3571 5649 τῶν
3622 5596 3891 5671 ὀνομάτων
