4126 6190
485 284 592 344 335

1735 282 1978 340 PHOTII
2015 278 2502 339 PATRIARCHAE
2540 278 2648 335 CP.

3742 278 3849 333 336

485 414 689 469 menta
723 415 778 467 et
812 409 1006 466 oleum
1046 411 1116 466 iis
1145 412 1247 485 qui
1289 412 1346 467 in
1377 412 1507 483 lege
1536 412 1815 477 vivebant
1844 413 2143 469 ornabant

2263 413 2415 466 λευκὰ
2465 411 2647 484 ἱμάτια
2690 412 2798 467 τοῖς
2841 403 2888 457 ἐν
2940 412 3013 475 τῷ
3051 408 3190 477 νόμῳ
3228 406 3402 457 καὶτὸ
3434 403 3602 457 ἔλαιον
3644 404 3861 477 ἐκόσμει

484 516 722 573 corpus,
756 499 1173 567 signiﬁcabant
1212 507 1412 558 autem
1452 502 1634 557 vitam
1668 502 1729 556 in
1760 502 1960 557 laetitia
1999 518 2145 557 con-

486 590 729 645 situtam
764 606 776 643 :
810 588 891 643 ita
914 604 1017 659 per
1038 594 1261 646 (eterna
1291 590 1566 663 exempla
1593 590 1843 645 Verbum
1876 606 1984 645 nos
2010 591 2144 645 bor-

487 683 642 735 tatur
661 681 721 732 ut
736 676 1006 733 eamdem
1031 684 1285 734 mentem
1304 679 1549 734 nitidam
1568 683 1626 734 et
1640 685 1913 734 ornatam
1932 678 2147 735 habea-

489 784 643 823 mus.
674 767 884 822 Nitebit
915 771 1111 822 autem
1137 770 1532 831 etornabitur,
1568 770 1614 822 si
1648 769 1811 823 stolae
1837 770 1967 840 ejus
1993 768 2145 824 albae

490 857 630 912 sint.
664 856 826 910 Albae
859 872 1035 927 porro
1061 862 1232 912 erunt
1265 874 1277 921 ;
1308 857 1554 929 quando
1586 857 1841 929 puritate
1871 865 1923 911 et
1952 858 2144 929 splen-

490 945 635 1001 dore
660 946 945 1000 virtutum
980 945 1207 1017 absque
1241 946 1359 1002 ulla
1388 961 1487 1001 eas
1529 946 1878 1017 inquinante
1919 946 2145 1002 malitia

488 1034 892 1107 splendebant
914 1041 969 1090 et
993 1035 1365 1091 translucida;
1388 1042 1553 1091 erunt
1580 1052 1593 1101 ;
1619 1052 1873 1107 quorum
1894 1036 2144 1091 exterior

487 1140 605 1180 non
624 1128 710 1178 est
731 1139 874 1194 erga
897 1125 1084 1179 Deum
1113 1126 1317 1195 pietas.
1350 1128 1429 1181 Ea
1450 1130 1538 1181 est
1559 1126 1715 1180 enim
1740 1141 1875 1197 quae
1901 1125 2143 1180 virtutes

484 1214 761 1284 producit
808 1218 860 1267 et
900 1214 1141 1268 scaturit
1182 1219 1236 1269 et
1274 1214 1333 1269 in
1371 1214 1485 1269 illis
1526 1214 1766 1269 chorum
1810 1229 2145 1269 consonum

484 1307 537 1355 et
574 1301 935 1356 concinnum
976 1302 1253 1367 ostendit,
1297 1308 1351 1359 et
1414 1307 1641 1359 vestem
1699 1302 2047 1373 nuptialem,
2091 1306 2147 1356 et

486 1390 705 1446 ccelesti
729 1406 900 1445 coena
921 1390 1169 1461 dignam
1193 1392 1329 1447 texit
1351 1397 1407 1447 et
1428 1408 1499 1447 ea
1522 1392 1789 1447 animam
1816 1390 2147 1446 circumdat

486 1484 540 1535 et
565 1479 769 1534 salutis
812 1485 903 1535 est
927 1480 1293 1535 conciliatrix
1330 1496 1344 1546 ;
1388 1481 1612 1552 quibus
1672 1484 1728 1535 et
1786 1479 1896 1535 olei
1946 1481 2145 1535 unctio

486 1568 780 1640 imprimis
823 1569 1083 1640 injicitur
1114 1574 1169 1624 et
1200 1570 1539 1641 adaptatur.
1603 1573 1665 1624 Et
1713 1570 1963 1624 verbum
2016 1570 2141 1624 ait:

492 1678 515 1708 α
560 1658 766 1713 Oleum
795 1658 853 1712 in
872 1658 1065 1729 capite
1084 1663 1182 1713 tuo
1200 1675 1269 1712 ne
1288 1658 1545 1722 deficiat,
1578 1682 1598 1707 ι
1626 1658 2145 1730 eleemosynamin

486 1746 791 1818 proximos
823 1746 991 1801 olivaa
1022 1746 1314 1818 liquorem
1346 1747 1743 1812 subscribens,
1768 1764 1890 1819 quo
1915 1752 1978 1802 ut
2003 1763 2146 1801 nun-
2175 1774 2215 1826 Β

488 1850 672 1907 quam
699 1840 867 1902 egeat
906 1839 1087 1906 caput
1121 1841 1389 1890 nostrum
1425 1836 1704 1890 hortatur.
1747 1839 1872 1891 Non
1906 1836 2063 1890 enim
2096 1835 2145 1890 si

490 1923 625 1995 quis
657 1923 984 1994 aliquando
1014 1925 1283 1979 misertus
1310 1930 1416 1989 est,
1461 1924 1931 1979 misericordiam
1962 1925 2147 1979 adim-

492 2012 669 2083 plevit
698 2028 712 2076 ;
741 2013 845 2066 sed
866 2012 912 2066 si
941 2012 1159 2083 smpius
1186 2018 1458 2081 egentem
1492 2013 1871 2084 contempsit,
1906 2017 2149 2068 antece-

490 2101 694 2155 dentes
716 2100 842 2154 dies
867 2100 1116 2155 reddidit
1134 2117 1255 2155 suae
1286 2101 1462 2157 bona;
1477 2101 1728 2157 actionis
1750 2104 2145 2169 accusatores,

490 2189 717 2244 virtutis
730 2188 1181 2259 eteleemosynae
1196 2194 1639 2261 contemptorem
1655 2205 1776 2244 non
1789 2189 2149 2245 erubescens

489 2277 688 2349 ipsum
714 2277 987 2333 convinci
1012 2296 1023 2339 ;
1049 2284 1105 2333 et
1129 2279 1292 2350 quod
1325 2279 1476 2343 fecit,
1508 2294 1623 2334 non
1655 2279 1903 2343 virtutis,
1933 2282 2035 2334 sed
2054 2295 2151 2333 cu-

482 2366 737 2437 jusdam
763 2367 1021 2421 ostendit
1047 2383 1177 2422 esse
1206 2368 1692 2423 circumstantia.

2253 505 2342 576 μὲν
2381 504 2439 553 τό
2482 508 2651 571 σῶμα,
2700 493 2887 554 ἐδήλου
2940 491 2999 547 δὲ
3052 500 3145 553 τὴν
3200 493 3248 547 ἐν
3288 502 3349 567 τῇ
3384 494 3670 567 εὐφροσύνῃ
3702 496 3863 545 κατά-

2257 611 2443 645 στασιν
2473 598 2560 649 τῆς
2601 588 2761 651 ζωῆς,
2810 586 2972 647 οὑτως
3017 583 3117 636 ἀπό
3162 592 3263 636 τῶν
3304 582 3451 645 ἐκτός
3494 581 3863 658 παραδειγμά·

2253 701 2351 733 των
2383 682 2407 730 ό
2450 683 2616 749 Λόγος
2674 676 2835 732 αὐτὴν
2885 672 3289 746 παρακελεύεται
3335 670 3562 747 φαιδρὰν
3590 674 3730 744 ἔχειν
3775 676 3861 723 xui

2254 770 2638 841 ἐξωραίσμένην
2692 769 2784 822 τὴν
2848 762 3055 834 ψυχήν.
3112 758 3460 835 Φαιδρύνοιτο
3533 758 3584 813 δ’
3661 761 3721 813 ἂν
3773 767 3864 814 καὶ

2254 858 2534 932 ὡραῖζοιτο
2582 858 2672 906 καὶ
2718 861 2817 905 τῶν
2848 854 3041 911 ταύτης
3084 850 3424 924 περιϐολαίων
3471 850 3661 903 λευκῶν
3693 851 3863 925 ὑπαρ-

2254 950 2477 1019 χόντων.
2530 945 2707 998 Λευκὰ
2746 938 2795 993 δ’
2829 940 2888 992 ἆν
2930 944 3191 1012 γίγνοιντο
3241 936 3450 993 ἐπειδὰν
3491 944 3585 997 τὴν
3638 941 3864 1013 καθαρό-

2254 1055 2390 1093 τητα
2435 1038 2525 1085 καὶ
2575 1033 2916 1105 λαμπρότητα
2954 1037 3053 1081 τῶν
3104 1028 3291 1103 ἀρετῶν
3350 1030 3469 1081 ἄνευ
3512 1032 3649 1089 τινὸς
3692 1027 3865 1100 ἄπιμε-

2254 1124 2535 1183 λαινούσης
2580 1121 2712 1173 αὑτά
2759 1124 2948 1180 κακίας
2996 1116 3379 1171 ἀποστίλϐοντα
3417 1121 3493 1175 εἴη
3544 1122 3635 1170 καὶ
3675 1114 3709 1170 δ
3716 1138 3866 1189 ιαφα-

2254 1221 2313 1271 νῆ
2356 1228 2368 1240 ·
2408 1212 2474 1262 ὧν
2518 1211 2611 1263 οὑκ
2661 1212 2774 1261 ἔστι
2813 1213 2983 1283 χωρὶς
3026 1203 3142 1259 οὐδ’
3174 1208 3203 1264 ἡ
3242 1210 3366 1281 πρός
3412 1210 3471 1259 τό
3517 1214 3668 1260 Θεῖον
3712 1206 3863 1259 εὗσέ-

2257 1301 2389 1354 ϐεια.
2443 1300 2582 1357 Αὑτὴ
2637 1300 2738 1370 γάρ
2784 1296 2926 1349 ἐστιν
2977 1298 3007 1353 ἠ
3067 1300 3155 1348 καὶ
3213 1297 3307 1357 τὰς
3347 1294 3527 1370 ἀρετὰς
3576 1294 3864 1370 προϐαλλο-

2256 1394 2380 1462 μένη
2455 1394 2542 1439 καὶ
2606 1389 2944 1458 πηγάζουσα,
3000 1390 3090 1437 xui
3145 1387 3229 1436 τόν
3301 1383 3348 1436 ἐν
3421 1383 3629 1446 ἐκείνοις
3701 1388 3865 1458 χορόν

2257 1479 2555 1552 ἐναρμόνιόν
2603 1496 2657 1527 τε
2713 1480 2803 1527 καὶ
2854 1477 3127 1547 σᾶμφωνον
3188 1472 3569 1545 ἀποφαίνουσα,
3622 1478 3711 1526 καὶ
3775 1478 3865 1525 τόν

2256 1570 2507 1640 νυμφικόν
2564 1572 2769 1637 χιτῶνα
2816 1568 2904 1615 καὶ
2951 1571 3040 1623 τῆς
3091 1561 3397 1634 ἐπουρανίου
3446 1559 3723 1623 παστάδος
3777 1562 3863 1614 ἄπο

2257 1657 2399 1719 ἀξιον
2454 1654 2800 1726 ἐξυφαίνουσά
2856 1672 2909 1705 τε
2963 1657 3051 1704 καὶ
3091 1650 3490 1725 περιϐάλλεσθαι
3527 1655 3868 1724 παρασκευά-

2260 1746 2430 1807 ζουσα
2458 1748 2548 1801 τὴν
2575 1742 2761 1813 ψυχὴν
2801 1746 2891 1793 xui
2929 1750 3024 1801 τῆς
3059 1746 3324 1812 σωτηρίας
3368 1742 3693 1812 ὑπάρχουσα
3741 1745 3867 1812 πρό-

2260 1836 2394 1898 ξενος
2423 1851 2434 1863 ’
2471 1830 2546 1893 οἷς
2584 1838 2673 1883 καὶ
2717 1838 2809 1883 τοῦ
2862 1829 3031 1882 ἐλαίου
3080 1835 3263 1904 χρίσις
3302 1830 3534 1901 μάλιστά
3571 1850 3624 1882 τε
3671 1850 3868 1903 προκα-

2257 1921 2562 1975 ταϐάλλεταί
2623 1941 2675 1973 τε
2734 1925 2822 1973 καὶ
2886 1922 3361 1994 προκαταρτίζεται
3410 1936 3421 1948 ·
3474 1921 3564 1971 xui
3621 1922 3646 1971 ό
3712 1919 3868 1991 λόγος

2260 2015 2392 2083 φησί
2431 2026 2443 2037 ⁸
2479 2033 2505 2060 ‹‹
2544 2014 2645 2062 Καὶ
2677 2009 2843 2061 ἔλαιον
2874 2008 2958 2061 ἐπὶ
2980 2016 3076 2069 τῆς
3113 2007 3337 2079 κεφαλῆς
3379 2027 3474 2059 σου
3525 2012 3596 2080 μὴ
3640 2010 3871 2081 ὑστερη-

2262 2100 2401 2151 σάτω
2427 2117 2437 2127 ·
2470 2120 2497 2150 ›)
2528 2104 2618 2156 τὴν
2662 2098 2736 2159 εἰς
2764 2100 2883 2159 τοὺς
2918 2096 3141 2155 πλησίον
3185 2096 3533 2168 ἐλεημοσύνην
3559 2101 3648 2149 και
3679 2102 3737 2148 τό
3772 2105 3869 2157 τῆς

3598 2182 3661 2247 ἧς
3703 2183 3867 2257 μηδὲ·

2260 2297 2383 2330 ποτε
2428 2278 2761 2347 ὑστερεῖσθαι
2814 2278 2959 2346 ἡμῶν
3020 2279 3111 2331 τὴν
3168 2274 3390 2345 κεφαλὴν
3440 2274 3865 2347 παρακελεύεται.

2259 2196 2511 2261 γηγενοῦς
2561 2187 2732 2239 ἐλαίου
2786 2182 3002 2247 λιϐάδος
3047 2188 3473 2257 ὑπογραφόμενος
3529 2203 3541 2215 ·

2262 2367 2337 2419 Ού
2364 2369 2462 2438 γὰρ
2503 2369 2545 2418 εἶ
2593 2385 2672 2426 τις
2710 2367 2833 2416 ποτε
2881 2363 3090 2426 ἧλέησε,
3127 2368 3212 2414 τόν
3255 2363 3388 2415 ἔλεον
3429 2366 3817 2436 κατωρθώσατο
3851 2388 3865 2402 ·

498 2454 605 2506 ἀλλ’
647 2458 687 2505 εἶ
728 2474 808 2516 τις
838 2454 1082 2516 πολλάκις
1126 2459 1211 2507 τόν
1245 2452 1481 2528 δεόμενον
1541 2454 1778 2528 ὑπερεῖδε
1816 2460 1873 2508 τό
1916 2456 2174 2528 προλαϐόν
2228 2466 2321 2517 τῆς
2366 2454 2717 2526 ἀγαθουργίας
2756 2457 3049 2524 κατήγορον
3097 2451 3475 2526 ἀπειργάσατο,
3524 2461 3617 2512 τῆς
3665 2452 3854 2525 αρετῆς

493 2548 581 2595 καὶ
620 2553 711 2604 τῆς
742 2544 1093 2615 ἐλεημοσύνης
1119 2548 1413 2619 ὑπερόπτην
1441 2546 1620 2598 ἑαυτὸν
1646 2547 1739 2598 οὑκ
1772 2550 1908 2618 ἔχων
1952 2545 2097 2621 ὕϐριν
2132 2542 2501 2617 διελέγχεσθαι
2541 2559 2552 2571 ⁸

491 2632 579 2703 λέγ
584 2652 673 2703 χει
710 2636 1084 2707 περιστάσεως.

568 2725 632 2777 Et
662 2722 795 2777 vide
834 2722 1013 2794 huius
1061 2724 1220 2778 vocis
1254 2724 1629 2781 altitudinem
1674 2730 1729 2780 et
1769 2724 2150 2797 sapientiam.

498 2833 522 2862 ιι
566 2810 646 2866 Ne
685 2811 944 2880 deﬁciat,
986 2813 1200 2885 inquit,
1241 2813 1437 2869 oleum
1474 2815 1531 2868 in
1572 2815 1759 2885 capite
1801 2821 1920 2869 tuo.
1968 2835 1995 2863 »
2038 2812 2151 2867 Etsi

494 2901 652 2955 enim
674 2900 892 2971 saepius
919 2902 1104 2967 unxit,
1134 2907 1449 2974 quantum,
1484 2904 1699 2975 inquit,
1729 2920 1762 2958 a
1790 2903 2153 2975 pinguedine

497 2992 693 3055 distat,
736 2995 969 3045 tantum
1016 2991 1075 3045 in
1132 3008 1239 3045 sua
1290 2992 1485 3062 priore
1542 2993 1771 3047 actione
1822 2992 2035 3067 deficit.
2090 2992 2156 3047 Et

496 3076 737 3167 aliunde
764 3078 848 3132 vis
879 3078 1058 3149 hujus
1090 3079 1252 3136 verbi
1280 3080 1659 3136 meditatione
1690 3081 1985 3136 invenitur
2016 3096 2029 3145 ;
2073 3081 2155 3136 ita
2186 3113 2227 3167 ρ

495 3170 558 3221 ut
590 3166 680 3221 ille
712 3167 814 3238 qui
844 3167 975 3222 oleo
999 3168 1182 3223 utitur
1220 3184 1339 3223 non
1374 3174 1597 3224 tantam
1632 3170 2025 3237 indigentibus
2058 3170 2156 3224 be-

495 3255 855 3310 neﬁcentiam
878 3256 1142 3322 adducit,
1166 3262 1461 3329 quantum
1495 3258 1603 3312 sibi
1627 3258 1859 3314 lucrum
1890 3259 2078 3329 injicit
2102 3265 2157 3313 et

496 3345 738 3414 praebet.
777 3344 998 3399 Idcirco
1032 3346 1089 3399 in
1130 3361 1492 3415 congeneres
1524 3348 1986 3403 misericordiam
2018 3363 2157 3402 con-

497 3438 756 3487 temnere
796 3434 1050 3504 propriaa
1084 3435 1464 3505 pinguedinis
1495 3440 1550 3489 et
1585 3435 1851 3491 utilitatis
1882 3436 2158 3506 privatio-

498 3535 636 3574 nem
660 3526 967 3591 nuncupat
993 3539 1005 3587 ;
1038 3527 1236 3577 etnon
1266 3523 1612 3593 simpliciter
1636 3524 2031 3593 privationem
2063 3540 2156 3578 cu-

490 3608 741 3679 jusdam
783 3610 965 3680 partis
1004 3625 1211 3664 eorum
1254 3626 1387 3682 quas
1441 3615 1577 3665 sunt
1632 3611 1693 3665 in
1742 3626 2009 3682 corpore,
2053 3611 2157 3666 sed

498 3696 783 3768 praecipui
816 3704 871 3751 et
902 3698 1299 3768 capacissimi,
1330 3714 1546 3771 nempe
1577 3700 1808 3771 capitis.
1854 3700 1965 3755 Sed
1997 3701 2157 3755 enim

499 3785 663 3856 quod
683 3785 897 3841 dictum
922 3790 1027 3849 est,
1048 3786 1308 3858 idipsum
1330 3794 1417 3841 est
1440 3787 1511 3842 iis
1529 3804 1729 3843 carere
1746 3788 1963 3859 quibus
1982 3794 2161 3859 caput

502 3872 762 3940 ungitur.
792 3873 959 3927 Multi
976 3874 1135 3927 enim
1161 3890 1350 3945 neque
1367 3875 1477 3930 olei
1498 3875 1941 3946 possessionem
1965 3892 2159 3948 neque

504 3978 677 4016 usum
710 3963 1097 4027 admirantes,
1127 3963 1253 4034 ejus
1276 3964 1452 4019 famae
1474 3981 1610 4035 quas
1632 3980 1738 4035 per
1759 3965 1813 4019 id
1839 3966 2161 4036 acquiritur

503 4055 556 4105 et
590 4052 852 4106 nominis
884 4068 1150 4107 amorem
1181 4052 1435 4109 induunt
1472 4071 1485 4119 ;
1515 4059 1568 4110 et
1596 4054 1690 4109 alii
1719 4055 1958 4125 quidem
1992 4056 2159 4111 noni-

501 4140 582 4196 hil
622 4140 982 4196 distribuunt
1012 4158 1218 4197 eorum
1261 4159 1383 4213 qua)
1423 4143 1567 4214 ipsis
1598 4144 1813 4208 adsint,
1858 4159 2050 4215 neque
2090 4160 2161 4198 ea

503 4245 637 4301 quas
668 4229 779 4284 sibi
811 4234 949 4284 sunt
975 4230 1349 4296 charissima,
1380 4247 1449 4287 eo
1483 4236 1614 4287 oleo
1643 4249 1858 4287 nomen
1888 4232 1993 4287 sibi
2025 4248 2162 4288 con-

502 4318 700 4374 ciliare
731 4318 1016 4383 volentes,
1050 4320 1145 4375 alii
1179 4336 1316 4376 vero
1351 4326 1410 4376 ut
1444 4321 1807 4377 multitudini
1853 4322 2163 4377 videantur

506 4407 724 4463 divitiis
746 4407 1054 4478 pollentes,
1078 4414 1133 4464 et
1160 4425 1363 4465 eorum
1394 4410 1497 4481 qui
1528 4410 1708 4465 multa
1730 4411 2000 4465 ambiunt
2026 4427 2163 4465 con-

508 4501 827 4568 temptores
856 4513 869 4561 ;
903 4498 999 4553 alii
1023 4504 1220 4553 autem
1254 4504 1493 4571 propter
1523 4498 1698 4554 aliam
1724 4500 1799 4554 ad
1823 4500 1966 4555 nihil
1992 4501 2164 4555 virtu-

509 4585 583 4640 tis
610 4593 945 4657 vergentem
962 4588 1256 4643 rationem
1278 4611 1288 4653 ;
1309 4605 1567 4660 quorum
1594 4589 1874 4660 quamvis
1892 4590 2165 4644 videatur

510 4674 773 4730 difﬂuere
804 4676 1228 4741 misericordia,
1270 4693 1392 4733 non
1434 4683 1630 4732 tamen
1674 4696 1707 4731 δ
1743 4678 1931 4750 capite
1971 4694 2164 4750 neque

513 4779 694 4833 supra
718 4770 897 4835 caput
925 4764 1057 4819 talis
1104 4765 1509 4821 misericordia
1536 4766 1734 4821 fertur.
1763 4770 1887 4821 Non
1911 4767 2072 4822 enim
2104 4767 2163 4822 in

513 4852 734 4920 iudicio
775 4857 829 4906 et
859 4852 1198 4907 intentionis
1250 4854 1612 4920 rectitudine,
1673 4856 1772 4910 sed
1826 4855 1885 4910 in
1940 4856 2164 4924 agitata

511 4946 707 4996 mente
743 4946 798 4995 et
830 4942 1222 5013 cupiditatum
1263 4959 1427 4998 cura.
1471 4945 1639 5009 Quod
1682 4944 1817 4999 ideo
1860 4945 2070 5000 utiliter
2110 4951 2165 5001 et

510 5030 822 5086 salubriter
852 5046 973 5085 non
1001 5031 1255 5087 multum
1287 5033 1444 5087 danti
1480 5033 1736 5088 diffundi
1768 5039 1824 5088 et
1854 5034 2162 5090 abundare

510 5125 762 5193 poterat,
796 5120 855 5175 in
888 5122 1124 5176 modum
1156 5137 1347 5192 paenae
1379 5129 1433 5176 et
1460 5122 1764 5179 infeliciter
1816 5123 1892 5178 illi
1927 5124 2162 5179 subtra-

509 5210 687 5272 hitur,
730 5225 838 5264 nec
877 5225 946 5264 eo
987 5210 1166 5265 modo
1206 5228 1265 5265 se
1316 5212 1685 5282 privantibus
1741 5212 1828 5267 vel
1868 5212 2162 5284 guttulam

508 5298 811 5355 commodi
843 5298 1055 5353 reddit.
1102 5300 1208 5364 Qui
1238 5316 1376 5355 vero
1418 5300 1543 5355 sola
1583 5302 1884 5371 egentium
1925 5318 2069 5357 cura
2108 5308 2164 5358 et

507 5385 763 5457 propria;
790 5383 1003 5439 animas
1032 5388 1087 5439 et
1112 5385 1340 5439 virtutis
1370 5386 1791 5452 misericordia,
1820 5388 1959 5443 facit
1990 5388 2164 5443 mise-

509 5473 850 5540 ricordiam,
884 5472 979 5528 ille
1020 5488 1155 5528 vere
1187 5474 1256 5527 de
1288 5474 1477 5545 capite
1516 5474 1745 5531 donum
1783 5474 1971 5531 fundit
2001 5481 2059 5531 et
2088 5477 2162 5532 de

508 5567 669 5619 recta
706 5562 1053 5631 intentione,
1086 5577 1196 5620 nec
1246 5568 1427 5635 caput
1465 5580 1637 5619 suum
1668 5564 1767 5621 illa
1798 5565 2161 5637 pinguedine

2592 2549 2682 2595 xui
2716 2546 2773 2594 τό
2804 2544 3041 2617 πραχθὲν
3071 2542 3165 2593 οὑκ
3196 2540 3403 2613 ἀρετῆς,
3436 2542 3565 2593 ἀλλά
3590 2563 3726 2605 τινος
3754 2540 3789 2595 δ
3796 2563 3862 2595 ιε-

2337 2728 2436 2775 Καὶ
2480 2724 2573 2793 ὅρα
2620 2724 2675 2773 τό
2717 2719 2856 2792 βαθὺ
2906 2725 2991 2771 καὶ
3038 2724 3453 2793 περινενοημένον
3490 2729 3584 2783 τῆς
3620 2721 3802 2784 λέξεως
3851 2740 3866 2753 ⁸

2266 2834 2293 2861 ‹‹
2312 2812 2762 2882 Μὴὺστερησάτω,
2784 2814 2936 2881 φησὶ,
2959 2812 3016 2860 τό
3035 2808 3203 2860 ἔλαιον
3234 2808 3319 2861 ἐπὶ
3336 2817 3429 2870 τῆς
3455 2809 3673 2881 κεφαλῆς
3695 2829 3812 2865 σου.
3840 2833 3869 2862 ››

2265 2900 2322 2953 Εἰ
2351 2903 2449 2972 γὰρ
2481 2904 2569 2951 καὶ
2616 2898 2859 2957 πολλάκις
2898 2896 3167 2967 ἠλείψατο,
3201 2896 3249 2948 ἐν
3290 2898 3351 2967 ᾧ,
3384 2903 3533 2964 φησὶ,
3567 2907 3658 2951 τοῦ
3700 2902 3870 2951 λιπαί-

2263 2991 2443 3041 νεσθαι
2493 2984 2701 3052 διέστη,
2744 2989 3013 3059 ὑστέρημα
3052 2994 3201 3038 τοῦτο
3258 2994 3354 3049 τῆς
3394 2990 3682 3060 ἔμπροσθεν
3731 2990 3869 3040 καθ-

2267 3078 2477 3129 ίσταται
2517 3076 2743 3149 πράξεως
2775 3092 2786 3105 ’
2815 3081 2904 3127 καὶ
2930 3076 3094 3137 ἄλλως
3135 3072 3193 3127 δε
3233 3078 3290 3126 τό
3322 3085 3417 3137 τῆς
3458 3075 3640 3138 λέξεως
3674 3080 3862 3149 ἐμφαν-

2263 3170 2405 3218 τικόν
2457 3168 2791 3238 θεωρήματος
2830 3165 3033 3238 εὕρεσις
3089 3168 3289 3233 γίνεται
3323 3184 3333 3196 ·
3383 3167 3451 3225 ὡς
3496 3167 3521 3215 ό
3572 3173 3642 3236 τῷ
3709 3166 3866 3237 ἐλαίῳ

2263 3262 2535 3328 χρώμενος
2580 3254 2637 3305 οὑ
2695 3256 2955 3310 τοσαύτην
3007 3260 3114 3313 τοῖς
3157 3252 3466 3323 ἔλεουμένοις
3518 3258 3610 3311 τὴν
3670 3254 3871 3328 εὑεργε-

2267 3351 2384 3397 σίαν
2426 3344 2645 3414 εἰσάγει,
2694 3345 2813 3394 ὅσον
2867 3342 3033 3412 ἐαυτῷ
3077 3341 3453 3394 καταϐάλλεται
3505 3347 3593 3395 καὶ
3640 3344 3874 3416 προξενεῖ

2265 3438 2321 3486 τό
2361 3430 2565 3506 κέρδος.
2618 3435 2711 3484 Διά
2756 3440 2907 3483 τούτο
2948 3436 3006 3482 τό
3053 3437 3294 3505 περιορᾷν
3333 3435 3420 3483 τόν
3470 3432 3537 3491 εἰς
3582 3436 3703 3493 τοὺς
3750 3434 3874 3504 ὀμο-

2265 3530 2403 3595 φυεῖς
2432 3522 2585 3585 ἔλεον,
2625 3521 2907 3593 ὑστέρησιν
2950 3527 3044 3581 τῆς
3100 3516 3241 3581 ἰδίας
3295 3519 3585 3582 λιπάνσεως
3636 3527 3726 3573 καὶ
3775 3530 3875 3583 τῆς

2266 3610 2508 3683 ὡφελείας
2566 3608 2811 3661 ἀποκαλεῖ
2842 3628 2853 3639 ³
2894 3616 2978 3660 xui
3022 3608 3127 3680 οὑχ
3175 3607 3348 3668 ἁπλῶς
3394 3613 3642 3683 στέρησιν
3687 3614 3874 3683 μέρους

2264 3703 2403 3760 τινός
2441 3707 2540 3751 τῶν
2582 3703 2852 3769 τυχόντων
2892 3698 2940 3749 ἐν
2980 3706 3051 3768 τῷ
3106 3704 3331 3769 σώματι,
3365 3696 3492 3749 ἀλλὰ
3541 3707 3632 3750 τοῦ
3680 3719 3871 3774 κυριω-

2264 3789 2422 3837 τάτου
2473 3793 2561 3837 καὶ
2617 3788 3061 3839 συνεκτικωτάτου
3115 3794 3204 3846 τῆς
3257 3786 3494 3858 κεφαλῆς.
3560 3787 3719 3841 Ἀλλὰ
3770 3791 3873 3860 γὰρ

2267 3876 2370 3927 οἷον
2414 3879 2618 3949 εἴρηται
2657 3880 2889 3927 τοιοῦτόν
2944 3874 3054 3927 ἐστι
3109 3878 3167 3927 τό
3218 3876 3553 3948 ὑστερεῖσθαι
3608 3872 3680 3929 δι’
3727 3877 3796 3928 ὧν
3839 3880 3869 3935 η

2268 3964 2461 4035 κεφαλὴ
2519 3964 2842 4037 ἐπαλείφεται
2903 3982 2913 3993 ·
2968 3964 3143 4017 πολλοὶ
3199 3967 3298 4037 γὰρ
3362 3969 3478 4017 οὔτε
3543 3973 3634 4018 τοῦ
3695 3966 3870 4018 ἐλαίου

2274 4058 2362 4111 τὴν
2410 4062 2597 4111 κτῆσιν
2644 4050 2765 4105 οὐδὲ
2815 4058 2908 4111 τὴν
2962 4061 3161 4128 χρῆσιν
3230 4054 3578 4124 θαυμάζοντες
3637 4063 3733 4114 τῆς
3791 4053 3878 4105 ἀπ’

2270 4142 2428 4193 αὑτοῦ
2470 4140 2628 4204 δόξης
2669 4147 2757 4194 xui
2812 4142 3096 4215 ὀνομασίας
3142 4146 3228 4194 τόν
3268 4145 3434 4217 ἔρωτα
3494 4140 3813 4196 ὑποδύονται
3859 4160 3873 4173 ⁸

2268 4236 2357 4283 καὶ
2387 4233 2434 4283 οἱ
2466 4235 2555 4302 μὲν
2603 4228 2915 4302 διανέμουσί
2959 4251 3074 4283 τινα
3128 4240 3225 4283 τῶν
3268 4236 3587 4306 προσόντων,
3620 4237 3710 4285 καὶ
3754 4242 3879 4285 ταὺ-

2268 4340 2332 4372 τα
2379 4317 2501 4372 οὐδὲ
2548 4320 2723 4381 αὑτοῖς
2762 4317 3220 4391 περισπούδαστοι,
3253 4326 3347 4379 τὴν
3390 4329 3480 4373 τοῦ
3532 4320 3702 4374 ελαίου
3746 4342 3880 4397 παρ-

2271 4415 2499 4480 ωνυμίαν
2546 4412 2783 4479 συνάγειν
2832 4408 3137 4481 βουλόμενοι
3174 4426 3186 4439 ’
3222 4412 3270 4461 οἱ
3311 4406 3369 4463 δε
3415 4412 3496 4462 ἱνα
3526 4418 3631 4472 τοῖς
3672 4410 3878 4473 πολλοῖς

2273 4494 2468 4560 δόξωσι
2526 4501 2814 4571 χρημάτων
2858 4503 3141 4570 κρείττους,
3173 4503 3263 4550 καὶ
3318 4508 3415 4550 τῶν
3460 4498 3585 4551 πολὺ
3637 4498 3881 4553 σπουδα-

2273 4588 2495 4658 ζομένων
2550 4587 2878 4658 ὑπερόπταν
2928 4590 2976 4638 οἱ
3027 4584 3085 4638 δὲ
3136 4584 3209 4638 δι’
3256 4588 3423 4662 ἔτερόν
3470 4608 3520 4640 τι
3559 4597 3657 4639 τῶν
3709 4586 3879 4661 μηδεν

2271 4676 2343 4737 εἰς
2386 4684 2475 4735 τῆς
2533 4673 2720 4749 ἀρετῆς
2775 4674 3157 4747 ἀναφερομένων
3216 4675 3366 4746 λόγον
3400 4696 3414 4708 ·
3469 4698 3536 4727 ων
3590 4676 3683 4727 κᾶν
3742 4674 3875 4749 δοκῇ

2273 4762 2527 4839 διαρρέειν
2576 4766 2601 4815 ό
2655 4764 2809 4833 ἕλεος,
2872 4763 2981 4815 ἀλλ’
3039 4763 3132 4815 οὑκ
3186 4763 3286 4816 ἀπὸ
3339 4774 3434 4827 τῆς
3480 4764 3707 4837 κεφαλῆς
3762 4764 3882 4819 οὐδ’

2272 4853 2354 4905 ἐπὶ
2402 4857 2493 4910 τὴν
2544 4852 2759 4923 κεφαλὴν
2812 4855 2836 4903 ό
2892 4861 3119 4913 τοιοῦτος
3154 4856 3359 4927 φέρεται
3388 4874 3399 4885 ·
3442 4854 3498 4906 ού
3531 4856 3628 4927 γὰρ
3676 4854 3723 4907 ἐν
3770 4861 3883 4931 κρί-

2274 4962 2352 4994 σει
2394 4939 2629 5002 διανοίας
2656 4946 2746 4994 καὶ
2773 4941 3037 5016 ὀρθότητι,
3068 4940 3197 4993 ἀλλά
3228 4943 3537 5015 σαλευομένη
3569 4949 3750 5016 γνώμη
3791 4952 3883 4997 xui

2274 5033 2517 5103 θεραπείᾳ
2565 5031 2841 5083 παθῶνοὸ
2888 5036 3250 5104 συμφερόντως
3296 5032 3355 5083 ἂν
3404 5038 3493 5084 καὶ
3526 5031 3883 5106 σωτηριωδῶς

2270 5120 2502 5191 μάλιστα
2524 5126 2594 5189 τῷ
2625 5128 2849 5172 κενοῦντι
2877 5117 3190 5191 διαχεῖσθαι
3221 5140 3273 5173 τε
3304 5126 3392 5172 καὶ
3420 5118 3800 5193 δαψιλεύεσθαι
3828 5120 3883 5175 εὖ

2270 5208 2411 5280 μάλα
2448 5205 2697 5274 ἠδύνατο,
2732 5208 3019 5281 ἐπιζημίως
3057 5229 3109 5261 τε
3153 5215 3243 5261 καὶ
3280 5209 3567 5281 ἐπισφαλῶς
3597 5209 3883 5263 ἀποκενοῦ-

2269 5318 2375 5367 ται,
2406 5303 2495 5350 καὶ
2526 5295 2666 5370 μηδὲ
2703 5298 2997 5371 σταλαγμόν
3028 5298 3265 5371 ὠφελείας
3300 5308 3403 5361 τοῖς
3434 5308 3667 5352 κενοῦσιν
3700 5300 3886 5353 ἀνταλ-

2269 5387 2594 5459 λαττόμενον.
2625 5386 2682 5439 Ὀ
2716 5384 2773 5440 δε
2787 5387 2869 5440 ἐπὶ
2896 5390 3141 5461 θεραπείᾳ
3164 5394 3294 5461 μόνη
3331 5398 3429 5441 τῶν
3450 5395 3681 5447 πενήτων
3693 5396 3785 5442 xui
3811 5400 3883 5461 τῷ

2274 5477 2476 5549 ἱλασμῷ
2501 5487 2594 5537 τῆς
2623 5474 2766 5536 ἰδίας
2790 5477 2977 5549 ψυχῆς
3014 5483 3103 5529 καὶ
3139 5486 3210 5547 τῷ
3251 5486 3342 5538 τῆς
3370 5477 3555 5551 ἀρετῇς
3597 5481 3762 5551 νέμων
3795 5483 3883 5531 τόν

2268 5567 2419 5634 ἔλεον,
2447 5562 2595 5629 οὗτος
2617 5567 2681 5631 ὡς
2704 5565 2903 5629 ἀληθῶς
2933 5566 3032 5619 ἀπό
3057 5566 3281 5642 κεφαλῆς
3305 5587 3358 5620 τε
3384 5571 3440 5619 τό
3468 5563 3639 5645 δῶρον
3658 5573 3881 5643 προχέει
