4126 6190
290 293 402 351 337

1358 293 1455 349 AD
1495 293 2040 353 AMPHILOCHIUM
2080 295 2401 364 QUESTIO
2441 297 2632 354 XLIV.

3555 299 3660 358 338

286 426 378 474 xui
427 427 520 482 τῆς
557 418 720 495 ὀρθῆς
761 424 1005 495 κρίσεως,
1049 424 1140 473 καὶ
1186 424 1279 479 τὴν
1310 419 1494 472 ἑαυτοῦ
1537 421 1759 492 κεφαλὴν
1799 421 1893 473 οὐκ

2010 422 2199 494 privat
2226 437 2344 494 qua
2381 423 2541 480 illam
2571 422 2925 496 principuam
2967 426 3198 495 partem
3226 422 3469 480 roborat
3495 428 3554 480 et
3574 425 3663 480 hi-

288 511 570 583 ἁποστὲρεῖ
619 520 711 570 τῆς
753 510 1184 586 ἀναρῥωνυούσης
1230 513 1288 562 τὸ
1318 512 1623 582 ἡγεμονικὸν
1662 516 1751 563 καὶ
1782 511 1894 563 ἱλα-

283 604 548 676 ρυνούσης
595 601 898 662 λιπάνσεως.
946 600 1104 660 Δῆλον
1150 597 1205 652 δ’
1242 601 1321 652 ὅτι
1350 608 1422 670 τῷ
1468 609 1563 663 τῆς
1606 599 1893 672 ἐλεημοσύ-

281 711 378 753 νης
433 693 806 764 κατορθώματι
858 695 944 742 xui
992 689 1144 742 ἄλλαι
1190 691 1580 761 συναναφύουσι
1625 695 1714 742 καὶ
1770 710 1893 742 συν-

285 780 594 842 εξανθούσιν
644 779 843 855 ἀρεταί.
893 783 986 842 Τίς
1037 780 1140 854 γὰρ
1179 781 1249 840 ὡς
1292 777 1494 840 ἀληθῶς
1545 777 1894 838 ὰκαπήλευτον

287 874 454 942 φέρων
484 871 534 921 ἓν
578 868 746 939 ἑαυτῷ
794 876 886 920 τοῦ
931 868 1100 929 ἐλέους
1137 871 1194 920 τὸ
1237 867 1518 940 πολύτιμον
1562 877 1753 942 χρῆμα
1791 867 1892 941 βά-

285 977 481 1011 σκανον
546 957 793 1030 ὀφθαλμῷ
855 956 1086 1010 ἐπιϐᾶλεῖ
1136 965 1208 1028 τῷ
1255 957 1501 1024 πλησίον,
1565 961 1595 1016 ἤ
1653 961 1895 1033 τύραννον

286 1046 550 1118 ἐπαφήσει
595 1054 754 1118 χεῖρα
807 1050 898 1098 καὶ
939 1049 1134 1104 ταύτην
1193 1049 1254 1105 ἣν
1299 1049 1441 1098 οὔπω
1492 1046 1638 1109 ἔληξε
1689 1053 1895 1120 προτεί-

283 1156 388 1189 νειν
431 1139 520 1188 τόν
568 1135 702 1188 ἔλεον
757 1134 1198 1202 ἀναϐλύζουσαν;
1255 1138 1334 1196 τίς
1390 1131 1449 1188 δε
1495 1135 1695 1208 λῃστὴς
1750 1135 1896 1188 ἀλλο-

283 1230 445 1298 τρίων
484 1228 660 1277 ἔσεται
711 1226 895 1296 γάμων
958 1232 1030 1294 τῷ
1077 1222 1224 1294 ἐλαίῳ
1277 1222 1664 1298 περιρρεόμενός
1713 1244 1767 1277 τε
1804 1229 1894 1276 καὶ

284 1319 382 1373 τὴν
435 1321 650 1385 γνῶμην
698 1312 1096 1385 μαλασσόμενος
1161 1329 1177 1377 ;
1233 1311 1391 1366 Ἀλλά
1446 1331 1506 1384 γε
1552 1318 1736 1374 τόκους
1791 1323 1896 1375 πῶς

283 1402 623 1477 εἰσπράξεται
693 1405 815 1464 τοὺς
878 1400 1134 1474 ὀφειλέτας
1205 1401 1356 1463 οὗτος
1436 1402 1461 1452 ὀ
1535 1403 1895 1474 καταμερίζων

281 1500 396 1553 τοῖς
423 1488 771 1564 ἐνδεεστέρως
799 1496 890 1544 καὶ
928 1492 1028 1542 ὅσα
1070 1490 1262 1562 κλῆρος
1290 1493 1316 1542 ό
1360 1499 1598 1563 πατρῷος
1630 1491 1702 1552 είς
1740 1491 1895 1543 αὐτὸν

286 1578 590 1634 διεϐίϐασεν
623 1579 849 1647 ;ούκοῡν
879 1577 914 1632 δ
921 1582 974 1632 ιὰ
1002 1586 1123 1652 μιᾶς
1151 1579 1339 1655 ἀρετῆς
1365 1589 1459 1642 τῆς
1499 1579 1895 1641 ἀναϐλυζούσης

281 1675 373 1724 τὸν
414 1670 548 1723 ἔλεον
577 1675 669 1722 καὶ
716 1673 807 1732 τὰς
857 1669 1012 1731 ἄλλοις
1050 1672 1116 1730 ὡς
1151 1676 1410 1741 συγγενεῖς
1451 1675 1540 1722 καὶ
1581 1669 1896 1721 συνακολού-

289 1763 410 1820 θους
441 1761 466 1812 ὁ
496 1764 584 1817 τὴν
616 1762 894 1831 ἠγεμονίαν
933 1757 1128 1819 ἐκείνης
1168 1758 1574 1833 προκαταλαϐὼν
1602 1759 1668 1819 εἰς
1698 1758 1896 1830 φάλαγ-
1931 1788 1970 1841 Β

283 1870 386 1921 γας
414 1849 582 1920 ἕαυτῷ
611 1853 702 1901 καὶ
735 1851 1054 1921 συμμάχους
1083 1844 1322 1910 διατάξει
1363 1846 1855 1911 καὶὲξοικειὼσεται.

356 1946 463 1992 Τοῦ
513 1934 572 1990 δε
620 1940 1025 2010 κατωρθωκότος
1072 1935 1120 1988 ἐν
1179 1933 1388 2007 σπουδῇ
1440 1941 1528 1988 καὶ
1592 1941 1749 2008 σοφίᾳ
1812 1939 1896 1988 τόν

282 2026 442 2091 ἔλεον,
489 2028 678 2078 τούτου
714 2023 764 2078 δ’
813 2025 873 2076 ἂν
921 2023 1016 2078 εἶεν
1065 2030 1154 2077 καὶ
1189 2027 1238 2076 οἱ
1284 2025 1537 2098 ὀφθαλμοὶ
1576 2028 1658 2077 ἐπὶ
1697 2033 1789 2085 τῆς
1817 2044 1898 2077 κε-

285 2115 471 2188 φαλῆς,
516 2120 788 2168 τουτέστιν
854 2117 882 2173 ἠ
952 2114 1204 2172 ἐποπτική
1273 2133 1327 2167 τε
1391 2120 1480 2166 καὶ
1548 2111 1898 2187 διακρίνουσα

283 2208 344 2256 τό
390 2207 574 2279 χεῖρον
605 2203 706 2256 ἀπὸ
755 2209 847 2256 τοῦ
890 2208 1175 2278 κρείττονος
1217 2203 1320 2266 ἕξις
1348 2208 1438 2254 καὶ
1479 2198 1728 2274 δύναμις.
1780 2210 1896 2263 Τοῖς

281 2297 382 2366 γὰρ
442 2289 914 2365 ἀποδιῖσταμένοις
985 2300 1078 2354 τῆς
1136 2295 1272 2344 κατὰ
1331 2295 1416 2344 τόν
1475 2293 1607 2344 ἔλεον
1663 2292 1897 2362 πράξεως

283 2387 375 2434 καὶ
424 2383 776 2453 συμπαθείας,
827 2383 877 2432 οἱ
920 2381 1174 2454 ὀφθαλμοὶ
1224 2386 1314 2433 xui
1343 2383 1373 2438 ἠ
1427 2377 1698 2455 διάκρισις
1728 2380 1895 2434 οὐκέτι

287 2472 377 2524 ἐπὶ
423 2479 522 2531 τῆς
573 2470 819 2542 κεφαλῆς,
865 2466 980 2522 οὐδ’
1028 2471 1162 2523 ὥστε
1201 2474 1393 2542 φαίνειν
1437 2475 1526 2522 καὶ
1565 2467 1778 2541 ὁδηγεῖν
1808 2473 1895 2522 τὸν

285 2560 464 2619 αὐτοῖς
519 2565 812 2633 χρώμενον,
873 2558 979 2611 ἀλλ’
1032 2558 1116 2611 επὶ
1173 2567 1269 2619 τῆς
1317 2558 1511 2630 ὀσφύος
1559 2563 1589 2617 ἦ
1653 2566 1746 2622 τῆς
1801 2579 1897 2630 γα-

292 2651 470 2719 στρὸς,
528 2648 718 2720 μᾶλλον
786 2645 845 2700 δὲ
907 2657 1004 2699 τῶν
1055 2643 1234 2700 ποδῶν
1280 2653 1556 2719 γεγόνασιν
1609 2644 1897 2700 ὑποπόδιον

289 2739 747 2808 καταπατούμενοί
813 2756 867 2789 τε
928 2741 1017 2789 καὶ
1091 2735 1479 2809 ἀχρειούμενοι,
1546 2741 1636 2788 καὶ
1708 2737 1896 2808 τυφλόν

289 2832 383 2880 καὶ
432 2826 759 2898 πλανώμενον
818 2825 866 2878 ἐν
935 2824 1088 2897 βαθεῖ
1156 2831 1327 2897 σκότῳ
1384 2825 1750 2888 καταλιπόντες
1811 2830 1898 2878 τὸν

289 2916 585 2990 ἄνθρωπον.
634 2916 693 2967 Ei
732 2911 791 2968 δε
818 2915 1008 2986 κεφαλὴ
1064 2911 1255 2988 ἀνδρὸς
1299 2916 1324 2966 ὁ
1370 2918 1618 2988 Χριστός,
1659 2923 1900 2989 παραινεῖ

288 3010 345 3058 τὸ
389 3005 566 3076 λόγιον
614 3007 754 3076 ἡμᾶς
798 3002 877 3056 ἀεὶ
918 3009 1007 3056 xui
1053 3000 1147 3056 διὰ
1192 3007 1384 3076 παντὸς
1421 3003 1616 3078 ἁφορᾴν
1647 3008 1772 3078 πρὸς
1809 3005 1899 3056 αύ-

290 3098 400 3159 τόν,
452 3099 545 3146 xui
597 3093 645 3145 ἐν
699 3093 841 3162 αύτῷ
879 3099 1053 3146 πᾶσαν
1083 3095 1229 3166 ἡμῶν
1270 3094 1538 3167 στηρίζειν
1569 3099 1659 3146 καὶ
1703 3092 1899 3147 ἀνατεί-

288 3203 392 3236 νειν
438 3187 533 3240 τὴν
577 3181 861 3240 ἕποπτικὴν
915 3202 968 3235 τε
1013 3187 1101 3234 xui
1151 3185 1466 3256 θεωρητικὴν
1523 3184 1668 3255 ἡμῶν
1721 3182 1901 3254 ἐπιμέ-

289 3273 450 3326 λειανσ
487 3293 514 3321 α
564 3277 894 3346 Προωρώμην
923 3275 1023 3344 γὰρ
1065 3274 1151 3323 τὸν
1202 3274 1388 3344 Κύριον
1433 3270 1646 3324 ἐνώπιόν
1674 3291 1774 3344 μου
1807 3269 1900 3325 διὰ

291 3365 506 3426 παντὸς,
559 3361 642 3412 ὅτι
680 3360 734 3412 ἐκ
775 3358 957 3422 δεξιῶν
1000 3380 1101 3433 μου
1147 3360 1308 3426 ἐστὶν,
1355 3362 1437 3412 ἵνα
1477 3366 1546 3433 μὴ
1585 3360 1836 3416 σαλευθῶ.
1871 3384 1897 3410 n

294 3450 454 3504 Ἀλλὰ
500 3453 602 3520 γὰρ
653 3472 680 3499 ‹‹
710 3449 798 3511 Ὡς
842 3449 1097 3521 ὀφθαλμοὶ
1142 3445 1452 3513 παιδίσκης,
1481 3455 1659 3521 φησὶν,
1692 3450 1759 3510 εἰς
1789 3457 1901 3522 χεῖ-

292 3559 389 3612 ρας
437 3546 530 3598 τῆς
575 3541 762 3612 κυρίας
813 3538 997 3601 αὐτῆς,
1030 3539 1195 3600 οὕτως
1232 3540 1281 3590 οἱ
1312 3538 1561 3610 ὀφθαλμοὶ
1599 3541 1743 3611 ἡμῶν
1772 3543 1903 3611 πρὸς

297 3631 493 3702 Κύριον
538 3631 625 3679 τὸν
676 3631 804 3680 Θεὸν
841 3629 1008 3699 ἡμῶν·
1059 3649 1086 3677 »
1117 3632 1207 3680 xui
1256 3630 1314 3679 τὸ
1357 3624 1540 3700 κέρδος
1586 3629 1690 3680 οἷον
1734 3647 1900 3680 κατα-

291 3717 649 3789 λαμϐάνουσιν
685 3719 824 3789 ημᾶς
874 3719 922 3769 οἱ
961 3717 1223 3790 φιλότιμοι
1260 3722 1348 3770 xui
1399 3717 1644 3770 πλούσιοι
1683 3713 1896 3790 δωρεάν·

292 3810 387 3859 καί
433 3811 539 3879 μὴν
589 3811 677 3858 xui
728 3802 822 3858 διὰ
858 3810 1050 3868 παντὸς
1081 3805 1236 3859 ὄντων
1283 3814 1382 3859 τῶν
1428 3808 1686 3880 ἡμετέρων
1717 3806 1902 3878 ὀφθαλ-

291 3904 404 3968 μῶν
436 3899 564 3967 πρὸς
605 3898 692 3947 τὸν
743 3897 953 3967 Κύριον,
1002 3897 1056 3946 αἱ
1099 3892 1318 3966 παγίδες
1364 3896 1426 3956 ἅς
1469 3897 1494 3946 ό
1543 3895 1730 3968 ἐχθρός
1760 3897 1903 3970 παρὰ

291 3987 360 4037 τὰ
416 3981 728 4056 διαϐήματα
783 3985 930 4056 ἡμῶν
982 3983 1212 4052 ἐκτείνει,
1268 3983 1426 4056 ἀργαὶ
1488 3990 1578 4036 xui
1640 3986 1901 4059 ἄπρακτοι

291 4079 385 4126 καὶ
435 4078 556 4134 τοὺς
587 4069 753 4133 πόδας
781 4075 928 4145 ἡμῶν
976 4077 1218 4145 κατέχειν
1265 4071 1514 4145 οὐδεμίαν
1547 4074 1707 4145 ἰσχύν
1738 4077 1900 4146 ἔχου-

293 4183 406 4216 σαι.
463 4162 630 4224 Αὐτὸς
657 4165 759 4235 γὰρ
812 4163 838 4213 ὁ
869 4162 1102 4223 πλάστης
1145 4167 1235 4215 xui
1263 4167 1576 4237 προνοητὴς,
1617 4168 1706 4215 xui
1740 4160 1774 4214 δ
1781 4163 1815 4214 ι’
1841 4163 1901 4215 οὗ

289 4257 349 4306 τὸ
407 4254 533 4325 όρᾷν
591 4253 911 4323 πεποίθαμεν
963 4271 1017 4304 τε
1073 4258 1161 4304 xui
1209 4255 1644 4325 πεπιστεύκαμεν,
1705 4251 1902 4325 ἀμάχῳ

2004 510 2178 569 larat.
2215 514 2372 567 Patet
2399 517 2597 568 autem
2621 513 3018 587 eleemosynaa
3045 512 3206 568 bono
3229 516 3366 568 actu
3398 513 3662 584 prmstito

2004 600 2224 656 etalias
2246 601 2410 656 nasci
2432 607 2487 658 et
2504 602 2812 658 ﬂorescere
2836 603 3100 658 virtutes.
3125 600 3266 670 Quis
3292 617 3412 656 non
3434 601 3663 658 adulte-

2003 693 2163 744 ratas
2191 688 2250 744 in
2274 706 2335 745 se
2368 691 2560 746 ferens
2588 691 3010 747 misericordiae
3038 690 3397 748 excellentes
3419 690 3661 748 divitias

2004 778 2360 835 malevolum
2385 780 2622 836 oculum
2653 781 2712 836 in
2743 781 3087 853 proximum
3113 779 3354 850 injiciet,
3383 785 3441 836 et
3467 785 3662 852 tyran-

2004 867 2204 924 nicam
2233 869 2456 926 emittet
2487 885 2732 926 manum
2766 875 2821 926 et
2845 870 3008 927 illam
3036 885 3216 942 quam
3239 868 3516 924 nondum
3539 885 3664 925 ces-

2005 956 2158 1012 savit
2176 958 2530 1026 protendere
2547 958 3022 1014 misericordiam
3041 958 3458 1016 scaturientem
3472 958 3501 1013 ‘P
3525 958 3666 1024 Quis

2004 1045 2111 1102 erit
2131 1046 2461 1102 alienarum
2484 1048 2829 1119 nuptiarum
2854 1049 2966 1116 fur,
2989 1048 3120 1104 oleo
3147 1053 3407 1104 mentem
3430 1048 3664 1105 habens

2003 1136 2312 1192 inunctam
2343 1142 2398 1192 et
2428 1137 2767 1194 mollitam?
2798 1137 2912 1193 Sed
2943 1137 3122 1193 etiam
3155 1137 3459 1210 quomodo
3490 1153 3663 1209 pecu-

2003 1223 2167 1280 niam
2190 1242 2224 1280 a
2252 1225 2604 1281 debentibus
2635 1227 2982 1298 parentibus
3015 1226 3228 1296 exiget,
3257 1227 3362 1298 qui
3393 1227 3662 1298 indigen-

2006 1312 2164 1368 tibus
2197 1320 2251 1369 et
2274 1331 2345 1370 ea
2369 1331 2505 1386 quas
2533 1321 2780 1386 paterna
2811 1315 3126 1372 haereditas
3153 1316 3268 1388 ipsi
3314 1315 3662 1380 transmisit,

2004 1401 2420 1460 distribuerit?
2444 1404 2626 1473 Igitur
2651 1421 2770 1461 una
2795 1405 3003 1460 virtute
3031 1405 3503 1461 misericordiam
3534 1423 3661 1463 sca-

2005 1491 2277 1557 turiente,
2323 1499 2376 1548 et
2405 1493 2554 1548 alias
2596 1501 2659 1548 ut
2701 1509 3066 1563 congeneres
3113 1500 3168 1549 et
3206 1499 3661 1565 consequentes,

2006 1581 2100 1636 ille
2129 1581 2232 1654 qui
2263 1583 2394 1653 ejus
2423 1584 2667 1638 ductum
2709 1587 2844 1638 ante
2876 1583 3151 1654 suscepit,
3193 1582 3296 1638 sibi
3331 1583 3390 1639 in
3415 1583 3665 1655 phalan-

2008 1685 2109 1740 ges
2130 1675 2185 1727 et
2218 1671 2412 1727 socias
2443 1671 2721 1743 disponet
2749 1677 2804 1728 et
2833 1671 3154 1728 familiares
3186 1672 3411 1728 reddet.

2077 1931 2187 1997 Qui
2218 1948 2359 1988 vero
2397 1949 2536 1988 cum
2588 1933 2714 1989 zelo
2754 1939 2810 1988 et
2854 1934 3149 2006 sapientia
3186 1936 3658 1994 misericordiam

2004 2020 2358 2092 impleverit,
2390 2021 2518 2092 ejus
2543 2022 2722 2077 etiam
2756 2029 2928 2078 erunt
2957 2023 3112 2080 oculi
3147 2024 3208 2080 in
3238 2025 3451 2095 capite,
3485 2025 3544 2080 id
3577 2031 3666 2080 est

2004 2109 2351 2180 inspiciendi
2382 2115 2439 2166 et
2467 2110 2842 2167 discernendi
2874 2113 3046 2181 pejus
3075 2129 3110 2168 a
3138 2112 3404 2182 meliore,
3437 2113 3516 2168 illi
3557 2114 3666 2170 erit

2005 2204 2194 2256 status
2216 2204 2271 2254 et
2288 2198 2512 2265 vis.Qui
2533 2200 2691 2255 enim
2708 2201 2786 2255 ab
2809 2200 3144 2256 actionibus
3166 2206 3218 2257 et
3241 2202 3664 2274 compassione

2003 2304 2141 2360 quia
2171 2288 2502 2343 secundum
2537 2288 3004 2344 misericordiam
3045 2295 3184 2344 sunt
3209 2289 3387 2359 longe
3419 2290 3662 2356 distant,

2005 2393 2212 2433 eorum
2255 2377 2411 2432 oculi
2457 2383 2512 2433 et
2544 2377 2631 2432 vis
2657 2377 3036 2434 discernendi
3069 2394 3188 2434 non
3220 2379 3280 2434 in
3313 2379 3526 2452 capite,
3564 2395 3660 2435 ne-

2005 2482 2121 2538 que
2147 2466 2224 2522 ita
2267 2471 2326 2522 ut
2370 2482 2508 2522 eum
2546 2467 2648 2538 qui
2680 2467 2796 2522 illis
2834 2466 3013 2522 utitur
3062 2466 3399 2524 illuminent
3437 2475 3492 2524 et
3521 2469 3660 2524 diri-

2006 2561 2168 2626 gant,
2202 2555 2305 2610 sed
2349 2555 2409 2610 in
2450 2556 2670 2611 lumbis
2714 2562 2770 2612 et
2815 2562 3036 2621 ventre,
3067 2556 3171 2613 sed
3208 2556 3406 2628 potius
3435 2558 3660 2629 pedum

2007 2644 2356 2712 scabellum,
2392 2644 2712 2718 proculcati
2744 2651 2799 2702 et
2829 2644 3068 2702 inutiles
3099 2645 3237 2701 facti
3265 2652 3321 2701 et
3351 2647 3662 2704 hominem

2005 2733 2066 2790 in
2087 2734 2287 2789 densis
2315 2734 2573 2790 tenebris
2595 2751 2817 2791 caecum
2840 2739 2900 2790 et
2921 2739 3212 2792 errantem
3238 2735 3660 2808 relinquentes.

2006 2823 2062 2879 Si
2095 2827 2297 2878 autem
2319 2830 2495 2895 caput
2525 2823 2786 2879 hominis
2817 2823 3103 2887 Christus,
3138 2839 3249 2878 nos
3277 2823 3428 2880 ratio
3465 2824 3665 2880 horta-

2007 2916 2100 2967 tur
2132 2917 2193 2967 ut
2222 2911 2386 2966 illum
2414 2927 2650 2983 semper
2679 2915 2734 2967 et
2762 2911 2927 2967 omni
2961 2912 3142 2968 modo
3167 2911 3577 2983 inspiciamus,
3607 2917 3666 2968 et

2009 3004 2072 3056 ut
2101 3000 2162 3054 in
2192 3016 2332 3056 eum
2363 3006 2633 3056 nostram
2673 2999 3003 3056 intuentem
3048 3005 3102 3055 et
3133 2999 3660 3071 contemplativam

1940 3115 1979 3169 ρ
2008 3105 2214 3145 curam
2235 3089 2537 3158 erigamus
2562 3088 3027 3144 etextendamus
3046 3105 3059 3144 :
3079 3107 3108 3140 (ι
3133 3087 3528 3144 Providebam
3554 3088 3664 3144 Do-

2007 3177 2239 3234 minum
2269 3177 2326 3231 in
2351 3182 2672 3248 conspectu
2703 3193 2836 3232 meo
2863 3193 3117 3250 semper,
3147 3176 3438 3250 quoniam
3464 3193 3500 3232 a
3525 3177 3665 3233 dex-

2010 3267 2111 3324 tris
2129 3272 2210 3322 est
2236 3265 2400 3332 mihi,
2427 3281 2499 3321 ne
2516 3281 2932 3330 commovear;
2962 3289 2982 3316 ι
3016 3267 3121 3322 sed
3141 3265 3300 3322 enim
3327 3283 3340 3323 :
3369 3288 3397 3316 «
3417 3269 3487 3324 Ut
3507 3266 3663 3323 oculi

2011 3355 2236 3412 ancillas
2276 3355 2335 3410 in
2370 3371 2588 3410 manus
2621 3354 2883 3411 domina:
2910 3373 3048 3420 suae,
3078 3355 3159 3411 ita
3187 3354 3344 3410 oculi
3371 3354 3557 3411 nostri
3586 3355 3664 3410 ad

2012 3445 2332 3500 Dominum
2369 3447 2549 3499 Deum
2583 3448 2870 3500 nostrum.
2900 3463 2929 3495 »
2959 3443 3026 3498 Et
3055 3443 3288 3499 lucrum
3320 3444 3431 3500 tale
3462 3443 3569 3499 erit
3602 3447 3666 3499 ut

2011 3539 2305 3606 occupent
2335 3549 2448 3589 nos
2479 3532 2783 3589 ambitiosi
2813 3537 2869 3588 et
2905 3532 3116 3587 divites
3144 3533 3385 3589 frustra.
3431 3533 3499 3589 Et
3527 3548 3665 3588 vero

2012 3630 2285 3696 perpetuo
2316 3622 2502 3680 oculis
2541 3622 2756 3678 nostris
2794 3621 2870 3676 ad
2919 3621 3234 3677 Dominum
3263 3621 3495 3685 erectis,
3546 3626 3665 3679 ten-

2011 3713 2223 3769 diculaa
2250 3728 2403 3786 quas
2435 3711 2706 3766 inimicus
2729 3711 2905 3782 juxta
2932 3715 3207 3765 nostrum
3244 3710 3351 3765 iter
3379 3709 3663 3782 disponit,

2011 3801 2210 3857 otiosa)
2260 3808 2316 3857 et
2364 3801 2578 3856 inertes
2625 3805 2780 3864 sunt,
2813 3804 2868 3855 et
2908 3799 3091 3869 pedes
3141 3805 3378 3855 nostros
3420 3798 3666 3856 minime

2013 3891 2211 3947 valent
2235 3890 2520 3946 cohibere.
2563 3891 2693 3961 Ipse
2724 3889 2882 3943 enim
2914 3886 3182 3944 conditor
3213 3893 3416 3944 noster
3446 3893 3502 3944 et
3530 3903 3667 3943 nos-

2014 3985 2100 4036 tra
2123 3979 2498 4036 Providentia
2520 3984 2574 4034 et
2594 3978 2688 4034 ille
2701 3993 2806 4049 per
2825 3993 3005 4050 quem
3024 3976 3282 4032 videndo
3303 3976 3664 4033 conﬁdimus

2011 4075 2067 4126 et
2102 4067 2489 4131 credidimus,
2533 4067 2751 4122 invicta
2803 4065 3142 4122 fortitudine
3189 4066 3375 4138 pedes
3427 4070 3665 4122 nostros

2009 4158 2087 4215 eb
2126 4157 2352 4213 inimici
2381 4157 2606 4212 retibus
2635 4155 2938 4211 abstrahet
2969 4160 3024 4210 et
3063 4153 3297 4210 facilem
3340 4159 3396 4208 et
3424 4169 3664 4226 aequam

2011 4253 2228 4304 nostrae
2254 4246 2460 4302 salutis
2492 4245 2649 4300 viam
2700 4243 2892 4300 faciet.
2926 4243 3240 4309 Quomodo
3271 4241 3450 4312 igitur
3473 4241 3619 4297 illud
3647 4259 3662 4297 :

287 4344 442 4418 ῥώμη
476 4344 598 4401 τούς
651 4336 820 4402 πόδας
867 4343 1012 4412 ἡμῶν
1064 4339 1118 4392 ἐκ
1166 4349 1264 4392 τῶν
1303 4349 1394 4394 τοῦ
1424 4340 1620 4415 ἐχθροῦ
1660 4338 1898 4413 παγίδων

2015 4359 2042 4391 ι(
2061 4342 2138 4394 Ne
2155 4336 2395 4392 deficiat
2409 4335 2609 4391 oleum
2625 4333 2699 4388 de
2711 4333 2902 4406 capite
2917 4337 3036 4396 tuo,
3056 4354 3082 4381 ››
3099 4332 3171 4387 sit
3188 4330 3662 4402 intelligendum,

289 4431 615 4500 ἀποσπάσει,
658 4434 745 4481 xui
792 4429 930 4481 λείαν
969 4434 1059 4482 xui
1089 4428 1286 4501 ὁμαλὴν
1317 4433 1411 4488 τὴν
1449 4427 1573 4482 ὀδόν
1621 4432 1766 4502 ἡμῶν
1805 4437 1900 4490 τῆς

2011 4426 2350 4500 expositum
2381 4429 2492 4480 est.

291 4525 554 4595 σωτηρίας
593 4519 966 4592 ἀπεργάσεται.
1027 4521 1098 4571 T6
1145 4522 1236 4590 μεν
1284 4517 1371 4571 οὖν
1428 4541 1453 4568 ι(
1503 4518 1708 4572 Ἐλαιον
1745 4528 1836 4580 τῆς
1878 4517 2100 4592 κεφαλῆς
2169 4534 2262 4569 σου
2328 4519 2400 4587 μὴ
2461 4515 2825 4588 ύστερησάτω,
2898 4532 2927 4564 ›)
2987 4514 3104 4563 τίνα
3151 4517 3388 4586 προσῆκε
3433 4510 3668 4562 νοεῖσθαι

293 4613 516 4683 τρόπον,
549 4605 585 4660 δ
591 4613 918 4682 ιηγόρευται.

365 4695 424 4749 Εἰ
455 4692 505 4748 δ’
539 4694 652 4749 ἀντὶ
681 4705 773 4750 τοῦ
807 4717 833 4747 (ι
863 4696 951 4754 Μὴ
981 4695 1346 4769 ύστερησάτω,
1382 4715 1409 4747 »
1441 4699 1500 4747 τὸ
1530 4695 1702 4767 λόγιον
1733 4695 1791 4747 οὗ
1821 4700 1892 4767 μὴ

289 4787 562 4858 ύστερήτῃ
648 4794 720 4856 τῷ
789 4787 1060 4858 γράμματι
1130 4784 1506 4857 ἀπαγγέλλοιτο
1583 4785 1900 4858 (εὑρίσκεται

287 4877 393 4947 γὰρ
447 4879 535 4926 xui
596 4877 815 4932 τοιαύτη
871 4882 970 4926 τῶν
1019 4875 1267 4948 ῥημάτων
1321 4876 1350 4932 ἡ
1411 4873 1687 4946 προφορὰ),
1749 4870 1900 4925 οὐδὲν

288 4963 496 5014 κωλύει·
543 4968 634 5015 xui
682 4964 817 5017 οὕτω
866 4966 924 5015 τὸ
967 4966 1057 5035 μεν
1102 4986 1121 5012 ι
1174 4962 1452 5017 Ἔστωσαν
1491 4966 1556 5014 τὰ
1593 4963 1774 5034 ἱμάτιά
1806 4981 1899 5014 σου

286 5051 471 5115 λευκὰ,
534 5072 562 5103 »
620 5055 686 5114 ὡς
727 5059 816 5104 xui
876 5057 1204 5125 προείρηται,
1260 5049 1516 5123 σύμϐολον
1563 5059 1662 5103 τῶν
1712 5049 1900 5126 ἀρετῶν

286 5139 650 5212 ἐκλαμϐάνειν·
702 5143 760 5193 τὸ
815 5137 874 5194 δε
943 5145 1026 5199 Μὴ
1085 5142 1348 5213 ύστερήσῃ
1400 5139 1484 5193 ἐπὶ
1540 5149 1629 5200 τῆς
1679 5140 1899 5212 κεφαλῆς

285 5231 476 5296 ἔλαιον,
538 5229 617 5281 ὃτι
668 5239 766 5281 τῶν
821 5231 1236 5303 κατορθωμάτων
1292 5232 1746 5304 περιαυγαζόντων
1808 5234 1900 5287 τὴν

283 5318 494 5390 ψυχὴν,
530 5325 618 5371 xui
660 5319 1096 5392 περιϐαλλομένης
1140 5319 1304 5381 αὐτῆς
1345 5322 1432 5370 τὸν
1479 5321 1661 5376 νοητὸν
1704 5322 1900 5390 κόσμον

282 5413 374 5461 xui
405 5413 501 5466 τὴν
532 5407 586 5470 ἐξ
624 5408 790 5460 αὐτῶν
821 5409 1187 5483 λαμπρότητα,
1234 5411 1293 5460 τὸ
1342 5407 1691 5480 πολυτίμητον
1733 5407 1900 5460 ἔλαιον

282 5502 374 5549 xui
409 5500 576 5571 μύρον
605 5498 632 5548 ὃ
671 5501 766 5554 τὴν
807 5505 899 5550 τοῦ
952 5497 1105 5570 ἁγίου
1148 5500 1437 5570 [Ινεύματος
1481 5497 1642 5570 χάριν
1673 5499 1764 5548 xui
1797 5493 1900 5549 δω-

283 5589 406 5666 ρεὰν
459 5587 839 5665 ὑπογράφεται,
891 5587 950 5640 ού
999 5592 1068 5664 μὴ
1115 5588 1381 5662 ὑστερήσῃ
1433 5581 1753 5660 καταρδεῡον
1811 5587 1896 5640 καὶ

2079 4693 2135 4751 Si
2175 4695 2377 4748 autem
2405 4705 2510 4762 pro
2550 4711 2577 4739 «
2611 4693 2690 4746 Ne
2721 4688 2958 4744 deﬁciat
2992 4708 3016 4738 ια
3060 4687 3349 4760 scriptum
3382 4687 3457 4743 sit
3481 4693 3556 4757 et,
3587 4691 3666 4743 Ne

2010 4781 2254 4838 deﬁcias
2296 4779 2612 4841 (invenitur
2659 4777 2816 4833 enim
2869 4782 2924 4832 et
2951 4775 3082 4832 talis
3126 4776 3444 4832 verborum
3477 4791 3668 4832 enun-

2010 4871 2233 4943 ciatio),
2266 4869 2410 4924 nihil
2438 4869 2653 4925 obstat.
2688 4870 2753 4923 Et
2784 4866 2866 4922 sic
2891 4865 3029 4921 illud
3063 4884 3075 4921 :
3107 4887 3134 4915 «
3173 4865 3296 4920 Sint
3325 4865 3668 4922 vestimenta

2013 4967 2110 5018 tua
2146 4960 2299 5023 alba,
2333 4980 2360 5010 ι)
2399 4964 2458 5014 ut
2489 4963 2543 5012 et
2577 4957 2797 5012 dictum
2832 4961 2943 5023 est,
2980 4955 3168 5028 accipi
3200 4955 3377 5012 debet
3402 4961 3460 5012 ut
3492 4954 3668 5011 virtu-

2012 5055 2137 5106 tum
2183 5048 2562 5121 symholum;
2595 5045 2720 5101 ilud
2760 5061 2940 5101 vero:
2973 5065 2996 5096 α
3033 5047 3111 5100 Ne
3153 5043 3397 5100 deticias
3435 5043 3567 5100 oleo
3605 5043 3666 5100 in

2011 5138 2201 5213 capite
2227 5143 2348 5199 tuo.
2382 5157 2410 5187 »
2443 5133 2699 5191 ostendit
2730 5139 2801 5204 te,
2837 5135 3009 5190 rectis
3041 5133 3470 5188 intentionibus
3501 5148 3670 5189 men-

2011 5234 2126 5284 tem
2169 5235 2335 5282 tuam
2372 5225 2560 5281 nitore
2595 5221 2976 5288 ornantibus,
3018 5226 3076 5278 et
3117 5221 3406 5294 spirituali
3450 5226 3667 5277 ornatu

2010 5317 2169 5372 illam
2189 5315 2472 5371 induente
2496 5318 2550 5368 et
2569 5311 2688 5377 illo,
2711 5311 2816 5384 qui
2835 5327 2904 5367 ex
2921 5310 3014 5366 his
3032 5309 3664 5384 sequitur,splendore,

2010 5406 2123 5461 hoc
2153 5404 2481 5476 pretiosum
2530 5401 2730 5457 oleum
2770 5406 2828 5456 et
2869 5407 3242 5471 unguentum
3281 5398 3446 5472 quod
3476 5398 3667 5454 sancti

2013 5493 2260 5565 Spiritus
2309 5492 2559 5563 gratiam
2591 5495 2648 5547 et
2685 5491 2917 5548 donum
2956 5487 3235 5545 describit
3277 5502 3399 5544 non
3427 5484 3666 5542 differre

2008 5583 2226 5640 debere
2263 5580 2431 5657 quod
2483 5585 2652 5639 tuum
2700 5586 2882 5653 caput
2927 5577 3160 5638 imbuat
3205 5581 3261 5635 et
3306 5575 3575 5646 inungat,
3605 5579 3663 5632 et
