3938 6178
429 314 534 374 339

1658 302 1898 371 Peom
1936 300 2422 372 PA'I‘RTARCHE
2448 300 2570 370 'CP.
3677 304 3772 368 sto

428 444 591 499 omni
628 456 800 498 sacra
822 448 876 497 et
904 443 1080 499 beata
1111 442 1612 515 contemplatione
1641 445 1698 498 et
1726 442 2077 514 perfectione

2199 441 2553 515 καταμυρίζον
2595 458 2688 491 σου
2741 441 2800 491 τὸ
2831 440 3159 510 ἡγεμονικόν,
3192 441 3281 487 καὶ
3310 437 3480 496 πάσης
3526 438 3657 509 ἱερᾶς
3695 444 3777 490 καὶ

428 532 693 603 impleat.
729 532 842 587 Etsi
875 532 1031 587 enim
1068 538 1244 605 caput
1277 532 1568 596 Ecclesiae,
1598 531 1655 585 id
1698 537 1787 585 est
1818 532 2085 587 fidelium

430 621 692 677 Christus
737 620 970 685 dicitur,
1001 621 1111 675 sibi
1150 628 1347 677 tamen
1400 620 1519 676 alio
1566 620 1747 676 modo
1786 636 2084 693 pauperes

429 708 737 780 conjungit
767 715 820 764 et
844 710 1047 765 datam
1073 710 1186 765 illis
1209 710 1651 781 eleemosynam
1676 710 1751 764 ad
1778 725 1842 764 se
1874 710 2046 764 refert
2070 729 2082 776 ;

434 820 453 848 ‹
473 798 641 863 Quod
657 800 813 853 enim
835 800 935 853 uni
950 815 1158 855 eorum
1172 799 1421 855 fratrum
1437 814 1708 853 meorum
1726 797 2086 853 minimarum

428 886 698 953 feceritis,
725 887 869 942 mihi
896 886 1131 951 fecistis,
1170 908 1195 937 ε
1228 890 1333 943 Per
1360 886 1755 958 praecedentia
1778 887 1960 941 verba
1988 888 2088 941 Ec-

428 975 726 1032 clesiastes
743 976 1011 1031 hortatur
1026 981 1280 1047 utcaput
1295 981 1565 1032 nostrum
1584 977 1714 1032 oleo
1734 992 1953 1047 ungere
1966 990 2086 1030 non

425 1064 833 1135 negligamus;
864 1064 1027 1137 quod
1051 1070 1138 1120 est
1156 1070 1443 1137 perpetuo
1475 1064 1925 1137 eleemosynam
1946 1080 2091 1137 pau-

428 1154 663 1226 peribus
684 1154 846 1209 dare.
878 1157 981 1209 Per
1007 1154 1135 1209 haec
1158 1154 1311 1209 enim
1336 1153 1393 1208 in
1427 1159 1695 1210 nostrum
1722 1159 1900 1225 caput
1930 1154 2089 1210 Chri-

428 1247 587 1298 stum
630 1242 1093 1297 misericordiam
1140 1241 1493 1309 inferimus;
1537 1243 1642 1297 sed
1675 1242 1801 1298 haec
1841 1241 2085 1314 quidem

428 1332 737 1388 hactenus.

2195 535 2456 603 μακαρίας
2515 528 2883 599 ἀνεαπιμπλὼν
2944 529 3160 599 Θεωρίας
3216 544 3269 577 τε
3319 530 3409 577 καὶ
3456 525 3772 588 τελειότητος.

2198 621 2254 673 Εἰ
2304 618 2362 671 δὲ
2406 624 2498 670 καὶ
2548 618 2739 689 κεφαλὴ
2785 626 2878 678 τῆς
2927 616 3257 676 Ἐκκλησίαςί
3310 619 3544 667 τουτέστι
3581 624 3673 666 τῶν
3701 635 3777 667 πι-

2197 717 2351 771 στῶν,
2400 709 2424 759 6
2480 710 2711 780 Χριστός
2752 705 2952 776 λέγεται
3000 710 3089 757 καὶ
3134 708 3458 768 πιστεύεται,
3519 704 3779 756 οἰκειοῦται

2198 796 2255 850 δὲ
2311 798 2465 849 πάλιν
2514 801 2701 869 τρόπον
2759 797 2922 868 ἕτερον
2974 798 3094 856 τοὺς
3164 799 3381 853 πένητας
3430 799 3518 844 καὶ
3574 799 3663 849 τὴν
3715 793 3779 853 εἰς

2197 888 2417 947 ἐκείνους
2468 885 2813 957 ἐλεημοσύνην
2858 885 2931 945 εἰς
2985 883 3159 935 ἑαυτὸν
3210 880 3546 953 ἀναδέχεται⁸
3603 906 3629 930 u
3685 882 3783 953 Ἐφ’

2197 978 2314 1027 ὅσον
2379 978 2481 1047 γάρ
2531 974 2807 1031 ἐποιήσατε
2867 974 2937 1025 ἐνὶ
3000 976 3193 1024 τούτων
3252 982 3350 1023 των
3412 967 3640 1042 ἀδελφῶν
3694 991 3781 1041 μου

2195 1072 2291 1115 τῶν
2323 1064 2630 1134 ἐλαχίστων,
2677 1063 2791 1134 ἐμοὶ
2840 1061 3137 1119 ἐποιήσατε.
3186 1084 3212 1109 »
3268 1063 3360 1113 Διὰ
3398 1068 3496 1112 τῶν
3536 1064 3784 1131 προκειμέ-

2197 1173 2292 1203 νων
2339 1152 2499 1223 λόγων
2553 1154 2577 1204 6
2636 1151 3059 1213 Ἐκκλησιαστὴς
3095 1158 3334 1223 παραινεῖ
3387 1154 3457 1220 μὴ
3499 1149 3785 1220 καταμελεῖν

2197 1249 2285 1293 του
2341 1239 2560 1312 ἀλείφειν
2614 1244 2759 1311 ἡμῶν
2816 1240 2970 1309 ἐλαίῳ
3026 1244 3120 1297 τὴν
3175 1238 3417 1311 κεφαληνο
3476 1239 3597 1309 ὅπερ
3663 1241 3785 1289 ἐστὶν

2197 1329 2404 1382 ἀίνναον
2456 1335 2550 1387 τὴν
2608 1329 2955 1401 ἐλεημοσύνην
3008 1335 3116 1390 τοῖς
3174 1332 3470 1398 πενομένοις
3525 1334 3782 1397 χορηγεῖν.

434 1424 527 1473 Διά
595 1423 696 1495 γὰρ
771 1420 975 1473 ἐκείνων
1041 1420 1109 1481 εἰς
1171 1425 1265 1479 τὴν
1336 1423 1480 1493 ἡμῶν
1560 1419 1782 1493 κεφαλὴν
1839 1423 1926 1471 τὸν
1977 1422 2207 1492 Χριστὸν
2282 1423 2367 1470 τόν
2421 1419 2553 1471 ἔλεον
2604 1417 2934 1493 ἀναφέρομεν’
2987 1416 3116 1468 ἀλλὰ
3166 1425 3333 1469 ταῦτα
3391 1420 3479 1488 μεν
3540 1415 3625 1466 ἐπὶ
3672 1433 3786 1466 τοσ-

436 1518 605 1563 οῦτον.

497 1599 629 1654 Scio
646 1603 847 1654 autem
868 1599 1163 1671 quosdam
1178 1599 1422 1667 dignam
1446 1598 1499 1652 in
1523 1598 1719 1653 multis
1736 1597 2077 1669 opinionem

2315 1595 2336 1612 ν
2487 1601 2497 1613 .
2725 1595 2738 1610 .
2815 1602 2822 1609 .
3029 1594 3041 1611 ,
3173 1594 3189 1609 ε
3266 1603 3286 1613 ,
3374 1597 3387 1607 .
3451 1600 3459 1609 ,
3548 1595 3562 1619 ,

2266 1595 2406 1650 Οιδα
2438 1594 2495 1649 δε
2526 1616 2668 1658 τινας
2717 1596 2981 1666 αξιολογον
3022 1614 3069 1647 εν
3106 1594 3312 1657 πολλοις
3364 1595 3630 1665 υποληψιν
3672 1613 3789 1667 παρ-

426 1692 787 1759 prmsentare
824 1704 959 1759 quse
990 1693 1280 1758 expurgat
1312 1703 1383 1741 ea
1413 1703 1548 1759 quas
1580 1703 1651 1741 ex
1685 1693 1885 1742 nostra
1913 1701 2086 1755 gene—

428 1775 655 1831 ratione
704 1777 981 1845 contagia
1014 1782 1348 1847 sequuntur
1378 1782 1432 1830 et
1463 1776 1715 1830 carnalis
1750 1774 2085 1847 cupiditatis

430 1864 633 1919 sordes
658 1886 668 1917 :
696 1863 858 1918 illam
885 1880 1022 1918 vero
1051 1864 1462 1935 puriﬁcantem
1488 1870 1543 1918 et
1566 1865 1883 1919 salutarem
1919 1879 2083 1919 reno-

430 1952 720 2008 vationem
740 1970 843 2024 per
862 1953 1255 2024 praecedentia
1272 1954 1452 2009 verba
1466 1971 1501 2009 a
1521 1954 1835 2009 Salomone
1854 1953 2086 2009 ostendi

430 2042 815 2105 contendunt,
849 2043 1069 2097 hortari
1102 2042 1259 2098 enim
1285 2042 1696 2113 prmvidenten
1733 2042 1940 2098 Christi
1980 2042 2086 2097 ad-

426 2135 669 2186 ventum
702 2136 757 2187 et
788 2131 1066 2202 mysticas
1098 2146 1202 2203 per
1222 2147 1359 2187 eum
1388 2131 1798 2203 perfectiones,
1819 2137 1883 2186 ut
1906 2132 2087 2186 homo

428 2235 648 2292 purum
687 2219 854 2275 illum
908 2227 964 2275 et
994 2219 1277 2275 nitentem
1325 2220 1576 2274 vestium
1612 2220 1987 2291 splendorem
2034 2225 2089 2275 et

428 2324 620 2380 usque
647 2309 725 2364 ad
756 2308 1021 2364 animam
1062 2309 1490 2380 pertingentem
1525 2308 1864 2364 albedinem
1898 2309 2086 2364 omni-

427 2397 541 2453 bus
562 2397 883 2462 anteferat;
910 2398 967 2452 in
997 2414 1118 2469 qua
1150 2404 1204 2453 et
1238 2406 1433 2469 caput.
1470 2398 1601 2453 oleo
1633 2398 1941 2469 inungitur
1962 2413 2089 2468 per-

428 2484 750 2540 fectissimo
784 2490 1091 2554 unguento
1121 2502 1223 2555 per
1262 2493 1539 2541 sanctum
1565 2486 1847 2557 Spiritum
1874 2503 1886 2549 ;
1915 2492 1971 2540 et
2020 2486 2089 2539 iis

430 2572 701 2627 sensibus
757 2573 980 2644 quibus
1034 2578 1245 2644 praeest
1292 2580 1468 2645 caput
1517 2591 1588 2629 ex
1639 2575 1769 2646 ipso
1814 2576 2090 2646 praebens

426 2660 873 2733 perceptionum
906 2661 1150 2716 ﬂumen.
1189 2666 1251 2717 Et
1285 2662 1401 2718 fere
1426 2669 1653 2718 caeteras
1680 2679 1854 2718 voces
1876 2679 2088 2717 omnes

426 2749 766 2821 praepositas
797 2749 1034 2806 theoriae
1062 2750 1395 2822 adaequatus
1427 2757 1556 2806 sunt
1579 2759 1633 2807 et
1658 2752 1925 2807 omnium
1950 2752 2090 2806 alia-

427 2854 561 2893 rum
584 2838 1073 2910 explanationum
1106 2839 1415 2895 familiaris
1439 2840 1669 2896 reddita
1691 2848 1781 2896 est
1810 2842 2090 2911 interpre-

2196 1690 2478 1757 εχομένους
2528 1690 2619 1743 τὴν
2672 1686 3133 1757 ἀποκαθαίρουσαν
3175 1688 3321 1755 ἡμῶν
3377 1689 3493 1745 τοὺς
3553 1684 3657 1736 ἀπὸ
3708 1692 3791 1745 τῆς

2195 1780 2436 1847 γενέσεως
2507 1776 2805 1847 μολ.υσμούς
2877 1780 2964 1827 καὶ
3044 1783 3135 1834 τῆς
3206 1774 3379 1825 ἒνύλου
3445 1776 3789 1847 προσπαθείας

2196 1868 2282 1915 τόν
2328 1866 2509 1938 ῥύπον
2562 1868 2756 1921 ταύτην
2811 1860 2870 1916 δι
2928 1868 3021 1921 τὴν
3065 1864 3353 1935 καθάρσιον
3401 1868 3490 1914 καὶ
3547 1869 3790 1936 σωτήριον

2198 1952 2534 2022 ὼαγέννησιν
2590 1949 2683 2004 διὰ
2731 1960 2829 2003 τῶν
2876 1956 3220 2025 προκειμένων
3261 1953 3507 2025 ῥημάτων
3563 1954 3665 2003 ὑπὸ
3710 1956 3791 2002 τοῦ

2197 2041 2520 2113 Σολομῶντος
2605 2039 2917 2098 δηλοῦσθαι’
2983 2047 3250 2114 παραινεῖν
3323 2043 3424 2113 γὰρ
3499 2049 3788 2115 προορῶντα

2200 2138 2431 2204 Χριστοῦ
2472 2135 2564 2188 τὴν
2620 2127 2906 2201 ἐπιδημίαν
2950 2135 3039 2181 καὶ
3087 2132 3180 2190 τὰς
3224 2132 3484 2199 μυστικὰς
3532 2126 3608 2181 δι’
3647 2128 3792 2181 αὐτοῦ

2197 2219 2401 2281 τελετὰς
2459 2223 2545 2270 τόν
2622 2221 2889 2292 ἄνθρωπον
2960 2223 3053 2277 τὴν
3129 2220 3362 2290 καθαρὰν
3440 2222 3641 2276 ταύτην
3712 2224 3791 2269 καὶ

2204 2306 2395 2379 διαυγῆ
2446 2308 2837 2380 λαμπροφορίαν
2884 2312 2971 2359 καὶ
3017 2312 3179 2379 μέχρι
3226 2307 3415 2379 ψυχῆς
3446 2306 3793 2379 έαϐαθυνομέ-

2198 2418 2287 2454 νην
2326 2397 2607 2454 λευκότητα
2648 2404 2743 2447 τῶν
2801 2396 2963 2447 ἄλλων
3021 2396 3260 2447 ἁπάντων
3317 2399 3706 2470 προαιρεῖσθαι·
3750 2395 3793 2446 ἐν

2199 2494 2228 2557 ᾖ
2280 2491 2369 2537 καὶ
2430 2488 2459 2543 ἠ
2520 2485 2710 2557 κεφαλὴ
2776 2494 2847 2554 τῷ
2917 2484 3064 2555 ἐλαίῳ
3119 2484 3438 2556 ἑπαλείφεται
3495 2494 3571 2554 τῷ
3628 2483 3797 2536 τετελε-

2202 2579 2368 2646 σμένῳ
2421 2577 2566 2646 μύρῳ
2622 2570 2715 2625 διὰ
2757 2580 2849 2625 του
2896 2574 3047 2643 ἀγίου
3102 2577 3416 2643 Πνεύματος’
3460 2578 3551 2625 καὶ
3603 2575 3669 2623 ὧν
3722 2572 3796 2621 αἰ-

2202 2666 2437 2721 σθήσεων
2496 2665 2523 2719 ἡ
2575 2662 2765 2720 κεφαλή
2826 2664 3148 2733 καθηγεῖται,
3204 2663 3256 2724 ἐξ
3317 2663 3475 2721 αὐτῆς
3527 2668 3591 2713 τό
3644 2664 3797 2735 ῥεῦμα

2199 2751 2297 2803 των
2329 2750 2645 2821 ἀντιλήψεων
2694 2758 3025 2824 χορηγοῦσα·
3078 2756 3166 2802 καὶ
3207 2755 3263 2802 τό
3302 2754 3391 2822 μὲν
3434 2758 3633 2824 μικροῦ
3676 2769 3796 2819 συμο

2200 2861 2298 2893 παν
2342 2849 2435 2893 τῶν
2483 2840 2660 2902 λέξεων
2709 2844 2820 2913 περὶ
2858 2836 3001 2891 πόδα
3046 2836 3173 2891 εἶναι
3212 2847 3273 2911 τῇ
3318 2844 3631 2911 προκειμένη
3678 2841 3799 2890 θεω-

429 2929 584 2984 tatio.
620 2928 785 2984 Unde
826 2928 1049 2983 nemini
1081 2929 1334 2985 dubium
1368 2945 1502 2984 esse
1534 2930 1724 2995 debet,
1760 2929 1905 3002 quin
1939 2930 2077 2985 bene

2199 2935 2288 3005 ρία
2335 2935 2423 2981 καὶ
2466 2938 2567 2981 τῶν
2624 2929 2787 2980 ἄλλων
2836 2937 3017 2981 πασῶν
3062 2928 3386 2991 ἀναπτύξεων
3427 2928 3797 2991 ἔξοικειοῡσθαι

428 3022 482 3073 et
508 3021 783 3073 accurate
808 3017 1247 3074 consideratum
1277 3018 1367 3072 sit.
1406 3018 1550 3073 Illud
1585 3023 1783 3074 autem
1820 3035 1832 3072 :
1867 3040 1889 3067 α
1916 3017 2089 3074 Omni

428 3110 697 3179 tempore
731 3106 1060 3163 induantur
1097 3107 1452 3162 vestimenta
1486 3108 1648 3177 alba,
1680 3113 1737 3163 et
1776 3124 2085 3180 nunquam

428 3196 666 3251 deﬁciat
696 3212 801 3267 per
831 3202 1202 3265 unguentum
1260 3198 1456 3253 unctio
1487 3198 1545 3252 in
1579 3198 1783 3268 capite,
1824 3221 1842 3247 ι
1890 3198 2089 3253 nescio

426 3285 735 3355 quomodo
767 3285 1163 3357 adimpletum
1195 3302 1326 3341 esse
1362 3286 1668 3357 probetur,
1701 3302 1838 3341 cum
1870 3286 1925 3340 id
1971 3301 2091 3343 una

425 3371 553 3426 vice
593 3376 824 3427 tantum
861 3374 1240 3429 occasionem
1269 3374 1507 3430 habeat.
1540 3375 1650 3430 Sed
1681 3374 2085 3431 hortationem

425 3459 710 3515 adhibere
737 3461 961 3515 nemini
992 3462 1095 3533 qui
1125 3466 1267 3517 tunc
1297 3463 1586 3533 temporis
1614 3467 1716 3517 aut
1738 3463 2082 3534 intelligere,

426 3553 481 3604 et
512 3549 588 3603 ad
632 3564 784 3619 opus
815 3548 1014 3604 induci
1048 3551 1258 3621 possit,
1310 3552 1510 3605 nescio
1557 3552 1870 3623 quomodo
1914 3553 2086 3607 facile

425 3651 669 3691 sensum
714 3652 935 3692 vanum
988 3637 1245 3707 abjicere
1286 3639 1530 3694 valeat?
1562 3641 1782 3695 Forsan
1834 3645 2082 3697 autem:

426 3725 598 3780 Omni
615 3730 881 3796 tempore
901 3726 1039 3781 alba
1065 3726 1411 3783 vestimenta
1435 3728 1584 3783 ferre
1610 3729 1967 3800 intelligetur
1983 3732 2083 3803 qui

426 3818 561 3885 post
573 3814 893 3885 puriﬁcans
909 3815 1198 3887 baptisma
1213 3815 1482 3871 virtutum
1497 3817 1813 3888 splendore
1828 3819 2084 3891 seipsum

423 3903 614 3968 vestit,
648 3908 703 3960 et
750 3904 914 3960 omni
958 3904 1139 3960 modo
1178 3904 1455 3977 prohibet
1500 3921 1572 3960 ne
1620 3908 1842 3977 peccati
1892 3908 2084 3978 caligo

425 3993 497 4047 ad
538 4008 601 4049 se
636 3994 897 4049 accedat.
928 3997 993 4049 Et
1036 3998 1409 4064 unguentum
1452 3994 1510 4049 in
1556 3994 1746 4066 capite
1789 4012 1898 4051 suo
1930 4014 2085 4052 nun-

423 4097 609 4153 quam
637 4081 889 4138 deﬁcere
920 4083 1088 4149 sinet,
1123 4084 1225 4155 qui
1260 4099 1494 4153 semper
1522 4100 1593 4138 ea
1626 4100 1761 4156 quas
1801 4089 1941 4139 sunt
1968 4085 2084 4157 spi-

421 4170 567 4226 ritus
607 4170 893 4241 cogitabit
929 4177 986 4226 et
1025 4186 1087 4225 se
1133 4170 1338 4240 gratias
1373 4170 1599 4227 imbuet
1624 4172 1991 4228 ﬂuminibus.
2024 4174 2082 4230 Si

422 4274 560 4316 vero
591 4264 643 4316 et
676 4259 1081 4331 propheticam
1108 4260 1363 4329 gratiam
1394 4260 1675 4316 Salomon
1716 4261 1955 4332 plenam
1984 4263 2084 4319 ha-

422 4348 627 4414 buerit,
657 4348 862 4404 divina
882 4353 939 4404 et
963 4348 1233 4404 humana
1255 4365 1624 4420 percurrens.
1660 4350 1910 4407 verbum
1939 4368 2084 4423 pra:-

422 4437 568 4492 dixit
616 4438 787 4507 cujus
836 4438 1049 4493 futuris
1090 4439 1455 4511 temporibus
1495 4454 1648 4510 opus
1686 4439 1945 4496 debebat
1982 4456 2083 4496 ex-

424 4540 689 4595 surgere.

2200 3025 2287 3077 τὴν
2328 3019 2617 3092 ἑρμηνείαν,
2662 3014 2834 3070 οὐδενὶ
2884 3015 3181 3088 δισταγμὸν
3225 3022 3297 3089 μὴ
3341 3017 3468 3088 οὐχὶ
3515 3017 3690 3077 καλῶς
3714 3020 3796 3067 καὶ

2201 3107 2270 3169 εἰς
2318 3112 2374 3160 τό
2429 3106 2801 3179 ἀκριϐέστατον
2855 3108 3206 3179 τεθεωρῆσθαι
3257 3111 3496 3180 παρέχει.
3545 3110 3619 3159 T6
3656 3103 3713 3157 δὲ
3756 3108 3796 3155 ἐν

2200 3202 2353 3249 παντὶ
2410 3204 2575 3268 καιρῷ
2629 3194 3036 3267 περιϐεϐλῆσθαι
3089 3206 3185 3245 τιῑν
3247 3198 3462 3266 ἱματίων
3510 3198 3580 3247 τά
3631 3194 3795 3257 λευκὰ,

2198 3291 2286 3337 καὶ
2330 3289 2387 3337 τὸ
2434 3290 2503 3357 μὴ
2540 3287 2876 3356 ὑστερεῖσθαι
2924 3282 3189 3355 μηδέποτε
3235 3293 3325 3344 τῆς
3375 3280 3466 3336 διὰ
3516 3292 3613 3335 τοῦ
3643 3287 3797 3356 μύρου

2198 3380 2431 3446 χρίσεως
2477 3379 2572 3431 τὴν
2629 3374 2870 3445 κεφαλὴν,
2915 3374 3006 3424 οὐκ
3043 3370 3167 3424 οἶδα
3197 3381 3306 3435 πῶς
3336 3372 3394 3423 ἂν
3427 3369 3630 3445 ῥᾳδίως
3679 3392 3798 3442 συμ-

2199 3463 2473 3520 ϐιϐασθείη
2542 3463 2682 3525 ἅπαξ
2754 3466 2945 3533 ἔχοντα
3009 3466 3188 3535 καιρὸν
3246 3461 3615 3514 ὶπιτελεῐσθαισ
3683 3461 3798 3511 ἀλλὰ

2196 3573 2285 3604 και
2340 3556 2397 3604 τό
2453 3557 2755 3625 παραίνεσιν
2810 3551 3035 3623 εἰσάγειν
3093 3548 3281 3623 μηδενὶ
3340 3560 3635 3609 τηνικαῦτα
3679 3556 3797 3622 μήτε

2199 3647 2425 3694 συνιέναι
2471 3638 2758 3713 δυναμένῳ,
2813 3646 2940 3697 μήτε
2992 3646 3093 3711 μὴν
3135 3641 3203 3702 εἰς
3252 3643 3397 3711 ἔργον
3438 3642 3581 3710 ἄγειν
3627 3639 3799 3710 ἀνεχο-

2195 3736 2343 3803 μένῳ,
2401 3731 2494 3781 οὐκ
2545 3728 2668 3782 οἶδα
2721 3738 2830 3789 πῶς
2878 3728 2935 3779 ἂν
2997 3729 3049 3780 ἐκ
3103 3738 3192 3782 τοῦ
3240 3731 3436 3803 ῥᾴστου
3476 3734 3534 3781 τό
3584 3733 3799 3801 μάταιον

2196 3819 2666 3872 ἀποσκευάσασθαι
2716 3814 3119 3875 κατευοδωθειη.
3171 3820 3329 3889 Τάχα
3369 3816 3418 3870 δ’
3469 3821 3532 3870 οἰν
3564 3818 3612 3868 ἐν
3654 3822 3801 3870 παντὶ

2194 3918 2359 3983 καιρῷ
2417 3916 2587 3982 φορεῖν
2638 3909 2793 3959 λευκὰ
2851 3910 3059 3965 νοηθείη
3124 3910 3149 3958 6
3218 3911 3347 3979 μετὰ
3404 3911 3459 3959 τό
3512 3910 3797 3983 καθάρσιον

2196 3997 2476 4070 βάπτισμα
2532 4005 2594 4069 τῇ
2664 3997 2991 4069 λαμπρότητι
3046 4006 3145 4047 τῶν
3206 3995 3397 4069 ἀρετῶν
3455 3996 3793 4071 περιστέλλων

2195 4087 2396 4153 ἑαυτὸν,
2438 4092 2525 4138 καὶ
2592 4091 2677 4137 τόν
2728 4096 2821 4147 τῆς
2873 4086 3133 4158 ἁμαρτίας
3188 4087 3345 4157 ζόφον
3397 4086 3659 4146 παντελῶς
3709 4086 3796 4135 ἀπ-

2194 4174 2411 4227 ελαύνων
2463 4175 2771 4235 πλησιάζειν
2814 4175 2998 4247 ἑαυτῷ.
3049 4175 3109 4226 Ὀ
3157 4178 3255 4247 γὰρ
3291 4183 3524 4237 τοιοῦτος
3568 4176 3617 4226 ἐν
3648 4181 3791 4225 παντὶ

2193 4273 2356 4335 καιρῷ
2400 4264 2769 4336 λαμπροφορεί’
2818 4270 2906 4315 καὶ
2950 4267 3008 4315 τὸ
3058 4272 3221 4335 μῦρον
3262 4260 3321 4316 δὲ
3357 4266 3381 4314 6
3431 4273 3666 4325 τοιοῦτος
3719 4263 3795 4313 ἐπὶ

2192 4361 2284 4414 τῆς
2355 4353 2574 4423 κεφαλῆς
2643 4356 2719 4410 εἴη
2776 4354 2835 4404 ἄν
2890 4358 2961 4424 μὴ
3020 4355 3408 4425 ὑστερούμενος,
3465 4351 3543 4405 ἀεὶ
3606 4361 3795 4426 φρονῶν

2192 4445 2257 4493 τὰ
2303 4449 2393 4494 τοῦ
2442 4446 2730 4512 πνεύματος
2775 4446 2863 4493 καὶ
2915 4450 3011 4503 τῆς
3050 4440 3234 4494 ἐκεῖθεν
3284 4444 3503 4516 χάριτος
3537 4436 3797 4514 καταρδό-

2191 4550 2339 4602 μενος
2382 4538 2487 4590 τοῖς
2524 4532 2767 4605 ῥείθροις.
2820 4531 2875 4583 ΕΞ
2907 4528 2966 4583 δε
2996 4534 3085 4581 καὶ
3134 4534 3192 4582 τὸ
3222 4534 3543 4603 προφητικὸν
3579 4532 3603 4581 6
3652 4529 3791 4582 Σολο-

423 4618 530 4685 μὼν
554 4611 667 4685 εἶχε
692 4619 941 4689 χάρισμα
968 4616 1427 4691 συμπληρούμενον
1458 4619 1525 4669 τὰ
1558 4618 1670 4669 θεῖα
1699 4623 1787 4669 καὶ
1815 4621 1881 4671 τὰ
1910 4618 2207 4695 ἀνθρώπινα
2230 4616 2453 4684 διεξιὼν,
2488 4623 2573 4669 τὸν
2600 4620 2749 4690 λόγον
2776 4627 3014 4691 προεῖπεν
3046 4619 3105 4670 οὗ
3131 4626 3343 4692 χρόνοις
3372 4620 3590 4694 ὕστερον
3628 4617 3792 4691 ἔμελλε

426 4706 483 4753 τὸ
506 4705 657 4776 ἔργον
688 4702 957 4758 ἕκϐαίνειν.

799 4810 1109 4873 QUESTIO
1150 4813 1298 4867 XLV.
1346 4811 1453 4885 [αι.
1502 4813 1703 4884 xum

422 4912 593 4968 Illud
627 4929 637 4967 :
672 4934 698 4963 «
734 4919 879 4988 Qua"
912 4920 1222 4988 esgtrgmater
1251 4933 1377 4973 mea
1412 4923 1464 4973 et
1494 4918 1596 4988 qui
1630 4920 1856 4987 fratres
1887 4920 2017 4983 mei,
2057 4944 2075 4969 ι

494 4984 780 5055 quomodo
825 4986 1281 5056 intelligendum
1324 4996 1404 5043 est
1434 4990 1461 5042 ἵ
1495 4984 1669 5043 inulti
1719 4993 1873 5045 enim
1912 4991 1975 5045 id
2020 4991 2080 5046 in

492 5056 773 5113 scandali
801 5057 1161 5113 occasionem
1203 5066 1549 5127 posuerunt.

2754 4821 3068 4867 ΕΡΩΤΗΣΙΣ
3108 4814 3236 4869 ME'.

2191 4924 2281 4985 Τὸν
2343 4944 2367 4969 α
2427 4928 2513 4981 Τίς
2566 4922 2704 4973 ἐστιν
2763 4925 2791 4979 ἡ
2834 4930 3007 4996 μήτηρ
3060 4941 3157 4993 μου
3211 4926 3299 4973 καὶ
3352 4926 3480 4981 τίνες
3509 4924 3555 4973 οἱ
3582 4916 3791 4990 ἀδελφοί

2263 5011 2383 5061 μου,
2418 5016 2442 5041 ››
2478 5002 2583 5054 πῶς
2623 4998 2860 5058 νοητέον;
2901 4993 3077 5045 πολλοὶ
3102 4997 3197 5066 γὰρ
3228 4993 3354 5044 αὐτὸ
3387 4998 3787 5067 προσκόμματος

2263 5065 2426 5115 ἔθεντο
2457 5070 2718 5136 πρόφασιν

1141 5165 1294 5215 Edita
1322 5180 1353 5215 a
1382 5167 1535 5221 Maio,
1565 5167 1597 5214 l.
1634 5180 1699 5221 c.,
1739 5182 1789 5230 p.
1820 5168 1978 5215 30-35.
2014 5168 2327 5231 Explanatio
2364 5170 2645 5218 verborum
2675 5171 2833 5219 Marc.
2871 5185 2944 5227 ιη,
2971 5173 3051 5223 33.

492 5259 644 5317 Nihil
665 5259 908 5325 mirum,
926 5260 1040 5316 siis
1068 5262 1171 5335 qui
1192 5269 1385 5320 mente
1411 5263 1681 5320 inﬁrmus
1702 5271 1791 5320 est
1814 5264 2075 5321 offendat

2260 5264 2424 5319 Οὐδὲν
2496 5270 2795 5340 θαυμαστόν
2854 5270 2913 5318 οἶν
2971 5270 2995 5319 6
3054 5274 3146 5327 την
3207 5276 3415 5341 γνωμην
3474 5269 3789 5342 ἀστήρικτος

1988 5389 2224 5449 ΝΟΤᾸΞ.

490 5508 580 5591 (1)-
611 5508 1011 5591 Quaestionem
1038 5511 1211 5591 hanc
1254 5512 1566 5591 edisserit._
1604 5513 1887 5591 sed_aliis
1948 5515 2300 5590 plerumque
2346 5516 2559 5581 verbis,
2605 5517 2851 5574 Photius
2906 5518 3085 5574 etiam
3126 5518 3187 5573 in
3226 5518 3478 5591 epistola
3522 5520 3635 5577 t32.
3681 5516 3779 5571 ed.

424 5582 749 5642 Montacut.
776 5597 963 5659 quam
995 5583 1151 5651 vide,
1182 5584 1339 5642 infra
1367 5585 1612 5657 quanio
1640 5586 1787 5640 CCV.
