4126 6190
425 282 533 343 343

1658 276 1895 335 PHOTII
1934 274 2406 334 PATRIARCHIE
2443 274 2533 329 CP
2546 320 2559 332 .

3699 266 3808 323 344

427 407 960 483 promptitudinem
986 407 1401 479 statuens,ipse
1416 405 1561 461 illud
1572 404 1805 477 primus
1819 403 2076 475 insequi-

2186 404 2300 461 τοὺς
2351 399 2501 472 ἐμούς
2538 401 2722 470 νόμους
2760 402 2851 449 καὶ
2898 399 2986 448 τόν
3037 398 3172 448 θεῖον
3234 393 3401 464 ἔρωτά
3452 388 3547 446 διὰ
3606 394 3801 453 παντὸς

425 504 539 563 tur,
556 504 611 554 et
626 503 908 554 maternae
925 497 1255 554 necessitati
1270 501 1326 552 et
1340 495 1544 564 gratia:
1558 493 1899 549 auditorum
1914 491 2081 545 insti-

425 588 702 644 tutionem
721 587 1097 658 prmfertd'ere
1111 582 1834 650 dicens:Quemadmodum
1849 597 1959 652 ego
1974 596 2079 634 vos

422 677 645 732 docens
661 681 715 731 et
728 681 979 732 vestram
998 676 1251 731 salutem
1269 676 1952 746 procurans,maternam
1969 668 2080 723 sol-

421 765 812 833 licitudinem,
838 765 1171 821 secundum
1207 763 1338 827 feci,
1360 762 1613 817 salutem
1638 764 1894 816 vestram
1921 763 2081 813 ante-

424 870 677 926 ponens,
695 854 777 909 ita
800 858 1030 926 oportet
1046 868 1400 908 vosomnem
1418 866 1523 922 per
1539 848 1775 904 vincula
1797 862 2081 918 corporea

420 944 837 1016 procedentem
894 942 1166 998 habitum
1218 946 1274 996 et
1324 945 1551 995 naturae
1601 935 2077 993 convenientiam

423 1048 534 1103 pro
550 1035 743 1087 vestra
756 1033 942 1085 salute
959 1036 1012 1086 et
1028 1034 1368 1085 nostrarum
1387 1026 1795 1083 doctrinarum
1810 1030 1864 1079 et
1878 1024 2079 1092 legum

423 1120 695 1177 custodia
711 1123 767 1175 et
778 1118 1190 1174 observatione
1204 1133 1401 1173 comm
1412 1120 1596 1171 utare.
1619 1114 1838 1170 Eadem
1854 1111 2081 1167 ratione

423 1214 480 1265 et
510 1209 557 1265 ei
586 1208 688 1282 qui
714 1208 912 1280 ipsum
938 1208 1188 1275 rogabat
1212 1211 1276 1261 ut
1302 1206 1375 1260 ad
1408 1203 1817 1276 sepeliendum
1848 1205 2079 1273 patrem

422 1296 632 1361 abiret,
678 1312 797 1351 non
827 1296 1159 1361 concessit;
1194 1310 1316 1350 non
1351 1290 1773 1349 contemnendi
1814 1293 2077 1351 matrem,

421 1385 595 1450 absit,
621 1389 676 1440 et
702 1385 1026 1456 praesertim
1059 1384 1243 1456 piam,
1280 1398 1477 1454 neque
1511 1380 1698 1452 patris
1727 1378 2080 1448 dignitatem

421 1474 761 1545 negligendi
787 1478 842 1529 et
872 1474 1004 1545 ejus
1034 1471 1395 1528 desiderium
1426 1469 1645 1541 injuria
1675 1466 2080 1541 prosequendi

422 1563 796 1621 occasionem
823 1563 1132 1634 praebens;
1169 1562 1272 1615 sed
1306 1558 1659 1615 omnimodo
1689 1573 1797 1611 nos
1832 1556 2080 1611 hortans

422 1658 487 1709 ut
501 1652 868 1725 spiritualem
890 1650 1140 1706 salutem
1169 1664 1470 1720 corporea:
1485 1645 1649 1702 omni
1675 1644 2078 1714 conjunctioni

421 1748 475 1796 et
506 1739 880 1812 dispositioni
920 1738 1344 1793 anteferamus.
1382 1739 1511 1791 Haec
1557 1734 1801 1790 forsitan
1829 1732 2077 1824 aliquis,
2114 1771 2157 1824 B

424 1834 487 1884 ut
524 1829 745 1884 dictum
773 1832 883 1893 est,
908 1834 1161 1883 matrem
1194 1830 1412 1897 putans
1441 1840 1504 1879 se
1532 1821 1938 1895 praerogativis
1976 1822 2079 1876 ho-

423 1918 587 1974 noris
614 1934 734 1973 non
768 1918 1017 1988 privare,
1050 1916 1153 1971 sed
1184 1916 1235 1970 ei
1268 1915 1325 1970 in
1358 1914 1569 1969 eodem
1599 1913 1789 1982 gradu
1822 1927 2076 1976 servare,

422 2007 718 2062 disserere
749 2011 1064 2061 conaretur
1105 2004 1309 2059 matris
1340 2008 1395 2058 et
1424 1992 1875 2057 convenientem
1904 2016 2080 2055 vene-

422 2096 713 2151 rationem
739 2100 795 2149 et
821 2093 1207 2150 reverentiam
1248 2098 1437 2147 tuens.
1488 2095 1759 2145 Attamen
1786 2090 1915 2145 haec
1960 2090 2077 2147 col-

419 2183 559 2239 latio
605 2183 851 2238 modum
887 2182 1133 2255 quidem
1171 2180 1412 2252 exponit
1457 2195 1581 2253 quo
1621 2179 1698 2234 ad
1739 2177 2078 2233 inferiorem

421 2271 695 2328 ordinem
724 2270 1056 2334 descendit,
1086 2284 1206 2324 non
1232 2275 1431 2324 autem
1460 2284 1589 2322 eam
1620 2266 1698 2321 ab
1723 2265 1968 2321 honoris
1994 2264 2079 2319 di-

422 2359 746 2416 minutione
772 2360 1003 2414 liberat.

2190 489 2531 542 ἀπολαύουσι.
2572 490 2778 547 Ταύτης
2819 483 2877 537 δὲ
2915 493 3013 546 τῆς
3051 483 3260 543 ἐντολῆς
3294 485 3353 533 τό
3400 482 3527 557 ῥᾷον
3583 487 3676 533 καὶ
3722 482 3809 533 εύ-

2188 581 2514 653 κατόρθωτον
2567 578 2831 628 καθιστῶν
2884 576 2909 625 6
2958 578 3159 646 Σωτὴρ,
3212 572 3366 632 αὐτὸς
3418 574 3617 629 ταύτην
3682 590 3805 641 μετ-

2190 672 2401 741 έρχεται
2453 674 2651 740 πρῶτος
2694 669 2785 716 καὶ
2841 664 2909 724 εἰς
2946 666 3064 723 τοὺς
3118 661 3380 734 ἀκροατὰς
3439 657 3802 712 διδασκαλίαν

2190 764 2280 816 τῆς
2336 763 2598 827 μητρικῆς
2651 757 2917 826 προκρίνει
2972 756 3159 825 χρείας
3200 754 3289 801 καὶ
3328 750 3576 821 χάριτος,
3624 768 3808 820 μονον-

2191 850 2318 917 ουχὶ
2364 843 2522 914 λέγων
2581 844 2661 895 ὅτι
2712 843 2946 913 καθάπερ
2996 840 3097 910 ἐγὼ
3161 836 3437 892 διδάσκων
3493 840 3653 911 ὑμᾶς,
3711 840 3805 888 καὶ

2190 939 2306 1007 περὶ
2336 938 2428 991 την
2476 934 2619 1004 ὑμῶν
2668 935 2930 1004 σωτηρίαν
2972 928 3363 1001 ἀσχολούμενος
3395 932 3490 986 τὴν
3532 931 3801 999 μητρικήν

2191 1022 2375 1093 ἐθέμην
2429 1019 2673 1093 δευτέραν
2724 1022 3018 1094 θεραπείαν,
3077 1022 3172 1076 τήν
3215 1019 3465 1089 ὑμετέραν
3535 1020 3803 1090 σωτηρίαν

2188 1112 2540 1184 προελόμενος,
2599 1110 2733 1162 οὕτω
2789 1113 2899 1180 χρὴ
2955 1110 3091 1179 ὑμᾶς
3144 1106 3358 1167 ἁπάσης
3409 1113 3501 1166 τῆς
3555 1102 3651 1157 διὰ
3704 1113 3802 1156 τῶν

2192 1206 2501 1271 σωματικῶν
2542 1195 2750 1269 δεσμῶν
2804 1198 3091 1269 προϊούσης
3144 1198 3383 1266 σχέσεώς
3432 1213 3484 1245 τε
3530 1198 3624 1244 καὶ
3669 1212 3803 1264 συμ-

2189 1291 2407 1349 παθείας
2461 1293 2548 1345 τὴν
2588 1289 2729 1359 ὑμῶν
2787 1286 2955 1337 αὐτῶν
3010 1289 3271 1357 σωτηρίαν
3326 1282 3794 1343 ἀνταλλάττεσθαι,

2190 1382 2275 1428 καὶ
2333 1385 2432 1428 τῶν
2481 1375 2611 1448 ἐμῶν
2659 1371 3003 1446 διδαγμάτων
3060 1377 3151 1424 καὶ
3202 1377 3372 1444 νόμων
3410 1376 3503 1429 τήν
3556 1370 3792 1442 φυλακὴν

2190 1470 2277 1517 καὶ
2309 1469 2652 1539 συντήρησιν.
2684 1465 2857 1535 Ταύτῃ
2916 1481 2997 1514 τοι
3034 1467 3126 1513 καὶ
3181 1464 3267 1512 τὸν
3318 1460 3668 1532 αἰτησάμενον
3701 1458 3797 1511 ἀπ-

2190 1554 2348 1606 ελθεῖν
2394 1552 2477 1604 ἐπὶ
2525 1556 2580 1605 τό
2636 1551 2803 1622 θάψαι
2850 1554 2936 1603 τόν
2979 1554 3203 1623 Πατέρα,
3265 1549 3359 1602 ούκ
3389 1549 3661 1622 ἐπέτρεψεν
3690 1569 3702 1581 ·
3738 1548 3799 1600 ού

2188 1650 2523 1714 καταφρονεῖν
2572 1648 2784 1713 μητρὸς,
2816 1646 2887 1713 μή
2928 1660 2979 1691 τι
3031 1644 3234 1711 γένοιτο
3282 1643 3370 1691 καὶ
3417 1638 3651 1710 μάλιστα
3708 1645 3801 1698 τῆς

2190 1734 2359 1793 όσίας,
2390 1726 2513 1782 ούδέ
2564 1737 2655 1781 τοῦ
2686 1732 2883 1803 πατρὸς
2927 1728 3258 1802 ἐξαργεῖσθαι
3317 1731 3410 1785 τὴν
3471 1730 3663 1799 σχέσιν
3708 1732 3800 1779 καὶ

2190 1826 2274 1873 τόν
2316 1822 2474 1873 πόθον
2514 1818 2795 1891 ἐνυϐρίζειν
2852 1817 3089 1889 ἀφορμὰς
3147 1813 3357 1880 διδοὺς,
3420 1815 3547 1868 ἀλλά
3596 1836 3797 1868 παντα-

2188 1917 2293 1983 χοῦ
2340 1917 2603 1981 παραινῶν
2641 1912 2733 1965 τὴν
2791 1906 3035 1978 ψυχικὴν
3066 1911 3358 1981 προκρίνειν
3400 1910 3668 1979 σωτηρίαν
3699 1914 3796 1967 τῆς

2191 2006 2497 2071 σωματικῆς
2552 1997 2760 2057 ἀπάσης
2830 2001 2919 2048 καὶ
2993 2000 3269 2067 συναφείας
3336 1999 3424 2046 καὶ
3489 1992 3794 2060 διαθέσεως,

2187 2096 2365 2141 Ταῦτα
2394 2090 2483 2159 μεν
2522 2082 2609 2137 οὖν
2652 2089 2781 2145 ἴσως
2812 2087 2872 2137 ἄν
2916 2105 3015 2149 τις,
3049 2087 3223 2157 ὥσπερ
3271 2087 3495 2157 εἴρηται,
3529 2080 3702 2136 δοκῶν
3725 2092 3789 2155 τῇ

2187 2182 2349 2249 μητρὶ
2376 2184 2476 2227 τῶν
2506 2179 2793 2247 προνομίων
2832 2182 2923 2233 τῆς
2970 2182 3129 2245 τιμῆς
3171 2173 3265 2224 ούκ
3318 2172 3642 2244 ἀποστερεῖν,
3680 2171 3789 2223 ἀλλ’

2190 2265 2237 2317 ἐν
2273 2272 2344 2334 τῷ
2377 2268 2476 2335 ῖσῳ
2504 2270 2792 2335 συντηρεῖν,
2829 2259 3027 2314 διέλθοι
3054 2266 3544 2333 πραγματευόμενος
3572 2266 3663 2313 καὶ
3695 2266 3789 2319 τήν

2187 2358 2559 2426 προσήκουσαν
2605 2348 2740 2403 αἰδῶ
2783 2348 3161 2413 συνδιασώζων
3207 2355 3297 2401 καὶ
3340 2349 3740 2422 σεϐασμιότητα
3768 2364 3783 2378 '

421 2454 512 2500 καί
535 2468 614 2500 τοι
649 2451 706 2500 τὸ
735 2456 829 2509 τῆς
863 2452 1188 2519 συγκρίσεως
1217 2448 1304 2497 τὸν
1329 2448 1517 2518 τρόπον
1548 2447 1636 2516 μὲν
1678 2444 1940 2515 ἐρμηνεύει
1970 2442 2083 2495 καθ’
2116 2442 2170 2495 ὃν
2212 2446 2340 2514 πρός
2365 2448 2459 2499 τὴν
2490 2440 2679 2493 ἐλάττω
2718 2440 2863 2503 τάξιν
2903 2438 3094 2496 κατέϐη
3129 2443 3185 2491 τό
3235 2443 3658 2513 συγκρινόμενον,
3689 2439 3786 2491 ούκ

425 2536 736 2588 ἀπαλλάττει
769 2533 802 2588 δ
807 2540 827 2588 's
860 2545 948 2595 τῆς
979 2534 1323 2596 ἐλαττώσεως.

493 2661 624 2716 Scio
645 2660 946 2733 quosdam
984 2659 1296 2714 beatorum
1330 2660 1574 2714 Patrum
1600 2673 1754 2729 quos
1786 2657 1845 2711 in
1877 2656 2074 2711 multis

421 2765 578 2822 saepe
607 2749 833 2804 mirans
864 2753 917 2805 et
962 2747 1302 2814 admittens,
1348 2763 1465 2802 non
1498 2747 1594 2801 hic
1644 2746 1771 2818 pari
1819 2746 2077 2801 benevo-

420 2838 600 2893 lentia
638 2837 901 2903 mirarer,
934 2836 1036 2910 qui
1070 2836 1268 2908 impiae
1301 2835 1602 2907 opinionis
1632 2834 2077 2907 improbatione

420 2927 479 2983 in
510 2927 681 2982 talem
732 2942 968 2981 sensum
1006 2925 1462 2981 descenderunt.
1499 2928 1645 2981 Cum
1690 2930 1879 2980 mater
1916 2925 2073 2992 Jesu,

417 3015 637 3089 aliquid
668 3015 1005 3071 humanum
1038 3019 1280 3086 experta
1308 3014 1381 3069 de
1414 3029 1523 3069 suo
1555 3013 1675 3068 ﬁlio
1708 3029 1768 3068 se
1806 3013 2074 3084 jactaret,

418 3104 597 3159 libere
628 3110 824 3159 autem
853 3104 1016 3176 loqui
1064 3108 1375 3176 quaereret,
1409 3106 1465 3158 et
1487 3101 1689 3158 laetitia
1714 3101 2081 3156 diffundere-

418 3197 529 3261 tur,
557 3209 626 3249 eo
662 3192 826 3266 quod
856 3193 988 3249 talis
1024 3192 1124 3246 ﬁlii
1158 3197 1347 3248 mater
1374 3197 1553 3258 esset,
1580 3197 1636 3247 et
1671 3196 1912 3263 propter
1946 3190 2078 3255 hoc,

415 3280 663 3337 docente
704 3282 843 3347 tilio,
895 3281 1233 3347 accederet;
1286 3285 1341 3337 et
1370 3285 1431 3336 ut
1478 3280 1751 3343 decebat,
1804 3279 2081 3335 doctrina

416 3368 669 3439 gloriam
701 3369 813 3424 sibi
852 3369 972 3424 tilio
1011 3370 1355 3443 acquirente
1396 3368 1832 3438 congloriﬁcari
1883 3368 2077 3441 ipsam

417 3462 472 3513 et
495 3457 844 3530 ejuslaudis
878 3458 1233 3530 participem
1267 3458 1388 3513 ﬁeri
1421 3463 1682 3529 cuperet,
1714 3457 1849 3513 ideo
1884 3458 2081 3514 Salva-

414 3552 505 3603 tor
533 3546 637 3619 qui
663 3551 717 3601 et
743 3546 890 3601 alios
918 3547 995 3602 ab
1037 3546 1218 3602 animi
1268 3545 1697 3617 etnpiditatibus
1740 3545 1993 3601 mundat
2025 3551 2082 3601 et

413 3635 629 3692 talibus
653 3640 901 3692 matrem
918 3635 1364 3690 infirmitatibus
1380 3636 1605 3707 eripere
1638 3634 2078 3707 volebat,quasi

412 3724 842 3797 vituperatione
864 3724 1101 3796 plenam
1117 3724 1314 3779 emisit
1336 3740 1564 3789 vocem,
1601 3724 1807 3779 dicens
1838 3740 1849 3777 :
1879 3743 1907 3776 ‹
1936 3726 2077 3789 Quae

412 3817 501 3870 est
543 3816 731 3868 mater
763 3829 915 3877 mea,
947 3818 1003 3869 et
1045 3813 1150 3886 qui
1192 3819 1330 3869 sunt
1369 3813 1572 3868 fratres
1617 3812 1781 3868 mei?
1824 3836 1850 3863 ››
1887 3814 1995 3869 Sed
2032 3813 2079 3868 si

412 3901 491 3957 illi
519 3900 742 3974 quibus
780 3917 853 3957 ea
881 3901 1072 3956 dicere
1103 3901 1163 3956 in
1209 3906 1467 3957 mentem
1499 3901 1661 3957 venit
1700 3906 1755 3957 et
1793 3920 1827 3956 a
1857 3901 2076 3974 quibus

413 3990 613 4062 reipsa
635 3989 793 4046 dicta
820 3995 975 4056 sunt,
1004 3994 1339 4046 contextum
1370 3989 1629 4045 examini
1661 3989 2074 4061 subjecissent,

415 4078 980 4137 animadvertissent
1020 4083 1271 4134 matrem
1303 4079 1448 4134 nihil
1478 4079 1595 4135 tale
1627 4078 1937 4135 ostendere
1970 4096 2076 4134 nec

415 4167 744 4240 superbum
772 4184 887 4240 prae
920 4184 981 4223 se
1010 4167 1280 4223 animum
1305 4183 1527 4237 gerere.
1565 4171 1687 4223 Non
1722 4168 1902 4233 enim,
1932 4168 2076 4222 Filio

414 4257 684 4322 docente,
701 4256 833 4328 ipsa
855 4256 1065 4312 nuntia
1080 4256 1541 4323 advenit,necin
1561 4256 1828 4312 medium
1856 4262 2071 4312 caelum

416 4346 760 4418 supervenit
793 4364 806 4411 ;
839 4362 1033 4418 neque
1065 4345 1332 4401 docentis
1373 4361 1709 4400 sermonem
1736 4345 2071 4417 interrupit,

2257 2652 2397 2708 Οἶδα
2450 2651 2508 2708 δέ
2550 2674 2689 2713 τινας
2731 2662 2827 2704 τῶν
2876 2658 3140 2727 μακαρίων
3178 2656 3322 2725 ἡμῶν
3380 2657 3642 2726 Πατέρων,
3696 2655 3787 2716 οὓς

2185 2744 2233 2797 ἐν
2302 2744 2508 2805 πολλοῖς
2566 2742 2811 2803 πολλάκις
2872 2744 3148 2815 θαυμάσας
3221 2746 3311 2794 καὶ
3378 2739 3788 2814 ἀποδεχόμενος,

2186 2834 2279 2887 ούκ
2306 2833 2364 2885 ἂν
2413 2833 2459 2885 ἐν
2490 2836 2652 2904 ταύτῃ
2708 2841 2769 2904 τῇ
2820 2838 2998 2903 γνωμῃ
3044 2832 3379 2903 θαυμάσαιμι
3428 2831 3506 2884 ἐπ’
3541 2832 3785 2890 ἀθετήσει

2187 2931 2282 2984 τῆς
2352 2919 2641 2982 δυσσεϐοῦς
2708 2917 2870 2983 δόξης
2926 2921 2997 2982 εἰς
3061 2923 3308 2979 τοιαύτην
3374 2920 3794 2983 καταϐεϐηκότας

2189 3010 2423 3063 διάνοιαν
2458 3029 2469 3039 ·
2523 3013 2588 3072 ως
2620 3008 2823 3081 ἐπείπερ
2874 3010 2902 3068 ἠ
2951 3015 3133 3081 Μήτηρ
3188 3018 3279 3061 τοῦ
3319 3012 3499 3067 Ἰησοῦ
3528 3009 3788 3082 ἀνθρωπι-

2188 3106 2269 3153 νόν
2308 3121 2359 3152 τι
2406 3102 2649 3151 παθοῦσα
2702 3100 3065 3171 ἐπεσεμνύνετο
3109 3102 3197 3170 μεν
3248 3108 3319 3169 τῷ
3372 3096 3554 3167 Παιδί,
3615 3099 3790 3160 ἐζήτει

2189 3187 2248 3241 δὲ
2299 3187 2770 3263 παρῥησιασθῆναι
2801 3192 2890 3239 καὶ
2944 3184 3271 3259 διαχυθῆναι
3311 3197 3381 3259 τῷ
3414 3187 3789 3261 ἀγαλλιάματι,

2187 3280 2267 3330 ὅτι
2314 3278 2622 3334 τηλικούτου
2677 3274 2873 3337 Παιδὸς
2916 3276 3241 3348 ἐχρημάτισε
3280 3282 3494 3351 Μήτηρ,
3550 3284 3639 3331 καὶ
3697 3276 3793 3331 διὰ

2186 3374 2338 3419 τοῦτο
2387 3371 2607 3441 προσῄει
2658 3363 3006 3427 διδάσκοντος
3061 3374 3152 3418 τοῦ
3200 3369 3361 3418 Υἱοῦ*
3392 3373 3481 3419 καὶ
3534 3371 3602 3429 ὡς
3657 3368 3791 3429 εἰκὸς

2185 3464 2247 3528 τῇ
2306 3452 2633 3527 διδασκαλίᾳ
2682 3452 3033 3527 δοξαζομένου
3085 3452 3512 3518 συνδοξασθῆναι
3563 3462 3649 3509 καὶ
3704 3462 3793 3510 τὸν

2186 3548 2388 3598 ἔπαινον
2422 3546 2852 3619 συμμερίσασθαι
2906 3561 2917 3571 '
2969 3540 3055 3595 διὸ
3104 3549 3193 3596 καὶ
3234 3549 3409 3617 Σωτὴρ
3456 3550 3544 3598 καὶ
3589 3548 3613 3597 6
3669 3551 3791 3609 τούς

2186 3633 2369 3696 ἀλλους
2416 3632 2782 3705 ἀποκαθαίρων
2836 3642 2933 3685 τῶν
2991 3632 3238 3704 ψυχικῶν
3292 3635 3471 3686 παθῶν
3536 3640 3624 3687 καὶ
3696 3641 3791 3694 τήν

2184 3728 2397 3796 Μητέρα
2460 3731 2556 3774 τῶν
2613 3724 2858 3774 τοιούτων
2932 3721 3268 3774 ἀπαλλάττειν
3346 3723 3498 3775 θελων
3566 3724 3793 3777 ἐλαττω-

2183 3815 2379 3885 μάτων,
2440 3812 2582 3874 τάξιν
2627 3811 2973 3883 ἐπιτιμήσεως
3041 3814 3338 3883 ἐπέχουσαν
3380 3811 3543 3884 ἀφῆκε
3582 3819 3675 3871 τὴν
3710 3814 3788 3867 λέ·

2182 3921 2380 3973 γουσαν
2408 3906 2577 3974 φωνήν
2629 3920 2641 3932 ο
2690 3921 2712 3951 «ι
2746 3905 2833 3960 Τίς
2883 3899 3020 3951 ἐστιν
3051 3902 3081 3957 ἡ
3118 3905 3303 3975 Μήτηρ
3351 3921 3474 3972 μου,
3523 3908 3612 3955 καὶ
3662 3908 3791 3964 τίνες

2183 3993 2231 4043 οὶ
2281 3986 2495 4062 ἀδελφοί
2552 4007 2695 4061 μου;
2734 4011 2759 4037 η
2807 3988 2939 4040 Ἀλλ’
2982 3990 3053 4049 οἷς
3106 3994 3195 4061 μὲν
3245 3990 3462 4049 ἐπῆλθεν
3512 3999 3681 4043 ταῦτα
3720 3996 3790 4043 ει-

2182 4086 2312 4144 πεῖν,
2366 4083 2454 4130 καί
2497 4098 2556 4150 γε
2590 4082 2791 4152 εἴρηται
2833 4080 2861 4135 ἡ
2912 4073 2969 4129 δὲ
3024 4086 3113 4139 τῆς
3162 4077 3472 4141 ἀκολουθίας
3525 4081 3788 4144 συνεξέτομ

2185 4188 2287 4231 σις,
2316 4177 2517 4240 πρῶτον
2558 4171 2645 4239 μὲν
2679 4168 2783 4239 οὐχ
2828 4169 2925 4240 ὁρᾷ
2966 4172 3059 4225 τὴν
3115 4172 3330 4240 Μητέρα
3368 4166 3519 4221 οὐδὲν
3550 4179 3782 4222 τοιοῦτον

2182 4254 2604 4329 ἐπιδεικνυμένην
2681 4253 2804 4307 οὐδὲ
2881 4256 3102 4329 σοϐαρὸν
3191 4260 3446 4331 φέρουσαν
3524 4264 3783 4333 φρόνημα,

2183 4343 2323 4399 Οὐδὲ
2360 4349 2460 4417 γὰρ
2503 4342 2625 4398 οὐδὲ
2665 4341 3012 4405 διδάσκοντος
3061 4345 3443 4417 αύτεπάγγελος
3492 4346 3787 4420 ἐπεχωρία-

419 4449 613 4508 neque
642 4434 979 4507 quidquam
1026 4436 1212 4491 altum
1253 4439 1353 4489 aut
1386 4433 1713 4507 superbum
1756 4434 1939 4500 dixit;
1968 4435 2072 4490 sed

2186 4455 2287 4501 σεν,
2332 4432 2445 4487 οὐδ’
2500 4436 2569 4494 εἰς
2610 4438 2665 4485 τό
2715 4438 2871 4506 μέσον
2921 4433 3132 4493 ἐπῆλθεν
3189 4443 3278 4487 τοῦ
3346 4435 3615 4507 συλλόγου,
3661 4435 3786 4491 οὐδὲ

418 4523 561 4580 foris
592 4524 860 4579 modeste
891 4530 1075 4590 stans,
1110 4540 1285 4579 suam
1319 4524 1694 4595 praesentiam
1727 4528 1959 4579 tantum
1991 4523 2071 4577 si-

420 4611 743 4682 gniﬁcavit,
784 4627 976 4685 neque
1003 4612 1179 4669 etiam
1206 4612 1412 4677 verbo,
1445 4611 1548 4667 sed
1575 4626 1683 4666 suo
1714 4617 1977 4683 aspectu,
2015 4617 2074 4667 ut

414 4700 585 4773 signo
614 4704 673 4755 ut
702 4700 761 4754 id
792 4700 1171 4757 annuntiaret
1210 4716 1321 4755 usa
1350 4704 1457 4756 est.
1504 4700 1819 4766 Quomodo
1862 4700 1921 4755 id
1954 4700 2073 4770 glo-

416 4789 569 4846 riam
598 4788 916 4844 ambientis
939 4794 1109 4856 esset,
1142 4789 1228 4844 vel
1256 4789 1699 4845 venerationem
1730 4788 2069 4861 quaerentis,

420 4882 477 4933 et
512 4893 582 4932 ex
624 4877 727 4932 ﬁlii
772 4877 1182 4946 magnitudine
1231 4878 1627 4949 superbiam?
1670 4877 1821 4943 Quid
1873 4885 2072 4934 autem

420 4965 583 5022 aliud
605 4966 818 5035 egisset
838 4982 1065 5030 servus,
1088 4983 1267 5040 quem
1291 4983 1399 5022 sua
1420 4966 1745 5021 necessitas
1766 4966 2075 5023 invitasset

419 5054 479 5109 id
502 5055 579 5111 ad
609 5054 922 5110 Dominum
952 5054 1255 5111 clamitare
1279 5055 1306 5109 ?
1334 5058 1483 5125 Ergo
1506 5071 1623 5111 non
1654 5055 2072 5126 eratobjurga-

420 5143 502 5199 tio
519 5142 662 5198 illud
675 5146 812 5198 Jesu
834 5143 1040 5200 Christi
1064 5145 1141 5199 ad
1162 5150 1413 5201 matrem
1438 5145 1710 5209 verbum,
1730 5161 1838 5200 nec
1857 5144 2074 5218 aliquis

419 5232 638 5288 modus
667 5231 961 5288 defectum
995 5249 1099 5305 per
1130 5234 1624 5306 vituperationem
1662 5234 2072 5301 inclamandi;

419 5336 541 5378 non
555 5321 714 5377 enim
733 5326 860 5377 erat
878 5321 997 5377 ullo
1016 5323 1197 5378 modo
1212 5323 1510 5378 delictum.
1534 5324 1647 5379 Sed
1671 5323 1834 5398 quod
1847 5322 2073 5379 dictum

421 5413 527 5475 est,
558 5409 870 5466 Judaicam
900 5410 1178 5483 repressit
1217 5411 1570 5469 irrisionem.
1601 5413 1744 5469 Male
1775 5411 2075 5485 dispositis

421 5498 582 5561 enim
612 5504 667 5555 et
701 5498 947 5571 ingratis
976 5500 1193 5556 Iudaeis
1231 5515 1390 5556 nunc
1423 5516 1528 5577 per
1559 5500 1925 5557 calumniam
1955 5501 2078 5559 Sal-

2182 4528 2267 4576 τὸν
2304 4520 2685 4576 διδάσκαλικὸν
2722 4523 2869 4594 λόγον
2913 4522 3235 4595 περιέκοψεν,
3282 4521 3396 4576 οὐδ’
3446 4520 3581 4578 εἶπεν
3632 4524 3784 4580 οὐδὲν

2183 4612 2379 4683 ὑψηλόν
2428 4613 2456 4670 ἦ
2516 4612 2870 4684 μεγάλαυχον,
2933 4611 3036 4663 ἀλλ’
3092 4612 3185 4675 ἔξω
3236 4613 3564 4677 πανευλαϐῶς
3625 4616 3778 4668 ἱστα-

2183 4706 2306 4775 μένη
2355 4706 2442 4759 τήν
2488 4706 2780 4775 παρουσίαν
2838 4706 2989 4773 μόνον
3040 4700 3310 4773 ἐμήνυσεν,
3370 4704 3399 4761 ἡ
3445 4701 3570 4757 ούδὶ
3626 4714 3779 4758 τοῦτο

2181 4789 2316 4861 λόγῳ
2364 4789 2632 4862 ἐμήνυσεν,
2715 4788 2821 4841 ἀλλ’
2907 4789 3243 4861 ἀπαγγέλλειν
3321 4791 3616 4865 ἐφιλοσόφει
3686 4800 3778 4853 τὴν

2186 4880 2299 4930 θέαν
2353 4882 2410 4930 τὸ
2450 4884 2664 4950 μήνυμα
2697 4896 2708 4907 ·
2744 4878 2769 4930 ὃ
2812 4887 2919 4939 πῶς
2970 4876 3028 4929 ἀν
3075 4879 3540 4953 φιλουτιμονμένης
3577 4886 3632 4935 τὸ
3693 4880 3779 4936 δο·

2184 4966 2454 5034 ξάςεσθαι,
2487 4976 2593 5029 πῶς
2643 4965 2702 5019 δὲ
2744 4968 3007 5029 ζητούσης
3059 4972 3401 5039 σεμνύνεσθαι
3448 4976 3537 5023 καὶ
3594 4980 3656 5044 τῇ
3692 4982 3783 5025 τοῦ

2182 5058 2299 5107 υἱοῦ
2325 5055 2738 5127 ἐπιγαυροῦσθαι
2768 5056 3129 5128 μεγαλείοτητι
3165 5074 3179 5122 ς
3208 5063 3259 5109 τί
3296 5054 3347 5110 δ’
3379 5057 3438 5109 ἀν
3475 5060 3642 5133 ἕτερον
3692 5067 3784 5112 καὶ

2186 5146 2417 5220 θεράπων
2448 5146 2632 5220 ἔπραξε
2668 5151 2854 5219 χρείας
2908 5145 3061 5197 αύτὸν
3110 5146 3195 5199 ἐπὶ
3239 5150 3324 5199 τόν
3369 5151 3556 5221 Κύριον
3614 5169 3781 5224 παρα-

2182 5236 2422 5306 γενέσθαι
2464 5234 2725 5295 καλούσης
2755 5253 2767 5301 ;
2801 5238 2984 5287 οὔκουν
3033 5234 3126 5287 οῦκ
3176 5232 3235 5294 ἧν
3284 5237 3588 5310 ἐπιτίμησις
3635 5240 3661 5291 ό
3703 5239 3785 5291 λό-

2182 5343 2269 5395 γος
2299 5331 2389 5376 τοῦ
2421 5324 2598 5381 Ἰησοῦ
2628 5331 2689 5396 τῇ
2738 5329 2937 5396 Μητρὶ,
2985 5320 3109 5377 οὐδέ
3151 5344 3226 5386 τις
3264 5330 3453 5400 τρόπος
3495 5327 3780 5380 ἀνακαλού-

2184 5431 2330 5485 μενος
2377 5409 2470 5465 διὰ
2510 5413 2752 5485 μέμψεως
2800 5416 2857 5465 τὸ
2907 5412 3192 5485 ἐλάττωμα.
3253 5414 3328 5467 Ού
3377 5417 3475 5490 γὰρ
3529 5412 3589 5474 ἦν
3634 5415 3784 5469 ἐλάτ-

2184 5506 2333 5576 τωμα
2421 5498 2679 5577 οὐδαμοῦ,
2754 5499 2882 5554 ἀλλὰ
2965 5498 3254 5556 Ἰουδαϊκὸν
3342 5502 3647 5581 ἐπεστόμιζε
3719 5511 3779 5560 τὸ
