3938 6178
206 175 309 244 345

1235 172 1330 244 At)
1371 169 1920 246 AMPHILOCHIUM
1960 175 2288 256 QUIESTIO
2327 177 2487 248 XLV.

3461 186 3568 253 346

205 315 467 388 εἰρημένον
538 313 853 388 χλεύασμα·
912 323 1012 366 τῶν
1075 317 1176 389 γὰρ
1234 313 1539 385 κακοχόλων
1595 333 1650 366 τε
1710 319 1789 367 καί

1963 315 2135 372 atoris
2167 320 2224 372 et
2247 316 2629 373 insolentiam
2657 316 2997 374 dicentibus
3027 334 3040 373 ε
3073 340 3102 370 α
3135 309 3340 378 Nonne
3363 322 3459 378 hic
3487 328 3576 380 est

202 402 510 477 ἀγνωμόνων
558 401 828 456 Ἰουδαίων
880 411 969 455 νῦν
1023 403 1269 474 λεγόντων
1318 402 1401 455 ἐπὶ
1447 400 1664 475 διαϐολῇ
1715 409 1805 455 καὶ

199 493 338 566 ὕϐρει
389 499 648 566 Σωτῆρος,
694 493 816 564 Οὐχ
864 493 1009 552 οὗτός
1059 492 1198 544 ἐστιν
1245 500 1337 544 τού
1376 497 1600 552 τέκτονος
1647 495 1800 558 υἰός;

195 590 277 633 νῦν
308 579 371 634 δὲ
400 583 509 654 οὐχ
539 584 569 640 ἠ
608 588 784 653 μήτηρ
827 582 987 634 αὐτοῦ
1017 587 1102 634 καὶ
1135 584 1186 634 οὶ
1216 578 1430 653 ἀδελφοὶ
1468 583 1589 657 παρ’
1637 584 1760 654 ἡμῖν
1787 599 1800 649 ;

198 677 292 724 Καὶ
318 671 476 722 πάλιν
507 691 520 703 ο
554 691 578 720 ε
601 678 792 723 Τοῦτον
825 668 884 723 δὲ
910 668 1123 741 οῖδαμεν
1147 673 1301 722 πόθεν
1333 670 1494 724 ἐστίν.
1526 690 1556 723 ›)
1583 669 1804 723 Ἔπειτα

193 764 276 812 καὶ
315 765 436 812 τότε
467 756 818 822 διδάσκοντος
858 765 947 812 καὶ
975 764 1068 818 τὴν
1097 759 1338 831 ψυχικὴν
1385 764 1648 833 σωτηρίαν
1697 760 1802 812 εἰσ-

196 853 511 922 ηγουμένου,
562 859 635 920 τῷ
683 851 870 907 πλήθει
913 846 1210 922 διεφθόνουν
1251 868 1303 901 τε
1349 853 1440 901 καὶ
1488 846 1801 901 διεϐάσκαι-

193 959 267 990 νον
305 943 404 992 καὶ
455 942 588 1010 πρός
617 935 868 1000 διαϐολὰς
899 937 1228 1010 ἀνεφλέγοντο
1268 953 1280 965 ·
1324 937 1418 989 οὐκ
1452 934 1509 996 ὃν
1559 934 1618 990 δὲ
1642 942 1802 1011 πόρος

193 1028 310 1088 ὅλως
373 1025 630 1088 διαϐολξς
687 1027 773 1078 ἐπὶ
826 1033 914 1086 τὴν
971 1029 1166 1086 συνήθη
1226 1023 1496 1100 λοιδορίαν
1546 1027 1774 1096 καταφεύ

187 1137 362 1188 γουσι,
415 1121 508 1169 καὶ
552 1121 648 1175 τὴν
702 1120 903 1190 μητέρα
949 1116 1102 1168 πάλιν
1146 1121 1236 1168 καὶ
1274 1120 1396 1177 τοὺς
1441 1111 1691 1186 ἀδελφούς
1729 1113 1801 1174 εἰς

185 1206 347 1277 ψόγον
409 1211 502 1258 καὶ
562 1205 879 1278 ἐξουθένημα
933 1206 1336 1279 προκομίζουσι,
1397 1209 1682 1276 μονονουχὶ
1724 1202 1801 1255 λέ-

183 1312 371 1366 γοντεςε
419 1301 550 1347 Τίνα
605 1291 918 1361 διδάσκεις;
963 1299 1080 1346 τίνα
1144 1290 1203 1347 δὲ
1271 1296 1464 1346 σαυτόν
1529 1293 1796 1364 κομίζεις;

185 1384 324 1455 οὐχὶ
354 1388 606 1456 γυναικὸς
635 1389 858 1444 πένητος
889 1385 1150 1459 ὑπάρχεις
1178 1386 1291 1446 υἱός
1314 1402 1327 1449 ;
1350 1388 1440 1435 καὶ
1468 1385 1517 1434 οἱ
1546 1379 1800 1454 ἀδελφούς

186 1492 272 1525 σου
303 1471 466 1526 οὐδὲν
515 1470 878 1547 διαφέρουσιν,
917 1474 984 1524 ὧν
1033 1475 1058 1525 ὁ
1108 1471 1229 1545 βίος
1273 1471 1367 1525 διὰ
1395 1480 1627 1546 χειρῶν;
1658 1468 1797 1522 Ἰδού

181 1563 318 1615 οὗτοι
353 1563 651 1621 ἑστήκασιν
682 1563 777 1625 ἔξω
809 1563 1087 1624 ζητοῦντές
1114 1581 1171 1615 σε
1195 1580 1206 1592 ·
1231 1564 1291 1614 ἔα
1310 1566 1368 1613 τό
1410 1558 1685 1613 διδάσκειν
1707 1565 1796 1611 καὶ

1916 403 2066 460 fabri
2107 404 2261 460 ﬁlius
2309 407 2358 441 ⁸ο
2387 406 2415 462 ‘I
2443 427 2470 454 »
2505 409 2668 462 Nunc
2699 423 2858 473 vero,
2888 423 3087 464 nonne
3134 415 3323 466 mater
3351 411 3479 482 ejus
3518 418 3576 468 et

1913 491 2121 548 fratres
2163 494 2327 565 apud
2375 494 2540 550 nos?
2579 497 2644 550 Et
2684 511 2919 552 rursum
2967 513 2980 551 :
3039 520 3059 545 ‹
3112 500 3276 552 Hunc
3321 498 3570 567 scimus,

1914 582 2071 636 unde
2093 590 2180 637 est
2211 585 2276 638 ⁶¹,
2310 602 2337 630 ››
2354 583 2576 638 Deinde
2601 589 2656 639 et
2681 590 2818 640 tunc
2845 585 3092 640 docente
3117 592 3174 640 et
3200 586 3569 654 spiritualem

1912 669 2163 726 salutem
2185 670 2487 736 afferente,
2523 672 2884 727 multitudini
2918 673 3268 732 invidebant
3293 680 3350 732 et
3395 677 3571 734 male-

1911 758 2028 814 voli
2042 766 2228 828 erant,
2248 765 2303 815 et
2319 761 2392 815 ad
2410 761 2772 816 calumniam
2788 763 3100 819 ardebant.
3119 763 3174 820 Si
3189 769 3385 822 autem
3403 766 3576 823 abes-

1911 853 2002 903 set
2019 849 2335 904 calumniae
2352 849 2622 914 locus,ad
2641 851 2843 906 solitas
2862 853 3285 922 confugiebant
3299 854 3568 926 injurias,

1909 943 1965 993 et
2006 944 2255 994 matrem
2286 955 2525 993 rursum
2557 939 2618 994 in
2662 939 3020 1011 vituperium
3065 949 3121 997 et
3159 949 3570 1016 contemptum

1910 1026 2315 1089 adducebant,
2347 1026 2608 1083 dicentes
2640 1027 2757 1084 fere
2787 1045 2799 1084 :
2836 1048 2866 1080 α
2900 1029 3051 1094 Quid
3091 1030 3274 1086 doces
3321 1033 3350 1088 ?
3380 1034 3568 1098 Quem

1911 1115 2166 1186 teipsum
2216 1115 2410 1170 facis?
2483 1137 2508 1166 ι
2579 1119 2784 1171 Nonne
2854 1132 2917 1171 es
2976 1118 3241 1174 mulieris
3309 1137 3572 1192 pauper-

1909 1205 2058 1260 culaa
2080 1204 2286 1260 ﬁlius?
2328 1209 2386 1260 Et
2429 1206 2639 1262 fratres
2668 1206 2753 1261 tui
2798 1207 2942 1262 nihil
2970 1208 3273 1275 differunt,
3305 1227 3567 1282 quorum

1911 1293 2030 1350 vita
2078 1310 2182 1365 per
2228 1309 2443 1349 manus
2492 1311 2632 1350 suas
2678 1300 3058 1352 sustentatur.
3095 1300 3236 1353 Ecce
3268 1298 3362 1354 isti
3408 1305 3568 1357 stant

1910 1381 2050 1436 foris
2076 1389 2410 1454 quaerentes
2437 1387 2510 1437 te.
2535 1383 2747 1438 Omitte
2774 1383 2989 1439 docere
3015 1389 3074 1440 et
3099 1386 3176 1442 ad
3208 1388 3564 1457 consangui-

1909 1485 2054 1525 neos
2083 1471 2254 1534 vade,
2283 1471 2559 1526 eamdem
2603 1488 2671 1527 ac
2703 1472 2782 1526 illi
2815 1472 2948 1528 vitae
2978 1474 3270 1531 rationem
3314 1476 3561 1542 habens,

1911 1558 2016 1612 sed
2049 1575 2167 1613 non
2196 1559 2273 1614 ad
2304 1560 2558 1615 docendi
2593 1576 2913 1630 assurgens
2939 1561 3312 1632 dignitatem.

181 1657 299 1726 πρὸς
351 1656 479 1715 τούς
533 1659 799 1724 συγγενεῖς
830 1651 1110 1726 ἀπότρεχε,
1167 1656 1260 1710 τὴν
1310 1650 1516 1710 ἐκείνοις
1563 1653 1685 1707 ἴσην
1728 1651 1915 1721 μετιὼν
1954 1647 2236 1713 πολιτείαν,
2282 1647 2410 1700 ἀλλά
2455 1653 2527 1721 μὴ
2579 1652 2709 1723 πρὸς
2753 1654 2810 1702 τό
2849 1647 3232 1704 διδασκαλικὸν
3273 1653 3560 1706 ἀναϐαίνων

183 1741 413 1815 ἀξίωμα,

243 1832 416 1885 Ταῦτ’
461 1828 552 1883 οὖν
600 1830 818 1902 ἐκείνων,
865 1833 932 1892 ὡς
980 1832 1112 1896 ἑθος,
1163 1834 1578 1904 πονηρευομένων
1619 1829 1643 1880 ό
1693 1836 1791 1880 Σω-
1826 1827 1870 1882 Β

179 1925 268 1994 rip
322 1921 615 1982 ἀντιτιθεὶς
666 1925 755 1972 καὶ
799 1919 1149 1990 ἀντεπεξάγων
1200 1927 1259 1991 τῇ
1317 1920 1651 1991 μακροθυμίᾳ
1701 1921 1791 1969 καὶ

176 2015 461 2084 πραότητι,
502 2017 784 2076 Τοσοῦτον,
828 2014 1004 2082 φησὶν,
1037 2008 1222 2080 ἀπίχω
1252 2016 1342 2060 τού
1374 2007 1790 2079 ἐπαισχύνεσθαι

176 2104 336 2173 μητρὶ
389 2105 481 2151 καὶ
526 2106 632 2159 τοῖς
687 2095 950 2169 ἀδελφοῖς,
998 2100 1078 2149 ὃτι
1134 2097 1191 2150 ού
1246 2102 1398 2168 μόνον
1436 2096 1497 2154 ἢν
1550 2098 1580 2154 ἠ
1636 2100 1791 2168 φύσις

177 2186 370 2242 ἔδωκεν
401 2193 496 2241 καὶ
539 2188 626 2248 οὓς
671 2187 739 2247 εἰς
767 2191 910 2258 γένος
961 2188 990 2244 ἡ
1033 2185 1293 2256 ύπόληψις
1341 2187 1478 2238 εθιτο
1521 2185 1615 2237 ούκ
1666 2183 1790 2236 ἀπο-

179 2284 495 2354 στρέφομαι,
528 2273 653 2329 οὐδὲ
694 2277 956 2347 αἰσχύνην
994 2278 1225 2347 ἡγοῦμαι
1264 2272 1388 2327 ούδὲ
1417 2271 1634 2343 ὄνειδος,
1663 2272 1790 2325 ἀλλά

176 2374 258 2420 καὶ
307 2371 536 2427 τούτους
572 2366 806 2426 ἅπαντας
855 2365 944 2426 οὓς
973 2366 1123 2436 ὁρᾶτε
1160 2374 1258 2416 τῶν
1306 2366 1450 2437 ἱερῶν
1498 2363 1660 2433 λόγων
1705 2364 1790 2414 ὄν-

175 2477 257 2517 τας
314 2459 596 2530 σωτηρίων
645 2454 920 2527 ἀκροατὰς,
976 2459 1066 2506 καὶ
1115 2457 1339 2528 πατέρας
1394 2458 1482 2505 καὶ
1533 2448 1787 2524 ἀδελφοὺς

177 2547 263 2600 οὐκ
338 2545 554 2608 ἀπαξιῶ
629 2543 1020 2615 κατονομάζειν,
1077 2543 1136 2595 τό
1182 2545 1434 2617 πατρικὸν
1491 2547 1642 2614 μόνον
1711 2543 1788 2593 θέ-

177 2636 320 2708 λημα
349 2641 656 2699 ποιοῦντας,
688 2631 784 2685 κᾶν
827 2637 959 2705 μήτε
999 2639 1061 2704 τῇ
1104 2635 1276 2704 φύσει,
1309 2635 1439 2704 μήτε
1482 2639 1542 2702 τῇ
1589 2630 1784 2688 ύπολήο

175 2725 259 2796 ψει
307 2725 405 2785 τὰς
459 2724 729 2796 εἰρημένας
772 2720 1144 2794 φιλοστόργους
1189 2724 1401 2792 σχέσεις
1441 2722 1611 2791 ἔχωσι
1643 2717 1780 2790 βοη-

179 2817 452 2887 θουμένας.
487 2817 580 2875 Τίς
614 2808 702 2864 οὖν
750 2810 892 2863 ἔστιν
934 2811 965 2868 ἡ
1012 2814 1184 2883 μήτηρ
1227 2828 1326 2882 μου
1373 2815 1463 2860 καὶ
1514 2811 1544 2866 ἠ
1586 2805 1781 2879 ἀδελφή

178 2923 272 2975 μου
302 2923 316 2966 ;
349 2907 402 2956 τί
449 2921 544 2974 μοι
598 2903 692 2962 τὰς
746 2899 952 2960 κλήσεις
997 2901 1190 2960 ταύτας
1229 2899 1300 2960 εἰς
1342 2897 1490 2970 ὕϐριν
1527 2902 1617 2950 καὶ
1655 2901 1782 2950 ὄνει-

179 2990 266 3053 δος
320 2991 736 3064 μεταπλάττεις;
765 2987 862 3060 ἐγὼ
913 2996 1160 3041 τοσοῦτον
1210 2987 1623 3059 ἐπαισχύνεσθαι
1667 2988 1787 3039 τού-

178 3100 280 3141 τοις
312 3077 600 3144 διέστηκα,
633 3084 769 3131 ὥστε
797 3083 885 3130 καὶ
923 3081 1040 3140 τοὺς
1085 3076 1360 3138 ἀληθινοὺς
1403 3078 1642 3148 μαθητὰς
1670 3083 1786 3136 ταῖς

178 3170 263 3227 κλά
281 3189 396 3222 ne:
464 3171 687 3230 ταύταις
752 3171 838 3219 καὶ
916 3171 1167 3238 σχέσεσιν
1229 3164 1433 3238 ἐμαυτῷ
1511 3167 1786 3218 συνάπτειν
1825 3186 1864 3240 C

180 3258 515 3331 προειλόμην.
563 3262 664 3309 Καὶ
709 3259 852 3309 ἔστιν
896 3255 1122 3308 ἐντεῦθεν
1167 3259 1387 3327 συνορᾷν
1431 3256 1498 3316 ὡς
1547 3253 1605 3306 ού
1635 3258 1785 3326 μόνον

182 3345 327 3400 ούσῖςδ
394 3346 795 3419 ἀγνωμοσύνης,
855 3341 978 3396 ούδε
1028 3346 1366 3417 παροράσεως
1414 3351 1672 3417 μητρικῆς
1721 3345 1787 3394 τὰ

183 3441 598 3509 προενηνεγμένα
645 3435 861 3507 ῥήματα
913 3435 999 3497 ἧν,
1067 3432 1195 3485 ἀλλά
1245 3437 1335 3484 καὶ
1390 3436 1485 3490 τὴν
1532 3435 1786 3503 μεγίστην

184 3525 306 3598 αὐτῇ
354 3532 449 3577 καὶ
503 3528 806 3599 πρέπουσαν
852 3522 1338 3594 συγκατασκευάζει
1382 3526 1559 3594 τιμήν,
1597 3527 1790 3572 Τοσοῦ-

182 3633 265 3666 τον
299 3618 403 3689 γὰρ
460 3613 594 3686 αὐτῇ
640 3616 735 3672 τὴν
783 3610 1174 3684 σεϐασμιότητα
1213 3615 1302 3662 καὶ
1347 3613 1404 3662 τὸ
1452 3613 1609 3684 γέρας
1657 3609 1788 3661 ἀπο-

182 3707 314 3775 νέμει
337 3708 432 3755 καὶ
478 3707 534 3755 τὸ
562 3698 771 3754 δίκαίον
811 3709 904 3762 τῆς
931 3709 1174 3775 στοργῆς,
1207 3701 1342 3752 ὥστε
1383 3703 1472 3750 καὶ
1502 3702 1623 3760 τούς
1653 3696 1784 3750 ἐκτε-

182 3789 387 3852 λοῦντας
448 3795 509 3842 τό
580 3793 833 3865 πατρικὸν
907 3789 1123 3858 θέλημα,
1199 3794 1290 3840 καὶ
1348 3791 1478 3863 πρὸς
1537 3794 1786 3839 τοσοῦτον

184 3878 499 3951 ἐπαρθέντας
536 3879 666 3950 ὕψος
709 3879 916 3952 ἀρετῆς,
972 3880 1038 3940 ὡς
1091 3879 1164 3940 εἰς
1209 3882 1344 3950 μίγα
1391 3895 1442 3928 τι
1487 3872 1647 3938 δόξης
1697 3878 1787 3926 καὶ

183 3966 462 4040 ἐξαίρετον,
518 3968 590 4030 εἰς
639 3972 734 4026 τὴν
789 3972 1049 4041 μητρικην
1098 3972 1287 4040 σχίσιν
1330 3971 1420 4018 καὶ
1453 3965 1638 4022 κλῆσιν
1673 3966 1788 4016 τού·

184 4074 296 4118 τους
344 4057 580 4129 ἀνάγειν,
623 4054 695 4109 δι’
750 4059 811 4115 ἠν
858 4061 948 4108 καὶ
1006 4057 1036 4114 ἠ
1083 4065 1182 4108 τῶν
1222 4051 1454 4127 ἀδελφῶν
1500 4061 1588 4104 νῦν
1629 4060 1786 4124 τιμῆς

185 4145 426 4200 ἀπολαύει
479 4153 850 4221 προσηγορίαο
891 4154 992 4199 ποῦ
1063 4149 1164 4220 γὰρ
1243 4146 1303 4204 ἢν
1359 4145 1569 4216 ἔκρινεν,
1646 4146 1784 4214 εἰπερ

183 4235 387 4308 ἔκρινεν,
446 4235 906 4298 ἀποσκευάζεσθαι
950 4240 1163 4307 σχέσιν,
1212 4242 1315 4286 πού
1360 4232 1409 4286 δ’
1460 4232 1520 4284 ἂν
1567 4231 1629 4290 ἣν
1679 4227 1784 4283 ἐδι-

182 4330 347 4390 καίου,
408 4330 553 4400 εἰπερ
612 4322 873 4396 ἐδικαίου,
934 4325 1374 4398 παραγράφεσθαι
1420 4321 1625 4386 κλῆσιν,
1663 4323 1784 4372 ταύ-

183 4433 274 4471 την
300 4417 369 4478 ὣς
414 4412 681 4490 κορωνίδα
707 4419 800 4467 καὶ
843 4413 1116 4486 κεφάλαιον
1159 4422 1258 4465 τῶν
1291 4411 1495 4484 ἀγαθῶν
1538 4417 1644 4468 τοῖς
1684 4418 1785 4462 τῶν

185 4503 406 4574 οὖρωῶν
448 4502 722 4575 βασιλείας
765 4503 1105 4578 κληρονόμοις
1152 4501 1405 4572 ἐπιφέρειν
1443 4518 1498 4551 τε
1549 4504 1638 4550 καὶ
1677 4517 1784 4569 χα-
1815 4531 1859 4584 D

185 4595 421 4665 ρίζεσθαι
488 4599 672 4667 χώραν
759 4591 942 4665 εἶχεν;
985 4592 1392 4665 Ἐμφανέστατον
1464 4586 1551 4640 οὖν
1633 4585 1780 4660 οἶμαι

184 4685 318 4734 καθά
358 4689 445 4736 καὶ
492 4687 800 4758 προείρηται
846 4685 1069 4752 γέγονεν,
1110 4684 1179 4743 ὡς
1222 4679 1281 4732 ού
1311 4683 1464 4752 μόνον
1503 4677 1596 4730 ούκ
1638 4679 1778 4729 ἔστιν

185 4769 308 4824 ούδὶ
335 4773 405 4835 εἰς
435 4771 581 4847 ὗϐριν
610 4780 706 4833 τῆς
731 4777 994 4844 μητρικῆς
1020 4778 1258 4845 στοργῆς,
1283 4774 1372 4821 καὶ
1402 4764 1585 4828 αἰδοῦς
1611 4770 1668 4818 τὸ
1698 4770 1779 4826 τίς

1973 1826 2077 1882 llla
2133 1826 2311 1897 igitur
2363 1827 2466 1891 eis,
2517 1834 2580 1883 ut
2637 1827 2874 1895 solebat,
2924 1830 3197 1902 improbe
3248 1832 3563 1902 agentibus

1900 1915 2175 1972 Salvator
2195 1933 2532 1988 opponens,
2560 1935 2629 1974 ac
2661 1934 2764 1974 eos
2797 1920 3089 1990 patienter
3117 1921 3296 1977 simul
3315 1927 3372 1978 et
3397 1937 3564 1978 man-

1901 2011 2063 2059 suete
2087 2005 2418 2060 reducens:
2443 2007 2945 2080 Tantum,inquit,
2975 2010 3143 2065 abest
3175 2018 3238 2065 ut
3267 2011 3342 2066 de
3373 2016 3561 2066 matre

1899 2098 1955 2148 et
1997 2093 2280 2150 fratribus
2320 2095 2690 2160 erubescam,
2725 2100 2787 2150 ut
2815 2113 2935 2153 non
2983 2100 3161 2153 modo
3196 2115 3329 2155 eam
3373 2115 3560 2172 quam

1898 2182 2060 2237 dedit
2087 2188 2320 2252 natura,
2350 2189 2406 2238 et
2433 2199 2534 2239 eos
2565 2199 2722 2256 quos
2749 2185 2807 2240 in
2837 2200 3050 2254 genere
3083 2203 3218 2242 mea
3247 2187 3558 2260 conceptio

1898 2270 2098 2343 posuit
2127 2287 2246 2328 non
2277 2271 2541 2342 rejiciam
2573 2288 2763 2344 neque
2792 2274 3173 2345 opprobrium
3201 2281 3301 2332 aut
3327 2277 3560 2349 vitupe-

1898 2361 2050 2415 rium
2074 2360 2316 2424 ducam,
2345 2361 2448 2416 sed
2474 2367 2526 2417 et
2549 2377 2652 2416 eos
2678 2377 2832 2434 quos
2860 2363 3065 2419 videtis
3097 2380 3416 2421 sacrorum
3440 2381 3556 2421 ser-

1899 2465 2137 2505 monum
2161 2449 2458 2505 auditores
2488 2457 2543 2507 et
2572 2455 2772 2522 patres
2797 2456 2853 2506 et
2879 2452 3086 2508 fratres
3113 2469 3233 2508 non
3264 2454 3556 2524 dedigner

1897 2539 2230 2604 nominare,
2251 2545 2560 2611 paternam
2579 2540 2941 2597 voluntatem
2955 2541 3286 2598 dummodo
3313 2543 3551 2615 faciant,

1897 2627 2172 2698 quamvis
2190 2644 2382 2700 neque
2403 2635 2617 2686 natura
2629 2644 2824 2699 neque
2839 2630 3229 2703 conceptione
3244 2631 3557 2703 prae-dictos

1895 2715 2118 2771 amoris
2149 2716 2380 2772 habitus
2426 2717 2665 2788 adjutos
2691 2718 2970 2774 habeant.
3007 2738 3034 2769 ‹‹
3080 2727 3221 2785 Quae
3253 2727 3340 2776 est
3377 2720 3556 2790 igitur

1897 2809 2086 2860 mater
2111 2821 2242 2861 mea
2267 2811 2324 2861 et
2352 2822 2520 2861 soror
2551 2823 2684 2862 mea
2711 2805 2738 2859 ’ἒ
2761 2828 2785 2858 ι
2809 2807 2961 2872 Quid
2991 2808 3135 2863 mihi
3157 2809 3268 2864 has
3296 2809 3554 2881 appella-

1896 2892 2082 2948 tiones
2108 2893 2170 2948 in
2199 2895 2595 2966 opprobrium
2628 2902 2684 2951 et
2728 2895 2809 2966 inj
2823 2896 3014 2951 uriam
3047 2896 3223 2967 ﬁngis
3253 2898 3282 2952 ‘I
3305 2900 3550 2953 Tantum

1895 2981 2064 3038 abest
2095 2990 2153 3038 ut
2203 2983 2316 3037 illis
2340 2983 2706 3048 erubescam,
2743 2989 2803 3039 ut
2865 3001 3037 3040 veros
3067 2985 3391 3056 discipulos
3424 2985 3551 3041 istis

1896 3071 2399 3143 appellationibus
2423 3075 2479 3127 et
2508 3071 2812 3128 habilibus
2856 3072 3004 3128 mihi
3036 3074 3401 3144 conjungere
3439 3081 3552 3130 sta-

1896 3159 2127 3216 tuerim.
2173 3163 2232 3216 Et
2261 3160 2400 3215 inde
2440 3160 2636 3216 videre
2665 3165 2756 3216 est
2793 3159 2940 3216 nihil
2978 3160 3195 3232 ingrati
3229 3162 3417 3218 animi
3449 3168 3554 3219 aut

1893 3253 2273 3322 contemptus
2313 3265 2453 3320 erga
2485 3254 2736 3305 matrem
2767 3250 3069 3321 praecitata
3100 3251 3283 3309 verba
3309 3267 3549 3325 expres-

1895 3339 2061 3405 sisse,
2095 3339 2200 3394 sed
2230 3344 2285 3395 et
2317 3338 2650 3395 maximum
2681 3337 2761 3392 illi
2812 3343 2868 3394 et
2916 3339 3228 3397 decentem
3258 3341 3550 3398 honorem

1895 3443 2285 3500 prmparasse.
2318 3428 2480 3484 Adeo
2504 3428 2664 3484 enim
2696 3427 2775 3483 illi
2825 3429 3270 3487 venerationem
3303 3438 3360 3488 et
3404 3447 3552 3488 mer-

1896 3516 2104 3572 cedem
2151 3517 2369 3582 tribuit,
2413 3521 2469 3572 et
2511 3517 2673 3590 quod
2721 3517 2947 3575 amoris
2976 3519 3208 3590 justum
3251 3527 3357 3592 est,
3393 3528 3457 3578 ut
3497 3524 3554 3578 et

1895 3605 2257 3662 voluntatem
2295 3613 2602 3679 paternam
2636 3606 3036 3680 adimplentes
3073 3616 3129 3664 et
3158 3610 3236 3666 ad
3279 3617 3552 3668 sanctam

1897 3695 2122 3752 virtutis
2151 3697 2578 3752 sublimitatem
2601 3703 2980 3766 assurgentes
3014 3704 3301 3772 tanquam
3333 3699 3393 3754 in
3422 3716 3556 3756 ma-

1896 3799 2069 3853 geam
2092 3785 2357 3857 aliquam
2383 3790 2438 3840 et
2458 3784 2737 3840 eximiam
2759 3785 3034 3854 gloriam,
3067 3787 3126 3841 in
3152 3786 3362 3842 matris
3387 3786 3553 3844 habi-

1895 3879 2022 3930 tum
2043 3879 2099 3929 et
2117 3872 2578 3945 appellationem
2603 3873 2849 3928 inducat
2873 3890 2886 3939 ;
2926 3875 3098 3945 cujus
3125 3891 3310 3932 causa
3335 3881 3392 3932 et
3416 3881 3554 3932 tunc

1895 3962 2179 4034 temporis
2217 3963 2462 4018 fratrum
2511 3962 2826 4034 appellatio
2871 3963 3098 4019 honore
3138 3963 3368 4021 fruitur.
3393 3966 3554 4023 Patet

1894 4050 2092 4121 igitur,
2141 4056 2200 4106 ut
2236 4051 2462 4106 dictum
2503 4055 2607 4118 est,
2651 4067 2770 4106 non
2807 4052 2988 4108 modo
3020 4069 3143 4108 non
3182 4054 3242 4109 in
3297 4054 3550 4110 materni

1895 4141 2117 4196 amoris
2143 4145 2199 4196 et
2225 4139 2616 4196 venerationis
2631 4140 3051 4197 detrimentum
3067 4143 3191 4198 hinc
3213 4142 3370 4198 dicta
3394 4159 3548 4213 esse,

1897 4249 1922 4280 α
1944 4231 2084 4295 Quae
2099 4235 2388 4285 estmater
2411 4228 2584 4284 mea?
2601 4249 2628 4280 »
2653 4230 2898 4294 etc.,sed
2919 4235 2973 4284 et
2990 4231 3444 4286 convenientem
3467 4231 3548 4287 illi

1893 4319 2242 4374 omnimode
2307 4317 2551 4388 gloriam
2605 4323 2660 4373 et
2708 4317 3192 4374 benedictionem
3246 4319 3545 4377 conciliat.

1893 4407 2209 4473 Quomodo
2241 4407 2398 4462 enim
2428 4423 2610 4479 quam
2660 4406 2984 4473 statuisset,
3013 4406 3063 4462 si
3097 4407 3414 4475 statuisset,
3442 4409 3550 4468 ha-

1892 4496 2223 4552 bitudinem
2252 4494 2556 4566 abjecisse,
2592 4511 2778 4568 quam
2819 4495 3123 4559 voluisset.
3157 4496 3204 4551 si
3242 4496 3542 4566 voluisset,

1890 4583 2350 4658 appellationem
2383 4584 2755 4649 submovere,
2778 4600 2913 4641 eam
2943 4591 3005 4642 ut
3031 4585 3340 4656 fastigium
3364 4591 3419 4643 et
3448 4603 3546 4645 ca-

1890 4681 1998 4746 put
2027 4674 2349 4733 bonorum,
2379 4673 2545 4743 regni
2575 4673 2855 4729 caelorum
2887 4673 3227 4732 hmredibus
3251 4675 3544 4734 inferendi

1888 4769 1943 4820 et
1968 4762 2340 4834 gratiﬁcandi
2365 4761 2679 4818 habuisset
2700 4763 2898 4820 locum
2928 4763 2957 4819 τ

187 4857 324 4912 ἐστιν
347 4863 376 4919 ἠ
405 4868 578 4936 μήτηρ
605 4881 728 4934 μου,
761 4879 812 4913 κ.
855 4879 904 4913 τ.
943 4858 991 4912 λ.
1018 4859 1276 4933 εἰρημένα,
1308 4857 1435 4910 ἀλλά
1455 4861 1546 4908 καὶ
1568 4861 1660 4914 τὴν
1688 4858 1989 4928 πρέπουσαν
2015 4856 2144 4925 αύτῇ
2177 4853 2507 4924 πανταχόθεν
2539 4853 2753 4923 συνάγει
2781 4849 2940 4915 δόξαν
2974 4858 3066 4908 καὶ
3096 4855 3374 4928 εὐφημίαν.

257 4950 400 5003 (Ητω
443 4949 493 5003 δ’
542 4951 603 5004 ἂν
656 4953 992 5024 περιτραπείη
1043 4956 1154 5010 τοῖς
1181 4946 1417 5008 ἀνοήτοις
1461 4949 1592 5020 πρὸς
1630 4944 1774 4996 τούν-

188 5044 352 5091 αντίον
391 5044 418 5099 ἦ
465 5039 827 5115 ἔφρυάττοντο,
884 5042 1010 5111 πρὸς
1064 5033 1123 5089 δε
1172 5040 1263 5095 τὴν
1311 5034 1496 5094 εὐσεϐῆ
1551 5038 1642 5086 καὶ
1697 5033 1769 5085 οἰ-

188 5132 324 5178 κείαν
357 5128 686 5183 ἀπευθύνοιτο
716 5130 985 5200 θεοσοφίαν
1013 5130 1098 5178 καὶ
1131 5130 1188 5179 τό
1207 5143 1219 5155 ·
1254 5143 1281 5177 α
1308 5129 1370 5177 Τί
1404 5127 1517 5196 ἐμοὶ
1538 5127 1628 5174 καὶ
1660 5127 1765 5187 σοὶ,

186 5219 363 5286 γὶναι;
391 5223 529 5272 οὔπω
558 5221 677 5278 ἣκει
706 5219 738 5276 ἠ
785 5218 894 5290 ὥρα
929 5236 1050 5289 μου.
1086 5235 1115 5268 α
1159 5217 1222 5267 Εἰ
1256 5233 1338 5276 τις
1383 5215 1485 5288 γάρ
1524 5211 1768 5284 ἐπιμελῶς

1954 4941 2042 4998 Ita
2053 4948 2252 4999 autem
2274 4941 2502 4998 insanis
2524 4941 2698 5013 longe
2717 4941 2886 4998 aliter
2907 4960 3094 5016 quam
3108 4945 3541 5014 gloriabantur,

1879 5031 1957 5088 ad
1986 5036 2144 5103 piam
2175 5036 2228 5086 et
2267 5030 2574 5103 propriam
2601 5031 2869 5088 divinam
2901 5033 3255 5104 sapientiam
3288 5051 3542 5091 conver-

1879 5126 2096 5178 teretur
2121 5126 2178 5176 et
2206 5120 2355 5176 illud
2390 5136 2401 5176 :
2441 5141 2464 5170 σ
2496 5119 2647 5186 Quid
2681 5121 2821 5177 mihi
2853 5127 2907 5178 et
2941 5122 3066 5191 tibi,
3104 5123 3313 5180 mulier
3337 5123 3365 5180 i‘
3391 5140 3542 5181 non-

1877 5209 2024 5266 dum
2056 5209 2212 5266 venit
2253 5210 2404 5266 hora
2434 5225 2568 5267 mea
2597 5210 2664 5265 ⁶².
2701 5231 2726 5262 ι
2766 5209 2827 5265 Si
2872 5211 3008 5283 quis
3037 5212 3197 5268 enim
3231 5216 3536 5282 accurate,

261 5391 304 5428 “
336 5394 525 5452 Matth.
548 5409 674 5462 xm,
709 5397 797 5450 55.
899 5393 944 5431 σί
985 5351 1156 5449 Joan.
1191 5405 1271 5455 rx,
1298 5392 1386 5447 29.
1487 5390 1533 5425 ⁸³
1573 5387 1746 5445 Joan.
1783 5403 1842 5456 ιι,
1876 5387 1930 5442 4.
