4126 6190
406 220 511 289 3ιῆ

1628 220 1893 288 ΡΗΟΤΗ
1914 231 2405 289 PATMABCFIVE
2438 233 2547 292 (ΖΡ.

3668 232 3772 301 sie

402 372 476 414 ex
520 356 633 413 illis
681 373 819 427 qua
859 357 1017 414 dicta
1066 362 1206 413 sunt
1249 357 1370 413 haec
1411 356 1816 421 meditaretur,
1858 358 2057 416 divina

2171 358 2242 431 ἐφ’
2294 360 2366 420 οἷς
2420 358 2610 434 ἐρῥήθη
2668 371 2835 415 ταῦτα
2887 362 3227 439 διαμελετῴη,
3279 378 3376 431 τῆς
3424 372 3567 433 Θείας
3605 373 3775 446 χάρι-

400 447 593 516 gratia
647 452 1008 517 c00perante
1067 450 1121 502 et
1170 446 1356 502 labori
1411 447 1762 517 opitulante,
1807 448 2063 503 inveniet

400 551 539 589 eum
556 534 809 606 gloriam
826 540 883 589 et
910 537 1199 592 honorem
1216 536 1634 591 decernentem
1662 538 1857 608 potius
1875 554 2059 609 quam

399 629 806 694 contemptum
839 624 1086 679 omnino
1112 626 1266 681 hanc
1294 641 1497 680 vocem
1521 625 1813 681 emisisse.
1834 625 2059 681 Etenim

400 712 461 767 in
512 712 810 767 miraculis
854 713 994 767 nihil
1042 720 1166 767 erat
1211 717 1377 768 matri
1417 720 1470 769 et
1512 713 1633 769 ﬁlio
1682 730 2002 769 commune
2038 732 2050 779 ;

399 800 690 873 quoniam
716 801 950 857 Deitatis
978 808 1101 856 erat
1120 801 1496 874 perseipsam
1522 802 1809 858 miracula
1828 803 2019 858 facere
2042 823 2055 871 ;

398 890 682 947 humanae
707 896 907 945 autem
940 896 1168 946 naturae
1196 907 1315 945 non
1334 892 1461 961 jam
1480 907 1583 962 per
1611 907 1691 954 se,
1716 892 1821 946 sed
1850 907 1956 964 per
1972 908 2061 946 as-

401 995 647 1034 sumens
676 979 946 1034 Verbum.
981 982 1252 1035 Attamen
1300 979 1358 1034 in
1410 979 1478 1033 iis
1536 982 1595 1034 in
1646 981 1867 1051 quibus
1917 979 2059 1034 nihil

402 1067 575 1124 matri
605 1073 661 1123 et
691 1068 810 1122 tilio
836 1084 1154 1123 commune
1176 1073 1319 1133 erat,
1358 1068 1488 1123 vide
1515 1069 1826 1140 quomodo
1855 1085 2059 1123 exces-

398 1157 803 1213 sumhonoris
834 1157 918 1211 vel
953 1157 1011 1212 in
1039 1157 1384 1212 discrimine
1427 1158 1648 1212 statuit.
1684 1161 1856 1213 Matre
1899 1157 2059 1212 enim

399 1247 531 1319 ejus
576 1252 820 1315 rogante
855 1252 917 1300 ut
960 1246 1317 1300 miraculum
1358 1245 1587 1309 faceret,
1623 1252 1949 1317 postquam
1986 1246 2057 1299 si-

402 1334 700 1405 gniﬁcavit
724 1350 842 1390 non
870 1350 998 1389 esse
1024 1334 1084 1388 id
1119 1350 1439 1390 commune
1472 1334 1552 1388 illi
1584 1341 1641 1389 et
1673 1334 1799 1400 sibi,
1834 1340 1892 1389 et
1914 1340 2058 1389 tem-

401 1442 517 1497 pus
541 1425 808 1480 nondum
834 1425 1047 1479 adesse
1073 1441 1195 1495 quo
1240 1424 1555 1494 oportebat
1585 1424 1754 1494 signa
1802 1426 2056 1494 operari,

402 1530 541 1584 erga
570 1519 821 1568 matrem
870 1513 1259 1568 reverentiam
1295 1518 1351 1567 et
1381 1514 1667 1567 honorem
1699 1514 1961 1567 ostendit
2005 1519 2062 1567 et

405 1608 671 1674 tempore
720 1609 775 1657 et
806 1608 1180 1673 permutante
1210 1601 1474 1672 potentia
1505 1601 1804 1656 fortiorem
1843 1619 1856 1655 :
1901 1606 1955 1655 et
1980 1601 2059 1656 ita

2171 466 2252 507 τος
2307 454 2656 521 συνεργούσης
2704 471 2756 504 τε
2806 458 2896 505 καὶ
2950 462 3010 526 τῇ
3062 454 3242 529 μελέτη
3301 458 3773 531 συναντιλαμϐανο-

2171 540 2345 607 μένης,
2389 540 2598 611 εὑρήσει
2645 549 2706 613 τῇ
2749 548 2912 615 μητρὶ
2966 544 3157 615 μᾶλλον
3217 543 3375 608 δόξαν
3424 552 3777 623 περιάπτοντα

2170 631 2259 677 καὶ
2308 632 2484 694 τιμὴν,
2542 632 2571 686 ἤ
2606 634 2897 703 παρόρασιν
2946 632 3069 693 ὅλως
3122 632 3352 705 ἀφιέντα.
3398 643 3497 688 Καὶ
3540 641 3641 711 γὰρ
3692 638 3775 690 ἐπὶ

2171 721 2275 775 τοίς
2302 717 2563 787 θαύμασιν
2601 715 2750 770 οὐδὲν
2786 717 2845 777 ἦν
2876 726 3044 773 κοινόν
3084 730 3144 794 τῇ
3178 730 3355 797 Μητρὶ
3394 732 3485 778 καὶ
3530 736 3602 797 τῷ
3631 730 3733 797 Υἰῷ
3757 745 3769 757 ·

2171 802 2279 855 ἐπεὶ
2344 811 2433 856 καὶ
2492 808 2727 869 θεότητος
2780 813 2869 881 μὲν
2947 806 3007 868 ἦν
3061 815 3117 863 τό
3182 814 3599 889 θαυματουργεϋ
3658 815 3773 868 καθ’

2171 892 2357 950 ἑαυτήν
2391 911 2401 923 ·
2461 893 2788 966 ἀνθρωπίνης
2835 895 2894 950 δε
2924 902 3125 970 φύσεως
3175 902 3346 954 οὐκέτι
3396 904 3514 955 καθ’
3566 905 3773 970 ἑαυτὴν,

2171 980 2297 1032 ἀλλὰ
2340 979 2432 1034 διὰ
2474 987 2560 1035 τόν
2612 986 2997 1059 προσειληφότα
3050 995 3239 1060 Λόγον.
3277 991 3415 1049 Πλὴν
3465 998 3553 1045 καὶ
3594 993 3667 1065 ἐφ’
3700 993 3777 1057 οἷς

2170 1074 2337 1121 κοινόν
2386 1069 2537 1125 οῦδὲν
2578 1070 2636 1131 ἦν
2685 1081 2847 1148 μητρὶ
2898 1082 2988 1129 καὶ
3038 1080 3154 1148 υἱῷ,
3201 1081 3297 1151 ὅρα
3339 1089 3448 1143 πῶς
3491 1086 3585 1140 τὴν
3626 1082 3777 1158 ὑπερ·

2170 1157 2324 1216 ϐολήν
2352 1168 2445 1222 τῆς
2475 1171 2627 1233 τιμῆς
2664 1168 2754 1215 καὶ
2794 1163 2841 1215 ἐν
2874 1173 2933 1237 τῇ
2990 1163 3218 1240 διαφορᾴ
3245 1176 3486 1240 σῦνιστᾲ.
3529 1157 3777 1244 Θαυματ-

2169 1256 2370 1319 ουργεῖν
2424 1252 2526 1325 γὰρ
2580 1260 2675 1312 τῆς
2735 1257 2931 1324 μητρός
2989 1252 3262 1319 ἀξιούσης,
3321 1256 3649 1331 ἐπισημῄνας
3702 1267 3773 1333 μὴ

2169 1333 2299 1387 εἶναι
2329 1346 2479 1390 τοῦτο
2521 1343 2689 1392 κοινόν
2738 1342 2902 1403 αὐτῆς
2944 1362 2999 1395 τε
3036 1350 3126 1396 καὶ
3176 1345 3383 1411 ἑαυτοῦ,
3430 1352 3634 1400 καὶτὸν
3665 1369 3777 1401 και-

2167 1429 2257 1498 ρόν
2310 1431 2381 1498 μὴ
2438 1437 2675 1499 παρεῖναι
2733 1434 2980 1505 προσθεὶς
3032 1437 3148 1487 καθ’
3202 1436 3256 1487 ὃν
3300 1434 3409 1489 ἔδει
3457 1442 3550 1501 τὰς
3596 1442 3775 1498 θεοση-

2169 1515 2317 1579 μείας
2356 1511 2590 1584 ἐνεργεῖν,
2624 1520 2716 1572 τὴν
2758 1521 2890 1586 πρὸς
2928 1522 3018 1575 τὴν
3067 1525 3268 1592 μητέρα
3313 1518 3448 1574 αἰδῶ
3491 1528 3580 1574 καὶ
3620 1531 3777 1596 τιμην

2169 1596 2331 1662 ἔδειξε
2370 1606 2459 1653 καὶ
2498 1611 2587 1654 τοῦ
2638 1613 2821 1678 καιροῦ
2872 1612 2961 1659 καὶ
3004 1615 3097 1669 τῆς
3146 1606 3564 1673 διαλλαττούσης
3620 1610 3777 1665 δυνάο

400 1695 630 1745 tantum
656 1690 831 1745 abest.
855 1696 918 1744 ut
945 1690 1072 1759 ejus
1101 1689 1254 1744 dicta
1297 1694 1631 1744 maternam
1667 1690 1912 1760 gloriam
1944 1690 2055 1744 mi-

2168 1708 2301 1759 μεως
2377 1688 2850 1765 ἐπικρατεστέραν·
2908 1698 3044 1748 ὥστε
3100 1706 3348 1750 τοσοῦτον
3413 1703 3478 1752 τὰ
3534 1702 3778 1775 εἰρημένα

400 1785 609 1841 nuant,
644 1785 705 1834 ut
729 1783 935 1833 contra
966 1785 1019 1832 et
1061 1779 1247 1833 multo
1282 1779 1574 1848 majorem
1606 1795 1741 1834 eam
1775 1777 2049 1834 efﬁciant.

402 1870 545 1924 Eam
572 1867 731 1922 enim
762 1874 814 1922 et
846 1873 1116 1939 tempore
1148 1866 1494 1921 validiorem
1527 1867 1766 1922 credere
1797 1872 1854 1923 et
1889 1868 2059 1923 mira-

400 1958 671 2013 culorum
690 1955 1096 2027 congruentiae
1115 1956 1271 2024 leges
1291 1955 1621 2024 transgredi
1637 1955 1872 2022 deinde,
1896 1958 2061 2028 quod

400 2044 823 2118 pratendebat,
859 2044 1067 2107 facere,
1101 2050 1327 2115 quanto
1361 2045 1648 2113 majorem
1681 2045 1968 2100 honorem
2003 2052 2058 2100 et

401 2134 796 2190 reverentiam
843 2138 1031 2205 parat.
1064 2149 1249 2204 quam
1283 2133 1330 2186 si
1376 2133 1504 2187 haec
1539 2148 1658 2187 non
1691 2133 1850 2188 diota
1880 2139 1935 2188 et
1962 2133 2059 2189 de-

400 2228 732 2279 monstrata
761 2227 976 2277 essent.
1014 2223 1150 2277 Fere
1182 2221 1341 2277 enim
1371 2238 1471 2292 per
1496 2238 1566 2276 ea
1592 2238 1727 2293 quae
1747 2222 1984 2277 dicebat
2004 2230 2057 2278 et

399 2312 678 2379 faciebat,
729 2310 989 2368 ostendit
1046 2310 1245 2366 dicens
1308 2327 1318 2363 :
1370 2310 1781 2366 Communitas
1832 2318 2059 2367 natura:

398 2400 884 2457 communitatem
945 2416 1065 2455 non
1126 2400 1348 2455 inducit
1409 2400 1698 2455 miracula
1738 2400 2055 2471 patrandi:

402 2510 430 2543 «
459 2490 610 2555 Quid
642 2490 785 2543 mihi
805 2492 862 2543 et
881 2488 1006 2553 tibi,
1033 2488 1289 2543 mulier?
1324 2511 1350 2537 »ι
1384 2491 1587 2560 Neque
1622 2488 1717 2543 Dei
1751 2488 2056 2559 signorum

398 2595 736 2648 congruens
758 2585 995 2649 tempus
1017 2583 1126 2633 est.
1159 2580 1433 2633 Attamen
1459 2585 1518 2632 ut
1538 2578 1707 2648 scias,
1732 2585 1788 2633 tu
1818 2583 2060 2650 etquot-

399 2675 543 2741 quot
557 2668 632 2722 ad
649 2667 975 2721 videndum
995 2673 1050 2722 et
1064 2666 1433 2722 audiendum
1452 2666 1777 2735 indigentia
1793 2668 2057 2733 adduxit,

400 2774 496 2813 me
527 2757 629 2812 tibi
665 2763 933 2813 materna
955 2757 1093 2827 jura
1135 2757 1490 2811 intemerata
1543 2773 1794 2822 servare,
1829 2764 1895 2812 et.
1933 2774 2060 2814 esse

404 2846 663 2917 eumqui
682 2846 872 2916 legem
886 2845 1320 2901 statuiutmatri
1336 2846 1775 2901 venerationem
1800 2846 1899 2901 ﬁlii
1915 2863 2062 2918 prae-

400 2935 718 2997 stentrimo
752 2950 890 2991 vero
930 2951 1021 2989 me
1053 2934 1123 2988 iis
1152 2951 1288 3007 quae
1320 2935 1378 2989 in
1411 2940 1625 2989 natura
1656 2936 1837 2991 series
1867 2937 2059 2991 consi-

2170 1786 2263 1839 τῆς
2317 1788 2577 1853 μητρικῆς
2636 1777 2793 1844 δόξης
2850 1780 3046 1836 ἔνδειαν
3098 1795 3286 1853 ποιεῖν,
3342 1791 3411 1851 ὡς
3460 1795 3549 1841 καὶ
3589 1791 3778 1843 πολλα-

2168 1866 2424 1919 πλασίονα
2466 1872 2660 1927 ταύτην
2710 1870 2990 1928 ἀποτελεῖν.
3039 1879 3109 1926 Τό
3152 1878 3254 1948 γὰρ
3308 1882 3397 1929 καὶ
3450 1886 3636 1952 καιροῦ
3686 1900 3777 1931 κυ-

2168 1960 2413 2028 ριωτέραν
2464 1960 2727 2028 ἡγεῖσθαι,
2780 1966 2868 2013 καὶ
2915 1970 3006 2022 τῆς
3056 1961 3104 2014 ἐν
3156 1966 3419 2037 θαύμασιν
3464 1966 3778 2032 ἀκολουθίας

2170 2045 2576 2116 ὑπερϐαίνουσαν
2632 2054 2747 2109 τοὺς
2812 2055 3019 2122 νόμους,
3082 2050 3188 2105 εἶτα
3239 2056 3479 2125 πράττειν
3533 2061 3590 2109 τό
3650 2060 3773 2131 παρ’

2170 2134 2330 2193 αὐτῆς
2393 2141 2794 2208 προτεινόμενον,
2862 2160 3008 2211 ποσῳ
3074 2141 3497 2196 πολλαπλασίονα
3560 2152 3647 2204 τήν
3701 2168 3776 2199 τι·

2169 2228 2271 2294 μὴν
2311 2229 2401 2276 καὶ
2448 2229 2539 2283 την
2582 2224 2717 2279 αἰδῶ
2770 2231 3191 2296 κατασκευάζει;
3224 2236 3253 2290 ἦ
3303 2232 3346 2284 εἰ
3385 2239 3454 2294 μὴ
3504 2242 3668 2287 ταῦτα
3711 2239 3778 2287 εἶ-

2168 2316 2295 2385 ρητό
2336 2331 2390 2364 τε
2424 2318 2513 2365 καὶ
2543 2312 2872 2369 ἐπεδείκνυτο
2904 2337 2915 2349 ·
2950 2325 3232 2391 μονονουχὶ
3259 2324 3360 2394 γὰρ
3389 2318 3462 2374 δι’
3493 2323 3559 2372 ὧν
3593 2321 3778 2394 ἐφθέγ-

2167 2404 2286 2469 γετό
2332 2420 2384 2453 τε
2430 2408 2515 2454 καὶ
2558 2406 2823 2475 ἔπραττεν,
2872 2405 3227 2461 ἐπιδείκνυται
3270 2410 3426 2480 λέγων
3452 2430 3464 2442 ’
3494 2411 3551 2463 Ἠ
3596 2431 3777 2463 κοινωο

2169 2492 2254 2540 νία
2294 2492 2383 2561 μεν
2429 2499 2524 2553 τῆς
2572 2496 2799 2563 φύσεως,
2835 2501 3107 2548 κοινωνίαν
3146 2497 3203 2549 οὐ
3255 2500 3468 2569 συνάγει
3506 2508 3596 2551 τοῦ
3640 2502 3774 2552 θαυ-

2169 2587 2495 2651 ματουργείν,
2548 2586 2610 2632 Τί
2656 2585 2766 2653 ἐμοὶ
2819 2589 2907 2636 καὶ
2958 2590 3063 2652 σοὶ,
3110 2589 3301 2657 ﬁrmi;
3336 2584 3476 2640 Οῦδε
3527 2590 3553 2640 ό
3595 2592 3775 2661 καιρός

2168 2669 2418 2737 πάρεστιν
2485 2670 2510 2719 ὀ
2576 2668 2871 2734 ἐπιτήδειος
2942 2683 3047 2725 τῶν
3115 2676 3419 2750 θεουργιῶν.
3486 2677 3624 2734 Πλὴν
3692 2684 3774 2728 ἵνα

2168 2763 2324 2827 γνῷς,
2375 2759 2439 2808 σύ
2483 2777 2536 2810 τε
2564 2764 2652 2811 καὶ
2698 2762 2848 2823 ὅσους
2879 2765 3007 2836 όρᾷν
3031 2769 3121 2816 καὶ
3158 2763 3360 2817 ἀκούειν
3392 2768 3421 2823 ἡ
3462 2770 3623 2838 χρεία
3654 2785 3775 2817 συν-

2172 2850 2384 2915 ήγαγεν,
2418 2847 2497 2897 ὅτι
2537 2852 2717 2900 καὶτὰ
2749 2853 2980 2923 μητρικά
3031 2871 3114 2904 σοι
3156 2849 3341 2905 δίκαια
3388 2852 3776 2926 ἀκαινοτόμητα

2173 2930 2443 2998 διασὼζω,
2478 2941 2567 2988 καὶ
2605 2939 2761 3000 αὐτὸς
2792 2941 2817 2990 ό
2856 2944 3006 3012 νόμον
3055 2943 3257 3013 θέμενος
3301 2941 3406 3014 εἰμι
3444 2948 3608 3016 μητρί
3651 2948 3772 3006 τοὺς

399 3026 684 3081 derantur
699 3030 754 3080 et
784 3025 1070 3095 temporis
1096 3024 1525 3095 Opportunitati
1550 3030 1711 3079 tuam
1742 3026 2057 3081 veneratio-

2172 3020 2369 3085 παῖδας
2408 3029 2501 3082 τὴν
2550 3025 2941 3098 σεϐασμιότητα
2980 3034 3165 3101 νέμειν,
3217 3030 3406 3103 μᾶλλον
3452 3028 3511 3083 δὲ
3564 3034 3643 3083 ὃτι
3682 3038 3773 3085 καὶ

397 3130 537 3171 nem
569 3118 626 3169 et
663 3113 1062 3169 obedientiam
1103 3119 1160 3168 et
1198 3112 1453 3182 gloriam
1505 3120 1898 3185 anteponere,
1927 3131 2063 3170 ecce

399 3207 566 3259 muto
623 3218 844 3275 aquam
898 3202 959 3257 in
1016 3201 1240 3272 vinum,
1279 3202 1390 3257 tuis
1447 3202 1728 3273 precibus
1781 3202 1883 3258 illa
1926 3219 2063 3275 quas

397 3291 519 3347 dixi
546 3292 808 3348 secunda
830 3290 1204 3348 facientibus.
1225 3294 1347 3345 Non
1366 3291 1525 3346 enim
1543 3292 1757 3348 eodem
1784 3294 1964 3348 modo
1981 3292 2071 3347 ibi]

397 3380 623 3436 dictum
650 3388 735 3434 est
762 3379 909 3435 illud
937 3400 949 3438 :
986 3402 1005 3428 ι
1033 3379 1182 3444 Quid
1209 3379 1314 3435 tibi
1339 3385 1395 3435 et
1414 3379 1557 3435 mihi
1588 3402 1638 3445 ››,
1658 3396 1778 3451 quo
1799 3380 1877 3436 ad
1894 3381 2058 3436 illum

398 3468 622 3524 dictum
653 3473 738 3523 est
766 3468 867 3539 qui
892 3468 1285 3540 qurerebatut
1310 3468 1423 3539 ipsi
1465 3476 1721 3538 paternae
1752 3470 2060 3526 haeredita-

397 3556 469 3611 tis
495 3556 715 3612 arbiter
737 3555 905 3611 foret.
933 3556 1018 3612 Ibi
1044 3556 1201 3610 enim
1230 3556 1376 3610 dixit
1404 3576 1463 3608 :«
1490 3556 1642 3621 Quid
1664 3556 1805 3611 mihi
1838 3564 1893 3613 et
1911 3557 2011 3613 tibi
2033 3559 2060 3614 ’ἶ

396 3644 595 3716 etquis
609 3661 702 3700 me
714 3644 1021 3700 constituit
1036 3644 1352 3716 principem
1370 3644 1689 3715 etjudicetn
1704 3663 1879 3716 super
1892 3648 2053 3703 vos?»

396 3737 559 3790 Hanc
580 3734 763 3790 verbo
789 3735 1234 3789 excusationem
1264 3740 1401 3789 actu
1433 3734 1760 3803 roboravit,
1790 3752 1898 3791 nec
1922 3752 2059 3791 con-

397 3823 719 3879 testationis
750 3822 991 3878 humilis
1031 3828 1087 3878 et
1135 3821 1347 3877 terreni
1388 3822 1529 3877 lucri
1580 3822 1767 3893 judex
1792 3824 1916 3879 tieri
1959 3841 2057 3881 vo-

396 3911 503 3967 luit
522 3927 536 3978 ;
561 3912 820 3984 sedquee
837 3928 939 3983 per
954 3912 1135 3967 verba
1157 3911 1498 3981 abnegavit,
1518 3928 1625 3985 per
1636 3928 1823 3985 opera
1840 3913 2055 3970 deinde

396 4001 673 4059 ﬁrmavit.

423 4395 433 4408 ο
464 4362 550 4418 Ibi
582 4361 742 4419 vocis
766 4361 957 4417 forma
975 4378 1143 4429 usus,
1165 4365 1495 4417 maternam
1515 4359 1673 4416 circa
1697 4360 2048 4418 miraculum

392 4451 744 4508 sententiam
780 4466 899 4506 non
927 4449 1279 4522 repudiavit,
1316 4465 1512 4521 neque
1543 4449 1906 4521 precationis
1943 4449 2050 4505 im-

391 4540 806 4613 probationem
834 4539 1125 4610 adjunxit.
1152 4538 1266 4595 Sed
1291 4543 1607 4610 postquam
1634 4537 1691 4593 in
1716 4538 2049 4594 communi-

392 4635 509 4686 tate
520 4634 743 4686 naturae
760 4628 1097 4684 divinorum
1112 4643 1361 4700 operum
1385 4627 1790 4683 excellentiam
1814 4627 2050 4683 docuis-

392 4723 495 4785 set,
518 4734 673 4791 opus
702 4733 1063 4773 concurrens
1095 4716 1483 4788 postulationi
1512 4716 1836 4782 concessit;
1867 4716 2046 4785 clare,

391 4807 693 4864 utdictum
715 4812 820 4872 est,
836 4806 1049 4877 pluries
1071 4810 1337 4861 statuens
1359 4809 1416 4861 et
1432 4805 1875 4878 opportunitate
1899 4810 2049 4861 tem-

388 4896 554 4970 poris
582 4901 640 4952 et
669 4894 1091 4951 miraculorum
1116 4894 1477 4966 proprietate
1518 4898 1843 4951 maternam
1871 4894 2049 4951 dilec-

392 4985 615 5046 tionem
645 4989 702 5042 et
724 4984 907 5039 decus
930 4983 1067 5055 plus
1097 4982 1261 5056 apud
1281 4983 1480 5056 ipsum
1511 4984 1724 5041 valere.

2171 3119 2269 3161 τῶν
2320 3111 2367 3163 ἐν
2411 3122 2472 3184 τῇ
2511 3117 2663 3184 φύσει
2704 3119 3057 3190 θεωρουμένων
3102 3119 3286 3192 εἰρμῶν
3329 3124 3419 3172 xui
3461 3128 3551 3180 τῆς
3597 3119 3773 3179 ἐπιτη-

2173 3197 2439 3263 δειότητος
2478 3210 2568 3254 τοῦ
2612 3213 2796 3278 καιροῦ
2834 3211 2929 3264 τὴν
2967 3212 3063 3265 σὴν
3112 3205 3247 3259 αἰδῶ
3289 3213 3377 3260 καὶ
3414 3210 3648 3267 ὑπακοὴν
3686 3214 3773 3261 καὶ

2172 3286 2329 3352 δόξαν
2368 3294 2656 3367 ἔμπροσθεν
2694 3303 2964 3368 ποιοῦμαι,
3019 3293 3135 3349 ἰδοὺ
3181 3296 3483 3369 μεταϐάλλω
3528 3302 3587 3350 τό
3626 3295 3772 3374 ὓδωρ

2170 3382 2237 3440 είς
2276 3377 2430 3446 οἶνον,
2469 3390 2562 3445 τῆς
2605 3392 2703 3445 σῆς
2754 3383 3011 3447 ἀξιώσεως
3059 3384 3225 3439 ἐκεῖνα
3278 3383 3498 3462 δεύτερα
3542 3407 3773 3446 ποιησα-

2167 3474 2340 3541 μένης,
2384 3468 2526 3523 Οὐδὲ
2553 3475 2653 3547 γὰρ
2696 3477 2833 3527 κατὰ
2874 3479 2961 3526 τόν
3000 3479 3115 3527 ἴσον
3152 3480 3341 3548 τρόπον
3374 3475 3594 3529 ἕνταῦθα
3635 3481 3773 3550 είρη⁹

2167 3578 2254 3610 ται
2292 3562 2350 3610 τό
2385 3580 2413 3611 «
2441 3566 2504 3613 Τί
2546 3561 2681 3633 ἐμοὶ,
2713 3568 2803 3615 καὶ
2836 3568 2938 3627 σοί,
2976 3587 3003 3613 ››
3048 3565 3165 3616 καθ’
3200 3564 3254 3617 ὃν
3296 3568 3498 3638 εἰρηται
3525 3569 3657 3640 πρὸς
3683 3570 3773 3618 τόν

2166 3648 2514 3707 ἐπιζητοῦντα
2566 3646 2845 3709 διαιτητὴν
2911 3653 3053 3724 αὐτῷ
3108 3661 3199 3705 τοῦ
3255 3661 3513 3728 πατρικοῦ
3577 3654 3773 3726 κλήρου

2166 3743 2522 3808 χρηματίσαι,
2580 3740 2711 3792 Ἐκεῖ
2756 3744 2856 3814 γὰρ
2896 3738 3051 3807 εἶπεν,
3098 3766 3125 3793 ‹‹
3152 3747 3216 3795 Τί
3254 3741 3367 3815 ἐμοὶ
3401 3748 3490 3795 καὶ
3530 3748 3614 3795 σοί
3639 3762 3652 3806 ;
3681 3748 3773 3795 καὶ

2164 3831 2239 3886 τίς
2270 3846 2334 3898 με
2377 3832 2695 3886 κατέστησεν
2736 3832 2969 3903 οἰρχοντα
3012 3837 3101 3884 καὶ
3133 3828 3393 3889 δικαστὴν
3424 3830 3496 3903 ἐφ’
3539 3834 3703 3903 apag;
3741 3855 3770 3883 υ

2162 3921 2235 3987 Τῇ
2290 3915 2473 3990 πράξει
2533 3921 2629 3975 τὴν
2676 3918 2723 3969 ἐν
2775 3927 2847 3989 τῷ
2910 3919 3044 3991 λόγῳ
3096 3925 3416 3993 παραίτησιν
3470 3918 3767 3986 ἐϐεϐαίωσε,

2163 4009 2253 4056 καὶ
2294 4001 2553 4068 δικαστὴς
2602 4007 3036 4079 ἀμφισϐητήσεως
3078 4009 3419 4081 χαμαιζήλου
3460 4014 3549 4061 καὶ
3595 4028 3768 4082 προσ-

2162 4092 2286 4145 ύλου
2332 4091 2549 4160 κέρδους
2586 4096 2691 4167 οὐχ
2731 4097 2887 4150 εἵλετο
2934 4100 3194 4168 γενέσθαι,
3240 4096 3368 4150 ἀλλά
3414 4102 3507 4155 τήν
3558 4097 3606 4150 ἐν
3653 4106 3766 4160 τοίς

2159 4184 2392 4257 ῥήμασιν
2436 4182 2813 4259 ἀπαγόρευσιν,
2866 4189 2897 4245 ἠ
2949 4183 3044 4239 διὰ
3085 4196 3183 4238 τῶν
3231 4190 3394 4260 ἓργῶν
3440 4192 3767 4261 παραγραφὴ»

2163 4269 2434 4335 διεδέξατο
2450 4316 2463 4329 .

2232 4361 2485 4414 Ἐνταῦθα
2543 4360 2602 4416 δε
2666 4373 2739 4435 τῷ
2812 4371 3055 4438 σχήματι
3104 4368 3443 4438 χρησάμενος
3505 4373 3599 4428 τῆς
3661 4388 3761 4439 gm-

2156 4458 2266 4517 νῆς,
2317 4456 2412 4509 τὴν
2462 4459 2725 4525 μητρικην
2781 4454 2873 4506 οῦκ
2923 4454 3265 4527 ἀπεπέμψατο
3322 4461 3440 4528 περὶ
3491 4463 3565 4524 τῷ
3632 4457 3761 4508 θαύ-

2155 4559 2283 4612 ματι
2344 4546 2553 4613 γνώμην
2584 4557 2596 4570 ’
2637 4539 2761 4595 οὐδε
2813 4551 2903 4604 τῆς
2968 4543 3224 4605 αἰτήσεως
3278 4543 3604 4615 εἰσηγήσατο
3664 4550 3758 4603 τὴν

2157 4628 2421 4695 ἀθέτησιν,
2468 4628 2575 4681 ἀλλ’
2624 4630 2672 4682 ἐν
2710 4639 2772 4703 τῇ
2819 4637 3059 4704 κοινωνία
3113 4640 3207 4693 τῆς
3253 4636 3455 4705 φύσεως
3506 4637 3598 4690 τὴν
3638 4629 3759 4686 δια-

2156 4722 2316 4790 φορὰν
2361 4716 2710 4793 διδαξάμενος
2752 4729 2851 4773 τῶν
2888 4723 3309 4796 θεουργημοίτων,
3348 4726 3405 4774 τὸ
3448 4724 3592 4792 ἔργον
3637 4724 3756 4773 σῦν-

2157 4804 2352 4879 δρομον
2382 4805 2547 4871 ἔδειξε
2573 4816 2636 4881 τῇ
2676 4808 2887 4872 ἀξιώσει
2910 4830 2923 4842 ·
2961 4818 3158 4882 σαφῶς,
3200 4812 3271 4873 ὡς
3302 4813 3525 4883 εἱρηται,
3568 4809 3757 4862 πολλά-

2153 4916 2238 4958 κις
2280 4906 2548 4969 παριστών
2585 4903 2671 4950 καὶ
2711 4907 2803 4959 τῆς
2841 4896 3268 4962 ἐπιτηδειότητος
3296 4907 3390 4953 τοῦ
3436 4906 3624 4972 καιροῦ
3662 4903 3757 4951 καὶ

2153 4994 2249 5047 τῆς
2278 4984 2327 5037 ἕν
2367 4988 2628 5059 θαύμασιν
2669 4984 2931 5051 ἰδιότητος
2959 4992 3339 5065 τὴννμητρικην
3387 4992 3617 5061 στοργήν
3666 4992 3757 5041 καὶ

2153 5078 2211 5127 τὸ
2236 5074 2380 5137 κλέος
2398 5076 2575 5149 μεῖζον
2606 5076 2814 5149 ἰσχύειν
2842 5077 2963 5153 παρ’
2992 5077 3160 5149 αὐτῷ.
