3938 6178
181 191 275 254 349

703 319 1020 368 ΕΡΩΤΗΣΙΣ
1049 314 1201 396 MC.

168 431 269 483 [ιὼς
306 421 362 473 οὐ
402 423 726 500 μάχεται.τὸ
760 441 804 500 ἰ(
838 421 1060 494 Ἐῥρηθη
1100 427 1220 500 τοῖς
1270 417 1566 500 ἀρχαίοις(
1612 418 1736 489 Ὀφ-

229 486 411 564 θαλμὸν
467 486 573 544 ἀντὶ
626 486 1043 564 ὀφθαλςμου”καὶ
1087 486 1434 543 ὁδοντααντὶ
1484 486 1695 550 ὀδόντος
1723 531 1734 542 .

225 561 325 635 ἐγῶ
370 561 427 615 δὲ
475 564 604 634 λέγω
662 561 801 635 υμῖν
839 567 908 635 μὴ
983 562 1288 635 ἰωτιεζτῆναι
1349 570 1420 631 τῷ
1479 570 1733 635 Ττονηρμῷ⁴

225 589 318 615 ε’ἶιι
370 589 427 615 σε
478 589 604 634 Αεγω
667 589 788 635 υμιν
983 589 1288 619 ανῖισῑηναι
1349 589 1420 631 Ia!)
1483 589 1690 633 κυνῆ.οῳ

225 589 326 687 ἀλλ’
351 637 491 695 ὅστις
515 654 572 685 σε
599 636 814 708 ραπίσει
852 633 933 686 ἐπὶ
971 639 1064 692 τήν
1106 630 1298 697 δεξιὰν,
1338 632 1560 706 στρέψον
1597 632 1736 700 αὐτῷ

220 712 304 758 καὶ
326 712 416 764 τὴν
453 706 628 764 ἀλλην.
654 727 684 757 )›

1191 186 1286 241 AD
1323 172 1886 260 Aupauocmim
1919 173 2246 254 QU/Bsrm
2282 174 2473 245 XLVI.

1774 312 1822 366 A

3409 183 3517 250 350

2238 313 2550 379 OUESTIO
2591 313 2758 369 XLVI
2799 314 2904 385 [αι.
2947 313 3121 386 XLV].

1851 420 2148 484 Quomodo
2195 437 2307 476 non
2348 420 2615 490 implicat
2664 422 2820 476 illud
2849 438 2862 476 :
2895 441 2925 473 ιι
2974 421 3208 477 Dictum
3241 429 3325 478 est
3356 425 3510 479 anti-

1920 495 2046 562 quis
2078 508 2090 545 :
2121 491 2368 564 Oculum
2391 509 2501 561 pro
2535 494 2706 548 oculo
2727 499 2780 547 et
2803 494 3036 549 dentem
3061 509 3172 561 pro
3190 494 3382 559 dente,
3405 510 3511 564 ego

1919 569 2112 618 autem
2142 563 2274 618 dico
2298 564 2454 618 vobis
2484 580 2603 619 non
2631 565 2898 620 resistere
2925 565 3106 629 malo,
3139 565 3240 635 sed
3264 563 3516 635 quicun-

1920 649 2030 704 que
2063 642 2115 688 te
2142 635 2221 689 ad
2249 635 2549 691 dexteram
2578 635 2884 706 percutiet,
2935 643 3095 691 verte
3123 634 3218 690 illi
3261 634 3316 692 et
3343 638 3516 692 sinis-

1919 711 2096 760 tram.
2129 724 2157 755 »

1145 809 1296 858 lidita
1326 822 1358 857 a
1388 809 1543 863 Maio,
1576 808 1609 856 l.
1643 822 1708 863 c.,
1743 823 1793 871 p.
1831 810 1990 865 35-36,
2028 809 2090 858 In
2120 809 2303 859 Matth.
2336 826 2380 860 v.
2426 813 2502 860 39.

227 915 420 983 Πρῶτον
444 911 535 979 μεν
564 905 707 960 dion.
737 909 761 958 ὀ
803 907 954 959 εἰπών
981 923 995 936 ⁶
1048 927 1076 958 (ι
1107 907 1216 958 Οὐκ
1259 903 1412 964 ἦλθον
1451 905 1746 957 καταλῦσαι

160 1001 233 1051 τὸν
256 1003 419 1069 νόμον,
451 997 584 1049 ἀλλά
609 999 905 1069 πληρῶσαι,
938 1017 964 1047 ))
999 996 1152 1056 αὐτὸς
1186 994 1325 1047 ἐστιν
1358 997 1382 1046 ὁ
1409 994 1581 1066 ψῆφον
1630 995 1720 1046 ἑκα

161 1093 290 1158 τέραν
333 1087 605 1158 ἐξενεγκὼν
637 1108 647 1119 ι
701 1083 869 1146 οὐδεὶς
911 1083 968 1137 3's
1009 1087 1110 1158 ἄρα
1153 1080 1275 1136 οὐδὲ
1323 1093 1421 1135 τῶν
1456 1089 1743 1155 τυχόντων,

158 1183 271 1248 μήτι
319 1197 374 1248 γε
409 1179 714 1248 νομοθέτης,
766 1176 875 1247 οἶμα
918 1178 1162 1226 τάναντία
1206 1173 1339 1244 λέγει
1394 1172 1578 1243 ἐαυτῷ,
1629 1169 1748 1224 οὐδ’

159 1267 342 1337 ἀλέγων
371 1265 654 1318 καταλύειν
688 1269 772 1316 τὸν
802 1270 978 1336 νόμον,
1008 1263 1098 1315 οὐκ
1152 1261 1212 1314 ἂν
1246 1265 1338 1323 τὰς
1383 1261 1745 1322 καταλυούσας

157 1357 289 1407 arisba
317 1357 639 1429 προεκόμιζε
667 1357 856 1426 φωνάς,
889 1359 978 1405 καὶ
1021 1352 1252 1426 μάλιστα
1281 1352 1372 1403 οὐκ
1404 1351 1452 1403 ἐν
1482 1351 1616 1422 ἁλλῳ
1654 1357 1743 1404 καὶ

155 1446 194 1496 ἐν
239 1445 362 1515 άλλῳ
412 1451 622 1517 χρόνῳ,
655 1440 770 1494 οὐδ’
804 1441 851 1494 ἐν
884 1442 1029 1516 ἑτέρα
1061 1444 1247 1515 φράσει
1284 1461 1376 1491 και
1419 1440 1583 1512 ἑτέρᾳ,
1635 1439 1742 1491 ἀλλ’

155 1535 219 1586 ἐπὶ
268 1544 359 1585 τῶν
399 1535 578 1585 αὐτῶν
625 1535 871 1607 ῥημάτων
923 1536 1012 1582 καὶ
1052 1531 1164 1592 ἑξῆς
1193 1547 1204 1560 ⁸
1239 1530 1422 1581 οὐκοῦν
1471 1529 1563 1581 οὐκ
1609 1527 1741 1581 ἀντί-

151 1643 293 1676 κειται
317 1633 513 1687 ταῦτα,
548 1621 678 1673 ἀλλὰ
707 1621 894 1672 πολλοῦ
927 1616 1026 1674 δεῖ.
1061 1619 1194 1672 Ἀλλ’
1224 1621 1252 1676 ἠ
1287 1623 1376 1690 μὲν
1407 1626 1503 1678 τῶς
1529 1616 1740 1669 ἐντολῶν

150 1713 278 1783 λόγον
298 1715 510 1784 ἔχουσα
532 1713 840 1783 νομοθεσίας
867 1709 1110 1783 ῥυθμίζει
1133 1727 1185 1761 τε
1214 1713 1302 1760 καὶ
1331 1707 1632 1779 καταρτίζει
1654 1710 1738 1758 τὸν

151 1807 308 1875 κριτὴν
357 1798 662 1854 ἀδέκαστον
703 1805 793 1872 μὲν
823 1802 962 1870 ἔχειν
996 1803 1084 1856 τὴν
1124 1803 1353 1869 γνώμην,
1387 1793 1738 1854 ἀδυσώπητον

153 1889 308 1949 δἐτην
356 1891 563 1962 ψῆξνον,
611 1889 888 1963 ἰσορροπον
934 1883 992 1939 δὲ
1030 1891 1279 1962 παρέχειν
1309 1893 1411 1945 τοῖς
1458 1881 1740 1956 δικαζομέ-

151 2000 239 2040 νοις
281 1984 362 2032 τὸν
392 1988 496 2039 τῆς
541 1975 701 2039 dixi;
731 1977 1007 2049 ὀφθαλμὸν.
1050 1975 1107 2027 ’11
1143 1971 1202 2027 δὲ
1231 1975 1456 2046 λέγουσα
1496 1979 1566 2046 μὴ
1602 1973 1737 2025 ἀντι-

152 2077 315 2126 στῆναι
353 2078 424 2139 τῷ
488 2076 716 2141 πονηρῷ,
761 2065 808 2116 ἐν
851 2069 952 2136 ἴσῳ
1011 2064 1124 2116 ἐστὶ
1176 2073 1266 2115 τοῦ
1320 2068 1390 2135 μὴ
1461 2062 1736 2124 ἐπεξελθεῖν

147 2154 257 2228 μηδ’
315 2156 628 2229 ἀμύνασθαι
678 2157 814 2205 κατὰ
874 2157 940 2205 τὰ
1005 2155 1371 2225 πονηρεύματα
1429 2152 1589 2204 αὐτου
1651 2155 1736 2204 τὸν

149 2248 350 2320 ἄρξαντα
387 2253 594 2319 χειρῶν
648 2239 847 2294 ἀδίκων
878 2260 889 2271 ·
923 2247 1012 2293 καὶ
1051 2241 1144 2292 οὐκ
1189 2244 1263 2292 ἔτι
1311 2240 1440 2298 αὑτὴ
1483 2244 1612 2310 πρὸς
1649 2244 1736 2292 τὸν

146 2342 305 2408 κριτὴν
367 2339 568 2408 ἀφορᾷ,
612 2332 740 2383 ἀλλὰ
806 2335 868 2383 τὸ
943 2327 1258 2402 ἠδικημένον
1311 2334 1586 2404 πρόσωπον
1667 2330 1737 2391 εἰς

145 2429 391 2477 ἐπιείκειαν
473 2428 569 2474 κπὶ
625 2419 888 2474 εὐλάϐειαν
949 2420 1256 2494 παρακαλεῖ.
1315 2423 1476 2471 Τοῦτό
1528 2438 1585 2490 γε
1648 2424 1736 2470 καὶ

144 2517 215 2562 τὸν
255 2511 560 2570 ἑνῖικηκὸτα
611 2511 858 2580 αἰσχύνει
905 2514 992 2560 καὶ
1038 2511 1250 2581 μετάγει
1287 2517 1380 2570 τῆς
1414 2510 1737 2580 θρασύτητος

141 2607 218 2653 καὶ
257 2602 512 2661 ἀπονοίας
565 2599 648 2652 ἐπὶ
694 2603 751 2651 τὸ
795 2597 1232 2670 μεταμελοὺμενον
1271 2601 1359 2648 καὶ
1410 2600 1651 2668 κατηφὲς,
1695 2597 1738 2648 εἰ

146 2694 309 2760 μὲςτου
360 2694 552 2764 θηρίον
699 2691 900 2760 μορφὴν
959 2685 1230 2758 ἀνθρώπου
1289 2684 1734 2758 περιϐαλλόμενον,

142 2783 217 2831 καὶ
271 2784 354 2832 τὸν
419 2775 742 2850 ἠδικημένον
795 2785 864 2846 τῷ
917 2784 1006 2836 τῆς
1053 2779 1346 2849 πραότητος
1392 2779 1481 2826 καὶ
1532 2774 1737 2846 φιλοσο-

146 2873 243 2938 eia;
293 2870 535 2940 στεφάνῲ
593 2873 800 2936 κοσμεῖ.
853 2870 953 2917 Καὶ
1010 2867 1108 2936 γὰρ
1169 2862 1406 2926 ἐξουσίαν
1461 2863 1598 2933 αὐτῷ
1656 2859 1737 2914 δί-

148 2953 292 3008 δωσιν
318 2958 342 3008 ὁ
373 2962 541 3027 νόμος
578 2958 662 3005 τὸν
694 2953 1020 3010 λελυπηκὸτα
1069 2949 1225 3008 δίκην
1277 2951 1684 3024 εἰσπράττεσθαι
1719 2970 1730 2982 ·

143 3047 165 3095 ὁ
211 3042 262 3097 τῖε
307 3051 402 3104 τήν
467 3043 708 3106 ἐξουσίαν
777 3041 834 3092 ἆν
889 3043 958 3103 εἰς
1002 3041 1390 3114 φιλανθρωπίαν
1441 3038 1604 3112 τρέψῃ
1646 3044 1736 3090 καὶ

143 3143 218 3184 τοῦ
251 3135 515 3206 ὁμοφύλου
553 3131 685 3205 λάϐῃ
734 3131 890 3199 ἔλεον,
933 3131 1001 3191 εἰς
1036 3135 1189 3203 μόνον
1235 3133 1321 3181 τὸν
1354 3128 1594 3202 ἀρχηγὸν
1635 3136 1735 3180 τῶν

143 3234 292 3273 κακον
343 3229 440 3275 καὶ
491 3226 582 3274 τὸν
632 3219 856 3293 ἀρχαῖον
913 3219 1153 3292 πολέμιον
1224 3226 1316 3270 τοῦ
1370 3223 1544 3289 γένους
1588 3220 1734 3290 ἡμῶν

145 3306 402 3363 ἀποτείνων
461 3314 548 3363 τὸν
599 3307 804 3362 δίκαιον
858 3311 1036 3381 θυμὸν,
1066 3308 1212 3368 οὗτός
1244 3306 1382 3359 ἐστιν
1433 3310 1503 3369 ὡς
1533 3306 1736 3369 ἀληθῶς

140 3400 162 3449 ὁ
202 3406 284 3451 κκὶ
338 3409 437 3462 τῆς
509 3398 836 3471 ἀνθρωπίνης
885 3401 1080 3470 φύσεως
1137 3396 1462 3466 ἐξευγενίζων
1511 3399 1568 3448 τὸ
1615 3395 1736 3448 αὐτο

142 3487 377 3554 εξοᾲσιον,
411 3495 504 3540 καὶ
551 3493 638 3540 τὸν
700 3491 869 3539 κοινὸν
923 3490 1188 3544 Δεσπότην
1261 3489 1353 3546 τὰς
1411 3483 1736 3557 ἀνθρωπίνας

140 3575 327 3647 ὀφειλας
364 3583 505 3649 ἔχων
529 3573 844 3646 ζὸιαλύοντα.
875 3575 949 3628 Οὔ
988 3579 1089 3649 γὰρ
1121 3579 1253 3648 πρὸς
1283 3574 1404 3626 ἄλλο
1450 3581 1542 3626 τοῦ
1589 3574 1734 3625 ἐναν-

138 3672 234 3717 τίου
279 3671 436 3738 φύσις
489 3665 877 3738 συμπλέκεσθαι
917 3683 928 3694 ⁸
971 3664 1097 3717 ἀλλὰ
1150 3661 1242 3717 διὰ
1295 3671 1392 3716 τῶν
1442 3663 1610 3714 αὐτῶν
1658 3663 1736 3723 οἶς

143 3754 192 3804 ἂν
244 3761 501 3828 πῴεισὶν,
555 3757 584 3812 ἡ
627 3757 778 3827 μάχη
834 3759 1087 3828 πρόεισιν.
1144 3751 1357 3814 Ἔλαϐες
1415 3754 1600 3826 κράτος
1649 3754 1734 3803 τὸν

141 3840 425 3901 ἠδικηκότα
473 3849 614 3915 νόμῳ
661 3843 897 3902 κολάζειν
932 3860 942 3871 ·
979 3842 1022 3894 εἰ
1071 3845 1160 3914 μὲν
1207 3841 1462 3905 κολάσεις,
1514 3836 1730 3904 ἄδηλον,

144 3931 180 3981 εἰ
217 3938 303 3984 καὶ
349 3938 421 4005 μὴ
468 3931 638 3984 λαϐὼν
687 3939 748 4004 τῇ
795 3936 1020 4006 τιμωρία
1065 3939 1152 3982 τοῦ
1192 3931 1414 3988 πλησίον
1466 3925 1734 3987 ἐπεπήδη-

143 4039 249 4084 οας,
281 4028 371 4073 καὶ
416 4026 475 4073 τὸ
508 4023 708 4094 φθάσαι
747 4022 926 4072 παθεῖν
969 4028 1060 4071 τοῦ
1101 4025 1171 4092 μὴ
1211 4028 1456 4092 ποιῇσαι,
1490 4018 1616 4070 ἀλλὰ
1659 4023 1730 4089 μὴ

143 4109 474 4185 ξιλανθρώπῳ
541 4117 714 4183 γνώμη
772 4115 861 4162 καὶ
923 4106 1214 4181 φιλαδέλφῳ
1275 4113 1368 4166 τὴν
1427 4107 1612 4181 πρᾶξιν
1661 4107 1735 4170 ἐξ·

142 4219 369 4270 ιςνειγκας.
419 4201 480 4253 Εἰ
527 4197 586 4252 δὲ
633 4204 704 4271 μὴ
761 4198 1011 4261 κολάσεις,
1077 4198 1270 4257 στήλην
1319 4201 1548 4259 ἕστησας
1597 4195 1734 4260 ἀνεξ-

142 4288 367 4341 άλειπτον
422 4295 512 4342 καὶ
567 4290 953 4363 φιλανθρωπίας
998 4293 1086 4340 καὶ
1142 4291 1460 4361 πραότητος,
1514 4290 1604 4338 καὶ
1660 4295 1731 4357 τῷ

1931 907 2114 963 Primo
2139 908 2405 980 quidem,
2426 909 2568 982 quia
2592 910 2694 981 qui
2713 909 2858 964 dixit
2886 927 2896 965 :
2931 932 2958 962 «
2977 914 3101 967 Non
3127 911 3258 967 veni
3286 911 3515 969 solvere

1853 995 2067 1067 legem,
2120 998 2225 1052 sed
2256 997 2581 1070 adimplere
2614 1001 2682 1063 ⁸³,
2724 1020 2751 1049 ››
2784 999 2907 1071 ipse
2947 1005 3034 1056 est
3063 1000 3164 1072 qui
3200 1006 3514 1075 utrumque

1853 1084 2157 1140 decretum
2191 1086 2319 1141 tulit
2359 1103 2371 1152 ;
2405 1103 2576 1142 nemo
2607 1087 2803 1160 igitur,
2839 1089 3183 1160 quicunque
3215 1089 3395 1146 etiam
3419 1091 3513 1158 sit,

1853 1173 1965 1228 sibi
2008 1173 2120 1246 ipsi
2151 1176 2520 1241 contradicit,
2555 1183 2610 1231 et
2635 1177 2737 1248 qui
2765 1193 2826 1232 se
2879 1194 2994 1232 non
3050 1178 3274 1234 solvere
3319 1179 3513 1250 legem

1853 1261 2010 1327 dicit,
2041 1279 2160 1318 non
2189 1280 2323 1335 quas
2356 1265 2549 1335 ipsum
2605 1266 2919 1330 solverent,
2974 1283 3147 1321 voces
3199 1267 3513 1336 emisisset,

1852 1357 1908 1406 et
1939 1352 2263 1422 praesertim
2297 1369 2417 1408 non
2447 1353 2561 1409 alio
2595 1359 2650 1409 et
2679 1355 2795 1409 alio
2827 1361 3110 1426 tempore,
3145 1373 3263 1411 non
3292 1356 3352 1410 in
3391 1357 3512 1414 alia

1851 1444 1904 1495 el
1927 1441 2044 1496 alia
2074 1441 2298 1512 phrasi,
2329 1442 2427 1496 sed
2454 1441 2663 1497 iisdem
2684 1443 2880 1498 verbis
2899 1451 2958 1498 et
2978 1461 3050 1499 ex
3071 1444 3300 1500 ordine.
3332 1445 3515 1515 Igitur

1850 1528 1976 1583 haec
2003 1545 2122 1584 non
2151 1529 2714 1600 sibicontradicunt,
2740 1532 2989 1587 multum
3011 1549 3156 1588 sane
3178 1533 3365 1590 abest.
3393 1533 3512 1590 Sed

1852 1634 2037 1673 unum
2078 1618 2322 1691 quidem
2354 1619 2737 1690 legislationis
2767 1621 3060 1677 rationem
3088 1622 3322 1678 habens
3353 1622 3512 1693 judi-

1821 1705 1976 1760 ’cem
2005 1707 2082 1760 ad
2114 1705 2421 1762 ferendam
2457 1706 2861 1778 incorruptam
2893 1710 3248 1765 sententiam
3283 1715 3336 1767 et
3367 1710 3511 1766 irre-

1849 1794 2120 1851 vocabile
2152 1796 2451 1851 decretum
2483 1796 2717 1852 ordinat
2746 1803 2801 1852 et
2834 1803 3000 1870 aptat
3030 1803 3086 1854 et
3135 1799 3213 1855 ad
3268 1815 3510 1871 aequum

1842 1885 2081 1956 justitiae
2114 1885 2358 1940 oculum
2389 1885 2448 1940 in
2473 1885 2769 1956 judicium
2819 1887 3050 1943 vocatis
3088 1888 3502 1960 praebendum.

1848 1973 2019 2040 Quod
2047 1979 2245 2029 autem
2271 1973 2438 2042 jubet
2466 1974 2741 2045 improbo
2773 1991 2894 2031 non
2935 1978 3225 2041 resistere,
3261 1977 3508 2049 perinde

1847 2070 1933 2119 est
1956 2079 2026 2119 ac
2058 2063 2358 2134 sijuberet
2386 2079 2504 2118 non
2537 2063 2836 2135 insurgere
2870 2081 3064 2137 neque
3086 2082 3148 2121 se
3183 2065 3505 2124 defendere

1847 2153 2133 2208 adversus
2160 2168 2299 2207 eum
2352 2151 2454 2224 qui
2503 2169 2611 2208 sua
2665 2152 2887 2208 scelera
2942 2154 3223 2210 manibus
3266 2154 3504 2225 injustis

1845 2241 2060 2314 cmpit;
2103 2245 2156 2296 et
2183 2240 2332 2298 illud
2376 2256 2497 2296 non
2535 2241 2662 2312 jam
2720 2243 3078 2314 adjudicem
3107 2242 3371 2314 respicit,
3398 2239 3508 2299 sed‘

1845 2331 2101 2386 multum
2123 2329 2330 2400 injuria
2349 2328 2628 2386 affectum
2653 2330 2731 2386 ad
2759 2331 3285 2387 mansuetudinem
3315 2337 3371 2387 et
3396 2331 3504 2388 be-

1846 2419 2248 2475 nevolentiam
2281 2419 2503 2474 invitat.
2537 2419 2615 2475 Ex
2646 2435 2766 2476 una
2797 2426 2966 2491 parte
2995 2421 3240 2493 quidem
3273 2426 3330 2476 et
3350 2420 3503 2493 inju-

1844 2508 1996 2563 riam
2033 2507 2354 2564 facientem
2400 2508 2621 2563 rubore
2675 2507 2985 2572 suffundit,
3038 2515 3094 2565 et
3143 2526 3214 2567 ea
3247 2511 3504 2568 audacia

1846 2602 1903 2653 et
1918 2597 2219 2654 dementia
2231 2597 2309 2653 ad
2323 2596 2728 2670 pmnitentiam
2743 2603 2799 2653 et
2824 2597 3223 2656 humilitatem
3256 2600 3500 2668 reducit,

1848 2687 1899 2741 si
1947 2687 2219 2742 nondum
2274 2686 2398 2742 fera
2448 2687 2522 2742 sit
2564 2686 2826 2742 hominis
2881 2686 3074 2743 forma
3132 2687 3382 2760 induta;
3448 2693 3502 2744 et

1844 2774 2064 2845 injuria
2117 2775 2397 2830 aﬂectum
2467 2775 2944 2831 mansuetudinis
2995 2782 3052 2832 et
3119 2777 3503 2848 philosophias

1845 2879 2069 2918 corona
2095 2863 2366 2918 adornat.
2403 2864 2628 2918 Etenim
2657 2864 2956 2919 licentiam
2987 2866 3039 2919 ei
3065 2865 3167 2921 dat
3197 2866 3287 2920 lex
3317 2883 3359 2930 pa
3404 2865 3500 2920 lm-

1845 2951 2020 3007 dente
2052 2968 2294 3024 prunam
2331 2953 2685 3023 reposcendi
2717 2972 2732 3023 ;
2767 2955 2812 3007 si
2841 2958 3043 3008 autem
3094 2953 3187 3008 ille
3226 2954 3385 3010 hanc
3438 2953 3503 3008 li-

1843 3042 2099 3096 centiam
2132 3041 2193 3096 in
2223 3041 2658 3096 humanitatem
2699 3047 2882 3096 vertat
2921 3048 2974 3096 et
3014 3042 3363 3113 congeneris
3393 3043 3501 3096 mi-

1843 3129 2228 3185 sericordiam
2247 3129 2561 3201 concipiat,
2589 3129 2648 3183 in
2683 3145 2869 3185 unum
2888 3129 3186 3185 malorum
3209 3131 3424 3186 ducem
3441 3136 3496 3186 et

1841 3218 2157 3290 antiquum
2206 3218 2440 3288 generis
2473 3219 2658 3274 nostri
2696 3217 2930 3274 hostem
2955 3219 3192 3289 justum
3223 3219 3494 3274 animum

1841 3307 2222 3381 protendens,
2254 3307 2348 3362 ille
2379 3312 2466 3364 est
2492 3323 2622 3362 vere
2661 3306 2946 3363 humanm
2977 3313 3206 3364 naturae
3235 3307 3494 3366 liberum

1841 3396 2153 3454 arbitrium
2188 3396 2365 3468 plane
2397 3395 2997 3468 generosumfaciens
3023 3402 3080 3453 et
3109 3413 3495 3454 communem

1845 3487 2164 3543 Dominum
2214 3485 2486 3542 humana
2542 3486 2744 3542 debita
2775 3486 3004 3542 habens
3039 3486 3490 3544 dissolventem.

1840 3578 1969 3631 Non
2002 3576 2160 3631 enim
2192 3575 2272 3631 ad
2307 3575 2469 3631 aliud
2501 3576 2775 3631 contrarii
2809 3582 3021 3632 natura
3051 3583 3142 3633 est
3173 3576 3447 3632 connecti
3482 3592 3496 3642 ;

1842 3665 1944 3720 sed
1985 3665 2201 3720 iisdem
2239 3663 2456 3737 quibus
2493 3663 2777 3736 procedit,
2820 3680 3026 3737 pugna
3072 3664 3357 3737 procedit.
3390 3665 3499 3722 Po-

1841 3759 2110 3809 testatem
2141 3753 2422 3824 accepisti
2454 3768 2591 3808 eum
2634 3754 2737 3825 qui
2784 3753 3070 3824 injuriam
3113 3753 3316 3810 fecerit
3362 3753 3491 3825 lege

1843 3841 2206 3911 castigandi;
2238 3842 2286 3897 si
2324 3841 2569 3915 quidem
2617 3842 3022 3914 castigaveris,
3066 3842 3354 3899 incertum
3405 3847 3497 3899 est

1841 3929 2176 3985 voluerisne
2206 3929 2464 3986 vindicta
2502 3931 2819 4000 praemium
2864 3929 3236 3993 conculcare,
3266 3946 3344 3986 an
3396 3947 3498 3987 vo-

1840 4017 2021 4073 lueris
2053 4019 2173 4089 pati
2203 4033 2326 4074 non
2351 4033 2548 4088 agere,
2580 4018 2972 4091 humanaque
3001 4023 3058 4074 et
3095 4017 3357 4075 fraterna
3397 4035 3498 4075 vo-

1841 4106 2066 4162 luntate
2104 4105 2398 4162 actionem
2432 4107 2718 4177 posueris.
2755 4107 2813 4162 Si
2858 4112 3060 4163 autem
3092 4121 3214 4162 non
3246 4107 3499 4176 castiga-

1841 4193 2398 4263 veris,indelebilem
2414 4194 2753 4251 columnam
2768 4193 3158 4250 humanitatis
3173 4200 3228 4249 et
3242 4193 3498 4249 clemen-

1842 4284 1933 4339 tiae
1959 4284 2214 4349 erexisti,
2248 4289 2302 4339 et
2333 4283 2407 4338 ad
2439 4283 2571 4340 vita:
2604 4284 2938 4340 institutum
2971 4281 3309 4354 exemplum
3340 4297 3492 4354 prm-

142 4375 235 4447 βίῳ
290 4375 630 4454 παράδειγμα
673 4376 1061 4441 καταλέλοιπας,
1121 4377 1487 4450 φιλανθρώπως
1543 4395 1595 4427 τε
1643 4381 1731 4428 καὶ

1922 4374 2012 4429 isti
2051 4389 2112 4429 se
2145 4373 2485 4429 humaniter
2514 4378 2569 4428 ot
2601 4371 3058 4428 misericorditer
3089 4371 3148 4426 in
3179 4370 3489 4443 proximos

139 4485 303 4539 πράως
366 4476 474 4529 τοῖς
553 4469 818 4540 ὁμογενέσι
890 4467 1421 4538 συναναστρέφεσθαι,
1500 4465 1732 4538 μάλιστα

139 4551 193 4606 οέ
268 4561 322 4608 τὸ
391 4557 780 4629 ἐρασμιώτατον
837 4561 925 4608 καὶ
977 4561 1373 4630 μακαριώτατον
1442 4557 1572 4626 πρὸς
1637 4559 1728 4612 τὴν

140 4646 271 4695 θείαν
340 4645 476 4698 ἐστὶν
537 4644 833 4717 ἀναχθῆναι
900 4643 992 4696 δια
1057 4652 1147 4705 τῆς
1198 4647 1444 4705 τοιαύτης
1498 4642 1730 4717 πράξεως

136 4737 350 4804 μίμησίν
389 4755 441 4788 τε
478 4740 568 4788 καὶ
609 4733 934 4806 ἁγαθότητα,
968 4738 1057 4786 καὶ
1096 4735 1216 4786 Υἰόν
1263 4740 1397 4785 Θεοῦ
1440 4736 1574 4784 κατά
1627 4733 1731 4803 χά-

137 4841 211 4892 ριν
254 4829 334 4874 καὶ
379 4830 713 4900 χρηματίσαι
753 4828 842 4875 καὶ
879 4825 1199 4894 γνωσθῆναι,
1247 4825 1310 4882 ὡς
1361 4823 1390 4880 ἡ
1439 4820 1729 4873 ἐνυπὸστα-

1627 4912 1728 4982 γάρ

139 5000 440 5074 οἰκτίρμονες
489 5005 663 5062 καθὼς
715 5006 806 5053 καὶ
861 5006 1036 5076 Πατὴρ
1095 5003 1240 5073 ἡμῶν
1293 4999 1405 5072 [Ita
1449 4997 1600 5071 cod.]
1653 4998 1730 5050 οἰ-

139 5092 358 5159 κτίρμων
409 5090 532 5144 ἐστί,
588 5094 656 5144 Σὺ
708 5087 758 5142 δ’
819 5089 860 5143 εἰ
917 5088 1089 5163 βούλει
1135 5094 1222 5143 καὶ
1275 5091 1350 5143 ἔτι
1396 5094 1500 5150 τοῖς
1553 5091 1727 5161 νόμοις

212 5233 261 5264 ⁸³
297 5231 481 5292 Matth.
508 5251 564 5300 v,
594 5237 690 5291 l7.
792 5235 840 5270 ⁶⁴
878 5233 1023 5290 lbid.
1052 5235 1106 5288 7.

139 4929 223 4970 τος

301 4911 564 4966 ἐϐεϐαίωσε
649 4917 808 4985 σοφία
881 4917 970 4964 καὶ
1050 4910 1265 4971 ἀλήθεια
1299 4911 1544 4982 ’γίνεσθε

1840 4461 2247 4518 convertendi.
2284 4461 2394 4518 Sed
2436 4461 2598 4532 quod
2627 4459 3126 4517 amabilissimum
3159 4459 3494 4531 praesertim

1839 4557 1931 4606 est
1961 4557 2016 4606 et
2059 4549 2493 4614 beatissimum,
2524 4564 2628 4620 per
2665 4549 2824 4604 hunc
2872 4553 3073 4603 actum
3107 4548 3185 4603 ad
3225 4547 3494 4605 divinam

1840 4640 2078 4709 erigeris
2106 4639 2497 4693 imitationem
2536 4640 2593 4692 et
2621 4637 2963 4702 bonitatem,
2990 4641 3047 4692 et
3075 4636 3234 4692 ﬁlius
3280 4637 3378 4693 Dei
3407 4653 3496 4694 se-

1839 4727 2101 4784 cundum
2137 4727 2390 4797 gratiam
2417 4732 2472 4782 et
2496 4742 2558 4781 es
2585 4731 2640 4781 et
2667 4726 2956 4792 nosceris,
2992 4731 3054 4783 ut
3085 4727 3494 4784 substantialis

1839 4816 2159 4872 afﬁrmavit
2181 4815 2476 4887 sapientia
2506 4820 2559 4871 et
2601 4816 2839 4871 veritas:
2871 4835 2901 4867 «
2932 4817 3122 4872 Estote
3137 4817 3297 4872 enim
3320 4817 3498 4875 mise-

1836 4905 2122 4975 ricordes,
2158 4904 2307 4960 sicut
2335 4908 2392 4959 et
2443 4904 2612 4960 Pater
2653 4908 2849 4960 vester
2879 4904 3215 4962 misericors
3245 4910 3336 4962 est
3361 4907 3430 4959 “.
3465 4929 3495 4962 »

1838 4996 1895 5052 Si
1926 4999 2128 5052 autem
2177 4993 2266 5048 vis
2305 4999 2361 5050 et
2405 4994 2606 5050 adhuc
2649 4993 2808 5065 leges
2855 4996 3250 5064 considerare,
3284 5011 3495 5054 earum

1836 5083 2223 5142 concordiam
2251 5085 2307 5140 et
2333 5097 2402 5139 ex
2431 5083 2547 5140 hac
2577 5083 2742 5142 Parte
2767 5082 3081 5156 investiga.
3105 5086 3217 5152 Qui
3246 5085 3492 5144 oculum

1701 5324 1908 5384 ΝΟΤᾹΞ

212 5471 320 5542 (38)
356 5472 624 5544 Ejusdem
657 5472 778 5530 fere
799 5470 1137 5544 argumenti
1168 5472 1307 5528 sunt
1336 5472 1557 5543 quaest.
1601 5468 1823 5526 XXXVII
1860 5473 1916 5524 et
1948 5468 2083 5524 Clll.

3339 5600 3441 5655 ⁴ιι
