4140 6198
424 212 528 281 351

1666 204 1900 277 PHOTII
1941 201 2427 277 PATRIARCHE
2466 204 2572 277 cii.

3690 210 3796 280 352

417 362 527 420 pro
546 346 720 403 oculo
744 338 1006 417 judicem
1027 352 1292 401 resecare
1317 345 1505 416 jubet,
1530 347 1760 409 timore,
1792 351 1856 400 ut
1885 351 2064 418 patet,

2185 346 2517 419 ἓφιλοσοφεῖν,
2594 352 2690 405 τήν
2769 354 3069 419 συμφωνίαν
3150 348 3318 400 αύτῶν
3398 349 3623 401 ἐντεῦθεν
3708 349 3801 401 ἔπ-

418 452 492 492 ne
513 451 650 507 qua:
678 451 797 490 non
825 434 958 490 licet
982 434 1180 503 fugere
1204 434 1596 497 incurrantur,
1622 435 1934 490 scelestam
1965 452 2066 491 au-

417 523 655 579 daciam
687 529 859 578 arcet.
897 524 1087 578 Virtus
1119 528 1320 578 autem
1366 539 1501 595 quae
1533 524 1755 579 nullam
1791 525 2067 593 permittit

417 612 851 681 defensionem,
877 612 956 683 inj
970 614 1093 667 uria
1112 612 1389 667 aﬂectum
1412 612 1633 684 cupida
1662 618 1859 667 mente
1887 618 1940 667 et
1964 613 2069 667 hu-

419 718 601 758 mana
632 701 903 757 molestia
935 703 1424 772 praestantiorem,
1458 710 1514 756 et
1545 702 1942 757 admiratione
1985 702 2069 755 di-

416 806 601 863 gnum
626 791 927 863 praedicat.
951 792 1203 861 Utroque
1235 790 1416 845 modo
1443 790 1917 845 benevolentiam
1944 806 2073 862 pro-

416 880 725 935 cedentem
761 879 959 933 videre
999 878 1149 942 licet,
1184 884 1237 933 et
1267 878 1559 933 sinceram
1596 879 2069 934 misericordiam

417 968 478 1024 in
504 984 867 1038 congeneres
898 967 1200 1023 diffusam.
1232 969 1288 1023 Si
1314 974 1514 1023 autem
1548 974 1791 1039 utroque
1823 977 1956 1024 actu
1977 969 2074 1023 be—

416 1057 749 1113 nevolentia
792 1065 846 1111 et
889 1058 1285 1112 mansuetudo
1315 1057 1667 1122 ostenditur,
1705 1064 1863 1127 patet
1913 1056 2073 1128 leges

418 1147 569 1202 inter
612 1163 673 1201 se
714 1163 831 1201 non
867 1162 1153 1216 pugnare,
1188 1162 1380 1216 neque
1423 1162 1527 1215 per
1562 1145 1804 1200 alteram
1835 1145 2074 1200 alterius

417 1234 1026 1303 abrogationemtieri.
1052 1235 1368 1299 Quomodo
1389 1233 1551 1288 enim
1588 1234 1769 1288 ambo
1806 1234 2074 1305 proxime

416 1322 730 1378 hominum
750 1324 1001 1378 salutem
1018 1329 1599 1395 praeparassentzuna
1615 1323 1858 1394 quidem
1876 1338 2074 1377 eorum

417 1412 521 1484 qui
554 1412 804 1482 injustas
834 1428 1050 1467 manus
1077 1412 1410 1477 intendunt,
1438 1416 1633 1466 motus
1656 1427 1967 1478 coercens;
1995 1412 2073 1466 al-

421 1507 543 1557 tera
570 1501 789 1571 injuria
822 1500 1064 1555 aﬂectos
1096 1516 1277 1571 supra
1301 1516 1541 1555 omnem
1558 1500 1740 1554 animi
1769 1500 2077 1556 infirmita-

421 1595 536 1645 tem
569 1607 798 1662 ponens
825 1595 996 1645 eteos
1028 1589 1397 1645 contumeliae
1424 1589 1685 1643 motibus
1718 1590 1936 1643 servire
1952 1605 2073 1644 non

2177 436 2311 506 όφει.
2341 443 2397 487 Ὀ
2432 439 2536 508 μὴν
2562 436 2824 508 ὀφθαλμόν
2876 435 2987 488 ἀντὶ
3036 436 3303 509 ὀφθαλμοῦ
3348 441 3435 490 τὸν
3483 443 3667 509 κριτὴν
3709 438 3799 491 ἐκ-

2177 530 2383 576 κόπτειν
2434 523 2608 589 ἀξιὼν,
2657 525 2795 597 φόϐῳ
2840 522 3084 582 δηλονότι
3127 535 3216 579 τοῦ
3266 528 3447 578 παθεῖν
3492 527 3527 577 ἃ
3565 533 3635 598 μή
3686 526 3799 579 ἐστι

2179 620 2374 684 φυγεῖν,
2412 617 2505 669 τὴν
2558 612 2634 664 ἐπ’
2672 610 2878 675 ἀδίκοις
2922 614 3114 686 τόλμαν
3155 613 3454 667 ἀναστέλλει
3482 633 3493 644 ·
3528 616 3558 673 ἡ
3605 613 3664 667 δέ
3702 623 3798 667 τοῦ

2179 706 2249 773 μὴ
2302 700 2601 772 ἀμύνασθαι
2659 702 2811 775 ἀρετὴ
2859 706 2942 753 τὸν
3007 700 3323 774 ἠδικημένον
3372 710 3593 778 κρείττω
3650 725 3797 778 περι-

2180 791 2374 848 παθοῦς
2422 786 2706 852 διαθέσεως
2759 794 2848 841 καὶ
2895 790 3224 865 ἀνθρωπίνης
3270 790 3659 854 ἀντιλυπήσεως
3706 800 3797 846 καὶ

2184 878 2466 948 θαυμάζειν
2537 877 2973 952 ἀνακηρύττουσα
3046 880 3189 941 ἄξιον
3226 898 3237 910 ·
3294 878 3367 933 δι’
3435 881 3681 954 ἐκατέρου
3739 879 3799 935 δε

2181 970 2373 1036 τρόπου
2428 964 2540 1018 ἐστὶ
2595 972 2688 1025 τήν
2738 968 3125 1041 φιλανθρωπίαν
3181 971 3305 1043 όρᾴν
3356 978 3645 1042 προϊοῦσαν
3700 978 3796 1024 καὶ

2181 1056 2406 1125 καθαρόν
2459 1059 2545 1106 τὸν
2597 1056 2730 1108 Elter
2790 1055 2873 1108 ἐπὶ
2924 1064 3034 1118 τοῖς
3087 1058 3367 1129 ὁμοφύλοις
3418 1065 3794 1133 προχεόμενον.

2182 1143 2241 1196 Εἰ
2292 1140 2349 1195 δε
2396 1140 2464 1195 δι²
2510 1144 2753 1216 ἑκατέρας
2796 1145 3032 1219 πράξεως
3070 1147 3100 1203 η
3150 1146 3509 1220 φιλανθρωπίά
3557 1154 3644 1200 καὶ
3675 1152 3799 1221 ἠμε-

2180 1236 2336 1303 ρότης
2389 1237 2700 1285 συνίσταται
2752 1230 2910 1291 δῆλον
2966 1236 3045 1286 ὃτι
3104 1233 3329 1307 οὐδεμία
3388 1239 3621 1309 μάχεται
3679 1246 3798 1300 ταῖς

2183 1320 2421 1387 ἐντολαῖς,
2473 1318 2596 1374 οὐδὲ
2652 1325 2792 1396 παρὰ
2859 1325 3076 1397 θατέρας
3130 1326 3159 1381 ἡ
3210 1332 3305 1386 τῆς
3355 1325 3529 1399 ἐτέρας
3590 1326 3802 1403 ἀναίρε-

2185 1429 2288 1472 σις.
2344 1418 2453 1471 Πῶς
2504 1414 2605 1485 γὰρ
2656 1410 2715 1462 ἀν
2774 1412 3156 1485 παραπλησίως
3213 1416 3369 1486 ἄμφω
3416 1420 3509 1473 τὴν
3550 1426 3651 1468 τῶν
3711 1418 3795 1469 ἀν-

2185 1502 2398 1571 θρώπων
2447 1506 2708 1573 σωτηρίαν
2753 1505 3136 1564 κατεσκεύαζον
3176 1523 3187 1534 ·
3245 1505 3271 1560 ἡ
3305 1507 3395 1574 μὲν
3434 1513 3531 1555 τῶν
3574 1503 3795 1569 ἀδίκους

2183 1595 2369 1660 χεῖρας
2427 1587 2852 1641 ἐπανατεινόντων
2924 1596 3012 1648 τὴν
3072 1592 3238 1665 ὁρμὴν
3305 1590 3714 1645 ἀνακόπτουσα·
3761 1597 3789 1653 ή

419 1680 614 1736 sinens
653 1679 681 1735 ?
713 1683 775 1735 Et
806 1680 989 1735 altera
1019 1679 1210 1750 qualis
1241 1680 1298 1733 in
1332 1680 1566 1750 qualem
1605 1679 1753 1735 ictus
1790 1679 2072 1749 injecerit,

2185 1673 2245 1729 δὲ
2288 1681 2408 1737 τούς
2456 1674 2807 1749 ἠδικημένους
2836 1678 3153 1753 ὑψηλότερον
3194 1681 3564 1753 μικροψυχίας
3615 1684 3795 1745 πάσης

420 1774 475 1825 et
512 1769 818 1841 quomodo
844 1786 966 1840 qua
991 1768 1212 1837 dignus
1244 1773 1367 1823 erat
1399 1767 1621 1823 fortiori
1657 1784 1894 1839 ptenam
1927 1766 2075 1823 inﬂi-

417 1859 579 1924 xerit,
612 1864 669 1914 et
691 1856 877 1913 multa
907 1858 1018 1912 alia
1045 1873 1149 1929 per
1179 1857 1287 1912 bas
1318 1856 1470 1912 duas
1504 1856 1790 1912 salutares
1822 1862 1876 1911 et
1908 1856 2076 1911 utiles

420 1947 579 2016 leges
604 1948 662 2003 in
692 1963 877 2001 unum
910 1954 1270 2002 concurrunt
1301 1951 1355 2001 et
1380 1946 1763 2017 adaptantur.

2184 1768 2390 1817 τιθεῖσα
2445 1770 2534 1817 καὶ
2582 1766 2674 1817 ούκ
2726 1766 2949 1829 ἀξιοῦσα
3003 1764 3262 1821 δουλεύειν
3301 1773 3519 1822 πάθεσιν
3574 1771 3790 1845 ὕϐρεως.

2189 1861 2287 1907 Καὶ
2319 1856 2347 1911 ἠ
2381 1857 2470 1926 μεν
2498 1851 2811 1907 δεικνύουσα
2834 1858 2941 1916 οἷος
2971 1858 3090 1909 καθ’
3118 1858 3229 1909 οἵου
3252 1863 3345 1917 τήν
3365 1858 3573 1931 πληγήν
3604 1860 3791 1933 ἀφῆκε,

2185 1949 2274 1995 καὶ
2305 1946 2372 2004 ὡς
2416 1943 2441 1994 ό
2476 1946 2657 1996 παθεῖν
2702 1944 2841 2007 ἄξιος
2878 1950 2966 1997 τὸν
3010 1952 3221 2019 κρείττω
3262 1946 3626 2021 ἐτιμωρήσατο
3660 1968 3671 1979 ⁸
3702 1955 3793 2002 καὶ

421 2036 583 2088 πολλὰ
615 2036 744 2087 ἄλλα
770 2033 842 2088 δι’
873 2035 1058 2107 ἀμφοῖν
1087 2044 1185 2086 τῶν
1210 2035 1421 2086 ἐντολῶν
1457 2044 1552 2087 τῶν
1584 2030 1933 2107 σωτηριωδῶν
1962 2039 2050 2086 καὶ
2082 2032 2345 2106 ὠφελίμων
2378 2032 2448 2094 εἰς
2478 2031 2526 2084 ἓν
2560 2038 2835 2106 συντρέχει
2866 2041 2953 2086 καὶ
2987 2040 3453 2110 συναπαρτίζεται.

776 2135 1091 2198 ΟυΑΞδΤΙΟ
1117 2134 1324 2188 XLVII.
1360 2131 1429 2205 [Α
1444 2135 1483 2188 ι.
1514 2133 1715 2203 XLVI.)

423 2232 666 2287 Domino
691 2233 921 2288 dicente
954 2252 966 2290 :
1002 2250 1029 2281 α
1064 2234 1158 2287 Ex
1198 2238 1371 2299 patre
1414 2231 1637 2286 diaboli
1667 2231 1816 2295 estis,
1851 2251 1879 2281 »
1918 2246 2071 2301 qua:-

454 2305 634 2359 rimus
654 2320 823 2374 quem
846 2304 1005 2359 dicat
1034 2304 1325 2358 diabolum
1351 2309 1403 2359 et
1431 2318 1592 2373 quem
1618 2309 1846 2371 patrem
1872 2300 2039 2371 ejus?

2733 2137 3045 2185 ΕΡΩΤΗΣΙΣ
3085 2132 3213 2187 ΜΖ’.

2182 2235 2287 2306 Τοῦ
2317 2233 2519 2306 ’Κυρίου
2550 2227 2781 2306 λέγοντος
2814 2249 2826 2260 ·
2861 2249 2888 2279 (‹
2920 2229 3089 2302 Ὑμεῖς
3114 2230 3171 2282 ἐκ
3196 2239 3290 2306 τοῦ
3314 2237 3511 2306 πατρὸς
3543 2243 3634 2286 τοῦ
3667 2231 3794 2286 δια-

2256 2298 2412 2350 ϐόλου
2448 2298 2585 2367 ἐστὶ,
2614 2298 2873 2373 ζητοῦμεν
2912 2298 3028 2354 τίνα
3065 2302 3199 2373 λέγει
3241 2298 3505 2369 διάϐολον,
3554 2310 3643 2357 καὶ
3674 2312 3792 2358 τίνα

2255 2374 2341 2422 τόν
2373 2376 2570 2441 πατέρα
2602 2372 2761 2423 αὐτοῦ
2782 2391 2794 2437 ;

889 2471 1041 2521 Edita
1065 2471 1131 2520 ab
1160 2477 1294 2533 Ang.
1323 2471 1477 2525 Maio,
1509 2470 1542 2517 l.
1572 2484 1637 2526 c.,
1670 2484 1721 2532 p.
1754 2471 1916 2518 36-40.
1949 2470 2019 2516 De
2050 2471 2201 2531 patre
2230 2467 2447 2523 diaboli,
2486 2483 2578 2516 seu
2605 2468 2669 2517 dc
2700 2469 2816 2517 loco
2846 2468 3041 2519 Joann.
3069 2483 3200 2527 VIII.
3232 2472 3307 2521 44.

493 2570 621 2624 Non
644 2568 854 2624 eodem
880 2569 1080 2633 modo,
1115 2569 1212 2641 qui
1244 2586 1354 2625 nos
1378 2574 1825 2641 praecesserunt,
1853 2568 1927 2623 de
1958 2568 2070 2623 hac

420 2659 757 2730 quaestione
795 2658 1019 2729 opinati
1053 2664 1210 2713 sunt.
1246 2657 1355 2712 Alii
1400 2659 1559 2713 enim
1598 2657 1801 2712 dicunt
1840 2663 2069 2728 patrem

421 2746 641 2802 diaboli
660 2764 796 2802 eum
815 2762 945 2802 esse
963 2748 1055 2818 qui
1078 2746 1137 2801 in
1157 2763 1459 2801 summam
1490 2746 1782 2802 malitiam
1804 2746 2072 2802 ascendit

421 2840 479 2891 et
518 2835 620 2907 qui
665 2834 888 2890 diaboli
935 2836 994 2889 in
1025 2850 1084 2889 se
1117 2834 1527 2905 multiplicavit
1565 2833 1737 2901 fetus,
1770 2840 1825 2889 et
1860 2837 2069 2888 multo~

2253 2571 2498 2641 Διάφορος
2538 2564 2668 2630 δόξα
2715 2576 2822 2630 τοῖς
2866 2572 2965 2644 πρό
3012 2573 3155 2642 ἡμῶν
3203 2576 3317 2645 περὶ
3350 2575 3536 2624 τούτου
3571 2579 3787 2646 προελή-

2179 2656 2300 2707 λυθε
2362 2664 2451 2707 τοῦ
2520 2657 2840 2728 ζητήματος.
2898 2662 2963 2710 0i
3017 2663 3108 2731 μὲν
3164 2663 3265 2732 γὰρ
3320 2659 3534 2732 λέγουσι
3587 2669 3791 2738 πατέρα

2181 2753 2271 2797 του
2352 2742 2619 2810 διαϐόλου,
2688 2751 2773 2799 τόν
2843 2747 2909 2807 εἰς
2987 2750 3144 2821 οῖκρον
3224 2755 3411 2812 κακίας
3483 2750 3741 2804 ἐλάσαντα
3776 2773 3787 2783 ·

2183 2840 2271 2885 καὶ
2324 2842 2413 2885 τοῦ
2469 2843 2697 2908 πονηροῦ
2750 2838 2797 2887 ἐν
2858 2836 3030 2906 ἐαυτῷ
3098 2837 3631 2891 πολλαπλασιάσαντα
3681 2860 3792 2911 γεν-

422 2896 701 2980 ιίθελδιθε
734 2929 897 2979 actus
948 2924 1151 2993 genuit
1204 2896 1413 2993 quales
1468 2939 1659 2995 neque
1714 2896 1842 2994 ipse
1875 2921 2070 2977 malus

2185 2930 2404 2994 νήματα,
2470 2930 2559 2975 καὶ
2633 2923 2875 2985 πολλάκις
2938 2926 3098 2977 πολλά
3170 2925 3485 2980 ἀποτεκόντα
3550 2933 3792 2990 τοιαύτας

420 3014 579 3085 prius
604 3030 787 3069 ausus
816 3020 989 3068 esset.
1028 3012 1083 3068 Si
1115 3014 1215 3078 ita,
1249 3011 1323 3068 sit
1348 3012 1494 3068 nihil
1523 3012 1770 3083 impedit
1799 3012 1944 3085 quin
1972 3027 2072 3083 pa-

424 3108 507 3159 ter
537 3108 712 3175 partu
738 3119 945 3157 eorum
976 3118 1111 3174 quae
1138 3119 1173 3157 a
1203 3118 1263 3157 se
1295 3104 1586 3174 prodeunt
1615 3101 1851 3157 inferior
1880 3101 2072 3157 factus

423 3192 696 3248 ordinem
724 3192 823 3246 filii
855 3192 1170 3261 suscipiat;
1203 3191 1297 3246 ille
1328 3208 1468 3247 vero
1486 3192 1588 3262 qui
1616 3190 2074 3262 quodammodo

423 3283 746 3351 genitorem
775 3281 972 3349 genuit
999 3282 1057 3335 in
1081 3286 1396 3351 paternum
1424 3279 1694 3335 habitum
1721 3286 2077 3335 transmuta-

425 3375 517 3425 tus
544 3371 636 3425 sit.
672 3372 739 3425 Ut
775 3369 937 3435 Cain,
981 3369 1025 3423 si
1056 3369 1214 3424 velis.
1250 3369 1462 3425 Multos
1482 3369 1643 3424 enim
1673 3369 1767 3424 ille
1798 3368 2075 3425 diabolos

424 3458 627 3531 genuit
655 3474 667 3513 :
700 3457 760 3513 id
778 3463 887 3521 est,
912 3464 1233 3529 postquam
1249 3458 1472 3513 diaboli
1501 3458 1765 3513 actiones
1780 3458 2071 3529 concepit,

422 3563 524 3603 eas
553 3548 780 3619 peperit
820 3547 1090 3601 nondum
1149 3546 1384 3601 dolores
1450 3547 1739 3617 puerperii
1801 3546 2077 3601 solvendi

423 3636 583 3709 prius
622 3636 943 3692 audaciam
972 3635 1281 3699 habentes,
1317 3636 1628 3691 mendacio
1657 3636 1848 3690 nitens
1876 3634 2077 3691 fallere

425 3740 546 3781 non
577 3724 763 3781 alium
793 3724 1143 3797 quemdam,
1180 3724 1286 3778 sed
1318 3740 1455 3779 eum
1488 3725 1589 3795 qui
1622 3727 1828 3779 omnia
1856 3728 1913 3779 et
1941 3728 2077 3780 ante

424 3819 621 3870 ortum
645 3813 854 3879 noscit,
870 3810 1259 3868 dolofratrem
1287 3812 1618 3883 alloquens,
1640 3811 1911 3868 etdolum
1941 3828 2078 3868 con-

425 3909 514 3959 tra
538 3903 893 3959 charissima
925 3903 1153 3957 viscera
1183 3901 1494 3957 intendens
1524 3902 1748 3957 amoris
1793 3907 2078 3974 praetextu

425 3996 740 4057 occultum,
769 3992 997 4048 caadem
1028 3990 1287 4047 fraterna
1343 3991 1583 4047 dextera
1639 4007 1989 4063 exsequens,
2023 3996 2080 4047 et

426 4086 643 4138 terram
669 4081 887 4152 primus
909 4079 1178 4135 humano
1201 4081 1491 4149 sanguine
1518 4078 1867 4151 inquinans,
1895 4080 2077 4136 ictum

423 4170 791 4241 genitoribus
822 4166 1225 4226 insanabilem
1258 4168 1537 4225 inferens.
1566 4169 1631 4223 Et
1661 4170 1821 4241 quod
1852 4168 2075 4233 dicant,

422 4274 563 4315 eum
594 4264 657 4315 ut
691 4264 896 4331 partus
931 4258 1262 4313 mercedem
1292 4256 1554 4327 exegisse
1586 4264 1778 4313 utnon
1794 4258 2075 4313 secundis
2113 4248 2155 4301 Ι)

422 4348 713 4421 partubus
734 4346 1073 4411 exsultaret,
1106 4346 1346 4403 stultitia
1377 4352 1433 4402 et
1458 4348 1921 4402 contradictione
1953 4364 2078 4403 ma-

424 4437 639 4494 nifesta
678 4436 1075 4509 praecedentia
1116 4434 1323 4491 labore
1371 4434 1768 4503 convincunt;
1804 4440 1857 4491 et
1912 4452 2078 4508 quae-

423 4542 661 4599 cunque
715 4525 830 4582 alia
880 4524 1243 4580 istiusmodi.
1306 4526 1424 4579 Etsi
1472 4540 1611 4580 vero
1664 4540 1736 4579 ex
1787 4525 2075 4596 oppositis

426 4615 644 4671 similia
657 4614 1041 4688 probabiliter
1057 4613 1378 4685 intelligere
1391 4613 1539 4668 licet.
1552 4615 1594 4679 Q
1606 4614 2077 4670 uemadmodum

423 4704 519 4761 ille
548 4704 651 4777 qui
681 4703 741 4758 in
772 4708 1103 4759 extremam
1139 4703 1415 4759 virtutem
1436 4702 1616 4774 hujus
1645 4703 1806 4774 quod
1834 4704 2077 4759 sanctis-

424 4793 644 4849 simum
694 4798 778 4848 est
805 4791 1277 4863 frequentatione
1307 4797 1364 4848 et
1413 4790 1763 4847 efﬁcacitate
1794 4792 2072 4864 pervenit,

424 4887 481 4938 et
500 4883 561 4937 in
591 4899 652 4937 se
676 4881 930 4952 gratiam
958 4878 1315 4952 multiplicat
1337 4886 1392 4936 et
1412 4880 1608 4936 multis
1632 4881 1875 4937 salutari
1904 4886 2077 4954 partu

427 4969 584 5028 utilis
627 4971 714 5036 ﬁt,
758 4986 1053 5041 generans
1102 4971 1284 5027 Deum
1328 4970 1567 5043 spiritus
1602 4971 1857 5026 dicitur:
1899 4992 1926 5023 «
1971 4974 2078 5027 Per

425 5058 701 5117 timorem
737 5060 895 5115 enim
926 5065 999 5125 te,
1030 5060 1292 5127 Domine,
1324 5062 1383 5115 in
1416 5061 1547 5115 siuu
1578 5067 1780 5116 nostro
1809 5062 2075 5132 concepi-

425 5166 561 5206 mus
590 5154 646 5205 et
674 5146 1015 5220 peperimus
1033 5154 1089 5204 et
1110 5148 1425 5220 genuimus
1451 5168 1463 5217 ;
1500 5149 1774 5221 spiritum
1803 5149 2077 5205 salutaris

425 5239 512 5295 tui
541 5239 602 5295 in
631 5243 783 5294 terra
814 5238 1298 5308 generavimus"
1323 5256 1337 5307 ;
1372 5260 1398 5288 ››
1419 5240 1497 5294 ita
1525 5254 1666 5294 sane
1697 5239 1871 5310 quiin
1900 5243 2079 5294 extre-

428 5344 595 5387 mam
624 5327 912 5383 malitiam
944 5328 1204 5399 pervenit
1233 5328 1436 5396 homo,
1470 5328 1727 5399 improbi
1759 5327 1989 5384 semina
2018 5328 2079 5385 in

431 5434 493 5475 se
506 5417 871 5490 concipiens,
886 5421 1251 5489 partumque
1271 5422 1327 5472 et
1345 5417 1647 5487 genimina
1658 5416 2077 5489 multiplicans,

428 5508 673 5582 gignere
685 5505 994 5564 diabolum
1012 5506 1221 5563 merito
1238 5506 1536 5564 diceretur
1548 5510 1603 5564 et
1615 5514 1774 5579 pater
1790 5507 1919 5579 ejus
1932 5523 2078 5564 esse.

501 5616 551 5658 ⁸⁸
594 5614 751 5676 Psal.
787 5630 939 5686 xxvi,
965 5618 1051 5673 18.

2184 3012 2412 3085 πράξεις,
2466 3016 2579 3075 όῖας
2650 3012 2709 3063 ἂν
2786 3015 2810 3065 ό
2882 3019 3105 3089 πονηρός
3181 3016 3273 3067 οῦκ
3332 3015 3584 3089 ἐτόλμησε
3668 3026 3790 3092 πρό·

2183 3120 2352 3174 τερον,
2405 3102 2462 3154 Εἰ
2516 3099 2573 3153 δε
2619 3111 2785 3153 ταῦτα
2817 3100 2966 3155 ούδεν
3005 3104 3189 3157 κωλύει
3219 3110 3307 3157 καὶ
3347 3110 3433 3157 τόν
3478 3112 3677 3182 πατέρα
3720 3118 3793 3180 τῷ

2184 3196 2317 3261 τόκῳ
2362 3200 2460 3242 τῶν
2510 3190 2563 3254 ἐξ
2613 3192 2774 3244 αὐτοῦ
2826 3192 3170 3265 προελθόντων
3220 3195 3586 3265 έλαττωθέντα,
3635 3198 3793 3249 αύτόν

2184 3283 2272 3352 μὲν
2315 3284 2407 3337 τὴν
2454 3288 2545 3332 τοῦ
2577 3283 2692 3332 υἱοῦ
2722 3280 3028 3351 μεταλαϐεῖν
3058 3283 3224 3349 τάξιν,
3258 3288 3342 3336 τόν
3394 3281 3453 3336 δὲ
3495 3286 3797 3345 πλεονεκτή-

2188 3389 2352 3422 σαντα
2397 3372 2445 3421 ἐν
2491 3378 2549 3442 τῇ
2604 3376 2764 3443 κακίᾳ
2817 3378 2905 3423 καὶ
2946 3378 3132 3445 τρόπον
3181 3376 3297 3425 τινὰ
3341 3378 3426 3426 τόν
3472 3381 3795 3444 γεννήσαντα

2184 3464 2529 3529 γεγεννηκότα
2579 3460 2651 3521 εἰς
2704 3465 2794 3518 τήν
2848 3467 3098 3532 πατρικὴν
3156 3461 3527 3534 ἀντιμετελθεῐν
3579 3470 3792 3536 σχίσιν.

2188 3545 2308 3599 Οἷον
2340 3550 2365 3599 ό
2398 3549 2551 3611 Καίν,
2585 3549 2629 3600 εἰ
2682 3548 2884 3621 βούλεον
2910 3570 2921 3581 ο
2953 3550 3170 3611 πολλούς
3211 3555 3313 3625 γὰρ
3355 3553 3501 3613 οὗτος
3530 3552 3642 3626 άμα
3671 3550 3794 3606 δια-

2188 3635 2363 3697 ϐόλους
2430 3654 2637 3689 τετοκεο
2676 3642 2917 3691 τουτέστι
2964 3642 3053 3700 τάς
3109 3648 3202 3692 τοῦ
3275 3638 3523 3693 διαϐόλου
3586 3642 3797 3715 πράξεις

2191 3726 2455 3778 συλλαϐὼν
2494 3726 2804 3791 ἀπεκύησεν,
2849 3732 2992 3781 οῦπω
3031 3734 3279 3804 πρότερον
3335 3733 3523 3803 θάρσος
3566 3732 3797 3803 ἐχούσας

2186 3814 2322 3867 λύειν
2369 3819 2461 3878 τὰς
2509 3813 2719 3879 ὠδῖνας,
2774 3814 2959 3888 ψεύδει
3014 3822 3302 3890 φενακίζειν
3350 3818 3629 3893 ἐπιχειρῶν
3689 3822 3797 3892 οὐχ

2186 3906 2353 3977 ἕτερόν
2399 3925 2533 3970 τινα,
2578 3904 2707 3957 ἀλλά
2748 3909 2834 3957 τὸν
2887 3910 3053 3958 πάντα
3103 3913 3190 3959 καὶ
3239 3913 3361 3981 πρὶν
3414 3913 3660 3979 γενέσεως
3710 3909 3799 3961 ἐπ-

2190 3998 2479 4067 ιστάμενον,
2540 3992 2715 4067 ἀπάτη
2767 4001 3146 4068 μετερχόμενος
3192 3993 3411 4069 ἀδελφόν
3440 4013 3453 4027 °
3502 4003 3591 4050 καὶ
3642 3995 3797 4050 δόλον

2187 4086 2322 4135 κατά
2368 4092 2463 4135 τῶν
2511 4084 2729 4154 φιλάτων
2786 4084 3102 4155 σπλάγχνων
3148 4085 3374 4137 ἐντείνων
3423 4095 3511 4147 τῆς
3566 4096 3797 4161 στοργῆς

2188 4181 2260 4243 τῷ
2322 4176 2565 4245 σχήματι
2641 4172 3043 4245 καλυπτόμενον,
3110 4179 3258 4246 φόνον
3333 4172 3583 4248 ἀδελφικῇ
3642 4173 3796 4248 δεξιᾳ

2189 4262 2581 4333 παλαμωμενος,
2612 4266 2701 4313 καὶ
2731 4266 2823 4320 τήν
2848 4271 2945 4330 γῆν
2966 4272 3165 4334 πρῶτος
3197 4272 3309 4326 τοῖς
3339 4265 3645 4338 ἀνθρωπίνῳ
3671 4269 3798 4319 καθ-

2188 4349 2413 4424 υϐρίζων
2463 4352 2667 4422 αἰματι,
2722 4350 2928 4421 πληγήν
2990 4350 3192 4423 ἐπάγων
3240 4362 3349 4416 τοῖς
3400 4360 3798 4427 γεννησαμένοις

2188 4439 2530 4513 ἀθεράπευτον
2566 4457 2577 4467 ·
2611 4445 2699 4491 καὶ
2743 4448 2831 4492 τοῦ
2876 4446 3029 4493 τόκου
3079 4445 3269 4514 μισθόν
3318 4443 3575 4510 ἀπαιτεῖν,
3622 4448 3680 4496 τό
3720 4451 3793 4516 μή

2190 4524 2449 4602 δευτέροις
2492 4533 2659 4589 τόκοις
2705 4527 3106 4600 ἐπαγάλλεσθαι,
3142 4530 3359 4604 ἀπονοίᾳ
3397 4536 3484 4584 καὶ
3531 4532 3801 4607 ἀντιλογίᾳ

2189 4617 2531 4691 χαλεπωτέρᾳ
2575 4619 2641 4669 τὰ
2685 4620 2958 4690 φθάσαντα
2994 4615 3335 4691 διελέγχουσι
3360 4639 3371 4649 ·
3401 4626 3491 4673 καὶ
3533 4624 3634 4675 ὅσα
3667 4623 3799 4675 ἄλλα

2188 4714 2426 4758 τοιαῦτα.
2480 4706 2539 4759 Εἰ
2592 4703 2650 4759 δε
2696 4712 2783 4759 καὶ
2834 4707 2888 4759 ἐκ
2928 4716 3026 4760 τῶν
3072 4708 3309 4762 ἐναντίων
3353 4713 3492 4762 ἐστὶν
3538 4710 3799 4784 ἀναλόγως

2187 4799 2252 4848 τά
2292 4798 2447 4868 ὃμοια
2490 4802 2709 4869 συνορᾴν
2742 4814 2755 4827 ·
2788 4800 2959 4872 ὥσπερ
2992 4799 3017 4849 ό
3050 4798 3121 4861 εἰς
3165 4798 3321 4873 ἄκρον
3370 4797 3557 4873 ἀρετῆς
3599 4808 3661 4873 τῇ
3704 4810 3798 4854 τοῦ

2188 4890 2445 4956 παναγίόυ
2536 4888 2735 4945 πάντως
2800 4884 3121 4958 ἐπιφοιτήσει
3191 4894 3279 4941 καὶ
3342 4888 3568 4962 ἐνεργείᾳ
3633 4892 3795 4956 ήκων,

2190 4979 2276 5026 καὶ
2308 4974 2743 5037 πολυπλασιάζων
2793 4972 2839 5026 ἐν
2888 4975 3053 5048 ἐαυτῳ
3100 4982 3193 5035 τὴν
3242 4980 3423 5050 χάριν,
3456 4984 3545 5030 καὶ
3588 4978 3799 5040 πολλοῖς

2191 5064 2437 5135 ὠφέλιμος
2489 5069 2578 5115 καὶ
2630 5070 2912 5136 σωτηρίοις
2968 5075 3039 5135 τῷ
3088 5072 3221 5138 τόκῳ
3259 5072 3539 5139 γενόμενος,
3597 5076 3802 5140 πνεῦμα

2190 5151 2386 5223 λέγεται
2416 5155 2589 5204 τικτόν
2619 5157 2767 5207 Θεοῦ.
2808 5156 2902 5205 Διά
2943 5157 3043 5225 γὰρ
3077 5158 3163 5206 τόν
3198 5155 3351 5227 φόϐον
3384 5175 3497 5219 σου,
3536 5159 3712 5229 Κύριε,
3748 5160 3798 5209 ἐν

2191 5246 2402 5316 γαστρὶ,
2484 5240 2724 5313 ἐλάϐομεν
2803 5247 2891 5295 καὶ
2971 5240 3301 5317 ὠδινήσαμεν
3377 5250 3466 5297 καὶ
3538 5243 3795 5319 ἕτέκομεν,

2191 5338 2393 5402 πνεῦμα
2442 5335 2701 5404 σωτηρίου
2743 5350 2837 5384 σου
2886 5332 3179 5404 ἐκύησαμεν
3220 5332 3303 5386 ἐπὶ
3355 5342 3443 5396 τῆς
3488 5342 3602 5405 γῆς.
3644 5334 3799 5386 Οὕτω

2197 5415 2289 5487 δὴ,
2322 5419 2457 5472 οὕτω
2504 5423 2591 5471 καὶ
2622 5421 2647 5471 ό
2685 5419 2754 5482 εἰς
2805 5421 2962 5494 ἄκρον
2990 5428 3171 5483 κακίας
3210 5421 3399 5485 ἐλάσας
3427 5424 3695 5499 ἄνθρωπος
3734 5423 3801 5477 τὰ

2199 5515 2289 5561 τοῦ
2334 5515 2563 5581 πονηροῦ
2618 5511 2894 5582 σπέρματα
2942 5508 2990 5563 ἓν
3046 5510 3211 5583 ἑαυτῷ
3266 5510 3530 5566 συλλαϐὼν
3579 5516 3669 5565 καὶ
3702 5532 3798 5567 πο-
