4140 6198
234 236 336 305 353

1258 240 1354 306 Al)
1392 236 1936 309 AMPHlLOCHlUM
1977 241 2300 322 QUASSTIO
2354 244 2572 312 XLVII.

3492 251 3599 316 354

228 373 597 437 λῦπλασιάσας
645 377 732 428 τόν
760 380 908 429 τόκον
945 380 1035 428 καὶ
1059 377 1124 429 τὰ
1153 383 1243 437 τῆς
1270 381 1524 452 πονηρίας
1551 382 1819 452 κυήματα,
1847 383 2037 433 τίκτειν
2063 379 2123 432 ἂν
2152 381 2358 442 εἰκότως
2381 380 2583 453 λέγοιτο
2615 383 2701 434 τόν
2733 373 2975 434 διάϐολον
3005 385 3094 435 καὶ
3119 386 3292 455 πατὴρ
3326 389 3601 457 χρηματί-

234 467 336 527 ζειν
368 464 553 519 αὑτοῦ.

297 555 366 604 Οἱ
433 549 493 606 δὲ

223 661 395 709 νουσι,
453 648 540 695 τόν
590 648 702 714 ὅφιν
759 641 820 696 δε
891 651 982 696 τοῦ
1056 640 1304 696 διαϐόλου
1373 649 1574 718 πατέρα
1643 645 1834 706 κληθή-

222 751 304 783 ναι
345 732 628 804 νομίζουσι
661 749 673 762 ·
722 730 913 800 διατί;
961 733 1082 785 ’0τὶ
1124 741 1322 805 πρῶτον
1354 735 1379 786 6
1412 737 1525 805 ὄφις
1566 739 1660 793 τὴν
1702 733 1836 787 ἐκεί-

221 840 313 872 νου
370 817 622 880 διαϐολήν
677 822 962 890 συλλαϐὼν,
1038 831 1100 896 τῇ
1149 823 1353 896 γλώττῃ
1411 822 1622 878 ἁπέτεκε
1673 842 1686 855 '
1732 828 1832 898 πρὸ

220 912 326 985 γὰρ
367 919 469 973 τῆς
511 909 786 984 ἀνθρώπου
829 913 1068 974 πλάσεως
1108 917 1199 965 καὶ
1236 920 1330 975 τῆς
1368 921 1458 966 τοῦ
1503 917 1658 986 ὄφεως
1705 915 1829 966 ὑπο-

226 1002 485 1066 στάσεως,
528 1000 622 1054 ούκ
676 997 738 1060 ἧν
793 1003 820 1053 6
873 1000 1142 1076 ἀπορρυεὶς
1193 1009 1290 1063 τῆς
1324 1000 1598 1074 ἁγγελικῆς
1649 1002 1830 1074 εὐγνω-

219 1093 457 1161 μοσύνης
500 1096 591 1143 καὶ
633 1091 845 1158 τάξεως,
885 1093 952 1142 τὰ
995 1091 1088 1143 τοῦ
1129 1088 1376 1144 διαϐόλου
1428 1094 1682 1166 πράττων,
1719 1096 1831 1144 καί·

221 1199 302 1232 τοι
357 1179 532 1240 ζητῶν
571 1183 733 1241 κακός
784 1179 912 1232 εἶναι
962 1184 1052 1232 καὶ
1081 1185 1262 1254 χώραν
1304 1181 1403 1232 οὐκ
1440 1183 1575 1252 ἔχων
1618 1200 1832 1254 παρεισ-

221 1265 429 1329 δύσεως
473 1288 485 1302 ’
542 1269 729 1322 ούκοῦν
771 1272 830 1322 τό
884 1269 1091 1345 ἑρπετόν
1145 1271 1170 1320 ὁ
1220 1274 1330 1342 ὄφις
1383 1273 1498 1331 τοὺς
1555 1267 1831 1330 διαϐόλους

218 1357 587 1430 ὶγκυμονήσας
639 1359 924 1431 λογισμούς
979 1364 1069 1411 καὶ
1125 1367 1187 1431 τῇ
1242 1359 1456 1432 γλώσσῃ
1512 1359 1720 1421 εἰκότως
1769 1359 1829 1410 ἂν

215 1455 314 1500 τοῦ
349 1444 602 1501 διαϐόλου
649 1453 826 1521 πατήρ
869 1447 1091 1520 λέγοιτο.
1143 1447 1300 1501 Ἀλλὰ
1345 1445 1513 1501 ταῦτα
1554 1451 1644 1521 μεν
1683 1449 1830 1522 ἔτερα

214 1545 448 1590 τοιαῦτα
473 1537 544 1598 εἰς
591 1536 874 1600 ἀνάπτυξιν
903 1545 998 1590 τοῦ
1042 1538 1226 1612 ῥητοῦ,
1255 1543 1333 1601 τίς
1373 1557 1428 1590 τε
1471 1537 1680 1590 καλοῖτο
1712 1534 1829 1589 διά-

214 1625 392 1693 ϐολος,
433 1632 524 1679 καὶ
574 1631 650 1688 τίς
702 1629 729 1679 6
773 1630 960 1680 τούτου
1009 1631 1207 1701 πατὴρ,
1255 1627 1440 1700 ἑτέροις
1486 1627 1825 1699 πεφιλοσόφη-

213 1735 311 1768 ται
358 1733 371 1746 ⁸
421 1716 537 1788 ἐμοὶ
604 1712 665 1769 δί
727 1718 820 1778 τὰς
886 1716 1157 1790 εἰρημένας
1222 1714 1482 1777 ἓπιλύσεις
1547 1720 1662 1768 οὔτε
1716 1715 1840 1776 λίαν,

214 1808 396 1858 ἔπεισι
461 1805 772 1878 θαυμάζειν,
818 1808 931 1859 οὔτε
989 1809 1078 1878 μὲν
1140 1805 1422 1878 φιλολόγων
1468 1802 1596 1858 εἶναι
1647 1809 1830 1865 πόνους

213 1890 431 1967 ἀνδρῶν
488 1913 499 1924 ·

217 1990 474 2056 συνορᾷν,
511 1980 833 2058 δικαιότεροι
859 1983 918 2034 ἂν
947 1980 1042 2036 εἶεν
1073 1983 1217 2036 οὗτοι
1247 1989 1336 2036 καὶ
1367 1989 1462 2042 τὴν
1494 1983 1684 2056 ἀμείνω
1713 1989 1831 2058 περὶ

213 2071 396 2123 αὐτῶν
463 2071 637 2143 ψῆφον
705 2071 977 2142 ἐξενεγκεῖν
1033 2088 1046 2100 ·
1107 2070 1141 2122 ἃ
1194 2067 1244 2122 δ’
1302 2069 1362 2123 ἂν
1405 2077 1666 2145 προσταίη
1719 2070 1831 2144 ἐμοί

587 550 857 630 οὐδέτερον
931 557 1022 628 μὲν
1110 562 1211 607 τῶν
1294 555 1570 628 εἰρημένων
1663 555 1831 631 ἐγκρί-

2015 559 2125 614 Alii
2183 575 2321 616 vero
2372 559 2518 615 nihil
2569 575 2637 615 ex
2690 559 2785 616 his
2843 559 3207 626 admittunt;
3257 565 3598 634 serpentem

1945 653 2142 704 autem
2167 649 2386 705 diaboli
2419 654 2648 720 patrem
2677 649 2880 706 vocari
2909 654 3139 720 putant.
3173 651 3366 716 Quare
3387 651 3415 707 ?
3445 650 3600 717 Quia

1942 736 2159 809 primo,
2191 743 2514 810 postquam
2548 754 2792 810 serpens
2824 740 2953 808 ejus
2984 739 3350 795 calumniam
3389 756 3599 796 conce-

1943 828 2046 896 pit,
2072 825 2276 896 lingua
2289 827 2527 898 peperit.
2559 828 2895 899 Antequam
2919 829 3078 883 enim
3105 828 3291 884 homo
3316 827 3600 886 efforma-

1940 917 2103 969 retur
2127 921 2182 970 et
2212 930 2458 987 serpens
2492 915 2856 979 subsisteret,
2892 917 2971 973 ab
3001 916 3275 987 angelica
3303 917 3599 990 sapientia

1942 1007 1995 1058 et
2021 1002 2229 1058 ordine
2260 1003 2362 1074 qui
2393 1009 2518 1060 erat
2547 1003 2844 1075 delapsus,
2892 1021 3012 1061 non
3040 1022 3224 1078 opera
3252 1005 3477 1062 diaboli
3509 1007 3598 1065 fa-

1940 1091 2149 1157 ciebat,
2191 1091 2390 1147 malus
2437 1097 2635 1148 tamen
2691 1109 2818 1149 esse
2875 1094 3194 1160 nitebatur,
3235 1111 3343 1151 nec
3393 1095 3594 1152 locum

1940 1179 2365 1238 transfusionis
2401 1181 2683 1238 habebat.
2717 1183 2899 1252 Igitur
2927 1184 3133 1254 reptile
3165 1184 3330 1256 quod
3357 1189 3444 1240 est
3471 1201 3592 1240 ser-

1940 1285 2088 1340 pens
2100 1269 2432 1326 diabolicos
2445 1271 3242 1342 concepitsensus,etlingua
3253 1273 3478 1330 diaboli
3491 1289 3592 1346 pa-

1938 1362 2026 1414 ter
2042 1358 2250 1414 merito
2267 1359 2581 1415 diceretur.
2597 1359 2853 1415 Sedhaac
2865 1361 3109 1432 quidem
3124 1361 3390 1418 aliatalia
3406 1363 3591 1418 uthoc

1937 1445 2162 1502 dictum
2183 1447 2522 1518 explanent,
2537 1449 2672 1520 quis
2689 1455 2930 1505 vocetur
2950 1449 3222 1506 diabolus
3236 1458 3291 1507 et
3305 1452 3440 1524 quis
3456 1452 3587 1522 ejus

1937 1540 2124 1608 pater,
2156 1535 2235 1592 ab
2264 1536 2393 1592 aliis
2431 1537 2710 1609 inquisita
2743 1545 2902 1596 sunt.
2933 1538 3064 1595 Mihi
3094 1555 3236 1596 vero
3274 1540 3589 1612 praedictas

1937 1623 2261 1680 solutiones
2315 1640 2434 1681 non
2467 1626 2625 1680 venit
2657 1625 2716 1681 in
2750 1632 3012 1682 mentem
3061 1627 3367 1698 admirari,
3393 1643 3589 1701 neque

1939 1717 2083 1784 puto
2107 1728 2209 1768 eas
2239 1727 2367 1768 esse
2387 1712 2699 1768 doctorum
2713 1714 2975 1769 virorum
2992 1731 3170 1786 opus.
3185 1716 3450 1781 Quivero
3461 1717 3590 1772 haec

1940 1802 2129 1873 magis
2161 1806 2408 1874 possent
2436 1802 2774 1873 intelligere,
2807 1803 2846 1858 ii
2877 1819 3020 1860 sane
3053 1804 3359 1862 meliorem
3390 1806 3465 1861 de
3493 1805 3590 1861 his

560 1897 700 1956 ὅσοις
754 1891 814 1947 δε
868 1894 1058 1966 μᾶλλον
1102 1897 1168 1946 τὰ
1215 1902 1434 1947 τοιαῦτα
1496 1897 1831 1967 εὐτρέπισται

1942 1891 2293 1946 sententiam
2337 1889 2488 1946 ferre
2519 1891 2799 1947 valerent.
2826 1894 2967 1958 Qum
2988 1898 3188 1950 autem
3221 1895 3366 1950 mihi
3390 1895 3590 1951 obsta-

1941 1984 2071 2034 rent
2090 1983 2146 2035 et
2165 1979 2312 2035 forte
2331 1979 2499 2036 alteri
2517 1981 2757 2037 cuidam
2782 1996 2858 2037 ne
2877 1983 3004 2053 ejus
3027 1983 3592 2053 perfectionemcon-

1942 2068 2183 2140 cipiam,
2204 2069 2332 2123 haec
2358 2069 2585 2125 ratione
2616 2085 2960 2142 persequor.

211 2178 276 2213 τε
300 2165 394 2213 καὶ
426 2163 555 2222 ἴσως
584 2161 734 2236 ἑτέρῳ
765 2167 865 2213 τινὶ
891 2164 982 2218 τήν
1014 2159 1310 2218 τελειότητα
1343 2164 1536 2223 ταύτης
1558 2166 1629 2233 μή
1659 2157 1984 2224 καταλαϐεῖν,
2015 2155 2184 2209 ἐκεῖνα
2220 2162 2310 2209 καὶ
2337 2154 2404 2216 δὴ
2434 2167 2505 2229 τῷ
2530 2158 2663 2231 λόγῳ
2695 2155 2730 2210 δ
2736 2159 2938 2232 ιέξειμι.

296 2256 512 2324 Πρῶτον
541 2253 631 2321 μεν
680 2245 920 2322 οὐδαμοῦ
967 2257 1063 2311 τῆς
1118 2251 1255 2324 ἱερᾶς
1298 2251 1443 2322 ἡμῶν
1490 2255 1698 2322 Γραφῆς
1742 2253 1833 2320 γέ·-

212 2357 355 2411 γονα
411 2334 638 2400 δυνατὸς
685 2340 867 2414 εὑρεῖν,
920 2339 1036 2391 οὔτε
1079 2339 1214 2390 κατὰ
1257 2340 1324 2390 τὰ
1368 2337 1684 2414 παλαιότερα
1739 2345 1835 2398 τῆς

212 2429 560 2500 νομοθεσίας,
619 2431 737 2480 οὔτε
789 2428 840 2480 έν
885 2428 958 2488 οἶς
1005 2429 1034 2486 ἠ
1095 2429 1260 2502 χάρις
1315 2431 1374 2479 τό
1427 2435 1521 2488 τῆς
1579 2426 1834 2487 εὐσεϐείας

214 2526 333 2590 φῶς
385 2517 743 2590 λαμπρότερον
796 2515 1086 2590 ἤστραψεν,
1147 2517 1390 2588 οὐμενοῦν
1447 2513 1684 2587 οὐδαμοῦ
1738 2535 1833 2568 πα-

212 2610 350 2680 τέρα
393 2607 512 2657 τινὰ
562 2613 655 2658 τοῦ
709 2601 958 2658 διάϐολου
1005 2603 1271 2677 λεγόμενον

213 2694 476 2756 πολλάκις
528 2700 742 2766 χωρίων
789 2691 1029 2768 περίοδοι
1081 2701 1178 2756 τῆς
1226 2701 1452 2766 πονηρᾶς
1503 2693 1693 2753 ἐκείνης
1743 2699 1832 2746 καὶ

1322 2623 1334 2634 ·
1369 2609 1601 2676 καίτοιγε
1647 2604 1831 2656 πολλαὶ

215 2783 506 2857 ἀλιτηρίου
559 2787 769 2857 μνήμην
816 2781 1228 2836 καταϐάλλονται
1274 2787 1623 2858 προαιρέσεως
1656 2804 1668 2815 ⁸
1709 2782 1834 2835 ἀλλὰ

217 2879 457 2925 Σατανᾶν
514 2876 604 2944 μὲν
661 2877 746 2926 καὶ
800 2868 1042 2924 διάϐολον
1098 2876 1188 2923 καὶ
1235 2870 1534 2929 ἀποστάτην
1586 2877 1675 2924 καὶ
1717 2879 1832 2923 νοῦν

215 2962 519 3036 ’Δσσύριον
567 2965 656 3013 καὶ
685 2970 785 3013 τῶν
826 2963 1000 3014 παθών
1031 2963 1268 3034 ἄρχοντα
1298 2966 1387 3012 καὶ
1416 2968 1514 3012 τῶν
1555 2969 1649 3022 τῆς
1673 2981 1831 3018 πονη-

217 3055 344 3126 ρίας
407 3051 717 3123 πνευμάτων
765 3049 1112 3112 έξουσιαστὴν
1172 3054 1262 3101 καὶ
1317 3051 1535 3102 τοιαῦτά
1587 3069 1702 3102 τινα
1748 3054 1834 3101 τόν

222 3139 533 3214 ἀρχέκακον
570 3138 762 3212 ἐχθρόν
793 3146 884 3191 τοῦ
922 3143 1096 3210 γένους
1148 3141 1292 3212 ἡμῶν
1337 3137 1710 3211 ὀνομαζόμενον
1758 3138 1836 3191 έκ-

224 3226 570 3283 διδάσκουσι
602 3247 615 3261 ·
647 3233 738 3281 καὶ
762 3231 874 3282 υἱόν
900 3229 1011 3281 ἔσθ’
1038 3230 1121 3280 ὅτε
1143 3224 1388 3280 διαϐόλου
1415 3227 1604 3300 μᾶλλον
1632 3231 1718 3280 τόν
1743 3231 1835 3291 τὰς

2012 2246 2208 2301 Primo
2257 2246 2465 2302 nullibi
2499 2252 2723 2303 sanctae
2763 2253 2982 2305 nostra:
3023 2249 3360 2322 Scripturaa,
3398 2266 3594 2324 neque

1941 2334 2104 2407 apud
2119 2335 2459 2407 antiquiora
2477 2336 2853 2410 legis,neque
2873 2338 3036 2410 apud
3059 2353 3130 2394 ea
3148 2339 3206 2394 in
3226 2339 3447 2412 quibus
3465 2355 3596 2410 gra-

1942 2425 2021 2480 tia
2046 2425 2280 2495 pietatis
2296 2424 2490 2480 lucem
2517 2425 2988 2496 splendidiorem
3005 2427 3472 2500 eﬁ‘udit,patrem
3487 2428 3598 2485 ali-

1941 2529 2120 2586 quem
2135 2513 2357 2569 diaboli
2371 2514 2596 2570 dictum
2616 2515 2882 2572 invenire
2898 2516 3092 2588 potui;
3115 2520 3172 2573 et
3193 2533 3336 2574 sane
3353 2518 3596 2590 quidem

1943 2601 2143 2658 multas
2173 2603 2231 2658 in
2262 2603 2462 2658 multis
2511 2603 2654 2659 locis
2694 2604 3074 2677 periphrases
3107 2605 3399 2678 improbae
3431 2607 3598 2663 istius

1942 2695 1997 2747 et
2055 2693 2306 2747 errantis
2349 2692 2674 2748 voluntatis
2733 2696 3086 2750 memoriam
3141 2700 3452 2764 statuunt;
3495 2696 3600 2750 sed

1945 2781 2226 2836 Satanam
2280 2781 2528 2853 quidem
2581 2788 2634 2838 et
2689 2781 2998 2838 diabolum
3050 2789 3105 2839 et
3164 2789 3497 2856 apostatam
3546 2789 3602 2839 et

1942 2870 2250 2940 Assyrium
2299 2870 2571 2941 spiritum
2631 2876 2684 2927 et
2725 2871 3121 2942 cupiditatum
3151 2873 3367 2928 ducem
3397 2878 3453 2928 et
3497 2874 3602 2927 im-

1943 2958 2269 3031 proborum
2342 2959 2657 3030 spirituum
2724 2960 3057 3027 dominum,
3119 2967 3175 3017 et
3226 2961 3342 3017 alia
3395 2961 3600 3032 hujus-

1946 3047 2130 3114 modi,
2164 3048 2461 3104 malorum
2495 3053 2800 3104 auctorem
2841 3056 2897 3103 et
2927 3049 3111 3105 nostri
3142 3050 3376 3121 generis
3407 3049 3602 3104 inimi-

1944 3153 2076 3192 cum
2091 3137 2466 3193 nominatum
2487 3137 2734 3203 docent;
2761 3154 3201 3208 nonnunquam
3215 3141 3394 3195 etiam
3410 3139 3597 3194 ﬁlium

1944 3225 2161 3282 diaboli
2191 3227 2383 3298 potius
2413 3242 2550 3282 eum
2595 3227 2702 3298 qui
2747 3228 2805 3283 in
2834 3243 2896 3282 se
2926 3227 3162 3284 funesta
3191 3229 3322 3300 ejus
3371 3229 3603 3285 semina

221 3319 517 3393 μοχθηρὰς
567 3317 729 3370 αύτοῦ
757 3318 912 3390 γονὰς
954 3315 1001 3368 ἐν
1053 3317 1218 3386 ἐαυτῷ
1270 3315 1594 3369 συλλαϐόντα
1649 3323 1831 3389 καὶτῷ

1945 3316 2215 3387 concepit
2241 3319 2296 3371 et
2326 3316 2539 3371 erroris
2557 3321 2730 3387 partu
2757 3315 2912 3371 ﬁlius
2946 3319 3268 3389 adoptatus
3295 3323 3400 3374 est.
3435 3317 3601 3373 Unde

219 3417 323 3470 τῆς
352 3407 555 3470 πλάνης
584 3411 716 3480 τόκῳ
773 3408 1158 3478 υίοθετούμενον
1209 3425 1222 3438 ο
1265 3405 1319 3468 ἐξ
1347 3406 1407 3458 οὗ
1444 3413 1533 3459 καὶ
1585 3409 1610 3458 ό
1660 3409 1837 3460 θεσπέ-

225 3517 348 3560 σιος
398 3495 607 3558 Παῦλος
644 3499 756 3549 υἱὸν
811 3492 1058 3549 διαϐόλου
1094 3498 1180 3548 τόν
1224 3495 1444 3568 Ἐλύμσν
1487 3495 1788 3568 ἐπωνόμασε
1821 3539 1832 3551 .

220 3591 435 3662 πατέρα
471 3593 565 3639 τοῦ
597 3583 848 3639 διαϐόλου
892 3590 1057 3659 μέχρι
1095 3593 1182 3637 νῦν
1214 3585 1381 3658 ἕτερόν
1430 3605 1546 3637 τινα
1587 3586 1680 3638 ούκ
1729 3586 1837 3658 έχω

219 3681 354 3738 τέως
422 3675 895 3752 ἀπισχυρίσασθαι
941 3680 1034 3734 τήν
1095 3677 1232 3745 ἱερὰν
1287 3675 1432 3748 ἡμῶν
1484 3673 1764 3733 έπιστάνην
1804 3677 1832 3735 ἣ

221 3764 662 3837 ἐπονομάζουσαν
698 3769 903 3838 Γραφήν
938 3783 950 3796 ·
986 3762 1092 3816 ἀλλ’
1134 3764 1182 3816 ἓν
1231 3765 1322 3836 μεν
1368 3771 1523 3816 τοῦτο
1558 3767 1615 3816 τό
1663 3761 1838 3835 μηδα-

223 3863 332 3929 μοῦ
365 3857 568 3927 πατέρα
614 3861 705 3906 τοῦ
737 3850 989 3906 διαϐόλου
1038 3861 1138 3904 τῶν
1178 3859 1268 3904 τοῦ
1313 3855 1603 3924 Πνεύματος
1654 3853 1837 3925 λογίων

222 3953 299 4015 τῷ
376 3939 628 4016 ἰδιώματι
684 3947 817 4015 μήτε
877 3943 1231 4014 γινώσκεσθαι
1287 3947 1419 4015 μήτε
1466 3942 1833 4015 ὀνομάζεσθαι.

223 4036 470 4107 Δεύτερον
503 4029 563 4086 δε
613 4028 729 4085 οὐδ’
779 4033 902 4084 ἔνθα
955 4027 1176 4084 δοκοῦσι
1224 4037 1432 4105 μνήμην
1491 4031 1651 4084 αὐτοῦ
1698 4053 1835 4106 γεγε-

221 4132 285 4183 νή
297 4124 448 4193 σθαι,
489 4117 602 4174 οὐδ’
631 4122 854 4175 ἐνταῦθα
880 4128 1181 4195 παρασχεῖν
1210 4125 1304 4180 τὴν
1336 4121 1597 4192 ὑπόληψιν
1628 4121 1830 4195 ἀσφαλῆ

230 4209 488 4265 δύνανται
532 4229 547 4241 ·
589 4215 678 4264 καὶ
719 4214 822 4285 γὰρ
872 4212 898 4262 ό
941 4219 1042 4264 τῶν
1095 4206 1363 4263 Ἰουδαίων
1413 4207 1583 4283 δῆμος
1626 4211 1719 4263 οὐκ
1769 4213 1835 4273 εἰς

221 4304 426 4375 πατέρα
471 4306 563 4353 τοῦ
607 4307 741 4354 Θεοῦ
791 4301 1060 4373 ἀναφέρειν
1107 4295 1346 4371 οὐδαμοῦ
1398 4295 1670 4352 διετείνετο
1715 4301 1836 4353 ἑαυ-

221 4394 331 4456 τὸν,
381 4389 510 4442 ἀλλὰ
561 4392 648 4442 τόν
700 4391 827 4443 Θεὸν
868 4392 959 4462 μὲν
1007 4385 1336 4451 έσπούδαζον
1365 4396 1438 4460 τῷ
1480 4390 1679 4462 ῥήματι
1725 4393 1831 4444 ἑπιο

219 4480 523 4552 γράφεσθαι
551 4483 772 4553 πατέρα,
826 4474 1025 4540 παῖδας
1057 4473 1116 4530 δι
1157 4481 1278 4540 τούς
1325 4476 1377 4541 ἐξ
1424 4477 1636 4552 Ἰσραήλ
1681 4499 1693 4512 ο
1744 4485 1832 4533 καὶ

219 4572 296 4636 τῷ
329 4571 646 4639 Δημιουργῷ
677 4569 767 4617 καὶ
805 4570 1008 4637 Σωτῆρι
1051 4564 1196 4636 ἡμῶν
1227 4559 1321 4614 οὖκ
1363 4559 1424 4621 ἧν
1474 4567 1668 4627 σκοπὸς
1721 4561 1829 4618 δεῖ-

1945 3405 2122 3460 divus
2146 3403 2566 3461 Paulusﬁlium
2593 3405 2819 3461 diaboli
2835 3405 3104 3478 Elymam
3123 3407 3599 3477 cognominavit;

1945 3499 2176 3566 patrem
2209 3493 2432 3550 diaboli
2462 3494 2643 3550 alium
2675 3511 3048 3568 quemquam
3081 3512 3202 3552 non
3241 3497 3470 3568 reperio
3500 3512 3604 3553 no-

1946 3587 2130 3638 stram
2147 3599 2383 3639 sacram
2395 3583 2800 3655 disciplinam,
2820 3599 2943 3649 seu,
2961 3584 3219 3650 utaiunt,
3237 3586 3601 3656 Scripturam

1946 3677 2384 3728 asseverantem
2417 3689 2430 3739 ;
2463 3673 2568 3728 sed
2620 3689 2807 3728 unum
2864 3673 3106 3745 quidem
3134 3674 3252 3732 hoc
3301 3689 3602 3746 nusquam

1946 3766 2176 3833 patrem
2189 3761 2879 3834 diabolisanctiSpiritus
2913 3762 3196 3820 idiomate
3227 3779 3420 3836 neque
3434 3764 3601 3820 nosci

1946 3867 2142 3922 neque
2156 3851 2472 3908 nominari.
2489 3851 2763 3907 Secundo
2785 3857 2984 3907 autem
3001 3867 3192 3924 neque
3220 3852 3323 3908 ubi
3351 3852 3603 3908 credunt

1947 3940 2313 3996 mentionem
2344 3940 2418 3995 de
2449 3956 2520 3996 eo
2554 3940 2699 4010 ﬁeri,
2731 3940 2812 3995 ibi
2840 3939 3079 3995 firmam
3111 3942 3455 4013 opinionem
3483 3957 3601 4014 prae

1945 4033 2099 4084 stare
2129 4033 2400 4100 possunt.
2427 4029 2654 4085 Etenim
2693 4029 3033 4085 Judaaorum
3080 4030 3334 4102 populus
3365 4046 3486 4086 non
3539 4030 3601 4085 in

1943 4123 2174 4189 patrem
2201 4117 2301 4173 Dei
2334 4118 2594 4191 seipsum
2622 4119 2844 4188 erigere
2874 4118 3206 4174 conabatur
3232 4134 3247 4185 ;
3280 4119 3384 4174 sed
3413 4120 3598 4173 Deum

1943 4207 2188 4279 quidem
2217 4212 2446 4277 patrem
2478 4207 2588 4263 sibi
2634 4207 2919 4263 ascribere
2947 4207 3408 4270 aemulabantur,
3441 4206 3597 4262 ﬁlios

1941 4311 2083 4351 vero
2109 4296 2261 4366 ejus,
2301 4295 2407 4368 qui
2445 4313 2516 4351 ex
2565 4296 2743 4351 lsrael
2785 4301 2972 4352 erant.
3034 4298 3146 4352 Nec
3199 4296 3456 4352 Creatori
3491 4311 3599 4352 nec

1943 4385 2232 4442 Salvatori
2261 4391 2465 4441 nostro
2492 4401 2705 4456 scopus
2737 4390 2862 4440 erat
2893 4384 3136 4440 Judmos
3170 4385 3350 4456 patris
3377 4384 3598 4440 diaboli

1941 4473 2095 4530 ﬁlios
2143 4473 2474 4530 ostendere.
2517 4473 2646 4529 Alia
2703 4473 2859 4528 enim
2913 4473 2998 4528 eis
3047 4473 3254 4528 fuisset
3295 4473 3598 4543 jactantias

1939 4579 2123 4620 causa
2152 4579 2166 4630 ;
2198 4569 2254 4618 et
2284 4562 2362 4618 ad
2391 4561 2575 4617 alium
2605 4563 2774 4633 cujus
2815 4561 3086 4617 nondum
3113 4561 3500 4634 opprobrium
3543 4567 3600 4618 et

221 4655 311 4717 ξαι
361 4657 477 4715 τοὺς
529 4650 822 4715 Ἰουδαίους
868 4659 962 4706 τοῦ
1010 4655 1206 4727 πατρὸς
1260 4659 1351 4704 τοῦ
1401 4649 1650 4705 διαϐόλου
1679 4657 1831 4707 τέκνα

1942 4668 2152 4709 nomen
2180 4651 2480 4707 habebant
2521 4667 2624 4707 eos
2657 4651 3060 4716 convertisset,
3093 4657 3149 4707 et
3175 4650 3593 4717 transtulisset;

217 4747 578 4818 χρηματίζειν
609 4764 623 4778 ·
654 4744 822 4816 ἕτερον
850 4744 952 4818 γὰρ
982 4740 1042 4793 ἂν
1071 4740 1279 4803 ἐκείνοις
1306 4740 1641 4805 ἠλαζονεύετο
1687 4759 1700 4773 ⁸
1742 4748 1830 4796 καὶ

218 4838 351 4909 πρὸς
381 4833 549 4906 ἕτερον
598 4832 661 4885 οὗ
690 4837 844 4905 μήπω
871 4834 964 4905 μεν
1014 4827 1230 4904 ὄνειδος,
1282 4836 1441 4904 μήπω
1485 4828 1545 4884 δε
1595 4851 1828 4904 κατηγο-

215 4927 341 4996 ρίαν
371 4918 537 4993 εἷχον,
589 4921 816 4995 μεθεῖλεν
856 4922 918 4973 ἄν
965 4925 1056 4973 καὶ
1105 4924 1393 4996 μετέφερεν,
1445 4921 1566 4996 ὅπερ
1625 4920 1719 4973 οὐκ
1769 4917 1829 4979 ἧν

220 5017 602 5086 συντηροῦντος
645 5014 704 5063 τό
748 5009 1047 5077 ἀκόλουθον,
1101 5008 1208 5062 ἀλλ’
1268 5009 1428 5062 αύτοῦ
1476 5029 1532 5082 γε
1587 5007 1830 5068 δηλονότι

217 5109 315 5154 τοῦ
381 5097 631 5153 διαϐόλου
676 5097 876 5163 παῖδας
923 5099 1206 5172 ὠνόμαζεν,
1249 5099 1310 5152 οὗ
1366 5103 1454 5151 καὶ
1504 5104 1596 5158 τήν
1656 5099 1704 5151 έν
1762 5108 1824 5173 τῇ

215 5185 407 5245 κλήσει
473 5190 665 5259 σχέσιν
724 5185 819 5238 κᾶν
869 5189 960 5238 καὶ
1021 5193 1084 5258 τῇ
1151 5190 1332 5258 γνώμη
1387 5188 1477 5238 καὶ
1528 5191 1590 5258 τῇ
1660 5191 1826 5258 μιμή-

220 5295 303 5329 σει
367 5283 471 5327 τῶν
548 5274 781 5349 πράξεων
854 5278 1204 5348 συνεφέροντο,
1287 5273 1427 5348 βαρύ
1493 5293 1544 5327 τε
1612 5271 1672 5333 ἦν
1739 5275 1828 5328 αῦ-

217 5371 328 5427 τοῖς
381 5363 590 5418 ἀκούειν
641 5369 731 5418 καὶ
778 5364 1130 5439 ἀποτρόπαιον
1168 5382 1182 5395 ·
1217 5362 1324 5417 ἐπεὶ
1373 5360 1464 5416 οὖν
1508 5365 1534 5416 ὀ
1575 5359 1827 5426 Ἰουδαῖος

215 5459 421 5531 πατέρα
475 5457 566 5507 τὸν
613 5458 736 5509 Θεὸν
801 5453 1078 5530 ἐπέγραφεν
1147 5453 1353 5520 ἑαυτοῦ,
1429 5457 1518 5505 καὶ
1573 5455 1599 5505 6
1648 5459 1824 5528 Σωτήρ

217 5541 524 5608 έσπούδαζε
575 5541 827 5598 δεικνύειν
882 5540 978 5598 διὰ
1031 5552 1132 5598 τῶν
1181 5545 1339 5620 ἔργων
1377 5551 1532 5598 τοῦτο
1577 5545 1668 5617 μεν
1702 5543 1825 5616 ψευ-

579 5651 821 5711 Ρετηοι..
863 5650 971 5711 Gn.
1011 5651 1104 5710 Cl.

1940 4741 2106 4815 quod
2144 4755 2267 4796 non
2301 4747 2423 4796 erat
2451 4740 2878 4812 consequentia
2931 4741 3240 4806 servantis,
3276 4739 3383 4795 sed
3435 4745 3597 4812 patet

1940 4847 2078 4887 eum
2103 4830 2232 4886 illos
2262 4829 2488 4886 diaboli
2518 4829 2671 4885 ﬁlios
2698 4829 3062 4895 nominasse,
3096 4830 3268 4900 cujus
3307 4830 3511 4886 habitu
3541 4833 3597 4886 et

1939 4921 2002 4976 in
2051 4921 2294 4976 nomine
2328 4924 2388 4974 et
2430 4919 2493 4975 in
2525 4922 2720 4975 mente
2760 4923 2816 4974 et
2862 4919 2922 4974 in
2975 4917 3304 4975 imitatione
3351 4923 3592 4974 actuum

1941 5014 2206 5075 utuntur,
2243 5008 2527 5081 quodque
2559 5012 2684 5062 erat
2736 5006 2820 5063 eis
2851 5007 3051 5063 audire
3104 5006 3325 5063 durum
3373 5011 3429 5062 et
3459 5006 3595 5064 abo.

1939 5098 2315 5154 minandum.
2347 5100 2493 5153 Cum
2515 5097 2674 5152 enim
2699 5096 2945 5152 Judaeus
2975 5101 3207 5168 patrem
3251 5099 3436 5151 Deum
3480 5096 3596 5152 sibi

1939 5188 2275 5251 ascriberet,
2339 5195 2394 5244 et
2453 5186 2722 5244 Salvator
2772 5185 2947 5242 vellet
2984 5203 3083 5242 eos
3136 5186 3449 5242 ostendere
3490 5201 3595 5257 per

1937 5293 2116 5350 Opera
2145 5277 2287 5333 illud
2318 5275 2561 5350 quidem
2593 5276 2966 5342 mentientes,
2991 5274 3303 5330 diabolum
3327 5290 3467 5331 vero
3491 5290 3594 5346 per

1936 5382 2007 5423 ea
2037 5383 2164 5438 quae
2189 5366 2450 5436 agebant
2480 5365 2592 5421 sibi
2627 5370 2858 5437 patrem
2889 5363 3188 5428 facientes,
3218 5363 3363 5436 quid
3378 5364 3593 5434 egisset

1936 5471 2133 5511 sermo
2166 5460 2394 5523 patrem
2424 5453 2647 5511 diaboli
2667 5454 2933 5526 patremJ
2945 5452 3250 5511 udaaorum
3264 5469 3369 5524 per
3393 5452 3594 5508 divina

1935 5544 2180 5603 oracula
2204 5543 2503 5600 nominari
2526 5543 2750 5601 docens
2765 5542 2794 5597 ?

3167 5651 3238 5708 12
