4140 6198
554 222 659 289 ϐδῦ

1783 212 2018 281 eaoru
2058 204 2537 283 PATBIARCHIE
2574 208 2685 283 GP.

552 344 821 419 δομένους,
844 348 931 399 τὸν
960 338 1202 401 διάϐολον
1230 338 1289 407 δὲ
1315 338 1349 401 δ
1356 342 1388 394 ι’
1419 342 1485 395 ὧν
1509 343 1757 415 ἔπραττον
1787 344 1982 414 πατέρα
2012 343 2363 413 ποιουμένους,
2396 344 2474 400 τὶς
2505 338 2564 395 ἂν
2595 341 2671 397 εἴη
2711 336 2864 410 λόγος
2892 336 3186 409 ὁπεραίνων
3215 336 3300 397 τόν
3317 338 3518 411 πατέρα
3543 343 3635 409 τοῦ
3668 332 3927 393 διαϐόλου

553 440 754 511 πατέρα
776 444 875 489 τῶν
902 430 1173 487 Ἰουδαίων
1201 430 1295 485 διὰ
1322 441 1421 484 τῶν
1466 436 1669 503 Λογίων
1702 430 2049 502 ὀνομάζεσθαι
2082 446 2095 495 ;

627 528 749 585 Vox
778 524 939 589 enim
973 520 1637 589 SalvatorisadJudaeos
1668 535 1767 591 per
1796 517 2203 591 exprobratio-
2234 519 2281 570 Α

551 630 692 681 nem
722 614 944 675 directa
991 612 1136 669 nihil
1176 628 1384 668 eorum
1438 610 1552 665 sibi
1605 610 1900 681 proponit.
1944 606 2200 665 Obvium

550 703 711 771 enim
743 707 799 759 et
845 702 1115 759 lectionis
1157 700 1609 774 explicationem
1663 697 1953 761 nesciens,
2007 710 2202 767 neque

551 793 864 857 attendens
889 792 965 858 ad
998 806 1177 862 quam
1206 789 1526 862 praesertim,
1557 788 1881 843 multorum
1906 785 2113 855 lingua
2142 789 2203 839 ut

549 882 824 953 loquatur
853 887 1090 945 temere,
1122 879 1477 943 abducatur,
1493 882 1706 949 sponte
1727 874 1953 932 invenit
1969 878 2198 947 patrem

512 1002 519 1007 ν
549 968 775 1034 diaboli
806 984 986 1042 quem
1012 967 1210 1023 nullus
1241 983 1384 1021 usus
1409 980 1606 1037 neque
1628 965 1762 1036 ipsa
1801 962 2200 1036 appellatione

547 1058 827 1115 exsistere
858 1062 1061 1113 notum
1094 1054 1247 1111 facit.
1276 1055 1329 1111 Si
1352 1060 1549 1110 autem
1576 1051 1988 1126 explicationis
2022 1050 2200 1117 modo

548 1146 974 1211 consideretur,
1026 1150 1081 1200 et
1123 1145 1294 1216 juxta
1347 1143 1752 1215 praecedentes
1813 1140 2199 1210 cogitationes

544 1240 780 1307 aptetur
804 1241 861 1292 et
886 1234 1245 1305 explanetur,
1282 1233 1408 1305 ipse
1459 1231 1739 1288 diabolus
1781 1234 1949 1303 pater
1999 1229 2200 1298 ingra-

545 1328 741 1381 torum
765 1323 1111 1389 Judaeorum
1143 1323 1550 1378 annuntiatur.
1582 1320 1647 1375 Et
1674 1334 1855 1392 quem
1888 1334 2007 1373 non
2044 1316 2199 1374 inhi-

545 1411 933 1481 bituslinguee
946 1427 1156 1475 cursus
1183 1409 1643 1482 explicationem
1665 1408 1949 1463 omittens
1964 1411 2194 1477 patrem

541 1500 766 1559 diaboli
788 1501 956 1570 ﬁngit
981 1505 1036 1556 et
1053 1500 1389 1565 annuntiat,
1411 1497 1573 1557 nullo
1600 1496 1780 1553 modo
1793 1495 2192 1557 exsistentiam

540 1589 742 1659 habet.
760 1590 1025 1653 Salvator
1051 1595 1253 1645 autem
1277 1604 1379 1659 per
1400 1586 1923 1658 exprobrationem
1946 1584 2193 1641 verbum

539 1679 866 1750 proferens,
888 1694 1021 1734 cum
1037 1678 1381 1735 Judaeorum
1399 1676 1659 1748 populus
1680 1675 1918 1741 diceret,
1943 1692 1971 1723 «
2001 1675 2191 1728 Unum

536 1773 768 1839 patrem
782 1768 1075 1825 habemus
1090 1767 1344 1831 Deum,»
1373 1765 1606 1822 audetis
1634 1763 1828 1835 igitur,
1846 1762 2060 1835 inquit,
2085 1778 2193 1817 nec

2382 517 2439 569 Ἣ
2470 519 2570 589 γάρ
2600 535 2678 569 τοι
2718 512 2791 568 δι’
2824 517 3085 591 ύποςοορᾶς
3116 517 3242 587 πρὸς
3285 517 3407 576 τοὺς
3456 511 3752 576 Ἰουδαίους
3793 515 3923 567 ἀπο-

2314 610 2571 679 τεινομένη
2604 613 2694 658 τοῦ
2734 612 2969 677 Σωτῆρος
3004 609 3163 676 φωνὴ,
3200 601 3351 657 οὐδὲν
3392 604 3561 655 αύτῶν
3609 604 3916 663 συναντιλη-

2310 694 2465 765 ψεται
2512 703 2570 766 τῇ
2614 696 2857 768 προθέσει
2909 713 2920 724 ·
2955 696 3013 745 τό
3063 696 3153 766 μεν
3201 695 3303 765 γὰρ
3353 697 3637 768 πρόχειρον
3690 699 3781 745 καὶ
3819 699 3918 757 τὴν

2312 782 2594 841 διαστολὴν
2639 785 2731 837 οὐκ
2787 780 2941 843 εἰδὼς
2986 791 3081 847 τῆς
3141 781 3495 854 ἀναγνώσεως,
3546 787 3797 855 καὶπρὸς
3851 783 3916 841 ἢν

2309 872 2539 945 μάλιστα
2593 880 2693 924 τῶν
2747 872 2943 931 πολλῶν
2998 873 3027 928 ἡ
3084 871 3292 944 γλῶττα
3350 875 3715 948 παρασύρεται
3757 876 3916 926 αὺτο-

2312 959 2638 1033 σχεδιάςειν,
2692 961 2833 1035 εὗρεν
2891 962 3094 1033 ἕτοιμον
3141 965 3342 1035 πατέρα
3397 968 3489 1015 τοῦ
3539 958 3809 1026 διαϐόλου,
3857 961 3913 1014 ὃν

2309 1046 2531 1123 οὐδεμία
2573 1059 2776 1124 χρῆσις
2806 1047 2926 1111 αύδ’
2972 1049 3020 1103 ἐν
3068 1058 3129 1123 τῇ
3181 1049 3364 1108 κλήσει
3412 1055 3505 1110 τὴν
3560 1054 3715 1126 φύσιν
3770 1054 3913 1123 ἔχειν

2309 1138 2554 1214 ἐγνώρισε
2586 1160 2598 1171 ο
2644 1143 2699 1192 τό
2746 1136 2803 1191 δὲ
2847 1144 3274 1214 περιεσκεμμένον
3322 1148 3392 1210 τῷ
3433 1145 3608 1213 τρόπῳ
3656 1149 3751 1207 τῆς
3796 1136 3914 1193 δια-

2311 1229 2516 1294 στολῆς,
2557 1230 3061 1303 ῥυθμιζόμενοννκαὶ
3110 1235 3225 1293 ταῖς
3262 1228 3647 1304 προλαϐούσαις
3692 1228 3912 1291 ἐννοίαις

2308 1315 2789 1392 συνδιαιρούμενον,
2823 1318 2977 1370 αὐτόν
3031 1338 3083 1370 τε
3134 1322 3221 1369 τόν
3272 1316 3513 1371 διάϐολον
3563 1323 3763 1393 πατέρα
3810 1327 3915 1370 τῶν

2306 1406 2609 1479 ἀγνωμόνων
2646 1404 2914 1461 Ἰουδαίων
2952 1406 3257 1479 ἀπαγγέλλει
3286 1422 3299 1436 ⁹
3334 1412 3423 1471 καὶ
3464 1407 3517 1458 ὃν
3549 1409 3574 1459 6
3632 1406 3912 1479 ἀνεπίσχε-

2305 1514 2391 1557 τος
2428 1504 2517 1557 τῆς
2558 1496 2794 1567 γλώττης
2852 1494 3046 1573 δρόμος
3093 1500 3188 1554 τὴν
3240 1492 3526 1555 διαστολὴν
3586 1496 3912 1571 ὑπερϐαίνων

2303 1585 2656 1658 περιαγγέλλει
2697 1589 2891 1658 πατέρα
2950 1593 3041 1637 τού
3094 1582 3341 1639 διαϐόλου
3403 1586 3660 1650 πλάττων,
3721 1586 3913 1657 οὐμεν-

2303 1682 2389 1726 οῦν
2433 1671 2677 1746 οὐδαμῶς
2732 1679 3104 1727 συνεπίσταται
3159 1694 3171 1706 ·
3234 1674 3577 1747 ἐπιτιμήσεως
3622 1671 3681 1727 δε
3726 1681 3907 1747 τρόπῳ

2300 1767 2383 1816 τόν
2440 1763 2590 1834 λόγον
2640 1766 2664 1815 ό
2713 1768 2880 1835 Σωτὴρ
2927 1766 3188 1837 προάγων,
3245 1766 3449 1837 ἐπείπερ
3498 1764 3661 1836 ἔλεγεν
3701 1765 3726 1814 ό
3770 1762 3907 1823 Ίου-

536 1873 645 1912 vos
674 1858 861 1928 pudet
892 1861 1121 1928 patrem
1148 1856 1333 1911 Deum
1366 1870 1615 1918 vocare;
1648 1857 1749 1913 aut
1776 1867 1972 1907 nonne
2004 1867 2180 1905 vosex

2303 1848 2462 1913 δαίων
2492 1849 2681 1925 δῆμος,
2711 1852 2871 1906 ((Ἐνα
2888 1857 3084 1923 πατέρα
3114 1855 3299 1926 ἔχομεν
3330 1855 3416 1905 τόν
3440 1858 3567 1913 Θέον
3593 1871 3605 1883 ·
3633 1875 3661 1903 ιι
3682 1851 3907 1924 τολμᾶτε

536 1946 779 2004 diabolo
819 1947 974 2013 estis,
1008 1962 1078 2002 eo
1109 1945 1273 2017 quod
1305 1945 1587 2001 mandata
1612 1943 1740 2014 ejus
1769 1942 1943 1997 vultis
1973 1941 2187 2004 facere,

534 2050 638 2090 vos
678 2035 835 2091 ﬁlios
868 2038 995 2105 ejus
1035 2034 1400 2090 exhibentes.
1443 2034 1626 2103 Cujus
1651 2032 1809 2087 enim
1849 2031 1984 2103 quis
2016 2031 2188 2101 juxta

534 2122 819 2179 mandata
845 2124 1134 2179 formatur
1161 2128 1214 2189 et
1240 2123 1501 2193 ﬁngitur,
1525 2121 1744 2191 dignus
1775 2126 1862 2175 est
1891 2120 2067 2183 etiarn
2084 2119 2186 2191 qui

531 2214 660 2284 ejus
690 2212 843 2268 ﬁlius
874 2214 1347 2284 cognominatur.
1367 2213 1527 2277 Quas
1555 2211 1716 2266 enim
1748 2209 1907 2280 leges
1937 2207 2186 2264 aemula-

527 2301 749 2358 bantur
771 2303 980 2370 Judaei,
1028 2301 1141 2356 nisi
1190 2317 1291 2357 eas
1347 2300 1568 2372 quibus
1616 2299 1869 2369 gloriam
1924 2297 2034 2353 sibi
2092 2313 2185 2352 ac-

528 2391 807 2462 quirebat
819 2390 1099 2447 diabolus
1112 2389 1140 2444 Ῡ
1157 2389 1417 2445 Gloriam
1432 2389 1510 2444 ab
1534 2388 1787 2443 invicem
1807 2386 2181 2458 recipientes,

528 2480 833 2549 proximos
871 2479 1186 2539 calumniis
1218 2478 1483 2543 edentes,
1519 2476 1743 2531 invidia
1784 2475 2181 2547 pulcherrima

526 2566 929 2638 inquinantes,
962 2567 1183 2623 caedem
1213 2567 1272 2621 in
1292 2566 1655 2623 Salvatorem
1677 2565 2183 2632 machinantes,et

523 2653 734 2723 lingua
801 2656 1206 2727 sententiaque
1245 2660 1497 2710 mortem
1554 2654 1683 2724 ejus
1748 2657 2178 2724 praeparantes,

523 2745 753 2805 veritati
813 2744 1197 2800 mendacium
1268 2743 1671 2815 praeferentes,
1732 2747 1788 2798 et
1860 2741 2062 2796 dolum
2126 2747 2182 2796 et

524 2832 888 2891 calumniam
920 2840 976 2888 et
1003 2833 1313 2889 avaritiam
1350 2832 1535 2888 vitam
1579 2847 1751 2887 suam
1783 2831 2084 2897 facientes,
2126 2834 2179 2885 et

522 2922 639 2980 alia
672 2925 876 2979 omnia
926 2922 1017 2979 his
1063 2922 1279 2978 similia
1312 2926 1488 2987 sunt;
1526 2937 1631 2993 per
1654 2937 1787 2993 quae
1842 2926 1899 2976 et
1954 2920 2177 2975 diaboli

519 3013 1085 3081 congenerationem
1135 3016 1199 3067 ut
1229 3012 1488 3067 auctoris
1521 3017 1576 3066 et
1604 3011 1815 3066 satoris
1846 3010 1956 3074 sui,
1988 3011 2177 3065 mani-

520 3100 664 3159 feste
723 3102 833 3158 sibi
902 3101 1305 3157 vindicabant.
1368 3102 1646 3156 Praeterea
1711 3104 1767 3155 et
1820 3099 2062 3155 allatum
2122 3106 2177 3155 et

518 3206 858 3255 connexum
890 3192 1199 3249 oraculum
1218 3206 1337 3245 non
1365 3190 1590 3245 indicat
1615 3189 1859 3261 quidem
1882 3189 2174 3244 nominari
2209 3224 2250 3279 Ο

519 3283 773 3351 patrem,
821 3279 1090 3351 inquam,
1133 3279 1372 3347 diaboli,
1420 3279 1702 3351 aliquem.
1742 3280 1999 3333 Rursum
2034 3293 2175 3333 vero

518 3367 802 3439 supponit
839 3366 1183 3422 annuntiari
1214 3372 1445 3439 patrem
1475 3367 1818 3423 Judaeorum
1865 3366 2174 3423 diabolum

518 3462 575 3521 et
613 3472 741 3513 esse
786 3462 841 3514 et
884 3455 1209 3516 nominari.
1271 3457 1418 3511 Dicit
1474 3457 1666 3514 enim:
1708 3477 1726 3507 ε
1766 3454 1862 3510 Ille
1901 3456 1978 3510 ab
2007 3456 2174 3511 initio

517 3544 820 3601 homicida
850 3550 977 3599 erat
1006 3546 1072 3613 ⁸⁸,
1111 3566 1137 3595 ››
1171 3544 1481 3600 diabolum
1543 3545 1871 3611 manifeste,
1906 3559 2026 3599 non
2066 3545 2168 3600 ali-

515 3649 698 3706 quem
728 3639 961 3705 patrem
988 3632 1236 3690 diaboli.
1268 3633 1371 3688 Cui
1399 3633 1558 3688 enim
1601 3633 1760 3689 alteri
1794 3632 1958 3698 illud,
1982 3632 2173 3689 homi-

516 3722 669 3791 cida,
721 3727 777 3778 et
835 3722 1001 3787 illud,
1038 3743 1061 3772 a
1096 3722 1175 3783 ab
1226 3722 1417 3787 initio,
1452 3742 1480 3774 ν
1514 3723 1866 3778 conveniet?
1896 3730 1948 3777 et
2004 3722 2165 3789 illud,

519 3831 544 3862 α
582 3811 827 3867 minime
854 3811 915 3865 in
942 3812 1182 3877 veritate
1209 3816 1361 3867 stare
1393 3814 1419 3865 Ὶ
1449 3830 1477 3859 ››
1507 3810 1620 3866 nisi
1646 3810 1753 3883 ipsi
1776 3811 2034 3880 diabolo,
2066 3813 2169 3884 qui

514 3898 784 3970 linguam
831 3906 1040 3963 contra
1082 3900 1417 3956 Creatorem
1460 3899 1776 3956 mendacio
1806 3900 1985 3965 acuit,
2028 3901 2168 3957 dolo

514 3994 715 4055 autem
764 4004 896 4045 eam
950 3988 1270 4045 dulcorans
1303 3989 1506 4060 prima;
1535 3993 1816 4045 creaturae
1848 3990 2165 4062 protendit,

512 4082 569 4135 et
598 4082 914 4149 postquam
942 4076 1134 4132 verbis
1167 4077 1570 4135 fraudulenter
1606 4094 1739 4139 eam
1767 4078 2109 4144 incantavit,
2135 4094 2165 4132 e

510 4166 641 4225 vitae
672 4166 730 4233 in
747 4166 1026 4237 paradiso
1047 4172 1263 4222 actaaet
1287 4166 1635 4225 deliciarum
1664 4168 2165 4225 aeternarumﬁni-

508 4253 623 4310 bus
642 4254 881 4325 expulit,
907 4254 1366 4310 immortalitatis
1392 4254 1592 4310 locum
1624 4271 1925 4311 carcerem
1961 4255 2163 4311 mortis

508 4344 770 4407 efﬁciens
793 4344 817 4399 ἲ
842 4346 1082 4401 Mortem
1111 4344 1271 4399 enim
1303 4347 1452 4399 Deus
1483 4360 1606 4403 non
1634 4344 1768 4401 fecit
1793 4361 1806 4409 ;
1832 4345 1937 4400 sed
1987 4346 2161 4418 primi

507 4434 770 4505 parentis
802 4434 1214 4503 transgressio,
1251 4432 1503 4488 consilio
1530 4450 1566 4489 a
1594 4438 1862 4505 serpente
1890 4439 2157 4506 accepto,

506 4529 761 4579 mortem
775 4522 995 4591 genuit.
1018 4521 1195 4592 Igitur
1210 4528 1263 4576 et
1277 4522 1582 4578 homicida
1595 4524 1672 4578 ab
1701 4524 1869 4578 initio
1884 4523 2159 4581 diabolus

506 4610 638 4666 etin
665 4610 907 4667 veritate
925 4626 1044 4666 non
1071 4610 1262 4677 stetit;
1298 4616 1355 4666 et
1379 4610 1456 4666 illi
1494 4612 1809 4667 Dominum
1824 4616 2158 4684 quaerentes

504 4698 851 4763 interﬁcere,
867 4704 921 4755 et
936 4699 1164 4755 veritati
1198 4699 1579 4755 mendacium
1608 4716 1846 4772 semper
1859 4701 2156 4773 proferen-

503 4791 609 4855 tes,
627 4788 880 4843 formam
897 4787 1157 4858 parentis
1172 4788 1540 4845 indelebilem
1556 4795 1936 4847 conservant.

2302 1938 2360 1995 δέ
2384 1961 2442 2012 γε
2468 1936 2588 2014 ἀρα,
2622 1947 2773 2013 φησὶ,
2828 1947 2916 1993 καὶ
2966 1946 3059 1993 ούκ
3112 1941 3493 2014 ἐγκαλύπτεσθε
3532 1946 3732 2014 πατέρα
3778 1960 3907 1992 κατ-

2299 2031 2567 2103 ονομάζειν
2610 2035 2695 2084 τόν
2727 2035 2854 2084 Θεὸν
2884 2047 2898 2097 ;
2931 2031 2959 2089 ἣ
2995 2031 3122 2102 οὐχὶ
3152 2033 3298 2103 ὑμεῖς
3345 2040 3435 2087 τοῦ
3464 2027 3710 2083 διαϐόλου
3759 2032 3901 2093 ἐστὶ,

2300 2116 2372 2171 δι’
2404 2120 2470 2170 ὧν
2516 2122 2607 2181 τάς
2640 2118 2838 2181 ἐντολὰς
2885 2120 3043 2172 αὑτοῦ
3096 2119 3259 2173 θέλετε
3307 2128 3491 2190 ποιεῖν,
3544 2122 3690 2181 υἱοὺς
3736 2118 3904 2171 αὐτοῦ

2298 2204 2581 2269 δεικνύντες
2626 2208 2835 2268 ἑαυτούς
2901 2229 2911 2273 ;
2979 2208 3039 2260 οὗ
3068 2210 3169 2280 γάρ
3224 2228 3305 2268 τις
3369 2211 3499 2263 κατά
3550 2211 3640 2269 τὰς
3695 2206 3903 2268 ἐντολὰς

2295 2304 2580 2368 μορφοῦται
2646 2302 2734 2350 καὶ
2789 2294 3183 2361 διαπλάττεταὶ,
3230 2301 3411 2350 τούτου
3470 2302 3559 2353 καὶ
3611 2300 3721 2357 υἱός
3775 2316 3905 2347 κατ-

2295 2386 2645 2457 ονομάζεσθαι
2685 2383 2889 2448 δίκαιος
2945 2389 3020 2444 εἴη
3055 2388 3114 2437 ἄν
3165 2404 3175 2414 ·
3226 2391 3366 2446 τίνας
3413 2383 3462 2437 δ’
3504 2385 3563 2437 ἂν
3615 2385 3823 2447 ἐντολὰς
3852 2389 3904 2437 οἱ

2294 2471 2544 2527 Ἰουδαῖοι
2566 2471 2915 2542 ἐσπούδαζον,
2957 2475 2986 2533 ἦ
3018 2472 3093 2527 δι’
3123 2476 3189 2526 ὧν
3230 2477 3255 2529 6
3285 2472 3529 2539 διάϐολος
3574 2471 3848 2537 ἐδοξάζετο
3883 2492 3896 2541 ;

2294 2560 2451 2625 δόξαν
2510 2564 2630 2636 παρ’
2693 2563 2855 2615 ἄλλων
2923 2563 3288 2637 λαμϐάνοντες,
3350 2572 3460 2624 ταῖς
3524 2569 3902 2636 συκοφαντίαις

2290 2657 2404 2713 τοὺς
2468 2658 2689 2711 πλησίον
2742 2655 3117 2720 κατεσθίονθες,
3163 2655 3328 2725 φθόνῳ
3383 2656 3451 2705 τά
3505 2652 3757 2705 καλλιστα
3808 2652 3899 2705 λυ-

2289 2747 2606 2814 μαινόμενοι,
2663 2746 2808 2814 φόνον
2869 2746 3002 2795 κατά
3057 2747 3148 2794 τόύ
3202 2750 3434 2818 Σωτῆρος
3494 2748 3894 2815 μηχανώμενοι,

2290 2836 2379 2883 καὶ
2418 2832 2633 2904 γλώσσῃ
2698 2837 2787 2883 καὶ
2845 2837 3020 2905 γνώμη
3080 2836 3168 2884 τόν
3205 2834 3419 2885 θάνατον
3463 2835 3893 2900 συσκευάζοντες,

2289 2924 2344 2971 τό
2370 2918 2563 2991 ψεῦδος
2613 2928 2703 2981 τῆς
2747 2920 2992 2981 ἀληθείας
3049 2923 3335 2995 ἔμπροσθεν
3375 2923 3606 2993 ἄγοντες,
3658 2928 3747 2979 καὶ
3796 2919 3895 2975 δό-

2288 3008 2371 3061 λον
2402 3014 2489 3061 καὶ
2522 3006 2771 3069 διαϐολὴν
2814 3015 2904 3061 καὶ
2951 3009 3295 3085 φιλαργυρίαν
3341 3014 3428 3061 τόν
3482 3008 3598 3082 βίον
3646 3014 3897 3084 ποιούμε-

2287 3118 2381 3161 νοι,
2414 3104 2502 3150 καὶ
2535 3100 2633 3151 ὅσα
2664 3101 2866 3161 τούτοις
2895 3099 3259 3171 παραπλήσια,
3296 3096 3369 3152 δι’
3414 3100 3481 3151 ὧν
3533 3104 3621 3153 καὶ
3653 3104 3746 3159 τὴν
3797 3109 3893 3153 τοῦ

2289 3184 2540 3240 διαϐόλου
2569 3192 2888 3259 συγγένειαν,
2913 3190 2981 3248 ὡς
3003 3187 3248 3263 ἀρχηγοῦ
3278 3192 3365 3240 καὶ
3396 3193 3628 3263 σπόρέως
3667 3194 3889 3253 τούτων,

2286 3285 2573 3351 περιφανῶς
2604 3278 2929 3349 ᾠκειώσαντο
2960 3292 2974 3306 ·
3010 3279 3092 3330 ἐπὶ
3132 3281 3334 3341 τούτοις
3364 3283 3455 3331 καὶ
3490 3281 3549 3332 τὸ
3573 3278 3890 3353 ἐπαγόμενον

2284 3370 2374 3418 καὶ
2404 3370 2786 3438 συνηρτημένον
2802 3366 2995 3437 λόγιον,
3024 3370 3081 3419 τὸ
3102 3370 3193 3441 μὲν
3224 3371 3318 3427 οὐκ
3349 3364 3488 3422 οἶδεν
3512 3367 3657 3434 ὅλως,
3688 3373 3892 3442 πατέρα

2283 3454 2413 3525 λέγω
2461 3458 2578 3507 τινὰ
2618 3463 2710 3507 τοῦ
2739 3452 3007 3521 διαϐόλου,
3042 3459 3492 3530 κατονομάζεσθαι
3520 3477 3533 3489 ο
3559 3461 3616 3511 τό
3642 3454 3701 3519 δὲ
3729 3458 3890 3511 πάλιν

2283 3543 2554 3596 ὑποϐάλλει
2591 3545 3033 3617 καταγγελλεσθαι
3084 3550 3424 3620 πατέραιτῶν
3473 3542 3744 3608 Ἰουδαίων
3795 3552 3888 3599 τόν

2284 3630 2524 3686 διάϐολον
2554 3638 2642 3686 καὶ
2670 3630 2799 3687 εἶναι
2826 3640 2917 3688 καὶ
2943 3634 3311 3707 ὀνόμαζεσθαισ
3347 3641 3478 3711 φησί
3500 3638 3626 3711 γὰρ,
3660 3656 3687 3688 ιι
3720 3637 3889 3691 Ἐκεῖ-

2279 3742 2364 3784 νος
2389 3721 2475 3775 ἀπ’
2504 3722 2680 3795 ἀρχῆς
2710 3722 3124 3797 ἀνθρωποκτόνος
3154 3726 3236 3790 ἧν,
3286 3747 3314 3780 ››
3342 3729 3427 3781 τὸν
3457 3723 3696 3781 διάϐολον
3727 3723 3761 3778 δ
3767 3727 3888 3784 ηλο-

2278 3817 2407 3879 νότι,
2439 3810 2544 3864 ἀλλ’
2577 3812 2681 3884 οὐχ
2726 3814 2893 3886 ἔτερόν
2930 3833 3045 3867 τινα
3082 3818 3281 3888 πατέρα
3309 3823 3400 3869 τοῦ
3433 3811 3679 3875 διαϐόλου
3730 3833 3741 3845 ·
3777 3821 3886 3868 τίνι

2279 3899 2331 3955 δ’
2365 3900 2424 3953 ἂν
2452 3901 2602 3973 ἑτέρῳ
2628 3905 2706 3968 τό,
2738 3922 2765 3954 ι(
2801 3900 3242 3976 ἀνθρωποκτόνος,
3302 3924 3329 3956 »
3362 3910 3446 3961 καὶ
3493 3907 3571 3973 τὸ,
3603 3928 3631 3955 ι(
3667 3903 3755 3956 ἀπ’
3785 3905 3884 3981 ἀρ-

2275 3999 2404 4061 χῆς,
2438 4012 2464 4039 ››
2505 3990 2785 4064 ἐφαρμόσει
2815 4008 2828 4058 ;
2860 3996 2951 4043 καὶ
3002 3995 3082 4058 τὸ,
3127 4015 3155 4042 ι(
3184 3989 3447 4065 μηδαμῶς
3477 3992 3524 4045 ἐν
3564 4001 3624 4066 τῇ
3661 3993 3886 4070 ἀληθείᾳ

2276 4076 2507 4143 ἑστάναι,
2540 4100 2566 4130 ››
2602 4079 2645 4131 εἰ
2673 4084 2745 4151 μὴ
2776 4080 2917 4151 αὐτῷ
2945 4101 3005 4154 γε
3047 4089 3118 4153 τῷ
3151 4078 3400 4156 διαϐόλῳ,
3428 4082 3478 4143 ὃς
3511 4087 3603 4141 τὴν
3632 4082 3884 4155 γλῶσσαν

2273 4171 2363 4241 μὲν
2389 4171 2524 4219 κατὰ
2552 4176 2644 4221 τοῦ
2672 4174 3003 4245 Δημιουργοῦ
3024 4179 3096 4243 τῷ
3123 4168 3307 4247 ψεύδει
3328 4172 3617 4247 παρώξυνε,
3638 4180 3710 4247 τῷ
3734 4169 3879 4251 δόλῳ

2277 4253 2334 4308 δὲ
2382 4259 2575 4315 ταύτην
2614 4257 2867 4330 γλυκάνας
2896 4267 2968 4330 τῷ
2998 4259 3393 4333 πρωτοπλάστῳ
3424 4264 3690 4335 προῦτεινε
3724 4278 3736 4289 ⁸
3779 4268 3881 4316 καὶ

2271 4346 2442 4419 λόγοις
2493 4346 2776 4410 ἐπικλόπως
2818 4351 3267 4421 καταγοητεύσας,
3324 4357 3417 4411 τῆς
3463 4349 3511 4405 ἐν
3564 4347 3877 4425 παραδείσῳ

2273 4434 2411 4495 ζωῆς
2440 4440 2530 4487 καὶ
2552 4444 2745 4510 τρυφῆς
2772 4434 2949 4499 ἀϊδίφυ
2974 4439 3307 4513 ὑπερώρισεν,
3338 4437 3684 4514 ἐργαστήριον
3719 4443 3878 4494 Θανά-

2269 4544 2379 4595 του,
2423 4535 2514 4586 τῆς
2541 4525 2826 4593 ἀθανασίας
2871 4532 2929 4580 τό
2973 4533 3173 4603 χωρίον
3223 4528 3573 4605 ἐργασάμενος
3606 4547 3621 4599 ;
3656 4532 3876 4589 θάνατον

2268 4616 2369 4689 γὰρ
2417 4616 2442 4665 ό
2485 4619 2615 4676 Θεὸς
2644 4616 2737 4667 οὐκ
2781 4616 3019 4676 ἐποίησεν
3053 4636 3066 4649 ·
3104 4617 3210 4671 ἀλλ’
3236 4621 3265 4677 ἡ
3316 4627 3409 4672 τοῦ
3452 4619 3873 4693 πρωτοπλάστου

2268 4702 2562 4772 παράϐασις
2606 4708 2699 4763 τὴν
2730 4705 3029 4778 συμϐουλὴν
3062 4706 3396 4762 συλλαϐοῦσα
3431 4716 3524 4762 τοῦ
3552 4713 3729 4783 ὄφεως,
3780 4716 3874 4764 τὸν

2269 4794 2482 4845 θάνατον
2537 4793 2827 4855 ἀπεκύησεν
2885 4812 2897 4825 ·
2937 4795 3122 4850 οὐκοῦν
3170 4802 3259 4850 καὶ
3308 4796 3729 4872 ἀνθρωποκτόνος
3780 4800 3874 4853 ἀπ’

502 4875 733 4949 ἀρχῆςό
766 4874 1025 4941 διάϐολός,
1063 4882 1151 4930 καὶ
1182 4877 1230 4928 ἐν
1265 4874 1327 4950 τῇ
1363 4876 1580 4951 ἀληθείᾳ
1614 4878 1718 4950 οὐχ
1749 4880 1963 4937 ἔστηκεν
2000 4896 2011 4907 ·
2048 4886 2135 4932 καὶ
2167 4882 2315 4935 αὐτοὶ
2350 4883 2625 4947 ζητοῦντες
2673 4882 2970 4943 ἀποκτεῖναι
3008 4889 3095 4941 τόν
3121 4889 3331 4963 Κύριον,
3365 4893 3455 4945 καὶ
3478 4891 3534 4942 τό
3555 4885 3750 4961 ψεῦδος
3790 4889 3873 4949 ἀεὶ

499 4968 601 5039 πρὸ
635 4974 726 5026 τῆς
759 4963 1001 5027 ἀληθείας
1032 4965 1277 5038 ἑλόμενοι,
1308 4970 1395 5025 τὴν
1421 4971 1623 5039 μορφὴν
1654 4975 1745 5020 τοῦ
1774 4972 2139 5039 γεγεννηκότος
2164 4968 2607 5045 ἀπαραχάρακτον
2641 4970 2996 5036 διασώζουσι.

572 5056 733 5111 Patet
789 5070 856 5110 ex
913 5055 1083 5111 dictis
1140 5056 1481 5112 Judaeorum
1536 5063 1767 5129 patrem
1837 5056 2149 5114 diabolum

498 5143 824 5211 nominari;
856 5143 1040 5215 patris
1071 5149 1271 5201 autem
1304 5144 1529 5201 diaboli
1562 5151 1841 5203 naturam
1894 5147 2151 5219 reperire

495 5248 619 5291 non
636 5238 741 5298 est,
762 5247 956 5304 neque
978 5233 1443 5305 appellationem
1471 5250 1604 5292 eam
1642 5236 2147 5303 manifestantem,

494 5337 684 5394 neque
714 5321 850 5394 ipsa
884 5322 1262 5391 cogitatione,
1314 5322 1420 5380 llla
1478 5325 1799 5398 propositae
1860 5325 1934 5383 ab
1983 5325 2150 5385 initio

569 5502 614 5539 ⁶⁶
651 5502 822 5559 Joan.
858 5500 974 5566 νιίι,
1006 5501 1093 5557 44.

2338 5067 2436 5114 Καὶ
2467 5066 2679 5138 φανερόν
2721 5063 2775 5116 ἐκ
2813 5074 2914 5118 τῶν
2961 5066 3236 5140 εἰρημένων
3280 5068 3361 5123 ὅτι
3404 5071 3575 5144 πατὴρ
3765 5078 3869 5125 τῶν

2260 5147 2533 5204 Ἰουδαίων
2560 5153 2585 5203 ό
2635 5149 2879 5217 διάϐολος
2915 5153 3225 5228 ὀνομάζεται
3257 5174 3269 5186 ⁶
3303 5159 3497 5232 πατρὸς
3536 5153 3596 5211 δε
3624 5162 3719 5212 τόῦ
3750 5156 3870 5212 δια-

2261 5237 2411 5295 ϐόλου
2456 5244 2569 5295 οὔτε
2614 5240 2785 5296 λαϐεῖν
2826 5245 2939 5298 ἔστι
2982 5248 3159 5317 φύσιν,
3209 5249 3327 5300 οὔτε
3374 5246 3558 5307 κλῆσιν
3612 5244 3869 5321 οὐδαμῶς

2259 5325 2751 5404 παραδηλουμένην,
2798 5336 2914 5387 οὔτε
2943 5341 3015 5406 τῷ
3047 5340 3269 5408 νοήματι
3314 5352 3325 5365 ·
3379 5338 3408 5397 ἡ
3451 5339 3630 5409 μέντοι
3674 5356 3732 5408 γε
3774 5345 3867 5401 τῆς
