4140 6198
257 48 274 56 v
279 46 370 60 την.

226 225 335 289 357

223 362 570 431 προκειμένης
615 357 669 420 ἐξ

223 443 366 510 δόξει
406 450 497 519 μὲν
549 448 676 510 ἴσως
717 455 824 509 τοῖς
867 451 996 520 πρός
1040 444 1206 520 μηδὲν
1246 457 1345 500 τῶν
1395 447 1696 524 βαθυτέρων
1744 449 1832 522 ἐμ-

219 533 538 612 φιλοχωρεῖν
595 533 782 611 κέρδος
830 541 1176 610 ποιουμένοις,
1221 539 1285 598 ὡς
1328 540 1405 595 εἴη
1449 545 1540 590 τοῦ
1585 535 1832 592 διαϐόλου

215 630 424 701 πατέρα
496 627 938 699 ὑποσημαίνουσα
968 646 982 658 ο
1028 627 1320 680 τούναντίον
1370 623 1429 679 δε
1475 628 1607 679 εἶπαν
1670 649 1834 680 κατα-

218 715 471 776 σκευάζει
519 719 608 768 καὶ
656 722 766 778 τοῖς
816 719 914 790 πρὸ
964 715 1127 778 αὑτῆς
1181 713 1397 769 συνάδει
1450 715 1828 790 ἐνθυμήμασιν,

213 807 421 878 πατέρα
474 806 564 854 καὶ
616 803 749 861 αὑτὴ
800 813 900 855 τῶν
956 801 1229 857 Ἰουδαίων
1287 801 1680 878 ἐπιδεικνυμένη
1744 810 1829 858 τόν

211 887 466 944 διάϐολον
499 909 510 921 ⁸
547 889 740 954 διπλῆς
771 896 872 967 γὰρ
921 891 1222 968 προσϐολῆς
1263 897 1455 956 παντὸς
1496 902 1588 946 τοῦ
1618 915 1831 966 προκει-

205 985 373 1053 μένου
423 981 580 1053 λόγου
633 980 1008 1055 ἐνθυμημάτων
1075 987 1373 1055 γενομένης,
1432 988 1522 1035 καὶ
1597 991 1684 1034 νῦν
1737 989 1827 1056 μὲν

209 1069 268 1122 ἐκ
328 1079 426 1134 τῆς
491 1079 590 1122 τῶν
641 1075 1015 1146 γεγεννημένων
1072 1077 1259 1134 κακίας
1320 1080 1410 1123 τοῦ
1462 1078 1827 1144 γεγεννηκότος

207 1163 308 1217 τήν
362 1164 596 1233 μίμησιν
655 1158 1100 1233 έπιδεικνυμένης,
1143 1169 1231 1212 νῦν
1281 1157 1340 1213 δὲ
1388 1158 1481 1213 διὰ
1522 1169 1614 1215 τοῦ
1652 1182 1827 1234 γεννη-

209 1254 444 1322 σαμένου
502 1259 600 1302 τῶν
657 1254 1031 1323 γεγεννημένων
1083 1256 1178 1310 τήν
1226 1253 1512 1324 ὁμοιότητα
1561 1258 1828 1327 παριστὼ-

206 1358 328 1402 σης,
374 1341 451 1392 ἔτι
497 1339 650 1391 πάλιν
699 1338 802 1392 ἀπό
858 1349 956 1392 τῶν
993 1344 1367 1412 γεγεννημένων
1412 1339 1494 1392 ἐπὶ
1533 1344 1619 1392 τὸν
1655 1361 1826 1413 γεγεν-

201 1433 411 1486 νηκότα
481 1425 852 1500 διαϐαίνουσα,
928 1428 1320 1506 ἀπαράλλακτον
1390 1433 1478 1488 τὴν
1544 1431 1826 1502 ὁμοιότητα

202 1517 526 1584 στηλιτεύει,
579 1523 669 1571 καὶ
727 1523 822 1579 τὴν
885 1523 1185 1590 συγγένειαν
1239 1519 1406 1570 αὑτῶν
1456 1515 1607 1572 οὐδὲν
1657 1519 1822 1592 ἐπιφε-

195 1612 432 1683 ρομένην
477 1605 803 1661 ἐπιδείκνυσι
849 1610 994 1662 νόθον
1025 1630 1037 1640 ·
1081 1613 1238 1680 φησὶν
1271 1604 1377 1666 οὑν,
1419 1607 1577 1661 Ὀταν
1627 1610 1652 1660 6
1695 1609 1823 1662 Ἰου-

1266 221 1358 289 AI)
1399 223 1942 298 AMPHILOCHIUM
1988 234 2312 304 QUIESTIO
2354 236 2597 295 XLVIII.

727 358 899 432 ἀρχῆς
943 359 1238 420 ὑποθέσεως
1281 358 1542 412 τελευταία
1591 355 1805 435 περίοδο

1944 363 2289 436 qurestionis
2314 363 2520 426 ultima
2545 363 2828 437 periodus
2868 363 3072 422 forsan
3111 365 3182 421 iis
3212 367 3312 439 qui
3343 367 3421 426 ad
3447 369 3594 425 nihil

3495 247 3604 308 358

1945 451 2390 523 profundiorum
2459 453 2710 510 libenter
2765 455 3122 512 commorari
3191 455 3303 511 sibi
3363 455 3599 514 lucrum

1944 539 2185 606 faciunt,
2213 542 2436 598 diaboli
2462 550 2689 616 patrem
2718 543 3013 600 videbitur
3044 544 3378 613 signiﬁcare
3403 565 3419 615 ;
3456 562 3600 602 con-

1941 629 2187 686 trarium
2237 647 2377 686 vero
2434 631 2849 686 demonstrant
2907 632 3112 688 omnia
3152 638 3208 688 et
3267 635 3598 692 concordat

1940 719 2396 786 cogitationibus
2443 736 2577 792 quas
2626 726 2762 776 ante
2815 720 3007 793 ipsam
3064 727 3222 786 sunt,
3279 728 3510 794 patrem
3540 728 3598 778 et

1941 806 2072 878 ipsa
2123 808 2462 864 Iudaeorum
2501 809 2776 866 indicans
2833 809 3144 868 diabolum
3196 829 3208 878 ;
3275 817 3330 868 et
3375 812 3596 885 duplici

1938 895 2263 967 adjectione
2321 898 2498 954 totius
2551 899 2841 956 sermonis
2913 899 3346 969 cogitationum
3416 901 3590 967 facta,

1937 1001 2099 1042 nunc
2119 987 2362 1060 quidem
2384 1003 2456 1043 ex
2486 989 2822 1057 genitorum
2848 989 3076 1045 malitia
3099 991 3436 1058 generantia
3463 990 3594 1047 imi-

1936 1074 2223 1144 tationem
2255 1076 2569 1143 indicante,
2610 1092 2772 1132 nunc
2814 1081 3014 1133 autem
3051 1093 3156 1149 per
3207 1084 3590 1148 generantem

1936 1165 2271 1233 genitorum
2297 1165 2745 1222 similitudinem
2767 1170 3081 1232 statuente,
3107 1165 3304 1222 adhuc
3317 1167 3494 1224 etiam
3511 1167 3591 1224 ab

1935 1253 2149 1324 genitis
2197 1252 2275 1308 ad
2305 1258 2691 1322 generantum
2724 1259 3086 1319 transeunte,
3131 1260 3357 1312 certam
3389 1256 3590 1311 simili-

1935 1341 2199 1398 tudinem
2219 1341 2515 1410 describit,
2541 1347 2598 1398 et
2624 1358 2826 1398 eorum
2852 1343 3415 1412 congenerationem
3441 1344 3588 1400 nihil

1936 1430 2125 1502 spurii
2162 1431 2437 1487 inducere
2485 1438 2798 1492 monstrat.
2854 1433 2999 1486 Dicit
3047 1433 3208 1488 enim
3263 1449 3276 1488 :
3338 1433 3588 1505 quando

1931 1518 2168 1575 Judmus
2198 1519 2584 1578 mendacium
2623 1519 2906 1592 loquitur,
2952 1526 3016 1576 ut
3054 1526 3109 1576 et
3140 1536 3322 1586 nunc,
3354 1527 3586 1593 patrem

1932 1624 2107 1664 suum
2139 1608 2326 1664 Deum
2369 1609 2594 1673 dicens,
2637 1625 2707 1664 ex
2739 1609 2990 1682 pr0priis
3020 1609 3308 1682 loquitur.
3341 1611 3588 1683 Propria

201 1693 360 1758 δαῖος
407 1700 468 1754 τὸ
512 1693 710 1768 ψεῦδος
749 1696 908 1768 λαλεῖ,
952 1699 1124 1770 ὥσπερ
1165 1702 1254 1749 καὶ
1297 1704 1384 1747 νῦν
1422 1701 1620 1769 πατέρα
1663 1696 1814 1768 λέγων

1932 1697 2091 1754 enim
2124 1699 2268 1768 patri
2308 1697 2646 1763 hmreditas,
2680 1698 2864 1770 patris
2905 1704 3042 1754 sunt
3070 1698 3308 1754 divitiae.
3344 1701 3422 1754 Ex
3453 1715 3584 1770 pro-

199 1785 401 1838 ἑαυτοῦ
433 1789 522 1838 τὸν
554 1788 704 1854 Θεόν,
738 1784 791 1837 ἐκ
836 1794 935 1838 τῶν
976 1782 1124 1838 ἰδίων
1162 1785 1304 1838 λαλεῖ
1335 1803 1346 1816 ·
1380 1783 1515 1848 ἴδιος
1558 1788 1657 1859 γὰρ
1696 1784 1818 1845 κλῆ-

192 1893 293 1948 ρος
323 1883 400 1943 τῷ
447 1880 632 1949 πατρὶ,
665 1882 760 1927 τοῦ
812 1878 1010 1950 πατρὸς
1051 1876 1077 1926 ό
1122 1874 1341 1936 πλοῦτος
1373 1890 1388 1905 ⁶
1429 1873 1483 1926 ἐκ
1529 1883 1628 1925 τῶν
1675 1870 1820 1925 ἰδίων

195 1959 293 2015 οὖν
327 1965 354 2015 6
403 1961 664 2026 Ἰουδαῖος
704 1963 847 2016 λαλεῖ
897 1969 982 2016 τόν
1030 1972 1267 2038 πατρῷον
1306 1963 1534 2016 ὑπελθὼν
1582 1963 1769 2036 κλῆρον
1800 1979 1815 1994 ⁸

195 2057 294 2104 καὶ
343 2053 502 2113 αὐτὸς
529 2055 628 2128 γὰρ
679 2052 914 2125 ψεύστης
955 2053 1097 2106 ἔστὶν
1147 2055 1318 2127 ὥσπερ
1361 2053 1386 2104 6
1420 2057 1585 2124 πατὴρ
1625 2056 1816 2117 αὐτοῦ’

195 2138 370 2199 δῆλον
402 2138 492 2194 οὖν
543 2143 614 2204 ὡς
643 2144 672 2201 ἡ
717 2137 808 2195 τοὺ
854 2143 1008 2213 λόγου
1063 2142 1194 2200 αὕτη
1240 2147 1515 2211 περικοπή,
1560 2142 1616 2193 ού
1667 2145 1818 2213 μόνον

195 2233 603 2304 συμφθέγγεται
649 2239 759 2293 τοῖς
812 2237 1010 2307 πατέρα
1061 2231 1349 2284 πλάττουσι
1399 2227 1490 2283 τοὺ
1545 2227 1816 2299 διαϐόλου,

196 2319 336 2371 ἀλλὰ
391 2325 479 2372 καὶ
525 2329 623 2372 τῶν
680 2317 951 2374 Ἰουδαίων
1006 2324 1204 2394 πατέρα
1251 2323 1336 2372 τόν
1379 2317 1620 2371 διάϐολον
1664 2323 1816 2392 μόνον

194 2407 467 2483 ἀφορίζει.
525 2409 676 2461 Ἀλλὰ
735 2417 897 2462 ταῦτα
950 2413 1040 2482 μὲν
1096 2414 1495 2482 συγγυμνασίας
1540 2405 1679 2468 εἶδος
1725 2412 1814 2460 καὶ

191 2499 354 2568 λόγον
395 2497 566 2570 ἐχέτω
605 2503 698 2557 τὴν
742 2507 833 2550 τοῦ
886 2495 1148 2571 δόγματος
1185 2502 1307 2560 τέως
1347 2502 1703 2572 προσηγορίαν
1733 2497 1818 2549 εὖ·

190 2586 521 2659 λαϐούμενον
555 2607 567 2619 ·
622 2587 714 2650 ἕως
759 2587 820 2638 ἂν
869 2589 894 2639 6
940 2586 1259 2660 ὑψηλότερος
1315 2587 1465 2658 λόγος
1524 2588 1813 2660 ἀναφανεὶς,

188 2681 288 2728 καὶ
322 2673 508 2749 δόγμα
553 2673 682 2730 εἶναι
713 2683 773 2749 τῇ
810 2673 1036 2749 διανοίᾳ,
1070 2681 1159 2728 καὶ
1188 2684 1260 2728 τῶ
1301 2679 1481 2748 κράτει
1517 2680 1611 2734 τὴν
1640 2680 1815 2747 κρίσιν

189 2764 394 2830 λαϐὼν,
451 2771 541 2818 καὶ
598 2775 700 2817 τῶν
760 2762 853 2817 διὰ
901 2764 1023 2836 βίου
1073 2765 1484 2838 φιλοσοφούντων
1523 2768 1617 2824 τὴν
1677 2766 1814 2838 ἱερὰν

1931 1787 2072 1858 priis
2102 1785 2279 1852 igitur
2298 1788 2325 1840 J
2335 1787 2467 1841 udae
2478 1803 2543 1840 us
2560 1786 2824 1858 loquitur
2845 1793 3156 1864 paternam
3177 1787 3584 1844 haereditatem

1931 1874 2193 1932 subiens.
2230 1875 2388 1931 Patet
2417 1875 2590 1946 igitur
2619 1875 2817 1946 ipsum
2846 1875 3004 1931 verbi
3035 1881 3419 1948 apparatum,
3463 1891 3583 1934 non

1931 1963 2114 2019 modo
2128 1979 2246 2018 non
2261 1963 2332 2018 iis
2351 1979 2683 2024 consonare
2698 1964 2794 2036 qui
2817 1970 3046 2036 patrem
3065 1964 3334 2038 aliquem
3355 1963 3584 2020 diaboli

1930 2052 2186 2122 tingunt,
2216 2051 2316 2106 sed
2345 2057 2400 2108 et
2422 2053 2771 2111 Judaeorum
2797 2059 3021 2125 patrem
3043 2053 3354 2110 diabolum
3385 2053 3582 2110 solum

1929 2140 2239 2196 deﬁniunt.
2257 2141 2373 2197 Sed
2385 2142 2512 2198 haec
2525 2141 2772 2214 quidem
2791 2143 3131 2198 communis
3145 2142 3582 2200 exercitationis

1929 2227 2187 2286 formam
2219 2235 2274 2288 et
2296 2231 2590 2286 rationem
2619 2231 2901 2294 habeant,
2931 2231 3231 2302 dogmatis
3259 2246 3448 2302 usque
3479 2246 3581 2301 ap-

1929 2318 2308 2390 pellationem
2376 2319 2752 2390 refugientes,
2823 2320 3218 2392 quoadusque
3284 2318 3579 2374 excelsius

1930 2407 2180 2463 verbum
2237 2408 2560 2465 revelatum
2618 2415 2674 2464 et
2726 2409 2951 2479 dogma
3003 2423 3132 2464 esse
3182 2409 3474 2464 sententia
3524 2413 3582 2464 et

1928 2497 2186 2567 potentia
2216 2497 2536 2553 decernens
2584 2513 2792 2553 eorum
2843 2497 2946 2569 qui
2997 2513 3103 2570 per
3155 2498 3338 2552 vitam
3390 2497 3580 2569 philo-

1927 2584 2162 2658 sophati
2193 2592 2365 2642 erunt
2395 2591 2595 2642 votum
2625 2585 2950 2658 complens,
2977 2585 3118 2641 illud
3153 2585 3430 2642 ostendat
3459 2601 3579 2641 non

1926 2673 2146 2730 frustra
2185 2690 2314 2730 esse
2345 2681 2693 2747 protensum
2748 2674 2824 2731 ad
2856 2690 3066 2730 sensus
3111 2674 3574 2746 inquisitionem,

1925 2763 2027 2836 qui
2059 2770 2145 2820 est
2177 2764 2329 2820 ultra
2353 2763 2742 2826 multitudinis
2772 2763 3234 2834 intelligentiam.

189 2855 437 2928 ὶμλήσας
483 2853 780 2928 ἐπιθυμίαν,
817 2851 961 2928 δείξῃ
993 2860 1065 2928 μὴ
1113 2856 1284 2927 μάτην
1328 2853 1406 2907 ἀεὶ
1444 2858 1574 2929 πρὸς
1606 2857 1830 2918 ζήτησιν
1877 2851 2266 2926 ἀνατεινομένην
2297 2862 2388 2906 τοῦ
2430 2852 2746 2928 ἐξῃρημένον
2797 2858 3052 2925 νοήματος
3099 2860 3194 2914 τῆς
3238 2861 3337 2904 τῶν
3380 2851 3576 2905 πολλῶν

191 2944 576 3015 καταλήψεως.

777 3047 1088 3096 ΕΡΩΤΗΣΙΣ
1127 3041 1258 3098 ΜΗ.

371 3154 546 3204 Πόσαι
569 3149 700 3204 εἰσὶν
729 3152 784 3206 αἱ
813 3153 900 3204 τόν
933 3153 1121 3223 Κύριον
1149 3149 1436 3221 ἀλείψασαι
1459 3152 1608 3225 μύρῳ
1637 3153 1649 3202 l

2251 3041 2578 3109 ΟΗΑΞςΤΙΟ
2615 3043 2815 3098 XLVIII
2863 3042 2962 3112 [ιιι.
3005 3040 3240 3112 XLVII].

1995 3149 2143 3216 Quot
2169 3157 2304 3205 sunt
2331 3164 2460 3222 quae
2484 3151 2794 3205 Dominum
2827 3153 3121 3220 unguento
3149 3152 3448 3203 unxerunt
3476 3146 3506 3200 9

1487 3274 1640 3324 Edita
1668 3288 1701 3325 a
1730 3274 1881 3331 Maio,
1907 3273 1942 3324 l.
1966 3288 2033 3330 c.,
2062 3289 2114 3338 p.
2133 3275 2296 3322 40-45.

271 3391 423 3462 Οὐχὶ
459 3393 555 3449 τὴν
600 3389 760 3450 αὐτὴν
793 3391 1017 3465 εὑρίσκω
1046 3397 1332 3466 προϊοῦσαν
1374 3387 1531 3454 δόξαν
1574 3391 1695 3465 παρ’
1731 3392 1807 3454 οἷς

1990 3392 2116 3447 Non
2161 3390 2440 3446 eamdem
2479 3391 2711 3462 reperio
2763 3389 3188 3464 procedentem
3226 3388 3575 3462 opinionem

189 3489 371 3533 ταῦτα
431 3475 800 3554 διερευνᾶσθαι
841 3484 1046 3552 γέγονεν
1098 3482 1127 3538 ἡ
1182 3475 1414 3539 σπονδή.
1467 3481 1531 3532 Οἱ
1569 3484 1658 3553 μὲν
1704 3483 1807 3554 γὰρ

188 3569 553 3642 ἁπλούστερον
610 3572 700 3621 καὶ
745 3568 1182 3644 έπιπολαιότερον,
1245 3570 1327 3620 ἶνα
1390 3573 1461 3642 μή
1520 3568 1809 3642 ἀμαθέστε-

185 3677 283 3732 ρον
337 3660 489 3723 εῖπῶ,
549 3665 611 3730 τῇ
675 3653 909 3733 διαφόρῳ
966 3657 1150 3716 κλήσει
1207 3665 1306 3709 τῶν
1366 3656 1808 3732 ἀναγραψαμένων

187 3751 290 3806 τὴν
345 3745 581 3821 ἱστορίαν
627 3749 821 3805 ταύτην
869 3751 958 3799 καὶ
998 3749 1063 3799 τὰ
1100 3753 1200 3799 τῶν
1259 3755 1516 3819 γυναικῶν
1567 3742 1808 3799 συνδιαι-

185 3844 352 3908 ροῦσι
420 3839 699 3910 πρόσωπα.
754 3841 853 3890 Καὶ
900 3839 1163 3910 τέσσαρας
1212 3839 1404 3899 ταύτας
1469 3833 1596 3889 εἶναί
1655 3855 1804 3908 φασι,

186 3930 327 4001 πρὸς
369 3921 540 3994 οὐδὲν,
583 3926 754 3998 οἶμαι,
789 3923 1078 4002 βαθύτερον
1113 3924 1366 3997 λογισμόν
1413 3923 1804 3990 ἐπιστήσαντες,

186 4017 221 4073 ἧ
283 4018 418 4087 πρὸς
473 4019 634 4088 μόνην
688 4018 780 4072 τὴν
835 4023 935 4066 τῶν
986 4013 1458 4088 εὐαγγελισαμένων
1516 4018 1803 4073 ποσότητα,

186 4110 311 4164 Τοῖς
374 4100 432 4157 δέ
488 4103 560 4166 εἰς
612 4100 709 4157 δύο
762 4104 1076 4180 περιεστάλη
1135 4105 1201 4156 τὰ
1255 4107 1548 4180 πρόσωπα”
1583 4109 1672 4156 καὶ
1713 4108 1806 4163 τὴν

189 4197 285 4266 μέν
332 4211 466 4266 φασι
510 4197 702 4266 σεμνὴν
743 4192 871 4246 εἶναι
909 4198 998 4246 καὶ
1053 4198 1295 4266 σώφρονα
1331 4197 1420 4245 καὶ
1451 4189 1674 4264 ἀδελφήν
1714 4201 1805 4245 τοῦ

192 4283 451 4358 Λαζάρου
483 4287 571 4335 καὶ
607 4290 699 4343 τῆς
742 4284 960 4356 Μάρθας
990 4301 1002 4314 ·
1032 4286 1124 4340 τήν
1166 4279 1224 4336 δε
1264 4279 1518 4358 διαφόρου
1556 4285 1646 4356 μὲν
1678 4281 1805 4334 ἀνα-

188 4379 399 4447 γραφῆς
447 4379 651 4446 τυχεῖν,
683 4371 805 4444 μίαν
848 4367 908 4424 δὲ
947 4367 1076 4424 εἶναι
1118 4377 1208 4424 καὶ
1250 4375 1445 4430 ταύτην
1489 4369 1542 4434 ἐξ
1580 4369 1805 4442 ἀσέμνου

189 4466 283 4515 καὶ
333 4456 618 4535 πανδήμου
669 4459 792 4535 βίου
840 4461 1184 4535 παρθενικοῦς
1221 4457 1424 4532 ἀγῶνας
1473 4459 1524 4524 ἐξ
1573 4460 1805 4533 ἀκαθαρ-

193 4555 313 4610 σίας
365 4549 714 4624 μετελθοῦσαν
746 4567 760 4581 ·
789 4555 908 4626 περὶ
960 4553 1158 4614 ταύτης
1205 4546 1264 4604 δε
1307 4554 1392 4602 τόν
1434 4569 1488 4602 τε
1538 4551 1804 4604 Ματθαῖον

190 4645 282 4693 καὶ
325 4641 560 4715 Μάρκον,
602 4638 730 4692 ἀλλὰ
766 4643 856 4694 καὶ
894 4642 980 4692 τὸν
1013 4645 1219 4694 Λουκᾶν
1252 4635 1518 4692 διαλαϐεῖν
1547 4658 1559 4671 ·
1594 4643 1682 4691 καὶ
1710 4641 1804 4696 τὴν

1917 3479 2082 3550 apud
2103 3495 2206 3535 eos
2220 3479 2323 3552 qui
2343 3478 2471 3534 hinc
2487 3479 2786 3552 inquirere
2805 3478 3176 3534 studuerunt.
3199 3477 3306 3534 Alii
3325 3477 3574 3550 quidem

1915 3568 2274 3640 indigentius
2307 3573 2366 3624 et
2395 3568 2718 3637 vulgarius,
2753 3583 2826 3623 ne
2856 3567 3056 3644 dicam
3096 3567 3418 3636 indoctius,
3453 3582 3572 3623 non

1917 3657 2118 3714 eadem
2154 3662 2386 3714 utentes
2419 3657 2817 3730 appellatione
2845 3673 2914 3713 ac
2941 3657 3042 3730 qui
3075 3657 3233 3713 hanc
3263 3656 3573 3713 historiam

1917 3747 2280 3819 scripserunt
2333 3751 2387 3802 et
2441 3746 2761 3804 mulierum
2819 3761 3109 3818 personas
3161 3745 3454 3802 dividunt.
3509 3748 3574 3801 Et

1915 3836 2121 3893 dicunt
2171 3853 2274 3894 eas
2304 3851 2435 3892 esse
2481 3852 2732 3892 numero
2789 3841 3072 3908 quatuor,
3128 3834 3314 3898 nullo,
3371 3834 3571 3902 credo,

1915 3926 2117 3983 altiore
2133 3932 2474 3996 argumento
2491 3926 2743 3981 nitentes
2757 3925 2870 3981 nisi
2885 3926 3050 3982 solva
3069 3941 3217 3980 evan
3227 3924 3572 3993 gelistarum

1913 4016 2263 4088 quantitate.
2297 4015 2406 4070 Alii
2431 4015 2508 4070 ad
2539 4014 2686 4070 duas
2717 4030 3000 4086 personas
3029 4018 3337 4069 coarctant
3370 4035 3381 4078 ;
3409 4018 3463 4068 et
3490 4013 3573 4068 al-

1914 4107 2104 4160 teram
2148 4103 2530 4160 veneratione
2583 4102 2825 4174 dignam
2877 4119 3006 4158 esse
3051 4107 3107 4158 et
3154 4101 3484 4174 sapientem
3516 4107 3573 4156 et

1917 4194 2116 4248 Lazari
2151 4196 2207 4248 et
2243 4192 2484 4248 Marthae
2537 4207 2802 4247 sororem
2835 4213 2845 4257 ;
2876 4191 3122 4247 alteram
3153 4195 3358 4246 autem
3404 4189 3572 4244 dissi-

1915 4283 2114 4337 milem
2147 4280 2610 4353 descriptionem
2645 4281 2860 4346 sortiri,
2895 4295 3078 4336 unam
3111 4284 3312 4334 tamen
3345 4292 3473 4332 esse
3513 4281 3571 4332 et

1913 4387 2045 4427 eam
2071 4385 2140 4426 ex
2167 4369 2457 4442 probrosa
2478 4374 2533 4424 et
2556 4369 2792 4441 plebeia
2812 4371 2931 4424 vita
2957 4367 3220 4437 virginea
3243 4364 3571 4422 certamina

1914 4464 2043 4531 post
2073 4459 2370 4514 luxuriam
2392 4459 2632 4513 inivisse
2666 4475 2680 4524 ;
2711 4457 2785 4512 de
2816 4472 2884 4512 ea
2919 4463 3119 4512 autem
3145 4460 3202 4511 et
3231 4457 3567 4511 Mattheum

1913 4554 1968 4604 et
1999 4547 2289 4614 Marcum,
2323 4547 2426 4602 sed
2457 4551 2513 4603 et
2568 4549 2786 4602 Lucam
2833 4545 3126 4602 disserere
3160 4560 3172 4610 ;
3206 4550 3262 4601 et
3289 4543 3565 4601 eamdem

1913 4635 2222 4692 historiam
2276 4635 2686 4690 ditferentibus
2735 4634 2928 4689 verbis
2984 4639 3296 4690 narrantes
3347 4632 3570 4690 descri-

190 4729 361 4787 αὑτήν
431 4730 667 4802 ἱστορίαν
749 4723 1024 4802 διαφόροις
1095 4729 1328 4804 ῥήμασιν
1409 4727 1804 4799 ἀπηγγελκότα,

1924 4725 2130 4798 psisse.
2151 4724 2253 4780 Alii
2271 4740 2406 4780 vero
2424 4723 2569 4780 etad
2587 4739 2768 4780 unam
2787 4738 2996 4780 omnes
3014 4720 3565 4786 reducunt,nullam

191 4816 626 4892 ἀναγράψασθαι.
685 4819 750 4871 Oi
809 4815 867 4871 δὶ
922 4822 1013 4872 καὶ
1074 4821 1203 4891 πρὸς
1263 4822 1386 4891 μίαν
1453 4820 1627 4880 πάσας
1682 4828 1805 4869 συν-

188 4910 442 4978 άγουσιν,
474 4903 726 4982 οὐδεμίαν
746 4914 808 4981 τῇ
841 4903 970 4981 δόξῃ
1000 4906 1280 4976 ἀσφάλειαν
1310 4908 1662 4982 περιθέμενον
1696 4905 1802 4958 ἀλλ’

188 4993 310 5050 οὐδ’
365 4994 467 5049 ἀπὸ
500 5004 597 5060 τῆς
641 5005 742 5050 τῶν
783 5003 1077 5072 προσώπων
1122 5001 1398 5060 ποιότητος
1436 5004 1526 5057 τῆς
1554 4999 1805 5056 τοιαύτης

187 5084 525 5156 ὑπολήψεως,
582 5087 950 5163 ἐπιφερομένης
997 5091 1056 5139 :6
1105 5081 1400 5159 αἰδέσιμον.
1451 5085 1805 5158 Ἀπολινάριος

185 5179 293 5251 γὰρ
353 5181 444 5228 καὶ
504 5176 531 5228 6
580 5175 955 5248 Μοψουεστίας
1011 5173 1279 5252 Θεόδωρος
1330 5177 1526 5236 ταύτης
1580 5174 1704 5226 εἰσὶν
1757 5176 1804 5225 οἱ

187 5268 492 5340 γεννήτορες
520 5282 534 5297 ⁸
583 5263 672 5338 ἔμε
720 5261 778 5318 δε
823 5262 948 5320 οὐδε
980 5261 1078 5319 δύο
1122 5269 1316 5328 ταύτας
1356 5264 1693 5339 ἱπιτρέπουσι
1729 5263 1806 5316 λέ-

189 5373 320 5427 γειν,
367 5358 485 5409 οὔτε
536 5362 628 5408 τοῦ
675 5361 914 5432 Σωτῆρος
957 5356 1007 5408 οἱ
1051 5354 1220 5427 λόγοι,
1269 5357 1385 5407 οὔτε
1423 5363 1519 5407 τῶν
1564 5353 1806 5426 φιλοθέων

192 5454 456 5516 γυναικῶν
504 5444 561 5496 αἰ
615 5443 846 5519 πράξεις,
899 5447 1016 5498 οὔτε
1064 5448 1123 5497 τό
1165 5442 1414 5518 διάφορον
1463 5451 1554 5496 τοῦ
1597 5451 1805 5518 καιροῦ,

195 5532 304 5586 ἀλλ’
358 5529 484 5588 οὐδε
533 5540 638 5586 τῶν
688 5534 879 5588 θεατῶν
929 5538 1018 5589 καὶ
1069 5532 1332 5610 ἀκροατῶν
1379 5535 1409 5592 ἠ
1448 5533 1530 5587 έπὶ
1568 5541 1641 5606 τῷ
1679 5551 1810 5608 πρα-

1912 4814 2181 4887 opinioni
2211 4814 2550 4869 firmitatem
2582 4813 2968 4869 conoiliantes
2994 4811 3132 4877 ;sed
3162 4826 3358 4884 neque
3385 4828 3419 4866 a
3441 4826 3569 4883 per-

1913 4919 2199 4960 sonarum
2230 4903 2514 4974 dignitate
2567 4902 2704 4958 talis
2737 4901 2940 4973 opinio
2971 4901 3076 4956 sibi
3126 4900 3568 4956 venerationem

1913 4992 2208 5050 conciliat.
2242 4991 2638 5064 Apollinarius
2659 4990 2818 5046 enim
2846 4995 2902 5045 et
2925 4989 3273 5046 Theodorus
3296 4990 3568 5061 Mopsue-

1915 5086 2063 5140 stius
2089 5099 2223 5139 eam
2264 5083 2438 5156 primi
2472 5081 2532 5138 in
2583 5080 2772 5139 lucem
2824 5080 3216 5153 protulerunt.
3250 5081 3333 5136 Me
3365 5083 3566 5134 autem

1915 5188 2015 5230 eas
2053 5189 2180 5229 esse
2210 5171 2364 5228 duas
2392 5186 2586 5243 neque
2613 5169 2936 5228 Salvatoris
2963 5168 3146 5226 verba
3183 5167 3566 5233 convincunt,

1912 5278 2102 5334 neque
2127 5261 2478 5317 dilectarum
2508 5275 2544 5315 a
2573 5259 2690 5316 Deo
2722 5257 3060 5322 mulierum,
3083 5273 3279 5330 neque
3303 5257 3568 5314 occasio-

1913 5351 2007 5406 nis
2022 5339 2372 5414 differentia,
2390 5348 2493 5406 sed
2508 5364 2701 5420 neque
2716 5348 3111 5419 spectantium
3130 5352 3188 5402 et
3201 5346 3566 5404 audientium

1915 5441 1988 5495 de
2023 5440 2176 5495 facto
2207 5439 2512 5494 sententia.
2557 5439 2681 5493 Alia
2730 5453 2866 5492 vero
2905 5437 2976 5492 iis
3025 5452 3142 5491 non
3185 5436 3421 5490 minora
3451 5440 3567 5488 tres

1922 5546 2025 5588 eas
2051 5545 2183 5587 esse
2204 5528 2588 5604 convincunt,
2620 5527 2726 5584 sed
2747 5542 2940 5605 neque
2957 5526 3144 5585 tribus
3161 5524 3362 5601 plures
3375 5537 3567 5597 neque
