4140 6198
510 271 616 331 359
1728 260 1971 325 puorn
2014 254 2501 324 PATRIARCHAZ
2540 256 2655 321 CP.
3775 252 3888 316 360

510 399 830 474 pauciores
860 411 990 454 esse
1030 392 1301 453 edocent.
1336 395 1529 451 Primo
1560 395 1735 466 igitur
1763 399 1851 451 est
1879 411 1951 451 ea
1974 412 2145 468 quam

2272 396 2452 466 χθέντι
2506 397 2709 465 γνώμη,
2769 395 2859 443 καὶ
2915 390 3044 442 ἄλλα
3101 382 3159 442 δὲ
3215 386 3410 441 τούτων
3468 384 3563 440 ούκ
3616 386 3887 455 ἐλάττονα,

515 494 703 546 Lucas
733 486 1065 559 descripsit,
1108 501 1245 557 quae
1299 489 1435 540 ante
1487 484 1705 540 multos
1755 485 1897 540 Jesu
1953 485 2150 541 Christi

2272 490 2409 555 τρεῖς
2480 478 2610 533 εἶναι
2666 482 2895 540 ταύτας·
2956 478 3063 531 ἀλλ’
3118 482 3235 531 οὔτε
3296 477 3505 539 πλείους
3561 485 3661 528 τῶν
3732 484 3892 550 τριῶν

515 585 681 634 actus
698 582 752 633 et
773 576 1075 631 doctrinas
1092 574 1153 629 in
1178 573 1489 629 historiam
1509 572 1855 629 assumitur.
1879 574 2015 628 Post
2037 574 2150 628 haec

2275 575 2391 624 οὔτε
2445 570 2689 631 ἐλάττους
2744 565 3073 621 ἐκδιδάσκει.
3135 574 3319 641 Πρώτη
3379 569 3470 639 μὲν
3522 562 3609 618 οὖν
3665 566 3807 617 ἐστιν
3858 566 3887 622 ἡ

516 669 675 722 enim
729 670 783 720 et
832 665 905 720 ad
957 663 1440 735 praedicationem
1498 661 1825 734 discipulos
1866 663 2060 727 mittit,
2110 670 2151 717 e1

2275 662 2418 734 παρὰ
2473 668 2543 730 τῷ
2607 665 2788 730 Λουκᾷ
2843 657 3295 732 ἀναγεγραμμένη,
3346 659 3456 715 ἣτις
3506 659 3595 706 καὶ
3636 658 3736 728 πρὸ
3766 653 3895 706 πολ-

519 753 955 811 multitudinem
993 752 1349 807 miraculose
1375 750 1641 822 quinque
1673 750 1931 820 panibus
1962 751 2154 815 nutrit,

2275 750 2373 801 λῶν
2420 748 2652 822 πράξεων
2702 754 2792 800 καὶ
2836 743 3197 800 διδασκαλιῶν
3251 754 3343 798 τοῦ
3386 746 3569 802 Ἰησοῦ
3621 743 3692 805 εἰς
3752 745 3894 795 ἱστο-

517 850 575 899 et
598 843 671 899 ab
700 841 983 913 apostolis
1015 840 1221 910 Opinio
1250 840 1323 895 de
1359 841 1608 895 Domino
1651 841 1954 911 quaeritur,
1998 844 2053 897 et
2082 838 2152 894 di-

2278 843 2394 913 ρίαν
2459 842 2669 910 μνήμης
2736 836 3075 910 παρελήφθηο
3135 837 3267 909 μετὰ
3318 843 3485 887 ταῦτα
3547 834 3649 907 γὰρ
3699 833 3771 893 εἰς
3830 835 3892 883 τὸ

515 931 689 988 vinus
705 928 1246 999 transﬁgurationis
1261 932 1427 984 actus
1448 944 1629 1000 supra
1657 933 1915 984 mentem
1931 927 2150 983 etratio

2279 933 2530 999 κήρυγμα
2579 932 2668 979 καὶ
2716 930 2829 987 τούς
2876 928 3113 998 μαθητὰς
3166 923 3487 994 ἀποστέλλει,
3543 928 3632 1001 καὶ
3680 925 3737 974 τὸ
3787 930 3892 973 τῶν

518 1035 655 1076 nem
709 1018 972 1075 efﬁcitur.
1044 1039 1071 1065 «
1124 1018 1277 1072 Facti
1331 1022 1489 1082 sunt,
1553 1016 1745 1089 inquit
1797 1019 1975 1082 enim,
2038 1032 2153 1087 pos

2280 1020 2426 1067 πέντε
2482 1016 2645 1088 ἄρτων
2710 1017 3179 1088 θαυματουργεῖται
3238 1012 3449 1080 πλῆθος,
3520 1015 3609 1063 καὶ
3673 1012 3703 1068 ἠ
3770 1015 3894 1085 περὶ

521 1123 824 1164 sermones
853 1106 998 1161 istos
1042 1106 1170 1162 dies
1218 1110 1374 1174 octo,
1407 1110 1463 1161 et
1503 1120 1818 1161 assumens
1848 1106 2079 1160 Petrum
2113 1110 2156 1161 et

2280 1111 2371 1156 τοῦ
2413 1100 2743 1156 διδασκάλου
2783 1112 2883 1156 τῶν
2922 1106 3169 1176 μαθητῶν
3215 1100 3479 1172 ὑπόληψις
3517 1100 3889 1171 λογοθετεῖται,

518 1199 810 1253 Joannem
830 1201 886 1251 et
904 1195 1221 1263 Jacobum,
1238 1194 1501 1250 ascendit
1521 1194 1581 1249 in
1610 1200 1874 1250 montem
1897 1209 2088 1263 orare,
2116 1209 2147 1249 e

2280 1197 2371 1244 καὶ
2421 1194 2451 1251 ἡ
2498 1200 2592 1254 τῆς
2633 1198 3081 1267 μεταμορφώσεως
3111 1194 3236 1264 ὑπὲρ
3283 1198 3400 1243 νοῦν
3439 1194 3529 1242 καὶ
3569 1189 3718 1261 λόγον
3760 1195 3893 1263 πρᾶ-

520 1287 665 1342 dum
710 1290 925 1351 oraret,
974 1285 1125 1340 facta
1173 1288 1264 1340 est
1311 1283 1491 1339 facies
1529 1284 1728 1339 vultus
1779 1284 1907 1355 ejus
1957 1283 2074 1338 alia
2118 1298 2155 1338 e‘

2283 1281 2359 1344 ξις
2394 1284 2733 1355 θεουργεῖται.
2773 1304 2796 1333 α
2822 1284 3049 1354 Ἐγένετο
3070 1283 3196 1356 γὰρ,
3225 1286 3376 1353 φησὶ,
3412 1281 3539 1353 μετὰ
3569 1282 3682 1339 τοὺς
3709 1277 3895 1349 λόγους

521 1375 873 1431 vestimenta
902 1374 1029 1443 ejus
1059 1374 1197 1431 alba
1245 1378 1299 1429 et
1343 1372 1715 1444 splendentia
1746 1375 1813 1439 ⁸⁷,
1845 1396 1872 1422 ››
1904 1377 2009 1428 etc.
2056 1371 2156 1427 Sed

2281 1374 2490 1432 τούτους
2552 1374 2677 1424 ὡσεὶ
2736 1372 2927 1445 ἡμέραι
2982 1371 3138 1440 ὀκτὼ,
3194 1376 3283 1422 καὶ
3334 1368 3645 1443 παραλαϐὼν
3698 1372 3894 1439 Πέτρον

523 1464 684 1520 enim
698 1469 753 1518 et
773 1463 1148 1534 septuaginta
1167 1463 1439 1533 discipuli
1456 1468 1590 1534 post
1605 1463 1733 1517 hac
1758 1462 2158 1530 designantur.

2282 1465 2371 1511 καὶ
2429 1461 2669 1518 Ἰωάννην
2722 1466 2811 1513 καὶ
2850 1459 3094 1513 Ἰάκωϐον
3148 1458 3299 1517 ἀνέϐη
3344 1458 3415 1521 εἰς
3456 1461 3512 1511 τὸ
3565 1462 3681 1530 ὄρος
3730 1476 3896 1531 προσ-

525 1552 894 1625 etparabolaa
911 1552 1348 1607 hortationibus
1362 1556 1776 1607 contexuntur.
1795 1554 1954 1606 Patet
1973 1555 2160 1605 autem

2284 1548 2575 1616 εύξασθαι·
2635 1554 2720 1601 καὶ
2776 1547 2970 1619 ἐγένετο
3028 1548 3076 1600 ἓν
3134 1555 3206 1618 τῷ
3264 1548 3660 1621 προσεύχεσθαι
3712 1545 3895 1612 αὐτὸν,

524 1642 870 1714 passionem
914 1640 1187 1695 nondum
1241 1641 1460 1696 instare
1524 1660 1536 1706 ;
1590 1656 1785 1712 neque
1820 1639 2159 1695 carniﬁcum

2283 1640 2341 1689 τὸ
2396 1633 2531 1697 εἶδος
2592 1645 2680 1690 τοῦ
2718 1644 3001 1711 προσώπου
3057 1637 3216 1690 αὐτοῦ
3269 1638 3457 1712 ἕτερον,
3510 1640 3599 1688 καὶ
3641 1637 3667 1688 6
3722 1636 3898 1707 ἱματι-

523 1730 865 1786 Judaaorum
884 1730 1131 1785 consilia
1152 1745 1258 1801 per
1279 1730 1635 1785 voluntatem
1658 1736 1712 1785 et
1730 1728 2158 1784 meditationem

2288 1729 2418 1798 σμὸς
2469 1726 2628 1779 αὐτοῦ
2684 1727 2863 1788 λευκὸς
2911 1726 3299 1801 ἐξαστράπτων,
3334 1746 3362 1778 ι)
3411 1730 3500 1778 καὶ
3543 1724 3683 1787 ἑξῆς.
3736 1722 3898 1775 Ἀλλὰ

527 1820 645 1873 vim
664 1824 1031 1889 acceperant.

2284 1818 2386 1888 γὰρ
2431 1820 2521 1867 καὶ
2559 1818 2608 1867 οἱ
2640 1813 2995 1889 ἐϐδομήκοντα
3031 1818 3267 1888 μαθηταὶ
3311 1816 3440 1888 μετὰ
3477 1821 3646 1867 ταῦτα
3683 1808 3896 1864 ἁναδεί-

527 1927 740 1959 κνυνται
782 1911 872 1959 καὶ
911 1906 1202 1980 παραϐολαὶ
1232 1914 1349 1968 ταῖς
1394 1909 1690 1969 νουθεσίαις
1735 1911 2131 1980 συνυφαίνονται
2155 1924 2167 1937 ⁸
2205 1901 2365 1964 δῆλον
2411 1902 2469 1957 δὲ
2515 1908 2579 1965 ὡς
2618 1902 2741 1958 ούδε
2786 1909 2845 1957 τὸ
2890 1907 3051 1966 πάθος
3080 1908 3223 1957 οὔπω
3253 1904 3516 1962 ἐνεστήκει
3544 1920 3556 1934 ·
3586 1898 3702 1955 οὐδ’
3728 1903 3758 1959 ἡ
3793 1909 3898 1951 τῶν

528 2002 815 2069 μιαιφόνων
844 1993 1113 2049 Ἰουδαίων
1146 1994 1389 2055 ἐπιϐουλή
1421 1992 1514 2048 διὰ
1542 1996 1735 2069 βουλῆς
1764 2001 1851 2049 καὶ
1880 1996 2088 2070 μελέτης
2113 1997 2170 2046 τὸ
2201 2001 2355 2068 κῦρος
2386 1993 2685 2067 ἐλάμϐανεν,

604 2088 682 2140 Ex
725 2086 1163 2140 circumstantia
1211 2085 1456 2156 quidem
1508 2084 1837 2141 differentia
1868 2087 2016 2140 inter
2046 2099 2180 2139 eam

2364 2083 2492 2136 Ἀπό
2550 2088 2640 2156 μὲν
2700 2092 2790 2136 τοῦ
2844 2091 3029 2159 καιροῦ
3083 2087 3140 2136 τό
3195 2080 3444 2158 διάφορον
3493 2090 3587 2143 τῆς
3636 2082 3779 2156 παρὰ
3824 2089 3898 2152 τῷ

528 2190 663 2247 quaa
690 2173 847 2245 apud
886 2176 1103 2229 Lucam
1152 2179 1238 2229 est
1282 2174 1591 2230 mulierem
1619 2180 1675 2230 et
1720 2175 1871 2230 inter
1909 2174 2054 2230 alias
2099 2173 2163 2227 Sit

2292 2178 2473 2244 Λουκᾷ
2522 2177 2769 2244 γυναικός
2812 2177 2941 2247 πρὸς
2988 2176 3079 2236 τὰς
3143 2172 3299 2234 ἄλλας
3346 2173 3480 2225 οὕτω
3529 2179 3752 2244 φανερῶς
3803 2176 3897 2222 καὶ

529 2264 831 2319 evidenter
846 2268 903 2317 et
918 2262 1330 2319 indubitanter
1347 2261 1683 2319 volentibus
1705 2263 1835 2319 licet
1848 2262 2157 2335 concipere

2292 2260 2651 2333 ἀναμφιϐόλως
2716 2263 2913 2325 ἔξεστιν
2974 2262 3155 2315 ἐννοεῖν
3211 2270 3320 2324 τοῖς
3378 2260 3745 2335 βουλομένοις·
3806 2264 3898 2311 καὶ

530 2352 756 2408 Etenim
808 2350 1062 2407 aliarum
1110 2352 1605 2425 uniuscujusque,
1652 2351 2015 2408 Dominicam
2049 2367 2165 2423 pas‘

2290 2354 2390 2425 γὰρ
2438 2360 2535 2402 τῶν
2589 2350 2753 2403 ἄλλων
2794 2351 3033 2427 ἑκατέρας
3070 2348 3178 2410 ἤδη
3220 2360 3311 2404 τοῦ
3343 2356 3660 2403 Δεσποτικοῦ
3695 2350 3899 2409 πάθους

531 2441 760 2497 sionem
810 2440 1027 2495 Judaeis
1078 2440 1462 2496 meditatione
1505 2441 1631 2511 jam
1675 2440 2166 2510 machinantibus1

2289 2446 2403 2500 ταῖς
2458 2447 2557 2491 τῶν
2617 2436 2889 2493 Ἰουδαίων
2942 2440 3177 2512 μελεταις
3234 2439 3591 2512 ἕνεργουμένου
3645 2440 3699 2490 αἱ
3758 2440 3899 2490 ἱστο·

529 2528 788 2584 historiaa
842 2530 1193 2584 memoriam
1239 2529 1530 2584 inducunt
1582 2547 1595 2584 :
1637 2530 1878 2585 alterius
1931 2529 2091 2585 enim
2122 2528 2157 2583 ﬁ

2290 2533 2403 2602 ρίαι
2461 2534 2555 2587 τήν
2608 2535 2816 2602 μνήμην
2869 2530 3143 2602 εἰσάγουσι
3178 2546 3191 2559 ·
3234 2533 3326 2587 τήν
3382 2532 3473 2601 μὲν
3520 2532 3619 2600 πρὸ
3671 2527 3725 2589 ἑξ
3772 2529 3900 2598 ἡμε-

532 2616 755 2672 mentio
806 2622 942 2672 ante
973 2632 1072 2671 sex
1114 2616 1239 2672 dies
1271 2617 1549 2683 Pascha};
1583 2617 1823 2672 alterius
1869 2634 2003 2673 vero
2048 2620 2167 2673 ante

2289 2626 2391 2689 ρῶν
2420 2626 2509 2670 τοῦ
2542 2620 2760 2690 Πάσχα,
2791 2623 2882 2677 τὴν
2915 2615 2973 2671 δὲ
3011 2622 3111 2693 πρὸ
3144 2614 3241 2671 δύο
3271 2625 3363 2670 τοῦ
3400 2619 3601 2678 πάθους
3633 2634 3644 2646 ·
3681 2621 3772 2667 καὶ
3801 2624 3900 2676 τῆς

532 2705 686 2761 duos
738 2704 1051 2777 passionis.
1104 2708 1168 2761 Et
1217 2706 1457 2761 alterius
1498 2706 1793 2763 actionem
1833 2706 2083 2762 dilectus
2127 2714 2167 2761 et

2290 2710 2380 2779 μὲν
2433 2713 2525 2766 τὴν
2578 2708 2763 2781 πρᾶξιν
2818 2710 2843 2759 6
2893 2709 3225 2781 ήγαπημένος
3272 2711 3362 2760 καὶ
3422 2708 3672 2781 παρθένος
3724 2706 3898 2776 μαθη-

531 2794 702 2865 virgo
748 2794 1075 2866 discipulus
1103 2794 1403 2859 describit,
1445 2812 1573 2868 quae
1620 2797 1817 2853 Lazari
1864 2801 1920 2851 et
1951 2796 2166 2852 Martha

2291 2801 2379 2857 τὴς
2445 2795 2749 2870 ἀναγράφει,
2810 2800 2925 2859 ἣτις
2977 2801 3067 2848 καὶ
3124 2792 3318 2869 ἀδελφὴ
3376 2803 3464 2848 τοῦ
3533 2814 3585 2847 τε
3642 2793 3897 2864 Λαζάρου

532 2899 701 2940 soror
725 2889 869 2949 erat,
889 2890 945 2940 et
968 2901 1103 2957 quae
1126 2900 1192 2940 ex
1218 2884 1439 2941 dilectis
1468 2901 1505 2941 a
1539 2887 1786 2942 Domino
1801 2889 1934 2943 Jesu
1954 2887 2167 2943 Christc

2292 2890 2380 2937 καὶ
2429 2894 2524 2948 τῆς
2571 2889 2790 2961 Μάρθας
2846 2885 3194 2959 ἐχρημάτιζε,
3250 2890 3338 2937 καὶ
3390 2892 3489 2936 τῶν
3545 2882 3899 2955 ἀγαπωμένων

531 2989 658 3029 esse
672 2973 1047 3039 noscebatur,
1069 2979 1273 3029 etcum
1296 2974 1407 3029 illis
1425 2975 1883 3031 admirationem
1902 2975 2159 3031 moveba

2293 2973 2595 3048 ἑγνωρίζετο
2661 2983 2753 3027 τοῦ
2814 2980 3006 3048 Κυρίου
3076 2975 3257 3033 Ἰησοῦ
3314 2980 3567 3047 Χριστοῦ,
3640 2976 3730 3023 καὶ
3795 2980 3900 3023 τῶν

534 3063 591 3117 in
624 3063 845 3134 iisquae
871 3063 944 3116 ad
980 3062 1114 3119 vitae
1141 3063 1583 3119 venerationem
1612 3070 1768 3119 sunt.
1795 3066 1937 3130 Quae
1969 3070 2023 3120 et
2049 3070 2169 3120 ante

2296 3065 2719 3136 θαυμαζομένων,
2764 3066 2865 3116 ὅσα
2918 3084 2978 3136 γε
3026 3062 3105 3116 ἐπὶ
3154 3071 3216 3135 τῇ
3264 3070 3356 3115 τοῦ
3406 3061 3528 3135 βίον
3571 3065 3853 3133 σεμνότητι
3883 3078 3895 3090 ·

531 3167 632 3206 sex
686 3151 811 3207 dies
855 3151 1099 3208 Pascha;
1147 3168 1320 3208 sacra
1380 3152 1480 3207 illa
1530 3154 1838 3209 celebrans
1903 3154 2166 3226 mysteria

2296 3154 2408 3213 ἣτις
2450 3158 2538 3206 καὶ
2587 3158 2686 3228 πρὸ
2725 3153 2777 3215 ἓξ
2824 3155 3025 3226 ἡμερῶν
3068 3160 3160 3205 τοῦ
3214 3153 3413 3223 Πάσχα
3457 3154 3552 3209 τήν
3586 3152 3725 3224 ἱερὰν
3769 3148 3898 3201 Exci-

530 3239 784 3295 domum
835 3256 1006 3295 suam
1045 3257 1279 3296 sacram
1326 3246 1382 3297 et
1431 3242 1722 3298 mundam
1764 3243 1915 3299 fecit.
1970 3243 2165 3299 Printei

2293 3262 2383 3299 νην
2443 3245 2835 3317 ἱερουργήσασα
2891 3241 3115 3308 τελετήν,
3182 3244 3269 3293 τόν
3336 3237 3474 3293 οἶκον
3542 3238 3708 3301 αὐτῆς
3764 3240 3900 3311 ἱερὸν

531 3328 640 3383 bas
670 3329 839 3385 tertia
869 3334 924 3384 et
954 3329 1157 3385 ultima
1186 3346 1323 3403 quae
1365 3336 1500 3387 ante
1539 3332 1693 3387 duos
1724 3332 1852 3388 dies
1881 3333 2166 3404 passionis

2261 3332 2575 3405 iévdxro‘oov
2621 3330 3014 3404 ἀπειργάσατο·
3059 3329 3142 3383 ἐπὶ
3180 3333 3398 3391 ταύταις
3452 3331 3481 3388 ἡ
3535 3333 3684 3404 τρίτη
3733 3332 3825 3379 καὶ
3866 3329 3896 3385 ἡ

530 3416 851 3473 Dominum
912 3418 1096 3483 unxit,
1165 3420 1238 3475 de
1306 3435 1427 3491 qua
1482 3422 1789 3476 Matthmus
1847 3428 1903 3477 et
1958 3425 2165 3479 Marcus

2294 3421 2577 3484 τελευταία,
2629 3423 2657 3479 ή
2706 3423 2805 3495 πρό
2851 3416 2947 3472 δύο
2990 3422 3191 3493 ἡμερῶν
3245 3418 3509 3490 ἁλειψασα
3552 3425 3644 3469 τοῦ
3696 3418 3902 3477 πάθους

529 3504 935 3562 narrationem
966 3506 1384 3565 ordinaverunt
1417 3525 1430 3563 :
1464 3510 1639 3579 igitur
1671 3527 1860 3566 sermo
1906 3510 2036 3567 illas
2067 3515 2164 3567 tres

2292 3514 2378 3563 τὸν
2430 3518 2659 3585 Σωτῆρα,
2709 3514 2826 3583 περὶ
2874 3510 2937 3572 ἧς
2988 3511 3251 3570 Ματθαῖός
3295 3528 3349 3561 τε
3401 3513 3491 3560 καὶ
3540 3507 3753 3580 Μάρκος
3804 3511 3900 3565 τὴν

531 3595 742 3651 merito
763 3594 1114 3666 proclamat.

2292 3596 2543 3672 διήγησιν
2595 3599 2899 3661 ἀνετάξαντο
2928 3616 2939 3628 ·
2988 3597 3174 3650 οὐκοῦν
3214 3599 3240 3649 6
3286 3596 3433 3669 λόγος
3472 3595 3685 3668 εὐλόγως
3734 3594 3903 3657 αὑτὰς

2290 3695 2425 3761 τρεῖς
2457 3686 2816 3762 ἀνακηρύττει.

605 3773 669 3827 Et
697 3786 771 3825 ex
792 3771 907 3827 hac
933 3774 1101 3843 parte
1127 3772 1375 3844 insuper
1405 3774 1734 3831 considera.
1781 3778 1901 3833 Una
1935 3777 2180 3849 quidem

2364 3778 2466 3831 Καὶ
2522 3778 2618 3850 ὅρα
2674 3776 2985 3829 κάντεῦθεν·
3028 3779 3117 3828 καὶ
3186 3776 3215 3833 ἡ
3286 3777 3375 3847 μὲν
3441 3773 3614 3836 ἁπλῶς
3677 3782 3751 3845 τῷ
3804 3782 3903 3834 τῆς

530 3858 875 3932 simpliciter
922 3860 1160 3916 malitiae
1192 3864 1436 3918 nomine
1483 3865 1779 3934 peccatrix
1827 3870 2093 3931 vocatur,
2128 3882 2157 3922 e

2290 3872 2476 3929 κακίας
2560 3865 2792 3939 ὀνόματι,
2871 3864 3171 3938 ἁμαρτωλός
3246 3863 3572 3936 ὀνομάζεται,
3648 3867 3739 3915 καὶ
3827 3864 3904 3925 εἰς

529 3948 591 4004 in
638 3948 819 4003 domo
871 3949 1169 4015 Pharisaai,
1212 3965 1332 4005 non
1383 3956 1581 4007 autem
1632 3952 1887 4009 Simonis
1940 3953 2155 4026 leprosi

2290 3960 2384 4014 τήν
2467 3957 2633 4008 οὶκίαν
2690 3963 2780 4007 τοῦ
2844 3959 3156 4027 Φαρισαίου,
3210 3952 3338 4026 ούχὶ
3388 3949 3447 4005 δὲ
3517 3959 3609 4005 τοῦ
3672 3957 3904 4024 Σίμωνος

528 4039 731 4092 Jesum
751 4038 931 4103 videt,
951 4040 1054 4111 qui
1085 4040 1427 4096 convivium
1455 4041 1805 4099 celebrantis
1831 4044 2163 4101 invitatione

2292 4052 2385 4096 τοῦ
2465 4044 2672 4118 λεπροῦ,
2765 4048 2850 4097 τὸν
2930 4043 3135 4101 Ἰησοῦν
3221 4044 3337 4117 ὁρᾷ,
3426 4049 3488 4114 τῇ
3572 4040 3902 4116 παρακλήσει

528 4142 681 4183 area:
717 4132 776 4181 et
824 4144 1045 4183 mensae
1077 4129 1373 4200 particeps
1422 4131 1825 4189 accumbebat.
1877 4133 2017 4206 Ipsa
2045 4140 2163 4189 anti

2290 4142 2382 4186 τοῦ
2486 4133 2753 4194 ἐστιῶντος
2835 4133 2967 4185 ἀλῶν
3055 4137 3141 4185 καὶ
3232 4131 3499 4205 τραπέζης
3580 4137 3899 4187 κοινωνῆσαι

531 4220 903 4285 unguentum
957 4216 1210 4273 effundit
1256 4219 1554 4290 lacrymas
1613 4238 1626 4287 ;
1682 4226 1736 4276 et
1797 4222 1979 4294 pedes
2040 4222 2166 4279 Jesr

2290 4223 2751 4297 κατακεκλιμένον·
2832 4223 2963 4281 αὕτη
3049 4226 3138 4274 καὶ
3212 4229 3303 4273 τοῦ
3405 4223 3573 4295 μύρου
3680 4223 3902 4292 προχέει

527 4307 735 4376 irrigat
774 4311 831 4361 et
869 4306 1091 4377 capillis
1132 4309 1344 4379 capitis
1393 4310 1581 4380 tergit,
1633 4316 1689 4366 et
1738 4313 1981 4368 amandi
2031 4315 2159 4385 capi

2292 4316 2358 4365 τὰ
2432 4309 2657 4387 δάκρυα,
2725 4317 2815 4364 καὶ
2883 4315 3003 4372 τούς
3067 4305 3234 4373 πόδας
3297 4308 3485 4382 βρέχει
3546 4316 3638 4361 τοῦ
3692 4309 3899 4373 Ἰησοῦ,

526 4394 807 4450 ﬁduciam
858 4400 913 4451 et
964 4396 1104 4451 dein
1147 4396 1331 4453 libere
1375 4397 1501 4465 agit
1551 4404 1608 4455 et
1647 4407 1953 4471 unguento
2008 4403 2161 4475 pede:

2291 4406 2381 4454 καὶ
2437 4409 2547 4462 ταῖς
2598 4401 2735 4476 θριξὶ
2786 4410 2875 4461 τῆς
2927 4399 3145 4473 κεφαλῆς
3206 4398 3480 4472 ἓκμάσσει,
3539 4401 3630 4450 καὶ
3682 4416 3905 4468 καταφι·

529 4483 740 4553 ungit;
774 4500 895 4556 quo
946 4483 1121 4551 facto,
1164 4489 1358 4541 tacent
1412 4486 1653 4559 quidem
1704 4491 1806 4560 qui
1860 4491 2074 4547 adsunt
2130 4508 2160 4547 e

2291 4491 2393 4543 λείν
2458 4490 2705 4562 λαμϐάνει
2767 4492 2974 4563 θάρσος,
3029 4487 3264 4541 κάκεῖθεν
3315 4485 3756 4562 παρρησιάζεται,
3810 4490 3903 4537 καὶ

526 4586 707 4627 nemo
748 4571 927 4627 ullam
988 4574 1505 4646 exprobrationem
1568 4577 1929 4635 muliercula:
1982 4579 2161 4652 injicit

2294 4589 2364 4652 τῷ
2434 4582 2580 4652 μύρῳ
2648 4583 2768 4641 τοὺς
2820 4575 2990 4640 πόδας
3043 4577 3276 4651 ἀλείφει’
3332 4581 3423 4629 καὶ
3499 4582 3741 4629 σιωπῶσι
3809 4578 3903 4647 μὲν

531 4658 866 4715 Pharisaaus
883 4666 1084 4718 autem
1115 4662 1276 4719 solus
1301 4668 1359 4719 et
1377 4668 1515 4720 tunc
1535 4666 1593 4720 in
1618 4682 1680 4721 se
1694 4682 1764 4721 eo
1784 4673 1915 4722 actu
1941 4676 2166 4725 vexatus

2294 4668 2376 4721 ἐπὶ
2421 4677 2482 4741 τῇ
2526 4669 2709 4744 πράξει
2756 4671 2938 4729 πάντες
2982 4670 3031 4720 οἱ
3081 4672 3345 4741 παρόντες,
3397 4670 3487 4719 καὶ
3534 4661 3705 4725 οὐδεὶς
3747 4660 3901 4717 οῦδε-

529 4748 768 4817 agnitus
797 4754 901 4804 est.
936 4751 1127 4823 lnquit
1157 4752 1307 4807 enim
1341 4769 1355 4819 ;
1393 4774 1417 4804 α
1456 4755 1566 4811 Hic
1594 4755 1639 4809 si
1692 4757 1975 4828 propheta
2005 4764 2160 4814 esset

2294 4762 2416 4831 μίαν
2463 4758 2764 4831 ἐπιτίμησιν
2813 4756 2993 4829 ἐπάγει
3036 4765 3106 4828 τῷ
3158 4760 3389 4828 γυναίῳ·
3425 4756 3450 4807 6
3506 4752 3565 4808 δε
3614 4760 3903 4827 Φαρισαῖος

530 4836 702 4892 sciret
758 4839 958 4911 utique
1011 4856 1291 4911 quaenam
1330 4848 1386 4897 et
1443 4844 1638 4916 qualis
1690 4845 1762 4900 sit
1814 4846 2024 4902 mulier
2053 4865 2165 4918 qua

2294 4853 2449 4921 μόνος
2476 4853 2564 4900 καὶ
2591 4852 2704 4900 τότε
2744 4846 2792 4899 ἐν
2820 4846 2983 4917 ἑαυτῷ
3014 4853 3077 4919 τῇ
3111 4845 3295 4920 πράξει
3336 4841 3702 4918 δυσχεραίνων
3742 4841 3904 4914 ἐγνῶ-

530 4940 669 4980 eum
697 4926 901 4996 tangit,
932 4934 987 4984 et
1024 4944 1157 4984 eam
1190 4932 1579 5001 peccatricem
1624 4949 1753 4989 esse
1787 4935 1853 4986 ⁸⁸.
1901 4957 1929 4984 ››
1964 4937 2165 4993 Deinde

2298 4940 2397 4996 σθη
2436 4956 2446 4967 ’
2483 4943 2612 5010 φησὶ
2650 4940 2752 5011 γάρ
2782 4953 2796 4966 '
2846 4959 2873 4987 ι(
2907 4935 3073 4997 Οὗτος
3122 4934 3166 4987 εἰ
3205 4931 3266 4993 ἦν
3307 4939 3576 5008 προφήτης
3624 4932 3904 5004 ἐγίνωσκεν

528 5012 698 5068 Jesus
719 5014 882 5070 illum
906 5018 1158 5087 propriis
1187 5018 1380 5074 verbis
1403 5025 1635 5075 coercet
1656 5037 1843 5094 osque
1860 5022 1909 5077 ei
1943 5023 2160 5081 claudit

2296 5026 2355 5078 ἃν
2400 5032 2478 5087 τίς
2525 5032 2614 5079 καὶ
2657 5030 2861 5084 ποταπὴ
2901 5028 2929 5085 η
2980 5029 3111 5097 γυνή
3168 5026 3285 5087 ἣτις
3332 5023 3552 5076 ἅπτεται
3591 5020 3771 5089 αὐτοῦ,
3823 5024 3906 5074 ὅτι

533 5100 795 5158 mulieris
843 5110 1043 5160 autem
1100 5111 1299 5163 actum
1345 5107 1566 5165 extollit
1595 5114 1650 5165 et
1698 5112 2168 5170 convenientibus

2296 5116 2599 5192 ἁμαρτωλός
2665 5114 2842 5168 ἐστιν·
2875 5136 2899 5167 ε
2956 5111 3067 5168 εἶτα
3115 5116 3141 5166 6
3200 5113 3408 5177 Ἰησοῦς
3463 5112 3650 5165 ἐκεῖνον
3695 5114 3786 5184 μεν
3850 5110 3906 5163 ἐκ

531 5190 738 5263 elogiis
769 5199 1105 5259 veneratur,
1138 5202 1192 5251 et
1226 5197 1552 5254 mercedem
1595 5204 1761 5255 actus
1800 5200 1851 5256 ei
1893 5218 2166 5273 magnuu

2294 5215 2393 5259 τῶν
2440 5206 2637 5259 οἰκείων
2685 5205 2850 5277 λόγων
2902 5200 3225 5277 συμποδίζει
3288 5222 3343 5255 τε
3398 5206 3489 5255 καὶ
3546 5200 3904 5273 ἐπιστομίζει,

533 5295 753 5336 munus
774 5281 985 5347 reddit,
1015 5289 1397 5355 peccatorum
1424 5288 1839 5345 remissionem
1866 5308 1880 5357 ;
1909 5296 1964 5346 et
1991 5308 2168 5365 neque

2295 5304 2389 5358 τῆς
2452 5293 2511 5349 δὲ
2563 5299 2811 5368 γυναικὸς
2865 5298 2959 5354 τήν
3022 5293 3209 5367 πρᾶξιν
3256 5292 3458 5366 ἐπαίρει
3509 5310 3582 5359 τε,
3648 5294 3741 5343 καὶ
3798 5297 3909 5351 τοῖς

530 5368 647 5425 hoc
685 5368 763 5425 illi
797 5370 1030 5439 sufﬁcit,
1065 5374 1164 5428 sed
1199 5379 1255 5431 et
1280 5375 1529 5432 salutem
1568 5378 1628 5433 in
1659 5378 1787 5449 ejus
1829 5382 2165 5439 sententiam

2293 5389 2580 5460 πρέπουσιν
2635 5384 2907 5458 ἐγκωμίοις
2959 5382 3324 5457 ἀποσεμνύνει,
3383 5384 3469 5434 καὶ
3520 5382 3711 5454 μισθὸν
3770 5379 3906 5453 αὐτῇ

606 5548 654 5584 ⁸⁷
683 5550 879 5607 Matth.
914 5567 1055 5619 xvu,
1084 5568 1260 5627 seqq.
1300 5554 1347 5590 "
1397 5556 1535 5611 Luc.
1570 5569 1674 5623 vn,
1710 5560 1799 5613 39.
