4140 6198
204 299 300 356 361

1222 297 1320 353 AD
1358 296 1902 356 AMPHILOCHIUM
1944 299 2274 367 QUESTIO
2315 301 2557 359 XLVIII.

3477 303 3582 361 362

204 434 295 486 τῆς
332 423 566 498 πράξεως
615 418 962 476 ἆντιδίδωσιν
1006 425 1064 475 τὸ
1111 424 1245 494 μέγα
1277 419 1467 496 δῶρον,
1499 430 1600 475 τῶν
1651 421 1816 498 ἁμαρ·

1933 424 2212 481 adducit:
2255 445 2285 479 α
2327 427 2495 483 Fides
2535 431 2658 494 tua,
2701 427 2893 501 inquit
2923 432 2976 486 te
3015 426 3246 484 salvam
3285 426 3422 483 fecit
3446 430 3515 484 δ’.
3554 449 3576 479 ι

203 516 452 587 τημάτων
495 518 592 571 την
634 514 838 584 ἄφεσιν*
898 517 988 565 καὶ
1041 507 1165 565 οὐδὲ
1218 515 1382 585 μέχρι
1437 515 1623 564 τούτου
1669 513 1815 565 ἵστα-

203 622 310 669 ται,
384 601 512 654 ἀλλὰ
575 607 665 655 καὶ
739 606 834 662 τὴν
910 611 1008 665 τῆς
1080 604 1324 674 γυναικός
1389 606 1652 677 σωτηρίαν
1745 601 1817 662 εἰς

1928 513 2010 569 Ea
2071 514 2247 586 igitur
2309 531 2445 588 quas
2511 519 2670 589 apud
2739 520 2958 574 Lucam
3013 517 3303 573 invenitur
3363 516 3583 574 talibus

1928 602 2266 660 differentiis
2304 604 2382 661 ab
2423 606 2552 661 aliis
2597 605 2974 662 discernitur.

202 697 295 751 τὴν
350 692 514 754 αὐτῆς
564 690 740 764 ἀνάγει
782 696 1016 763 γνώμην,
1079 715 1105 743 ‹‹
1148 698 1205 744 Ἡ
1260 695 1444 752 πίστις
1495 710 1589 743 σου
1640 693 1765 766 γὰρ,
1807 695 1960 763 φησὶ,
2005 695 2143 745 σέσω
2188 697 2246 746 κέ
2289 713 2366 748 σε.
2409 716 2431 743 ι
2483 695 2624 754 Αὕτη
2655 699 2745 768 μὲν
2775 692 2863 748 οὖν
2894 698 2924 754 ἡ
2971 698 3116 770 παρὰ
3155 703 3228 768 τῷ
3269 701 3450 768 Λουκᾴ
3491 670 3584 756 καί

201 783 489 844 τοσαύταις
513 783 639 854 πρὸς
665 787 775 842 ταῖς
801 779 976 841 ἄλλαις
1003 779 1307 854 ἀφορίζεται
1336 776 1632 854 διαφοραῖς.

272 870 335 936 Ἠ
415 867 475 923 δε
548 871 693 944 παρὰ
751 876 826 941 τῷ
907 870 1228 942 ἠγαπημένῳ
1293 871 1504 942 μαθητῇ
1592 867 1814 941 ἐμφανε-

205 961 407 1017 στάτην
459 960 551 1031 μεν
613 957 729 1031 ὶχει
812 961 906 1017 τὴν
971 955 1250 1031 διαφορὰν,
1337 959 1417 1009 ὅτι
1475 962 1564 1009 καὶ
1636 960 1817 1028 γένους

200 1048 449 1122 λαμπροῦ
527 1051 618 1100 καὶ
699 1047 869 1110 οἰκίας
937 1045 1200 1119 ἐπισήμου
1267 1050 1355 1098 καὶ
1420 1046 1814 1118 θαυμαζομένου

204 1137 355 1210 βίου,
409 1139 500 1189 καὶ
557 1138 646 1188 τὸν
700 1132 920 1208 ἀδελφόν
998 1133 1246 1188 ἀπέλαϐεν
1311 1136 1433 1210 ἄρτι
1488 1143 1586 1186 τῶν
1643 1134 1816 1186 πυλῶν

203 1222 576 1279 ἄναδεδυκότα
616 1232 707 1278 τοῦ
775 1222 929 1296 ᾅδου·
991 1228 1054 1287 ὡς
1111 1230 1199 1278 καὶ
1269 1228 1591 1278 συνανέκειτο
1645 1223 1692 1275 ἐν
1744 1231 1816 1294 τῷ

649 1315 849 1378 Ἰησοῦ,
904 1323 995 1376 τῆς
1064 1318 1269 1388 Μαρίας
1326 1313 1490 1374 αὐτῆς
1545 1311 1817 1366 διακονού-

204 1426 327 1475 σης,
395 1407 553 1463 ἡνίκα
605 1409 694 1457 καὶ
749 1404 1004 1476 προσάγει
1068 1407 1126 1455 τό
1181 1411 1366 1478 μῦρον,
1421 1408 1511 1455 xui.
1560 1401 1816 1474 ἐκμάσσει

202 1313 404 1387 δείπνῳ
469 1322 561 1368 τοῦ

199 1500 291 1547 καὶ
341 1493 476 1552 αύτή
531 1500 644 1555 ταῖς
704 1491 892 1563 θριξὶν,
955 1492 1014 1544 οὐ
1053 1495 1180 1565 πρός
1231 1491 1539 1564 ἀντάμειψίν
1594 1511 1711 1543 τινα
1759 1493 1814 1542 τό

202 1586 489 1659 θεοπρεπὲς
563 1584 708 1656 ἔργον
777 1580 1219 1653 καταϐαλλομένη,
1288 1579 1394 1632 ἀλλ’
1472 1581 1816 1653 εὐχαριστίας

199 1673 402 1745 μᾶλλον
460 1680 550 1732 τῆς
596 1673 942 1744 γεγενημένης
988 1675 1105 1746 περὶ
1153 1673 1240 1722 τόν
1277 1667 1495 1742 ἀδελφὸν
1548 1672 1816 1743 θεουργίας

201 1762 504 1834 ἀφοσίωσίν
556 1779 674 1812 τινα
730 1759 1028 1812 ἕπινοοῦσα.
1084 1758 1360 1812 Κάνταῦθα
1411 1763 1500 1831 μὲν
1563 1762 1610 1811 οἱ
1648 1761 1818 1830 μαθη-

199 1857 291 1904 ταὶ
324 1853 534 1916 πάντες,
579 1857 703 1920 σιγῇ
755 1853 849 1906 τὴν
877 1847 1064 1923 πρᾶξιν
1093 1849 1413 1909 ἠσπάζοντο’
1450 1853 1540 1900 καὶ
1579 1855 1670 1900 τοῦ
1701 1852 1817 1920 περὶ

199 1945 293 1992 τόν
346 1942 593 2014 Λάζαρον
647 1939 912 2010 θαύματος
965 1940 1095 1999 ἴσως
1143 1941 1238 1995 τὴν
1289 1936 1572 2009 ὑπερϐολὴν
1623 1937 1819 1988 ἐννοού-

197 2049 352 2102 μενοι
413 2033 506 2080 καὶ
566 2036 662 2088 τῆς
719 2029 968 2098 γυναικός
1026 2031 1120 2084 τὴν
1176 2025 1439 2078 εὐλάϐειαν
1495 2021 1567 2077 δι’
1638 2022 1818 2084 αἰδοῦς

199 2124 462 2192 φέροντες⁸
531 2121 688 2188 μόνος
771 2112 831 2168 δι
888 2123 980 2176 τῆς
1030 2114 1373 2188 φιλαργυρίας
1446 2117 1504 2166 τὸ
1557 2110 1814 2188 ἀνδράπο-

199 2205 321 2269 δον,
387 2214 480 2267 τῆς
535 2201 831 2280 προδοσίας
900 2205 926 2256 6
994 2203 1222 2264 κάπηλος
1274 2204 1660 2275 καταγογγύζει
1725 2211 1820 2264 τῆς

198 2296 461 2368 πράξεως⁹
529 2299 620 2347 καὶ
677 2295 703 2346 6
757 2293 963 2355 Ἰησοῦς
1011 2296 1105 2351 τὴν
1137 2297 1285 2345 νόσον
1332 2291 1417 2364 ὑφ’
1468 2311 1525 2352 ης
1567 2310 1819 2366 κεκρατη-

197 2391 360 2458 μένος
410 2391 578 2436 ταῦτα
636 2386 882 2458 ἔπραττεν
947 2382 1014 2442 εἰς
1070 2385 1227 2454 μέσον
1299 2381 1458 2452 ἄγων,
1528 2377 1661 2433 εἶπεν
1724 2381 1821 2432 αῦ-

197 2483 298 2546 τῷο
355 2493 385 2526 α
425 2472 587 2545 ³Ἀφες
631 2471 816 2537 αὐτὴν,
865 2471 937 2532 εἰς
976 2475 1069 2529 την
1099 2471 1294 2543 ἡμέραν
1334 2476 1425 2522 τοῦ
1467 2468 1818 2542 ἐνταφιασμοῦ

196 2585 306 2638 μον
352 2567 638 2636 τετήρηκεν
685 2561 832 2614 αύτό.
878 2581 906 2613 )›
964 2559 1108 2614 Ἀντί
1157 2567 1268 2624 τοῦ,
1321 2562 1387 2612 Σύ
1435 2561 1524 2630 μὲν
1573 2561 1658 2610 τόν
1699 2558 1818 2630 ἐμόν

200 2650 540 2714 σπουδάζεις
568 2653 801 2715 θάνατον,
836 2645 930 2701 διὰ
959 2652 1112 2702 τοῦτό
1141 2652 1226 2700 σόι
1251 2653 1338 2701 καὶ
1363 2650 1392 2705 ἡ
1426 2654 1518 2700 τοῦ
1547 2649 1714 2721 μύρου
1746 2667 1819 2699 τι·

197 2747 278 2815 μὴ
313 2736 799 2808 περισπούδαστον
837 2738 968 2795 αῦτη
1012 2734 1072 2790 δέ
1106 2756 1201 2790 σου
1232 2742 1326 2794 τὴν
1357 2735 1604 2808 ἔκθεσμον
1633 2736 1820 2811 πρᾶξιν

197 2836 297 2883 καὶ
356 2827 429 2883 δι’
457 2830 527 2880 ὧν
554 2828 835 2902 εἰργάσατο
869 2827 1174 2884 στηλιτεύειυ
1215 2830 1302 2877 καὶ
1342 2821 1591 2878 διδάσκει
1620 2826 1715 2876 κᾶν
1745 2829 1816 2896 μὴ

197 2922 394 2994 μαθεῖν
443 2919 749 2993 ἐπωρώθης,
799 2918 878 2968 ὃτι
931 2918 1080 2988 ὅνπερ
1123 2919 1188 2968 σύ
1235 2911 1521 2989 προδοῦναι
1586 2909 1822 2966 σπουδάο

201 3012 336 3073 ζεις,
372 3008 506 3065 αὕτη
549 3014 664 3077 Θεῷ
716 3009 813 3058 ἴσα
862 3005 1102 3066 θυσιάζει
1150 3008 1235 3056 xui
1291 3003 1512 3056 σέϐεται·
1561 3001 1688 3054 ἀλλὰ
1717 3022 1820 3054 τοι·

393 3100 487 3170 μεν
529 3069 642 3149 καὶ.
671 3097 701 3154 ἠ
750 3114 844 3147 του
893 3096 1142 3170 Λαςάρου
1185 3089 1402 3164 ἀδελφή.
1449 3091 1508 3145 Ἠ
1554 3089 1613 3145 δι
1663 3092 1816 3150 λοιπὴ
1857 3069 1900 3127 C

201 3193 361 3262 τρίτη
403 3193 507 3238 τῶν
567 3185 921 3256 έπιχεαμένων
980 3192 1050 3254 τῷ
1099 3186 1332 3255 Δεσπότῃ
1373 3184 1432 3233 τό
1472 3184 1654 3254 μύρον,
1706 3186 1821 3253 περὶ

201 3275 271 3338 ἧς
325 3278 547 3350 Μάρκος
600 3279 686 3325 xui
730 3274 998 3335 Ματθαίος
1045 3273 1410 3346 ἱστορήκασιν,
1473 3270 1572 3323 ἀπὸ
1624 3267 1682 3323 δι
1729 3278 1820 3322 τοῦ

200 3375 302 3428 τῆς
363 3369 603 3438 πορνείας
659 3363 819 3434 ἄγους
876 3360 1270 3432 ἐπονομάζεται,
1326 3359 1373 3412 ἓν
1432 3368 1492 3432 τῇ
1549 3360 1687 3432 οἰκίᾳ
1731 3364 1820 3432 μεν

199 3460 560 3530 παραγίνεται
617 3456 840 3524 Σίμωνος
896 3458 987 3502 τοῦ
1047 3450 1257 3524 λεπροῦ,
1317 3449 1376 3501 ού
1431 3453 1545 3502 τότε
1602 3449 1821 3522 λεπρῶν-

200 3565 319 3610 τος,
367 3542 500 3595 ἀλλὰ
539 3540 698 3593 πάλαι
743 3544 832 3612 μεν
871 3547 943 3610 τῷ
988 3541 1140 3592 πάθει
1181 3543 1553 3611 κατεχομένου,
1610 3543 1724 3590 τότε
1764 3535 1823 3590 δὲ

199 3642 268 3707 τῇ
331 3640 428 3685 τοῦ
497 3631 672 3688 Ἰησοῦ
745 3628 1105 3704 φιλανθρωπίᾳ
1155 3629 1560 3703 κεκαθαρμένον,
1615 3631 1668 3679 ὅν
1734 3632 1823 3680 καὶ

201 3727 237 3783 ἡ
304 3725 474 3795 πόρνη
552 3721 966 3790 συνεπισταμένη
1021 3722 1111 3770 καὶ
1167 3715 1222 3778 ἕξ
1277 3717 1387 3768 οἵου
1458 3713 1824 3789 βδελυγματος

205 3812 280 3872 εἰς
338 3812 455 3862 οἰαν
505 3806 625 3880 ἄψιν
687 3805 1014 3863 ἀποκατέστη
1072 3808 1161 3859 τόν
1224 3814 1432 3878 χρῶτα,
1492 3802 1703 3865 ἐλπίδας
1773 3825 1825 3857 τε

205 3897 534 3972 ἀνελάμϐανε
576 3898 824 3969 χρηστὰς
872 3893 1231 3967 ἀπαλλαγῆναι
1293 3902 1384 3946 τοῦ
1440 3894 1680 3966 ψυχικοῦ
1727 3897 1825 3966 μύ-

209 4009 364 4058 σους,
407 3991 498 4039 καὶ
554 3985 856 4061 παρρησίας
907 3982 1096 4055 ἐγίνετο
1142 3982 1442 4057 προσελθεῖν
1495 3991 1566 4052 τῴ
1622 3983 1820 4048 Ἰησοῦ,

205 4084 304 4132 καὶ
356 4073 425 4136 δὴ
456 4073 825 4149 προσελθοῦσα
855 4072 959 4144 οὐχ
987 4073 1208 4125 ἅπτεται
1239 4074 1328 4146 μὲν
1375 4080 1437 4144 τῇ
1484 4077 1650 4144 χειρὶ,
1701 4069 1824 4124 οὐδὲ

209 4175 328 4228 ταῖς
391 4164 555 4240 θριξὶν
608 4165 882 4236 ἑκμάσσει·
952 4157 1078 4214 οὐδε
1132 4163 1234 4236 γὰρ
1311 4157 1484 4212 οὐδενὶ
1547 4160 1684 4233 μέλει
1733 4167 1824 4212 τοῦ

215 4264 468 4329 σώματος
514 4252 723 4324 ψαῦσαι
770 4258 863 4304 τοῦ
929 4258 1165 4320 Σωτῆρος
1238 4248 1527 4322 ἀτόλμητον
1581 4248 1823 4316 ἐποιεῖτο,

213 4343 330 4397 ἀλλ’
391 4341 667 4414 ἄψαυστον
726 4339 852 4392 αύτό
905 4346 997 4391 τοῦ
1040 4337 1400 4414 ἐῤῥυπωμένου
1449 4341 1655 4413 χρωτὸς
1707 4357 1824 4389 συν-

2000 873 2142 936 Quaa.
2161 887 2299 928 vero
2321 877 2406 929 est
2424 874 2577 945 apud
2604 874 2882 931 dilectum
2901 874 3250 947 discipulum
3267 873 3583 932 manifesta

1925 960 2165 1032 quidem
2191 967 2432 1019 notatur
2452 963 2812 1029 differentia,
2838 965 3004 1038 quod
3032 981 3249 1036 nempe
3279 969 3335 1021 et
3364 979 3580 1034 genere

1925 1049 2132 1105 illustri
2163 1056 2220 1106 et
2244 1051 2460 1108 celebri
2489 1054 2672 1109 domo
2700 1058 2757 1109 et
2783 1053 3039 1110 mirabili
3065 1054 3181 1109 vita
3211 1057 3299 1110 est
3324 1071 3338 1120 ;
3376 1059 3433 1110 et
3463 1053 3584 1110 fra-

1924 1144 2074 1193 trem
2105 1139 2322 1210 recepit
2351 1155 2558 1197 recens
2587 1157 2622 1197 a
2653 1142 2839 1213 portis
2872 1142 3043 1198 inferi
3086 1146 3402 1199 retractum
3429 1159 3443 1210 ;
3471 1142 3578 1215 qui

1924 1225 2196 1283 recubuit
2215 1227 2274 1282 in
2291 1245 2464 1285 cana
2484 1245 2623 1284 cum
2645 1230 2804 1296 Jesu,
2829 1231 3012 1286 Maria
3033 1231 3163 1302 ipsa
3181 1231 3575 1298 ministrante,

1924 1314 2173 1386 quando
2205 1321 2263 1371 et
2297 1323 2603 1388 unguenta
2641 1318 2893 1374 effundit
2929 1324 2986 1374 et
3022 1319 3196 1388 tergit
3234 1324 3290 1374 et
3328 1318 3459 1390 ipsa
3484 1335 3579 1375 ca-

1926 1402 2101 1474 pillis,
2133 1420 2254 1460 non
2287 1406 2363 1460 ad
2403 1407 2952 1464 remunerationem
2993 1408 3262 1480 aliquam
3306 1407 3577 1463 divinum

1923 1491 2039 1548 hoc
2063 1508 2218 1565 opus
2243 1510 2486 1565 ponens,
2515 1495 2612 1552 sed
2642 1497 2837 1568 potius
2863 1495 3240 1567 gratitudinis
3271 1495 3576 1569 piaculum

1926 1587 2166 1652 propter
2196 1581 2418 1639 factum
2449 1585 2507 1640 in
2535 1584 2770 1640 fratrem
2805 1585 3163 1642 miraculum
3193 1585 3484 1656 cogitans.
3510 1587 3574 1642 Et

1928 1675 2066 1726 tunc
2103 1671 2382 1743 discipuli
2428 1690 2638 1729 omnes
2677 1673 2907 1730 silentio
2947 1674 3242 1730 actionem
3285 1674 3579 1746 probave-

1926 1767 2098 1827 runt;
2135 1765 2193 1815 et
2227 1761 2501 1818 miraculi
2530 1763 2591 1819 in
2629 1763 2910 1820 Lazarum
2948 1764 3094 1820 forte
3134 1779 3445 1819 excessum
3494 1763 3578 1818 in-

1926 1849 2273 1919 telligentes,
2314 1855 2370 1906 et
2417 1851 2651 1908 feminae
2700 1852 3159 1908 sollicitudinem
3207 1852 3577 1908 venerationi

1925 1937 2233 1994 habentes.
2268 1938 2441 1994 Solus
2472 1941 2735 1997 avaritiae
2765 1957 2972 1997 servus
3003 1941 3359 2013 proditionis
3389 1956 3578 2012 caupo

1926 2031 2126 2084 actum
2168 2029 2480 2100 vituperat,
2523 2035 2579 2086 et
2609 2032 2782 2086 Jesus
2813 2030 3093 2087 morbum
3131 2047 3254 2103 quo
3292 2030 3577 2086 laborans

1927 2117 2040 2172 hoc
2058 2116 2294 2187 agebat,
2314 2118 2373 2173 in
2397 2119 2660 2174 medium
2677 2120 3008 2190 proferens,
3025 2118 3344 2191 inquitilli:
3383 2139 3411 2171 ‹‹
3439 2119 3579 2174 Sine

1927 2203 2087 2260 illam
2113 2220 2127 2270 ;
2152 2205 2212 2260 in
2239 2205 2396 2262 diem
2427 2207 2586 2262 enim
2615 2207 2934 2280 sepultum
2978 2223 3129 2263 mea:
3154 2207 3269 2263 hoc
3295 2207 3578 2264 observa-

1929 2292 2010 2348 vit
2035 2294 2081 2328 ἰο
2105 2309 2118 2358 ;
2152 2313 2181 2346 ››
2205 2293 2262 2348 id
2280 2299 2368 2350 est
2392 2312 2405 2350 :
2432 2299 2493 2351 tu
2511 2296 2752 2367 quidem
2769 2312 2914 2352 meae
2940 2296 3107 2352 morti
3120 2296 3348 2366 studes,
3367 2300 3424 2352 et
3442 2295 3578 2352 ideo

1929 2381 2031 2438 tibi
2058 2381 2240 2454 hujus
2265 2385 2548 2454 unguenti
2578 2385 2828 2456 pretium
2858 2385 3315 2441 dilectissimum
3340 2389 3448 2441 est.
3475 2384 3582 2442 Illa

1927 2475 2128 2527 autem
2157 2477 2320 2528 tuam
2341 2473 2607 2544 exlegem
2632 2473 2930 2530 actionem
2961 2490 3065 2546 per
3084 2490 3153 2530 ea
3172 2490 3310 2545 qua:
3337 2478 3582 2546 operata

1927 2564 2014 2614 est
2033 2559 2297 2616 inscribit
2325 2578 2338 2626 ;
2366 2565 2422 2616 et
2441 2560 2633 2631 docet,
2659 2560 2765 2618 etsi
2787 2562 3013 2619 discere
3035 2578 3154 2634 prae
3176 2561 3383 2618 divitia
3403 2560 3577 2627 nolis,

1929 2664 1993 2704 se
2015 2648 2066 2703 ei
2087 2664 2267 2721 quem
2292 2650 2462 2721 cupis
2485 2650 2738 2722 prodere
2759 2655 2816 2706 ut
2836 2651 2956 2706 Deo
2977 2650 3330 2706 sacriﬁcium
3346 2649 3580 2718 offerre,

1928 2740 1987 2793 et
2009 2754 2148 2792 eum
2182 2742 2244 2793 ut
2265 2741 2451 2794 Deum
2475 2739 2761 2795 venerari.
2791 2740 2904 2796 Sed
2931 2755 3002 2796 ea
3027 2745 3152 2796 erat
3175 2739 3370 2796 Lazari
3392 2755 3581 2796 soror.

1930 2825 2177 2899 Reliqua
2199 2842 2338 2883 vero
2362 2827 2528 2883 tertia
2545 2843 2753 2884 earum
2775 2844 2912 2900 quae
2930 2829 3185 2884 Domino
3208 2833 3582 2900 unguentum

1929 2914 2286 2981 effuderunt,
2334 2916 2504 2987 cujus
2549 2918 2778 2972 Marcus
2825 2924 2880 2973 et
2921 2917 3226 2973 Matthaeus
3270 2917 3583 2972 historiam

1930 3003 2218 3070 scribunt,
2261 3021 2334 3060 ex
2373 3005 2779 3061 fornicationis
2819 3005 3034 3061 scelere
3077 3004 3579 3075 cognominatur;

1930 3092 1991 3148 in
2018 3093 2201 3148 domo
2231 3093 2473 3164 quidem
2515 3093 2770 3150 Simonis
2808 3094 3027 3166 leprosi
3068 3093 3259 3158 adest,
3300 3108 3421 3149 non
3457 3094 3582 3164 jam

1929 3181 2096 3252 lepra
2134 3181 2476 3251 laborantis,
2509 3182 2610 3237 sed
2645 3182 2789 3238 olim
2821 3182 2935 3238 hoc
2968 3181 3176 3239 morbo
3205 3182 3414 3254 operti,
3447 3187 3586 3237 tunc

1932 3286 2071 3326 vero
2100 3269 2238 3326 Jesu
2271 3270 2678 3328 misericordia
2711 3271 2982 3328 mundati
3019 3289 3032 3338 ;
3065 3286 3246 3343 quem
3282 3270 3582 3343 peccatrix

1931 3374 2303 3429 cognoscens
2320 3363 2375 3415 et
2391 3358 2584 3415 sciens
2605 3377 2674 3416 ex
2697 3376 2820 3433 qua
2843 3359 3012 3433 pellis
3046 3359 3485 3416 abominatione
3507 3358 3585 3415 ad

1931 3464 2113 3520 quem
2147 3452 2459 3520 aspectum
2487 3463 2818 3506 conversus
2851 3449 2946 3516 sit,
2989 3465 3276 3521 spemque
3317 3448 3590 3521 concepit

1931 3537 2154 3594 bonam
2180 3535 2304 3592 fore
2332 3541 2394 3592 ut
2421 3542 2478 3593 et
2503 3537 2636 3610 ipsa
2664 3555 2701 3594 a
2732 3537 3022 3608 spirituali
3068 3537 3287 3594 scelere
3311 3536 3588 3594 liberare-

1932 3631 2045 3692 tur,
2064 3625 2434 3682 etliceutiam
2455 3625 2667 3682 habuit
2682 3627 2875 3683 Jesum
2889 3626 3168 3692 adeundi,
3192 3632 3248 3682 et
3266 3631 3587 3698 postquam

1933 3714 2200 3780 accessit,
2233 3731 2348 3770 non
2378 3716 2564 3786 tangit
2588 3731 2728 3771 eum
2752 3731 2958 3780 manu,
2990 3731 3187 3788 neque
3217 3714 3450 3788 capillis
3477 3719 3591 3772 ter-

1932 3804 2016 3874 git
2045 3820 2059 3870 ;
2094 3819 2211 3859 non
2240 3802 2391 3859 enim
2419 3803 2538 3860 ullo
2563 3804 2836 3861 membro
2860 3804 3184 3862 Salvatoris
3215 3819 3433 3876 corpus
3465 3808 3586 3861 tan-

1933 3907 2070 3962 gere
2091 3909 2239 3949 ausa
2256 3898 2427 3959 esset,
2449 3893 2551 3949 sed
2577 3894 2860 3950 intactum
2878 3893 3073 3965 ipsum
3103 3909 3138 3949 a
3159 3893 3386 3964 polluta
3419 3908 3592 3950 carne

1933 3982 2286 4047 observans,
2321 3983 2596 4038 honorem
2622 3999 2728 4055 per
2755 3990 3124 4054 unguentum
3156 3988 3212 4040 et
3233 3981 3593 4039 sacriﬁcium

1933 4071 2083 4128 celat
2112 4088 2126 4137 ;
2160 4075 2216 4126 et
2245 4071 2612 4128 alabastrum
2645 4078 2962 4145 postquam
2995 4072 3288 4143 fregisset,
3334 4070 3593 4128 multum

1935 4168 2302 4230 unguentum
2337 4161 2394 4216 in
2426 4165 2602 4233 caput
2638 4162 2768 4233 ejus
2812 4161 3080 4217 effundit.
3116 4164 3182 4216 Et
3209 4159 3596 4229 indignantur

1929 4255 2070 4312 tuuc
2099 4250 2445 4316 Pharisaaus,
2479 4267 2668 4323 neque
2697 4251 2854 4307 solus
2880 4251 3164 4322 proditor,
3195 4250 3298 4304 sed
3337 4247 3598 4320 discipu-

1931 4340 2124 4396 lorum
2156 4356 2271 4395 non
2299 4340 2495 4411 pauci.
2527 4339 2801 4396 Dissimili
2828 4347 3018 4395 autem
3049 4339 3233 4394 modo
3262 4337 3419 4394 facta
3441 4336 3594 4392 indi-

213 4440 480 4507 τηροῦσα,
535 4430 738 4483 κλέπτει
780 4433 874 4487 τὴν
914 4424 1005 4481 διὰ
1052 4435 1143 4481 τοῦ
1187 4430 1354 4503 μύρου
1395 4432 1549 4500 τιμὴν
1597 4432 1685 4479 καὶ
1738 4429 1823 4479 θυ-

1935 4430 2137 4499 gnatio
2183 4443 2305 4484 non
2356 4429 2434 4484 ab
2477 4429 2692 4484 eadem
2727 4428 2969 4484 emicuit
2999 4431 3228 4493 mente;
3257 4426 3360 4482 sed
3394 4425 3590 4481 Simon

217 4528 362 4577 σίαν’
405 4526 496 4573 καὶ
539 4523 598 4572 τό
641 4517 966 4593 ἀλάϐαστρον
1017 4517 1370 4590 συντρίψασα,
1427 4516 1608 4592 ἁθρόον
1639 4520 1696 4569 τό
1728 4518 1822 4588 (pa.

213 4633 308 4689 ρον
350 4621 448 4674 τῆς
477 4609 700 4682 κεφαλῆς
731 4607 948 4680 ἐπιχέει·
1001 4611 1092 4659 καὶ
1145 4605 1500 4679 ἀγανακτοῦσι
1543 4612 1829 4664 τηνικαῦτα

215 4703 328 4774 οὐχ
379 4703 404 4752 6
444 4705 748 4772 Φαρισαῖος,
807 4693 930 4749 οὐδὲ
969 4699 1123 4768 μόνος
1172 4697 1197 4748 ό
1242 4691 1528 4768 προδότης,
1575 4693 1704 4747 ἀλλὰ
1731 4702 1827 4746 τῶν

217 4793 470 4865 μαθητῶν
536 4786 631 4840 οῦκ
687 4785 872 4858 ὀλίγοι.
939 4784 998 4838 Ἡ
1073 4780 1132 4837 δε
1195 4788 1505 4856 γεγενημένη
1566 4779 1830 4858 διαφόρως

217 4880 588 4951 ἀγανάκτησις
641 4875 737 4928 ὸύκ
785 4873 886 4927 ἀπὸ
936 4881 1032 4936 τῆς
1089 4873 1249 4934 αὐτῆς
1301 4872 1656 4948 ἀνερριπίζετο
1704 4877 1831 4944 γνὼ-

217 4989 352 5044 μης,
409 4965 540 5018 ἀλλὰ
591 4972 684 5017 τοῦ
735 4967 823 5036 μὶν
871 4968 1094 5035 Σίμωνος
1144 4964 1209 5023 ὡς
1268 4959 1418 5014 οὐδὲν
1473 4961 1670 5033 ὑψηλόν
1717 4967 1831 5035 περὶ

217 5065 308 5112 τόν
367 5058 686 5130 θεραπευτὴν
743 5057 833 5105 καὶ
898 5059 1115 5128 Σωτῆρα
1170 5053 1573 5123 φανταζόμενον,
1631 5058 1720 5103 τοῦ
1774 5047 1833 5103 δε

218 5143 410 5202 ’ἰούδα
465 5147 528 5206 ὡς
577 5152 648 5214 τῷ
703 5151 794 5203 τῆς
830 5141 1172 5216 φιλαργυρίας
1226 5143 1378 5193 πάθει
1426 5145 1830 5215 κεκρατημένον,

223 5246 325 5290 τὼν
382 5231 441 5288 δέ
497 5235 746 5306 μαθητῶν
803 5233 868 5292 ὡς
922 5229 1039 5301 έλέῳ
1094 5239 1193 5282 τῶν
1251 5233 1532 5302 πενομένων
1584 5228 1836 5286 ἐκνενικη-

223 5332 407 5399 μένων’
471 5322 578 5395 οὐχ
622 5321 760 5374 ὥστε
809 5323 866 5372 τὸ
920 5323 1234 5372 Δεσποτικὸν
1290 5317 1498 5391 φίλτρον
1543 5323 1633 5370 καὶ
1688 5317 1837 5378 σέϐας

226 5411 691 5490 ίνδευτερωθῆναι,
735 5407 841 5461 ἀλλ’
899 5410 980 5462 ὅτι
1022 5407 1254 5460 κάκεῖνον
1299 5404 1520 5481 ᾔδεισαν
1569 5411 1654 5459 τόν
1705 5406 1838 5459 ἔλεον

226 5509 318 5559 καὶ
364 5503 496 5562 αὐτῆ
509 5521 530 5564 ς
570 5503 919 5578 προκρίνοντα
954 5506 1053 5560 τῆς
1091 5500 1299 5561 θυσίας·
1331 5495 1502 5551 Ἐλεον
1531 5498 1655 5573 γὰρ,
1688 5501 1838 5569 φησι,

306 5606 354 5641 ⁶⁹
386 5605 526 5662 an.
557 5615 659 5668 vn,
682 5601 771 5656 50.
800 5598 1045 5657 1Hoan.
1074 5611 1179 5663 xu,
1204 5601 1259 5652 7.

1935 4518 2180 4590 quidem
2229 4516 2375 4572 nihil
2423 4516 2521 4572 alti
2555 4532 2748 4589 neque
2778 4521 2854 4572 de
2890 4516 3236 4582 famulante,
3272 4529 3466 4586 neque
3513 4513 3589 4570 de

1939 4605 2675 4675 Dominoimaginabatur;
2701 4605 2883 4661 Judas
2916 4609 3114 4661 autem
3147 4603 3406 4661 avaritiae
3427 4603 3594 4675 cupi-

1938 4696 2117 4751 ditate
2140 4693 2448 4750 tenebatur
2470 4713 2484 4762 ;
2505 4694 2758 4766 apostoli
2783 4711 2919 4750 vero
2943 4693 3342 4750 misericordia
3361 4709 3422 4749 in
3441 4708 3594 4765 pau-

1940 4800 2110 4857 peres
2133 4782 2542 4852 vincebantur,
2564 4799 2683 4838 non
2708 4783 3014 4840 utDomini
3037 4798 3306 4838 amorem
3329 4782 3592 4838 secundo

1940 4875 2072 4929 loco
2097 4879 2406 4944 ponerent,
2433 4871 2537 4927 sed
2563 4877 2618 4927 et
2639 4871 2898 4928 sciebant
2925 4871 3088 4927 illum
3127 4870 3595 4927 misericordiam

1941 4969 1997 5018 et
2027 4962 2139 5034 ipsi
2169 4960 2440 5033 praferre
2489 4960 2795 5016 sacriﬁcio.
2846 4960 3094 5016 Aliunde
3142 4967 3200 5016 et
3227 4959 3457 5016 Domini
3508 4959 3598 5015 sui

1944 5051 2343 5117 veneratione,
2369 5050 2735 5106 horrendum
2761 5049 3088 5105 censebant
3111 5049 3277 5122 quod
3303 5049 3517 5105 mulier
3537 5049 3597 5104 in

1944 5145 2122 5212 caput
2150 5140 2278 5210 ejus
2313 5145 2684 5212 unguentum
2712 5139 3036 5195 eﬂudisset.
3071 5138 3235 5195 Unde
3260 5145 3317 5195 et
3333 5141 3501 5194 Jesus
3531 5153 3602 5193 ex

1945 5230 2057 5285 bac
2075 5229 2133 5284 in
2152 5245 2287 5284 eam
2305 5229 2714 5298 indignatione
2730 5228 3054 5300 discipulos
3071 5228 3381 5284 reducens.
3407 5226 3604 5283 «Nihil

1948 5318 2108 5384 mali,
2137 5318 2346 5390 inquit,
2400 5317 2534 5374 fecit
2576 5317 2675 5374 illa
2708 5334 2721 5385 ;
2751 5320 2858 5374 sed
2905 5318 3132 5374 bonum
3163 5333 3317 5390 opus
3361 5318 3607 5388 operata

1949 5409 2056 5462 est.
2097 5429 2117 5455 ι
2154 5409 2220 5462 Et
2248 5407 2362 5462 hoc
2392 5405 2638 5479 quidem
2666 5406 2744 5464 ad
2775 5422 2876 5462 eos
2903 5406 3004 5479 qui
3031 5422 3099 5462 ex
3120 5404 3424 5477 discipulis
3444 5403 3608 5460 bona

1950 5494 2345 5556 movebantur
2361 5494 2681 5552 voluntate.
2693 5494 2721 5550 ,ι
2732 5494 2863 5552 udas
2877 5495 3106 5567 vero,in
3124 5493 3394 5550 medium
3409 5507 3610 5548 rursus
