4140 6198
488 326 595 390 353
1734 314 1963 379 rem"
2003 316 2478 379 PATRIARCHE
2516 315 2630 376 cp.
3753 308 3863 378 se!

492 453 891 530 proditionem
921 452 1239 523 aenigmate
1264 453 1492 508 ducens
1513 465 1694 523 quam
1717 448 2120 505 meditabatur

2258 446 2384 499 Θελω
2436 449 2523 497 καὶ
2579 444 2636 498 ού
2698 447 2911 499 θυσίανσ
2969 447 3130 508 ἄλλως
3175 467 3230 501 τε
3266 445 3326 502 δε
3368 451 3457 501 καὶ
3502 455 3575 520 τῷ
3606 452 3725 524 περὶ
3774 450 3863 501 τὸν

491 544 685 618 inquit
716 564 729 603 :
779 562 806 595 ‹‹
834 544 1056 600 Mittens
1082 546 1453 611 unguentum
1477 541 1591 596 hoc
1614 540 1672 595 in
1701 552 1919 610 corpus
1949 553 2126 592 metm

2258 531 2583 588 διδάσκαλον
2629 534 2943 608 σεϐάσματι,
2989 540 3201 612 φρικτὸν
3242 539 3465 609 ἡγοῦντο
3503 543 3598 597 τὴν
3636 545 3864 610 γυναῖκα

494 636 567 692 ad
593 632 991 706 sepeliendum
1012 648 1106 687 me
1128 631 1291 699 fecit;
1318 650 1346 683 ›
1369 629 1716 699 indignaris,
1739 627 2030 699 inquit,de
2047 644 2129 681 un!

2256 628 2391 676 κατὰ
2441 633 2537 685 τῆς
2590 625 2813 697 κεφαλῆς
2872 629 2928 678 τὸ
2977 629 3140 700 μύρον
3195 626 3425 700 ἓπιχέαιο
3495 630 3632 681 ἔνθεν
3688 633 3776 680 καὶ
3836 629 3863 679 ό

496 729 715 797 guento
743 723 803 779 in
838 737 1059 778 vanum
1091 720 1323 791 effuso;
1358 723 1587 792 quanta
1626 718 2032 786 indignatione
2061 717 2131 771 di-

2259 714 2467 775 Ἰησοῦς
2525 710 2618 765 διὰ
2669 722 2759 775 τῆς
2813 715 2925 767 κατ’
2979 715 3136 774 αὐτὴν
3189 714 3598 789 ἀγανακτήσεως
3648 715 3863 789 ἀπάγων

498 830 682 886 gnum
697 812 971 868 convenit
986 810 1256 882 judicare
1278 826 1412 865 eum
1433 809 1534 880 qui
1558 809 1615 863 in
1632 807 1950 862 Dominum
1964 811 2019 861 et
2036 822 2133 860 ma‘

2258 807 2375 863 τούς
2405 804 2662 873 μαθητὰς,
2700 824 2725 853 ι(
2760 800 2929 856 Ούδεν
2958 804 3235 878 τολμηρόν,
3268 810 3447 879 φησὶν,
3482 806 3718 879 ἔπραξεν,
3753 803 3864 857 ἀλλ’

498 906 746 976 gistrum
780 901 1169 974 proditionem
1202 904 1258 955 et
1290 904 1541 954 mortem
1574 902 1629 952 et
1656 895 1995 967 sepulcrum
2030 910 2133 949 me-

2259 895 2403 965 ἔργον
2444 890 2637 963 ἀγαθὸν
2685 892 2982 967 εἰργάσατο.
3030 915 3050 943 ι
3105 899 3201 947 Καὶ
3238 896 3369 970 πρὸς
3415 897 3507 967 μὶν
3554 904 3654 947 τῶν
3692 896 3863 969 μαθη-

498 991 766 1051 ditatur?
795 993 871 1047 De
934 989 1300 1062 pauperibus
1358 987 1463 1043 tibi
1526 992 1611 1042 est
1672 980 2049 1041 sollicitudo?
2089 986 2133 1037 Ε

2259 990 2358 1033 τῶν
2418 984 2535 1042 τούς
2587 981 2909 1053 εὐγνώμονας
2966 989 3147 1035 ταῦτα’
3208 988 3339 1059 πρὸς
3395 980 3455 1037 δὲ
3505 987 3592 1037 τὸν
3657 981 3865 1039 Ἰούδαν

498 1081 808 1157 quomodo
837 1080 965 1151 ejus
993 1080 1093 1151 qui
1120 1093 1229 1133 nec
1259 1076 1436 1132 habet
1467 1080 1685 1131 tectum
1709 1088 1816 1129 nec
1839 1072 1943 1128 ubi
1970 1086 2133 1144 capu‘

2260 1070 2412 1123 πάλιν
2441 1070 2512 1132 εἰς
2549 1075 2707 1143 μέσον
2746 1071 2884 1143 ἆγων
2930 1081 3002 1144 τῷ
3032 1073 3303 1147 αἰνίγματι
3346 1079 3441 1134 τὴν
3499 1073 3613 1149 [με]
3654 1074 3865 1141 μελετηο

500 1173 759 1229 reclinet.
792 1169 1017 1225 eadem
1051 1168 1221 1239 cupis
1246 1169 1273 1223 ?
1297 1167 1433 1237 Ejns
1464 1166 1523 1221 in
1553 1180 1734 1237 quem
1766 1163 1910 1218 nihil
1941 1178 2135 1217 eorum

2262 1164 2417 1233 μένην
2457 1157 2748 1234 προδοσίαν
2795 1166 2943 1234 φησί’
3000 1162 3237 1216 Βαλοῡσα
3291 1166 3344 1216 τὸ
3394 1166 3555 1239 μύρον
3595 1172 3750 1217 τοῦτο
3781 1164 3868 1218 ἐπὶ

499 1278 634 1336 quae
668 1266 768 1316 tua.
799 1264 934 1314 sunt
978 1250 1303 1330 profundis,
1349 1269 1593 1326 gravem
1638 1258 1694 1309 et
1722 1251 2134 1308 intolerabilem

2262 1257 2353 1302 τοῦ
2406 1255 2644 1321 σώματός
2681 1270 2801 1323 μου,
2860 1255 2989 1325 πρὸς
3044 1256 3101 1305 τό
3158 1250 3465 1326 ἐνταφιάσαι
3528 1266 3591 1326 με
3648 1260 3871 1313 πεποίη-

501 1351 841 1408 societatem
871 1351 1046 1419 putas
1066 1345 1095 1400 ?
1119 1349 1177 1401 ln
1208 1345 1431 1418 quibus
1460 1346 1691 1415 oportet
1721 1347 1772 1397 te
1803 1348 1859 1397 et
1886 1340 2136 1412 proprio

2262 1358 2365 1392 κεν.
2409 1359 2436 1389 ι)
2494 1339 2842 1409 Ἀγανακτείς,
2883 1346 3032 1413 φησὶ,
3068 1348 3159 1393 τοῦ
3207 1344 3375 1416 μύρου
3407 1346 3728 1415 κενουμένου·
3772 1349 3869 1396 πό-

501 1457 630 1495 rum
664 1437 850 1494 multa
871 1436 1185 1507 deponere,
1212 1439 1272 1488 ut
1294 1432 1701 1489 misericordia
1723 1446 2056 1503 pauperum
2075 1430 2136 1484 in

2267 1448 2365 1490 σης
2414 1427 2816 1499 ἀγανακτήσεως
2872 1430 3064 1493 ἄξιον;
3110 1434 3297 1483 ταυτὸν
3348 1440 3609 1506 προσῆκεν
3662 1432 3875 1503 ἣγεῖθαι

502 1526 829 1598 digentiam
863 1525 1164 1597 suppleas,
1197 1522 1500 1596 quomodo
1531 1536 1649 1575 non
1684 1519 1931 1575 moleste
1966 1522 2023 1574 et
2052 1517 2137 1573 bu!

2264 1520 2399 1569 κατὰ
2449 1524 2541 1570 τοῦ
2597 1522 2853 1571 Σισπότου
2908 1524 2998 1572 καὶ
3061 1516 3390 1573 διδασκάλου
3432 1516 3723 1593 προδοσίαν
3782 1526 3876 1573 καὶ

505 1618 760 1673 maniter
788 1630 989 1671 eorum
1023 1612 1385 1669 consortium
1418 1611 1568 1666 feres
1592 1610 1620 1665 ‘I

2268 1608 2483 1660 θάνατον
2564 1611 2653 1658 καὶ
2726 1609 2883 1680 τάφον
2952 1604 3165 1680 διαμελε
3194 1616 3379 1662 τῶντα·
3470 1618 3702 1682 πτωχῶν
3762 1613 3878 1662 ἔστι

509 1729 593 1761 σοι
668 1710 919 1779 φροντίς;
996 1708 1086 1755 καὶ
1159 1710 1269 1762 πῶς
1343 1708 1435 1753 τοῦ
1508 1699 1753 1770 ἀστέγου,
1830 1695 1967 1771 μηδὲ
2021 1702 2112 1755 τὴν
2187 1695 2409 1769 κεφαλὴν
2485 1699 2695 1767 ἔχοντος
2771 1698 2890 1750 ἔνθα
2964 1697 3141 1763 κλινεί,
3220 1704 3313 1758 τὴν
3374 1704 3576 1771 σφαγὴν
3634 1698 3878 1753 σπουδά-

508 1799 613 1859 ζεις
674 1812 686 1861 ;
746 1795 821 1866 ἐφ’
963 1789 1130 1865 μηδὲν
1183 1799 1281 1842 τῶν
1345 1787 1489 1841 ἰδίων
1543 1788 1832 1855 ἀποκενοῖς,
1890 1795 2075 1840 τοῦτου
2146 1785 2284 1859 βαρύ
2342 1790 2432 1838 καὶ
2496 1785 2752 1859 ἀφόρητον
2808 1791 2899 1846 τὴν
2953 1792 3233 1841 συνουσίαν
3296 1790 3523 1862 νομίζεις
3576 1808 3589 1857 ;
3649 1790 3730 1843 Ἐν
3804 1792 3882 1851 οἷς

511 1906 568 1939 σε
616 1882 698 1938 δεῖ
735 1888 823 1935 καὶ
874 1890 971 1934 τῶν
1011 1880 1210 1933 οἰκείων
1254 1878 1421 1931 πολλά
1450 1876 1807 1944 καταϐάλλειν,
1854 1876 1970 1947 ἐλέῳ
2006 1880 2099 1934 τὴν
2138 1870 2336 1927 ἔνδειαν
2376 1883 2474 1927 τῶν
2510 1879 2791 1948 πενομένων
2828 1874 3245 1950 ἀναπληροῦντα,
3286 1887 3395 1940 πῶς
3436 1877 3746 1951 ἀνεπαχθῶς
3789 1884 3880 1932 καὶ

512 1975 881 2049 φιλανθρώπως
911 1973 1104 2023 τούτων
1144 1974 1236 2027 τὴν
1272 1964 1647 2041 συνδιατριϐὴν
1670 1968 1832 2028 οἴσεις
1860 1984 1875 2034 ;

580 2064 759 2133 Igitur
788 2061 1014 2132 absque
1045 2058 1165 2113 ulla
1195 2055 1661 2130 praesumptione
1688 2059 1744 2110 et
1770 2053 1976 2109 affectu
1999 2068 2161 2108 resu-
2195 2060 2215 2114 Ι

2342 2051 2706 2117 Ἀναλαϐόντες
2773 2054 2861 2106 οὖν
2935 2061 3108 2128 χωρίς
3183 2076 3322 2119 τινος
3403 2056 3703 2129 προλήψεως
3785 2064 3881 2110 καὶ

512 2151 813 2208 mentibus
856 2149 988 2204 licet
1017 2146 1338 2216 intelligere
1364 2151 1419 2201 et
1446 2145 1730 2200 veraciter
1758 2144 1954 2199 dicere
1988 2158 2147 2197 unan

2272 2143 2631 2215 προσπαθείας
2690 2146 2853 2195 ἔνεστι
2903 2140 3131 2197 συνιδεῖν
3184 2150 3273 2198 καὶ
3343 2145 3638 2218 φιλαλήθως
3695 2147 3879 2215 εἰπεῖν,

511 2241 756 2315 quidem
788 2254 984 2294 earum
1004 2252 1137 2307 quae
1169 2236 1485 2290 Dominum
1511 2238 1816 2303 unguento
1848 2236 2137 2287 unxerunt

2274 2233 2342 2291 ὡς
2372 2233 2401 2289 ἡ
2449 2234 2537 2302 μὲν
2579 2240 2678 2283 τῶν
2724 2231 3075 2306 ἀλειψαμένων
3115 2237 3263 2309 μύρῳ
3308 2238 3394 2286 τόν
3448 2238 3656 2308 Κύριον,
3708 2235 3883 2307 πολλῷ

512 2330 702 2387 multo
732 2324 1039 2383 intervallo
1066 2326 1211 2381 alias
1240 2323 1618 2396 prmvenisse.
1654 2323 1747 2376 E33
1775 2325 1977 2376 autem
2006 2319 2147 2375 circa

2275 2329 2373 2372 τῶν
2417 2319 2578 2372 ἄλλων
2615 2341 2684 2392 τῳ
2731 2326 2872 2393 μέσῳ
2915 2322 3208 2395 προέλαϐεν
3262 2324 3316 2375 αἱ
3363 2320 3422 2376 δε
3464 2330 3582 2399 περὶ
3632 2328 3689 2377 τό
3715 2328 3886 2386 πάθος

512 2418 809 2493 passionis
833 2422 1070 2487 tempus
1103 2429 1341 2469 sacrum
1372 2412 1487 2467 hoc
1513 2410 1905 2466 ministerium
1943 2412 1999 2465 in
2033 2408 2147 2465 ani-

2276 2414 2370 2467 τὴν
2419 2412 2710 2484 ἱερουργίαν
2753 2414 2947 2469 ταύτην
2990 2414 3073 2465 ἐπὶ
3124 2420 3240 2464 νοῦν
3292 2412 3589 2485 βάλλονται·
3640 2420 3727 2467 καὶ
3767 2418 3888 2467 τού-

514 2523 682 2564 ωιιω
702 2505 988 2561 inducunt
1011 2522 1023 2570 ;
1044 2509 1319 2558 etearum
1343 2501 1588 2573 quidem
1615 2515 1733 2555 una
1757 2504 1886 2554 ante
1913 2516 2018 2555 sex
2041 2499 2149 2554 die:

2276 2518 2374 2551 των
2418 2500 2447 2556 ἡ
2493 2501 2582 2570 μὲν
2616 2502 2715 2571 πρὸ
2768 2499 2824 2562 ἕξ
2868 2502 3070 2574 ἡμερῶν
3108 2509 3197 2553 τοῦ
3231 2503 3450 2574 Πάσχα,
3485 2504 3514 2560 ἡ
3551 2499 3609 2555 δέ
3642 2507 3740 2579 πρό
3785 2501 3888 2557 δύο

516 2595 967 2661 Paschae,altera
990 2608 1125 2648 vero
1148 2596 1283 2646 ante
1300 2592 1452 2646 duos
1473 2590 1600 2645 dies
1620 2588 1932 2661 passionis.
1962 2588 2025 2644 Et
2052 2604 2151 2644 una

2280 2594 2371 2639 τοῦ
2400 2588 2619 2649 πάθους
2654 2592 2742 2639 καὶ
2772 2590 2800 2646 ἡ
2829 2591 2919 2661 μὲν
2950 2589 3274 2662 ἁμαρτωλός,
3307 2593 3336 2649 ἡ
3369 2588 3427 2643 δὲ
3456 2596 3619 2664 πόρνη
3651 2591 3752 2645 ἀπὸ
3784 2602 3890 2645 τῶν

517 2685 759 2757 quidem
780 2682 1096 2755 peccatrix,
1126 2680 1239 2737 alia
1261 2695 1396 2735 vero
1418 2678 1705 2741 adultera,
1736 2678 1859 2733 suis
1882 2677 2152 2748 cupidital

2280 2679 2457 2728 παθῶν
2514 2676 2701 2748 μᾶλλον
2759 2680 2788 2735 ἤ
2846 2676 2945 2730 ἀπὸ
2993 2687 3091 2731 τῶν
3139 2684 3332 2752 κυρίων
3378 2688 3470 2743 τῆς
3528 2682 3759 2743 κλήσεως
3809 2704 3892 2754 γι-

520 2774 675 2830 tibus
709 2772 901 2842 magis
930 2786 1115 2843 quam
1148 2768 1380 2825 Domini
1407 2767 1805 2840 appellatione
1838 2772 2009 2821 notae.
2046 2766 2155 2822 Alia

2281 2769 2623 2837 νωσκόμεναι,
2662 2768 2691 2824 ἠ
2737 2763 2795 2819 δὲ
2826 2765 2926 2819 ἀπὸ
2982 2776 3071 2820 τοῦ
3122 2763 3344 2840 ἀδελφοῦ
3402 2772 3539 2841 φέρει
3587 2774 3644 2821 τό
3698 2769 3893 2823 ἐπώνυ-

519 2864 755 2919 demum
787 2877 822 2917 a
847 2860 1023 2915 fratre
1045 2872 1379 2928 cognomen
1403 2856 1564 2911 ducit
1595 2873 1607 2921 ;
1636 2860 1693 2911 et
1711 2855 1892 2911 altera
1914 2854 1970 2909 in
1995 2854 2154 2911 domr

2284 2874 2395 2928 μον*
2452 2860 2541 2906 καὶ
2598 2857 2625 2913 ἡ
2690 2859 2779 2927 μὲν
2836 2855 2883 2907 ἐν
2954 2864 3014 2929 τῇ
3076 2857 3217 2930 οἰκίᾳ
3265 2867 3357 2910 τοῦ
3413 2865 3699 2932 φαρισαίου
3767 2864 3890 2923 τούς

522 2950 802 3008 Pharisaei
846 2947 1182 3004 Dominicos
1229 2946 1413 3018 pedes
1446 2949 1750 3016 unguento
1793 2945 1976 3014 ungit,
2003 2948 2057 3000 et
2088 2944 2157 2999 la-

2285 2948 2627 3005 Δεσποτικούς
2656 2940 2822 3005 πόδας
2851 2943 3042 3017 ἀλείφει
3072 2955 3142 3017 τῷ
3186 2950 3333 3019 μύρῳ
3363 2954 3451 3000 xui
3478 2956 3587 3010 τοῖς
3628 2945 3888 3022 δακρύοις

521 3041 741 3114 crymis
768 3039 957 3109 rigat;
984 3037 1167 3093 altera
1192 3050 1332 3091 vero
1353 3036 1413 3090 in
1436 3036 1677 3107 propria
1699 3034 1882 3090 domo
1910 3040 1965 3089 et
1988 3034 2156 3105 lacry-

2286 3033 2687 3108 προαποπλύνει,
2738 3035 2767 3092 ἡ
2805 3031 2863 3086 δὲ
2911 3037 2958 3087 ἐν
2989 3043 3051 3107 τῇ
3090 3035 3230 3108 οἰκίᾳ
3260 3044 3321 3109 τῇ
3371 3034 3485 3110 ἰδίᾳ
3514 3042 3604 3090 καὶ
3643 3035 3890 3111 δακρύων

524 3146 751 3187 marum
820 3133 1054 3199 tempus
1120 3140 1239 3181 non
1296 3125 1495 3189 novit;
1529 3123 1736 3180 invitat
1787 3137 1923 3179 vero
1983 3123 2159 3193 magis

2287 3125 2464 3195 καιρόν
2531 3123 2589 3174 ού
2647 3128 2910 3194 γινώσκει·
2973 3121 3237 3187 δεξιούται
3294 3122 3352 3178 δὲ
3402 3124 3590 3199 μᾶλλον
3649 3129 3887 3202 τραπέζῃ

523 3235 735 3277 mensa
758 3225 812 3274 et
842 3216 1039 3273 laetitia
1065 3216 1385 3286 ipsumque
1414 3216 1613 3269 Jesum
1642 3216 1861 3267 etcum
1890 3213 2062 3284 cujus
2089 3227 2158 3266 se-

2288 3217 2376 3264 xui
2432 3212 2719 3286 εὐφροσύνη
2775 3213 2929 3265 αύτόν
2976 3233 3028 3265 τε
3068 3218 3152 3266 τόν
3200 3214 3425 3279 Ἰησοῦν,
3468 3221 3555 3268 καὶ
3590 3216 3651 3268 ού
3681 3221 3767 3268 τόν
3802 3220 3892 3269 τά·

527 3305 801 3379 pulcrum
826 3302 1103 3360 salutaris
1126 3317 1241 3358 vox
1261 3300 1561 3357 ofﬁcinam
1579 3301 1899 3356 nativitatis
1917 3299 2162 3356 ostendit

2290 3321 2378 3373 φον
2427 3303 2456 3360 ἡ
2496 3307 2752 3375 σωτήριος
2808 3307 2943 3374 φωνὴ
2997 3308 3242 3373 γενέσεως
3284 3301 3476 3368 ἔδειξεν
3517 3304 3889 3380 ἐργαστήριον,

527 3403 583 3451 et
633 3391 1078 3450 resurrectionis
1109 3391 1325 3445 locum.
1378 3390 1604 3444 Vacuat
1643 3394 1842 3444 autem
1894 3395 1948 3444 et
1993 3404 2063 3444 ea
2116 3388 2162 3443 ir

2289 3395 2377 3443 xui
2434 3396 2632 3464 χωρίον
2714 3391 3055 3453 ἀναϐιώσεως³
3118 3401 3253 3446 κενοῖ
3312 3391 3371 3447 δὲ
3427 3399 3514 3446 καὶ
3569 3396 3699 3451 αῦτη
3756 3398 3897 3447 κατά

528 3497 714 3553 puros
745 3481 929 3552 pedes
962 3483 1333 3551 unguentum
1374 3485 1427 3533 et
1456 3478 1681 3550 capillis
1711 3478 1897 3550 tergit.
1930 3477 2163 3550 Reliqua

2288 3490 2387 3533 τῶν
2464 3480 2740 3553 ἀχράντων
2833 3479 3007 3535 ποδῶν
3074 3487 3128 3535 τό
3188 3488 3349 3557 μύρον
3409 3491 3497 3537 καὶ
3556 3493 3667 3546 ταῖς
3728 3486 3898 3559 θριξὶν

525 3585 666 3625 vero
699 3569 868 3625 tertia
908 3568 971 3623 in
997 3568 1180 3624 domo
1224 3583 1361 3622 cum
1392 3567 1628 3637 leproso
1660 3566 1933 3633 advenit;
1968 3567 2154 3638 pretio

2290 3570 2607 3643 ἀπομάσσει*
2642 3573 2671 3629 ἠ
2732 3568 2790 3624 δὲ
2838 3571 2989 3631 λοιπὴ
3046 3577 3196 3647 τρίτη
3246 3573 3294 3626 ἐν
3333 3583 3394 3647 τῇ
3449 3574 3591 3647 οἰκίᾳ
3640 3579 3770 3647 μετά
3802 3585 3896 3629 τοῦ

528 3676 663 3715 sum
704 3663 759 3713 et
789 3658 887 3713 illa
940 3662 1304 3726 unguentum
1348 3655 1565 3720 ferens,
1600 3656 1845 3710 minime
1891 3655 2163 3711 membris

2286 3660 2472 3735 λεπροῦ
2554 3666 2894 3735 παραγίνεται
2971 3662 3271 3736 πολύτιμον·
3358 3670 3446 3717 xui
3506 3664 3637 3723 αύτὴ
3729 3669 3897 3741 μύρον

519 3748 846 3803 Dominum
878 3747 1085 3816 tangit,
1120 3744 1226 3800 sed
1259 3745 1457 3800 statim
1498 3743 1864 3799 alabastrum
1896 3744 2154 3814 frangen:

2290 3753 2536 3821 φέρουσα,
2568 3748 2815 3819 οὐδαμῶς
2854 3747 2914 3804 δὲ
2944 3759 3050 3813 τοῖς
3096 3753 3273 3825 μέλεσι
3312 3760 3404 3805 τοῦ
3454 3761 3684 3825 Σωτῆρος
3709 3753 3892 3825 ψαύει,

528 3838 588 3893 in
616 3840 796 3909 caput
824 3839 1191 3905 unguentum
1217 3834 1486 3899 effundit,
1516 3839 1637 3889 arte
1663 3839 1719 3888 et
1742 3833 1861 3889 zelo
1888 3848 1989 3889 eos
2034 3850 2163 3905 praet

2290 3838 2397 3890 ἀλλ’
2464 3838 2603 3911 ἀφνω
2662 3842 2719 3891 τό
2801 3838 3123 3916 ἀλάϐαστρον
3188 3840 3545 3917 συντρίψασα,
3599 3846 3733 3895 κατά
3799 3844 3895 3905 τῆς

533 3927 768 3981 veniens
796 3927 990 3997 quine
1020 3939 1172 3996 opus
1203 3928 1509 3995 perageret
1537 3922 1827 3994 impedire
1856 3922 2091 3980 vellent.
2118 3925 2168 3979 E1

2288 3927 2509 3999 κεφαλῆς
2572 3932 2630 3980 τό
2683 3936 2843 4003 μῦρον
2885 3928 3103 4002 ἐπιχέει,
3160 3935 3321 4005 τέχνῃ
3386 3934 3758 4007 προφθάνουσα
3806 3937 3895 3984 καὶ

529 4030 649 4071 una
666 4014 912 4087 quidem
933 4015 1135 4068 urbem
1156 4013 1334 4068 habet
1355 4013 1826 4084 intemperantiae
1852 4016 2058 4068 testem
2090 4012 2164 4077 ;ir

2292 4013 2499 4089 σπουδῇ
2571 4021 2687 4077 τούς
2763 4021 2806 4070 εἴ
2875 4038 3002 4079 τινες
3068 4018 3350 4093 ἐπιχειρεῖν
3411 4020 3745 4093 μελετήσειαν
3800 4026 3895 4078 τὴν

531 4103 676 4159 urbe
688 4104 844 4159 enim
861 4102 1154 4175 peccatrix
1174 4100 1523 4168 vocabatur;
1541 4099 1639 4155 illa
1656 4116 1789 4156 vero
1809 4115 2053 4172 pagum,
2082 4100 2166 4157 ille

2287 4104 2474 4178 πρᾶξιν
2522 4105 2753 4158 κωλύειν·
2804 4112 2893 4159 καὶ
2947 4110 2974 4165 ἡ
3023 4111 3112 4178 μὲν
3152 4113 3245 4167 τήν
3284 4109 3429 4161 πόλιν
3471 4114 3610 4183 φέρει
3653 4111 3901 4183 μάρτυρα

528 4193 773 4249 demum
807 4191 1111 4263 sapientiae
1152 4197 1207 4246 et
1247 4191 1517 4262 puritatis
1558 4189 1780 4261 palatia
1811 4189 2090 4245 servabat
2117 4192 2155 4245 E

2289 4202 2381 4255 τῆς
2430 4193 2732 4257 ἀκολασίας·
2768 4194 2815 4247 ἐν
2855 4204 2916 4268 τῇ
2960 4196 3107 4249 πόλει
3150 4201 3250 4271 γὰρ
3296 4197 3599 4273 ἁμαρτωλός
3630 4199 3900 4271 ὠνομάζε-

514 4287 735 4339 contra
756 4284 1013 4355 primam
1031 4280 1272 4352 quidem
1293 4280 1622 4335 Phariseeus
1645 4279 1989 4349 indignatur
2016 4296 2029 4347 ;
2050 4294 2149 4335 con

2288 4301 2359 4335 το·
2408 4285 2437 4340 ἡ
2475 4280 2532 4335 δὲ
2580 4288 2672 4341 τὴν
2719 4289 2917 4356 κωμήν·
2964 4287 2993 4344 ἡ
3048 4282 3107 4338 δὲ
3151 4294 3255 4347 τοῖς
3297 4295 3388 4347 τῆς
3438 4290 3780 4356 σωφροσύνης
3810 4293 3901 4340 xui

529 4380 616 4429 tra
644 4387 909 4429 sororem
944 4371 1141 4427 Lazari
1168 4370 1324 4424 solus
1344 4370 1527 4425 ludas
1553 4385 1565 4423 :
1592 4374 1798 4425 contra
1831 4369 2101 4425 ultimam
2125 4381 2164 4425 el

2288 4374 2644 4445 καθαρότητος
2717 4372 3019 4449 ἀνακτόροις
3076 4374 3434 4448 ἐθαλαμεύετο·
3504 4382 3594 4429 xui
3656 4376 3739 4429 ἐπὶ

527 4464 623 4520 alii
653 4460 950 4533 discipuli,
982 4464 1037 4516 et
1058 4459 1318 4516 avaritiae
1340 4458 1564 4531 praeda,
1599 4460 1703 4532 qui
1729 4475 1936 4513 rursus
1968 4464 2023 4514 et
2050 4475 2162 4529 pro

2288 4468 2377 4521 τῆς
2429 4467 2636 4535 πρώτης
2700 4465 2724 4514 ό
2793 4470 3075 4536 Φαρισαῖος
3129 4470 3284 4537 μόνος
3341 4468 3638 4538 ἀγανακτεῖ,
3708 4466 3793 4519 ἐπὶ
3839 4464 3898 4519 δε

525 4553 681 4608 ditor
719 4551 842 4606 fuit.
888 4554 953 4606 Et
990 4549 1194 4605 Lazari
1232 4548 1476 4621 quidem
1518 4550 1706 4604 sorori
1738 4546 1900 4604 nulla
1954 4564 2160 4604 merce:

2287 4558 2377 4602 τοῦ
2410 4551 2659 4623 Λαζάρου
2714 4555 2867 4623 μόνος
2906 4549 3188 4615 όἸούδας’
3236 4552 3320 4606 ἐπὶ
3364 4550 3422 4607 δε
3464 4562 3559 4617 τῆς
3605 4555 3902 4614 τελευταίας

525 4658 634 4714 pro
664 4645 969 4712 unguento
987 4640 1209 4695 donata
1231 4638 1621 4695 annuntiatur
1649 4655 1662 4705 ;
1698 4639 1799 4694 sed
1823 4640 1987 4711 quod
2011 4638 2088 4696 ab
2110 4655 2160 4694 ea

2289 4638 2431 4692 ἄλλοι
2493 4660 2546 4692 τε
2610 4649 2711 4693 τῶν
2780 4643 3046 4714 μαθητῶν,
3108 4648 3197 4695 καὶ
3272 4647 3329 4696 τὸ
3396 4652 3485 4705 τῆς
3555 4643 3906 4720 φιλαγρυρίας

523 4731 854 4804 perfectum
885 4735 991 4797 est,
1019 4746 1125 4800 pro
1156 4734 1288 4785 ante
1322 4729 1535 4785 collato
1555 4745 1738 4800 supra
1760 4730 2052 4784 rationem
2081 4730 2154 4785 be

2288 4728 2532 4803 λάφυρον,
2589 4730 2740 4782 πάλιν
2772 4732 2797 4782 ό
2832 4728 3116 4804 προδότης
3159 4737 3249 4785 καὶ
3296 4741 3355 4807 τῇ
3401 4736 3490 4806 μὲν
3521 4742 3610 4786 τοῦ
3646 4736 3900 4809 Λαζάρου

522 4820 739 4877 neﬁcio
773 4824 828 4875 et
860 4834 1105 4874 munere
1144 4818 1472 4891 gratiarum
1505 4818 1662 4874 actio
1693 4822 1836 4874 erat.
1874 4818 2009 4874 Sola
2039 4836 2157 4875 veri

2293 4815 2513 4891 ἀδελφῇ,
2590 4814 2759 4880 ούδεὶς
2822 4822 3008 4892 μισθός
3085 4828 3175 4881 τῆς
3254 4830 3347 4874 τοῦ
3400 4825 3567 4897 μύρου
3637 4830 3903 4886 κενώσεως

523 4914 579 4965 et
607 4914 740 4964 tunc
769 4907 933 4962 Judae
968 4907 1227 4979 proditio
1251 4912 1306 4962 et
1359 4907 1684 4978 petulantia
1712 4908 1979 4963 noscitur
2008 4914 2063 4963 et
2092 4924 2158 4963 re

2290 4906 2675 4979 ἐπαγγέλλεται·
2758 4908 3280 4983 προκαταϐληθείσης
3346 4913 3446 4985 γάρ
3524 4912 3650 4988 ύπερ
3745 4912 3902 4984 λόγον

523 4997 852 5068 darguitur.
888 5000 953 5051 Et
984 5012 1103 5052 una
1134 4996 1378 5067 quidem
1411 4997 1575 5067 apud
1632 4999 1835 5052 Lucam
1884 4996 2154 5054 remissio

2290 4997 2588 5071 εύεργεσίας
2652 5003 2741 5050 xui
2816 4995 3031 5074 δωρεᾶς,
3091 5003 3148 5051 τό
3204 5000 3328 5074 παρ’
3383 4999 3542 5062 αύτῆς
3599 5000 3902 5074 τελούμενον

522 5105 652 5145 nem
681 5091 1059 5159 peccatorum
1092 5086 1335 5150 invenit,
1380 5091 1436 5143 et
1474 5102 1583 5158 pro
1625 5092 1928 5157 unguento
1961 5092 2016 5142 et
2071 5104 2157 5158 ρι’(

2292 5088 2502 5161 ὑπῆρχε
2530 5093 2901 5161 χαριστήριον·
2950 5093 3080 5161 μόνη
3116 5086 3174 5141 δὲ
3218 5088 3484 5143 κάνταῦθα
3527 5093 3555 5148 ἡ
3591 5098 3683 5143 τοῦ
3715 5089 3902 5146 ’ἰούδα

519 5176 638 5233 ﬁde
670 5175 1024 5231 mercedem.
1058 5175 1141 5230 llli
1170 5192 1307 5231 vero
1340 5191 1470 5247 quae
1499 5176 1659 5247 apud
1712 5176 2049 5233 Matthaeum
2091 5194 2152 5233 es

2287 5174 2555 5248 προδοσία
2579 5181 2669 5228 καὶ
2697 5182 2978 5251 προπέτεια
3006 5179 3317 5251 γνωρίζεταί
3341 5197 3393 5231 τε
3424 5184 3511 5231 καὶ
3544 5176 3901 5253 διελέγχεται.

520 5274 577 5325 et
602 5267 867 5322 Marcum
910 5266 1199 5321 memoria
1225 5282 1326 5334 per
1349 5265 1569 5321 saecula
1599 5267 1655 5320 in
1690 5282 1927 5322 omnem
1961 5272 2155 5323 terran

2294 5271 2392 5318 Kui
2433 5268 2461 5324 ἡ
2495 5269 2584 5338 μὲν
2635 5269 2779 5339 παρά
2808 5275 2878 5338 τῷ
2910 5272 3091 5338 Λουκᾷ
3122 5270 3303 5340 ἄφεσιν
3335 5268 3599 5343 ἀμαρτιῶν
3647 5271 3901 5345 εύρισκει,

520 5354 949 5429 proclamanda
966 5354 1683 5410 annuntiatur.Dissimilis
1696 5356 1936 5428 quidem
1954 5374 2147 5413 merce

2291 5361 2383 5413 τὴν
2436 5352 2864 5428 μισθαποδοσίαν
2916 5362 3005 5409 καὶ
3041 5353 3132 5409 τοῦ
3173 5362 3341 5433 μύρου
3390 5362 3474 5410 κτὶ
3518 5366 3607 5419 τῆς
3651 5365 3900 5424 πίστεως·

523 5446 755 5517 utrique
778 5442 1136 5498 feminarum
1157 5444 1572 5511 annuntiatur;
1594 5460 1711 5500 non
1736 5450 1932 5501 tamen
1952 5462 2158 5502 merces

2293 5454 2353 5518 τῇ
2417 5442 2474 5498 δὲ
2534 5448 2676 5519 παρὰ
2728 5449 2977 5518 Ματθαίῳ
3033 5452 3121 5499 καὶ
3179 5448 3392 5522 Μάρκῳ,
3456 5450 3511 5498 τό
3570 5453 3907 5521 μνημόσυνον

530 5534 709 5591 unius
741 5533 988 5589 alteram
1021 5532 1148 5589 sine
1177 5533 1445 5589 mercede
1468 5533 1768 5607 relinquit.
1799 5534 1991 5592 Ambo
2019 5536 2165 5593 enin:

2292 5534 2657 5607 ἐπαγγέλλεται
2710 5531 2786 5587 δι’
2840 5535 3022 5598 αἰῶνος
3078 5534 3147 5598 εἷς
3198 5540 3292 5594 τὴν
3346 5535 3648 5609 οἰκουμένην
3703 5540 3906 5614 κηρύτ-

517 5628 901 5700 peccatorum
924 5622 1330 5682 remissionem
1363 5624 1734 5693 invenerunt,
1768 5626 1950 5683 ambo
1979 5631 2152 5685 auteu

2289 5626 2491 5679 τεσθαι·
2552 5621 2797 5700 διάφορος
2840 5628 2930 5699 μεν
2985 5626 3014 5685 ἠ
3070 5622 3474 5699 μισθαποδοσία
3532 5624 3753 5703 ἑκατέρᾳ
3808 5637 3906 5681 τῶν
