4140 6198
232 293 343 369 366

223 441 458 509 γυναίων
493 434 864 508 ὶπαγγίλλεται
906 454 919 467 '

227 531 328 586 τὴν
393 527 569 602 ίτίραν
628 525 913 600 ἀγέραστον
979 529 1296 585 καταλείπει.
1369 535 1466 584 Καὶ
1527 533 1627 603 γὰρ
1687 534 1841 605 ἄμφω

223 621 322 690 μὲν
376 625 480 669 τεν
523 616 912 690 ἁμαρτημάτων
955 621 1045 676 τὴν
1085 620 1268 692 ἄφεσιν
1314 620 1540 693 εὕραντο,
1572 621 1725 694 ἄμφω
1781 619 1840 675 δὲ

1253 315 1349 370 AD
1387 295 1939 376 AMPiIILOC'HIiIM
1979 298 2313 387 QUESTIO
2354 305 2584 379 XLVIII.

3504 321 3609 389 366

980 441 1040 490 οὐ
1085 443 1259 512 μέντοι
1309 442 1526 516 θατέρας
1564 443 1589 493 ὁ
1627 445 1836 513 μισθὸς,

1957 461 2062 517 per
2109 461 2342 502 sacram
2389 445 2552 504 illam
2586 450 2925 509 uncliOnem
2957 451 3018 509 in
3052 443 3327 512 universo
3378 455 3609 512 mundo

1954 534 2418 606 prcclamantur,
2447 542 2502 592 et
2533 539 2754 594 meritae
2788 546 2928 598 sunt
2974 549 3034 597 ut
3073 555 3179 614 per
3205 543 3420 600 saecula
3448 543 3610 618 ipsa-

1953 639 2086 679 rum
2125 625 2415 680 memoria
2444 625 2725 683 laudibus
2758 634 3045 688 coronata
3072 630 3312 688 feratur.

227 703 326 758 διὰ
357 715 453 766 τῆς
485 703 618 780 ἱερᾶς
644 707 841 768 ταύτης
861 706 1096 780 πράξεως
1125 707 1179 760 ἐν
1203 707 1302 780 ὅλῳ
1332 717 1402 780 τῷ
1433 713 1614 782 κόσμῳ
1645 714 2025 784 κηρύσσονται,
2050 716 2138 765 καὶ
2165 709 2241 765 δι’
2275 713 2456 774 αἰῶνος
2479 713 2836 789 ἐκληρώσαντο
2861 723 2918 772 τό
2950 725 3282 794 μνημόσυνον
3305 725 3474 796 φέρειν
3499 731 3606 787 τοῖς

225 794 467 856 ἕπαίνοις
501 797 923 867 στεφανούμενον.

302 882 442 936 Ἀλλ’
492 884 520 936 ὅ
574 887 666 956 μεν
740 884 967 959 ἥρμοζεν
1040 885 1258 962 ἑκατέρᾳ
1314 890 1441 961 πρὸς
1504 889 1841 963 παραμυθίαν

221 975 317 1025 καὶ
393 969 674 1044 ἀποδοχὴν
743 979 840 1035 τῆς
903 973 1156 1048 ίργασίας
1222 976 1644 1048 ἐπαγγέλλεσθαι,
1688 985 1840 1030 τοῦτο

220 1066 433 1136 εἰρηται
489 1080 500 1092 ⁸
548 1067 638 1115 καὶ
687 1065 790 1137 γὰρ
846 1067 937 1122 τὴν
985 1067 1075 1138 μὲν
1133 1064 1378 1138 ἐπετίμων
1445 1068 1493 1119 οἱ
1547 1065 1827 1119 ἀπόστολοι

221 1155 297 1214 ὡς
346 1156 775 1226 παραχρωμένην
817 1157 890 1223 τῷ
936 1156 1084 1227 μύρῳ
1129 1158 1218 1207 καὶ
1263 1157 1433 1227 μάτην
1459 1152 1838 1209 ἕκδαπανῶσαν

222 1242 356 1294 αὖτό
386 1247 476 1294 καὶ
503 1241 989 1295 καταναλίσκουσαν
1033 1263 1045 1275 ·
1079 1248 1197 1318 περὶ
1230 1241 1288 1297 δὲ
1321 1254 1415 1306 τῆς
1445 1245 1627 1306 λοιπῆς
1664 1247 1689 1297 ὁ
1736 1246 1841 1299 Φα-

216 1339 436 1406 ρισαῖος
496 1327 855 1402 διεγόγγυζεν,
910 1333 992 1384 ὅτι
1035 1332 1340 1407 ἁμαρτωλός
1395 1332 1531 1387 οὖσα
1583 1338 1673 1386 καὶ
1712 1355 1841 1386 κατ-

219 1424 523 1492 εγνωσμένη
576 1426 798 1472 τοιαῦτα
842 1422 1089 1494 πράττειν
1155 1421 1238 1475 ἐπὶ
1279 1431 1396 1474 νοῦν
1446 1424 1582 1496 ὅμως
1629 1423 1837 1477 ἐπεϐάλ-

215 1511 335 1562 λετο
397 1527 410 1539 θ
458 1512 551 1561 καὶ
587 1508 854 1562 λανθάνειν
903 1509 1110 1582 ἐνόμιζε
1146 1515 1233 1563 τόν
1279 1508 1606 1565 διδάσκαλον
1646 1511 1698 1575 ἐξ
1725 1513 1836 1565 οἵου

218 1599 351 1672 βίου
399 1601 491 1651 καὶ
530 1598 787 1660 πολιτείας
821 1601 880 1652 τό
932 1602 1144 1671 γύναιον
1185 1599 1508 1673 ἐγνωρίζετο.
1541 1606 1626 1653 Διό
1671 1605 1830 1674 ταύτῃ

217 1693 314 1760 μὶν
359 1690 387 1739 ὁ
432 1690 626 1759 μισθός
681 1686 935 1764 ἀνερρήθη
976 1695 1076 1740 τῶν
1124 1689 1513 1762 ἁμαρτημάτων
1545 1692 1573 1748 η
1609 1692 1786 1762 ἄφεσις
1818 1709 1832 1723 ⁶

218 1779 397 1849 ἐκείνη
461 1774 520 1830 δε
574 1781 632 1829 τὸ
704 1779 776 1839 είς
828 1779 1024 1841 πάντας
1067 1783 1459 1852 περιηχηθῆναι
1513 1785 1605 1838 τὴν
1651 1779 1836 1854 πρᾶξιν

221 1867 591 1939 ἀνεκηρύχθη,
639 1870 729 1919 καὶ
759 1870 902 1939 παρά
932 1868 1135 1919 πάντων
1165 1869 1547 1943 μακαρίζεσθαι
1581 1888 1594 1901 ο
1622 1877 1683 1941 τῇ
1717 1873 1836 1940 μὲν·

220 1977 344 2009 ατοι
397 1975 455 2027 γε
507 1953 704 2028 ἀδελφῇ
756 1961 848 2008 τοῦ
877 1957 1126 2028 Λαζάρου
1171 1955 1441 2032 οὐδέτερον
1479 1960 1670 2010 τούτων
1710 1956 1832 2009 ἀντ-

223 2043 561 2098 αποδίδοται
597 2062 610 2074 ·
645 2041 826 2103 ἐπειδὴ
871 2041 992 2098 οὐδὲ
1018 2044 1181 2104 ἐκείνη
1231 2044 1670 2120 προσδοκωμένης
1702 2047 1838 2118 εὐερο

218 2141 416 2207 γεσίας
485 2134 576 2186 καὶ
643 2137 863 2208 χάριτος
919 2133 1194 2210 ἀρραϐῶνα
1262 2135 1598 2189 κατεϐάλλετο
1650 2156 1662 2168 ·
1729 2134 1836 2186 ἀλλ’

221 2227 357 2297 ὑπὲρ
419 2225 490 2275 ὧν
553 2221 850 2282 ἀπήλαυσεν
902 2224 1028 2298 ὑπὲρ
1083 2223 1237 2296 λόγον
1293 2229 1379 2276 τὸν
1449 2222 1667 2298 ἀδελφὸν
1725 2223 1838 2277 ἀντὶ

219 2321 412 2385 νεκροῦ
465 2317 740 2387 καινότερα
815 2312 922 2384 ζωῇ
984 2316 1072 2371 τὴν
1133 2320 1225 2364 τοῦ
1291 2313 1514 2366 θανάτου
1590 2317 1838 2386 νέκρωσιν

221 2403 714 2474 προοιμιασάμενον
791 2400 1131 2454 ἀπολαϐοῦσα

1867 1748 1910 1800 Β

1167 2447 1180 2471 ,
1259 2406 1346 2454 τόν
1422 2402 1689 2474 εὐεργέτην
1765 2399 1838 2453 δι’

221 2493 584 2564 εὐχαριστίας
629 2488 724 2561 ἦγε
759 2507 771 2520 ⁸
804 2497 893 2544 καὶ
930 2493 1066 2543 κατά
1111 2511 1172 2562 γε
1221 2497 1431 2564 γνώμην
1461 2496 1551 2544 καὶ
1592 2489 1836 2564 δύναμιν,

220 2587 280 2633 τό
353 2584 513 2655 γέρας
569 2582 834 2652 ἀπένεμεν.
885 2579 1078 2640 Ἀλλως
1145 2599 1201 2632 τε
1259 2577 1316 2633 δί
1387 2582 1442 2633 αἱ
1497 2584 1586 2653 μεν
1649 2579 1841 2641 ἀτελεῖς

227 2667 396 2735 ἦσαν,
447 2675 540 2722 καὶ
611 2667 678 2727 δὴ
750 2674 841 2720 καὶ
899 2678 970 2740 τῷ
1041 2675 1233 2744 φορτίῳ
1293 2680 1392 2721 τῶν
1451 2669 1838 2745 ἁμαρτημάτων

224 2759 540 2834 ἐϐαρύνοντο
569 2776 582 2788 ·
633 2755 836 2810 ἰδίοντο
897 2763 1065 2810 τοίνυν
1121 2759 1494 2832 παρακλήσεώς
1555 2778 1692 2821 τινος
1751 2763 1840 2810 καὶ

222 2848 592 2922 πληροφορίας
639 2849 704 2908 ὡς
751 2849 780 2904 ἠ
829 2843 1016 2919 πρᾶξις
1056 2847 1224 2898 αὐτῶν
1273 2844 1567 2919 ἀπεδέχθη,
1611 2852 1695 2898 καὶ
1741 2855 1840 2898 τῶν

223 2933 462 2990 ἐλπίδων
508 2936 566 2988 οὗ
605 2936 999 3007 ψωσθήσονται
1033 2958 1045 2969 ·
1080 2933 1167 2989 διὸ
1212 2941 1301 2988 καὶ
1347 2945 1439 2989 τοῦ
1470 2941 1647 3008 γένους
1695 2933 1840 3009 ἡμῶν

225 3030 250 3079 6
307 3031 490 3099 Σωτὴρ
524 3023 852 3085 καταλλήλως
901 3025 1084 3087 αὐταῖς
1126 3030 1215 3078 καὶ
1259 3027 1455 3086 οἰκείως
1486 3028 1579 3087 τὰς
1627 3025 1842 3097 ἐπαγγε-

227 3116 352 3178 λίας
410 3112 708 3188 διενείματο
760 3131 773 3144 '
825 3117 855 3173 ἠ
909 3112 969 3167 δι
1013 3115 1297 3188 τελειότερα
1343 3135 1396 3167 τε
1455 3117 1684 3188 ὑπῆρχε,
1751 3121 1840 3168 καὶ
1879 3103 1918 3158 C

224 3214 320 3258 τοῦ
398 3200 707 3277 παραδόξου
783 3205 1036 3275 θεάματος
1110 3206 1184 3256 ἔτι
1263 3201 1355 3256 διὰ
1417 3211 1514 3256 τῶν
1596 3205 1839 3276 ὀμμάτων

227 3294 496 3352 ἀπήλαυε,
538 3297 629 3345 καὶ
669 3293 762 3344 οὐκ
811 3289 976 3345 ἐδεῖτο
1006 3295 1126 3352 τέως
1177 3294 1513 3364 ὑποσχέσεων
1545 3297 1793 3365 μειζόνων
1822 3308 1837 3324 ⁸

229 3386 447 3457 ἠρκεῖτο
480 3379 540 3435 δέ
572 3391 644 3453 τῷ
672 3401 726 3434 τε
757 3377 1044 3455 παραδόξῳ
1076 3383 1294 3454 θεάματι
1319 3387 1408 3434 καὶ
1438 3390 1500 3454 τῇ
1534 3380 1678 3454 κοινῇ
1715 3385 1840 3454 πρὸς

225 3475 435 3533 πάντας
469 3475 586 3534 τοὺς
637 3475 1049 3533 πεπιστευκότας
1083 3470 1364 3544 ἐπαγγελίᾳ
1416 3476 1838 3535 τοῡ.Δεσπότου,

223 3564 308 3616 ὅτι
339 3562 366 3614 6
392 3563 656 3614 πιστεύων
684 3560 754 3622 εἰς
785 3559 960 3624 αὐτόν,
991 3567 1088 3622 τῆς
1124 3560 1332 3613 αἰωνίου
1365 3562 1500 3623 ζωῆς
1541 3565 1624 3614 τὸν
1651 3560 1839 3636 κλῆρον

225 3649 576 3723 ἀναφαίρετον
608 3649 728 3712 ἔξει.

304 3741 406 3792 Διά
453 3743 507 3790 τί
555 3735 614 3791 δι
664 3737 747 3790 ἐπὶ
789 3739 880 3810 μεν
924 3743 1015 3798 τῆς
1056 3740 1201 3813 παρὰ
1245 3745 1318 3809 τῷ
1368 3745 1545 3810 Λουκᾲ
1590 3743 1839 3812 γυναικός

226 3825 414 3889 οὐδεὶς
471 3833 571 3879 τῶν
632 3828 876 3898 μαθητῶν
916 3824 1038 3880 οὐδὲ
1091 3829 1116 3878 6
1165 3825 1371 3890 Ἰούδας
1412 3827 1708 3900 ἀγανακτεῖ,
1754 3829 1838 3882 ἐπὶ

226 3925 329 3979 τῆς
383 3921 482 3969 τοῦ
534 3916 778 3987 Ᾱαζάρου
841 3919 995 3989 μόνος
1051 3917 1076 3968 ό
1127 3913 1444 3990 προδότης;
1501 3917 1583 3970 ἐπὶ
1639 3915 1696 3970 δὲ
1747 3927 1840 3982 τῆς

225 4011 456 4079 πόρνης,
495 4014 596 4058 τῶν
641 4006 890 4077 μαθητῶν
926 4005 1020 4057 οὐκ
1069 4004 1269 4076 όλίγοι;
1327 4006 1356 4064 ἦ
1393 4003 1487 4058 διὰ
1539 4013 1690 4058 τοῦτο
1738 4015 1837 4058 τῶν

227 4097 486 4168 μαθητῶν
532 4091 708 4156 οὐδεὶς
765 4093 847 4146 ἐπὶ
913 4101 978 4166 τῇ
1031 4100 1235 4167 πρώτῃ,
1307 4091 1432 4147 οὐδὲ
1485 4096 1510 4146 6
1575 4092 1839 4168 προδότης

229 4185 536 4256 ἀγανακτεῖ,
589 4179 729 4236 διότι
769 4185 794 4235 ὁ
848 4187 937 4255 μὶν
984 4180 1188 4245 Ἰούδας
1249 4187 1393 4236 οὔπω
1438 4181 1498 4241 ἦν
1541 4188 1674 4236 κατά
1715 4189 1838 4260 κρά-

228 4293 316 4334 τος
367 4273 525 4334 ἁλοὺς
580 4282 652 4343 τῷ
701 4281 796 4334 τῆς
859 4271 1202 4346 φιλαργυρίας
1245 4278 1526 4345 νοσήματι,
1579 4271 1700 4327 οὐδὲ
1744 4281 1837 4336 τῆς

230 4359 537 4438 προδοσίας
576 4363 601 4414 ὁ
658 4367 883 4424 Σατανᾶς
939 4365 1082 4414 οὔπω
1143 4361 1203 4420 ἦν
1253 4363 1412 4415 αὐτοῦ
1461 4369 1555 4422 τὴν
1611 4361 1835 4438 καρδίαν

227 4454 762 4522 κατασκευασάμενος
811 4447 1108 4509 ἐπιτήδειον
1161 4456 1375 4524 ὄργανον
1414 4469 1426 4482 °
1479 4454 1526 4504 οἱ
1581 4449 1639 4504 δὲ
1692 4451 1836 4504 ἄλλοι
1869 4461 1914 4517 D

229 4544 472 4614 μαθηταὶ
547 4537 640 4592 διὰ
711 4547 862 4592 τοῦτο
939 4544 1068 4615 πρὸς
1147 4545 1240 4598 τήν
1311 4539 1666 4612 ἀγανάκτησιν
1731 4542 1836 4613 οὐχ

229 4633 522 4702 ὑπήγοντο,
575 4625 716 4682 διότι
754 4631 870 4689 τοὺς
909 4637 1000 4689 τῆς
1045 4627 1394 4701 ίλεημοσύνης
1435 4639 1526 4683 τοῦ
1575 4627 1836 4683 Διδασκα-

225 4721 322 4773 λου
355 4719 545 4790 λόγους
577 4721 719 4770 οὔπω
767 4713 902 4776 ἦσαν
967 4715 1173 4791 σφόδρα
1216 4717 1579 4791 ἐμπεπηγότας
1608 4723 1836 4792 φέροντες

227 4817 291 4881 τῇ
337 4806 494 4879 ψυχῇ
524 4826 535 4838 ’
580 4802 694 4858 οὐδ’
721 4805 885 4868 οὕτως
932 4805 1120 4866 αὐτοὺς
1157 4807 1187 4864 ἠ
1235 4814 1334 4858 τῶν
1381 4811 1610 4865 πενήτων
1651 4809 1836 4881 ᾑρήκει

228 4901 462 4972 φροντίς.
499 4894 615 4948 Ἔτι
663 4890 723 4947 δι
764 4899 853 4947 καὶ
905 4900 997 4953 τὴν
1035 4902 1262 4966 γυναῖκα
1307 4895 1590 4948 κλαίουσαν
1643 4896 1834 4970 ἐώρων,

226 4992 320 5038 καὶ
373 4981 502 5038 οὐδὲ
543 4992 634 5046 τῆς
696 4982 917 5056 κεφαλῆς
965 4988 1329 5056 καταχέουσαν
1386 4988 1442 5038 τό
1495 4988 1656 5059 μύρον
1709 4985 1838 5038 ἀλλὰ

225 5079 353 5137 τοὺς
415 5069 589 5135 πόδας
655 5071 962 5145 ἀλείφουσαν
1014 5090 1026 5103 ·
1081 5077 1172 5125 καὶ
1220 5077 1279 5125 τό
1334 5076 1496 5134 πάθος
1550 5073 1836 5146 ἀφεστάναι

226 5167 372 5238 παρά
402 5172 494 5216 τοῦ
534 5169 773 5237 Σωτῆρος
799 5164 942 5214 οὔπω
977 5157 1324 5214 ἐδιδάσκοντο
1355 5182 1366 5195 ·
1401 5161 1436 5214 ἆ
1460 5165 1630 5215 πάντα
1685 5167 1836 5216 ἰκανά

226 5252 289 5313 ἦν
320 5263 417 5314 τῆς
456 5253 858 5324 ἀγανακτήσεως
908 5249 1127 5324 ἀπάγειν
1181 5251 1388 5314 αὐτοὺς.
1432 5252 1626 5314 Ἀλλως
1673 5273 1726 5305 τε
1776 5250 1836 5306 δε

226 5348 314 5394 καὶ
361 5338 593 5415 μηδενὸς
651 5349 750 5393 τῶν
815 5341 1090 5414 εἰρημένων
1144 5345 1412 5413 παρόντος,
1467 5344 1511 5393 εἶ
1568 5353 1667 5393 τίνι
1732 5351 1836 5394 τῶν

225 5433 473 5502 μαθητῶν
528 5431 888 5502 ἀγανάκτησις
943 5431 1194 5503 ὑπεφύετο
1258 5430 1325 5491 εἰς
1377 5433 1437 5483 τὸ
1494 5435 1706 5502 φανερόν
1772 5431 1832 5482 ἂν

225 5519 483 5595 ὶγεσχίοη
519 5518 802 5595 προελθεῖν.
838 5518 1117 5594 Προλαϐὼν
1159 5522 1261 5595 γὰρ
1312 5521 1340 5572 6
1393 5527 1696 5593 Φαρισαῖος,
1743 5530 1834 5582 τῆς

228 5609 576 5685 ίπιτιμήσεως
627 5609 830 5681 ὑπέσχε
876 5612 964 5661 τόν
1016 5608 1232 5681 ἔλεγχον
1267 5627 1280 5642 ·
1327 5614 1417 5662 καὶ
1473 5617 1568 5672 τῆς
1629 5618 1833 5674 σιωπῆς

2023 891 2138 946 Sed
2169 891 2335 963 quod
2366 907 2861 969 unamquamque
2887 899 3086 957 decuit
3112 908 3173 957 ut
3199 901 3527 958 consolatio
3550 905 3607 959 et

1949 977 2220 1036 beneﬁcii
2247 984 2578 1055 acceptatio
2610 987 3018 1054 annuntiettJr,
3071 989 3185 1047 hoc
3225 990 3450 1049 dictum
3481 991 3595 1049 est.

1950 1070 2176 1126 Etenim
2213 1086 2396 1126 unam
2438 1073 2682 1144 quidem
2737 1077 2994 1147 apostOli
3045 1079 3520 1151 vituperaverun‘t
3549 1085 3606 1139 et

1950 1163 2258 1227 unguento
2279 1159 2620 1217 abutentem
2653 1167 2706 1219 et
2733 1163 2880 1220 illud
2909 1166 3125 1223 frustra
3155 1167 3601 1240 impendentem

1948 1252 2000 1302 et
2027 1248 2500 1319 dispensantem;
2536 1250 2783 1309 alteram
2821 1261 2962 1310 Vero
3004 1255 3333 1312 Pharisaaus
3363 1257 3602 1314 cavilla-

1948 1341 2042 1392 tus
2072 1342 2180 1403 est,
2213 1339 2397 1410 quod,
2428 1347 2567 1396 cum
2597 1346 2751 1398 esset
2805 1344 3103 1415 peccatrix
3134 1350 3188 1401 et
3223 1352 3281 1400 ut
3314 1346 3445 1401 talis
3493 1363 3602 1402 no-

1947 1431 2225 1495 sceretur,
2257 1442 2327 1481 ea
2359 1431 2557 1484 tamen
2589 1432 2808 1499 agendi
2842 1437 3102 1490 mentem
3130 1433 3370 1506 ceperit,
3400 1437 3456 1490 et
3485 1438 3595 1493 Ma-

1946 1515 2191 1582 gistrum
2236 1513 2414 1570 latere
2445 1518 2723 1575 credebat
2771 1531 2892 1591 qua
2918 1522 3038 1578 vita
3066 1527 3121 1578 et
3150 1513 3413 1580 instituto
3467 1539 3598 1580 mu-

1945 1604 2050 1659 lier
2092 1610 2458 1661 nosceretur.
2514 1601 2894 1682 Quapropter
2921 1612 3060 1668 huic
3101 1617 3328 1670 merces
3358 1629 3597 1671 annun-

1943 1693 2087 1748 tiata
2117 1698 2202 1748 est
2233 1699 2611 1764 peccatorum
2644 1699 2946 1765 remissio;
2977 1699 3058 1756 illi
3090 1719 3229 1758 vero
3270 1703 3347 1759 ad
3385 1717 3597 1760 omnes

1943 1781 2364 1838 annuntiatum
2416 1783 2482 1839 iri
2529 1784 2712 1857 ipsius
2761 1789 3053 1844 actionem
3107 1791 3460 1862 ‘p‘rtedictum
3511 1795 3599 1848 est

1943 1877 2001 1928 et
2024 1870 2102 1926 ab
2129 1871 2412 1928 omnibus
2438 1872 2680 1931 beatam
2707 1875 2933 1933 dictum
2960 1877 3050 1934 iri.
3090 1879 3284 1935 Sorori
3319 1895 3464 1936 sane
3498 1881 3598 1936 La-

1943 1959 2064 2016 zari
2108 1961 2337 2016 nullum
2369 1977 2436 2017 ex
2480 1962 2572 2018 h'is
2618 1964 2904 2020 mercedis
2946 1966 3114 2023 titulo
3143 1967 3421 2024 redditur.
3469 1970 3596 2025 Non

1945 2049 2217 2105 enimilla
2238 2053 2454 2122 sperati
2490 2052 2757 2108 beneﬁcii
2782 2059 2836 2109 et
2855 2054 3058 2125 gratiae
3081 2055 3291 2113 a'rrllas
3313 2057 3594 2128 jaciebat,

1949 2138 2053 2195 sed
2087 2154 2192 2211 pro
2201 2143 2398 2210 pterea
2411 2140 2573 2201 quod
2590 2143 2793 2210 gavisa
2807 2149 2913 2206 est,
2929 2143 3233 2216 accipiens
3250 2145 3596 2201 mirabiliter

1946 2228 2187 2284 fratrem
2222 2244 2292 2282 ex
2316 2233 2549 2284 mortuo
2577 2243 2734 2285 nova
2767 2231 2884 2287 vita
2916 2234 3122 2288 mortis
3149 2233 3595 2290 mortific‘atiotii

1946 2317 2396 2390 praeludentem,
2431 2321 2600 2389 grato
2631 2319 2836 2376 animo
2880 2320 3317 2378 benefactorem
3348 2321 3593 2390 habuit;

1946 2412 2002 2462 et
2028 2421 2137 2478 pro
2177 2405 2481 2461 voluntate
2527 2411 2583 2462 et
2633 2409 2899 2480 potentia
2931 2411 3267 2466 mercedem
3322 2411 3373 2467 ei
3436 2411 3596 2468 exhi-

1947 2495 2093 2551 buit.
2125 2493 2378 2550 Aliunde
2405 2501 2459 2550 et
2503 2494 2634 2551 aliae
2683 2497 3039 2569 imperfecta:
3093 2504 3274 2564 erant,
3335 2504 3391 2556 et
3449 2514 3595 2556 sane

1947 2583 2187 2656 quidem
2210 2588 2584 2654 peccatorum
2600 2585 2861 2656 pondere
2877 2587 3322 2658 premebantur;
3341 2587 3597 2660 egebant

1947 2687 2090 2742 ergo
2134 2671 2540 2728 consolatione
2579 2672 2847 2745 quadam
2889 2679 2944 2730 et
2987 2677 3376 2747 persuasione
3428 2676 3598 2750 quod

1949 2761 2216 2834 ipsarum
2248 2762 2401 2816 actio
2432 2768 2679 2833 accepta
2710 2769 2881 2828 esset,
2917 2769 2970 2820 et
3000 2779 3107 2836 spe
3147 2782 3260 2821 sua
3291 2781 3410 2821 non
3442 2764 3597 2822 deci-

1948 2850 2202 2922 pientur.
2265 2849 2489 2906 Idcirco
2539 2851 2768 2919 generis
2799 2852 2989 2907 nostri
3048 2855 3321 2910 Salvator
3350 2854 3597 2926 singulis

1948 2944 2003 2996 et
2029 2939 2267 3011 proprie
2295 2939 2719 3010 promissiones
2745 2940 3061 2997 distribuit.
3078 2944 3220 3007 Quae
3244 2945 3442 2998 autem
3473 2937 3598 2998 erat

1949 3028 2264 3100 perfectior
2279 3032 2337 3083 et
2365 3027 2617 3084 mirabili
2631 3029 2974 3100 spectaculo
2991 3029 3189 3087 adhuc
3206 3031 3394 3086 oculis
3422 3030 3598 3087 fruita

1950 3122 2096 3184 erat,
2126 3131 2231 3172 nec
2276 3116 2609 3189 majoribus
2658 3118 3154 3191 promissionibus
3195 3120 3440 3191 egebat;
3485 3121 3598 3175 mi-

1949 3206 2119 3262 rabili
2140 3211 2339 3263 autem
2371 3207 2480 3262 hoc
2505 3206 2840 3277 spectaculo
2865 3211 2921 3262 et
2945 3208 3250 3264 commani
3282 3209 3358 3264 ad
3390 3217 3597 3264 omnes

1949 3296 2156 3352 ﬁdeles
2198 3295 2428 3352 Domini
2469 3297 2861 3368 promissione
2902 3301 3178 3354 contenta
3209 3303 3352 3364 erat,
3380 3314 3598 3370 nempe

1949 3401 2087 3440 eum
2113 3385 2214 3458 qui
2241 3385 2425 3441 credit
2455 3386 2512 3441 in
2541 3385 2761 3460 ipsum,
2789 3387 2922 3442 vita:
2944 3390 3160 3443 eterna:
3184 3386 3594 3444 haereditatem

1951 3489 2066 3531 non
2088 3473 2456 3530 auferibilem
2479 3474 2823 3532 habiturum
2851 3491 3002 3532 esse.

2017 3741 2208 3804 Quare
2229 3745 2430 3798 autem
2447 3746 2654 3798 contra
2679 3758 2812 3799 eam
2832 3755 2968 3814 quae
2995 3743 3158 3816 apud
3170 3745 3387 3801 Lucam
3414 3749 3501 3802 est
3519 3743 3596 3801 fe-

1949 3830 2173 3886 minam
2212 3830 2410 3885 nullus
2439 3832 2867 3904 discipulorum
2900 3849 3093 3903 neque
3142 3835 3267 3906 ipse
3296 3833 3480 3890 ludas
3514 3834 3599 3890 in-

1947 3917 2228 3988 dignatur
2276 3925 2484 3976 contra
2531 3935 2798 3977 sororem
2834 3921 3030 3978 Lazari
3065 3923 3227 3978 scine
3277 3923 3544 3994 proditor
3570 3922 3599 3977 ?

1949 4007 2164 4063 Contra
2193 4007 2526 4064 adulteram
2555 4008 2986 4080 discipulorum
3021 4026 3138 4067 non
3171 4011 3385 4084 pau‘ci!
3422 4013 3599 4068 Disci-

1948 4095 2225 4168 pulorum
2251 4097 2446 4152 nullus
2461 4101 2667 4154 contra
2682 4099 2960 4170 primam,
2977 4115 3170 4172 neque
3184 4101 3310 4171 ipse
3333 4101 3600 4172 proditor

1945 4184 2309 4255 indignatur,
2341 4185 2485 4257 quia
2513 4186 2699 4243 Judas
2729 4187 2968 4258 quidem
3007 4203 3127 4243 non
3160 4188 3446 4244 violenter
3475 4196 3599 4245 erat

1946 4273 2208 4330 avaritia
2239 4276 2449 4330 morbo
2475 4281 2705 4347 captus,
2736 4292 2925 4346 neque
2955 4278 3204 4334 Satanas
3238 4276 3438 4333 adhuc
3466 4277 3596 4348 ejus

1945 4368 2150 4434 peetus
2180 4363 2293 4418 sibi
2326 4370 2642 4436 paraverat
2691 4365 3038 4437 proditionis
3076 4366 3464 4422 commodum
3508 4383 3598 4422 or-

1946 4467 2189 4521 ganum.
2216 4453 2322 4509 Alii
2345 4459 2542 4510 autem
2570 4454 2844 4524 discipuli
2873 4454 2950 4510 ad
2977 4454 3448 4524 indignationem
3474 4471 3597 4512 non

1945 4542 2181 4598 adducti
2213 4548 2370 4610 sunt,
2423 4545 2566 4615 quia
2615 4543 2863 4611 Magistri
2920 4543 2994 4598 de
3047 4542 3424 4616 eleemosyna'
3480 4559 3593 4602 ser-

1947 4646 2156 4686 mones
2207 4633 2476 4686 nondum
2530 4632 2591 4686 in
2631 4637 2829 4686 mente
2861 4632 3048 4688 vivide
3079 4631 3403 4704 impressos
3456 4634 3598 4691 fere-

1945 4719 2109 4784 bant,
2143 4735 2336 4791 neque
2368 4721 2519 4776 adeo
2547 4737 2650 4776 cos
2684 4720 3081 4790 indigentium
3103 4726 3343 4793 ceperat
3373 4723 3593 4779 sollici-

1947 4808 2108 4864 tudo.
2141 4807 2346 4864 Adhuc
2378 4815 2578 4865 autem
2613 4809 2924 4866 mulierem
2950 4810 3191 4865 ﬂentem
3231 4811 3515 4867 videbant
3539 4818 3596 4868 et

1945 4914 2066 4955 non
2096 4906 2458 4968 unguentem
2492 4901 2550 4955 in
2599 4907 2780 4972 caput
2819 4899 3249 4967 effundentem,
3274 4901 3380 4958 sed
3408 4902 3592 4974 pedes

1947 4993 2296 5059 ungentem;
2322 4995 2375 5044 et
2399 4990 2741 5061 passionem
2761 4990 2978 5045 instare
2998 5005 3032 5044 a
3047 4989 3300 5046 Domino
3320 4990 3590 5047 nondum

1944 5075 2306 5148 didicerant;
2335 5091 2466 5149 quae
2497 5077 2702 5133 omnia
2729 5094 2831 5133 eos
2860 5077 2938 5133 ab
2963 5078 3382 5148 indignatione
3407 5084 3591 5136 retra-

1944 5165 2082 5220 here
2129 5166 2426 5222 valebant.
2463 5166 2714 5222 Aliunde
2763 5166 2815 5220 si
2847 5166 3078 5221 nullum
3106 5185 3175 5222 ex
3207 5167 3300 5222 his
3331 5168 3588 5234 adesset,

1944 5254 1990 5308 si
2018 5254 2195 5308 alicui
2219 5254 2654 5324 discipulorum
2677 5259 2820 5310 nata
2849 5260 3002 5309 esset
3027 5256 3380 5325 indignatio,
3399 5257 3471 5312 ad
3507 5256 3592 5310 lu-

1944 5355 2070 5397 cem
2098 5343 2334 5414 prodire
2368 5343 2618 5398 inhibita
2649 5348 2822 5399 esset.
2856 5345 3225 5401 Praeveniens
3256 5346 3414 5402 enim
3448 5345 3590 5402 Pha-

1943 5432 2168 5498 risaaus,
2192 5431 2670 5504 reprehensionis
2701 5435 3140 5489 accusationem
3167 5433 3379 5500 subiit;
3407 5439 3466 5490 et
3505 5436 3589 5491 sic

1942 5520 2194 5576 aliorum
2247 5521 2458 5577 silentii
2505 5521 2666 5577 visus
2719 5528 2872 5578 esset
2921 5522 3252 5580 admonitio
3289 5527 3346 5579 et
3384 5537 3586 5580 causa.

1943 5609 2160 5667 Contra
2186 5625 2326 5668 vero
2379 5609 2584 5667 Lazari
2633 5626 2899 5668 sororem
2929 5625 3051 5667 non
3098 5611 3490 5682 indignantur
3517 5626 3588 5668 ex
