3938 6178
477 291 587 350 367

1707 284 1948 347 ΡΗΟΤῙῘ
1985 284 2159 342 ΡΑΤΕ

2273 284 2474 345 ἦΟΗιΕ
2512 285 2621 345 CP.
3677 291 3760 354 368

478 418 787 491 discipulis
812 418 852 475 ii
882 418 981 490 qui
1022 418 1177 474 bona
1204 418 1508 475 voluntate
1539 421 1729 486 erant,
1765 420 1821 472 et
1867 412 2135 469 mulieris

2273 420 2347 465 ’ῶν
2392 412 2575 479 ἄλλων,
2625 413 2985 485 σωφρονισμός
3042 412 3187 485 ὤφθη
3238 412 3326 464 καὶ
3380 416 3665 486 παραίτιος·
3700 417 3766 472 ἐπὶ

480 508 862 567 veneratione
889 507 1119 563 inhibiti
1138 512 1194 563 et
1219 508 1497 579 prtesenti
1531 506 1822 563 miraculo
1848 501 2136 573 correpti;

481 603 537 655 et
563 598 704 670 quia
734 612 852 651 non
876 596 975 652 illa
1005 596 1063 652 in
1094 602 1279 669 caput
1305 596 1928 665 eﬂuditunguentum,
1964 590 2065 647 sed
2085 594 2140 645 et

481 686 686 760 pedes,
715 685 960 741 omnino
988 690 1320 741 reverenter
1352 686 1620 752 inunxit;
1650 684 1811 740 solus
1838 682 2020 751 igitur
2044 681 2141 734 Ju-

484 777 592 832 das
624 774 914 846 incipiens
956 775 1082 845 jam
1128 774 1383 830 avaritia
1436 775 1643 830 ardere
1692 778 1749 828 et
1786 768 2141 844 proditionis

483 864 744 922 obsideri
778 863 1278 928 meditationibus,
1317 863 1661 933 indignatus
1693 865 1798 917 est.

2250 499 2308 555 δὲ
2364 510 2455 563 τῆς
2505 502 2754 575 Λαζάρου
2818 498 3049 574 ἀδελφῆς
3105 501 3199 554 οὐκ
3248 499 3578 573 ἀγανακτοῦσι
3624 509 3693 578 μὶν
3730 512 3766 561 οἱ

2250 590 2560 664 εὐγνώμονες
2624 599 2723 645 τῶν
2773 593 3040 663 μαθητῶν,
3100 598 3195 651 τῆς
3253 610 3305 643 τε
3353 596 3577 662 γυναικός
3616 602 3665 666 τῇ
3708 598 3768 648 εύ-

2247 678 2432 751 λαϐείᾳ
2515 680 2821 752 ἐπεχόμενοι
2899 683 2989 731 καὶ
3069 688 3141 750 τῷ
3224 677 3510 737 ἐνεστηκότι
3596 684 3771 755 Θαύματι

2253 767 2648 841 συστελλόμενοι
2711 787 2723 799 ·
2787 773 2877 821 καὶ
2939 770 3017 820 ὅτι
3088 764 3202 821 οὐδ’
3246 767 3377 827 αύτή
3435 772 3555 821 κατά
3598 779 3669 832 τῆς
3706 792 3770 825 κε-

2252 856 2411 928 φαλῆς
2464 857 2633 911 ἐκένου
2690 860 2748 911 τό
2806 860 2991 932 μύρον,
3021 857 3152 910 ἀλλὰ
3201 863 3287 910 καὶ
3334 860 3453 919 τοὺς
3504 856 3643 920 πόδας
3682 880 3775 913 παν-

486 953 706 1013 ευλαϐῶς
732 952 904 1024 ἤλειφε
933 968 945 980 ·
979 956 1127 1024 μόνος
1156 956 1246 1025 μέν
1266 971 1346 1004 τοι
1372 972 1429 1023 γε
1459 954 1485 1004 6
1515 949 1721 1012 Ἰούδας
1748 949 2047 1022 ἀγανακτεῖ,
2087 944 2379 1019 ἀρχόμενός
2424 944 2498 1005 ἥδ
2503 967 2531 1004 η
2587 954 2647 1019 τῇ
2704 946 3021 1023 φιλαργυρίᾳ
3050 946 3395 1020 φλεγμαίνειν,
3447 951 3529 1000 καὶ
3575 955 3664 1009 τοῖς
3702 957 3772 1009 τῆς

488 1041 777 1119 προδοσίας
814 1043 1206 1117 πολιορκεῖσθαι
1230 1042 1528 1115 λογισμοῖς.

559 1133 810 1189 Tertiam
866 1140 1086 1198 tamen,
1130 1138 1192 1187 ut
1235 1132 1461 1187 dictum
1516 1136 1603 1187 est
1659 1129 1765 1185 etsi
1796 1145 1868 1184 ex
1910 1126 2146 1183 diversa

492 1228 709 1288 mente,
762 1227 817 1277 et
849 1221 945 1278 alii
976 1221 1250 1293 discipuli
1280 1226 1335 1277 et
1363 1222 1545 1277 Judas
1588 1220 1918 1294 praesertim
1974 1214 2147 1273 cavit-

492 1313 708 1375 lantur,
744 1328 899 1366 unus
918 1315 983 1366 ut
996 1312 1125 1383 jam
1154 1312 1531 1367 vehementer
1555 1309 1887 1383 proditione
1908 1310 2143 1378 captus,

495 1406 550 1457 et
580 1402 833 1457 avaritiae
856 1400 1167 1456 ﬂammam
1200 1416 1319 1455 non
1364 1400 1494 1472 jam
1523 1400 1671 1455 ferre
1705 1398 1910 1453 valens
1941 1395 2149 1451 omnia

496 1493 653 1549 intus
686 1490 821 1561 igne
843 1495 1199 1558 vastantem,
1217 1494 1275 1545 et
1303 1489 1630 1558 indignans
1652 1487 1815 1559 quod
1848 1502 1955 1558 per
1976 1500 2150 1539 vene-

498 1582 789 1638 rationem
821 1584 877 1634 et
901 1579 1191 1635 honorem
1246 1578 1324 1633 ab
1372 1578 1506 1634 aliis
1537 1577 1808 1647 Magister
1836 1575 2146 1631 habeatur.

500 1669 607 1725 Alii
632 1684 771 1724 vero
800 1667 1101 1739 discipuli,
1129 1684 1266 1723 cum
1294 1668 1419 1738 jam
1449 1666 1639 1721 multa
1668 1665 1741 1720 de
1773 1665 2153 1735 eleemosyna

2326 1125 2442 1178 Ἐπὶ
2503 1128 2677 1197 μέντοι
2726 1134 2821 1187 τῆς
2875 1130 3071 1198 τρίτης,
3106 1128 3171 1188 ὡς
3218 1128 3437 1199 εἴρηται,
3479 1125 3563 1177 κᾶν
3604 1124 3649 1177 ἔκ
3688 1123 3777 1178 διαο

2256 1217 2415 1289 φόρόυ
2463 1220 2673 1287 γνώμης
2723 1217 2772 1268 οἰ
2828 1235 2883 1269 τε
2933 1216 3080 1269 ἄλλοι
3133 1219 3365 1289 μαθηταὶ
3431 1220 3513 1269 καὶ
3562 1217 3584 1268 ό
3626 1212 3781 1274 Ἰούδας

2256 1304 2486 1375 μάλιστα
2536 1301 2897 1377 διαγογγύξει,
2954 1307 2979 1358 ό
3036 1309 3125 1379 μεν
3181 1308 3245 1367 ὡς
3309 1306 3417 1365 ἤδη
3471 1308 3589 1358 κατὰ
3638 1307 3780 1380 κράτος

2258 1392 2411 1450 ἁλοὺς
2453 1401 2515 1465 τῇ
2563 1390 2847 1469 προδοσίᾳ,
2884 1400 2973 1448 καὶ
3017 1400 3180 1469 φέρειν
3229 1394 3335 1467 οὐχ
3391 1395 3488 1455 οἶός
3541 1413 3586 1446 τε
3633 1394 3686 1444 ὧν
3728 1396 3785 1445 ἔτι

2258 1490 2354 1543 τῆς
2397 1481 2738 1556 φιλαργυρίας
2790 1486 2883 1542 τὴν
2940 1483 3122 1555 φλόγα,
3165 1485 3231 1535 τὰ
3260 1480 3404 1536 ἔνδον
3436 1482 3468 1534 ἄ
3510 1502 3657 1535 παντα
3692 1500 3785 1552 πυρ-

2260 1570 2518 1623 πολοῦσαν
2549 1588 2561 1601 '
2593 1576 2681 1623 καὶ
2713 1568 2807 1624 διὰ
2854 1570 3179 1643 σεϐάσματος
3214 1573 3336 1647 όρᾲν
3386 1576 3474 1625 καὶ
3516 1580 3647 1643 τιμῆς
3680 1572 3787 1641 παρὰ

2261 1666 2369 1722 τοῖς
2422 1659 2590 1721 ἄλλοις
2637 1662 2883 1733 ἀγόμενον
2934 1665 3021 1713 τόν
3071 1658 3395 1715 Διδάσκαλον
3442 1681 3454 1693 ·
3505 1662 3549 1712 οἱ
3595 1656 3636 1711 δ’
3682 1658 3789 1710 ἄλλοι

502 1762 558 1812 et
588 1772 918 1828 pauperum
944 1756 1462 1812 commiseratione
1480 1755 1828 1815 audiissent,
1845 1770 1879 1809 a
1900 1752 2150 1822 Magistri

2273 1751 2495 1807 καθηταὶ
2562 1748 2910 1823 ἐλεημοσύνης
2990 1770 3043 1803 τε
3078 1794 3091 1819 ,
3166 1753 3231 1812 ὡς
3322 1750 3558 1811 πολλάκις
3614 1752 3787 1819 εἴρηται,

504 1845 797 1901 sententia
827 1844 975 1900 nihil
1006 1844 1303 1916 putabant
1339 1861 1402 1900 se
1434 1844 1687 1899 differre.
1716 1846 1842 1899 Non
1873 1842 2034 1897 enim
2066 1842 2150 1896 in-

504 1935 788 1990 decorum
820 1949 949 1989 esse
972 1933 1315 1999 credebant,
1349 1934 1395 1987 si
1429 1949 1549 1988 non
1577 1936 1919 2005 paterentur
1949 1930 2152 1986 mulie-

504 2040 631 2079 rem
650 2023 982 2079 adulteram
1006 2023 1063 2077 in
1080 2023 1374 2078 mundum
1395 2028 1571 2094 caput
1585 2024 1955 2092 unguentum
1973 2020 2155 2075 effun—

506 2113 666 2168 dere.
700 2112 949 2168 Aliunde
978 2117 1034 2168 et
1081 2112 1405 2167 Dominum
1441 2110 1709 2166 videntes
1740 2110 1944 2165 omnia
1974 2109 2155 2180 negli-

508 2207 746 2272 gentem
778 2206 836 2256 et
865 2200 940 2256 ad
973 2217 1205 2256 crucem
1236 2206 1559 2257 etmortem
1590 2199 1945 2272 propulsum
1971 2217 1984 2265 ;
2018 2215 2156 2255 nam

508 2296 795 2363 perpetuo
836 2291 1176 2362 passionem
1217 2290 1299 2345 eis
1325 2292 1449 2360 jam
1484 2289 1868 2361 praedicebat.
1904 2288 1964 2343 Si
1999 2289 2160 2344 enim

510 2381 777 2450 Magister
820 2385 1018 2435 noster
1048 2381 1138 2449 (ut
1188 2379 1581 2434 verisimiliter
1628 2377 2157 2448 ratiocinabantur)

511 2469 586 2524 ad
625 2474 873 2522 mortem
926 2468 1307 2531 convertitur,
1360 2468 1507 2539 quid
1554 2466 1817 2538 prodest,
1857 2483 1892 2521 o
1925 2466 2156 2531 mulier,

510 2555 791 2624 unguenti
828 2556 1009 2625 hujus
1062 2555 1271 2610 eﬂusio
1298 2557 1325 2611 ?
1354 2557 1546 2621 Quam
1587 2555 1896 2610 utilitatem
1938 2571 2009 2610 ex
2059 2554 2159 2610 illo

511 2644 1000 2717 percipiet,quem
1030 2644 1249 2714 injusta
1277 2659 1440 2699 mors
1463 2644 1639 2715 paulo
1665 2648 1797 2715 post
1817 2643 2162 2715 exspectat?

512 2735 881 2804 Quapropter
908 2732 1194 2798 Salvator,
1244 2749 1449 2788 eorum
1485 2733 1843 2789 sententiam
1876 2749 1980 2804 per
2024 2749 2161 2789 con-

513 2822 693 2879 traria
719 2821 1024 2894 corrigens
1050 2842 1062 2880 :
1085 2824 1143 2876 ln
1177 2838 1371 2878 meam
1391 2822 1775 2893 sepulturam,
1804 2823 2014 2895 inquit,
2047 2823 2161 2878 hoc

514 2912 685 2977 fecit;
720 2911 893 2983 quasi
944 2910 1061 2966 fere
1108 2911 1374 2968 diceret:
1409 2916 1652 2983 propter
1692 2912 1850 2983 quod
1899 2928 2006 2969 vos
2056 2928 2161 2967 un-

515 3006 803 3071 guentum
821 3016 939 3057 non
959 3000 1180 3056 effundi
1197 3005 1464 3073 oportere
1476 3001 1823 3073 Opinamini,
1843 3002 2016 3074 quasi
2036 3002 2163 3074 ipse

2261 1838 2420 1891 πολὺν
2463 1836 2569 1897 ἤδη
2621 1838 2770 1911 λόγον
2815 1843 3025 1912 ἔχοντες
3071 1846 3160 1893 καὶ
3206 1840 3557 1913 φιλοπτωχίας
3591 1840 3793 1910 καὶπρὸς

2263 1931 2356 1986 τὴν
2397 1924 2727 1981 Διδασκάλου
2780 1936 2991 2002 γνώμην
3038 1926 3187 1982 οὐδὲν
3217 1930 3442 2001 οἰόμενοι
3471 1926 3790 2000 διαφέρεσθαι·

2265 2016 2323 2068 ού
2368 2019 2469 2090 γὰρ
2520 2021 2725 2079 ἀπεικός
2762 2017 2997 2092 ἐνόμιζον
3040 2023 3111 2091 μὴ
3159 2015 3267 2071 δεῖν
3318 2017 3592 2090 ἀνέχεσθαι
3621 2020 3798 2087 γυναῖκα

2266 2110 2458 2179 πόρνην
2534 2111 2669 2160 κατα
2750 2116 2840 2169 τῆς
2918 2106 3182 2183 ἀχράντου
3254 2107 3477 2180 κεφαλῆς
3534 2105 3697 2163 ἕκὲίνης
3754 2104 3795 2151 τὸ

2268 2198 2427 2270 μύρον
2499 2195 2717 2268 ἐκχέειν.
2772 2195 2966 2258 Ἀλλως
3024 2216 3077 2249 τε
3142 2193 3200 2249 δε
3260 2202 3351 2250 καὶ
3404 2199 3487 2248 τόν
3533 2189 3798 2247 Διδάσκαλον

2269 2288 2477 2358 ὁρῶντες
2506 2287 2709 2338 πάντων
2757 2288 2846 2359 μὲν
2880 2286 3248 2358 ὀλιγωροῦντα,
3281 2289 3416 2359 πρὸς
3465 2281 3520 2337 δὲ
3554 2288 3629 2335 τόν
3676 2299 3801 2333 σταυ-

2269 2378 2355 2447 ρόν
2386 2378 2476 2426 καὶ
2518 2378 2604 2427 τὸν
2650 2377 2866 2427 θάνατον
2917 2374 3239 2447 ἐπειγόμενον
3282 2394 3294 2406 ·
3329 2381 3422 2428 καὶ
3471 2376 3562 2446 γὰρ
3615 2376 3800 2441 συνεχῶς

2269 2468 2327 2515 τό
2370 2466 2537 2524 πάθος
2572 2464 2744 2525 αὐτοῖς
2792 2460 2897 2522 ἤδη
2932 2464 3197 2539 προελεγεν
3244 2464 3287 2517 εἰ
3324 2470 3493 2517 τοίνυν
3524 2465 3547 2515 6
3587 2457 3803 2515 Διδασκα-

2268 2552 2353 2614 λος
2402 2554 2567 2625 ἡμῶν,
2617 2552 2750 2614 εἰκός
2816 2550 2876 2611 ἦν
2943 2553 3119 2617 αὐτοῖς
3195 2553 3517 2625 λογίζεσθαι,
3573 2554 3684 2625 πρὸς
3739 2549 3802 2598 τὸν

2273 2643 2487 2694 θάνατον
2544 2642 2915 2713 εύτρεπίζεται·
2974 2647 3023 2695 τί
3080 2646 3137 2695 τὸ
3190 2651 3356 2718 κῶρος
3402 2639 3576 2719 κέρδος
3621 2646 3696 2698 τῆς
3739 2644 3805 2687 τοι)

2269 2733 2435 2801 μύρου
2483 2736 2786 2796 κενώσεως;
2840 2736 2979 2791 τίνος
3040 2727 3092 2782 δ’
3150 2730 3205 2794 ἐξ
3257 2730 3424 2783 αὐτοῦ
3480 2738 3568 2790 τῆς
3616 2725 3805 2797 ὡφελείας

2270 2819 2488 2890 μεθέξει,
2522 2819 2575 2870 ὃν
2614 2822 2915 2892 κακούργων
2964 2822 3095 2892 μετὰ
3144 2818 3327 2894 βραχύ
3385 2822 3591 2878 θάνατος
3640 2810 3805 2883 ἐκδέχε-

2271 2928 2357 2959 ται
2392 2924 2405 2973 ;
2457 2904 2544 2959 διό
2584 2913 2667 2959 καὶ
2699 2910 2724 2959 6
2757 2914 2931 2983 Σωτὴρ
2982 2914 3073 2967 τὴν
3123 2909 3289 2961 αὐτῶν
3348 2906 3447 2961 διὰ
3494 2916 3587 2959 τῶν
3623 2904 3807 2957 ἐναντίων

2275 2994 2640 3072 διορθούμενος
2698 2995 2967 3051 διάνοιαν.
3028 2998 3117 3061 Εἰς
3180 3002 3267 3051 τὸν
3324 2997 3662 3070 ἐνταφιασμόν
3716 3009 3809 3063 μου,

513 3091 719 3147 omnia
744 3090 1110 3162 despicerem
1143 3091 1440 3163 meipsum
1459 3092 1534 3146 ad
1557 3095 1807 3147 mortem
1825 3091 1951 3162 jam
1967 3091 2159 3162 dispo-

2275 3092 2423 3159 φησὶ,
2452 3094 2605 3139 τοῦτο
2646 3092 2893 3146 πεποίηκε
2923 3105 2933 3116 ·
2968 3092 3250 3159 μονονουχὶ
3275 3087 3436 3159 λέγων
3467 3107 3478 3119 -
3522 3086 3590 3139 Δι’
3617 3084 3675 3134 ὧν
3700 3081 3811 3152 ὑμεῖς

513 3196 679 3246 nens,
732 3196 802 3235 eo
831 3180 961 3250 ipso
992 3179 1255 3235 mulieris
1300 3196 1455 3252 opus
1508 3180 1701 3252 magis
1751 3181 2050 3236 mentione
2077 3180 2164 3236 di-

515 3286 701 3339 gnum
735 3268 965 3323 videtur
1008 3269 1392 3339 processisse.
1428 3270 1490 3323 In
1532 3285 1726 3324 meam
1761 3270 1919 3325 enim
1970 3270 2164 3343 sepul-

515 3362 708 3413 turam
738 3357 850 3411 hoc
893 3356 1048 3412 fecit.
1084 3360 1147 3412 Et
1187 3358 1264 3412 ad
1305 3374 1407 3413 eos
1432 3358 1678 3430 quidem
1732 3374 1803 3413 ex
1853 3358 2163 3430 discipulis

512 3446 612 3517 qui
635 3444 789 3499 bona
816 3449 1012 3500 mente
1039 3450 1207 3501 erant
1232 3446 1400 3515 juxta
1432 3447 1591 3502 hunc
1619 3462 1863 3503 sensum
1891 3448 2162 3518 apprime

514 3533 857 3590 Dominicus
908 3549 1103 3588 sermo
1134 3533 1420 3602 dirigitur.
1483 3536 1566 3589 Ad
1614 3536 1831 3590 Judam
1880 3552 2043 3603 vero,
2102 3543 2162 3593 ut

511 3622 735 3677 dictum
785 3624 889 3676 est.
943 3622 1166 3676 Etenim
1199 3638 1302 3693 pro
1333 3623 1631 3679 rationum
1663 3623 1995 3680 differentia
2032 3626 2163 3698 qui-

512 3712 625 3766 bus
653 3709 1039 3765 scindebatur
1067 3710 1506 3779 indignantium
1551 3711 1720 3781 ordo,
1755 3712 1997 3769 decebat
2054 3717 2157 3771 Do-

512 3800 743 3857 minum
788 3797 1042 3867 singulis
1094 3798 1395 3855 mentibus
1455 3815 1793 3856 sermonem
1826 3817 2159 3873 congruum

509 3887 792 3960 proferre,
830 3887 1133 3942 auditores
1182 3891 1380 3943 autem
1413 3889 1487 3944 ad
1520 3890 1825 3961 propriam
1856 3907 2161 3965 quemque

508 3976 937 4033 conscientiam
953 3977 1184 4032 Domini
1199 3993 1551 4049 responsum
1566 3980 2041 4037 accommodare.
2053 3982 2159 4038 Sed

509 4066 667 4121 enim
696 4065 768 4121 de
795 4064 1137 4121 mulieribus
1164 4082 1298 4137 qua:
1325 4066 1523 4135 digna:
1549 4067 1685 4123 visre
1712 4072 1851 4123 sunt
1875 4077 1935 4125 ut
1966 4070 2161 4126 Domi-

510 4171 657 4210 num
685 4160 989 4224 unguento
1013 4160 1435 4224 ungerent,eas
1450 4172 1568 4212 non
1591 4173 1719 4212 esse
1746 4173 1938 4231 neque
1963 4160 2160 4230 plures

510 4243 700 4300 tribus
746 4259 941 4316 neque
979 4244 1314 4316 pauciores,
1351 4244 1707 4302 sufﬁcientia
1740 4247 1956 4319 opinor
2002 4249 2161 4305 dicta

509 4348 640 4388 esse
701 4339 763 4389 ut
810 4332 1068 4389 solidum
1145 4337 1201 4388 et
1254 4334 1680 4390 inconcussum
1738 4342 2159 4407 argumentum

2273 3180 2329 3229 τὁ
2388 3180 2549 3251 μύρον
2602 3181 2672 3248 μὴ
2727 3174 2835 3229 δεῖν
2887 3179 3170 3236 κενωθῆναι
3218 3174 3602 3249 διαλογίζεσθε,
3644 3173 3717 3225 ἁτε
3760 3164 3809 3221 6i:

2273 3268 2476 3318 πάντων
2545 3264 2913 3339 όλιγωροῦντος
2981 3266 3126 3339 ἐμοῦ,
3193 3270 3284 3318 καὶ
3340 3262 3812 3342 παρασκευαζομένου

2273 3359 2401 3427 πρὸς
2451 3358 2536 3406 τόν
2592 3357 2827 3420 θάνατον,
2863 3352 2957 3410 διὰ
3002 3358 3195 3408 τούτων
3248 3355 3445 3427 μᾶλλον
3482 3363 3567 3415 τῆς
3616 3349 3815 3424 γυναικὸς

2273 3447 2331 3496 τὸ
2362 3447 2508 3516 ἔργον
2554 3444 2828 3515 ἀξιολόγως
2868 3450 3104 3517 φαίνεται
3153 3444 3405 3519 προελθὸν
3439 3466 3451 3477 ·
3489 3444 3572 3505 Εἰς
3620 3444 3706 3512 γὰρ
3753 3439 3817 3486 τὸν

2274 3531 2618 3604 ἐνταφιασμόν
2670 3552 2771 3604 μου
2802 3541 2955 3585 τοῦτο
2986 3538 3237 3592 πεποίηκε
3268 3553 3281 3567 ο
3310 3539 3405 3587 καὶ
3451 3537 3577 3607 πρός
3727 3528 3817 3582 τοὺς

2274 3622 2597 3694 εὐγνώμονας
2644 3642 2741 3674 των
2792 3624 3040 3695 μαθητῶν
3079 3625 3215 3675 κατὰ
3256 3626 3459 3683 ταύτην
3499 3626 3588 3680 τὴν
3629 3615 3821 3670 διάνοιαν

2272 3713 2297 3763 6
2356 3713 2662 3772 Δεσποτικός
2725 3710 2870 3783 λόγος
2940 3711 3210 3787 ἀρμόσειεν
3264 3714 3325 3764 ἄν
3388 3733 3401 3745 ”
3458 3714 3580 3784 πρὸς
3653 3702 3703 3759 δὲ
3756 3705 3819 3752 τόν

2275 3797 2477 3853 Ἰούδαν
2521 3802 2590 3862 ὡς
2640 3806 2944 3875 προείρηται
2977 3818 2989 3830 °
3035 3806 3124 3853 καὶ
3173 3803 3275 3876 γὰρ
3326 3805 3463 3876 πρὸς
3513 3804 3601 3857 τὴν
3647 3803 3732 3847 τῶν
3755 3792 3823 3841 λο-

2270 3900 2472 3963 γισμῶν
2529 3886 2781 3965 διαφορὰν
2843 3893 2916 3951 οἷς
2971 3892 3230 3965 ἐμερίζετο
3282 3899 3384 3943 τῶν
3451 3886 3821 3962 ἀγανακτούντων

2270 3984 2329 4032 τό
2381 3983 2671 4053 σύνταγμα,
2714 3980 2849 4042 εἰκός
2898 3977 2958 4037 ἦν
3014 3986 3103 4033 καὶ
3147 3983 3234 4033 τόν
3284 3985 3554 4037 Δεσπότην
3610 3976 3826 4043 ἑκατέραις

2270 4076 2503 4142 γνώμαις
2552 4076 2869 4142 προενεγκεῖν
2909 4073 2994 4121 τόν
3048 4069 3199 4141 λόγον
3256 4071 3559 4144 ἁρμόζοντα
3611 4068 3690 4118 καὶ
3735 4063 3824 4116 τοὺς

2273 4157 2529 4233 ἀκροατὰς
2603 4162 2728 4232 πρὸς
2808 4163 2865 4210 τό
2938 4159 3123 4211 οἰκεῖον
3180 4160 3398 4221 ἕκαστος
3478 4151 3701 4214 συνειδὸς
3756 4150 3825 4204 τὴν

2274 4250 2532 4320 ἀπόφασιν
2587 4248 2980 4301 οἰκειώσασθαι.
3026 4248 3184 4302 Ἀλλὰ
3232 4251 3331 4322 γὰρ
3378 4253 3501 4322 περὶ
3551 4253 3646 4299 τῶν
3679 4257 3827 4312 γυναι-

2272 4346 2373 4389 κῶν
2396 4340 2450 4389 αῖ
2478 4345 2549 4405 τῷ
2582 4341 2727 4410 μύρῳ
2775 4341 2860 4389 τόν
2892 4342 3158 4397 Δεσπότην
3189 4336 3401 4409 ἀλεῖψαι
3448 4334 3824 4399 κατηξιώθησαν.

508 4426 790 4494 praestent
814 4422 883 4477 iis
908 4422 1270 4495 quicredunt
1300 4439 1420 4479 non
1454 4439 1585 4479 esse
1615 4427 1948 4482 accuratius
1981 4432 2035 4482 et
2057 4428 2159 4485 ho-

2273 4429 2351 4480 ὃτι
2377 4432 2504 4498 μήτε
2534 4426 2738 4488 πλείους
2769 4423 2900 4485 ἦσαν
2928 4436 3027 4480 τῶν
3057 4436 3231 4502 τριῶν,
3265 4433 3400 4500 μήτε
3431 4426 3688 4489 ἐλάττους,
3713 4417 3830 4471 ἱκανὰ

508 4513 777 4567 noratius
799 4527 1068 4582 pugnare
1095 4528 1279 4585 quam
1306 4513 1553 4569 discere.

870 4792 1193 4859 QUESTIO
1239 4797 1387 4851 xux
1411 4795 1514 4869 [αι.
1545 4796 1795 4868 XLVIII].

515 4897 1309 4973 Quomodojmerprelandum
1330 4903 1486 4958 illud
1511 4920 1568 4957 :«
1589 4904 1765 4960 Omne
1781 4920 1955 4973 pecca
1966 4912 2087 4961 tum
2113 4914 2163 4963 et

584 4970 771 5024 omnis
792 4970 1149 5038 blasphemia
1171 4974 1505 5029 hominibus
1529 4970 1906 5031 remittemur
1940 4993 1952 5041 ;
1976 4978 2164 5033 eivero

586 5042 690 5111 qui
703 5042 1154 5111 blasphemaverit
1170 5046 1229 5098 in
1251 5044 1534 5111 Spiritum
1547 5053 1952 5113 sanctum,n0n
1970 5049 2164 5105 remit-

587 5118 747 5168 te:ur
759 5128 942 5184 neque
952 5114 1013 5169 in
1026 5116 1308 5183 praesenti
1317 5119 1735 5191 szculomeque
1748 5122 1806 5175 in
1823 5120 2031 5189 futuro
2045 5122 2063 5154 ⁷
2076 5122 2089 5157 ι
2104 5161 2116 5174 .
2132 5142 2159 5174 »

2274 4514 2419 4589 οἶμαι
2448 4523 2747 4590 παρασχεῖν
2778 4518 2843 4568 τὰ
2870 4517 3093 4591 ῥηθέντα
3114 4521 3171 4570 τὸ
3194 4516 3408 4590 βέϐαιον
3435 4520 3527 4569 καὶ
3554 4510 3829 4567 ἁδίστατΰν

2274 4613 2378 4667 τοῖς
2406 4610 2477 4678 μὴ
2523 4608 2581 4657 τό
2613 4606 2907 4677 φιλονεικεῖν
2954 4609 3073 4668 τοὺς
3103 4607 3285 4677 μαθεῖν
3330 4602 3732 4675 σπουδαιότερον
3765 4598 3832 4646 καὶ

2274 4700 2576 4769 τιμιώτεοον
2597 4695 2834 4766 ἄγουσιν.

2826 4776 3140 4855 armum
3170 4800 3307 4858 me'.

2279 4916 2393 4970 Πῶς
2465 4911 2670 4980 νοητέον
2739 4910 2818 4975 τό,
2888 4927 2917 4958 ‹‹
2979 4914 3134 4980 Πᾶσα
3200 4908 3436 4980 ἁμαρτία
3494 4910 3585 4957 καὶ
3611 4901 3835 4980 flag?“

2346 4985 2442 5052 μία
2512 4970 2828 5052 ἀφεθήσεται
2900 4986 3011 5041 τοῖς
3063 4970 3373 5052 ἀνθρώποις,
3438 4988 3515 5049 τῷ
3581 4970 3841 5052 66.513?-

2348 5041 2643 5123 φημόσοίντι
2702 5049 2773 5123 είς
2824 5053 2881 5102 τό
2937 5041 3169 5123 Πνεῦμα¹
3201 5056 3260 5103 τό
3321 5041 3495 5121 ἅγιον,
3536 5047 3630 5123 οὐκ
3686 5041 3839 5123 ἄφιθῨ

2350 5119 2493 5175 σεται
2543 5125 2659 5175 οὔτε
2724 5120 2771 5173 ἐν
2830 5130 2900 5193 τῷ
2961 5119 3082 5175 νῦν*
3120 5123 3287 5189 αἰῶνι,
3350 5119 3472 5174 οὔτε
3529 5119 3575 5172 ἑν
3632 5123 3701 5187 τῷ
3751 5119 3841 5185 μέλ·

2346 5194 2505 5247 λοντι.
2543 5215 2567 5244 n

1284 5314 1436 5366 Edita
1455 5330 1488 5367 a
1514 5317 1666 5377 Maio,
1708 5318 1743 5368 l.
1770 5332 1837 5378 c.,
1869 5336 1921 5384 p.
1946 5322 2111 5372 46-50.
2144 5322 2217 5373 De
2242 5325 2461 5387 peccato
2482 5320 2535 5369 in
2561 5318 2817 5383 Spiritum
2840 5320 3109 5369 sanctum.

587 5429 753 5486 Dicta
785 5432 922 5486 sunt
952 5444 989 5485 a
1012 5428 1199 5487 beatis
1228 5433 1444 5489 nostris
1473 5435 1741 5491 Patribus
1773 5453 1993 5509 eaquae
2021 5454 2164 5495 asne

516 5519 633 5578 dici
662 5535 772 5592 pro
811 5535 1019 5578 eorum
1044 5521 1418 5595 temporibus
1449 5525 1880 5596 conveniebat;
1909 5531 1968 5585 et
2000 5528 2164 5585 nulla

589 5676 633 5712 τι
667 5675 865 5734 Matth.
898 5690 1001 5744 xu,
1028 5676 1120 5740 3t,
1143 5680 1231 5733 32.

2344 5441 2565 5510 Εἴρηται
2613 5438 2701 5509 μεν
2760 5442 2867 5495 τοῖς
2913 5439 3190 5508 μακαρίοις
3240 5433 3513 5508 Πατροίσιν
3584 5434 3722 5502 ἡμῶν
3781 5425 3847 5474 ἀτί

2275 5524 2343 5586 δὴ
2394 5527 2620 5605 ῥηθῆναι
2666 5527 2801 5579 κατὰ
2850 5528 2971 5588 τοὺς
3011 5524 3180 5578 αὐτῶν
3211 5526 3439 5601 ἥρμοττε
3492 5520 3710 5596 καιρούς
3738 5532 3750 5545 ⁸
3779 5516 3849 5565 ιαὶ
