3938 6178
161 294 250 352 369
1164 288 1260 344 AD
1301 285 1855 347 AMPHILOCHIUM
1894 289 2222 359 QUAESTIO
2259 289 2458 347 XLIX.

3385 275 3492 339 370

160 417 356 487 ούδεμία
418 418 565 478 κηλὶς
641 416 1005 490 αῖρετιζούσης
1089 412 1271 483 δόξης,
1351 416 1418 469 ra
1481 414 1728 489 εἰρημένα

1948 416 2076 474 cula
2095 417 2384 473 haeretica;
2404 415 2701 488 opinionis
2717 428 2923 471 eorum
2943 411 3101 468 dicta
3119 407 3349 482 polluit,
3381 421 3490 462 nec

157 499 442 569 καταστίζει
516 504 767 580 ούδεμίάν
843 510 1104 580 πρόφασιν
1167 503 1341 559 ἔλαϐεν
1397 522 1410 536 ⁸
1467 506 1733 578 εἰρήσεται

159 597 206 652 δὲ
254 605 336 649 νῦν
375 597 411 648 ἆ
476 605 565 657 τῆς
617 598 710 668 μεν
781 599 1036 671 προτέρας
1098 595 1272 658 αἰτίας
1340 595 1433 648 οὐκ
1491 593 1735 648 ἐλάττονα

158 685 480 749 προϐάλλεται
549 689 643 744 τήν
724 685 907 757 ἰσχύν,
964 689 1056 744 τήν
1120 681 1179 738 δε
1249 680 1495 757 δευτέραν
1542 683 1733 756 μᾶλλον

156 774 250 828 έστὶ
289 779 606 848 πεφευγότα.
658 774 770 828 Ούκ
827 773 1033 847 ἀφίεται
1079 781 1356 848 τοιγαροῦν
1413 781 1522 836 τοῖς
1573 774 1639 834 εἰς
1677 777 1735 826 τὸ

157 872 340 937 Πνεῦμα
387 867 449 916 τό
504 865 655 936 ἅγιον
703 862 1156 937 βλασφημήσασιν
1205 864 1234 921 ἡ
1293 863 1545 938 ἁμαρτία,
1598 859 1737 915 διότι

155 951 264 1025 μηδ’
295 953 637 1007 ὑπελείποντο
689 953 914 1020 ἑαυτοῖς,
975 951 1047 1006 δι’
1099 952 1160 1004 οὗ
1191 960 1282 1013 τῆς
1324 951 1551 1024 ἀφέσεως
1581 949 1739 1014 ἀξιω-

156 1044 386 1100 θησονται
434 1059 447 1071 ·
479 1044 699 1115 καὶγὰρ
749 1045 779 1100 ἡ
831 1050 930 1095 τῶν
977 1041 1364 1114 ἁμαρτημάτων
1395 1042 1602 1112 ἄφεσις,
1644 1035 1741 1092 διὰ

152 1140 228 1184 τοῦ
281 1135 584 1206 Πνεύματος
632 1128 848 1185 δίδοται
881 1147 894 1159 ⁸
929 1132 996 1194 ὦς
1045 1151 1147 1184 που
1175 1136 1265 1184 καὶ
1295 1131 1320 1183 6
1370 1133 1546 1204 Σωτὴρ
1584 1127 1740 1203 ἔμαρ-

153 1223 355 1295 τύρησεν
408 1222 568 1274 εἰπών
612 1241 626 1253 ·
671 1243 692 1271 ι
729 1219 929 1276 Λάϐετε
977 1227 1185 1293 Πνεῦμα
1239 1220 1388 1290 άγιον
1448 1236 1460 1248 ·
1522 1218 1738 1270 ὧντινων

152 1309 302 1383 ἀφίετε
359 1312 462 1373 τὰς
515 1311 798 1384 ἁμαρτίας,
855 1309 1126 1382 ἀφίενται⁶
1171 1306 1240 1361 ὧν
1295 1306 1344 1362 δ’
1388 1307 1448 1360 ἂν
1492 1315 1736 1376 κρατῆτε,

150 1401 484 1472 κεκράτηνται
510 1417 522 1428 ·
561 1421 580 1448 ι
623 1403 717 1458 τὴν
747 1401 933 1472 ἄφεσιν
983 1408 1079 1452 τῶν
1129 1398 1394 1472 ἁμαρτιῶν
1437 1402 1528 1450 καὶ
1577 1397 1738 1448 κατά·

147 1507 302 1561 κρισιν
367 1485 622 1546 δηλονότι
683 1497 780 1550 τῆς
843 1496 936 1540 τοῦ
994 1490 1286 1561 Πνεύματος
1359 1485 1600 1550 ἐξουσίας
1650 1489 1741 1537 καὶ

149 1574 402 1650 δυνάμεως
460 1576 590 1630 εἶναι
648 1574 903 1631 διδάσκει
959 1597 971 1610 ·
1020 1574 1114 1631 διὰ
1163 1585 1256 1630 τοῦ
1301 1579 1598 1649 Πνεύματος
1653 1570 1740 1626 οὖν

148 1668 488 1740 ἱερουργῆται
561 1676 662 1718 τῶν
741 1666 1130 1741 ἁμαρτημάτων
1202 1668 1233 1724 ἡ
1311 1667 1587 1741 κάθαρσις,
1652 1668 1742 1715 καὶ

147 1754 375 1818 ἆθῶωσις
433 1773 448 1785 ο

149 1850 401 1920 σωτηρίας
477 1845 986 1918 ἀποσκευαζόμενος,
1038 1854 1148 1907 πῶς
1205 1844 1266 1896 ἂν
1324 1847 1400 1901 εἴη
1451 1840 1524 1895 δι’
1581 1842 1742 1894 αὐτοῦ

145 1936 538 2010 καθαιρόμενος,
597 1935 628 1992 ἦ
678 1942 772 1996 τῆς
822 1938 1252 2007 χρεωστουμένης
1304 1932 1441 2003 αὐτῷ
1491 1935 1743 2004 τιμωρίας

145 2029 220 2077 καὶ
291 2033 404 2076 τῶν
483 2023 800 2099 εἰσπράξεων
879 2022 1243 2096 ἀθωούμενος,
1321 2026 1422 2075 Kui
1494 2016 1744 2092 οὐδεμίαν

145 2116 277 2188 οἶμαι
332 2120 566 2176 ζήτησιν
604 2117 681 2167 ἔτι
718 2117 970 2189 παρέχειν
1017 2120 1119 2175 τοῖς
1157 2111 1386 2188 ἀκριϐῶς
1432 2115 1743 2165 ἑπισκοποῦ-

149 2223 219 2256 σιν
262 2207 414 2266 ὅπως
467 2212 570 2256 τῶν
619 2202 1003 2277 ἁμαρτημάτων
1050 2204 1076 2256 6
1123 2205 1260 2255 κατά
1309 2209 1401 2254 τοῦ
1447 2203 1744 2272 Πνεύματος

147 2293 474 2367 βλασφημῶν
521 2293 626 2365 οὐχ
670 2294 880 2366 εὑρήσει
935 2298 1028 2351 τὴν
1079 2293 1284 2365 ἄφεσιν.
1341 2291 1400 2345 Εἰ
1443 2287 1502 2344 δὲ
1548 2295 1639 2342 καὶ
1688 2293 1744 2342 τὸ

145 2383 356 2456 λουτρὸν
411 2391 505 2443 τῆς
553 2380 949 2453 παλιγγενεσίας
1005 2378 1100 2434 διὰ
1153 2389 1246 2434 τοῦ
1295 2383 1586 2452 Πνεύματος
1647 2381 1746 2453 ἱερ-

145 2478 440 2546 ουργείται,
503 2475 595 2523 καὶ
652 2474 710 2522 τὸ
769 2467 934 2544 δῶρον
1008 2469 1195 2523 ἐκεῖθεν
1265 2468 1434 2544 βρύει,
1497 2473 1585 2521 καὶ
1651 2476 1747 2530 τῆς

147 2560 330 2614 ἐκεῖθεν
380 2560 616 2632 πηγάζει
646 2562 894 2633 χάριτος,
926 2561 977 2611 οἱ
1021 2555 1081 2612 δι
1110 2566 1264 2611 τοῦτο
1311 2555 1630 2632 διασύρουσι
1658 2561 1746 2608 καὶ

147 2649 564 2723 βλασφημοῦσιν
593 2651 657 2711 ὡς
685 2646 837 2703 ούδὶν
860 2655 1156 2725 παρασχεῖν
1183 2647 1356 2721 ὄφελος
1394 2644 1518 2701 οὐδὲ
1561 2643 1745 2722 κέρδος

147 2736 430 2813 δυνάμενον
474 2755 488 2768 ·
544 2743 598 2791 τί
643 2741 744 2812 γὰρ
803 2735 946 2812 ὓδωρ
994 2742 1084 2791 καὶ
1139 2737 1305 2791 ἔλαιον
1357 2735 1610 2808 έπιψαῦον
1654 2743 1745 2788 τοῦ

147 2834 367 2903 σαρκίον
413 2837 516 2880 τῶν
569 2824 661 2880 διά
724 2825 924 2900 βάθους
975 2826 1278 2880 έντακέντων
1340 2834 1434 2889 τῆς
1494 2825 1748 2899 ἁμαρτίας

150 2921 456 2992 στιγμάτων
507 2922 598 2970 καὶ
651 2925 750 2969 τῶν
798 2916 1044 2988 ψυχικῶν
1073 2919 1398 2990 παθημάτων
1447 2914 1747 2987 ἀπαλλαγὴν

149 3007 486 3080 ἐργάσασθαι
513 3004 768 3060 δύνανται
799 3023 814 3073 ;
841 3006 899 3059 Ὀ
942 3002 1030 3058 οὖν
1061 3009 1257 3066 ταύτην
1288 3011 1382 3066 τὴν
1409 3005 1749 3079 βλασφημίαν

1844 505 2033 562 ullum
2085 505 2293 562 haeresi
2346 505 2493 562 dant
2540 508 2906 576 praetextum.
2959 501 3236 557 Dicentur
3289 499 3492 552 autem

1844 611 2002 651 nunc
2031 611 2166 668 qum
2210 601 2268 650 et
2296 603 2504 650 contra
2544 593 2702 667 prius
2743 592 2970 649 crimen
3002 605 3123 647 non
3171 586 3370 643 minus
3397 599 3492 640 ro-

1844 683 2006 740 boris
2033 688 2368 756 opponunt,
2401 689 2456 739 et
2493 699 2629 756 quas
2679 681 3013 738 secundum
3057 675 3250 747 magis
3297 672 3493 730 adhuc

1847 775 2096 844 fugiunt.
2127 777 2253 831 Non
2285 774 2595 830 remittitur
2643 789 2821 848 porro
2860 775 3174 845 peccatum
3205 767 3273 821 iis
3303 761 3407 837 qui
3432 761 3494 818 in

1845 862 2132 936 Spiritum
2159 868 2432 919 sanctum
2452 863 2901 936 blasphemant,
2919 859 3062 933 quia
3085 856 3198 913 sibi
3220 869 3341 910 non
3361 849 3497 908 reli-

1845 957 2104 1024 querunt
2153 953 2314 1008 unde
2369 952 2715 1008 remissione
2763 950 2926 1021 digni
2975 946 3339 1020 judicentur.
3397 943 3497 997 Be-

1849 1042 2054 1098 missio
2085 1041 2243 1097 enim
2290 1045 2674 1114 peccatorum
2706 1055 2811 1112 per
2848 1037 3130 1111 Spiritum
3178 1034 3356 1089 datur
3388 1048 3402 1085 :
3435 1033 3498 1085 ut

1847 1131 1908 1186 in
1937 1131 2201 1203 quodam
2249 1131 2383 1186 loco
2414 1129 2684 1186 Salvator
2730 1127 3076 1185 testiﬁcatus
3108 1128 3194 1179 est
3241 1121 3490 1178 dicens:

1852 1241 1876 1271 a
1920 1221 2174 1292 Accipite
2207 1220 2485 1293 Spiritum
2518 1224 2814 1284 sanctum,
2847 1231 3105 1288 quorum
3154 1209 3496 1268 remiseritis

1849 1316 2110 1382 peccata,
2142 1309 2515 1366 remittentur
2545 1325 2558 1364 :
2592 1323 2852 1382 quorum
2884 1309 3082 1362 autem
3113 1299 3493 1361 retinueritis,

1849 1405 2072 1456 retenta
2103 1403 2238 1454 sunt
2265 1400 2335 1450 ⁷³.
2372 1418 2394 1445 ι
2448 1397 2881 1454 Remissionem
2911 1398 3014 1451 aut
3045 1387 3497 1447 damnationem

1851 1488 2160 1545 manifeste
2215 1503 2283 1544 ex
2335 1488 2540 1544 virtute
2585 1493 2640 1542 et
2687 1483 2953 1558 potentia
3004 1481 3253 1554 Spiritus
3309 1473 3497 1534 sancti

1849 1593 1980 1634 esse
2005 1578 2178 1633 docet
2206 1597 2219 1646 ;
2237 1593 2340 1648 per
2355 1577 2635 1648 Spiritum
2659 1575 2832 1644 igitur
2849 1573 2914 1629 tit
2929 1574 3308 1644 peccatorum
3338 1563 3500 1638 puri-

1850 1666 2046 1723 ﬁcatio
2077 1670 2133 1722 et
2152 1666 2466 1723 absolutio.
2498 1666 2605 1732 Qui
2628 1668 2826 1720 autem
2852 1662 3016 1718 illum
3044 1657 3423 1730 blasphemat
3444 1656 3500 1708 et

505 1757 533 1807 6
601 1752 660 1809 δε
707 1754 1033 1830 βλασφημῶν
1081 1754 1239 1808 έκεῖνο
1297 1759 1386 1808 καὶ
1434 1763 1524 1814 τῆς
1581 1754 1741 1805 αὑτοῦ

1947 1757 2088 1812 illius
2111 1755 2354 1812 salutari
2384 1755 2588 1826 gratim
2643 1753 2954 1819 subtrahit,
3013 1748 3256 1822 quando
3294 1744 3371 1801 ab
3399 1741 3498 1798 illo

1854 1847 2260 1913 mundaretur,
2290 1845 2376 1901 vel
2403 1845 2604 1900 debita
2639 1843 2750 1898 sibi
2782 1857 2956 1915 poena
2985 1845 3041 1896 et
3069 1831 3500 1894 offensionibus

1852 1935 2274 1992 absolveretur.
2312 1937 2375 1990 Et
2399 1935 2501 2005 qui
2532 1933 2594 1989 id
2623 1935 2896 1989 accurate
2936 1927 3337 1989 considerant,
3376 1936 3500 1976 non

1848 2024 1976 2096 jam
2027 2024 2199 2087 ultra,
2259 2023 2492 2096 opinor,
2551 2020 2850 2092 inquirere
2907 2017 3148 2080 debent,
3203 2009 3500 2084 quomodo

1853 2119 2234 2185 peccatorum
2299 2111 2706 2167 remissionem
2771 2109 2873 2180 qui
2942 2109 3152 2162 contra
3217 2099 3499 2173 Spiritum

1852 2202 2252 2273 blasphemat,
2311 2216 2432 2258 non
2483 2200 2832 2255 inventurus
2879 2197 2973 2252 sit.
3014 2193 3072 2249 Si
3102 2195 3290 2248 autem
3343 2187 3499 2242 lava-

1855 2272 2025 2347 crum
2054 2289 2515 2360 regenerationis
2547 2304 2650 2361 per
2704 2285 2984 2360 Spiritum
3024 2283 3295 2337 sanctum
3325 2272 3502 2331 efﬁci-

1853 2387 1967 2449 tur,
1999 2385 2053 2436 et
2082 2379 2310 2435 donum
2341 2377 2479 2434 inde
2523 2376 2740 2450 prodit,
2777 2380 2830 2430 et
2857 2390 2927 2430 ex
2959 2371 3074 2427 hoc
3105 2367 3313 2440 gratias
3339 2364 3500 2421 fonte

1855 2470 2119 2537 scaturit,
2150 2468 2246 2525 isti
2279 2484 2418 2524 vero
2461 2466 2607 2522 illud
2655 2463 2942 2520 irrideant
2971 2466 3024 2516 et
3055 2456 3499 2530 blasphement,

1855 2564 2140 2634 tanquam
2199 2557 2426 2614 nullum
2483 2555 2670 2627 possit
2719 2550 3109 2609 commodum
3158 2549 3217 2601 et
3272 2544 3500 2600 lucrum

1855 2654 2135 2723 praestare
2169 2667 2185 2715 ;
2228 2645 2536 2720 quomodo
2566 2643 2726 2700 enim
2758 2657 2920 2714 aqua
2949 2643 3005 2695 et
3033 2637 3230 2694 oleum
3263 2646 3504 2689 carnem

1852 2738 2159 2808 tangentia
2187 2737 2301 2793 alte
2329 2737 2760 2807 impressarum
2786 2728 3014 2804 peccati
3052 2723 3426 2782 macularum
3453 2723 3509 2774 et

1857 2827 2252 2901 spiritualium
2295 2824 2686 2897 cupiditatum
2725 2824 2781 2876 et
2819 2817 3175 2875 solutionem
3212 2810 3509 2901 produce-

1856 2894 2022 2973 rent!
2057 2916 2165 2983 Qui
2214 2894 2391 2986 igitur
2435 2912 2594 2968 illam
2628 2905 3068 2981 blasphemiam
3093 2907 3301 2958 contra
3333 2894 3508 2986 spiri-

1859 3006 2079 3063 tualem
2110 2983 2618 3074 regenerationem
2646 3004 2703 3056 et
2731 2998 2959 3053 donum
2992 2992 3155 3050 haud
3183 2983 3507 3074 pulcherri-

149 3102 276 3151 κατὰ
332 3106 693 3171 πνευματικῆς
750 3095 1153 3170 ἀναγεννήσεως,
1208 3102 1298 3150 xui
1371 3103 1462 3148 τοῦ
1525 3092 1749 3168 μηδενὸς

1947 3114 1966 3151 s
1991 3073 2277 3166 impariin
2308 3088 2618 3148 emittendi
2649 3083 3015 3142 dementiam
3055 3077 3339 3150 impulsus
3379 3073 3506 3171 eritf

150 3197 241 3240 τῶν
316 3187 617 3240 καλλίστων
686 3183 867 3261 δώρων
927 3183 1276 3260 ἑνδεεστέρου,
1336 3180 1750 3245 κατασκεδάζειν

151 3276 391 3349 ἐπαρθεὶς
468 3275 539 3338 εἰς
599 3274 868 3340 ἀπόνοιαν,
925 3280 1015 3328 καὶ
1069 3271 1164 3328 διὰ
1221 3281 1372 3327 τοῦτο
1430 3273 1752 3327 τελειοῦσθαι

150 3373 216 3434 τῷ
271 3372 619 3436 πνευματικῷ
693 3368 994 3437 χαρίσματι
1056 3368 1128 3436 μὴ
1195 3362 1506 3436 ἀνεχόμενος
1539 3404 1552 3429 ,
1626 3360 1754 3414 ἀλλά

152 3451 428 3531 διασύρων
459 3454 583 3506 αὐτὸ
625 3458 716 3506 καὶ
768 3453 961 3525 χλεύην
992 3455 1314 3524 ποιούμενος,
1356 3451 1503 3513 οὗτος
1537 3448 1629 3516 δὴ,
1672 3448 1753 3504 οὖ-

153 3563 230 3604 τος
263 3550 358 3596 καὶ
402 3541 481 3596 δι’
519 3545 654 3595 ὅσων
695 3541 861 3594 ἄλλων
905 3543 1046 3616 ἕρπει
1083 3545 1142 3594 τὸ
1173 3539 1503 3614 βλάσφημον,
1534 3545 1650 3595 οὔτε
1706 3541 1753 3594 έν

147 3641 216 3704 τῷ
265 3641 357 3686 νῦν
407 3631 561 3684 αἰῶνι
610 3633 727 3684 οὔτε
763 3629 810 3682 έν
855 3638 925 3701 τῷ
951 3629 1207 3702 μέλλοντι,
1238 3635 1333 3690 τὴν
1381 3638 1476 3694 τῆς
1510 3630 1750 3704 βλασφη-

151 3729 270 3793 μίας
320 3723 534 3795 εὑρήσει
565 3721 747 3792 ἄφεσιν
783 3735 796 3749 ·
828 3724 918 3771 καὶ
971 3722 1074 3794 γὰρ
1129 3723 1220 3772 καὶ
1275 3721 1300 3772 6
1357 3725 1529 3793 Σωτὴρ
1582 3716 1756 3774 διαϐε-

154 3810 463 3883 ϐαιούμενος
490 3809 653 3881 ἔλεγεν
683 3827 694 3838 ⁸
730 3831 757 3858 ‹‹
792 3808 976 3881 ’Δμὴη
1005 3807 1143 3881 ἀμὴν
1177 3807 1308 3880 λέγω
1337 3811 1459 3882 ύμῖν
1492 3826 1504 3838 ·
1549 3809 1633 3862 ἐὰν
1681 3815 1753 3882 μή

152 3920 227 3962 τις
277 3899 601 3972 ἀναγεννηθῇ
646 3894 718 3950 δι’
774 3894 971 3960 ὕδατος
1021 3902 1112 3950 καὶ
1168 3899 1477 3971 Πνεύματος,
1511 3898 1605 3950 οὐκ
1652 3899 1758 3952 εἰσ-

156 3989 422 4042 ιλιύσεταε
471 3987 544 4048 εἰς
584 3991 678 4045 τὴν
711 3984 985 4059 βασιλείαν
1015 3994 1116 4038 τῶν
1145 3986 1390 4061 οὐρανῶν.
1428 4009 1446 4037 ι
1483 3987 1543 4041 Εἰ
1573 3984 1631 4040 δε
1670 3993 1759 4040 καὶ

157 4086 370 4151 Πνεῦμα
419 4076 480 4130 ού
529 4080 682 4149 μόνον
738 4072 1021 4150 ἰδιαίτερον
1096 4079 1153 4128 τὸ
1228 4079 1478 4147 πανάογιον
1551 4084 1760 4149 Πνεῦμα

156 4167 381 4239 λὲιεται,
417 4164 548 4218 ἀλλά
576 4169 666 4218 καὶ
692 4169 980 4239 κοινότερον
1005 4166 1036 4222 ἠ
1071 4164 1199 4236 ἁγία
1235 4167 1391 4238 Τριάς
1443 4167 1496 4235 (ιι
1552 4172 1761 4238 Πνεῦμα

153 4261 260 4329 γὰρ
296 4258 321 4308 6
353 4258 506 4321 Θεὸς,
540 4259 632 4307 καὶ
687 4257 806 4315 τοὺς
853 4261 1274 4328 προσκυνοῦντας
1305 4254 1461 4306 αύτόν
1509 4257 1556 4307 ἓν
1612 4257 1761 4308 πνεύ·

159 4350 408 4398 ιιατικαὶ
448 4343 666 4417 ἀληθείᾳ
723 4340 809 4397 δεῖ
849 4350 1159 4416 προσκυνεῖν
1202 4344 1275 4412 ν),
1323 4339 1566 4401 δηλονότι
1610 4346 1636 4396 6
1690 4344 1761 4406 εἰς

1860 3190 1915 3240 et
1941 3160 2396 3255 ideo-spirituali
2417 3179 2605 3250 gratia
2633 3174 2838 3249 perfici
2864 3187 2984 3228 non
3007 3165 3372 3228 sustinuerit,
3405 3160 3509 3255 sed

1861 3275 2004 3332 illud
2038 3250 2280 3329 irriserit
2307 3275 2363 3326 et
2399 3267 2721 3325 ludibrium
2776 3261 2994 3327 fecerit,
3032 3257 3128 3314 ille
3167 3271 3312 3312 sane
3342 3257 3400 3308 et
3428 3250 3510 3306 illi

1861 3379 2072 3422 omnes
2098 3378 2204 3435 per
2227 3375 2379 3434 quos
2407 3358 2588 3431 serpit
2615 3350 3013 3428 blasphemia,
3048 3361 3242 3420 neque
3263 3345 3322 3399 in
3347 3357 3512 3435 pree-

1863 3452 2010 3510 senti
2043 3429 2280 3515 smculo,
2314 3429 2521 3520 neque
2557 3446 2614 3501 in
2647 3444 2866 3508 futuro,
2901 3437 3165 3496 inveniet
3212 3429 3512 3489 remissio-

1863 3559 2013 3599 nem.
2031 3539 2246 3597 Etenim
2261 3537 2528 3595 Salvator
2540 3534 2599 3589 id
2612 3531 2966 3589 conﬁrmans
2981 3525 3217 3583 dicebat
3236 3537 3248 3577 :
3265 3542 3293 3572 «
3313 3525 3511 3581 Amen,

1865 3647 2041 3690 amen
2067 3629 2202 3686 dico
2225 3626 2392 3684 vobis
2425 3642 2438 3681 :
2473 3623 2584 3681 nisi
2611 3622 2746 3696 quis
2774 3623 3019 3676 renatus
3053 3615 3226 3670 fuerit
3252 3627 3325 3668 ex
3356 3623 3514 3681 aqua

1867 3725 1924 3777 et
1963 3719 2180 3792 Spiritu
2229 3719 2459 3781 sancto,
2491 3729 2613 3769 non
2657 3708 2900 3768 intrabit
2947 3708 3009 3763 in
3056 3717 3310 3792 regnum
3340 3697 3515 3755 cmlo-

1866 3789 2102 3868 rum—7’.
2135 3828 2162 3860 »
2202 3810 2267 3862 Et
2284 3806 2331 3861 si
2355 3810 2552 3861 autem
2583 3801 2888 3876 propriore
2921 3795 3104 3852 modo
3137 3789 3389 3864 Spiritus
3420 3801 3516 3841 vo-

1866 3905 2055 3966 catur,
2111 3895 2522 3954 sanctissimus
2565 3891 2832 3964 Spiritus.
2887 3885 2995 3942 sed
3034 3883 3210 3940 etiam
3241 3891 3515 3966 commuf

1865 3991 2016 4050 niori
2041 3963 2254 4044 sancta
2289 3985 2536 4040 Trinitas
2569 4001 2582 4051 ;
2612 3963 2644 4031 a
2673 3978 2928 4053 Spiritus
2971 3973 3128 4030 enim
3163 3970 3319 4025 Deus
3369 3969 3425 4021 et
3471 3963 3518 4018 si

1867 4082 2097 4152 oportet
2123 4093 2224 4133 eos
2249 4074 2355 4147 qui
2411 4072 2574 4128 illum
2629 4069 2904 4136 adorant,
2937 4065 2997 4120 in
3033 4059 3332 4152 spir_itu_et
3372 4053 3520 4152 veri-

1872 4143 1986 4226 tate
2024 4167 2191 4223 illum
2219 4143 2467 4221 adorare
2496 4162 2568 4226 τι,
2609 4179 2638 4211 »
2673 4154 2985 4214 manifeste
3011 4149 3112 4223 qui
3141 4147 3202 4203 in
3237 4143 3518 4217 Spiritum

1870 4257 2269 4328 blasphemat,
2303 4253 2363 4308 id
2401 4257 2488 4306 est
2515 4249 2617 4321 qui
2657 4250 2866 4302 contra
2903 4256 3088 4297 unam
3131 4238 3361 4293 tantum
3392 4227 3521 4331 .exi-

1871 4347 2129 4403 miarum
2163 4349 2214 4400 et
2246 4335 2846 4398 consubstantialium
2877 4339 3293 4405 personarum,
3324 4333 3522 4392 reipsa

160 4440 372 4508 Πνεῦμα
427 4409 775 4506 βλασφημῶν,
834 4409 1102 4486 τουτέστιν
1163 4434 1189 4484 6
1235 4409 1381 4484 ’κατά
1446 4439 1570 4506 μιᾶς
1629 4453 1749 4486 τινος

1952 4435 2416 4505 omnipotentem
2448 4432 2505 4484 et
2533 4417 3104 4482 consubstantialem
3127 4409 3517 4509 divinitatem,

159 4531 263 4574 τῶν
310 4525 584 4598 ὑπερφυῶν
640 4527 730 4575 καὶ
798 4524 1091 4595 ὀμοουσίων
1147 4523 1485 4574 ύποστάσεων
1515 4531 1610 4584 τῆς
1637 4544 1762 4577 παν-

158 4619 542 4687 τοκρατορικῆς
610 4617 700 4664 καὶ
766 4612 1081 4685 ὑπερουσίου
1138 4612 1381 4673 θεότητος
1449 4609 1762 4687 βλάσφημον

161 4701 410 4772 γλῶσσαν
446 4701 634 4775 ἀφιεὶς,
685 4700 779 4752 κᾶν
823 4697 954 4773 δοκῇ
987 4708 1082 4762 τῆς
1127 4704 1246 4773 περὶ
1302 4701 1396 4763 τὰς
1447 4699 1629 4775 ἀρετὰς
1674 4709 1764 4757 καὶ

164 4796 258 4843 τὸν
312 4791 425 4866 βίον
501 4789 697 4865 ῦϐρεως
768 4793 857 4842 καὶ
909 4787 1219 4863 δυσφημίας
1272 4787 1546 4853 ἀνεύθυνος
1613 4788 1760 4860 εἶναι,

167 4879 281 4931 ἀλλ’
317 4878 404 4934 οὖν
481 4889 556 4952 τῷ
623 4879 793 4951 πολλῷ
863 4880 1064 4951 μείζονι
1124 4881 1464 4952 συνεχόμενος
1551 4899 1606 4932 τε
1675 4885 1765 4933 καὶ

168 4968 472 5042 ὶταζὸμενος
512 4969 874 5044 ἁμαρτήματι,
906 4965 1154 5041 οὐδαμῶς
1178 4969 1389 5044 εύρήσει
1423 4972 1516 5026 τὴν
1560 4968 1761 5041 ἄφεσιν,

168 5062 294 5112 οὔτε
319 5060 363 5112 iv
383 5068 456 5130 τῷ
495 5067 584 5112 νῦν
604 5059 774 5122 αἰῶνι,
805 5059 924 5111 οὗτε
948 5056 996 5110 έν
1025 5065 1099 5127 τῷ
1127 5057 1380 5129 μέλλοντι.

247 5155 371 5220 Ὀρα
421 5147 481 5202 δε
533 5149 842 5202 κάντεῦθεν·
869 5149 984 5208 Υἱὸς
1037 5145 1310 5222 ἀνθρώπου
1345 5146 1550 5220 λέγεται
1601 5149 1627 5200 6
1667 5155 1768 5200 Σω-

169 5242 300 5309 τήρ,
341 5237 541 5311 ἐπείπερ
631 5235 839 5298 ἀληθῶς
907 5234 1263 5309 έχρημάτισεν
1338 5237 1604 5310 ἄνθρωπος
1679 5242 1768 5290 καὶ

175 5325 510 5399 ἀνθρωπίνοις
568 5327 692 5380 ἑκὼν
749 5325 1017 5397 ύποκύψαι
1064 5329 1264 5398 λέγεται
1291 5326 1512 5378 πάθεσιν
1541 5345 1554 5359 ο
1597 5323 1645 5378 έν
1692 5327 1767 5388 οἷς

178 5415 212 5472 ἑ
281 5413 560 5491 ἀνθρωπίνη
630 5418 788 5489 φύσις
839 5416 1091 5489 ὁρωμένη,
1148 5418 1208 5467 τὸ
1285 5410 1603 5474 ἀδιάϐλητον
1679 5419 1768 5468 καὶ

1872 4496 2294 4596 blasphemam
2320 4519 2589 4588 linguam
2619 4511 2850 4578 emittit,
2879 4505 3159 4596 quamvis
3195 4496 3522 4596 insolentia;

1874 4620 1932 4672 et
1968 4588 2198 4685 injurias
2237 4613 2441 4666 contra
2467 4606 2708 4661 virtutes
2745 4607 2801 4657 et
2839 4598 3025 4654 vitam
3067 4588 3356 4650 immunis
3395 4598 3523 4685 esse

1873 4681 2164 4766 videatur,
2195 4698 2305 4755 sed
2332 4702 2532 4754 tamen
2570 4691 2752 4748 multo
2784 4688 3012 4761 majore
3042 4683 3295 4739 irretitus
3323 4681 3381 4734 et
3417 4681 3525 4766 im-

1875 4793 2125 4866 plicatus
2155 4791 2422 4863 peccato,
2441 4783 2605 4840 nullo
2631 4781 2813 4838 modo
2829 4774 3244 4836 remissionem
3271 4765 3527 4825 inveniet

1874 4862 2068 4956 neque
2096 4862 2469 4952 inipraasenti
2499 4873 2739 4938 saeculo,
2778 4882 2974 4940 neque
3011 4866 3066 4921 in
3108 4862 3326 4919 futuro.

1947 5144 2270 5202 Considera
2281 5137 2488 5197 etinde
2509 5153 2521 5193 :
2547 5134 2724 5192 Filius
2740 5129 2990 5190 hominis
3009 5128 3281 5187 Salvator
3292 5123 3525 5185 dicitur,

1877 5234 2163 5309 quoniam
2179 5245 2316 5287 vere
2337 5228 2442 5284 fuit
2456 5227 2642 5283 homo
2663 5229 2720 5280 et
2739 5218 3022 5278 humanis
3046 5213 3375 5309 voluntarie
3393 5209 3531 5309 s-ub-

1873 5300 2068 5396 jactus
2106 5335 2236 5377 esse
2280 5313 2720 5374 inﬁrmitatibus
2766 5311 3002 5374 dicitur,
3051 5307 3111 5362 in
3151 5303 3370 5396 quibus
3417 5300 3532 5396 bu-

1881 5388 2065 5470 inana
2116 5414 2331 5467 natura
2381 5407 2510 5463 visa
2559 5403 2724 5478 quod
2765 5394 3278 5475 irreprehensibile
3316 5394 3372 5448 et
3423 5388 3530 5444 im-

262 5576 465 5638 "Joan.
494 5595 594 5648 xx,
635 5580 724 5646 22,
765 5581 857 5646 23,
932 5577 982 5614 ⁷⁸
1017 5577 1189 5636 Joan.
1223 5590 1305 5648 ιιι,
1331 5576 1385 5632 3.
1461 5577 1510 5614 τι
1547 5577 1720 5634 Joan.
1760 5590 1839 5645 ιν,
1877 5575 1985 5660 2t,
