4140 6198
481 288 583 368 391

1693 290 1931 362 βηῡτιι
1968 278 2448 362 mmmam
2486 284 2593 361 cii.

3727 290 3829 368 3Ἴέ

483 430 787 507 peccabile
814 439 900 488 est
925 430 1129 489 sortita
1159 434 1265 489 est.
1291 431 1438 489 Dicit
1468 432 1627 488 enim
1658 431 2137 505 praecedentibus

2267 430 2614 503 ἔνεπιτίμητον
2664 429 2995 502 ἐκληρώσατο
3034 448 3046 461 ⁸
3084 429 3220 503 λέγει
3263 437 3435 485 τοίνυν
3478 424 3574 487 διὰ
3596 442 3692 487 τῶν
3722 432 3838 507 προ-

483 522 682 580 verbis
722 523 994 579 Salvator
1045 526 1181 577 eum
1213 521 1317 596 qui
1362 523 1565 596 ipSum
1615 537 1684 577 ex
1720 521 2136 593 irreprehensi-

483 608 704 670 bilibus
734 610 1132 668 infirmatibus
1172 612 1557 684 blasphemat
1586 613 1642 667 et
1670 612 1872 667 irridet
1902 628 1914 673 ;
1948 627 2004 666 v.
2048 626 2135 681 gr.

485 701 644 774 quod
684 701 907 767 esuriit,
942 700 1141 766 sitivit,
1179 702 1525 774 passionem
1577 700 2008 765 reformidavit,
2042 716 2138 755 su-

484 791 659 847 dores
697 790 864 846 illum
906 789 1331 857 irroraverunt,
1383 790 1558 846 valde
1600 790 1827 845 tristem
1870 806 1930 845 se
1970 788 2136 853 dixit,

484 880 694 937 mortis
723 879 937 935 timore
980 879 1269 934 exhibens
1324 878 1682 946 molestiam,
1731 878 1896 951 quod
1926 879 2137 939 oravit,

486 970 650 1044 quod
683 964 1083 1042 deprecatuus
1132 974 1220 1024 est
1257 969 1524 1035 calicem,
1564 968 1657 1024 his
1688 968 1969 1024 humanis
2007 984 2141 1040 pro-

487 1058 834 1132 prietatibus
865 1058 966 1130 qui
993 1057 1461 1113 scandalizatum
1494 1057 1670 1112 fuerit
1704 1062 1760 1113 et
1786 1072 1905 1111 una
1935 1057 2004 1111 iis
2043 1071 2143 1127 per

489 1163 626 1222 qum
650 1148 917 1205 Salvator
934 1163 998 1203 se
1027 1162 1162 1203 vere
1183 1147 1397 1203 Filium
1422 1145 1683 1202 hominis
1707 1160 1838 1201 esse
1861 1145 2143 1215 cognosci

488 1236 760 1309 praebuit,
794 1236 842 1291 is
886 1235 1055 1291 facile
1095 1235 1447 1291 scandalum
1504 1239 1699 1308 potest
1748 1233 2054 1306 projicere,
2089 1238 2145 1288 et

486 1325 929 1397 blasphemiam
961 1323 1182 1395 fugere,
1213 1327 1269 1379 et
1300 1324 1523 1395 peccati
1557 1322 1959 1380 remissionem
1995 1322 2143 1378 acci-

489 1418 645 1488 pere,
670 1429 968 1470 caecorum
990 1413 1201 1470 videns
1222 1413 1426 1469 oculos
1445 1410 1624 1469 verbo
1643 1417 1961 1476 recreatos,
1988 1412 2145 1467 clau—

490 1505 600 1560 dos
640 1519 817 1559 cursu
864 1501 1132 1559 dolorem
1184 1504 1628 1573 redarguentes,
1675 1501 2143 1573 quatriduanum

490 1597 795 1650 mortuum
826 1593 1032 1649 mortis
1058 1593 1386 1665 potentiam
1425 1591 1730 1657 ridentem,
1776 1596 1835 1646 et
1866 1606 2146 1663 quaecun-

490 1699 606 1756 que
639 1680 757 1738 alia
787 1682 987 1739 divina
1038 1684 1244 1737 virtute
1283 1681 1545 1737 efficiens
1594 1685 1869 1735 ostensus
1907 1683 1995 1735 est
2024 1678 2146 1735 Sal-

2246 523 2487 590 κειμένων
2513 518 2760 593 ῥημάτων
2807 521 2831 571 6
2874 522 3072 594 Σωτὴρ,
3108 521 3189 573 ὃτι
3238 520 3339 574 ἀπὸ
3370 531 3468 574 τῶν
3516 520 3837 595 ἀνθρωπίνων

2247 606 2478 681 πράξεων
2530 615 2623 660 τοῦ
2672 611 2796 661 Υίοῡ
2840 617 2932 661 τοῦ
2974 609 3271 684 ἀνθρώπου,
3304 617 3574 665 τουτέστιν
3616 612 3715 664 ἀπὸ
3744 624 3837 665 τῶν

2250 695 2576 756 ἀδιαϐ).ἡτων
2625 699 2800 749 παθῶν
2842 696 3170 771 βλασφημῶν
3217 700 3371 752 αὐτὸν
3416 706 3506 753 καὶ
3562 698 3837 775 διασύρων,

2250 786 2355 837 οἷον
2394 787 2474 838 ὅτι
2506 784 2786 848 ἐπείνασεν,
2831 784 3104 857 έδίψησεν,
3145 790 3224 841 ὃτι
3254 792 3311 841 τὸ
3344 789 3509 852 πάθος
3540 791 3838 862 ἠγωνίασεν,

2253 877 2331 927 ὅτι
2375 871 2586 947 ἱδρῶτες
2632 875 2785 927 αὐτὸν
2828 878 3186 947 περιέσταζον,
3235 879 3315 931 ὅτι
3361 878 3642 952 περίλυπον
3672 880 3841 933 ἑαυτὸν

2249 963 2387 1034 ἔλεγε
2427 972 2497 1034 τῷ
2540 971 2630 1016 τοῦ
2665 964 2885 1017 Θανάτου
2933 963 3072 1037 φόϐῳ
3112 962 3512 1040 διοχλούμενος,
3570 969 3650 1020 ὅτι
3696 989 3843 1041 προσ-

2252 1054 2469 1123 ηύχετο,
2517 1053 2595 1104 ὅτι
2634 1057 2915 1126 παρῃτεῖτο
2948 1058 3003 1107 τὸ
3048 1060 3293 1130 ποτήριον
3324 1076 3335 1087 ·
3371 1054 3427 1108 ἐκ
3474 1060 3672 1109 τούτων
3702 1052 3785 1110 οὖν
3821 1060 3844 1110 6

2254 1138 2727 1214 σκανδαλιζόμενος
2771 1150 2869 1195 τῶν
2921 1142 3274 1218 ἀνθρωπίνων,
3327 1151 3415 1198 καὶ
3463 1142 3539 1198 δι’
3572 1145 3640 1197 ὥν
3684 1148 3708 1198 6
3750 1154 3845 1199 Σω-

2254 1235 2349 1303 τὴρ
2405 1232 2522 1291 Υἱὸς
2600 1230 2801 1293 ἀληθῶς
2865 1230 3138 1305 ἀνθρώπου
3215 1242 3465 1308 παρεῖχεν
3525 1233 3845 1306 ἐπιγινώσκε-

2256 1319 2398 1383 σθαι,
2434 1320 2581 1381 οὗτος
2617 1321 2740 1394 ῥᾷον
2784 1317 3005 1372 δύναται
3036 1319 3192 1395 ῥίψαι
3222 1325 3280 1374 τὸ
3316 1319 3612 1375 σκάνδαλον
3642 1328 3730 1376 καὶ
3759 1330 3845 1382 τὴν

2256 1407 2594 1481 βλασφημίαν
2669 1406 2967 1481 διαφυγεῖν,

2254 1498 2436 1569 ἄφεσιν
2466 1513 2478 1525 ·

3043 1410 3132 1462 καὶ
3201 1420 3299 1472 τῆς
3362 1410 3625 1483 ἁμαρτίας
3688 1412 3847 1465 λαϐεῖν

2542 1497 2762 1567 τυφλοὺς
2827 1500 2956 1571 ὀρῶν
3011 1498 3146 1571 λόγῳ
3216 1497 3733 1575 δημιουργουμένονς
3790 1504 3849 1553 τὰ

2256 1590 2485 1658 ὄμματα,
2511 1586 2714 1657 χωλοὺς
2742 1584 2800 1639 δὲ
2826 1597 2896 1657 τῷ
2928 1584 3109 1661 δρόμῳ
3131 1591 3188 1640 τό
3220 1590 3380 1649 πάθος
3412 1589 3742 1662 ἐλέγχοντας,
3769 1594 3848 1643 τὸν

2256 1675 2305 1727 ἐν
2376 1682 2576 1750 νεκροῖς
2651 1682 2949 1751 τεταρταῖον
3012 1684 3104 1729 τοῦ
3190 1680 3411 1730 θανάτου
3499 1679 3849 1750 καταγελῶντα

491 1777 682 1827 vator.
732 1772 948 1827 Eorum
977 1772 1134 1826 enim
1178 1769 1657 1842 unumquodque
1692 1769 1809 1824 vim
1851 1768 2025 1823 habet
2054 1767 2143 1822 in-

2267 1769 2349 1821 τὴν
2381 1761 2622 1836 δύναμιν,
2674 1770 2763 1815 καὶ
2815 1767 2915 1816 ὅσα
2972 1765 3102 1818 ἄλλα
3151 1768 3405 1841 θεουργῶν
3446 1770 3471 1819 6
3528 1773 3700 1842 Σωτὴρ
3733 1764 3851 1820 ἐδεί-

495 1861 733 1927 victam,
789 1859 1254 1916 scandalizatum
1306 1860 1352 1915 si
1403 1860 1612 1915 saltem
1652 1874 1773 1914 non
1826 1857 2020 1913 malus
2072 1856 2147 1912 sit

493 1950 687 2006 libens
718 1952 774 2004 et
806 1949 1028 2014 volens,
1072 1949 1148 2005 ab
1180 1964 1376 2004 errore
1415 1955 1469 2003 et
1496 1965 1531 2004 a
1573 1948 1924 2020 blasphema
1948 1946 2148 2017 dispo-

496 2039 706 2094 sitione
746 2038 1060 2094 liberandi.
1100 2041 1163 2093 Et
1200 2038 1246 2093 si
1268 2038 1464 2093 omnia
1492 2037 1841 2106 cogitatione
1874 2038 2149 2091 accurate

497 2126 816 2183 meditatus
840 2132 945 2191 est,
979 2126 1288 2200 quomodo
1315 2141 1433 2181 non
1458 2126 1794 2198 promptius
1816 2125 1984 2180 illum
2013 2139 2151 2179 con-

498 2220 724 2273 vertent
752 2215 855 2288 qui
883 2215 1208 2272 humilibus
1238 2221 1294 2271 et
1323 2214 1603 2271 humanis
1624 2215 1683 2269 in
1705 2213 2147 2285 blasphemiam

501 2304 841 2362 subtractus
874 2305 1051 2361 fuerit
1086 2304 1114 2358 ?
1144 2305 1251 2371 Qui
1280 2310 1475 2361 autem
1524 2314 1591 2359 ex
1638 2303 1751 2359 illis
1783 2320 1912 2374 quas
1952 2302 2151 2358 divina

501 2400 557 2452 et
585 2392 805 2451 eximia
822 2399 959 2449 sunt
981 2394 1261 2463 operibus
1282 2393 1662 2465 blasphemia
1692 2392 1844 2448 male
1866 2393 2066 2461 egerit.
2096 2396 2152 2446 et

502 2496 773 2555 queamus
789 2484 1088 2554 quomodo
1113 2499 1213 2555 per
1225 2482 1441 2537 bonum
1456 2488 1807 2554 Operaturus
1821 2481 1893 2536 sit
1908 2480 2149 2544 bonum,

504 2577 558 2628 et
585 2584 747 2627 nunc
769 2571 1010 2643 quidem
1044 2571 1244 2626 dicens
1272 2588 1407 2626 cum
1432 2572 1635 2626 Iesum
1665 2569 1821 2625 videt
1851 2569 2153 2625 daemones

506 2660 835 2732 ejiCientem
864 2682 874 2714 :
905 2659 1323 2715 «Dremonium
1345 2659 1526 2715 habet
1553 2661 1603 2695 ⁷⁵
1633 2678 1645 2725 ;
1683 2681 1709 2707 »
1728 2674 1887 2714 nunc
1914 2663 2108 2714 autem
2139 2675 2149 2711 :

508 2770 536 2803 «
558 2749 620 2805 In
640 2747 909 2822 principe
923 2748 1361 2804 daemoniorum
1376 2748 1529 2819 ejicit
1544 2747 1924 2812 daemonia";
1948 2766 1975 2798 ιι
2000 2762 2157 2801 nunc

508 2843 728 2903 autem,
750 2853 887 2894 cum
905 2837 953 2892 ei
974 2852 1151 2909 quem
1167 2836 1296 2892 visu
1317 2837 1589 2893 nativitas
1614 2836 1929 2892 orbaverat
1948 2835 2155 2891 oculos

507 2925 908 2989 reformasset,
929 2936 1065 2981 eum
1098 2926 1422 2998 opprobrio
1445 2940 1810 2998 persequens
1830 2929 1886 2980 et
1908 2924 2159 2980 miracu-

508 3016 631 3072 lum
673 3015 729 3071 in
760 3015 1007 3085 injurias
1050 3015 1288 3070 trahens
1327 3019 1385 3071 et
1416 3015 1620 3070 dicens
1656 3031 1667 3069 :
1713 3035 1741 3066 «
1783 3017 1906 3070 Non
1945 3017 2035 3070 est
2063 3012 2159 3067 hic

2254 1873 2409 1906 κνυτο
2439 1870 2450 1882 ·
2480 1858 2569 1905 καὶ
2621 1857 2814 1905 τούτων
2846 1858 2935 1926 μεν
2989 1858 3089 1929 γὰρ
3135 1857 3352 1907 ἕκαστον
3384 1858 3601 1929 ἄμαχον
3632 1858 3741 1928 ἔχει
3765 1858 3849 1915 τήν

2260 1943 2437 2014 ἰσχὺν,
2490 1946 2577 1994 τὸν
2627 1939 3119 2015 σκανδαλιζὸμενον,
3175 1942 3234 1995 ἂν
3287 1946 3389 2018 ἄρα
3430 1951 3503 2017 μὴ
3567 1944 3689 1998 ἑκὼν
3737 1946 3847 1996 idat.

2256 2039 2442 2103 ουργῇ,
2494 2030 2787 2094 ἀπαλλάξαι
2817 2041 2911 2094 τῆς
2951 2033 3147 2094 πλάνης
3191 2038 3280 2086 καὶ
3319 2042 3408 2095 τῆς
3444 2026 3852 2108 βλασφημούσης

2259 2117 2543 2182 διαθέσεως
2588 2140 2599 2151 ·
2646 2121 2775 2192 ὁμοῦ
2830 2117 2887 2173 δι
2928 2123 3095 2173 πάντα
3142 2129 3259 2182 ταῖς
3300 2119 3566 2184 διανοίαις
3622 2121 3854 2195 έπιμελῶς

2258 2209 2594 2283 μελετώμενα,
2647 2218 2749 2270 πῶς
2798 2210 2855 2262 οὐ
2904 2212 3084 2263 θᾶττον
3133 2216 3454 2283 μεταστήσει
3521 2216 3653 2287 πρὸς
3700 2213 3851 2266 θεολο-

2258 2303 2377 2371 γίαν
2430 2302 2515 2350 τὸν
2578 2297 2678 2351 ἀπὸ
2739 2306 2835 2350 τῶν
2910 2308 3159 2352 ταπεινῶν
3241 2306 3325 2353 καὶ
3393 2300 3725 2373 ἀνθρωπίνων
3791 2301 3854 2361 είς

2262 2387 2603 2460 βλασφημίαν
2644 2390 3080 2461 ὑποσυρομένον;
3126 2389 3184 2441 Ὀ
3249 2387 3307 2442 δὲ
3369 2388 3469 2442 ἀπὸ
3523 2393 3713 2443 τούτων
3763 2400 3853 2442 τῶν

2264 2479 2553 2549 θεοπρεπῶν
2605 2496 2656 2529 τε
2713 2482 2801 2528 καὶ
2855 2478 3122 2550 ὑπερφυῶν
3176 2481 3334 2552 ἔργων
3396 2479 3468 2541 εἰς
3530 2478 3853 2552 βλασφημίαι

2260 2574 2584 2637 κακουργῶν,
2631 2570 2720 2618 καὶ
2764 2563 3081 2627 σπουδάζων
3121 2569 3255 2628 ὅπως
3309 2565 3402 2620 διὰ
3440 2577 3535 2621 τοῦ
3583 2565 3775 2639 ἀγαθοῦ
3802 2571 3853 2619 τό

2263 2654 2452 2727 φανλον
2486 2652 2899 2730 δημιουργὴσειε
2932 2675 2944 2687 ο
3000 2661 3089 2707 καὶ
3128 2665 3215 2707 νῦν
3260 2661 3349 2729 μὲν
3397 2656 3584 2728 λέγων,
3618 2654 3855 2728 δαίμονας

2264 2745 2392 2815 ὁρῶν
2421 2740 2698 2810 διώκοντα,
2729 2760 2758 2794 ι(
2792 2747 3061 2815 Δαιμόνιον
3091 2746 3223 2816 ἔχει·
3257 2765 3284 2796 ι)
3314 2752 3401 2797 νῦν
3434 2741 3518 2813 δὲ,
3539 2748 3618 2797 ὅτι
3645 2763 3672 2797 ι(
3695 2746 3771 2799 Ἐν
3792 2748 3855 2814 τῷ

2264 2836 2486 2906 ἄρχοντι
2526 2842 2624 2884 τῶν
2677 2828 2961 2905 δαιμονίων
3012 2832 3242 2886 ἐκϐάλλει
3282 2836 3347 2886 τὰ
3390 2831 3642 2907 δαιμόνια
3676 2854 3687 2866 '
3722 2854 3747 2883 ι)
3778 2841 3855 2884 νῦν

2267 2920 2327 2976 δε
2376 2920 2435 2974 οὗ
2489 2924 2582 2983 τὰς
2613 2920 2753 2991 ὄψεις
2803 2922 2833 2979 ἡ
2883 2924 3080 2992 γένεσις
3133 2921 3477 2996 ἀπεστέρησε,
3509 2926 3693 2976 τούτου
3724 2921 3855 2991 πηλῷ

2266 3016 2355 3063 καὶ
2408 3011 2542 3082 λόγῳ
2600 3014 2721 3072 τοὺς
2799 3009 3095 3082 ὀφθαλμοὺς
3164 3013 3702 3085 πλαστουργησαντα,
3750 3030 3856 3084 προο

508 3117 545 3160 a
566 3106 684 3160 Deo
712 3104 782 3156 ⁷⁷.
806 3124 829 3155 υ
853 3104 961 3170 Qui
978 3103 1153 3173 igitur
1177 3103 1391 3159 divinis
1408 3103 1520 3159 illis
1542 3106 1597 3158 et
1622 3103 1849 3158 eximiis
1874 3102 2156 3174 operibus

2267 3100 2567 3160 πηλακίζων
2622 3119 2675 3151 τε
2729 3103 2817 3151 καὶ
2874 3102 2931 3151 τὸ
2992 3100 3166 3172 θαῦμα
3224 3100 3294 3162 εἰς
3349 3100 3503 3173 ὕϐριν
3553 3101 3723 3166 axem,
3778 3103 3857 3150 καὶ

509 3209 631 3249 non
648 3194 858 3249 melior
882 3193 1155 3259 efficitur,
1186 3194 1286 3248 sed
1313 3194 1510 3265 potius
1534 3192 1611 3248 ad
1637 3192 1807 3264 pejus
1829 3192 2085 3247 defertur
2104 3196 2160 3247 et

511 3281 586 3336 ad
608 3281 976 3337 dementiam
1003 3281 1325 3345 excitatur;
1361 3287 1415 3337 et
1444 3294 1513 3336 ex
1539 3282 1755 3353 quibus
1786 3279 2071 3335 admirari
2105 3285 2161 3334 et

512 3367 810 3425 celebrare
835 3370 1271 3425 benefactorem
1292 3372 1619 3442 oportebat,
1653 3369 1817 3425 illum
1852 3369 2077 3441 injuriis
2108 3373 2163 3423 et

512 3456 906 3529 blasphemiis
918 3473 1307 3532 persequens,
1324 3460 1541 3532 quibus
1556 3459 1687 3514 aliis
1700 3462 2159 3523 converteretur,

512 3549 569 3602 et
593 3546 962 3618 palinodiam
1020 3554 1257 3603 caneret
1312 3554 1367 3603 et
1404 3548 1481 3604 ad
1516 3547 1926 3620 pmnitentiam
1960 3546 2165 3603 confu-

515 3638 678 3708 geret
706 3638 883 3709 atque
922 3634 1242 3707 impietatis
1290 3652 1359 3692 ac
1386 3636 1445 3691 in
1482 3640 1663 3692 Deum
1697 3650 1917 3709 pugnae
1955 3636 2162 3692 remis-

518 3723 743 3778 sionem
785 3723 1129 3796 acciperet?
1158 3724 1454 3781 Manifeste
1494 3724 1659 3781 nulla
1691 3725 1806 3781 alia
1830 3740 1911 3780 re.

2271 3194 2449 3261 λέγων,
2485 3190 2554 3247 ὧς
2584 3209 2610 3238 α
2635 3191 2742 3240 Οὐκ
2771 3191 2913 3240 ἔστιν
2936 3189 3084 3249 οὗτος
3115 3193 3259 3261 ποιρά
3287 3188 3375 3242 τοῦ
3402 3198 3561 3244 Θεοῦ·
3601 3192 3628 3241 ι)
3657 3192 3681 3241 6
3704 3192 3857 3240 τοίνυν

2272 3275 2362 3330 διὰ
2412 3282 2511 3329 τῶν
2554 3279 2818 3351 θειοτέρων
2862 3290 2915 3329 τε
2945 3282 3034 3330 καὶ
3064 3280 3332 3354 ὑπερφυῶν
3364 3281 3529 3353 ἔργων
3577 3276 3721 3332 οὐδὶν
3754 3275 3857 3349 βελ-

2272 3370 2555 3439 τιούμενος,
2605 3366 2730 3419 ἀλλά
2762 3366 2950 3438 μᾶλλον
2992 3367 3075 3419 ἐπὶ
3124 3371 3181 3420 τὸ
3213 3376 3393 3440 χεῖρον
3441 3372 3733 3442 φερόμενος,
3779 3369 3859 3417 καὶ

2272 3460 2396 3531 πρὸς
2428 3457 2672 3508 ἀπόνοιαν
2703 3454 3132 3531 ἀνοιστρούμενος
3162 3476 3174 3486 “
3222 3463 3309 3510 καὶ
3340 3454 3412 3509 δι’
3444 3459 3517 3509 ὧν
3548 3455 3651 3510 ἔδει
3678 3455 3858 3527 θαυμά-

2274 3546 2379 3605 ζειν
2425 3549 2515 3596 καὶ
2560 3544 2797 3617 ἀνυμνείν
2836 3549 2923 3597 τὸν
2955 3549 3221 3621 επίεργέτην
3264 3541 3336 3598 δι’
3364 3545 3568 3600 ἐκείνων
3599 3545 3858 3619 ίνυϐρίζων

2272 3653 2329 3686 τε
2383 3639 2471 3686 καὶ
2522 3633 2869 3707 βλασφημῶν,
2933 3632 3025 3686 διὰ
3064 3639 3212 3687 τίνων
3252 3635 3416 3688 ἄλλων
3469 3635 3534 3688 ἃν
3583 3634 3856 3709 ἐπιστραφῇ

2274 3728 2359 3775 καὶ
2402 3720 2720 3795 παλινῳδίαν
2767 3725 2893 3797 ᾄσῃ,
2953 3729 3041 3775 καὶ
3089 3728 3212 3798 πρὸς
3255 3729 3349 3783 τὴν
3398 3729 3671 3797 μετάνοιαν
3716 3736 3839 3775 κατα

517 3812 772 3884 φεύξεται,
802 3818 889 3865 καὶ
910 3823 1006 3876 τῆς
1032 3812 1341 3877 δυσσεϐείας
1370 3834 1425 3868 τε
1448 3820 1535 3867 καὶ
1565 3816 1851 3887 θεομαχίας
1879 3818 1971 3873 τὴν
2002 3817 2184 3887 ἄφεσιν
2212 3813 2456 3884 λήψεται,
2491 3814 2519 3871 ἢ
2564 3810 2808 3870 δηλονότι
2839 3810 2912 3865 δι’
2944 3812 3115 3888 ἐτέρου
3147 3811 3356 3875 οὐδενός
3389 3830 3402 3879 ;

590 3902 700 3968 Qui
749 3902 925 3973 igitur
958 3903 1015 3957 in
1065 3903 1339 3977 Spiritum
1389 3912 1683 3969 sanctum,
1734 3904 1794 3957 id
1836 3908 1926 3959 est
1967 3904 2022 3958 in
2074 3903 2171 3959 Dei

517 3991 688 4063 signa
705 3990 1230 4065 blasphemaverit,
1254 4008 1361 4048 nec
1393 4009 1498 4065 per
1518 4009 1588 4049 ea
1610 3993 1864 4065 priorem
1897 3992 2172 4065 blasphe.

516 4079 699 4136 miam
722 4079 1021 4153 abjecerit,
1058 4081 1200 4137 nihil
1227 4082 1388 4138 aliud
1433 4082 1597 4138 illum
1634 4082 1855 4152 eriget;
1899 4096 2017 4137 non
2045 4096 2171 4136 cor-

517 4172 737 4223 rectum
763 4172 961 4224 autem
980 4168 1135 4225 unde
1151 4170 1428 4226 remissio
1447 4171 1672 4243 peccati
1686 4174 1966 4242 sequetur
1984 4170 2012 4224 ?
2032 4170 2047 4223 l
2056 4170 2169 4224 deo

516 4255 943 4313 rationabiliter
972 4262 1025 4313 et
1058 4261 1119 4311 ut
1167 4261 1346 4314 Deum
1389 4259 1577 4323 decet,
1613 4258 1872 4313 salutare
1912 4257 2165 4313 Verbum

517 4360 653 4401 eum
682 4347 779 4417 qui
802 4345 901 4403 Dei
924 4362 1107 4419 opera
1128 4346 1186 4402 iu
1218 4347 1657 4420 blasphemiam
1679 4353 1903 4402 vertere
1930 4352 2169 4402 conten-

2350 3906 2449 3955 Τὸν
2481 3900 2942 3975 βλασφημήσαντα
2981 3907 3148 3954 τοίνυν
3194 3903 3265 3964 εἰς
3290 3906 3347 3955 τὸ
3379 3910 3593 3977 Πνεῦμα
3620 3906 3675 3955 τὸ
3705 3902 3858 3973 ἅγιον,

2280 3996 2549 4044 τουτέστιν
2609 3992 2680 4054 εἰς
2738 3994 2830 4051 τὰς
2883 3994 3210 4063 θεοσημείας,
3266 3998 3354 4044 καὶ
3393 3989 3537 4065 μηδέ
3586 3990 3657 4045 δι’
3710 3991 3859 4043 αὐτῶν

2279 4086 2374 4139 τήν
2448 4084 2699 4155 προτέραν
2759 4077 3064 4154 δυσφημίαν
3128 4081 3638 4153 ἀποσκευασάμενον,
3697 4084 3858 4132 τοῦτον

2281 4168 2430 4223 οὐδὲν
2488 4172 2655 4245 ἕτερον
2733 4167 3080 4243 διορθώσεται
3137 4188 3149 4199 θ
3215 4174 3285 4243 μὴ
3366 4169 3729 4246 διορθούμενον
3789 4163 3857 4227 δὲ,

2278 4262 2431 4313 πόθεν
2470 4261 2500 4318 ἡ
2554 4261 2736 4331 ἄφεσις
2770 4258 3113 4317 ἀκολουθήσει
3164 4268 3255 4312 τοῦ
3305 4260 3719 4336 ἁμαρτήματος;
3754 4254 3857 4308 διὸ·

2278 4368 2371 4422 περ
2439 4348 2654 4419 εὐλόγως
2723 4368 2776 4400 τε
2843 4352 2930 4400 καὶ
2987 4350 3273 4423 θεοπρεπῶς
3329 4353 3355 4401 6
3426 4355 3673 4422 σωτήριος
3725 4346 3859 4415 λόγος

516 4434 684 4499 derit,
726 4436 889 4490 omni
918 4435 1093 4492 venia
1122 4435 1437 4507 indignum
1468 4436 1609 4491 fons
1640 4437 2004 4491 remissionis
2028 4448 2156 4507 pro-

2281 4441 2366 4489 τὸν
2446 4440 2540 4499 τὰς
2620 4440 2889 4510 θεουργίας
2967 4437 3037 4500 εἰς
3114 4435 3451 4511 ϐλασφημίαν
3529 4432 3858 4511 μεταστρέψαι

517 4523 831 4579 nuntiavit.
860 4524 1098 4580 Nullum
1147 4525 1303 4580 enim
1335 4529 1682 4597 praetextum
1734 4524 1845 4580 sibi
1876 4524 2108 4596 reliquit
2150 4539 2164 4590 ;

516 4625 627 4667 nec
665 4612 1015 4683 injuriarum
1046 4616 1104 4669 et
1142 4614 1644 4686 blasphemiarum
1680 4614 2042 4669 correctione
2073 4629 2171 4668 ne-

518 4712 654 4774 que,
685 4705 914 4757 tantum
946 4702 1133 4771 abest,
1165 4702 1515 4759 remissione
1541 4703 1760 4773 dignus
1786 4701 2168 4773 judicabitur.

520 4791 929 4846 Comeden‘tem
965 4797 1017 4847 et
1048 4792 1343 4847 bibentem
1364 4792 1578 4858 vidisti,
1609 4799 1664 4847 et
1685 4792 1817 4847 ideo
1838 4807 1966 4848 eum
1987 4807 2171 4848 come-

519 4879 738 4936 donem
763 4879 957 4935 etvini
983 4886 1253 4952 potorem
1288 4897 1467 4937 vocas
1494 4897 1509 4947 ;
1532 4887 1873 4953 peccatores
1903 4886 1961 4937 et
1981 4881 2174 4953 publi-

521 4983 705 5024 canos
724 4968 1130 5039 accipientem,
1161 4975 1216 5024 et
1237 4970 1296 5025 id
1328 4976 1382 5025 te
1404 4970 1633 5041 impulit
1667 4976 1726 5025 ut
1750 4970 1801 5026 ei
1824 4970 2174 5043 publicano-

518 5073 648 5113 rum
697 5061 754 5112 et
798 5064 1167 5129 peccatorum
1220 5058 1544 5115 amicitiam
1577 5060 1967 5131 exprobrares
2005 5060 2033 5115 ‘i
2060 5060 2170 5116 Sed

519 5144 628 5201 tibi
658 5145 893 5201 excelsa
920 5145 1337 5219 relinquuntur
1361 5161 1466 5220 per
1490 5164 1622 5220 quae
1656 5152 1711 5202 et
1732 5148 1807 5203 ab
1836 5148 1908 5202 iis
1938 5148 2171 5219 injuriis

518 5233 802 5291 recedens
828 5239 883 5291 et
913 5235 987 5291 ad
1018 5238 1419 5307 paenitentiam
1449 5236 1819 5306 confugiens,
1862 5237 2170 5294 remissio-

521 5334 659 5381 nem
684 5325 965 5393 invenies,
991 5324 1133 5398 qnia
1162 5338 1296 5381 cum
1324 5327 1568 5382 muliere
1589 5332 1647 5383 et
1667 5326 1765 5383 illa
1791 5327 2172 5385 Samaritana

519 5415 750 5472 locutus
793 5420 881 5471 est
924 5414 1002 5471 ab
1051 5424 1120 5471 ea
1159 5428 1383 5488 aquam
1428 5416 1632 5473 bibere
1679 5417 2020 5489 postulavit,
2061 5417 2173 5474 hu-

590 5596 639 5633 "
670 5594 870 5653 Matth.
914 5611 989 5664 χι,
1030 5594 1111 5652 18.
1193 5596 1239 5632 τε
1279 5595 1483 5652 Matth.
1526 5611 1606 5661 xx,
1646 5597 1736 5653 34.

2281 4526 2725 4599 φιλονεικησαντα,
2792 4529 2971 4588 πάσης
3030 4533 3344 4598 συγγνώμης
3388 4527 3596 4591 ἀνάξιον
3643 4524 3673 4584 ἡ
3726 4524 3854 4593 πὴγὴ

2281 4624 2371 4676 τῆς
2420 4614 2647 4688 ἀφέσεως
2705 4614 2999 4687 ἀπεφήνατο
3040 4634 3051 4645 ⁸
3088 4613 3333 4689 οὐδεμίαν
3381 4620 3483 4691 γὰρ
3542 4616 3702 4685 ἐαυτῷ
3748 4615 3857 4685 πρὸ·

2283 4725 2439 4778 φασιν
2491 4705 2834 4767 ὑπελελοιπώς
2877 4710 2991 4758 οὔτε
3052 4702 3381 4780 διορθώσεως
3433 4714 3533 4758 τῶν
3604 4705 3733 4756 κατά
3776 4700 3857 4752 τοῦ

2285 4798 2574 4866 Πνεύματος
2628 4793 2822 4867 ὕϐρεων
2853 4801 2943 4848 καὶ
2993 4794 3361 4868 βλασφημιῶν,
3404 4793 3529 4849 οὐδὲ
3578 4793 3757 4847 πολλοῦ
3787 4785 3858 4841 δεῖ

2282 4892 2379 4946 τῆς
2436 4883 2656 4956 ἀφέσεως
2736 4882 3085 4947 ἀξιωθήσεται
3120 4901 3132 4914 ·
3197 4884 3437 4937 ἐσθίοντα
3504 4888 3590 4936 καὶ
3665 4886 3858 4934 πίνοντα

2285 4969 2437 5043 εἶδες,
2497 4977 2585 5025 καὶ
2645 4970 2736 5025 διὰ
2781 4981 2932 5026 τοῦτο
2986 4975 3146 5045 φάγον
3204 4973 3372 5034 καλεῖς
3432 4977 3520 5026 καὶ
3561 4972 3856 5031 οίνοπότηνς

2283 5061 2620 5136 ἁμαρτωλοὺς
2673 5068 2763 5114 καὶ
2821 5061 3039 5125 τελώνας
3086 5060 3531 5136 προσδεχόμενον,
3584 5065 3669 5113 καὶ
3722 5057 3858 5111 τοῦτό

2288 5170 2343 5204 σε
2389 5151 2611 5204 τελωνῶν
2670 5151 2925 5204 ἐπικαλεῖν
2974 5152 3143 5223 φιλίαν
3187 5156 3275 5203 καὶ
3326 5151 3638 5227 ἁμαρτωλῶν
3669 5148 3857 5221 έπῆρεν,

2284 5239 2389 5292 ἀλλ’
2420 5240 2751 5293 ὑπολείπεται
2793 5254 2872 5293 σοι
2903 5245 2968 5293 τὰ
2995 5240 3191 5313 stum,
3225 5238 3299 5294 δι’
3331 5242 3398 5293 ὧν
3427 5247 3514 5294 καὶ
3558 5241 3743 5292 τούτων
3770 5241 3857 5287 τῶν

2282 5329 2474 5404 ὕϐρεων
2528 5329 2761 5392 ἀποστὰς
2804 5335 2893 5383 καὶ
2942 5332 3069 5404 πρὸς
3115 5334 3384 5403 μετάνοιαν
3429 5333 3748 5402 καταφυγὼν,
3778 5329 3859 5381 τὴν

2282 5420 2464 5492 ἄφεσιν
2495 5422 2761 5495 εὑρήσεις·
2794 5422 2873 5472 ὅτι
2911 5423 3041 5492 μετὰ
3068 5423 3313 5493 γυναικὸς
3352 5426 3440 5474 καὶ
3473 5422 3581 5473 τότε
3628 5417 3862 5491 Σαμαρεί-

1815 5598 1861 5633 ττ
1901 5594 2181 5665 Joan.‘ix,
2228 5581 2339 5654 ιι.-
