4140 6198
304 303 421 366 373

1292 310 1388 366 AD
1427 290 1982 370 memmi:me
2021 299 2348 381 QUAESTIO
2388 299 2586 371 XLIX.

3573 295 3690 378 sit"

306 434 456 498 τιδος
496 434 659 489 έλάλει
700 439 790 488 καὶ
838 440 974 488 πιεῖν
1001 434 1124 510 παρ’
1165 434 1330 497 αὐτῆς
1373 432 1517 510 ὕδωρ
1562 434 1819 503 ἐπεζήτει,
1852 440 1918 491 τὰ

2041 437 2197 496 milia
2233 433 2533 513 impulSus
2565 437 2653 496 est
2694 435 2755 497 ut
2792 439 2893 498 illo
2931 441 3223 513 cogitares
3260 435 3290 498 ‘P
3342 437 3678 513 Quomodo,

305 527 526 578 ταπεινὰ
571 522 871 586 συνηλάθης
905 524 1210 596 λογίζεσθαι
1229 529 1347 600 περὶ
1378 525 1538 578 αὑτοῦ
1561 541 1576 592 ;
1597 533 1703 586 πῶς
1747 526 1920 602 ὥσπερ

307 612 490 675 ἔλαϐες
520 617 614 672 τὴν
661 619 992 686 Σαμαρεῖτιν,
1033 617 1296 687 πρόφασιν
1327 616 1688 689 ταπεινοτέράς
1732 614 1924 674 ὑπολή-

307 703 448 773 ψεως
477 707 567 754 καὶ
599 699 782 768 δόξης,
812 703 976 764 οὕτως
1001 703 1060 754 οὐ
1084 702 1368 777 παρέλαϐες
1396 704 1558 762 αὐτὴν
1599 701 1925 756 διδάσκαλον

309 798 403 844 καὶ
441 800 539 852 τῆς
573 791 929 866 ὑψηλοτέραςς
967 813 986 842 ι
1017 798 1167 845 Δεῦτε
1193 795 1318 868 γὰρ,
1351 798 1528 866 φησὶν,
1561 790 1700 846 ἴδετε
1729 794 1924 866 άνθρωυ

310 900 430 945 πον,
465 901 496 932 δ)
526 880 677 932 πόλιν
717 880 838 939 ὃλην
883 879 1270 954 ἔπεστρέφουσα
1307 881 1493 952 ἐκάλει,
1537 903 1566 935 ‹‹
1605 881 1661 944 ὃς
1690 881 1798 935 εἶπέ
1833 900 1923 954 μοι

311 974 484 1022 πάντα
513 971 614 1021 ὅσα
639 967 868 1027 ἐποίησα
893 985 905 999 ·
945 992 965 1019 ν
1001 967 1128 1023 οὐδὲ
1155 973 1322 1023 ταῦτά
1354 989 1411 1024 σε
1441 973 1626 1044 θεωρὸν
1652 969 1924 1046 ἐργάζεται

310 1068 415 1112 τῶν
480 1061 746 1131 θειοτέρων
796 1077 851 1111 τε
899 1063 989 1111 καὶ
1040 1058 1370 1134 ὑψηλοτέρων
1397 1078 1410 1128 ;
1442 1059 1546 1112 ἀλλ’
1604 1061 1683 1113 ὅτι
1730 1059 1924 1113 πυνθά-

309 1165 457 1200 νεται
504 1155 602 1199 τῶν
645 1149 917 1219 μαθητῶν,
962 1168 988 1198 «
1019 1151 1148 1201 Τίνα
1193 1168 1256 1221 με
1293 1148 1530 1221 λέγουσιν
1572 1151 1620 1202 οἱ
1660 1150 1924 1222 ἄνθρωποι

312 1233 446 1290 εἶναι
476 1252 490 1304 ;
526 1257 553 1287 »
601 1235 772 1297 ἀνοίας
815 1237 1070 1310 ἅρπαγμα
1112 1241 1207 1296 τήν
1254 1237 1507 1312 ἐρώτησιν
1553 1240 1920 1310 ποιησάμενος,

311 1329 404 1380 ἕνα
441 1334 544 1378 τῶν
589 1325 786 1378 πολλῶν
825 1329 1092 1398 νομίζεις;
1124 1331 1216 1379 καὶ
1258 1335 1366 1390 πῶς
1403 1328 1462 1380 ού
1506 1331 1637 1401 πρὸς
1668 1329 1920 1402 θεοπρεπῆ

314 1413 478 1478 δόξαν
537 1413 849 1483 ἀναϐαίνεις,
904 1414 1102 1468 ἀκούων
1153 1416 1389 1489 λέγοντος
1445 1425 1516 1487 τῷ
1569 1421 1662 1476 τήν
1711 1416 1925 1492 ἀπόκρι-

315 1522 400 1557 σιν
418 1508 831 1579 παρεσχημένῷ,
859 1524 882 1555 α
909 1508 975 1557 Σὺ
993 1501 1041 1557 εἶ
1061 1506 1087 1557 ό
1112 1509 1229 1566 Υιὸς
1253 1513 1344 1558 τοῦ
1371 1513 1503 1560 Θεοῦ
1528 1514 1620 1558 τοῦ
1648 1506 1835 1567 ζῶντος
1860 1523 1920 1573 ;»

314 1613 345 1645 α
370 1593 498 1645 Ὀτι
525 1593 658 1667 σὰρξ
682 1597 772 1646 καὶ
805 1595 939 1666 αἷμα
967 1594 1061 1647 οὐκ
1091 1592 1392 1666 ἀπεκάλυψέ
1423 1613 1528 1662 σοι,
1557 1594 1663 1647 ἀλλ’
1689 1595 1714 1647 ὁ
1746 1599 1924 1669 Πατήρ

313 1702 418 1755 μου
445 1684 472 1734 ό
505 1681 552 1734 έν
582 1690 690 1744 τοῖς
725 1683 996 1756 ούρανοῑς;
1035 1705 1060 1732 ‹‹
1095 1687 1214 1750 Καὶ,
1252 1703 1279 1735 ‹‹
1308 1688 1374 1736 Σὺ
1405 1681 1453 1736 εἷ
1476 1688 1682 1758 Πέτρος,
1713 1689 1802 1736 καὶ
1841 1683 1926 1736 ἐπὶ

2031 529 2547 601 quemadmodum
2571 531 3008 588 Samaritan‘am
3032 531 3363 589 humilioris
3381 534 3682 607 opinionis

2031 618 2280 674 etfamaa
2306 619 2682 675 occasionem
2713 620 3044 693 abripuisti,
3062 621 3147 678 sic
3168 638 3282 678 non
3314 623 3477 680 illam
3500 623 3685 681 excel—

2033 706 2204 762 sioris
2237 708 2590 780 magistram
2616 707 2881 766 habuisti
2911 713 2936 765 .9
2965 731 2990 762 α
3027 711 3250 780 Venite,
3283 713 3474 788 inquit
3499 715 3681 781 enim,

2034 795 2223 852 videte
2247 797 2552 853 hominem
2577 798 2941 870 (universam
2965 797 3174 857 urbem
3195 805 3548 860 convertens
3584 817 3688 860 vo-

2033 887 2204 942 cabat
2233 885 2274 956 ),
2298 887 2401 958 qui
2425 885 2572 942 dixit
2595 887 2738 942 mihi
2769 887 2974 944 omnia
3017 903 3388 962 quaecunque
3413 891 3526 948 feci
3557 889 3624 946 ⁷⁸.
3651 912 3680 944 »

2032 977 2237 1030 Nonne
2268 973 2393 1030 hinc
2437 979 2487 1030 te
2514 974 2854 1032 divinorum
2885 983 2942 1034 et
2970 979 3358 1036 excelsiordm
3400 984 3686 1053 spectato-

2032 1073 2156 1119 rem
2210 1061 2499 1119 faciunt?
2553 1059 2667 1120 Sed
2711 1065 2855 1137 quia
2905 1065 3225 1138 discipulos
3287 1069 3611 1141 interrogat
3669 1086 3682 1127 :

2033 1171 2063 1203 «
2089 1155 2276 1218 Quem
2310 1168 2402 1207 me
2431 1151 2706 1210 homines
2730 1170 2863 1211 esse
2892 1155 3098 1212 dicunt
3117 1156 3164 1192 τ’
3196 1157 3226 1215 7
3250 1178 3274 1208 ν
3309 1157 3585 1215 amentiae
3609 1155 3685 1214 si-

2031 1254 2215 1313 gnum
2237 1241 2504 1299 oblatum
2523 1243 2743 1300 faciens
2761 1243 2917 1301 hanc
2933 1246 3474 1320 interrogationem,
3496 1251 3685 1305 unum

2031 1347 2104 1388 ex
2127 1329 2328 1387 multis
2351 1331 2515 1388 illum
2538 1337 2738 1404 putas.
2761 1333 2824 1389 Et
2847 1335 3154 1408 quomodo
3176 1353 3297 1393 non
3319 1337 3395 1394 ad
3418 1337 3685 1395 divinam

2033 1421 2309 1478 ascendis
2348 1421 2686 1494 opinionem
2726 1423 2978 1479 audiens
3015 1425 3309 1481 dicentem
3350 1427 3401 1481 ei
3442 1427 3545 1500 qui
3602 1442 3689 1484 re-

2033 1523 2325 1582 sponsum
2349 1508 2493 1569 dat:
2527 1530 2555 1563 «
2579 1511 2660 1566 Tu
2692 1527 2754 1567 es
2790 1511 2964 1568 Filius
3009 1513 3105 1568 Dei
3147 1515 3275 1578 vivi,
3311 1535 3339 1565 »
3368 1546 3434 1554 —-
3471 1537 3491 1565 ι
3538 1513 3687 1581 Quia

2034 1613 2172 1654 caro
2198 1606 2253 1654 et
2292 1601 2539 1670 sanguis
2567 1613 2687 1655 non
2719 1600 2994 1657 revelavit
3027 1598 3154 1668 tibi,
3187 1595 3290 1659 Sed
3318 1603 3484 1660 Pater
3514 1615 3686 1660 meas

2035 1689 2138 1760 qui
2169 1688 2225 1743 in
2268 1689 2430 1743 caelis
2462 1694 2547 1745 est
2576 1691 2606 1741 ?
2637 1693 2720 1755 Et,
2754 1690 2844 1745 Tu
2874 1707 2936 1745 es
2960 1694 3180 1757 Petrus,
3225 1697 3282 1748 et
3315 1703 3495 1765 super
3531 1693 3688 1750 hanc

313 1775 483 1844 ταύτῃ
507 1778 568 1843 τῇ
586 1774 752 1845 πέτρᾳ
772 1767 1112 1845 οἰκοδομήσω
1134 1793 1235 1845 μου
1257 1777 1351 1832 τὴν
1367 1773 1702 1837 Ἐκκλησίαν,
1717 1775 1805 1825 καὶ
1822 1776 1923 1825 πύ-

2041 1781 2257 1848 petram
2288 1777 2605 1834 eediﬁcabo
2632 1777 2958 1836 Ecclesiam
2984 1796 3201 1845 meam,
3227 1783 3284 1837 et
3304 1786 3485 1853 portae
3516 1781 3687 1839 inferi

312 1861 402 1912 λαι
423 1856 499 1931 ᾇδ
501 1879 561 1912 ου
587 1860 646 1913 ού
670 1864 1098 1933 κατισχύσουσιν
1125 1862 1283 1922 αὐτῆς
1307 1880 1320 1930 ;
1343 1883 1368 1911 η
1397 1861 1720 1937 Ἀνθρώπινα
1739 1870 1924 1927 ταῦτα,

315 1954 346 2008 ἤ
396 1954 561 2022 μόνης
606 1959 704 2013 τῆς
740 1947 1141 2023 παντοδυνάμου
1189 1955 1442 2014 Θεότητος
1481 1957 1570 2004 καὶ
1615 1952 1928 2025 φιλαντθρώ-

314 2055 454 2108 που;
488 2038 614 2091 ἀλλά
654 2040 870 2114 ῥήματα
908 2043 1076 2092 ταῦτά
1135 2039 1269 2106 ἐστι,
1321 2045 1411 2093 καὶ
1459 2045 1558 2100 τὴν
1611 2039 1729 2112 ὅφιν
1786 2043 1928 2093 οὔπω

313 2127 609 2201 προσέλαϐε
668 2131 956 2202 μάρτυρα;
1025 2126 1149 2182 οὐδὲ
1230 2138 1329 2181 τῶν
1385 2132 1706 2202 πραγμάτων
1781 2129 1929 2189 εύθὺς

315 2216 594 2274 ἐνέστηκεν
654 2219 683 2268 ἦ
737 2220 1001 2289 Eripe/ua;
1047 2218 1271 2290 τυφλοὺς
1324 2219 1454 2292 ὁρῶν
1513 2221 1640 2291 μετὰ
1690 2221 1929 2290 γέννησιν

314 2311 416 2364 τὴν
469 2314 569 2358 τῶν
623 2305 870 2378 ὀμμάτων
925 2307 1258 2380 ἑορτάζοντας
1311 2306 1668 2379 ἀναγέννησιν,
1723 2311 1812 2360 καὶ
1864 2314 1924 2379 τῇ

315 2394 563 2468 ἐναργείᾳ
620 2402 720 2446 τῶν
777 2393 941 2465 ὄψεων
998 2399 1056 2447 τό
1113 2395 1168 2448 έκ
1224 2401 1465 2468 γενέσεως
1515 2398 1681 2457 πάθος
1744 2394 1926 2448 ἁπελάο

317 2501 538 2553 σαντας,
605 2488 806 2556 κωφοὺς
859 2483 1158 2553 ἀκούοντας,
1215 2489 1304 2537 καὶ
1368 2485 1551 2556 χωλῶν
1607 2489 1695 2546 τὰς
1749 2483 1932 2558 βάσεις

316 2573 641 2646 ὀρθουμένας
670 2574 890 2646 ῥήματι,
923 2578 1012 2626 καὶ
1048 2577 1254 2647 νεκροὺς
1298 2572 1690 2646 ἀνισταμένους,
1718 2578 1809 2627 καὶ
1847 2577 1930 2626 πέ-

314 2680 448 2735 τρας
499 2669 574 2731 τῷ
621 2663 777 2714 πάθει
825 2669 896 2732 τῷ
933 2668 1228 2732 Δισποτικῷ
1267 2663 1612 2736 ῥηγνυμένας,
1652 2666 1742 2715 καὶ
1789 2662 1931 2722 ἣλιον

319 2750 796 2825 σκυθρωπάζοντα,
844 2755 932 2803 καὶ
965 2756 1152 2813 σκότος
1191 2749 1303 2804 ἀντὶ
1341 2760 1442 2803 τῶν
1482 2749 1694 2804 ἀκτίνων
1722 2756 1932 2812 καὶτῆς

316 2839 516 2900 πολλῆς
554 2839 915 2912 λαμπρότητος
945 2839 1392 2914 περιϐαλλόμενον,
1424 2846 1514 2893 καὶ
1543 2843 1732 2913 τάφους
1762 2861 1933 2894 κενου-

317 2934 526 3000 μένους,
565 2934 654 2982 καὶ
678 2933 889 3002 νεκρούς
919 2933 1045 3002 μετά
1074 2938 1174 2983 τῶν
1205 2931 1410 2991 ζώντων
1450 2935 1543 2990 τὴν
1575 2934 1750 2989 κοινὴν
1775 2929 1933 2982 ἀνάσ-

317 3037 481 3071 τασιν
506 3015 992 3092 προδιατυποῦντας
1024 3023 1114 3071 καὶ
1140 3020 1591 3094 συνεορτάζοντας.

397 3114 580 3160 Ταῦτα
652 3108 806 3181 ὁρῶν,
877 3116 982 3167 πῶς

1053 3108 1111 3159 ού
1172 3111 1375 3160 πάντων
1437 3107 1670 3171 ἀπέστης
1725 3105 1798 3161 δι’
1865 3109 1933 3160 ὧν
1975 3091 2018 3148 θ

2039 1880 2157 1919 non
2196 1865 2604 1936 praevalebunt
2643 1867 2927 1923 adversus
2957 1884 3090 1923 eam
3133 1869 3181 1904 ⁸ο
3207 1869 3234 1924 ?
3266 1891 3293 1918 »
3324 1870 3689 1928 Humanane

2035 1952 2164 2008 haec
2196 1956 2356 2017 sunt,
2398 1968 2475 2008 an
2508 1952 2694 2009 solius
2728 1956 3154 2026 omnipotentis
3193 1962 3250 2012 et
3289 1957 3691 2014 misericordis

2036 2040 2362 2096 Divinitatis
2386 2042 2415 2095 .9
2438 2043 2550 2099 Sed
2580 2043 2706 2098 haec
2725 2044 2907 2099 verba
2931 2049 3090 2115 sunt,
3118 2052 3173 2101 et
3195 2043 3468 2103 nondum
3497 2047 3691 2103 visum

2041 2135 2241 2186 testem
2282 2146 2582 2204 accepere,
2622 2131 2827 2188 Nonne
2876 2135 3075 2189 statim
3123 2149 3319 2190 rerum
3361 2135 3450 2191 vis
3498 2151 3692 2192 assur-

2036 2219 2228 2275 rexit?
2254 2221 2448 2275 Caecos
2471 2237 2504 2275 a
2530 2220 2829 2277 nativitate
2861 2223 3173 2279 oculorum
3217 2224 3580 2280 celebrantes
3607 2241 3690 2280 re-

2040 2309 2484 2378 generationem
2518 2309 2725 2365 videns
2759 2314 2814 2366 et
2840 2311 2997 2367 visus
3031 2313 3298 2369 claritate
3338 2329 3409 2369 ex
3449 2327 3692 2383 genera-

2039 2398 2200 2453 tione
2225 2397 2491 2454 dolorem
2506 2399 2877 2471 repellentes,
2899 2400 3114 2457 surdos
3136 2401 3444 2458 audientes
3461 2409 3517 2458 et
3533 2401 3693 2458 clau-

2040 2489 2255 2544 dorum
2276 2487 2452 2544 bases
2479 2493 2668 2544 rectas
2694 2489 2876 2545 verbo
2904 2488 3110 2557 factas,
3137 2497 3192 2547 et
3215 2496 3483 2547 mortuos
3509 2491 3691 2546 susci-

2042 2581 2214 2642 tatos,
2258 2583 2314 2632 et
2352 2593 2531 2649 rupes
2567 2577 2874 2633 Dominica
2928 2578 3209 2650 passione
3262 2579 3606 2652 perfractas,
3639 2583 3695 2636 et

2043 2665 2226 2722 solem
2250 2683 2358 2721 con
2369 2667 2746 2737 stristantem,
2765 2671 2816 2724 et
2837 2667 3108 2724 tenebras
3127 2685 3234 2741 pro
3256 2670 3437 2726 radiis
3456 2674 3511 2725 et
3530 2675 3694 2726 tanto

2043 2755 2355 2826 splendore
2379 2757 2870 2828 circumsparsas,
2887 2761 2943 2812 et
2965 2756 3235 2830 sepulcra
3259 2758 3618 2824 vacuefacta,
3638 2765 3696 2815 et

2043 2849 2309 2901 mortuos
2349 2863 2486 2901 cum
2518 2847 2848 2902 viventibus
2893 2863 3275 2905 communem
3315 2849 3693 2904 resurrectio-

2042 2951 2179 2990 nem
2212 2934 2636 3006 praeven'ientes
2662 2951 2917 3008 eamque
2948 2937 3451 2994 concelebrantes.

2116 3109 2253 3166 Haec
2275 3125 2522 3165 cernens
2542 3109 2844 3181 quomodo
2863 3125 2982 3166 non
3003 3110 3080 3167 ab
3098 3111 3382 3167 omnibus
3403 3114 3698 3168 recessisti

320 3203 530 3268 σεαυτῷ
593 3203 812 3267 συνῆγες
882 3197 947 3248 τά
1021 3194 1311 3262 σκάνδαλα,
1385 3203 1474 3251 καὶ
1543 3201 1629 3250 τόν
1695 3204 1929 3270 γνώμονα

2043 3215 2148 3272 per
2179 3215 2315 3272 quae
2349 3199 2450 3254 tibi
2491 3177 2606 3271 ipsi
2648 3198 2936 3256 scandala
2965 3199 3300 3257 conduxisti
3339 3206 3398 3256 et
3426 3201 3694 3274 judicem

319 3286 718 3360 ἐτραυμάτιζες,
772 3290 862 3337 καὶ
925 3284 1082 3358 πολλῇ
1141 3283 1348 3344 σπουδῆ
1405 3291 1494 3338 καὶ
1547 3283 1726 3360 δρόμῳ
1777 3303 1936 3340 κατα-

319 3380 501 3448 φυγὼν
548 3378 675 3444 πρός
729 3377 1001 3447 μετάνοιαν
1059 3371 1304 3438 ἐπεδείξω
1349 3379 1445 3434 τὴν
1497 3373 1802 3451 διόρθωσιν,
1855 3378 1936 3429 ἶνα

318 3462 398 3518 δι’
450 3464 615 3524 αὐτῆς
659 3468 747 3516 καὶ
778 3465 960 3535 ἄφεσιν
1007 3472 1108 3516 τῶν
1153 3464 1420 3539 ἁμαρτιῶν
1464 3463 1792 3539 ἕκέρδησαςς
1828 3464 1934 3518 ἀλλ’

317 3550 451 3606 ούδέ
531 3555 734 3614 τούτοις
811 3551 1304 3625 καταμαλάττεσθαι
1383 3558 1478 3612 τὴν
1535 3562 1631 3616 τῆς
1711 3551 1934 3628 καρδίας

319 3645 568 3718 πύρωσιν
616 3640 777 3714 ἀνέχῃ
813 3659 824 3670 ·
867 3644 944 3694 ἔτι
988 3637 1047 3694 δε
1092 3641 1281 3714 μᾶλλον
1328 3641 1623 3714 φιλονεικείς
1665 3648 1757 3702 τὴν
1809 3643 1934 3696 ἀπό-

317 3751 472 3784 νοιαν
509 3734 600 3783 καὶ
648 3734 704 3783 τό
754 3732 1015 3803 θεόμαχον
1059 3733 1324 3803 κρατύνειν
1359 3749 1370 3760 ·
1408 3735 1495 3783 καὶ
1522 3739 1609 3783 νῦν
1643 3735 1732 3805 μεν
1781 3732 1830 3784 ἐν
1872 3740 1932 3805 τῇ

319 3827 418 3874 τοῦ
481 3818 744 3872 Σαϐϐάτου
801 3824 1166 3894 περιεργοτέρα
1209 3825 1298 3872 καὶ
1348 3824 1530 3893 καιρὸν
1582 3821 1676 3874 οὐκ
1730 3820 1932 3895 ἐχούσῃ

318 3909 619 3984 φιλοτιμίᾳ,
663 3913 758 3971 τὰς
804 3910 930 3982 ὑπερ
979 3912 1037 3960 τό
1088 3907 1350 3962 Σάϐϐατον
1401 3911 1710 3983 θεοσημείας
1757 3911 1934 3983 φαυλί-

321 4001 434 4062 ζεις
471 4015 483 4029 ’
517 4006 605 4050 νῦν
656 3995 715 4052 δε
753 4001 811 4050 τό
844 3996 1104 4051 Σάϐϐατον
1147 3999 1240 4050 οὑκ
1284 4001 1422 4071 ἔχων
1463 3998 1803 4074 ἀναχώρησιν
1842 4008 1937 4063 τῆς

321 4087 691 4163 βλασφημίας,
741 4089 872 4160 ὁρῶν
919 4083 1192 4161 δαιμονίας
1242 4088 1446 4160 πληγῆς
1491 4087 1936 4161 ἀπαλλαττόμενον

320 4181 380 4230 τὸ
449 4180 608 4248 γένος,
670 4175 752 4229 ἐπὶ
810 4180 902 4228 τόν
963 4175 1266 4238 Βεελξεϐοὑλ
1318 4180 1820 4250 καταφεύγειςονῠν
1878 4174 1936 4231 δι

319 4271 416 4318 καὶ
481 4268 676 4323 ταύτην
758 4269 852 4324 τὴν
927 4269 1191 4338 πρόφασιν
1269 4264 1602 4319 ἀναπλάττειν
1678 4266 1937 4328 παντελῶς

322 4355 677 4430 ἀφῃρημένος,
739 4357 822 4407 τόν
879 4355 1096 4407 θάνατον
1144 4357 1302 4426 ἔγνως
1352 4360 1438 4408 καὶ
1493 4360 1585 4414 τὴν
1634 4360 1933 4428 μιαιφονίαν

323 4443 526 4518 βοηθόν
572 4447 661 4496 καί
707 4446 994 4515 σύμμαχον
1032 4445 1297 4497 ποιεῖσθαι
1331 4461 1342 4472 ⁶
1386 4449 1476 4496 καὶ
1514 4444 1568 4496 όν
1616 4443 1803 4506 ἐκεῖνος
1851 4465 1933 4497 τε⁸

2040 3288 2378 3355 vulnerasti,
2412 3293 2467 3342 et
2499 3287 2685 3344 multa
2713 3303 2856 3344 cura
2887 3289 3213 3360 rapidoque
3245 3306 3423 3346 cursu
3458 3289 3535 3346 ad
3569 3293 3698 3364 poe-

2043 3377 2348 3433 nitentiam
2391 3376 2693 3446 refugiens
2736 3376 3164 3434 correctionem
3191 3394 3312 3434 non
3340 3377 3645 3436 Ostendisti
3670 3375 3700 3434 ἰν

2045 3469 2114 3523 Ut
2156 3481 2261 3538 per
2290 3482 2420 3522 eam
2471 3471 2526 3521 et
2563 3466 2975 3522 remissionem
3010 3473 3390 3538 peccatorum
3434 3467 3693 3524 lucraris.

2045 3556 2160 3614 Sed
2202 3571 2396 3629 neque
2429 3555 2539 3611 illis
2583 3555 2780 3611 cordis
2827 3555 2912 3611 tui
2957 3554 3145 3627 ignem
3189 3556 3404 3613 molliri
3432 3555 3696 3630 pateris;

2043 3643 2239 3702 adhuc
2270 3649 2469 3701 autem
2499 3645 2690 3713 magis
2719 3644 3030 3701 contendis
3075 3645 3522 3704 contumaciam
3552 3649 3609 3703 et
3637 3647 3698 3704 in

2045 3733 2231 3792 Deum
2279 3744 2546 3806 pugnam
2591 3735 2893 3804 roborare,
2929 3738 2985 3791 et
3027 3751 3187 3791 nunc
3233 3735 3479 3806 quidem
3511 3735 3701 3792 curio-

2045 3821 2198 3877 siore
2244 3837 2353 3877 nec
2395 3822 2888 3894 opportunitatem
2919 3821 3176 3879 habente
3202 3821 3449 3880 Sabbati
3480 3823 3698 3894 studio,

2043 3910 2241 3965 divina
2259 3925 2434 3982 supra
2450 3909 2771 3967 Sabbatum
2797 3911 2967 3982 signa
2980 3910 3324 3984 vilipendis;
3343 3927 3495 3970 nunc
3509 3915 3698 3970 autem

2043 4013 2162 4055 non
2179 3998 2405 4056 habens
2419 3999 2782 4055 occasionem
2797 3999 3166 4072 blasphemiae
3185 4001 3495 4059 Sabbatum
3511 4016 3700 4072 genus

2044 4105 2079 4144 a
2093 4087 2466 4145 daemoniaco
2479 4086 2788 4145 liberatum
2803 4089 3041 4145 vulnere
3056 4089 3364 4156 videns,ad
3383 4089 3697 4147 Beelzebub

2044 4177 2316 4248 confugis
2353 4194 2367 4245 ;
2400 4193 2559 4233 nunc
2583 4183 2783 4235 autem
2816 4195 2955 4234 cum
2975 4177 3138 4234 hunc
3163 4186 3513 4251 praetextum
3533 4175 3698 4235 efﬁn-

2044 4281 2180 4337 gere
2209 4283 2484 4339 nequeas,
2516 4267 2766 4324 statuisti
2801 4273 3052 4324 mortem
3078 4267 3184 4323 tibi
3209 4274 3265 4322 et
3295 4267 3520 4324 caedem
3544 4265 3702 4324 auxi-

2044 4355 2330 4412 liatricem
2372 4361 2427 4410 et
2467 4358 2689 4412 sociam
2736 4355 2930 4413 facere
2964 4373 2978 4423 ;
3011 4363 3069 4412 et
3114 4372 3294 4430 quem
3346 4355 3445 4413 illa
3483 4357 3703 4429 quatri-

2045 4445 2310 4501 duanum
2342 4459 2464 4501 non
2492 4444 2670 4501 valuit
2696 4445 2894 4501 adhuc
2914 4447 3217 4502 mortuum
3237 4445 3505 4512 retinere,
3529 4445 3704 4503 morti

321 4539 573 4609 ταρταῖον
635 4531 729 4584 οὑκ
802 4535 1026 4603 ἲσχυσεν
1083 4534 1159 4585 ἔτι
1209 4536 1452 4604 κατέχειν
1507 4537 1703 4608 νεκρὸν,
1754 4541 1929 4586 τοῦτον

2050 4537 2108 4589 ut
2153 4550 2293 4589 eum
2333 4549 2538 4589 rursus
2589 4535 2792 4591 credas
2837 4533 3189 4591 sceleratam
3231 4534 3597 4592 voluntatem
3645 4537 3705 4592 et

321 4623 479 4677 πάλιν
523 4623 861 4694 ὑποστρέφειν
906 4625 1038 4693 πρός
1085 4621 1263 4685 αὑτὸν,
1313 4624 1407 4684 τὰς
1444 4622 1770 4695 παλαμναίας
1811 4629 1936 4694 γνώ-

319 4732 421 4785 μοις
436 4715 528 4764 καὶ
553 4717 742 4783 χεῖρας
764 4708 999 4771 έκτείνεις
1021 4727 1034 4740 ⁸
1065 4730 1092 4762 ‹‹
1121 4709 1368 4773 Ἐζήτουν
1393 4713 1512 4788 γὰρ,
1541 4716 1717 4784 φησὶν,
1739 4713 1933 4765 οῖ’Ῑου-

321 4800 357 4855 δ
362 4809 470 4853 αἰοι
511 4802 592 4852 ἱνα
621 4805 713 4852 καὶ
755 4801 842 4851 τόν
874 4798 1117 4875 Λάζαρον
1162 4799 1506 4853 ἀποκτείνωσι
1530 4818 1542 4830 ⁸
1573 4821 1604 4852 )›’
1644 4805 1732 4854 καὶ
1770 4805 1828 4854 τό
1859 4822 1912 4855 τε

318 4891 575 4956 λευταῑον,
621 4892 710 4942 τόν
757 4895 924 4941 ταῦτα
970 4890 1535 4963 θαυματουργήσαντα,
1587 4899 1796 4964 σταυρῷ
1846 4897 1934 4944 καὶ

324 4981 530 5051 θανάτῳ
586 4975 998 5039 καταδικάζεις’
1050 4983 1136 5030 καὶ
1205 4975 1534 5032 κουστωδίαν
1601 4979 1812 5042 ζητείςσ
1846 4985 1935 5033 καὶ

326 5064 626 5142 σφραγῖδας
684 5066 970 5130 ἕπιϐάλλεις
1024 5075 1096 5139 τῷ
1139 5075 1299 5141 νεκρῷ
1349 5072 1438 5120 καὶ
1488 5076 1560 5139 τῷ
1619 5073 1763 5141 τάφῳ
1796 5089 1808 5101 ’
1846 5074 1934 5122 καὶ

321 5161 381 5210 τό
436 5156 921 5228 ἀναισχυντότατον
965 5161 1055 5208 καὶ
1094 5162 1270 5208 πᾶσαν
1319 5155 1634 5232 ὑπερϐάλλον
1684 5157 1937 5216 ἀθεότητα

321 5251 412 5298 καὶ
490 5251 810 5318 συγγνώμην
885 5243 1135 5317 οὐδεμίαν
1218 5241 1466 5318 οὐδαμῶς
1542 5245 1935 5320 ὑπολειπόμενον

320 5345 414 5398 τῆς
471 5335 678 5396 κλοπῆς
729 5341 800 5405 τῷ
849 5334 1122 5406 πλάσματι
1174 5339 1266 5394 τὴν
1316 5334 1604 5388 ἀνάστασιν
1655 5335 1886 5400 κλέπτεις
1918 5357 1931 5370 ⁸

320 5422 462 5498 μηδὲ
519 5431 594 5495 τῷ
642 5431 742 5476 τῶν
781 5423 837 5487 ἐξ
887 5424 1071 5485 αἰῶνος
1096 5422 1333 5476 ἁπάντων
1379 5425 1734 5499 ὑπερχειμένῳ
1773 5443 1937 5498 παρα⁶

2049 4633 2297 4678 man'nm
2331 4623 2598 4678 extendis
2631 4641 2646 4678 :
2679 4641 2709 4677 »
2739 4623 3119 4690 Quaerebant,
3167 4622 3354 4696 inquit
3397 4625 3576 4690 enim,
3607 4625 3701 4681 Ju-

2047 4711 2157 4768 daei
2187 4713 2620 4769 utetLazarum
2639 4713 3031 4770 interficerent
3055 4714 3128 4770 ⁸¹.
3170 4737 3190 4764 ι
3215 4715 3279 4771 Et
3300 4714 3544 4769 demum
3563 4719 3701 4770 eum

2047 4803 2143 4874 qui
2183 4799 2242 4857 id
2283 4800 2626 4858 miraculose
2675 4801 2884 4871 effecit,
2935 4801 3013 4858 ad
3053 4819 3290 4859 crucem
3347 4807 3400 4859 et
3450 4805 3702 4860 mortem

2045 4892 2302 4948 damnas
2331 4908 2345 4958 ;
2375 4895 2432 4946 et
2452 4891 2787 4947 custodiam
2812 4890 3028 4965 quieris
3054 4911 3066 4960 ;
3095 4898 3149 4948 et
3176 4891 3408 4963 vigilem
3446 4892 3706 4965 imponis

2047 4981 2320 5036 cadaveri
2357 4985 2412 5036 et
2456 4979 2733 5053 sepulcro
2780 4997 2794 5047 ;
2846 4985 2902 5037 et
2940 4980 3106 5054 quod
3150 4981 3568 5054 turpissimum
3619 4985 3709 5037 est

2046 5081 2410 5142 omnemqne
2465 5071 2833 5141 impietatem
2887 5067 3314 5141 transgreditur
3372 5065 3428 5126 et
3478 5069 3705 5126 nullam

2046 5159 2295 5214 omnino
2324 5159 2560 5215 veniam
2591 5159 2890 5232 relinquit,
2924 5159 3146 5216 furtum
3167 5159 3399 5215 invenis
3428 5165 3488 5216 ut
3516 5169 3709 5216 resur-

2047 5249 2367 5303 rectionem
2400 5248 2608 5304 fureris
2646 5244 2658 5303 l
2693 5251 2893 5320 Neque
2935 5250 3206 5304 omnium
3238 5249 3315 5304 ab
3346 5255 3566 5305 aeterno
3599 5249 3706 5304 mi-

2045 5336 2383 5393 racnlorum
2424 5337 2686 5393 maximo
2717 5338 2975 5394 sulfusus
3015 5340 3238 5410 pudore
3269 5344 3326 5394 et
3357 5341 3702 5405 conversus,

2047 5431 2256 5482 contra
2281 5425 2428 5482 illud
2459 5440 2529 5482 eo
2558 5425 2751 5497 magis
2780 5427 3098 5483 meditatus
3125 5439 3190 5483 es
3219 5427 3323 5499 qui
3354 5427 3544 5498 magis
3566 5437 3686 5499 prae

389 5607 439 5642 τε
470 5607 624 5662 Joan
656 5619 732 5668 iv,
765 5606 859 5663 39.
882 5603 933 5639 ⁷⁸
965 5602 1160 5661 Matth.
1194 5619 1313 5670 κνι,
1348 5607 1431 5661 l3.
1467 5603 1515 5640 ⁸ο
1539 5603 1688 5662 ibid.
1722 5603 1906 5660 14-18.

2041 5601 2181 5664 oah.
2211 5611 2278 5662 xt
