3938 6178
419 282 523 338 375

1638 280 1880 338 PHOTII
1917 281 2070 339 PAT.

2189 281 2415 340 .RCHE
2453 281 2567 339 ΕΡ.
3642 294 3728 352 376

419 408 637 464 stantia
658 422 767 462 sua
788 409 1001 462 caetera
1019 405 1317 465 viucebat.
1341 408 1449 474 Qui
1473 407 1650 478 igitur
1670 423 1739 463 ex
1760 407 1926 463 nulla
1948 412 2070 464 tam

2189 406 2351 471 δόξων
2392 412 2481 461 καὶ
2522 409 2791 481 ὑπερφυῶν
2831 410 2989 483 ἔργων
3028 408 3363 475 δυσωπηθείς
3404 433 3454 468 τε
3492 421 3571 469 καὶ
3606 438 3733 489 μετα-

417 494 730 568 slpendide
760 494 1109 563 dignitatem
1146 496 1477 551 Divinitatis
1518 502 1573 552 et
1618 496 1742 567 ejus
1788 495 2073 553 invictam

419 584 541 639 vim
572 583 911 640 testantium
938 584 1355 654 operationum
1388 590 1567 658 atque
1599 586 1904 641 actionum
1936 601 2074 641 con-

419 673 744 729 versionem
768 678 823 728 et
845 673 1251 743 paenitentiam
1275 674 1560 740 cohibuit,
1591 690 1729 730 cum
1751 689 1812 729 se
1842 690 1945 745 per
1970 674 2073 730 hu-

417 778 598 819 mana
617 762 776 818 malis
792 768 849 818 et
868 763 1130 818 animam
1149 763 1670 837 corrumpentibus
1690 763 2074 836 opinionibus

416 851 684 907 imbuerit
714 856 769 907 et
799 852 1173 923 distraxerit;
1208 853 1311 908 sed
1357 858 1412 909 et
1442 854 1646 909 divina
1676 854 1990 909 dementis:
2020 858 2076 910 et

415 940 615 1013 impiae
646 957 865 1013 pugnae
895 948 1286 1013 augmentum
1316 944 1469 1009 fecit,
1504 944 1745 999 evidens
1778 948 1867 999 est
1895 949 2074 1015 atque

416 1030 966 1086 manifestissimum
1021 1031 1181 1087 hunc
1235 1032 1371 1087 nihil
1408 1032 1522 1088 sibi
1578 1032 1909 1103 relinquere
1954 1047 2076 1103 quo

417 1119 621 1175 melius
651 1120 807 1175 malo
838 1118 1113 1191 praeferat
1151 1137 1219 1175 ac
1252 1121 1449 1177 vivida
1480 1126 1536 1177 et
1580 1121 1699 1177 acri
1735 1121 2078 1193 pcenitentia

418 1208 881 1280 praecedentium
906 1209 1099 1265 debita
1116 1210 1369 1281 expellat
1392 1215 1448 1265 et
1465 1210 1811 1266 remissione
1830 1209 2077 1265 omnino

416 1297 942 1368 dignusjudicetur
962 1314 1155 1370 neque
1176 1301 1232 1355 in
1260 1300 1535 1372 praasenti
1558 1299 1779 1356 saeculo
1801 1314 1994 1371 neque
2018 1298 2077 1354 in

420 1385 636 1442 futuro.

2186 498 2391 560 ϐληθεὶς
2448 500 2697 569 θαύματι,
2753 496 2880 550 ἀλλὰ
2921 501 3037 553 κατ’
3090 500 3281 555 ἐκείνου
3328 503 3508 575 μᾶλλον
3549 509 3597 557 τὸ
3636 527 3735 559 κακ-

2185 596 2372 663 οῦργον
2416 587 2717 659 μελετήσας,
2771 590 2878 659 ὅσῳ
2933 594 3022 642 καὶ
3076 599 3137 663 τῇ
3190 593 3420 664 ὑπεροχῇ
3471 602 3559 644 τῶν
3605 593 3735 646 ἄλλων

2186 672 2433 750 διέφερεν.
2500 677 2559 728 “Ο
2612 684 2733 747 γοῦν
2789 675 2843 728 ἐκ
2897 675 3123 751 μηδενὸς
3181 700 3281 732 των
3337 681 3571 755 λαμπρῶς
3632 682 3739 735 ἀπα-

2190 770 2549 840 στραπτόντων
2602 769 2658 817 τὸ
2712 764 2916 839 ἀξίωμά
2962 787 3017 820 τε
3071 774 3160 821 καὶ
3214 774 3307 827 τήν
3362 772 3561 842 ἄμαχον
3610 772 3738 843 ἰσχὺν

2185 862 2276 915 τῆς
2329 855 2566 915 θεότητος
2622 857 2741 911 ἤτοι
2806 863 2907 907 τῶν
2977 868 3337 921 πνευματικῶν
3406 879 3456 911 τε
3525 858 3741 933 ἐνεργειῶν

2186 948 2277 995 καὶ
2332 942 2563 1015 πράξεων
2620 939 2887 1016 μηδεμίαν
2952 945 3262 1017 μεταϐολήν,
3322 944 3458 1018 μηδέ
3511 952 3740 1019 μετάνοιαν

2188 1026 2594 1102 ἐπιδειξάμενος,
2646 1034 2719 1092 οἷς
2767 1032 2942 1086 ἑαυτὸν
2996 1031 3090 1087 διά
3136 1044 3235 1087 τῶν
3289 1035 3599 1110 ἀνθρωπίνων
3645 1040 3745 1109 φαὺ·

2187 1117 2296 1179 λοις
2342 1124 2431 1171 καὶ
2472 1119 2839 1197 ψυχοφθόροις
2892 1128 3215 1197 κατηκίσατό
3266 1144 3317 1177 τε
3360 1130 3447 1177 καὶ
3492 1125 3743 1188 κατίστιξεν

2188 1207 2511 1278 ὑπολήψεσιν
2548 1230 2559 1242 ο
2594 1209 2720 1261 ἀλλὰ
2750 1216 2835 1263 καὶ
2871 1215 2937 1264 τὰ
2966 1215 3081 1266 θεῖα
3105 1216 3412 1287 προσθήκην
3436 1214 3652 1275 ἀπονοίας
3675 1220 3744 1267 καὶ

2191 1299 2481 1369 θεομαχίας
2531 1301 2769 1370 μείζονος
2819 1308 2927 1363 τοίς
2971 1301 3366 1375 τετολμημένοις
3417 1305 3743 1375 ποιησάμενος,

2188 1383 2484 1445 κατάδηλόν
2528 1407 2581 1441 τε
2638 1393 2726 1441 καὶ
2774 1391 3177 1462 ἐμφανέστατόν,
3237 1394 3300 1452 ὡς
3341 1393 3366 1443 6
3414 1399 3629 1453 τοιοῦτος
3672 1412 3749 1463 μή·

418 1472 503 1529 δεν
559 1477 722 1547 ἐαυτῷ
779 1477 1195 1550 ὑπολειπόμενος,
1248 1476 1320 1531 δι’
1384 1478 1444 1531 οὗ
1502 1482 1560 1531 τὸ
1626 1486 1855 1553 κρεῖττον
1905 1484 1997 1530 τοῦ
2050 1474 2242 1548 φαύλου
2301 1476 2585 1550 προελοιτο,
2644 1483 2733 1530 καὶ
2792 1481 2950 1553 θερμῇ
3023 1486 3111 1533 καὶ
3179 1481 3319 1553 ὀξείᾳ
3380 1487 3610 1553 μετανοίᾳ
3655 1478 3748 1533 διας

414 1563 565 1619 λύσει
624 1575 724 1618 τῶν
766 1569 1073 1638 φθασάντων
1125 1570 1192 1619 τὰ
1242 1568 1537 1640 ὀφλήματα,
1580 1565 1702 1621 οὑδὲ
1749 1578 1837 1629 τῆς
1894 1566 2111 1625 ἀνέσεως
2170 1563 2298 1625 ὅλως
2349 1564 2695 1628 ἀξιωθήσεται
2752 1571 2868 1621 οὔτε
2917 1568 2965 1621 ἐν
3019 1578 3089 1638 τῷ
3139 1578 3227 1621 νῦν
3267 1570 3415 1622 αἰῶνι
3464 1574 3573 1622 οὔτε
3616 1570 3659 1622 ἐν
3693 1578 3749 1638 τῷ

432 1654 693 1726 μέλλοντι.

490 1744 635 1798 Sunt
661 1748 861 1798 autem
888 1744 1111 1815 quibus
1134 1744 1280 1799 illud
1310 1768 1336 1793 ‹‹
1370 1760 1563 1816 neque
1590 1746 1646 1800 in
1678 1746 1950 1814 praesenti
1976 1760 2079 1799 saa—
2112 1741 2154 1796 Β

419 1830 552 1885 culo
588 1833 855 1901 nequein
878 1830 1074 1888 futuro
1095 1854 1121 1885 »
1148 1834 1262 1889 alio
1286 1834 1462 1890 modo
1493 1834 1777 1906 accipitur
1802 1851 1815 1899 ;
1851 1838 1907 1888 et
1936 1833 2077 1888 difﬁ-

419 1919 650 1974 cultatis
696 1920 907 1975 solutio
952 1922 1281 1993 simplicius
1325 1929 1381 1978 et
1428 1924 1694 1995 paratius
1739 1922 2074 1978 adducitur.

416 2008 675 2064 Mosaica
711 2008 825 2074 lex,
864 2010 1160 2083 inquiunt,
1192 2019 1379 2068 morte
1406 2013 1578 2083 punit
1607 2029 1745 2068 eum
1771 2011 1870 2084 qui
1904 2011 1962 2067 in
1994 2012 2079 2066 di-

416 2098 623 2152 vinum
655 2097 1114 2171 blasphemavit,
1149 2116 1343 2173 neque
1376 2100 1615 2156 veniam
1648 2116 1842 2174 neque
1872 2101 2077 2155 remis-

418 2186 645 2242 sionem
691 2187 742 2243 ei
785 2189 1139 2245 concedens.
1190 2193 1253 2245 Et
1292 2191 1406 2245 hoc
1446 2190 1706 2245 ostendit
1740 2190 1902 2254 illud,
1945 2190 2079 2245 bla-

418 2276 750 2347 sphemanti
775 2293 893 2332 non
926 2277 983 2333 in
1015 2280 1290 2350 praasenti
1315 2278 1532 2335 saaculo
1556 2280 1794 2335 remitti.
1829 2279 1967 2335 ldeo
1995 2278 2079 2334 di-

418 2369 560 2419 cunt
598 2365 947 2421 rationabile
988 2384 1119 2423 esse
1161 2367 1423 2439 cogitare
1467 2367 1985 2439 blasphemantem
2017 2368 2077 2422 in

420 2452 704 2524 Spiritum
738 2461 1032 2520 sanctum,
1080 2472 1115 2511 a
1159 2459 1277 2513 Deo
1327 2464 1378 2511 et
1430 2458 1765 2514 secundum
1814 2457 2075 2511 futurum

421 2540 1053 2612 saeculumjudicatum
1077 2545 1143 2599 iri
1162 2550 1217 2600 et
1240 2545 1629 2616 blasphemia
1649 2561 1858 2617 poenas
1881 2544 1959 2599 ab
1980 2544 2079 2599 illo

422 2635 693 2684 exactum
740 2630 851 2695 iri;
900 2632 1002 2685 sed
1051 2632 1107 2686 in
1156 2634 1430 2704 praesenti
1479 2634 1751 2688 vindictis
1800 2632 2079 2689 extremis

420 2716 865 2788 subjiciendum
888 2736 1035 2783 esse.
1056 2724 1307 2778 Mosaica
1326 2722 1453 2791 lege
1475 2724 1533 2779 in
1557 2740 1693 2778 eum
1715 2723 2080 2793 imprecante

420 2807 524 2880 qui
554 2807 821 2878 linguam
851 2810 909 2865 in
944 2811 1126 2866 Deum
1154 2813 1433 2881 emiserit,
1484 2812 1543 2867 id
1577 2818 1665 2867 est
1694 2812 2078 2883 blasphemiis

424 2899 608 2953 Deum
630 2898 965 2970 impetierit,
995 2901 1165 2973 cujus
1199 2902 1541 2957 substantiae
1572 2906 1628 2957 et
1659 2902 2080 2957 dominationis

419 2991 527 3053 est,
556 2991 611 3041 et
643 2987 857 3058 Spiritu
891 2990 1212 3056 sanciente,
1242 2989 1365 3045 imo
1396 3006 1533 3046 eum
1562 2990 1863 3062 lapidibus
1885 2989 2077 3062 oppri-

2262 1744 2377 1797 Εἰσὶ
2426 1742 2501 1805 δι,
2552 1747 2631 1807 οἶς
2661 1750 2716 1798 τὸ
2764 1768 2786 1794 a
2822 1749 2940 1800 οὔτε
2985 1747 3032 1799 ἐν
3078 1756 3148 1818 τῷ
3178 1757 3265 1800 νῦν
3301 1748 3449 1801 αἰῶνι
3489 1751 3597 1800 οῦτε
3624 1748 3666 1799 ἐν
3697 1757 3754 1816 τῷ

2188 1832 2419 1896 μελλοντι
2455 1857 2475 1884 ι
2522 1840 2708 1908 τρόπον
2738 1838 2906 1907 ἕτερον
2956 1837 3348 1910 ἐκλαμϐάνεταε,
3401 1844 3488 1891 καὶ
3527 1848 3615 1899 τῆς
3654 1837 3735 1889 ἀπο

2186 1928 2305 1995 ρίας
2359 1925 2387 1981 in
2439 1924 2590 1986 λὺσις
2641 1924 2989 1998 ἀπλοὺστερόν
3047 1946 3101 1980 τε
3150 1933 3241 1980 καὶ
3291 1928 3606 2001 ἑτοιμότερον
3654 1945 3754 2000 προ-

2188 2013 2369 2082 άγεται
2398 2033 2410 2044 ’
2455 2016 2480 2064 6
2530 2019 2828 2081 Μωσαῐκός,
2872 2022 3022 2086 φασὶ,
3073 2021 3222 2089 νόμος
3271 2020 3359 2069 τὸν
3410 2017 3481 2079 εἰς
3528 2020 3582 2068 1'6
3629 2022 3752 2069 Θεῐον

2189 2098 2668 2173 βλασφημήσαντα,
2757 2106 2957 2177 θανάτῳ
3051 2106 3255 2177 ζημιοῖ,
3329 2107 3389 2158 οὑ
3471 2100 3755 2178 μεταδιδοὺς

2188 2190 2328 2260 αὑτῷ
2379 2198 2691 2265 συγγνώμης
2737 2190 2982 2266 οὐδεμιᾶς
3030 2192 3148 2248 οὐδ’
3200 2195 3425 2267 ἀφέσεως
3453 2212 3467 2225 ⁸
3499 2200 3582 2246 καὶ
3627 2200 3755 2245 τοῦτο

2190 2275 2345 2336 δηλοί
2386 2283 2442 2332 τὸ
2473 2285 2545 2352 μή
2579 2280 2821 2353 ἀφίεσθαι
2852 2288 2937 2334 τόν
2964 2282 3434 2356 βλασφημήσαντα
3476 2282 3523 2335 ἐν
3551 2291 3618 2351 τῷ
3645 2300 3755 2353 παρ-

2188 2373 2293 2420 όντι
2324 2368 2470 2420 αἰῶνι
2496 2386 2507 2398 ·
2544 2366 2630 2421 διὸ
2657 2390 2813 2442 φασιν
2848 2372 3053 2444 εὔλογον
3088 2370 3418 2426 διανοεῖσθαι
3452 2374 3517 2434 ὡς
3552 2373 3575 2424 6
3613 2369 3757 2444 βλασ-

2190 2466 2370 2529 φημῶν
2427 2458 2496 2519 εἰς
2545 2462 2601 2510 τό
2654 2466 2860 2532 Πνεῦμα
2906 2464 2965 2513 τό
3004 2462 3152 2532 ἅγιον
3195 2464 3361 2515 θεόθεν
3406 2467 3495 2514 καὶ
3532 2465 3655 2513 κατὰ
3686 2463 3757 2511 τὸν

2188 2545 2435 2617 μελλοντα
2466 2548 2627 2599 αἰῶνα
2658 2545 2819 2602 δώσει
2848 2554 2943 2608 τήν
2974 2547 3129 2607 δίκην
3170 2556 3258 2603 καὶ
3288 2554 3387 2613 τὰς
3425 2560 3518 2612 τῆς
3547 2549 3757 2623 βλασφη-

2189 2641 2308 2708 μίας
2347 2640 2527 2699 ποινάς
2558 2638 3038 2712 εἰσπραχθήσεται,
3072 2639 3198 2693 ἀλλά
3235 2646 3324 2692 καὶ
3372 2644 3511 2694 κατά
3549 2643 3625 2692 τὸν
3652 2658 3761 2710 παρ·

2189 2732 2312 2777 οντα
2347 2731 2616 2798 τιμωρίαις
2660 2726 2913 2799 ἐσχάταις
2958 2726 3322 2794 ὑποϐάλλεται,
3368 2738 3463 2781 τοῦ
3506 2733 3758 2783 Μωσαῐκοῦ

2757 2106 2957 2177 θανάτῳ

2189 2820 2345 2885 νόμου
2392 2819 2483 2872 τήν
2527 2820 2893 2889 καταρωμένην
2931 2816 3176 2888 γλῶσσαν
3217 2816 3496 2888 ἐπαφιέντα
3531 2818 3656 2869 κατὰ
3687 2821 3761 2866 τοῦ

2191 2910 2343 2966 Θεοῦ,
2377 2908 2616 2956 τουτέστι
2646 2908 2730 2956 τὸν
2764 2903 3127 2978 βλασφημίαις
3160 2904 3503 2979 ἐνυϐρίζοντα
3530 2910 3585 2957 τό
3616 2913 3758 2971 Θείον,

2191 2988 2250 3043 οὗ
2276 3000 2366 3053 τῆς
2392 2992 2569 3053 οὑσίας
2599 2999 2688 3045 καὶ
2720 3002 2814 3055 τῆς
2834 2999 3139 3068 κυριότητος
3170 2996 3408 3067 ὑπάρχει
3437 3000 3527 3048 καὶ
3557 2998 3611 3047 τὸ
3637 2999 3761 3046 Πνεὺ·

420 3074 709 3131 mendum
740 3092 870 3134 esse
896 3082 953 3134 et
983 3080 1102 3135 vita
1132 3080 1493 3152 privandum
1524 3096 1535 3134 :
1564 3079 1646 3134 ita
1681 3084 1742 3134 ut
1774 3080 1926 3135 Deus
1954 3080 2070 3151 Spi-

2189 3100 2281 3152 μα,
2314 3081 2477 3143 λίθοις
2503 3084 2946 3154 νομοθετήσαντος
2970 3083 3354 3136 λιθοϐολεῖσθαι
3400 3089 3491 3136 καὶ
3531 3092 3616 3145 τῆς
3646 3083 3763 3143 ζωῆς

420 3163 587 3229 ritus,
621 3166 728 3221 etsi
761 3167 959 3239 impiis
990 3184 1110 3224 non
1158 3169 1446 3235 videatur,
1480 3168 1687 3224 illustri
1715 3168 1898 3224 modo
1946 3185 2074 3239 pro-

419 3252 728 3317 clametur,
761 3255 820 3310 in
852 3273 973 3328 quo
1004 3263 1059 3312 et
1089 3274 1270 3330 supra
1306 3264 1581 3313 naturain
1631 3273 1814 3328 opera
1846 3260 2080 3313 Creator

422 3347 647 3397 natura:
678 3343 871 3399 divine
903 3344 1233 3402 efﬁciebat:
1268 3368 1291 3397 α
1323 3349 1383 3403 In
1429 3347 1614 3417 digito
1651 3347 1769 3413 Dei,
1798 3368 1822 3398 ι)
1856 3346 2076 3410 dicens,

421 3452 447 3479 «
484 3444 596 3499 ego
622 3431 925 3488 daemonia
962 3435 1232 3505 ejicio";
1280 3456 1308 3487 »
1341 3436 1592 3507 digitum
1645 3436 1742 3491 Dei
1796 3452 1899 3507 per
1943 3436 2080 3490 sub-

423 3519 652 3575 stantiae
680 3521 965 3577 unitatem
997 3529 1052 3579 et
1072 3524 1435 3595 operationis
1464 3525 1800 3582 absolutam
1827 3529 2081 3596 potesta-

422 3612 541 3663 tem
583 3609 866 3680 Spiritum
911 3613 1248 3669 nominans.
1285 3617 1396 3669 «In
1436 3614 1654 3685 Spiritu
1711 3622 1936 3680 sancto,
1989 3614 2078 3670 in-

421 3698 571 3770 quit,
594 3698 748 3769 ejicit
776 3699 1115 3767 daamonia;
1150 3723 1169 3751 ι
1207 3717 1325 3757 non
1356 3703 1498 3774 quia
1528 3702 1653 3773 ipse
1680 3719 1783 3775 per
1812 3703 2078 3774 seipsum

422 3801 544 3842 non
571 3792 802 3859 poterat
828 3805 841 3854 ;
878 3790 980 3845 sed
1012 3790 1070 3845 in
1102 3791 1384 3846 omnibus
1413 3792 1533 3846 suis
1555 3791 1771 3847 divinis
1796 3791 2080 3864 operibus

425 3877 606 3931 Patris
636 3880 692 3932 et
717 3878 969 3950 Spiritus
1001 3884 1059 3936 ut
1089 3880 1369 3936 similium
1405 3881 1867 3936 substantiarum
1899 3886 1955 3936 et
1977 3897 2079 3935 na-

424 3968 690 4021 turarum
718 3966 864 4021 etad
885 3983 1073 4022 unum
1089 3973 1147 4023 et
1166 3969 1317 4025 idem
1350 3969 1492 4026 velle
1517 3969 1931 4026 inclinantium
1960 3985 2082 4025 una

422 4053 633 4110 adesse
654 4054 895 4111 docens.
919 4056 1055 4113 Ideo
1080 4059 1237 4113 enim
1255 4058 1491 4117 dicebat
1517 4076 1530 4114 :
1556 4058 1776 4114 «Pater
1793 4076 1960 4115 meus
1983 4076 2081 4114 us-

423 4158 536 4215 que
577 4144 759 4200 modo
812 4151 1095 4217 operatur
1142 4152 1196 4202 et
1247 4163 1357 4218 ego
1401 4164 1618 4221 operor
1668 4149 1735 4212 ⁸³,
1765 4168 1792 4199 ››
1842 4154 1938 4203 et:
1977 4168 2005 4198 «
2036 4154 2079 4204 Α

424 4226 655 4309 meipso
697 4249 816 4289 non
857 4235 1071 4308 loquor
1101 4236 1167 4291 “.
1204 4259 1231 4285 η
1268 4239 1330 4291 Et
1374 4236 1515 4292 illud
1547 4253 1559 4293 :
1592 4260 1618 4287 ‹‹
1656 4236 1718 4291 In
1748 4236 1935 4305 digito
1980 4237 2079 4293 Dei

422 4336 532 4391 ego
557 4321 859 4379 daemonia
880 4324 1047 4394 ejicio
1078 4343 1090 4393 ;
1122 4347 1149 4374 ››
1175 4330 1229 4380 et
1250 4341 1649 4397 qmecumque
1672 4326 1789 4380 alia
1813 4341 2081 4382 commu-

2190 3168 2567 3222 ἀπελαύνεσθαι
2601 3186 2612 3199 ’
2648 3172 2779 3224 ὥστε
2822 3174 2953 3232 Θεὸς
2994 3175 3052 3223 τὸ
3097 3178 3323 3244 Πνεῦμα,
3368 3172 3467 3225 κᾶν
3523 3180 3625 3232 τοῖς
3667 3172 3763 3222 Θεοπ-

2187 3265 2457 3330 μαχοῦσιν
2507 3259 2565 3311 οὑ
2606 3256 2762 3331 δοκῇ,
2808 3270 3097 3333 περιφανῶς
3155 3260 3605 3335 ἁνακηρύττεταιο
3657 3260 3699 3311 ἐν
3732 3260 3765 3328 ᾧ

2186 3351 2274 3399 καὶ
2316 3350 2381 3399 τὰ
2428 3349 2553 3422 ὑπερ
2610 3348 2760 3419 λόγον
2810 3353 2937 3424 ἔργα
2990 3352 3015 3402 6
3070 3353 3400 3423 Δημιουργὸς
3455 3360 3548 3411 τῆς
3593 3351 3764 3420 φύσεως

2187 3435 2464 3509 ἐθεοὺργει,
2501 3460 2522 3487 ε
2570 3437 2650 3491 Ἐν
2682 3435 2921 3510 δακτύλῳ
2966 3447 3119 3502 Θεοῦ,
3166 3439 3342 3511 λέγων,
3393 3439 3496 3513 ἐγὼ
3547 3436 3767 3510 δαιμόνια

2188 3524 2415 3578 ἐκϐάλλω
2447 3542 2459 3555 ·
2478 3546 2507 3578 ››
2537 3523 2789 3579 δάκτυλον
2817 3535 2950 3581 Θεοῦ
2979 3524 3073 3581 διὰ
3095 3532 3153 3581 τό
3181 3537 3271 3589 τῆς
3292 3530 3485 3590 οὐσίας
3506 3524 3766 3597 ἀδιάφορον

2186 3620 2276 3665 καὶ
2344 3622 2439 3676 τῆς
2491 3614 2741 3688 ἐνεργείας
2790 3620 2846 3668 τὸ
2906 3613 3288 3670 αὑτοδέσποτον
3345 3616 3676 3690 ἐπονομάζων
3721 3615 3769 3664 τὸ

2191 3711 2397 3776 Πνεῦμα
2419 3724 2431 3736 ·
2468 3726 2494 3756 ι(
2528 3705 2606 3757 Ἐν
2636 3710 2807 3777 μέντοι
2837 3713 2908 3776 τῷ
2941 3706 3074 3779 ἁγίῳ
3106 3709 3393 3779 Πνεὺματε,
3433 3712 3585 3779 φησι,
3616 3701 3769 3756 ἐκϐάλ·

2187 3794 2260 3845 λει
2289 3795 2353 3846 τὰ
2374 3789 2643 3865 δαιμόνια,
2676 3814 2704 3845 ν
2732 3793 2836 3865 οὑχ
2858 3797 2937 3847 ὁτι
2968 3794 3120 3856 αὑτὸς
3146 3794 3198 3858 ἐξ
3219 3795 3411 3848 ἐαυτοῦ
3437 3799 3510 3868 μή
3543 3791 3769 3853 ἠδύνατο,

2189 3881 2295 3934 ἀλλ’
2350 3882 2398 3934 ἐν
2458 3889 2619 3935 πᾶσιν
2678 3884 2835 3935 αὑτοῦ
2888 3890 2992 3945 τοῖς
3064 3886 3399 3959 θεοπρεπέσιν
3452 3887 3637 3959 ἔργοις,
3692 3882 3770 3935 τὴν

2187 3979 2279 4023 τοῦ
2329 3975 2533 4044 Πατρός
2579 3978 2668 4024 καὶ
2722 3974 3019 4043 Πνεῦματος
3066 3970 3319 4045 ἐνέργειαν
3379 3976 3448 4034 ὡς
3507 3972 3771 4044 ὀμοουσίων

2187 4064 2276 4112 καὶ
2320 4061 2557 4132 ὁμοφυῶν
2596 4066 2684 4113 καὶ
2730 4064 2859 4135 πρὸς
2905 4062 2953 4113 ἓν
2993 4067 3082 4113 καὶ
3120 4065 3177 4114 τὸ
3219 4062 3342 4113 αὑτό
3390 4061 3593 4133 Θέλημα
3630 4061 3773 4110 νευόνο

2185 4168 2282 4200 των
2334 4157 2681 4222 συμπαρεῖναι
2726 4146 2998 4201 διδάσκων
3032 4167 3044 4179 ·
3081 4146 3174 4203 διὰ
3212 4158 3369 4202 τοῦτο
3411 4153 3517 4222 γὰρ
3568 4153 3652 4200 καὶ
3687 4145 3775 4197 ἂι-

2186 4257 2292 4309 γεν,
2345 4260 2372 4288 ι(
2405 4238 2462 4290 Ὁ
2509 4243 2685 4310 Πατήρ
2727 4258 2825 4309 μου
2858 4240 2946 4299 ἕως
2984 4240 3104 4313 ἄρτι
3135 4238 3440 4311 ἐργάζεται,
3473 4238 3618 4309 καγῶ
3648 4235 3779 4308 ἐργά-

2191 4330 2346 4399 ζομαι
2373 4345 2383 4355 ·
2412 4348 2439 4377 υ
2459 4332 2571 4393 καὶ,
2592 4350 2618 4379 ε
2642 4328 2756 4399 Ἀφ’
2784 4328 2967 4381 ἐαυτοῦ
2990 4328 3047 4380 οὑ
3068 4328 3205 4380 λαλῶ
3229 4347 3241 4360 ·
3273 4350 3297 4377 »ι
3319 4333 3417 4381 καὶ
3443 4331 3525 4393 τὸ,
3556 4348 3580 4377 ε
3609 4327 3683 4377 Ἐν
3701 4320 3777 4375 δα·

423 4426 562 4467 ηοω
591 4417 859 4468 naturam
890 4415 948 4467 et
976 4418 1323 4485 potestatem
1353 4418 1409 4469 et
1428 4413 1709 4470 efﬁcaciae
1732 4421 1785 4470 et
1812 4418 2070 4472 volunta-

2189 4415 2354 4487 κτὺλῳ
2386 4424 2519 4469 Θεοῦ
2549 4416 2647 4489 ἐγὼ
2678 4416 2905 4469 ἐκϐάλλω
2934 4419 2996 4469 τὰ
3026 4413 3277 4489 δαιμόνια
3303 4437 3315 4448 '
3352 4440 3383 4469 η
3417 4422 3512 4471 καὶ
3544 4418 3642 4469 ὅσα
3669 4411 3782 4465 ἄλλα

423 4500 493 4556 tis
520 4501 803 4558 unitatem
831 4518 994 4557 sacre
1020 4502 1347 4575 loquuntur
1379 4509 1434 4559 et
1464 4502 1779 4559 addocent.
1813 4504 1948 4560 Scio
1978 4520 2078 4560 au-

424 4592 543 4644 tem
578 4590 876 4661 quosdam
905 4590 1100 4646 dicere
1132 4597 1256 4648 tum
1280 4608 1416 4647 cum
1436 4592 1746 4648 Dominica
1769 4593 2079 4666 responsio

425 4676 773 4748 proferetur,
807 4686 863 4734 et
890 4680 1010 4734 vim
1041 4696 1174 4736 eam
1207 4681 1493 4738 habuisse
1542 4681 2076 4753 circumscriptam.

426 4767 650 4823 Etenim
681 4775 821 4822 tunc
848 4771 1274 4826 resurrectione
1302 4772 1565 4827 nondum
1608 4772 1765 4827 facta
1795 4786 1988 4845 neque
2018 4772 2078 4827 in

424 4853 605 4911 caelos
631 4856 979 4912 ascensione
1009 4864 1341 4915 monstrata
1382 4876 1575 4932 neque
1600 4861 1816 4933 Spiritu
1841 4866 2079 4935 sponta-

423 4958 571 4999 neos
594 4950 649 4999 et
671 4960 1023 5001 communes
1046 4947 1208 5003 orbis
1230 4954 1518 5005 terrarum
1533 4956 1800 5005 oratores
1821 4950 2078 5022 discipu-

422 5033 513 5089 los
527 5032 836 5097 eﬂiciente,
851 5035 1120 5091 nondum
1144 5037 1427 5093 omnibus
1446 5038 1539 5093 his
1552 5038 1783 5093 eximiis
1795 5039 2074 5095 exsisten-

423 5122 605 5189 tibus,
635 5123 739 5195 qui
770 5121 830 5178 in
858 5124 1067 5179 Filium
1102 5126 1352 5182 hominis
1399 5126 1781 5198 blasphemat
1813 5132 1864 5183 et
1889 5127 2078 5182 homi-

423 5211 621 5279 nibus,
655 5212 925 5285 impingit
953 5213 1370 5271 remissionem
1419 5215 1699 5271 inveniet.
1747 5215 2076 5272 Adumbra-

424 5301 599 5357 batur
640 5303 800 5358 enim
852 5301 923 5358 iis
965 5320 1144 5360 carne
1195 5304 1474 5373 dignitas.
1513 5307 1572 5361 Ei
1617 5310 1815 5361 antem
1864 5307 1969 5379 qui
2016 5307 2076 5362 in

424 5390 705 5460 Spiritum
739 5398 1014 5449 sanctum
1047 5392 1439 5464 blasphemat,
1465 5410 1661 5468 neque
1700 5394 1760 5451 in
1803 5396 2075 5468 praesenti

497 5570 544 5606 ³³
577 5569 781 5628 Matth.
814 5588 916 5638 xu,
946 5576 1035 5630 28.
1070 5572 1116 5608 ⁸³
1148 5572 1323 5627 Joan.
1354 5592 1404 5641 v,
1438 5575 1524 5630 l7.
1558 5574 1606 5612 ⁸⁴
1636 5575 1808 5643 Joan,
1836 5590 1954 5649 xiv.
1981 5578 2070 5635 1οο

2188 4508 2246 4557 τὸ
2277 4507 2492 4577 ὁμοφυες
2535 4510 2623 4557 καὶ
2659 4502 2987 4578 ὀμοδὺναμον
3030 4511 3120 4558 καὶ
3159 4513 3249 4566 τῆς
3291 4505 3555 4579 ἐνεργείας
3583 4508 3666 4556 καὶ
3704 4506 3781 4552 τοῦ

2191 4594 2474 4666 θελήματος
2544 4598 2601 4646 τὸ
2675 4594 2861 4647 ἐνιαῖον
2942 4594 3268 4667 ίερολογοῦσι
3324 4590 3778 4647 ἐκδιδάσκουσιν·

2190 4680 2313 4736 οἰδα
2366 4680 2423 4736 δέ
2460 4704 2598 4744 τινας
2643 4684 2893 4751 εἰπόντας,
2937 4686 3016 4736 ὅτι
3055 4683 3167 4736 κατ’
3217 4683 3381 4735 ἐκεῖνο
3444 4688 3636 4755 καιροῦ
3683 4676 3781 4730 καθ’

2188 4773 2240 4824 ὃν
2272 4775 2300 4832 ἠ
2342 4777 2627 4830 Δεσποτική
2666 4772 2928 4845 ἀπόφασις
2955 4774 3230 4845 προήχθη,
3264 4777 3353 4824 καὶ
3384 4776 3447 4825 τὸ
3480 4773 3663 4847 κράτος
3689 4769 3786 4840 εἶχε

2186 4867 2663 4937 περιγραφόμενον·
2720 4866 2808 4914 καὶ
2863 4864 2964 4936 γὰρ
3013 4870 3301 4920 τηνικαῦτα
3340 4865 3496 4914 οὔπω
3539 4870 3631 4921 τῆς
3684 4856 3787 4908 ἀνα-

2188 4954 2417 5012 στάσεως
2447 4950 2752 5017 ἐπιστάσης,
2785 4948 2909 5005 οὑδε
2939 4959 3033 5013 τῆς
3076 4951 3148 5012 εἰς
3188 4951 3448 5023 οὑρανοὺς
3500 4947 3789 5019 ἀναλήψεως

2186 5036 2626 5113 ἐπιδεδειγμίνης,
2692 5038 2815 5093 οὑδέ
2871 5048 2964 5093 τοῦ
3041 5043 3340 5113 Πνεὺματος
3406 5034 3790 5111 αὐτοσχεδίους

2184 5134 2274 5182 καὶ
2320 5132 2523 5191 κοινοὺς
2578 5139 2667 5189 τῆς
2724 5128 3025 5201 οἰκουμένης
3088 5130 3307 5204 ῥήτορας
3361 5132 3495 5189 τοὺς
3561 5126 3787 5201 μαθητὰς

2185 5219 2539 5291 τελεσαμένου,
2597 5222 2739 5271 οῦπω
2791 5222 2985 5271 τούτων
3031 5227 3132 5271 τῶν
3181 5220 3628 5292 ὑπερφυεστάτων
3691 5214 3788 5267 ἐπι-

2189 5310 2435 5373 στάντων,
2471 5309 2496 5359 ὀ
2540 5310 2625 5358 τὸν
2670 5310 2787 5359 Υἱὸν
2840 5315 2930 5359 τοῦ
2978 5310 3253 5382 ανθρώπου
3306 5306 3667 5379 βλασφημῶν,
3712 5304 3791 5353 καὶ

2189 5404 2299 5459 τοῖς
2372 5395 2659 5470 ἀνθρώποις
2731 5402 3090 5469 προσπταίων,
3154 5400 3362 5473 εὑρήσει
3427 5398 3661 5470 οἰφεσιν·
3722 5392 3797 5444 ἐπ-
