  <div class='ocr_page' id='page_1' title='image "/cluster/home/n/w/nwhite01/storage/ocr_20150623/101/hvd.32044054112305/208.png"; bbox 0 0 4140 6198; ppageno 0'>
   <div class='ocr_carea' id='block_1_1' title="bbox 314 227 423 291">
    <p class='ocr_par' dir='ltr' id='par_1_1' title="bbox 314 227 423 291">
     <span class='ocr_line' id='line_1_1' title="bbox 314 227 423 291; baseline 0 0"><span class='ocrx_word' id='word_1_1' title='bbox 314 227 423 291; x_wconf 84' lang='lat'><strong>3‘77</strong></span> 
     </span>
    </p>
   </div>
   <div class='ocr_carea' id='block_1_2' title="bbox 1421 218 2569 299">
    <p class='ocr_par' dir='ltr' id='par_1_2' title="bbox 1421 218 2569 299">
     <span class='ocr_line' id='line_1_2' title="bbox 1421 218 2569 299; baseline 0.003 -12"><span class='ocrx_word' id='word_1_2' title='bbox 1421 220 1515 288; x_wconf 84' lang='lat' dir='ltr'><strong>AD</strong></span> <span class='ocrx_word' id='word_1_3' title='bbox 1555 218 2095 290; x_wconf 64' lang='lat' dir='ltr'><strong>AMPHILOCHIUM</strong></span> <span class='ocrx_word' id='word_1_4' title='bbox 2136 218 2464 299; x_wconf 58' lang='lat' dir='ltr'><strong>QUIESTIO</strong></span> <span class='ocrx_word' id='word_1_5' title='bbox 2505 221 2569 291; x_wconf 84' lang='lat' dir='ltr'><strong>L.</strong></span> 
     </span>
    </p>
   </div>
   <div class='ocr_carea' id='block_1_3' title="bbox 3577 230 3685 299">
    <p class='ocr_par' dir='ltr' id='par_1_3' title="bbox 3577 230 3685 299">
     <span class='ocr_line' id='line_1_3' title="bbox 3577 230 3685 299; baseline 0 -1"><span class='ocrx_word' id='word_1_6' title='bbox 3577 230 3685 299; x_wconf 76' lang='lat'><strong>378</strong></span> 
     </span>
    </p>
   </div>
   <div class='ocr_carea' id='block_1_4' title="bbox 316 352 1926 433">
    <p class='ocr_par' dir='ltr' id='par_1_4' title="bbox 316 359 1919 433">
     <span class='ocr_line' id='line_1_4' title="bbox 316 359 1919 433; baseline -0.001 -20"><span class='ocrx_word' id='word_1_7' title='bbox 316 363 597 424; x_wconf 79' lang='grc' dir='ltr'>εσκιάζετο</span> <span class='ocrx_word' id='word_1_8' title='bbox 634 362 733 433; x_wconf 83' lang='grc' dir='ltr'><strong>γὰρ</strong></span> <span class='ocrx_word' id='word_1_9' title='bbox 775 359 953 422; x_wconf 75' lang='grc' dir='ltr'>αὐτοῖς</span> <span class='ocrx_word' id='word_1_10' title='bbox 996 362 1072 412; x_wconf 75' lang='grc' dir='ltr'>ἔτι</span> <span class='ocrx_word' id='word_1_11' title='bbox 1108 364 1219 412; x_wconf 82' lang='grc' dir='ltr'>τότε</span> <span class='ocrx_word' id='word_1_12' title='bbox 1256 368 1329 430; x_wconf 85' lang='grc' dir='ltr'>τῷ</span> <span class='ocrx_word' id='word_1_13' title='bbox 1370 364 1569 433; x_wconf 87' lang='grc' dir='ltr'>σαρκίῳ</span> <span class='ocrx_word' id='word_1_14' title='bbox 1608 364 1666 413; x_wconf 80' lang='grc' dir='ltr'>τὸ</span> <span class='ocrx_word' id='word_1_15' title='bbox 1697 359 1919 433; x_wconf 68' lang='grc' dir='ltr'>ἀξίωμα</span> 
     </span>
    </p>
   </div>
   <div class='ocr_carea' id='block_1_5' title="bbox 2040 352 3681 433">
    <p class='ocr_par' dir='ltr' id='par_1_5' title="bbox 2040 352 3681 433">
     <span class='ocr_line' id='line_1_5' title="bbox 2040 352 3681 433; baseline 0.004 -20"><span class='ocrx_word' id='word_1_16' title='bbox 2040 363 2299 430; x_wconf 88' lang='lat' dir='ltr'><strong>tempore</strong></span> <span class='ocrx_word' id='word_1_17' title='bbox 2320 373 2513 431; x_wconf 91' lang='lat' dir='ltr'><strong>neque</strong></span> <span class='ocrx_word' id='word_1_18' title='bbox 2534 359 2592 414; x_wconf 93' lang='lat' dir='ltr'><strong>in</strong></span> <span class='ocrx_word' id='word_1_19' title='bbox 2621 358 2819 415; x_wconf 83' lang='lat' dir='ltr'><strong>futuro</strong></span> <span class='ocrx_word' id='word_1_20' title='bbox 2837 359 3055 416; x_wconf 68' lang='lat' dir='ltr'><strong>saaculo</strong></span> <span class='ocrx_word' id='word_1_21' title='bbox 3078 352 3466 433; x_wconf 69' lang='lat' dir='ltr'><strong>blasphemiae</strong></span> <span class='ocrx_word' id='word_1_22' title='bbox 3480 366 3681 421; x_wconf 84' lang='lat' dir='ltr'><strong>remis-</strong></span> 
     </span>
    </p>
   </div>
   <div class='ocr_carea' id='block_1_6' title="bbox 314 445 1923 522">
    <p class='ocr_par' dir='ltr' id='par_1_6' title="bbox 314 445 1923 522">
     <span class='ocr_line' id='line_1_6' title="bbox 314 445 1923 522; baseline -0.001 -22"><span class='ocrx_word' id='word_1_23' title='bbox 314 458 389 519; x_wconf 84' lang='grc' dir='ltr'>τῷ</span> <span class='ocrx_word' id='word_1_24' title='bbox 443 445 503 501; x_wconf 69' lang='grc' dir='ltr'>δὲ</span> <span class='ocrx_word' id='word_1_25' title='bbox 551 448 622 511; x_wconf 72' lang='grc' dir='ltr'><strong>είς</strong></span> <span class='ocrx_word' id='word_1_26' title='bbox 677 451 735 501; x_wconf 86' lang='grc' dir='ltr'>τὸ</span> <span class='ocrx_word' id='word_1_27' title='bbox 786 454 998 522; x_wconf 89' lang='grc' dir='ltr'>Πνεῦμα</span> <span class='ocrx_word' id='word_1_28' title='bbox 1039 447 1457 521; x_wconf 81' lang='grc' dir='ltr'>βλασφημοῦντι,</span> <span class='ocrx_word' id='word_1_29' title='bbox 1504 452 1621 502; x_wconf 76' lang='grc' dir='ltr'>οὔτε</span> <span class='ocrx_word' id='word_1_30' title='bbox 1657 452 1791 501; x_wconf 82' lang='grc' dir='ltr'>κατὰ</span> <span class='ocrx_word' id='word_1_31' title='bbox 1836 452 1923 500; x_wconf 87' lang='grc' dir='ltr'>τὸν</span> 
     </span>
    </p>
   </div>
   <div class='ocr_carea' id='block_1_7' title="bbox 314 537 1925 613">
    <p class='ocr_par' dir='ltr' id='par_1_7' title="bbox 314 537 1925 613">
     <span class='ocr_line' id='line_1_7' title="bbox 314 537 1925 613; baseline -0.001 -23"><span class='ocrx_word' id='word_1_32' title='bbox 314 542 500 613; x_wconf 86' lang='grc' dir='ltr'>καιρόν</span> <span class='ocrx_word' id='word_1_33' title='bbox 565 537 772 603; x_wconf 83' lang='grc' dir='ltr'>ἐκεῖνον,</span> <span class='ocrx_word' id='word_1_34' title='bbox 839 541 955 590; x_wconf 76' lang='grc' dir='ltr'>οὔτε</span> <span class='ocrx_word' id='word_1_35' title='bbox 1012 537 1060 589; x_wconf 79' lang='grc' dir='ltr'><strong>ἐν</strong></span> <span class='ocrx_word' id='word_1_36' title='bbox 1136 546 1207 607; x_wconf 85' lang='grc' dir='ltr'>τῷ</span> <span class='ocrx_word' id='word_1_37' title='bbox 1265 537 1495 609; x_wconf 86' lang='grc' dir='ltr'>μέλλοντι</span> <span class='ocrx_word' id='word_1_38' title='bbox 1545 538 1693 590; x_wconf 82' lang='grc' dir='ltr'><strong>αἰῶνι</strong></span> <span class='ocrx_word' id='word_1_39' title='bbox 1745 540 1774 596; x_wconf 85' lang='grc' dir='ltr'>ἡ</span> <span class='ocrx_word' id='word_1_40' title='bbox 1836 546 1925 598; x_wconf 81' lang='grc' dir='ltr'>τῆς</span> 
     </span>
    </p>
   </div>
   <div class='ocr_carea' id='block_1_8' title="bbox 316 623 1925 700">
    <p class='ocr_par' dir='ltr' id='par_1_8' title="bbox 316 623 1925 700">
     <span class='ocr_line' id='line_1_8' title="bbox 316 623 1925 700; baseline -0.002 -21"><span class='ocrx_word' id='word_1_41' title='bbox 316 627 663 700; x_wconf 80' lang='grc' dir='ltr'>βλασφημίας</span> <span class='ocrx_word' id='word_1_42' title='bbox 705 623 994 685; x_wconf 76' lang='grc' dir='ltr'><strong>δοθήσεται</strong></span> <span class='ocrx_word' id='word_1_43' title='bbox 1022 628 1224 699; x_wconf 81' lang='grc' dir='ltr'>ἄφεσις·</span> <span class='ocrx_word' id='word_1_44' title='bbox 1267 623 1418 678; x_wconf 68' lang='grc' dir='ltr'>οὐδὲν</span> <span class='ocrx_word' id='word_1_45' title='bbox 1442 630 1541 700; x_wconf 80' lang='grc' dir='ltr'><strong>γὰρ</strong></span> <span class='ocrx_word' id='word_1_46' title='bbox 1573 626 1925 700; x_wconf 79' lang='grc' dir='ltr'><strong>ἐπιπροσθοῦν</strong></span> 
     </span>
    </p>
   </div>
   <div class='ocr_carea' id='block_1_9' title="bbox 314 716 1922 789">
    <p class='ocr_par' dir='ltr' id='par_1_9' title="bbox 314 716 1922 789">
     <span class='ocr_line' id='line_1_9' title="bbox 314 716 1922 789; baseline -0.001 -20"><span class='ocrx_word' id='word_1_47' title='bbox 314 718 469 789; x_wconf 83' lang='grc' dir='ltr'>εἶχον</span> <span class='ocrx_word' id='word_1_48' title='bbox 521 717 661 768; x_wconf 83' lang='grc' dir='ltr'>οὗτοι</span> <span class='ocrx_word' id='word_1_49' title='bbox 713 720 840 787; x_wconf 86' lang='grc' dir='ltr'>πρὸς</span> <span class='ocrx_word' id='word_1_50' title='bbox 906 719 965 768; x_wconf 88' lang='grc' dir='ltr'>τὸ</span> <span class='ocrx_word' id='word_1_51' title='bbox 1020 720 1090 788; x_wconf 82' lang='grc' dir='ltr'>μὴ</span> <span class='ocrx_word' id='word_1_52' title='bbox 1145 718 1371 785; x_wconf 83' lang='grc' dir='ltr'>καθορᾷν</span> <span class='ocrx_word' id='word_1_53' title='bbox 1415 716 1603 778; x_wconf 73' lang='grc' dir='ltr'>αὐτούς</span> <span class='ocrx_word' id='word_1_54' title='bbox 1651 722 1744 774; x_wconf 84' lang='grc' dir='ltr'>τὴν</span> <span class='ocrx_word' id='word_1_55' title='bbox 1798 717 1922 789; x_wconf 76' lang='grc' dir='ltr'>ὑπερ</span> 
     </span>
    </p>
   </div>
   <div class='ocr_carea' id='block_1_10' title="bbox 311 801 1926 879">
    <p class='ocr_par' dir='ltr' id='par_1_10' title="bbox 311 801 1926 879">
     <span class='ocr_line' id='line_1_10' title="bbox 311 801 1926 879; baseline -0.001 -22"><span class='ocrx_word' id='word_1_56' title='bbox 311 804 472 877; x_wconf 85' lang='grc' dir='ltr'>λόγον</span> <span class='ocrx_word' id='word_1_57' title='bbox 521 807 775 879; x_wconf 78' lang='grc' dir='ltr'>ἐνέργειαν</span> <span class='ocrx_word' id='word_1_58' title='bbox 811 810 902 857; x_wconf 83' lang='grc' dir='ltr'>καὶ</span> <span class='ocrx_word' id='word_1_59' title='bbox 953 808 1041 865; x_wconf 83' lang='grc' dir='ltr'>τὰς</span> <span class='ocrx_word' id='word_1_60' title='bbox 1100 801 1172 857; x_wconf 84' lang='grc' dir='ltr'>δι’</span> <span class='ocrx_word' id='word_1_61' title='bbox 1234 805 1394 865; x_wconf 69' lang='grc' dir='ltr'>αὐτῆς</span> <span class='ocrx_word' id='word_1_62' title='bbox 1457 803 1926 877; x_wconf 77' lang='grc' dir='ltr'>ἁπαστραπτούσας</span> 
     </span>
    </p>
   </div>
   <div class='ocr_carea' id='block_1_11' title="bbox 313 890 1925 965">
    <p class='ocr_par' dir='ltr' id='par_1_11' title="bbox 313 890 1925 965">
     <span class='ocr_line' id='line_1_11' title="bbox 313 890 1925 965; baseline -0.001 -19"><span class='ocrx_word' id='word_1_63' title='bbox 313 902 416 957; x_wconf 78' lang='grc' dir='ltr'>τῆς</span> <span class='ocrx_word' id='word_1_64' title='bbox 438 897 680 954; x_wconf 74' lang='grc' dir='ltr'><strong>θεότητος</strong></span> <span class='ocrx_word' id='word_1_65' title='bbox 708 893 941 955; x_wconf 76' lang='grc' dir='ltr'>ἀκτῖνας.</span> <span class='ocrx_word' id='word_1_66' title='bbox 968 893 1148 947; x_wconf 72' lang='grc' dir='ltr'>’Δλλοι</span> <span class='ocrx_word' id='word_1_67' title='bbox 1180 890 1239 947; x_wconf 64' lang='grc' dir='ltr'>δι</span> <span class='ocrx_word' id='word_1_68' title='bbox 1267 897 1392 965; x_wconf 86' lang='grc' dir='ltr'>πρὸς</span> <span class='ocrx_word' id='word_1_69' title='bbox 1421 898 1662 951; x_wconf 81' lang='grc' dir='ltr'>τοιαύτην</span> <span class='ocrx_word' id='word_1_70' title='bbox 1690 890 1925 946; x_wconf 85' lang='grc' dir='ltr'>διάνοιαν</span> 
     </span>
    </p>
   </div>
   <div class='ocr_carea' id='block_1_12' title="bbox 317 981 1929 1057">
    <p class='ocr_par' dir='ltr' id='par_1_12' title="bbox 317 981 1929 1057">
     <span class='ocr_line' id='line_1_12' title="bbox 317 981 1929 1057; baseline -0.001 -22"><span class='ocrx_word' id='word_1_71' title='bbox 317 981 415 1036; x_wconf 83' lang='grc' dir='ltr'>διὰ</span> <span class='ocrx_word' id='word_1_72' title='bbox 463 992 564 1035; x_wconf 84' lang='grc' dir='ltr'>τῶν</span> <span class='ocrx_word' id='word_1_73' title='bbox 617 988 963 1057; x_wconf 74' lang='grc' dir='ltr'><strong>προκειμένων</strong></span> <span class='ocrx_word' id='word_1_74' title='bbox 1018 982 1253 1043; x_wconf 77' lang='grc' dir='ltr'>ἕλκοντας</span> <span class='ocrx_word' id='word_1_75' title='bbox 1289 984 1554 1057; x_wconf 57' lang='grc' dir='ltr'><strong>,ῥημάτων⁸</strong></span> <span class='ocrx_word' id='word_1_76' title='bbox 1607 988 1759 1035; x_wconf 90' lang='grc' dir='ltr'>ποίαν</span> <span class='ocrx_word' id='word_1_77' title='bbox 1808 985 1929 1035; x_wconf 86' lang='grc' dir='ltr'>ταύ-</span> 
     </span>
    </p>
   </div>
   <div class='ocr_carea' id='block_1_13' title="bbox 316 1068 1926 1145">
    <p class='ocr_par' dir='ltr' id='par_1_13' title="bbox 316 1068 1926 1145">
     <span class='ocr_line' id='line_1_13' title="bbox 316 1068 1926 1145; baseline -0.001 -20"><span class='ocrx_word' id='word_1_78' title='bbox 316 1086 459 1139; x_wconf 82' lang='grc' dir='ltr'>την;</span> <span class='ocrx_word' id='word_1_79' title='bbox 514 1079 607 1125; x_wconf 87' lang='grc' dir='ltr'><strong>τοῦ</strong></span> <span class='ocrx_word' id='word_1_80' title='bbox 646 1072 887 1145; x_wconf 77' lang='grc' dir='ltr'>λουτροῦ,</span> <span class='ocrx_word' id='word_1_81' title='bbox 931 1076 1080 1144; x_wconf 80' lang='grc' dir='ltr'>φασὶ,</span> <span class='ocrx_word' id='word_1_82' title='bbox 1120 1068 1215 1132; x_wconf 83' lang='grc' dir='ltr'>τῆς</span> <span class='ocrx_word' id='word_1_83' title='bbox 1264 1070 1486 1143; x_wconf 76' lang='grc' dir='ltr'><strong>ἀφέσεως</strong></span> <span class='ocrx_word' id='word_1_84' title='bbox 1533 1079 1626 1124; x_wconf 84' lang='grc' dir='ltr'><strong>τοῦ</strong></span> <span class='ocrx_word' id='word_1_85' title='bbox 1678 1071 1726 1123; x_wconf 77' lang='grc' dir='ltr'><strong>ἐν</strong></span> <span class='ocrx_word' id='word_1_86' title='bbox 1772 1076 1926 1123; x_wconf 86' lang='grc' dir='ltr'>παντὶ</span> 
     </span>
    </p>
   </div>
   <div class='ocr_carea' id='block_1_14' title="bbox 316 1160 1928 1235">
    <p class='ocr_par' dir='ltr' id='par_1_14' title="bbox 316 1160 1928 1235">
     <span class='ocr_line' id='line_1_14' title="bbox 316 1160 1928 1235; baseline -0.001 -22"><span class='ocrx_word' id='word_1_87' title='bbox 316 1163 454 1233; x_wconf 80' lang='grc' dir='ltr'>ἁγίῳ</span> <span class='ocrx_word' id='word_1_88' title='bbox 504 1166 594 1213; x_wconf 84' lang='grc' dir='ltr'>καὶ</span> <span class='ocrx_word' id='word_1_89' title='bbox 644 1167 771 1235; x_wconf 85' lang='grc' dir='ltr'>πυρὶ</span> <span class='ocrx_word' id='word_1_90' title='bbox 825 1160 1349 1235; x_wconf 84' lang='grc' dir='ltr'>τελεσιουργουμένου</span> <span class='ocrx_word' id='word_1_91' title='bbox 1407 1165 1566 1234; x_wconf 78' lang='grc' dir='ltr'>μήπω</span> <span class='ocrx_word' id='word_1_92' title='bbox 1634 1160 1928 1235; x_wconf 75' lang='grc' dir='ltr'>παρρησια-</span> 
     </span>
    </p>
   </div>
   <div class='ocr_carea' id='block_1_15' title="bbox 320 1247 1927 1325">
    <p class='ocr_par' dir='ltr' id='par_1_15' title="bbox 320 1247 1927 1325">
     <span class='ocr_line' id='line_1_15' title="bbox 320 1247 1927 1325; baseline -0.001 -22"><span class='ocrx_word' id='word_1_93' title='bbox 320 1256 540 1323; x_wconf 80' lang='grc' dir='ltr'>ζομένου</span> <span class='ocrx_word' id='word_1_94' title='bbox 573 1250 667 1302; x_wconf 76' lang='grc' dir='ltr'>οὐκ</span> <span class='ocrx_word' id='word_1_95' title='bbox 723 1247 783 1308; x_wconf 75' lang='grc' dir='ltr'>ἦν</span> <span class='ocrx_word' id='word_1_96' title='bbox 824 1251 985 1325; x_wconf 71' lang='grc' dir='ltr'>εὑρεῖν</span> <span class='ocrx_word' id='word_1_97' title='bbox 1024 1257 1094 1321; x_wconf 83' lang='grc' dir='ltr'>τῷ</span> <span class='ocrx_word' id='word_1_98' title='bbox 1125 1249 1198 1312; x_wconf 85' lang='grc' dir='ltr'><strong>εἰς</strong></span> <span class='ocrx_word' id='word_1_99' title='bbox 1242 1253 1297 1302; x_wconf 77' lang='grc' dir='ltr'>τὸ</span> <span class='ocrx_word' id='word_1_100' title='bbox 1352 1252 1483 1303; x_wconf 87' lang='grc' dir='ltr'>θεῖον</span> <span class='ocrx_word' id='word_1_101' title='bbox 1516 1257 1723 1321; x_wconf 81' lang='grc' dir='ltr'>Πνεῦμα</span> <span class='ocrx_word' id='word_1_102' title='bbox 1761 1248 1927 1322; x_wconf 86' lang='grc' dir='ltr'>βλασ-</span> 
     </span>
    </p>
   </div>
   <div class='ocr_carea' id='block_1_16' title="bbox 314 1336 1925 1412">
    <p class='ocr_par' dir='ltr' id='par_1_16' title="bbox 314 1336 1925 1412">
     <span class='ocr_line' id='line_1_16' title="bbox 314 1336 1925 1412; baseline -0.001 -20"><span class='ocrx_word' id='word_1_103' title='bbox 314 1345 627 1412; x_wconf 78' lang='grc' dir='ltr'>φημήσαντι</span> <span class='ocrx_word' id='word_1_104' title='bbox 706 1344 799 1399; x_wconf 75' lang='grc' dir='ltr'>τὴν</span> <span class='ocrx_word' id='word_1_105' title='bbox 873 1338 1073 1411; x_wconf 78' lang='grc' dir='ltr'>ἄφεσιν·</span> <span class='ocrx_word' id='word_1_106' title='bbox 1150 1340 1231 1391; x_wconf 87' lang='grc' dir='ltr'>ὃτι</span> <span class='ocrx_word' id='word_1_107' title='bbox 1302 1336 1441 1412; x_wconf 75' lang='grc' dir='ltr'>μηδί</span> <span class='ocrx_word' id='word_1_108' title='bbox 1514 1342 1572 1391; x_wconf 88' lang='grc' dir='ltr'>τὸ</span> <span class='ocrx_word' id='word_1_109' title='bbox 1637 1346 1925 1410; x_wconf 74' lang='grc' dir='ltr'>μετασχεῖν</span> 
     </span>
    </p>
   </div>
   <div class='ocr_carea' id='block_1_17' title="bbox 312 1424 1920 1502">
    <p class='ocr_par' dir='ltr' id='par_1_17' title="bbox 312 1424 1920 1502">
     <span class='ocr_line' id='line_1_17' title="bbox 312 1424 1920 1502; baseline 0.001 -22"><span class='ocrx_word' id='word_1_110' title='bbox 312 1427 434 1488; x_wconf 75' lang='grc' dir='ltr'>ἐνῆν</span> <span class='ocrx_word' id='word_1_111' title='bbox 488 1438 583 1490; x_wconf 85' lang='grc' dir='ltr'>τῆς</span> <span class='ocrx_word' id='word_1_112' title='bbox 628 1428 1028 1500; x_wconf 71' lang='grc' dir='ltr'>παλιγγενεσίας</span> <span class='ocrx_word' id='word_1_113' title='bbox 1078 1433 1167 1480; x_wconf 86' lang='grc' dir='ltr'>καὶ</span> <span class='ocrx_word' id='word_1_114' title='bbox 1222 1424 1316 1490; x_wconf 74' lang='grc' dir='ltr'>τῆς</span> <span class='ocrx_word' id='word_1_115' title='bbox 1366 1427 1554 1480; x_wconf 76' lang='grc' dir='ltr'>ἐκεῖθεν</span> <span class='ocrx_word' id='word_1_116' title='bbox 1599 1429 1920 1502; x_wconf 89' lang='grc' dir='ltr'>καθάρσεως.</span> 
     </span>
    </p>
   </div>
   <div class='ocr_carea' id='block_1_18' title="bbox 2032 447 3683 523">
    <p class='ocr_par' dir='ltr' id='par_1_18' title="bbox 2032 447 3683 523">
     <span class='ocr_line' id='line_1_18' title="bbox 2032 447 3683 523; baseline 0.004 -20"><span class='ocrx_word' id='word_1_117' title='bbox 2032 448 2120 503; x_wconf 89' lang='lat' dir='ltr'><strong>sio</strong></span> <span class='ocrx_word' id='word_1_118' title='bbox 2142 447 2399 503; x_wconf 82' lang='lat' dir='ltr'><strong>dabitur.</strong></span> <span class='ocrx_word' id='word_1_119' title='bbox 2430 447 2580 504; x_wconf 80' lang='lat' dir='ltr'><strong>Nihil</strong></span> <span class='ocrx_word' id='word_1_120' title='bbox 2598 449 2754 505; x_wconf 92' lang='lat' dir='ltr'><strong>enim</strong></span> <span class='ocrx_word' id='word_1_121' title='bbox 2778 450 3053 506; x_wconf 79' lang='lat' dir='ltr'><strong>obstabat</strong></span> <span class='ocrx_word' id='word_1_122' title='bbox 3091 452 3237 523; x_wconf 90' lang='lat' dir='ltr'><strong>quin</strong></span> <span class='ocrx_word' id='word_1_123' title='bbox 3270 452 3534 511; x_wconf 90' lang='lat' dir='ltr'><strong>viderent</strong></span> <span class='ocrx_word' id='word_1_124' title='bbox 3562 456 3683 510; x_wconf 86' lang='lat' dir='ltr'><strong>vim</strong></span> 
     </span>
    </p>
   </div>
   <div class='ocr_carea' id='block_1_19' title="bbox 2032 539 3683 612">
    <p class='ocr_par' dir='ltr' id='par_1_19' title="bbox 2032 539 3683 612">
     <span class='ocr_line' id='line_1_19' title="bbox 2032 539 3683 612; baseline 0.005 -21"><span class='ocrx_word' id='word_1_125' title='bbox 2032 553 2213 609; x_wconf 84' lang='lat' dir='ltr'><strong>supra</strong></span> <span class='ocrx_word' id='word_1_126' title='bbox 2246 543 2521 593; x_wconf 90' lang='lat' dir='ltr'><strong>naturam</strong></span> <span class='ocrx_word' id='word_1_127' title='bbox 2552 543 2608 594; x_wconf 91' lang='lat' dir='ltr'><strong>et</strong></span> <span class='ocrx_word' id='word_1_128' title='bbox 2646 554 2751 610; x_wconf 90' lang='lat' dir='ltr'><strong>per</strong></span> <span class='ocrx_word' id='word_1_129' title='bbox 2780 555 2913 595; x_wconf 89' lang='lat' dir='ltr'><strong>eam</strong></span> <span class='ocrx_word' id='word_1_130' title='bbox 2946 539 3323 612; x_wconf 78' lang='lat' dir='ltr'><strong>splendentes</strong></span> <span class='ocrx_word' id='word_1_131' title='bbox 3362 542 3683 600; x_wconf 75' lang='lat' dir='ltr'><strong>divinitatis</strong></span> 
     </span>
    </p>
   </div>
   <div class='ocr_carea' id='block_1_20' title="bbox 2031 627 3682 706">
    <p class='ocr_par' dir='ltr' id='par_1_20' title="bbox 2031 627 3682 706">
     <span class='ocr_line' id='line_1_20' title="bbox 2031 627 3682 706; baseline 0.005 -25"><span class='ocrx_word' id='word_1_132' title='bbox 2031 628 2248 682; x_wconf 89' lang='lat' dir='ltr'><strong>radios.</strong></span> <span class='ocrx_word' id='word_1_133' title='bbox 2278 627 2386 681; x_wconf 87' lang='lat' dir='ltr'><strong>Alii</strong></span> <span class='ocrx_word' id='word_1_134' title='bbox 2414 633 2613 683; x_wconf 91' lang='lat' dir='ltr'><strong>autem</strong></span> <span class='ocrx_word' id='word_1_135' title='bbox 2645 629 2720 684; x_wconf 90' lang='lat' dir='ltr'><strong>ad</strong></span> <span class='ocrx_word' id='word_1_136' title='bbox 2746 629 2904 684; x_wconf 86' lang='lat' dir='ltr'><strong>hunc</strong></span> <span class='ocrx_word' id='word_1_137' title='bbox 2922 646 3163 685; x_wconf 88' lang='lat' dir='ltr'><strong>sensum</strong></span> <span class='ocrx_word' id='word_1_138' title='bbox 3194 647 3298 703; x_wconf 90' lang='lat' dir='ltr'><strong>per</strong></span> <span class='ocrx_word' id='word_1_139' title='bbox 3330 632 3513 689; x_wconf 81' lang='lat' dir='ltr'><strong>verba</strong></span> <span class='ocrx_word' id='word_1_140' title='bbox 3534 650 3682 706; x_wconf 70' lang='lat' dir='ltr'><strong>prea-</strong></span> 
     </span>
    </p>
   </div>
   <div class='ocr_carea' id='block_1_21' title="bbox 2032 714 3680 790">
    <p class='ocr_par' dir='ltr' id='par_1_21' title="bbox 2032 714 3680 790">
     <span class='ocr_line' id='line_1_21' title="bbox 2032 714 3680 790; baseline 0.005 -21"><span class='ocrx_word' id='word_1_141' title='bbox 2032 714 2303 770; x_wconf 85' lang='lat' dir='ltr'><strong>cedentia</strong></span> <span class='ocrx_word' id='word_1_142' title='bbox 2343 716 2671 771; x_wconf 87' lang='lat' dir='ltr'><strong>trahuntur.</strong></span> <span class='ocrx_word' id='word_1_143' title='bbox 2713 716 2797 771; x_wconf 83' lang='lat' dir='ltr'><strong>Ad</strong></span> <span class='ocrx_word' id='word_1_144' title='bbox 2839 735 3019 789; x_wconf 87' lang='lat' dir='ltr'><strong>quem</strong></span> <span class='ocrx_word' id='word_1_145' title='bbox 3062 720 3237 789; x_wconf 79' lang='lat' dir='ltr'><strong>igitur</strong></span> <span class='ocrx_word' id='word_1_146' title='bbox 3275 720 3302 774; x_wconf 84' lang='lat'><strong>?</strong></span> <span class='ocrx_word' id='word_1_147' title='bbox 3335 724 3680 790; x_wconf 84' lang='lat' dir='ltr'><strong>Lavacrum,</strong></span> 
     </span>
    </p>
   </div>
   <div class='ocr_carea' id='block_1_22' title="bbox 2033 804 3687 879">
    <p class='ocr_par' dir='ltr' id='par_1_22' title="bbox 2033 804 3687 879">
     <span class='ocr_line' id='line_1_22' title="bbox 2033 804 3687 879; baseline 0.006 -20"><span class='ocrx_word' id='word_1_148' title='bbox 2033 804 2217 870; x_wconf 85' lang='lat' dir='ltr'><strong>aiunt,</strong></span> <span class='ocrx_word' id='word_1_149' title='bbox 2254 805 2663 861; x_wconf 87' lang='lat' dir='ltr'><strong>remissionem</strong></span> <span class='ocrx_word' id='word_1_150' title='bbox 2699 808 2755 861; x_wconf 93' lang='lat' dir='ltr'><strong>in</strong></span> <span class='ocrx_word' id='word_1_151' title='bbox 2797 823 2867 863; x_wconf 91' lang='lat' dir='ltr'><strong>eo</strong></span> <span class='ocrx_word' id='word_1_152' title='bbox 2896 809 2993 879; x_wconf 88' lang='lat' dir='ltr'><strong>qui</strong></span> <span class='ocrx_word' id='word_1_153' title='bbox 3037 814 3191 864; x_wconf 89' lang='lat' dir='ltr'><strong>totus</strong></span> <span class='ocrx_word' id='word_1_154' title='bbox 3225 816 3470 866; x_wconf 88' lang='lat' dir='ltr'><strong>sanctus</strong></span> <span class='ocrx_word' id='word_1_155' title='bbox 3511 816 3601 867; x_wconf 89' lang='lat' dir='ltr'><strong>est</strong></span> <span class='ocrx_word' id='word_1_156' title='bbox 3630 817 3687 869; x_wconf 89' lang='lat' dir='ltr'><strong>et</strong></span> 
     </span>
    </p>
   </div>
   <div class='ocr_carea' id='block_1_23' title="bbox 2031 890 3685 969">
    <p class='ocr_par' dir='ltr' id='par_1_23' title="bbox 2031 890 3685 969">
     <span class='ocr_line' id='line_1_23' title="bbox 2031 890 3685 969; baseline 0.006 -23"><span class='ocrx_word' id='word_1_157' title='bbox 2031 890 2168 960; x_wconf 85' lang='lat' dir='ltr'><strong>igne</strong></span> <span class='ocrx_word' id='word_1_158' title='bbox 2200 892 2531 964; x_wconf 86' lang='lat' dir='ltr'><strong>perficiens,</strong></span> <span class='ocrx_word' id='word_1_159' title='bbox 2577 894 2723 950; x_wconf 92' lang='lat' dir='ltr'><strong>dum</strong></span> <span class='ocrx_word' id='word_1_160' title='bbox 2766 896 3034 951; x_wconf 92' lang='lat' dir='ltr'><strong>nondum</strong></span> <span class='ocrx_word' id='word_1_161' title='bbox 3082 896 3265 953; x_wconf 83' lang='lat' dir='ltr'><strong>libere</strong></span> <span class='ocrx_word' id='word_1_162' title='bbox 3296 900 3531 969; x_wconf 82' lang='lat' dir='ltr'><strong>agebat,</strong></span> <span class='ocrx_word' id='word_1_163' title='bbox 3566 915 3685 955; x_wconf 91' lang='lat' dir='ltr'><strong>non</strong></span> 
     </span>
    </p>
   </div>
   <div class='ocr_carea' id='block_1_24' title="bbox 2032 981 3687 1060">
    <p class='ocr_par' dir='ltr' id='par_1_24' title="bbox 2032 981 3687 1060">
     <span class='ocr_line' id='line_1_24' title="bbox 2032 981 3687 1060; baseline 0.005 -24"><span class='ocrx_word' id='word_1_164' title='bbox 2032 986 2158 1036; x_wconf 89' lang='lat' dir='ltr'><strong>erat</strong></span> <span class='ocrx_word' id='word_1_165' title='bbox 2188 981 2470 1052; x_wconf 88' lang='lat' dir='ltr'><strong>possibile</strong></span> <span class='ocrx_word' id='word_1_166' title='bbox 2499 983 2551 1037; x_wconf 89' lang='lat' dir='ltr'><strong>ei</strong></span> <span class='ocrx_word' id='word_1_167' title='bbox 2580 984 2682 1055; x_wconf 88' lang='lat' dir='ltr'><strong>qui</strong></span> <span class='ocrx_word' id='word_1_168' title='bbox 2712 985 2770 1039; x_wconf 90' lang='lat' dir='ltr'><strong>in</strong></span> <span class='ocrx_word' id='word_1_169' title='bbox 2801 984 3070 1041; x_wconf 91' lang='lat' dir='ltr'><strong>divinum</strong></span> <span class='ocrx_word' id='word_1_170' title='bbox 3100 986 3380 1060; x_wconf 81' lang='lat' dir='ltr'><strong>Spiritum</strong></span> <span class='ocrx_word' id='word_1_171' title='bbox 3409 988 3687 1060; x_wconf 89' lang='lat' dir='ltr'><strong>blasphe-</strong></span> 
     </span>
    </p>
   </div>
   <div class='ocr_carea' id='block_1_25' title="bbox 2033 1070 3686 1148">
    <p class='ocr_par' dir='ltr' id='par_1_25' title="bbox 2033 1070 3686 1148">
     <span class='ocr_line' id='line_1_25' title="bbox 2033 1070 3686 1148; baseline 0.006 -24"><span class='ocrx_word' id='word_1_172' title='bbox 2033 1074 2177 1135; x_wconf 92' lang='lat' dir='ltr'><strong>mat,</strong></span> <span class='ocrx_word' id='word_1_173' title='bbox 2219 1070 2630 1128; x_wconf 86' lang='lat' dir='ltr'><strong>remissionem</strong></span> <span class='ocrx_word' id='word_1_174' title='bbox 2661 1074 2942 1137; x_wconf 87' lang='lat' dir='ltr'><strong>invenire,</strong></span> <span class='ocrx_word' id='word_1_175' title='bbox 2995 1074 3095 1147; x_wconf 86' lang='lat' dir='ltr'><strong>qui</strong></span> <span class='ocrx_word' id='word_1_176' title='bbox 3127 1074 3266 1131; x_wconf 92' lang='lat' dir='ltr'><strong>inde</strong></span> <span class='ocrx_word' id='word_1_177' title='bbox 3306 1077 3686 1148; x_wconf 81' lang='lat' dir='ltr'><strong>procedentis</strong></span> 
     </span>
    </p>
   </div>
   <div class='ocr_carea' id='block_1_26' title="bbox 2031 1160 3687 1236">
    <p class='ocr_par' dir='ltr' id='par_1_26' title="bbox 2031 1160 3687 1236">
     <span class='ocr_line' id='line_1_26' title="bbox 2031 1160 3687 1236; baseline 0.005 -22"><span class='ocrx_word' id='word_1_178' title='bbox 2031 1160 2501 1227; x_wconf 79' lang='lat' dir='ltr'><strong>regenerationis</strong></span> <span class='ocrx_word' id='word_1_179' title='bbox 2529 1166 2584 1216; x_wconf 93' lang='lat' dir='ltr'><strong>et</strong></span> <span class='ocrx_word' id='word_1_180' title='bbox 2610 1163 3035 1234; x_wconf 77' lang='lat' dir='ltr'><strong>purificationis</strong></span> <span class='ocrx_word' id='word_1_181' title='bbox 3055 1164 3408 1236; x_wconf 89' lang='lat' dir='ltr'><strong>participem</strong></span> <span class='ocrx_word' id='word_1_182' title='bbox 3435 1165 3555 1222; x_wconf 86' lang='lat' dir='ltr'><strong>ﬁeri</strong></span> <span class='ocrx_word' id='word_1_183' title='bbox 3579 1166 3687 1222; x_wconf 85' lang='lat' dir='ltr'><strong>im-</strong></span> 
     </span>
    </p>
   </div>
   <div class='ocr_carea' id='block_1_27' title="bbox 2033 1249 3687 1327">
    <p class='ocr_par' dir='ltr' id='par_1_27' title="bbox 2033 1249 3687 1327">
     <span class='ocr_line' id='line_1_27' title="bbox 2033 1249 3687 1327; baseline 0.005 -24"><span class='ocrx_word' id='word_1_184' title='bbox 2033 1249 2318 1321; x_wconf 88' lang='lat' dir='ltr'><strong>possibile</strong></span> <span class='ocrx_word' id='word_1_185' title='bbox 2350 1258 2492 1306; x_wconf 89' lang='lat' dir='ltr'><strong>erat.</strong></span> <span class='ocrx_word' id='word_1_186' title='bbox 2534 1253 2738 1324; x_wconf 86' lang='lat' dir='ltr'><strong>Itaque</strong></span> <span class='ocrx_word' id='word_1_187' title='bbox 2768 1254 2976 1309; x_wconf 90' lang='lat' dir='ltr'><strong>merito</strong></span> <span class='ocrx_word' id='word_1_188' title='bbox 3005 1254 3108 1326; x_wconf 90' lang='lat' dir='ltr'><strong>qui</strong></span> <span class='ocrx_word' id='word_1_189' title='bbox 3150 1254 3207 1309; x_wconf 92' lang='lat' dir='ltr'><strong>in</strong></span> <span class='ocrx_word' id='word_1_190' title='bbox 3244 1255 3525 1327; x_wconf 86' lang='lat' dir='ltr'><strong>Spiritum</strong></span> <span class='ocrx_word' id='word_1_191' title='bbox 3558 1272 3687 1312; x_wconf 87' lang='lat' dir='ltr'><strong>san-</strong></span> 
     </span>
    </p>
   </div>
   <div class='ocr_carea' id='block_1_28' title="bbox 2033 1338 3686 1414">
    <p class='ocr_par' dir='ltr' id='par_1_28' title="bbox 2033 1338 3686 1414">
     <span class='ocr_line' id='line_1_28' title="bbox 2033 1338 3686 1414; baseline 0.004 -20"><span class='ocrx_word' id='word_1_192' title='bbox 2033 1343 2185 1394; x_wconf 90' lang='lat' dir='ltr'><strong>ctum</strong></span> <span class='ocrx_word' id='word_1_193' title='bbox 2204 1338 2661 1411; x_wconf 86' lang='lat' dir='ltr'><strong>blasphemavit,</strong></span> <span class='ocrx_word' id='word_1_194' title='bbox 2683 1356 2875 1413; x_wconf 92' lang='lat' dir='ltr'><strong>neque</strong></span> <span class='ocrx_word' id='word_1_195' title='bbox 2890 1342 2948 1397; x_wconf 91' lang='lat' dir='ltr'><strong>in</strong></span> <span class='ocrx_word' id='word_1_196' title='bbox 2968 1342 3241 1414; x_wconf 77' lang='lat' dir='ltr'><strong>praesenti</strong></span> <span class='ocrx_word' id='word_1_197' title='bbox 3257 1345 3471 1401; x_wconf 58' lang='lat' dir='ltr'><strong>saeculo</strong></span> <span class='ocrx_word' id='word_1_198' title='bbox 3484 1350 3537 1400; x_wconf 92' lang='lat' dir='ltr'><strong>et</strong></span> <span class='ocrx_word' id='word_1_199' title='bbox 3553 1345 3686 1401; x_wconf 92' lang='lat' dir='ltr'><strong>ideo</strong></span> 
     </span>
    </p>
   </div>
   <div class='ocr_carea' id='block_1_29' title="bbox 2035 1426 3683 1499">
    <p class='ocr_par' dir='ltr' id='par_1_29' title="bbox 2035 1426 3683 1499">
     <span class='ocr_line' id='line_1_29' title="bbox 2035 1426 3683 1499; baseline 0.004 -18"><span class='ocrx_word' id='word_1_200' title='bbox 2035 1441 2229 1499; x_wconf 92' lang='lat' dir='ltr'><strong>neque</strong></span> <span class='ocrx_word' id='word_1_201' title='bbox 2259 1426 2318 1483; x_wconf 92' lang='lat' dir='ltr'><strong>in</strong></span> <span class='ocrx_word' id='word_1_202' title='bbox 2351 1427 2545 1483; x_wconf 90' lang='lat' dir='ltr'><strong>futuro</strong></span> <span class='ocrx_word' id='word_1_203' title='bbox 2575 1430 2734 1484; x_wconf 93' lang='lat' dir='ltr'><strong>nullo</strong></span> <span class='ocrx_word' id='word_1_204' title='bbox 2779 1432 2961 1486; x_wconf 91' lang='lat' dir='ltr'><strong>modo</strong></span> <span class='ocrx_word' id='word_1_205' title='bbox 2992 1431 3405 1488; x_wconf 89' lang='lat' dir='ltr'><strong>remissionem</strong></span> <span class='ocrx_word' id='word_1_206' title='bbox 3436 1433 3683 1489; x_wconf 84' lang='lat' dir='ltr'><strong>obtinet.</strong></span> 
     </span>
    </p>
   </div>
   <div class='ocr_carea' id='block_1_30' title="bbox 312 1514 3687 1592">
    <p class='ocr_par' dir='ltr' id='par_1_30' title="bbox 312 1514 3687 1592">
     <span class='ocr_line' id='line_1_30' title="bbox 312 1514 3687 1592; baseline 0.002 -23"><span class='ocrx_word' id='word_1_207' title='bbox 312 1515 406 1569; x_wconf 83' lang='grc' dir='ltr'>διὸ</span> <span class='ocrx_word' id='word_1_208' title='bbox 438 1518 651 1578; x_wconf 81' lang='grc' dir='ltr'><strong>εἰκότως</strong></span> <span class='ocrx_word' id='word_1_209' title='bbox 678 1518 703 1568; x_wconf 96' lang='lat'><strong>6</strong></span> <span class='ocrx_word' id='word_1_210' title='bbox 737 1517 806 1579; x_wconf 82' lang='grc' dir='ltr'><strong>εἰς</strong></span> <span class='ocrx_word' id='word_1_211' title='bbox 847 1520 905 1569; x_wconf 83' lang='grc' dir='ltr'>τὸ</span> <span class='ocrx_word' id='word_1_212' title='bbox 934 1522 1140 1588; x_wconf 84' lang='grc' dir='ltr'>Πνεῦμα</span> <span class='ocrx_word' id='word_1_213' title='bbox 1169 1520 1225 1568; x_wconf 83' lang='grc' dir='ltr'>τὸ</span> <span class='ocrx_word' id='word_1_214' title='bbox 1256 1516 1405 1588; x_wconf 77' lang='grc' dir='ltr'>ἅγιον</span> <span class='ocrx_word' id='word_1_215' title='bbox 1428 1514 1843 1589; x_wconf 75' lang='grc' dir='ltr'>βλασφημήσας,</span> <span class='ocrx_word' id='word_1_216' title='bbox 1867 1519 1983 1567; x_wconf 73' lang='grc' dir='ltr'>οὔτε</span> <span class='ocrx_word' id='word_1_217' title='bbox 2003 1514 2053 1568; x_wconf 86' lang='grc' dir='ltr'><strong>ἐν</strong></span> <span class='ocrx_word' id='word_1_218' title='bbox 2078 1524 2149 1586; x_wconf 84' lang='grc' dir='ltr'>τῷ</span> <span class='ocrx_word' id='word_1_219' title='bbox 2169 1523 2257 1567; x_wconf 90' lang='grc' dir='ltr'><strong>νῦν</strong></span> <span class='ocrx_word' id='word_1_220' title='bbox 2289 1517 2456 1585; x_wconf 86' lang='grc' dir='ltr'>αἰῶνι,</span> <span class='ocrx_word' id='word_1_221' title='bbox 2486 1523 2576 1570; x_wconf 86' lang='grc' dir='ltr'>καὶ</span> <span class='ocrx_word' id='word_1_222' title='bbox 2610 1515 2703 1570; x_wconf 82' lang='grc' dir='ltr'><strong>διὰ</strong></span> <span class='ocrx_word' id='word_1_223' title='bbox 2732 1526 2884 1571; x_wconf 86' lang='grc' dir='ltr'>τοῦτο</span> <span class='ocrx_word' id='word_1_224' title='bbox 2906 1516 3029 1573; x_wconf 75' lang='grc' dir='ltr'>οὐδε</span> <span class='ocrx_word' id='word_1_225' title='bbox 3068 1518 3115 1572; x_wconf 78' lang='grc' dir='ltr'><strong>ἐν</strong></span> <span class='ocrx_word' id='word_1_226' title='bbox 3140 1528 3210 1590; x_wconf 83' lang='grc' dir='ltr'>τῷ</span> <span class='ocrx_word' id='word_1_227' title='bbox 3242 1521 3493 1592; x_wconf 86' lang='grc' dir='ltr'>μέλλοντι,</span> <span class='ocrx_word' id='word_1_228' title='bbox 3527 1520 3687 1575; x_wconf 81' lang='grc' dir='ltr'>οὖδα-</span> 
     </span>
    </p>
   </div>
   <div class='ocr_carea' id='block_1_31' title="bbox 311 1604 1122 1678">
    <p class='ocr_par' dir='ltr' id='par_1_31' title="bbox 311 1604 1122 1678">
     <span class='ocr_line' id='line_1_31' title="bbox 311 1604 1122 1678; baseline 0.002 -21"><span class='ocrx_word' id='word_1_229' title='bbox 311 1615 428 1678; x_wconf 85' lang='grc' dir='ltr'>μῶς</span> <span class='ocrx_word' id='word_1_230' title='bbox 468 1608 721 1678; x_wconf 79' lang='grc' dir='ltr'>τυγχάνει</span> <span class='ocrx_word' id='word_1_231' title='bbox 752 1613 843 1666; x_wconf 81' lang='grc' dir='ltr'>τῆς</span> <span class='ocrx_word' id='word_1_232' title='bbox 881 1604 1122 1678; x_wconf 77' lang='grc' dir='ltr'>ἀφέσεως.</span> 
     </span>
    </p>
   </div>
   <div class='ocr_carea' id='block_1_32' title="bbox 912 1703 1346 1757">
    <p class='ocr_par' dir='ltr' id='par_1_32' title="bbox 912 1703 1346 1757">
     <span class='ocr_line' id='line_1_32' title="bbox 912 1703 1346 1757; baseline 0.002 -1"><span class='ocrx_word' id='word_1_233' title='bbox 912 1709 1226 1756; x_wconf 81' lang='grc' dir='ltr'><strong>ΕΡΩΤΗΣΙΣ</strong></span> <span class='ocrx_word' id='word_1_234' title='bbox 1263 1703 1346 1757; x_wconf 86' lang='grc' dir='ltr'><strong>Ν’.</strong></span> 
     </span>
    </p>
   </div>
   <div class='ocr_carea' id='block_1_33' title="bbox 310 1810 1920 1902">
    <p class='ocr_par' dir='ltr' id='par_1_33' title="bbox 310 1810 1920 1902">
     <span class='ocr_line' id='line_1_33' title="bbox 310 1810 1920 1902; baseline -0.002 -37"><span class='ocrx_word' id='word_1_235' title='bbox 310 1819 421 1865; x_wconf 86' lang='grc' dir='ltr'>Τοῦ</span> <span class='ocrx_word' id='word_1_236' title='bbox 494 1812 1030 1902; x_wconf 25' lang='grc' dir='ltr'>μακαρίίευἏΛΜάρκου</span> <span class='ocrx_word' id='word_1_237' title='bbox 1092 1816 1181 1897; x_wconf 73' lang='grc' dir='ltr'>καὶ</span> <span class='ocrx_word' id='word_1_238' title='bbox 1243 1810 1608 1898; x_wconf 55' lang='grc' dir='ltr'>εραγγελιστοῦ</span> <span class='ocrx_word' id='word_1_239' title='bbox 1666 1814 1920 1896; x_wconf 68' lang='grc' dir='ltr'>γεγραφό-</span> 
     </span>
    </p>
   </div>
   <div class='ocr_carea' id='block_1_34' title="bbox 389 1881 1919 1972">
    <p class='ocr_par' dir='ltr' id='par_1_34' title="bbox 389 1881 1919 1972">
     <span class='ocr_line' id='line_1_34' title="bbox 389 1881 1919 1972; baseline -0.002 -37"><span class='ocrx_word' id='word_1_240' title='bbox 389 1881 503 1942; x_wconf 63' lang='grc' dir='ltr'>τοςέ</span> <span class='ocrx_word' id='word_1_241' title='bbox 549 1905 577 1932; x_wconf 77' lang='grc' dir='ltr'>(ι</span> <span class='ocrx_word' id='word_1_242' title='bbox 638 1881 986 1944; x_wconf 65' lang='grc' dir='ltr'>Ἐξῆλθονρί</span> <span class='ocrx_word' id='word_1_243' title='bbox 1034 1883 1155 1954; x_wconf 87' lang='grc' dir='ltr'>παρ’</span> <span class='ocrx_word' id='word_1_244' title='bbox 1210 1881 1370 1934; x_wconf 72' lang='grc' dir='ltr'>αὐτοῦ</span> <span class='ocrx_word' id='word_1_245' title='bbox 1432 1901 1693 1972; x_wconf 81' lang='grc' dir='ltr'>κρατησαι</span> <span class='ocrx_word' id='word_1_246' title='bbox 1746 1881 1919 1933; x_wconf 83' lang='grc' dir='ltr'>αύτον·</span> 
     </span>
     <span class='ocr_line' id='line_1_35' title="bbox 392 1952 1887 1972; baseline -0.003 0"><span class='ocrx_word' id='word_1_247' title='bbox 392 1955 434 1972; x_wconf 64' lang='grc' dir='ltr'><strong>η</strong></span> <span class='ocrx_word' id='word_1_248' title='bbox 665 1957 673 1969; x_wconf 62' lang='grc' dir='ltr'><strong>ε</strong></span> <span class='ocrx_word' id='word_1_249' title='bbox 782 1955 801 1967; x_wconf 69' lang='grc'><strong>⁸*</strong></span> <span class='ocrx_word' id='word_1_250' title='bbox 904 1952 974 1972; x_wconf 64' lang='grc' dir='ltr'><strong>ξνρ</strong></span> <span class='ocrx_word' id='word_1_251' title='bbox 1133 1970 1140 1972; x_wconf 38' lang='grc' dir='ltr'><em>Α</em></span> <span class='ocrx_word' id='word_1_252' title='bbox 1347 1958 1357 1969; x_wconf 82' lang='grc' dir='ltr'><strong>ι</strong></span> <span class='ocrx_word' id='word_1_253' title='bbox 1460 1968 1466 1972; x_wconf 74' lang='grc'><em>,</em></span> <span class='ocrx_word' id='word_1_254' title='bbox 1605 1959 1614 1970; x_wconf 72' lang='grc' dir='ltr'><strong>ο</strong></span> <span class='ocrx_word' id='word_1_255' title='bbox 1729 1958 1739 1969; x_wconf 65' lang='grc'><strong>1</strong></span> <span class='ocrx_word' id='word_1_256' title='bbox 1870 1961 1887 1967; x_wconf 74' lang='grc'>..</span> 
     </span>
    </p>
   </div>
   <div class='ocr_carea' id='block_1_35' title="bbox 389 1952 1923 2041">
    <p class='ocr_par' dir='ltr' id='par_1_35' title="bbox 389 1952 1923 2041">
     <span class='ocr_line' id='line_1_36' title="bbox 389 1952 1923 2041; baseline -0.002 -35"><span class='ocrx_word' id='word_1_257' title='bbox 389 1955 565 2025; x_wconf 81' lang='grc' dir='ltr'>ἰλεγον</span> <span class='ocrx_word' id='word_1_258' title='bbox 616 1957 716 2025; x_wconf 78' lang='grc' dir='ltr'><strong>γὰρ</strong></span> <span class='ocrx_word' id='word_1_259' title='bbox 775 1955 856 2005; x_wconf 86' lang='grc' dir='ltr'>ὅτι</span> <span class='ocrx_word' id='word_1_260' title='bbox 896 1952 1073 2015; x_wconf 78' lang='grc' dir='ltr'>ἐξέστη</span> <span class='ocrx_word' id='word_1_261' title='bbox 1108 1952 1142 1983; x_wconf 48' lang='grc'><strong><em>³</em></strong></span> <span class='ocrx_word' id='word_1_262' title='bbox 1190 1974 1213 2003; x_wconf 74' lang='grc' dir='ltr'><strong>ν</strong></span> <span class='ocrx_word' id='word_1_263' title='bbox 1272 1958 1394 2005; x_wconf 88' lang='grc' dir='ltr'>ποία</span> <span class='ocrx_word' id='word_1_264' title='bbox 1442 1952 1651 2041; x_wconf 59' lang='grc' dir='ltr'>διανοίει</span> <span class='ocrx_word' id='word_1_265' title='bbox 1683 1958 1777 2011; x_wconf 83' lang='grc' dir='ltr'>τὴν</span> <span class='ocrx_word' id='word_1_266' title='bbox 1824 1961 1923 2004; x_wconf 87' lang='grc' dir='ltr'>τῶν</span> 
     </span>
     <span class='ocr_line' id='line_1_37' title="bbox 402 2024 1795 2041; baseline 0.001 -1"><span class='ocrx_word' id='word_1_267' title='bbox 402 2027 412 2037; x_wconf 84' lang='grc'><strong>.</strong></span> <span class='ocrx_word' id='word_1_268' title='bbox 527 2027 538 2039; x_wconf 87' lang='grc'><strong>.</strong></span> <span class='ocrx_word' id='word_1_269' title='bbox 822 2027 876 2041; x_wconf 62' lang='grc' dir='ltr'>λ,</span> <span class='ocrx_word' id='word_1_270' title='bbox 1072 2024 1084 2033; x_wconf 69' lang='grc' dir='ltr'><strong><em>ρ</em></strong></span> <span class='ocrx_word' id='word_1_271' title='bbox 1184 2025 1234 2041; x_wconf 85' lang='grc'><strong>...</strong></span> <span class='ocrx_word' id='word_1_272' title='bbox 1508 2025 1521 2040; x_wconf 74' lang='grc'>,</span> <span class='ocrx_word' id='word_1_273' title='bbox 1774 2027 1795 2041; x_wconf 94' lang='grc'><strong>.</strong></span> 
     </span>
    </p>
   </div>
   <div class='ocr_carea' id='block_1_36' title="bbox 388 2024 1924 2100">
    <p class='ocr_par' dir='ltr' id='par_1_36' title="bbox 388 2024 1924 2100">
     <span class='ocr_line' id='line_1_38' title="bbox 388 2024 1924 2100; baseline -0.002 -22"><span class='ocrx_word' id='word_1_274' title='bbox 388 2024 641 2100; x_wconf 74' lang='grc' dir='ltr'>ῥημάτων</span> <span class='ocrx_word' id='word_1_275' title='bbox 690 2024 977 2100; x_wconf 75' lang='grc' dir='ltr'>συνθήκην</span> <span class='ocrx_word' id='word_1_276' title='bbox 1051 2024 1390 2100; x_wconf 66' lang='grc' dir='ltr'>ρερμόζοντες,</span> <span class='ocrx_word' id='word_1_277' title='bbox 1465 2025 1559 2077; x_wconf 78' lang='grc' dir='ltr'><strong>οῦκ</strong></span> <span class='ocrx_word' id='word_1_278' title='bbox 1615 2024 1675 2076; x_wconf 81' lang='grc' dir='ltr'>ὄιν</span> <span class='ocrx_word' id='word_1_279' title='bbox 1752 2027 1924 2095; x_wconf 82' lang='grc' dir='ltr'>εἴημεν</span> 
     </span>
    </p>
   </div>
   <div class='ocr_carea' id='block_1_37' title="bbox 389 2094 1921 2171">
    <p class='ocr_par' dir='ltr' id='par_1_37' title="bbox 389 2094 1921 2171">
     <span class='ocr_line' id='line_1_39' title="bbox 389 2094 1921 2171; baseline -0.001 -22"><span class='ocrx_word' id='word_1_280' title='bbox 389 2094 572 2171; x_wconf 70' lang='grc' dir='ltr'>πόρρω</span> <span class='ocrx_word' id='word_1_281' title='bbox 672 2103 764 2148; x_wconf 90' lang='grc' dir='ltr'><strong>τοῦ</strong></span> <span class='ocrx_word' id='word_1_282' title='bbox 863 2094 1197 2168; x_wconf 73' lang='grc' dir='ltr'>εὐαγγελικοῦ</span> <span class='ocrx_word' id='word_1_283' title='bbox 1295 2094 1628 2169; x_wconf 76' lang='grc' dir='ltr'>διηγήματος</span> <span class='ocrx_word' id='word_1_284' title='bbox 1740 2094 1921 2168; x_wconf 85' lang='grc' dir='ltr'>παρεν-</span> 
     </span>
    </p>
   </div>
   <div class='ocr_carea' id='block_1_38' title="bbox 391 2185 715 2241">
    <p class='ocr_par' dir='ltr' id='par_1_38' title="bbox 391 2185 715 2241">
     <span class='ocr_line' id='line_1_40' title="bbox 391 2185 715 2241; baseline -0.003 -22"><span class='ocrx_word' id='word_1_285' title='bbox 391 2186 659 2241; x_wconf 85' lang='grc' dir='ltr'>ηνεγμενοι</span> <span class='ocrx_word' id='word_1_286' title='bbox 701 2185 715 2234; x_wconf 87' lang='grc'><strong>;</strong></span> 
     </span>
    </p>
   </div>
   <div class='ocr_carea' id='block_1_39' title="bbox 2461 1704 3224 1778">
    <p class='ocr_par' dir='ltr' id='par_1_39' title="bbox 2461 1704 3224 1778">
     <span class='ocr_line' id='line_1_41' title="bbox 2461 1704 3224 1778; baseline 0.007 -18"><span class='ocrx_word' id='word_1_287' title='bbox 2461 1704 2790 1770; x_wconf 71' lang='grc' dir='ltr'><strong>ΟΠᾹΞΞΤΙΟ</strong></span> <span class='ocrx_word' id='word_1_288' title='bbox 2817 1707 2855 1761; x_wconf 87' lang='lat' dir='ltr'><strong>L</strong></span> <span class='ocrx_word' id='word_1_289' title='bbox 2883 1704 2992 1773; x_wconf 81' lang='grc' dir='ltr'>[αι.</span> <span class='ocrx_word' id='word_1_290' title='bbox 3024 1708 3224 1778; x_wconf 81' lang='lat' dir='ltr'><strong>XLIX].</strong></span> 
     </span>
    </p>
   </div>
   <div class='ocr_carea' id='block_1_40' title="bbox 2037 1810 3687 1884">
    <p class='ocr_par' dir='ltr' id='par_1_40' title="bbox 2037 1810 3687 1884">
     <span class='ocr_line' id='line_1_42' title="bbox 2037 1810 3687 1884; baseline 0.005 -19"><span class='ocrx_word' id='word_1_291' title='bbox 2037 1810 2209 1884; x_wconf 4' lang='lat' dir='ltr'><strong>Beati,</strong></span> <span class='ocrx_word' id='word_1_292' title='bbox 2230 1812 2423 1867; x_wconf 76' lang='lat' dir='ltr'><strong>Marci</strong></span> <span class='ocrx_word' id='word_1_293' title='bbox 2437 1819 2489 1868; x_wconf 85' lang='lat' dir='ltr'><strong>et</strong></span> <span class='ocrx_word' id='word_1_294' title='bbox 2507 1813 2898 1881; x_wconf 65' lang='lat' dir='ltr'><strong>Evangelista!</strong></span> <span class='ocrx_word' id='word_1_295' title='bbox 2912 1813 3019 1884; x_wconf 75' lang='lat' dir='ltr'><strong>qui</strong></span> <span class='ocrx_word' id='word_1_296' title='bbox 3037 1814 3267 1883; x_wconf 77' lang='lat' dir='ltr'><strong>scripsit</strong></span> <span class='ocrx_word' id='word_1_297' title='bbox 3292 1830 3305 1869; x_wconf 86' lang='lat'><strong>:</strong></span> <span class='ocrx_word' id='word_1_298' title='bbox 3329 1838 3357 1865; x_wconf 84' lang='lat'><strong>«</strong></span> <span class='ocrx_word' id='word_1_299' title='bbox 3397 1815 3687 1872; x_wconf 70' lang='lat' dir='ltr'><strong>Exierunt</strong></span> 
     </span>
    </p>
   </div>
   <div class='ocr_carea' id='block_1_41' title="bbox 2107 1882 3682 1953">
    <p class='ocr_par' dir='ltr' id='par_1_41' title="bbox 2107 1882 3682 1953">
     <span class='ocr_line' id='line_1_43' title="bbox 2107 1882 3682 1953; baseline 0.004 -17"><span class='ocrx_word' id='word_1_300' title='bbox 2107 1882 2211 1953; x_wconf 81' lang='lat' dir='ltr'><strong>qui</strong></span> <span class='ocrx_word' id='word_1_301' title='bbox 2219 1885 2405 1952; x_wconf 74' lang='lat' dir='ltr'><strong>juxta</strong></span> <span class='ocrx_word' id='word_1_302' title='bbox 2424 1899 2556 1939; x_wconf 83' lang='lat' dir='ltr'><strong>eum</strong></span> <span class='ocrx_word' id='word_1_303' title='bbox 2586 1894 2645 1939; x_wconf 82' lang='lat' dir='ltr'><strong>ut</strong></span> <span class='ocrx_word' id='word_1_304' title='bbox 2666 1882 2937 1940; x_wconf 78' lang='lat' dir='ltr'><strong>tenerunt</strong></span> <span class='ocrx_word' id='word_1_305' title='bbox 2963 1885 3126 1941; x_wconf 81' lang='lat' dir='ltr'><strong>illum</strong></span> <span class='ocrx_word' id='word_1_306' title='bbox 3151 1882 3165 1953; x_wconf 63' lang='grc' dir='ltr'><strong><em>ζ</em></strong></span> <span class='ocrx_word' id='word_1_307' title='bbox 3189 1885 3458 1942; x_wconf 78' lang='lat' dir='ltr'><strong>dicebant</strong></span> <span class='ocrx_word' id='word_1_308' title='bbox 3483 1888 3634 1943; x_wconf 73' lang='lat' dir='ltr'><strong>enim</strong></span> <span class='ocrx_word' id='word_1_309' title='bbox 3669 1907 3682 1943; x_wconf 90' lang='lat'><strong>:</strong></span> 
     </span>
    </p>
   </div>
   <div class='ocr_carea' id='block_1_42' title="bbox 2104 1954 3686 2027">
    <p class='ocr_par' dir='ltr' id='par_1_42' title="bbox 2104 1954 3686 2027">
     <span class='ocr_line' id='line_1_44' title="bbox 2104 1954 3686 2027; baseline 0.004 -20"><span class='ocrx_word' id='word_1_310' title='bbox 2104 1954 2378 2027; x_wconf 78' lang='lat' dir='ltr'><strong>quoniam</strong></span> <span class='ocrx_word' id='word_1_311' title='bbox 2412 1956 2471 2009; x_wconf 80' lang='lat' dir='ltr'><strong>in</strong></span> <span class='ocrx_word' id='word_1_312' title='bbox 2495 1957 2764 2023; x_wconf 76' lang='lat' dir='ltr'><strong>furorem</strong></span> <span class='ocrx_word' id='word_1_313' title='bbox 2790 1972 2987 2012; x_wconf 81' lang='lat' dir='ltr'><strong>versus</strong></span> <span class='ocrx_word' id='word_1_314' title='bbox 3015 1963 3095 2012; x_wconf 85' lang='lat' dir='ltr'><strong>est</strong></span> <span class='ocrx_word' id='word_1_315' title='bbox 3130 1975 3142 2025; x_wconf 90' lang='lat'>;</span> <span class='ocrx_word' id='word_1_316' title='bbox 3179 1979 3206 2006; x_wconf 90' lang='grc'><strong>››</strong></span> <span class='ocrx_word' id='word_1_317' title='bbox 3237 1972 3486 2027; x_wconf 84' lang='lat' dir='ltr'><strong>quonam</strong></span> <span class='ocrx_word' id='word_1_318' title='bbox 3513 1974 3686 2015; x_wconf 83' lang='lat' dir='ltr'><strong>sensu</strong></span> 
     </span>
    </p>
   </div>
   <div class='ocr_carea' id='block_1_43' title="bbox 2104 2024 3687 2100">
    <p class='ocr_par' dir='ltr' id='par_1_43' title="bbox 2104 2024 3687 2100">
     <span class='ocr_line' id='line_1_45' title="bbox 2104 2024 3687 2100; baseline 0.005 -22"><span class='ocrx_word' id='word_1_319' title='bbox 2104 2024 2405 2100; x_wconf 76' lang='lat' dir='ltr'><strong>verborum</strong></span> <span class='ocrx_word' id='word_1_320' title='bbox 2422 2030 2755 2100; x_wconf 71' lang='lat' dir='ltr'><strong>contextum</strong></span> <span class='ocrx_word' id='word_1_321' title='bbox 2773 2033 3068 2100; x_wconf 78' lang='lat' dir='ltr'><strong>aptantes,</strong></span> <span class='ocrx_word' id='word_1_322' title='bbox 3087 2024 3205 2100; x_wconf 86' lang='lat' dir='ltr'><strong>non</strong></span> <span class='ocrx_word' id='word_1_323' title='bbox 3220 2024 3467 2086; x_wconf 73' lang='lat' dir='ltr'><strong>essemus</strong></span> <span class='ocrx_word' id='word_1_324' title='bbox 3479 2030 3687 2100; x_wconf 79' lang='lat' dir='ltr'><strong>procul</strong></span> 
     </span>
    </p>
   </div>
   <div class='ocr_carea' id='block_1_44' title="bbox 2104 2096 3246 2167">
    <p class='ocr_par' dir='ltr' id='par_1_44' title="bbox 2104 2096 3246 2167">
     <span class='ocr_line' id='line_1_46' title="bbox 2104 2096 3246 2167; baseline 0.003 -17"><span class='ocrx_word' id='word_1_325' title='bbox 2104 2096 2180 2150; x_wconf 88' lang='lat' dir='ltr'><strong>ab</strong></span> <span class='ocrx_word' id='word_1_326' title='bbox 2206 2097 2539 2167; x_wconf 72' lang='lat' dir='ltr'><strong>evangelica</strong></span> <span class='ocrx_word' id='word_1_327' title='bbox 2565 2101 2915 2155; x_wconf 77' lang='lat' dir='ltr'><strong>narratione</strong></span> <span class='ocrx_word' id='word_1_328' title='bbox 2944 2099 3186 2154; x_wconf 78' lang='lat' dir='ltr'><strong>abducti</strong></span> <span class='ocrx_word' id='word_1_329' title='bbox 3216 2100 3246 2153; x_wconf 75' lang='lat'><strong><em>?</em></strong></span> 
     </span>
    </p>
   </div>
   <div class='ocr_carea' id='block_1_45' title="bbox 1268 2264 2734 2336">
    <p class='ocr_par' dir='ltr' id='par_1_45' title="bbox 1268 2264 2734 2336">
     <span class='ocr_line' id='line_1_47' title="bbox 1268 2264 2734 2336; baseline 0 -16"><span class='ocrx_word' id='word_1_330' title='bbox 1268 2265 1433 2321; x_wconf 80' lang='lat' dir='ltr'><strong>Edita</strong></span> <span class='ocrx_word' id='word_1_331' title='bbox 1464 2282 1498 2322; x_wconf 89' lang='lat' dir='ltr'><strong>a</strong></span> <span class='ocrx_word' id='word_1_332' title='bbox 1527 2266 1693 2332; x_wconf 85' lang='lat' dir='ltr'><strong>Maio,</strong></span> <span class='ocrx_word' id='word_1_333' title='bbox 1718 2266 1754 2320; x_wconf 92' lang='lat' dir='ltr'><strong>l.</strong></span> <span class='ocrx_word' id='word_1_334' title='bbox 1786 2281 1817 2320; x_wconf 88' lang='lat' dir='ltr'><strong>c</strong></span> <span class='ocrx_word' id='word_1_335' title='bbox 1849 2280 1863 2330; x_wconf 89' lang='lat'>;</span> <span class='ocrx_word' id='word_1_336' title='bbox 1892 2280 1951 2336; x_wconf 90' lang='lat' dir='ltr'><strong>p.</strong></span> <span class='ocrx_word' id='word_1_337' title='bbox 1982 2264 2167 2320; x_wconf 72' lang='lat'><strong>51-63.</strong></span> <span class='ocrx_word' id='word_1_338' title='bbox 2200 2264 2265 2319; x_wconf 92' lang='lat' dir='ltr'><strong>In</strong></span> <span class='ocrx_word' id='word_1_339' title='bbox 2304 2264 2488 2321; x_wconf 87' lang='lat' dir='ltr'><strong>Marc.</strong></span> <span class='ocrx_word' id='word_1_340' title='bbox 2528 2280 2608 2331; x_wconf 89' lang='lat' dir='ltr'><strong>Ill,</strong></span> <span class='ocrx_word' id='word_1_341' title='bbox 2644 2264 2734 2320; x_wconf 73' lang='lat'><strong>21.</strong></span> 
     </span>
    </p>
   </div>
   <div class='ocr_carea' id='block_1_46' title="bbox 388 2360 1920 2439">
    <p class='ocr_par' dir='ltr' id='par_1_46' title="bbox 388 2360 1920 2439">
     <span class='ocr_line' id='line_1_48' title="bbox 388 2360 1920 2439; baseline -0.001 -22"><span class='ocrx_word' id='word_1_342' title='bbox 388 2370 667 2439; x_wconf 67' lang='grc' dir='ltr'>Διαφόροις</span> <span class='ocrx_word' id='word_1_343' title='bbox 749 2360 1091 2434; x_wconf 77' lang='grc' dir='ltr'>κατελάϐομεν</span> <span class='ocrx_word' id='word_1_344' title='bbox 1156 2366 1215 2414; x_wconf 87' lang='grc' dir='ltr'><strong>τό</strong></span> <span class='ocrx_word' id='word_1_345' title='bbox 1288 2364 1445 2437; x_wconf 83' lang='grc' dir='ltr'>ῥητόν</span> <span class='ocrx_word' id='word_1_346' title='bbox 1514 2362 1920 2434; x_wconf 78' lang='grc' dir='ltr'>ὑποϐαλλόμενον</span> 
     </span>
    </p>
   </div>
   <div class='ocr_carea' id='block_1_47' title="bbox 312 2452 1921 2530">
    <p class='ocr_par' dir='ltr' id='par_1_47' title="bbox 312 2452 1921 2530">
     <span class='ocr_line' id='line_1_49' title="bbox 312 2452 1921 2530; baseline -0.001 -23"><span class='ocrx_word' id='word_1_347' title='bbox 312 2456 635 2530; x_wconf 68' lang='grc' dir='ltr'>ἑρμηνείαις</span> <span class='ocrx_word' id='word_1_348' title='bbox 678 2457 767 2504; x_wconf 81' lang='grc' dir='ltr'>καὶ</span> <span class='ocrx_word' id='word_1_349' title='bbox 812 2454 914 2526; x_wconf 80' lang='grc' dir='ltr'>γὰρ</span> <span class='ocrx_word' id='word_1_350' title='bbox 960 2454 1123 2504; x_wconf 77' lang='grc' dir='ltr'>ἔνεστι</span> <span class='ocrx_word' id='word_1_351' title='bbox 1173 2452 1343 2505; x_wconf 80' lang='grc' dir='ltr'>λαϐεῖν</span> <span class='ocrx_word' id='word_1_352' title='bbox 1393 2457 1474 2518; x_wconf 83' lang='grc' dir='ltr'>τὸ,</span> <span class='ocrx_word' id='word_1_353' title='bbox 1516 2474 1543 2504; x_wconf 79' lang='grc' dir='ltr'>ι(</span> <span class='ocrx_word' id='word_1_354' title='bbox 1593 2452 1805 2523; x_wconf 81' lang='grc' dir='ltr'>’Ἑλεγον</span> <span class='ocrx_word' id='word_1_355' title='bbox 1844 2454 1921 2505; x_wconf 87' lang='grc' dir='ltr'>ὅτι</span> 
     </span>
    </p>
   </div>
   <div class='ocr_carea' id='block_1_48' title="bbox 312 2540 1920 2612">
    <p class='ocr_par' dir='ltr' id='par_1_48' title="bbox 312 2540 1920 2612">
     <span class='ocr_line' id='line_1_50' title="bbox 312 2540 1920 2612; baseline -0.002 -15"><span class='ocrx_word' id='word_1_356' title='bbox 312 2544 527 2608; x_wconf 78' lang='grc' dir='ltr'>ἐξέστη,</span> <span class='ocrx_word' id='word_1_357' title='bbox 588 2546 673 2594; x_wconf 89' lang='grc' dir='ltr'>τὸν</span> <span class='ocrx_word' id='word_1_358' title='bbox 735 2540 1107 2612; x_wconf 63' lang='grc' dir='ltr'>εὐαγγελιστην</span> <span class='ocrx_word' id='word_1_359' title='bbox 1161 2541 1319 2594; x_wconf 83' lang='grc' dir='ltr'>εἰπεῖν</span> <span class='ocrx_word' id='word_1_360' title='bbox 1385 2540 1499 2595; x_wconf 79' lang='grc' dir='ltr'><strong>ἀντὶ</strong></span> <span class='ocrx_word' id='word_1_361' title='bbox 1554 2550 1663 2607; x_wconf 85' lang='grc' dir='ltr'>τοῦ,</span> <span class='ocrx_word' id='word_1_362' title='bbox 1716 2541 1920 2612; x_wconf 74' lang='grc' dir='ltr'>Ἔλεγον</span> 
     </span>
    </p>
   </div>
   <div class='ocr_carea' id='block_1_49' title="bbox 311 2627 1922 2701">
    <p class='ocr_par' dir='ltr' id='par_1_49' title="bbox 311 2627 1922 2701">
     <span class='ocr_line' id='line_1_51' title="bbox 311 2627 1922 2701; baseline -0.002 -14"><span class='ocrx_word' id='word_1_363' title='bbox 311 2636 399 2687; x_wconf 85' lang='grc' dir='ltr'>ὅτι</span> <span class='ocrx_word' id='word_1_364' title='bbox 431 2631 727 2689; x_wconf 79' lang='grc' dir='ltr'>ἀποστῆναι</span> <span class='ocrx_word' id='word_1_365' title='bbox 756 2629 925 2681; x_wconf 73' lang='grc' dir='ltr'>αὐτῶν</span> <span class='ocrx_word' id='word_1_366' title='bbox 956 2627 1220 2701; x_wconf 84' lang='grc' dir='ltr'>βούλεται,</span> <span class='ocrx_word' id='word_1_367' title='bbox 1254 2631 1554 2683; x_wconf 84' lang='grc' dir='ltr'>καταλιπεῖν</span> <span class='ocrx_word' id='word_1_368' title='bbox 1586 2630 1774 2694; x_wconf 82' lang='grc' dir='ltr'>αύτούς</span> <span class='ocrx_word' id='word_1_369' title='bbox 1806 2629 1922 2683; x_wconf 83' lang='grc' dir='ltr'>δια-</span> 
     </span>
    </p>
   </div>
   <div class='ocr_carea' id='block_1_50' title="bbox 310 2718 1916 2794">
    <p class='ocr_par' dir='ltr' id='par_1_50' title="bbox 310 2718 1916 2794">
     <span class='ocr_line' id='line_1_52' title="bbox 310 2718 1916 2794; baseline -0.002 -19"><span class='ocrx_word' id='word_1_370' title='bbox 310 2730 532 2787; x_wconf 86' lang='grc' dir='ltr'>νοεῖται,</span> <span class='ocrx_word' id='word_1_371' title='bbox 579 2723 706 2794; x_wconf 83' lang='grc' dir='ltr'>πρὸς</span> <span class='ocrx_word' id='word_1_372' title='bbox 741 2718 939 2793; x_wconf 84' lang='grc' dir='ltr'>ἐτέρους</span> <span class='ocrx_word' id='word_1_373' title='bbox 975 2727 1380 2793; x_wconf 73' lang='grc' dir='ltr'>μεταχωρῆσαιο</span> <span class='ocrx_word' id='word_1_374' title='bbox 1429 2726 1515 2773; x_wconf 81' lang='grc' dir='ltr'>καὶ</span> <span class='ocrx_word' id='word_1_375' title='bbox 1559 2723 1750 2780; x_wconf 82' lang='grc' dir='ltr'>ταύτης</span> <span class='ocrx_word' id='word_1_376' title='bbox 1805 2739 1916 2772; x_wconf 73' lang='lat' dir='ltr'><strong>aw-</strong></span> 
     </span>
    </p>
   </div>
   <div class='ocr_carea' id='block_1_51' title="bbox 314 2807 1921 2884">
    <p class='ocr_par' dir='ltr' id='par_1_51' title="bbox 314 2807 1921 2884">
     <span class='ocr_line' id='line_1_53' title="bbox 314 2807 1921 2884; baseline -0.001 -22"><span class='ocrx_word' id='word_1_377' title='bbox 314 2817 508 2884; x_wconf 77' lang='grc' dir='ltr'>ἠγορον</span> <span class='ocrx_word' id='word_1_378' title='bbox 586 2816 675 2868; x_wconf 78' lang='grc' dir='ltr'>τῆς</span> <span class='ocrx_word' id='word_1_379' title='bbox 723 2807 914 2867; x_wconf 88' lang='grc' dir='ltr'>ἐννοίας</span> <span class='ocrx_word' id='word_1_380' title='bbox 994 2809 1043 2858; x_wconf 78' lang='grc' dir='ltr'>οἱ</span> <span class='ocrx_word' id='word_1_381' title='bbox 1107 2810 1305 2869; x_wconf 80' lang='grc' dir='ltr'>ταύτης</span> <span class='ocrx_word' id='word_1_382' title='bbox 1376 2814 1751 2882; x_wconf 87' lang='grc' dir='ltr'>προεστηκότες</span> <span class='ocrx_word' id='word_1_383' title='bbox 1834 2813 1921 2861; x_wconf 88' lang='grc' dir='ltr'>τὸν</span> 
     </span>
    </p>
   </div>
   <div class='ocr_carea' id='block_1_52' title="bbox 316 2899 1921 2972">
    <p class='ocr_par' dir='ltr' id='par_1_52' title="bbox 316 2899 1921 2972">
     <span class='ocr_line' id='line_1_54' title="bbox 316 2899 1921 2972; baseline -0.001 -21"><span class='ocrx_word' id='word_1_384' title='bbox 316 2900 457 2972; x_wconf 80' lang='grc' dir='ltr'>ἱερὸν</span> <span class='ocrx_word' id='word_1_385' title='bbox 512 2899 812 2972; x_wconf 79' lang='grc' dir='ltr'>παράγουσι</span> <span class='ocrx_word' id='word_1_386' title='bbox 886 2902 1112 2949; x_wconf 85' lang='grc' dir='ltr'>Λουκᾶν·</span> <span class='ocrx_word' id='word_1_387' title='bbox 1187 2901 1279 2955; x_wconf 79' lang='grc' dir='ltr'>τὴν</span> <span class='ocrx_word' id='word_1_388' title='bbox 1356 2901 1458 2972; x_wconf 80' lang='grc' dir='ltr'><strong>γὰρ</strong></span> <span class='ocrx_word' id='word_1_389' title='bbox 1533 2900 1694 2957; x_wconf 72' lang='grc' dir='ltr'>αὐτην</span> <span class='ocrx_word' id='word_1_390' title='bbox 1766 2918 1921 2970; x_wconf 89' lang='grc' dir='ltr'>φασιν</span> 
     </span>
    </p>
   </div>
   <div class='ocr_carea' id='block_1_53' title="bbox 2108 2361 3685 2436">
    <p class='ocr_par' dir='ltr' id='par_1_53' title="bbox 2108 2361 3685 2436">
     <span class='ocr_line' id='line_1_55' title="bbox 2108 2361 3685 2436; baseline 0.003 -20"><span class='ocrx_word' id='word_1_391' title='bbox 2108 2361 2357 2417; x_wconf 88' lang='lat' dir='ltr'><strong>Diversis</strong></span> <span class='ocrx_word' id='word_1_392' title='bbox 2388 2362 2887 2434; x_wconf 88' lang='lat' dir='ltr'><strong>deprehendimus</strong></span> <span class='ocrx_word' id='word_1_393' title='bbox 2919 2362 3062 2418; x_wconf 93' lang='lat' dir='ltr'><strong>illud</strong></span> <span class='ocrx_word' id='word_1_394' title='bbox 3088 2363 3314 2420; x_wconf 88' lang='lat' dir='ltr'><strong>dictum</strong></span> <span class='ocrx_word' id='word_1_395' title='bbox 3347 2364 3685 2436; x_wconf 87' lang='lat' dir='ltr'><strong>subjectum</strong></span> 
     </span>
    </p>
   </div>
   <div class='ocr_carea' id='block_1_54' title="bbox 2032 2449 3681 2524">
    <p class='ocr_par' dir='ltr' id='par_1_54' title="bbox 2032 2449 3681 2524">
     <span class='ocr_line' id='line_1_56' title="bbox 2032 2449 3681 2524; baseline 0.004 -21"><span class='ocrx_word' id='word_1_396' title='bbox 2032 2449 2611 2522; x_wconf 89' lang='lat' dir='ltr'><strong>interpretationibus</strong></span> <span class='ocrx_word' id='word_1_397' title='bbox 2655 2470 2667 2507; x_wconf 89' lang='lat'><strong>:</strong></span> <span class='ocrx_word' id='word_1_398' title='bbox 2708 2451 2928 2507; x_wconf 90' lang='lat' dir='ltr'><strong>etenim</strong></span> <span class='ocrx_word' id='word_1_399' title='bbox 2977 2454 3109 2507; x_wconf 88' lang='lat' dir='ltr'><strong>licet</strong></span> <span class='ocrx_word' id='word_1_400' title='bbox 3163 2453 3432 2524; x_wconf 91' lang='lat' dir='ltr'><strong>accipere</strong></span> <span class='ocrx_word' id='word_1_401' title='bbox 3481 2453 3627 2509; x_wconf 91' lang='lat' dir='ltr'><strong>illud</strong></span> <span class='ocrx_word' id='word_1_402' title='bbox 3667 2470 3681 2510; x_wconf 88' lang='lat'><strong>:</strong></span> 
     </span>
    </p>
   </div>
   <div class='ocr_carea' id='block_1_55' title="bbox 2032 2538 3689 2610">
    <p class='ocr_par' dir='ltr' id='par_1_55' title="bbox 2032 2538 3689 2610">
     <span class='ocr_line' id='line_1_57' title="bbox 2032 2538 3689 2610; baseline 0.006 -21"><span class='ocrx_word' id='word_1_403' title='bbox 2032 2538 2373 2605; x_wconf 84' lang='lat' dir='ltr'><strong>«Dicebant,</strong></span> <span class='ocrx_word' id='word_1_404' title='bbox 2392 2540 2683 2610; x_wconf 90' lang='lat' dir='ltr'><strong>quoniam</strong></span> <span class='ocrx_word' id='word_1_405' title='bbox 2700 2540 2758 2595; x_wconf 93' lang='lat' dir='ltr'><strong>in</strong></span> <span class='ocrx_word' id='word_1_406' title='bbox 2781 2540 3032 2596; x_wconf 91' lang='lat' dir='ltr'><strong>furorem</strong></span> <span class='ocrx_word' id='word_1_407' title='bbox 3049 2557 3252 2597; x_wconf 85' lang='lat' dir='ltr'><strong>versus</strong></span> <span class='ocrx_word' id='word_1_408' title='bbox 3270 2546 3361 2597; x_wconf 93' lang='lat' dir='ltr'><strong>est</strong></span> <span class='ocrx_word' id='word_1_409' title='bbox 3379 2564 3399 2591; x_wconf 79' lang='grc' dir='ltr'><strong>ι</strong></span> <span class='ocrx_word' id='word_1_410' title='bbox 3418 2542 3497 2598; x_wconf 90' lang='lat' dir='ltr'><strong>ab</strong></span> <span class='ocrx_word' id='word_1_411' title='bbox 3509 2558 3689 2599; x_wconf 87' lang='lat' dir='ltr'><strong>evan-</strong></span> 
     </span>
    </p>
   </div>
   <div class='ocr_carea' id='block_1_56' title="bbox 2030 2627 3687 2702">
    <p class='ocr_par' dir='ltr' id='par_1_56' title="bbox 2030 2627 3687 2702">
     <span class='ocr_line' id='line_1_58' title="bbox 2030 2627 3687 2702; baseline 0.004 -21"><span class='ocrx_word' id='word_1_412' title='bbox 2030 2627 2240 2699; x_wconf 82' lang='lat' dir='ltr'><strong>gelista</strong></span> <span class='ocrx_word' id='word_1_413' title='bbox 2269 2627 2494 2684; x_wconf 89' lang='lat' dir='ltr'><strong>dictum</strong></span> <span class='ocrx_word' id='word_1_414' title='bbox 2519 2643 2626 2699; x_wconf 92' lang='lat' dir='ltr'><strong>pro</strong></span> <span class='ocrx_word' id='word_1_415' title='bbox 2660 2645 2672 2682; x_wconf 92' lang='lat'>:</span> <span class='ocrx_word' id='word_1_416' title='bbox 2705 2628 2993 2685; x_wconf 88' lang='lat' dir='ltr'><strong>Dicebant</strong></span> <span class='ocrx_word' id='word_1_417' title='bbox 3019 2648 3046 2681; x_wconf 85' lang='grc'><strong>»</strong></span> <span class='ocrx_word' id='word_1_418' title='bbox 3070 2631 3361 2702; x_wconf 90' lang='lat' dir='ltr'><strong>quoniam</strong></span> <span class='ocrx_word' id='word_1_419' title='bbox 3382 2630 3687 2687; x_wconf 88' lang='lat' dir='ltr'><strong>discedere</strong></span> 
     </span>
    </p>
   </div>
   <div class='ocr_carea' id='block_1_57' title="bbox 2030 2716 3687 2790">
    <p class='ocr_par' dir='ltr' id='par_1_57' title="bbox 2030 2716 3687 2790">
     <span class='ocr_line' id='line_1_59' title="bbox 2030 2716 3687 2790; baseline 0.002 -19"><span class='ocrx_word' id='word_1_420' title='bbox 2030 2716 2109 2772; x_wconf 92' lang='lat' dir='ltr'><strong>ab</strong></span> <span class='ocrx_word' id='word_1_421' title='bbox 2146 2716 2256 2771; x_wconf 89' lang='lat' dir='ltr'><strong>illis</strong></span> <span class='ocrx_word' id='word_1_422' title='bbox 2287 2716 2425 2781; x_wconf 86' lang='lat' dir='ltr'><strong>vult,</strong></span> <span class='ocrx_word' id='word_1_423' title='bbox 2466 2716 2800 2790; x_wconf 88' lang='lat' dir='ltr'><strong>relinquere</strong></span> <span class='ocrx_word' id='word_1_424' title='bbox 2829 2734 2932 2773; x_wconf 90' lang='lat' dir='ltr'><strong>eos</strong></span> <span class='ocrx_word' id='word_1_425' title='bbox 2975 2718 3294 2775; x_wconf 90' lang='lat' dir='ltr'><strong>meditatur</strong></span> <span class='ocrx_word' id='word_1_426' title='bbox 3328 2724 3388 2775; x_wconf 88' lang='lat' dir='ltr'><strong>ut</strong></span> <span class='ocrx_word' id='word_1_427' title='bbox 3428 2720 3506 2775; x_wconf 90' lang='lat' dir='ltr'><strong>ad</strong></span> <span class='ocrx_word' id='word_1_428' title='bbox 3537 2720 3687 2777; x_wconf 88' lang='lat' dir='ltr'><strong>alios</strong></span> 
     </span>
    </p>
   </div>
   <div class='ocr_carea' id='block_1_58' title="bbox 2032 2804 3683 2881">
    <p class='ocr_par' dir='ltr' id='par_1_58' title="bbox 2032 2804 3683 2881">
     <span class='ocr_line' id='line_1_60' title="bbox 2032 2804 3683 2881; baseline 0.002 -21"><span class='ocrx_word' id='word_1_429' title='bbox 2032 2804 2410 2877; x_wconf 80' lang='lat' dir='ltr'><strong>transmigret</strong></span> <span class='ocrx_word' id='word_1_430' title='bbox 2450 2824 2464 2873; x_wconf 88' lang='lat'><strong>;</strong></span> <span class='ocrx_word' id='word_1_431' title='bbox 2497 2810 2554 2861; x_wconf 91' lang='lat' dir='ltr'><strong>et</strong></span> <span class='ocrx_word' id='word_1_432' title='bbox 2582 2806 2761 2877; x_wconf 89' lang='lat' dir='ltr'><strong>hujus</strong></span> <span class='ocrx_word' id='word_1_433' title='bbox 2811 2811 3131 2878; x_wconf 90' lang='lat' dir='ltr'><strong>patronum</strong></span> <span class='ocrx_word' id='word_1_434' title='bbox 3163 2824 3374 2863; x_wconf 86' lang='lat' dir='ltr'><strong>sensus</strong></span> <span class='ocrx_word' id='word_1_435' title='bbox 3404 2809 3504 2881; x_wconf 90' lang='lat' dir='ltr'><strong>qui</strong></span> <span class='ocrx_word' id='word_1_436' title='bbox 3546 2824 3683 2865; x_wconf 92' lang='lat' dir='ltr'><strong>eum</strong></span> 
     </span>
    </p>
   </div>
   <div class='ocr_carea' id='block_1_59' title="bbox 2034 2894 3685 2953">
    <p class='ocr_par' dir='ltr' id='par_1_59' title="bbox 2034 2894 3685 2953">
     <span class='ocr_line' id='line_1_61' title="bbox 2034 2894 3685 2953; baseline 0.002 -4"><span class='ocrx_word' id='word_1_437' title='bbox 2034 2894 2162 2950; x_wconf 90' lang='lat' dir='ltr'><strong>tuiti</strong></span> <span class='ocrx_word' id='word_1_438' title='bbox 2194 2901 2333 2951; x_wconf 90' lang='lat' dir='ltr'><strong>sunt</strong></span> <span class='ocrx_word' id='word_1_439' title='bbox 2384 2900 2661 2950; x_wconf 88' lang='lat' dir='ltr'><strong>sanctum</strong></span> <span class='ocrx_word' id='word_1_440' title='bbox 2715 2896 3028 2952; x_wconf 90' lang='lat' dir='ltr'><strong>adducunt</strong></span> <span class='ocrx_word' id='word_1_441' title='bbox 3082 2899 3298 2952; x_wconf 82' lang='lat' dir='ltr'><strong>Lucam</strong></span> <span class='ocrx_word' id='word_1_442' title='bbox 3352 2914 3366 2952; x_wconf 89' lang='lat'><strong>:</strong></span> <span class='ocrx_word' id='word_1_443' title='bbox 3409 2897 3685 2953; x_wconf 88' lang='lat' dir='ltr'><strong>eamdem</strong></span> 
     </span>
    </p>
   </div>
   <div class='ocr_carea' id='block_1_60' title="bbox 317 2981 1926 3062">
    <p class='ocr_par' dir='ltr' id='par_1_60' title="bbox 317 2981 1921 3062">
     <span class='ocr_line' id='line_1_62' title="bbox 317 2981 1921 3062; baseline -0.001 -21"><span class='ocrx_word' id='word_1_444' title='bbox 317 2991 561 3062; x_wconf 83' lang='grc' dir='ltr'>ἱστορίαν</span> <span class='ocrx_word' id='word_1_445' title='bbox 584 2981 951 3061; x_wconf 79' lang='grc' dir='ltr'>παραδιδόντα</span> <span class='ocrx_word' id='word_1_446' title='bbox 978 2984 1159 3057; x_wconf 87' lang='grc' dir='ltr'>λέγειν·</span> <span class='ocrx_word' id='word_1_447' title='bbox 1194 3006 1223 3037; x_wconf 79' lang='grc' dir='ltr'><strong>α</strong></span> <span class='ocrx_word' id='word_1_448' title='bbox 1259 2991 1358 3039; x_wconf 79' lang='grc' dir='ltr'><strong>Καὶ</strong></span> <span class='ocrx_word' id='word_1_449' title='bbox 1387 2988 1436 3038; x_wconf 85' lang='grc' dir='ltr'>οὶ</span> <span class='ocrx_word' id='word_1_450' title='bbox 1466 2987 1617 3059; x_wconf 81' lang='grc' dir='ltr'>ὄχλοι</span> <span class='ocrx_word' id='word_1_451' title='bbox 1643 2988 1921 3047; x_wconf 78' lang='grc' dir='ltr'>ἐπεζήτουν</span> 
     </span>
    </p>
   </div>
   <div class='ocr_carea' id='block_1_61' title="bbox 2040 2981 3685 3062">
    <p class='ocr_par' dir='ltr' id='par_1_61' title="bbox 2040 2982 3685 3041">
     <span class='ocr_line' id='line_1_63' title="bbox 2040 2982 3685 3041; baseline 0.002 -4"><span class='ocrx_word' id='word_1_452' title='bbox 2040 2982 2193 3038; x_wconf 82' lang='lat' dir='ltr'><strong>enim</strong></span> <span class='ocrx_word' id='word_1_453' title='bbox 2224 2984 2428 3039; x_wconf 92' lang='lat' dir='ltr'><strong>dicunt</strong></span> <span class='ocrx_word' id='word_1_454' title='bbox 2456 2983 2767 3039; x_wconf 86' lang='lat' dir='ltr'><strong>historiam</strong></span> <span class='ocrx_word' id='word_1_455' title='bbox 2792 2985 3120 3041; x_wconf 86' lang='lat' dir='ltr'><strong>tradentem</strong></span> <span class='ocrx_word' id='word_1_456' title='bbox 3153 2985 3260 3040; x_wconf 88' lang='lat' dir='ltr'><strong>fari</strong></span> <span class='ocrx_word' id='word_1_457' title='bbox 3295 3001 3308 3040; x_wconf 91' lang='lat'>:</span> <span class='ocrx_word' id='word_1_458' title='bbox 3345 3008 3364 3035; x_wconf 78' lang='grc' dir='ltr'><strong>ι</strong></span> <span class='ocrx_word' id='word_1_459' title='bbox 3400 2988 3464 3041; x_wconf 87' lang='lat' dir='ltr'><strong>Et</strong></span> <span class='ocrx_word' id='word_1_460' title='bbox 3494 2985 3685 3041; x_wconf 69' lang='lat' dir='ltr'><strong>turbae</strong></span> 
     </span>
    </p>
   </div>
   <div class='ocr_carea' id='block_1_62' title="bbox 316 3073 1921 3149">
    <p class='ocr_par' dir='ltr' id='par_1_62' title="bbox 316 3073 1921 3149">
     <span class='ocr_line' id='line_1_64' title="bbox 316 3073 1921 3149; baseline -0.001 -19"><span class='ocrx_word' id='word_1_461' title='bbox 316 3079 498 3147; x_wconf 69' lang='grc' dir='ltr'>αὐτὸν,</span> <span class='ocrx_word' id='word_1_462' title='bbox 550 3082 638 3129; x_wconf 81' lang='grc' dir='ltr'>καὶ</span> <span class='ocrx_word' id='word_1_463' title='bbox 687 3073 841 3134; x_wconf 78' lang='grc' dir='ltr'>ἦλθον</span> <span class='ocrx_word' id='word_1_464' title='bbox 880 3077 968 3136; x_wconf 80' lang='grc' dir='ltr'>ἕως</span> <span class='ocrx_word' id='word_1_465' title='bbox 1012 3075 1194 3139; x_wconf 74' lang='grc' dir='ltr'>αὑτοῦ,</span> <span class='ocrx_word' id='word_1_466' title='bbox 1239 3081 1329 3128; x_wconf 82' lang='grc' dir='ltr'>καὶ</span> <span class='ocrx_word' id='word_1_467' title='bbox 1366 3084 1612 3149; x_wconf 86' lang='grc' dir='ltr'>κατεῖχον</span> <span class='ocrx_word' id='word_1_468' title='bbox 1652 3077 1804 3129; x_wconf 77' lang='grc' dir='ltr'>αὐτὸν</span> <span class='ocrx_word' id='word_1_469' title='bbox 1830 3086 1921 3130; x_wconf 89' lang='grc' dir='ltr'><strong>τοῦ</strong></span> 
     </span>
    </p>
   </div>
   <div class='ocr_carea' id='block_1_63' title="bbox 312 3163 1923 3241">
    <p class='ocr_par' dir='ltr' id='par_1_63' title="bbox 312 3163 1923 3241">
     <span class='ocr_line' id='line_1_65' title="bbox 312 3163 1923 3241; baseline 0 -22"><span class='ocrx_word' id='word_1_470' title='bbox 312 3173 391 3241; x_wconf 80' lang='grc' dir='ltr'><strong>μη</strong></span> <span class='ocrx_word' id='word_1_471' title='bbox 429 3168 737 3239; x_wconf 78' lang='grc' dir='ltr'>πορεύεσθαι</span> <span class='ocrx_word' id='word_1_472' title='bbox 770 3166 861 3216; x_wconf 84' lang='grc' dir='ltr'><strong>ἀπ’</strong></span> <span class='ocrx_word' id='word_1_473' title='bbox 894 3164 1080 3216; x_wconf 74' lang='grc' dir='ltr'>αὐτῶν·</span> <span class='ocrx_word' id='word_1_474' title='bbox 1126 3186 1153 3213; x_wconf 85' lang='grc'><strong>››</strong></span> <span class='ocrx_word' id='word_1_475' title='bbox 1193 3167 1241 3217; x_wconf 83' lang='grc' dir='ltr'>οὶ</span> <span class='ocrx_word' id='word_1_476' title='bbox 1276 3163 1336 3218; x_wconf 77' lang='grc' dir='ltr'><strong>δε</strong></span> <span class='ocrx_word' id='word_1_477' title='bbox 1378 3171 1467 3219; x_wconf 82' lang='grc' dir='ltr'>καὶ</span> <span class='ocrx_word' id='word_1_478' title='bbox 1513 3164 1760 3240; x_wconf 83' lang='grc' dir='ltr'>διάφορον</span> <span class='ocrx_word' id='word_1_479' title='bbox 1800 3166 1923 3219; x_wconf 80' lang='grc' dir='ltr'>ἁπο-</span> 
     </span>
    </p>
   </div>
   <div class='ocr_carea' id='block_1_64' title="bbox 315 3255 1924 3332">
    <p class='ocr_par' dir='ltr' id='par_1_64' title="bbox 315 3255 1924 3332">
     <span class='ocr_line' id='line_1_66' title="bbox 315 3255 1924 3332; baseline 0 -24"><span class='ocrx_word' id='word_1_480' title='bbox 315 3263 585 3332; x_wconf 67' lang='grc' dir='ltr'>φαίννιντες</span> <span class='ocrx_word' id='word_1_481' title='bbox 638 3261 732 3313; x_wconf 78' lang='grc' dir='ltr'>τὴν</span> <span class='ocrx_word' id='word_1_482' title='bbox 802 3257 1035 3328; x_wconf 82' lang='grc' dir='ltr'>ἱστορίαν</span> <span class='ocrx_word' id='word_1_483' title='bbox 1095 3258 1157 3312; x_wconf 82' lang='grc' dir='ltr'>ἣν</span> <span class='ocrx_word' id='word_1_484' title='bbox 1205 3256 1230 3305; x_wconf 92' lang='lat'><strong>6</strong></span> <span class='ocrx_word' id='word_1_485' title='bbox 1305 3256 1574 3316; x_wconf 87' lang='grc' dir='ltr'>θεσπέσιος</span> <span class='ocrx_word' id='word_1_486' title='bbox 1642 3255 1924 3329; x_wconf 73' lang='grc' dir='ltr'>ἀναγράφει</span> 
     </span>
    </p>
   </div>
   <div class='ocr_carea' id='block_1_65' title="bbox 317 3341 1924 3419">
    <p class='ocr_par' dir='ltr' id='par_1_65' title="bbox 317 3341 1924 3419">
     <span class='ocr_line' id='line_1_67' title="bbox 317 3341 1924 3419; baseline -0.001 -19"><span class='ocrx_word' id='word_1_487' title='bbox 317 3352 530 3409; x_wconf 81' lang='grc' dir='ltr'>Λουκᾶς</span> <span class='ocrx_word' id='word_1_488' title='bbox 575 3349 700 3419; x_wconf 88' lang='grc' dir='ltr'>πρὸς</span> <span class='ocrx_word' id='word_1_489' title='bbox 778 3348 840 3402; x_wconf 77' lang='grc' dir='ltr'>ἣν</span> <span class='ocrx_word' id='word_1_490' title='bbox 909 3345 933 3394; x_wconf 92' lang='lat'><strong>6</strong></span> <span class='ocrx_word' id='word_1_491' title='bbox 992 3344 1125 3405; x_wconf 84' lang='grc' dir='ltr'>θεῖος</span> <span class='ocrx_word' id='word_1_492' title='bbox 1192 3341 1503 3415; x_wconf 79' lang='grc' dir='ltr'>ἀπαγγελλει</span> <span class='ocrx_word' id='word_1_493' title='bbox 1568 3346 1797 3417; x_wconf 87' lang='grc' dir='ltr'>Μάρκος,</span> <span class='ocrx_word' id='word_1_494' title='bbox 1857 3346 1924 3407; x_wconf 81' lang='grc' dir='ltr'><strong>εἰς</strong></span> 
     </span>
    </p>
   </div>
   <div class='ocr_carea' id='block_1_66' title="bbox 314 3432 1920 3508">
    <p class='ocr_par' dir='ltr' id='par_1_66' title="bbox 314 3432 1920 3508">
     <span class='ocr_line' id='line_1_68' title="bbox 314 3432 1920 3508; baseline -0.001 -19"><span class='ocrx_word' id='word_1_495' title='bbox 314 3438 491 3508; x_wconf 79' lang='grc' dir='ltr'>ἐτέρας</span> <span class='ocrx_word' id='word_1_496' title='bbox 545 3438 823 3507; x_wconf 85' lang='grc' dir='ltr'>σαφηνείας</span> <span class='ocrx_word' id='word_1_497' title='bbox 881 3433 1105 3492; x_wconf 77' lang='grc' dir='ltr'>ζητησιν</span> <span class='ocrx_word' id='word_1_498' title='bbox 1156 3432 1426 3504; x_wconf 60' lang='grc' dir='ltr'>μετῆλθον</span> <span class='ocrx_word' id='word_1_499' title='bbox 1468 3439 1557 3486; x_wconf 79' lang='grc' dir='ltr'>καὶ</span> <span class='ocrx_word' id='word_1_500' title='bbox 1604 3436 1701 3508; x_wconf 90' lang='grc' dir='ltr'><strong>γάρ</strong></span> <span class='ocrx_word' id='word_1_501' title='bbox 1744 3453 1920 3506; x_wconf 87' lang='grc' dir='ltr'>φασιν·</span> 
     </span>
    </p>
   </div>
   <div class='ocr_carea' id='block_1_67' title="bbox 314 3518 1924 3595">
    <p class='ocr_par' dir='ltr' id='par_1_67' title="bbox 314 3518 1924 3595">
     <span class='ocr_line' id='line_1_69' title="bbox 314 3518 1924 3595; baseline -0.002 -17"><span class='ocrx_word' id='word_1_502' title='bbox 314 3526 575 3578; x_wconf 78' lang='grc' dir='ltr'>Ἐνταῦθα</span> <span class='ocrx_word' id='word_1_503' title='bbox 626 3526 716 3595; x_wconf 70' lang='grc' dir='ltr'>μὲν</span> <span class='ocrx_word' id='word_1_504' title='bbox 762 3521 813 3574; x_wconf 85' lang='grc' dir='ltr'><strong>ἐν</strong></span> <span class='ocrx_word' id='word_1_505' title='bbox 852 3522 995 3593; x_wconf 85' lang='grc' dir='ltr'>οἰκίᾳ</span> <span class='ocrx_word' id='word_1_506' title='bbox 1039 3540 1093 3573; x_wconf 89' lang='grc' dir='ltr'><strong>τε</strong></span> <span class='ocrx_word' id='word_1_507' title='bbox 1124 3518 1186 3580; x_wconf 80' lang='grc' dir='ltr'>ἦν</span> <span class='ocrx_word' id='word_1_508' title='bbox 1230 3523 1256 3572; x_wconf 92' lang='lat'><strong>6</strong></span> <span class='ocrx_word' id='word_1_509' title='bbox 1310 3522 1535 3592; x_wconf 83' lang='grc' dir='ltr'>Ἰησοῦς,</span> <span class='ocrx_word' id='word_1_510' title='bbox 1578 3528 1667 3575; x_wconf 87' lang='grc' dir='ltr'>καὶ</span> <span class='ocrx_word' id='word_1_511' title='bbox 1698 3522 1853 3585; x_wconf 75' lang='grc' dir='ltr'>αὐτὸς</span> <span class='ocrx_word' id='word_1_512' title='bbox 1899 3526 1924 3575; x_wconf 90' lang='lat'><strong>6</strong></span> 
     </span>
    </p>
   </div>
   <div class='ocr_carea' id='block_1_68' title="bbox 310 3610 1925 3688">
    <p class='ocr_par' dir='ltr' id='par_1_68' title="bbox 310 3610 1925 3688">
     <span class='ocr_line' id='line_1_70' title="bbox 310 3610 1925 3688; baseline -0.001 -22"><span class='ocrx_word' id='word_1_513' title='bbox 310 3615 591 3688; x_wconf 80' lang='grc' dir='ltr'>μανθάνων</span> <span class='ocrx_word' id='word_1_514' title='bbox 644 3613 711 3664; x_wconf 83' lang='grc' dir='ltr'>τὰ</span> <span class='ocrx_word' id='word_1_515' title='bbox 770 3612 884 3663; x_wconf 85' lang='grc' dir='ltr'>θεῖα</span> <span class='ocrx_word' id='word_1_516' title='bbox 951 3614 1039 3662; x_wconf 82' lang='grc' dir='ltr'>καὶ</span> <span class='ocrx_word' id='word_1_517' title='bbox 1115 3612 1517 3685; x_wconf 85' lang='grc' dir='ltr'>θεραπευόμενος</span> <span class='ocrx_word' id='word_1_518' title='bbox 1586 3610 1764 3682; x_wconf 82' lang='grc' dir='ltr'>ὄχλος,</span> <span class='ocrx_word' id='word_1_519' title='bbox 1837 3617 1925 3664; x_wconf 79' lang='grc' dir='ltr'>καὶ</span> 
     </span>
    </p>
   </div>
   <div class='ocr_carea' id='block_1_69' title="bbox 314 3700 1925 3774">
    <p class='ocr_par' dir='ltr' id='par_1_69' title="bbox 314 3700 1925 3774">
     <span class='ocr_line' id='line_1_71' title="bbox 314 3700 1925 3774; baseline -0.01 -17"><span class='ocrx_word' id='word_1_520' title='bbox 314 3700 445 3757; x_wconf 64' lang='grc' dir='ltr'>οὐδε</span> <span class='ocrx_word' id='word_1_521' title='bbox 491 3708 668 3774; x_wconf 86' lang='grc' dir='ltr'>φαγεῖν</span> <span class='ocrx_word' id='word_1_522' title='bbox 706 3701 863 3774; x_wconf 83' lang='grc' dir='ltr'>ἄρτον</span> <span class='ocrx_word' id='word_1_523' title='bbox 892 3706 954 3771; x_wconf 73' lang='grc' dir='ltr'>τῇ</span> <span class='ocrx_word' id='word_1_524' title='bbox 1004 3704 1254 3771; x_wconf 80' lang='grc' dir='ltr'>συνεχείᾳ</span> <span class='ocrx_word' id='word_1_525' title='bbox 1300 3709 1396 3762; x_wconf 84' lang='grc' dir='ltr'>τῆς</span> <span class='ocrx_word' id='word_1_526' title='bbox 1439 3700 1712 3771; x_wconf 76' lang='grc' dir='ltr'>ὀχλήσεως</span> <span class='ocrx_word' id='word_1_527' title='bbox 1740 3705 1925 3774; x_wconf 76' lang='grc' dir='ltr'>παρεί-</span> 
     </span>
    </p>
   </div>
   <div class='ocr_carea' id='block_1_70' title="bbox 316 3788 1926 3867">
    <p class='ocr_par' dir='ltr' id='par_1_70' title="bbox 316 3788 1926 3867">
     <span class='ocr_line' id='line_1_72' title="bbox 316 3788 1926 3867; baseline -0.002 -22"><span class='ocrx_word' id='word_1_528' title='bbox 316 3811 484 3867; x_wconf 86' lang='grc' dir='ltr'>χοντο</span> <span class='ocrx_word' id='word_1_529' title='bbox 533 3794 736 3864; x_wconf 78' lang='grc' dir='ltr'>καιρόν·</span> <span class='ocrx_word' id='word_1_530' title='bbox 791 3793 881 3840; x_wconf 86' lang='grc' dir='ltr'>καὶ</span> <span class='ocrx_word' id='word_1_531' title='bbox 929 3791 978 3840; x_wconf 85' lang='grc' dir='ltr'>οἰ</span> <span class='ocrx_word' id='word_1_532' title='bbox 1029 3788 1151 3862; x_wconf 86' lang='grc' dir='ltr'>παρ’</span> <span class='ocrx_word' id='word_1_533' title='bbox 1195 3789 1355 3841; x_wconf 69' lang='grc' dir='ltr'>αὐτοῦ</span> <span class='ocrx_word' id='word_1_534' title='bbox 1406 3788 1615 3851; x_wconf 75' lang='grc' dir='ltr'>ἐξῆλθον</span> <span class='ocrx_word' id='word_1_535' title='bbox 1660 3797 1926 3863; x_wconf 85' lang='grc' dir='ltr'>κρατῆσαι</span> 
     </span>
    </p>
   </div>
   <div class='ocr_carea' id='block_1_71' title="bbox 317 3876 1922 3950">
    <p class='ocr_par' dir='ltr' id='par_1_71' title="bbox 317 3876 1922 3950">
     <span class='ocr_line' id='line_1_73' title="bbox 317 3876 1922 3950; baseline -0.003 -15"><span class='ocrx_word' id='word_1_536' title='bbox 317 3883 501 3945; x_wconf 70' lang='grc' dir='ltr'>αὐτὸν,</span> <span class='ocrx_word' id='word_1_537' title='bbox 533 3884 623 3932; x_wconf 79' lang='grc' dir='ltr'><strong>καὶ</strong></span> <span class='ocrx_word' id='word_1_538' title='bbox 652 3879 879 3938; x_wconf 74' lang='grc' dir='ltr'>ἐλθόντες</span> <span class='ocrx_word' id='word_1_539' title='bbox 908 3876 1003 3939; x_wconf 76' lang='grc' dir='ltr'>ἓως</span> <span class='ocrx_word' id='word_1_540' title='bbox 1032 3876 1215 3946; x_wconf 73' lang='grc' dir='ltr'>αὐτοῦ,</span> <span class='ocrx_word' id='word_1_541' title='bbox 1264 3885 1511 3949; x_wconf 86' lang='grc' dir='ltr'>κατεῖχον</span> <span class='ocrx_word' id='word_1_542' title='bbox 1546 3878 1701 3930; x_wconf 71' lang='grc' dir='ltr'>αὐτόν</span> <span class='ocrx_word' id='word_1_543' title='bbox 1730 3886 1821 3931; x_wconf 90' lang='grc' dir='ltr'><strong>τοῦ</strong></span> <span class='ocrx_word' id='word_1_544' title='bbox 1851 3884 1922 3950; x_wconf 81' lang='grc' dir='ltr'>μὴ</span> 
     </span>
    </p>
   </div>
   <div class='ocr_carea' id='block_1_72' title="bbox 316 3964 1924 4045">
    <p class='ocr_par' dir='ltr' id='par_1_72' title="bbox 316 3964 1924 4045">
     <span class='ocr_line' id='line_1_74' title="bbox 316 3964 1924 4045; baseline -0.003 -20"><span class='ocrx_word' id='word_1_545' title='bbox 316 3972 637 4045; x_wconf 89' lang='grc' dir='ltr'>πορεύεσθαι</span> <span class='ocrx_word' id='word_1_546' title='bbox 665 3968 753 4021; x_wconf 82' lang='grc' dir='ltr'>ἀπ’</span> <span class='ocrx_word' id='word_1_547' title='bbox 796 3967 984 4019; x_wconf 73' lang='grc' dir='ltr'>αὐτῶν*</span> <span class='ocrx_word' id='word_1_548' title='bbox 1032 3973 1127 4028; x_wconf 74' lang='grc' dir='ltr'>τῆς</span> <span class='ocrx_word' id='word_1_549' title='bbox 1156 3966 1244 4018; x_wconf 83' lang='grc' dir='ltr'><strong>οὗν</strong></span> <span class='ocrx_word' id='word_1_550' title='bbox 1279 3969 1515 4042; x_wconf 81' lang='grc' dir='ltr'>ἱστορίας</span> <span class='ocrx_word' id='word_1_551' title='bbox 1555 3973 1684 4039; x_wconf 82' lang='grc' dir='ltr'>φασὶ</span> <span class='ocrx_word' id='word_1_552' title='bbox 1719 3972 1776 4020; x_wconf 87' lang='grc' dir='ltr'>τὸ</span> <span class='ocrx_word' id='word_1_553' title='bbox 1809 3964 1924 4020; x_wconf 83' lang='grc' dir='ltr'>διά-</span> 
     </span>
    </p>
   </div>
   <div class='ocr_carea' id='block_1_73' title="bbox 314 4055 1927 4135">
    <p class='ocr_par' dir='ltr' id='par_1_73' title="bbox 314 4055 1927 4135">
     <span class='ocr_line' id='line_1_75' title="bbox 314 4055 1927 4135; baseline -0.002 -23"><span class='ocrx_word' id='word_1_554' title='bbox 314 4080 477 4135; x_wconf 82' lang='grc' dir='ltr'>φορον</span> <span class='ocrx_word' id='word_1_555' title='bbox 502 4059 752 4131; x_wconf 80' lang='grc' dir='ltr'>ἐχούσης,</span> <span class='ocrx_word' id='word_1_556' title='bbox 786 4065 891 4117; x_wconf 86' lang='grc' dir='ltr'>πῶς</span> <span class='ocrx_word' id='word_1_557' title='bbox 916 4055 976 4106; x_wconf 83' lang='grc' dir='ltr'>ἂν</span> <span class='ocrx_word' id='word_1_558' title='bbox 1003 4058 1079 4113; x_wconf 81' lang='grc' dir='ltr'><strong>εἴη</strong></span> <span class='ocrx_word' id='word_1_559' title='bbox 1100 4055 1259 4127; x_wconf 84' lang='grc' dir='ltr'>λέγειν</span> <span class='ocrx_word' id='word_1_560' title='bbox 1286 4062 1403 4131; x_wconf 79' lang='grc' dir='ltr'>περὶ</span> <span class='ocrx_word' id='word_1_561' title='bbox 1433 4065 1525 4119; x_wconf 82' lang='grc' dir='ltr'>τῆς</span> <span class='ocrx_word' id='word_1_562' title='bbox 1556 4058 1719 4118; x_wconf 72' lang='grc' dir='ltr'>αὐτῆς</span> <span class='ocrx_word' id='word_1_563' title='bbox 1745 4057 1927 4110; x_wconf 75' lang='grc' dir='ltr'>ὑποθέ-</span> 
     </span>
    </p>
   </div>
   <div class='ocr_carea' id='block_1_74' title="bbox 319 4142 1926 4221">
    <p class='ocr_par' dir='ltr' id='par_1_74' title="bbox 319 4142 1926 4221">
     <span class='ocr_line' id='line_1_76' title="bbox 319 4142 1926 4221; baseline -0.003 -18"><span class='ocrx_word' id='word_1_564' title='bbox 319 4169 452 4211; x_wconf 88' lang='grc' dir='ltr'>σεως</span> <span class='ocrx_word' id='word_1_565' title='bbox 483 4149 718 4221; x_wconf 80' lang='grc' dir='ltr'>ἑκάτερον</span> <span class='ocrx_word' id='word_1_566' title='bbox 750 4142 784 4199; x_wconf 89' lang='grc' dir='ltr'><strong>δ</strong></span> <span class='ocrx_word' id='word_1_567' title='bbox 790 4143 1120 4216; x_wconf 80' lang='grc' dir='ltr'>ιαλαμϐάνειν</span> <span class='ocrx_word' id='word_1_568' title='bbox 1150 4162 1164 4213; x_wconf 83' lang='grc'><strong>;</strong></span> <span class='ocrx_word' id='word_1_569' title='bbox 1200 4144 1305 4197; x_wconf 80' lang='grc' dir='ltr'>ἀλλ’</span> <span class='ocrx_word' id='word_1_570' title='bbox 1338 4148 1479 4198; x_wconf 78' lang='grc' dir='ltr'>ἔστιν</span> <span class='ocrx_word' id='word_1_571' title='bbox 1504 4146 1662 4199; x_wconf 86' lang='grc' dir='ltr'>εἰπεῖν</span> <span class='ocrx_word' id='word_1_572' title='bbox 1688 4151 1819 4219; x_wconf 86' lang='grc' dir='ltr'>πρὸς</span> <span class='ocrx_word' id='word_1_573' title='bbox 1837 4146 1926 4198; x_wconf 79' lang='grc' dir='ltr'>αύ-</span> 
     </span>
    </p>
   </div>
   <div class='ocr_carea' id='block_1_75' title="bbox 316 4230 1926 4308">
    <p class='ocr_par' dir='ltr' id='par_1_75' title="bbox 316 4230 1926 4308">
     <span class='ocr_line' id='line_1_77' title="bbox 316 4230 1926 4308; baseline -0.002 -17"><span class='ocrx_word' id='word_1_574' title='bbox 316 4243 463 4303; x_wconf 83' lang='grc' dir='ltr'>τούς,</span> <span class='ocrx_word' id='word_1_575' title='bbox 496 4240 566 4298; x_wconf 81' lang='grc' dir='ltr'><strong>ὡς</strong></span> <span class='ocrx_word' id='word_1_576' title='bbox 590 4236 634 4289; x_wconf 88' lang='grc' dir='ltr'>εἰ</span> <span class='ocrx_word' id='word_1_577' title='bbox 670 4241 760 4288; x_wconf 82' lang='grc' dir='ltr'>καὶ</span> <span class='ocrx_word' id='word_1_578' title='bbox 800 4230 1051 4308; x_wconf 84' lang='grc' dir='ltr'>διάφορος</span> <span class='ocrx_word' id='word_1_579' title='bbox 1080 4236 1109 4292; x_wconf 81' lang='grc' dir='ltr'><strong>η</strong></span> <span class='ocrx_word' id='word_1_580' title='bbox 1146 4236 1373 4308; x_wconf 84' lang='grc' dir='ltr'>ἱστορία,</span> <span class='ocrx_word' id='word_1_581' title='bbox 1419 4234 1526 4286; x_wconf 76' lang='grc' dir='ltr'>ἀλλ’</span> <span class='ocrx_word' id='word_1_582' title='bbox 1552 4234 1926 4287; x_wconf 82' lang='grc' dir='ltr'>ἐκκαλύπτεται</span> 
     </span>
    </p>
   </div>
   <div class='ocr_carea' id='block_1_76' title="bbox 315 4320 2005 4420">
    <p class='ocr_par' dir='ltr' id='par_1_76' title="bbox 315 4320 2005 4420">
     <span class='ocr_line' id='line_1_78' title="bbox 315 4320 2005 4420; baseline -0.002 -39"><span class='ocrx_word' id='word_1_583' title='bbox 315 4335 411 4382; x_wconf 80' lang='grc' dir='ltr'>καὶ</span> <span class='ocrx_word' id='word_1_584' title='bbox 437 4326 842 4398; x_wconf 77' lang='grc' dir='ltr'>ἀνακαθαίρεται</span> <span class='ocrx_word' id='word_1_585' title='bbox 870 4328 995 4397; x_wconf 85' lang='grc' dir='ltr'>πρὸς</span> <span class='ocrx_word' id='word_1_586' title='bbox 1024 4322 1304 4396; x_wconf 80' lang='grc' dir='ltr'>εύκρίνειαν</span> <span class='ocrx_word' id='word_1_587' title='bbox 1336 4320 1370 4376; x_wconf 85' lang='grc' dir='ltr'><strong>δ</strong></span> <span class='ocrx_word' id='word_1_588' title='bbox 1376 4328 1427 4377; x_wconf 78' lang='grc' dir='ltr'>ιὰ</span> <span class='ocrx_word' id='word_1_589' title='bbox 1457 4333 1553 4387; x_wconf 82' lang='grc' dir='ltr'>τῆς</span> <span class='ocrx_word' id='word_1_590' title='bbox 1577 4323 1925 4397; x_wconf 87' lang='grc' dir='ltr'>όμολογουμέ-</span> <span class='ocrx_word' id='word_1_591' title='bbox 1963 4366 2005 4420; x_wconf 82' lang='lat' dir='ltr'>D</span> 
     </span>
    </p>
   </div>
   <div class='ocr_carea' id='block_1_77' title="bbox 316 4409 1925 4489">
    <p class='ocr_par' dir='ltr' id='par_1_77' title="bbox 316 4409 1925 4489">
     <span class='ocr_line' id='line_1_79' title="bbox 316 4409 1925 4489; baseline -0.003 -18"><span class='ocrx_word' id='word_1_592' title='bbox 316 4439 414 4481; x_wconf 86' lang='grc' dir='ltr'><strong>νης</strong></span> <span class='ocrx_word' id='word_1_593' title='bbox 438 4420 467 4476; x_wconf 79' lang='grc' dir='ltr'><strong>η</strong></span> <span class='ocrx_word' id='word_1_594' title='bbox 503 4414 800 4489; x_wconf 74' lang='grc' dir='ltr'>ἀμφίϐολος·</span> <span class='ocrx_word' id='word_1_595' title='bbox 838 4409 1101 4472; x_wconf 85' lang='grc' dir='ltr'>δηλούσης</span> <span class='ocrx_word' id='word_1_596' title='bbox 1143 4411 1335 4473; x_wconf 83' lang='grc' dir='ltr'>ἐκείνης</span> <span class='ocrx_word' id='word_1_597' title='bbox 1364 4416 1423 4465; x_wconf 89' lang='grc' dir='ltr'>τὸ</span> <span class='ocrx_word' id='word_1_598' title='bbox 1468 4415 1788 4485; x_wconf 88' lang='grc' dir='ltr'>κατέχεσθαι</span> <span class='ocrx_word' id='word_1_599' title='bbox 1834 4419 1925 4466; x_wconf 80' lang='grc' dir='ltr'>καὶ</span> 
     </span>
    </p>
   </div>
   <div class='ocr_carea' id='block_1_78' title="bbox 317 4500 1929 4580">
    <p class='ocr_par' dir='ltr' id='par_1_78' title="bbox 317 4500 1929 4580">
     <span class='ocr_line' id='line_1_80' title="bbox 317 4500 1929 4580; baseline -0.003 -20"><span class='ocrx_word' id='word_1_600' title='bbox 317 4507 631 4580; x_wconf 86' lang='grc' dir='ltr'>κρατεῖσθαι</span> <span class='ocrx_word' id='word_1_601' title='bbox 682 4503 756 4574; x_wconf 73' lang='grc' dir='ltr'><strong>ἄγ’</strong></span> <span class='ocrx_word' id='word_1_602' title='bbox 873 4520 928 4554; x_wconf 88' lang='grc' dir='ltr'><strong>τε</strong></span> <span class='ocrx_word' id='word_1_603' title='bbox 970 4500 1182 4570; x_wconf 84' lang='grc' dir='ltr'>ἐγίνετο,</span> <span class='ocrx_word' id='word_1_604' title='bbox 1236 4508 1321 4555; x_wconf 80' lang='grc' dir='ltr'>καὶ</span> <span class='ocrx_word' id='word_1_605' title='bbox 1364 4504 1445 4554; x_wconf 86' lang='grc' dir='ltr'>ὃτι</span> <span class='ocrx_word' id='word_1_606' title='bbox 1491 4506 1562 4574; x_wconf 74' lang='grc' dir='ltr'>μὴ</span> <span class='ocrx_word' id='word_1_607' title='bbox 1603 4500 1929 4574; x_wconf 78' lang='grc' dir='ltr'>ἀφίστασθαι</span> 
     </span>
    </p>
   </div>
   <div class='ocr_carea' id='block_1_79' title="bbox 319 4591 1927 4664">
    <p class='ocr_par' dir='ltr' id='par_1_79' title="bbox 319 4591 1927 4664">
     <span class='ocr_line' id='line_1_81' title="bbox 319 4591 1927 4664; baseline -0.004 -15"><span class='ocrx_word' id='word_1_608' title='bbox 319 4597 494 4649; x_wconf 76' lang='grc' dir='ltr'>αὐτῶν</span> <span class='ocrx_word' id='word_1_609' title='bbox 537 4599 626 4646; x_wconf 80' lang='grc' dir='ltr'>καὶ</span> <span class='ocrx_word' id='word_1_610' title='bbox 674 4591 992 4664; x_wconf 83' lang='grc' dir='ltr'>ἀποχωρεῖν,</span> <span class='ocrx_word' id='word_1_611' title='bbox 1043 4594 1132 4642; x_wconf 86' lang='grc' dir='ltr'>καὶ</span> <span class='ocrx_word' id='word_1_612' title='bbox 1174 4591 1255 4643; x_wconf 88' lang='grc' dir='ltr'>ὃτι</span> <span class='ocrx_word' id='word_1_613' title='bbox 1303 4593 1580 4654; x_wconf 85' lang='grc' dir='ltr'>ποθοῦντες</span> <span class='ocrx_word' id='word_1_614' title='bbox 1625 4594 1786 4644; x_wconf 72' lang='grc' dir='ltr'>αὑτοῦ</span> <span class='ocrx_word' id='word_1_615' title='bbox 1834 4596 1927 4650; x_wconf 75' lang='grc' dir='ltr'>τὴν</span> 
     </span>
    </p>
   </div>
   <div class='ocr_carea' id='block_1_80' title="bbox 321 4679 1927 4754">
    <p class='ocr_par' dir='ltr' id='par_1_80' title="bbox 321 4679 1927 4754">
     <span class='ocr_line' id='line_1_82' title="bbox 321 4679 1927 4754; baseline -0.004 -16"><span class='ocrx_word' id='word_1_616' title='bbox 321 4682 653 4739; x_wconf 78' lang='grc' dir='ltr'>διδάσκαλον</span> <span class='ocrx_word' id='word_1_617' title='bbox 702 4680 929 4754; x_wconf 84' lang='grc' dir='ltr'>ὁμιλίαν,</span> <span class='ocrx_word' id='word_1_618' title='bbox 985 4684 1074 4731; x_wconf 86' lang='grc' dir='ltr'>καὶ</span> <span class='ocrx_word' id='word_1_619' title='bbox 1140 4679 1203 4751; x_wconf 64' lang='grc' dir='ltr'><strong>τῇ</strong></span> <span class='ocrx_word' id='word_1_620' title='bbox 1260 4689 1360 4732; x_wconf 83' lang='grc' dir='ltr'>τῶν</span> <span class='ocrx_word' id='word_1_621' title='bbox 1411 4682 1714 4752; x_wconf 88' lang='grc' dir='ltr'>θαυμασίων</span> <span class='ocrx_word' id='word_1_622' title='bbox 1766 4682 1927 4754; x_wconf 78' lang='grc' dir='ltr'>ἔργων</span> 
     </span>
    </p>
   </div>
   <div class='ocr_carea' id='block_1_81' title="bbox 320 4769 1927 4850">
    <p class='ocr_par' dir='ltr' id='par_1_81' title="bbox 320 4769 1927 4850">
     <span class='ocr_line' id='line_1_83' title="bbox 320 4769 1927 4850; baseline -0.004 -23"><span class='ocrx_word' id='word_1_623' title='bbox 320 4776 669 4850; x_wconf 78' lang='grc' dir='ltr'>ἐντρυφῶντες</span> <span class='ocrx_word' id='word_1_624' title='bbox 745 4769 1051 4836; x_wconf 78' lang='grc' dir='ltr'>ἀπολαύσει,</span> <span class='ocrx_word' id='word_1_625' title='bbox 1132 4771 1367 4821; x_wconf 76' lang='grc' dir='ltr'>ἐπενόουν</span> <span class='ocrx_word' id='word_1_626' title='bbox 1418 4773 1511 4827; x_wconf 79' lang='grc' dir='ltr'>τήν</span> <span class='ocrx_word' id='word_1_627' title='bbox 1576 4771 1927 4841; x_wconf 81' lang='grc' dir='ltr'>κατάσχεσιν·</span> 
     </span>
    </p>
   </div>
   <div class='ocr_carea' id='block_1_82' title="bbox 319 4855 1929 4938">
    <p class='ocr_par' dir='ltr' id='par_1_82' title="bbox 319 4855 1929 4938">
     <span class='ocr_line' id='line_1_84' title="bbox 319 4855 1929 4938; baseline -0.005 -20"><span class='ocrx_word' id='word_1_628' title='bbox 319 4870 409 4918; x_wconf 79' lang='grc' dir='ltr'>καὶ</span> <span class='ocrx_word' id='word_1_629' title='bbox 464 4866 566 4938; x_wconf 80' lang='grc' dir='ltr'>γὰρ</span> <span class='ocrx_word' id='word_1_630' title='bbox 616 4859 866 4922; x_wconf 84' lang='grc' dir='ltr'>πολλάκις</span> <span class='ocrx_word' id='word_1_631' title='bbox 921 4858 1261 4931; x_wconf 87' lang='grc' dir='ltr'>κατελίμπανε</span> <span class='ocrx_word' id='word_1_632' title='bbox 1320 4855 1471 4910; x_wconf 82' lang='grc' dir='ltr'>τόνδε</span> <span class='ocrx_word' id='word_1_633' title='bbox 1532 4861 1617 4911; x_wconf 87' lang='grc' dir='ltr'>τὸν</span> <span class='ocrx_word' id='word_1_634' title='bbox 1673 4867 1851 4932; x_wconf 86' lang='grc' dir='ltr'>χῶρον</span> <span class='ocrx_word' id='word_1_635' title='bbox 1904 4860 1929 4910; x_wconf 92' lang='lat'><strong>6</strong></span> 
     </span>
    </p>
   </div>
   <div class='ocr_carea' id='block_1_83' title="bbox 321 4943 1930 5028">
    <p class='ocr_par' dir='ltr' id='par_1_83' title="bbox 321 4943 1930 5028">
     <span class='ocr_line' id='line_1_85' title="bbox 321 4943 1930 5028; baseline -0.005 -21"><span class='ocrx_word' id='word_1_636' title='bbox 321 4954 685 5028; x_wconf 84' lang='grc' dir='ltr'>φιλάνθρωπος</span> <span class='ocrx_word' id='word_1_637' title='bbox 714 4950 937 5017; x_wconf 87' lang='grc' dir='ltr'>Ἰησοῦς,</span> <span class='ocrx_word' id='word_1_638' title='bbox 982 4952 1071 4999; x_wconf 79' lang='grc' dir='ltr'><strong>καὶ</strong></span> <span class='ocrx_word' id='word_1_639' title='bbox 1119 4951 1241 5009; x_wconf 85' lang='grc' dir='ltr'>τοὺς</span> <span class='ocrx_word' id='word_1_640' title='bbox 1292 4943 1635 5019; x_wconf 84' lang='grc' dir='ltr'>διοχλοῦντας</span> <span class='ocrx_word' id='word_1_641' title='bbox 1683 4946 1731 4999; x_wconf 83' lang='grc' dir='ltr'><strong>ἐν</strong></span> <span class='ocrx_word' id='word_1_642' title='bbox 1788 4947 1930 5019; x_wconf 80' lang='grc' dir='ltr'>αύτῷ</span> 
     </span>
    </p>
   </div>
   <div class='ocr_carea' id='block_1_84' title="bbox 320 5032 1929 5114">
    <p class='ocr_par' dir='ltr' id='par_1_84' title="bbox 320 5032 1929 5114">
     <span class='ocr_line' id='line_1_86' title="bbox 320 5032 1929 5114; baseline -0.005 -19"><span class='ocrx_word' id='word_1_643' title='bbox 320 5052 422 5097; x_wconf 83' lang='grc' dir='ltr'>τῶν</span> <span class='ocrx_word' id='word_1_644' title='bbox 461 5041 634 5114; x_wconf 83' lang='grc' dir='ltr'>ὄχλων</span> <span class='ocrx_word' id='word_1_645' title='bbox 664 5039 731 5099; x_wconf 80' lang='grc' dir='ltr'>εἱς</span> <span class='ocrx_word' id='word_1_646' title='bbox 762 5038 963 5112; x_wconf 82' lang='grc' dir='ltr'>ἑτέρους</span> <span class='ocrx_word' id='word_1_647' title='bbox 994 5041 1087 5095; x_wconf 79' lang='grc' dir='ltr'><strong>την</strong></span> <span class='ocrx_word' id='word_1_648' title='bbox 1128 5036 1229 5089; x_wconf 79' lang='grc' dir='ltr'><strong>ἀπὸ</strong></span> <span class='ocrx_word' id='word_1_649' title='bbox 1261 5032 1609 5099; x_wconf 81' lang='grc' dir='ltr'>διδασκαλίας</span> <span class='ocrx_word' id='word_1_650' title='bbox 1640 5040 1729 5088; x_wconf 78' lang='grc' dir='ltr'>καὶ</span> <span class='ocrx_word' id='word_1_651' title='bbox 1756 5037 1929 5111; x_wconf 86' lang='grc' dir='ltr'>θεουρ-</span> 
     </span>
    </p>
   </div>
   <div class='ocr_carea' id='block_1_85' title="bbox 320 5125 1931 5207">
    <p class='ocr_par' dir='ltr' id='par_1_85' title="bbox 320 5125 1931 5207">
     <span class='ocr_line' id='line_1_87' title="bbox 320 5125 1931 5207; baseline -0.008 -21"><span class='ocrx_word' id='word_1_652' title='bbox 320 5139 441 5207; x_wconf 86' lang='grc' dir='ltr'>γίας</span> <span class='ocrx_word' id='word_1_653' title='bbox 470 5132 707 5204; x_wconf 88' lang='grc' dir='ltr'>μετάγων</span> <span class='ocrx_word' id='word_1_654' title='bbox 753 5131 1035 5201; x_wconf 62' lang='grc' dir='ltr'>σωτηρίαν</span> <span class='ocrx_word' id='word_1_655' title='bbox 1068 5125 1201 5185; x_wconf 80' lang='grc' dir='ltr'>πλὴν</span> <span class='ocrx_word' id='word_1_656' title='bbox 1243 5126 1384 5179; x_wconf 75' lang='grc' dir='ltr'>οὗτοι</span> <span class='ocrx_word' id='word_1_657' title='bbox 1427 5129 1485 5179; x_wconf 87' lang='grc' dir='ltr'>τὸ</span> <span class='ocrx_word' id='word_1_658' title='bbox 1532 5129 1622 5198; x_wconf 72' lang='grc' dir='ltr'><strong>μεν</strong></span> <span class='ocrx_word' id='word_1_659' title='bbox 1667 5133 1931 5200; x_wconf 83' lang='grc' dir='ltr'>κρατῆσαι</span> 
     </span>
    </p>
   </div>
   <div class='ocr_carea' id='block_1_86' title="bbox 322 5211 1933 5288">
    <p class='ocr_par' dir='ltr' id='par_1_86' title="bbox 322 5211 1933 5288">
     <span class='ocr_line' id='line_1_88' title="bbox 322 5211 1933 5288; baseline -0.005 -13"><span class='ocrx_word' id='word_1_660' title='bbox 322 5224 499 5288; x_wconf 71' lang='grc' dir='ltr'>αὐτὸν,</span> <span class='ocrx_word' id='word_1_661' title='bbox 552 5220 618 5280; x_wconf 86' lang='grc' dir='ltr'><strong>εἰς</strong></span> <span class='ocrx_word' id='word_1_662' title='bbox 671 5222 729 5271; x_wconf 89' lang='grc' dir='ltr'><strong>τό</strong></span> <span class='ocrx_word' id='word_1_663' title='bbox 775 5238 803 5269; x_wconf 81' lang='grc' dir='ltr'>(ε</span> <span class='ocrx_word' id='word_1_664' title='bbox 861 5221 1100 5288; x_wconf 75' lang='grc' dir='ltr'>επισχεῖν</span> <span class='ocrx_word' id='word_1_665' title='bbox 1132 5216 1287 5267; x_wconf 88' lang='grc' dir='ltr'>αύτόν</span> <span class='ocrx_word' id='word_1_666' title='bbox 1333 5222 1424 5267; x_wconf 90' lang='grc' dir='ltr'><strong>τοῦ</strong></span> <span class='ocrx_word' id='word_1_667' title='bbox 1457 5215 1617 5286; x_wconf 85' lang='grc' dir='ltr'>λέγειν</span> <span class='ocrx_word' id='word_1_668' title='bbox 1648 5215 1737 5267; x_wconf 84' lang='grc' dir='ltr'>καὶ</span> <span class='ocrx_word' id='word_1_669' title='bbox 1769 5211 1933 5267; x_wconf 81' lang='grc' dir='ltr'>διδά-</span> 
     </span>
    </p>
   </div>
   <div class='ocr_carea' id='block_1_87' title="bbox 325 5301 1929 5382">
    <p class='ocr_par' dir='ltr' id='par_1_87' title="bbox 325 5301 1929 5382">
     <span class='ocr_line' id='line_1_89' title="bbox 325 5301 1929 5382; baseline -0.007 -17"><span class='ocrx_word' id='word_1_670' title='bbox 325 5332 468 5365; x_wconf 82' lang='grc' dir='ltr'>σκειν</span> <span class='ocrx_word' id='word_1_671' title='bbox 494 5330 523 5363; x_wconf 86' lang='grc'><strong>››</strong></span> <span class='ocrx_word' id='word_1_672' title='bbox 539 5306 1044 5382; x_wconf 81' lang='grc' dir='ltr'>μεταλαμϐάνουσιν·</span> <span class='ocrx_word' id='word_1_673' title='bbox 1067 5310 1125 5358; x_wconf 89' lang='grc' dir='ltr'>τὸ</span> <span class='ocrx_word' id='word_1_674' title='bbox 1144 5301 1226 5375; x_wconf 80' lang='grc' dir='ltr'><strong>δε,</strong></span> <span class='ocrx_word' id='word_1_675' title='bbox 1254 5325 1283 5357; x_wconf 77' lang='grc' dir='ltr'><strong>α</strong></span> <span class='ocrx_word' id='word_1_676' title='bbox 1308 5303 1512 5369; x_wconf 82' lang='grc' dir='ltr'>ἐξέστη,</span> <span class='ocrx_word' id='word_1_677' title='bbox 1532 5328 1557 5354; x_wconf 78' lang='grc' dir='ltr'><strong>υ</strong></span> <span class='ocrx_word' id='word_1_678' title='bbox 1582 5307 1707 5379; x_wconf 87' lang='grc' dir='ltr'>πρὸς</span> <span class='ocrx_word' id='word_1_679' title='bbox 1718 5308 1811 5363; x_wconf 80' lang='grc' dir='ltr'>τὴν</span> <span class='ocrx_word' id='word_1_680' title='bbox 1828 5312 1929 5357; x_wconf 83' lang='grc' dir='ltr'>τῶν</span> 
     </span>
    </p>
   </div>
   <div class='ocr_carea' id='block_1_88' title="bbox 324 5390 1927 5473">
    <p class='ocr_par' dir='ltr' id='par_1_88' title="bbox 324 5390 1927 5473">
     <span class='ocr_line' id='line_1_90' title="bbox 324 5390 1927 5473; baseline -0.005 -20"><span class='ocrx_word' id='word_1_681' title='bbox 324 5407 560 5473; x_wconf 83' lang='grc' dir='ltr'>φυσικῶν</span> <span class='ocrx_word' id='word_1_682' title='bbox 613 5394 883 5469; x_wconf 83' lang='grc' dir='ltr'>δυνάμεων</span> <span class='ocrx_word' id='word_1_683' title='bbox 947 5400 1037 5448; x_wconf 81' lang='grc' dir='ltr'>καὶ</span> <span class='ocrx_word' id='word_1_684' title='bbox 1086 5401 1178 5457; x_wconf 77' lang='grc' dir='ltr'>τῆς</span> <span class='ocrx_word' id='word_1_685' title='bbox 1232 5395 1573 5456; x_wconf 85' lang='grc' dir='ltr'>καθεστώσης</span> <span class='ocrx_word' id='word_1_686' title='bbox 1621 5390 1927 5462; x_wconf 81' lang='grc' dir='ltr'>διαθέσεως,</span> 
     </span>
    </p>
   </div>
   <div class='ocr_carea' id='block_1_89' title="bbox 396 5532 877 5602">
    <p class='ocr_par' dir='ltr' id='par_1_89' title="bbox 396 5532 877 5602">
     <span class='ocr_line' id='line_1_91' title="bbox 396 5532 877 5602; baseline -0.012 -10"><span class='ocrx_word' id='word_1_687' title='bbox 396 5535 447 5570; x_wconf 81' lang='grc'><strong><em>⁸⁵</em></strong></span> <span class='ocrx_word' id='word_1_688' title='bbox 494 5536 632 5591; x_wconf 84' lang='lat' dir='ltr'><strong>Luc.</strong></span> <span class='ocrx_word' id='word_1_689' title='bbox 673 5548 748 5602; x_wconf 81' lang='lat' dir='ltr'><strong>iv,</strong></span> <span class='ocrx_word' id='word_1_690' title='bbox 789 5532 877 5588; x_wconf 77' lang='grc'><strong>42.</strong></span> 
     </span>
    </p>
   </div>
   <div class='ocr_carea' id='block_1_90' title="bbox 2032 3070 3687 3144">
    <p class='ocr_par' dir='ltr' id='par_1_90' title="bbox 2032 3070 3687 3144">
     <span class='ocr_line' id='line_1_92' title="bbox 2032 3070 3687 3144; baseline 0.002 -17"><span class='ocrx_word' id='word_1_691' title='bbox 2032 3070 2592 3144; x_wconf 90' lang='lat' dir='ltr'><strong>requirebanteum,</strong></span> <span class='ocrx_word' id='word_1_692' title='bbox 2625 3078 2681 3128; x_wconf 90' lang='lat' dir='ltr'><strong>et</strong></span> <span class='ocrx_word' id='word_1_693' title='bbox 2710 3079 2997 3129; x_wconf 90' lang='lat' dir='ltr'><strong>venerunt</strong></span> <span class='ocrx_word' id='word_1_694' title='bbox 3024 3073 3102 3128; x_wconf 93' lang='lat' dir='ltr'><strong>ad</strong></span> <span class='ocrx_word' id='word_1_695' title='bbox 3125 3089 3262 3128; x_wconf 90' lang='lat' dir='ltr'><strong>eum</strong></span> <span class='ocrx_word' id='word_1_696' title='bbox 3296 3080 3349 3131; x_wconf 92' lang='lat' dir='ltr'><strong>et</strong></span> <span class='ocrx_word' id='word_1_697' title='bbox 3372 3078 3687 3131; x_wconf 88' lang='lat' dir='ltr'><strong>tenuerunt</strong></span> 
     </span>
    </p>
   </div>
   <div class='ocr_carea' id='block_1_91' title="bbox 2033 3162 3687 3234">
    <p class='ocr_par' dir='ltr' id='par_1_91' title="bbox 2033 3162 3687 3234">
     <span class='ocr_line' id='line_1_93' title="bbox 2033 3162 3687 3234; baseline 0.002 -17"><span class='ocrx_word' id='word_1_698' title='bbox 2033 3178 2173 3217; x_wconf 90' lang='lat' dir='ltr'><strong>eum</strong></span> <span class='ocrx_word' id='word_1_699' title='bbox 2195 3177 2269 3217; x_wconf 92' lang='lat' dir='ltr'><strong>ne</strong></span> <span class='ocrx_word' id='word_1_700' title='bbox 2295 3162 2623 3218; x_wconf 88' lang='lat' dir='ltr'><strong>discederet</strong></span> <span class='ocrx_word' id='word_1_701' title='bbox 2646 3163 2720 3218; x_wconf 91' lang='lat' dir='ltr'><strong>ab</strong></span> <span class='ocrx_word' id='word_1_702' title='bbox 2748 3163 2831 3217; x_wconf 90' lang='lat' dir='ltr'><strong>eis</strong></span> <span class='ocrx_word' id='word_1_703' title='bbox 2850 3164 2897 3198; x_wconf 80' lang='grc'>⁸⁵</span> <span class='ocrx_word' id='word_1_704' title='bbox 2932 3180 2945 3229; x_wconf 88' lang='grc'><strong>;</strong></span> <span class='ocrx_word' id='word_1_705' title='bbox 2976 3182 3005 3215; x_wconf 84' lang='grc'><strong>››</strong></span> <span class='ocrx_word' id='word_1_706' title='bbox 3036 3164 3137 3234; x_wconf 89' lang='lat' dir='ltr'><strong>qui</strong></span> <span class='ocrx_word' id='word_1_707' title='bbox 3166 3169 3369 3219; x_wconf 91' lang='lat' dir='ltr'><strong>autem</strong></span> <span class='ocrx_word' id='word_1_708' title='bbox 3401 3169 3458 3220; x_wconf 87' lang='lat' dir='ltr'><strong>et</strong></span> <span class='ocrx_word' id='word_1_709' title='bbox 3486 3164 3687 3221; x_wconf 86' lang='lat' dir='ltr'><strong>diver-</strong></span> 
     </span>
    </p>
   </div>
   <div class='ocr_carea' id='block_1_92' title="bbox 2034 3252 3687 3328">
    <p class='ocr_par' dir='ltr' id='par_1_92' title="bbox 2034 3252 3687 3328">
     <span class='ocr_line' id='line_1_94' title="bbox 2034 3252 3687 3328; baseline 0.002 -21"><span class='ocrx_word' id='word_1_710' title='bbox 2034 3268 2163 3308; x_wconf 85' lang='lat' dir='ltr'><strong>sam</strong></span> <span class='ocrx_word' id='word_1_711' title='bbox 2185 3252 2894 3323; x_wconf 88' lang='lat' dir='ltr'><strong>pronuntianthistoriam</strong></span> <span class='ocrx_word' id='word_1_712' title='bbox 2916 3269 3100 3325; x_wconf 88' lang='lat' dir='ltr'><strong>quam</strong></span> <span class='ocrx_word' id='word_1_713' title='bbox 3124 3252 3409 3309; x_wconf 88' lang='lat' dir='ltr'><strong>divinitus</strong></span> <span class='ocrx_word' id='word_1_714' title='bbox 3430 3255 3687 3328; x_wconf 91' lang='lat' dir='ltr'><strong>loquens</strong></span> 
     </span>
    </p>
   </div>
   <div class='ocr_carea' id='block_1_93' title="bbox 2032 3339 3688 3413">
    <p class='ocr_par' dir='ltr' id='par_1_93' title="bbox 2032 3339 3688 3413">
     <span class='ocr_line' id='line_1_95' title="bbox 2032 3339 3688 3413; baseline 0.002 -17"><span class='ocrx_word' id='word_1_715' title='bbox 2032 3339 2307 3396; x_wconf 84' lang='lat' dir='ltr'><strong>describit</strong></span> <span class='ocrx_word' id='word_1_716' title='bbox 2362 3339 2553 3396; x_wconf 88' lang='lat' dir='ltr'><strong>Lucas</strong></span> <span class='ocrx_word' id='word_1_717' title='bbox 2586 3340 2658 3396; x_wconf 91' lang='lat' dir='ltr'><strong>ab</strong></span> <span class='ocrx_word' id='word_1_718' title='bbox 2732 3356 2803 3396; x_wconf 92' lang='lat' dir='ltr'><strong>ea</strong></span> <span class='ocrx_word' id='word_1_719' title='bbox 2831 3357 3015 3413; x_wconf 88' lang='lat' dir='ltr'><strong>quam</strong></span> <span class='ocrx_word' id='word_1_720' title='bbox 3082 3340 3325 3397; x_wconf 91' lang='lat' dir='ltr'><strong>divinus</strong></span> <span class='ocrx_word' id='word_1_721' title='bbox 3371 3343 3688 3399; x_wconf 89' lang='lat' dir='ltr'><strong>annuntiat</strong></span> 
     </span>
    </p>
   </div>
   <div class='ocr_carea' id='block_1_94' title="bbox 2034 3428 3684 3501">
    <p class='ocr_par' dir='ltr' id='par_1_94' title="bbox 2034 3428 3684 3501">
     <span class='ocr_line' id='line_1_96' title="bbox 2034 3428 3684 3501; baseline 0.001 -15"><span class='ocrx_word' id='word_1_722' title='bbox 2034 3432 2284 3499; x_wconf 75' lang='lat' dir='ltr'><strong>Marcus,</strong></span> <span class='ocrx_word' id='word_1_723' title='bbox 2344 3428 2403 3484; x_wconf 91' lang='lat' dir='ltr'><strong>in</strong></span> <span class='ocrx_word' id='word_1_724' title='bbox 2470 3428 2711 3484; x_wconf 87' lang='lat' dir='ltr'><strong>alterius</strong></span> <span class='ocrx_word' id='word_1_725' title='bbox 2765 3428 3179 3485; x_wconf 88' lang='lat' dir='ltr'><strong>elucidationis</strong></span> <span class='ocrx_word' id='word_1_726' title='bbox 3233 3429 3684 3501; x_wconf 87' lang='lat' dir='ltr'><strong>inquisitionem</strong></span> 
     </span>
    </p>
   </div>
   <div class='ocr_carea' id='block_1_95' title="bbox 2035 3517 3686 3590">
    <p class='ocr_par' dir='ltr' id='par_1_95' title="bbox 2035 3517 3686 3590">
     <span class='ocr_line' id='line_1_97' title="bbox 2035 3517 3686 3590; baseline 0.002 -16"><span class='ocrx_word' id='word_1_727' title='bbox 2035 3517 2413 3574; x_wconf 88' lang='lat' dir='ltr'><strong>transierunt.</strong></span> <span class='ocrx_word' id='word_1_728' title='bbox 2452 3518 2679 3574; x_wconf 88' lang='lat' dir='ltr'><strong>Etenim</strong></span> <span class='ocrx_word' id='word_1_729' title='bbox 2703 3517 2911 3574; x_wconf 90' lang='lat' dir='ltr'><strong>dicunt</strong></span> <span class='ocrx_word' id='word_1_730' title='bbox 2948 3536 2960 3573; x_wconf 92' lang='lat'><strong>:</strong></span> <span class='ocrx_word' id='word_1_731' title='bbox 2997 3519 3097 3573; x_wconf 85' lang='lat' dir='ltr'><strong>Hic</strong></span> <span class='ocrx_word' id='word_1_732' title='bbox 3125 3517 3367 3590; x_wconf 90' lang='lat' dir='ltr'><strong>quidem</strong></span> <span class='ocrx_word' id='word_1_733' title='bbox 3408 3519 3469 3576; x_wconf 92' lang='lat' dir='ltr'><strong>in</strong></span> <span class='ocrx_word' id='word_1_734' title='bbox 3499 3519 3686 3576; x_wconf 92' lang='lat' dir='ltr'><strong>domo</strong></span> 
     </span>
    </p>
   </div>
   <div class='ocr_carea' id='block_1_96' title="bbox 2035 3605 3683 3676">
    <p class='ocr_par' dir='ltr' id='par_1_96' title="bbox 2035 3605 3683 3676">
     <span class='ocr_line' id='line_1_98' title="bbox 2035 3605 3683 3676; baseline 0.002 -14"><span class='ocrx_word' id='word_1_735' title='bbox 2035 3611 2160 3663; x_wconf 88' lang='lat' dir='ltr'><strong>erat</strong></span> <span class='ocrx_word' id='word_1_736' title='bbox 2197 3608 2392 3673; x_wconf 88' lang='lat' dir='ltr'><strong>Jesus,</strong></span> <span class='ocrx_word' id='word_1_737' title='bbox 2421 3612 2475 3661; x_wconf 93' lang='lat' dir='ltr'><strong>et</strong></span> <span class='ocrx_word' id='word_1_738' title='bbox 2515 3605 2638 3676; x_wconf 90' lang='lat' dir='ltr'><strong>ipse</strong></span> <span class='ocrx_word' id='word_1_739' title='bbox 2668 3605 2872 3661; x_wconf 89' lang='lat' dir='ltr'><strong>dicens</strong></span> <span class='ocrx_word' id='word_1_740' title='bbox 2901 3605 3106 3662; x_wconf 87' lang='lat' dir='ltr'><strong>divina</strong></span> <span class='ocrx_word' id='word_1_741' title='bbox 3144 3613 3201 3662; x_wconf 88' lang='lat' dir='ltr'><strong>et</strong></span> <span class='ocrx_word' id='word_1_742' title='bbox 3249 3612 3453 3663; x_wconf 89' lang='lat' dir='ltr'><strong>curata</strong></span> <span class='ocrx_word' id='word_1_743' title='bbox 3492 3606 3683 3674; x_wconf 89' lang='lat' dir='ltr'><strong>turba,</strong></span> 
     </span>
    </p>
   </div>
   <div class='ocr_carea' id='block_1_97' title="bbox 2034 3695 3686 3767">
    <p class='ocr_par' dir='ltr' id='par_1_97' title="bbox 2034 3695 3686 3767">
     <span class='ocr_line' id='line_1_99' title="bbox 2034 3695 3686 3767; baseline 0.001 -15"><span class='ocrx_word' id='word_1_744' title='bbox 2034 3702 2090 3753; x_wconf 90' lang='lat' dir='ltr'><strong>et</strong></span> <span class='ocrx_word' id='word_1_745' title='bbox 2111 3712 2305 3767; x_wconf 92' lang='lat' dir='ltr'><strong>neque</strong></span> <span class='ocrx_word' id='word_1_746' title='bbox 2328 3695 2733 3751; x_wconf 90' lang='lat' dir='ltr'><strong>manducandi</strong></span> <span class='ocrx_word' id='word_1_747' title='bbox 2756 3710 2973 3767; x_wconf 90' lang='lat' dir='ltr'><strong>panem</strong></span> <span class='ocrx_word' id='word_1_748' title='bbox 3000 3712 3121 3767; x_wconf 66' lang='lat' dir='ltr'><strong>pra:</strong></span> <span class='ocrx_word' id='word_1_749' title='bbox 3147 3697 3533 3754; x_wconf 89' lang='lat' dir='ltr'><strong>continuitate</strong></span> <span class='ocrx_word' id='word_1_750' title='bbox 3557 3714 3686 3754; x_wconf 90' lang='lat' dir='ltr'><strong>mo-</strong></span> 
     </span>
    </p>
   </div>
   <div class='ocr_carea' id='block_1_98' title="bbox 2033 3783 3688 3859">
    <p class='ocr_par' dir='ltr' id='par_1_98' title="bbox 2033 3783 3688 3859">
     <span class='ocr_line' id='line_1_100' title="bbox 2033 3783 3688 3859; baseline 0.003 -19"><span class='ocrx_word' id='word_1_751' title='bbox 2033 3783 2215 3841; x_wconf 70' lang='lat' dir='ltr'><strong>lestitn</strong></span> <span class='ocrx_word' id='word_1_752' title='bbox 2264 3785 2613 3857; x_wconf 68' lang='lat' dir='ltr'><strong>praebebant</strong></span> <span class='ocrx_word' id='word_1_753' title='bbox 2661 3785 3165 3856; x_wconf 88' lang='lat' dir='ltr'><strong>opportunitatem</strong></span> <span class='ocrx_word' id='word_1_754' title='bbox 3210 3793 3311 3841; x_wconf 89' lang='lat' dir='ltr'><strong>:et</strong></span> <span class='ocrx_word' id='word_1_755' title='bbox 3365 3787 3470 3859; x_wconf 90' lang='lat' dir='ltr'><strong>qui</strong></span> <span class='ocrx_word' id='word_1_756' title='bbox 3517 3788 3688 3858; x_wconf 84' lang='lat' dir='ltr'><strong>juxta</strong></span> 
     </span>
    </p>
   </div>
   <div class='ocr_carea' id='block_1_99' title="bbox 2034 3874 3689 3943">
    <p class='ocr_par' dir='ltr' id='par_1_99' title="bbox 2034 3874 3689 3943">
     <span class='ocr_line' id='line_1_101' title="bbox 2034 3874 3689 3943; baseline 0.002 -14"><span class='ocrx_word' id='word_1_757' title='bbox 2034 3874 2201 3930; x_wconf 90' lang='lat' dir='ltr'><strong>illum</strong></span> <span class='ocrx_word' id='word_1_758' title='bbox 2241 3874 2506 3930; x_wconf 80' lang='lat' dir='ltr'><strong>exierunt</strong></span> <span class='ocrx_word' id='word_1_759' title='bbox 2536 3880 2598 3930; x_wconf 91' lang='lat' dir='ltr'><strong>ut</strong></span> <span class='ocrx_word' id='word_1_760' title='bbox 2628 3878 2893 3929; x_wconf 89' lang='lat' dir='ltr'><strong>tenerent</strong></span> <span class='ocrx_word' id='word_1_761' title='bbox 2922 3889 3082 3943; x_wconf 86' lang='lat' dir='ltr'><strong>eum,</strong></span> <span class='ocrx_word' id='word_1_762' title='bbox 3116 3881 3171 3930; x_wconf 90' lang='lat' dir='ltr'><strong>et</strong></span> <span class='ocrx_word' id='word_1_763' title='bbox 3206 3890 3347 3931; x_wconf 91' lang='lat' dir='ltr'><strong>cum</strong></span> <span class='ocrx_word' id='word_1_764' title='bbox 3386 3876 3689 3933; x_wconf 88' lang='lat' dir='ltr'><strong>venissent</strong></span> 
     </span>
    </p>
   </div>
   <div class='ocr_carea' id='block_1_100' title="bbox 2034 3961 3687 4036">
    <p class='ocr_par' dir='ltr' id='par_1_100' title="bbox 2034 3961 3687 4036">
     <span class='ocr_line' id='line_1_102' title="bbox 2034 3961 3687 4036; baseline 0.001 -17"><span class='ocrx_word' id='word_1_765' title='bbox 2034 3978 2224 4036; x_wconf 87' lang='lat' dir='ltr'><strong>usque</strong></span> <span class='ocrx_word' id='word_1_766' title='bbox 2264 3962 2342 4019; x_wconf 87' lang='lat' dir='ltr'><strong>ad</strong></span> <span class='ocrx_word' id='word_1_767' title='bbox 2372 3978 2530 4027; x_wconf 91' lang='lat' dir='ltr'><strong>eum,</strong></span> <span class='ocrx_word' id='word_1_768' title='bbox 2564 3961 2915 4017; x_wconf 90' lang='lat' dir='ltr'><strong>detinebant</strong></span> <span class='ocrx_word' id='word_1_769' title='bbox 2942 3962 3107 4018; x_wconf 90' lang='lat' dir='ltr'><strong>illum</strong></span> <span class='ocrx_word' id='word_1_770' title='bbox 3148 3979 3221 4019; x_wconf 88' lang='lat' dir='ltr'><strong>ne</strong></span> <span class='ocrx_word' id='word_1_771' title='bbox 3260 3963 3589 4020; x_wconf 85' lang='lat' dir='ltr'><strong>discederet</strong></span> <span class='ocrx_word' id='word_1_772' title='bbox 3613 3966 3687 4021; x_wconf 91' lang='lat' dir='ltr'><strong>ab</strong></span> 
     </span>
    </p>
   </div>
   <div class='ocr_carea' id='block_1_101' title="bbox 2034 4050 3684 4125">
    <p class='ocr_par' dir='ltr' id='par_1_101' title="bbox 2034 4050 3684 4125">
     <span class='ocr_line' id='line_1_103' title="bbox 2034 4050 3684 4125; baseline 0.001 -17"><span class='ocrx_word' id='word_1_773' title='bbox 2034 4053 2178 4125; x_wconf 89' lang='lat' dir='ltr'><strong>ipsis</strong></span> <span class='ocrx_word' id='word_1_774' title='bbox 2204 4069 2217 4108; x_wconf 94' lang='lat'><strong>:</strong></span> <span class='ocrx_word' id='word_1_775' title='bbox 2242 4051 2581 4108; x_wconf 87' lang='lat' dir='ltr'><strong>narratione</strong></span> <span class='ocrx_word' id='word_1_776' title='bbox 2613 4051 2810 4120; x_wconf 80' lang='lat' dir='ltr'><strong>igitur,</strong></span> <span class='ocrx_word' id='word_1_777' title='bbox 2834 4051 3025 4115; x_wconf 86' lang='lat' dir='ltr'><strong>aiunt,</strong></span> <span class='ocrx_word' id='word_1_778' title='bbox 3053 4050 3374 4108; x_wconf 91' lang='lat' dir='ltr'><strong>discrimen</strong></span> <span class='ocrx_word' id='word_1_779' title='bbox 3405 4053 3684 4120; x_wconf 80' lang='lat' dir='ltr'><strong>habente,</strong></span> 
     </span>
    </p>
   </div>
   <div class='ocr_carea' id='block_1_102' title="bbox 2034 4138 3687 4215">
    <p class='ocr_par' dir='ltr' id='par_1_102' title="bbox 2034 4138 3687 4215">
     <span class='ocr_line' id='line_1_104' title="bbox 2034 4138 3687 4215; baseline 0 -18"><span class='ocrx_word' id='word_1_780' title='bbox 2034 4141 2344 4215; x_wconf 89' lang='lat' dir='ltr'><strong>quomodo</strong></span> <span class='ocrx_word' id='word_1_781' title='bbox 2370 4139 2581 4212; x_wconf 92' lang='lat' dir='ltr'><strong>poterit</strong></span> <span class='ocrx_word' id='word_1_782' title='bbox 2607 4138 2724 4194; x_wconf 93' lang='lat' dir='ltr'><strong>dici</strong></span> <span class='ocrx_word' id='word_1_783' title='bbox 2752 4138 2825 4194; x_wconf 92' lang='lat' dir='ltr'><strong>de</strong></span> <span class='ocrx_word' id='word_1_784' title='bbox 2851 4139 3065 4195; x_wconf 90' lang='lat' dir='ltr'><strong>eadem</strong></span> <span class='ocrx_word' id='word_1_785' title='bbox 3093 4140 3342 4197; x_wconf 84' lang='lat' dir='ltr'><strong>materia</strong></span> <span class='ocrx_word' id='word_1_786' title='bbox 3368 4146 3687 4213; x_wconf 90' lang='lat' dir='ltr'><strong>utrumque</strong></span> 
     </span>
    </p>
   </div>
   <div class='ocr_carea' id='block_1_103' title="bbox 2037 4226 3683 4300">
    <p class='ocr_par' dir='ltr' id='par_1_103' title="bbox 2037 4226 3683 4300">
     <span class='ocr_line' id='line_1_105' title="bbox 2037 4226 3683 4300; baseline -0.001 -14"><span class='ocrx_word' id='word_1_787' title='bbox 2037 4245 2212 4300; x_wconf 83' lang='lat' dir='ltr'><strong>agere</strong></span> <span class='ocrx_word' id='word_1_788' title='bbox 2227 4231 2254 4287; x_wconf 91' lang='lat'><strong>?</strong></span> <span class='ocrx_word' id='word_1_789' title='bbox 2268 4229 2382 4285; x_wconf 90' lang='lat' dir='ltr'><strong>Sed</strong></span> <span class='ocrx_word' id='word_1_790' title='bbox 2400 4232 2591 4300; x_wconf 91' lang='lat' dir='ltr'><strong>potest</strong></span> <span class='ocrx_word' id='word_1_791' title='bbox 2605 4226 2720 4283; x_wconf 92' lang='lat' dir='ltr'><strong>dici</strong></span> <span class='ocrx_word' id='word_1_792' title='bbox 2736 4227 2813 4283; x_wconf 89' lang='lat' dir='ltr'><strong>ad</strong></span> <span class='ocrx_word' id='word_1_793' title='bbox 2826 4228 3009 4298; x_wconf 90' lang='lat' dir='ltr'><strong>ipsos,</strong></span> <span class='ocrx_word' id='word_1_794' title='bbox 3043 4227 3150 4283; x_wconf 88' lang='lat' dir='ltr'><strong>etsi</strong></span> <span class='ocrx_word' id='word_1_795' title='bbox 3167 4227 3401 4283; x_wconf 86' lang='lat' dir='ltr'><strong>diversa</strong></span> <span class='ocrx_word' id='word_1_796' title='bbox 3414 4228 3683 4295; x_wconf 88' lang='lat' dir='ltr'><strong>historia,</strong></span> 
     </span>
    </p>
   </div>
   <div class='ocr_carea' id='block_1_104' title="bbox 2037 4316 3690 4387">
    <p class='ocr_par' dir='ltr' id='par_1_104' title="bbox 2037 4316 3690 4387">
     <span class='ocr_line' id='line_1_106' title="bbox 2037 4316 3690 4387; baseline -0.002 -11"><span class='ocrx_word' id='word_1_797' title='bbox 2037 4324 2237 4376; x_wconf 86' lang='lat' dir='ltr'><strong>tamen</strong></span> <span class='ocrx_word' id='word_1_798' title='bbox 2269 4317 2515 4374; x_wconf 91' lang='lat' dir='ltr'><strong>revelari</strong></span> <span class='ocrx_word' id='word_1_799' title='bbox 2546 4322 2600 4372; x_wconf 89' lang='lat' dir='ltr'><strong>et</strong></span> <span class='ocrx_word' id='word_1_800' title='bbox 2643 4316 2933 4373; x_wconf 90' lang='lat' dir='ltr'><strong>declarari</strong></span> <span class='ocrx_word' id='word_1_801' title='bbox 2963 4316 3039 4371; x_wconf 93' lang='lat' dir='ltr'><strong>ad</strong></span> <span class='ocrx_word' id='word_1_802' title='bbox 3074 4316 3306 4372; x_wconf 86' lang='lat' dir='ltr'><strong>facilem</strong></span> <span class='ocrx_word' id='word_1_803' title='bbox 3360 4316 3690 4387; x_wconf 82' lang='lat' dir='ltr'><strong>intelligen-</strong></span> 
     </span>
    </p>
   </div>
   <div class='ocr_carea' id='block_1_105' title="bbox 2038 4405 3688 4480">
    <p class='ocr_par' dir='ltr' id='par_1_105' title="bbox 2038 4405 3688 4480">
     <span class='ocr_line' id='line_1_107' title="bbox 2038 4405 3688 4480; baseline -0.002 -15"><span class='ocrx_word' id='word_1_804' title='bbox 2038 4409 2182 4465; x_wconf 89' lang='lat' dir='ltr'><strong>tiam</strong></span> <span class='ocrx_word' id='word_1_805' title='bbox 2206 4424 2309 4480; x_wconf 85' lang='lat' dir='ltr'><strong>per</strong></span> <span class='ocrx_word' id='word_1_806' title='bbox 2329 4406 2714 4463; x_wconf 86' lang='lat' dir='ltr'><strong>manifestam</strong></span> <span class='ocrx_word' id='word_1_807' title='bbox 2739 4421 2873 4460; x_wconf 91' lang='lat' dir='ltr'><strong>eam</strong></span> <span class='ocrx_word' id='word_1_808' title='bbox 2896 4420 3031 4476; x_wconf 58' lang='lat' dir='ltr'><strong>quas</strong></span> <span class='ocrx_word' id='word_1_809' title='bbox 3049 4405 3327 4475; x_wconf 80' lang='lat' dir='ltr'><strong>ambigua</strong></span> <span class='ocrx_word' id='word_1_810' title='bbox 3344 4406 3415 4461; x_wconf 91' lang='lat' dir='ltr'><strong>sit</strong></span> <span class='ocrx_word' id='word_1_811' title='bbox 3444 4422 3456 4459; x_wconf 88' lang='lat'>:</span> <span class='ocrx_word' id='word_1_812' title='bbox 3494 4412 3688 4461; x_wconf 88' lang='lat' dir='ltr'><strong>osten-</strong></span> 
     </span>
    </p>
   </div>
   <div class='ocr_carea' id='block_1_106' title="bbox 2036 4490 3690 4565">
    <p class='ocr_par' dir='ltr' id='par_1_106' title="bbox 2036 4490 3690 4565">
     <span class='ocr_line' id='line_1_108' title="bbox 2036 4490 3690 4565; baseline -0.001 -14"><span class='ocrx_word' id='word_1_813' title='bbox 2036 4496 2212 4552; x_wconf 88' lang='lat' dir='ltr'><strong>dente</strong></span> <span class='ocrx_word' id='word_1_814' title='bbox 2243 4494 2342 4551; x_wconf 87' lang='lat' dir='ltr'><strong>illa</strong></span> <span class='ocrx_word' id='word_1_815' title='bbox 2377 4493 2621 4549; x_wconf 92' lang='lat' dir='ltr'><strong>detineri</strong></span> <span class='ocrx_word' id='word_1_816' title='bbox 2655 4500 2710 4549; x_wconf 91' lang='lat' dir='ltr'><strong>et</strong></span> <span class='ocrx_word' id='word_1_817' title='bbox 2750 4492 2929 4548; x_wconf 90' lang='lat' dir='ltr'><strong>teneri</strong></span> <span class='ocrx_word' id='word_1_818' title='bbox 2978 4491 3037 4547; x_wconf 92' lang='lat' dir='ltr'><strong>in</strong></span> <span class='ocrx_word' id='word_1_819' title='bbox 3084 4507 3207 4563; x_wconf 92' lang='lat' dir='ltr'><strong>quo</strong></span> <span class='ocrx_word' id='word_1_820' title='bbox 3236 4498 3361 4548; x_wconf 90' lang='lat' dir='ltr'><strong>erat</strong></span> <span class='ocrx_word' id='word_1_821' title='bbox 3396 4490 3600 4565; x_wconf 86' lang='lat' dir='ltr'><strong>[loco],</strong></span> <span class='ocrx_word' id='word_1_822' title='bbox 3632 4498 3690 4549; x_wconf 92' lang='lat' dir='ltr'><strong>et</strong></span> 
     </span>
    </p>
   </div>
   <div class='ocr_carea' id='block_1_107' title="bbox 2038 4582 3689 4653">
    <p class='ocr_par' dir='ltr' id='par_1_107' title="bbox 2038 4582 3689 4653">
     <span class='ocr_line' id='line_1_109' title="bbox 2038 4582 3689 4653; baseline -0.002 -13"><span class='ocrx_word' id='word_1_823' title='bbox 2038 4602 2113 4641; x_wconf 91' lang='lat' dir='ltr'><strong>ne</strong></span> <span class='ocrx_word' id='word_1_824' title='bbox 2132 4585 2435 4639; x_wconf 90' lang='lat' dir='ltr'><strong>desisteret</strong></span> <span class='ocrx_word' id='word_1_825' title='bbox 2456 4582 2532 4638; x_wconf 90' lang='lat' dir='ltr'><strong>ab</strong></span> <span class='ocrx_word' id='word_1_826' title='bbox 2563 4582 2649 4637; x_wconf 90' lang='lat' dir='ltr'><strong>eis</strong></span> <span class='ocrx_word' id='word_1_827' title='bbox 2679 4587 2737 4637; x_wconf 90' lang='lat' dir='ltr'><strong>et</strong></span> <span class='ocrx_word' id='word_1_828' title='bbox 2764 4582 3078 4651; x_wconf 90' lang='lat' dir='ltr'><strong>recederet,</strong></span> <span class='ocrx_word' id='word_1_829' title='bbox 3113 4586 3171 4636; x_wconf 91' lang='lat' dir='ltr'><strong>et</strong></span> <span class='ocrx_word' id='word_1_830' title='bbox 3199 4583 3689 4653; x_wconf 78' lang='lat' dir='ltr'><strong>concupiscentes</strong></span> 
     </span>
    </p>
   </div>
   <div class='ocr_carea' id='block_1_108' title="bbox 2037 4670 3689 4746">
    <p class='ocr_par' dir='ltr' id='par_1_108' title="bbox 2037 4670 3689 4746">
     <span class='ocr_line' id='line_1_110' title="bbox 2037 4670 3689 4746; baseline -0.002 -17"><span class='ocrx_word' id='word_1_831' title='bbox 2037 4673 2226 4746; x_wconf 90' lang='lat' dir='ltr'><strong>ipsius</strong></span> <span class='ocrx_word' id='word_1_832' title='bbox 2256 4672 2605 4741; x_wconf 82' lang='lat' dir='ltr'><strong>magistram</strong></span> <span class='ocrx_word' id='word_1_833' title='bbox 2645 4670 3183 4736; x_wconf 87' lang='lat' dir='ltr'><strong>conversationem,</strong></span> <span class='ocrx_word' id='word_1_834' title='bbox 3224 4674 3283 4724; x_wconf 91' lang='lat' dir='ltr'><strong>et</strong></span> <span class='ocrx_word' id='word_1_835' title='bbox 3323 4670 3689 4726; x_wconf 90' lang='lat' dir='ltr'><strong>mirabilium</strong></span> 
     </span>
    </p>
   </div>
   <div class='ocr_carea' id='block_1_109' title="bbox 2037 4758 3691 4835">
    <p class='ocr_par' dir='ltr' id='par_1_109' title="bbox 2037 4758 3691 4835">
     <span class='ocr_line' id='line_1_111' title="bbox 2037 4758 3691 4835; baseline -0.001 -16"><span class='ocrx_word' id='word_1_836' title='bbox 2037 4778 2289 4835; x_wconf 92' lang='lat' dir='ltr'><strong>operum</strong></span> <span class='ocrx_word' id='word_1_837' title='bbox 2313 4761 2671 4817; x_wconf 87' lang='lat' dir='ltr'><strong>delectantes</strong></span> <span class='ocrx_word' id='word_1_838' title='bbox 2718 4758 2996 4814; x_wconf 89' lang='lat' dir='ltr'><strong>fruitione</strong></span> <span class='ocrx_word' id='word_1_839' title='bbox 3029 4758 3173 4830; x_wconf 85' lang='lat' dir='ltr'><strong>[eos]</strong></span> <span class='ocrx_word' id='word_1_840' title='bbox 3211 4759 3528 4816; x_wconf 88' lang='lat' dir='ltr'><strong>meditatos</strong></span> <span class='ocrx_word' id='word_1_841' title='bbox 3558 4775 3691 4817; x_wconf 88' lang='lat' dir='ltr'><strong>esse</strong></span> 
     </span>
    </p>
   </div>
   <div class='ocr_carea' id='block_1_110' title="bbox 2042 4847 3691 4925">
    <p class='ocr_par' dir='ltr' id='par_1_110' title="bbox 2042 4847 3691 4925">
     <span class='ocr_line' id='line_1_112' title="bbox 2042 4847 3691 4925; baseline -0.001 -18"><span class='ocrx_word' id='word_1_842' title='bbox 2042 4852 2211 4925; x_wconf 89' lang='lat' dir='ltr'><strong>[ejus]</strong></span> <span class='ocrx_word' id='word_1_843' title='bbox 2236 4850 2636 4906; x_wconf 90' lang='lat' dir='ltr'><strong>detentionem</strong></span> <span class='ocrx_word' id='word_1_844' title='bbox 2684 4867 2696 4904; x_wconf 94' lang='lat'><strong>:</strong></span> <span class='ocrx_word' id='word_1_845' title='bbox 2726 4849 2944 4904; x_wconf 91' lang='lat' dir='ltr'><strong>etenim</strong></span> <span class='ocrx_word' id='word_1_846' title='bbox 2958 4864 3112 4921; x_wconf 73' lang='lat' dir='ltr'><strong>stepe</strong></span> <span class='ocrx_word' id='word_1_847' title='bbox 3134 4847 3508 4920; x_wconf 89' lang='lat' dir='ltr'><strong>relinquebat</strong></span> <span class='ocrx_word' id='word_1_848' title='bbox 3532 4848 3691 4906; x_wconf 90' lang='lat' dir='ltr'><strong>hunc</strong></span> 
     </span>
    </p>
   </div>
   <div class='ocr_carea' id='block_1_111' title="bbox 2038 4936 3693 4998">
    <p class='ocr_par' dir='ltr' id='par_1_111' title="bbox 2038 4936 3693 4998">
     <span class='ocr_line' id='line_1_113' title="bbox 2038 4936 3693 4998; baseline -0.001 -1"><span class='ocrx_word' id='word_1_849' title='bbox 2038 4942 2240 4998; x_wconf 92' lang='lat' dir='ltr'><strong>locum</strong></span> <span class='ocrx_word' id='word_1_850' title='bbox 2278 4945 2515 4996; x_wconf 88' lang='lat' dir='ltr'><strong>amator</strong></span> <span class='ocrx_word' id='word_1_851' title='bbox 2543 4939 2860 4994; x_wconf 91' lang='lat' dir='ltr'><strong>hominum</strong></span> <span class='ocrx_word' id='word_1_852' title='bbox 2888 4938 3061 4993; x_wconf 84' lang='lat' dir='ltr'><strong>Jesus</strong></span> <span class='ocrx_word' id='word_1_853' title='bbox 3088 4944 3145 4993; x_wconf 90' lang='lat' dir='ltr'><strong>et</strong></span> <span class='ocrx_word' id='word_1_854' title='bbox 3179 4936 3425 4993; x_wconf 88' lang='lat' dir='ltr'><strong>moleste</strong></span> <span class='ocrx_word' id='word_1_855' title='bbox 3456 4938 3693 4996; x_wconf 91' lang='lat' dir='ltr'><strong>incum-</strong></span> 
     </span>
    </p>
   </div>
   <div class='ocr_carea' id='block_1_112' title="bbox 2038 5026 3693 5101">
    <p class='ocr_par' dir='ltr' id='par_1_112' title="bbox 2038 5026 3693 5101">
     <span class='ocr_line' id='line_1_114' title="bbox 2038 5026 3693 5101; baseline -0.001 -14"><span class='ocrx_word' id='word_1_856' title='bbox 2038 5031 2245 5088; x_wconf 88' lang='lat' dir='ltr'><strong>bentes</strong></span> <span class='ocrx_word' id='word_1_857' title='bbox 2273 5030 2333 5086; x_wconf 90' lang='lat' dir='ltr'><strong>in</strong></span> <span class='ocrx_word' id='word_1_858' title='bbox 2377 5045 2448 5085; x_wconf 92' lang='lat' dir='ltr'><strong>eo</strong></span> <span class='ocrx_word' id='word_1_859' title='bbox 2478 5032 2553 5085; x_wconf 90' lang='lat' dir='ltr'><strong>de</strong></span> <span class='ocrx_word' id='word_1_860' title='bbox 2597 5027 2805 5094; x_wconf 91' lang='lat' dir='ltr'><strong>turbis,</strong></span> <span class='ocrx_word' id='word_1_861' title='bbox 2838 5028 2898 5083; x_wconf 92' lang='lat' dir='ltr'><strong>in</strong></span> <span class='ocrx_word' id='word_1_862' title='bbox 2943 5027 3090 5083; x_wconf 88' lang='lat' dir='ltr'><strong>alios</strong></span> <span class='ocrx_word' id='word_1_863' title='bbox 3128 5044 3259 5084; x_wconf 90' lang='lat' dir='ltr'><strong>eam</strong></span> <span class='ocrx_word' id='word_1_864' title='bbox 3293 5026 3477 5101; x_wconf 66' lang='lat' dir='ltr'><strong>[quae]</strong></span> <span class='ocrx_word' id='word_1_865' title='bbox 3511 5046 3544 5084; x_wconf 85' lang='lat' dir='ltr'><strong>a</strong></span> <span class='ocrx_word' id='word_1_866' title='bbox 3580 5029 3693 5087; x_wconf 90' lang='lat' dir='ltr'><strong>do-</strong></span> 
     </span>
    </p>
   </div>
   <div class='ocr_carea' id='block_1_113' title="bbox 2040 5115 3691 5190">
    <p class='ocr_par' dir='ltr' id='par_1_113' title="bbox 2040 5115 3691 5190">
     <span class='ocr_line' id='line_1_115' title="bbox 2040 5115 3691 5190; baseline -0.002 -12"><span class='ocrx_word' id='word_1_867' title='bbox 2040 5121 2225 5178; x_wconf 90' lang='lat' dir='ltr'><strong>ctrina</strong></span> <span class='ocrx_word' id='word_1_868' title='bbox 2258 5125 2311 5175; x_wconf 92' lang='lat' dir='ltr'><strong>et</strong></span> <span class='ocrx_word' id='word_1_869' title='bbox 2343 5118 2541 5174; x_wconf 87' lang='lat' dir='ltr'><strong>divina</strong></span> <span class='ocrx_word' id='word_1_870' title='bbox 2584 5121 2933 5189; x_wconf 89' lang='lat' dir='ltr'><strong>operatione</strong></span> <span class='ocrx_word' id='word_1_871' title='bbox 2960 5115 3131 5190; x_wconf 90' lang='lat' dir='ltr'><strong>[erat]</strong></span> <span class='ocrx_word' id='word_1_872' title='bbox 3186 5117 3553 5173; x_wconf 74' lang='lat' dir='ltr'><strong>transferens</strong></span> <span class='ocrx_word' id='word_1_873' title='bbox 3595 5135 3691 5175; x_wconf 87' lang='lat' dir='ltr'><strong>sa-</strong></span> 
     </span>
    </p>
   </div>
   <div class='ocr_carea' id='block_1_114' title="bbox 2038 5206 3689 5279">
    <p class='ocr_par' dir='ltr' id='par_1_114' title="bbox 2038 5206 3689 5279">
     <span class='ocr_line' id='line_1_116' title="bbox 2038 5206 3689 5279; baseline -0.001 -13"><span class='ocrx_word' id='word_1_874' title='bbox 2038 5210 2213 5267; x_wconf 90' lang='lat' dir='ltr'><strong>lutem</strong></span> <span class='ocrx_word' id='word_1_875' title='bbox 2248 5226 2259 5264; x_wconf 90' lang='lat'>:</span> <span class='ocrx_word' id='word_1_876' title='bbox 2305 5214 2567 5264; x_wconf 91' lang='lat' dir='ltr'><strong>attamen</strong></span> <span class='ocrx_word' id='word_1_877' title='bbox 2598 5207 2654 5261; x_wconf 89' lang='lat' dir='ltr'><strong>hi</strong></span> <span class='ocrx_word' id='word_1_878' title='bbox 2696 5206 2842 5262; x_wconf 88' lang='lat' dir='ltr'><strong>illud</strong></span> <span class='ocrx_word' id='word_1_879' title='bbox 2888 5226 2916 5257; x_wconf 83' lang='lat'>«</span> <span class='ocrx_word' id='word_1_880' title='bbox 2951 5212 3015 5261; x_wconf 93' lang='lat' dir='ltr'><strong>ut</strong></span> <span class='ocrx_word' id='word_1_881' title='bbox 3046 5211 3311 5262; x_wconf 90' lang='lat' dir='ltr'><strong>tenerent</strong></span> <span class='ocrx_word' id='word_1_882' title='bbox 3340 5222 3477 5262; x_wconf 91' lang='lat' dir='ltr'><strong>eum</strong></span> <span class='ocrx_word' id='word_1_883' title='bbox 3519 5226 3545 5257; x_wconf 70' lang='grc' dir='ltr'><strong>ν</strong></span> <span class='ocrx_word' id='word_1_884' title='bbox 3578 5222 3689 5279; x_wconf 86' lang='lat' dir='ltr'><strong>pro</strong></span> 
     </span>
    </p>
   </div>
   <div class='ocr_carea' id='block_1_115' title="bbox 2042 5294 3686 5355">
    <p class='ocr_par' dir='ltr' id='par_1_115' title="bbox 2042 5294 3686 5355">
     <span class='ocr_line' id='line_1_117' title="bbox 2042 5294 3686 5355; baseline 0.002 -5"><span class='ocrx_word' id='word_1_885' title='bbox 2042 5320 2070 5350; x_wconf 75' lang='grc' dir='ltr'>ι(</span> <span class='ocrx_word' id='word_1_886' title='bbox 2111 5296 2389 5354; x_wconf 89' lang='lat' dir='ltr'><strong>cohibere</strong></span> <span class='ocrx_word' id='word_1_887' title='bbox 2419 5312 2558 5352; x_wconf 91' lang='lat' dir='ltr'><strong>eum</strong></span> <span class='ocrx_word' id='word_1_888' title='bbox 2590 5312 2626 5353; x_wconf 90' lang='lat' dir='ltr'><strong>a</strong></span> <span class='ocrx_word' id='word_1_889' title='bbox 2654 5295 2910 5351; x_wconf 89' lang='lat' dir='ltr'><strong>dicendo</strong></span> <span class='ocrx_word' id='word_1_890' title='bbox 2939 5300 2996 5351; x_wconf 92' lang='lat' dir='ltr'><strong>et</strong></span> <span class='ocrx_word' id='word_1_891' title='bbox 3024 5294 3299 5351; x_wconf 90' lang='lat' dir='ltr'><strong>docendo</strong></span> <span class='ocrx_word' id='word_1_892' title='bbox 3336 5315 3363 5346; x_wconf 86' lang='lat'><strong>»</strong></span> <span class='ocrx_word' id='word_1_893' title='bbox 3395 5299 3633 5352; x_wconf 89' lang='lat' dir='ltr'><strong>vertunt</strong></span> <span class='ocrx_word' id='word_1_894' title='bbox 3673 5314 3686 5355; x_wconf 92' lang='lat'>:</span> 
     </span>
    </p>
   </div>
   <div class='ocr_carea' id='block_1_116' title="bbox 2039 5383 3691 5448">
    <p class='ocr_par' dir='ltr' id='par_1_116' title="bbox 2039 5383 3691 5448">
     <span class='ocr_line' id='line_1_118' title="bbox 2039 5383 3691 5448; baseline -0.002 -2"><span class='ocrx_word' id='word_1_895' title='bbox 2039 5387 2184 5446; x_wconf 92' lang='lat' dir='ltr'><strong>illud</strong></span> <span class='ocrx_word' id='word_1_896' title='bbox 2215 5391 2411 5443; x_wconf 89' lang='lat' dir='ltr'><strong>autem</strong></span> <span class='ocrx_word' id='word_1_897' title='bbox 2457 5406 2485 5439; x_wconf 78' lang='grc' dir='ltr'>α</span> <span class='ocrx_word' id='word_1_898' title='bbox 2514 5384 2577 5441; x_wconf 90' lang='lat' dir='ltr'><strong>in</strong></span> <span class='ocrx_word' id='word_1_899' title='bbox 2614 5385 2877 5441; x_wconf 89' lang='lat' dir='ltr'><strong>furorem</strong></span> <span class='ocrx_word' id='word_1_900' title='bbox 2919 5399 3128 5441; x_wconf 84' lang='lat' dir='ltr'><strong>versus</strong></span> <span class='ocrx_word' id='word_1_901' title='bbox 3155 5389 3244 5442; x_wconf 89' lang='lat' dir='ltr'><strong>est</strong></span> <span class='ocrx_word' id='word_1_902' title='bbox 3283 5404 3311 5435; x_wconf 86' lang='lat'><strong>»</strong></span> <span class='ocrx_word' id='word_1_903' title='bbox 3341 5383 3421 5441; x_wconf 88' lang='lat' dir='ltr'><strong>ad</strong></span> <span class='ocrx_word' id='word_1_904' title='bbox 3450 5388 3691 5448; x_wconf 81' lang='lat' dir='ltr'><strong>natura-</strong></span> 
     </span>
    </p>
   </div>
  </div>
