3938 6178
456 197 567 279 ἒ79

459 329 604 399 lium
644 327 858 399 virium
886 330 943 383 et
971 325 1334 397 demittentis
1362 341 1423 381 se
1455 324 1889 398 dispositionis,
1922 340 2104 398 quam

459 419 691 491 labores
720 416 928 481 afferre
946 416 1134 475 solent
1153 416 1456 481 exstasim,
1491 415 1645 471 hanc
1678 416 2103 487 interpretatio-

459 523 597 569 nem
628 506 936 563 adducunt
970 522 982 560 :
1017 504 1400 561 diuturnitate
1432 505 1597 559 aiunt
1627 509 1678 560 et
1722 502 2105 559 continuitate

459 595 746 663 doctrina:
765 594 1053 669 putabant
1101 593 1206 665 qui
1241 593 1406 664 juxta
1437 593 1635 665 ipsum
1671 592 1878 664 [erant]
1913 594 1971 646 in
2002 591 2107 646 im-

459 700 735 740 mensum
790 682 1107 738 oﬂendisse
1157 682 1447 749 laborem,
1501 680 1600 754 [et]
1653 681 1850 738 vitalis
1899 680 2018 740 toni
2050 686 2103 735 et

457 773 736 845 ingenitae
769 771 994 827 virtutis
1020 771 1074 826 id
1105 771 1389 826 exstasim
1419 775 1474 826 et
1514 770 1933 826 inﬁrmatatem
1966 769 2106 823 inci-

456 861 614 929 disse
652 878 665 928 ;
697 861 862 933 quod
892 861 1048 917 enim
1079 860 1159 915 illi
1187 862 1411 931 experti
1444 860 1594 915 forte
1633 863 1800 915 erant
1838 874 2103 930 perseve-

454 952 652 1015 rentia
688 958 744 1007 et
785 950 1026 1022 perenni
1068 948 1387 1007 auditionis
1419 965 1488 1005 ac
1519 947 1915 1005 multitudinis
1946 963 2105 1003 com-

453 1040 762 1114 pressione
775 1045 830 1095 et
844 1039 1117 1103 tumultu,
1134 1038 1191 1093 id
1206 1042 1517 1115 expertum
1532 1053 1664 1099 esse
1678 1043 1733 1091 et
1752 1036 2099 1105 magistrum

458 1128 917 1202 suspicabantur
975 1145 987 1182 :
1030 1127 1165 1183 ideo
1208 1134 1261 1182 et
1310 1126 1411 1199 qui
1451 1128 1622 1197 juxta
1660 1125 1825 1181 illum
1866 1124 2102 1198 [erant],

455 1217 643 1287 aiunt,
669 1218 729 1272 id
772 1223 881 1282 est,
908 1217 1010 1289 qui
1058 1216 1132 1272 ad
1182 1215 1379 1288 ipsum
1430 1214 1783 1271 familiarius
1827 1212 2103 1286 dispositi

451 1306 686 1381 [erant],
720 1307 985 1362 exierunt
1017 1312 1077 1361 ut
1106 1306 1433 1360 detinerent
1461 1321 1598 1361 eum
1634 1304 1810 1376 quasi
1855 1302 2103 1358 multam

453 1395 579 1467 ejus
624 1412 830 1455 curam
880 1402 1124 1465 agentes
1155 1399 1214 1451 ut
1246 1394 1682 1467 providentiam
1741 1390 2104 1450 remissionis

453 1487 581 1556 ejus
619 1491 671 1547 et
720 1485 996 1545 laborum
1035 1484 1514 1549 intermissionis,
1568 1492 1693 1538 uta
1724 1480 2102 1539 multitudine

454 1573 739 1643 magistro
769 1574 979 1639 diviso,
1011 1574 1212 1627 cibum
1244 1580 1301 1626 et
1329 1572 1441 1628 alia
1487 1571 1859 1627 neccessaria
1883 1569 2102 1642 quibus

449 1679 664 1735 corpus
704 1680 739 1717 a
768 1662 1076 1717 laboribus
1121 1661 1387 1724 solvitur,
1420 1660 1751 1736 praeberent
1790 1676 1801 1714 :
1835 1659 2099 1714 exierunt

453 1757 651 1806 autem
670 1750 814 1805 forte
834 1767 863 1805 e
886 1744 1153 1822 quodam
1183 1756 1324 1822 apto
1352 1750 1429 1806 ad
1457 1751 1718 1821 quietem
1749 1746 2100 1819 ettranquil-

450 1838 673 1893 litatem
705 1838 857 1902 loco,
893 1839 964 1896 ad
1000 1856 1180 1915 quem
1211 1839 1433 1894 iverant
1466 1838 1692 1909 seipsos
1731 1836 2049 1893 recreaturi
2084 1852 2095 1890 :

450 1928 597 1989 alter
626 1928 803 1998 igitur
834 1944 1030 1985 sermo
1060 1946 1094 1984 a
1124 1929 1314 2001 priore
1341 1944 1459 1985 non
1495 1928 1726 2001 positus
1766 1928 1851 1982 sic
1882 1925 2101 1982 discer-

449 2017 535 2073 nit
560 2017 967 2087 evangelicum
999 2018 1327 2075 oraculum.

522 2197 667 2252 Sunt
705 2210 842 2251 vero
873 2194 979 2267 qui
1007 2195 1084 2251 ad
1114 2195 1449 2250 Judteorum
1499 2193 1850 2266 pravitatem
1892 2197 1947 2248 et
1977 2192 2096 2246 bla-

448 2284 1345 2357 sphemumetindisciplinatum
1364 2283 1670 2355 [habitum]
1694 2282 2094 2354 respicientes,

445 2372 612 2439 illud,
628 2393 657 2425 ιι
675 2373 735 2429 in
754 2373 1013 2429 furorem
1033 2390 1234 2429 versus
1250 2377 1359 2437 est,
1382 2374 1586 2442 awjuxta
1601 2371 1977 2443 propositum
1994 2386 2098 2424 au-

444 2461 637 2523 diunt,
708 2462 762 2516 id
834 2467 941 2525 est,
996 2461 1210 2516 mentis
1264 2478 1571 2516 excessum
1635 2460 1842 2515 habuit
1895 2464 1951 2514 et
2002 2459 2098 2513 de-

444 2549 575 2603 vius
605 2566 641 2604 a
688 2552 1004 2605 constituto
1034 2549 1223 2605 factus
1253 2555 1343 2605 est
1396 2566 1410 2604 :
1453 2550 1667 2605 etenim
1723 2548 1837 2603 tale
1866 2547 2096 2602 Judteo-

446 2654 575 2693 rum
634 2638 842 2693 odium
892 2639 951 2693 in
999 2639 1316 2703 Christum,
1360 2644 1423 2693 ut
1478 2654 1687 2693 omnes
1740 2637 1989 2707 injurias
2042 2644 2097 2691 et

444 2726 774 2783 calumnias
804 2728 1027 2798 ﬁngere
1074 2734 1277 2784 contra
1309 2729 1676 2784 Salvatorem
1727 2743 1848 2783 non
1901 2728 2097 2783 horre-

444 2821 576 2872 rent
602 2839 613 2871 :
650 2817 865 2872 etenim
899 2816 1124 2873 invidia
1152 2817 1397 2873 omnino
1424 2817 1618 2873 etzclo
1648 2817 1907 2872 furentes
1935 2822 1988 2872 et
2015 2816 2093 2872 ab

443 2904 884 2961 insanientibus
901 2904 1044 2961 nihil
1071 2905 1497 2978 discrepantes,
1522 2911 1577 2961 et
1595 2922 1655 2962 re
1677 2921 1816 2961 vera
1844 2906 2090 2976 ingeniti

435 2994 639 3065 judicii
668 3011 969 3050 summam
1008 2996 1164 3067 passi
1192 2996 1499 3062 exstasim,
1526 2996 1831 3068 propriam
1866 2996 2090 3067 passio-

440 3099 578 3140 nem
612 3084 1070 3155 [affectionem]
1104 3085 1162 3140 in
1206 3102 1343 3141 eum
1376 3086 1479 3158 qui
1526 3086 1743 3141 multos
1792 3102 1829 3141 a
1877 3085 2090 3141 talibus

441 3174 666 3229 morbis
692 3173 1063 3242 liberaverat,
1096 3174 1443 3246 rejiciebant
1475 3192 1491 3229 :
1525 3174 1637 3247 ipsi
1670 3175 1850 3237 enim.
1894 3173 2091 3231 divina

440 3264 730 3334 aperanti,
756 3280 892 3335 quae
916 3280 1099 3337 super
1115 3280 1452 3320 sermonem
1482 3270 1535 3320 et
1561 3264 2001 3333 cogitationem,
2029 3264 2088 3319 id

438 3350 605 3421 quod
626 3358 832 3406 contra
856 3353 1035 3406 Deum
1060 3353 1536 3424 estimputautes,
1567 3352 1731 3425 quod
1761 3351 2089 3409 Sabbatum

440 3437 593 3493 diem
628 3438 834 3494 salutis
869 3447 923 3495 et
980 3440 1395 3495 miraculorum
1445 3440 1661 3497 festum
1718 3441 2090 3497 demonstra-

437 3530 545 3594 ret,
577 3533 631 3581 et
661 3526 1005 3583 daemonum
1039 3529 1222 3583 verbo
1242 3528 1596 3598 ﬁgmentum
1631 3530 1894 3585 videntes
1921 3528 2089 3585 aufe-

437 3620 686 3683 rentem,
727 3616 787 3670 in
828 3616 1092 3688 principe
1137 3617 1565 3673 daemoniorum
1600 3618 2089 3691 blasphemantes

436 3704 637 3776 ipsum
678 3704 888 3775 ejicere
929 3706 1249 3769 daemonia,
1281 3722 1401 3763 non
1445 3708 1868 3765 continentiam
1897 3714 1953 3764 et
1982 3725 2090 3780 pa-

437 3793 703 3849 tientiam
730 3794 996 3850 docentis
1021 3802 1077 3850 et
1102 3796 1364 3851 curantis
1391 3796 1596 3852 turbas
1622 3813 1739 3853 non
1763 3797 1944 3853 modo
1968 3814 2088 3854 non

435 3882 731 3939 ducebant
757 3883 956 3940 audax
981 3885 1194 3940 mentis
1213 3885 1490 3941 exstasim
1518 3887 1860 3942 insimulare
1886 3891 1942 3942 et
1966 3886 2091 3943 bla-

436 3973 822 4045 sphemorum
875 3974 1197 4031 verborum
1247 3980 1420 4031 testes
1462 3975 1673 4044 facere,
1708 3976 1998 4032 violentas
2028 3976 2088 4032 in

434 4078 573 4119 eum
599 4063 925 4119 etaudaces
946 4063 1321 4121 intendentes
1346 4080 1558 4121 manus
1592 4083 1606 4120 :
1643 4070 1703 4121 at
1734 4066 1814 4122 ita
1842 4066 2087 4138 quidem

435 4152 526 4209 isti
542 4152 903 4209 dicuntnihil
921 4155 1222 4209 sententiae
1241 4155 1507 4224 ipsorum
1529 4170 1884 4226 repugnare,
1898 4171 2089 4227 neque

431 4241 598 4312 illud,
634 4244 901 4299 exierunt
930 4244 1028 4316 qui
1053 4244 1218 4315 juxta
1247 4242 1413 4299 illum
1439 4242 1684 4316 [erant]
1720 4248 1782 4299 ut
1824 4248 2090 4299 tenerent

434 4346 572 4386 eum
602 4331 973 4388 familiariter
1003 4337 1058 4387 et
1088 4333 1186 4403 pio
1214 4347 1391 4387 sensu
1422 4330 1695 4404 dispositi
1727 4337 1892 4388 erant
1934 4349 1947 4387 :
1982 4331 2087 4387 sed

432 4424 490 4476 et
542 4419 623 4476 illi
677 4421 1265 4490 scandalizabantur,
1307 4421 1619 4477 Judaicam
1672 4420 1984 4477 vesaniam
2013 4437 2085 4477 ex

431 4507 667 4565 illorum
680 4512 1130 4567 conversatione
1151 4516 1206 4565 et
1229 4510 1503 4566 convictu
1528 4525 1641 4566 non
1661 4514 2083 4582 expurgantes,

432 4597 653 4654 multas
680 4602 898 4671 sagpius
929 4600 987 4654 in
1029 4600 1321 4672 principio
1349 4599 1684 4672 praabentes
1724 4615 1901 4655 ansas
1944 4614 2087 4669 erga

432 4701 571 4741 eum
616 4705 628 4744 :
668 4688 883 4743 etenim
925 4704 1117 4761 neque
1156 4689 1366 4760 putatii
1405 4688 1612 4744 fratres
1654 4687 1893 4759 ipsimet
1943 4702 2084 4756 erga

433 4791 570 4831 eum
601 4775 946 4832 difﬁdentia;
982 4793 995 4832 :
1024 4783 1079 4833 et
1110 4777 1293 4834 nihilo
1325 4794 1447 4849 prae
1470 4778 1598 4833 aliis
1635 4776 1854 4832 Judaeis
1883 4776 2082 4833 melio-

432 4879 557 4920 rem
570 4865 1019 4938 dispositionem
1039 4867 1467 4931 demonstrare,
1487 4872 1541 4923 et
1560 4867 1604 4921 si
1631 4873 1763 4939 post
1780 4867 1909 4922 haec
1931 4882 2085 4922 mar-

432 4952 567 5026 tyrii
618 4954 1031 5010 certaminibus
1086 4958 1316 5027 seipsos
1362 4957 1767 5029 recuperarint
1815 4958 1915 5011 :et
1944 4955 2083 5010 Jesu

431 5041 804 5099 divinitatem
827 5060 1011 5116 quam
1040 5045 1203 5117 prius
1226 5062 1418 5119 neque
1440 5043 1645 5114 lingua
1676 5044 2077 5109 admittebant,

432 5133 723 5203 sanguine
740 5133 1325 5192 etimmolationibus
1337 5135 1705 5191 omnimodis
1729 5132 2085 5206 praedicave-

430 5222 565 5279 rint.
603 5224 724 5292 Ego
765 5240 901 5279 vero
932 5223 1319 5280 scandalizari
1349 5225 1594 5297 quidem
1634 5223 1933 5295 putatitios
1969 5222 2083 5279 fra-

431 5316 549 5370 tres
576 5311 630 5368 in
662 5311 969 5369 Salvatore
999 5319 1055 5369 et
1084 5328 1205 5369 non
1227 5313 1347 5369 Deo
1373 5314 1617 5384 dignam
1650 5314 1997 5386 opinionem
2022 5313 2083 5368 in

435 5401 729 5476 principio
756 5403 975 5460 habere
997 5402 1073 5459 de
1098 5401 1219 5469 illo,
1248 5408 1491 5475 prOpter
1520 5403 1937 5459 indumentum
1961 5418 2087 5458 ear-

432 5490 529 5550 nis
557 5494 619 5550 et
639 5508 822 5567 supra
852 5508 1093 5550 sensum
1113 5491 1720 5550 condescendentiam
1753 5491 1926 5549 Verbi
1945 5507 2085 5549 cum

1682 190 1922 269 PHDTII
1966 184 2455 269 Permane“;
2488 186 2595 265 np.

3663 202 3745 263 380

2139 327 2186 381 A
2218 326 2277 389 ἦν
2336 325 2383 379 οὶ
2436 327 2589 377 κόποι
2644 323 2902 396 προξενεῖν
2959 324 3204 378 εἰώθασιν
3250 326 3504 394 ἔκστασιν,
3556 333 3749 390 τοιαύτην

2216 413 2483 488 ἑρμηνείαν
2514 414 2869 485 προσάγουσι.
2919 420 3002 483 Τῷ
3032 418 3229 489 χρόνῳ,
3277 418 3423 485 φασὶ,
3448 421 3527 469 καὶ
3562 426 3612 489 τῇ
3654 439 3751 471 συν-

2216 506 2364 574 εχείᾳ
2428 510 2523 563 τῆς
2608 498 2967 563 διδασκαλίας
3034 502 3268 575 ἐνόμιζον
3336 507 3383 556 οἱ
3450 507 3555 576 παρ’
3621 509 3749 561 αὖτοὺ

2215 590 2285 652 εἰς
2378 592 2595 665 ἄμετρον
2683 598 3086 649 καταντήσαντα
3162 597 3321 645 κόπον
3352 634 3367 659 ,
3471 602 3552 646 τοῦ
3635 600 3750 659 ζωτι-

2213 687 2307 731 κοῦ
2384 685 2532 732 τόνου
2606 684 2696 733 καὶ
2774 689 2868 743 τῆς
2934 684 3166 752 ἐμφύτου
3237 678 3497 753 δυνάμεως
3566 683 3625 745 εἰς
3691 688 3750 737 ἔκ.

2217 774 2403 822 στασίν
2485 788 2539 822 τε
2640 774 2729 822 καὶ
2802 769 3069 825 ἀσθένειαν
3163 769 3418 842 ἐμπεσεῖν
3504 774 3607 846 ὅπερ
3671 778 3750 849 γὰρ

2213 855 2395 910 ἐκεῖνοι
2486 861 2790 920 πεπονθότες
2866 863 2996 923 ἴσως
3081 862 3370 931 ἐτύγχανον
3449 867 3506 933 τῇ
3580 860 3751 934 ἐπιμονῇ

2212 952 2302 1000 καὶ
2358 955 2429 1018 τῷ
2488 946 2677 1019 ἀεννάῳ
2740 957 2835 1012 τῆς
2894 947 3192 1023 ἀκροάσεως
3251 955 3339 1003 καὶ
3402 958 3459 1021 τῇ
3521 959 3601 1007 τοῦ
3654 952 3756 1011 πλή-

2216 1037 2332 1097 θους
2392 1039 2684 1095 συνωθήσει
2733 1041 2824 1089 καὶ
2878 1045 2949 1109 τῷ
3004 1036 3223 1110 θορύϐῳ,
3296 1046 3441 1091 τοῦτο
3487 1042 3649 1093 παθεῖν
3684 1046 3755 1093 καὶ

2212 1128 2299 1179 τὸν
2350 1122 2675 1179 διδάσκαλον
2726 1127 3071 1187 ύπετόπαζον⁶
3132 1124 3218 1180 διὸ
3266 1132 3355 1179 καὶ
3402 1129 3449 1179 οἱ
3484 1130 3597 1201 παρ’
3632 1129 3758 1182 αὐτοῦ

2213 1232 2389 1284 φασιν,
2449 1218 2713 1265 τουτέστιν
2771 1215 2821 1265 οἱ
2877 1217 3008 1286 πρὸς
3067 1214 3223 1266 αὐτὸν
3276 1214 3564 1287 οἰκειότερον
3593 1211 3758 1269 διακείο

2211 1318 2373 1374 μενοι·
2437 1301 2675 1363 Ἐξῆλθον
2733 1310 3024 1374 κατασχεῖν
3075 1302 3231 1355 αὐτόν
3278 1305 3343 1364 ὡς
3402 1302 3579 1363 πολλὴν
3632 1305 3757 1357 αὐτοῦ

2212 1394 2305 1445 τὴν
2356 1387 2671 1463 κηδεμονίαν
2721 1394 2931 1463 ἔχοντες
2989 1395 3078 1444 καὶ
3130 1395 3375 1464 πρόνοιαν
3433 1399 3520 1453 τῆς
3582 1391 3758 1454 ἀνέσεως

2213 1477 2372 1530 αὐτοῦ
2445 1484 2534 1532 καὶ
2582 1488 2673 1543 τῆς
2725 1489 2824 1532 τῶν
2877 1485 3048 1532 κόπων
3124 1477 3434 1548 διαλύσεως,
3488 1485 3550 1542 ὡς
3596 1481 3647 1533 ἂν
3688 1491 3758 1534 τοῦ

2211 1566 2437 1629 πλήθους
2466 1571 2553 1619 τόν
2581 1565 2907 1621 διδάσκαλον
2944 1565 3349 1639 διαστήσαντες,
3390 1578 3571 1643 τροφῆς
3610 1589 3655 1622 τε
3690 1578 3757 1627 καὶ

2133 1678 2176 1734 Β
2212 1665 2304 1718 τῆς
2361 1657 2520 1718 ἄλλης
2587 1656 2889 1730 ἐπιμελείας,

2211 1744 2609 1813 ἀπαλλάττεται,
2658 1742 3081 1819 μεταδώσουσινο
3140 1747 3349 1809 ἐξῆλθον
3405 1744 3461 1800 δε
3514 1751 3632 1809 ἴσως
3680 1747 3757 1799 ἀπὸ

2971 1654 3043 1711 δι’
3094 1659 3161 1713 ὧν
3212 1662 3268 1711 τὸ
3352 1667 3501 1731 σῶμα
3559 1661 3759 1732 καμάτων

2209 1853 2341 1895 τινος
2372 1831 2671 1894 ἐπιτηδείου
2711 1838 2843 1909 πρὸς
2897 1834 3192 1887 ἀνάπαυσιν
3231 1841 3321 1888 καὶ
3352 1837 3578 1909 ἡσυχίαν
3612 1841 3758 1903 τόπου,

2209 1921 2256 1976 ἐν
2366 1923 2597 1982 ἀπῆλθον
2630 1924 2836 1987 ἑαυτούς
2863 1924 3282 1983 ἀνακτήσασθαι·
3326 1928 3353 1979 ό
3516 1923 3595 1981 οὖν
3625 1922 3761 1979 δεύτε-

2207 2032 2297 2086 ρος
2338 2012 2486 2085 λόγος
2528 2022 2600 2084 τῷ
2646 2018 2880 2089 προτέρῳ
2930 2019 3000 2086 μή
3049 2017 3331 2087 τιθέμενος,
3380 2016 3515 2067 οὕτω
3558 2013 3760 2087 βούλεται

2209 2098 2243 2153 δ
2248 2121 2387 2176 ιευκρ
2397 2109 2515 2154 ινιῖν
2536 2106 2595 2154 τὸ
2624 2102 2954 2173 εὐαγγελικὸν
2974 2103 3168 2174 λόγιον.

2279 2191 2397 2243 Εἰσὶ
2425 2188 2483 2243 δε
2509 2192 2559 2243 οἵ
2582 2195 2709 2266 πρὸς
2742 2196 2833 2243 τήν
2873 2201 2972 2243 τῶν
3003 2189 3274 2245 Ἰουδαίων
3300 2196 3594 2268 μοχθηρίαν
3620 2197 3695 2244 καὶ
3720 2195 3762 2243 τὸ

2208 2277 2521 2353 βλάσφημόν
2596 2299 2650 2332 τε
2728 2285 2816 2332 καὶ
2876 2281 3207 2353 κακόσχολον
3275 2280 3642 2353 ἀποϐλέψαντες
3698 2285 3760 2349 τὸ,

2211 2388 2234 2418 ιι
2265 2367 2464 2431 ἐξέστη,
2514 2390 2540 2420 »
2584 2372 2719 2421 κατὰ
2757 2373 2815 2421 τὸ
2853 2376 3139 2443 πρόχειρον
3183 2370 3512 2442 ἐξακούουσι,
3546 2374 3759 2437 τουτέστι,

2204 2465 2305 2509 τῶν
2355 2467 2542 2535 φρενῶν
2582 2462 2831 2511 ἔκστασιν
2872 2462 3002 2531 ἔσχε
3055 2464 3143 2512 καὶ
3196 2463 3499 2536 παράφορος
3537 2469 3619 2512 τοῦ
3657 2461 3762 2510 καθ-

2206 2557 2429 2609 εστῶτος
2475 2547 2683 2619 ἐγένετο·
2726 2554 2817 2600 καὶ
2868 2552 2970 2624 ’γὰρ
3012 2557 3243 2602 τοιοῦτον
3290 2559 3391 2601 τῶν
3441 2548 3685 2603 Ἰουδαίων
3718 2551 3762 2599 τὸ

2204 2643 2575 2711 μισόχριστον,
2619 2640 2793 2699 πάσας
2835 2637 3010 2711 ὕϐρεις
3047 2643 3136 2690 καὶ
3182 2635 3435 2699 διαϐολὰς
3473 2638 3765 2691 ἀναπλάττειν

2203 2731 2336 2778 κατὰ
2381 2734 2473 2779 τοῦ
2519 2734 2753 2800 Σωτῆρος
2797 2727 2855 2779 ού
2897 2732 3205 2801 φρίττοντεςο
3252 2737 3323 2799 τῷ
3362 2731 3467 2801 γὰρ
3510 2731 3657 2801 φθόνῳ
3692 2723 3766 2778 διὰ

2204 2819 2391 2876 παντὸς
2436 2820 2525 2868 καὶ
2569 2824 2628 2889 τῇ
2683 2815 2951 2888 βασκανίᾳ
3006 2816 3457 2892 ἀνοιστρούμενοι,
3505 2823 3587 2870 καὶ
3633 2835 3763 2888 μεμη-

2201 2909 2359 2955 νότων
2420 2902 2570 2957 οὐδὲν
2638 2902 2987 2977 διαφέροντες,
3048 2910 3139 2958 καὶ
3193 2909 3261 2968 ὡς
3318 2906 3527 2969 ἀληθῶς
3569 2914 3651 2958 τοῦ
3698 2905 3767 2975 Ey-

2130 3033 2169 3088 Ο
2204 2995 2363 3065 φύτου
2421 2999 2693 3068 κριτηρίου
2730 2999 2822 3053 τὴν
2875 2994 3111 3067 ἐσχάτην
3161 2997 3485 3058 ὑποστάντες
3533 2999 3765 3053 ἔκστασιν,

2200 3085 2255 3135 τὸ
2284 3083 2469 3135 οἰκεῖον
2513 3085 2678 3146 πάθος
2717 3084 2783 3144 εἰς
2822 3086 2908 3136 τὸν
2948 3083 3167 3145 πολλοὺς
3210 3094 3308 3137 τῶν
3355 3089 3601 3138 τοιούτων
3636 3100 3768 3138 νοση-

2198 3173 2374 3243 μάτων
2427 3171 2809 3239 ἀπαλλάξαντα,
2880 3173 3264 3247 ἓναπὲῥριπτονο
3342 3177 3395 3227 οἱ
3449 3177 3547 3247 γὰρ
3617 3173 3765 3243 θεουρ·

2197 3269 2377 3333 700er
2430 3264 2494 3313 τὰ
2541 3264 2666 3336 ὑπὲρ
2724 3262 2875 3334 λόγον
2932 3267 3027 3315 καὶ
3064 3266 3258 3315 ἔννοιαν
3307 3267 3366 3316 τὸ
3421 3263 3638 3316 ἀντίθεον
3680 3259 3767 3311 ἔπι-

2199 3354 2527 3422 φημίζοντες,
2571 3348 2711 3403 διότι
2741 3355 2799 3404 τό
2850 3350 3111 3405 Σάϐϐατον
3156 3355 3353 3428 ἡμέραν
3406 3355 3659 3427 σωτηρίας
3700 3350 3769 3397 καὶ

2200 3440 2477 3512 θαυμάτων
2548 3440 2727 3513 ἑορτὴν
2797 3437 3141 3505 ἐπεδείκνυτο,
3214 3447 3303 3495 καὶ
3361 3439 3618 3515 δαιμόνων
3660 3438 3770 3507 λόγῳ

2197 3532 2253 3579 τὸ
2314 3528 2531 3602 πλάσμα
2578 3528 2844 3602 βλέποντες
2887 3529 3294 3597 ἀπαλλάττοντα,
3353 3530 3405 3582 ἐν
3460 3538 3531 3600 τῷ
3579 3520 3769 3603 ἄρχοντι

2196 3626 2295 3669 τῶν
2346 3614 2631 3690 δαιμονίων
2700 3617 3133 3692 βλασφημοῦντες
3208 3620 3361 3672 αὐτόν
3438 3618 3681 3671 ἐκϐάλλειν
3720 3616 3774 3665 τὰ

2200 3703 2467 3778 δαιμόνια,
2528 3704 2651 3759 οὐδε
2704 3713 2797 3765 τήν
2836 3712 3111 3781 καρτερίαν
3164 3712 3253 3759 καὶ
3281 3712 3377 3765 τήν
3418 3710 3668 3780 ὑπομονήν
3698 3699 3766 3755 δι-

2199 3792 2487 3856 δάσκοντος
2534 3803 2622 3848 καὶ
2677 3798 3035 3869 θεραπεύοντος
3101 3800 3218 3858 τούς
3268 3796 3490 3869 ὄχλους,
3563 3794 3774 3867 οὐμενοῦν

2198 3884 2303 3955 οὐχ
2361 3886 2583 3955 ἡγοῦντο
2647 3884 2900 3957 τολμηρόν
2953 3894 3142 3958 φρενῶν
3188 3887 3440 3939 ἔκστασιν
3479 3887 3771 3954 κατηγορεῖν,

2197 3978 2285 4025 καὶ
2338 3981 2434 4025 τῶν
2489 3971 2816 4046 βλασφήμων
2863 3975 3110 4049 ῥημάτων
3154 3977 3428 4049 μάρτυρας
3472 3980 3648 4035 ποιεῖν,
3701 3970 3773 4027 τὰς

2198 4060 2501 4136 ύϐριστικὰς
2544 4061 2685 4134 αύτῷ
2737 4068 2827 4115 καὶ
2887 4066 3134 4139 θρασείας
3182 4063 3626 4136 ἕπανατεινόμενοι
3676 4064 3769 4131 χεῖ·

2196 4170 2311 4224 ρας·
2352 4151 2457 4203 ἀλλ’
2497 4151 2632 4204 οὓτω
2685 4156 2772 4211 μεν
2817 4153 2959 4205 οὗτοί
2994 4172 3122 4225 φασι
3161 4150 3327 4225 μηδὲν
3359 4162 3422 4225 τῇ
3469 4149 3596 4224 δόλη
3635 4148 3775 4201 αὐτῶν

2199 4238 2587 4314 διαμάχεσθαι,
2633 4238 2772 4314 μηδὲ
2817 4244 2899 4303 τὸ,
2946 4241 3188 4304 Ἐξῆλθον
3236 4244 3286 4294 οἱ
3319 4244 3448 4317 παρ’
3483 4242 3639 4294 αὐτοῦ
3675 4256 3779 4311 κρα-

2196 4338 2357 4389 τῆσαι
2415 4329 2589 4381 αὐτὸν·
2648 4335 2737 4382 καὶ
2800 4332 2902 4405 γὰρ
2942 4327 3059 4383 οὐδ’
3114 4334 3163 4383 οἱ
3210 4332 3547 4404 νομιζόμενοι
3594 4324 3777 4397 ἀδελφοὶ

2118 4399 2164 4454 D
2198 4415 2311 4471 οὐδ’
2344 4419 2489 4471 αύτοὶ
2534 4422 2663 4493 πρὸς
2706 4420 2862 4471 αὐτόν
2917 4419 3119 4482 οἰκείως
3161 4425 3251 4472 καὶ
3297 4420 3677 4494 εύσεϐοφρόνως
3714 4412 3780 4466 δι·

2196 4512 2400 4561 ίκειντο’
2472 4507 2600 4560 ἀλλὰ
2674 4508 2899 4561 κάκεῖνοι
2961 4506 3422 4575 ἐσκανδαλίζοντο,
3507 4503 3781 4564 Ἰουδαὶκῆς

2194 4596 2563 4671 ἀγνωμοσύνης
2632 4596 2686 4649 ἐκ
2747 4606 2836 4659 τῆς
2900 4601 3028 4675 πρός
3094 4599 3279 4659 αύτούς
3332 4598 3665 4673 ἀναστροφῆς
3708 4597 3781 4645 καὶ

2195 4682 2403 4747 διαίτης
2481 4687 2540 4738 ού
2614 4689 3001 4761 καθαρεύοντες,
3091 4687 3277 4748 πολλὰς
3353 4688 3607 4749 πολλάκις
3684 4683 3781 4734 κατ’

2195 4774 2370 4848 ἀρχὰς
2416 4779 2778 4849 παρασχόντες
2824 4775 2987 4837 λαϐὰς
3042 4784 3137 4840 τῆς
3189 4776 3261 4838 εἰς
3310 4776 3476 4829 αὐτὸν
3532 4776 3781 4833 ἀπιστίας·

2192 4870 2280 4916 καὶ
2311 4862 2477 4936 μηδὲν
2516 4873 2614 4916 τῶν
2654 4864 2817 4917 ἄλλων
2868 4862 3137 4918 Ἰουδαίων
3176 4867 3383 4939 ἄμεινον
3424 4870 3522 4924 τὴν
3564 4861 3781 4917 διάθεσιν

2194 4950 2605 5019 ἐπιδείκνυσθαι,
2659 4954 2701 5006 εἰ
2748 4960 2836 5007 καὶ
2877 4956 3008 5028 μετὰ
3046 4962 3212 5007 ταῦτα
3243 4962 3591 5030 μαρωρικοίς
3628 4950 3785 5008 ἄθλοις

2194 5040 2407 5105 ἑαυτοὺς
2450 5042 2837 5095 ἀνεκαλέσαντο’
2916 5048 3003 5097 καὶ
3056 5048 3149 5103 τήν
3214 5044 3393 5102 Ἰησόύ
3445 5047 3671 5101 θεότητα
3727 5041 3784 5097 ἦν

2193 5138 2438 5206 πρότερον
2486 5129 2608 5185 οὔδε
2643 5132 2856 5206 γλώσσῃ
2906 5130 3284 5207 παρεδέχοντο,
3315 5135 3507 5205 αἵματι
3540 5136 3628 5185 καὶ
3669 5147 3783 5201 σφα·

2192 5230 2311 5293 γαίς
2348 5228 2507 5274 πᾶσιν
2554 5220 2889 5295 ἀνεκήρυξαν.
2934 5223 3065 5293 Ἐγὼ
3112 5220 3171 5275 δε
3220 5219 3678 5283 σκανδαλίζεσθαι
3708 5221 3787 5290 μὲν

2193 5316 2313 5374 τούς
2363 5313 2699 5384 νομισθέντας
2748 5308 2998 5384 ἀδελφούς
3057 5315 3201 5387 παρὰ
3247 5320 3340 5364 τοῦ
3389 5319 3653 5385 Σωτῆρος,
3706 5309 3785 5360 καὶ

2194 5406 2265 5475 μὴ
2317 5403 2570 5473 θεοπρεπῆ
2616 5405 2708 5458 τήν
2766 5400 3029 5472 ὑπόληψιν
3079 5402 3193 5453 κατ’
3250 5399 3427 5475 ἀρχὰς
3487 5404 3635 5473 ἔχειν
3687 5400 3791 5468 περὶ

2196 5489 2378 5557 αὐτοῦ,
2434 5486 2527 5542 διά
2598 5508 2653 5543 τε
2711 5492 2769 5542 τὸ
2839 5488 3119 5564 πρόϐλημα
3175 5497 3272 5553 τῆς
3324 5493 3529 5563 σαρκὸς
3582 5493 3791 5565 καὶτῆς
