4140 6198
306 204 411 263 381

1402 188 1493 253 AD
1536 185 2075 281 sustinuerim;
2114 186 2438 265 cumsrio
2479 186 2570 253 Lt.

3566 196 3677 267 382

307 332 439 404 ύπερ
504 336 622 381 νοῦν
698 326 1141 399 συγκαταϐάσεως
1218 332 1310 377 τοῦ
1365 323 1540 396 λόγου,
1609 331 1680 394 τῷ
1749 342 1905 397 παρα-

2024 322 2493 385 extraordinario
2526 327 2583 379 et
2617 318 3031 397 magnitudine
3058 338 3178 383 non
3211 336 3385 397 posse
3412 320 3673 397 simulat—

308 416 451 493 δόξῳ
530 423 618 469 καὶ
678 419 883 490 μεγέθει
956 421 1026 489 μὴ
1108 410 1370 485 δύνασθαι
1447 418 1770 485 συνεπαίρειν
1826 418 1915 464 xui

309 507 645 578 συνανυψοῡν
743 513 837 563 την
941 502 1196 572 διάνοιαν,
1288 511 1388 554 τῶν
1488 501 1781 575 σεϐασμίων
1851 521 1913 574 με

303 605 465 649 τοῦτο
518 600 724 667 Λογίων
768 591 1153 662 διδασκόντων,
1190 592 1281 643 οὐκ
1313 590 1516 663 ἀμαθής
1560 590 1665 659 εἰμι
1699 612 1710 623 ’
1745 593 1823 642 ὅτι
1855 587 1914 642 δε

303 691 475 760 μέχρι
523 688 710 738 τούτου
750 684 1007 759 προῆλθον
1055 684 1379 757 μοχθηρίας,
1430 683 1499 741 ὡς
1536 684 1625 732 καὶ
1659 676 1911 752 δαιμονᾴν

302 780 399 826 xui
446 774 715 837 ἐξεστάναι
769 778 858 824 xui.
912 778 1101 844 φρενῶν
1149 769 1445 845 ἀρρωστίαν
1491 769 1647 820 αὑτοῦ
1692 788 1913 841 κατηγο-

298 872 435 937 ρεῖν,
471 863 575 935 ούχ
624 865 810 936 ὁμοίως
871 862 1109 913 τίθεσθαι
1166 856 1288 911 οὐδε
1351 865 1648 932 συγχωρεῖν
1698 858 1799 918 οἰὸς
1859 862 1912 910 τί

303 953 434 1025 εἰμι.

884 1058 1195 1110 ΕΡΩΤΗΣΙΣ
1220 1054 1342 1110 ΝΑ’.

300 1171 458 1220 Διατὶ
492 1170 579 1218 τὸν
623 1161 951 1238 παράδεισον
989 1162 1263 1238 ἐφύτευσεν
1285 1163 1328 1238 _o'_
1346 1164 1495 1238 Θεὸς,
1530 1161 1719 1233 μελλων
1763 1160 1913 1220 εὐθὺς

667 1231 926 1291 ἐκϐάλλειν
955 1231 1040 1289 τὸν
1072 1231 1172 1289 ’Δδ
1178 1237 1249 1306 ἀμ
1276 1233 1329 1295 ἕξ
1351 1234 1510 1287 αὐτοῦ
1532 1231 1554 1301 VS

2025 411 2226 467 tollere
2257 417 2313 467 et
2352 411 2661 475 sublevare
2698 411 3139 482 cogitationem,
3181 413 3537 471 venerandis
3574 431 3672 475 me

2022 501 2135 557 hoc
2166 501 2419 557 oraculis
2451 501 2821 567 docentibus,
2855 517 2975 559 non
3007 502 3252 571 ignarus
3294 519 3429 559 sum
3460 522 3471 561 :
3507 505 3672 577 quod

2024 597 2221 646 autem
2260 606 2447 664 usque
2470 606 2541 645 eo
2559 591 2853 662 progressi
2878 592 2993 646 sint
3013 592 3310 665 nequitias,
3340 597 3397 646 ut
3415 598 3471 648 et
3495 609 3529 647 a
3551 593 3670 667 dm-

2024 694 2200 734 mone
2232 680 2328 749 agi
2359 685 2415 733 et
2452 679 2511 733 in
2578 678 2837 734 furorem
2899 696 3134 735 versum
3184 696 3311 735 esse
3351 686 3408 737 et
3454 682 3671 745 mentis

2022 768 2326 823 inﬁrmum
2356 784 2494 825 eum
2543 784 2671 823 esse
2710 768 3131 834 insimularint,
3162 785 3282 826 non
3326 771 3544 842 pariter
3570 786 3674 849 po-

2023 873 2162 913 nere
2196 872 2305 912 nec
2326 857 2651 917 concedere
2684 873 2792 929 par
2822 874 2975 914 sum.

2502 1053 2836 1117 QUIESTIO
2866 1053 2933 1108 LI
2969 1055 3073 1125 [αι.
3102 1054 3187 1125 L].

2025 1160 2217 1226 Quare
2245 1159 2593 1228 paradisum
2621 1160 2921 1227 plantavit
2947 1162 3116 1225 Deus,
3140 1162 3437 1219 Adamum
3467 1166 3669 1221 statim

2573 1231 2713 1287 inde
2750 1234 3105 1302 expulsurus
3134 1238 3158 1288 γ

1582 1358 1731 1405 Edita
1762 1370 1794 1405 a
1820 1356 1972 1411 Maio,
1996 1354 2032 1402 l.
2069 1368 2134 1412 c.,
2164 1369 2217 1418 p.
2245 1356 2407 1403 53-55.

375 1488 493 1533 Τῶν
537 1482 627 1553 μεν
670 1478 973 1554 ἀπορρήτων
1040 1481 1129 1528 καὶ
1190 1479 1490 1549 κρειττόνων
1540 1476 1568 1533 ἣ
1632 1475 1907 1533 ζητεῖσθαι
1942 1486 1985 1541 B

297 1575 393 1621 xui
489 1568 1000 1640 καταλαμϐάνεσθαι,
1069 1564 1255 1636 Παύλῳ
1314 1567 1403 1637 μὲν
1464 1568 1553 1614 καὶ
1610 1568 1717 1623 τοῖς
1774 1564 1907 1613 κατά

303 1658 512 1711 Παῦλον
565 1662 689 1733 πρὸς
719 1662 811 1715 τὴν
860 1660 1072 1727 θεωρίαν
1112 1653 1467 1705 ἀνατείνεσθαι
1521 1670 1532 1681 ·
1567 1655 1684 1703 οὔτε
1716 1647 1907 1705 ἀδύνα-

298 1768 391 1800 τον
430 1753 633 1820 γέγονεν
684 1750 797 1799 οὔτε
847 1746 1095 1817 σφαλερόν
1130 1762 1141 1773 ·
1192 1745 1308 1794 ὅσοι
1359 1738 1416 1793 δε
1464 1749 1536 1813 τῷ
1578 1746 1778 1811 σαρκίῳ
1817 1747 1906 1792 xui

304 1845 412 1890 τῶν
466 1838 627 1888 αὐτοῦ
678 1835 974 1907 θελημάτων
1059 1841 1129 1903 τῷ
1202 1831 1354 1906 βάρει
1428 1829 1902 1901 συγκαθελκόμεθα,

300 1923 425 1979 οὐδ’
456 1926 621 1977 ἄλλων
671 1926 796 1996 ημῖν
844 1930 1004 1996 χεῖρα
1049 1921 1402 1995 φιλάνθρωπον
1446 1924 1535 1970 καὶ
1578 1922 1906 1991 χειραγωγὸν

295 2019 695 2088 προτεινόντων,
752 2011 956 2081 ἀσφαλῆ
1002 2008 1270 2083 δυνάμεθα
1308 2014 1401 2066 τὴν
1444 2010 1675 2079 ἄγουσαν
1731 2004 1905 2078 τρίϐον

296 2108 434 2179 πρὸς
464 2123 515 2155 τι
544 2102 861 2176 ὑψηλότερον
891 2105 981 2152 καὶ
1006 2101 1133 2173 ύπερ
1172 2101 1305 2170 ἡμᾶς
1352 2098 1695 2156 ποιήσασθαι.
1728 2098 1901 2167 Ταύτῃ

296 2212 384 2245 τοι
412 2197 504 2244 καὶ
558 2193 587 2249 ἠ
643 2196 966 2266 παραίνεσις,
1010 2208 1038 2239 (ι
1082 2188 1423 2262 Χαλεπώτερά
1471 2205 1563 2239 σου
1604 2190 1674 2255 μὴ
1736 2184 1901 2249 ζήτει,

298 2292 457 2356 φησι,
486 2286 575 2331 καὶ
613 2280 947 2352 ὶσχυρὼτερά
1000 2297 1094 2330 σου
1137 2281 1209 2349 μὴ
1257 2275 1452 2337 ἐξέταξε
1486 2290 1497 2303 ⁸
1533 2296 1557 2324 α
1604 2273 1734 2332 πλὴν
1772 2272 1905 2324 ἐπεί-

295 2390 395 2443 περ
445 2372 473 2427 ἡ
525 2374 668 2440 πηγὴ
710 2376 804 2428 τῆς
847 2372 1033 2437 σοφίας
1084 2370 1172 2418 καὶ
1212 2373 1306 2425 τῆς
1355 2364 1697 2435 ἀγαθότητος,
1731 2361 1904 2433 φιλαν-

299 2462 535 2531 θρτητοις
609 2460 747 2529 ἡμᾶς
815 2457 1146 2528 ὑποσχέσεσι
1204 2451 1530 2525 δεξιουμένη,
1591 2474 1617 2503 «
1681 2452 1899 2512 Αἰτεῖτε,

296 2548 736 2621 παρεκελεύσατο,
811 2551 900 2596 xui
962 2541 1248 2602 δοθήσεται
1305 2545 1425 2616 ύμῖν
1473 2560 1485 2572 °
1531 2545 1757 2617 κρούετε,
1815 2545 1903 2591 καὶ

296 2640 660 2707 ανοιγήσεται,
710 2657 735 2685 ν
792 2637 951 2707 ταύτῃ
985 2641 1045 2706 τῇ
1090 2632 1365 2703 ἐπαγγελίᾳ
1412 2639 1501 2692 τῆς
1553 2630 1902 2682 ἕνυποστάτου

293 2724 544 2785 ἀληθείας
591 2726 891 2783 πεποιθότες
938 2729 1027 2774 xui
1075 2724 1389 2797 κρούσαντες
1428 2726 1518 2772 καὶ
1572 2720 1900 2782 αἰτήσαντες,

295 2814 345 2867 εἰ
388 2811 448 2866 δε
497 2810 713 2866 δίδοται
755 2817 845 2864 xui
890 2816 1161 2883 ἠνίῳκται,
1196 2808 1424 2867 δηλώσει
1453 2812 1479 2862 ό
1508 2810 1683 2881 λόγος.
1737 2812 1903 2880 Φαμὲν

294 2907 372 2964 ὡς
428 2904 456 2953 ό
496 2906 626 2964 Θεὸς
668 2902 915 2975 ἐφύτευσε
962 2906 1047 2953 τὸν
1089 2897 1434 2975 παράδεισον,
1484 2900 1542 2950 ού
1596 2902 1681 2951 τόν
1723 2896 1904 2970 ”Δδάμ

295 2992 496 3045 ἐκεῖθεν
556 2992 705 3052 εὐθὺς
751 2990 944 3065 μελλων
989 2990 1214 3042 ἐλαύνειν
1243 3003 1256 3019 ’
1287 2986 1409 3041 ούδε
1453 2991 1551 3064 γὰρ
1600 2984 1715 3039 οὐδ’
1762 2986 1902 3059 ἔμελ-

292 3082 382 3134 λεν
427 3077 543 3133 οὐδ’
588 3082 727 3133 ἔθετο
768 3084 961 3132 σκοπόν
1009 3082 1165 3154 χερσὶ
1203 3074 1533 3131 διαπλάττων
1578 3080 1664 3129 τὸν
1707 3072 1903 3148 Ἀδὰμ,

294 3178 387 3222 καὶ
438 3166 760 3243 παράδεισον
818 3177 1143 3243 φυτουργιῶν
1198 3169 1469 3240 ὑπερόριον
1517 3166 1667 3227 εὐθὺς
1718 3164 1904 3217 ἐκεῖθεν

293 3267 490 3327 ποιεῖν,
538 3264 625 3311 καὶ
665 3268 761 3320 τῆς
795 3256 1167 3331 ἀφορισθείσης
1214 3257 1353 3327 αὐτῷ
1399 3260 1661 3330 μακαρίας
1710 3251 1906 3325 διαγω-

293 3358 402 3420 γῆς
436 3366 449 3377 ·
496 3348 602 3399 ἀλλ’
650 3345 839 3408 ὶκείνος
868 3350 953 3398 τὸν
995 3351 1148 3418 νόμον
1188 3354 1283 3407 τῆς
1311 3345 1515 3406 ἑντολῆς
1557 3345 1627 3406 εἰς
1658 3343 1903 3401 ἀθέτησιν

293 3437 487 3499 λύσας,
546 3442 634 3489 xui
701 3440 794 3494 τὴν
846 3434 1004 3492 οῐλλην
1068 3433 1385 3508 εὐφροσύνην
1442 3434 1509 3495 εἰς
1566 3434 1733 3490 λύπην
1786 3451 1905 3504 μετ-

294 3531 531 3597 ήνεγκεν,
573 3530 660 3583 καὶ
699 3534 789 3577 τού
834 3520 1159 3598 παραδείσου
1198 3528 1289 3582 τὴν
1320 3522 1532 3580 ἕκϐολὴν
1579 3528 1905 3593 συνεισήνεγ-

295 3636 383 3669 κεν
423 3634 435 3644 '
490 3614 596 3667 ἐπεὶ
635 3616 805 3690 ὥσπερ
854 3616 1065 3671 θάνατον
1115 3615 1140 3665 ό
1181 3617 1311 3675 Θεὸς
1354 3613 1445 3664 οὐκ
1495 3611 1754 3677 ἐποίησεν,
1796 3610 1900 3662 ἀλλ’

294 3707 351 3758 ἐν
384 3703 645 3780 apponam
683 3712 777 3765 τῆς
822 3703 1110 3765 ἀθανασίας
1153 3705 1239 3754 τὸν
1283 3704 1550 3775 ἄνθρωπον
1582 3700 1901 3772 ἔπλασε-ούρ-

292 3813 482 3867 γησεν,
535 3794 697 3853 οὕτως
730 3790 852 3847 ούδε
883 3801 974 3844 τοῦ
1024 3794 1160 3869 ἱεροῦ
1190 3796 1416 3865 χωρίου,
1464 3787 1586 3843 οὐδὲ
1617 3798 1707 3850 τῆς
1736 3810 1903 3862 μακα-

292 3892 414 3958 ρίας
437 3883 591 3934 αὐτὸν
622 3890 821 3954 τρυφῆς
846 3884 1161 3954 ύπερώρισεν
1191 3902 1202 3913 ·
1235 3880 1346 3931 ἀλλ’
1386 3881 1543 3941 αύτός
1572 3882 1596 3931 ὁ
1620 3888 1709 3931 τού
1740 3900 1904 3954 παρα-

295 3970 486 4025 δείσου
525 3980 727 4045 πρῶτος
759 3971 993 4033 πολίτης,
1037 3978 1096 4043 τῇ
1148 3969 1413 4043 συμϐουλῇ
1453 3979 1544 4022 τοῦ
1585 3974 1757 4042 ὄφεως,
1810 3978 1905 4030 τῆς

295 4060 508 4122 ἐντολῆς
559 4066 893 4135 προτιμήσας
945 4065 1038 4118 τὴν
1074 4060 1393 4132 παράϐασιν,
1452 4059 1614 4130 ἑαυτῷ
1685 4064 1773 4110 xui
1819 4061 1903 4109 τόν

298 4153 520 4203 θάνατον
550 4156 634 4202 xui
668 4155 755 4207 τὴν
800 4148 1011 4208 ἐκϐολὴν
1056 4158 1145 4202 τοῦ
1195 4146 1521 4223 παραδείσου
1558 4150 1903 4222 κατειργάσα-

292 4260 378 4296 το.

371 4332 611 4403 Δεύτερον
645 4326 703 4381 δε
742 4324 859 4381 οὐδ’
891 4329 1033 4380 εἴωθε
1075 4331 1133 4379 τό
1176 4332 1318 4381 Θεῑον
1358 4330 1424 4378 τά
1471 4335 1566 4378 τῶν
1622 4325 1903 4400 ἀνθρώπων

292 4424 532 4491 παρορᾲν
579 4417 1019 4491 πλημμελήματα,
1069 4422 1153 4470 τὸν
1211 4417 1278 4476 εἰς
1323 4416 1510 4478 αύτούς
1561 4424 1651 4477 τῆς
1710 4416 1899 4489 εὐεργε-

296 4512 424 4567 σίας
473 4507 693 4559 πλούτον
734 4512 823 4559 καὶ
872 4509 963 4568 τὰς
1004 4503 1198 4579 δωρεὰς
1247 4504 1565 4557 ἀναστελλειν
1602 4523 1613 4533 ·
1644 4502 1758 4557 οὐδ’
1800 4504 1903 4557 ἰθέ-

291 4596 372 4647 λει
430 4604 529 4647 τῶν
583 4596 1039 4669 πλημμελημάτων
1084 4594 1361 4667 λαμϐάνειν
1400 4600 1492 4651 τὴν
1534 4590 1709 4663 δίκην,
1759 4595 1901 4645 οὔπω

293 4692 389 4738 τοῦ
419 4685 751 4757 τολμήματος
798 4685 870 4746 εἰς
908 4686 1058 4760 ἔργον
1100 4683 1507 4758 προεληλυθότος
1560 4704 1572 4717 ο
1626 4684 1761 4735 οὕτω
1809 4688 1898 4734 xui

291 4783 396 4826 τῶν
447 4775 740 4846 ἀσωμάτων
791 4769 1058 4845 δυνάμεων
1108 4777 1193 4825 τόν
1236 4771 1534 4825 ἀποστάντα
1588 4780 1681 4834 τῆς
1741 4772 1899 4825 αὐτοῦ

292 4869 539 4937 προνοίας
585 4870 674 4915 xui
724 4862 1045 4935 ἀγαθότητος
1095 4859 1267 4927 εἰδὼς,
1310 4867 1397 4913 καὶ
1445 4866 1539 4920 τὴν
1573 4868 1898 4914 συναποστᾶ-

294 4971 393 5005 σαν
439 4953 577 5024 αύτῳ
633 4949 828 5029 μερίδα
884 4954 1021 5026 ὅμως
1086 4956 1389 5028 προήνεγκεν
1448 4950 1757 5023 ἀγαθότητι,
1808 4955 1897 5002 καὶ

293 5040 614 5115 δημιουργεῖ
658 5045 747 5115 μεν
788 5043 855 5103 ὡς
905 5041 1163 5115 ἑωσφόρον
1221 5043 1307 5092 τὸν
1365 5038 1685 5109 ἀποστάτην,
1725 5036 1899 5113 μηδα-

289 5153 403 5205 μως
443 5135 535 5205 μεν
581 5130 634 5193 ἐξ
680 5131 747 5182 ὧν
792 5130 1005 5203 ὕστερον
1048 5133 1134 5181 τὸν
1174 5138 1264 5189 τῆς
1316 5128 1687 5201 ἀγνωμοσύνης
1732 5126 1897 5182 ὑπέδυ

290 5223 470 5296 ζόφον,
542 5224 675 5293 μήτε
726 5217 816 5280 τῆς
882 5216 1237 5293 δημιουργίας
1305 5218 1688 5291 ἀποστερήσας,
1768 5224 1899 5291 μήτε

287 5322 386 5373 τῆς
433 5311 797 5387 λαμπρότητος
850 5328 861 5341 ’
899 5308 1203 5362 ἀποστάντα
1261 5305 1319 5362 δε
1369 5314 1458 5360 xui
1504 5311 1571 5370 ὡς
1623 5307 1897 5385 ἀστραπὴν

289 5408 384 5475 τού
451 5399 675 5479 ούρανοῦ
712 5402 939 5453 πεσόντα
998 5394 1144 5465 ἰδὼν,
1202 5402 1294 5465 τήν
1349 5393 1504 5456 δίκην
1560 5396 1750 5472 ἀφῆκεν
1795 5398 1898 5450 εἱσ-

364 5599 414 5634 “
450 5596 658 5656 Matth.
688 5611 785 5663 vn,
816 5601 871 5652 7.
932 5595 977 5631 ⁸⁷
1013 5594 1187 5653 Eccli.
1218 5611 1299 5665 iu,
1330 5599 1417 5653 22.

2088 1471 2481 1527 Ineﬂ‘abilium
2508 1472 2756 1544 quidem
2788 1478 2844 1528 et
2874 1474 3358 1531 excellentiorum
3389 1492 3573 1548 quam
3608 1480 3669 1531 ut

2017 1561 2393 1634 inquirantur
2405 1570 2459 1616 et
2476 1563 3081 1633 comprehendantur,
3104 1564 3286 1620 Paulo
3305 1571 3354 1620 et
3372 1564 3667 1620 similibus

2019 1650 2184 1706 Pauli
2211 1650 2288 1705 ad
2316 1650 2879 1723 contemplationem
2912 1652 3120 1717 attolli,
3156 1669 3274 1708 non
3298 1651 3669 1725 impossibile

2017 1738 2123 1794 fuit
2160 1755 2355 1811 neque
2386 1740 2679 1794 lubricum
2719 1758 2731 1793 :
2763 1741 3108 1813 quicunque
3148 1748 3349 1797 autem
3398 1758 3575 1797 carne
3614 1747 3671 1798 et

2016 1830 2142 1899 ejus
2173 1829 2537 1884 voluntatum
2563 1830 2825 1903 pondere
2849 1831 3328 1889 simuldeorsum
3353 1831 3666 1897 trahimur,

2016 1934 2088 1972 ne
2116 1918 2245 1974 aliis
2303 1918 2546 1991 quidem
2583 1919 2755 1974 nobis
2803 1936 3053 1975 manum
3082 1920 3429 1985 benevolum
3478 1927 3535 1977 et
3564 1921 3672 1976 du-

2015 2006 2252 2061 ctricem
2268 2006 2783 2077 protendentibus,
2810 2024 3081 2064 securam
3097 2026 3424 2081 possumus
3449 2009 3669 2065 ducen-

2014 2097 2134 2148 tem
2174 2095 2445 2150 semitam
2488 2095 2565 2150 ad
2592 2095 2818 2167 aliquid
2853 2097 3168 2152 sublimius
3198 2106 3253 2154 et
3282 2098 3448 2170 quod
3489 2113 3671 2169 supra

2013 2197 2122 2237 nos
2141 2184 2212 2237 sit
2239 2182 2449 2239 facere.
2475 2188 2665 2249 Quare
2678 2191 2829 2240 certe
2842 2191 2899 2240 et
2929 2187 3277 2252 admonitio,
3294 2186 3671 2242 «difficiliora

2014 2277 2067 2325 te
2100 2287 2171 2324 ne
2208 2271 2536 2343 quaesieris,
2572 2273 2654 2329 ait
2698 2273 3070 2347 [Scriptura],
3113 2281 3169 2329 et
3214 2275 3458 2331 fortiora
3496 2279 3548 2330 te
3592 2290 3667 2329 ne

2015 2360 2295 2430 vestiga"
2327 2378 2339 2415 :
2364 2382 2383 2408 ι
2406 2360 2812 2433 sedquoniam
2828 2362 2958 2417 fons
2980 2362 3285 2435 sapientiae
3313 2363 3665 2419 etbonitatis

2015 2450 2286 2520 benignis
2313 2467 2423 2505 nos
2476 2451 2973 2523 promissionibus
3019 2451 3246 2526 [quasi]
3277 2454 3486 2509 dextra
3514 2452 3666 2508 exci-

2014 2539 2203 2610 piens,
2228 2562 2247 2587 ι
2278 2540 2520 2611 petite,»
2545 2541 2816 2595 hortatus
2830 2547 2937 2610 est,
2966 2542 3315 2598 «etuabitur
3328 2542 3518 2614 vobis,
3539 2541 3660 2614 pul-

2014 2632 2159 2691 sate,
2201 2634 2257 2683 et
2299 2630 2594 2700 aperietur
2623 2630 2691 2696 ⁸⁷,
2736 2652 2755 2679 ι
2798 2630 2911 2686 hac
2943 2632 3396 2687 annuntiatione
3452 2630 3669 2687 insub-

2014 2718 2303 2773 stantiatae
2338 2718 2594 2774 veritatis
2633 2720 2843 2775 conﬁsi
2895 2727 2952 2776 et
2998 2721 3373 2794 pulsavimus
3419 2726 3473 2776 et
3506 2721 3669 2793 petii-

2016 2822 2169 2876 mus,
2200 2824 2345 2862 num
2369 2824 2508 2863 vero
2538 2808 2743 2864 datum
2759 2813 2817 2863 et
2840 2816 3109 2883 apertum
3127 2809 3669 2880 sit,demonstrabit

2014 2911 2231 2951 sermo.
2257 2895 2517 2951 Dicimus
2540 2914 2576 2952 a
2602 2898 2719 2953 Deo
2748 2899 3081 2970 plantatum
3117 2915 3244 2954 esse
3292 2898 3666 2970 paradisum,

2016 3000 2131 3040 non
2160 2986 2351 3041 Adam
2382 2986 2519 3041 inde
2564 2988 2761 3042 statim
2804 2988 3097 3058 ejecturo;
3133 3004 3253 3043 non
3280 2988 3439 3043 enim
3464 2986 3669 3044 debuit

2014 3090 2124 3129 nec
2156 3077 2342 3145 potuit
2391 3091 2643 3147 scopum
2683 3076 2967 3131 manibus
3024 3076 3315 3147 efﬁngens
3363 3077 3549 3131 Adam
3612 3080 3669 3130 et

2013 3164 2361 3236 paradisum
2392 3164 2671 3239 plantans
2704 3170 3000 3221 extorrem
3034 3168 3227 3222 statim
3256 3167 3394 3221 inde
3450 3165 3663 3231 facere,

2014 3258 2067 3307 et
2093 3254 2439 3309 adestinata
2466 3252 2546 3308 illi
2578 3254 2755 3311 beata
2786 3254 3236 3311 conversatione
3265 3274 3278 3311 :
3314 3261 3375 3311 at
3406 3254 3502 3311 ille
3533 3254 3667 3324 lege

2014 3345 2292 3416 praecepti
2319 3344 2379 3398 in
2402 3343 2843 3399 destitutionem
2870 3344 3089 3411 soluta,
3114 3345 3476 3417 etreliquam
3504 3343 3666 3400 volu-

2014 3437 2234 3504 ptatem
2267 3433 2325 3487 in
2360 3433 2651 3489 tristitiam
2671 3434 2967 3490 transtulit
2990 3442 3046 3490 et
3071 3450 3102 3489 e
3134 3434 3413 3506 paradiso
3434 3434 3666 3505 ejectio-

2014 3538 2150 3576 nem
2184 3521 2361 3577 simul
2380 3522 2724 3592 introduxit,
2750 3523 2893 3595 quia
2920 3523 3069 3579 sicut
3098 3530 3345 3580 mortem
3369 3525 3522 3579 Deus
3545 3536 3667 3579 non

2014 3611 2166 3675 fecit,
2202 3611 2306 3666 sed
2338 3611 2397 3666 in
2428 3610 2604 3669 arrha
2635 3610 3096 3671 immortalitatis
3136 3612 3441 3669 hominem
3474 3611 3665 3676 finxit,

2013 3699 2095 3754 sic
2126 3715 2283 3755 nece
2328 3717 2497 3758 sacro
2528 3701 2682 3768 loco,
2711 3716 2819 3755 nec
2858 3716 2929 3757 ex
2969 3701 3159 3757 beatis
3200 3702 3399 3773 ipsum
3440 3700 3667 3757 deliciis

2013 3790 2422 3845 exterminavit
2451 3806 2463 3843 :
2495 3790 2596 3844 sed
2623 3791 2753 3861 ipse
2788 3790 3047 3863 paradisi
3082 3790 3311 3862 primus
3334 3791 3496 3857 civis,
3529 3807 3669 3847 con-

2014 3876 2142 3932 silio
2174 3879 2482 3953 serpentis,
2520 3884 2817 3950 praecepto
2845 3883 3178 3951 anteposita
3203 3880 3667 3951 transgressione

2015 3966 2130 4021 sibi
2170 3974 2225 4022 et
2270 3972 2523 4023 mortem
2573 3972 2629 4023 et
2684 3968 3034 4038 ejectionem
3067 3984 3098 4024 e
3130 3968 3410 4049 paradiso
3459 3984 3665 4045 opera-

2014 4061 2110 4111 tus
2133 4062 2241 4112 est.

2084 4323 2355 4379 Secundo
2382 4330 2581 4380 autem
2622 4341 2744 4380 non
2773 4324 2923 4381 solet
2952 4324 3225 4381 divinum
3256 4324 3529 4397 [Numen]
3560 4323 3666 4381 ho-

2010 4413 2242 4469 minum
2274 4413 2574 4486 despicere
2604 4413 3013 4484 negligentias,
3049 4415 3107 4468 in
3134 4429 3236 4469 eos
3255 4412 3664 4471 beneficentia

2010 4502 2246 4559 divitias
2270 4511 2323 4559 et
2354 4502 2515 4558 dona
2546 4502 2847 4569 inhibere;
2880 4518 2989 4558 nec
3020 4502 3257 4558 volebat
3283 4502 3665 4579 negligentia-

2010 4606 2143 4646 rum
2173 4608 2409 4647 sumere
2437 4608 2701 4664 poenam,
2734 4592 2999 4647 nondum
3026 4607 3179 4648 ausu
3209 4591 3268 4647 in
3287 4591 3509 4653 factum
3531 4606 3667 4664 pro-

2010 4694 2213 4749 gresso
2243 4696 2254 4733 :
2291 4679 2373 4735 ita
2396 4688 2452 4735 et
2474 4679 3043 4753 abincorporalium
3079 4682 3289 4737 virtute
3330 4684 3663 4751 apostatam

2009 4768 2193 4841 ipsius
2224 4769 2607 4842 providentiae
2646 4778 2701 4826 et
2739 4771 3018 4828 bonitatis
3069 4770 3284 4836 sciens,
3317 4773 3375 4824 et
3415 4768 3664 4845 compli-

2008 4876 2139 4915 cem
2162 4862 2290 4931 ejus
2317 4862 2631 4932 apostasia:
2654 4866 2878 4934 partem
2909 4867 3101 4917 tamen
3126 4860 3391 4934 protulit,
3408 4876 3479 4919 ex
3498 4859 3665 4919 boni-

2010 4955 2144 5017 tate,
2173 4955 2394 5006 etcreat
2424 4948 2671 5023 quidem
2699 4956 2758 5005 ut
2782 4949 3092 5005 luciferum
3115 4955 3479 5022 apostatam,
3504 4946 3664 5005 nullo

2008 5037 2192 5095 modo
2211 5054 2281 5094 eo
2298 5038 2463 5112 quod
2483 5038 2765 5113 deinceps
2780 5039 2841 5094 in
2862 5039 3074 5109 ingrati
3105 5038 3291 5095 animi
3312 5030 3479 5095 irruit
3508 5044 3667 5096 tene-

2006 5128 2171 5198 bras,
2216 5145 2409 5200 neque
2467 5130 2761 5187 creatione
2830 5130 3091 5201 privans,
3154 5145 3349 5201 neque
3398 5128 3661 5201 fulgore:

2007 5222 2347 5290 apostatam
2399 5224 2597 5275 autem
2653 5224 2706 5273 ct
2738 5219 2912 5291 quasi
2950 5218 3149 5290 fulgur
3180 5219 3309 5283 caeli
3352 5220 3663 5283 cadentem

2008 5306 2239 5377 videns,
2299 5324 2545 5381 poenam
2593 5307 2813 5364 dimisit
2846 5308 3094 5381 irrogari
3154 5308 3509 5373 extollentiae
3545 5322 3561 5367 :
3592 5322 3665 5371 ea

2011 5398 2298 5455 Creatoris
2341 5398 2499 5454 circa
2547 5402 2852 5465 creaturas
2897 5398 3231 5475 oeconomia
3262 5404 3318 5463 et
3364 5397 3661 5475 disgreﬁo.
