3938 6178
495 223 601 287 383

494 442 713 505 radiso,
738 439 1123 497 nihilominus
1146 437 1397 493 decebat
1423 438 1715 495 Creatoris
1736 438 2061 495 bonitatem
2091 443 2145 492 et

494 529 783 588 rationale
810 528 1032 585 animal
1080 528 1435 583 constituere
1480 528 1801 593 hominem,
1829 535 1882 582 et
1915 526 2145 599 paradi-

496 636 629 676 sum
652 620 709 675 in
741 634 863 691 quo
889 632 1251 673 conversans
1280 617 1490 673 beatus
1504 622 1645 683 erat,
1665 623 1854 672 atnon
1872 616 2148 687 pulcher-

493 710 716 765 rimum
740 714 1103 763 terrenorum
1123 722 1373 777 operum
1401 705 1669 761 inhibere
1697 710 1937 777 propter
1955 705 2144 759 Adam

495 798 1052 868 transgressionem,
1104 801 1159 850 et
1189 795 1675 865 transgressionis
1706 794 1977 849 etl'ectum
2012 810 2024 847 :
2059 799 2146 849 et-

494 888 652 944 enim
677 901 913 957 semper
942 885 1209 940 divinum
1247 882 1542 957 [Numen],
1576 883 1739 955 quod
1770 882 1955 955 ipsius
1981 881 2142 955 [est],

494 977 633 1033 facit
675 974 1011 1048 perenniter
1060 973 1345 1029 scaturire
1386 972 1611 1028 ﬂuenta
1658 971 2041 1041 indulgentiae
2091 978 2144 1026 et

492 1064 796 1129 bonitatis,
874 1062 1092 1134 peccati
1152 1076 1290 1117 vero
1339 1061 1587 1117 audacis
1658 1060 1983 1116 vindictam
2043 1060 2145 1115 ad-

494 1155 658 1211 ducit
688 1170 699 1207 :
734 1152 1134 1209 insanabilem
1168 1168 1203 1206 a
1227 1150 1443 1206 delicto
1494 1149 1737 1223 plagam
1790 1156 1847 1205 et
1891 1150 2147 1205 vulnera

495 1260 737 1301 manere
768 1251 823 1298 et
852 1242 1152 1299 hominem
1194 1257 1315 1296 non
1344 1240 1544 1295 sineus
1586 1240 1823 1295 absumi
1852 1256 1864 1293 :
1903 1244 1959 1295 et
1986 1255 2146 1295 nunc

493 1334 747 1406 praevisa
774 1339 859 1387 est
910 1330 1154 1402 quidem
1200 1329 1615 1400 transgressio,
1671 1330 1927 1401 praevisa
1975 1334 2059 1384 est
2092 1333 2148 1384 et

494 1424 740 1495 ejectio:
768 1421 1231 1494 pulcherrimum
1261 1435 1396 1475 vero
1434 1424 1805 1475 terrenorum
1832 1418 2145 1473 artiﬁcium

494 1529 747 1585 operum
792 1510 1110 1583 paradisus
1139 1509 1215 1563 ad
1248 1508 1763 1564 insubsistentiam
1808 1523 1913 1580 per
1957 1507 2146 1562 Adam

494 1618 618 1659 non
652 1602 968 1657 remissum
1009 1605 1096 1654 est
1128 1614 1140 1652 ς
1174 1597 1394 1652 idcirco
1425 1603 1479 1652 et
1507 1596 1775 1668 producit
1812 1597 1969 1652 hunc
1998 1599 2148 1651 Deus

1737 214 1975 279 PHOTlI
2015 211 2495 279 PATRIARCHE
2535 214 2643 279 (ΣΡ.

2209 211 2495 279 ῙΑΒΟΗΕ
2535 214 2643 279 CP.
3683 224 3763 287 384

498 356 634 411 Ideo
665 352 771 409 etsi
811 351 1162 424 peccaturus
1186 355 1312 406 erat
1334 350 1529 407 Adam
1550 354 1605 406 et
1630 348 2053 423 expellendusl

1468 366 1529 405 m
1550 354 1605 406 et
1630 348 2017 423 expellendus
2038 365 2142 422 pa-
2176 352 2218 404 Α
2254 352 2577 423 πράττεσθαι
2627 358 2721 412 τῆς
2762 350 3022 423 έπάρσεως

3066 371 3079 383 ·
3118 352 3330 409 τοιαύτη
3375 357 3458 403 τοῦ
3502 360 3767 428 Δημιουργοῦ

2254 442 2285 498 ἡ
2318 445 2435 514 περὶ
2480 442 2546 492 τὰ
2603 437 3054 513 δημιουργήματα
3110 440 3376 511 οἰκονομία
3428 446 3506 493 καὶ
3534 438 3765 517 διάκρισις.

2257 534 2343 581 Διό
2392 530 2485 581 κᾶν
2538 529 2733 603 ἔμελλεν
2781 531 2807 581 ὁ
2874 526 3053 600 Ἀδὰμ
3109 529 3411 602 ἁμαρτάνειν
3462 535 3541 582 καὶ
3589 530 3770 585 ἐκϐάλλε-

2258 622 2381 671 σθαι
2408 626 2496 671 τοῡ
2526 616 2877 693 παραδείσου,
2917 616 3067 671 ούδεν
3106 620 3261 676 ἧττον
3314 621 3482 693 ἔπρεπε
3508 627 3560 691 τῇ
3587 628 3661 671 τοῦ
3699 629 3771 679 An-

2254 715 2510 782 μίουργοῡ
2540 711 2831 780 ἄγαθὸτητι
2872 713 2960 762 καὶ
3008 708 3216 779 λογικὸν
3255 712 3378 770 ζῶον
3414 710 3672 767 ὑποστῆσαι
3708 715 3772 762 τόν

2256 798 2541 873 ἀνθρωπον,
2577 806 2665 851 και
2704 803 2790 851 τὸν
2829 795 3151 873 παράδεισον
3198 797 3245 849 ἐν
3356 794 3649 868 διαιτώμενος
3676 798 3774 869 ἐμα-

2254 893 2516 963 καρίζετο,
2571 889 2697 943 ἀλλὰ
2731 894 2801 963 μῆ
2850 891 2908 941 τὸ
2956 889 3226 941 κάλλιστον
3269 896 3365 939 τῶν
3404 885 3613 957 ἐπιγείων
3653 891 3775 960 ἔργων

2256 977 2493 1051 ἕπισχείν
2518 976 2551 1032 δ
2559 982 2611 1033 ιά
2636 984 2729 1039 τὴν
2766 988 2857 1032 τοῦ
2884 976 2984 1033 ’Δδ
2989 982 3060 1052 ἀμ
3096 976 3390 1050 παραϐάσίν
3414 995 3463 1028 τε
3486 980 3564 1027 καὶ
3602 984 3678 1037 τῆς
3702 995 3774 1027 πα-

2253 1067 2521 1143 ραϐάσεως
2550 1069 2820 1144 εἴσπραξιν
2852 1087 2865 1099 ·
2900 1074 2990 1121 καὶ
3027 1072 3127 1141 γὰρ
3175 1065 3255 1119 ἀεὶ
3285 1070 3341 1117 τό
3373 1072 3511 1117 Θεῖον
3546 1068 3596 1116 τό
3637 1064 3776 1116 ἑαυτοῦ

2256 1165 2393 1210 ποιεῖ
2420 1156 2637 1221 ἁεννάως
2680 1162 2771 1230 μεν
2802 1157 2982 1234 βρύειν
3011 1160 3074 1211 τὰ
3100 1159 3307 1229 νάματα
3341 1162 3432 1216 τῆς
3474 1157 3776 1225 χρηστότητος

2254 1252 2461 1308 καὶτῆς
2501 1246 2843 1318 ἀγαθότητος,
2899 1256 2993 1309 τῆς
3022 1247 3281 1320 ἁμαρτίας
3326 1240 3382 1296 δε
3405 1242 3778 1314 τολμωμένηςτὴν

2256 1340 2511 1411 τιμωρίαν
2542 1336 2721 1406 ἕπάγει
2751 1354 2763 1366 ·
2808 1335 3013 1389 ἀνίατον
3041 1341 3133 1395 την
3162 1333 3263 1386 ἀπὸ
3294 1340 3381 1385 τοῦ
3406 1330 3778 1403 πλημμελήματος

2257 1426 2461 1497 πληγήν
2509 1432 2597 1478 καὶ
2641 1430 2706 1478 τά
2757 1429 3032 1500 τραύματα
3088 1421 3346 1496 διαμένειν
3393 1424 3587 1472 καὶτὸν
3628 1420 3778 1490 ἅνθρω-

2256 1534 2350 1567 πον
2399 1515 2493 1566 ούκ
2542 1514 2850 1587 ἀνεχόμενον
2898 1514 3279 1585 κατανέμεσθαι
3333 1528 3345 1541 ⁸
3398 1514 3483 1562 καὶ
3514 1515 3591 1559 νῦν
3635 1525 3782 1578 προεω-

2256 1610 2384 1676 ρᾶτο
2436 1608 2525 1675 μεν
2568 1606 2597 1662 ἠ
2641 1603 2958 1678 παράϐασις,
3010 1608 3306 1677 προεωρᾶτο
3355 1596 3412 1652 δὲ
3456 1600 3482 1655 ἡ
3527 1595 3780 1653 ἔκϐολ.η·τὸ

496 1698 551 1747 et
574 1691 762 1746 Adam
803 1690 860 1744 in
890 1688 1219 1759 jucundam
1252 1686 1499 1741 restituit
1532 1692 1774 1751 sortem,
1827 1692 2051 1755 transgt

2226 1690 2317 1745 ηδε
2371 1692 2646 1746 κάλλιστον
2716 1702 2815 1746 τῶν
2886 1696 3121 1764 ἐπιγείων
3186 1690 3533 1763 φιλοτέχνημα
3590 1688 3721 1760 ἔργων
3764 1684 3781 1733 ό

496 1798 628 1835 sum
677 1794 815 1835 vero
868 1793 1108 1832 manere
1154 1777 1353 1831 adhuc
1406 1780 1462 1830 et
1509 1775 1730 1829 deliciis
1784 1775 1899 1830 frui
1940 1775 2148 1847 quibus

494 1870 705 1924 fruitus
734 1873 887 1923 esset
916 1866 1107 1936 legem
1154 1881 1419 1930 servans,
1449 1864 1689 1935 justitite
1736 1880 1851 1920 non
1883 1866 2150 1936 permisit

496 1956 880 2028 incorruptio.
914 1955 1101 2011 Tertio
1152 1970 1289 2009 vero
1336 1953 1444 2009 etsi
1488 1953 1838 2026 plasmatum
1868 1953 2057 2010 Adam
2086 1954 2144 2009 in

496 2043 1029 2119 paradisolocavit,
1044 2059 1165 2099 non
1185 2049 1375 2099 tamen
1389 2042 1550 2098 hunc
1564 2042 1803 2115 quidem
1823 2042 2017 2098 solum
2033 2043 2145 2100 tale

495 2152 566 2193 ac
595 2138 827 2191 tantum
862 2133 1065 2189 statuit
1096 2132 1434 2199 artiﬁcium,
1468 2148 1570 2204 per
1596 2148 1806 2187 omnes
1832 2148 1966 2188 vero
1999 2132 2145 2187 nihil

498 2226 716 2291 minus,
751 2224 801 2279 si
832 2239 951 2279 non
984 2228 1040 2278 et
1078 2223 1269 2291 magis
1310 2223 1412 2294 qui
1444 2238 1512 2276 ex
1553 2222 1762 2288 Adam,
1804 2222 2144 2295 quicunque

496 2318 1000 2387 supervenustum
1039 2316 1094 2367 et
1125 2312 1465 2383 speciosum
1492 2308 1850 2379 ﬁgmentum
1877 2311 2068 2366 Adam
2091 2316 2147 2366 et

494 2400 1431 2470 divinaeimaginisintemeratum
1456 2406 1511 2454 et
1539 2398 1861 2454 indeletum
1880 2398 2141 2473 [typum]

495 2494 873 2545 servaverunt
897 2505 907 2542 :
934 2488 1243 2560 quomodo
1266 2504 1407 2558 ergo
1424 2495 1552 2542 erat
1571 2487 2145 2559 bonum,quomodo

496 2578 735 2650 sapiens
751 2583 987 2648 propter
1013 2592 1197 2631 unum
1230 2581 1686 2644 transgressum,
1716 2582 1770 2631 et
1798 2582 1919 2631 tum
1953 2593 2145 2649 neque

496 2668 685 2738 ipsum
703 2665 950 2737 posteris
974 2664 1343 2736 temporibus
1363 2666 1670 2719 communi
1699 2664 1996 2735 privatum
2013 2667 2147 2720 frui-

498 2756 673 2825 tione,
742 2759 964 2810 tantam
1033 2752 1473 2808 multitudinem
1547 2754 1780 2824 privare
1844 2754 2145 2826 paradiso,

498 2850 772 2902 sanctum
806 2844 972 2899 illum
1012 2843 1216 2898 locum
1255 2858 1377 2898 non
1435 2849 1733 2898 creantem
1792 2859 1985 2915 neque
2022 2844 2144 2916 [illi]

496 2934 909 3008 praesidentem
938 2932 966 2987 Ἰ

2256 1779 2576 1854 παράδεισος
2616 1786 2744 1855 πρὸς
2790 1782 3111 1858 ἀνυπαρξίαν
3157 1777 3249 1832 διὰ
3297 1782 3382 1831 τὸν
3414 1774 3573 1847 Ἀδὰμ
3608 1774 3685 1825 ούκ
3720 1770 3780 1823 ἀν·

2258 1872 2509 1925 εστέλλετο
2565 1890 2576 1901 ’
2627 1869 2712 1925 διὸ
2762 1877 2852 1925 καὶ
2903 1874 3120 1945 προάγει
3158 1877 3340 1922 τοῦτον
3383 1869 3568 1929 ὀΘεός,
3610 1868 3683 1914 καὶ
3720 1863 3785 1911 τὸν

2256 1957 2432 2033 Ἀδὰμ
2488 1961 2552 2022 εἰς
2609 1966 2829 2035 τερπνὴν
2890 1960 3281 2017 ἀποκαθίστησι
3340 1954 3555 2019 δίαιταν,
3607 1948 3767 2025 παραϐι

2257 2049 2456 2109 ϐηκότα
2500 2048 2557 2103 δε
2604 2055 2769 2123 μένειν
2811 2053 2887 2102 ἔτι
2934 2055 3022 2103 καὶ
3060 2056 3255 2121 τρυφῆς
3308 2045 3568 2099 ἀπολαύειν
3617 2042 3666 2101 ἧς
3711 2037 3786 2089 ἀπο

2256 2139 2441 2197 ῆλαυεν
2493 2138 2552 2191 ἂν
2609 2140 2995 2213 νομοφυλακῶν,
3053 2146 3150 2199 τῆς
3202 2134 3537 2192 δικαιοσύνης
3590 2130 3668 2183 ούκ
3717 2127 3787 2178 ἕπ-

2256 2232 2431 2303 έτρεπε
2461 2232 2519 2281 τὸ
2573 2226 2881 2284 ἀδέκαστον.
2913 2234 3097 2304 Τρίτον
3129 2224 3187 2279 δι
3227 2226 3269 2279 εἰ
3298 2230 3389 2278 καὶ
3416 2222 3790 2293 πλαστουργήσας

2255 2321 2343 2369 τὸν
2374 2313 2549 2390 Ἀδὰμ
2587 2327 2659 2389 τῷ
2713 2303 3021 2392 παραδείσῳ
3066 2332 3377 2386 κατῳκισεν,
3430 2310 3527 2363 ἀλλ’
3576 2304 3661 2360 ούδ
3699 2303 3792 2355 ἐκεῖ·

2254 2424 2337 2457 νον
2398 2409 2487 2477 μεν
2542 2412 2693 2479 μόνον
2737 2411 2794 2459 τὸ
2843 2414 3075 2459 τοιοῦτον
3129 2410 3219 2456 καὶ
3270 2403 3567 2467 τηλικοῦτον
3614 2398 3793 2449 ὑπεστή-

2260 2513 2389 2546 σατο
2441 2496 2815 2569 φιλοτέχνημα,
2876 2492 2969 2548 διὰ
3020 2497 3217 2554 πάντας
3257 2490 3319 2545 δὲ
3371 2486 3490 2544 ούδε
3535 2488 3729 2548 ἔλαττον,
3764 2480 3795 2531 εἰ

2256 2588 2327 2655 μὴ
2375 2589 2464 2635 καὶ
2502 2584 2691 2657 μᾶλλον
2740 2590 2858 2646 τοὺς
2898 2584 2951 2647 ἐξ
2993 2580 3190 2654 Ἀδὰμ,
3236 2584 3356 2634 ὅσοι
3415 2585 3499 2637 την
3559 2569 3791 2649 ύπερκαλλῆ

2257 2677 2346 2725 καὶ
2386 2676 2577 2745 ὡραίαν
2606 2670 2889 2726 διάπλασιν
2920 2682 3010 2725 τοῦ
3037 2668 3215 2744 Ἀδὰμ
3243 2676 3337 2722 καὶ
3366 2678 3459 2731 τῆς
3491 2670 3615 2725 θείας
3648 2662 3798 2716 εἰκόνος

2257 2764 2315 2813 τὸ
2365 2760 2673 2831 ἀνύϐριστον
2726 2783 2779 2816 τε
2832 2768 2921 2815 καὶ
2976 2761 3430 2837 ἀπαραχάρακτον
3485 2752 3793 2808 διεσώσαντο·

2258 2858 2359 2902 ποῦ
2409 2856 2579 2904 τοίνυν
2624 2850 2683 2911 ἦν
2710 2852 2863 2904 καλόν
2912 2871 2924 2915 ;
2959 2859 3058 2904 ποῦ
3100 2847 3158 2903 δε
3191 2854 3353 2921 σοφὸν
3396 2845 3465 2900 δι’
3510 2847 3587 2897 ἕνα
3624 2835 3797 2913 παρεῖδε

2261 2938 2478 3007 δηκότα,
2528 2948 2617 2994 καὶ
2670 2947 2784 2994 τότε
2833 2937 2963 3015 μηδ’
3022 2940 3175 2992 αὑτὸν
3220 2941 3456 3013 ὑστέροις
3499 2937 3685 3007 χρόνοις
3730 2931 3799 2981 τῆς

496 3032 674 3085 κοινῆς
700 3021 1139 3097 ἀποστερούμενον
1170 3019 1527 3089 ἀπολαύσεως,
1556 3027 1804 3073 τοσοῦτον
1833 3021 2025 3082 πλῆθος
2056 3022 2358 3101 ἀποστερεῖν
2386 3038 2477 3081 τοῦ
2503 3027 2849 3105 παραδείσου,
2873 3034 2931 3082 τὸ
2955 3032 3084 3104 ἱερὸν
3106 3028 3268 3081 έκεῖνο
3294 3030 3493 3100 χωρίον
3513 3028 3575 3095 μὴ
3598 3016 3802 3089 δημιουρ-

495 3123 688 3189 γοῦντα
715 3110 853 3185 μηδὲ
875 3114 1173 3185 προάγοντα
1206 3126 1219 3177 ;

567 3204 655 3260 Ad
673 3204 799 3258 haec
813 3206 1011 3258 autem
1036 3216 1230 3273 neque
1256 3199 1412 3255 istud
1443 3200 1839 3256 omittendum
1876 3220 1887 3259 :
1922 3210 2149 3275 oporte-
2181 3204 2223 3260 C

495 3293 594 3348 bat
622 3292 813 3347 Adam
840 3290 1089 3347 actionis
1129 3289 1444 3360 cujusdam
1488 3294 1542 3344 et
1571 3290 1931 3361 operationis
1960 3298 2153 3363 proto-

496 3380 730 3453 plasten
772 3394 891 3434 non
931 3378 1149 3448 injuria
1189 3377 1498 3432 afﬁcientis
1533 3394 1739 3433 curam
1780 3377 2024 3445 habere,
2078 3395 2152 3435 ne

496 3470 735 3541 pigrum
754 3466 968 3522 foretet
990 3465 1386 3533 inintelligens
1404 3466 1692 3522 rationale
1708 3468 1928 3523 animal
1944 3468 2149 3524 homo.

496 3560 658 3614 Hanc
682 3560 881 3613 autem
930 3555 1081 3609 bene
1110 3554 1465 3622 dirigentem
1498 3571 1751 3611 coronas
1778 3562 1834 3611 et
1874 3557 2149 3627 gloriam,

494 3645 893 3715 negligentem
906 3659 1045 3698 vero
1061 3659 1295 3714 ptenam
1312 3649 1367 3698 et
1394 3644 1782 3713 ignominiam
1812 3648 2103 3718 consequi
2136 3663 2147 3702 :

495 3733 845 3790 inclinatum
876 3737 1075 3787 autem
1106 3731 1183 3785 ad
1204 3730 1388 3786 levius
1418 3748 1598 3803 pcena
1616 3739 1817 3790 secuta
1848 3741 1937 3790 est
1978 3752 1989 3789 :
2031 3751 2150 3791 non

496 3824 674 3893 igitur
711 3821 955 3878 eosdem
1003 3822 1138 3893 quis
1179 3821 1467 3893 proferret
1507 3840 1835 3890 sermones,
1888 3840 2042 3897 quos
2097 3830 2153 3879 et

495 3912 569 3968 de
602 3910 875 3984 paradiso
904 3910 1047 3966 etde
1078 3911 1366 3981 ejectione
1403 3928 1413 3967 :
1449 3918 1503 3967 et
1541 3913 1712 3984 cujus
1730 3914 1923 3980 gratia
1955 3912 2150 3985 inqui-

493 4006 582 4057 ret
601 4007 658 4058 et
680 4000 948 4070 litigabit,
974 4015 1208 4055 coronae
1234 3999 1635 4072 plectebantur
1660 4006 1715 4056 et
1748 4002 2147 4072 parabantur:

495 4091 543 4146 si
584 4106 719 4147 vero
751 4090 862 4146 hoc
892 4089 1165 4145 nondum
1203 4089 1539 4161 paradisus,
1573 4095 1629 4145 et
1658 4090 1848 4145 Adam
1874 4094 1930 4147 et
1959 4096 2149 4146 exter-

493 4178 751 4236 minium
786 4178 1075 4235 rationem
1118 4176 1391 4246 exigitur.
1424 4179 1537 4234 Sed
1575 4179 1643 4233 de
1684 4179 1965 4235 omnibus
2004 4195 2151 4250 quo-

493 4284 628 4325 rum
656 4272 1013 4341 proventum
1040 4266 1304 4336 benigna
1334 4272 1388 4321 et
1414 4268 1660 4323 creatrix
1676 4266 1915 4323 bonitas
1947 4267 2152 4337 elegis-

494 4357 952 4429 setpromittere,
972 4354 1203 4419 iisdem,
1222 4354 1333 4411 etsi
1351 4372 1468 4411 non
1487 4355 1897 4428 fateanturqui
1913 4356 2150 4412 illorum

492 4447 784 4503 rationem
810 4446 1071 4517 exigunt,
1114 4444 1472 4515 subjicerent
1510 4444 1942 4516 quaestionibus
1982 4446 2151 4501 Crea-

2338 3213 2473 3283 Πρὸς
2528 3213 2732 3273 τούτοις
2788 3205 2847 3262 δὲ
2886 3207 3026 3282 μηδὲ
3074 3216 3223 3261 τοῦτο
3277 3206 3563 3279 παροπτέον
3594 3192 3803 3283 ’ἰδιιῖόν

2262 3281 2439 3371 ’Λδάμ
2485 3299 2719 3374 πράξεώς
2769 3281 2907 3362 τινος
2950 3303 3039 3351 καὶ
3096 3298 3357 3369 ἐνεργείας
3414 3298 3498 3346 τὸν
3555 3281 3802 3374 πρωτόπλοιο

2265 3408 2381 3441 στον
2441 3369 2551 3460 οὐχ
2608 3388 2925 3463 ὑϐριζούσης
2970 3387 3256 3459 ἐπιμέλειαν
3315 3387 3477 3456 ἔχειν,
3523 3381 3599 3431 ἶνα
3638 3379 3695 3447 μή
3734 3369 3805 3444 ἁρ-

2260 3482 2352 3549 γὸν
2382 3482 2455 3537 εἰη
2507 3484 2595 3531 καὶ
2640 3475 2950 3535 ἀδιανόητον
2990 3481 3047 3529 τὸ
3093 3476 3303 3547 λογικὸν
3332 3475 3462 3535 ζῶον
3502 3472 3526 3521 ὀ
3568 3468 3801 3537 ἄνθρωπος.

2260 3570 2463 3626 Ταύτην
2513 3563 2571 3619 δὲ
2601 3570 2938 3641 κατορθοῦντι
2989 3567 3267 3637 στεφάνους
3328 3567 3418 3614 καὶ
3473 3556 3637 3621 δόξαν,
3675 3566 3804 3602 κατα-

2260 3655 2494 3728 μελοῡντι
2538 3652 2596 3708 δι
2635 3662 2887 3729 τιμωρίαν
2935 3660 3024 3707 καὶ
3073 3650 3291 3715 ἀδοξίαν
3344 3650 3594 3704 ἔπεσθαι·
3623 3641 3807 3718 fartim?“

2263 3742 2321 3797 δε
2372 3748 2499 3819 πρὸς
2539 3749 2596 3797 τὸ
2626 3746 2819 3819 ῥᾷστον
2867 3747 2896 3803 ἡ
2949 3743 3166 3805 κόλασις
3211 3740 3562 3799 ἠκολούθησεν
3601 3752 3613 3766 ο
3660 3729 3804 3782 ούκοῡν

2260 3838 2380 3895 τούς
2426 3834 2615 3895 αύτούς
2671 3834 2730 3885 ἂν
2787 3854 2864 3896 τις
2922 3831 3260 3908 προϐάλλοιτο
3341 3830 3546 3901 λόγους,
3601 3824 3677 3882 ὂυς
3740 3819 3806 3866 καί

2259 3930 2498 3997 περὶτοῦ
2551 3919 2876 3997 παραδείσου
2926 3907 3014 3974 καὶ
3062 3927 3178 3993 περὶ
3225 3928 3319 3981 τῆς
3374 3912 3718 3975 ἒκϐολῆς’καὶ
3750 3907 3803 3997 fit

2259 3996 2343 4073 νος
2386 4016 2547 4086 χάριν
2600 3996 2911 4073 ἐπιζητήσει
2966 4016 3055 4063 καὶ
3112 4014 3508 4081 ζυγομαχήσει,
3539 4006 3584 4056 οἱ
3614 3996 3805 4086 στέγαῆοί

2261 4102 2528 4155 ἑπλέκοντό
2577 4121 2629 4154 τε
2675 4106 2765 4154 καὶ
2804 4101 3172 4173 ηὐτρεπίζοντο
3208 4117 3219 4129 ’
3254 4098 3298 4150 εἰ
3340 4093 3401 4149 δε
3460 4102 3603 4148 τοῦτο
3653 4087 3729 4140 ούκ
3752 4084 3808 4133 ἔτι

2260 4188 2603 4265 παράδεισος,
2652 4196 2741 4243 καὶ
2784 4186 2965 4262 Ἀδάμ
3023 4194 3112 4240 καὶ
3173 4189 3430 4260 ύπερορία
3493 4182 3806 4265 λογοθετιίτσιι,⁸

2263 4260 2418 4334 Ἀλλὰ
2478 4283 2613 4333 κατὰ
2671 4282 2863 4340 παντὸς
2928 4260 3092 4352 οὗπερ
3156 4275 3215 4328 ἃν
3283 4279 3379 4333 τὴν
3446 4270 3733 4352 προαγωγὴν
3785 4260 3804 4313 ἦ

2266 4369 2616 4441 φιλάνθρωπος
2684 4373 2773 4420 καὶ
2839 4350 3193 4439 δημιουργικῆ
3265 4363 3535 4435 ἀγαθότης
3596 4350 3809 4441 προείλετο

2262 4460 2689 4523 ύποστόσασθαι,
2744 4464 2857 4518 ταῖς
2921 4456 3099 4515 αύταίς
3155 4452 3249 4505 κᾶν
3300 4458 3373 4525 μὴ
3444 4449 3735 4524 ὁμολογῶσιν
3776 4456 3810 4487 οι

494 4536 636 4593 toris
668 4552 790 4592 non
822 4535 1077 4591 contenti
1120 4533 1434 4607 sapientia.
1462 4536 1757 4605 Inspicere
1785 4539 1987 4590 autem
2018 4534 2049 4590 li

2264 4545 2429 4599 έκείνα
2499 4546 2906 4619 λογοθετοῦντες,
2990 4542 3272 4596 ὑπέϐαλλον
3342 4541 3405 4593 ἂν
3492 4538 3808 4609 πολυπραγμα-

495 4625 725 4681 etistud
756 4642 769 4680 :
804 4626 1073 4690 Quanam
1090 4630 1243 4680 certe
1257 4624 1445 4681 Adam
1478 4626 1849 4694 cognovisset
1866 4629 1999 4695 post
2021 4640 2152 4696 pec-

494 4718 697 4770 catum
752 4728 933 4769 sensu
972 4714 1225 4769 discreta
1257 4712 1525 4769 fruitione
1557 4729 1617 4769 se
1654 4714 1977 4785 privatum,
2033 4729 2150 4768 non

493 4800 759 4874 paradisi
790 4802 1234 4858 conversatione
1266 4802 1510 4859 extorris
1538 4802 1726 4858 factus
1758 4800 1786 4856 ?
1809 4801 1924 4858 hac
1954 4808 2149 4858 autem

494 4890 797 4961 agnitione
835 4890 1202 4956 destitutum,
1272 4892 1582 4964 quomodo
1641 4907 1777 4947 eum
1822 4891 2149 4947 tenuissent

494 4995 784 5036 mmrores
815 4995 885 5035 ac
915 4978 1150 5035 dolores
1182 4980 1209 5035 ?
1240 4980 1908 5050 nullaautemtangente
1939 4986 1996 5037 et
2025 4996 2146 5052 pre-

493 5073 692 5127 mente
714 5085 917 5124 earum
936 5085 1130 5125 rerum
1149 5085 1282 5142 quae
1317 5070 1653 5126 mmstitiam
1669 5069 1941 5140 aﬂ'erunt,
1968 5070 2149 5125 unde-

493 5173 637 5216 nam
664 5158 1040 5228 cognovisset
1070 5159 1549 5229 magnitudinem
1572 5160 1816 5216 delicti?
1841 5159 2147 5231 quomodo

492 5264 636 5305 vero
667 5248 961 5321 pmnitens
988 5247 1177 5303 factus
1208 5254 1359 5303 esset
1397 5253 1452 5305 et
1491 5248 1759 5305 divinam
1792 5247 2150 5305 benevolen-

492 5324 639 5395 tiam
672 5337 1022 5411 deprecatus
1057 5342 1232 5405 esset,
1275 5341 1335 5392 ut
1366 5352 1439 5393 ne
1493 5338 1662 5395 venia
1701 5343 1757 5395 et
1794 5338 2147 5395 remissione

492 5428 745 5488 omnino
775 5432 832 5485 et
855 5427 915 5485 in
937 5442 1133 5483 avum
1154 5425 1568 5483 destitueretur
1586 5426 1615 5483 7

2264 4639 2444 4698 σύναις
2485 4644 2545 4708 τῇ
2598 4644 2688 4687 τού
2748 4631 3242 4707 δημιουργήσαντος
3298 4636 3369 4703 μὴ
3429 4628 3811 4708 πναρεσκὸμενξί

2264 4731 2439 4798 σοφίᾳ.
2470 4725 2799 4779 Ἐπισκοπεῐν
2833 4720 2882 4775 δ’
2915 4722 3082 4785 ἔξεστι
3133 4726 3223 4773 καὶ
3260 4728 3435 4773 τοῦτο.
3484 4725 3628 4775 Τινος
3659 4712 3741 4783 γὰρ
3767 4724 3811 4753 αν

2260 4816 2285 4866 ὁ
2313 4811 2487 4887 Ἀδὰμ
2536 4817 2663 4885 ἔγνω
2705 4816 2835 4886 μετά
2879 4817 2971 4870 τῆν
3024 4810 3281 4884 ἁμαρτίαν
3334 4809 3583 4865 αἰσθήσει
3618 4798 3813 4887 κρινομέ-

2258 4923 2345 4965 νης
2374 4903 2726 4968 ἀπολαύσεως,
2778 4900 3130 4977 ἑστερημένος,
3189 4904 3261 4972 μὴ
3320 4906 3421 4959 τῆς
3472 4902 3561 4947 τοῦ
3606 4881 3813 4977 παραδεί-

2262 5013 2355 5047 σου
2399 4989 2666 5065 διαγωγῆς
2710 4975 2975 5066 ὑπερόριος
3022 4993 3358 5062 γεγενημένος
3390 5007 3404 5055 ;
3438 4988 3627 5041 ταύτην
3672 4975 3721 5030 δί
3743 4978 3814 5027 τὴν

2260 5082 2537 5154 ἐπίγνωσιν
2587 5081 2939 5155 ἐστερημένος,
2975 5088 3078 5139 πῶς
3116 5077 3175 5129 ἂν
3208 5081 3365 5130 αύτὸν
3409 5078 3662 5144 συνέσχον
3688 5067 3815 5118 λύπαι

2257 5177 2347 5225 καὶ
2372 5167 2557 5223 ὀδύναι
2597 5190 2609 5235 ;
2640 5167 2867 5243 μηδενός
2906 5164 2963 5221 δι
2988 5167 3295 5229 πληττοντος
3349 5170 3441 5218 καὶ
3501 5156 3817 5217 συνθλίϐοντος

2256 5268 2354 5315 τῶν
2404 5258 2862 5325 παραλυπούντων,
2895 5258 3048 5310 πόθεν
3087 5255 3146 5307 ἂν
3178 5254 3372 5327 ἐπέγνω
3400 5258 3459 5307 τὸ
3508 5250 3706 5325 μέγεθος
3747 5246 3815 5292 τοῦ

2261 5350 2645 5426 ἁμαρτηθέντος
2677 5365 2691 5416 ;
2724 5356 2833 5408 πῶς
2860 5343 2911 5400 δ’
2949 5345 3009 5398 ἆν
3046 5355 3138 5407 τῆς
3177 5348 3454 5418 μετανοίας
3505 5340 3706 5413 ἐγένετο,
3751 5332 3818 5433 uti

2260 5443 2354 5500 τὴν
2386 5441 2525 5493 θείαν
2556 5438 2813 5513 εὐμένειαν
2840 5432 3206 5504 ἐδυσώπησεν,
3237 5435 3374 5487 ὥστε
3403 5436 3477 5507 μή
3509 5440 3602 5490 τῆς
3629 5438 3819 5495 συΊἹνθ·

2256 5548 2359 5603 μης
2385 5529 2526 5601 αὐτῷ
2542 5532 2631 5582 καὶ
2651 5535 2747 5591 τῆς
2772 5526 2997 5601 ἀφέσεως
3022 5524 3092 5587 εἰς
3111 5526 3169 5578 τό
3200 5521 3445 5585 παντελὶς
3467 5524 3557 5575 καὶ
3578 5514 3650 5571 δι’
3673 5519 3819 5568 αιῶνος

2256 5619 2685 5696 ἀποστερηθῆναι
2717 5633 2733 5687 ;
