4140 6198
233 254 342 318 383

1298 264 1395 323 AD
1435 248 1980 324 AMPHILOCHIUM
2021 262 2342 336 QUASSTIO
2382 264 2499 325 LII.

3505 273 3609 336 386

308 390 372 443 Εἰ
432 387 491 443 δὲ
544 394 636 443 καὶ
681 394 831 444 τοῦτό
882 410 959 452 τις
1007 389 1413 465 ἐπιλογίσασθαι
1470 392 1731 465 βούλοιτο,
1783 395 1852 455 ὡς

2040 394 2097 450 Si
2125 399 2328 452 autem
2367 398 2424 452 et
2465 394 2627 452 istud
2655 394 2790 468 quis
2829 395 3090 466 cogitare
3117 396 3278 467 velit,
3310 398 3387 454 ab
3422 414 3489 456 eo
3519 400 3613 455 id-

237 475 337 530 διὰ
380 487 536 531 τοῦτο
579 482 665 532 τόν
714 476 1040 555 παράδεισον
1087 482 1371 547 ὑπέστησε,
1415 487 1601 556 καίπερ
1650 481 1851 555 μελλον-

236 587 323 629 τος
376 576 471 621 τοῦ
526 565 705 641 Ἀδὰμ
760 575 850 622 xui
908 570 1219 645 ἁμαρτάνειν
1280 576 1369 623 καὶ
1428 570 1482 634 ἐξ
1537 571 1693 625 αὐτοῦ
1751 570 1854 623 ἁτ-

239 657 575 725 ε).αύνεσθαι,
611 662 693 711 ἱνα
726 663 798 732 μὴ
838 656 965 734 δόξῃ
1010 663 1196 719 θνητόν
1235 660 1322 713 ἀπ’
1354 659 1526 735 ἀρχῆς
1554 660 1854 734 πλαστουρ-

238 756 419 818 γῆσαι
460 751 549 800 τόν
593 750 884 823 ἄνθρωπον,
918 746 1211 808 ἐπιτήδειον
1250 753 1381 825 πρὸς
1421 750 1706 803 ἀθανασίαν
1741 771 1854 823 χω-

240 841 379 909 ρίον,
431 840 523 888 xui
573 835 742 898 λύπης
794 842 881 890 καὶ
925 842 1096 891 κόπων
1135 843 1225 891 καὶ
1274 836 1508 891 ἀκανθῶν
1554 843 1644 891 καὶ
1690 834 1852 913 ἱδρῶσι

244 946 351 978 των
423 925 700 1003 ἐλεύθερον,
776 924 1019 1000 μηδόλως
1075 929 1525 1001 ὑποστησάμενος,
1599 926 1707 980 ἀλλ’
1770 928 1853 979 ἵνα

245 1018 417 1068 πάντα
485 1021 576 1068 καὶ
636 1019 704 1070 τὰ
774 1021 1103 1091 πραττόμενα
1173 1022 1255 1071 xui
1322 1022 1387 1071 τὰ
1452 1018 1854 1092 οἰκονομούμενοι

248 1101 399 1178 δείξῄ
462 1110 724 1182 πρέποντα
785 1107 923 1179 αὐτῷ
971 1113 1063 1160 καὶ
1110 1117 1206 1171 τῆς
1254 1106 1551 1183 ἀπορρήτου
1607 1112 1853 1182 προνοίας

244 1201 343 1253 τὴν
390 1201 576 1268 σοφίαν
610 1195 1032 1271 ἀνακηρύττοντα
1061 1214 1073 1227 ⁶
1107 1202 1195 1249 καὶ
1238 1203 1340 1271 μὴν
1371 1203 1459 1250 xui
1505 1194 1576 1250 δι’
1604 1197 1708 1258 ἐνὸς
1756 1204 1853 1250 τῶν

243 1285 441 1337 ὑλικῶν
486 1288 790 1358 κτισμάτων
837 1289 970 1361 ξογῳ
1012 1283 1385 1362 προδιατυπῶν
1433 1305 1486 1338 τε
1532 1291 1621 1339 καὶ
1658 1305 1855 1361 προαγ-

240 1374 437 1447 γέλλων
471 1377 540 1436 ὡς
580 1376 764 1428 ἅπασα
808 1377 837 1434 ἡ
873 1381 1042 1438 κτίσις
1089 1380 1224 1429 κατά
1263 1381 1356 1435 τήν
1406 1372 1649 1449 δευτέραν
1694 1376 1854 1429 αὐτοῦ

241 1470 337 1515 xui
370 1468 590 1538 ᾳρικτήν
639 1470 935 1540 παρουσίαν
985 1466 1054 1527 εἰς
1106 1464 1294 1539 ἀμείνω
1339 1464 1639 1538 μεταλλάξει
1682 1464 1851 1533 λῆξιν,

242 1550 401 1605 οὐδὲν
450 1562 548 1615 τῆς
598 1554 773 1606 ὲνύλου
828 1552 1312 1617 ἀνεπιτηδειότητος
1360 1553 1742 1627 ἐναντιουμένης
1782 1563 1853 1626 τῷ

244 1639 619 1716 δημιουργικῷ
649 1648 739 1695 καὶ
789 1646 908 1716 θείῳ
948 1642 1247 1717 βουλήματι
1277 1662 1288 1673 ·
1330 1649 1419 1697 καὶ
1468 1648 1569 1719 γὰρ
1620 1648 1749 1718 πρὸς
1794 1647 1854 1696 τό

1963 483 2121 541 circo
2147 483 2494 555 paradisum
2529 485 2915 542 constitutum
2942 501 3069 542 esse
3097 486 3233 544 licet
3261 491 3317 543 et
3337 492 3613 561 peccatu-

1961 587 2065 629 rus
2094 572 2286 629 Adam
2326 577 2382 630 et
2419 590 2489 629 ex
2532 590 2602 631 eo
2641 573 2947 647 pellendus
2992 580 3169 644 esset,
3209 591 3284 633 ne
3313 576 3613 633 videretur

1961 661 2273 718 mortalem
2297 679 2332 720 a
2356 662 2650 736 principio
2671 663 2917 719 ﬁnxisse
2942 664 3271 737 hominem,
3294 671 3501 738 aptum
3533 666 3613 723 ad

1961 749 2469 808 immortalitatem
2508 752 2727 822 locum,
2764 757 2822 810 et
2853 755 3126 811 maeroris
3151 772 3216 811 ac
3255 754 3532 812 laborum
3558 762 3613 811 et

1962 840 2271 912 spinarum
2302 845 2355 898 et
2387 841 2671 899 sudorum
2701 842 3055 910 immunem,
3084 843 3247 900 nullo
3272 845 3456 901 modo
3486 843 3611 917 pol-

1960 927 2172 996 licitus,
2203 932 2308 986 sed
2335 936 2398 987 ut
2423 935 2637 988 cuncta
2661 936 2716 989 et
2770 932 2923 989 facta
2960 937 3015 989 et
3053 933 3390 1006 gubernata
3420 938 3613 991 osten-

1962 1018 2128 1075 deret
2154 1020 2571 1077 convenientia
2607 1022 2720 1094 ipsi
2771 1027 2826 1077 et
2856 1022 3172 1079 ineﬂ‘abilis
3224 1022 3612 1096 providentiae

1964 1107 2319 1180 sapientiam
2336 1109 2721 1181 praedicantia
2745 1126 2758 1167 :
2782 1116 2840 1168 et
2863 1127 2998 1167 vero
3015 1127 3121 1184 per
3133 1128 3317 1169 unam
3342 1113 3611 1170 materia-

1963 1197 2108 1254 lium
2122 1202 2527 1255 creaturarum
2548 1199 2704 1257 facto
2717 1201 3109 1273 prmﬁgurans
3122 1206 3179 1258 et
3198 1203 3611 1275 praenuntians

1965 1292 2149 1344 totam
2167 1288 2524 1345 creationem
2553 1289 2631 1347 ad
2649 1289 2977 1347 secundam
2995 1291 3125 1362 ejus
3154 1296 3211 1348 et
3235 1292 3611 1349 tremendam

1964 1377 2341 1449 praesentiam
2394 1378 2451 1434 in
2497 1377 2802 1435 meliorem
2852 1395 2916 1436 se
2955 1384 3325 1437 mutaturum
3369 1386 3608 1448 sortem,

1964 1465 2109 1522 nihil
2167 1466 2457 1523 materiali
2499 1468 2890 1540 ineptitudine
2941 1468 3216 1527 obstante
3263 1470 3534 1527 creatrici
3558 1475 3617 1528 et

1964 1554 2182 1611 divinae
2209 1557 2500 1614 voluntati
2541 1576 2555 1617 :
2589 1558 2809 1615 etenim
2839 1558 2901 1614 in
2934 1559 3145 1615 melius
3191 1560 3612 1616 renovandum

1965 1658 2096 1700 esse
2149 1645 2368 1701 caelum
2419 1651 2476 1702 et
2506 1650 2721 1703 terram
2781 1647 3136 1720 coryphaeus
3185 1648 3613 1721 discipulorum

244 1740 485 1805 κρεῖττον
550 1732 1090 1792 ὼακαινισθήσεσθαι
1132 1737 1219 1785 τόν
1267 1733 1480 1808 οὐρανόν
1533 1740 1621 1787 xui
1676 1741 1775 1806 γῆν
1828 1734 1854 1785 ὁ

1975 1747 2077 1789 nos
2125 1732 2346 1801 docuit,
2402 1736 2671 1805 magistri
2725 1737 3125 1808 promissione
3165 1738 3472 1794 veritatem
3513 1738 3616 1794 do-

245 1828 536 1895 κορνςραίος
572 1832 671 1875 τῶν
712 1825 960 1895 μαθητῶν
1004 1826 1139 1895 ἡμᾶς
1183 1819 1470 1892 ἐξεδίδαξε,
1520 1831 1581 1896 τῇ
1625 1831 1715 1876 τοῦ
1768 1820 1856 1876 dt-

252 1907 531 1963 δασκάλου
578 1910 859 1984 ἐπαγγελία
902 1916 961 1964 τό
1011 1909 1235 1984 ἀψευδὲς
1282 1908 1637 1975 διδασκαλίας
1681 1909 1855 1965 διαϐε-

247 2000 558 2073 ϐαιούμῦος
591 2019 602 2030 ·
638 1997 761 2053 οὐδὲ
803 2008 969 2054 ταῦτα
1007 2001 1067 2052 ἂν
1126 2004 1200 2059 εἴη
1257 2008 1423 2054 ταῦτα
1470 2001 1642 2077 πόρρω
1687 2004 1854 2074 θεοφιο

247 2090 371 2151 λοῦς
411 2088 740 2160 ὑπολήψεως.
784 2088 984 2151 Ἀλλως
1025 2109 1078 2143 τε
1114 2086 1173 2143 δὲ
1203 2087 1327 2144 οὐδὲ
1363 2094 1420 2143 τό
1446 2090 1722 2143 κάλλιστον
1749 2086 1856 2143 ἔδει

246 2187 351 2230 τῶν
382 2178 624 2250 ἐπιγείων
665 2180 826 2253 ξογων
869 2181 1072 2232 πάντων
1116 2182 1340 2252 ἔσχατον
1372 2176 1854 2254 δημιουργηθῆναι,

245 2267 378 2319 ἀλλὰ
408 2273 499 2319 καὶ
530 2269 654 2320 αὐτό
698 2268 814 2320 κατ’
858 2268 1032 2343 ἀρχὰς
1079 2277 1139 2342 τῇ
1187 2268 1466 2344 όλοκληρίᾳ
1511 2277 1605 2332 τῆς
1643 2273 1858 2330 κτίσεως

247 2356 755 2429 συγκαταϐληθῆναι
790 2374 803 2388 ⁸
836 2362 893 2411 τό
933 2361 1022 2429 μὲν
1052 2362 1152 2433 γὰρ
1195 2359 1266 2420 εἰς
1298 2356 1651 2432 δημιουργίαι
1679 2356 1857 2433 προελ-

248 2447 378 2518 θεῖν,
412 2446 694 2519 αναγκαῖον
725 2447 809 2513 ἧν,
860 2445 1063 2519 ἐπείπερ
1113 2444 1220 2500 ἔδει
1263 2456 1372 2509 τοῖς
1416 2451 1552 2500 κατά
1596 2444 1856 2519 δαιμόνων

243 2540 338 2587 xui
394 2538 575 2588 παθῶν
619 2534 968 2609 ἀριστεύσασι
1017 2532 1226 2588 δίαιταν
1278 2541 1367 2589 xui
1420 2536 1607 2612 κλῆρον
1667 2535 1859 2609 ἐξαίρεε

247 2643 340 2677 τον
383 2624 775 2697 ἇπονεμηθῆναι
810 2644 822 2657 ·
864 2628 920 2677 τό
966 2621 1025 2678 δὲ
1074 2627 1205 2678 θεῖον
1251 2628 1422 2679 εἴωθεν
1466 2624 1543 2679 ἀεὶ
1590 2628 1681 2688 τὰς
1720 2624 1859 2677 ἀντι-

246 2717 480 2792 μισθίας
531 2717 874 2789 προτίθεσθαι
935 2720 1024 2768 καὶ
1074 2714 1513 2790 προκαταϐάλλειν
1560 2734 1574 2749 ο
1631 2737 1656 2767 «
1709 2721 1858 2768 Δεῦτε

243 2812 377 2882 γὰρ,
429 2810 612 2879 ῳησὶν,
660 2807 709 2857 οἱ
758 2804 1089 2878 εὐλογημένοι
1130 2813 1222 2858 τοῦ
1269 2810 1472 2879 Πατρός
1510 2824 1631 2877 μον,
1676 2804 1860 2877 κληρο-

248 2903 521 2970 νομήσατε
568 2899 664 2953 τὴν
701 2896 1092 2967 ἡτοιμασμένην
1136 2896 1258 2967 ὑμῖν
1303 2893 1574 2967 βασιλείαν
1616 2892 1715 2946 ἀπὸ
1762 2913 1859 2945 xu-

252 2985 489 3047 ταϐολῆς
525 2988 749 3057 κόσμου.
791 3004 820 3037 »
864 2984 1064 3037 Οὐκοῦν
1113 2980 1220 3036 ἔδει
1260 2987 1468 3037 καὶτὸν
1514 2981 1858 3058 παράδεισον,

1964 1823 2165 1878 ctrinze
2194 1824 2444 1880 ﬁrmans
2479 1839 2491 1880 :
2534 1840 2729 1897 neque
2754 1826 2880 1882 haec
2911 1830 3105 1882 essent
3125 1826 3333 1899 procul
3363 1843 3399 1882 a
3430 1828 3615 1882 Deum

1964 1917 2204 1968 amante
2244 1928 2441 1968 sensu.
2496 1913 2672 1969 Aliter
2721 1929 2859 1970 vero
2898 1930 3092 1987 neque
3144 1914 3617 1986 pulcherrimum

1963 2000 2280 2073 oportebat
2316 2006 2685 2058 terrenorum
2730 2018 2979 2075 operum
3017 2004 3290 2060 omnium
3337 2003 3615 2060 ultimum

1965 2089 2172 2160 creari,
2207 2091 2308 2147 sed
2334 2096 2391 2147 et
2427 2091 2619 2162 ipsum
2673 2107 2709 2148 a
2739 2092 3033 2165 principio
3063 2109 3199 2148 cum
3232 2093 3613 2150 universitate

1965 2180 2279 2237 creationis
2311 2181 2487 2237 simul
2517 2180 2692 2253 dejici
2722 2200 2735 2235 :
2760 2182 2978 2238 etenim
3004 2183 3066 2238 in
3095 2182 3459 2240 creationem
3481 2198 3617 2255 pro-

1967 2270 2150 2339 gredi,
2172 2284 2415 2326 necesse
2436 2274 2580 2334 erat,
2606 2270 2749 2343 quia
2768 2270 3616 2342 oportebatcontradaamoues

1967 2365 2023 2415 et
2049 2359 2360 2432 passiones
2375 2358 2619 2415 feliciter
2656 2360 2994 2429 congressis
3019 2360 3537 2418 conversationem
3562 2364 3619 2416 et

1968 2453 2186 2504 sortem
2212 2449 2460 2505 electam
2477 2448 2750 2505 distribui
2773 2466 2787 2505 :
2808 2448 3079 2506 divinum
3104 2454 3304 2507 autem
3332 2446 3611 2523 [Numen]

1968 2536 2116 2593 solet
2140 2553 2376 2610 semper
2403 2537 2823 2595 retributiones
2843 2553 3179 2612 proponere
3210 2542 3266 2595 et
3287 2537 3575 2610 projicere
3602 2552 3616 2594 :

1971 2647 1999 2679 «
2026 2627 2225 2683 Venite
2252 2628 2431 2695 enim,
2456 2627 2536 2684 ait
2565 2628 2933 2701 [Scriptura],
2959 2627 3256 2685 benedicti
3272 2625 3457 2685 Patris
3478 2627 3616 2694 mei,

1968 2713 2306 2772 hasreditate
2327 2715 2622 2788 possidete
2642 2721 2921 2789 paratum
2943 2716 3115 2773 vobis
3142 2730 3397 2787 regnum
3424 2732 3460 2773 a
3480 2730 3622 2773 con-

1970 2804 2268 2861 stitutione
2295 2805 2507 2861 mundi
2529 2808 2575 2842 ⁸⁸
2601 2821 2614 2861 :
2653 2825 2682 2858 »
2706 2805 2884 2876 igitur
2902 2806 3217 2878 oportebat
3245 2821 3487 2879 quoque
3516 2821 3622 2879 pa-

1967 2893 2258 2959 radisum,
2279 2894 2402 2950 sive
2437 2894 2603 2950 citius
2634 2899 3027 2967 protoparens
3071 2899 3273 2951 noster
3293 2894 3621 2966 ejiciendus

1971 2986 2121 3039 esset
2146 2998 2329 3049 exeo,
2364 2982 2486 3039 sive
2529 2997 2670 3049 non,
2702 2983 2954 3055 proponi
2985 2982 3227 3054 quidem
3265 2982 3622 3039 luctantibus

251 3077 358 3128 εἴτε
407 3075 596 3127 θᾶττον
649 3072 845 3147 ἔμελλεν
903 3075 928 3125 ό
996 3075 1270 3147 προπάτωρ
1323 3072 1467 3146 ἡμῶν
1525 3070 1863 3125 ἐκϐάλλεσθαι

1975 3076 2029 3129 et
2056 3070 2480 3128 luctaminibus
2522 3087 2784 3145 quorum
2833 3074 2888 3127 et
2925 3071 3241 3143 praemium
3272 3071 3464 3127 visum
3509 3074 3617 3139 est,

254 3164 441 3229 αὐτοῦ,
486 3165 586 3216 εἴτε
618 3167 715 3236 μὴ,
761 3162 1257 3238 προκαταθηθῆναι
1296 3164 1385 3234 μὲν
1424 3170 1521 3215 τῶν
1565 3160 1862 3234 ἀγωνιστῶν

254 3259 349 3307 xui
390 3262 489 3305 τῶν
544 3249 923 3325 ἀγωνισμάτων
966 3251 1034 3303 ὧν
1078 3256 1163 3304 xui
1197 3250 1413 3305 ἔπαθλον
1461 3254 1628 3324 ὤφθη,
1664 3271 1861 3323 συγκα-

252 3342 585 3402 ταϐληθῆναι
635 3338 694 3395 δὲ
738 3349 800 3414 τῇ
848 3346 1206 3414 κοσμογενείᾳ,
1241 3341 1323 3393 ἱνα
1350 3345 1422 3414 μὴ
1460 3343 1682 3414 νομισθῇ
1716 3342 1863 3416 ἔργον

251 3431 659 3508 ὑστεροϐονλίας
720 3437 812 3485 καὶ
871 3431 1203 3506 μεταμελείας
1254 3434 1536 3503 γεγονέναι,
1592 3429 1720 3483 ἀλλὰ
1770 3440 1865 3492 τῆς

250 3522 346 3577 ἀπ’
393 3522 573 3597 ἀρχῆς
616 3523 787 3575 πάντα
834 3530 1004 3594 σοφῶς
1060 3523 1491 3595 ἑποστησαμένης
1538 3524 1759 3596 κρίσεώς
1811 3538 1865 3573 τε

248 3619 343 3667 καὶ
375 3612 718 3685 ἁγαθότητος.

822 3723 1135 3773 ΕΡΩΤΗΣΙΣ
1178 3715 1301 3776 NB’.

249 3834 359 3884 Τοῦ
409 3829 691 3902 θεσπεσίου
744 3826 949 3902 [Iudicia
985 3834 1366 3902 Διιι-αροιινονντος

328 3903 355 3953 ό
400 3898 595 3974 ἐχθρός
663 3918 777 3967 σου,
825 3898 1034 3972 ψώμιζε
1069 3894 1233 3950 ἀὐτόν
1275 3918 1290 3932 ·
1340 3897 1423 3950 ἐὰν
1481 3894 1637 3968 διψᾷ,
1684 3894 1865 3958 πότιζε

327 3970 543 4026 αὐτόν’
596 3978 751 4023 τοῦτο
806 3970 921 4044 γὰρ
952 3978 1111 4022 ποιῶν
1159 3970 1422 4044 ἄνθρακας
1465 3972 1624 4043 πυρός
1674 3972 1862 4043 σωρεύ-

332 4062 443 4105 σεις
487 4042 572 4095 ἐπὶ
623 4047 718 4100 τήν
762 4039 986 4114 κεφαλὴν
1028 4041 1184 4094 αὐτοῦ
1220 4058 1231 4070 ο
1257 4039 1294 4091 ’››
1328 4049 1439 4114 τιῶς
1484 4039 1861 4114 νοὴσομενλτό,

330 4137 391 4189 «μ
428 4114 729 4188 Ἀνθρακας
786 4112 950 4187 πυρός
1007 4117 1286 4189 σωρεύσεις
1351 4112 1437 4165 ἐπὶ
1492 4116 1586 4170 τὴν
1642 4112 1864 4184 κεφαλὴν

328 4186 493 4240 αὐτοῦ
525 4202 542 4253 ;
560 4186 601 4239 ὅ)

1418 3844 1430 3859 ·
1476 3844 1508 3897 (ι
1538 3824 1654 3879 Ἐὰν
1693 3832 1861 3897 πεινᾷ,

1973 3161 2250 3218 constitui
2280 3176 2411 3217 vere
2442 3177 2561 3217 una
2591 3177 2730 3217 cum
2762 3160 2971 3216 mundi
3004 3160 3254 3231 origine,
3283 3176 3357 3216 ne
3386 3163 3623 3232 reputa-

1973 3256 2132 3307 retur
2156 3266 2311 3322 opus
2338 3248 2631 3322 sequioris
2663 3248 2897 3306 consilii
2939 3254 2996 3305 et
3024 3249 3380 3321 paenitentiae
3412 3249 3618 3316 fuisse,

1974 3339 2078 3396 sed
2105 3355 2141 3396 a
2171 3338 2463 3413 principio
2493 3343 2708 3396 cuncta
2747 3337 3046 3411 sapienter
3071 3337 3485 3394 constituentis
3531 3336 3623 3409 ju-

1974 3429 2107 3487 dicii
2134 3433 2188 3485 et
2224 3427 2526 3486 bonitatis.

2426 3714 2748 3782 QUESTIO
2781 3712 2985 3787 ι,11[αι
3024 3706 3136 3787 LI].

1976 3823 2187 3881 Diuina
2204 3823 2393 3880 Paulo
2425 3822 2734 3880 hortante:
2755 3843 2782 3873 ‹‹
2815 3821 2884 3878 Si
2910 3821 3179 3879 esurieril
3201 3818 3476 3878 inimicus
3495 3826 3627 3876 tuus

2047 3895 2176 3952 ciba
2196 3896 2372 3952 illum
2409 3911 2421 3949 :
2455 3894 2502 3949 si
2528 3894 2674 3965 sitit,
2707 3899 2908 3963 potum
2944 3893 3022 3949 da
3062 3892 3158 3949 illi
3183 3891 3287 3948 hoc
3348 3893 3505 3965 enim
3530 3893 3629 3961 fa-

2047 3967 2224 4032 ciens,
2260 3966 2541 4045 c_ar_bon_e_s
2568 3965 2723 4035 ignis
2753 3979 3021 4045 congeras
3045 3978 3221 4045 super
3248 3964 3578 4045 caputejus
3609 3979 3624 4029 ;

2046 4037 2331 4110 quomodo
2352 4034 2734 4107 intelligemus
2751 4034 2930 4110 illud,
2954 4056 2982 4088 »
3010 4034 3287 4092 carbones
3315 4034 3471 4106 ignis
3498 4049 3630 4091 con-

2048 4108 2210 4180 geres
2235 4124 2404 4179 super
2446 4114 2620 4179 caput
2653 4110 2780 4178 ejus
2820 4108 2839 4162 Ι

1125 4306 1276 4359 Edita
1303 4322 1336 4359 a
1368 4308 1518 4366 Maio,
1550 4308 1585 4358 l.
1622 4322 1687 4365 c.,
1723 4322 1777 4372 p.
1806 4309 1965 4359 56-58.
2001 4304 2313 4373 Explanatio
2342 4304 2495 4357 Rom.
2527 4318 2617 4361 xu,
2653 4306 2732 4354 4ο.

329 4446 634 4521 Ἀνθρακας
678 4448 768 4519 μεν
822 4446 848 4498 ὁ
895 4452 989 4507 τῆς
1036 4453 1309 4517 αναγωγῆς
1355 4443 1525 4516 λόγος,
1580 4446 1699 4506 τους
1746 4443 1872 4497 ἁπο-

2053 4441 2348 4501 Carbones
2395 4439 2642 4513 quidem
2689 4436 2999 4508 anagogize
3051 4450 3269 4502 sermo,
3324 4431 3633 4506 apostolos

257 4541 470 4600 στόλους
527 4542 725 4612 Κυρίου
790 4540 880 4588 xui
931 4537 1200 4610 μάρτυρας
1248 4534 1515 4607 ὀνομάζει,
1575 4542 1667 4586 τοῦ
1733 4535 1870 4587 θείου

256 4627 505 4688 δηλονότι
552 4628 910 4700 καθαρτηρίον
963 4629 1053 4677 xui
1103 4631 1278 4676 πᾶσαν
1342 4627 1531 4676 κακίαν
1603 4622 1871 4695 φλέγοντός

256 4739 310 4772 τι
341 4724 432 4771 καὶ
469 4715 947 4777 καταναλίσκοντος
977 4716 1139 4785 πυρός
1171 4712 1481 4785 ἀναφθέντας
1515 4732 1526 4744 ·
1568 4734 1587 4761 ι
1626 4719 1737 4784 Πῦρ
1768 4714 1870 4786 γὰρ

258 4810 392 4869 Θεὸς
424 4810 596 4879 ἡμῶν,
637 4809 728 4857 xui
772 4811 877 4877 πῦρ
925 4802 1303 4855 καταναλίσκον
1334 4824 1356 4851 ι
1400 4806 1493 4860 τὴν
1544 4803 1868 4875 μοχθηρίαν.

257 4896 454 4951 Ψάλλει
514 4891 576 4947 δὲ
625 4898 715 4946 καὶ
766 4895 791 4945 ό
831 4889 1077 4965 Μελῳδός
1118 4909 1132 4923 ⁸
1177 4912 1206 4944 (ι
1243 4890 1529 4964 Ἀνθρακες
1573 4889 1873 4963 ἀνήφθησαν

259 4985 353 5039 ἀπ’
403 4984 590 5045 αὐτοῦ,
630 4982 897 5044 κλίναντος
940 4981 1187 5056 οὐρανοὺς
1229 4985 1315 5033 xui
1348 4979 1682 5046 καταϐάντος,
1719 5002 1740 5029 ι
1783 4984 1871 5033 xui

258 5077 352 5129 οἶα
388 5079 579 5147 γνόφον
617 5074 733 5125 τινα
772 5074 867 5134 τὰς
912 5070 1188 5147 ἀστραπὰς
1215 5077 1312 5131 τῆς
1344 5072 1579 5131 θεότητος
1607 5068 1876 5142 περιστέλ-

254 5165 458 5218 λουσαν
500 5167 599 5221 τήν
648 5164 899 5236 ἡμετέραν
936 5159 1368 5232 περιϐαλλομένου
1415 5160 1604 5233 σάρκα.
1652 5156 1873 5230 ’Ἃνθρα-

255 5275 360 5315 xu;
392 5252 454 5306 ὅτε
486 5254 639 5305 πάλιν
686 5250 832 5303 καλεί
876 5254 966 5302 καὶ
1010 5251 1103 5310 τὰς
1147 5248 1501 5321 φλογιζούσας
1553 5266 1607 5301 τε
1658 5252 1748 5299 xui
1780 5244 1874 5300 δα-

256 5349 510 5404 πανώσας
559 5340 870 5400 κολαστικὰς
917 5343 1008 5392 xui
1054 5341 1246 5411 πικρὰς
1295 5336 1579 5410 βασάνονς,
1639 5338 1775 5389 κατὰ
1815 5339 1874 5388 τό

257 5435 534 5508 εἰρημένον
583 5448 598 5461 ⁸
642 5449 671 5482 (ί
712 5433 789 5483 Τὰ
836 5427 961 5502 βελη
1017 5435 1110 5481 τοῦ
1159 5423 1384 5480 δυνατοῦ
1439 5427 1730 5499 ἠκονημένα
1781 5428 1874 5478 σὺν

341 5587 389 5623 ⁸⁸
428 5584 637 5643 Matth.
668 5599 798 5649 xvv,
830 5584 918 5639 34.
997 5583 1044 5618 ⁸⁸
1086 5583 1253 5638 Deut.
1288 5596 1359 5650 iv,
1391 5579 1480 5636 24.

555 5673 805 5730 PATROL.
854 5671 961 5730 Gn.
1004 5669 1091 5727 CI.

1559 5579 1607 5615 °°
1638 5576 1790 5636 Psal.
1818 5592 1961 5649 xvu,
1994 5580 2050 5635 9.

1980 4531 2215 4589 Domini
2248 4535 2303 4587 et
2335 4534 2632 4601 martyres
2653 4530 2843 4593 vocat,
2873 4525 3076 4582 divino
3112 4523 3385 4582 videlicet
3412 4537 3638 4596 purga-

1983 4621 2132 4679 torio
2146 4625 2201 4678 et
2217 4634 2460 4676 omnem
2476 4616 2765 4675 malitiam
2783 4615 3169 4673 comburente
3181 4618 3235 4671 et
3246 4617 3635 4671 consumente

1980 4712 2119 4782 igne
2151 4724 2436 4767 accensos
2478 4723 2490 4764 :
2528 4730 2556 4758 ‹‹
2584 4706 2737 4778 Ignis
2768 4706 2929 4762 enim
2962 4707 3116 4761 Deus
3140 4707 3362 4770 noster,
3394 4708 3451 4759 et
3476 4701 3634 4773 ignis

1983 4813 2343 4857 consumens
2374 4798 2420 4833 ⁸9
2456 4818 2480 4848 ν
2529 4795 2857 4868 nequitiam
2889 4818 2901 4851 :
2934 4792 3136 4867 psallit
3158 4797 3358 4851 autem
3387 4796 3443 4848 et
3475 4790 3638 4848 Psal-

1982 4895 2070 4947 tes
2107 4905 2120 4945 ε
2159 4909 2187 4940 ‹‹
2218 4887 2519 4945 Carbones
2568 4884 2840 4941 succensi
2883 4889 3020 4939 sunt
3056 4882 3134 4939 ab
3182 4897 3274 4943 eo.
3315 4881 3638 4938 inclinante

1983 4977 2163 5035 caelos
2175 4981 2232 5033 et
2246 4974 2648 5033 descendente
2664 4974 2713 5009 9°
2731 4992 2760 5025 »
2778 4972 3022 5029 etveluti
3045 4971 3318 5029 tenebras
3334 4968 3638 5043 quaedam

1983 5066 2279 5137 fulgorem
2298 5064 2541 5121 Deitatis
2557 5062 3063 5133 circumtegentem
3079 5063 3342 5117 nostram
3354 5058 3638 5116 induente

1984 5172 2245 5214 carnem.
2269 5153 2567 5211 Carbones
2593 5157 2795 5209 autem
2820 5167 3062 5208 rursum
3084 5154 3257 5207 vocat
3286 5154 3342 5206 et
3361 5148 3639 5207 ardentes

1984 5251 2041 5304 et
2066 5248 2484 5303 consumentes
2533 5242 2891 5314 castigantes
2939 5245 2996 5298 et
3020 5240 3269 5298 acerbos
3316 5238 3633 5305 cruciatus,

1979 5336 2148 5408 juxta
2193 5333 2420 5391 dictum
2453 5349 2466 5387 :
2502 5351 2530 5384 ι(
2563 5331 2801 5402 Sagittae
2833 5331 3083 5404 potentis
3120 5333 3305 5387 acutae
3348 5344 3485 5386 cum
3507 5342 3638 5383 car-

1982 5423 2243 5482 bonibus
2291 5419 2669 5479 desolatoriis
2720 5421 2789 5486 ⁹¹,
2833 5439 2860 5473 ››
2897 5420 2958 5477 id
2988 5423 3077 5476 est
3106 5416 3538 5492 dissipantibus
3580 5419 3638 5473 et

2134 5577 2178 5612 ⁹¹
2216 5574 2360 5632 Psal.
2390 5589 2544 5645 cxix,
2585 5575 2638 5630 4.
3284 5658 3355 5713 13
