4140 6198
533 197 640 272 387

537 432 778 482 nentem
807 427 1032 482 habent
1054 425 1174 480 vim
1211 441 1222 480 :
1250 430 1308 480 et
1333 426 1392 480 in
1421 425 1552 480 aliis
1583 425 1782 480 multis
1813 427 1903 479 est
1933 424 2186 494 reperire

537 515 771 570 ultrices
788 513 1030 570 virtutes
1059 519 1297 570 vocatas
1317 513 1630 569 carbones.
1655 512 1681 566 J
1694 518 1834 568 uxta
1851 511 2185 566 secundum

535 603 716 674 igitur
747 603 1152 672 significatum
1183 603 1472 658 carbones
1502 601 1859 672 castigantes
1894 601 2102 672 plagas
2132 603 2190 654 et

533 692 914 748 immissuras
935 697 1126 756 vocat,
1155 707 1191 748 a
1221 691 1585 748 carbonibus
1607 691 1710 762 qui
1738 689 2032 745 sensibilis
2052 693 2190 744 sunt

534 787 592 836 et
621 780 1022 838 consumentis
1045 781 1564 836 circumterrenam
1593 779 1902 834 materiam
1933 777 2190 832 ﬂamma:

533 870 1063 935 excandescentia,
1081 870 1445 925 transferens
1462 875 1516 924 et
1531 868 1915 922 transvehens
1935 866 2190 936 appella-

539 959 778 1014 tionem.
841 961 1114 1014 Hortatur
1159 958 1338 1026 igitur
1382 956 1734 1012 esurientem
1787 955 2030 1026 quidem
2083 953 2190 1008 ini-

534 1048 760 1102 micum
787 1047 1004 1111 cibare,
1035 1046 1325 1102 sitientem
1361 1061 1498 1100 vero
1526 1051 1730 1116 potare
1763 1060 1775 1098 :
1822 1043 1882 1098 id
1922 1049 2012 1098 est
2045 1042 2186 1097 mul-

533 1135 775 1190 timodis
831 1135 1178 1191 benefacere
1236 1139 1294 1189 et
1349 1134 1680 1202 benignum
1737 1148 1868 1186 esse
1925 1149 1938 1186 :
1991 1131 2191 1186 cibare

535 1239 800 1296 namque
832 1229 886 1280 et
931 1229 1152 1294 potare,
1205 1222 1608 1278 beneﬁcentiae
1663 1220 2104 1274 universitatem
2158 1235 2192 1272 a

534 1317 702 1383 parte
741 1313 1052 1368 describit:
1096 1312 1310 1368 deinde
1341 1311 1723 1368 benefaciens
1755 1311 1834 1365 ait
1857 1309 2102 1365 inimico
2135 1311 2193 1362 et

534 1402 877 1458 humaniter
893 1417 1036 1472 erga
1057 1418 1194 1457 eum
1217 1401 1566 1473 dispositus,
1597 1401 1885 1456 carbones
1908 1414 2190 1468 congeres

539 1506 723 1562 super
752 1494 933 1562 caput
969 1490 1122 1559 ejus.

1741 209 1978 265 PHOTII
2017 201 2500 266 PATRIARCHE
2537 203 2646 262 ΟΡ.
3771 203 3858 266 388

537 337 906 394 vastantibus
925 336 1258 410 pcenisquae
1277 335 1620 392 destruendi
1644 333 1976 406 subjectum
1997 333 2183 404 impo-
2213 334 2258 386 A

2293 340 2402 393 τοῖς
2449 330 2666 406 ἄνθραξι
2711 337 2818 392 τοῖς
2871 329 3161 404 ἐρημικοῖς,
3193 351 3220 380 »
3277 336 3517 383 τουτέστι
3559 338 3666 392 ταῖς
3703 330 3862 403 ἀφανι-

2297 427 2502 480 στικαῖς
2570 439 2624 472 τε
2685 423 2772 470 καὶ
2840 421 3168 492 ἔρημοποιοῐς
3233 423 3526 494 τιμωρίαις,
3593 419 3646 470 αἱ
3700 441 3862 472 καταν-

2296 510 2525 561 αλίσκειν
2557 511 2640 559 τόν
2684 509 2968 559 ὑπεύθυνον
3001 507 3274 580 ἀμήχανον
3321 511 3511 578 ἔχουσι
3539 512 3627 566 τὴν
3671 508 3814 579 ἰσχύν
3850 527 3862 539 ·

2295 605 2384 658 καὶ
2436 599 2485 650 ἐν
2535 597 2708 658 ἄλλοις
2753 595 2810 649 δε
2858 597 3057 657 πολλοῖς
3103 601 3238 650 ἔστιν
3286 600 3446 669 εὑρεῖν
3485 599 3576 658 τὰς
3603 617 3866 670 τιμωρητι-

2295 691 2387 748 κὰς
2431 685 2680 759 δυνάμεις
2731 685 3044 758 καλουμένας
3089 689 3373 757 ἄνθρακας.
3439 689 3582 740 Κατὰ
3622 691 3674 738 τὸ
3714 683 3870 738 δεύτε-

2297 796 2384 850 ρον
2451 772 2538 826 οὖν
2603 779 2978 846 σημαινόμενον
3058 776 3319 847 ἄνθρακας
3389 777 3478 834 τὰς
3543 777 3870 848 τιμωρητικας

2300 865 2498 934 πληγὰς
2563 869 2650 914 κκὶ
2706 863 2996 934 εἰσπράξεις
3043 867 3440 936 προσαγορεύει,
3511 861 3610 914 ἀπὸ
3659 873 3754 914 των
3800 863 3872 914 αν-

2302 955 2502 1026 θράκων
2533 953 2578 1004 οἱ
2609 961 2700 1013 τῆς
2739 953 3001 1013 αἰσθητῆς
3050 951 3148 1003 εἰσι
3191 957 3278 1003 καὶ
3311 949 3628 1011 ὃαπανώσης
3671 957 3756 1007 τὴν
3785 971 3867 1003 πε-

2298 1048 2491 1116 ρίγειον
2563 1041 2687 1100 ὕλην
2767 1041 2952 1112 φλογὸς
3031 1042 3426 1108 ὑπεκκαύματα,
3483 1047 3765 1112 μεταφέρων
3827 1060 3874 1091 τε

2299 1136 2388 1182 καὶ
2437 1129 2797 1202 μεταϐιϐάζων
2850 1133 2942 1188 τὴν
2995 1129 3200 1188 κλῆσιν.
3265 1137 3509 1202 Παραινεῑ
3571 1137 3734 1182 τοίνυν
3781 1149 3876 1181 πει-

2299 1229 2467 1270 νῶντα
2498 1223 2586 1291 μεν
2619 1222 2704 1270 τόν
2737 1217 2925 1290 ἐχθρόν
2951 1218 3232 1290 ψωμίζειν,
3264 1215 3504 1289 διψῶντα
3535 1215 3591 1271 δὲ
3623 1219 3832 1278 ποτίζειν
3861 1239 3872 1250 ·

2299 1313 2538 1360 τουτέστι
2587 1307 2923 1382 πολυτρόπως
2985 1307 3263 1378 εὐεργετεῖν
3314 1327 3366 1358 τε
3411 1313 3511 1360 καὶ
3565 1310 3816 1378 ἂγαθύνειν
3863 1323 3876 1334 ’

2299 1400 2354 1447 τὸ
2401 1399 2499 1470 γὰρ
2559 1395 2816 1466 ψωμίζειν
2871 1400 2958 1446 καὶ
3013 1399 3264 1460 ποτίζειν,
3333 1399 3390 1446 τὸ
3459 1403 3548 1455 τῆς
3613 1397 3879 1468 εὐεργεσίας

2302 1484 2578 1558 ὀλόκληρον
2625 1483 2724 1535 ἀπὸ
2773 1491 2864 1535 τοῦ
2905 1487 3088 1556 μέρους
3137 1486 3426 1556 ὑπογράφει
3463 1501 3473 1512 ⁸
3520 1482 3645 1548 εἶτα,
3681 1483 3879 1556 Εὐεργε-

537 1589 658 1644 τῶν,
690 1585 842 1651 φησὶ,
879 1582 964 1630 τόν
1015 1581 1208 1652 ἐχθρόν
1253 1582 1340 1630 καὶ
1379 1577 1744 1650 φιλανθρώπως
1775 1580 1900 1650 πρὸς
1944 1576 2098 1627 αὑτὸν
2139 1571 2478 1644 διακείμενος,
2533 1575 2796 1647 ἄνθρακας
2849 1577 3122 1644 σωρεύσεις
3171 1571 3253 1624 ἐπὶ
3308 1581 3403 1634 τῆς
3441 1573 3664 1644 κεφαλῆς
3717 1572 3878 1623 αὑτοῦ.

613 1672 674 1723 In
696 1667 994 1738 duplicem
1018 1667 1195 1736 igitur
1227 1683 1474 1722 sensum
1501 1665 1644 1722 illud
1674 1683 1687 1720 :
1715 1669 2002 1735 Congeres
2023 1665 2196 1736 parti-
2233 1663 2273 1717 Β

537 1761 686 1822 tum,
711 1755 1009 1828 duplicem
1047 1755 1309 1826 proferre
1341 1763 1396 1810 et
1421 1754 1780 1810 intellectum
1817 1755 2192 1826 supponitur.

541 1848 734 1902 Unum
758 1843 1025 1917 quidem,
1059 1862 1366 1916 congeres,
1399 1845 1802 1900 manifestaret
1831 1843 1995 1902 illud.
2025 1842 2198 1898 desu-

539 1951 643 2006 per
673 1950 869 2004 coges,
899 1951 1004 2006 per
1034 1935 1198 2006 quod
1249 1939 1305 1990 et
1355 1934 1665 2006 sequentia
1699 1931 2198 2002 interpretationis

538 2023 824 2092 dirigetur
851 2041 870 2093 ς
905 2039 970 2076 ex
999 2027 1168 2094 parte
1196 2022 1378 2089 enim,
1409 2023 1508 2088 ait,
1553 2027 1609 2076 et
1649 2027 1908 2090 tempore
1931 2036 2198 2090 compre-

536 2111 800 2166 hensura
828 2109 1149 2166 inimicitia:
1183 2112 1514 2166 tentamina
1545 2110 1852 2164 inimicum
1887 2126 1898 2163 ε
1933 2115 1992 2164 tu
2033 2107 2198 2180 quod

537 2200 768 2256 malum
819 2215 926 2272 pro
966 2199 1118 2255 malo
1161 2215 1270 2254 nos
1321 2199 1663 2254 redditurus
1719 2214 1950 2267 surgas,
2007 2197 2104 2252 sed
2142 2201 2198 2252 et

537 2289 865 2356 beneﬁciis,
901 2305 1030 2360 qua:
1083 2289 1282 2344 divino
1312 2287 1596 2362 [Numini]
1639 2303 1760 2342 non
1806 2286 2029 2342 similes
2069 2285 2199 2340 efﬁ-

539 2377 721 2442 ciunt,
738 2377 1041 2450 excipiens
1053 2377 1416 2446 al'tligentem
1429 2377 1472 2448 ,j
1486 2377 1704 2446 ustumj
1718 2376 1946 2431 udicem
1959 2381 2011 2430 et
2027 2391 2196 2446 quem

541 2465 690 2521 nihil
717 2466 856 2522 latet
895 2481 1196 2536 prteparas
1233 2465 1414 2520 simul
1455 2481 1664 2520 omnes
1691 2479 2050 2536 congregare
2077 2463 2200 2517 vin-

542 2555 732 2610 dictas
749 2559 805 2610 et
825 2568 1038 2626 poenas
1061 2553 1595 2625 contraimpudens
1619 2552 1762 2607 illud
1783 2560 1837 2608 et
1853 2552 2198 2623 imprudens

543 2649 748 2714 caput:
771 2663 796 2694 «
813 2643 946 2698 Mihi
963 2643 1111 2697 enim
1129 2641 1410 2707 vindicta,
1427 2657 1536 2712 ego
1551 2641 1894 2706 retribuam,
1919 2641 2000 2696 ait
2017 2641 2202 2695 Domi-

543 2748 659 2786 nus
674 2733 716 2766 ⁹¹
737 2731 1101 2804 »:quomodo
1122 2731 1298 2800 igitur
1315 2727 1972 2801 humanus?quomodo
2001 2735 2198 2784 autem

544 2821 919 2886 compatiens
945 2818 1296 2890 Yquomodo
1323 2817 1630 2874 beneﬁcus
1663 2817 1800 2872 talia
1827 2817 1898 2872 de
1931 2817 2198 2872 hostibus

544 2907 830 2964 ordinans
848 2907 1213 2964 etmeditans
1235 2907 1459 2962 etillius
1482 2923 1847 2978 prosequens
1874 2907 2197 2960 vindictam

545 3002 602 3054 et
629 2997 1076 3070 castigationem
1114 2997 1142 3052 ?
1173 2999 1325 3051 certe
1357 2995 1500 3066 quia
1532 3011 1652 3052 non
1709 2995 1828 3066 ipse
1861 2996 1981 3050 hinc
2013 3011 2192 3066 popo-
2230 3009 2268 3063 (ς

547 3087 678 3152 scit,
703 3087 804 3142 sed
837 3087 966 3158 ipse
993 3085 1240 3158 quidem
1271 3085 1389 3140 haec
1415 3083 1690 3155 faciebat,
1727 3085 1802 3139 ad
1833 3084 2198 3139 servandum

545 3174 818 3230 divinum
841 3174 1190 3230 mandatum
1215 3179 1270 3228 et
1299 3173 1536 3228 inimico
1560 3172 1846 3228 beneficia
1873 3171 2198 3244 rependen-

547 3261 694 3316 dum
725 3279 738 3317 :
773 3262 820 3316 si
851 3277 990 3317 vero
1011 3260 1395 3330 leesajustitia
1417 3260 1796 3316 exacerbavit
1823 3260 1880 3314 in
1913 3259 2200 3315 ultionem

543 3349 975 3420 judicem,jam
1007 3365 1128 3404 non
1155 3353 1304 3403 esset
1325 3348 1674 3418 excipientis
1697 3348 2082 3420 providentiae
2111 3349 2203 3419 ju-

548 3438 706 3494 dicia
736 3455 878 3510 erga
911 3439 1196 3493 ultionem
1243 3437 1685 3492 dissimulanter
1730 3454 1790 3492 se
1829 3437 2106 3492 habentis
2149 3445 2204 3492 et

549 3543 672 3582 non
702 3527 991 3598 stupentis
1009 3543 1078 3581 ac
1109 3525 1640 3596 laudantisjudicis
1667 3526 2197 3597 incorruptionem.

551 3619 706 3672 Bene
736 3615 928 3670 facere
964 3615 1239 3686 equidem
1281 3620 1336 3670 et
1359 3630 1626 3686 quaerere
1667 3614 1847 3669 simul
1889 3614 2094 3669 ulcisci
2127 3615 2202 3669 de

551 3705 812 3772 inimico,
863 3703 1305 3774 incompatibile
1357 3708 1412 3758 et
1462 3704 1673 3758 mentis
1714 3703 1976 3759 confusae
2034 3708 2092 3758 et
2129 3705 2200 3759 ad

549 3799 875 3866 utrumque
925 3792 1355 3848 contrariorum
1407 3792 1687 3848 inclinate
1727 3809 1786 3848 se
1831 3792 2108 3847 habentis
2148 3797 2204 3848 et

549 3882 612 3937 in
641 3883 964 3938 vanitatem
1013 3881 1287 3937 solvenlis
1335 3881 1570 3936 lucrum
1614 3887 1767 3936 recte
1804 3881 1936 3936 facti
1972 3898 1985 3936 :
2023 3883 2202 3936 Bene-

549 3971 774 4028 factum
799 3987 935 4028 vero
965 3971 1303 4028 immemori
1333 3971 1562 4042 injuriae
1594 3987 1803 4026 sensus
1835 3976 1890 4026 et
1919 3987 2205 4044 compas-

552 4060 724 4116 sione
749 4076 892 4130 erga
921 4060 1194 4131 ejusdem
1221 4059 1452 4131 generis
1483 4059 1786 4115 hominem
1819 4060 1846 4114 ?
1879 4063 1939 4114 Et
1965 4067 2205 4132 propter

549 4155 915 4222 praeceptum
931 4154 985 4205 et
1005 4155 1242 4220 propter
1255 4147 1656 4203 similitudinis
1675 4151 1861 4204 zelum
1882 4165 2016 4204 cum
2036 4150 2203 4204 Patre

547 4243 758 4294 nostro
783 4239 886 4310 qui
905 4238 963 4292 in
990 4237 1154 4292 caelis
1173 4236 1330 4310 [est],
1355 4237 1646 4292 tendentis
1673 4243 1760 4292 est
1803 4239 1878 4294 ad
1906 4237 2204 4310 perfectio-

2381 1663 2466 1724 Εἰς
2498 1658 2688 1720 διπλῆν
2743 1657 2828 1712 οὖν
2883 1665 3152 1731 σημασίαν
3195 1665 3254 1712 τὸ
3294 1664 3576 1735 Σωρεύσεις
3627 1664 3880 1733 μεριζόμε-

2305 1769 2407 1816 νον,
2465 1745 2656 1806 ὃιπλῆν
2713 1750 2957 1823 προάγειν
3013 1753 3100 1800 καὶ
3157 1754 3243 1805 τὴν
3304 1745 3538 1800 διάνοιαν
3589 1750 3880 1800 ὑποτίθεται.

2305 1838 2392 1891 Ἐν
2437 1841 2526 1910 μὲν
2563 1841 2641 1902 τό,
2688 1841 2983 1910 σωρεύσεις,
3017 1835 3296 1896 δηλώσειεν
3347 1836 3406 1888 ἂν
3437 1841 3514 1902 τό,
3561 1835 3882 1900 ἐπισυνάξεις,

2309 1924 2385 1978 δι’
2418 1927 2476 1978 οὗ
2517 1931 2605 1978 καὶ
2653 1929 2711 1978 τὸ
2765 1925 3076 1996 ἐπαγόμενον
3125 1935 3220 1987 τῆς
3274 1927 3547 1998 ἑρμηνείας
3599 1925 3883 1976 κατευθύνε-

2306 2035 2394 2067 ται
2427 2033 2439 2044 ⁸
2492 2019 2556 2068 τα
2593 2017 2728 2066 κατὰ
2778 2020 2926 2088 μέρος
2966 2018 3068 2086 γάρ
3124 2034 3252 2086 φησι
3295 2021 3384 2066 καὶ
3441 2019 3620 2088 χρόνῳ
3667 2013 3888 2084 μέλλοντα

2307 2103 2720 2178 καταλαμϐάνειν
2775 2113 2862 2165 τῆς
2919 2103 3204 2176 ἀπεχθείας
3255 2107 3503 2176 ἐπίχειρα
3549 2107 3634 2155 τὸν
3675 2101 3884 2174 ἐχθρόν’

2309 2198 2374 2246 Σὺ
2422 2191 2493 2246 δι’
2550 2195 2616 2242 ὧν
2657 2197 2814 2244 κακὸν
2865 2191 2978 2244 ἀντὶ
3021 2201 3184 2244 κακοῦ
3227 2189 3616 2244 ἀνταποδοῦναι
3654 2197 3718 2263 μὴ
3761 2187 3886 2241 dwa-

2308 2287 2484 2348 έστης,
2537 2282 2664 2334 ἀλλὰ
2702 2287 2790 2332 καὶ
2833 2281 3148 2354 εὐεργεσίας,
3201 2281 3254 2333 αἳ
3297 2286 3422 2342 πρὸς
3471 2286 3532 2333 τό
3583 2289 3726 2333 Θεῖον
3767 2281 3890 2350 ἡμᾶς

2310 2371 2646 2444 ἀφομοιοῦσι,
2682 2367 3062 2442 δεξιωσάμενος
3090 2375 3172 2422 τόν
3203 2371 3550 2436 λελυπηκότα,
3589 2374 3670 2421 τόν
3703 2366 3886 2421 δίκαιον

2307 2465 2488 2535 κριτὴν
2526 2465 2616 2511 καὶ
2669 2458 2925 2516 ἁλάθητον
2974 2460 3395 2533 παρασκευάζεις
3441 2460 3556 2532 ἅμα
3597 2461 3760 2518 πάσας
3791 2457 3887 2508 ἐπι-

2311 2557 2575 2622 σωρεῦσαι
2605 2552 2692 2608 τὰς
2733 2553 2986 2622 τιμωρίας
3025 2554 3114 2600 καὶ
3151 2551 3332 2608 ποινὰς
3379 2551 3514 2598 κατά
3546 2556 3640 2610 τῆς
3671 2546 3890 2608 ἀλαζόνος

2309 2638 2504 2699 ἐκείνης
2544 2643 2629 2690 καὶ
2683 2637 2978 2708 ἀγνώμονος
3026 2637 3250 2709 κεφαλῆς
3281 2657 3294 2668 ⁸
3341 2661 3368 2686 ι(
3419 2637 3568 2708 Ἐμοὶ
3625 2639 3721 2710 γὰρ
3769 2632 3892 2686 ἐκδί-

2308 2747 2484 2796 κησις,
2539 2726 2635 2798 ἐγὼ
2693 2723 3070 2788 ἀνταποδώσω,
3121 2727 3256 2798 λέγει
3309 2729 3497 2798 Κύριος
3543 2745 3557 2758 ·
3603 2745 3629 2776 ι)
3679 2734 3776 2784 πώς
3817 2719 3890 2775 οὖν

2311 2816 2707 2890 φιλάνθρωπος;
2759 2825 2868 2876 πῶς
2926 2813 2985 2867 δε

3035 2818 3316 2888 συμπαθής
3353 2832 3366 2880 ;
3407 2824 3516 2876 πώς
3551 2812 3610 2866 δὲ
3649 2814 3892 2887 εὐεργέτης

2309 2907 2334 2956 ό
2389 2914 2556 2956 ταῦτα
2611 2911 2726 2978 περὶ
2787 2913 2884 2956 των
2929 2904 3133 2978 ἐχθρῶν
3181 2901 3475 2978 μεθοδεύων
3525 2911 3618 2956 καὶ
3673 2923 3890 2976 πραγμα·

2309 2999 2575 3066 τευόμενος
2639 2999 2728 3044 καὶ
2801 2998 2894 3052 τὴν
2975 2993 3163 3044 ἐκείνου
3224 2993 3762 3068 φιλανθρωπευόμενος
3823 3009 3893 3042 τι-

2309 3089 2508 3156 μωρίαν
2539 3088 2628 3134 καὶ
2657 3082 2872 3134 κόλασιν
2906 3099 2918 3148 ;
2953 3083 2980 3140 ἦ
3021 3085 3100 3134 ὃτι
3135 3081 3228 3134 ούκ
3269 3082 3428 3144 αὐτὸς
3453 3091 3620 3133 ταῦτα
3655 3083 3889 3154 ᾑτὰσατο,

2311 3172 2418 3224 ἀλλ’
2473 3171 2618 3232 αὐτὸς
2688 3175 2776 3243 μὲν
2835 3180 3001 3223 ταᾶτα
3053 3175 3318 3245 ἔπραττεν,
3389 3173 3526 3224 ὥστε
3587 3179 3894 3245 συντηρῆσαι

2309 3267 2402 3318 τὴν
2449 3264 2585 3314 θείαν
2637 3260 2838 3316 ἐντολὴν
2891 3265 2979 3312 καὶ
3031 3265 3116 3312 τόν
3171 3259 3360 3332 ἐχθρόν
3409 3261 3729 3334 εὐεργεσίαις
3769 3258 3893 3332 ἀμεί-

2309 3349 2516 3421 ψασθαι
2549 3369 2561 3381 ·
2599 3349 2642 3400 εἰ
2691 3345 2750 3400 δὲ
2781 3353 2837 3400 τὸ
2883 3349 3216 3424 ὑϐριζόμενον
3260 3346 3464 3402 δίκαιον
3510 3350 3796 3424 παρώξυνεν
3837 3355 3894 3406 εῐς

2311 3435 2586 3497 ἐκδίκησιν
2627 3441 2712 3489 τὸν
2767 3443 2948 3510 κριτὴν
2999 3437 3091 3488 οὐκ
3141 3441 3216 3490 ἔτι
3268 3437 3326 3489 ἂν
3381 3442 3456 3495 εἴη
3519 3437 3892 3509 ἀποδεχομένου

2311 3536 2408 3588 τῆς
2463 3531 2708 3599 προνοίας
2773 3529 2838 3578 τα
2893 3532 3122 3600 κρίματα
3169 3535 3260 3578 τού
3313 3531 3435 3598 πρὸς
3491 3533 3587 3584 τὴν
3641 3524 3892 3582 ἐκδίκησιν

2313 3615 2653 3687 ἁκκιζομένου
2711 3619 2796 3666 καὶ
2847 3619 2916 3685 μὴ
2977 3617 3258 3676 τεθηπότος
3322 3635 3375 3667 τε
3431 3621 3514 3667 καὶ
3577 3615 3894 3687 ἁνυμνουντος

2311 3713 2403 3758 τοῦ
2447 3712 2628 3776 κριτοῦ
2667 3707 2721 3756 τὸ
2767 3701 3078 3757 ἀδέκαστον.
3123 3708 3192 3757 T6
3245 3707 3334 3777 μὲν
3379 3705 3660 3779 εὐεργετεῖν
3690 3709 3774 3756 καὶ
3817 3703 3897 3762 ζη-

2311 3802 2414 3846 τεῖν
2453 3794 2563 3866 ἅμα
2607 3797 2858 3866 τιμωρίαν
2896 3793 3067 3845 λαϐεῖν
3099 3797 3242 3869 παρὰ
3283 3803 3375 3846 τοῦ
3419 3793 3641 3868 ἐχθροῦ,
3681 3791 3898 3864 ἀσύμϐα-

2312 3887 2396 3934 τόν
2445 3901 2497 3934 τε
2549 3887 2634 3933 καὶ
2689 3885 2862 3954 φρενός
2921 3887 3318 3954 συγκεχυμένης
3357 3887 3447 3934 καὶ
3501 3888 3630 3957 πρὸς
3685 3882 3898 3953 ἑκάτερον

2313 3980 2411 4022 τῶν
2457 3971 2692 4023 ἐναντίων
2733 3969 3010 4045 ἐπιρρεπὼς
3062 3970 3316 4042 ἐχούσης,
3375 3975 3464 4024 καὶ
3521 3977 3651 4046 πρὸς
3705 3974 3900 4043 ματαιο-

3767 4063 3820 4112 τό
3849 4053 3900 4110 δε

2312 4153 2406 4206 τὴν
2460 4149 2756 4220 εὐεργεσίαν
2804 4155 2876 4217 τῷ
2929 4147 3270 4220 ἁμνησικάκῳ
3319 4157 3409 4210 τῆς
3461 4157 3674 4224 γνώμης
3723 4153 3807 4201 καὶ
3845 4153 3898 4216 τῇ

2313 4079 2448 4118 τητα
2479 4057 2803 4122 διαλυούσης
2833 4064 2888 4111 τὸ
2919 4057 3103 4132 κέρδος
3133 4069 3224 4114 τοῦ
3263 4064 3674 4135 κατορθώματος
3715 4079 3726 4090 ·

2316 4239 2615 4308 συμπαθείᾳ
2671 4245 2760 4289 τοῦ
2813 4239 3086 4309 όμοφυούς,
3145 4244 3234 4290 καὶ
3290 4235 3384 4290 διὰ
3435 4243 3530 4296 τὴν
3583 4239 3782 4296 ἐντολὴν
3823 4239 3900 4287 καὶ

549 4343 690 4382 nem
710 4327 940 4382 virtutis
962 4345 973 4382 :
995 4331 1182 4382 etnon
1203 4325 1574 4380 istelibenter
1594 4325 2043 4394 castigationem
2065 4343 2199 4381 con-

2315 4323 2408 4378 διὰ
2435 4329 2492 4376 τὸ
2533 4327 2852 4398 ὁμοιωθῆναι
2907 4335 2977 4397 τῷ
3033 4332 3200 4399 Πατρὶ
3231 4329 3375 4398 ἡμῶν
3407 4337 3477 4398 τῷ
3535 4327 3585 4380 ἐν
3617 4337 3722 4388 τοῖς
3759 4327 3898 4397 οὐρα·

549 4415 863 4488 templatus
879 4415 1282 4480 essetinimici,
1298 4414 1518 4470 nedum
1537 4415 1680 4485 quid
1699 4431 1922 4469 sumere
1941 4419 2198 4486 quaerat;

549 4501 669 4556 Deo
695 4505 894 4556 autem
917 4499 1224 4570 judicante
1255 4505 1310 4554 et
1338 4499 1592 4554 rationes
1610 4499 1876 4570 exigente
1898 4500 1976 4554 ab
2001 4515 2072 4554 eo
2097 4501 2201 4571 qui

547 4589 833 4660 injuriam
849 4588 1061 4653 intulit,
1076 4588 1344 4658 ejusdem
1361 4593 1515 4643 esset
1530 4593 1584 4643 et
1599 4603 1740 4658 erga
1761 4589 1946 4644 Deum
1969 4588 2203 4660 pietatis

547 4693 672 4734 non
703 4677 962 4732 rationes
1010 4677 1243 4747 exigere
1273 4693 1307 4731 a
1331 4676 1553 4747 judice,
1600 4690 1709 4732 nec
1739 4691 1878 4748 erga
1903 4677 2197 4747 judicium

551 4765 936 4822 stomachari.

620 4943 884 4999 Alterum
913 4942 1094 5012 igitur
1119 4942 1294 5008 illius,
1346 4957 1640 5013 congeres,
1699 4943 2098 5013 signiﬁcatum
2131 4957 2202 4998 ac

547 5031 724 5089 talem
746 5048 854 5087 nos
873 5032 1158 5088 theoriam
1177 5033 1550 5088 transmittit:
1575 5031 1866 5104 reliquum
1885 5047 2024 5087 vero
2037 5033 2202 5104 quod

549 5120 848 5191 signiﬁcat
877 5136 1175 5190 congeras,
1207 5126 1264 5176 et
1289 5121 1580 5184 detrahes,
1607 5127 1662 5176 et
1693 5121 1967 5176 liberabis
2004 5135 2040 5176 α
2067 5135 2204 5177 car-

549 5211 786 5267 bonibus
812 5209 1052 5266 odientis
1077 5217 1272 5278 caput,
1304 5210 1480 5266 talem
1513 5210 1834 5266 verborum
1863 5210 1977 5265 vim
2001 5215 2202 5265 osten-

551 5299 706 5356 derit
744 5300 889 5356 forte
939 5299 1380 5367 ;benefaciens,
1422 5299 1520 5364 ait,
1569 5305 1624 5356 et
1675 5299 1836 5354 bona
1873 5299 2202 5356 retribuens

546 5387 813 5454 inimico,
831 5389 1220 5460 depascentes
1233 5387 1524 5444 carbones
1537 5388 1770 5444 etcitius
1785 5387 2202 5460 absumpturos

620 5497 664 5534 ⁹¹
711 5497 880 5552 Rom.
921 5512 1028 5558 xu,
1063 5499 1148 5552 19.

2311 4421 2436 4480 νοίς,
2479 4421 2569 4466 τού
2615 4415 2908 4485 φθάσαντός
2965 4416 3106 4466 ἐστιν
3147 4415 3217 4474 εἰς
3245 4419 3303 4466 τό
3336 4416 3522 4468 τέλειον
3563 4425 3660 4477 τῆς
3709 4415 3896 4490 ἀρετῆς

2313 4509 2401 4554 καὶ
2459 4502 2552 4554 ούκ
2609 4501 2668 4553 ἆν
2743 4503 2892 4564 οὗτος
2951 4499 3119 4563 ἡδέως
3177 4509 3428 4578 τιμωρίαν
3475 4507 3752 4570 ,Θεάσαιτο
3821 4509 3900 4554 τοῦ

2313 4591 2531 4664 ἐχθροῦ,
2563 4597 2634 4662 μή
2685 4609 2736 4642 τι
2773 4609 2832 4662 γε
2855 4590 3028 4642 λαϐεῖν
3059 4590 3362 4652 ἐπιζητήσει
3397 4610 3410 4624 ’
3448 4601 3584 4646 Θεοῦ
3629 4591 3690 4646 δὲ
3717 4597 3898 4666 κρίνον-

2315 4701 2395 4741 τος
2429 4685 2517 4734 καὶ
2557 4684 2662 4741 τὰς’
2691 4681 2900 4742 εὐθύνας
2953 4679 3296 4744 ἀπαιτοῦντος
3331 4687 3418 4734 τὸν
3463 4681 3780 4751 ἠδικηκότα,
3823 4689 3902 4740 τῆς

2313 4771 2472 4830 αὐτῆς
2521 4770 2581 4820 ἂν
2637 4773 2712 4826 εἰη
2771 4773 2948 4842 φρενὸς
3012 4776 3100 4822 καὶ
3167 4771 3460 4834 θεοσεϐείας
3513 4778 3582 4844 μὴ
3635 4774 3900 4843 λογοθετιῖν

2311 4863 2399 4911 τὸν
2427 4863 2633 4932 κριτὴν,
2665 4855 2802 4925 μηδὲ
2833 4863 2958 4932 πρὸς
2987 4864 3080 4917 τὴν
3120 4865 3294 4932 κρίσιν
3325 4858 3715 4935 δυσχεραίνειν.

2382 4948 2460 5002 T6
2509 4952 2598 5020 μὲν
2652 4944 2740 5000 οὖν
2793 4950 2960 5022 ἓτερον
3011 4957 3121 5013 τοῦ,
3189 4953 3486 5022 Σωρεύσεις,
3539 4955 3902 5022 σημαινόμενον

3624 5043 3684 5092 τὸ
3729 5036 3760 5092 δ
3765 5044 3784 5092 '5
3813 5037 3906 5090 λοι-

2311 5128 2406 5176 πὸν
2443 5125 2468 5174 ὃ
2501 5130 2762 5196 σημαίνει,
2815 5129 2891 5197 τὸ,
2949 5125 3296 5190 ἐπισυνάξεις,
3353 5133 3443 5180 καὶ
3499 5129 3774 5202 περιέλοις,
3825 5129 3902 5178 καὶ

2313 5213 2616 5276 ἀπαλλάξεις

2311 5041 2438 5110 πρὸς
2479 5040 2724 5095 τοιαύτην
2769 5039 2904 5110 ἡμᾶς
2951 5041 3165 5110 θεωρίαν
3203 5045 3534 5114 παραπέμπει
3569 5057 3582 5070 ⁶

2717 5223 2814 5266 τῶν
2914 5213 3181 5289 ἀνθράκων
3264 5221 3358 5275 τὴν
3459 5225 3548 5270 τοῦ
3641 5225 3907 5290 μισοῦντος

2311 5302 2552 5374 κεφαλὴν,
2611 5305 2857 5360 τοιαύτην
2925 5303 2984 5354 ἂν
3057 5311 3148 5364 τὴν
3207 5314 3305 5358 τῶν
3375 5309 3626 5380 ῥημάτων
3697 5305 3906 5376 δύναμιν

2311 5387 2632 5466 ὑποδηλώσῃ
2687 5410 2699 5422 ’
2759 5393 3044 5464 Εύεογετῶν
3089 5433 3103 5460 ,
3155 5399 3285 5466 φησὶ
3341 5401 3430 5448 καὶ
3509 5397 3782 5467 ἀγαθύνων
3831 5395 3907 5446 τόν
