4140 6198
193 258 304 325 389

1266 261 1360 318 AD
1401 254 1955 318 AMPHILOCHIUM
1995 256 2324 328 QUASSTIO
2368 252 2511 315 LIII.

3462 248 3568 317 390

192 396 410 468 ἐχθρόν,
467 396 588 454 τούς
658 395 1100 463 κατανεμομένονε
1148 391 1414 463 ἄνθρακας
1478 391 1562 439 καὶ
1619 390 1841 441 θᾶττον.

1935 387 2045 456 ῄιιε
2075 390 2276 456 caput,
2316 384 2426 440 nisi
2458 385 2593 457 quis
2623 386 2702 440 ab
2741 399 2812 441 eo
2846 384 3151 441 abstulerit
3188 388 3246 441 et
3272 384 3572 442 liberatio-

190 487 254 534 ᾶν
303 481 716 556 διαφθεροῦντας
748 482 907 533 αὑτοῦ
938 485 1031 539 τήν
1073 478 1316 551 κεφαλήν,
1350 476 1409 529 ἃν
1453 482 1525 549 μή
1577 496 1657 538 τις
1704 477 1804 528 αύ-

191 582 287 624 τοὺ
331 569 696 645 ἀφαιρήσηται
726 576 814 621 καὶ
839 574 930 627 τήν
974 567 1276 638 ἀπαλλαγήν
1320 563 1638 638 μεθοδεύση,
1672 569 1806 637 μέγα

193 666 252 714 τό
298 656 490 734 κέρδος
549 663 639 710 καί
684 658 929 728 ψυχικῆς
974 660 1235 727 σωτηρίας
1281 655 1521 727 πρόξενον
1575 655 1800 727 εὑρήσει.

199 742 646 817 Ἀνακαλούμενος
705 748 807 818 γὰρ
866 749 953 796 τόν
1010 743 1233 801 πλησίον
1312 751 1410 803 τῆς
1501 751 1805 814 σωματικῆς

199 836 515 908 καὶμᾶλλον
556 831 936 894 διαϐαινούσης
991 832 1061 894 εἰς
1110 836 1200 890 τήν
1238 831 1423 902 ψυχήν
1479 829 1681 902 βλάϐης
1719 835 1807 881 καὶ

202 924 472 985 ἀπωλείας
535 928 664 996 πρὸς
721 928 814 980 τήν
864 930 954 973 τοῦ
1004 928 1264 974 Δεσπότου
1313 925 1538 991 μίμησίν
1610 938 1664 970 τε
1719 924 1809 969 καὶ

204 1017 464 1086 ὁμοίωσιν
499 1012 775 1085 ἀνατρέχει
801 1028 814 1040 °
859 1010 1046 1081 ψυχὴν
1073 1013 1175 1083 γὰρ
1206 1011 1232 1061 6
1281 1012 1482 1071 σώζων,
1522 1013 1700 1079 φησὶν,
1742 1010 1810 1067 ὡς

202 1106 232 1154 ὁ
264 1108 456 1161 κτίσας
489 1102 675 1159 αὑτήν·
711 1107 820 1161 Πῶς
851 1097 909 1152 δὲ
955 1097 1049 1151 διὰ
1090 1107 1186 1160 τῆς
1229 1098 1537 1169 εὐεργεσίας,
1563 1098 1812 1166 συνάγον-

202 1212 293 1244 ται
339 1196 430 1242 καὶ
480 1190 830 1261 ἀποσύρονται
881 1197 976 1249 τῆς
1025 1186 1475 1259 φιλαπεχθήμονος
1527 1187 1575 1236 οἱ
1618 1187 1813 1258 ἀνθρα-

200 1300 291 1340 κες
335 1279 596 1349 κεφαλῆς
643 1284 781 1329 Διότι
825 1284 987 1349 τροφῇ
1030 1280 1119 1327 καὶ
1166 1282 1307 1339 ποτῷ
1349 1271 1671 1345 δεξιούμενος
1722 1277 1810 1325 καὶ

199 1369 379 1427 ἁπλῶς
424 1368 847 1440 εὐεργετούμενος
894 1368 918 1415 6
959 1366 1172 1437 ἐχθρὸς,
1226 1364 1268 1415 εἰ
1315 1368 1403 1414 καὶ
1452 1366 1523 1433 μή
1573 1359 1645 1413 δι’
1686 1361 1808 1413 αύτό

197 1462 259 1508 τό
314 1455 491 1515 καλὸν,
556 1454 683 1505 ἀλλά
735 1473 795 1524 γε
843 1450 938 1505 διά
992 1457 1087 1510 τήν
1140 1452 1331 1503 οἰκείαν
1398 1451 1670 1502 εὐπάθειαν
1723 1455 1811 1502 καὶ

198 1543 498 1596 ἀπολαύσιν
579 1552 678 1595 τῶν
752 1540 978 1613 ἀγαθῶν,
1041 1543 1265 1593 παύεται
1337 1542 1427 1610 μὲν
1502 1539 1648 1599 οὗτος
1718 1546 1812 1599 τῆς

201 1636 428 1705 ἔχθρας,
477 1631 749 1695 ἐξίσταται
796 1628 855 1682 δὲ
904 1638 997 1691 τῆς
1046 1628 1355 1689 ἐπιϐουλῆς·
1401 1633 1491 1679 καὶ
1546 1630 1682 1679 κατὰ
1727 1647 1812 1699 μι-

1914 489 2053 530 nem
2066 475 2383 545 paraverit,
2398 490 2687 543 magnum
2705 474 3179 530 emolumentum
3189 482 3245 529 et
3258 474 3470 530 animm
3485 493 3574 529 sa-

1913 562 2095 619 lutem
2138 579 2465 635 procurans
2502 562 2781 618 inveniet.
2825 562 3137 619 Revocans
3177 564 3336 619 enim
3376 562 3575 635 proxi-

1916 668 2084 707 mum
2120 668 2156 707 a
2190 667 2477 724 corporeo
2518 658 2573 707 et
2617 651 2811 721 magis
2850 652 3316 722 transgrediente
3350 652 3411 707 in
3450 652 3573 708 ani.

1918 757 2081 795 mam
2103 740 2329 795 damno
2350 745 2408 795 et
2434 740 2782 812 perditione,
2812 740 2882 796 ad
2914 741 3144 796 Domini
3180 740 3573 797 imitationem

1917 836 1973 885 et
2003 829 2450 884 similitudinem
2482 829 2718 885 recurrit
2753 844 2767 894 ;
2808 829 3075 885 animam
3115 829 3275 885 enim
3308 829 3572 895 salvans,

1919 918 2019 981 ait,
2045 917 2195 972 sicut
2215 918 2312 989 qui
2334 919 2557 973 creavit
2576 918 2760 973 illam.
2788 918 3101 984 Quomodo
3124 923 3323 974 autem
3351 935 3458 991 per
3477 920 3578 975 be-

1919 1006 2298 1061 neﬁcentiam
2329 1012 2768 1076 congregantur
2810 1013 2866 1062 et
2895 1006 3327 1063 abstrahuntur
3356 1007 3434 1064 ab
3464 1007 3579 1063 ini-

1919 1095 2075 1150 mico
2118 1095 2409 1151 carbones
2448 1095 2639 1166 capite
2664 1093 2692 1148 7
2717 1095 2866 1160 Quia
2891 1095 3027 1150 cibo
3057 1101 3113 1151 et
3138 1102 3281 1167 potu
3317 1096 3577 1153 donatus

1919 1188 1978 1239 et
2004 1184 2353 1255 simpliciter
2376 1184 2670 1240 beneficio
2698 1184 2941 1239 affectus
2969 1185 3267 1253 inimicus,
3297 1192 3353 1240 et
3379 1186 3428 1240 si
3456 1200 3577 1241 non

1920 1288 2025 1345 per
2048 1273 2241 1344 ipsum
2264 1273 2514 1339 bonum,
2551 1277 2610 1328 at
2640 1272 2851 1328 saltem
2880 1279 3123 1345 propter
3144 1274 3451 1346 propriam
3480 1273 3579 1329 be-

1921 1362 2109 1417 neticii
2135 1361 2561 1434 experientiam
2593 1368 2649 1417 et
2691 1360 3032 1417 fruitionem
3080 1363 3398 1430 bonorum,
3431 1362 3579 1418 desi-

1921 1452 2006 1505 nit
2030 1450 2277 1522 quidem
2309 1450 2419 1506 iste
2446 1450 2525 1505 ab
2570 1450 2898 1513 inimicitia.
2943 1456 2998 1506 et
3040 1451 3265 1507 desistit
3309 1454 3387 1506 ab
3433 1451 3578 1506 insi-

1921 1538 2072 1605 diis;
2105 1544 2159 1594 et
2190 1539 2411 1594 sensim
2441 1537 2797 1609 resipiscens
2827 1538 2905 1594 ab
2935 1538 3173 1604 affectu,
3204 1545 3261 1594 et
3285 1556 3417 1596 eam
3449 1557 3579 1611 qua:

1922 1632 2013 1682 est
2040 1628 2100 1682 in
2131 1627 2595 1697 cogitationibus
2624 1642 2729 1699 per
2758 1628 3126 1683 inimicitiam
3157 1627 3581 1685 inﬂammatio-

199 1727 329 1796 κρόν
390 1721 660 1793 ἀνανήφων
717 1728 809 1771 τοῦ
865 1720 1084 1782 πάθους,
1131 1723 1217 1769 καὶ
1271 1722 1365 1774 τήν
1412 1720 1460 1769 ἓν
1511 1724 1621 1777 τοίς
1675 1716 1814 1786 λογι-

1935 1732 2060 1772 nem
2089 1721 2143 1771 et
2173 1716 2729 1772 excandescentiam
2759 1716 3086 1786 deponens,
3118 1716 3197 1772 ad
3230 1732 3502 1772 amorem
3527 1721 3584 1773 et

208 1818 365 1882 σμοῖς
413 1807 508 1862 διὰ
536 1817 630 1871 τῆς
668 1810 865 1882 ἔχθρας
899 1810 1129 1881 πύρωσίν
1161 1826 1214 1858 τε
1251 1811 1341 1858 καὶ
1380 1805 1658 1877 φλεγμονὴν
1690 1803 1814 1856 ἀπο-

204 1902 497 1971 τιθέμενος,
530 1897 612 1950 ἐπὶ
651 1901 707 1949 τό
759 1897 917 1969 φιλεῖν
956 1901 1047 1948 καὶ
1092 1900 1321 1968 στέργειν
1368 1900 1458 1947 καὶ
1506 1891 1699 1946 εἰδέναι
1728 1896 1813 1945 τὸν

206 1989 485 2062 εὐεργέτην
564 1986 859 2038 ὶλεύσεται’
928 1983 1160 2035 κάκεῖθεν
1224 1986 1360 2034 κατὰ
1416 1986 1599 2055 μικρὸν
1655 1981 1815 2033 ἐνεθι-

210 2079 357 2136 σθεὶς
391 2076 639 2147 γλῶσσαν
692 2077 895 2146 φεύγειν
938 2070 1202 2140 διάϐολον,
1259 2076 1349 2123 καὶ
1391 2072 1467 2132 οἷς
1519 2073 1545 2122 6
1592 2070 1814 2127 πλησίον

206 2169 386 2240 ἔργοις
432 2163 635 2236 βλάϐην
692 2166 995 2235 ὑφίσταται,
1056 2171 1149 2223 τῆς
1195 2160 1376 2234 ἀρετῆς
1432 2160 1659 2233 ἐραστής
1690 2157 1815 2210 ἀπο-

204 2258 557 2309 καθίσταται.
621 2257 718 2306 Καὶ
779 2258 857 2313 τίς
911 2250 971 2302 ἂν
1023 2250 1357 2312 ἐπιζητήσειε
1412 2256 1503 2300 τοῦ
1554 2247 1815 2319 ψωμίζειν

202 2350 302 2396 καὶ
363 2344 595 2402 ποτίζειν
649 2345 738 2393 τὸν
795 2340 1009 2415 ἐχθρὸν,
1059 2338 1392 2411 ἀντιμισθίαν
1463 2340 1655 2396 ταύτης
1707 2340 1816 2407 μεί-

207 2435 377 2495 Cava;
439 2436 491 2483 τί
557 2427 615 2483 δι
680 2433 877 2491 ταύτης
946 2424 1404 2502 ἱπικερδέστεροη
1466 2425 1521 2478 Εἰ
1579 2422 1637 2477 δὲ
1688 2426 1817 2497 μετὰ

204 2523 483 2578 τοσαύτην
537 2520 854 2594 εὐεργεσίαν,
911 2527 1008 2580 τῆς
1057 2519 1363 2589 μοχθηρίας
1413 2518 1503 2566 καὶ
1556 2513 1814 2586 φαυλότη-

207 2630 294 2671 τος
345 2611 373 2661 6
402 2609 825 2682 εὐεργετούμενος
871 2606 964 2659 ούκ
1015 2605 1170 2658 εθελει
1215 2605 1590 2678 μεθίστασθαι,
1638 2604 1817 2675 θηρίον

198 2703 299 2771 μὲν
345 2697 406 2750 ἀν
444 2701 523 2755 εἰη
566 2698 591 2748 6
634 2703 887 2758 τοιοῦτος,
944 2693 1057 2746 ἀντὶ
1116 2701 1207 2744 τοῦ
1263 2697 1502 2764 μετέχειν
1554 2689 1818 2762 ἀνθρωπεί-

202 2808 302 2850 νης
354 2790 579 2858 φύσεως.
631 2788 698 2837 Σὺ
754 2780 812 2836 δε
863 2780 1011 2835 οὐδεν
1062 2783 1200 2854 ὅμως
1242 2781 1448 2833 ἔλαττον
1496 2783 1618 2841 τοὺς
1658 2798 1819 2830 κατα-

206 2877 566 2947 ϐοσκομένονς
608 2874 768 2925 αὐτοῦ
794 2877 886 2930 τήν
924 2871 1142 2944 κεφαλήν
1181 2872 1441 2945 ἄνθρακας
1472 2875 1536 2940 τῇ
1595 2887 1648 2920 τε
1693 2873 1820 2939 γνώ-

208 2986 285 3039 μη
351 2968 435 3015 καὶ
490 2971 551 3036 τῇ
618 2958 825 3033 σπονδῇ
883 2959 1289 3033 ἀπεσὼρευσας·
1345 2962 1435 3010 καὶ
1485 2956 1822 3028 ἀντιμισθίαν

1924 1804 2291 1860 dilectionem
2323 1810 2380 1859 et
2416 1804 2781 1876 agnitionem
2822 1803 3218 1861 benefactoris
3260 1805 3490 1871 veniet;
3529 1810 3585 1861 et

1923 1893 2061 1948 inde
2115 1893 2335 1947 sensim
2383 1892 2752 1949 assuefactus
2798 1892 3066 1963 linguam
3127 1893 3332 1964 fugere
3384 1894 3586 1949 convi-

1923 1982 2174 2036 ciantem
2190 1985 2245 2036 et
2261 1979 2482 2053 quibus
2499 1981 2809 2052 proximus
2824 1979 2989 2037 factis
3006 1981 3299 2038 damnum
3313 1982 3582 2048 sustinet,

1923 2067 2153 2123 virtutis
2200 2075 2432 2124 amator
2479 2068 2873 2124 constituitur.
2918 2071 2978 2123 Et
3030 2070 3317 2140 quisnam
3358 2077 3586 2141 quierat

1922 2156 2160 2213 cibandi
2189 2162 2240 2213 et
2280 2157 2524 2227 potandi
2542 2157 2849 2213 inimicum
2889 2159 3429 2214 remunerationem
3473 2142 3588 2214 ista

1926 2246 2214 2315 majorem
2230 2246 2257 2300 *ἲ
2276 2245 2545 2317 Autquid
2563 2260 2636 2300 ea
2657 2245 2852 2301 utilius
2871 2245 2899 2301 ?
2915 2246 2971 2301 Si
2986 2252 3185 2302 autem
3202 2253 3329 2318 post
3354 2252 3585 2302 tantum

1924 2334 2388 2399 beneficium,ab
2412 2334 2854 2405 importunitate
2881 2340 2935 2390 et
2958 2334 3176 2390 vilitate
3200 2334 3482 2391 beneﬁcio
3505 2334 3591 2391 af-

1923 2421 2112 2479 fectus
2133 2438 2255 2478 non
2278 2422 2401 2477 vult
2421 2422 2723 2487 desistere,
2750 2422 2941 2479 bellua
2965 2438 3108 2478 sane
3127 2428 3287 2479 esset
3308 2423 3463 2495 talis,
3491 2439 3589 2480 ne-

1924 2512 2070 2568 dum
2086 2512 2381 2583 particeps
2393 2517 2546 2566 esset
2566 2512 2847 2567 humanae
2869 2517 3097 2567 naturas
3119 2530 3134 2579 ;
3156 2515 3219 2567 tu
3239 2527 3377 2568 vero
3398 2512 3589 2570 nihilo

1926 2607 2122 2656 tamen
2148 2601 2343 2655 minus
2361 2599 2757 2671 depascentes
2779 2600 2910 2671 ejus
2931 2605 3113 2673 caput
3132 2602 3425 2657 carbones
3451 2617 3591 2673 pru-

1927 2689 2127 2746 dentia
2140 2696 2193 2744 et
2205 2690 2329 2745 zelo
2343 2690 2725 2758 exacervasti,
2751 2695 2809 2744 et
2821 2691 3360 2745 remunerationem
3376 2688 3589 2745 nihilo-

1929 2778 2131 2835 minus
2163 2778 2416 2833 haberes
2442 2794 2462 2843 ;
2491 2793 2685 2850 neque
2714 2778 3115 2834 characterem
3140 2777 3257 2834 ullo
3285 2778 3468 2834 modo
3494 2779 3591 2834 de-

1931 2867 2117 2923 levisti
2146 2866 2251 2938 qui
2278 2866 2357 2923 ad
2385 2867 2648 2922 Numinis
2683 2872 2735 2922 te
2765 2866 3066 2935 colligavit
3095 2866 3540 2922 similitudinem
3576 2882 3590 2932 ;

1932 2956 2026 3012 ille
2057 2961 2256 3012 autem
2286 2954 2480 3012 ferens
2519 2959 2709 3010 totum
2750 2954 3010 3025 seipsum
3039 2956 3100 3010 in
3140 2955 3500 3026 supplicium
3534 2960 3592 3011 et

214 3051 372 3107 ούὸὲν
402 3053 610 3105 ἔλαττον
662 3053 855 3122 ἔσχες·
908 3046 1030 3102 οὐδὲ
1083 3053 1169 3101 τὸν
1207 3055 1529 3123 χαρακτῆρα
1554 3046 1678 3120 παρ’
1738 3043 1820 3096 ού·

1935 3042 2470 3113 inexstinguibilem
2492 3042 2691 3113 ignem
2710 3043 2931 3112 injecit.
2950 3041 3251 3100 Carboues
3271 3048 3471 3099 tamen
3489 3042 3589 3100 ali-

219 3140 310 3195 δὲν
342 3140 742 3217 παρεχάραξας,
794 3139 845 3199 ὃς
890 3143 984 3197 τήν
1032 3141 1157 3212 πρὸς
1195 3141 1252 3189 τό
1300 3142 1448 3190 Θεῖόν
1480 3154 1538 3187 σε
1568 3141 1823 3192 συνῆπτεν

218 3235 513 3301 όμοίωσιν’
570 3227 754 3287 ἐκεῖνος
812 3224 871 3279 δὲ
911 3231 1072 3299 φέρων
1126 3225 1238 3278 ὅλον
1287 3225 1485 3289 ἑαυτὸν,
1544 3231 1616 3294 τῷ
1665 3220 1824 3274 κολα-

220 3324 425 3393 στηρίῳ
483 3322 572 3369 καὶ
632 3316 874 3387 ἀσϐέστῳ
935 3320 1062 3387 πυρὶ
1115 3312 1467 3387 ἑναπέρριψςν.
1540 3310 1827 3383 Ἀνθρακες

214 3414 311 3480 μέν
370 3427 451 3460 τοι
512 3425 572 3478 γε
628 3411 741 3458 τισὶ
786 3404 1193 3479 παρελήφθησαν
1250 3404 1306 3454 αὶ
1352 3402 1692 3475 ζωπυρούσαι
1738 3402 1827 3450 καὶ

218 3496 622 3549 ἀναθάλπουσαι
672 3498 729 3546 τὸ
777 3496 1084 3565 ἡγεμονικὸν
1133 3491 1376 3565 ἐργασίαι
1419 3509 1472 3542 τε
1500 3494 1590 3541 καὶ
1633 3508 1827 3562 παραι-

216 3592 409 3653 νέσεις,
454 3590 543 3638 καὶ
589 3588 676 3637 τὸν
724 3583 882 3636 πολύν
928 3589 1017 3642 τῆς
1064 3583 1260 3655 ἔχθρας
1305 3587 1544 3652 χειμῶνα
1596 3577 1663 3637 εἰς
1693 3576 1829 3649 εἰρη-

217 3682 373 3735 νικήν
397 3675 629 3747 γαλήνην
674 3670 1094 3746 μεταϐάλλουσαί
1136 3687 1191 3720 τε
1221 3673 1308 3719 καὶ
1349 3664 1696 3720 διαλύονσαιε
1740 3665 1828 3726 οὖς

222 3785 385 3839 φασιν
439 3764 767 3838 ἐπισωρεύων
838 3762 863 3812 ὀ
932 3760 1203 3833 εὐεργετῶν
1260 3764 1321 3829 τῇ
1396 3764 1482 3809 τοῦ
1537 3752 1830 3826 δυσμενοῦς

1933 3133 2155 3206 quibus
2189 3132 2413 3203 accepti
2444 3137 2584 3187 sunt
2608 3131 3003 3188 accendentes
3033 3136 3092 3188 et
3118 3131 3440 3187 excitantes
3467 3132 3593 3188 ani~

1937 3238 2100 3278 mam
2114 3220 2491 3293 operationes
2514 3225 2567 3275 et
2584 3220 3044 3287 admonitiones,
3061 3225 3117 3276 et
3133 3219 3383 3277 multam
3404 3220 3595 3276 inimi-

1937 3312 2086 3367 citias
2112 3307 2435 3381 procellam
2463 3310 2520 3364 in
2545 3308 2858 3380 paciﬁcam
2883 3308 3144 3380 quietem
3178 3309 3595 3365 transferentes

1936 3407 1994 3457 et
2014 3398 2424 3464 dissolventes;
2445 3413 2621 3470 quos,
2636 3397 3158 3469 aiunt,congerens
3173 3398 3518 3454 benefactor
3534 3397 3598 3454 in

1937 3486 2270 3545 exacerbati
2291 3490 2493 3559 caput;
2518 3493 2575 3542 et
2601 3484 2955 3542 mortiﬁcam
2981 3487 3062 3543 ita
3086 3486 3387 3559 expellens
3408 3487 3601 3543 inimi-

1938 3578 2156 3643 citiam,
2184 3581 2241 3631 et
2265 3576 2661 3632 corroborans
2685 3578 2744 3630 in
2767 3574 3145 3631 dilectionem
3168 3591 3305 3631 eum
3327 3576 3430 3647 qui
3454 3575 3602 3647 pati-

1942 3668 2054 3726 tur,
2075 3662 2233 3716 hunc
2250 3659 2495 3732 quidem
2521 3674 2743 3730 magno
2766 3663 2822 3715 et
2842 3658 3055 3715 exitiali
3078 3660 3288 3717 morbo
3309 3658 3599 3727 liberavit,

1943 3750 2056 3805 sibi
2074 3765 2208 3805 vero
2221 3764 2355 3804 eam
2377 3764 2512 3821 qua:
2538 3748 2749 3803 exinde
2771 3753 2858 3803 est
2877 3746 3212 3804 felicitatem
3236 3749 3599 3821 procuravit.

224 3835 451 3928 κεφαλῇ,
521 3835 615 3906 καὶ.
684 3858 772 3909 τήν
857 3852 1153 3923 νεκροποιόν
1236 3844 1307 3900 δι’
1389 3846 1544 3898 αὐτόν
1620 3843 1838 3895 ἐλαύνων
1907 3840 2125 3913 ἔχθραν,
2194 3842 2283 3889 καὶ
2348 3835 2666 3911 ἀναρρωννὺς
2734 3837 2801 3897 εἰς
2864 3835 3070 3909 ἀγάπην
3141 3840 3229 3890 τὸν
3296 3840 3599 3909 πάσχοντα,

226 3925 419 3997 ἐκεῖνον
451 3962 504 3995 τε
528 3941 759 4015 μεγάλης
787 3944 876 3992 καὶ
902 3939 1133 4013 ὀλεθρίας
1162 3942 1318 3988 νόσου
1350 3932 1650 4002 ἀπήλλαξεν,
1675 3931 1839 4005 ἑαυτῷ
1867 3948 1920 3982 τε
1949 3932 2043 3986 τήν
2065 3926 2253 3979 ἐκεῖθεν
2282 3930 2646 3999 μακαριότητα
2676 3925 3032 3998 προεξένησεν.

798 4033 1112 4083 ΕΡΩΤΗΣΙΣ
1152 4025 1272 4079 ΝΓ’.

231 4132 355 4183 Πῶς
432 4124 633 4179 νοητέον
712 4122 799 4191 τό-
837 4118 1104 4191 εἰρημένον
1174 4116 1318 4191 ποιρά
1378 4118 1481 4191 ,τοῦ
1527 4117 1692 4191 ΔΘεοῦ
1762 4116 1835 4180 τῷ

432 4200 633 4264 Menesi,
669 4213 698 4243 «
727 4185 1105 4243 Ἰὅοὺόέδωκά
1133 4205 1189 4238 σε
1218 4185 1328 4237 θεὸν
1360 4187 1578 4257 Φαραώ;
1608 4202 1635 4233 ))

2362 4016 2683 4081 ουτεδτιο
2716 4015 2830 4072 LIII
2865 4013 2970 4087 [αι.
3002 4013 3136 4087 Lll].

1947 4105 2244 4174 Quomodo
2262 4102 2715 4185 intelligendum
2731 4104 2951 4185 dignm
2966 4119 3003 4159 a
3022 4104 3139 4185 D329
3157 4104 3352 4175 Moysi
3366 4118 3389 4160 ,ο
3403 4123 3430 4154 (ι
3448 4103 3604 4161 Ecce

2349 4174 2476 4229 dedi
2506 4180 2559 4230 te
2587 4175 2759 4230 deum
2782 4175 3133 4230 Pharaoni?
3165 4194 3189 4226 ν

1110 4290 1261 4341 Edita
1287 4303 1318 4339 a
1348 4288 1504 4343 Maio,
1532 4287 1565 4335 ι.
1593 4300 1661 4342 c.,
1692 4300 1751 4349 p.
1795 4284 1870 4333 58.
1908 4282 1966 4331 In
2004 4280 2167 4331 verba
2200 4279 2363 4329 Exod.
2392 4293 2483 4336 vn,
2519 4280 2539 4327 1
2577 4293 2725 4343 seqq.

301 4397 390 4451 Ἐκ
442 4404 543 4448 τῶν
589 4395 725 4446 κατά
775 4387 945 4451 πόδας
993 4389 1241 4464 ῥημάτων
1284 4387 1311 4444 ὴ
1370 4392 1461 4438 τοῦ
1517 4384 1834 4455 ζητουμένου

2019 4381 2095 4434 Ex
2122 4376 2405 4448 subjectis
2432 4376 2622 4432 verbis
2645 4377 2882 4447 qumsiti
2911 4376 3311 4449 interpretatio
3336 4374 3555 4449 [infert]
3583 4394 3603 4449 ς

232 4487 521 4562 ἑρμηνεία⁸
564 4482 743 4554 ἐπάγει
783 4482 884 4551 γάρ
911 4497 922 4508 ⁸
959 4461 1120 4530 «Καὶ
1152 4476 1350 4549 Ἀαρὼν
1402 4475 1427 4525 6
1481 4468 1700 4544 ἀδελφός
1742 4489 1837 4562 σου

1949 4465 2118 4523 addit
2135 4466 2295 4521 enim
2312 4481 2324 4519 :
2348 4485 2375 4516 «
2392 4465 2662 4521 EtAaron
2681 4464 2861 4521 frater
2877 4470 3014 4521 tuus
3030 4466 3138 4522 erit
3157 4465 3256 4521 tibi
3280 4467 3570 4538 propheta
3589 4487 3603 4531 ς

232 4580 390 4630 ἔσται
441 4594 526 4627 σοι
567 4575 834 4644 προφήτης
860 4587 872 4597 ·
922 4588 986 4620 σν
1028 4563 1087 4619 δι
1124 4564 1363 4622 λαλήσεις
1408 4564 1573 4613 πάντα
1613 4562 1715 4612 ὅσα
1762 4558 1840 4609 ἐν-

236 4665 483 4738 τέλλομαί
516 4681 601 4714 σοι
623 4677 637 4689 ·
680 4661 705 4711 ὀ
739 4654 798 4710 δι
829 4658 1025 4729 ’Λαρων
1075 4650 1296 4725 ἀδελφός
1337 4670 1430 4703 σον
1470 4649 1682 4707 λαλήσει
1713 4650 1841 4722 πρὸς

237 4760 449 4827 Φαραώ.
488 4773 515 4801 ››
552 4750 637 4810 Ὠς
660 4744 749 4800 οὖν
786 4745 1057 4819 ἐχρήσατο
1081 4751 1153 4813 τῷ
1187 4747 1366 4796 Μωσεί
1413 4741 1438 4791 ὀ
1485 4742 1609 4800 Θεὸς
1652 4738 1842 4809 ὑπηρε-

238 4824 406 4903 τῆσαι
453 4848 569 4900 ταῖς
610 4840 746 4889 κατά
772 4839 956 4909 Φαραὼ
984 4837 1073 4885 καὶ
1122 4831 1420 4901 Αἰγυπτίων
1467 4826 1714 4897 πληγαῖς,
1759 4824 1843 4877 ού-

238 4952 339 4992 τως
378 4930 654 5002 ἐχρήσατο
703 4924 905 4985 Μωσῆς
955 4930 1025 4992 τῷ
1070 4920 1309 4994 ’Λαρὼν’
1359 4916 1517 4977 αὐτὸς
1561 4918 1651 4987 μὲν
1680 4930 1845 4987 προσ⁴

239 5025 459 5074 τάσσων
510 5017 730 5086 όῗπαρά
771 5007 903 5066 Θεοῦ
950 5012 1447 5084 προστασσόμενος’
1508 5007 1732 5077 ὑπηρέτῃ
1787 4998 1846 5055 δὶ

238 5116 514 5184 χρώμενος
567 5108 697 5180 πρός
746 5106 832 5154 τὸν
861 5105 1046 5172 Φαραὼ
1075 5106 1147 5168 τῷ
1194 5093 1416 5167 ἀδελφῷ.
1454 5097 1553 5146 Καὶ
1598 5089 1847 5151 διέσωζεν

240 5182 273 5261 ἦ
312 5198 504 5274 πρᾶξις
534 5194 584 5248 ἐν
640 5202 713 5264 τῷ
768 5190 995 5261 ἀναλόγῳ
1045 5191 1102 5239 τὸ
1155 5184 1585 5257 ἀπαράλλακτον·
1618 5183 1687 5242 ὡς
1743 5182 1845 5252 γὰρ

241 5271 371 5350 Θεὸς
420 5290 548 5363 πρὸς
602 5286 791 5355 Φαραὼ
818 5276 913 5331 διὰ
955 5281 1116 5350 μέσον
1171 5278 1393 5334 Μωσέως
1444 5271 1603 5329 οὕτως
1654 5276 1849 5329 Μωσῆς

244 5384 375 5452 πρὸς
427 5379 616 5447 Φαραὼ
671 5369 765 5424 διά
801 5373 963 5440 μέσου
1018 5365 1216 5437 Ἀαρὼν
1267 5363 1355 5421 τὰς
1405 5362 1713 5430 θεοσημείας
1766 5356 1851 5408 ἐπ-

244 5446 421 5522 ετῦ.ει.
480 5446 797 5517 Ἐπέτασσεν
854 5455 903 5509 ἐν
960 5461 1021 5527 τῇ
1083 5453 1258 5525 ἐρήμῷ
1312 5446 1506 5521 Χωρήϐ
1551 5456 1622 5516 τῷ
1674 5450 1854 5499 Μωσεῑ

240 5560 405 5638 ῥίψαι
442 5559 537 5614 τήν
579 5547 780 5630 ῥάϐδον
829 5548 855 5599 6
899 5548 1050 5611 Θεὸς,
1090 5548 1179 5594 καὶ
1217 5537 1549 5615 μετεϐάλλετο
1594 5535 1660 5595 εἰς
1716 5537 1848 5606 ὄφιν.

1950 4560 2011 4611 tu
2043 4570 2179 4609 vero
2209 4554 2469 4626 loqueris
2501 4552 2708 4609 omnia
2749 4569 3128 4626 quaecunque
3160 4555 3446 4626 principio
3478 4555 3601 4612 tibi.

1949 4648 2145 4699 Aaron
2215 4648 2416 4698 autem
2470 4641 2650 4698 frater
2699 4648 2835 4698 tuus
2891 4643 3166 4714 loquetur
3218 4644 3299 4700 ad
3353 4644 3606 4702 Pharao-

1950 4747 2132 4789 nem:
2169 4754 2196 4782 »
2233 4732 2391 4787 Sicut
2436 4730 2614 4801 igitur
2643 4747 2788 4788 usus
2817 4737 2905 4788 est
2946 4731 3156 4804 Moyse
3199 4734 3353 4789 Deus
3384 4739 3448 4790 ut
3493 4734 3605 4791 mi-

1952 4821 2227 4877 nistraret
2247 4826 2452 4876 contra
2475 4819 2840 4876 Pharaonem
2855 4826 2913 4877 et
2930 4820 3251 4893 rEgyptios
3272 4822 3506 4893 plagas,
3529 4824 3611 4881 ita

1958 4925 2102 4966 usus
2124 4915 2212 4964 est
2237 4908 2469 4981 Muyses
2494 4912 2763 4977 Aarone;
2789 4908 2918 4980 ipse
2936 4910 3158 4980 jubens
3177 4927 3215 4967 a
3239 4911 3358 4967 Deo
3372 4912 3610 4982 jussus;

1957 4998 2234 5054 ministro
2255 5003 2454 5054 autem
2483 5001 2653 5053 utens
2671 4998 2748 5055 ad
2767 4998 3142 5055 Pharaonem
3168 4999 3365 5057 fratre.
3395 5004 3460 5056 Et
3492 5017 3611 5059 ser-

1956 5088 2117 5144 vavit
2132 5092 2302 5143 actus
2317 5087 2375 5142 in
2391 5085 2646 5157 analogo
2659 5088 3075 5144 omnimodam
3098 5088 3572 5147 simuliludinem
3593 5109 3613 5163 ;

1959 5182 2023 5231 ut
2052 5176 2211 5232 enim
2254 5178 2405 5232 Deus
2436 5176 2728 5231 Pharaoni
2761 5193 2864 5249 per
2910 5177 3326 5234 intermedium
3358 5182 3612 5252 Moysen,

1959 5266 2039 5321 ita
2058 5265 2292 5336 Moyses
2316 5264 2604 5320 Pharaoni
2629 5280 2730 5337 per
2750 5266 3170 5323 intermedium
3192 5268 3390 5325 Aaron
3415 5269 3622 5326 divina

1963 5359 2233 5426 portenta
2292 5352 2612 5409 mandavit.
2667 5354 2939 5425 Praecepit
3001 5356 3060 5410 in
3122 5356 3358 5414 deserto
3430 5357 3622 5415 Horeb

1964 5443 2150 5515 Moysi
2183 5447 2245 5498 ut
2275 5442 2588 5514 projiceret
2624 5442 2854 5514 virgam
2894 5444 3067 5510 Deus,
3099 5450 3157 5501 et
3193 5446 3255 5504 in
3292 5446 3622 5504 draconem

1963 5533 2194 5604 lignum
2234 5531 2560 5589 formatum
2598 5538 2689 5591 est
2734 5540 2793 5591 et
2845 5534 3192 5607 simpliciter
3243 5551 3622 5608 quascunque
