4140 6198
415 327 418 330 ’
471 335 575 392 395

1697 331 1936 388 PHOTII
1977 329 2460 387 PATBIARCH/E
2499 331 2606 387 (ΖΡ.

3729 341 3834 396 396

475 475 750 524 noscens,
778 458 922 532 quid
953 459 1198 531 impedit
1227 459 1424 532 ipsum
1451 459 1789 528 Evangelia,
1824 474 1959 529 quae
1989 461 2115 528 post

2233 457 2383 518 αὐτὸς
2423 456 2562 508 ἐστιν
2603 459 2627 508 ὁ
2671 465 2844 528 σαφῶς
2883 455 3052 526 εἰθως,
3107 466 3159 511 τί
3215 462 3398 514 κωλύει
3455 463 3610 514 αὑτὸν
3667 465 3833 535 £5927-

473 567 594 606 non
659 551 910 604 multum
971 555 1205 620 tempus
1262 555 1318 604 et
1371 549 1736 620 Scripturain
1804 552 2122 618 exceptura

475 639 684 694 erant?
709 637 962 692 Ubinam
988 638 1188 708 itaque
1207 639 1506 692 inveniam
1529 637 1724 692 locum
1755 637 2120 690 incolueren-

475 728 569 782 tiae
587 728 644 782 in
675 727 894 799 quibus
914 727 1134 781 dictum
1156 732 1244 781 est
1269 743 1280 781 :
1319 749 1344 776 ι‹
1373 727 1718 797 Ubicunque
1739 725 2116 794 praedicatum

473 817 644 872 fuerit
665 815 1048 884 Evangelium
1077 815 1454 880 hoc,dicetur
1475 821 1530 870 et
1551 815 1713 886 quod
1741 815 1870 869 haec
1900 813 2118 869 fecit?»

471 905 528 960 Si
553 921 696 960 vero
723 904 1104 974 Evangelium
1128 905 1321 974 ipsam
1349 904 1508 976 piam
1535 905 1826 959 actionem
1853 903 1988 974 quis
2015 919 2120 973 pu-

471 995 680 1050 taverit
723 993 1008 1060 mulieris,
1035 1008 1224 1064 neque
1263 993 1344 1046 sic
1395 993 1540 1062 ipsis
1591 991 1709 1046 ullo
1767 991 1948 1046 modo
1979 991 2120 1045 insi-

470 1083 709 1154 pientiae
763 1081 1080 1137 adhaerebit
1113 1081 1368 1136 macula.
1405 1083 1520 1135 Non
1573 1080 1731 1136 enim
1778 1079 2119 1150 simpliciter

471 1171 648 1226 dixit:
672 1195 689 1220 ι
711 1171 1056 1242 Ubicunque
1072 1169 1458 1241 praedicatum
1475 1169 1663 1234 fuerit,
1693 1169 1937 1232 dicetur,
1968 1188 1992 1217 υ
2018 1167 2118 1222 sed

471 1285 500 1312 (ί
527 1261 878 1331 Ubicunque
901 1259 1290 1330 praedicatum
1319 1259 1505 1324 fuerit,
1534 1259 1590 1312 in
1615 1259 1967 1312 memoriam
1991 1258 2117 1327 ejus

469 1351 697 1404 dicetur
721 1367 780 1414 ;»
799 1348 859 1403 id
877 1355 964 1402 est
989 1348 1237 1417 gloriam
1253 1349 1432 1418 ipsius
1455 1363 1774 1418 perennem
1791 1347 2113 1414 suscitabit,

467 1445 522 1494 et
551 1437 772 1509 ubique
803 1437 1164 1492 admiratum
1195 1435 1658 1491 circumsonabit
1690 1435 1910 1490 amoris
1940 1435 2117 1490 divini

467 1527 894 1582 testimonium.
922 1527 1259 1580 Memoriam
1289 1526 1444 1579 enim
1473 1541 1642 1580 sacra
1671 1525 1914 1595 Eloquia
1929 1523 2119 1578 solent

468 1617 734 1688 accipere
761 1631 869 1686 pro
887 1614 1168 1669 laudibus
1191 1613 1490 1684 praeclare,
1516 1619 1572 1668 et
1589 1613 1838 1684 gloriam
1855 1613 2118 1667 subindi-

467 1721 600 1761 care
618 1705 926 1760 florentem
953 1709 1010 1758 et
1035 1702 1469 1774 cumtemporis
1497 1719 1678 1756 cursu
1709 1703 2022 1770 vigentem.
2053 1705 2120 1756 Ut

2231 546 2390 616 γέλια,
2428 545 2460 596 ἃ
2491 546 2600 616 μετ’
2631 546 2688 596 οὗ
2735 546 2892 596 πολὺν
2924 553 3114 618 χρόνον
3165 555 3254 600 καὶ
3298 556 3390 608 την
3441 557 3648 624 Γραφην
3691 554 3832 624 ἔμε),-

2229 634 2307 686 λεν
2335 633 2688 696 ἀναδέξασθαι
2731 651 2744 700 ;
2789 635 2947 687 Ὥστε
2987 647 3084 688 ποῦ
3139 637 3200 689 ἂν
3249 641 3388 714 εὖροι
3427 645 3515 712 μεν
3565 648 3746 714 χώραν
3777 647 3831 694 τό

2233 722 2586 792 ἀσυνάρτητόν
2621 723 2666 774 ἐν
2707 725 2784 784 οἷς
2823 727 3024 797 εἴρηται
3067 746 3080 758 ε
3112 749 3130 775 ι
3177 727 3343 779 Ὀπου
3497 733 3742 802 κηρυχθῇ
3777 735 3831 783 τὸ

2231 812 2536 882 Εὑαγγέλιον
2575 820 2745 874 τοῦτο,
2778 812 3126 870 λαληθήσεται
3153 823 3242 868 xui
3269 817 3294 868 ὃ
3327 816 3564 876 ἐποίησεν
3593 823 3722 876 αὕτη
3762 839 3773 884 ;
3799 843 3826 873 »

2231 897 2377 952 Εἰδε
2430 904 2486 952 τό
2545 901 2852 972 Εὗαγγέλιον
2919 903 3080 961 αὐτὴν
3138 905 3453 958 εὖσεϐοῦσαν
3508 909 3692 981 πρᾶξίν
3749 930 3830 972 τις

2229 987 2458 1046 ἐννοησει
2489 997 2582 1051 τῆς
2623 994 2881 1060 γυναικός,
2927 989 3042 1042 οὐδ’
3091 994 3252 1054 οὕτως
3299 996 3477 1057 αὐτοῖς
3525 993 3772 1068 οὐδαμῶς
3805 1001 3829 1049 ὀ

2229 1087 2320 1139 τῆς
2371 1075 2696 1149 ἀδολεσχίας
2751 1081 3087 1151 προσάψαιτο
3141 1091 3334 1154 μωμος.
3387 1085 3462 1136 0')
3515 1089 3616 1159 γὰρ
3659 1086 3830 1150 ἁπλῶς

2228 1170 2342 1238 ἔφη,
2409 1189 2436 1216 ι(
2519 1170 2686 1220 Ὀπου
2753 1170 2838 1219 ἐὰν
2921 1173 3194 1238 κηρυχθῇ,
3263 1173 3628 1238 λαληθήσεται,
3723 1175 3831 1228 ἀλλ’

2233 1276 2254 1302 ‹
2297 1253 2464 1306 "Oxon
2497 1254 2578 1306 ἐὰν
2629 1258 2900 1327 κηρυχθῇ,
2944 1257 3016 1316 εὶς
3061 1265 3390 1330 μνημόσυνον
3444 1262 3610 1333 αὐτῇς
3665 1262 3829 1321 λαλη-

2519 1167 2686 1220 Ὀπου
2753 1168 2838 1219 ἐὰν
2921 1173 3194 1243 κηρυχθῇ,
3263 1173 3628 1242 λαληθήσεται,

2230 1345 2445 1400 θήσεται
2480 1363 2492 1376 ·
2543 1365 2571 1396 )›
2621 1349 2858 1396 τουτέστι
2931 1343 3088 1407 δοξαν
3141 1348 3313 1408 αὐτοῖς
3371 1350 3442 1411 εἰς
3499 1356 3831 1422 μνημόσυνον

2228 1432 2386 1492 αὐτῆς
2458 1431 2766 1504 ἀείμνηστον
2843 1432 3146 1499 ἀναστήσει,
3206 1443 3294 1489 xui
3367 1447 3642 1510 πανταχοῦ
3709 1443 3834 1492 θαυ-

2227 1523 2513 1591 μαζόμενον
2575 1526 2882 1593 περιηχὴση
2937 1525 2994 1573 τὸ
3043 1523 3291 1594 φιλόθεον.
3355 1530 3426 1578 Τό
3474 1531 3574 1600 γὰρ
3627 1535 3831 1600 μνημό-

2231 1628 2381 1660 συνον
2463 1613 2528 1660 ru
2597 1611 2706 1680 ἱερά
2793 1617 2961 1680 Λογια
3035 1615 3177 1665 εἴωθε
3259 1615 3678 1686 παραλαμϐάνειν
3741 1620 3827 1669 ἐπὶ

2226 1697 2494 1768 ἐγκωμίων
2546 1698 2810 1770 λαμπρῶς.
2861 1705 2950 1752 καὶ
3006 1697 3163 1763 δόξαν
3215 1701 3511 1760 ὑποδηλοῦν
3566 1704 3828 1758 ἀνθοῦσαν

467 1793 612 1849 illud
641 1809 702 1846 :«
734 1793 796 1847 In
825 1791 1176 1846 memoriam
1205 1797 1486 1846 aeternam
1505 1791 1818 1860 eritjustus
1849 1793 1916 1844 θ’.
1943 1811 1971 1840 »
2005 1790 2068 1844 Et
2100 1808 2114 1845 :

2226 1791 2310 1838 xui
2341 1795 2411 1856 τῷ
2443 1783 2532 1838 τοῦ
2554 1791 2750 1858 χρόνου
2783 1785 2960 1861 δρόμῳ
2991 1792 3451 1861 συνακμάζουσαν·
3477 1795 3546 1854 ὡς
3573 1799 3650 1845 τό·
3685 1817 3706 1843 α
3741 1793 3830 1856 Εἰς

471 1901 500 1934 ‹‹
533 1882 698 1937 Periit
727 1881 1018 1936 memoria
1047 1895 1254 1934 eorum
1309 1895 1444 1934 cum
1477 1879 1678 1934 sonitu
1707 1883 1754 1914 9³
1789 1896 1802 1944 ;
1837 1899 1864 1930 ››
1893 1885 1948 1934 et
1977 1881 2116 1934 talia

467 1971 672 2025 multa.
707 1973 878 2024 Recte
910 1985 1049 2023 vero
1098 1969 1347 2035 gloriam
1401 1968 1644 2031 inducit,
1681 1967 1945 2022 mulieris
1985 1985 2117 2022 san-

467 2065 628 2114 ctum
651 2060 867 2112 factum
895 2057 1260 2128 proclamat;
1289 2073 1426 2111 cum
1454 2057 1612 2112 enim
1647 2057 1724 2110 illi
1759 2057 2115 2128 vituperium

467 2153 523 2202 et
563 2146 860 2202 maculam
896 2146 1308 2216 imprimerent
1343 2149 1522 2200 Deum
1563 2146 1786 2200 amanti
1835 2145 1988 2200 facto
2020 2161 2118 2199 sa-

465 2235 682 2307 pientis
713 2235 1034 2290 meretricis
1057 2243 1110 2289 et
1135 2249 1240 2305 per
1261 2233 1726 2304 increpationem
1757 2235 1948 2305 ipsam
1979 2249 2118 2303 age-

466 2329 614 2388 rent,
644 2339 714 2380 ea
745 2323 818 2378 de
857 2339 1044 2378 causa
1073 2323 1344 2378 Salvator
1375 2322 1502 2377 aliis
1533 2323 1939 2392 praetermissis
1979 2339 2113 2394 quae

466 2414 842 2485 propositum
861 2417 1176 2467 consecuta
1194 2419 1328 2466 sunt
1345 2411 1588 2474 factum,
1615 2411 1854 2466 laudem
1877 2412 2120 2482 preemi-

469 2503 542 2557 sit
563 2507 620 2557 et
637 2502 912 2572 gloriam,
945 2501 1340 2556 celebritatem
1359 2500 1498 2555 facti
1523 2499 1740 2571 ubique
1761 2501 2119 2570 pervulgan-

465 2591 629 2646 dam.
652 2591 974 2662 Oportebat
1003 2590 1160 2644 enim
1180 2605 1384 2644 eorum
1403 2588 1708 2660 quibusilli
1733 2589 1949 2644 acerba
1979 2589 2116 2644 huic

465 2681 878 2752 partiebantur
895 2679 1270 2750 increpantes
1285 2685 1341 2733 et
1359 2679 1454 2733 ani
1468 2695 1626 2733 mam
1643 2677 2111 2741 confundebant.

464 2769 774 2824 contrariis
800 2769 1022 2824 hortari
1053 2773 1108 2823 et
1133 2783 1418 2837 recreare,
1449 2773 1502 2824 et
1533 2783 1776 2822 sensum
1809 2768 2009 2822 lectum
2035 2767 2114 2823 illi

464 2865 520 2915 et
549 2859 946 2915 exsultantem
979 2857 1302 2926 restituere,
1336 2857 1510 2912 simul
1541 2873 1678 2912 vero
1709 2861 1763 2912 et
1789 2857 2118 2928 praecipita-

463 2948 684 3004 tionem
711 2946 1116 3002 accusantium
1137 2947 1385 3001 trenare.
1422 2947 1602 3012 Quasi
1633 2965 1644 3003 :
1679 2946 1854 3016 Apud
1873 2961 1978 3000 vos
2009 2946 2116 3002 cri-

462 3035 891 3092 minationibus
909 3035 1246 3104 subjectum
1265 3034 1485 3090 factum
1508 3034 1888 3104 proclamans
1915 3034 2118 3090 Salva-

462 3125 601 3180 toris
641 3139 856 3188 sermo,
915 3137 1034 3178 non
1065 3127 1294 3178 tantum
1349 3127 1434 3176 est.
1486 3122 1793 3178 absolutus
1833 3123 1910 3178 ab
1947 3123 2110 3178 omni

2226 3117 2484 3188 χαιτίζειν
2526 3132 2538 3142 ·

463 3213 730 3278 crimine,
751 3212 854 3267 sed
883 3219 936 3266 et
967 3211 1186 3283 ubique
1209 3209 1646 3282 praedicabitur,
1673 3227 1742 3266 ex
1771 3211 2114 3266 meretriciis

462 3301 831 3370 germinibus
861 3300 1068 3355 ﬂorem
1087 3300 1402 3371 prudentia
1417 3299 1684 3355 eliciente
1699 3301 2035 3370 speciosum
2059 3307 2114 3356 et

459 3389 1036 3452 immarcescihilem,
1071 3395 1126 3443 et
1165 3388 1570 3443 admirabilem
1599 3404 1840 3443 sensum
1869 3389 2116 3444 demon-

463 3479 685 3542 strabit,
715 3483 771 3532 et
797 3477 1200 3531 sublimiorem
1231 3493 1417 3548 quam
1450 3493 1552 3548 pro
1569 3477 1788 3532 femina
1811 3477 2115 3544 cogitatio-

463 3583 598 3621 nem
632 3565 960 3636 accepisse,
994 3569 1176 3620 Deum
1225 3566 1464 3620 novisse
1491 3571 1546 3620 et
1577 3566 1880 3620 sacriﬁciis
1911 3565 2114 3622 divino

459 3655 744 3710 instinctu
777 3654 1054 3719 coluisse,
1101 3669 1280 3725 quem
1333 3653 1602 3708 humana
1643 3654 1835 3709 forma
1865 3655 2115 3710 circum-

461 3743 718 3814 tegebat.
735 3741 874 3797 Ideo
889 3747 945 3796 et
961 3741 1111 3796 ﬁnes
1124 3747 1292 3797 terrae
1307 3741 1668 3797 videbuntur
1681 3741 2113 3799 beatitudinem

461 3832 544 3888 illi
584 3833 806 3888 donare
846 3834 900 3886 et
929 3829 1154 3888 laudes.

915 4099 1232 4164 QUIESTIO
1267 4099 1372 4152 LVI
1407 4097 1512 4170 [aL
1549 4099 1676 4169 LV].

465 4189 787 4256 Quemnam
815 4203 1042 4244 sensum
1063 4193 1142 4242 est
1160 4202 1512 4256 consequens
1528 4195 1578 4241 et
1603 4187 2113 4254 irreprehensibile

531 4261 883 4329 investigare
894 4265 946 4314 et
971 4259 1300 4326 intelligere
1313 4275 1419 4324 per
1437 4259 1721 4314 Davidica
1741 4260 1914 4314 verba
1934 4259 2112 4314 dicen-

532 4332 614 4386 tia
648 4349 660 4385 :
697 4353 724 4380 «
763 4331 889 4384 Tibi
917 4331 1028 4384 soli
1057 4331 1296 4398 percavi
1323 4337 1375 4384 et
1407 4331 1627 4386 malum
1663 4345 1862 4384 coram
1895 4339 1950 4384 te
1969 4331 2106 4397 feci,

533 4409 596 4456 ut
622 4401 973 4469 justiﬁeeris
1007 4401 1068 4457 in
1115 4401 1476 4457 sermonibus
1507 4401 1621 4456 tuis
1653 4408 1704 4456 et
1746 4402 1946 4456 vincas
1979 4417 2109 4457 cum

521 4473 824 4543 judicarz‘s
851 4473 879 4528 9
913 4493 942 4526 »

2225 1881 2554 1947 μνημόσυνον
2591 1876 2792 1927 αἰώνιον
2815 1879 2962 1928 ἔσται
2993 1875 3200 1940 δίκαιος
3228 1897 3239 1908 ·
3279 1903 3306 1928 υ
3337 1886 3426 1932 καί
3459 1897 3471 1910 ·
3509 1901 3536 1932 ι(
3572 1883 3620 1933 Ἀ
3633 1883 3830 1934 πὼλετο

2225 1968 2282 2014 τὸ
2322 1969 2650 2035 μνημόσυνον
2683 1965 2840 2016 αὐτοῦ
2866 1965 2976 2036 μετ’
3003 1971 3143 2038 ἤχου
3177 1986 3186 1996 ·
3217 1991 3244 2016 ››
3275 1969 3364 2020 καὶ
3393 1970 3556 2020 πολλὰ
3585 1978 3830 2025 τοιαῦτα.

2227 2053 2450 2114 Εἰκότως
2483 2051 2540 2106 δὲ
2573 2051 2729 2114 δόξαν
2775 2053 2972 2125 ἐπάγει,
3003 2060 3096 2113 την
3137 2063 3230 2117 τῆς
3258 2062 3503 2126 γυναικὸς
3533 2061 3830 2133 ἱερουργίαν

2227 2145 2564 2214 προαγορεύει
2613 2162 2626 2174 ·
2681 2142 2789 2194 ἐπεὶ
2855 2147 2953 2216 γάρ
3023 2143 3202 2196 ἐκεῖνοι
3265 2147 3426 2216 ψόγον
3492 2155 3581 2200 xui
3645 2159 3829 2221 μὼμον

2227 2230 2488 2304 ἐπέτριϐον
2517 2239 2576 2302 τῇ
2631 2231 2844 2302 annos?)
2917 2234 3099 2306 πράξει
3165 2244 3254 2296 τῆς
3325 2243 3584 2308 σώφρονος
3635 2243 3830 2309 πόρνης

2227 2325 2315 2371 καὶ
2348 2317 2421 2370 δι’
2461 2319 2804 2390 ἐπιτιμήσεως
2853 2323 3013 2378 αὐτὴν
3063 2319 3209 2392 ἦγον,
3255 2327 3434 2376 τούτου
3483 2329 3646 2398 χάριν
3671 2329 3696 2378 ό
3725 2335 3830 2378 Σω-

2225 2413 2319 2482 τὴρ
2353 2411 2417 2460 τὰ
2465 2407 2593 2460 οῦιλα
2637 2407 2880 2470 παοεὶςᾶ
2909 2417 2970 2481 τῇ
3019 2416 3324 2484 προκειμένῃ
3372 2419 3638 2466 συνείπετο
3683 2418 3828 2487 πρά-

2227 2497 2320 2559 ξει,
2353 2499 2439 2548 τὸν
2497 2499 2700 2548 ἔπαινον
2755 2499 3001 2556 ἀντέθηκε
3057 2505 3145 2552 καὶ
3197 2505 3292 2558 τὴν
3343 2500 3520 2570 δόξαν,
3571 2507 3630 2556 τὸ
3673 2523 3830 2576 περι..

2226 2591 2424 2656 ώνυμον
2471 2593 2561 2644 τῆς
2609 2585 2860 2658 ἐργασίας
2911 2597 3185 2659 πανταχοῦ
3241 2587 3623 2650 διαπλωθῆναι.
3679 2590 3830 2644 Ἔδει

2223 2677 2324 2744 γὰρ
2379 2675 2456 2734 οἷς
2527 2673 2705 2726 ἐκεῖνοι
2763 2678 2819 2726 τὸ
2883 2679 3190 2748 σκυθρωπὸν
3243 2679 3372 2751 αὐτῇ
3437 2677 3830 2740 κατεσκέὃαζον

2225 2761 2553 2832 ἐπιτιμῶντες
2599 2767 2686 2814 καὶ
2739 2769 2832 2821 τὴν
2896 2763 3082 2835 ψυχὴν
3137 2772 3404 2837 συνέχεον,
3475 2771 3668 2820 τούτων
3717 2778 3830 2831 τοῖς

2225 2849 2464 2910 ἐναντίοις
2513 2851 2846 2924 παρακαλεῖν,
2899 2857 2988 2904 καὶ
3045 2852 3390 2920 ἀνακτᾶσθαι,
3451 2862 3537 2908 xui
3599 2861 3655 2908 τὸ
3703 2863 3830 2930 φρό-

2222 2959 2362 3010 νημα
2405 2947 2594 3012 χαῖρον
2625 2939 2755 3012 αὐτῇ
2808 2946 2895 2992 xui
2937 2939 3310 3014 ἀγαλλιώμενον
3361 2943 3822 3012 ἀποκαθιστάνειν,

2222 3027 2332 3098 οἶμα
2391 3025 2448 3080 δὲ
2485 3033 2577 3080 xui
2619 3034 2711 3086 τὴν
2761 3033 3062 3100 προπέτειαν
3111 3039 3210 3082 τῶν
3259 3033 3640 3104 αἰτιασαμένων
3701 3034 3826 3086 ἀνα-

2585 3124 2868 3188 μονονουχὶ
2907 3123 2965 3170 τὸ
3011 3119 3132 3193 παρ’
3180 3123 3320 3192 ὑμῶν
3361 3123 3552 3182 αἰτίαις
3598 3123 3828 3176 ὑποϐαλ-

2221 3205 2428 3276 λόμενον
2500 3209 2645 3278 ἔργον
2707 3206 2936 3258 ἀναϐοῶν
2997 3209 3021 3259 ό
3087 3215 3342 3280 σωτήριος
3401 3210 3550 3282 λόγος
3582 3229 3594 3240 ·
3627 3215 3695 3274 ὡς
3763 3213 3824 3264 οὐ

2223 3299 2374 3368 μόνον
2437 3294 2578 3347 ἐστὶν
2644 3295 3012 3369 ἀπολελυμένος
3076 3302 3248 3358 πάσης
3311 3300 3480 3361 αἰτίας
3547 3300 3672 3354 ἀλλὰ
3734 3308 3829 3354 xui

2224 3391 2500 3454 πανταχοῦ
2565 3387 2990 3458 κηρυχθήσεται,
3051 3395 3146 3448 τῆς
3201 3407 3252 3439 εκ
3296 3397 3550 3462 πορνικῶν
3591 3389 3832 3462 βλαστη-

2223 3476 2397 3546 μοίτων
2446 3475 2600 3534 ἄνθος
2649 3477 2984 3548 σωφροσύνης
3037 3473 3376 3547 ἀνασχούσης
3418 3481 3606 3552 ὡραῖόν
3643 3499 3698 3532 τε
3737 3485 3832 3532 καὶ

2225 3561 2536 3634 ἀμάραντον,
2597 3567 2686 3613 xui
2760 3565 3056 3634 θαυμασίαν
3113 3571 3208 3623 τὴν
3285 3573 3494 3638 γνώμην
3555 3565 3830 3636 ἐπιδείξει,

2223 3657 2312 3702 xui
2345 3650 2661 3725 ῦψηλοτέραν
2711 3653 2739 3709 ἡ
2789 3656 2922 3704 κατά
2964 3661 3189 3723 γυναῖκα
3231 3661 3467 3727 φρόνημα
3495 3655 3664 3708 λαϐεῖν
3697 3663 3831 3709 Θεὸν

2225 3739 2502 3809 ἐπιγνῶναι
2539 3744 2623 3790 xui
2661 3740 2874 3801 θυσίαις
2905 3743 3134 3800 θειάσαι,
3167 3743 3219 3793 ὃν
3249 3747 3278 3801 ἡ
3325 3743 3616 3815 ἀνθρωπίνη
3649 3751 3826 3820 μορφὴ

2223 3827 2543 3899 περιέστελλε
2599 3845 2611 3856 ·
2681 3823 2766 3878 διὸ
2823 3833 2910 3880 καὶ
2973 3832 3038 3880 τὰ
3110 3835 3310 3902 πέρατα
3367 3841 3456 3892 τῆς
3520 3833 3832 3906 οἰκουμένης

2225 3916 2512 3988 ὀφθήσεται
2541 3919 2624 3967 τὸν
2667 3921 3000 3990 μακαρισμὸν
3035 3917 3167 3990 αὐτῇ
3203 3915 3604 3992 δωροφοροῦντα
3639 3927 3730 3974 καὶ
3761 3925 3832 3974 τὰ

2225 4005 2480 4077 ἐγκώμια.

2783 4099 3094 4147 ararim:
3133 4095 3252 4159 Nq'.

2222 4189 2350 4258 Τίνα
2444 4189 2560 4234 νοῦν
2653 4180 2792 4233 ἐστιν
2878 4181 3154 4236 ἀκόλουθον
3203 4190 3340 4258 ’καὶ
3439 4182 3828 4258 ἀδυσῖιήμητον

2297 4253 2606 4324 ἀνιχνεῦσαι
2659 4258 2746 4303 καὶ
2793 4263 3115 4312 κατανοῆσαι
3191 4253 3284 4307 diu
3361 4265 3457 4308 τῶν
3525 4253 3823 4311 Δαυιδικῶν

2292 4325 2538 4400 ῥημάτων
2617 4323 2886 4392 λεγόντων,
2964 4349 2986 4375 ι
3073 4331 3156 4378 Σοὶ
3225 4333 3364 4399 μόνῳ
3438 4331 3670 4400 ἠμαρτον
3737 4337 3828 4382 καὶ

2294 4349 2538 4400 ρηματων
2619 4349 2886 4392 Λεγοντων,
2964 4349 2986 4375 ι
3073 4349 3156 4378 ιοι
3225 4349 3364 4399 μονῳ
3438 4349 3548 4399 ημα
3587 4349 3670 4380 τον
3737 4351 3828 4382 και

2294 4402 2351 4448 τό
2381 4399 2600 4467 πονηρὸν
2633 4395 2842 4446 ἐνωπιόν
2877 4415 2970 4448 σου
2999 4399 3242 4460 ἐποίησα,
3268 4400 3403 4460 ὅπως
3440 4399 3498 4449 ἂν
3531 4349 3829 4462 ὁθικαιωθῆς

2295 4467 2342 4519 ἐν
2391 4474 2498 4528 τοῖς
2559 4467 2727 4537 λόγοις
2787 4486 2879 4518 σου
2929 4473 3017 4520 xui
3063 4473 3278 4542 νικήσῃς
3341 4469 3389 4522 ἐν
3433 4479 3504 4542 τῷ
3559 4477 3828 4546 κρίνεσθαί

2297 4555 2396 4606 σε;

1521 4649 1674 4699 Edita
1701 4663 1732 4699 a
1761 4649 1914 4707 Maio,
1951 4651 1984 4698 l.
2013 4665 2079 4706 c.,
2115 4663 2166 4712 p.
2198 4649 2342 4696 61-65
2389 4647 2448 4694 In
2479 4645 2612 4704 Psal,
2641 4661 2682 4694 L.
2719 4648 2768 4696 6.

531 4765 774 4838 Propria
795 4767 1026 4836 quidem
1056 4766 1418 4822 difﬁcultatis
1443 4767 1659 4822 solutio
1690 4771 1744 4822 et
1775 4768 1853 4822 ad
1880 4766 2114 4822 Davidi-

461 4871 594 4911 cam
628 4856 984 4926 sapientiam
1017 4861 1231 4926 aptans
1261 4855 1316 4910 id
1353 4855 1510 4926 quod
1551 4855 1783 4910 videtur
1812 4856 2115 4911 declarare

459 4944 780 5000 verborum
798 4944 884 4999 vel
899 4944 974 5000 ad
993 4944 1424 4999 dissonantiam
1449 4944 1912 5016 propensionem
1928 4945 2116 5014 majo-

461 5047 609 5096 rem,
637 5031 766 5086 talis
799 5049 809 5086 :
841 5033 968 5086 Non
1003 5035 1088 5086 est
1112 5033 1421 5103 responsio
1454 5033 1530 5086 ad
1561 5031 1704 5086 illud
1741 5049 1754 5086 ε
1793 5053 1819 5083 ‹‹
1849 5033 1972 5087 Tibi
2007 5031 2113 5086 soli

462 5119 706 5186 peccavi
757 5138 770 5186 ;
813 5141 841 5171 »
875 5119 1063 5174 illud:
1125 5122 1190 5175 Ut
1235 5121 1576 5191 justiticeris
1629 5121 1690 5174 in
1735 5119 2115 5174 sermonibus

461 5208 596 5276 tuis,
629 5230 656 5260 »
691 5209 800 5264 etsi
825 5209 1024 5264 locum
1059 5209 1406 5280 priecedenti
1441 5209 1923 5281 propinquiorem
1967 5209 2116 5263 obti-

461 5300 684 5364 nuerit;
719 5297 1064 5352 redderetur
1089 5304 1288 5352 autem
1322 5299 1514 5366 magis
1545 5297 1776 5369 proprie
1801 5303 1852 5350 et
1885 5298 2116 5368 sapien-

459 5389 596 5452 tius,
629 5387 676 5441 si
707 5393 859 5441 certe
907 5385 984 5440 ad
1016 5402 1086 5442 ea
1113 5403 1248 5456 quae
1280 5387 1356 5442 ah
1387 5387 1550 5441 initio
1585 5387 1945 5457 praecedunt,
1977 5387 2116 5441 rela-

463 5478 684 5534 tionem
707 5479 1083 5530 sumerentur
1099 5475 1399 5530 habentia.
1432 5475 1612 5539 Quale
1634 5479 1719 5530 est
1752 5492 1764 5530 :
1791 5495 1820 5526 «
1848 5477 2114 5531 Miserere

532 5617 580 5654 ⁸³
620 5615 754 5672 Psal
783 5630 869 5684 cx,
905 5619 951 5670 t.
1029 5615 1266 5688 ’ﬁPsal.
1298 5629 1376 5680 ix,
1418 5619 1476 5672 7.

2295 4761 2608 4823 Ἰδιαςονσα
2641 4767 2730 4834 μὲν
2760 4771 2850 4816 τοῦ
2879 4759 3278 4838 διαπορήματος
3317 4765 3552 4828 ἐπίλυσις
3582 4773 3673 4819 καὶ
3703 4773 3834 4841 πρὸς

2223 4859 2317 4912 τὴν
2375 4851 2662 4912 Δαυῐὸικὴν
2723 4857 2905 4923 σοφίαν
2961 4851 3466 4926 καταρῥυθμίζουσα
3521 4859 3578 4906 τὸ
3639 4854 3834 4909 δοκοῦν

2227 4941 2562 5014 ἁπεμφαίνειν
2595 4950 2694 4993 τῶν
2737 4942 2980 5014 ῥημάτων
3025 4947 3112 4992 xui
3165 4946 3290 5014 πρὸς
3349 4939 3632 5014 διαφωνίαν
3679 4944 3830 5020 ἐπιρ-

2223 5032 2545 5104 ῥεπέστερον,
2589 5033 2802 5086 τοιαύτη
2836 5030 2928 5080 οὐκ
2959 5032 3095 5082 ἔστιν
3139 5027 3492 5093 ανταπόδοσις
3533 5041 3644 5096 τοῦ,
3679 5057 3706 5084 ιι
3747 5041 3834 5088 Σοὶ

2225 5126 2363 5192 μόνω
2410 5120 2661 5192 ἣμαρτον,
2707 5123 2788 5182 τό,
2822 5141 2848 5168 ‹‹
2879 5118 3053 5178 Ὅπως
3099 5118 3158 5170 ἀν
3211 5115 3500 5192 δικαιωθῇς
3533 5121 3579 5172 ἐν
3609 5131 3720 5184 τοῖς
3749 5123 3835 5176 λό-

2223 5227 2334 5280 γοις
2387 5227 2502 5272 σου,
2537 5228 2564 5256 ι)
2622 5207 2664 5259 εἰ
2712 5213 2800 5259 καὶ
2853 5211 2944 5264 τὴν
2985 5207 3129 5270 τάξιν
3181 5216 3268 5260 τοῦ
3325 5217 3717 5282 προηγουμένου
3753 5211 3836 5283 ἑγ-
3889 5213 3892 5216 ’

2224 5301 2445 5369 γυτέραν
2495 5297 2679 5368 ἔλαχεν
2729 5312 2742 5326 ⁸
2781 5293 3068 5354 ἀποδοθείη
3121 5294 3170 5348 δ’
3211 5297 3270 5348 ἂν
3323 5299 3629 5374 οἰκειότερον
3661 5321 3714 5352 τε
3741 5308 3834 5354 καὶ

2229 5393 2536 5458 σοφώτερον,
2597 5389 2641 5438 εἰ
2691 5405 2750 5456 γε
2816 5393 2887 5454 τῷ
2941 5384 3026 5436 ἀπ’
3077 5384 3253 5458 ἀρχῆς
3310 5394 3683 5461 προηγουμένω
3735 5395 3834 5448 τὴν

2227 5473 2486 5548 ἀναφοράν
2540 5475 2901 5547 παραληφθείη
2962 5479 3316 5546 παρεχόμενον
3365 5495 3377 5506 '
3425 5479 3552 5544 οἷον,
3595 5501 3622 5527 ‹‹
3658 5479 3835 5537 Ἐλέη-
