3938 6178
436 259 539 314 399
1663 244 1896 301 PHOTH
1939 242 2412 300 ΡΑΤΒΙΑΗΟΗᾹΞ.
2450 241 2562 298 CP.
3682 248 3761 303 400

438 381 826 456 praedicentur
866 377 1039 445 signa
1089 388 1228 429 mea
1258 371 1316 428 in
1351 386 1526 427 aures
1565 369 1824 426 filiorum
1865 374 2086 426 vestro-

2225 370 2316 422 ιείά
2367 387 2465 439 μου
2514 366 2589 419 ἐπ’
2648 367 2852 431 αύτούς,
2908 369 3045 429 ὅπως
3101 364 3434 440 διηγὴσηται
3609 376 3769 442 σημεῖά

437 486 571 526 rum
599 471 640 522 ¹.
677 489 703 517 ››
753 465 972 521 Deinde
1006 483 1019 524 :
1065 485 1092 513 α
1124 465 1187 518 Et
1212 477 1333 518 non
1373 460 1575 516 audiet
1604 476 1710 515 vos
1743 460 1990 526 Pharao,
2026 463 2089 514 ut

440 557 724 628 impleam
755 556 925 623 signa
959 568 1092 609 mea
1113 556 1169 608 et
1195 550 1470 624 prodigia
1503 565 1634 604 mea
1663 549 1719 604 in
1753 553 1908 605 terra
1934 550 2089 621 ipso-

439 664 574 705 rum
605 650 645 702 ³.
676 667 702 697 ››
741 646 960 700 Horum
987 643 1148 698 enim
1175 657 1362 696 unum
1411 639 1688 712 quodque
1718 643 1773 694 et
1811 654 2090 710 quaecun-

441 751 556 808 que
581 735 696 790 alia
728 749 832 806 per
857 731 1079 787 similes
1113 729 1496 801 proferuntur
1525 744 1703 784 voces
1729 728 1903 798 juxta
1932 727 2092 782 {etio-

442 823 690 892 logicum
711 819 941 875 reddita
953 818 1187 892 phrasis
1203 816 1488 879 habitum,
1509 815 1860 888 proprietate
1875 815 2091 886 quidem

443 911 873 969 annuntiantur
899 923 1084 963 sacra:
1116 911 1336 962 nostra;
1370 906 1700 977 Scripturm.
1738 903 1820 958 Ad
1851 909 2094 958 natura-

443 1001 562 1057 lem
615 1005 816 1056 autem
867 997 1157 1052 sermonis
1215 999 1458 1067 accepta
1507 994 1785 1057 formam,
1820 993 2093 1066 pietatem

446 1090 788 1160 aperiuntet
811 1088 884 1142 ad
916 1085 1283 1156 theosophiae
1311 1089 1527 1139 nostrae
1547 1083 1787 1138 afﬁnem
1817 1087 2097 1154 aptantur

448 1195 716 1234 sensum.
753 1177 977 1231 Etenim
1009 1190 1174 1231 more
1221 1173 1495 1229 ﬁrmatur
1543 1173 1789 1244 antiquo
1845 1187 1914 1226 ea
1962 1184 2116 1242 qum

449 1267 698 1323 omnino
730 1269 1009 1320 eventura
1035 1268 1171 1318 sunt
1202 1270 1256 1318 et
1280 1279 1410 1334 quae
1443 1277 1561 1317 non
1587 1265 1834 1333 possunt
1857 1263 2098 1332 propter

448 1355 961 1428 imperfectionem
1010 1353 1200 1408 exitus
1244 1351 1589 1406 circumcidi
1633 1352 1851 1420 saepius
1894 1349 1952 1404 in
1985 1349 2098 1404 hoc

449 1445 755 1515 divulgare
788 1443 1109 1498 schismate
1134 1459 1148 1505 ;
1195 1440 1338 1513 quia
1362 1444 1418 1495 et
1447 1454 1822 1510 qumcunque
1852 1437 2098 1509 phrasin

451 1550 663 1592 causas
711 1533 1076 1588 indicantem
1126 1531 1323 1585 sortita
1376 1532 1533 1594 sunt,
1562 1527 1833 1582 ordinem
1878 1525 2101 1582 habent

453 1639 660 1682 eorum
678 1638 811 1694 quae
843 1635 1192 1676 concessam
1224 1617 1447 1674 habent
1473 1616 1884 1672 substantiam.

527 1801 640 1859 Sed
679 1800 837 1856 enim
869 1799 1201 1872 proprietas
1240 1796 1372 1853 talis
1402 1787 1735 1868 Scriptum,
1769 1793 1939 1866 quale
1966 1797 2054 1848 est
2083 1809 2096 1847 :

456 1911 485 1944 ιι
513 1889 859 1946 Incredulus
892 1889 998 1944 fuit
1029 1888 1254 1944 Pharao
1301 1891 1357 1942 et
1400 1885 1718 1941 induratus
1749 1888 1840 1939 est
1869 1885 1911 1946 ⁸,
1944 1903 1971 1935 ››
2008 1882 2104 1936 mi-

449 1979 632 2036 tiﬁcae
659 1979 852 2051 plagae
869 1982 926 2034 et
949 1976 1199 2033 verbera
1219 1975 1444 2031 inﬂicta
1465 1973 1880 2030 inobedientiaa
1902 1973 2101 2044 ipsum

455 2075 511 2127 et
536 2069 771 2126 duritiae
801 2071 1004 2123 secuta
1053 2069 1211 2120 sunt.
1243 2067 1375 2121 Hec
1405 2069 1607 2120 autem
1652 2062 2106 2118 circumsonue-

453 2163 611 2224 runt,
637 2164 693 2214 et
718 2172 824 2230 per
841 2171 1084 2212 omnem
1117 2159 1335 2210 terram
1361 2153 1665 2223 divulgata
1696 2156 1852 2216 sunt,
1882 2151 1982 2207 Dei
2005 2165 2107 2222 po-

453 2249 701 2304 tentiam
733 2243 1282 2302 circumclamantia
1330 2248 1386 2298 et
1433 2241 1810 2298 admirationi
1867 2256 2001 2296 esse
2053 2243 2109 2295 et

457 2335 684 2409 stupori
700 2335 961 2392 validam
981 2349 1228 2389 manum
1249 2332 1347 2388 Dei
1369 2331 1785 2402 praeparanda;
1806 2329 2109 2398 hoeigitur

458 2426 707 2482 omnino
733 2439 804 2478 ex
835 2422 991 2477 illius
1019 2420 1232 2476 duritie
1255 2424 1607 2475 eventurum
1632 2419 1691 2474 in
1713 2418 2109 2487 mtiologicam

459 2514 717 2569 formam
767 2513 1068 2582 Scriptura
1114 2509 1348 2578 ﬁngens
1409 2507 1651 2579 protulit
1702 2507 2110 2580 prrenuntians

461 2606 635 2672 tropo
653 2599 1168 2654 exitusimmotam
1205 2597 1544 2653 ﬁrmitatem
1576 2597 1820 2662 ;etenim
1861 2594 2110 2651 omnino

463 2706 534 2746 ea
571 2705 831 2762 quorum
875 2704 1064 2744 causa
1107 2687 1361 2759 allegata
1405 2692 1585 2743 estex
1632 2685 1946 2742 stabilitate
1979 2701 2112 2757 pro-

462 2779 659 2836 dromi
703 2778 851 2849 tingi
899 2776 1090 2833 solent
1117 2782 1172 2833 et
1219 2775 1518 2848 explicari.
1563 2775 1894 2845 Castigatur
1936 2774 2112 2844 igitur

461 2869 713 2934 Pharao,
769 2883 892 2924 non
940 2871 1005 2923 ut
1051 2866 1410 2938 gloriﬁcetur
1463 2866 1638 2932 Deus,
1681 2865 1789 2920 etsi
1836 2865 1998 2920 vocis
2059 2869 2114 2921 et

463 2962 777 3016 contextus
820 2956 1016 3012 forma
1064 2955 1242 3012 talem
1286 2954 1546 3026 speciem
1579 2954 1809 3022 subeat,
1843 2953 1948 3009 sed
1972 2953 2116 3026 quia

462 3063 586 3105 non
607 3046 865 3104 obedivit
892 3050 949 3102 et
975 3045 1388 3102 inobedientiae
1415 3043 1525 3116 ipsi
1558 3043 1872 3116 oportebat
1903 3058 2114 3114 poenas

464 3135 736 3206 irrogari.
772 3134 887 3190 Etsi
919 3150 1059 3191 vero
1082 3150 1202 3190 non
1227 3133 1304 3190 ad
1333 3134 1449 3190 hoc
1471 3132 1862 3206 respiciebant
1895 3148 2112 3204 paenae,

465 3241 542 3283 ne
571 3226 736 3281 ﬁeret
781 3225 908 3297 ipse
952 3223 1372 3280 inobedientiae
1425 3222 1816 3294 mancipium,
1858 3228 2115 3278 attamen

467 3315 612 3386 quia
639 3314 837 3369 statim
878 3317 1092 3368 secuta:
1119 3317 1257 3369 sunt
1312 3312 1566 3384 impium
1616 3311 1998 3380 castigantes,
2023 3310 2115 3366 his

469 3408 665 3460 autem
685 3402 999 3458 verberum
1018 3407 1073 3458 et
1088 3402 1401 3474 plagarum
1417 3402 1729 3474 stupendis
1745 3401 1959 3458 divinis
1979 3416 2119 3473 por-

472 3492 646 3548 tentis
680 3491 981 3547 utdictum
1002 3491 1292 3547 estvirtus
1319 3496 1375 3547 et
1400 3491 1588 3561 gloria
1612 3491 1714 3546 Dei
1741 3491 1921 3547 simul
1943 3495 2119 3546 aucta

473 3585 560 3636 est
588 3585 644 3636 et
673 3579 946 3644 efﬂoruit,
987 3595 1109 3636 non
1150 3580 1379 3652 absque
1418 3582 1646 3636 ratione
1685 3596 1755 3637 ea
1784 3596 1920 3652 quae
1947 3579 2120 3650 juxta

475 3670 837 3741 retiologiam
861 3674 949 3725 est
967 3669 1290 3725 narrationi
1306 3668 1499 3726 forma
1515 3677 1570 3725 et
1583 3675 1862 3742 aspectus
1875 3671 2120 3725 circum-

475 3759 736 3832 ponitur,
752 3763 1099 3815 eventurum
1112 3758 1382 3825 omnino,
1399 3764 1790 3832 etantequam
1805 3761 2116 3823 evenisset,

477 3847 819 3905 testiﬁcante
837 3852 891 3904 et
920 3847 1312 3904 annuntiante
1330 3849 1702 3905 oraculorum
1731 3847 2117 3919 [divinorum]
2190 3861 2196 3867 ·

478 3937 962 4010 praecognitione.
979 3937 1201 3994 Eadem
1216 3937 1309 3993 via
1325 3942 1378 3994 et
1395 3938 1799 3993 Davidieorum
1812 3944 2122 3993 verborum

475 4043 612 4100 quas
645 4032 815 4083 antea
844 4026 1146 4100 propriam
1179 4027 1381 4082 sortita
1414 4031 1556 4082 sunt
1583 4026 2040 4082 elucidationem
2069 4029 2126 4080 et

477 4117 965 4174 constitutionem
980 4119 1038 4172 in
1053 4116 1330 4172 eamdem
1344 4116 1661 4172 etsimilem
1675 4116 1846 4172 dictis
1862 4117 2127 4188 eoaptari

478 4206 1157 4281 possentperfectionem
1179 4206 1667 4277 ;peccavitDavid
1684 4211 1738 4260 et
1752 4211 2126 4278 peccatorum

480 4298 780 4362 maximis,
799 4312 921 4352 non
935 4301 999 4352 ut
1018 4294 1558 4365 Deusjustiﬁcetur;
1580 4310 1699 4350 non
1713 4300 1794 4350 est
1810 4295 1988 4359 enim,
2005 4311 2126 4350 non

480 4388 751 4446 estullius
766 4391 1070 4460 peccatum
1088 4383 1491 4455 Deojustitiam
1505 4383 1997 4439 circumfundens.
2016 4385 2124 4440 Sed

479 4483 788 4552 postquam
802 4473 1338 4548 peccavitquidem,
1354 4487 1474 4528 non
1490 4473 1649 4528 auxit
1664 4489 1856 4544 neque
1872 4474 2130 4528 caecitate

482 4584 676 4640 neque
718 4566 1028 4622 inscientia
1070 4566 1403 4635 peccatum,
1457 4562 1721 4633 confugit
1763 4579 1898 4618 vero
1941 4563 2131 4632 magis

485 4658 561 4713 ad
582 4654 990 4727 pmnitentiam
1007 4658 1062 4708 et
1087 4655 1406 4724 lacrymas,
1437 4652 1818 4722 semetipsum
1842 4652 2132 4708 festinans

486 4744 728 4800 abluere
754 4747 1015 4814 peccato.
1051 4744 1160 4797 Dat
1199 4747 1397 4797 autem
1437 4742 1588 4796 Deus
1617 4742 1856 4797 veniam
1889 4741 1949 4796 in
1977 4741 2134 4796 beni-

489 4833 729 4902 gnitate,
749 4830 1352 4902 propriamjustitiam
1371 4831 1730 4901 etmajorem
1757 4847 1939 4902 quam
1964 4831 2135 4901 juxta

486 4921 823 4977 humanum
838 4935 1083 4975 sensum
1103 4919 1471 4990 splendidam
1487 4919 1762 4975 omnibus
1775 4919 2055 4974 exhibens
2081 4925 2137 4975 et

489 5006 1274 5078 circumspectabilem.ldeo
1291 5024 1428 5064 cum
1461 5007 1702 5063 dixisset
1722 5006 1936 5064 David:
1970 5007 2134 5062 «Tibi

491 5098 598 5154 soli
643 5096 901 5168 peccavi,
931 5100 993 5151 ut
1019 5096 1380 5166 justiﬁceris,
1405 5116 1432 5148 »
1460 5097 1556 5167 adj
1571 5097 1756 5160 unxit,
1779 5115 1806 5146 (ι
1828 5097 1886 5151 in
1916 5112 2135 5152 sermo-

491 5187 664 5244 nibus
695 5185 828 5254 tuis,
859 5206 884 5234 »
919 5185 1283 5257 iniquitatem
1321 5185 1566 5256 quidem
1609 5186 1954 5258 paenitentia
1989 5185 2138 5240 exci-

492 5277 707 5350 piente,
729 5275 1138 5348 pmnitentiam
1160 5291 1300 5330 vero
1317 5275 1679 5346 benignitate
1697 5291 1880 5348 supra
1897 5291 2138 5331 omnem

495 5380 852 5430 sermonem,
885 5363 944 5420 in
971 5363 1334 5434 benignitate
1355 5380 1493 5420 vero
1523 5364 1583 5419 in
1616 5364 1992 5420 sermonibus
2024 5364 2141 5421 elu-

569 5547 585 5582 ¹
621 5542 805 5602 Exod.
841 5558 898 5609 x,
927 5543 980 5600 1.
1058 5543 1080 5577 ³
1112 5539 1298 5599 Exod.
1331 5557 1429 5607 vn;
1470 5543 1522 5597 4.
1602 5541 1622 5576 ³
1655 5539 1797 5598 ibid.
1842 5543 1928 5598 13.

2197 477 2296 531 μου
2330 457 2397 518 εἰς
2428 459 2493 508 τά
2524 454 2630 508 ὦτα
2673 465 2772 509 τῶν
2808 460 2992 508 τέκνων
3042 458 3180 527 ὑμῶν
3208 474 3220 487 ·
3258 479 3284 505 ››
3317 457 3428 510 εἶτα
3461 475 3471 488 ·
3513 479 3540 509 (ί
3577 465 3672 510 Καὶ
3697 462 3771 512 οὐκ

2201 547 2559 599 εἰσακόύσεται
2613 547 2753 617 ὑμῶν
2821 552 3023 618 Φαραὼ,
3086 549 3166 597 ἱνα
3213 546 3454 604 πληθύνω
3503 551 3567 599 τα
3609 553 3773 620 σημεῖά

2199 656 2298 709 μον
2354 641 2442 687 καὶ
2489 638 2554 686 τά
2599 637 2787 708 τέρατά
2834 655 2933 706 μον
2989 634 3034 686 ἐν
3085 645 3144 708 τῇ
3315 637 3503 691 αὐτῶν.
3538 640 3774 688 »Τούτων

2199 729 2297 798 γαρ
2359 728 2572 778 ἕκαστον
2625 731 2714 775 καὶ
2753 727 2853 776 ὅσα
2892 724 3020 776 σῦλα
3067 721 3160 776 διὰ
3202 735 3296 777 των
3340 727 3532 797 ὁμοίων
3577 729 3774 797 πρόαγε⁸

2201 835 2284 868 ται
2340 823 2512 886 φωνῶν
2565 816 2701 865 κατά
2744 817 2828 865 τόν
2883 814 3227 884 αἰτιολογικόν
3287 812 3656 887 ἀποδιδόμενα
3702 825 3778 878 τῆς

2205 907 2439 976 φράσεως
2512 907 2912 975 σχηματισμόν,
2978 901 3224 975 ἰδιώματι
3285 909 3374 975 μὲν
3425 904 3781 975 ἀπαγγέλλεται

2205 1002 2299 1052 τῆς
2334 996 2465 1066 ἱεράς
2508 995 2650 1063 ἡμῶν
2701 999 2944 1063 Γραφῆς⁶
2980 997 3106 1066 πρὸς
3148 997 3204 1046 τό
3242 997 3457 1064 φύσικόν
3502 991 3560 1046 δὲ
3609 1003 3695 1046 τού
3718 995 3781 1045 λό-

2205 1103 2300 1154 γον
2349 1082 2838 1154 μεταλαμϐανόμενα
2887 1079 3040 1148 εἶδός,
3099 1087 3155 1135 τό
3213 1082 3412 1144 εύσεϐες
3463 1083 3784 1148 ἀναπτύσσει,

2208 1177 2295 1224 καὶ
2345 1175 2473 1244 πρὸς
2517 1175 2573 1223 τὸ
2625 1180 2716 1231 τῆς
2777 1173 3043 1243 Osee-opta;
3087 1174 3229 1244 ἡμῶν
3284 1176 3525 1243 σύγγενες
3566 1179 3789 1243 καταρτί-

2212 1262 2289 1321 Cu
2334 1264 2391 1312 τό
2432 1265 2685 1334 ρρόνημα.
2723 1266 2822 1313 Καὶ
2856 1265 2958 1335 γὰρ
3002 1264 3101 1314 ἔθει
3144 1265 3449 1333 κρατύνεται
3495 1263 3701 1332 παλαιῷ
3741 1267 3791 1314 τά

2209 1353 2413 1412 πάντως
2459 1349 2826 1422 ἀποϐησόμενα
2870 1355 2959 1401 καὶ
3017 1356 3088 1423 μὴ
3143 1353 3226 1403 οἷά
3270 1371 3323 1404 τε
3367 1357 3489 1404 ὄντα
3537 1361 3614 1422 τῷ
3656 1351 3790 1404 ἀτελεῖ

2211 1449 2306 1501 τῆς
2394 1438 2650 1501 ἐκϐάσεως
2734 1442 3138 1512 περικόπτεσθαι
3212 1441 3450 1501 πολλάκις
3531 1440 3580 1492 ἐν
3652 1446 3792 1509 τούτῳ

2212 1529 2589 1601 περιαγγέλλειν
2634 1538 2705 1600 τῷ
2741 1535 3003 1600 σχίσματι
3036 1547 3047 1558 ·
3080 1529 3186 1582 ἐπεὶ
3230 1537 3318 1583 καὶ
3359 1533 3458 1583 ὅσα
3497 1537 3590 1588 τὴν
3627 1534 3792 1604 φράσιν

2213 1617 2641 1690 αἰτολογονμένην
2673 1620 2849 1689 ἔλαχε,
2885 1623 2978 1678 τὴν
3007 1619 3152 1682 τάξιν
3184 1620 3360 1692 ἐπέχει
3391 1628 3489 1673 τῶν
3523 1621 3794 1692 ὁμόλογον-

2141 1731 2183 1783 Β
2211 1713 2366 1781 μένην
2393 1707 2617 1779 ἐχόντων
2643 1713 2735 1766 τὴν
2761 1708 3000 1781 ὕπαρξιν.

2287 1796 2441 1849 Ἀλλά
2493 1800 2590 1870 γὰρ
2648 1802 2706 1850 τό
2754 1801 2843 1869 μὲν
2901 1796 3099 1871 ἰδίωμα
3153 1807 3384 1853 τοιοῦτον
3439 1809 3528 1862 τῆς
3587 1807 3797 1876 Γραφῆς,

2213 1888 2340 1955 οἷον,
2396 1908 2424 1936 ι(
2453 1887 2679 1940 ἰἰπείθει
2724 1893 2908 1960 Φαραὼ
2958 1894 3047 1941 καὶ
3087 1887 3440 1962 ἐσκληρύνετο,
3491 1913 3510 1940 ι
3557 1893 3617 1942 αἱ
3659 1892 3803 1962 παρά-

2214 1973 2356 2039 δοξοι
2406 1976 2604 2045 πληγαὶ
2652 1982 2741 2028 και
2771 1979 3024 2048 μάστιγες
3064 1978 3496 2050 εἰσπραττόμεναι
3537 1989 3641 2040 τῆς
3683 1980 3804 2032 ἀπει-

2215 2067 2326 2125 θίας
2355 2065 2509 2117 αὐτὸν
2540 2070 2628 2117 καὶ
2678 2065 3025 2140 σκληρότητος
3072 2071 3290 2122 εἵποντο.
3334 2075 3512 2121 Ταῦτα
3542 2065 3608 2121 δὲ
3644 2073 3699 2122 τό
3736 2089 3807 2120 περ

2212 2154 2454 2228 ριϐόητον
2495 2152 2626 2226 εἶχε,
2681 2161 2770 2207 καὶ
2825 2155 2920 2207 ἀνα
2973 2163 3144 2209 πᾶσαν
3191 2162 3287 2215 τὴν
3333 2167 3432 2229 γῆν
3480 2157 3686 2230 ἐφοίτα,
3728 2164 3806 2216 τὴν

2215 2252 2306 2296 τοῦ
2365 2252 2498 2298 Θεοῦ
2561 2241 2870 2296 δυναστείαν
2942 2265 3333 2318 περιηχονμενα
3387 2254 3476 2299 καὶ
3531 2251 3809 2320 θαυμάζειν

2217 2339 2302 2386 καὶ
2355 2333 2864 2406 ὑπερεκπλὴττεσθαι
2911 2340 3003 2392 τὴν
3047 2339 3298 2408 κραταιὰν
3345 2345 3506 2408 χεῖρα
3555 2347 3651 2390 τού
3690 2346 3808 2390 Θεοῦ

2218 2423 2720 2496 παρασκευάζοντα·
2756 2431 2907 2474 τοῦτο
2953 2419 3038 2474 οὖν
3082 2427 3136 2476 τὸ
3185 2426 3390 2486 πάντως
3450 2425 3502 2477 ἐκ
3547 2434 3649 2488 τῆς
3690 2427 3812 2478 ἐκείο

2217 2531 2306 2563 νου
2358 2511 2711 2583 σκληρότητος
2752 2510 3115 2584 έκϐησόμενον,
3166 2514 3236 2575 εἰς
3282 2513 3634 2586 αἰτιολογικὸν
3684 2513 3809 2577 εἶδος

2218 2603 2247 2659 ἠ
2317 2604 2490 2673 Γραφή
2560 2605 2952 2672 σχηματίσασα
3007 2607 3322 2674 προενηνοχε
3380 2609 3812 2676 προκηρύττονσα

2219 2699 2290 2760 τῷ
2321 2695 2494 2764 τρόπῳ
2543 2693 2600 2742 τὸ
2636 2699 2730 2752 τῆς
2784 2690 3040 2753 ἐκϐάσεως
3084 2691 3429 2763 ἀμετάθετονο
3466 2699 3557 2745 καὶ
3607 2699 3710 2767 γὰρ
3757 2700 3813 2754 ως

2222 2778 2407 2831 ἐπίπαν
2464 2783 2554 2830 καὶ
2610 2782 2677 2832 τά
2739 2780 3161 2853 αἰτιολογούμενα
3217 2791 3288 2851 τῷ
3351 2781 3679 2856 ἀπαραϐάτῳ
3735 2790 3815 2840 τῆς

2221 2865 2452 2940 προόδου
2493 2865 2873 2922 εἰδοποιείσθαι
2915 2871 3043 2923 θέλει
3092 2876 3177 2923 καὶ
3227 2872 3626 2944 ἑρμηνεύεσθαι.
3667 2873 3816 2926 Κολά-

2225 2959 2369 3019 ζεται
2416 2962 2588 3010 τοίνυν
2634 2964 2841 3032 Φαραὼ,
2888 2959 2993 3030 οὐχ
3035 2962 3117 3011 ἱνα
3160 2957 3395 3032 δοξασθῇ
3429 2963 3456 3012 ό
3489 2967 3624 3023 osa;
3669 2961 3709 3015 εἰ
3737 2966 3818 3012 καὶ

2173 3090 2186 3106 ,
2223 3054 2314 3106 τῆς
2373 3055 2540 3118 φωνῆς
2585 3052 2674 3099 καὶ
2729 3055 2822 3110 τῆς
2882 3051 3164 3110 συνθέσεως
3213 3053 3271 3102 τὸ
3331 3059 3524 3122 σχῆμα
3583 3071 3822 3108 τοιαύτην

2226 3141 2514 3207 φαντασίαν
2566 3138 2874 3210 ὑπέρχεται,
2922 3137 3030 3189 ἀλλ’
3069 3141 3148 3190 ὃτι
3189 3139 3391 3198 ἠπείθει
3419 3146 3510 3192 καὶ
3558 3150 3650 3202 τῆς
3679 3141 3821 3192 ἀπει-

2230 3227 2366 3287 θείας
2407 3225 2561 3278 αὐτόν
2608 3222 2713 3278 ἔδει
2743 3229 2830 3287 τὰς
2876 3224 3031 3289 δίκας
3080 3231 3507 3303 εισπράττεσθαι.
3543 3231 3603 3284 Εἰ
3648 3227 3707 3283 δὲ
3736 3229 3825 3280 κέω

2227 3320 2297 3386 μὴ
2356 3317 2482 3386 πρὸς
2533 3322 2685 3367 τοῦτο
2747 3315 2914 3390 ἐώρων
2975 3319 3028 3368 αἱ
3075 3323 3340 3390 τιμωρίαι,
3392 3316 3532 3391 μηδὲ
3592 3325 3721 3394 πρὸς
3773 3323 3826 3370 τὸ

2226 3405 2467 3474 γενέσθαι
2516 3403 2668 3455 αύτόν
2732 3413 2827 3466 τῆς
2875 3403 3137 3468 ἀπειθείας
3186 3404 3538 3480 ἀνδράποδον,
3588 3407 3694 3458 ἀλλ’
3744 3404 3827 3458 οὖν

2229 3491 2430 3566 ἐπείπερ
2484 3495 2617 3545 κατά
2669 3490 2834 3554 πόδας
2885 3494 3245 3552 ἠκολούθησαν
3294 3500 3380 3548 τὸν
3434 3496 3695 3572 ἀλιτήριον
3747 3517 3826 3546 τι-

2229 3583 2575 3655 μωρούμεναι,
2624 3584 2831 3644 ταύταις
2874 3579 2932 3636 δε
2974 3591 3090 3646 ταῖς
3119 3593 3217 3637 τῶν
3261 3593 3533 3658 μαστίγων
3577 3592 3663 3640 καὶ
3704 3587 3827 3643 πλη·

2228 3676 2332 3739 γῶν
2361 3667 2684 3743 παραδόξοις
2714 3673 3062 3744 θεοσημςίαις,
3097 3677 3163 3736 ὡς
3208 3679 3426 3748 είρηται,
3469 3678 3498 3733 ἡ
3546 3676 3707 3748 ἰσχύς
3744 3681 3830 3725 καὶ

2230 3759 2260 3814 η
2321 3755 2452 3820 δόξα
2503 3766 2592 3812 τοῦ
2651 3767 2782 3812 Θεοῦ
2843 3762 3144 3824 συνηυξηθη
3198 3768 3286 3816 καὶ
3343 3764 3828 3826 σννανεϐλάστανεν,

2231 3846 2325 3898 ούκ
2375 3847 2658 3910 ἀπεικότως
2687 3851 2716 3907 ἡ
2756 3853 2890 3902 κατά
2927 3857 3020 3910 τὴν
3063 3852 3374 3924 αἰτιολογίαν
3422 3863 3494 3925 τῷ
3540 3851 3836 3925 διηγέματι

2233 3941 2402 4008 μορφὴ
2453 3943 2542 3989 καὶ
2589 3935 2705 3991 ἰδέα
2747 3943 3085 4013 περιτίθεται,
3137 3945 3194 3994 τὸ
3244 3941 3586 4015 ἐκϐησόμενον
3628 3946 3836 4003 πάντως

2234 4031 2322 4077 καὶ
2375 4030 2473 4098 πρὸ
2525 4036 2616 4079 τοῦ
2674 4026 3000 4086 ἐκϐεϐηκέναι
3059 4025 3545 4106 διαμαρτυρομένης
3596 4039 3685 4085 καὶ
3745 4033 3842 4084 ἀπο

2237 4115 2589 4186 αγγελλούσης
2637 4125 2732 4176 τῆς
2781 4125 2879 4169 τῶν
2931 4123 3135 4190 Λογίων
3188 4128 3550 4194 προγνώσεως.
3602 4123 3694 4173 Διά
3750 4131 3840 4178 τῆς

2239 4205 2396 4265 αύτῆς
2449 4201 2501 4257 δ’
2547 4204 2607 4256 ἀν
2652 4203 2839 4277 ἐφόδου
2886 4212 2975 4259 καὶ
3026 4216 3122 4260 τῶν
3173 4207 3467 4262 Δανῐδικὼν
3515 4213 3764 4285 ῥημάτων
3813 4210 3842 4260 ἃ

2239 4300 2482 4369 πρότερον
2534 4292 2848 4358 ἰδιαζούσης
2897 4300 3051 4369 ἔτυχε
3104 4305 3384 4370 σαφηνείας
3431 4306 3520 4353 καὶ
3578 4302 3841 4352 καταστά-

2243 4402 2369 4444 σεως
2403 4383 2468 4443 εἰς
2517 4388 2609 4441 τὴν
2657 4387 2774 4442 ἴσην
2823 4390 2912 4436 καὶ
2956 4387 3138 4457 ὁμοίαν
3183 4396 3291 4449 τοῖς
3340 4389 3625 4461 εἰρημένοις
3671 4389 3846 4460 ἀπαρ-

2240 4474 2441 4529 τισθείη
2489 4472 2784 4531 τελειότητα
2817 4494 2827 4505 ·
2866 4477 3090 4548 ἥμαρτεν
3135 4477 3160 4527 ό
3211 4474 3375 4529 Δαυὶδ
3410 4484 3502 4530 καὶ
3542 4488 3634 4530 τῶν
3674 4477 3847 4550 ἁμαρ-

2237 4563 2482 4632 τημάτων
2539 4565 2604 4613 τά
2651 4568 2876 4633 μέγιστα
2909 4581 2922 4594 ⁸
2954 4565 3058 4635 ούχ
3119 4566 3198 4617 ἵνα
3257 4571 3384 4628 Θεὸς
3431 4565 3681 4638 δικαιωθῇ
3718 4588 3731 4599 ·
3785 4568 3844 4617 ού

2239 4653 2339 4723 γάρ
2381 4650 2541 4716 ἐστιν,
2585 4651 2676 4702 οὐκ
2720 4655 2858 4704 ἔστιν
2897 4649 3106 4715 οὐδενὸς
3145 4652 3376 4728 ἁμαρτία
3412 4664 3525 4726 Θεῷ
3571 4653 3850 4708 δικαιοσύ-

2240 4761 2330 4797 νην
2388 4743 2789 4813 περιάπτουσα·
2849 4740 2954 4793 ἀλλ’
3026 4745 3228 4816 ἐπείπερ
3303 4748 3505 4816 ἧμαρτε
3579 4751 3679 4819 μὲν,
3748 4746 3849 4796 οὐκ

2244 4830 2441 4892 ηὔξησε
2495 4826 2553 4882 δε
2602 4834 2713 4882 οὔτε
2759 4839 2819 4902 τῇ
2878 4837 3120 4903 πωρώσει
3164 4837 3277 4885 οὔτε
3315 4843 3377 4906 τῇ
3423 4842 3703 4906 προγνώσει
3749 4841 3855 4891 τήν

2244 4919 2520 4991 ἁμαρτίαν,
2573 4923 2879 4992 καταφεύγει
2925 4917 2983 4972 δε
3024 4920 3215 4989 μᾶλλον
3259 4927 3390 4996 πρὸς
3434 4928 3526 4982 τὴν
3574 4925 3853 4995 μετάνοιαν

2245 5014 2333 5060 καὶ
2382 5011 2446 5060 τά
2504 5005 2732 5082 δάκρυα,
2784 5007 2962 5061 ἑαυτὸν
3022 5007 3338 5071 σπονδαζων
3393 5011 3688 5065 ἀποπλύνειν
3756 5020 3858 5063 τοῦ

2248 5097 2630 5170 ἁμαρτήματος.
2679 5094 2873 5150 Δίδωσι
2920 5096 2978 5150 δὲ
3027 5103 3148 5161 Θεὸς
3193 5107 3505 5173 συγγνώμην
3553 5105 3601 5154 ἐν
3636 5109 3687 5158 τῇ
3735 5102 3858 5171 φιλο

2248 5189 2536 5258 ανθρωπία,
2567 5190 2624 5239 τὸ
2665 5188 2848 5240 οἰκεῖον
2895 5184 3100 5239 δίκαιον
3144 5194 3232 5240 καὶ
3279 5191 3458 5260 μεῖζον
3507 5196 3537 5249 ἧ
3589 5194 3710 5242 κατα
3767 5191 3862 5241 ἁν-

2250 5278 2508 5346 θρωπίνην
2569 5273 2823 5340 διάνοιαν,
2884 5277 3117 5348 λαμπρόν
3180 5277 3348 5330 ἅπασι
3419 5276 3698 5338 ἐπιδεικνύς
3757 5287 3860 5329 καὶ

2249 5363 2609 5437 περίϐλεπτον.
2659 5368 2753 5417 Διά
2799 5365 2950 5418 τοῦτο
2997 5366 3147 5418 εἰπὼν
3177 5367 3202 5417 ό
3253 5365 3440 5434 Δανὶδ,
3487 5392 3512 5418 ‹‹
3551 5374 3630 5422 Σοὶ
3673 5370 3860 5440 ἦμαρ-
