4140 6198
269 289 375 346 401

1350 291 1445 346 AD
1484 290 2033 350 AMPHILOCHIUM
2074 250 2403 361 oti/usue
2441 290 2581 349 LVI.

3536 301 3640 355 402

268 436 383 486 τον,
417 417 557 478 ὅπως
604 415 665 468 ἂν
713 412 1020 489 δικαιωθῇς,
1077 438 1098 466 ν
1134 414 1471 489 ἐπισυνῆψεν,
1517 438 1544 470 (ι
1578 417 1626 470 ἐν
1666 427 1769 480 τοῖς
1797 419 1879 472 λόο

2000 418 2394 490 centejustitia
2417 423 2472 477 et
2496 419 2693 476 omnis
2717 420 3254 478 commiserationis
3278 428 3332 478 et
3356 422 3640 480 bonitatis

271 526 392 578 γοις
449 526 544 558 σου
578 523 591 536 '
629 527 657 555 n
712 511 805 565 τὴν
840 509 929 579 μὲν
979 506 1193 579 ἀνομίαν
1248 516 1344 568 τῆς
1390 513 1658 579 μετανοίας
1702 506 1881 562 διαθε-

274 595 502 668 ξάμένης
531 610 545 626 ·
576 600 670 654 τὴν
717 598 990 667 μετάνοιαν
1030 593 1089 649 6":
1119 604 1215 657 τῆς
1265 598 1390 671 ὑπὲρ
1422 596 1572 669 λόγον
1602 597 1883 670 φιλανθρω-

272 689 407 747 πίας
434 704 447 717 ο
491 683 539 737 ἐν
588 681 646 738 δὲ
674 692 736 757 τῇ
772 684 1129 761 φιλανθρωπίᾳ
1175 693 1267 739 τοῦ
1318 685 1367 738 ἐν
1423 694 1533 748 τοῖς
1583 686 1755 760 λόγοις
1806 688 1883 751 ἑξ-

275 776 668 848 αστράπτοντος
739 770 951 827 δικαίου
1007 779 1096 827 καὶ
1170 777 1344 836 πάσης
1402 777 1734 849 συμπαθείας
1792 782 1882 830 καὶ

274 864 610 935 ἁγαθότητος
644 861 879 935 ἀφιέντος
926 862 1157 926 ἀκτῖνας.
1221 869 1321 917 Καὶ
1370 864 1516 936 λόγοι
1571 864 1631 917 ἂν
1663 864 1883 919 ἐνταῦθα

270 954 506 1010 νοηθεῐεν
559 960 652 1005 τοῦ
695 958 851 1020 Θεοῦ,
910 960 972 1025 τῇ
1029 952 1321 1027 ἀνθρωπίνη
1385 954 1881 1027 συγκαταϐαίνοντος

274 1042 521 1114 ἀσθενείᾳ
574 1047 664 1095 καὶ
721 1042 794 1103 εἰς
843 1040 1023 1113 λόγους
1077 1047 1167 1095 καὶ
1237 1048 1413 1115 κρίσιν
1475 1046 1879 1116 καθισταμένου.

276 1136 383 1183 Καὶ
417 1132 519 1206 γάρ
561 1149 693 1201 φησι
732 1146 746 1160 ·
804 1152 831 1180 «ι
861 1138 1010 1184 Δεῦτε
1040 1135 1128 1183 καὶ
1184 1128 1551 1205 ὃιελεχθὼμεν,
1597 1133 1730 1205 λέγει
1784 1138 1882 1188 Κῦ-

269 1238 405 1292 ριος.
454 1240 483 1269 ››
542 1218 940 1283 Ἀντεξετάσεως
992 1217 1052 1273 δε
1110 1226 1487 1293 συνισταμένης
1543 1222 1610 1272 ὧν
1678 1219 1880 1296 δωρεῶν

276 1307 557 1367 ἀπήλαυσε
598 1313 688 1361 καὶ
737 1310 1041 1382 εὐεργεσιῶν
1092 1310 1117 1361 6
1168 1306 1334 1363 Δαυίὸ
1375 1314 1506 1382 πρός
1560 1312 1623 1373 οἷς
1660 1312 1884 1365 κατωλί-

280 1400 481 1457 σθησεν
531 1397 787 1471 ἀθέσμους
832 1398 1046 1473 πράξεις
1089 1415 1100 1429 ⁶
1146 1398 1246 1451 ἀπὸ
1291 1399 1526 1471 γλώττης
1570 1400 1879 1473 καλαμίνης,

272 1492 371 1540 καὶ
420 1487 589 1541 αὐλεῖν
647 1486 847 1559 ἀλόγως
898 1492 1088 1560 τέχνην
1145 1494 1476 1563 ποιουμένης,
1527 1490 1746 1562 γλῶσσα
1791 1498 1882 1544 τοῦ

276 1579 594 1649 Πνεῦματος,
650 1582 740 1629 καὶ
780 1584 874 1639 τῆς
930 1579 1056 1654 ὑπὲρ
1100 1577 1250 1650 λόγον
1300 1583 1479 1650 σοφίας
1527 1584 1616 1632 καὶ
1649 1585 1885 1651 γνώσεως

277 1670 502 1738 ᾇογανον
552 1684 566 1698 ⁸
624 1665 678 1718 ἐκ
727 1671 998 1741 μειρακίου
1053 1669 1526 1742 μυκτηριζομένου,
1593 1673 1885 1744 στρατηγός

1988 509 2288 564 emittente
2314 509 2533 565 radios.
2566 512 2631 565 Et
2660 525 2963 566 sermones
2992 510 3090 567 hic
3120 511 3365 581 intelligi
3392 517 3641 583 possent

1989 596 2090 653 Dei
2126 597 2411 654 humanae
2440 598 2976 656 condescendentis
3007 601 3332 657 infirmitati
3364 608 3420 657 et
3461 601 3520 656 in
3550 616 3641 656 ra-

1989 687 2180 743 tiones
2205 692 2262 743 et
2286 688 2581 758 judicium
2603 705 2665 745 se
2697 690 3028 746 statuentis.
3064 689 3312 754 Etenim,
3339 690 3419 747 ait
3443 706 3455 746 :
3484 708 3511 740 «
3536 690 3642 745 Ve-

1988 777 2106 832 nite
2135 782 2190 832 et
2219 777 2658 834 contendamus
2679 778 2974 847 simul,ait
2994 779 3282 836 Dominus
3308 780 3350 832 ι.
3381 800 3409 829 ››
3441 778 3642 851 Inqui-

1989 866 2200 921 sitione
2235 873 2433 923 autem
2462 869 2620 925 facta
2659 884 2732 925 ex
2772 869 3046 941 opposito
3095 868 3170 924 de
3200 868 3376 925 donis
3420 868 3640 941 quibus

1988 954 2199 1011 fruitus
2252 960 2340 1012 est
2375 961 2430 1012 et
2480 957 2784 1015 beneﬁciis
2833 959 3021 1015 David
3051 963 3108 1014 et
3144 958 3218 1014 de
3257 958 3326 1014 iis
3358 958 3437 1014 ad
3484 973 3639 1030 quos

1988 1042 2191 1116 lapsus
2222 1050 2312 1100 est
2335 1044 2672 1115 illegitimos
2693 1052 2860 1103 actus
2894 1064 2906 1103 :
2938 1064 2973 1103 θ.
2998 1047 3203 1117 lingua
3241 1047 3457 1103 calami
3485 1052 3540 1102 et
3570 1046 3640 1102 ti—

1987 1133 2122 1189 bias
2148 1133 2356 1190 inflare
2386 1135 2592 1192 inscite
2616 1140 2801 1192 artem
2830 1136 2944 1192 sibi
2970 1136 3244 1209 ﬁngente,
3287 1136 3495 1207 lingua
3522 1138 3639 1208 spi-

1988 1222 2135 1278 ritus
2156 1229 2211 1279 et
2240 1224 2540 1295 sapientiae
2556 1241 2739 1297 supra
2764 1231 3009 1298 captum
3030 1226 3277 1283 rationis
3305 1231 3359 1281 et
3385 1226 3640 1281 scientiae

1990 1326 2319 1381 organum;
2354 1328 2426 1369 ex
2464 1313 2904 1371 adolescentulo
2952 1315 3190 1372 irrisore
3215 1315 3334 1371 dux
3364 1314 3640 1371 fortuitus

1988 1401 2127 1457 belli
2148 1410 2203 1457 et
2243 1402 2418 1458 totius
2457 1404 2622 1468 aciei,
2657 1409 2714 1461 et
2760 1405 2922 1460 solus
2959 1410 3014 1461 et
3039 1404 3265 1477 absque
3299 1403 3426 1460 telis
3456 1408 3513 1459 et
3552 1418 3643 1459 ar-

1992 1491 2104 1546 mis
2132 1495 2190 1547 et
2213 1491 2443 1565 reliquo
2482 1498 2781 1566 apparatu
2810 1498 2865 1549 et
2889 1495 3250 1567 experientia
3277 1491 3633 1559 certaminis,

1991 1586 2299 1653 reportans
2327 1582 2631 1639 victoriam
2663 1586 2718 1639 et
2752 1583 3015 1639 hostium
3057 1583 3336 1654 frangens
3368 1582 3640 1639 domina-

1991 1671 2235 1735 tionem,
2264 1686 2332 1727 ex
2356 1686 2427 1727 ea
2461 1686 2597 1745 qum
2619 1676 2710 1729 est
2734 1672 2847 1728 sub
2869 1672 2969 1729 dio
2998 1672 3259 1740 miseria,
3299 1671 3640 1744 duplicibus

275 1752 637 1827 αὐτοσχέδιος
680 1762 772 1808 τοῦ
823 1755 1045 1829 πολέμου
1091 1762 1180 1810 καὶ
1230 1766 1326 1819 τῆς
1377 1757 1494 1819 ὅλης
1549 1758 1882 1831 παρατάξεως

2000 1761 2049 1815 et
2078 1758 2400 1830 triplicibus
2431 1761 2593 1816 tectis
2624 1760 2944 1818 domorum
2971 1760 3318 1834 splendores
3357 1765 3414 1816 et
3447 1759 3644 1832 splen-

272 1850 369 1898 καὶ
418 1850 571 1918 μόνος
629 1850 720 1897 καὶ
762 1851 935 1920 χωρὶς
982 1845 1142 1919 βελῶν
1193 1852 1283 1900 καὶ
1322 1847 1487 1900 ὃπλων
1537 1852 1627 1900 καὶ
1665 1856 1755 1909 τῆς
1793 1848 1879 1900 οἳλ-

271 1935 367 1996 λης
424 1943 767 2008 παρασκευῆς
832 1941 924 1990 καὶ
995 1935 1267 2011 ἐμπειρίας
1327 1945 1417 1990 τοῦ
1496 1936 1878 2011 ἀγωνίσματος,

273 2033 677 2101 τροπαιοφορῶν
729 2029 822 2084 τὴν
880 2030 1048 2093 νίκην,
1110 2032 1201 2080 καὶ
1254 2032 1348 2086 τὴν
1402 2028 1606 2102 ἐχθρῶν
1663 2025 1881 2081 aneos.

270 2134 428 2188 μενος
478 2113 807 2187 ἐπικράτειαν
837 2134 851 2149 σ
918 2114 971 2178 ἐξ
1021 2117 1279 2190 ὑπαίθρου
1327 2115 1701 2192 ταλαιπωρίας,
1754 2114 1884 2170 διω-

270 2208 446 2279 ρόφων
507 2208 598 2256 καὶ
646 2208 944 2278 τριωρόφων
996 2208 1148 2257 οἴκων
1197 2204 1555 2280 λαμπρότητες
1608 2212 1696 2259 xui
1750 2206 1883 2280 λαμ-

273 2294 528 2364 πρότεραι
614 2289 900 2363 διαγωγαὶ,
951 2299 1043 2345 καὶ
1117 2294 1410 2369 ὑπωρόφιος
1485 2300 1576 2347 καὶ
1636 2304 1885 2369 τρυφῶσα

279 2378 486 2433 δίαιτα·
542 2386 632 2434 καὶ
674 2381 871 2434 πολλῶν
910 2381 1101 2435 πόλεων
1147 2384 1172 2435 6
1218 2388 1487 2457 κωμὴτης,
1529 2387 1723 2460 κύριος·
1776 2383 1885 2437 ἀντὶ

277 2477 587 2539 ποιμενικοῦ
615 2467 876 2524 καδίσκου
912 2476 998 2524 καὶ
1036 2478 1224 2545 πήρας,
1254 2482 1518 2546 σκῆπτρον
1550 2472 1598 2525 ἐν
1622 2482 1684 2547 τῇ
1718 2478 1884 2547 χειρὶ,

280 2565 374 2611 καὶ
423 2564 542 2633 περὶ
573 2563 667 2619 τὴν
717 2561 939 2633 κεφαλὴν
985 2566 1226 2636 στροφίον
1273 2561 1561 2634 βασιλείας·
1613 2561 1665 2626 ἐξ
1704 2561 1887 2634 ἀγέλης

284 2646 644 2719 βοσκημάτων
696 2654 786 2701 xui
829 2651 1079 2721 σύριγγος
1126 2653 1216 2701 καὶ
1258 2658 1326 2721 τῷ
1378 2653 1499 2722 ἤχῳ
1538 2651 1886 2710 κατακηλοῦν-

281 2755 373 2797 τος
405 2737 573 2789 αὐτῶν
608 2740 673 2789 τὰ
721 2734 845 2804 ὦτα,
889 2737 1265 2812 χρησμολόγος
1310 2747 1409 2791 τῶν
1456 2742 1580 2815 ὑπὲρ
1611 2739 1761 2811 λόγον
1810 2743 1886 2816 ἔρ-

281 2845 389 2898 γων
450 2831 537 2879 καὶ
590 2832 910 2902 προφητείας
966 2825 1143 2901 βρύων
1217 2833 1548 2901 χαρίσματα·
1617 2828 1669 2893 ἐξ
1721 2829 1886 2882 αὐλῶν

1992 1847 2217 1904 didiora
2242 1848 2601 1919 habitacula,
2642 1857 2697 1906 et
2722 1850 2836 1906 sub
2866 1854 3020 1907 tecto
3052 1854 3109 1907 et
3135 1849 3358 1905 deliciis
3388 1847 3641 1905 afﬂuens

1991 1937 2201 2003 victus,
2236 1938 2629 1994 etmultarum
2662 1932 2900 1995 urbium
2922 1955 2992 1995 ex
3020 1953 3178 2012 pago
3206 1938 3520 2005 oriundus,
3545 1938 3645 1992 do-

1992 2027 2231 2094 minus;
2262 2043 2372 2100 pro
2402 2028 2679 2098 pastorali
2704 2028 2926 2085 doliolo
2951 2034 3007 2084 et
3036 2044 3198 2101 pera,
3241 2032 3543 2099 sceptrum
3581 2026 3643 2082 in

1993 2132 2198 2181 manu,
2249 2122 2306 2173 et
2344 2116 2565 2173 circum
2619 2123 2796 2190 caput
2842 2118 3127 2173 diadema
3163 2117 3371 2188 regni;
3410 2132 3440 2173 e
3467 2131 3643 2187 grege

1994 2206 2178 2262 boum
2196 2209 2252 2262 et
2270 2205 2413 2261 tibia
2426 2212 2476 2262 et
2502 2207 2695 2263 sonitu
2710 2205 3005 2263 mulcente
3023 2222 3231 2262 eorum
3260 2221 3457 2272 aures,
3478 2210 3642 2261 vates

1995 2310 2198 2351 eorum
2239 2310 2372 2368 quae
2412 2310 2595 2368 supra
2624 2310 2961 2352 sermonem
2988 2299 3127 2351 sunt
3147 2311 3398 2368 operum
3421 2299 3478 2349 et
3507 2309 3643 2367 pro-

1993 2383 2207 2456 phetiae
2246 2382 2486 2440 efﬂuere
2517 2383 2740 2440 faciens
2762 2383 3125 2439 charismata
3149 2400 3162 2451 ;
3191 2399 3260 2439 ex
3283 2382 3527 2438 sedibus
3556 2382 3645 2439 in-

1996 2471 2167 2529 certis
2188 2476 2397 2528 etcura
2409 2487 2700 2542 agnorum
2723 2478 2779 2529 et
2798 2472 2949 2545 pelle
2975 2473 3199 2530 ferente
3220 2470 3642 2545 corpusculum

1994 2560 2200 2617 labore
2261 2566 2595 2631 gravatum,
2660 2561 2905 2617 thronus
2957 2561 3155 2632 regius
3191 2565 3247 2617 et
3284 2575 3553 2633 purpura
3591 2564 3646 2614 et

1996 2649 2239 2707 hastarii
2268 2655 2322 2706 et
2348 2665 2609 2718 corona;
2637 2655 2701 2706 ut
2724 2651 2908 2707 verbo
2939 2651 3158 2716 dicam,
3193 2666 3263 2706 ex
3301 2650 3485 2705 idiota
3513 2664 3647 2721 pro-

1996 2739 2178 2813 pheta
2214 2743 2270 2795 et
2298 2755 2399 2795 rex
2437 2755 2510 2796 ex
2534 2739 2783 2810 fugitivo
2810 2746 2865 2795 et
2880 2745 3086 2796 contra
3115 2740 3314 2796 hostes
3344 2738 3644 2795 victoriam

1998 2832 2350 2885 consecutus
2372 2828 2603 2901 absque
2634 2844 2862 2902 pugna.

280 2916 521 2988 νομάθων
574 2922 677 2987 xui
733 2918 1000 2989 θεραπείας
1063 2918 1368 2992 θρεμμάτων
1431 2922 1515 2970 καὶ
1575 2919 1830 2979 σκυτάλης
1890 2917 2181 2991 ἀνεχούσης
2236 2921 2294 2970 τό
2355 2920 2616 2990 σωμάτιον
2668 2922 2811 2990 κόπῳ
2877 2917 3242 2992 βαρυνόμενον,
3307 2919 3483 2993 θρόνος
3551 2915 3647 2991 βα-

282 3006 471 3067 σίλειος
521 3010 612 3058 καὶ
665 3009 907 3080 πορφύρα
952 3010 1042 3058 καὶ
1097 3003 1381 3081 δορυφόροι
1434 3012 1523 3059 καὶ
1580 3012 1828 3080 στέφανος
1882 3023 1898 3040 ⁸

1958 3006 2215 3060 συνελόντι
2275 3010 2448 3080 φάναι,
2509 3006 2562 3071 ἐξ
2630 3004 2843 3061 ἰδιώτου
2896 3013 3186 3082 προφήτης,
3255 3011 3345 3059 καὶ
3395 3005 3648 3082 βασιλεὺς
3698 3052 3703 3057 .

283 3093 335 3147 ἐκ
365 3091 622 3168 φυγάδος,
663 3098 829 3148 καὶτὸ
862 3095 979 3147 κατ’
1014 3093 1219 3171 ἐχθρῶν
1244 3098 1430 3172 κράτος
1464 3097 1963 3170 συγκληρωσάμενος
1993 3097 2226 3169 ἄμαχον.

356 3276 436 3325 Τά
485 3276 575 3346 μὲν
627 3270 714 3326 οὖν
766 3276 877 3327 θεῖα
905 3279 1021 3348 περὶ
1055 3277 1141 3327 τόν
1182 3270 1371 3340 Δαϐὶδ,
1412 3283 1597 3341 ταῦτα,
1629 3278 1720 3327 καὶ
1768 3273 1888 3327 πολ·
1924 3273 1965 3330 C

286 3362 359 3435 λῷ
388 3362 597 3415 πλείονα
639 3366 703 3415 τά
757 3362 1050 3435 λειπόμενα.
1105 3364 1182 3416 Tu
1221 3360 1280 3415 δῖε
1328 3370 1419 3424 τῆς
1454 3362 1581 3436 ἐμῆς
1625 3362 1892 3426 ἀσθενείας

291 3456 379 3504 xui
441 3460 531 3505 τοῦ
592 3448 778 3521 Δαϐὶδ,
835 3455 1084 3525 γυναικός
1128 3452 1340 3516 ἡττᾶτο,
1389 3460 1480 3506 τοῦ
1536 3452 1758 3526 πολέμου
1805 3452 1892 3505 λα-

294 3538 398 3592 ϐὼν
451 3539 721 3615 ἐπίκουρον
775 3543 954 3617 ἔρωτα·
997 3545 1212 3614 μοιχεία
1259 3545 1348 3593 καὶ
1414 3546 1557 3615 φόνος
1617 3544 1751 3595 κατά
1801 3548 1892 3595 τοῦ

292 3631 544 3702 μεγέθους
612 3630 859 3704 ἐχόρευον
914 3638 1014 3682 τῶν
1062 3630 1353 3701 εὐεργετῶν·
1412 3629 1618 3705 ὕϐριζεν
1674 3633 1704 3689 ἡ
1764 3630 1896 3706 σὰρξ

291 3722 352 3770 τὸ
404 3727 627 3791 πνεῦμα,
676 3725 765 3772 xui
817 3718 1067 3792 ἐπιθυμία
1120 3720 1349 3791 ἄθεσμος
1385 3726 1491 3781 τοίς
1542 3728 1641 3772 τῶν
1692 3716 1894 3793 δωρεῶν

293 3813 634 3882 χαρίσμασιν
680 3806 998 3881 ἐπεκώμαζε,
1042 3812 1133 3860 καὶ
1177 3811 1321 3860 πόσα
1379 3807 1638 3862 τοιαῦταε
1682 3809 1707 3859 6
1762 3827 1896 3882 προ-

295 3903 463 3971 φήτης
514 3902 603 3950 καὶ
654 3895 926 3969 βασιλεὺς,
975 3896 1229 3962 κάπηλος,
1286 3896 1379 3949 ούκ
1422 3895 1554 3950 οἶνον
1602 3893 1763 3950 ὕδατι
1820 3917 1897 3950 κε-

292 3991 502 4061 ραννῦς,
533 3985 660 4038 ἀλλὰ
695 3988 790 4048 τὰς
828 3987 954 4061 ὑπὲρ
994 3986 1145 4057 λόγον
1190 3983 1384 4062 δωρεὰς
1435 3990 1772 4059 καταμιγνὺς,
1809 3993 1898 4040 καὶ

292 4073 620 4135 κιϐδηλεύων
654 4082 759 4138 τοῖς
800 4085 893 4137 τῆς
940 4079 1133 4149 σαρκός
1176 4078 1367 4129 πάθεσι
1395 4080 1483 4128 καὶ
1520 4082 1894 4149 σκιρτήμασιν.

294 4167 385 4221 Ἐν
427 4168 635 4226 τούτοις
685 4167 775 4217 καὶ
813 4170 924 4226 τοῖς
967 4167 1223 4227 τοιούτοις
1276 4164 1447 4236 λόγοις
1499 4167 1524 4217 ό
1569 4169 1699 4227 Θεὸς
1726 4169 1897 4238 κρινό-

292 4259 440 4328 μενός
491 4274 545 4307 τε
595 4258 686 4306 καὶ
738 4250 1220 4327 δικαιολογούμενος
1266 4258 1397 4328 πρὸς
1440 4258 1525 4307 τόν
1580 4252 1764 4326 Δαϐὶὸ,
1817 4251 1899 4331 ἀρ’

295 4347 439 4398 ἔστιν
491 4346 648 4397 εἰπεῖν
689 4343 760 4406 εἰς
808 4344 928 4396 ὅσον
968 4350 1038 4414 τῷ
1089 4340 1283 4416 δικαίῳ
1326 4343 1620 4419 ὑπερέϐαλε,
1672 4350 1759 4397 καὶ
1805 4352 1901 4407 τῆς

296 4435 463 4487 αὑτοῦ
513 4437 840 4508 παρέστησεν
867 4430 1191 4503 ἀγαθότητος
1241 4436 1299 4485 τό
1345 4431 1744 4507 ἀνυπέρϐλητον,
1793 4435 1900 4507 μά-

295 4524 457 4576 λιστα
506 4520 566 4576 δὲ
611 4518 753 4595 μηδέ
781 4526 1060 4595 τιμωρίαις
1103 4523 1317 4594 ὑπάγων
1346 4525 1433 4574 τόν
1476 4521 1591 4574 ἀντὶ
1638 4525 1900 4575 τοσούτων

2070 3273 2251 3344 Igitur
2280 3273 2482 3330 divina
2497 3273 2651 3331 circa
2692 3273 2898 3346 David,
2925 3274 3090 3344 talia,
3124 3274 3384 3332 etmulto
3416 3274 3650 3345 majora

2000 3362 2422 3437 praetermissa.
2446 3364 2588 3429 Quae
2606 3367 2805 3421 autem
2824 3380 2972 3421 meae
2992 3364 3347 3421 inﬁrmitatis
3369 3369 3420 3420 et
3438 3362 3647 3428 David,

2001 3469 2038 3509 ιι
2075 3451 2322 3508 muliere
2353 3450 2536 3509 victus
2575 3455 2682 3519 est,
2710 3452 2842 3509 belli
2873 3458 3178 3527 assumpto
3218 3453 3378 3510 socio
3405 3468 3609 3509 amore
3635 3469 3647 3508 :

2002 3539 2360 3596 adulterium
2408 3544 2462 3596 et
2491 3540 2886 3596 homicidium
2939 3547 3146 3599 contra
3177 3541 3651 3612 magnitudinem

2003 3628 2541 3685 incesseruntbene
2571 3629 3127 3702 factorum.Injuria
3165 3631 3361 3688 affecit
3381 3646 3520 3687 caro
3540 3630 3655 3702 spi-

2002 3719 2203 3784 ritum,
2236 3723 2293 3774 et
2318 3718 3122 3792 concupiscentiaillegitima
3153 3722 3448 3777 donorum
3472 3719 3657 3776 chari-

2006 3808 2299 3864 smatibus
2317 3808 2512 3874 illusit,
2547 3812 2602 3864 et
2629 3824 2906 3882 quasnam
2945 3809 3085 3866 illa?
3125 3810 3419 3882 Propheta
3450 3817 3503 3865 et
3531 3825 3655 3876 rex,

2006 3913 2225 3971 caupo,
2254 3912 2375 3953 non
2397 3897 2600 3953 vinum
2627 3913 2795 3971 aquas
2813 3898 3214 3966 miscens,sed
3237 3915 3307 3955 ea
3329 3915 3456 3971 qum
3480 3914 3659 3970 supra

2008 4001 2344 4043 sermonem
2360 3990 2503 4042 sunt
2531 3986 2693 4043 dona
2716 3987 2973 4044 miscens
3004 3992 3062 4043 et
3093 3987 3430 4043 adulterans
3467 3986 3660 4043 carnis

2006 4074 2391 4149 passionibus
2433 4079 2489 4132 et
2509 4075 2856 4132 assultibus.
2895 4077 2954 4132 In
2983 4077 3074 4133 his
3114 4082 3170 4133 et
3197 4075 3407 4132 talibus
3432 4093 3656 4131 sermo-

2008 4164 2188 4221 nibus
2228 4165 2382 4220 Deus
2416 4165 2717 4236 judicatus
2750 4170 2806 4221 et
2839 4166 3191 4236 justificatus
3216 4166 3416 4238 quoad
3449 4166 3655 4221 David.

2012 4256 2174 4311 Certe
2240 4259 2328 4310 est
2391 4253 2587 4310 dicere
2644 4256 2706 4310 in
2772 4259 3067 4327 quantum
3128 4255 3356 4326 justitia
3411 4270 3660 4327 supera-

2008 4344 2177 4408 verit,
2254 4346 2311 4399 et
2401 4344 2561 4398 suas'
2604 4342 2928 4399 ostenderit
2995 4343 3273 4399 bonitatis
3371 4343 3659 4399 excellen-

2011 4433 2173 4497 tiam,
2224 4431 2555 4504 prmsertim
2627 4447 2745 4487 non
2801 4431 3074 4487 vindictae
3134 4431 3458 4502 subjiciens
3519 4447 3655 4488 eum

2010 4520 2114 4593 qui
2173 4536 2279 4593 pro
2338 4520 2514 4577 tantis
2568 4521 2737 4576 bonis
2794 4520 2955 4576 mala
3013 4520 3307 4592 rependit.
3369 4520 3463 4577 Sic
3500 4521 3656 4576 enim

298 4612 512 4685 ἀγαθῶν
582 4618 760 4671 κακοῖς
829 4609 1176 4683 ἀμειψάμενον
1228 4627 1242 4676 ;
1297 4612 1599 4682 ὑπετέμνετο
1669 4613 1769 4684 γὰρ
1842 4610 1891 4663 ἀι

2011 4609 2286 4666 subsecta
2298 4608 2505 4665 fuisset
2527 4608 2843 4666 ineffabilis
2861 4609 3268 4666 misericordia
3293 4609 3389 4665 Dei
3417 4614 3474 4667 et
3494 4610 3658 4683 quod

298 4704 468 4762 οὔτως
512 4704 570 4753 τό
612 4702 808 4773 οἰφατον
838 4700 974 4761 ἔλεος
1018 4706 1110 4751 τοῦ
1141 4707 1273 4752 Θεοῦ
1305 4704 1394 4752 xui
1431 4703 1488 4752 τό
1531 4699 1578 4752 ἐν
1608 4700 1748 4772 αὐτῷ
1775 4700 1900 4774 λαμ-

295 4794 430 4866 πρόν
478 4794 568 4843 καὶ
625 4790 718 4842 ούκ
769 4792 892 4861 ἔχον
958 4787 1286 4861 ἀπαγγέλλειν
1333 4789 1481 4860 λόγον
1537 4793 1592 4841 τό
1636 4790 1898 4862 μέγεθος·

296 4885 531 4956 τιμωρίᾳ
575 4882 676 4954 γὰρ
715 4884 806 4932 xui
857 4878 1068 4930 κολάσει
1106 4879 1131 4930 6
1178 4874 1496 4951 ἠδικημένος
1558 4880 1904 4951 ζημιούμενος

295 4974 366 5024 τὰ
425 4969 586 5022 πολλά
630 4976 729 5020 τῶν
776 4966 1085 5041 ὀφλημάτων
1143 4968 1260 5038 ἄγει
1314 4970 1444 5039 πρός
1499 4963 1764 5023 διάλυσιν.
1826 4971 1905 5020 Τὰ

294 5064 472 5112 τοίνυν
525 5053 786 5111 Δαυῐδικά
842 5065 933 5117 τῆς
988 5061 1262 5129 μετανοίας
1334 5063 1423 5109 καὶ
1484 5055 1903 5129 ἐξομολογήσεως

294 5150 514 5224 ῥήματα
557 5152 645 5199 καὶ
686 5154 787 5199 τῶν
840 5144 1225 5220 παραπλησίων
1255 5146 1467 5197 ἕκαστον
1521 5147 1550 5203 ἡ
1612 5153 1711 5196 τῶν
1758 5147 1900 5218 ἱερῶν

298 5241 508 5309 Λογίων
569 5237 818 5294 συνήθεια
866 5238 923 5287 τό
975 5235 1178 5295 πάντως
1241 5232 1631 5306 ἀποϐησόμενον
1699 5252 1900 5306 προμη-

295 5328 521 5395 νύουσα,
590 5323 946 5395 αἰτιολογικῶς
1005 5319 1334 5393 ἀπαγγέλλει,
1408 5327 1495 5373 καὶ
1567 5319 1901 5375 διατυποῦσα

295 5423 370 5487 τῷ
418 5418 665 5487 σχήματι
708 5417 767 5466 τὸ
814 5412 1056 5484 συγγενες
1094 5418 1186 5463 τοῦ
1229 5409 1507 5473 ἀκωλύτως
1549 5408 1898 5483 ἐκϐησομίνου

376 5590 399 5625 ι
439 5592 533 5647 lsa
561 5592 605 5654 l,
636 5590 718 5646 18.

2011 4699 2071 4755 in
2094 4715 2163 4755 ea
2194 4698 2514 4772 splendens
2534 4713 2728 4772 neque
2752 4713 3088 4754 sermonem
3120 4698 3353 4755 habens
3385 4700 3463 4755 ad
3490 4716 3659 4756 enar-

2012 4788 2267 4844 randam
2289 4788 2418 4860 ejus
2451 4788 2929 4858 magnitudinem
2960 4804 2975 4854 ;
3005 4787 3269 4843 vindicta
3290 4788 3449 4844 enim
3482 4793 3537 4846 et
3562 4806 3657 4846 ca-

2013 4878 2329 4948 stigatione
2344 4876 2394 4932 is
2419 4878 2517 4950 qui
2539 4877 2755 4947 injuste
2768 4876 2992 4934 damno
3007 4876 3254 4933 affectus
3274 4878 3660 4951 estpleraque

2012 4966 2359 5023 delictorum
2381 4966 2668 5022 dissolvit.
2707 4966 2985 5022 Davidica
3011 4965 3191 5035 igitur
3219 4968 3576 5039 paenitentis:
3605 4973 3663 5024 et

2013 5055 2398 5111 confessionis
2436 5054 2621 5111 verba
2652 5059 2707 5111 et
2745 5055 3032 5110 similium
3054 5055 3307 5128 quodvis
3350 5072 3661 5114 sacrorum

2010 5144 2391 5215 Eloquiorum
2423 5159 2555 5199 mos
2587 5143 2835 5199 omnino
2857 5148 3207 5200 eventurum
3239 5146 3657 5216 praeiudicans,

2010 5232 2338 5302 zetiologice
2378 5233 2645 5288 enuntiat
2696 5236 2752 5288 et
2790 5231 3083 5303 effingens
3144 5232 3350 5289 habitu
3399 5235 3460 5291 id
3501 5235 3659 5305 quod

2010 5321 2187 5378 afﬁne
2226 5326 2313 5377 est
2342 5322 2472 5392 ejus
2503 5320 2662 5393 quod
2692 5320 3148 5377 ineluctabiliter
3186 5328 3535 5379 eventurum
3569 5340 3663 5381 co-

2012 5426 2146 5468 ram
2213 5409 2379 5467 sistit.
2445 5411 2551 5476 Qui
2617 5409 2797 5481 igitur
2864 5410 3251 5484 Eloquiorum
3309 5413 3657 5485 [sacrorum]
