4140 6198
303 268 414 324 405

1304 274 1398 331 AD
1438 271 1982 332 AMPHILOCHIUM
2023 254 2530 343 Quassrio‘Lvu
2573 268 2712 330 LIX.

3566 278 3672 336 406

298 405 404 448 τῶν
450 395 721 467 προϐάτων
774 398 1158 462 πολυπληθείας
1204 420 1258 453 τε
1299 405 1388 451 καὶ
1438 400 1695 463 εὐθηνίας,
1752 400 1902 451 πολύν

2017 400 2219 455 ovium
2254 390 2470 468 magno
2503 415 2754 456 numero
2786 404 2842 454 et
2880 398 3287 471 prosperitate,
3342 401 3540 469 magni
3579 403 3673 459 fa-

298 483 454 554 λόγον
490 483 634 557 εἶχον
664 496 765 538 τῶν
791 498 971 558 πηγῶν
1011 480 1098 541 xui
1135 491 1363 561 φρεάτων
1394 506 1405 516 ·
1439 488 1524 540 ait:
1564 485 1631 545 δὴ
1673 498 1769 549 τῆς
1792 508 1908 560 τρο-

300 582 403 643 φῆς
441 574 500 626 ού
545 574 672 627 πολὺ
716 576 923 628 ἂαττον
975 576 1100 630 οὐδὲ
1145 585 1235 630 τοῦ
1274 582 1504 648 πόματος
1535 582 1907 628 καταπιαίνον-

300 681 388 724 τος
446 669 537 715 xui
598 661 920 727 διατιθέντος
973 666 1053 718 ἐπὶ
1094 670 1152 719 τὸ
1199 667 1403 737 ἄμεινον
1451 668 1516 716 τα
1566 664 1905 738 βοσκήματα.

299 755 457 803 Οὕτω
510 748 575 809 δὴ
620 757 853 824 φαίνεται
898 760 986 807 xui
1030 756 1055 806 ὁ
1096 754 1332 829 Ἀϐραὰμ
1376 759 1465 806 καὶ
1494 754 1648 815 οἱλλης
1686 752 1908 806 ἀπολαύ-

302 859 405 900 σας
456 843 600 915 παρὰ
650 849 741 893 τού
782 842 1061 915 Ἀϐιμέλεχ
1114 846 1402 917 θεραπείας,
1456 843 1549 894 ούκ
1597 841 1909 914 ἀγνωμοσύ-

296 949 394 986 νην
462 932 747 1001 ἡγούμενος
805 928 1096 1002 διελέγχειν
1157 933 1314 985 αύτόν
1373 937 1491 1005 περὶ
1548 939 1642 992 τῆς
1698 930 1907 1003 ἀφαιρέ-

303 1037 438 1079 σεως
496 1019 564 1069 ὧν
627 1019 787 1081 αὐτὸς
843 1020 1139 1093 ἀνωρύξατο
1190 1023 1416 1095 φρεάτων
1476 1038 1489 1050 '
1545 1017 1662 1073 οὐδ’
1719 1019 1908 1081 ἐκεῖνος

298 1110 391 1158 τὸν
436 1106 649 1178 ἂεγχον
686 1113 998 1181 μυκτηρίζει
1031 1128 1043 1138 ·
1084 1109 1282 1180 ἀγνοεῖν
1316 1106 1375 1163 δε
1413 1115 1507 1168 τὴν
1536 1109 1722 1181 πρᾶξιν
1764 1112 1907 1182 παρὰ

298 1204 402 1247 τῶν
452 1197 612 1247 αὑτοῦ
665 1201 987 1270 θεραπόντων
1034 1198 1384 1270 τολμηθείσαν
1437 1200 1770 1270 ὑποκρίνεται
1815 1202 1906 1249 καὶ

300 1280 601 1344 σπουδάζει
658 1287 683 1336 ὁ
739 1285 979 1359 Ἀϐρααμ
1032 1284 1126 1339 διὰ
1176 1296 1275 1339 τῶν
1332 1286 1461 1339 ἑπτὰ
1517 1283 1762 1357 ἁμνάδων
1811 1291 1905 1345 τὴν

293 1372 390 1423 τού
447 1372 724 1446 Ἀϐιμελεχ
775 1375 1051 1448 ὁμολογίαν
1095 1378 1161 1437 ὡς
1203 1378 1280 1433 εἴη
1325 1379 1383 1427 τὸ
1429 1379 1585 1447 φρέαρ
1628 1378 1771 1447 ἔργον
1815 1377 1905 1425 xui

296 1467 450 1522 πονος
478 1471 567 1515 τοῦ
608 1463 847 1536 Ἀϐραὰμ
878 1463 1278 1536 βεϐαιώσασθαι
1306 1479 1320 1493 ⁸
1358 1470 1448 1515 xui
1489 1465 1634 1535 ὅρκος
1664 1468 1753 1515 καὶ
1783 1481 1902 1514 συν·

297 1553 461 1609 θῆκαι
507 1550 848 1626 προϐαίνουσι
898 1569 910 1582 ⁸
968 1558 1054 1604 xui
1104 1555 1132 1610 ἡ
1185 1557 1330 1622 πηγὴ
1384 1552 1633 1623 λαμϐάνει
1677 1556 1771 1608 τὴν
1819 1550 1905 1602 ἔπ-

296 1645 531 1711 ωνυμίαν
590 1639 691 1692 ἀπὸ
749 1649 840 1702 τῆς
894 1642 1124 1713 πράξεως
1170 1646 1327 1715 φρέαρ
1379 1640 1667 1714 Ὀρκισμοῦ
1721 1638 1902 1692 ἐπονο-

2016 489 2254 544 ciebant
2279 489 2469 545 fontes
2494 495 2547 544 et
2575 494 2808 559 puteos,
2841 488 3015 559 quasi
3070 491 3317 559 pascuis
3345 505 3467 544 non
3498 491 3672 546 valde

2017 576 2214 633 minus
2236 578 2320 632 ita
2343 582 2555 649 etpotu
2580 578 2889 648 saginante
2919 583 2973 631 et
2995 578 3349 649 disponente
3376 578 3433 632 in
3461 579 3671 633 melius

2018 673 2308 722 armenta.
2344 667 2436 723 Sic
2463 674 2616 721 certe
2672 665 2905 721 videtur
2929 672 2983 721 et
3022 666 3325 721 Abraham
3357 673 3412 722 et
3442 668 3673 740 reliqua

2014 754 2221 810 fruitus
2274 755 2434 827 apud
2489 754 2830 810 Abimelech
2888 771 3048 818 cura.
3117 770 3234 810 non
3263 754 3668 826 insipientiam

2014 842 2241 898 ducens
2294 843 2727 915 reprehendere
2781 843 2981 913 ipsum
3008 843 3083 899 de
3120 843 3418 899 ablatione
3460 859 3669 900 eorum

2013 948 2168 1003 quos
2194 932 2321 1004 ipse
2351 932 2580 988 foderat
2609 938 2921 1005 puteorum
2953 950 2966 998 ;
2994 948 3190 1003 neque
3222 931 3317 987 ille
3348 932 3669 1004 reprehen-

2015 1020 2244 1076 sionem
2309 1021 2532 1085 irridet,
2600 1020 2871 1089 ignorare
2909 1036 3050 1075 vero
3104 1021 3398 1076 actionem
3458 1037 3493 1077 a
3544 1021 3668 1076 suis

2015 1109 2199 1164 servis
2246 1126 2455 1165 ansam
2507 1109 2833 1181 respondet
2863 1115 2919 1164 et
2948 1108 3189 1164 festinat
3234 1110 3533 1165 Abraham
3568 1126 3670 1182 per

2014 1205 2240 1269 septem
2255 1214 2441 1270 agnos
2454 1197 2791 1253 Abimelech
2803 1197 3240 1254 confessionem
3254 1242 3265 1259 .
3279 1214 3414 1253 esse
3431 1203 3667 1269 puteum

2013 1301 2168 1359 opus
2192 1291 2249 1342 et
2276 1287 2545 1342 laborem
2568 1286 2828 1350 Abrahae,
2852 1285 3132 1341 stabilire.
3167 1289 3230 1340 Et
3254 1287 3667 1357 juramentum

2014 1382 2070 1431 et
2086 1376 2509 1432 conventiones
2541 1376 2891 1447 procedunt,
2913 1383 2969 1431 et
2983 1376 3114 1431 fons
3127 1378 3309 1432 sumit
3329 1391 3666 1445 cognomen

2013 1465 2092 1520 ab
2118 1470 2272 1529 actu,
2309 1470 2522 1535 puteus
2565 1465 2889 1535 juramenti
2938 1465 3420 1534 cognominatus.
3451 1468 3511 1520 Et
3542 1465 3665 1519 Phi-

2011 1552 2213 1608 listiim
2239 1559 2500 1623 tempore
2523 1553 2907 1624 subsequeuti
2930 1554 3173 1624 propria
3187 1554 3428 1622 regione
3459 1553 3519 1609 in
3552 1570 3669 1620 qua

2012 1641 2504 1714 peregrinabatur
2529 1644 2695 1697 Isaac
2760 1641 2992 1712 fugiens
3056 1642 3113 1697 in
3168 1642 3362 1714 patria
3420 1644 3662 1706 famem,

294 1730 569 1799 μασθεῖσα
598 1747 609 1758 ⁸
645 1734 733 1782 xui
766 1733 815 1782 οἱ
859 1730 1163 1801 Φυλιστιεὶμ
1219 1726 1279 1781 δε
1331 1736 1505 1800 χρόνῳ
1554 1729 1766 1801 ὕστερον
1807 1738 1902 1791 τῆς

2014 1730 2307 1803 expellere
2338 1730 2563 1787 invidia
2592 1747 2730 1786 cum
2780 1731 3048 1787 meditati
3097 1736 3316 1799 essent,
3351 1731 3667 1786 obstruunt

296 1814 447 1878 ἰδίας
496 1822 676 1890 χώρας
725 1818 772 1870 έν
893 1838 1124 1893 παρῳκει
1161 1820 1187 1870 ὁ
1233 1820 1418 1870 Ἰσαὰκ
1471 1820 1666 1889 φεύγων
1712 1820 1798 1870 τὸν
1854 1817 1902 1869 ἐν

295 1915 360 1978 τῇ
428 1903 652 1979 πατρίδι
721 1907 889 1979 λιμὸν,
961 1907 1216 1959 ἀπελάσαι
1282 1909 1447 1978 φθόνῳ
1512 1906 1902 1978 μελετήσαντες,

298 1996 659 2068 ἐμφράττουσι
706 2000 771 2048 τὰ
819 2002 1015 2067 φρέατα
1056 2004 1146 2049 τοῦ
1185 2000 1379 2070 πατρὸς
1408 1996 1592 2061 αὐτοῦ,
1624 2000 1743 2057 τούς
1786 2015 1903 2048 ποι-

295 2088 449 2156 μένας
498 2081 688 2145 εἰδότες
752 2090 822 2156 μὴ
880 2082 1141 2137 δύνασθαι
1196 2086 1313 2157 ζῇν,
1375 2092 1466 2145 τῆς
1517 2093 1616 2137 τῶν
1677 2087 1905 2157 φρεάτων

1147 2179 1237 2226 xui
1293 2181 1486 2233 Μωσῆς
1520 2175 1600 2225 ὅτι
1644 2177 1766 2235 τούς
1793 2193 1907 2244 χει-

293 2271 399 2336 ρῶν
458 2259 657 2315 ἀδίκων
727 2264 981 2335 εἴρξαντας
1058 2267 1305 2335 ποιμένας
1370 2260 1706 2334 ἀπωσάμενος
1776 2282 1907 2337 παρ-

294 2171 775 2244 ἁποστερονμένους
821 2179 1067 2246 χρήσεως
1101 2193 1113 2205 ο

295 2356 429 2422 ἐσχε
478 2360 596 2414 ταῖς
646 2354 939 2425 θυγατράσι
992 2360 1084 2404 τοῦ
1146 2354 1311 2426 Ἰοθὸρ
1347 2354 1527 2405 θᾶττον
1567 2353 1596 2410 ἣ
1629 2354 1765 2404 κατὰ
1811 2354 1906 2413 τὰς

297 2439 454 2500 οῐλλας
508 2442 702 2513 ἡμέρας
760 2446 975 2493 ποτίσαι
1026 2443 1091 2492 τὰ
1151 2442 1419 2512 θρέμματα
1470 2448 1540 2509 τῷ
1603 2445 1762 2512 πατρὶ
1811 2459 1904 2498 κη-

295 2526 460 2593 δεύει,
514 2533 606 2581 xui
664 2533 837 2601 κύριος
895 2530 1066 2591 οἰκίας
1120 2528 1234 2581 ἀντὶ
1276 2528 1609 2602 προσηλύτου
1658 2533 1897 2598 γίνεται·

292 2622 386 2669 xui.
433 2622 599 2693 μυρία
648 2618 780 2670 ἄλλα
815 2621 928 2671 ἔστι
987 2617 1155 2671 λαϐεῖν
1213 2616 1286 2671 δι’
1327 2619 1395 2669 ὧν
1443 2615 1901 2691 περισπούδαστον

290 2714 384 2759 xui
437 2712 573 2778 μέγα
624 2715 803 2779 κτῆμα
852 2716 958 2769 τοῖς
1013 2707 1066 2770 ἐξ
1117 2706 1352 2779 Ἀϐραὰμ
1392 2708 1457 2759 τὰ
1500 2710 1693 2780 φρέατα
1731 2704 1902 2778 ἐνομί-

292 2796 412 2855 ζετο
446 2813 459 2825 ·
492 2795 520 2849 ὃ
559 2792 626 2853 δὴ
676 2800 759 2848 καὶ
810 2793 1184 2871 ἀταλαιπώρως
1240 2797 1396 2868 εὑρὼν
1428 2797 1453 2847 ὁ
1499 2796 1652 2848 Αὶνάν
1684 2796 1712 2854 ἡ
1758 2796 1783 2847 ὁ
1814 2795 1899 2846 Ὠ-

289 2890 382 2936 νᾶν
456 2884 723 2957 (ἑκατέρας
772 2887 873 2959 γὰρ
942 2893 1034 2947 τῆς
1088 2892 1258 2957 φωνῆς
1309 2884 1661 2956 ὀνομάζεται),
1713 2886 1947 2956 ἱστορίας

290 2977 664 3045 κοσμογένειαν
689 2978 778 3025 xui
809 2978 902 3031 τὴν
932 2981 1024 3026 τοῦ
1050 2974 1214 3025 ’11σαύ
1241 2973 1403 3043 φυλὴν
1433 2972 1703 3045 γενεαλογὴ
1715 2991 1888 3029 σαντι.

854 3069 1169 3116 ΕΡΩΤΗΣΙΣ
1207 3060 1335 3116 ΝΘ’.
1932 3061 1972 3117 C

290 3164 564 3242 ’Τί-δηλοῖ
609 3172 668 3242 rb
720 3168 768 3221 ἐν
820 3175 1193 3242 Δευτερονομίῳ
1245 3172 1600 3242 γεγραμμένον
1647 3184 1662 3198 ⁸
1712 3188 1742 3219 (ι
1783 3168 1900 3220 Ἐὰν

358 3238 420 3291 δὲ
512 3237 874 3312 οἱκοδομήσῃς
962 3237 1175 3293 οἰκίαν’
1231 3237 1462 3298 missu"
1510 3245 1600 3291 xui
1674 3244 1901 3312 ποιήσῃς

360 3314 618 3383 στεφάνην
698 3309 770 3382 τῷ
821 3309 1097 3383 δωματίῳ
1178 3331 1293 3380 σου,
1363 3315 1453 3363 xui
1520 3311 1578 3364 ού
1662 3309 1900 3371 ποιήσεις

361 3381 512 3453 φονον
538 3381 588 3435 ἐν
614 3390 675 3456 τῇ
710 3381 851 3455 οἰκίᾳ
882 3381 978 3435 σου
1013 3403 1025 3415 ·
1069 3381 1099 3435 ὃ)

2013 1825 2224 1891 puteos
2278 1819 2459 1890 patris
2489 1820 2638 1889 ejus,
2673 1826 2945 1890 pastores
3000 1818 3256 1875 scientes
3311 1836 3431 1875 non
3487 1835 3665 1890 posse

2015 1907 2230 1974 vivere,
2287 1912 2597 1978 puteorum
2663 1908 2974 1964 destitutos
3041 1908 3308 1964 utilitate.
3362 1908 3425 1962 Et
3478 1911 3664 1964 Moses

2012 1996 2178 2068 quod
2231 1996 2510 2052 manibus
2569 1997 2789 2069 iniquis
2845 1998 3067 2069 patrari
3114 2003 3306 2068 empta
3353 2003 3661 2068 pastorum

2013 2084 2295 2141 amolitus
2312 2085 2662 2156 praebuisset
2680 2086 2920 2142 ﬁliabus
2936 2086 3131 2141 Jethro
3148 2086 3314 2140 ocius
3329 2101 3514 2157 quam
3533 2084 3665 2140 aliis

2014 2173 2228 2230 diebus
2261 2173 2816 2246 [opportunitatem]
2875 2173 3222 2245 adaquandi
3255 2188 3485 2241 greges,
3520 2173 3665 2244 patri

2014 2264 2227 2335 placet,
2291 2269 2347 2318 et
2406 2262 2692 2318 dominus
2724 2262 2940 2318 domus
3005 2278 3114 2334 pro
3166 2262 3404 2317 advena
3455 2261 3538 2317 fit.
3599 2262 3667 2316 Et

2014 2356 2291 2408 sexcenta
2329 2350 2447 2407 alia
2484 2365 2719 2406 sumere
2750 2354 2841 2405 est
2864 2366 2969 2421 per
2999 2365 3135 2422 quia
3165 2348 3578 2405 desiderabilis
3607 2353 3666 2404 et

2012 2456 2233 2512 magna
2250 2438 2549 2512 possessio
2563 2439 2812 2510 posteris
2827 2438 3083 2494 Abrahze
3098 2439 3258 2510 putei
3275 2439 3661 2509 putabantur.

2012 2528 2186 2595 Quod
2212 2544 2350 2585 sane
2380 2534 2435 2584 et
2482 2527 2726 2584 feliciter
2772 2544 2911 2583 cum
2951 2528 3276 2583 invenisset
3328 2526 3519 2581 Ainan
3560 2542 3666 2581 seu

2012 2620 2225 2684 Onam,
2279 2621 2530 2689 utraque
2575 2617 2736 2673 enim
2790 2632 2934 2672 voce
2988 2616 3354 2681 nominatur,
3407 2616 3665 2671 historiae

2010 2706 2265 2778 praebuit
2313 2706 2615 2761 materiam
2673 2705 2769 2761 Dei
2814 2706 3168 2777 speculatori
3228 2704 3410 2776 Moysi
3449 2704 3549 2776 qui
3590 2704 3667 2758 de

2010 2794 2401 2866 cosmogonia
2429 2800 2485 2849 et
2501 2794 2574 2849 de
2593 2794 2748 2849 Esau
2776 2792 3002 2849 familia
3023 2791 3435 2862 genealogiam
3461 2793 3663 2847 texuit.

2011 2889 2275 2959 παρέσχεν
2333 2884 2579 2937 ύπὸθισεν
2637 2892 2707 2954 τῷ
2752 2886 2938 2955 θεοπτῃ
2998 2889 3180 2935 Μωσεῖ
3234 2884 3370 2933 κατὰ
3444 2900 3505 2952 γε
3572 2884 3665 2938 τὴν

2419 3061 2740 3125 QUASSTIO
2776 3059 2893 3113 LIX
2925 3060 3027 3130 [αι.
3063 3059 3270 3129 LVIII].

2014 3166 2168 3235 Quid
2182 3166 2483 3235 signiﬁcat
2505 3166 2740 3237 quodin
2768 3167 3154 3222 Deuteronom
3164 3164 3218 3219 io
3237 3166 3526 3237 scriptum
3545 3169 3628 3237 est
3647 3180 3659 3217 :

2080 3261 2108 3289 ί(
2141 3239 2210 3292 Si
2233 3238 2481 3304 aediﬁces
2506 3236 2743 3292 domum
2769 3253 3001 3300 novam,
3024 3236 3213 3305 facies
3234 3242 3288 3291 et
3316 3236 3652 3291 commit/em

2080 3309 2280 3365 domui
2296 3316 2432 3374 tuae,
2461 3324 2566 3365 nec
2578 3308 2766 3379 facies
2796 3308 3175 3364 homicidium
3194 3308 3256 3363 in
3280 3306 3449 3363 domo
3466 3312 3569 3362 tua
3586 3307 3613 3361 ?
3637 3329 3656 3355 ι

1170 3488 1322 3537 Edita
1346 3502 1378 3538 a
1407 3489 1563 3545 Maio,
1595 3488 1628 3536 l.
1662 3502 1729 3545 c.,
1761 3502 1813 3551 p.
1846 3488 2007 3536 67-69.
2027 3486 2085 3534 In
2107 3484 2479 3535 Deuterenom.
2514 3500 2638 3542 xm,
2664 3487 2712 3533 8.

354 3612 581 3681 Εἴρηται
634 3608 723 3677 μεν
768 3612 875 3667 τοῖς
928 3608 1029 3679 πρὸ
1072 3606 1218 3676 ἡμῶν
1271 3609 1389 3677 περὶ
1433 3608 1624 3665 ταύτης
1667 3612 1761 3666 τῆς
1798 3605 1899 3678 ῥή-

281 3715 411 3755 σεως
467 3698 585 3747 οὔτε
630 3702 725 3756 τῆς
778 3698 1059 3767 σαφηνείας
1102 3690 1253 3746 ούδεν
1300 3696 1417 3746 οὔτε
1468 3700 1563 3753 τῆς
1622 3693 1898 3768 ὀρθότητος

280 3782 631 3855 ἐνδεέστερον,
691 3784 830 3842 Πλὴν
891 3782 1094 3856 ἐπείπερ
1154 3801 1239 3835 σοι
1282 3781 1451 3854 φίλον
1481 3787 1570 3835 xui
1623 3782 1659 3834 bi
1712 3778 1898 3856 ρᾲδιόν

280 3873 402 3925 ἔστι
452 3873 577 3943 παρ’
628 3872 810 3946 ἐτέρων
857 3873 1058 3943 μαθεῖν,
1108 3879 1277 3924 ταύτα
1313 3871 1438 3945 παρ’
1480 3873 1624 3943 ἡμῶν
1670 3869 1895 3936 ἀκούειν,

284 3958 602 4033 συνᾴδοντες
632 3966 722 4013 xui
751 3962 903 4033 ἡμεῖς
932 3959 1164 4027 ἐκείνοις,
1195 3964 1284 4012 xui
1314 3960 1547 4031 μάλιστα
1594 3958 1668 4020 οἶς
1714 3979 1766 4011 τι
1802 3968 1900 4012 τῶν

283 4051 455 4103 ἄλλων
523 4048 607 4102 ἰπὶ
673 4052 732 4102 τὸ
813 4051 1019 4120 ἄμεινον
1090 4051 1422 4123 τεθεωρηται,
1482 4053 1572 4101 xui
1631 4051 1900 4120 σύμφωνον

285 4143 589 4211 ποιούμενοι
644 4142 739 4196 τὴν
794 4136 1096 4200 ἀνάπτυξιν,
1155 4146 1358 4210 πρῶτον
1412 4135 1501 4209 μέν
1561 4134 1752 4189 εἰδέναι
1809 4158 1902 4209 φα·

285 4247 380 4301 μεν
438 4224 568 4291 δεῖν,
609 4230 679 4289 ὡς
734 4228 869 4279 ὁκαὶ
925 4226 1176 4286 πολλάκις
1233 4223 1528 4297 σύνδεσμος
1579 4227 1753 4298 ὧσπερ
1812 4230 1898 4278 xui

286 4316 444 4369 ἄλλαι
496 4314 680 4368 πολλαὶ
727 4324 829 4367 τῶν
875 4314 1054 4377 λέξεων
1093 4317 1236 4386 παρὰ
1286 4321 1396 4374 τοίς
1437 4321 1742 4377 Μωσαῐκοῖς
1787 4312 1902 4367 δια-

289 4407 531 4476 τάγμασι
585 4403 924 4477 παρέλκοντος
976 4402 1154 4473 ίπέχει
1210 4408 1392 4477 χώραν
1435 4422 1447 4434 ·
1486 4399 1572 4455 διὸ
1624 4408 1714 4455 xui
1770 4408 1902 4477 πρὸς

286 4497 346 4547 τὸ
380 4495 648 4567 εὐθύτερον
695 4492 1052 4564 ἀναγνωσθείη
1092 4491 1153 4543 ἂν
1202 4495 1258 4544 τὸ
1291 4493 1466 4566 ῥητὸν,
1502 4499 1594 4545 τοῦ
1637 4496 1771 4546 κατὰ
1806 4498 1900 4552 τὴν

287 4582 471 4655 ἀρχὴν
525 4578 823 4653 συνδέσμου
879 4583 1288 4655 περιαιρεθέντος
1336 4594 1349 4605 ·
1406 4577 1619 4643 διπλαῖς
1673 4578 1732 4634 δε
1784 4578 1902 4634 δια-

284 4677 458 4732 νοίαις
512 4673 543 4729 ἡ
601 4669 845 4742 ἑρμηνεία
909 4671 1194 4743 μερίζεται.
1252 4669 1310 4722 ’11
1364 4673 1454 4741 μεν
1504 4673 1605 4743 γαρ
1663 4673 1789 4744 πρὸς
1842 4674 1899 4723 τὸ

285 4762 516 4834 γράμμα
565 4755 824 4829 διαϐαίνει
880 4762 969 4810 xui
1018 4755 1111 4812 διὰ
1164 4767 1265 4811 τῶν
1313 4758 1578 4815 αἰσθητῶν
1623 4756 1903 4812 ἀπευθύνε-

285 4870 399 4913 ται,
447 4851 477 4906 ἠ
515 4844 576 4900 δε
630 4851 759 4922 πρὸς
817 4848 1030 4920 θεωρίαν
1089 4846 1216 4901 θέλει
1266 4847 1455 4918 μᾶλλον
1504 4846 1787 4919 ἀνάγεσθαι
1820 4868 1832 4880 ·
1866 4851 1895 4907 ἡ

289 4942 384 5011 μεν
435 4933 524 4989 οὖν
566 4940 658 4994 τὴν
702 4932 928 5009 πρόοδον
969 4933 1042 4989 δι’
1074 4937 1141 4986 ὧν
1188 4937 1217 4993 ἠ
1252 4935 1386 4998 λέξις
1414 4935 1603 5007 μᾶλλον
1641 4941 1731 4989 xui
1760 4938 1790 4994 ἠ
1822 4938 1899 4988 αῖ-

292 5027 488 5086 σθησις
541 5023 826 5099 ὶπικρατεῖ,
880 5029 1184 5097 ποιουμένη,
1231 5021 1337 5076 ὧδέ
1372 5044 1444 5081 πη
1484 5028 1540 5077 τὸ
1580 5021 1899 5097 δηλούμενον

287 5114 637 5168 ἀναπτύσσει.
683 5113 869 5166 Οἰκίαν
916 5115 1016 5186 γάρ
1068 5133 1174 5182 σοι,
1216 5118 1393 5185 φησιν,
1445 5116 1737 5186 προθεμένῳ
1780 5134 1898 5168 σκο-

286 5209 386 5258 πὸν
418 5199 856 5273 ἀνοικοδομῆσαι,
901 5208 990 5255 xui
1041 5205 1216 5273 τάφον,
1247 5205 1314 5264 ὡς
1359 5202 1515 5267 εἰκὸς,
1555 5199 1898 5274 κρηπιδῶσαι

283 5300 378 5346 xui
449 5290 759 5344 καταϐαλεῖν
815 5294 878 5342 τὰ
942 5291 1147 5363 θεμέλια
1218 5289 1596 5363 ἀνορνξαμένῳ’
1663 5292 1722 5344 ou,
1784 5298 1894 5367 χρὴ

285 5382 589 5435 καταλιπεῖν
648 5382 715 5432 τὰ
784 5377 1119 5452 βοθρεύματα
1180 5385 1303 5451 πρὶν
1360 5380 1429 5442 εἰς
1487 5380 1628 5441 τέλος
1686 5379 1895 5451 ἀγαγεῖν

283 5474 345 5524 τὸ
374 5474 523 5542 έογον
552 5473 721 5543 χωρὶς
763 5477 856 5528 τῆς
899 5467 1239 5541 ἁρμοζούσης
1268 5466 1544 5541 περιϐολῆς
1592 5472 1681 5520 xui
1729 5466 1895 5538 ἀσφα-

283 5558 471 5620 λείας·
517 5560 601 5609 ἱνα
642 5562 672 5616 ἡ
720 5566 792 5629 τῷ
837 5561 930 5616 τὴν
988 5562 1084 5615 σὴν
1114 5555 1432 5628 ἀγνοήσαντι
1478 5557 1688 5631 πρᾶξιν,
1726 5558 1893 5617 αἴτιος

2076 3601 2307 3657 Dictum
2340 3605 2430 3657 est
2458 3600 2701 3674 quidem
2755 3616 2793 3656 a
2822 3600 3153 3671 majoribus
3196 3598 3413 3655 nostris
3442 3598 3518 3655 de
3549 3598 3661 3655 hac

2004 3690 2303 3748 locutione
2354 3690 2517 3763 quod
2552 3706 2746 3763 neque
2790 3689 3180 3745 illustrations
3236 3705 3431 3761 neque
3471 3704 3663 3744 corre—

2007 3781 2199 3836 ctione
2225 3780 2470 3850 indiget.
2505 3782 2781 3835 Attamen
2808 3780 2953 3851 quia
2983 3778 3085 3835 tibi
3120 3778 3404 3851 placitum
3439 3782 3496 3833 et
3523 3793 3661 3849 quae

2007 3869 2178 3926 facile
2205 3875 2293 3925 est
2323 3869 2401 3926 ab
2428 3869 2557 3924 aliis
2578 3868 2825 3934 discere,
2844 3869 2974 3923 haec
3003 3884 3039 3923 a
3069 3867 3243 3923 nobis
3272 3867 3499 3933 audire,
3524 3883 3660 3922 con-

2009 3959 2274 4014 cinentes
2305 3963 2363 4014 et
2389 3973 2501 4013 nos
2553 3956 2684 4027 illis,
2725 3964 2782 4014 et
2811 3956 3142 4029 praesertim
3174 3955 3395 4027 quibus
3437 3955 3662 4027 aliquid

2009 4047 2264 4104 aliorum
2303 4047 2363 4103 in
2396 4046 2611 4103 melius
2657 4045 3030 4117 speculatum
3085 4050 3196 4110 est,
3233 4049 3290 4100 et
3327 4059 3659 4099 consonam

2008 4137 2290 4192 facientes
2346 4135 2817 4208 replicationem,
2860 4134 3122 4206 primum
3171 4133 3419 4205 quidem
3484 4147 3663 4187 nosse

2008 4226 2264 4281 dicimus
2294 4230 2586 4296 oportere,
2641 4223 2807 4295 quod
2859 4238 3016 4293 saepe
3069 4222 3432 4291 conjunctio,
3473 4224 3545 4283 et,
3590 4220 3665 4275 si-

2009 4318 2110 4370 cut
2153 4318 2211 4369 et
2260 4312 2388 4368 aliae
2429 4311 2630 4368 multae
2674 4328 2749 4367 ex
2795 4309 3150 4366 dictionibus
3193 4310 3251 4365 in
3284 4309 3546 4366 Mosaicis
3572 4324 3664 4363 or-

2009 4401 2439 4467 dinationibus,
2515 4400 2910 4456 redundantis
2974 4399 3136 4454 vocis
3192 4398 3371 4453 habet
3436 4397 3657 4453 locum.

2010 4492 2150 4546 Ideo
2197 4497 2254 4547 et
2317 4490 2534 4546 rectius
2597 4488 2891 4558 legeretur
2940 4486 3188 4551 dictum,
3255 4502 3326 4542 ea
3379 4501 3515 4557 quae
3581 4485 3660 4542 ab

2009 4579 2179 4635 initio
2226 4583 2318 4634 est
2346 4578 2765 4648 conjunctione
2814 4576 3051 4632 sublata
3091 4593 3106 4642 ;
3147 4575 3488 4646 duplicibus
3519 4590 3660 4630 vero

2007 4667 2398 4724 intellectibus
2431 4666 2836 4737 interpretatio
2862 4665 3169 4720 dividitur.
3221 4665 3352 4720 Haec
3385 4663 3542 4719 enim
3581 4663 3660 4719 ad

2007 4756 2262 4813 litteram
2294 4756 2501 4813 transit
2525 4760 2581 4812 et
2610 4771 2715 4827 per
2743 4754 3044 4810 sensibilia
3073 4754 3361 4823 dirigitur,
3392 4753 3491 4808 illa
3521 4768 3659 4808 vero

2008 4845 2087 4903 ad
2127 4845 2419 4901 theoriam
2452 4843 2575 4900 vult
2624 4843 2819 4912 magis
2868 4858 3102 4898 sursum
3147 4843 3264 4912 agi.
3327 4842 3426 4896 Illa
3480 4841 3662 4911 igitur

2008 4932 2298 5006 praevium
2330 4933 2453 4999 iter,
2513 4948 2621 5005 per
2672 4948 2806 5003 qua:
2855 4930 3035 4987 dictio
3096 4930 3289 5001 magis
3334 4936 3391 4986 et
3446 4946 3661 4985 sensus

2007 5022 2255 5087 obtinet,
2279 5022 2393 5078 sibi
2418 5022 2661 5087 faciens,
2697 5020 2782 5076 sic
2813 5020 2956 5076 forte
2986 5019 3387 5091 signiﬁcatum
3416 5020 3602 5090 aperit
3643 5036 3656 5073 :

2008 5113 2262 5167 Domum
2289 5112 2449 5167 enim
2482 5110 2604 5175 tibi,
2625 5111 2724 5177 ait,
2748 5125 2886 5164 cum
2908 5109 3175 5180 posueris
3197 5124 3447 5180 scopum
3482 5106 3660 5163 aediﬁ-

2007 5217 2164 5267 care,
2195 5206 2253 5256 et
2281 5200 2519 5255 foveam
2557 5204 2621 5253 ut
2646 5198 2812 5253 decet
2852 5196 3103 5253 fundare
3134 5203 3191 5253 et
3214 5198 3411 5268 jacere
3443 5196 3662 5252 funda-

2006 5293 2211 5345 menta
2239 5305 2376 5344 cum
2403 5287 2643 5352 foderis,
2678 5302 2796 5342 non
2828 5291 3060 5359 oportet
3090 5287 3421 5358 relinquere
3456 5284 3657 5341 fossio-

2005 5393 2112 5434 nes
2142 5384 2468 5449 antequam
2500 5376 2577 5432 ad
2616 5375 2795 5431 finem
2835 5375 3183 5447 perduxeris
3213 5392 3391 5447 opus,
3432 5374 3659 5445 absque

2004 5466 2375 5523 convenienti
2426 5465 2693 5521 cinctura
2734 5470 2790 5520 et
2846 5465 3196 5529 munimine,
3253 5470 3314 5520 ut
3371 5480 3444 5519 ne
3487 5468 3652 5517 tuam

2003 5555 2303 5627 ignoranti
2334 5555 2649 5622 actionem,
2692 5569 2868 5611 causa
2906 5552 3164 5609 videaris
3193 5551 3522 5621 homicidii,
3554 5549 3653 5607 illo
