3938 6178
431 263 537 320 407

1679 257 1906 316 ruoru
1945 223 2420 315 ramuscula;
2459 257 2574 315 cr.
3671 263 3752 318 tos

429 389 674 462 quidem
694 387 938 460 lapsoin
967 386 1353 458 profundum,
1383 389 1584 460 utpote
1611 386 1758 442 nihil
1785 401 2078 442 novorum

2195 384 2494 458 ἀναφανήσῃ
2547 389 2716 456 φονον,
2775 392 2864 438 τοῦ
2929 387 3018 456 μὲν
3069 387 3377 455 ἐμπεσόντος
3432 393 3503 454 τῷ
3563 383 3757 457 βοθύνῳ,

429 494 678 550 operum
711 485 886 534 antea
942 476 1178 542 sciente,
1221 483 1274 532 te
1306 493 1442 532 vero
1496 475 1725 532 nullam
1757 491 1966 530 curam
2007 490 2080 530 ne

429 567 574 640 quid
608 567 832 624 accidat
871 567 986 622 tale
1033 565 1377 622 adhibente.
1421 567 1646 622 Etenim
1699 571 1756 620 et
1799 564 1982 620 multa
2009 579 2080 620 ex

429 655 873 712 irrationalibus
901 671 1018 710 non
1043 656 1166 711 veri
1185 655 1456 710 absimile
1485 660 1575 710 est
1601 671 1814 710 casura
1863 654 1922 708 in
1949 669 2082 724 pro-

430 743 686 800 fundum
731 749 786 800 et
837 745 1146 800 interitura
1189 760 1203 810 ;
1261 743 1366 800 sed
1414 749 1472 800 et
1508 743 1816 799 hominum
1848 742 2080 813 aliquos

431 849 586 906 quos
615 835 774 905 prior
797 833 1066 890 locorum
1093 832 1308 904 positio
1333 832 1776 889 etconsuetudo
1799 831 2080 888 transitus

431 929 484 978 et
536 923 714 978 breve
751 929 888 994 post
919 937 1137 978 novam
1192 927 1548 978 structuram
1593 927 1828 992 tempus
1868 920 2078 976 obum-

428 1011 668 1067 brantia
697 1028 768 1067 ea
797 1027 928 1083 qua)
949 1012 1178 1067 noviter
1219 1011 1375 1068 facta
1411 1015 1566 1078 sunt,
1597 1016 1652 1066 et
1681 1009 1824 1065 nihil
1853 1024 2080 1064 novum

426 1116 622 1173 neque
653 1101 876 1156 dictum
907 1101 1201 1156 damnum
1225 1116 1298 1156 ne
1321 1101 1763 1172 suspicarentur
1783 1097 2080 1169 decipien-

429 1189 527 1254 tia,
559 1189 954 1262 perditionem
1009 1189 1272 1244 invenire
1313 1204 1416 1260 pro
1449 1187 1806 1261 praecedenti
1835 1186 2080 1242 utilitate

427 1285 766 1348 coegerunt.
803 1281 1043 1350 Oportet
1072 1279 1248 1348 igitur
1289 1283 1530 1350 propter
1559 1277 1684 1333 haec
1711 1277 1916 1331 omnia
1948 1275 2082 1330 nul-

426 1369 546 1424 lam
578 1369 866 1433 omittere,
899 1369 960 1422 in
991 1368 1059 1422 iis
1081 1383 1214 1440 quae
1247 1367 1504 1438 agimus,
1547 1365 1946 1428 securitatem,
1975 1379 2082 1436 per

427 1473 612 1530 quam
655 1471 1018 1526 congeneres
1069 1463 1124 1512 et
1163 1455 1525 1512 contribules
1564 1455 1730 1510 omni
1759 1454 1984 1508 lzesioni
2025 1456 2082 1507 et

434 1547 658 1602 damno
691 1547 1010 1618 impervios
1039 1561 1478 1602 conservemus.
1521 1545 1896 1615 Illegitimum
1921 1541 2080 1597 enim

433 1641 488 1691 et
515 1635 752 1692 crudele
785 1652 820 1690 υ.
844 1635 1064 1707 quibus
1095 1651 1206 1690 nos
1255 1635 1535 1692 utilitates
1577 1634 1900 1705 carpimus,
1930 1631 2082 1702 ejus-

433 1724 569 1780 dem
621 1723 851 1792 generis
903 1728 959 1778 et
1003 1723 1278 1793 ejusdem
1341 1723 1533 1778 tribus
1567 1723 1842 1778 homines
1891 1721 2081 1776 sinere
2113 1738 2156 1792 Β

435 1813 884 1884 perpessionum
917 1817 970 1868 et
997 1813 1272 1868 dolorum
1307 1812 1592 1868 sustinere
1619 1811 1854 1866 ultima.
1879 1809 2083 1864 Debita

435 1905 634 1956 autem
667 1901 1038 1972 providentia
1075 1901 1362 1968 adhibita,
1397 1907 1452 1958 et
1481 1901 1619 1957 inde
1645 1916 1887 1974 quoque
1927 1899 2082 1954 nullo

437 1991 872 2046 transeuntium
905 1992 962 2046 in
991 1991 1283 2048 fossiones
1297 1993 1571 2062 abrupto,
1595 2006 1716 2046 non
1747 1991 1856 2046 erit
1871 1989 2083 2045 occisio

431 2079 550 2135 ulla
591 2080 650 2134 in
684 2081 912 2136 noviter
941 2081 1234 2138 aedificata
1295 2081 1516 2148 domo;
1545 2084 1602 2136 et
1639 2081 1794 2136 circa
1831 2079 2082 2134 domum

433 2175 754 2241 conspecta
797 2170 1061 2226 cinctura
1109 2175 1164 2225 et
1193 2171 1426 2228 coronis
1457 2173 1513 2225 et
1549 2169 1867 2226 homicidio
1909 2183 2084 2223 mun-

433 2259 574 2314 dam
607 2259 858 2316 domum
888 2260 1212 2316 declaravit
1241 2265 1296 2316 et
1327 2275 1470 2330 erga
1519 2259 1856 2331 proximum
1895 2256 2084 2329 provi-

435 2349 700 2403 dentiam
733 2349 888 2404 clare
917 2349 1202 2405 omnibus
1233 2349 1646 2414 manifestans,
1681 2347 2000 2402 multarum
2032 2349 2088 2400 et

433 2439 756 2510 insignium
803 2439 1054 2494 laudum
1099 2456 1284 2496 causa
1323 2439 1576 2510 provido
1617 2438 1842 2494 auctori
1893 2437 1958 2492 ﬁt
1991 2453 2004 2502 ;
2033 2440 2088 2491 et

437 2527 566 2582 talis
589 2543 745 2581 cura:
783 2527 1120 2582 fruitionem
1147 2529 1204 2582 in
1232 2527 1523 2582 similibus
1549 2527 1830 2598 operibus
1861 2530 1917 2582 et
1941 2541 2088 2598 prte-

437 2613 790 2686 scriptiones
821 2616 870 2670 ei
901 2615 1004 2687 qui
1029 2616 1190 2686 prior
1223 2616 1354 2671 illas
1377 2615 1694 2680 constituit,
1731 2614 2089 2670 thesauriza-

435 2703 534 2758 vit.
597 2705 660 2758 Et
727 2703 841 2759 hoc
889 2704 1130 2775 quidem
1172 2705 1336 2777 quod
1379 2707 1496 2760 Deo
1555 2703 1960 2774 gratissimum
2001 2707 2091 2758 est

433 2791 824 2862 legislationis
854 2793 1150 2862 stabilivit,
1201 2799 1256 2849 et
1305 2797 1518 2866 potens
1569 2798 1626 2850 et
1673 2793 2006 2849 salviﬁcum
2035 2795 2090 2847 et

432 2881 844 2939 reverendum.
902 2883 1079 2939 Juxta
1133 2883 1380 2955 quidem
1431 2883 1595 2956 quod
1643 2881 1921 2938 sensibile
1979 2885 2084 2952 est,

431 2973 610 3028 talem
669 2975 756 3028 est
813 2971 1084 3046 accipere
1115 2977 1170 3029 et
1217 2973 1506 3046 propositi
1551 2973 1842 3028 sermonis
1871 2971 2086 3028 intelli-

432 3061 718 3132 gentiam.

505 3153 646 3216 Qute
695 3166 835 3205 vero
883 3151 959 3207 ad
999 3151 1290 3208 theoriam
1323 3151 1517 3222 magis
1551 3151 1824 3224 spiritum
1858 3150 2084 3215 attollit,

431 3239 556 3294 haec
596 3245 650 3294 et
683 3239 1190 3296 vellethortationi
1229 3242 1524 3297 actionem
1565 3245 1935 3296 connectere.
1979 3241 2087 3306 Qui

431 3327 818 3400 philosophia
852 3329 1162 3384 recentiori
1184 3335 1243 3384 et
1272 3347 1454 3400 supra
1494 3335 1738 3402 captum
1769 3329 2088 3386 multitudi-

433 3417 524 3471 nis
575 3416 766 3487 posita
809 3421 1074 3482 utuntur,
1129 3422 1184 3474 et
1234 3419 1420 3474 vitam
1479 3419 1732 3475 liberam
1789 3435 1824 3474 a
1863 3418 2088 3490 vulgari

433 3505 880 3560 conversatione
905 3513 1131 3571 curant,
1161 3523 1280 3562 non
1297 3507 1512 3562 debent
1537 3508 1574 3562 ii
1595 3523 1819 3563 novum
1843 3507 2086 3580 quidem

437 3591 896 3649 fundamentum
939 3594 1138 3665 figere,
1185 3611 1404 3651 novam
1455 3613 1591 3652 vero
1623 3613 1834 3670 parare
1865 3601 2088 3652 tentare

435 3682 708 3747 domum,
743 3697 852 3737 nec
883 3682 944 3736 in
979 3683 1100 3738 ullo
1131 3684 1209 3740 ad
1241 3685 1678 3740 multitudinem
1715 3685 2084 3751 inclinatam,

434 3785 629 3842 neque
657 3786 692 3825 a
725 3775 1009 3827 consueta
1045 3774 1492 3830 conversatione
1543 3775 1620 3830 ad
1651 3775 1901 3844 vestigia
1931 3774 2088 3830 deci-

431 3858 670 3914 dentem
707 3876 719 3924 ;
753 3858 814 3913 in
861 3859 1004 3930 ipsis
1060 3865 1260 3917 autem
1319 3862 1532 3918 mediis
1591 3863 1873 3935 operibus
1925 3861 2082 3928 facti,

429 3947 824 4004 intensionem
881 3948 1272 4005 luctaminum
1341 3953 1656 4020 remittere,
1711 3957 1768 4008 et
1810 3951 2086 4007 facilitate

429 4035 714 4092 similium
745 4037 1020 4093 laborum
1057 4040 1358 4110 puti-idum
1393 4046 1449 4098 et
1480 4041 1776 4097 caducum
1833 4041 1894 4096 id
1921 4041 2086 4114 quod

425 4127 577 4184 bene
599 4131 864 4200 coeptum
899 4133 990 4184 cst
1023 4129 1314 4186 {edificare
1347 4131 1599 4202 egregias
1628 4133 1765 4186 artis
1797 4147 1950 4203 opus
1979 4149 1996 4202 ;
2031 4135 2087 4186 et

425 4217 676 4272 domum
741 4232 846 4287 per
897 4233 1082 4290 quam
1129 4219 1343 4275 licebat
1373 4228 1428 4275 et
1471 4219 1813 4276 decidentes
1859 4219 2084 4275 imbres

427 4307 819 4362 tentationum
851 4308 1140 4379 procellas
1173 4307 1394 4364 fortiter
1438 4309 1720 4380 repellere
1751 4315 1806 4364 et
1845 4307 2086 4364 inﬂam-

425 4395 903 4452 matumrarlium
931 4397 1286 4468 passionum
1321 4399 1518 4470 sopire
1543 4403 1598 4454 et
1620 4399 1895 4454 cohibere
1918 4399 2086 4454 ardo-

426 4501 554 4540 rem
583 4485 776 4556 3hanc
809 4501 946 4540 vero
975 4485 1224 4542 domum
1261 4487 1574 4559 splendide
1613 4491 1870 4559 cmptam
1903 4487 2088 4542 aedifi-

429 4574 568 4638 cari,
613 4573 694 4628 ita
737 4589 878 4630 vero
940 4575 1013 4630 ad
1042 4576 1500 4632 admirationem
1557 4592 1806 4633 suavem
1846 4591 2088 4647 progre-

430 4661 689 4716 dientem
717 4677 834 4717 non
858 4665 1452 4732 oportetremissione
1473 4663 1778 4720 sententiae
1805 4663 2086 4736 deinceps

431 4749 620 4802 sinere
653 4749 710 4803 in
739 4749 925 4805 risum
955 4751 1245 4818 decidere,
1283 4759 1338 4809 et
1366 4753 1424 4808 in
1456 4753 1660 4809 odium
1705 4759 1760 4808 et
1791 4753 1850 4808 in
1883 4759 2088 4808 contus

431 4835 672 4892 mellam
707 4836 962 4907 priorem
1016 4840 1236 4896 bonam
1278 4841 1498 4898 famam
1542 4842 1938 4908 commutari;
1982 4841 2086 4896 sed

430 4929 664 4996 oportet
681 4926 834 4982 hanc
855 4929 1080 4984 noviter
1099 4935 1358 5002 coeptam
1377 4931 1680 4997 aedificari,
1705 4931 1762 4986 in
1789 4930 2085 4986 similibus

431 5029 664 5068 servare
695 5029 1069 5082 successum,
1102 5023 1158 5074 et
1187 5021 1525 5076 coronidcm
1548 5019 1832 5092 jucundze
1861 5019 1998 5074 huic
2030 5025 2086 5075 et

429 5103 682 5173 egregim
719 5103 1070 5163 habitationi
1123 5107 1514 5180 circumdare,
1571 5109 1632 5165 id
1669 5117 1752 5165 est
1783 5125 1974 5182 usque
2025 5110 2084 5164 in

429 5193 612 5247 finem
629 5193 704 5248 ad
737 5209 990 5250 coronas
1015 5196 1330 5253 ducentem
1358 5201 2084 5256 accurationemetcuram

430 5297 640 5353 parare
673 5299 685 5348 ;
713 5281 972 5350 legitime
1003 5285 1163 5340 enim
1191 5293 1248 5343 et
1279 5289 1354 5343 ad
1385 5290 1566 5344 ﬁnem
1599 5306 1789 5363 usque
1816 5305 2087 5362 pugnan-

429 5373 576 5428 tium
609 5387 862 5428 coronac.
897 5395 924 5423 ‹‹
963 5377 1146 5430 Nemo
1177 5377 1360 5440 enim,
1393 5399 1414 5427 ι
1453 5381 1534 5434 ait
1567 5379 1832 5435 Ecclesiae
1865 5395 2082 5452 praeco,

433 5465 814 5526 «coronatur,
849 5461 962 5518 nisi
990 5463 1254 5533 legitime
1273 5467 1634 5524 certaverit“.
1653 5489 1678 5518 ›ι
1695 5467 1864 5525 Novit
1886 5473 2086 5525 autem

505 5567 526 5600 δ
566 5569 610 5623 ll
638 5567 787 5624 Tim.
821 5583 882 5634 ιι,
917 5571 969 5626 5.

2191 475 2280 527 άτε
2323 472 2488 547 μηδὲν
2543 485 2640 526 τῶν
2689 477 3162 548 καινουργηθέντων
3215 471 3534 548 προειδότος,
3595 483 3678 527 σοῦ
3717 473 3763 528 δι

2190 561 2454 637 μηδεμίαν
2501 563 2788 636 ἐπιμέλειαν
2831 569 3066 638 περὶτοῦ
3125 561 3288 636 μηδὲν
3335 563 3600 635 συμϐῆναι
3627 573 3762 616 τοιον-

2189 673 2274 706 τον
2329 655 2772 726 εἰσηγησαμένου.
2820 659 2918 705 Καὶ
2969 656 3070 727 γάρ
3117 657 3207 705 καὶ
3245 653 3408 704 πολλὰ
3451 662 3547 704 τῶν
3601 652 3766 724 ἀλόγων

2189 741 2339 796 οὐδὲν
2395 743 2600 803 ἀπεικὸς
2669 747 3042 816 παρεμπίπτειν
3099 751 3172 812 τῷ
3240 741 3440 815 βοθύνῳ
3491 747 3580 794 καὶ
3643 741 3768 795 ἀπόλ-

2188 831 2380 884 λυσθαι
2427 849 2439 861 ·
2480 830 2606 882 ἀλλά
2658 851 2716 902 γε
2766 839 2863 882 τῶν
2914 829 3192 904 ἀνθρώπων
3245 829 3404 890 ἐνίους
3455 830 3538 890 οὒς
3593 833 3624 888 ἡ
3667 849 3768 904 προ-

2191 925 2310 994 τέρα
2355 929 2452 972 τῶν
2507 925 2717 994 χωρίων
2747 923 2888 981 θέσις
2931 923 3104 972 καὶτὸ
3151 922 3258 980 ἕθος
3303 928 3392 980 τῆς
3433 916 3622 972 διόδου
3647 921 3770 970 καὶὸ

2191 1008 2405 1084 βραχὺς
2461 1013 2591 1082 μετά
2643 1014 2734 1067 τὴν
2793 1015 3124 1080 καινοτομίαν
3183 1013 3376 1080 χρόνος
3425 1008 3774 1068 ἑπισκιάζοντα

2188 1101 2254 1150 τὰ
2303 1101 2683 1170 νεοχμωθέντα,
2734 1103 2822 1150 καὶ
2879 1095 3043 1170 μηδὲν
3101 1102 3274 1149 καινόν
3322 1095 3460 1169 μηδὲ
3501 1103 3773 1172 πρόσφατον

2191 1187 2390 1260 βλάϐην
2471 1189 2764 1262 ὑφορᾶσθαι
2844 1187 3275 1250 συνεξαπατωντα
3351 1187 3558 1260 ὄλεθρον
3639 1189 3775 1259 εὑρεῖν

2191 1275 2303 1328 ἀντὶ
2355 1286 2444 1336 τῆς
2495 1281 2836 1350 προκειμένης
2889 1281 3074 1347 χρείας
3125 1277 3442 1333 σννωθησεν.
3497 1283 3584 1328 Δεῖ
3633 1272 3778 1327 δὀὗν

3589 1363 3658 1436 ἐφ’
3717 1367 3778 1424 οἷς

2949 1451 3021 1507 δι’
3057 1456 3114 1515 ἧς
3167 1458 3224 1506 τό
3275 1456 3507 1526 ὁμογενὲς
3561 1455 3782 1524 καὶὸμο-

2191 1363 2285 1418 (tu).
2345 1375 2512 1418 ταῦτα
2559 1369 2726 1418 πάντα
2787 1361 3050 1438 μηδεμίαν
3113 1367 3524 1438 παραλιμπάνειν

2190 1457 2500 1530 πράττομεν,
2559 1455 2839 1527 ἀσφάλειαν
2889 1471 2900 1484 ·

2191 1545 2345 1617 φνλον
2399 1547 2572 1605 πάσης
2628 1543 2830 1615 βλάϐης
2883 1549 2972 1596 καὶ
3031 1547 3226 1615 ςημίας
3283 1542 3560 1618 ἀπείρατον
3619 1563 3782 1600 συντη·

2189 1639 2417 1706 ρήσομεν
2465 1651 2477 1663 ·
2514 1635 2759 1704 ἔκθεσμον
2804 1637 2902 1708 γάρ
2959 1637 3050 1684 καὶ
3105 1633 3368 1704 ὠμότητος
3417 1631 3491 1704 ἐφ’
3537 1634 3619 1694 οἷς
3655 1634 3786 1704 ἡμεῖς

2190 1724 2283 1784 τὰς
2337 1722 2576 1794 ὡφελείας
2632 1718 2948 1794 ὃρεπόμεθα,
3001 1725 3120 1782 τοὺς
3167 1723 3426 1794 ὁμογενεῖς
3477 1727 3572 1772 καὶ
3615 1723 3786 1794 ὁμοφύ-

2191 1811 2310 1873 λους
2361 1817 2604 1886 περιορᾲν
2655 1815 2719 1862 τά
2767 1819 2865 1862 τῶν
2909 1812 3226 1880 παθημάτων
3279 1815 3370 1862 καὶ
3419 1809 3662 1882 ἀλγεινῶν
3707 1811 3785 1880 ὑο-

2195 1901 2444 1952 ίστασθαι
2503 1903 2707 1970 ἔσχατα
2753 1917 2766 1929 ⁸
2817 1909 2908 1960 τῆς
2959 1903 3132 1971 μέντοι
3189 1903 3626 1972 χρεωστονμένης
3683 1917 3788 1968 προ-

2191 1994 2336 2051 νοίας
2397 1987 2665 2041 κάνταῦθα
2737 1993 2827 2040 καὶ
2901 1985 3063 2046 μηδὲν
3125 1997 3224 2040 τῶν
3303 1993 3788 2060 παραπορευομένων

2192 2085 2297 2139 τοῖς
2357 2077 2600 2151 βοθύνοις
2649 2079 3058 2152 ὑποφερομένων,
3105 2077 3197 2130 οὐκ
3241 2080 3390 2130 ἕσται
3445 2083 3594 2149 φόνος
3631 2075 3792 2137 οὐδεὶς

2193 2165 2240 2220 ἐν
2285 2175 2345 2240 τῇ
2402 2172 2772 2240 νεουργονμένη
2831 2167 2972 2238 οἰκία
3021 2183 3035 2196 ·
3083 2171 3169 2218 καὶ
3211 2168 3242 2224 ἡ
3303 2171 3418 2238 περὶ
3477 2171 3563 2218 τόν
3611 2165 3790 2238 βόθρον

2193 2259 2559 2332 περινοηθείσα
2615 2256 2860 2329 περιϐολὴ
2909 2259 2998 2308 καὶ
3047 2258 3268 2328 στεφάνη
3319 2259 3408 2306 καὶ
3455 2261 3606 2327 φόνον
3641 2256 3794 2306 καθα-

2193 2349 2286 2418 ρὰν
2335 2350 2427 2404 τὴν
2485 2345 2652 2397 οἰκίαν
2709 2345 2958 2416 ἀπέφηνεν
3006 2350 3095 2396 καὶ
3135 2350 3228 2402 την
3269 2351 3359 2396 τοῦ
3407 2344 3638 2402 πλησίον
3683 2349 3794 2416 προ-

2193 2455 2334 2486 νοιαν
2416 2435 2670 2510 λαμπρῶς
2741 2441 2900 2486 πᾶσιν
2979 2433 3355 2506 ἐμφανίζονσα,
3435 2433 3635 2486 πολλῶν
3715 2436 3794 2482 καὶ

2195 2524 2362 2576 καλῶν
2403 2523 2617 2576 ἐπαίνων
2669 2523 2912 2596 πρόξενος
2961 2531 3032 2592 τῷ
3085 2527 3488 2598 προνοησαμένῳ
3535 2526 3734 2592 γίνεται
3773 2535 3786 2548 ⁸

2197 2619 2286 2665 xui
2359 2622 2449 2674 τῆς
2519 2615 2762 2674 τοιαύτης
2830 2611 3146 2685 κηδεμονίας
3219 2617 3310 2671 τὴν
3391 2612 3686 2666 ἀπόλαυσιν
3751 2609 3794 2662 ἐν

2198 2705 2396 2776 ὁμοίοις
2445 2705 2610 2774 ἔργοις
2657 2707 2746 2754 καὶ
2801 2707 3185 2774 συγκυρήματα
3233 2710 3304 2772 τῷ
3357 2701 3796 2774 προκαταϐαλόντι

2199 2793 2593 2864 ἀπεθησαύρισε
2643 2805 2658 2822 '
2705 2797 2794 2844 xui
2851 2795 2968 2862 τόγε
3018 2791 3406 2862 θεοφιλέστατον
3457 2799 3554 2854 τῆς
3599 2791 3798 2862 νομοθε-

2203 2886 2320 2944 σίας
2367 2879 2662 2945 έϐεϐαίωσε,
2714 2885 2772 2932 τό
2811 2899 2866 2932 τε
2901 2877 3121 2932 δυνατὸν
3169 2885 3257 2932 xui
3307 2885 3566 2954 σωτήριον
3609 2885 3698 2932 καὶ
3727 2879 3798 2930 ui-

2201 2969 2414 3044 δέσιμον
2451 2989 2462 3001 ·
2489 2970 2614 3022 ἀλλὰ
2643 2973 2777 3022 κατά
2823 2973 2912 3042 μὲν
2961 2973 3022 3022 τὸ
3062 2969 3334 3034 αἰσθητὸν,
3391 2973 3640 3027 τοιαύτην
3693 2973 3794 3022 ἔστι

2197 3060 2366 3112 λαϐεῖν
2397 3066 2485 3112 καὶ
2519 3064 2611 3118 τὴν
2637 3067 2728 3112 τοῦ
2755 3063 3090 3134 προκειμένου
3119 3058 3272 3130 λόγου
3299 3057 3600 3133 εὖκρίνειαν.

2267 3149 2325 3202 ἸΙ
2373 3146 2431 3202 δὲ
2475 3153 2604 3222 πρὸς
2657 3151 2868 3222 θεωρίαν
2925 3148 3113 3220 μᾶλλον
3161 3151 3246 3200 τόν
3293 3155 3410 3200 νοῦν
3455 3147 3791 3220 ἀναφέρουσα.

2195 3247 2412 3292 τοιαῦτα
2450 3237 2508 3290 ἂν
2555 3241 2629 3296 εἴη
2675 3241 2763 3290 καὶ
2813 3236 3100 3310 βουλομένη
3133 3241 3222 3290 καὶ
3263 3245 3324 3310 τῇ
3367 3243 3668 3312 παραινέσει
3713 3243 3799 3294 τὴν

2195 3329 2382 3402 πρᾶξιν
2437 3333 2825 3400 σνσφίγγουσα.
2902 3329 2967 3379 Οἱ
3049 3327 3325 3399 φιλοσοφία
3385 3333 3658 3399 καινοτέρα
3717 3331 3800 3377 xui

2196 3427 2295 3470 τῶν
2347 3417 2542 3470 πολλῶν
2587 3419 2820 3491 ὑπεράνω
2869 3421 3072 3490 κειμένη
3123 3423 3387 3490 χρώμενοι
3433 3422 3524 3469 καὶ
3565 3421 3650 3469 τόν
3691 3416 3798 3488 βίον

2197 3505 2504 3580 ἐξῃρημένον
2571 3515 2664 3568 τῆς
2725 3502 3009 3577 δημώδους
3071 3505 3332 3566 πολιτείας
3397 3503 3800 3570 ἐπιτηδεύοντες,

2197 3597 2289 3649 οὐκ
2335 3596 2622 3668 ὀφείλουσιν
2653 3595 2794 3647 οὗτοι
2843 3597 3017 3646 καινόν
3065 3597 3154 3667 μεν
3201 3599 3286 3646 τὸν
3333 3595 3560 3667 θεμέλιον
3599 3597 3796 3666 πηγνύ-

2195 3707 2299 3752 ναι,
2351 3689 2531 3743 καινην
2585 3681 2644 3736 δὲ
2692 3687 3100 3747 κατασκευάζειν
3151 3681 3432 3757 ἐπιχειρεῖν
3481 3691 3578 3742 τὴν
3637 3685 3800 3736 οἰκίαν

2195 3779 2284 3826 καὶ
2338 3771 2502 3845 μηδὲν
2545 3776 2673 3846 πρὸς
2711 3776 2768 3825 τό
2813 3773 3009 3834 πλῆθος
3058 3777 3445 3844 συμφερομένην
3489 3792 3502 3804 ·
3535 3777 3664 3845 μήτε
3711 3777 3800 3828 τῆς

2196 3863 2376 3935 ἐθίμου
2433 3859 2702 3933 διαγωγῆς
2759 3865 2888 3936 πρὸς
2937 3863 3002 3914 τά
3053 3865 3178 3933 ἴχνη
3241 3865 3670 3913 καταπίπτονσαν
3705 3880 3720 3892 ·
3753 3863 3800 3910 ἐν

2195 3953 2374 4014 αὐτοῖς
2425 3949 2484 4004 δὲ
2537 3955 2718 4022 μέσοις
2785 3958 2894 4012 τοῖς
2951 3953 3121 4022 ἔργοις
3175 3955 3459 4022 γενόμενοι,
3519 3953 3604 4004 τὸν
3655 3953 3798 4000 τόνον

2195 4051 2292 4094 τῶν
2339 4042 2714 4112 ἀγωνισμάτων
2780 4039 3076 4111 ὑποχαλᾷν,
3129 4045 3218 4091 καὶ
3271 4047 3332 4112 τῇ
3394 4041 3630 4113 ῥᾳστώνη
3699 4044 3798 4088 τῶν

2195 4132 2382 4202 ὁμοίων
2451 4135 2615 4182 πόνων
2687 4130 2878 4200 σαθρόν
2941 4133 3030 4180 καὶ
3103 4125 3456 4181 εὐδιάπτωτον
3511 4131 3568 4180 τὸ
3633 4127 3800 4185 καλῶς

2193 4219 2472 4293 ἀρξάμενον
2523 4215 2920 4291 οἰκοδομεῖσθαι
2976 4218 3329 4290 φιλοτέχνημα
3379 4239 3392 4251 ·
3441 4223 3532 4269 καὶ
3579 4221 3666 4274 τὴν
3725 4215 3804 4267 οἰ-

2193 4314 2309 4361 κίαν
2361 4307 2434 4361 δι’
2475 4309 2540 4369 ἧς
2589 4307 2699 4365 ἐνῆν
2745 4312 2832 4359 xui
2881 4306 3402 4382 καταρρηγνυμένους
3443 4305 3662 4379 ὄμϐρους
3705 4307 3802 4364 τὰς

2195 4407 2292 4450 τῶν
2351 4405 2654 4470 πειρασμῶν
2707 4392 2932 4468 νιφάδας
2987 4395 3214 4470 στερρῶς
3261 4393 3656 4469 ἀποκρούεσθαι,
3709 4399 3800 4444 καὶ

2197 4487 2545 4560 φλογίζουσαν
2605 4484 2788 4537 ἀκτῖνα
2844 4489 2958 4543 ἤτοι
3007 4494 3105 4536 τῶν
3161 4485 3338 4537 παθῶν
3399 4483 3698 4554 ἀποστέγειν
3747 4501 3802 4533 τε

2196 4582 2284 4629 καὶ
2331 4575 2653 4628 ἀναστέλλειν
2699 4579 2786 4633 την
2835 4576 3068 4648 πύρωσιν
3101 4590 3116 4604 ·
3149 4576 3342 4632 ταύτην
3385 4571 3453 4631 δὴ
3501 4578 3590 4631 την
3631 4571 3799 4624 οἰκίαν

2197 4670 2330 4718 οὕτω
2395 4668 2484 4738 μξν
2533 4664 2783 4736 )αμπρῶς
2845 4661 3134 4737 ἀρξαμένην
3187 4659 3604 4735 οἰκοδομεῖσθαι,
3656 4662 3800 4712 οὕτω

2198 4752 2256 4808 δὲ
2295 4757 2423 4824 πρὸς
2455 4755 2628 4825 θαῦμα
2657 4752 2819 4823 γλυκὺ
2849 4759 3135 4824 προῖούσαν
3167 4751 3224 4804 οὗ
3251 4756 3361 4824 χρὴ
3413 4753 3638 4826 ῥᾳθυμία
3659 4755 3802 4820 γνώ-

2195 4865 2299 4916 μης
2355 4843 2568 4914 ὕστερον
2618 4841 2701 4912 se»
2763 4841 2834 4902 εἰς
2909 4839 3109 4912 γελωτα
3177 4844 3538 4906 καταπίπτειν,
3591 4842 3672 4890 καὶ
3737 4840 3800 4888 τό

2195 4934 2503 5008 σκυθρωπόν
2571 4935 2656 4982 καὶ
2726 4929 3155 5002 περιυϐρισμένον
3231 4938 3320 4988 τῆς
3396 4933 3514 5001 πρὶν
3569 4925 3798 4986 εὐκλείας

2195 5020 2633 5073 ἀπαλλάττεσθαι
2679 5037 2692 5052 ·
2741 5018 2867 5070 ἀλλά
2897 5015 2980 5071 δεῖ
3025 5021 3220 5075 ταύτην
3271 5027 3464 5079 καινῶς
3513 5016 3804 5088 ἀρξαμένην

2195 5107 2611 5182 οἰκοδομεῖσθαι,
2665 5107 2711 5160 ἐν
2759 5115 2863 5168 τοίς
2893 5109 3092 5179 ὁμοίοις
3139 5115 3408 5181 συντηρεῖν
3437 5107 3746 5179 κατόρθωμα
3783 5123 3800 5134 ·

2194 5205 2282 5252 καὶ
2328 5200 2580 5270 στεφάνην
2629 5205 2700 5268 τῷ
2747 5205 2944 5270 τερπνῷ
2997 5199 3166 5266 τούτῴ
3213 5201 3302 5248 καὶ
3353 5195 3636 5270 περικαλλεῖ
3685 5187 3804 5243 δωο

2195 5295 2364 5362 ματίῳ
2411 5290 2716 5362 περιθεῖναι,
2771 5289 3014 5338 τοντέστι
3073 5289 3234 5357 μέχρι
3287 5285 3460 5346 τέλους
3515 5288 3604 5342 τὴν
3663 5283 3804 5352 πρὸς

2195 5383 2312 5439 τοὺς
2353 5379 2630 5450 στεφάνους
2681 5378 2913 5449 ἄγουσαν
2960 5373 3223 5449 ἀκρίϐειάν
3281 5393 3335 5426 τε
3377 5379 3468 5425 xui
3515 5369 3804 5444 ἐπιμέλειαν

2197 5464 2516 5526 ἐπιτηδεύειν
2561 5484 2571 5496 ’
2605 5473 2704 5517 τῶν
2735 5468 2834 5541 γὰρ
2876 5469 3106 5538 νομίμως
3149 5467 3238 5515 καὶ
3277 5471 3376 5515 τῶν
3421 5467 3580 5536 μέχρι
3619 5458 3808 5515 τέλους
