3938 6178
446 255 544 320 litt
1667 249 1910 316 PHO’I'II
1949 251 2103 314 PATI

2221 257 2436 314 RCH/E
2475 253 2584 314 ΟΡ.
3669 257 3750 320 iii.

443 391 672 442 minum
707 387 986 444 divinitus
1025 387 1384 457 operabatur
1413 385 1684 448 salutem,
1728 385 2006 440 homines
2037 385 2096 439 in

2212 387 2234 442 ᾖ
2293 393 2383 436 τού
2443 381 2632 436 δούλου
2691 385 2964 459 παρρησία
3021 386 3218 458 ἠρεμεῖ,
3269 395 3340 456 τῷ
3395 383 3660 460 δεσποτικῷ
3708 389 3756 444 δὲ

439 478 508 530 iis
557 477 882 532 educantes
936 476 1096 544 leges
1139 476 1456 540 tacebant;
1499 475 1712 529 melius
1769 476 1927 544 enim
1969 489 2096 528 esse

443 565 630 618 multo
655 565 896 636 propria
919 565 1267 634 pazitagogia
1291 564 1488 634 ipsum
1517 579 1668 632 opus
1691 563 1898 618 salutis
1929 561 2096 616 intel-

439 652 719 720 ligebant.
757 657 814 706 In
847 653 1060 724 quibus
1093 657 1290 707 autem
1313 667 1432 706 non
1453 657 1576 706 erat
1599 651 1796 722 legum
1826 651 2098 705 custodia

443 740 806 795 mirabilium
831 741 1236 812 operationem
1259 755 1684 811 superponens,
1707 755 1898 810 neque
1911 737 2096 792 homi-

443 845 576 884 nem
611 829 856 884 salutem
886 829 1241 899 despiciens,
1273 835 1412 883 tunc
1433 833 1488 882 et
1512 828 1656 898 ipsas
1685 827 1986 898 propriam
2007 829 2100 895 ju~

445 918 862 972 stiticationem
885 917 1307 982 agnoscebant.
1329 917 1512 984 Magis
1531 933 1672 970 vero
1695 916 1840 988 ipsis
1864 931 2099 986 semper

443 1013 744 1061 servatum
779 1007 1045 1060 exstabat
1069 1023 1138 1060 ex
1167 1007 1230 1060 iis
1253 1023 1384 1076 quae
1417 1006 1687 1060 salvator
1714 1004 2096 1076 operabatur.

447 1096 672 1150 Etenim
699 1095 898 1164 legum
943 1095 1124 1150 illatio
1157 1111 1293 1150 cum
1333 1103 1388 1149 et
1421 1095 1610 1162 magis
1649 1095 1913 1165 vigentes
1947 1093 2099 1147 vide-

439 1191 662 1240 rentur.
685 1184 910 1252 lignum
936 1183 1164 1238 caedere
1179 1185 1446 1250 etignem
1469 1183 1795 1237 accendere
1819 1187 2100 1236 etcarnes

441 1272 620 1326 dividi
652 1289 686 1326 a
713 1273 1121 1327 sacerdotibus
1149 1287 1269 1326 non
1301 1271 1581 1342 injuriam
1609 1271 1912 1326 ducebant
1933 1277 1986 1324 et
2013 1271 2098 1339 ip-

441 1378 644 1416 sarum
677 1361 908 1416 roboris
937 1361 1398 1416 destructionem
1429 1361 1532 1414 sed
1573 1364 1629 1415 et
1675 1359 1952 1414 decorem
1982 1357 2096 1412 sibi

439 1450 736 1506 faciebant
762 1456 818 1504 et
848 1450 1200 1520 dignitatem
1231 1451 1476 1504 tolerare
1505 1449 1617 1502 illis
1649 1449 2013 1519 posteriora;
2045 1451 2100 1502 et

441 1540 658 1593 bovem
687 1545 740 1594 et
763 1539 1000 1592 asinum
1025 1539 1251 1592 solvere
1278 1555 1313 1592 a
1335 1537 1602 1608 praesepi,
1630 1543 1686 1592 et
1711 1535 2012 1590 abducere
2038 1539 2101 1589 ut

441 1633 620 1700 potus
655 1629 967 1698 participes
997 1633 1192 1682 essent
1225 1627 1474 1696 proprias
1507 1625 1912 1696 temperantia
1943 1625 2100 1678 intir—

445 1717 770 1770 mationem
795 1732 911 1769 non
937 1715 1374 1787 putabant,nec
1393 1713 1765 1784 solutioipsis
1787 1713 2100 1768 videbatur
2135 1735 2178 1788 Β

445 1803 612 1874 quod
639 1819 745 1857 nec
773 1803 869 1856 illa
893 1803 1504 1874 servirentprzecepto.
1533 1803 1674 1866 Quid
1703 1806 1898 1856 autem
1929 1817 2100 1872 opor-

449 1897 522 1945 tet
541 1891 704 1962 loqui
725 1908 898 1945 ovem
921 1907 950 1946 e
973 1891 1145 1946 fovea
1167 1895 1491 1945 extractam
1518 1895 1573 1944 et
1593 1891 1811 1944 bovem
1838 1897 1892 1945 et
1911 1889 2096 1944 filium

445 1979 706 2034 hominis
746 1997 776 2036 e
817 1980 1007 2052 puteis
1045 1979 1187 2034 laris
1227 1985 1578 2044 extractum,
1621 1985 1678 2034 et
1725 1995 2100 2050 quaecunque

445 2071 585 2127 talia
608 2069 720 2124 alia
747 2088 760 2134 ;
779 2085 1040 2140 quorum
1061 2069 1300 2125 Sabbati
1323 2069 1481 2136 leges
1499 2067 1618 2122 vim
1641 2073 1987 2130 reverentes,
2010 2068 2103 2134 ju-

443 2157 733 2212 vabantur
755 2159 945 2228 magis
963 2163 1018 2212 et
1042 2159 1492 2222 exaltabantur;
1525 2157 1740 2227 quibus
1758 2173 1790 2210 a
1809 2157 2101 2227 principio

443 2247 693 2310 illatum,
737 2247 1062 2302 multorum
1102 2246 1356 2300 aliorum
1396 2261 1646 2317 operum
1687 2245 2003 2316 complexu
2046 2249 2101 2300 et

445 2337 803 2391 exhibitione
829 2351 1037 2390 earum
1060 2350 1196 2406 quas
1218 2335 1279 2390 in
1299 2335 1444 2406 ipsis
1463 2333 1899 2405 separabantur
1926 2333 2102 2388 actio-

448 2441 614 2479 num.

525 2801 654 2853 Haec
677 2796 899 2869 quippe
916 2801 970 2851 et
985 2795 1140 2866 talia,
1171 2795 1702 2864 transgressionem
1729 2793 1968 2851 Sabbati
1995 2795 2103 2850 im-

447 2887 842 2959 prudentibus
866 2885 1081 2956 jlldéElS
1115 2883 1480 2940 mirabilium
1521 2883 1898 2956 operationes
1933 2891 1988 2939 et
2019 2885 2102 2939 in-

448 2975 802 3031 sanabilium
837 2974 1184 3028 morborum
1213 2973 1580 3028 curationem
1615 2972 2097 3036 inclamantibus,

2204 477 2506 548 περιάγεται
2557 477 2790 545 νεύματι.
2843 475 2998 526 Ἀλλὰ
3049 479 3150 550 γὰρ
3201 479 3251 528 ἐν
3303 478 3378 538 οἷς
3421 483 3508 535 τὴν
3553 489 3640 530 τῶν
3686 481 3757 530 ἀν-

2207 565 2422 638 θρώπων
2501 563 2760 637 ἐθεούργει
2839 570 3122 638 σωτηρίαν,
3203 567 3250 616 οἱ
3325 570 3444 626 τούς
3507 567 3760 640 ἀνθρώπους

2203 649 2664 722 παιδαγωγοῦ-»τες
2713 657 2860 723 νόμοι
2904 655 3181 724 ἡσύχαζον
3213 672 3224 684 ·
3271 663 3509 728 κρείσσον
3541 661 3629 728 γὰρ
3659 665 3762 708 εἶναι

2203 740 2372 810 πολλῷ
2401 749 2498 800 τῆς
2547 738 2684 800 ἰδίας
2713 739 3096 812 παιδαγωγίας,
3131 745 3256 795 αὐτὸ
3288 747 3345 794 τὸ
3387 747 3526 814 ἔργον
3553 753 3638 805 τῆς
3675 765 3762 796 σω-

2203 833 2385 900 τηρίας
2435 831 2804 882 συνίεσαν.“1ῖν
2837 832 2910 891 οἷς
2959 828 3009 882 δ’
3055 832 3148 883 οὐκ
3197 829 3254 889 ἦν
3303 841 3400 883 τῶν
3443 839 3598 904 νόμων
3639 839 3664 890 ἡ
3694 853 3765 903 ου.

2204 916 2336 974 λακὴ
2381 923 2476 974 τὴν
2519 920 2940 992 θαυματουργίαν
2981 921 3370 994 ύπερτιθεμένη,
3417 919 3536 972 ούδὲ
3569 929 3654 980 τῆς
3687 931 3764 972 τῶν

2207 1007 2484 1078 ἀνθρώπων
2543 1013 2801 1081 σωτηρίας
2871 1009 3314 1080 κατολιγωρούσα,
3385 1017 3654 1066 τηνικαῦτα
3693 1017 3767 1061 καί

2209 1093 2358 1146 αὐτοὶ
2409 1097 2468 1146 τό
2527 1095 2714 1147 οἰκεῖον
2769 1093 3034 1168 δικαίωμα
3080 1098 3458 1166 ἐπεγίνωσκον·
3513 1099 3682 1169 μᾶλλον
3727 1096 3766 1150 δ’

2208 1183 2384 1242 αὐτοῖς
2431 1182 2508 1234 αεὶ
2561 1182 3048 1256 συνδιασωζόμενον
3087 1188 3324 1258 ὑπῆρχεν
3371 1187 3422 1248 ἐξ
3451 1189 3515 1237 ὧν
3558 1189 3582 1238 ὁ
3621 1193 3766 1260 Σωτήρ

2209 1269 2568 1344 διεπράττετο.
2621 1279 2722 1325 Καὶ
2770 1277 2868 1346 γὰρ
2921 1277 2950 1332 ἡ
3003 1285 3102 1326 τῶν
3141 1281 3306 1346 νόμων
3347 1276 3558 1346 εἰσφορά
3597 1280 3670 1327 ὅτε
3701 1282 3772 1327 καὶ

2207 1359 2396 1432 μᾶλλον
2459 1361 2726 1424 ἀνθοῦντες
2775 1363 3056 1434 ἐφαίνοντο,
3105 1369 3162 1416 τὸ
3219 1365 3515 1426 ξυλοκοπείν
3562 1371 3644 1416 καὶ
3689 1373 3770 1436 πῦρ

2207 1447 2448 1500 ἀνάπτειν
2533 1457 2620 1502 καὶ
2707 1461 3003 1526 κρεανομείν
3079 1457 3200 1513 τούς
3269 1459 3418 1525 ίερείς
3490 1454 3580 1505 ούκ
3655 1453 3775 1525 ὕϐριν

2209 1537 2429 1606 ἡγοῦντο
2467 1535 2589 1590 οὖδέ
2619 1549 2714 1601 τῆς
2757 1545 2926 1592 αὑτῶν
2973 1542 3158 1613 ἰσχύος
3187 1545 3492 1616 καθαίρεσιν
3524 1561 3537 1571 ·
3569 1541 3682 1593 ἀλλὰ
3707 1545 3778 1592 καὶ

2209 1631 2404 1698 κόσμον
2463 1627 2724 1680 ἐποιούντο
2789 1635 2880 1681 καὶ
2950 1631 3312 1702 σεμνολογημα
3387 1637 3552 1705 φέρειν
3609 1631 3780 1682 ἐκείνων

2207 1718 2270 1766 τὰ
2313 1713 2532 1788 δεύτερα
2561 1733 2574 1746 ⁶
2609 1723 2698 1770 καὶ
2745 1717 2872 1790 βοῦν
2918 1716 2976 1772 δὲ
3023 1725 3110 1771 καὶ
3155 1725 3264 1772 ὄνον
3307 1721 3444 1772 λύειν
3477 1729 3570 1778 τῆς
3597 1724 3776 1790 φάτνης

2207 1809 2296 1856 καὶ
2351 1803 2566 1876 ἁπάγειν
2621 1815 2780 1858 ποτοῦ
2829 1817 3115 1879 μετασχεῖν
3157 1819 3250 1870 τῆς
3300 1805 3442 1869 ἰδίας
3491 1808 3782 1880 ἐπικρατείας

2211 1891 2476 1945 ἀσθένειαν
2527 1895 2618 1946 ούκ
2667 1894 2908 1960 ἐτίθεντο,
2965 1895 3088 1948 ούόὲ
3135 1897 3284 1958 λύσις
3329 1898 3502 1957 αὐτοῖς
3553 1897 3780 1968 ἐνομίζετο

2207 1985 2264 2033 τὸ
2308 1989 2378 2052 μὴ
2425 1989 2515 2034 καὶ
2563 1993 2729 2036 ταῦτα
2769 1982 3028 2037 δουλεύειν
3077 1994 3146 2056 τῷ
3189 1987 3605 2059 παραγγέλματι.
3641 1987 3698 2038 Τί
3735 1981 3782 2036 δὲ

2211 2067 2294 2122 δεῖ
2339 2071 2500 2142 λέγειν
2547 2073 2800 2144 πρόϐατον
2857 2073 3080 2146 βοθύνου
3139 2074 3508 2148 ἀνασπώμενον
3551 2080 3632 2126 καὶ
3679 2074 3783 2146 βοῦν

2209 2165 2298 2210 καὶ
2348 2163 2458 2212 υἱὸν
2513 2161 2784 2236 ἀνθρώπου
2855 2172 2954 2214 τῶν
3013 2165 3240 2238 φρεάτων
3297 2163 3612 2236 ἀνιμὼμέιον
3651 2181 3662 2192 ·
3711 2167 3784 2213 καὶ

2211 2253 2352 2300 πόσα
2395 2259 2614 2302 τοιαύτα
2665 2252 2844 2322 Erepsi;
2898 2253 2964 2302 ὧν
3021 2256 3067 2304 οἱ
3119 2261 3210 2304 τοῦ
3249 2253 3518 2306 Σαϐϐατου
3563 2259 3700 2324 νόμοι
3741 2255 3788 2302 τό

2211 2341 2398 2412 κράτος
2447 2336 2888 2412 διενλαϐούμενοι,
2939 2343 3192 2416 ἠρκοῦντο
3237 2343 3427 2413 μᾶλλον
3467 2348 3558 2394 καὶ
3599 2341 3788 2412 ἐσεμνύ-

2210 2445 2354 2478 νοντο
2387 2443 2398 2455 ·
2463 2429 2535 2487 οἷς
2585 2426 2670 2480 ἀπ’
2731 2427 2907 2500 ἀρχῆς
2969 2430 3342 2503 εἰο-ιχςδερόμενον9
3395 2431 3596 2484 πολλῶν
3649 2430 3790 2482 mm

2213 2519 2372 2588 ἔργων
2401 2525 2626 2590 περιοχῇ
2677 2523 2766 2570 καὶ
2809 2527 2870 2590 τῇ
2924 2515 3248 2572 διατυπώσει
3291 2529 3390 2572 τῶν
3423 2519 3474 2572 ἐν
3519 2521 3684 2579 αὐτοῖς
3709 2517 3788 2588 ἁρ-

2213 2605 2463 2678 ωρίζοντο
2489 2607 2738 2678 πράξεων.

2281 2799 2458 2846 Ταῦτα
2513 2803 2785 2868 τοιγαροῦν
2846 2800 2937 2847 καὶ
2986 2799 3051 2848 τὰ
3105 2803 3320 2849 τοιαῦτα
3379 2796 3680 2872 παράϐασιν
3719 2805 3794 2847 τοῦ

2211 2882 2476 2935 Σαϐϐάτου
2531 2893 2627 2934 τῶν
2681 2883 2988 2956 ἀγνωμόνων
3043 2883 3312 2938 Ἰουδαίων
3353 2889 3448 2948 τὰς
3495 2889 3794 2958 θαυματουρ-

2209 2977 2330 3042 νίας
2375 2991 2427 3024 τε
2475 2977 2564 3024 καὶ
2603 2979 2696 3030 τὴν
2745 2983 2844 3026 τὼν
2901 2975 3120 3027 ἀνιάτων
3173 2981 3338 3027 νόσων
3390 2979 3662 3048 θεραπείαν
3705 2971 3796 3024 ἐπι-

445 3065 716 3120 Salvator
745 3064 800 3117 in
829 3063 1092 3116 medium
1125 3061 1378 3132 protulit,
1409 3077 1725 3132 opponens
1749 3077 1820 3116 ea
1846 3077 1980 3132 quas
2009 3079 2103 3115 su-

2212 3061 2498 3132 ϐοωμένων,
2541 3064 2566 3113 ὸ
2621 3067 2796 3134 Σωτὴρ
2851 3063 2922 3123 εἰς
2974 3069 3129 3136 μέσον
3178 3071 3492 3138 προήνεγκεν
3539 3064 3794 3134 ἀντιπαρα-

445 3170 551 3226 per
573 3167 907 3208 sermonem
929 3155 1066 3205 sunt
1089 3165 1272 3222 opera
1292 3149 1648 3204 manufactis
1671 3150 2024 3214 actionibus,
2045 3155 2102 3204 et

445 3242 765 3296 ostendens
795 3245 1086 3310 quantum
1113 3247 1498 3309 utrorumque
1524 3238 1866 3293 discrimen.
1897 3241 1958 3293 Et
1981 3255 2101 3294 non

446 3335 569 3384 erat
609 3344 715 3382 nec
749 3327 1198 3398 impudentibus
1237 3341 1452 3394 negare
1491 3327 1714 3381 Judaeis
1749 3327 1928 3382 multo
1973 3343 2099 3382 ma-

444 3417 588 3486 joris
613 3417 782 3488 pretii
823 3431 952 3468 esse
984 3421 1038 3469 et
1079 3414 1470 3468 mirabiliores
1501 3413 1799 3470 salvificas
1839 3413 2101 3470 actiones

449 3521 634 3576 quam
666 3503 963 3572 lignorum
988 3505 1156 3558 caesio
1187 3509 1242 3556 et
1266 3505 1536 3558 carnium
1565 3503 1777 3558 divisio
1795 3509 1848 3558 et
1879 3520 1908 3558 e
1933 3504 2104 3558 fovea

452 3600 507 3648 et
539 3599 714 3664 puteo
745 3591 874 3645 ovis
914 3597 969 3646 et
999 3591 1168 3646 bovis
1200 3592 1496 3654 extractio,
1533 3598 1586 3646 et
1611 3609 1990 3664 quascunque
2013 3592 2104 3646 his

454 3681 686 3746 similia,
721 3681 824 3734 etsi
857 3679 933 3734 ab
971 3679 1156 3750 impio
1188 3695 1366 3734 sensu
1396 3685 1451 3734 et
1489 3681 1674 3736 Deum
1711 3681 2105 3752 impugnante

453 3787 574 3824 non
596 3769 955 3824 desisterent.
981 3767 1126 3822 Vide
1149 3775 1347 3823 autem
1366 3773 1426 3824 tu
1451 3769 2106 3840 incomprehensibilem

454 3859 556 3913 Dei
584 3857 938 3930 sapientiam
961 3862 1016 3912 et
1065 3857 1425 3914 inetfabilem
1469 3859 1928 3929 providentiam,
1953 3875 2103 3930 quo-

455 3948 635 4004 modo
665 3947 828 4018 quod
855 3945 1106 4001 debebat
1136 3947 1559 4018 posterioribus
1587 3947 1951 4020 temporibus
1979 3963 2106 4002 om-

453 4040 596 4093 nino
629 4037 776 4092 solvi
804 4037 1006 4104 gratiae
1047 4036 1355 4104 abolitum,
1397 4036 1582 4106 legem
1624 4037 1778 4100 dico,
1821 4036 1876 4090 vi
1911 4041 1966 4092 et
2002 4037 2106 4090 do-

451 4131 670 4200 gmate,
688 4125 747 4181 id
761 4143 795 4180 a
811 4124 1418 4196 principioinductum
1434 4131 1488 4179 et
1503 4125 1724 4179 victum
1743 4124 2106 4193 constringe-

451 4225 626 4282 retur,
673 4222 734 4272 ut
772 4215 1122 4271 omnimoda
1161 4215 1388 4270 instans
1427 4213 1640 4269 solutio
1681 4231 1815 4268 eam
1856 4230 1992 4286 quas
2033 4229 2104 4268 ex

452 4315 618 4379 parte
637 4313 692 4363 et
705 4321 840 4362 cum
856 4321 976 4376 qua
995 4319 1308 4374 progressa
1323 4308 1408 4358 est
1423 4302 1514 4357 lex
1527 4319 1891 4374 proponens,
1914 4319 2104 4374 neque

452 4411 665 4450 novum
687 4409 878 4465 neque
901 4391 1274 4463 paradoxum
1293 4391 1536 4446 allatum
1563 4391 1728 4445 simul
1747 4391 2103 4457 ostenderet,
2139 4425 2182 4480 Β

454 4483 558 4538 sed
587 4491 640 4536 et
663 4483 1002 4538 indecorum
1027 4480 1414 4536 confunderet
1435 4485 1490 4534 et
1511 4479 1817 4534 obturaret
1839 4479 2106 4533 incredu-

451 4571 695 4636 litatem,
721 4577 774 4625 et
790 4575 997 4625 contra
1019 4569 1208 4638 legem
1227 4585 1345 4624 non
1367 4569 1424 4623 in
1441 4577 1700 4638 tempore
1721 4567 1844 4623 zelo
1869 4567 2102 4634 tuitam,

451 4659 626 4730 quasi
653 4675 770 4714 non
799 4675 958 4714 nunc
985 4659 1110 4732 lege
1137 4659 1214 4713 ad
1238 4657 1594 4712 solutionem
1619 4661 1918 4724 vergente,
1949 4655 2052 4709 sed
2071 4671 2104 4710 a

451 4747 744 4818 principio
766 4764 901 4801 cum
931 4747 1223 4802 solutione
1247 4762 1560 4818 progressa
1581 4749 1790 4799 etcum
1812 4743 2106 4799 solutione

451 4837 824 4904 consistente,
858 4835 1262 4890 insolubilitati
1293 4850 1430 4889 vero
1453 4849 1562 4888 nec
1585 4850 1618 4889 a
1645 4833 1937 4904 principio
1967 4833 2104 4886 sub-

447 4923 622 4994 jecta.
653 4925 850 4978 Etnon
879 4924 1074 4996 quoad
1099 4923 1226 4979 sola
1253 4923 1520 4979 Sabbata
1547 4921 1978 4990 legislationem
2007 4937 2104 4976 so-

449 5013 593 5066 lutio
633 5011 695 5066 in
735 5013 857 5066 suis
899 5011 1086 5084 ipsius
1120 5011 1406 5066 limitibus
1447 5010 1724 5077 servavit,
1759 5007 1864 5064 sed
1906 5015 1956 5064 et
1996 5024 2104 5079 pro

449 5102 869 5172 adimpletione
927 5103 1228 5173 paschatis
1267 5101 1578 5156 deﬁnitum
1629 5105 1863 5171 tempus
1915 5099 2106 5152 distri-

449 5193 659 5258 buens,
691 5197 748 5246 et
777 5191 836 5245 in
864 5207 930 5245 ea
961 5207 1096 5260 quas
1137 5206 1240 5262 per
1273 5195 1470 5262 partes
1511 5193 1600 5244 est
1629 5189 2104 5260 superpositione

451 5280 701 5338 actionis
727 5279 1165 5335 universitatem
1196 5279 1500 5348 colligens.
1533 5279 1694 5334 Certe
1725 5287 1782 5334 et
1815 5277 2104 5350 templum

450 5387 638 5426 unum
670 5385 776 5441 pro
817 5369 1117 5423 sacriﬁciis
1149 5373 1498 5439 separatum
1544 5367 1767 5438 ubique
1811 5372 1977 5422 terrze
2019 5367 2104 5422 di-

451 5460 668 5532 spersis
688 5459 909 5513 Iudaeis
935 5457 1232 5512 victimam
1255 5457 1416 5510 haud
1445 5455 1820 5511 immolatam
1835 5462 1891 5511 et
1909 5455 2105 5522 ingra-

450 5555 573 5607 tam
591 5547 942 5607 omnimodo
968 5545 1391 5620 przenuntiavit
1410 5543 1666 5600 futuram
1692 5560 1707 5612 ;
1733 5543 1846 5600 hoc
1862 5545 2104 5616 quidem

2211 3152 2372 3210 τιθεὶς
2409 3153 2473 3202 τὰ
2503 3153 2626 3224 ὑπὲρ
2661 3151 2809 3222 λόγον
2851 3155 2972 3224 ἔργα
3011 3161 3125 3214 ταῖς
3163 3159 3546 3226 χειροκμήτοις
3573 3152 3792 3226 πράξεσι,

2210 3243 2298 3289 καὶ
2351 3235 2554 3300 δεικνύς
2611 3241 2728 3291 ὅσον
2785 3240 3031 3314 ἑκατέρων
3081 3245 3138 3292 τὸ
3191 3246 3389 3312 μέσον·
3455 3247 3548 3293 καὶ
3605 3241 3694 3292 ούκ
3745 3237 3793 3296 ἦν

2211 3323 2334 3378 οὐδὲ
2395 3334 2498 3386 τοῖς
2562 3325 2934 3400 ἀναισχύντοις
3003 3327 3327 3402 ἐξαρνεῑσθαι
3397 3327 3673 3388 Ἰουδαίοις
3733 3331 3790 3398 μή

2213 3415 2339 3486 ούχὶ
2389 3415 2556 3486 πολλῷ
2602 3421 2912 3488 τιμιωτέρας
2964 3416 3092 3469 εἶναι
3131 3423 3220 3469 καὶ
3263 3419 3698 3490 θαυμασιωτέρας
3723 3419 3798 3472 τὰς

2215 3509 2505 3574 σωτηρίους
2573 3505 2785 3576 πράξεις
2853 3505 3162 3567 ξυλοκοπίας
3227 3526 3280 3558 τε
3345 3514 3436 3559 καὶ
3515 3511 3798 3582 κρεανομίας

2214 3597 2302 3644 καὶ
2333 3591 2530 3665 βόθρου
2571 3599 2658 3646 καὶ
2691 3599 2906 3666 φρέατος
2946 3595 3203 3670 πρόϐατον
3247 3600 3338 3647 καὶ
3379 3595 3512 3668 βοῦν
3561 3596 3800 3664 ἆνασπᾷν,

2212 3685 2302 3732 καὶ
2357 3683 2454 3732 ὅσα
2499 3686 2701 3742 τούτοις
2753 3683 3014 3755 ἐνάμιλλα,
3065 3684 3158 3736 κᾶν
3209 3693 3301 3746 τῆς
3348 3685 3648 3747 ἀσεϐούσης
3687 3689 3802 3754 γνὼ-

3651 3771 3682 3790 ῃ-

2213 3790 2312 3841 μης
2359 3775 2448 3821 καὶ
2509 3771 2877 3842 θεομαχούσης
2932 3773 2988 3824 ού
3042 3775 3370 3844 μεθίσταντο.
3433 3773 3580 3847 "Ops:
3641 3771 3696 3826 δε
3750 3771 3802 3822 ού

2213 3863 2306 3916 τὴν
2365 3857 2727 3915 ἀκατάληπτον
2789 3869 2882 3912 τοῦ
2951 3869 3082 3914 Θεού
3145 3867 3325 3928 σοφίαν
3369 3867 3463 3914 καὶ
3531 3861 3804 3936 arripiet?”

2213 3951 2454 4018 πρόνοιαν
2485 3965 2497 3975 ·
2557 3951 2694 4008 ὅπως
2747 3953 2866 4020 ὅπερ
2931 3949 3138 4021 ἤμελλεν
3200 3952 3440 4024 ὑστέροις
3487 3959 3704 4024 χρόνοις
3745 3947 3808 4008 εἰς

2213 4038 2270 4085 τὸ
2317 4035 2568 4096 παντελῶς
2609 4037 2850 4088 λελύσθαι
2891 4047 2961 4107 τῷ
3005 4045 3100 4099 τῆς
3147 4041 3366 4110 χάριτος
3417 4041 3804 4111 ύπεξιστάμενον

2215 4123 2262 4193 (ὁ
2295 4128 2443 4194 νόμος
2472 4124 2624 4196 λέγω)
2667 4129 2844 4197 κράτει
2889 4131 2976 4178 καὶ
3011 4123 3258 4198 δόγματι,
3309 4137 3466 4181 τούτο
3500 4131 3620 4180 κατ’
3653 4127 3808 4200 ἀρχὰς

2215 4213 2544 4285 εἰσαγόμενον
2617 4219 2702 4266 καὶ
2757 4221 3130 4288 κρατυνόμενον
3187 4223 3585 4290 σννεσφίγγετο,
3643 4219 3710 4278 ὠς
3761 4215 3811 4266 ειν

2215 4303 2244 4359 ἡ
2285 4301 2534 4363 παντελὴς
2585 4303 2847 4356 ἐπιστᾶσα
2885 4305 3031 4366 λύσις
3080 4311 3172 4362 τήν
3209 4305 3292 4358 ἐπὶ
3337 4312 3530 4380 μέρους
3587 4311 3672 4358 καὶ
3713 4303 3810 4376 μεθ’

2215 4391 2278 4451 ἧς
2331 4391 2582 4463 προῆλθεν
2643 4394 2668 4443 ὁ
2733 4397 2886 4464 νόμος
2955 4393 3358 4468 προϐαλλομένη,
3433 4393 3592 4449 οὐδὲν
3653 4399 3812 4447 καινὸν

3572 4485 3697 4536 ἀλλὰ
3736 4487 3813 4532 καὶ

2215 4577 2314 4618 τῶν
2371 4565 2638 4620 Ἰουδαίων
2687 4573 3021 4643 καταισχύνῃ·
3079 4576 3167 4622 καὶ
3209 4571 3530 4646 ἐπιστομίσῃ
3585 4578 3644 4625 τό
3689 4572 3818 4623 ἀπει-

2216 4477 2338 4530 ούδε
2381 4477 2676 4554 παράδοξον
2725 4485 2780 4533 τό
2833 4485 3133 4554 συνενεχθὲν
3179 4481 3477 4545 ἐπιδείξειεν
3511 4503 3526 4515 ·

2217 4657 2316 4722 θὲς,
2373 4661 2462 4707 καὶ
2523 4660 2661 4731 παρὰ
2707 4661 2792 4708 τόν
2825 4663 2976 4730 νόμον
3021 4660 3114 4709 οὐκ
3153 4658 3200 4709 ἐν
3241 4669 3408 4731 καιρώ
3455 4656 3818 4734 περισπούδα-

2217 4763 2356 4808 στον,
2410 4748 2478 4806 ὡς
2525 4750 2582 4797 ού
2623 4755 2708 4796 νῦν
2763 4755 2852 4798 τού
2915 4753 3071 4818 νόμον
3123 4752 3248 4821 πρὸς
3299 4749 3447 4800 λύσιν
3498 4757 3815 4824 χωροῦντος,

2217 4833 2321 4885 ἀλλ’
2355 4833 2440 4885 ἀπ’
2487 4833 2664 4906 ἀρχῆς
2710 4839 2839 4906 μετὰ
2877 4835 3070 4896 λύσεως
3115 4837 3552 4908 προεληλυθότος,
3605 4843 3694 4889 καὶ
3733 4837 3817 4886 λύ-

2217 4941 2296 4974 σει
2336 4927 2424 4994 μὲν
2468 4929 2864 4996 συνισταμένου,
2901 4931 2967 4994 τῷ
3019 4923 3184 4996 ἀλύτῳ
3227 4922 3284 4976 δὲ
3323 4923 3462 4998 μηδὲ
3511 4933 3612 4982 τήν
3655 4927 3817 5001 ἀρχήν

2215 5013 2561 5084 ὑφισταμένου
2605 5027 2617 5041 ·
2661 5019 2748 5064 καὶ
2787 5013 2881 5064 οὐκ
2931 5013 3008 5064 ἐπὶ
3064 5017 3228 5084 μόνων
3267 5022 3367 5066 τῶν
3410 5013 3693 5067 Σαϐϐάτων
3737 5019 3820 5070 τὴν

2213 5101 2520 5170 νομοθεσίαν
2559 5101 2586 5158 ἡ
2638 5099 2788 5163 λύσις
2834 5099 2880 5152 ἐν
2927 5108 3033 5162 τοῖς
3081 5101 3266 5163 ἑαυτῆς
3303 5105 3444 5176 ὅροις
3483 5103 3819 5179 περιέσωζεν,

2215 5187 2344 5240 ἀλλὰ
2381 5193 2470 5240 καὶ
2512 5189 2595 5241 ἐπὶ
2635 5199 2724 5249 τῆς
2769 5189 2968 5250 τελετῆς
3009 5199 3098 5242 τού
3145 5193 3334 5262 πάσχα
3395 5197 3478 5244 τὸν
3541 5197 3824 5268 ὡρισμένον

2213 5282 2392 5350 καιρόν
2457 5277 2851 5352 ιὲπιμερίζῖουσα⁷
2904 5283 2991 5330 καὶ
3053 5277 3100 5330 ἐν
3261 5283 3396 5332 κατὰ
3451 5287 3614 5353 μέρος
3679 5285 3826 5352 ὑπερ-

2217 5367 2352 5417 θέσει
2414 5371 2507 5424 τὴν
2551 5375 2643 5428 τῆς
2691 5367 2922 5442 πράξεως
2963 5367 3264 5440 ὁλοκληρίαν
3325 5373 3665 5440 συνάγουσα.
3735 5375 3830 5424 Ναὶ

2215 5451 2282 5513 δὴ
2335 5459 2424 5506 καὶ
2467 5459 2588 5518 ναὸς
2619 5457 2684 5516 εἷς
2737 5455 2820 5508 ἐπὶ
2873 5465 2984 5518 ταῖς
3031 5459 3239 5518 θυσίαις
3293 5457 3680 5532 ἀφοριζόμενος
3730 5465 3830 5516 τοῖς

2213 5549 2518 5617 πανταχόσε
2561 5553 2656 5616 γῆς
2703 5541 3104 5618 διεσπαρμένοίς
3156 5543 3438 5610 Ἰουδαίοις
3481 5551 3586 5623 τῂν
3653 5551 3832 5602 θυσίαι
