4140 6198
268 229 375 298 413

1354 224 1449 291 ΑΒ
1485 226 2038 317 AMPHILOLHIUM
2080 235 2403 309 QUAESTIO
2443 234 2561 301 LX.

3539 244 3644 312 tit

260 367 455 419 ἄθυτον
507 371 599 418 καὶ
640 364 1006 437 ἀκαλλιέρητον
1064 367 1220 416 παντὶ
1275 367 1451 437 τρόπῳ
1506 366 1860 439 προεθέσπιζει

1987 382 2125 422 cum
2152 383 2273 424 non
2298 375 2546 440 possent
2568 370 2831 444 undique
2852 388 3064 428 omnes
3090 373 3148 429 in
3167 373 3328 430 idem
3356 377 3641 448 templum

256 457 697 508 ἕσεσθαι·τοῡτο
749 458 839 527 μὲν
893 458 961 526 μὴ
1018 449 1319 525 δυναμνων
1364 456 1695 525 πανταχόθεν
1750 458 1880 507 πάν-

252 563 357 596 των
417 545 491 606 εἰς
541 548 630 597 τὸν
687 544 844 596 αὑτὸν
899 548 1021 595 νεὼν
1094 538 1166 594 δι’
1214 544 1356 602 ἔτους
1411 545 1875 613 συναθροιζεσθαι,

253 642 411 685 τούτο
458 631 518 686 δε
559 637 771 685 καὶτοῦ
814 640 938 683 ναοῦ
986 631 1044 683 οὑ
1097 632 1230 702 μετὰ
1287 630 1441 683 πολύν
1491 636 1682 702 χρόνον
1729 631 1879 684 πολε-

255 729 407 795 μίαις
461 728 651 796 χερσὶν
704 722 1087 794 ἀνατρέπεσθαι
1130 719 1401 791 μελλοντος
1450 739 1461 750 ·
1514 725 1603 772 καὶ
1644 718 1727 771 ἐπὶ
1774 740 1879 792 μυ-

253 817 382 883 ρίων
442 811 608 863 ἄλλων
657 813 720 871 ὡς
776 810 1109 880 πανταχόθεν
1157 813 1250 866 τὴν
1294 808 1519 863 παλαιὰν
1564 810 1873 879 νομοθεσίαν

254 898 387 953 εἶναι
421 897 652 952 συνιδεῖν
684 899 754 961 εἰς
792 900 929 958 τελος
958 898 1447 964 παλαιωθήσεσθαι,
1509 897 1599 949 οἵτε
1654 893 1719 953 δὴ
1777 904 1879 947 των

255 998 622 1042 συνιστωντων
689 988 853 1045 αὑτὴν
913 986 1186 1059 συμϐόλων
1249 995 1401 1038 τοῦτο
1473 1004 1876 1057 προανακηρυτ-

250 1085 446 1131 τόντων
525 1082 614 1130 καὶ
682 1076 1257 1152 προκαταγγελλόντων,
1325 1075 1384 1127 ού
1449 1074 1623 1145 λόγοις
1676 1075 1865 1146 μαλλον

252 1167 364 1220 ἀλλ’
407 1168 593 1229 αὑταῖς
623 1166 893 1239 ἐργασίαις
941 1170 1029 1217 καὶ
1074 1165 1294 1238 πράξεσι
1324 1182 1337 1194 ⁸
1365 1169 1455 1216 καὶ
1513 1160 1580 1221 δὴ
1631 1169 1720 1216 καὶ
1769 1163 1874 1215 ἐτέ-

249 1277 349 1331 ρας
402 1255 669 1315 πολιτείας
718 1253 1039 1327 ὑψηλοτέρας
1085 1271 1137 1307 τε
1192 1259 1282 1304 και
1336 1254 1590 1324 θειοτέρας
1644 1258 1732 1303 καὶ
1781 1251 1865 1301 λύ-

254 1367 342 1399 σιν
370 1345 468 1397 οὑκ
515 1340 895 1415 ἐπιδεχομένης
924 1347 1197 1416 προοίμιον
1239 1342 1326 1393 ἀπ’
1385 1339 1560 1412 ἀρχῆς
1614 1347 1703 1392 καὶ
1751 1360 1874 1413 προ-

251 1438 553 1506 γύμνασμα
594 1435 910 1505 γεγενῆσθαι
957 1434 1177 1495 ταύτην,
1239 1427 1311 1483 δι’
1366 1429 1425 1488 ἢν
1471 1430 1597 1491 ὅλως
1645 1435 1735 1482 καὶ
1780 1437 1873 1491 τῆς

249 1522 537 1596 ἐπικαίρου
567 1527 798 1593 μετέσχε
821 1525 1087 1592 γενέσεως.

322 1611 386 1665 Ὀ
418 1608 478 1664 δι
511 1615 687 1684 Σωτὴρ
738 1613 885 1683 ἡμῶν
917 1606 1010 1662 διά
1041 1628 1095 1660 τε
1132 1617 1299 1660 ταῦτα
1330 1608 1431 1681 ἀφῇ
1488 1610 1755 1681 θεραπεύει
1784 1611 1870 1659 τόν

1987 470 2091 525 per
2131 472 2356 512 annum
2397 462 2784 529 congregari;
2829 461 2927 516 illo
2967 478 3106 518 vero
3145 464 3307 534 quod
3351 464 3639 537 templum

1987 558 2107 597 non
2135 551 2267 615 post
2290 547 2803 620 multum'tempus
2822 550 3145 606 hostilibus
3177 553 3456 608 manibus
3486 570 3646 609 ever-

1987 632 2233 687 tendum
2282 642 2452 689 esset.
2498 637 2560 689 Et
2609 637 2669 692 in
2718 640 3008 694 sexcentis
3059 640 3189 694 aliis
3241 639 3644 715 undequaque

1984 728 2243 775 veterem
2274 722 2704 793 legislationem
2736 741 2867 781 esse
2897 729 3242 799 conspicere
3264 729 3323 782 in
3354 731 3469 783 line
3497 730 3646 785 anti-

1984 810 2314 880 quandam,
2336 819 2537 883 utpote
2555 817 3257 888 componentibusipsam
3279 819 3643 890 symbolisid

1985 899 2443 968 praedicantibus
2455 908 2506 957 et
2524 904 3202 973 praenuntiantibusmon
3218 909 3412 962 verbis
3429 910 3639 979 potius,

1984 987 2087 1041 sed
2126 988 2272 1059 ipsis
2313 990 2594 1060 operibus
2633 998 2688 1047 et
2728 993 3080 1059 actionibus,
3122 1001 3178 1050 et
3216 1003 3367 1051 certe
3403 996 3642 1053 alterius

1982 1076 2228 1131 instituti
2260 1077 2626 1134 sublimioris
2650 1088 2707 1135 et
2726 1081 3036 1138 divinioris
3062 1089 3118 1139 et
3144 1083 3497 1140 solutionem
3518 1103 3639 1142 non

1982 1164 2347 1221 admittentis
2368 1171 2726 1239 prooemium
2742 1187 2775 1225 a
2791 1172 3081 1243 principio
3098 1178 3156 1226 et
3169 1189 3644 1245 progymnasma

1979 1253 2157 1308 fuisse
2187 1255 2387 1319 istam,
2432 1264 2675 1328 propter
2711 1275 2893 1329 quem
2924 1261 3173 1316 omnino
3214 1268 3269 1317 et
3302 1266 3642 1335 temporalis

1981 1343 2277 1415 particeps
2308 1344 2416 1399 fuit
2444 1346 2788 1402 nativitatis.

2051 1608 2321 1664 Salvator
2358 1625 2499 1665 vero
2526 1613 2726 1665 noster
2754 1616 2809 1665 et
2848 1618 3088 1684 propter
3120 1612 3243 1669 haec
3272 1617 3427 1669 tactu
3459 1622 3633 1671 sanat

246 1700 441 1776 )mpév
494 1705 585 1752 καὶ
638 1700 720 1751 ἶνα
784 1696 928 1771 δείξῃ
993 1700 1073 1750 ὅτι
1129 1699 1316 1771 Κύριος
1362 1697 1517 1759 αὑτὸς
1566 1694 1647 1763 ἦν,
1695 1699 1860 1771 ὥσπερ

1975 1696 2276 1769 leprosum
2301 1704 2356 1754 et
2384 1703 2445 1753 ut
2466 1699 2744 1755 ostendat
2766 1717 2826 1755 se
2854 1701 3170 1757 Dominum
3189 1718 3342 1767 esse,
3372 1710 3434 1758 ut
3455 1703 3633 1759 intro-

248 1798 345 1842 τοῦ
398 1790 701 1859 εἰσενεγκεῖν
739 1791 825 1840 τὸν
870 1792 1044 1859 νόμον,
1093 1787 1226 1838 οὑτω
1271 1792 1360 1839 καὶ
1405 1790 1475 1858 μὴ
1524 1785 1821 1856 εἰσενεγκεῖν
1850 1804 1864 1816 ·

249 1881 433 1951 ὥσπερ
488 1875 546 1930 δὲ
595 1882 666 1949 μὴ
725 1877 1049 1946 εἰσενεγκεῖν,
1102 1876 1236 1927 οὑτω
1276 1880 1365 1926 καὶ
1414 1874 1717 1945 εἰσενεγκεῖν
1763 1874 1866 1926 ἐτέ-

244 1986 384 2041 ροις,
442 1965 552 2018 ἀλλ’
605 1966 711 2037 οὐχ
760 1965 927 2035 ἐαυτῷ
971 1964 1270 2035 εἰσενεγκεῖν
1326 1982 1338 1994 ·
1395 1959 1534 2034 μηδὲ
1580 1966 1681 2035 γὰρ
1729 1960 1859 2033 μηδ’

246 2057 571 2108 ὑποκεῖσθαι
627 2059 715 2106 τόν
785 2056 1066 2126 νομοθέτην
1134 2050 1527 2123 νομοφυλακεῖν,
1576 2051 1643 2100 ὧν
1693 2052 1722 2109 ἡ
1772 2072 1860 2123 φυ-

247 2144 389 2203 λακὴ
446 2152 553 2204 τοῖς
610 2144 1061 2215 νόμοθετουμένοις
1114 2140 1332 2214 ἁρμόζει
1410 2146 1602 2212 μόνοις.
1667 2138 1866 2214 Ὠσπερ

245 2236 355 2307 γὰρ
398 2235 685 2306 νομοθετῶν
718 2230 968 2304 βασιλεὺς
1006 2230 1150 2283 πόλει
1177 2236 1265 2281 καὶ
1296 2228 1598 2294 πολιτείαις,
1640 2228 1744 2299 οὐχ
1783 2227 1862 2290 οἷς

249 2323 547 2397 ἁρμόζεται
595 2326 685 2373 καὶ
740 2323 971 2390 καθιστᾴ
1019 2324 1113 2378 τὴν
1169 2318 1446 2382 πολιτείαν,
1493 2320 1695 2378 τούτοις
1746 2318 1868 2370 εαυ-

246 2416 342 2464 τὸν
405 2414 619 2483 ὑπάγει,
676 2415 761 2462 καὶ
813 2418 913 2461 τῶν
980 2407 1284 2482 ἀρχομένων
1336 2409 1482 2459 ἕνεκα
1530 2407 1865 2478 καταγγέλλει

247 2506 345 2553 καὶ
408 2499 793 2574 παραπλησίως
850 2498 1062 2560 ἐκείνοις
1132 2499 1408 2555 τεθηπέναι
1467 2498 1554 2547 τὸν
1611 2497 1725 2567 ὅρον
1772 2504 1862 2547 τοῦ

247 2587 1037 2662 ψηφίσματοςπαραοκευάζει
1069 2605 1082 2616 σ
1122 2584 1227 2637 ἀλλ’
1254 2584 1407 2646 αὑτός
1452 2587 1543 2657 μεν
1589 2585 1693 2635 ἄνω
1740 2587 1861 2637 κάθο

249 2699 382 2737 ηται
428 2686 519 2738 τῆς
576 2676 852 2738 πολιτικῆς
910 2675 1097 2737 τάξεως
1149 2678 1241 2725 καὶ
1288 2674 1577 2748 ὑπηρεσίας
1621 2692 1634 2705 ’
1683 2677 1740 2725 τὸ
1803 2671 1862 2727 δι

249 2768 547 2838 πολίτευμα
603 2772 708 2827 τοῖς
751 2767 911 2816 αὑτοῦ
972 2767 1183 2835 συνέχει
1212 2766 1303 2813 καὶ
1344 2757 1697 2824 συνδιασώζει
1731 2782 1862 2838 παρ-

250 2856 585 2928 αγγελμασιν
646 2872 658 2884 ·
720 2856 885 2915 οὕτως
939 2858 1027 2905 καὶ
1075 2854 1100 2904 ό
1153 2860 1245 2903 τοῦ
1293 2857 1495 2923 κόσμου
1542 2856 1862 2923 Δημιουργός

245 2965 302 2999 τε
363 2950 453 2996 καὶ
508 2943 874 3015 Παμϐασιλεὺς
922 2948 1110 3014 νόμους
1169 2944 1409 3015 παρέσχε
1474 2942 1607 2991 κατὰ
1648 2959 1861 3013 καιρούς

243 3042 357 3094 τοῖς
395 3032 444 3085 ἓν
481 3040 552 3102 τῷ
583 3038 786 3104 κόσμῳ,
825 3028 897 3084 δι’
947 3032 1013 3080 ὧν
1066 3030 1128 3087 ἧν
1169 3028 1336 3081 αὐτῶν
1378 3030 1469 3102 μὶν
1515 3033 1609 3086 τὴν
1650 3034 1860 3101 γνώμην
1896 3061 1935 3116 C

244 3123 335 3176 ἐπὶ
383 3125 441 3174 τὸ
490 3122 697 3193 ἄμεινον
757 3126 1103 3192 μετακοσμεῖν
1149 3137 1200 3170 τε
1255 3123 1344 3169 καὶ
1400 3116 1856 3192 μεταρρυθμίζειν,

244 3212 407 3272 αὐτὸς
461 3207 521 3263 δε
572 3217 660 3270 τῆς
719 3212 962 3268 τοιαύτης
1005 3212 1251 3279 προνοίας
1305 3203 1604 3278 ἀπροσδεὴς
1653 3203 1713 3265 ἦν
1770 3213 1859 3260 καὶ

243 3305 519 3375 κρείττων,
571 3300 649 3358 οἷς
706 3297 1128 3369 φιλοτιμούμενος
1186 3294 1457 3355 ἐπλούτιζε
1513 3299 1570 3346 τὸ
1628 3296 1857 3353 ὑπήκοον

243 3393 448 3442 τούτων
478 3384 836 3458 ἀναδέχεσθαι
875 3390 968 3443 τὴν
994 3389 1200 3456 χρείαν.
1240 3380 1378 3435 Ούὸε
1407 3386 1508 3456 γὰρ
1541 3378 1658 3434 οὐδ’
1683 3385 1854 3457 ὥσπερ

245 3478 334 3531 ἰπὶ
382 3486 483 3529 τῶν
533 3475 697 3527 οῖλλων
750 3476 1036 3546 νομοθετῶν
1085 3473 1132 3524 οἱ
1184 3472 1379 3524 πολλῶν
1424 3471 1599 3544 ἐτέρων
1647 3490 1858 3522 συνεπι-

245 3571 526 3639 κρινόντων
578 3582 629 3616 τε
681 3569 771 3615 καὶ
825 3562 1120 3634 συμψήφων
1175 3568 1238 3634 τῇ
1303 3566 1483 3632 γνώμῃ
1541 3562 1854 3630 καθισταμέο

244 3676 350 3706 νων
388 3658 506 3714 τούς
545 3658 728 3724 νόμους
774 3653 1030 3715 τιθέασιν,
1078 3650 1212 3702 οὑτω
1258 3653 1345 3701 καὶ
1396 3650 1421 3700 ὁ
1480 3652 1655 3720 Σωτὴρ
1708 3649 1853 3719 ἡμῶν

238 3750 338 3802 τὴν
393 3745 702 3815 νομοθεσίαν
755 3740 1026 3812 εἰσέφερεν,
1076 3738 1184 3790 ἀλλ’
1234 3741 1299 3799 ὡς
1351 3741 1470 3798 Θεὸς
1524 3742 1613 3788 καὶ
1661 3738 1853 3809 Κύριος

233 3836 448 3885 πάντων
504 3836 593 3883 καὶ
648 3839 742 3891 τῆς
800 3830 917 3889 ὅλης
963 3830 1274 3901 νομοθεσίας
1328 3827 1485 3888 αὑτὸς
1532 3825 1854 3900 ἐπανῃρημέ-

232 3942 316 3982 νος
360 3924 419 3972 τὸ
475 3922 683 3995 κράτος.
740 3923 924 3992 Διόπερ
994 3916 1191 3987 ἀνάγκη
1234 3919 1351 3975 τούς
1401 3918 1490 3987 μὲν
1537 3922 1641 3975 τοῖς
1696 3934 1849 3987 νομο-

1977 1784 2271 1840 ductionis
2300 1785 2465 1856 legis,
2500 1786 2580 1842 ita
2599 1795 2792 1844 etnon
2824 1789 3313 1856 introductionis;
3345 1792 3634 1863 quemad-

1977 1874 2228 1929 modum
2254 1882 2454 1930 autem
2485 1892 2617 1931 eam
2651 1883 2882 1947 poterat
2911 1894 3030 1933 non
3052 1878 3451 1943 introducere,
3471 1880 3553 1935 ita
3580 1886 3634 1936 et

1977 1961 2379 2018 introduxisse
2419 1962 2568 2030 aliis,
2610 1970 2669 2020 at
2707 1982 2820 2020 non
2862 1965 2973 2021 sibi
3015 1967 3460 2033 introduxisse;
3511 1983 3633 2022 non

1976 2052 2133 2105 enim
2158 2051 2467 2120 subjacere
2497 2052 2895 2122 legislatorem
2916 2054 3065 2123 legis
3089 2056 3509 2119 observationi,
3534 2072 3634 2111 cu-

1969 2140 2072 2211 jus
2099 2140 2366 2194 custodia
2394 2138 2463 2194 iis
2494 2157 2603 2212 pro
2633 2142 2854 2212 quibus
2876 2143 3038 2213 leges
3060 2143 3329 2199 feruntur
3355 2146 3635 2200 convenit

1976 2227 2136 2284 solis.
2171 2229 2236 2284 Ut
2266 2229 2426 2283 enim
2460 2228 2615 2298 leges
2648 2236 2915 2286 statuens
2963 2248 3065 2286 rex
3097 2232 3316 2288 civitati
3351 2239 3407 2288 et
3438 2232 3633 2288 admi-

1975 2317 2447 2389 nistrationibus,
2474 2334 2594 2373 non
2624 2318 2847 2390 quibus
2878 2327 3042 2392 aptat
3072 2328 3127 2376 et
3151 2321 3628 2392 constituitregi-

1974 2422 2133 2470 men,
2164 2405 2259 2461 his
2292 2406 2556 2478 seipsum
2589 2407 2805 2479 subdit,
2826 2415 2883 2464 et
2912 2409 3313 2481 subjectorum
3335 2427 3476 2480 ergo
3500 2427 3631 2482 pro-

1973 2493 2193 2550 clamat
2231 2501 2287 2551 et
2332 2496 2600 2567 proxime
2639 2495 2785 2568 ipsis
2824 2498 3095 2569 posuisse
3126 2498 3370 2553 limitem
3411 2500 3629 2554 decreti

1971 2584 2183 2638 astruit
2211 2600 2224 2634 :
2246 2588 2305 2639 at
2321 2584 2442 2653 ipse
2465 2582 2715 2655 quidem
2745 2583 2807 2640 in
2824 2585 2942 2642 alto
2969 2587 3134 2642 sedet
3154 2586 3376 2658 politici
3402 2588 3630 2643 ordinis

1970 2677 2026 2727 et
2054 2671 2365 2728 ministerii
2394 2689 2408 2739 ;
2438 2672 2706 2742 regimen
2731 2680 2933 2730 autem
2976 2676 3098 2731 suis
3125 2677 3384 2732 continet
3409 2682 3464 2732 et
3490 2692 3629 2732 con-

1970 2766 2167 2816 servat
2190 2763 2531 2832 prteceplis;
2556 2762 2638 2818 sic
2668 2768 2725 2818 et
2747 2764 2956 2819 mundi
2974 2768 3213 2821 Creator
3238 2772 3293 2821 et
3325 2764 3629 2820 universo-

1968 2865 2104 2905 rum
2136 2865 2242 2905 rex
2278 2849 2438 2920 leges
2483 2851 2727 2906 tradidit
2758 2853 2925 2923 juxta
2973 2859 3245 2925 tempora
3292 2853 3362 2908 iis
3415 2854 3520 2925 qui
3568 2855 3625 2908 in

1968 2938 2198 2994 mundo
2249 2944 2406 3004 sunt,
2457 2955 2566 3011 per
2603 2955 2754 3012 quas
2799 2939 3011 2997 licebat
3064 2942 3332 3013 ipsorum
3381 2941 3625 3013 quidem

1968 3032 2224 3082 mentem
2252 3027 2328 3083 ad
2355 3026 2566 3083 melius
2588 3028 2865 3084 ordinare
2891 3035 2945 3085 et
2972 3029 3300 3094 instituere,
3329 3032 3457 3101 ipse
3484 3046 3626 3086 vero

1968 3115 2097 3171 talis
2129 3115 2516 3187 providentiae
2558 3132 2676 3171 non
2716 3116 2990 3188 indigens
3030 3123 3158 3174 erat
3187 3123 3244 3174 et
3302 3118 3514 3175 melior
3554 3117 3625 3173 iis

1966 3210 2056 3260 est
2076 3204 2296 3276 quibus
2316 3204 2576 3274 benigne
2602 3204 2923 3276 providens
2951 3206 3161 3263 ditavit
3189 3206 3622 3277 subjectionem

1967 3298 2032 3348 ut
2063 3293 2301 3348 illarum
2331 3294 2668 3363 exciperent
2699 3294 3007 3350 utilitatem
3037 3311 3049 3348 :
3086 3311 3207 3351 non
3239 3296 3398 3350 enim
3430 3300 3494 3350 ut
3524 3294 3623 3351 alii

1963 3380 2333 3451 legislatores
2372 3382 2475 3453 qui
2515 3382 2719 3438 multis
2767 3383 2897 3439 aliis
2938 3400 3059 3439 una
3096 3384 3509 3454 judicantibus
3565 3389 3621 3439 et

1963 3470 2472 3525 consentientibus
2498 3471 2865 3526 stabilientes
2888 3471 3047 3541 leges
3072 3472 3285 3538 ferunt,
3318 3474 3399 3528 sic
3422 3478 3475 3527 et
3498 3472 3621 3529 Sal-

1965 3564 2129 3613 vator
2167 3564 2369 3613 noster
2398 3558 2830 3628 legislationem
2865 3560 3106 3626 invexit,
3140 3562 3247 3616 sed
3279 3569 3340 3616 ut
3373 3564 3523 3617 Deus
3563 3567 3620 3617 et

1963 3647 2251 3702 Dominus
2273 3649 2542 3703 omnium
2567 3655 2623 3704 et
2649 3655 2768 3704 tota
2788 3649 3156 3720 legislatione
3182 3651 3310 3722 ipse
3332 3651 3618 3706 excelsior

1961 3741 2273 3809 potestate.
2294 3736 2427 3791 Ideo
2454 3753 2693 3793 necesse
2706 3739 2915 3793 esthoc
2937 3740 3182 3811 quidem
3201 3739 3328 3809 lege
3344 3740 3614 3795 stabilitis

1961 3823 2289 3895 subjacere,
2319 3824 2477 3880 hunc
2501 3831 2699 3880 autem
2728 3828 2875 3882 ratio
2900 3828 3098 3882 omnis
3116 3830 3319 3883 eximit
3340 3828 3505 3902 quod
3533 3844 3620 3885 re-

1961 3913 2138 3985 liquis
2167 3914 2445 3968 omnibus
2476 3913 2537 3969 in
2563 3914 2924 3971 immensum
2957 3918 3418 3988 superemineat.

233 4011 527 4067 θετηθεῖσιν
557 4008 935 4078 ὑποτετάχθαι,
964 4008 1050 4057 τὸν
1083 4001 1141 4056 δι
1178 4004 1324 4076 λόγος
1362 4004 1499 4065 άπας
1538 4003 1730 4077 ἐξαίρει
1760 4008 1831 4074 μὴ
1870 4001 1996 4074 ούχῖ
2030 4010 2126 4054 τῶν
2166 4002 2329 4053 ἄλλων
2366 4002 2601 4055 ἁπάντων
2636 4003 2754 4056 καθ’
2792 4003 3076 4077 ὑπερϐολὴν
3122 4008 3609 4073 ύπερανεστηκίναι.

308 4097 469 4150 Ἀλλά
518 4117 611 4170 μοι
680 4093 837 4168 δεῦρο
886 4099 975 4147 καὶ
1027 4090 1148 4147 τόδε
1197 4098 1564 4145 συνεπισκόπει
1598 4113 1610 4125 ·
1641 4094 1665 4143 ό
1695 4096 1847 4163 νόμος

232 4191 325 4241 τὸν
359 4186 643 4258 ἁπτόμενον
678 4185 888 4260 λεπροῦ,
937 4181 1230 4254 ἀκάθαρτον
1265 4181 1529 4253 ὀνομάζει,
1563 4181 1666 4251 οὐχ
1694 4180 1746 4232 ὃν
1796 4179 1850 4231 ἐκ

230 4286 328 4338 τῆς
360 4277 490 4348 ἀρῆς
538 4271 657 4348 ᾔδει
708 4281 800 4334 τῆς
845 4272 1035 4344 λέπρας
1068 4270 1490 4344 ἀποκαθαίροντα
1514 4273 1600 4321 τὸν
1634 4273 1851 4340 συνεχό-

233 4384 391 4438 μενον
440 4372 511 4435 τῷ
559 4365 715 4416 πάθει
764 4361 845 4429 (ού
892 4362 993 4433 γὰρ
1046 4357 1178 4419 ἦσαν
1211 4356 1418 4420 ἐλπίδες
1447 4363 1589 4411 οὔπω
1632 4365 1722 4418 τῆς
1751 4362 1852 4429 χαί-

2031 4090 2147 4145 Sed
2179 4107 2414 4146 mecum
2450 4093 2543 4146 hic
2574 4098 2630 4148 et
2654 4092 2801 4147 illud
2834 4094 3150 4150 considera
3178 4111 3189 4148 :
3220 4096 3314 4150 lex
3339 4112 3478 4151 eum
3509 4099 3613 4163 qui

1958 4179 2148 4250 tangit
2172 4180 2499 4252 leprosum,
2530 4181 2838 4253 impurum
2871 4184 3160 4247 nominat,
3190 4200 3309 4239 non
3337 4201 3517 4256 quem
3548 4201 3620 4240 ex

1959 4274 2121 4324 tactu
2143 4269 2369 4325 sciebat
2389 4287 2423 4325 a
2439 4269 2603 4340 lepra
2627 4270 3020 4337 mundantem
3043 4287 3179 4327 eum
3203 4273 3304 4345 qui
3326 4273 3621 4330 detinetur

1962 4358 2122 4412 malo
2157 4375 2170 4425 ;
2197 4373 2315 4413 non
2339 4359 2497 4413 enim
2521 4364 2646 4414 erat
2671 4375 2806 4431 spes
2829 4360 3099 4415 nondum
3128 4361 3318 4431 gratia
3340 4362 3615 4430 instante,

232 4472 385 4530 ριτος
436 4452 745 4515 ἐπιστάσης⁹
802 4448 907 4501 ἀλλ’
967 4445 1091 4501 οὐδὲ
1156 4457 1255 4500 τῶν
1304 4451 1500 4509 ταύτης
1543 4451 1847 4521 προοιμίων,

1970 4445 2063 4501 sed
2088 4461 2282 4518 neque
2305 4446 2485 4517 hujus
2510 4449 2836 4518 prommiis,
2868 4464 3003 4519 qua;
3034 4447 3341 4504 hominem
3372 4450 3616 4507 demon-

237 4542 293 4594 αἱ
326 4545 414 4593 τὸν
459 4542 728 4614 ἄνθρωπον
770 4540 1047 4610 ὑπέφαινον
1087 4539 1450 4608 θεουργοῦντα,
1502 4540 1590 4587 καὶ
1636 4541 1850 4607 κρείττω

235 4632 457 4696 πάθους,
532 4629 766 4701 μάλιστά
828 4647 885 4696 γε
944 4635 1036 4679 τοῦ
1092 4631 1185 4684 τὴν
1248 4628 1517 4699 θεραπείαν
1571 4624 1852 4685 ζητοῦντος

236 4721 439 4792 ἐμφανῆ
505 4716 881 4787 καθιστῶσαι),
940 4714 1047 4767 ἀλλ’
1101 4714 1156 4775 ὃς
1212 4711 1363 4766 οὑδεν
1414 4721 1485 4783 τῷ
1544 4712 1851 4786 λεπρωθέντι

235 4811 366 4881 πρὸς
416 4807 675 4879 κάθαρσιν
724 4806 1041 4875 συνεισάγει,
1099 4807 1187 4854 καὶ
1244 4802 1296 4853 ὃν
1330 4807 1614 4874 μετασχεῖν
1660 4799 1849 4872 μᾶλλον

234 4904 331 4949 τοῦ
393 4897 595 4956 πάθους
647 4894 678 4953 ἦ
744 4903 841 4954 τῆς
886 4891 1215 4966 ἀκαθαρσίας
1265 4889 1555 4952 ἀπαλλάξαι
1611 4893 1698 4940 τὸν
1754 4908 1850 4940 πα-

233 4989 516 5061 Ρασκόντα
557 4988 812 5056 συνεώρα.
847 4980 906 5033 Ὀ
965 4976 1023 5033 δι
1077 4989 1176 5031 τῶν
1222 4978 1414 5051 ψυχῶν
1470 4981 1559 5029 καὶ
1600 4986 1699 5029 τῶν
1750 4996 1850 5028 σω-

232 5077 415 5148 μάτων
473 5072 650 5146 ἰατρὸς
711 5073 954 5144 Χριστὸς
999 5071 1025 5122 ὀ
1076 5072 1253 5142 Σωτὴρ
1318 5070 1463 5140 ἡμῶν
1517 5067 1708 5118 αὐτίκα
1756 5069 1846 5137 μεν

233 5172 331 5225 τῆς
384 5162 585 5237 λέπρας
650 5157 745 5213 διὰ
811 5167 907 5222 τῆς
964 5158 1330 5231 ἀποκαθαίρει,
1391 5158 1582 5207 αὐτίκα
1635 5152 1693 5207 δὲ
1750 5160 1845 5213 τὴν

229 5260 381 5305 νόσον
409 5250 568 5324 λόγον
609 5258 841 5323 κρεῖττον
888 5244 1190 5321 φνγαδεύει.
1227 5253 1341 5307 Πῶς
1384 5241 1471 5297 οὑν
1504 5245 1596 5296 οὑκ
1651 5246 1843 5296 ἄτοπον

233 5339 629 5394 διευλαϐεῖσθαι
694 5343 789 5397 τήν
861 5337 993 5410 ἁφὴν
1071 5338 1142 5398 ὡς
1198 5334 1522 5406 ἀκαθαρσίας
1578 5332 1839 5407 προξενον,

231 5435 317 5484 τόν
362 5427 544 5483 εἰδότα
600 5425 694 5481 διὰ
743 5430 933 5487 ταύτης
996 5427 1374 5497 κεκαθαρμένον
1434 5418 1703 5485 ἀναδεῖξαι
1753 5425 1838 5474 τὸν

231 5528 293 5600 τῇ
325 5519 491 5599 λέπρᾳ
518 5518 818 5591 πιεζόμενον
848 5533 862 5586 ;
894 5523 1006 5579 πῶς
1056 5512 1108 5567 δ’
1166 5513 1225 5567 οὑ
1272 5511 1563 5591 παράλογον
1611 5515 1698 5565 τὸν
1746 5514 1836 5585 μὲν

1959 4539 2212 4589 strarent
2235 4533 2438 4588 divina
2462 4540 2833 4605 operantem,
2858 4541 2912 4590 et
2929 4535 3230 4592 fortiorem
3265 4538 3446 4607 malo,
3471 4554 3614 4610 prae-

1959 4622 2162 4678 sertim
2187 4638 2326 4677 vero
2349 4638 2417 4678 eo
2435 4623 2597 4696 quod
2624 4626 2990 4680 curationem
3011 4626 3318 4698 quaerebat
3340 4628 3617 4684 manifes-

1958 4718 2077 4766 tam
2104 4712 2329 4765 sistere.
2350 4712 2461 4766 Sed
2480 4712 2581 4783 qui
2603 4711 2743 4767 nihil
2770 4711 3000 4784 leproso
3023 4714 3099 4771 ad
3126 4716 3616 4773 emundationem

1956 4800 2253 4866 conducit,
2274 4806 2331 4855 et
2351 4815 2529 4872 quem
2552 4802 2899 4873 participem
2915 4819 3043 4858 esse
3061 4804 3255 4873 magis
3271 4804 3413 4860 mali
3428 4821 3614 4879 quam

1955 4888 2033 4944 im
2046 4889 2333 4945 munditia
2350 4889 2600 4946 liberare
2621 4891 2939 4963 patientem
2956 4893 3280 4964 conspexit.
3302 4895 3617 4953 Atanima-

1954 4994 2088 5034 rum
2115 4983 2168 5034 et
2199 4994 2521 5049 corporum
2550 4980 2814 5034 medicus
2837 4980 3097 5037 Christus
3124 4982 3394 5039 Salvator
3413 4990 3618 5041 noster

1956 5066 2151 5122 statim
2176 5067 2420 5139 quidem
2455 5083 2487 5122 a
2516 5067 2680 5139 lepra
2714 5084 2815 5141 per
2846 5075 3068 5125 tactum
3098 5072 3370 5137 mundat.
3393 5075 3618 5129 statim-

1952 5170 2070 5227 que
2104 5155 2382 5210 morbum
2419 5155 2629 5210 melius
2654 5172 2837 5228 quam
2870 5157 2984 5211 dici
3017 5160 3204 5229 possit
3236 5159 3420 5230 fugat.
3459 5164 3619 5228 Quo-

1953 5244 2135 5299 modo
2149 5244 2325 5313 igitur
2338 5260 2456 5299 non
2473 5244 2763 5300 insulsum
2779 5247 2958 5301 vereri
2976 5252 3194 5303 tactum
3214 5255 3272 5304 nt
3292 5250 3617 5307 immundi-

1950 5333 2043 5389 tire
2068 5349 2337 5397 causam,
2358 5349 2494 5388 eum
2518 5334 2623 5405 qui
2650 5335 2807 5390 novit
2828 5351 2933 5406 per
2955 5334 3111 5392 hunc
3130 5338 3490 5395 mundatum
3514 5339 3615 5395 de-

1947 5427 2281 5478 monstrare
2318 5420 2488 5494 lepra
2518 5420 2806 5478 afﬂictum
2838 5424 2866 5481 τ
2896 5424 3208 5490 Quomodo
3250 5432 3453 5483 autem
3492 5444 3614 5484 non

1950 5510 2253 5567 absonum
2275 5508 2577 5584 leprosum
2598 5510 2725 5587 jam
2756 5526 2876 5569 non
2902 5511 3205 5588 leprosum
3225 5530 3333 5572 nec
3357 5515 3614 5574 immun-
