4140 6198
470 266 572 332 415

1694 254 1933 322 PHOTII
1974 254 2458 322 PATRIABCH/E
2498 257 2615 325 ΟΡ.

3730 260 3838 322 416

470 398 617 455 dum
630 412 783 466 esse,
809 395 1163 456 mundatum
1178 408 1319 451 vero
1333 397 1387 451 et
1400 408 1616 450 sanum
1631 408 1731 466 per
1743 392 2120 449 Dominicum

2238 391 2412 465 >.επρόν
2452 391 2622 444 οὐκέτι
2658 391 2842 465 λεπρόν
2882 387 2995 445 οὐδ’
3048 388 3340 465 ἀκάθαρτον
3389 387 3539 460 εἶναι,
3579 393 3839 464 κεκαθαρ-

470 492 691 545 tactum
715 490 772 543 et
802 485 1053 559 reputari
1075 484 1150 540 ab
1169 483 1449 541 omnibus
1469 489 1525 539 et
1545 482 1797 546 ostendi,
1816 498 1953 538 eum
1980 497 2121 537 vero

468 577 568 651 qui
596 577 1079 633 emundationem
1107 574 1218 647 ipsi
1253 572 1502 645 benigne
1529 576 1584 629 et
1615 571 1995 628 abundanter
2020 571 2123 627 do-

467 666 651 732 navit,
684 664 1081 721 immunditite
1104 662 1459 736 participem
1489 665 1782 734 reputare,
1810 676 1997 733 quam
2013 674 2123 715 nec

468 753 529 809 in
561 753 676 810 alio
707 769 955 827 corpore
985 751 1279 809 concessit
1305 766 1546 807 manere
1571 751 1598 807 ?
1630 750 1810 820 Igitur
1836 765 1957 805 non
1984 764 2121 805 eum

469 843 572 915 qui
600 858 705 915 per
727 847 947 899 tactum
980 841 1208 897 malum
1240 839 1503 912 corporis
1524 838 1768 906 abrasit,
1795 838 1956 894 hunc
1977 837 2123 910 quin

470 938 739 1003 tangeret
766 934 853 989 lex
881 931 1203 1004 prohibuit.
1229 928 1662 1000 Misanthropim
1688 928 1848 983 enim
1886 943 2007 983 non
2048 925 2127 982 ef-

471 1023 716 1091 fugisset
744 1021 991 1085 crimen,
1018 1017 1123 1073 sed
1151 1033 1252 1074 eos
1282 1018 1385 1090 qui
1412 1019 1470 1072 in
1499 1015 1803 1086 tangendo
1825 1015 1971 1071 nihil
1999 1015 2127 1087 qui-

472 1110 609 1166 dem
642 1108 1037 1165 immunditiae
1060 1106 1429 1171 auferebam,
1461 1108 1770 1173 tangentes
1799 1109 1996 1160 tamen
2024 1119 2126 1159 eos

470 1200 572 1272 qui
599 1198 795 1255 adhuc
815 1196 993 1270 plaga
1019 1194 1436 1251 detinebantur
1459 1198 1515 1248 et
1535 1192 1795 1263 afﬂigere
1817 1190 2127 1248 transmis-

470 1289 636 1344 sione
658 1287 854 1358 potius
873 1289 1160 1357 poterant,
1176 1299 1362 1356 quam
1378 1282 1744 1339 curationem
1762 1297 1869 1354 per
1887 1281 2125 1336 illorum

469 1392 719 1433 manum
747 1375 965 1430 lucrari
990 1391 1005 1441 ;
1041 1373 1192 1429 unde
1223 1372 1367 1446 quia
1396 1376 1452 1428 et
1482 1371 1763 1427 dominus
1795 1375 1919 1426 erat
1948 1369 2126 1427 Filius

466 1465 795 1522 hominiset
811 1462 1069 1536 ponendi
1091 1467 1145 1517 et
1166 1478 1286 1517 non
1306 1461 1567 1533 ponendi
1583 1461 1797 1531 legem,
1813 1475 1935 1516 non
1964 1459 2125 1516 enim

468 1554 663 1611 carnis
687 1552 1018 1625 assumptio
1046 1550 1373 1624 potentiam
1393 1549 1636 1605 abstulit
1654 1548 1999 1618 divinitatis,
2021 1546 2126 1602 sed

473 1648 816 1714 assumptus
842 1643 1025 1698 homo
1039 1639 1367 1713 potentiam
1392 1639 1519 1710 ejus
1539 1637 1640 1711 qui
1664 1639 1991 1710 assumpsit
2011 1637 2125 1694 sibi

2232 485 2379 553 μένον
2412 477 2471 533 δὲ
2524 485 2615 533 καὶ
2657 482 2783 554 ὑγιᾶ
2824 477 2916 532 διὰ
2964 487 3059 543 τῆς
3108 488 3430 540 Δεσποτικῆς
3473 479 3603 551 ἁφῆς
3640 484 3733 532 καὶ
3761 499 3840 532 νο-

2233 570 2480 643 μίζεσθαι
2510 576 2642 623 πᾶσι
2689 574 2779 622 καὶ
2823 565 3238 639 ἐπιδείκνυσθαι,
3274 573 3361 622 τόν
3405 566 3463 622 δὲ
3507 573 3602 628 τὴν
3641 571 3842 643 καθαρ-

2236 678 2317 712 σιν
2380 659 2519 730 αύτῷ
2584 658 2954 733 φιλανθρώπως
3009 663 3099 711 καὶ
3157 660 3425 731 ὑπερφυῶς
3491 654 3837 731 δωρούμενον,

2236 747 2559 822 ἀκαθαρσίας
2597 755 2882 821 μετασχεῖν
2916 748 3166 820 νομίζειν,
3200 748 3262 806 ἣν
3303 744 3418 800 οὔδ’
3464 746 3513 800 ἐν
3553 747 3704 820 ἑτέρῳ
3737 752 3840 798 σώ-

2235 857 2363 910 ματι
2391 842 2756 909 συνεχώρησεν
2786 840 2950 908 μένειν
2984 854 2997 904 ;
3045 836 3247 889 Οὐκοῦν
3299 836 3427 908 ούχὶ
3477 840 3562 889 τόν
3608 831 3703 888 διὰ
3741 844 3841 897 τῆς

2235 927 2371 999 ἁφῆς
2425 930 2481 979 1'6
2534 929 2700 986 πάθος
2754 933 2845 978 τοῦ
2902 928 3104 1001 χρωτός
3161 924 3473 990 ἀποξύοντα,
3531 932 3713 977 τοῦτον
3762 928 3836 996 μὴ

2234 1017 2493 1069 ἅπτεσθαι
2536 1016 2560 1067 6
2605 1020 2754 1088 νόμος
2812 1014 2998 1067 ἐκώλυε
3054 1014 3475 1090 (μισανθρωπίας
3506 1016 3608 1088 γὰρ
3648 1013 3743 1065 ούκ
3779 1012 3840 1064 διν

2236 1108 2385 1178 ἔφυγε
2438 1101 2637 1176 δίκην),
2684 1102 2813 1156 ἀλλὰ
2861 1108 2978 1164 τοὺς
3029 1102 3078 1155 ἐν
3134 1111 3206 1175 τῷ
3250 1104 3509 1157 ἅπτεσθαι
3542 1099 3710 1176 μηδὲν
3747 1104 3840 1175 μὲν

2236 1202 2326 1256 τῆς
2375 1191 2705 1268 ἀκαθαρσίας
2753 1191 3179 1266 ἀφαιρουμένους,
3232 1191 3551 1266 ἁπτομένους
3607 1188 3658 1245 δ’
3702 1193 3844 1263 ὅμως

2234 1293 2332 1337 τῶν
2378 1285 2449 1337 ἔτι
2491 1291 2553 1356 τῇ
2608 1279 2871 1356 διαφθορᾷ
2924 1286 3280 1355 συνεχομένων
3337 1286 3427 1335 καὶ
3492 1282 3843 1355 λυμαίνεσθαι

2234 1380 2294 1447 τῇ
2352 1369 2631 1446 μεταδόσει
2685 1371 2876 1445 μᾶλλον
2943 1368 3259 1444 δυναμένων,
3416 1376 3511 1430 τὴν
3568 1373 3841 1447 θεραπείαν

3519 1462 3652 1514 ὥστε
3698 1458 3842 1513 διότι

2234 1572 2288 1605 τε
2339 1555 2524 1626 Κύριος
2566 1552 2628 1610 ἧν
2685 1552 2709 1603 6
2766 1552 2887 1614 Υἱὸς
2937 1559 3028 1603 τοῦ
3080 1550 3352 1626 ἀνθρώπου
3392 1555 3480 1602 καὶ
3537 1552 3698 1603 θεῖναι
3748 1555 3842 1602 καὶ

2236 1460 2330 1517 διὰ
2358 1471 2447 1523 τῆς
2478 1465 2675 1515 ἐκείνων
2710 1464 2893 1536 χειρὸς
2933 1458 3411 1537 ἀποκερδαινόντων
3458 1478 3471 1492 ·

2236 1646 2306 1713 μὴ
2344 1644 2503 1694 θεῖναι
2551 1643 2637 1693 τόν
2684 1644 2837 1713 νόμον
2887 1640 2967 1711 (ού
2998 1642 3096 1713 γὰρ
3153 1642 3182 1698 ἡ
3235 1648 3331 1702 τῆς
3377 1643 3566 1714 σαρκός
3608 1638 3843 1714 πρόσλη-

473 1733 781 1805 propriam
814 1731 943 1787 fecit
971 1746 985 1797 ;
1014 1735 1069 1786 et
1098 1730 1238 1801 quia
1277 1728 1380 1801 qui
1428 1727 1832 1801 principaliter
1867 1731 1923 1783 et
1952 1727 2126 1797 origi-

2238 1729 2328 1800 ψις
2358 1733 2451 1788 τὴν
2483 1727 2720 1792 ἐξουσίαν
2757 1728 2975 1802 περιεῖλε
3015 1736 3110 1790 τῆς
3155 1730 3412 1793 θεότητος,
3469 1727 3596 1780 ἀλλά
3622 1729 3647 1780 6
3678 1745 3844 1802 προσ-

472 1821 683 1877 naliter
705 1826 790 1876 est
814 1819 1108 1891 legislator
1126 1834 1224 1874 eos
1242 1818 1345 1890 qui
1367 1817 1482 1873 sub
1512 1833 1697 1872 manu
1727 1823 1864 1872 sunt
1889 1815 2124 1888 subjicit

472 1908 854 1980 legislationi,
875 1924 995 1963 non
1015 1907 1194 1962 simul
1212 1905 1529 1977 subjicitur
1550 1921 1658 1962 nec
1680 1905 1859 1961 simul
1881 1905 2125 1961 circum-

472 2001 671 2068 agitur
703 2012 839 2054 cum
872 1996 986 2067 legi
1014 1995 1318 2066 subjectis.
1352 1997 1416 2050 Et
1440 1994 1581 2067 quia
1620 2010 1726 2066 per
1764 1993 2120 2051 solutionem

472 2092 641 2144 vetus
681 2087 773 2143 lex
804 2087 1096 2156 originem
1137 2084 1341 2141 habuit
1379 2090 1432 2140 et
1485 2088 1937 2139 concurrentem
1986 2100 2125 2140 cum

475 2175 770 2233 solutione
791 2174 1164 2231 securitatem
1191 2173 1481 2246 promisit,
1510 2189 1633 2228 non
1665 2172 1849 2229 altero
1874 2172 2125 2229 alterum

472 2267 794 2332 auferente,
827 2281 932 2337 per
966 2268 1285 2336 utrumque
1308 2278 1451 2319 vero
1482 2262 1930 2319 subsistentiam
1955 2263 2128 2334 legis-

472 2354 694 2411 latioue
718 2355 1042 2426 accipiente
1070 2371 1082 2421 ;
1110 2356 1165 2409 et
1183 2351 1325 2424 quia
1343 2367 1459 2408 non
1479 2367 1582 2425 per
1604 2354 1822 2408 tactum
1840 2351 1932 2407 lex
1957 2368 2128 2407 mun-

474 2443 687 2499 dantes
715 2443 793 2499 ab
823 2442 1204 2500 immunditia
1227 2440 1537 2497 hominem
1564 2445 1807 2511 tangere
1834 2439 2124 2513 prohibet,

476 2533 577 2588 sed
610 2547 710 2588 eos
740 2534 843 2604 qui
872 2547 1065 2603 neque
1091 2546 1276 2603 quam
1300 2529 1510 2585 melius
1538 2529 1854 2601 disponere
1877 2535 2129 2602 possunt

476 2620 697 2692 injuria
729 2620 1005 2677 affectum
1045 2636 1146 2691 per
1170 2618 1610 2675 immunditiam
1638 2635 1652 2685 ;
1685 2623 1741 2675 et
1769 2619 1910 2691 quia
1930 2634 2035 2691 per
2056 2635 2128 2675 ea

477 2725 613 2782 quae
646 2710 916 2767 Salvator
940 2709 1091 2774 fecit,
1121 2708 1553 2779 legislationem
1579 2708 1770 2779 magis
1796 2707 2130 2764 honorabat

478 2816 601 2856 non
626 2798 867 2855 obstare
893 2814 1027 2855 eam
1057 2797 1273 2853 divinis
1295 2797 1481 2867 signis
1508 2797 1887 2864 couvincens,
1913 2798 1971 2852 in
1995 2812 2129 2853 con-

478 2904 718 2944 cursum
737 2903 875 2943 vero
895 2887 1082 2959 magis
1099 2886 1516 2942 demonstrans
1535 2890 1929 2958 assumptam.
1950 2885 2129 2958 Prop-

478 2982 562 3032 ter
604 2976 732 3032 hth
774 2975 962 3046 igitur
986 2974 1210 3040 omnia,
1255 2980 1553 3047 quantum
1596 2974 1657 3030 in
1703 2990 1799 3030 me
1827 2975 1974 3031 scire
2018 2978 2125 3039 est,

480 3064 749 3123 Salvator
778 3070 978 3122 noster
1014 3069 1071 3121 et
1103 3067 1251 3121 Deus
1280 3063 1581 3135 leprosum
1622 3079 1842 3120 curans
1871 3068 1928 3120 et
1953 3063 2129 3121 verbo

475 3159 694 3211 tactum
716 3154 1090 3226 conjungens
1112 3169 1295 3226 supra
1322 3167 1660 3210 sermonem
1684 3152 1938 3211 ostendit
1962 3169 2130 3209 mun-

476 3244 704 3301 datum.

925 3438 1235 3507 QU/ESNO
1262 3436 1381 3495 LXI
1410 3438 1516 3510 [αι.
1545 3437 1679 3512 LX].

481 3545 635 3615 Quid
671 3545 965 3619 signiﬁcat
998 3548 1156 3603 illud
1187 3564 1200 3603 :
1240 3566 1267 3598 «
1292 3547 1397 3603 Est
1436 3563 1566 3617 spes
1606 3562 1812 3604 canem
1844 3547 2131 3605 viventem

833 3619 1131 3676 meliorem
1158 3634 1273 3677 esse
1302 3621 1468 3676 leone
1495 3623 1727 3675 mortuo
1751 3622 1778 3673 ?

2235 1818 2447 1889 ληφθεὶς

2237 1907 2577 1978 ᾠκειώσατο),
2607 1910 2696 1958 καὶ
2752 1902 2891 1958 διότι
2940 1906 2965 1958 6
3014 1910 3206 1980 κυρίως
3245 1912 3334 1960 καὶ
3383 1908 3580 1959 οἴκοθεν
3624 1907 3841 1978 νομοθέ-

2532 1819 2800 1891 οἰνθρωπος
2870 1821 2928 1869 τό
2999 1818 3189 1891 κράτος
3274 1824 3367 1869 τοῦ
3456 1815 3844 1890 προσλαϐόντος

2235 2016 2332 2057 της
2370 2000 2487 2056 τοὺς
2526 1997 2625 2047 ύπό
2677 2003 2837 2070 χεῖρα
2884 1998 2973 2068 μεν
3017 1997 3295 2048 ύποταττει
3323 2003 3384 2068 τῇ
3435 1996 3734 2068 νομοθεσίᾳ,
3783 1994 3843 2047 οὔ

2239 2087 2594 2157 σννυπάγεται
2635 2079 2694 2136 δὲ
2742 2080 2865 2136 οὔδε
2910 2087 3322 2160 συμπεριαγεται
3372 2091 3483 2146 τοῖς
3527 2086 3843 2155 νομοθετου-

2235 2177 2442 2245 μένοις·
2485 2177 2573 2225 καὶ
2605 2175 2684 2225 ὅτι
2729 2169 2824 2225 δια
2860 2172 3052 2234 λύσεως
3103 2177 3134 2225 ὅ
3171 2172 3392 2236 παλαιός
3438 2177 3595 2247 νόμος
3628 2179 3724 2232 τὴν
3759 2178 3846 2245 γέ-

2235 2282 2373 2314 υεσιν
2435 2264 2590 2334 ἔσχεν
2639 2268 2730 2315 καὶ
2761 2258 3053 2337 σύνδρομον
3105 2270 3167 2336 τῇ
3208 2262 3354 2316 λύσει
3410 2267 3503 2322 τὴν
3560 2261 3843 2325 ἀσφάλειαν

2237 2352 2458 2419 ὑπέστη,
2515 2351 2572 2403 οὗ
2626 2355 2837 2426 θατέρου
2887 2356 2945 2404 τό
3001 2352 3169 2428 ἕτερον
3222 2352 3570 2427 ἀναιροῦντος,
3621 2352 3697 2404 δι’
3746 2352 3847 2424 ἀμ-

2238 2450 2348 2513 φοῖν
2403 2437 2461 2494 δε
2510 2445 2603 2499 τὴν
2646 2444 2903 2494 σύστασιν
2947 2449 3043 2503 τῆς
3080 2443 3389 2514 νομοθεσίας
3424 2441 3795 2515 λαμϐανούσης
3828 2458 3843 2472 ⁸

2236 2534 2326 2582 καὶ
2357 2532 2437 2582 ὅτι
2468 2530 2594 2602 ούχὶ
2640 2534 2759 2592 τούς
2812 2527 2885 2582 δι’
2942 2529 3073 2603 ἁφῆς
3111 2532 3136 2583 6
3175 2551 3326 2592 νομος
3375 2533 3722 2607 καθαίροντας
3749 2538 3848 2592 τῆς

3718 2619 3850 2672 ἀλλά

2238 2712 2353 2771 τοὺς
2392 2705 2558 2780 μηδὲν
2590 2709 2795 2780 ἄμεινον
2838 2705 3096 2761 διαθεῖναι
3144 2705 3459 2781 δυναμένους
3504 2712 3591 2762 τόν
3639 2708 3847 2782 ἐξυϐρι-

2239 2802 2419 2870 σμένον
2451 2805 2512 2870 τῇ
2557 2794 2858 2870 ἀκαθαρσία
2892 2815 2903 2827 ·
2931 2802 3019 2850 καὶ
3056 2800 3137 2851 ὅτι
3177 2794 3250 2851 δι’
3281 2799 3348 2850 ὧν
3389 2800 3413 2851 6
3454 2803 3629 2873 Σωτὴρ
3662 2802 3848 2873 ἔπρατ-

2239 2618 2568 2695 ἀναθαρσίας
2622 2623 2709 2671 τόν
2766 2621 3032 2692 ἄνθρωπον
3089 2620 3347 2673 ἅπτεσθαι
3403 2620 3586 2673 κωλύει
3646 2637 3661 2651 ·

2236 2906 2338 2955 τεν,
2388 2891 2483 2946 τὴν
2540 2888 2844 2958 νομοθεσίαν
2888 2887 3077 2960 μᾶλλον
3124 2886 3279 2960 ἐτίμα
3324 2888 3419 2941 ούκ
3468 2889 3846 2961 ἀνθισταμένην

2236 2984 2347 3037 ταῖς
2402 2978 2733 3049 θεοσημείαις
2801 2974 3107 3049 διελέγχων,
3170 2973 3462 3053 σύνδρομον
3530 2973 3588 3030 δὲ
3653 2976 3851 3051 μᾶλλον

2240 3062 2533 3126 ἐπιδεικνύς
2610 3066 3165 3141 παραλαμϐανομένην,
3251 3070 3344 3120 Διά
3418 3071 3589 3120 τοίνυν
3676 3074 3848 3120 ταῦτα

2240 3157 2425 3220 πάντα,
2473 3157 2573 3208 ὅσα
2619 3175 2677 3227 γε
2720 3154 2806 3228 ἐμὲ
2836 3151 3046 3228 εἰδέναι,
3090 3157 3115 3208 6
3168 3161 3343 3230 Σωτὴρ
3400 3158 3545 3229 ἡμῶν
3592 3161 3683 3209 καὶ
3715 3159 3845 3219 Θεὸς

2238 3248 2324 3297 τόν
2367 3244 2549 3320 λεπρὸν
2596 3245 2885 3319 θεραπεύων
2933 3249 3018 3297 καὶ
3061 3244 3197 3318 λόγῳ
3238 3251 3329 3305 τὴν
3385 3246 3518 3319 ἁφὴν
3570 3247 3846 3299 συνάπτων

2239 3334 2365 3408 ὑπὲρ
2391 3333 2543 3406 λόγον
2576 3330 2737 3397 ἔδειξε
2765 3336 3163 3408 κεκαθαρμένον.

2809 3446 3124 3495 ΕΡΩΤΙΙΣΙΣ
3162 3441 3281 3499 ΞΑ’.

2239 3553 2303 3603 Τί
2343 3542 2497 3608 δηλοῖ
2535 3551 2614 3618 τὸ,
2671 3569 2699 3601 ‹(
2750 3546 2931 3602 "liam
2972 3549 3110 3612 ἐλπὶς
3154 3551 3235 3602 ὅτι
3281 3550 3307 3601 6
3354 3552 3490 3601 κύων
3520 3550 3546 3602 6
3591 3549 3715 3616 ζῶν,
3749 3547 3851 3601 αύ-

2313 3625 2395 3682 τός
2467 3620 2657 3693 ἀγαθός
2726 3618 2865 3674 ἐστιν
2928 3623 3054 3698 ὑπὲρ
3127 3625 3213 3674 τόν
3275 3621 3452 3675 λέοντα
3514 3624 3600 3674 τόν
3671 3623 3852 3680 τεθνη-

2313 3712 2442 3745 κοτα
2469 3710 2482 3760 ;
2522 3714 2546 3743 ν

1525 3787 1677 3837 Edita
1706 3800 1737 3837 θ.
1759 3784 1916 3846 Maio,
1942 3786 1978 3836 l.
2006 3801 2072 3844 c.,
2101 3799 2152 3853 ι).
2184 3790 2348 3841 72-73.
2379 3789 2436 3839 In
2459 3789 2628 3839 Ecclc.
2660 3800 2747 3847 1X,
2770 3791 2815 3839 4.

552 3875 1163 3935 Secundumlitteram
1186 3876 1535 3950 quidem,in
1573 3877 1885 3950 pr0patulo
1919 3894 2130 3935 sensus

478 3972 565 4023 est
587 3984 601 4033 ;
627 3966 704 4023 ad
736 3965 879 4023 nihil
902 3971 1101 4023 autem
1126 3966 1359 4022 videtur
1386 3966 1619 4022 utilium
1642 3982 1839 4039 neque
1860 3982 2131 4024 necessa-

475 4056 704 4113 riorum
751 4056 1033 4126 tendere;
1079 4056 1293 4113 etenim
1349 4056 1633 4113 omnibus
1658 4063 1746 4112 est
1799 4059 2127 4128 cognitum,

475 4162 598 4202 non
620 4146 814 4202 solum
847 4161 1060 4202 canem
1092 4145 1289 4202 vivum
1320 4152 1557 4201 mortuo
1584 4144 1755 4202 leone
1796 4145 2130 4218 meliorem,

477 4235 578 4291 sed
605 4240 661 4291 et
691 4251 869 4291 omne
894 4233 990 4290 cui
1010 4234 1183 4290 adest
1198 4242 1327 4292 Vita:
1354 4235 1670 4305 vestigium
1694 4250 1765 4290 eo
1786 4235 1950 4308 quod
1972 4235 2130 4291 hanc

476 4323 713 4395 abjecit,
749 4329 805 4379 et
825 4323 873 4379 si
904 4323 994 4380 leo
1027 4323 1120 4389 sit,
1153 4328 1210 4378 et
1232 4323 1281 4378 si
1305 4322 1547 4380 leonum
1571 4327 1797 4380 natura:
1821 4327 1878 4380 et
1897 4323 2129 4379 roboris

475 4408 533 4468 in
564 4413 923 4469 immensum
965 4413 1236 4468 sortitum
1283 4412 1356 4468 sit
1402 4411 1898 4485 superioritatem,
1942 4412 2130 4468 multo

2314 3883 2458 3933 Κατὰ
2498 3883 2588 3952 μεν
2617 3883 2672 3933 1'6
2701 3883 2942 3954 γράμμα,
2976 3880 3034 3933 1'6
3065 3884 3347 3956 πρόχειρον
3383 3881 3411 3939 ἡ
3461 3877 3670 3934 διάνοια
3699 3880 3842 3952 ἔχει.

2238 3972 2369 4045 πρὸς
2416 3967 2568 4023 οὐδὲν
2625 3964 2682 4022 δὲ
2757 3966 2902 4022 δοκεί
2952 3978 3051 4023 τῶν
3116 3969 3513 4023 λυσιτελούντων
3562 3967 3686 4023 ούδε
3747 3979 3850 4021 τῶν

2241 4057 2534 4130 ἀναγκαίων
2579 4063 2854 4111 συντείνειν
2905 4078 2918 4092 ο
2975 4064 3064 4112 καὶ
3119 4059 3218 4133 γὰρ
3282 4063 3441 4112 πᾶσίν
3494 4060 3638 4111 ἐστιν
3695 4057 3853 4129 ἐγνω-

2242 4152 2447 4220 σμένον,
2503 4150 2568 4208 tii;
2612 4148 2671 4201 οὐ
2724 4152 2877 4221 μόνον
2928 4150 2953 4201 6
2997 4152 3133 4200 κύων
3173 4149 3199 4201 6
3253 4152 3350 4212 ζῶν
3402 4167 3496 4201 του
3542 4150 3852 4211 τεθνηκότος

2239 4237 2433 4299 λέοντος
2474 4236 2713 4311 ἀμείνων,
2748 4236 2876 4290 ἀλλὰ
2905 4242 2995 4290 καὶ
3035 4245 3137 4291 πᾶν
3182 4241 3221 4311 ᾡ
3262 4242 3470 4311 μέτεστι
3513 4240 3649 4300 ζωῆς
3703 4239 3854 4309 ἴχνος

2240 4334 2331 4378 τοῦ
2372 4328 2566 4385 ταύτην
2608 4325 3020 4391 ἀποϐεϐληκότος
3057 4324 3153 4379 κᾶν
3197 4326 3320 4379 λέων
3367 4324 3420 4399 ᾖ,
3472 4325 3566 4379 κᾶν
3610 4332 3707 4389 τῆς
3749 4335 3852 4378 τῶν

2238 4415 2451 4468 λεόντων
2509 4418 2705 4487 φύσεως
2762 4421 2852 4468 καὶ
2922 4417 3101 4491 ῥώμης
3184 4416 3304 4470 καθ’
3362 4414 3648 4489 ὑπερϐολὴν
3706 4413 3856 4474 ἐκληο

476 4502 732 4558 melioris
763 4500 985 4558 ordinis
1013 4501 1214 4556 vivum
1235 4506 1469 4557 mortuo
1494 4501 1773 4572 judicari.
1800 4502 1981 4572 Igitur
2009 4517 2126 4557 me-

2240 4511 2445 4579 ρὼσατο
2501 4507 2561 4557 1'6
2620 4504 2897 4581 ὑπερέχον,
2962 4505 3132 4576 πολλῷ
3198 4510 3487 4580 κρείττονος
3547 4502 3737 4567 λήξεως
3794 4507 3853 4556 τὸ

474 4591 587 4647 lius
617 4595 707 4647 cst
748 4608 784 4647 a
813 4591 1003 4648 littera
1042 4590 1119 4646 ad
1150 4591 1425 4663 spiritum
1459 4591 1732 4657 transire,
1756 4595 1813 4647 et
1842 4589 1922 4647 ad
1965 4591 2131 4648 intel-

475 4680 819 4736 lectualium
833 4696 1069 4735 sursum
1084 4678 1217 4734 ferri
1233 4679 1788 4750 contemplationem
1800 4680 2130 4736 .Didicimus

475 4768 653 4840 igitur
679 4784 745 4824 ex
781 4768 965 4824 sacris
1007 4767 1276 4841 Eloquiis
1308 4783 1486 4824 canes
1527 4768 1764 4841 quidem
1797 4784 1900 4825 eos
1928 4767 2034 4842 qui
2066 4786 2133 4826 ex

481 4855 764 4928 gentibus
801 4856 1154 4929 appellatos,
1209 4857 1432 4928 regium
1477 4872 1618 4914 vero
1649 4862 1707 4913 et
1751 4858 2133 4916 excellentem

478 4961 664 5017 quem
694 4950 1143 5018 repraesentaret
1178 4945 1270 5002 leo
1298 4945 1613 5017 judaicum
1639 4948 2133 5016 cognominatum

479 5034 801 5106 populum.
834 5033 983 5091 Dicit
1019 5034 1223 5107 itaque
1268 5034 1691 5092 Ecclesiastes:
1725 5059 1752 5086 ι(
1792 5038 2019 5093 Etenim
2074 5035 2134 5093 id

480 5124 791 5196 sapientiae
813 5128 869 5180 et
898 5124 977 5179 ad
1008 5125 1300 5197 praeterita
1321 5129 1380 5181 et
1407 5125 1483 5180 ad
1514 5124 1714 5182 futura
1752 5125 2136 5198 explananda

482 5218 539 5271 et
567 5212 930 5269 conferenda
949 5212 1230 5269 divinitus
1246 5214 1455 5270 datum
1479 5219 1568 5270 est
1588 5233 1602 5283 ;
1620 5237 1647 5266 »
1667 5214 1809 5272 dicit
1824 5216 2024 5288 itaque
2042 5232 2135 5272 ca-

477 5318 637 5374 nem,
679 5301 739 5357 id
774 5307 862 5357 est
897 5318 970 5358 ex
1000 5302 1276 5372 gentibus
1314 5303 1642 5370 hominem,
1676 5303 1759 5359 sic
1797 5304 1956 5361 enim
1995 5320 2135 5361 eum

384 5394 397 5401 ί
480 5393 682 5450 vocari
701 5409 806 5464 per
821 5392 1219 5448 Chananaaam
1234 5393 1780 5459 docemur,siillum
1800 5396 2131 5453 secundum

478 5482 725 5539 virtutes
748 5481 868 5539 vita
897 5496 1019 5538 non
1043 5481 1289 5538 omnino
1321 5482 1712 5554 dereliquerit,
1738 5498 1904 5555 Spem
1927 5485 2137 5557 presbi-

485 5575 687 5629 turum
711 5586 839 5630 esse
864 5571 1058 5643 magis
1092 5586 1156 5629 se
1182 5586 1254 5629 ex
1272 5570 1527 5629 bonitate
1548 5586 1669 5630 non
1692 5587 1978 5631 casurum
2009 5588 2137 5631 esse

2244 4595 2344 4655 ζῶν
2406 4601 2491 4646 τού
2546 4595 2843 4657 τεθνηκότος
2889 4591 3133 4657 ι’ξιούται
3186 4612 3201 4628 ⁸

3257 4594 3442 4647 οὐκοῦν
3491 4595 3699 4667 ἄμεινον
3749 4591 3853 4646 ἀπὸ

2241 4692 2332 4736 τού
2374 4685 2679 4758 γράμματος
2730 4682 2815 4736 ἐπὶ
2867 4686 2923 4735 1'6
2966 4691 3166 4756 πνεῦμα
3208 4687 3545 4759 χωρεῖν,καὶ
3585 4685 3717 4755 πρὸς
3758 4686 3853 4741 τὴν
3916 4718 3919 4719 ν

2240 4780 2341 4825 τῶν
2384 4780 2579 4830 νοητῶν
2656 4771 3000 4848 ἀναφέρεσθαι
3078 4774 3313 4845 θεωρίαν.
3383 4771 3669 4845 Ἐμάθομεν
3740 4774 3849 4823 τοί·

2241 4882 2328 4914 νυν
2365 4859 2465 4914 ἀπό
2515 4869 2613 4913 τῶν
2656 4863 2801 4936 ἱερῶν
2850 4866 3056 4933 Λογίων
3100 4863 3257 4924 κύνας
3303 4864 3393 4933 μεν
3445 4864 3565 4921 τούς
3596 4858 3651 4923 ἐξ
3695 4861 3849 4912 ὶθνῶν

2241 4951 2608 5024 καλουμένους,
2668 4950 2946 5025 βασιλικόν
2998 4948 3058 5004 δε
3097 4956 3187 5004 καὶ
3219 4953 3522 5025 περιούσιον
3567 4947 3621 5002 ὃν
3671 4947 3732 5001 ἆν
3772 4947 3851 5001 εἰ·-

2242 5044 2490 5093 κονίσειεν
2534 5042 2559 5092 6
2603 5039 2746 5106 λέων,
2787 5043 2873 5093 τὸν
2913 5036 3204 5094 Ἰουδαίκόν
3235 5038 3673 5112 ἐπονομαζόμενον
3706 5036 3849 5093 λαόν.

2246 5134 2399 5202 Λέγει
2427 5137 2552 5202 γοῦν
2583 5131 2609 5181 ό
2641 5129 3057 5191 Ἐκκλησιαστής
3087 5146 3099 5159 ·
3137 5149 3166 5181 ιι
3208 5133 3310 5182 Καὶ
3351 5131 3454 5202 γὰρ
3488 5126 3629 5199 αύτῷ
3659 5130 3718 5180 τό
3757 5133 3851 5188 τῆς

2247 5224 2432 5291 σοφίας
2462 5221 2714 5295 χάρισμα
2766 5223 2900 5293 πρὸς
2950 5222 3016 5273 τὰ
3061 5223 3293 5292 παρόντα
3338 5223 3427 5270 καὶ
3477 5214 3545 5276 δὴ
3604 5218 3672 5270 τά
3720 5216 3850 5289 φθαίη

2248 5326 2413 5359 σαντα
2464 5313 2552 5360 καὶ
2612 5311 2741 5382 πρὸς
2806 5329 2866 5380 γε
2930 5312 2995 5361 τα
3060 5307 3306 5380 μέλλοντα
3357 5306 3713 5359 πλατύνεσθαι
3764 5309 3852 5358 καὶ⁵

2248 5400 2761 5473 συμπαρατείνεσθαι
2804 5400 2972 5451 θεόθεν
3011 5394 3274 5473 ἐδωρήθη.
3315 5420 3334 5447 ι
3383 5400 3537 5468 Λέγει
3574 5400 3746 5449 τοίνυν
3786 5396 3855 5455 ὡς

2246 5487 2272 5537 6
2323 5489 2480 5554 κύων,
2527 5492 2795 5540 τουτέστιν
2844 5489 2869 5540 ό
2915 5486 2968 5549 ἐξ
3011 5486 3164 5541 ἐθνῶν
3212 5488 3480 5559 ἄνθρωπος
3531 5486 3712 5556 (τοῦτο
3752 5482 3854 5558 γὰρ

2247 5575 2399 5629 αύτόν
2439 5575 2714 5630 καλεῖσθαι
2749 5571 2843 5631 διὰ
2870 5585 2961 5640 τῆς
3002 5579 3301 5639 Χαναναίας
3331 5571 3743 5649 διδασκόμεθα),
3771 5572 3856 5627 ἐὰν
