4140 6198
539 220 647 290 419

1782 211 2021 281 PHOTII
2060 212 2538 282 PATRIARCH/E
2577 214 2686 284 ορ.

3779 218 3873 285 4⁸20

539 368 595 417 et
646 358 1097 415 ostentationem
1125 355 1333 422 effusa,
1374 354 1433 410 in
1464 351 1744 425 injuriam
1775 353 1969 422 magis
1998 368 2173 424 quam

2295 358 2385 405 καὶ
2447 350 2744 417 ἐπιδείξεως
2812 359 3182 428 προχεόμενον,
3259 355 3325 415 εἰς
3391 354 3538 429 ὕϐριν
3611 354 3788 427 μᾶλλον
3842 361 3868 412 ἦ

538 451 598 505 in
614 448 982 517 refrigerium
1008 444 1296 515 indigenti
1322 443 1789 499 circumsistitur.
1815 442 2037 497 Etenim
2062 458 2185 497 non

536 537 840 609 despicere
864 536 1104 590 fratrem
1123 537 1386 603 egestate
1413 536 1862 603 consumptum,
1896 536 1951 585 et
1982 530 2187 602 inopia

538 630 908 698 pereuntem,
930 624 1197 679 debitum
1222 622 1468 695 quidem
1495 620 1823 676 etdebitum
1843 620 2187 691 indepreca-

534 714 654 771 bile
680 721 949 769 sensatus
990 712 1306 785 judicabit,
1336 716 1390 766 et
1430 710 1729 766 festinabit
1753 709 2052 765 exsolvere
2080 726 2186 765 nec

535 802 662 859 ﬁeri
696 804 812 858 ullo
844 801 1025 857 modo
1066 800 1546 872 procrastinator,
1572 799 1823 867 gloriam
1856 802 2057 852 autem
2091 813 2186 853 ve-

532 893 661 948 nari
686 897 743 947 et
767 891 1018 947 beneﬁci
1060 905 1165 962 per
1193 889 1371 945 talem
1398 889 1693 943 actionem
1734 886 1845 942 sibi
1874 901 2182 941 assumere

532 982 790 1045 titulum,
815 980 1255 1035 insensatorum
1277 981 1455 1045 esset,
1475 983 1530 1031 et
1559 976 1786 1031 bonum
1812 976 1965 1030 male
1991 976 2182 1030 scien-

530 1071 679 1125 tium
737 1069 1041 1141 prosequi.
1086 1066 1223 1121 [deo
1262 1066 1355 1121 ille
1413 1064 1657 1137 quidem
1700 1064 1761 1119 in
1802 1063 2182 1119 multitudine

530 1158 784 1223 dierum,
818 1157 879 1212 id
917 1162 1009 1212 est
1046 1156 1105 1211 in
1150 1155 1348 1210 futuro
1380 1154 1619 1217 saeculo,
1660 1168 1881 1224 panem
1921 1151 2182 1207 inveniet

530 1246 951 1317 eleemosynaa,
970 1244 1095 1299 vice
1113 1243 1404 1314 recipiens
1419 1240 1890 1297 misericordiam
1903 1283 1916 1307 ,
1932 1240 2026 1295 hic
2040 1255 2180 1295 vero

528 1334 934 1398 noninveniet,
958 1331 1162 1402 glorias
1186 1331 1345 1387 enim
1366 1330 1675 1385 venatione
1693 1334 1749 1383 et
1766 1330 2180 1385 ostentationis

528 1429 864 1479 mercatura
889 1422 948 1477 in
982 1428 1358 1477 antecessum
1390 1419 1727 1474 destructus
1754 1425 1857 1474 est.

600 1514 810 1569 P0sses
852 1516 1048 1567 autem
1091 1525 1196 1582 per
1232 1508 1519 1581 praedicta
1555 1508 1737 1563 verba
1778 1512 1835 1562 et
1873 1507 1948 1563 ad
1990 1507 2173 1563 alium

527 1602 777 1661 transire
800 1616 1039 1655 sensum
1072 1598 1345 1669 :qualem
1377 1597 1537 1651 hunc
1566 1597 1593 1650 ?
1628 1596 1948 1652 Hominum
1982 1596 2178 1651 multi-

2294 442 2624 514 παραψυχὴν
2692 451 2764 513 τῷ
2837 441 3059 515 δεομένῳ
3110 445 3462 515 περιίσταται.
3522 447 3592 495 T6
3658 448 3749 516 γὰρ
3810 452 3871 515 μὴ

2294 528 2535 604 παριδεῖν
2586 536 2671 583 τὸν
2718 529 2936 603 ἀδελφὸν
2983 530 3153 604 ἐνδείᾳ
3203 539 3501 605 τηκόμενον,
3558 537 3646 583 καὶ
3698 532 3872 606 ἀπορίᾳ

2298 617 2744 684 συνδιολλύιιενον,
2800 626 2958 696 χρέος
3004 626 3093 692 μὲν
3144 627 3232 673 καὶ
3277 630 3447 693 χρεῶν
3496 626 3551 673 τό
3604 620 3875 693 ἀπαραίτη-

2293 729 2377 761 τον
2408 711 2433 760 6
2476 712 2747 781 εὐγνώμων
2786 711 3062 781 ἡγήσεται,
3114 716 3202 762 καὶ
3254 708 3550 763 σπουδάσει
3586 710 3873 762 καταλαϐεῖν

2293 804 2381 849 καὶ
2434 802 2505 868 μὴ
2562 801 2803 869 γενέσθαι
2859 796 3121 870 μηδαμῶς
3176 802 3496 873 ὑπερήμερος
3532 816 3543 828 ·
3607 795 3759 860 δόξαν
3822 796 3874 851 δὶς

2296 889 2525 959 θηρᾶσαι
2593 892 2681 938 καὶ
2738 888 3001 960 εὐεργέτου
3061 885 3153 939 διὰ
3209 897 3304 949 τῆς
3361 891 3609 948 τοιαύτης
3660 889 3874 960 πράξεως

2292 975 2662 1049 περιϐαλέσθαι
2714 976 2939 1047 ἀξίωμα,
2999 985 3097 1027 τῶν
3154 976 3460 1048 ἀγνωμόνων
3527 975 3587 1028 ἆν
3643 980 3740 1043 εἴη,
3797 983 3875 1029 καὶ

2292 1068 2349 1115 τό
2406 1064 2559 1116 καλὸν
2610 1074 2782 1127 κακῶς
2826 1062 3037 1117 εἰδότων
3084 1068 3453 1138 μετέρχεσθαι.
3507 1070 3689 1139 Διόπερ
3733 1067 3756 1117 6
3795 1070 3875 1137 μὲν

2291 1151 2339 1205 ἐν
2388 1162 2456 1223 τῷ
2499 1152 2685 1211 πλήθει
2734 1163 2833 1205 τῶν
2880 1156 3105 1226 ἡμερῶν,
3150 1159 3418 1206 τουτέστιν
3463 1153 3512 1205 ἐν
3552 1163 3623 1223 τῷ
3660 1152 3875 1224 μέλλοντι

2290 1242 2456 1307 αἰῶνι,
2481 1245 2567 1294 τόν
2589 1244 2744 1315 ἄρτον
2766 1243 2975 1316 εὑρήσει
2996 1251 3055 1301 τῆ
3070 1264 3089 1304 ς
3107 1241 3420 1313 ἐλεημοσύνη
3434 1263 3474 1307 ς,
3503 1240 3877 1313 ἀντιλαμϐάνων

2288 1334 2374 1381 τόν
2402 1331 2534 1383 ἔλεον
2558 1347 2571 1361 '
2604 1333 2630 1382 6
2677 1328 2736 1382 δε
2765 1331 2869 1402 οὐχ
2915 1334 3121 1403 εὑρήσει
3148 1349 3159 1360 ·
3197 1328 3483 1403 δοξοκοπίᾳ
3526 1333 3625 1402 γὰρ
3682 1334 3765 1381 καὶ
3817 1338 3872 1400 τῇ

2288 1428 2379 1479 τῆς
2406 1416 2700 1482 ἐπιδείξεως
2731 1420 2956 1492 ἐμπορίᾳ
2985 1420 3469 1492 προκατηνάλωται.

2361 1512 2545 1560 Δύναιο
2596 1505 2646 1561 δ’
2695 1508 2754 1559 ἂν
2805 1505 2897 1560 διὰ
2936 1517 3036 1559 τῶν
3080 1513 3461 1582 προειρημένων
3501 1509 3747 1582 ῥημάτων
3797 1510 3877 1557 καὶ

2288 1602 2413 1672 πρὸς
2476 1597 2648 1670 ἑτέραν
2702 1597 2956 1670 μετελθεῖν
3016 1595 3271 1649 διάνοιαν.
3328 1602 3483 1649 Ποίαν
3540 1600 3771 1657 ταύτην;
3813 1598 3876 1646 T6

527 1692 817 1755 tudinem,
842 1705 1026 1760 quam
1046 1692 1209 1743 amat
1231 1688 1533 1758 Scriptura
1554 1685 1944 1740 denominare
1966 1701 2173 1756 aquas.

2288 1696 2386 1737 τῶν
2443 1685 2723 1760 ἀνθρώπων
2780 1686 2991 1751 πλῆθος,
3051 1686 3191 1757 φίλον
3242 1695 3305 1757 τῇ
3366 1692 3541 1758 Γραφῇ
3605 1685 3878 1756 κατονομά-

533 1804 554 1829 ι
600 1779 770 1851 Eripe
810 1778 969 1833 enim
1021 1792 1136 1841 me,
1181 1798 1209 1825 ››
1260 1775 1339 1831 ait
1368 1774 1425 1828 in
1464 1773 1687 1846 Spiritu
1721 1773 2007 1845 psallens,
2046 1794 2066 1823 ο
2102 1774 2177 1830 de

530 1868 701 1940 aquis
759 1866 978 1930 multis,
1020 1865 1093 1920 de
1133 1880 1319 1920 manu
1378 1863 1636 1918 ﬁliorum
1686 1862 2019 1918 alienorum
2060 1863 2102 1917 ⁸.
2150 1885 2171 1913 ι

528 1957 709 2027 Igitur
730 1971 1038 2011 sacrarum
1068 1954 1453 2009 scientiarum
1482 1955 1910 2021 magistereum
1938 1952 2040 2023 qui
2072 1968 2178 2007 nu-

527 2046 893 2103 tritanimam
910 2059 1130 2115 panem
1153 2059 1332 2114 quem
1352 2058 1387 2097 a
1410 2043 1527 2097 Deo
1549 2041 1937 2096 commissum
1973 2041 2172 2106 habet,

527 2135 704 2191 debet
734 2133 1067 2189 auditorem
1100 2131 1461 2187 multitudini
1486 2131 1713 2203 absque
1737 2146 1907 2186 mora
1932 2130 2099 2186 omni
2122 2136 2178 2185 et

527 2224 906 2279 cunctatione
923 2222 1233 2294 dispertiri,
1250 2225 1305 2276 et
1328 2236 1639 2293 nunquam
1662 2220 1974 2289 largitione
1997 2220 2178 2274 desti-

525 2318 690 2370 tuere
729 2313 786 2367 in
820 2311 1149 2382 indigentia
1188 2311 1316 2380 ejus
1348 2310 1721 2365 constitutos.
1779 2309 1844 2364 Et
1890 2324 2175 2380 quaenam

527 2418 755 2459 merces
791 2400 1036 2469 benigni
1074 2399 1258 2469 hujus
1314 2398 1511 2470 operis
1548 2398 1577 2452 ‘P
1633 2398 1931 2454 Manifesta
1972 2398 2073 2469 qui
2114 2399 2175 2452 in

526 2490 903 2547 multitudine
937 2490 1163 2544 dierum
1196 2488 1482 2543 retribuit.
1526 2488 1819 2553 Quoniam
1845 2503 1986 2542 vero
2017 2502 2177 2559 aqua

525 2580 791 2635 diversas
845 2593 1045 2633 rerum
1103 2577 1384 2632 materias
1429 2576 1764 2645 signiﬁcare
1802 2581 2012 2648 potest,
2053 2592 2175 2631 non

528 2671 683 2723 esset
711 2667 859 2723 forte
909 2665 1385 2721 irrationabiliter
1413 2665 1789 2737 propositum
1837 2680 2175 2720 sermonem

530 2755 853 2827 speculans
908 2754 1013 2827 qui
1070 2753 1521 2825 eleemosynam
1560 2753 1701 2808 dicit
1740 2754 1943 2809 decere
1982 2752 2176 2808 facere

530 2860 788 2917 semper,
810 2844 887 2900 ad
910 2859 1200 2915 perennes
1214 2858 1510 2914 aquarum
1528 2842 1889 2898 attendendo
1914 2842 2106 2898 fontes
2122 2846 2179 2898 et

525 2934 740 2989 horum
768 2933 1019 2989 activam
1072 2931 1191 2986 vim
1223 2930 1301 2986 ad
1354 2930 1821 2986 misericordiam
1852 2930 2176 2986 imitatione

2291 1779 2396 1837 ζειν
2467 1772 2680 1826 ὕδατα·
2737 1797 2764 1823 (ι
2816 1774 2997 1827 Ῥῦσαι
3043 1777 3144 1845 γάρ
3213 1794 3295 1847 με,
3338 1796 3361 1824 ν
3417 1779 3574 1845 φησὶν
3630 1776 3657 1824 6
3710 1772 3757 1823 ἐν
3810 1779 3876 1840 τῷ

2290 1867 2548 1915 ΙΙνευπατι
2612 1862 2838 1933 ψάλλων,
2904 1864 3014 1925 «ἐξ
3072 1860 3280 1915 ὑδάτων
3334 1862 3549 1927 πολλῶν,
3610 1861 3667 1913 ἐκ
3712 1864 3878 1933 χειρὸς

2286 1953 2409 2003 υἱῶν
2468 1950 2761 2024 ἀλλοτρίων.
2811 1974 2838 2002 »
2889 1952 2947 2004 Ὀ
2999 1958 3168 2005 τοίνυν
3215 1961 3311 2003 τῶν
3367 1952 3510 2024 ἱερῶν
3563 1951 3876 2021 μαθημάτων

2288 2036 2615 2102 διδάσκαλος
2660 2045 2747 2093 τὸν
2795 2046 3043 2114 τρέφοντα
3090 2046 3183 2098 τὴν
3213 2040 3398 2112 ψυχὴν
3438 2042 3592 2115 ἄρτον
3626 2039 3680 2091 ὃν
3721 2040 3876 2091 θεόθεν

2769 2138 2946 2182 τοῦτον
3025 2129 3210 2201 ὀφείλει
3287 2139 3359 2200 τῷ
3439 2138 3538 2181 τῶν
3623 2129 3877 2201 ἀκροατῶν

3567 2219 3879 2289 ὑπερθέσεως

2284 2132 2685 2196 κατεπιστεύθη,

2285 2218 2468 2276 πλήθει
2550 2224 2720 2293 χωρὶς
2789 2218 3041 2281 ἀναϐολῆς
3113 2222 3292 2279 πάσης
3386 2223 3476 2269 καὶ

2287 2305 2571 2379 διανέμειν,
2632 2314 2720 2360 καὶ
2781 2305 3046 2380 μηδέποτε
3110 2317 3203 2369 τῆς
3269 2312 3531 2381 χορηγίας
3584 2306 3877 2377 ἀποστερεῖν

2284 2402 2400 2457 τοὺς
2471 2395 2519 2448 ἐν
2605 2402 2764 2470 χρείᾳ
2826 2399 3021 2459 ταύτης
3086 2398 3515 2467 καθισταμένους.
3576 2400 3680 2447 Καὶ
3730 2399 3802 2454 τίς
3854 2394 3877 2443 6

2285 2488 2472 2558 μισθός
2524 2495 2618 2548 τῆς
2666 2486 3025 2560 φιλανθρώπου
3074 2490 3263 2545 ταύτης
3311 2484 3611 2557 ἐργασίας;
3655 2488 3684 2542 ἦ
3729 2480 3876 2540 δῆλον

2286 2574 2312 2626 6
2358 2574 2406 2627 ἐν
2452 2584 2524 2645 τῷ
2573 2575 2757 2633 πλήθει
2805 2583 2905 2627 τῶν
2957 2577 3159 2647 ἡμερῶν
3203 2570 3700 2645 ἀνταποδιδόμενος.
3747 2571 3879 2624 Ἐπει

2288 2659 2347 2715 δὲ
2407 2668 2465 2716 τό
2524 2661 2667 2739 ὕδωρ
2742 2660 3022 2736 διαφόρους
3084 2666 3403 2737 πραγμάτων
3461 2664 3735 2721 ὑποθέσεις
3803 2660 3879 2711 αἰ-

2286 2756 2606 2825 νιγματίζειν
2652 2750 2892 2819 δύναται,
2943 2756 3018 2811 ε’ίη
3065 2751 3123 2803 ἂν
3167 2753 3261 2803 οὐκ
3302 2751 3498 2822 ἀλόγως
3542 2754 3632 2803 τόν
3672 2754 3877 2824 προκεί-

2288 2861 2435 2914 μενον
2516 2843 2666 2914 λόγον
2752 2845 2949 2915 θεωρῶν
3033 2844 3058 2893 6
3145 2846 3239 2899 τὴν
3312 2840 3661 2913 ἐλεημοσύνην
3730 2840 3879 2909 λέγων

2284 2936 2567 3004 προσήκειν
2620 2930 2934 3003 ἐργάζεσθαι
2975 2928 3069 2983 διὰ
3115 2935 3302 2992 παντὸς
3346 2935 3473 3003 πρός
3513 2934 3606 2991 τάς
3650 2929 3881 2990 ἀεννάους

524 3022 860 3086 transferre,
879 3026 1065 3076 etnon
1079 3018 1406 3091 aliquando
1431 3018 1675 3091 quidem
1690 3018 2048 3090 profundere
2070 3019 2173 3073 mi-

2288 3030 2384 3072 τῶν
2438 3018 2644 3073 ὑδάτων
2704 3020 2996 3081 ἐνατενίζων
3080 3024 3273 3091 πηγὰς,
3346 3025 3435 3071 καὶ
3506 3024 3601 3077 τὴν
3689 3018 3880 3070 ἐκείνων

528 3110 900 3176 serationem,
929 3109 1255 3181 aliquando
1281 3124 1424 3164 vero
1454 3109 1822 3173 contrahere,
1854 3107 1959 3163 sed
1990 3107 2178 3163 conti-

526 3215 649 3255 nua
675 3199 917 3254 ﬂuenda
943 3203 1000 3253 et
1018 3213 1139 3253 non
1168 3197 1495 3269 intercepta
1519 3197 1723 3266 egenis
1753 3198 1999 3268 aperire.
2036 3199 2177 3251 Tota

526 3289 685 3344 enim
706 3288 801 3343 die
831 3288 1141 3343 miseretur
1171 3292 1227 3341 et
1250 3286 1599 3342 commodat
1638 3286 1949 3353 Dominus,
1992 3288 2175 3343 David

526 3382 614 3433 est
644 3377 850 3432 audire
900 3376 1253 3447 psallentem
1292 3394 1304 3443 ;
1338 3380 1395 3431 et
1432 3375 1479 3430 si
1512 3376 1820 3431 miseretur
1872 3379 2173 3447 pauperis,

524 3465 823 3520 feneratur
869 3464 1007 3529 Deo,
1064 3463 1375 3535 quomodo
1430 3463 1569 3534 quis
1626 3466 1811 3518 Deum
1851 3479 2065 3519 amans
2121 3470 2175 3521 et

525 3554 654 3624 ejus
687 3553 765 3608 ad
788 3552 1227 3607 similitudinem
1269 3568 1512 3607 servans
1545 3552 1933 3616 nobilitatem,
1964 3553 2174 3610 tolera-

522 3642 640 3697 bile
662 3642 973 3697 ducatnon
996 3657 1231 3712 semper
1244 3641 1355 3696 sibi
1372 3656 1583 3713 parare
1609 3640 1940 3697 debitorem
1965 3645 2170 3709 Deum,

524 3730 630 3786 sed
686 3730 1006 3802 praecidere
1059 3736 1115 3785 et
1166 3729 1378 3785 orbare
1437 3730 1704 3802 seipsum
1744 3729 1879 3784 talis
1918 3746 1987 3786 ac
2026 3732 2172 3787 tanti

521 3819 669 3875 lucri
694 3818 1036 3875 collectione
1062 3817 1089 3873 7
1110 3818 1479 3875 Manifestum
1504 3823 1702 3874 autem
1731 3819 1905 3874 talem
1938 3836 2174 3892 semper

522 3908 783 3981 quidem,
818 3909 1145 3981 praesertim
1174 3924 1315 3964 vero
1333 3908 1392 3963 in
1420 3907 1795 3964 multitudine
1826 3909 2058 3965 dierum
2086 3910 2172 3964 in-

518 4004 855 4063 venturum,
895 4014 1077 4070 quam
1109 3998 1278 4069 panis
1320 3997 1782 4055 communicatio
1822 3999 2169 4055 continuam

520 4086 966 4143 retributionem
1010 4086 1426 4143 thesaurizavit
1464 4084 1597 4158 ipsi.

588 4351 760 4407 Mittit
790 4355 941 4407 certe
961 4366 1180 4423 panem
1215 4350 1851 4423 supersubstantialem
1883 4355 1939 4407 et
1960 4352 2167 4424 mysti-

516 4458 653 4497 cum
677 4439 1168 4512 etmysleriorum
1197 4439 1457 4495 initiator
1486 4456 1658 4510 super
1687 4440 1897 4496 faciem
1926 4458 2165 4512 regene-

514 4530 761 4585 rationis
801 4545 973 4597 aqua:
1014 4529 1082 4583 iis
1135 4529 1237 4601 qui
1277 4529 1571 4601 mysteriis
1627 4530 1932 4586 initiantur
1966 4537 2021 4586 et
2061 4531 2165 4603 qui

511 4618 920 4689 indigentibus
952 4617 1169 4673 caelesti
1202 4623 1257 4673 et
1295 4619 1561 4674 animam
1603 4618 1995 4675 confirmante
2026 4620 2162 4676 cibo

511 4707 974 4779 prtebetipsum.
992 4707 1218 4761 Etenim
1234 4713 1548 4777 postaquaa
1569 4707 1834 4763 divinam
1854 4724 2161 4778 regenera-

512 4796 737 4851 tionem
763 4796 1017 4851 ccelestis
1043 4800 1098 4851 et
1134 4795 1403 4851 viviﬁcus
1427 4796 1598 4867 panis
1632 4799 1989 4865 regeneratis
2018 4814 2161 4870 prae-

510 4883 703 4948 betur,
733 4888 787 4939 et
817 4883 918 4955 qui
948 4883 1109 4939 hunc
1147 4884 1207 4939 in
1251 4885 1541 4955 sapientia
1570 4885 1880 4951 distribuit,
1910 4891 1966 4943 et
1989 4887 2158 4957 juxta

512 4971 856 5043 dignitatem
888 4972 1213 5044 dispensat,
1246 4972 1505 5028 inveniet
1540 4988 1759 5045 panem
1794 4990 1924 5030 vere
1956 4976 2057 5048 qui
2084 4976 2158 5031 de

511 5061 658 5117 coelo
704 5060 1024 5128 descendit,
1073 5062 1255 5117 vitam
1305 5061 1534 5118 mundo
1583 5062 1699 5129 dat,
1749 5079 1987 5135 semper
2029 5065 2159 5136 qui-

509 5151 649 5206 dem
675 5149 988 5205 vivificans
1039 5151 1239 5223 ipsum
1272 5154 1328 5208 et
1384 5155 1747 5208 conﬁrmans
1785 5158 1842 5208 et
1868 5154 2155 5219 nutriens,

508 5240 827 5310 praesertim
852 5255 991 5295 vero
1022 5239 1081 5294 in
1115 5245 1379 5312 tempore
1405 5242 1519 5296 vita
1545 5241 1885 5297 functorum
1907 5243 2159 5298 retribu-

508 5328 708 5385 tionis.
748 5331 896 5385 Sunt
933 5332 1136 5385 tamen
1174 5330 1427 5401 quidam
1463 5331 1565 5403 qui
1602 5338 1655 5386 et
1694 5331 1873 5386 talem
1914 5348 2156 5388 sensum

506 5417 664 5473 dicto
692 5416 1006 5488 subjacere
1045 5422 1257 5490 putant
1288 5434 1301 5485 ;
1342 5434 1463 5474 non
1504 5423 1731 5491 oportet
1760 5419 1916 5475 curis
1950 5421 2159 5491 agitari

580 5515 601 5551 ⁸
626 5514 782 5575 Psal.
814 5530 1004 5583 cxmu,
1035 5521 1089 5574 7.

2286 3108 2539 3184 ἐνέργειαν
2586 3108 2669 3161 ἐπὶ
2714 3114 2798 3161 τὸν
2846 3109 2977 3161 θεον
3018 3117 3079 3181 τῇ
3140 3115 3357 3181 μιμήσει
3403 3112 3743 3181 μεταφέρειν
3797 3111 3882 3158 καὶ

2286 3204 2356 3269 μὴ
2390 3203 2510 3251 ποτε
2542 3202 2628 3259 μὲν
2675 3204 2919 3270 προχέειν
2957 3202 3043 3250 τόν
3087 3199 3238 3262 ἔλεον,
3273 3201 3394 3250 ποτε
3437 3195 3495 3249 δὲ
3538 3196 3878 3258 ἀναστελλειν,

2286 3287 2412 3340 ἀλλά
2443 3285 2655 3347 διηνεκῆ
2688 3292 2750 3339 τὰ
2780 3289 2961 3361 ῥεῖθρα
3001 3292 3090 3339 καὶ
3122 3283 3398 3358 ἀδιάδοχα
3436 3294 3545 3348 τοῖς
3585 3287 3880 3358 χρῄζουσιν

2284 3376 2607 3437 ἀναϐλύζειν.
2655 3374 2813 3434 Ὀλην
2864 3379 2963 3449 γὰρ
3016 3381 3107 3434 τὴν
3166 3378 3359 3449 ἡμέραν
3400 3375 3523 3427 ἐλεεῖ
3574 3381 3666 3427 καὶ
3721 3372 3882 3427 δανεί-

2286 3466 2363 3525 ζει
2417 3468 2441 3517 6
2500 3469 2704 3537 Κύριος,
2752 3473 2842 3517 τοῦ
2904 3462 3068 3516 Δαυίδ
3120 3467 3259 3516 ἔστιν
3314 3463 3516 3517 ἀκούειν
3566 3464 3878 3535 ψάλλοντος·
3926 3482 3927 3485 ‘

2284 3560 2372 3606 καὶ
2431 3554 2473 3605 εἰ
2528 3556 2552 3605 ὁ
2608 3554 2751 3606 ἐλεῶν
2796 3558 3029 3625 πτωχόν,
3084 3551 3310 3613 δανειζει
3359 3558 3485 3623 Θεῷ,
3532 3562 3641 3613 πῶς
3701 3555 3761 3604 ἄν
3808 3571 3921 3612 τις.

2284 3644 2512 3714 φιλόθεος
2560 3644 2625 3694 ὢν
2674 3647 2762 3695 καὶ
2810 3650 2901 3695 τοῦ
2941 3642 3051 3694 κατ’
3105 3643 3273 3694 εἰκόνα
3326 3643 3510 3703 σώζων
3562 3647 3620 3694 τό
3672 3642 3875 3712 εὐγενὲς,

2284 3731 2486 3785 ἀνεκτὸν
2530 3735 2790 3803 ἡγήσαιτο
2837 3737 2907 3804 μὴ
2959 3728 3052 3783 διὰ
3099 3735 3289 3793 παντὸς
3337 3732 3501 3803 ἐαυτῷ
3552 3731 3881 3804 παρασκευά·

2284 3821 2388 3881 ζειν
2458 3827 2734 3896 χρεώστην
2819 3824 2905 3873 τόν
2973 3823 3121 3887 Θεὸν,
3200 3820 3330 3871 ἀλλὰ
3401 3827 3731 3895 περικόπτειν
3796 3824 3879 3870 καὶ

2282 3908 2581 3983 ἀποστερεῖν
2659 3910 2838 3962 ἑαυτὸν
2912 3917 3003 3961 τοῦ
3079 3909 3385 3966 τηλικούτου
3460 3914 3549 3960 καὶ
3636 3911 3877 3961 τοσούτου

2280 3995 2493 4072 κέρδους
2539 4004 2632 4056 τὴν
2684 4000 3023 4071 συνεισφοράν
3055 4015 3068 4064 ;
3098 3997 3255 4057 Δῆλον
3286 3995 3345 4050 δὲ
3376 4000 3439 4057 ὡς
3484 3999 3508 4049 6
3540 4006 3775 4059 τοιοῦτος
3807 3996 3879 4047 ἀεὶ

2278 4092 2387 4160 μὲν,
2438 4087 2668 4161 μάλιστα
2727 4084 2785 4140 δε
2835 4090 2884 4139 ἐν
2927 4087 3112 4145 πλήθει
3156 4096 3254 4139 τῶν
3298 4088 3498 4159 ἡμερῶν
3548 4090 3782 4162 εὑρήσει,
3824 4086 3878 4143 ἢν

2278 4178 2307 4234 ἡ
2340 4184 2433 4228 τοῦ
2466 4179 2624 4251 ἄρτου
2669 4173 2955 4249 μετάδοσις
2986 4173 3197 4235 διηνεκῆ
3237 4172 3668 4248 μισθαποδοσίαν
3696 4176 3881 4231 ἀπεθη-

2279 4269 2523 4339 σαύρισεν
2550 4265 2712 4336 αὐτῷ.

2348 4355 2671 4409 Ἀποστελλει
2733 4358 2906 4427 μέντοι
2974 4374 3033 4427 γε
3098 4357 3182 4407 τόν
3249 4355 3400 4429 ἄρτον
3466 4357 3552 4405 τόν
3617 4354 3876 4407 ἐπιούσιον

2273 4448 2360 4495 καὶ
2397 4447 2652 4515 μυστικὸν
2699 4450 2787 4496 καὶ
2840 4445 2868 4502 ἡ
2923 4463 3262 4516 μυσταγωγός
3310 4442 3391 4495 ἐπὶ
3450 4448 3735 4517 πρόσωπον
3791 4447 3876 4494 τοῦ

2273 4542 2366 4596 τῆς
2436 4533 2833 4605 παλιγγενεσίας
2912 4529 3107 4595 ὕδατος
3168 4541 3276 4593 τοῖς
3350 4538 3878 4606 μυσταγωγουμένοις

2272 4628 2360 4675 καὶ
2408 4620 2664 4695 δεομένοις
2708 4622 2949 4695 οὐρανίου
2989 4628 3077 4674 καὶ
3117 4622 3302 4694 ψυχὴν
3350 4623 3714 4693 στηριζούσης
3763 4640 3877 4694 τρο-

2272 4720 2371 4783 φῆς
2412 4715 2658 4784 παρέχων
2708 4712 2885 4768 αύτόν.
2939 4717 3037 4763 Καὶ
3075 4714 3175 4785 γὰρ
3222 4716 3351 4785 μετά
3397 4716 3493 4769 τὴν
3541 4720 3634 4763 τοῦ
3687 4708 3878 4770 ὕδατος

2273 4803 2409 4853 θείαν
2459 4798 2795 4871 ἀναγέννησιν
2867 4804 2898 4851 ὅ
2945 4803 3179 4872 οὐράνιος
3251 4806 3340 4853 καὶ
3400 4800 3658 4862 ζωοποιός
3724 4802 3876 4873 ἄρτος

2269 4898 2373 4950 τοῖς
2440 4888 2824 4961 ἀναγεννηθεῖσι
2894 4894 3285 4962 προσφέρεται·
3343 4895 3429 4942 καὶ
3496 4891 3521 4941 ὅ
3576 4908 3638 4960 γε
3699 4897 3875 4941 τουτον

2269 4978 2316 5029 ἐν
2368 4983 2523 5050 σοφίᾳ
2587 4975 2841 5049 διανέμων
2893 4983 2980 5030 καὶ
3034 4978 3145 5030 κατ’
3196 4977 3342 5041 ἀξίαν
3398 4978 3703 5049 οἰκονομῶν,
3767 4976 3875 5049 εὗρε

2267 5071 2353 5119 τὸν
2400 5069 2555 5142 ἄρτον
2600 5069 2668 5128 ὡς
2712 5066 2917 5127 ἀληθῶς
2952 5070 3037 5118 τόν
3079 5065 3132 5118 ἐκ
3178 5074 3267 5119 τοῦ
3311 5067 3530 5135 ούρανοῦ
3577 5064 3873 5121 καταϐεϐη-

2265 5158 2410 5223 κότα,
2451 5160 2539 5207 καὶ
2571 5156 2708 5215 ζωὴν
2744 5163 2814 5225 τῷ
2861 5160 3043 5228 κόσμῳ
3096 5152 3334 5220 διδόντα,
3388 5154 3467 5208 ἀεὶ
3514 5159 3606 5227 μὲν
3655 5159 3873 5219 ζωοποι-

2266 5252 2422 5296 οῦντα
2467 5244 2619 5296 αὐτόν
2668 5249 2757 5297 καὶ
2813 5246 3127 5318 στηρίζοντα
3182 5250 3271 5297 καὶ
3316 5250 3582 5319 τρέφοντα,
3638 5244 3870 5317 μα’λιστᾳ

2268 5329 2326 5386 δὲ
2385 5334 2434 5386 ἐν
2498 5342 2663 5407 καιρῷ
2719 5343 2813 5396 τῆς
2869 5343 2969 5386 τῶν
3043 5333 3369 5409 βεϐιωμένων
3446 5332 3869 5394 ἀνταποδόσεως.

2266 5422 2384 5475 Εἰσὶ
2442 5428 2615 5497 μέντοι
2665 5442 2725 5496 γε
2793 5427 2920 5485 τινες
2979 5424 3025 5477 οἰ
3094 5428 3182 5477 καὶ
3254 5427 3498 5484 τοιαύτην
3556 5425 3757 5476 ἔννοιαν
3818 5425 3872 5475 τὸ
