4140 6198
1452 66 1465 91 \

196 240 295 306 ιρι
516 318 517 321 γ
1229 232 1324 298 AD
1364 230 1914 311 AMPHILOCHIUM
1956 232 2282 308 QUAESTIO
2322 230 2517 297 LXIIi.
3457 239 3563 310 422

191 376 353 449 ῥητόν
391 371 696 428 ὑποϐάλλειν
738 377 1064 446 νομίζουσιν·
1122 368 1180 422 οὐ
1231 366 1314 421 δεῖ
1354 367 1801 443 πολυπραγμονεῖν

1927 366 2189 422 intritum
2220 371 2323 423 aut
2374 367 2835 425 misericordiam
2866 375 3197 443 expertum.
3242 376 3302 429 Et
3326 374 3417 432 his
3446 378 3562 434 evi-

190 469 282 516 τόν
326 469 629 539 τρεφόμενον
668 465 697 523 ἦ
749 462 1038 534 ἐλεούμενον
1084 476 1097 489 ’
1148 463 1239 510 καὶ
1280 460 1481 518 τούτοις
1533 453 1592 509 δὲ
1643 453 1803 515 δῆλον

1926 457 2061 512 iens
2087 472 2249 528 aqua
2269 456 2583 512 hominum
2611 465 2874 529 systema
2887 460 3206 529 signiﬁcari
3221 466 3561 523 assumitur.

192 557 275 606 ὅτι
322 558 382 606 τό
438 551 584 628 ὕδωρ
633 557 690 605 τό
749 561 847 604 τῶν
888 551 1168 624 ἀνθρώπων
1226 550 1476 618 σύστημα
1531 550 1804 618 σημαίνειν

1926 549 2038 601 Nion
2069 549 2303 617 Oportet
2327 547 2523 616 igitur,
2555 548 2740 613 aiunt,
2772 548 3154 623 eleemosyna
3191 551 3561 624 indigentem

190 642 673 715 παραλαμϐάνεται.
718 641 794 693 Ού
853 637 937 692 δεῖ
973 635 1083 697 οὖν,
1125 642 1276 709 φασὶ,
1322 642 1409 688 τὸν
1453 643 1548 696 τῆς
1593 635 1806 707 ἐλεημο-

1929 635 2197 690 rutinare
2221 634 2411 706 prius,
2438 634 2661 704 dignus
2689 651 2763 691 ne
2784 641 2872 692 est
2902 639 3280 696 miseratione
3308 648 3364 698 et
3386 644 3564 701 bene-

192 733 360 793 σύνης
414 728 654 804 δεόμενον
698 730 984 801 λογοθετεῖν
1033 731 1301 801 πρότερον,
1351 724 1494 786 ἄξιός
1541 724 1656 777 ἐστι
1711 731 1804 776 τοῦ

1927 722 2134 779 icioan
2151 738 2289 786 non,
2321 723 2427 778 sed
2456 722 2782 794 benignum
2811 742 2939 782 esse
2956 727 3562 803 dignumducentem,

189 818 358 880 ἐλέους
388 825 479 871 καὶ
522 829 618 880 τῆς
658 819 956 893 εὐεργεσίας
996 817 1025 875 ἢ
1080 818 1139 867 οὔ
1166 832 1179 845 θ
1224 812 1353 866 ἀλλὰ
1398 817 1486 865 τόν
1516 812 1807 885 φιλανθρω-

1931 811 2366 866 )eneﬁcentiam
2382 811 2608 884 absque
2624 814 2962 870 rationibus
2983 817 3391 887 pugnantibus
3404 821 3566 878 exhi-

189 914 318 969 πίας
393 908 641 970 ἀξιοῦντα
733 914 936 979 τυχεῖν,
1016 908 1211 963 ταύτην
1286 907 1458 975 χωρὶς
1538 901 1804 973 λογισμῶν

1928 916 2072 955 )ere.
2106 902 2173 955 Ut
2200 899 2359 955 enim
2387 903 2488 973 qui
2517 903 2577 957 in
2610 903 2799 958 maria
2826 904 3001 959 mittit
3031 922 3248 977 panem
3278 907 3337 963 in
3378 910 3563 967 incer-

194 994 561 1059 δισταζόντων
606 999 877 1070 παρέχειν.
927 993 1125 1065 Ὠσπερ
1160 995 1261 1065 γὰρ
1301 994 1326 1043 6
1373 993 1508 1043 κατὰ
1548 990 1806 1060 πελάγους

1924 1002 2037 1045 tum
2064 989 2308 1061 quidem
2326 990 2490 1060 jacit,
2510 996 2566 1046 et
2583 991 2768 1047 nescit
2787 1007 2904 1063 quo
2928 992 3128 1050 ﬂuxus
3149 995 3317 1052 illum
3343 998 3559 1069 trahat,

191 1085 369 1157 ἀφιεὶς
404 1090 491 1137 τόν
522 1087 679 1153 ἄρτον
719 1086 794 1137 ἐπ’
837 1080 1019 1153 ἀδήλῳ
1062 1084 1152 1153 μὲν
1199 1079 1365 1143 ἔϐαλε,
1409 1083 1499 1130 καὶ
1539 1078 1633 1130 ούκ
1663 1075 1803 1130 οἶδεν

2019 1076 2291 1132 omnium
2324 1093 2466 1133 vero
2494 1078 2755 1134 habente
2796 1080 3105 1136 scientiam
3134 1098 3281 1154 pure
3330 1085 3564 1144 videtur

190 1173 240 1226 ἔν
353 1178 412 1227 τὸ
441 1175 610 1248 ῥεύμα
642 1181 821 1226 τοῦτον
862 1173 1135 1245 ύποσύρει,
1167 1167 1239 1240 τῷ
1283 1165 1342 1220 δὲ
1380 1169 1583 1220 πάντων
1626 1169 1804 1238 ἔχοντι

1925 1171 1967 1221 at
1996 1165 2124 1235 ejus
2168 1166 2501 1222 continetur
2548 1168 2933 1239 omnipotenti
2985 1171 3560 1242 comprehensione;

184 1268 285 1321 τὴν
327 1272 526 1334 γνῶσιν
576 1264 819 1335 καθαρῶς
872 1262 1060 1332 ὁρᾶται
1113 1264 1202 1310 καί
1239 1264 1300 1329 τῇ
1348 1256 1511 1309 αὐτοῦ
1566 1260 1805 1331 περιέχε-

1926 1255 2123 1309 eodem
2154 1254 2334 1310 modo
2364 1260 2419 1310 et
2443 1256 2547 1327 qui
2574 1256 3013 1313 miserationem
3038 1275 3156 1315 non
3187 1260 3561 1320 discernente

185 1371 277 1403 ται
334 1357 782 1425 παντοκρατορικῇ
847 1347 1139 1417 καταλήψει
1189 1365 1203 1380 ⁸
1254 1348 1340 1398 τόν
1399 1345 1552 1397 αὐτόν
1614 1349 1803 1416 τρόπον

1929 1344 2116 1399 mimo
2146 1348 2201 1398 et
2229 1343 2519 1413 ambiguo
2535 1346 2943 1417 quaerentibus
2970 1348 3210 1419 praebet,
3249 1365 3410 1407 nunc
3430 1354 3564 1423 qui-

184 1445 277 1492 καὶ
322 1441 349 1491 6
401 1443 489 1491 τόν
549 1439 683 1492 ἔλεον
736 1438 794 1490 ού
852 1434 1219 1508 διακρινομένη
1270 1440 1451 1507 γνώμη
1511 1437 1599 1485 καὶ
1648 1432 1804 1505 ἀμφι·-

1925 1433 2049 1487 iem
2078 1448 2199 1487 non
2230 1434 2494 1503 agnoscit
2514 1434 2648 1505 quis
2677 1434 2751 1490 sit
2786 1435 2888 1506 qui
2915 1438 3165 1507 accepit,
3199 1437 3262 1493 in
3300 1440 3560 1497 multitu-

184 1527 453 1599 ϐαλὶούση
494 1536 605 1591 τοῖς
658 1527 970 1588 ἐπιζητοῦσι
1018 1529 1391 1598 παρεχόμενος,
1441 1530 1529 1574 νῦν
1573 1524 1663 1594 μὲν
1708 1522 1803 1573 οὐκ

1921 1520 2048 1576 dine
2062 1536 2201 1576 vero
2226 1520 2480 1587 dierum,
2499 1522 2555 1576 id
2570 1529 2658 1577 est
2677 1523 2738 1578 in
2760 1522 2957 1579 futuro
2985 1526 3225 1593 smculo,
3250 1534 3556 1597 agnoscet.

182 1614 527 1687 ἐπιγινώσκει
569 1621 646 1677 τίς
686 1615 825 1668 ἐστιν
872 1616 898 1667 6
936 1612 1129 1675 λαϐὼν,
1174 1612 1221 1665 ἐν
1267 1609 1326 1665 δὲ
1369 1620 1442 1682 τῷ
1483 1611 1668 1669 πλήθει
1704 1619 1803 1662 τῶν

1925 1612 1974 1665 Et
1999 1625 2218 1681 panem
2249 1609 2417 1664 illum
2446 1610 2507 1665 in
2539 1626 2724 1666 manu
2749 1612 3061 1669 inveniens
3102 1616 3335 1671 Domini
3361 1622 3560 1673 osten—

183 1707 413 1779 ἡμερῶν,
467 1708 733 1757 τουτέστιν
783 1703 832 1755 ἓν
898 1711 970 1773 τῷ
1018 1701 1251 1775 μέλλοντι
1300 1700 1465 1764 αἰῶνι,
1518 1698 1800 1769 ἐπιγνώσε-

1927 1698 2104 1753 ientis
2133 1705 2188 1754 et
2217 1698 2465 1754 dicentis
2498 1716 2511 1753 :
2561 1719 2586 1750 α
2622 1701 2843 1756 Esurivi
2870 1702 3189 1759 etdedistis
3225 1703 3369 1760 mihi
3396 1721 3562 1763 man~

181 1813 267 1846 ται
312 1813 325 1824 ·
369 1797 580 1845 καὶτὸν
620 1795 776 1865 ἄρτον
825 1791 1010 1844 ἐκεῖνον
1064 1790 1148 1842 ἐπὶ
1188 1798 1279 1849 τῆς
1327 1791 1505 1861 χειρὸς
1548 1789 1802 1860 εὑρίσκων

1926 1788 2130 1843 iucare
2157 1788 2200 1859 θ,
2248 1808 2275 1838 ››
2316 1788 2560 1843 evidens
2607 1790 2773 1844 omni
2829 1791 3052 1861 gaudio
3081 1796 3138 1847 et
3165 1794 3561 1850 exsultatione

181 1890 278 1936 τοῦ
328 1886 595 1935 Δεσπότου
641 1878 1023 1940 ἇπιδεικνύντος
1058 1885 1151 1949 καὶ
1183 1878 1415 1950 λέγοντος
1448 1893 1460 1906 ·
1495 1899 1523 1927 ι(
1564 1876 1803 1929 Ἐπείνα-

1925 1875 2201 1948 repletum
2231 1876 2321 1942 iri,
2356 1892 2494 1932 cum
2533 1892 2655 1933 non
2687 1876 2881 1933 solum
2911 1894 3096 1951 quem
3151 1881 3307 1937 misit
3338 1897 3560 1953 panem

184 1991 278 2037 σοι,
328 1976 419 2023 καὶ
464 1968 695 2024 ἐδώκατέ
736 1990 826 2042 μοι
874 1976 1073 2041 φαγεῖν,
1110 1988 1133 2018 ο
1178 1964 1335 2025 δῆλον
1379 1967 1460 2019 ὅτι
1502 1966 1681 2027 πάσης
1716 1965 1798 2017 εύ-

1926 1980 2092 2036 super
2119 1965 2329 2021 faciem
2356 1981 2530 2038 aquae
2559 1968 2860 2037 repererit,
2891 1968 2997 2024 sed
3026 1974 3084 2024 et
3112 1970 3301 2027 multo
3335 1969 3561 2028 factum

182 2064 450 2133 φροσύνης
502 2065 592 2112 καὶ
648 2058 1003 2131 ἀγαλλιάσεως
1052 2057 1417 2115 πλησθήσεται
1463 2072 1475 2084 °
1537 2054 1596 2106 ού
1644 2058 1797 2125 μόνον

1246 2061 1417 2114 icerant
1463 2072 1475 2084 ο
1537 2054 1596 2106 ού
1644 2058 1797 2125 μόνον
1907 2053 2319 2124 pretiosiorem
2345 2054 2458 2125 ipsi
2487 2058 2542 2110 et
2570 2054 2881 2111 utiliorem.

180 2150 237 2201 όν
297 2148 597 2202 ἀπέστειλεν
654 2150 809 2223 οἰρτον
866 2146 950 2200 ἔπι
1016 2151 1299 2221 προσώπου
1356 2152 1448 2196 τοῦ
1506 2139 1698 2203 ὕδατος
1755 2141 1999 2216 ἀνευρὼν,
2061 2140 2192 2195 ἀλλὰ
2245 2147 2335 2194 καὶ
2393 2142 2563 2214 πολλῷ
2622 2149 2873 2216 γεγονότα
2928 2151 3229 2221 τιμιώτερόν
3288 2168 3344 2201 τε
3416 2149 3559 2223 αὐτῷ

180 2243 277 2291 καὶ
304 2237 746 2310 λυσιτελέστερον.

771 2347 1085 2396 ΕΡΩΤΗΣΙΣ
1122 2338 1237 2394 ΞΓ’.
2317 2338 2406 2403 QU

2317 2338 2633 2403 QUESTIO
2667 2339 2823 2395 LXIII
2854 2340 2954 2411 [αι.
2979 2339 3162 2415 LXII].

179 2455 248 2504 Τί
303 2445 465 2509 δηλοῖ
510 2467 523 2480 ’
573 2471 603 2500 ι(
657 2448 718 2502 Ὀ
770 2448 1012 2521 ὀρύσσων
1064 2445 1278 2521 βόθρον,
1328 2444 1397 2506 εἰς
1453 2444 1610 2497 αὐτὸν
1652 2441 1801 2515 ἔμπε-

860 2539 1048 2574 σειται.
1092 2539 1122 2571 ››

1921 2442 2052 2508 ?m'd
2078 2442 2371 2514 signiﬁcat
2426 2459 2442 2500 :
2494 2462 2521 2495 α
2576 2443 2877 2573 "(odit
2922 2446 3174 2517 foveam.
3234 2447 3446 2506 incidet
3497 2451 3556 2506 in

2748 2557 2762 2573 .
2801 2536 2832 2571 υ

1246 2639 1403 2691 Edita
1429 2653 1462 2691 a
1491 2640 1644 2696 Maio,
1672 2638 1707 2688 l.
1737 2652 1782 2689 c.
1816 2654 1869 2704 p.
1900 2638 2061 2689 75-76.
2090 2638 2149 2688 In
2176 2638 2339 2690 Eccle.
2369 2651 2428 2697 Χ,
2460 2641 2507 2689 8.

258 2773 451 2845 Βόθρον
502 2769 723 2823 ἐνταῦθα
776 2773 869 2827 τὴν
925 2771 1059 2821 κατὰ
1122 2776 1213 2821 τοῦ
1287 2766 1509 2824 πλησίον
1579 2764 1792 2839 μελέτην

1975 2766 2224 2820 Foveam
2249 2764 2346 2821 hic
2375 2772 2582 2823 contra
2625 2768 2970 2840 proximum
3016 2770 3468 2828 meditationem
3498 2777 3555 2829 et

180 2867 275 2913 καὶ
327 2865 418 2912 τόν
471 2858 692 2933 βόθυνον
739 2859 944 2932 ὄλεθρον
1002 2857 1263 2930 ὀνομάζει,
1318 2857 1452 2909 κατά
1493 2874 1550 2926 γε
1601 2858 1659 2907 τὸ
1705 2873 1791 2925 γε-

1918 2851 2135 2909 ῗονθδω
2163 2855 2554 2925 perditionem
2577 2858 2868 2924 nominat,
2888 2859 3059 2929 juxta
3080 2861 3239 2931 quod
3263 2860 3553 2932 scriptum

178 2954 485 3022 γραμμένον
540 2968 553 2982 ·
603 2968 633 3001 (ι
682 2951 888 3002 Λάκκον
941 2947 1130 3022 ὤρυξεν
1187 2951 1274 2999 καὶ
1322 2944 1609 3015 ἀνέσκαψεν
1653 2943 1793 3013 αύτῷ

1921 2947 1991 2996 est
2016 2957 2033 2995 :
2065 2962 2092 2993 ς(
2119 2943 2342 2998 Lacum
2367 2943 3037 3017 aperuitetcﬁ‘oditipsi,
3063 2955 3117 3004 et
3149 2948 3368 3004 incidet
3390 2947 3450 3003 in
3471 2948 3556 3004 fo-

180 3044 276 3091 καὶ
308 3037 613 3111 ἐμπεσεῖται
649 3042 721 3098 είς
756 3035 947 3110 βόθρον
990 3038 1044 3088 ὃν
1068 3036 1348 3110 εἰργάσατο
1377 3050 1389 3063 ’
1425 3057 1452 3082 ››
1484 3038 1574 3085 καί
1604 3048 1619 3062 ⁸
1652 3054 1679 3084 (ι
1712 3033 1794 3084 Ἐν

1915 3045 2078 3085 veam
2117 3046 2303 3102 quam
2333 3030 2469 3087 fecit
2500 3033 2567 3097 ιο,
2597 3052 2624 3083 ››
2658 3037 2715 3089 et
2748 3054 2762 3088 :
2796 3053 2825 3086 (ι
2851 3034 2916 3089 In
2941 3035 3224 3107 operibus
3257 3051 3550 3093 manuum

181 3135 289 3187 τοῖς
338 3130 515 3201 ἔργοις
554 3134 653 3177 τῶν
692 3133 885 3199 χειρῶν
938 3124 1098 3176 αὐτού
1144 3122 1433 3195 συνελήφθη
1485 3123 1509 3173 6
1550 3124 1797 3193 άμαρτω-

1919 3135 2151 3175 suarum
2174 3119 2639 3190 comprehensus
2666 3128 2755 3177 est
2785 3128 3063 3195 peccator
3094 3127 3161 3183 η.
3196 3143 3225 3176 ››
3258 3124 3441 3196 Igitur
3470 3130 3554 3182 ta—

180 3216 291 3278 λός.
336 3235 365 3267 ι
402 3215 463 3268 Ὀ
488 3219 659 3267 τοίνυν
687 3218 771 3266 τόν
802 3221 1030 3265 τοιοῦτον
1063 3211 1253 3287 βόθρον
1283 3216 1373 3264 καὶ
1408 3216 1503 3269 τὴν
1543 3209 1795 3262 ἀπώλειαν

1922 3224 2023 3263 em
2051 3207 2282 3264 foveam
2330 3214 2383 3264 et
2417 3209 2803 3279 perditionem
2851 3211 3020 3268 alteri
3063 3212 3372 3279 effodiens,
3429 3215 3557 3286 ipse

182 3306 343 3378 ἑτέρῳ
406 3301 729 3378 διορύσσων,
792 3302 944 3362 αὐτὸς
986 3311 1189 3375 πρῶτος
1240 3304 1484 3372 ἐμπίπτει
1530 3304 1579 3352 ἓν
1633 3299 1791 3370 αύτῷ·

1919 3297 2068 3369 prior
2090 3297 2294 3353 incidit
2321 3298 2383 3352 in
2413 3313 2548 3353 eam
2590 3314 2605 3364 ;
2636 3298 2783 3354 dum
2810 3300 2969 3356 enim
3005 3301 3134 3357 haec
3175 3302 3554 3358 machinatur

182 3397 234 3447 ἐν
265 3396 371 3467 γὰρ
411 3402 484 3463 τῷ
525 3400 690 3445 ταῦτα
721 3389 1163 3465 διαμηχανᾶσθαι
1200 3394 1300 3461 πρὸ
1338 3398 1431 3450 τῆς
1454 3396 1542 3441 τοῦ
1572 3388 1794 3447 πλησίον

1917 3390 2041 3441 ante
2056 3385 2307 3456 proximi
2324 3386 2381 3440 in
2384 3386 2403 3455 j
2416 3386 2629 3455 uriam,
2657 3402 2831 3443 suam
2856 3387 3044 3460 ipsius
3058 3389 3552 3460 perditanimam.

180 3490 490 3548 κακώσεως,
530 3486 622 3539 τὴν
662 3481 865 3555 ἑαυτοῦ,
895 3477 1136 3533 διόλλυσι
1172 3478 1359 3551 ψυχήν
1402 3495 1413 3506 ·
1465 3476 1526 3530 ἆν
1572 3481 1661 3551 μεν
1691 3481 1791 3552 γὰρ

1918 3477 1963 3532 Si
1992 3475 2147 3530 enim
2173 3474 2409 3546 corpori
2436 3474 2728 3531 damnum
2768 3482 2958 3532 struat
2993 3480 3365 3549 congeneris,
3394 3495 3553 3551 saepe

180 3581 257 3642 τῷ
331 3577 540 3644 σώματι
597 3575 692 3628 την
761 3568 962 3642 βλάϐην
1030 3570 1269 3640 ύποτείνη
1334 3575 1426 3620 τοῦ
1495 3562 1790 3638 ὁμογενοῦς,

1917 3563 2074 3619 illum
2100 3564 2340 3635 quidem
2363 3564 2518 3634 juvit
2542 3565 2737 3635 magis
2765 3582 2952 3638 quam
2979 3567 3254 3638 perdidit,
3282 3569 3552 3640 seipsum

181 3662 438 3721 πολλάκις
503 3660 691 3712 ἐκεῖνον
744 3663 833 3731 μὲν
894 3658 1127 3731 ὠφείλησε
1189 3657 1379 3729 μᾶλλον
1436 3661 1466 3715 ἤ
1526 3653 1792 3725 διώλεσεν,

1921 3660 2103 3710 tutem
2132 3655 2193 3709 in
2220 3653 2538 3725 spiritualis
2564 3655 2751 3711 ruinae
2780 3655 3133 3713 barathrum
3159 3657 3413 3729 impulit.
3445 3658 3556 3723 Qui

183 3751 372 3804 ἑαυτὸν
422 3745 484 3801 δε
532 3756 626 3809 τῆς
671 3747 915 3819 ψυχικῆς
962 3755 1034 3817 τῷ
1084 3744 1262 3820 βόθρῳ
1312 3747 1627 3803 συνώθησεν·
1667 3747 1693 3797 6
1736 3741 1795 3797 δε

1917 3748 2107 3798 autem
2124 3743 2373 3814 proximi
2399 3743 2616 3799 animae
2635 3744 3011 3801 machinatus
3036 3751 3125 3801 est
3138 3748 3552 3818 perditionem,

180 3846 281 3899 τῆς
311 3844 403 3889 τού
442 3836 664 3894 πλησίον
693 3835 881 3907 ψυχῆς
911 3836 1358 3907 μηχανησάμενος
1394 3838 1487 3892 τὴν
1519 3832 1792 3902 ἀπώλειαν,

1922 3831 2000 3886 Jic
2033 3831 2081 3885 si
2111 3830 2200 3885 vel
2226 3832 2399 3903 cepit,
2457 3831 2546 3887 vel
2585 3848 2708 3888 non
2762 3834 2915 3905 cepit
2964 3834 3314 3906 impetitum,
3345 3835 3557 3892 nihilo-

182 3928 338 3989 οὗτος
395 3927 458 3977 ἄν
517 3944 572 3977 τε
614 3924 759 3989 εἷλεν,
821 3924 882 3975 ἄν
938 3943 993 3976 τε
1039 3928 1110 3996 μὴ
1162 3922 1259 3976 εἷλε
1312 3926 1395 3975 τόν
1451 3921 1794 3997 ἐπηρεαζόμε-

1922 3921 2104 3975 ninus
2132 3935 2302 3974 suam
2352 3920 2539 3992 ipsius
2568 3922 2733 3993 prior
2785 3922 3063 3993 perdidit.
3105 3924 3334 3979 Etenim
3366 3924 3557 3980 incor-

181 4035 292 4081 νον,
344 4011 498 4069 οὐδὲν
544 4014 751 4066 ﬂat-rev
796 4017 887 4070 τὴν
931 4011 1116 4064 ἑαυτοῦ
1157 4010 1539 4083 προαπώλεσεν.
1583 4009 1643 4064 Ἡ
1692 4013 1793 4086 γὰρ

1919 4013 2146 4080 ruptum
2157 4008 2452 4080 judicium
2464 4009 2798 4066 secundum
2828 4010 3095 4066 studium
3117 4016 3174 4068 et
3200 4013 3554 4069 sententiam

182 4100 487 4165 ἀδέκαστος
525 4106 699 4176 κρίσις
726 4105 856 4176 πρὸς
895 4105 988 4159 τὴν
1038 4097 1279 4159 σπουδὴν
1325 4105 1415 4152 καὶ
1456 4104 1544 4156 τὴν
1587 4105 1795 4171 γνώμην

1919 4096 2203 4152 aestimans
2227 4097 2619 4169 iniquitatem,
2652 4099 2763 4154 etsi
2803 4114 2961 4171 saepe
2992 4115 3206 4156 nocere
3239 4115 3554 4169 agressum

182 4194 540 4264 λογοθετοῦσα
566 4195 633 4243 τὰ
662 4186 923 4261 ἀδίκημα,
957 4189 1000 4241 εἰ
1037 4194 1126 4241 καὶ
1152 4188 1397 4250 πολλάκις
1423 4191 1511 4241 τόν
1548 4186 1795 4261 βλάπτειν

1928 4185 2136 4241 nsidiis
2175 4186 2391 4257 petitus
2420 4187 2629 4249 evasit,
2663 4187 2993 4243 vindictam
3018 4187 3202 4243 nihilo
3242 4188 3441 4244 minus
3472 4188 3560 4243 in-

182 4284 495 4356 ὡρμημένον
564 4280 591 4331 ὀ
657 4276 1113 4349 ἐπιϐουλευόμενος
1171 4274 1502 4348 διαπέφευγε,
1565 4281 1660 4328 τὴν
1720 4296 1797 4328 τι-

1922 4273 2031 4329 r'ert.
2049 4276 2321 4330 Hortatur
2343 4274 2546 4346 itaque
2572 4290 2677 4346 per
2691 4275 2821 4331 haec
2841 4275 3243 4341 Ecclesiastes,
3269 4276 3557 4332 absistere

180 4374 390 4444 μωρίαν
440 4364 591 4420 οὐδὲν
639 4368 847 4420 ἔλαττον
901 4366 1288 4439 εἰσπράττεται.
1339 4372 1587 4439 ΙΙαραινεί
1622 4370 1795 4417 τοίνυν

1923 4362 1983 4418 ὼ
2007 4364 2173 4418 omni
2200 4362 2515 4419 malefacta
2542 4364 2916 4434 inexpertum
2948 4370 3316 4437 quaerentem
3347 4363 3558 4420 damni

186 4454 283 4509 διὰ
348 4460 546 4509 τούτων
612 4458 638 4508 6
706 4455 1152 4522 Ἐκκλησιαστὴς,
1225 4452 1550 4526 ἀφίστασθαι
1618 4456 1795 4517 πάσης

1922 4458 1959 4507 et
1980 4452 2317 4508 afﬂictionis
2337 4466 2399 4507 se
2425 4453 2932 4508 servare.‘Etenim
2954 4452 3304 4510 machinans
3326 4452 3557 4510 malum

183 4551 515 4617 κακουργίας
580 4548 668 4597 τὸν
736 4544 1011 4618 ἀπείρατον
1094 4543 1353 4604 ζητοῦντα
1424 4541 1626 4615 βλάϐης
1704 4547 1794 4594 καὶ

1927 4548 2106 4598 :ontra
2132 4541 2467 4612 proximum
2516 4556 2632 4596 non
2681 4541 2920 4613 effugiet
2948 4557 3083 4598 eam
3134 4558 3272 4615 qum
3314 4559 3387 4599 ex
3430 4542 3562 4615 lege

181 4641 470 4696 κακώσεως
504 4635 915 4709 συντηρηθῆναι.
967 4637 1066 4685 Καὶ
1103 4636 1207 4705 μὴν
1251 4633 1276 4684 6
1317 4629 1790 4703 διαμηχανώμενος

1928 4630 2245 4694 νὶιιόὶοιειω,
2269 4630 2373 4686 sed
2406 4630 2454 4685 si
2491 4630 2734 4686 oculum
2764 4630 3065 4697 exciderit,
3109 4634 3388 4704 proprius
3419 4632 3563 4689 effo-

182 4726 349 4775 κακόν
398 4732 469 4794 τῷ
515 4723 736 4780 πλησίον
781 4722 839 4774 ού
895 4718 1228 4793 διαφεύξεται
1267 4725 1359 4778 τὴν
1406 4719 1460 4771 ἐκ
1506 4729 1597 4772 τοῦ
1634 4724 1793 4792 νόμου

1925 4720 2114 4775 lietur.
2157 4720 2213 4775 Si
2243 4719 2485 4776 dentem
2514 4718 2686 4775 fuerit
2736 4725 3116 4793 extorquens,
3170 4721 3380 4792 perdet
3418 4737 3560 4793 pro-

180 4817 465 4887 τιμωρίαν,
528 4810 636 4863 ἀλλ’
688 4810 749 4863 ἂν
798 4830 852 4864 τε
916 4809 1179 4883 ὀφθαλμὸν
1249 4808 1478 4879 ἐκκόψας
1543 4812 1645 4878 εἴη,
1710 4811 1795 4861 τόν

1919 4809 2101 4881 prium
2130 4826 2143 4875 ;
2177 4812 2236 4864 et
2259 4824 2375 4863 non
2393 4816 2480 4862 est
2498 4807 2782 4881 iniquitas
2810 4809 3153 4879 proximum
3173 4809 3397 4866 laedens
3418 4826 3554 4883 quas

182 4901 376 4954 οἰκεῖον
422 4899 842 4973 ἔξορυχθὴσεται
889 4917 901 4929 ·
948 4901 1009 4950 οἷν
1066 4918 1119 4951 τε
1168 4893 1358 4950 ὀδόντα
1405 4897 1601 4964 ἐξελὼν,
1632 4915 1797 4971 προσ-

1926 4899 2243 4969 noninique
2257 4901 2534 4966 agentem
2548 4895 2823 4953 vindictze
2847 4896 3044 4953 tradat
3078 4916 3093 4966 ;
3120 4898 3203 4954 ita
3236 4904 3297 4954 ut
3323 4898 3561 4955 foveam

180 4990 435 5043 απολέσει
483 4992 569 5042 τόν
612 4986 767 5041 ἴδιον·
815 4993 906 5041 καὶ
954 4987 1047 5041 οὐκ
1076 4989 1217 5039 ἔστιν
1252 4983 1494 5059 ἀδίκημα
1536 4990 1623 5038 τόν
1667 4986 1797 5044 πλη-

1929 4987 2074 5044 tlteri
2095 4986 2348 5051 fodiens,
2367 4984 2429 5041 id
2445 4991 2535 5041 est
2545 4985 2788 5057 perdere
2810 5001 3114 5058 quaerens,
3131 5002 3255 5043 non
3269 5002 3564 5044 evasurus

187 5080 307 5132 σίον
356 5076 728 5151 λυμαινόμενον
759 5076 785 5129 ὃ
828 5082 899 5150 μη
945 5080 1032 5129 τόν
1077 5072 1413 5133 ἀδικήσαντα
1458 5083 1519 5147 τῇ
1569 5079 1796 5149 τιμωρίᾳ

1931 5074 1981 5131 ,it
2008 5074 2157 5147 quin
2187 5074 2411 5131 incidat
2438 5073 2498 5129 in
2524 5072 2797 5129 vindictae
2824 5074 3061 5131 foveam
3086 5091 3274 5148 quam
3307 5075 3421 5133 sibi
3446 5074 3566 5149 ipsi

179 5162 564 5243 παραδίδωσιν
597 5184 611 5198 ·
656 5168 792 5219 ὥστε
829 5168 855 5218 ό
897 5168 982 5218 τόν
1023 5164 1214 5238 βόθρον
1266 5164 1417 5236 ἑτέρῳ
1470 5160 1791 5239 διορύσσων,

1676 5183 1791 5230 των,
1909 5169 2119 5220 contra
2144 5163 2486 5236 proximum
2517 5161 2752 5218 foveam
2779 5161 3019 5219 fodiens
3085 5163 3311 5221 effodit.

181 5260 459 5308 τουτέστιν
522 5252 773 5307 ἀπολέσαι
832 5255 1023 5320 ζητῶν,
1099 5253 1157 5305 ού
1216 5249 1546 5324 διαφεύξεται
1614 5254 1671 5305 τὸ
1752 5255 1824 5325 μὴ
1895 5250 2131 5325 ἐμπεσεῖν
2189 5252 2262 5313 εἰς
2336 5254 2422 5303 τόν
2498 5254 2751 5325 τιμωρίας
2822 5249 3014 5329 βόθρον
3081 5252 3135 5305 ὃν
3195 5253 3362 5326 ἑαυτῷ
3427 5253 3566 5307 κατὰ

182 5354 280 5400 τοῦ
310 5344 465 5409 πέλας
495 5347 583 5395 τόν
610 5341 802 5419 βόθρον
830 5339 1117 5419 διορύττων
1149 5341 1456 5397 ὶϐαθύνατο.

257 5520 462 5581 Matth.
500 5537 636 5592 xxv,
667 5523 754 5578 34.
835 5522 881 5558 ³ο
918 5518 1068 5577 Psal.
1108 5536 1203 5584 vn,
1254 5523 1333 5577 16.
1415 5520 1456 5555 “
1493 5517 1648 5577 Psal.
1681 5534 1759 5585 Ix,
1803 5519 1894 5575 17.
