4140 6198
173 311 296 366 425

181 435 424 495 πλήσσει
468 451 481 466 ’

182 527 542 598 φθονούμεναι
579 527 734 580 αὖτὸν
765 523 1102 600 εὐοδούμενον
1149 535 1394 603 πρότερον
1435 529 1648 592 ἐζήτουν
1697 531 1804 584 ἑπι-

1465 640 1477 652 ·
1520 619 1700 674 ἐαυτὸν
1745 619 1780 674 δ
1783 627 1804 674 ε

181 704 386 764 ἀσθενῆ
431 709 522 760 καὶ
570 704 1012 769 καταϐεϐλημένον
1057 703 1238 777 ἔδειξε,
1297 713 1386 761 καὶ
1423 713 1516 768 τήν
1569 712 1804 785 ἔμπροσ-

183 796 276 848 θεν
325 795 728 868 θαυμαζομένην
787 795 946 848 αὑτοῦ
993 802 1178 868 σοφίαν
1233 797 1302 859 εἰς
1339 801 1396 850 τό
1439 801 1674 871 περιττὸν
1716 804 1806 852 καὶ

179 887 416 954 μάταιον
486 889 922 956 κατενηνεγμνην
993 882 1282 958 διήλεγξεν.
1351 887 1412 940 Ὀ
1476 892 1652 960 μέντοι
1717 891 1806 940 τόν

179 981 310 1024 νοῦν
371 970 624 1046 ἀνδρεῖος,
689 979 778 1026 καὶ
835 977 958 1036 τοὺς
1009 973 1321 1049 ἐπηρμένους
1380 984 1476 1028 τῶν
1535 979 1806 1052 αἰρετικὼν

187 614 482 669 ϐουλεῦσαι
535 619 626 668 καὶ
675 615 1035 690 ἀντιπράττειν
1081 617 1419 692 έφιλονείκουν

179 1061 484 1136 λογισμοὺς
513 1063 808 1138 πολιορκεῖν
839 1064 1000 1116 αὐτοῦ
1043 1069 1138 1122 τήν
1189 1064 1342 1137 ὀρθήν
1387 1062 1548 1128 δόξαν
1585 1063 1808 1120 διωθού-

179 1171 364 1224 μενος,
411 1158 502 1206 καὶ
556 1161 627 1224 τῷ
685 1161 923 1226 τμητικῷ
981 1161 1073 1206 τοῦ
1127 1157 1421 1226 Πνεύματος
1475 1155 1628 1226 λόγῳ,
1683 1156 1810 1208 ἑκεί-

179 1263 286 1294 νων
337 1244 430 1313 μεν
475 1245 595 1302 τοὺς
644 1240 1160 1316 παρεμϐαλλομένους
1210 1242 1388 1306 λοξοὺς
1432 1248 1522 1296 καὶ
1567 1246 1660 1306 τὰς
1711 1264 1808 1296 συ-

183 1335 432 1404 στροφὰς
465 1339 568 1382 τῶν
619 1334 956 1404 σοφισμάτων
995 1331 1267 1404 ἐκτέμνων,
1313 1337 1406 1390 τήν
1455 1329 1507 1386 δ’
1557 1331 1806 1392 ἀληθινήν

183 1417 354 1484 δόξαν
421 1425 511 1472 καὶ
576 1423 706 1474 Θεὸν
774 1429 1010 1494 τιμῶσαν
1065 1425 1155 1474 καὶ
1217 1420 1402 1496 ἀρετῆς
1459 1421 1806 1494 ἀπεχομένην

185 1511 584 1583 περικαθαίρων
611 1529 663 1562 τε
705 1517 804 1562 τῶν
849 1508 932 1562 ἐπι
961 1510 1282 1571 σκιαζόντων
1332 1516 1421 1564 καὶ
1459 1507 1808 1586 ἀποδιαιρού-

181 1618 360 1670 μενος,
415 1601 460 1651 εἶ
517 1619 570 1651 τι
623 1601 824 1660 τούτοις
890 1599 1070 1662 ἔξωθεν
1121 1603 1210 1652 καὶ
1254 1603 1398 1674 παρά
1443 1609 1542 1654 τῶν
1601 1599 1806 1674 ἐχθρῶν

181 1687 572 1762 προστρίϐεται
623 1690 791 1755 νόθον,
851 1696 1034 1742 τοῦτον
1090 1685 1340 1742 οὐδέποτε
1409 1692 1466 1742 τὸ
1539 1686 1802 1765 σιδήριον,

1140 313 1237 370 ΑΒ
1275 315 1816 378 AMPHlLOCHlUM
1857 317 2185 386 QUIESTIO
2225 319 2416 384 LXIV,
2459 319 2619 376 LXV.

3460 328 3566 384 426

537 441 628 490 καὶ
685 433 930 512 δυνάμεις
977 441 1066 510 μὲν
1116 435 1518 512 ἐνεδυνάμωσέν,
1579 441 1632 494 αἱ
1689 439 1803 496 δια-

1913 443 2234 500 invidentes
2251 445 2302 500 ei
2317 452 2472 500 recte
2494 444 3004 518 ambulantiprius
3040 447 3385 519 quaerebant
3431 449 3570 506 insi-

1909 533 2058 590 diari
2077 539 2134 590 et
2152 539 2355 590 contra
2379 549 2516 590 eum
2537 550 2714 604 agere
2735 533 3080 591 nitebantur
3114 553 3128 602 ;
3159 537 3424 608 seipsum
3457 555 3564 594 au-

1911 613 2032 678 tem
2055 622 2360 679 inﬁrmum
2386 627 2442 679 et
2461 623 2758 694 dejectnm
2781 623 3060 688 ostendit,
3084 629 3140 680 et
3164 629 3340 682 antea
3369 627 3568 683 admi-

1911 712 2122 768 rationi
2145 711 2414 768 habitam
2439 727 2614 768 suam
2635 712 2996 784 sapientiam
3023 713 3086 770 in
3125 730 3568 786 supervacuum

1911 805 1967 858 et
1989 817 2210 856 vanum
2227 800 2484 858 delatam
2499 803 2790 872 coarguit.
2819 803 2928 867 Qui
2949 805 3154 859 tamen
3169 807 3368 860 mente
3382 803 3565 860 virilis

1912 893 1968 946 et
2019 889 2203 946 elatas
2263 889 2676 946 haereticorum
2727 891 2988 948 rationes
3026 893 3104 948 ad
3141 891 3568 952 debellandam

1913 978 2099 1049 ipsius
2135 983 2360 1034 rectam
2387 979 2568 1035 (idem
2604 979 2920 1049 repellens,
2951 984 3008 1036 et
3035 980 3286 1037 incisivo
3319 981 3568 1055 Spiritus

1913 1067 2113 1132 verbo,
2155 1067 2390 1124 illorum
2443 1068 2690 1140 quidem
2738 1068 3144 1124 immissiones
3199 1069 3476 1143 obliquas
3513 1077 3570 1128 et

1915 1171 2196 1228 perversa
2241 1157 2613 1228 sophismata
2643 1157 3013 1226 exscindens,
3043 1173 3250 1216 veram
3292 1159 3474 1216 ﬁdem
3507 1165 3564 1216 et

1913 1247 2098 1302 Deum
2135 1245 2527 1302 bonorantem
2551 1251 2608 1301 et
2644 1247 2842 1302 virtuti
2875 1247 3274 1304 adhaerentem
3315 1249 3570 1306 mundat

1913 1340 1968 1390 et
1991 1334 2069 1390 ab
2099 1333 2600 1390 obumbrantibus
2631 1341 2688 1390 et
2714 1339 2972 1406 separat,
3005 1336 3210 1408 siquid
3231 1335 3323 1392 his
3362 1338 3440 1392 ab
3471 1353 3568 1394 ex-

1917 1422 2168 1478 trinseco
2191 1429 2246 1478 et
2272 1423 2352 1478 ab
2373 1423 2628 1480 inimicis
2657 1423 2962 1480 atii-icatur
2988 1425 3386 1494 illegitimum,
3423 1425 3560 1482 huic

1913 1526 2226 1583 nunquam
2266 1511 2488 1568 ferrum
2543 1527 2618 1568 ne
2671 1513 2918 1570 latenter
2975 1514 3224 1586 quidem
3263 1515 3560 1584 exciderit,

1911 1615 2028 1671 neq
2039 1615 2108 1656 ue
2125 1615 2192 1656 ex
2207 1600 2542 1672 proditione
2557 1601 2710 1657 ullus
2725 1605 3200 1674 pessumdantem
3213 1603 3522 1660 convincet
3549 1623 3564 1672 ;

1913 1688 2019 1744 sed
2047 1694 2104 1746 et
2143 1705 2180 1746 ει
2209 1690 2502 1762 principio
2541 1689 2774 1746 vultum
2811 1691 3250 1748 immutabilem
3287 1697 3346 1748 et
3371 1693 3570 1750 turba-

184 1782 313 1831 οὔτε
375 1777 534 1830 λαθὸν
580 1773 812 1852 διαπέσῃ
871 1775 995 1832 οὐδὲ
1045 1777 1100 1830 ἐκ
1147 1776 1438 1851 προδοσίας
1467 1776 1638 1840 οὐδεὶς
1681 1777 1803 1832 ἀπο-

1915 1778 2072 1834 tione
2098 1777 2262 1834 omni
2287 1779 2648 1836 mandatum
2669 1780 3086 1848 conservabit;
3119 1785 3176 1837 et
3195 1797 3296 1836 eas
3335 1797 3471 1854 quas
3503 1781 3566 1838 in

179 1867 420 1920 λέσαντα
461 1864 712 1938 διελέγξει
746 1888 758 1899 ’
793 1867 920 1920 ἀλλά
967 1873 1058 1921 καὶ
1103 1871 1162 1920 τό
1206 1867 1260 1930 ἐξ
1306 1868 1483 1942 ἀρχῆς
1527 1873 1804 1942 πρόσωπον

181 1955 542 2009 ἀναλλοίωτον
601 1961 694 2010 καὶ
769 1965 1012 2030 ταραχῆς
1065 1956 1279 2018 ἀπάσης
1328 1956 1804 2032 ἀνακεκαθαρμένον

185 2051 520 2118 συντηρήσει
575 2063 587 2074 ·

181 2137 478 2210 προσθήκῃ
509 2143 608 2188 τῶν
637 2133 740 2188 ἀπὸ
777 2143 870 2196 τῆς
896 2137 1120 2208 χάριτος
1169 2131 1490 2206 δυναμώσει,
1524 2132 1696 2198 δείξας
1735 2137 1806 2198 ὡς

647 2051 738 2098 καὶ
785 2048 874 2106 τὰς
901 2045 952 2098 ἐν
993 2045 1132 2116 αὐτῷ
1179 2048 1406 2118 φυσικὰς
1449 2042 1698 2118 δυνάμεις
1737 2053 1800 2119 τῇ

1915 1882 1978 1924 se
2015 1873 2154 1923 sunt
2191 1868 2494 1924 naturales
2537 1870 2692 1925 vires
2745 1869 3052 1926 additione
3105 1885 3314 1926 earum
3358 1886 3495 1941 quas
3533 1887 3570 1928 a

1913 1956 2100 2027 gratia
2139 1961 2278 2012 sunt
2312 1955 2634 2024 roborabit,
2675 1957 2996 2014 ostendens
3034 1973 3236 2014 revera
3273 1963 3569 2030 quantum

1914 2049 2154 2117 superet
2175 2045 2280 2100 viri
2305 2046 2532 2102 cordati
2555 2046 2848 2116 sapientia
2868 2046 3058 2102 timidi
3077 2046 3384 2116 ignaviam
3405 2051 3462 2102 et
3484 2046 3568 2102 fa-

1913 2133 2040 2190 cilis
2065 2133 2351 2207 operibus
2391 2135 2524 2207 capi
2553 2133 2810 2192 multam
2837 2133 3114 2192 habentis
3141 2135 3566 2192 insensibilita-

1913 2229 2052 2280 tem.

182 2224 398 2285 ἀληθῶς
457 2225 580 2277 ὅσον
631 2227 928 2295 περισσεύει
980 2231 1074 2277 τοῦ
1126 2220 1368 2299 ἀνδρείου
1420 2226 1450 2284 ἠ
1504 2229 1661 2296 σοφία
1709 2233 1804 2298 τῇς

179 2319 284 2365 τοῦ
341 2309 518 2366 δειλοῦ
563 2315 826 2388 ῥᾳθυμίας
869 2317 960 2366 καὶ
1008 2309 1200 2388 ῥᾳδίου
1251 2321 1354 2374 τοῖς
1397 2315 1564 2388 ἔργοις
1611 2313 1804 2366 ἀλῶναι

181 2402 384 2462 πολλήν
409 2405 622 2475 ἔχοντος
649 2407 742 2462 τήν
767 2403 1108 2474 ἀναλγησίαν.

759 2517 1074 2564 ΕΡΩΊἮΣΙΣ
1111 2510 1229 2566 EE’.

183 2621 324 2690 Πρὸς
399 2621 518 2669 τίνα
585 2619 778 2670 σκοπὸν
855 2615 1130 2670 ἀποϐλέπει
1197 2621 1254 2690 τό
1319 2631 1338 2690 ς
1399 2637 1429 2666 (ι
1491 2617 1640 2690 Γενεά
1709 2635 1801 2668 πο-

258 2692 468 2761 ρεύεται
519 2693 610 2741 καὶ
681 2691 830 2760 γενεά
890 2692 1126 2762 ἔρχεται,
1197 2689 1228 2748 ἠ
1307 2683 1366 2741 δὲ
1434 2696 1504 2760 γῆ
1573 2687 1644 2750 εἰς
1711 2691 1798 2740 τόν

258 2781 428 2814 αιωνα
459 2780 582 2819 εστη
590 2779 694 2814 κεν.
725 2779 754 2812 ι)

2299 2508 2623 2576 ουΑεδτιο
2667 2509 2798 2566 va
2839 2507 2939 2582 [αι.
2975 2509 3170 2583 LXIV].

1907 2615 2002 2672 Ad
2038 2630 2206 2688 quem
2227 2617 2398 2684 ﬁnem
2425 2622 2648 2686 spectat
2674 2616 2834 2673 illud
2861 2632 2876 2670 :
2908 2637 2936 2668 «
2970 2617 3273 2673 Gener-atto
3293 2619 3560 2686 praeterit

1979 2695 2032 2815 et
2071 2690 2376 2815 generatio
2437 2689 2698 2756 advenit,
2740 2695 2898 2746 terra
2951 2695 3144 2746 autem
3174 2689 3236 2744 in
3276 2695 3558 2746 aeternum

1981 2775 2006 2813 s
2034 2773 2070 2816 a
2105 2797 2118 2812 .
2149 2778 2176 2812 ι

1249 2883 1404 2936 Edita
1429 2895 1462 2934 a
1485 2883 1640 2944 Maio,
1663 2883 1696 2934 l.
1730 2897 1774 2934 c.
1812 2897 1863 2948 p.
1899 2881 2060 2934 78-80.
2089 2884 2146 2933 In
2181 2883 2348 2934 Eccle.
2373 2897 2410 2932 ι.
2432 2885 2485 2935 ε.

253 3031 438 3088 Εἰπὼν
493 3037 596 3082 τῶν
647 3027 928 3103 ἀνθρώπων
961 3028 987 3080 ό
1017 3026 1248 3101 Σολομὼν
1291 3028 1358 3081 τὰ
1401 3023 1796 3100 σπουδάσματα

1975 3024 2126 3084 Cum
2163 3026 2404 3084 dixisset
2443 3025 2756 3083 hominum
2797 3026 3040 3084 Salomo
3071 3026 3268 3083 studia
3299 3029 3356 3084 et
3375 3028 3560 3084 conti-

175 3126 274 3174 καὶ
331 3123 454 3180 τοὺς
512 3116 770 3182 διηνεκεῖς
819 3121 1006 3182 πόνους
1057 3117 1144 3178 οὓς
1203 3121 1320 3190 περὶ
1369 3120 1464 3176 τήν
1517 3124 1612 3170 τοῦ
1671 3115 1794 3190 βίου

1913 3129 2058 3172 auos
2087 3115 2320 3173 labores
2357 3131 2506 3188 quos
2535 3115 2612 3172 ad
2643 3117 2779 3172 vitae
2805 3115 3148 3173 fruitionem
3175 3115 3554 3188 impendunt,

177 3210 482 3264 ἀπόλαυσιν
557 3207 988 3276 καταϐάλλοντάι,
1061 3204 1360 3282 διαθαρῥεῖν
1437 3207 1510 3268 εἰς
1581 3209 1792 3278 ματαιό-

1913 3205 2114 3262 cedere
2137 3205 2200 3262 in
2227 3185 2574 3272 vanitatem,
2601 3209 2659 3261 et
2681 3205 2916 3261 nullum
2955 3206 3155 3276 majus
3183 3185 3446 3262 invenire
3469 3205 3556 3262 lu-

175 3321 341 3369 τητα,
409 3304 502 3352 καὶ
562 3294 730 3372 μηδὲν
791 3298 940 3351 πλέον
997 3298 1254 3371 εὑρίσκειν
1321 3291 1510 3370 κέρδος
1565 3297 1654 3346 τὸν
1703 3313 1796 3366 μο-

1913 3310 2074 3351 erum
2107 3309 2357 3367 operose
2403 3298 2680 3367 agentem
2718 3299 2776 3350 et
2810 3293 3186 3351 laborantem
3226 3311 3296 3350 eo
3334 3295 3438 3367 qui
3477 3295 3553 3352 ad

173 3393 428 3462 χθοῦντα
459 3393 550 3440 καὶ
599 3395 862 3440 κοπιῶντα
915 3394 1008 3439 τοῦ
1053 3389 1185 3460 πρός
1237 3381 1404 3458 μηδεν
1442 3387 1638 3438 τούτων
1678 3391 1795 3445 ταῖς

1913 3383 2134 3439 nullum
2173 3383 2390 3440 borum
2429 3383 2586 3440 curis
2617 3383 2876 3456 respicit,
2907 3383 3014 3439 sed
3047 3383 3316 3440 similiter
3347 3399 3556 3456 corpo-

171 3485 464 3554 μερίμναις
517 3476 909 3541 ἀποϐλέποντος,
961 3475 1068 3528 ἀλλ’
1143 3476 1335 3548 ὁμοίως
1385 3477 1475 3548 μεν
1539 3479 1646 3534 τοῖς
1693 3491 1794 3525 σω-

1913 3471 2128 3528 ralibus
2139 3471 2454 3529 affectibus
2476 3472 3009 3545 subjectumgeque
3024 3477 3226 3530 autem
3251 3472 3556 3530 adimmu-

171 3573 430 3642 ματικόίς
486 3569 706 3620 πάθεσιν
753 3567 1105 3638 ὑποκείμενον,
1157 3563 1206 3616 έν
1253 3567 1354 3635 ῖσῳ
1411 3559 1472 3616 δὲ
1525 3565 1656 3630 πρός
1697 3561 1792 3614 ἀλ-

1913 3561 2184 3620 tationem
2209 3565 2266 3618 et
2289 3561 2736 3633 corruptionem
2763 3561 3088 3619 habentem
3113 3577 3328 3634 corpus
3355 3562 3553 3634 dispo-

171 3659 396 3710 λοίωσιν
467 3661 558 3710 καὶ
611 3657 806 3730 φθορὰν
864 3657 1056 3725 ἔχοντα
1107 3657 1167 3706 τό
1225 3661 1378 3726 σῶμα
1447 3649 1786 3723 διακείμενον,

1913 3651 2103 3716 situm,
2135 3653 2194 3707 et
2219 3651 2296 3706 ad
2334 3650 2616 3707 eumdem
2635 3650 2817 3707 ﬁnem
2835 3655 3182 3723 pergentem
3201 3656 3256 3708 et
3271 3651 3552 3708 occiden-

171 3751 314 3822 πρὸς
381 3747 560 3818 ὅμοιον
621 3741 682 3798 δε
749 3743 888 3804 τέλος
945 3739 1194 3796 όδεύοντα
1239 3746 1327 3794 καὶ
1379 3736 1786 3812 καταδυόμενον.

1913 3746 2018 3796 tem
2053 3758 2068 3808 ;
2099 3740 2226 3796 hinc
2253 3755 2388 3796 cum
2417 3740 2670 3797 dixisset
2693 3740 3244 3812 etostendissetper
3267 3740 3396 3796 haec
3426 3755 3553 3798 ver-

167 3845 364 3890 Ταῡτα
401 3835 556 3888 εἰπὼν
599 3837 690 3886 καὶ
729 3829 1112 3904 ἐπιδειξάμενος
1156 3827 1251 3884 διὰ
1291 3837 1382 3883 τοῦ
1409 3829 1564 3882 εἰπεῖν
1593 3845 1606 3860 ⁸
1639 3849 1668 3879 ιι
1699 3833 1790 3891 Τίς

1913 3830 1980 3886 ba
2011 3846 2024 3885 :
2067 3850 2096 3880 ιι
2131 3827 2282 3894 Quid
2309 3835 2578 3901 superest
2624 3827 2854 3884 homini
2908 3829 2970 3884 in
3001 3829 3166 3885 omni
3193 3827 3399 3886 labore
3429 3845 3551 3901 quo

171 3929 466 3998 περισσεία
515 3931 588 3994 τῷ
630 3921 884 3996 ἀνθρώπῳ
931 3920 980 3973 έν
1023 3925 1178 3974 παντὶ
1215 3921 1406 3992 μόχθῳ
1445 3918 1602 3971 αὑτοῦ
1692 3937 1790 3990 μο-

1913 3917 2134 3974 ιώοτδι
2165 3917 2279 3974 sub
2309 3917 2434 3972 sole
2456 3917 2484 3972 ?
2515 3939 2538 3969 ι
2569 3917 2842 3988 (Etenim,
2873 3917 3040 3988 quid,
3073 3917 3190 3973 illic
3228 3933 3336 3989 pro
3369 3919 3548 3984 nihil,

171 4017 308 4088 χθεῖ
333 4015 440 4067 ὑπὸ
479 4017 566 4066 τὸν
593 4011 736 4072 ἣλιον
777 4015 852 4070 εἴη
895 4027 908 4078 ;
945 4032 972 4060 n
1015 4009 1126 4080 (καὶ
1159 4011 1262 4082 γὰρ
1305 4012 1384 4074 τό,
1429 4013 1526 4077 τίς,
1570 4007 1792 4060 ἐνταῦθα

1913 4007 2152 4062 sumitur
2183 4023 2198 4074 ;
2225 4006 2398 4080 quale
2435 4011 2522 4062 est
2551 4021 2564 4062 :
2598 4005 2759 4061 nulla
2787 4005 3190 4062 abundantior
3211 4006 3428 4062 utilitas
3447 4006 3550 4064 bo-

1199 4099 1304 4152 οἷον
1341 4095 1563 4170 οὐδεμία
1610 4115 1789 4172 περισ-

1913 4095 2046 4152 nini
2071 4095 2270 4168 prodit
2301 4097 2360 4150 in
2390 4095 2555 4152 omni
2583 4093 2788 4151 labore
2817 4109 2928 4151 suo
2959 4094 3074 4150 sub
3105 4093 3252 4162 sole,
3281 4111 3470 4166 quam
3501 4095 3546 4150 si

1895 4183 1974 4240 ad
2014 4184 2158 4239 nihil
2207 4183 2424 4240 horum
2465 4184 2826 4240 atterebatur
2879 4187 2936 4238 et
2977 4181 3276 4238 tendebat.
3321 4183 3546 4238 Etenim

1895 4287 2018 4329 non
2047 4273 2236 4330 libero
2262 4289 2299 4330 a
2324 4272 2424 4329 tali
2455 4273 2712 4328 vanitate
2745 4271 2954 4328 melius
2981 4272 3038 4326 in
3066 4270 3268 4342 aliquo
3293 4269 3548 4342 disposi-

169 4371 510 4446 κατετρίϐενο
567 4389 622 4423 τε
667 4374 756 4422 καὶ
807 4371 1122 4421 κατετείνετο
1167 4385 1180 4400 ’
1223 4365 1280 4419 οὗ
1328 4369 1430 4438 μὴν
1482 4361 1605 4417 οὖδέ
1657 4366 1788 4437 πρὸς

1913 4362 2378 4432 :usostenditur),
2401 4361 2686 4418 absistere
2707 4359 3140 4430 igiturastudio
3159 4361 3314 4416 circa
3343 4359 3472 4416 haec
3488 4363 3548 4414 et

165 4465 264 4516 τόν
319 4459 710 4532 ἀπηλλαγμένον
767 4461 1016 4519 τοιαύτης
1073 4459 1424 4529 ματαιότητος
1489 4455 1695 4526 ἄμεινόν
1735 4473 1786 4506 τι

1913 4451 2152 4508 vanitate
2207 4451 2438 4506 inducit
2487 4449 2980 4506 exhortationem.
3025 4447 3142 4504 Sub
3181 4448 3304 4504 sole
3345 4455 3544 4506 autem

169 4549 512 4624 διακείμενος
585 4545 853 4601 δείκνυται
1013 4545 1300 4618 ἀφεστᾶναι
1357 4541 1450 4596 διὰ
1501 4549 1654 4595 τοῦτο
1695 4549 1786 4603 τῆς

1913 4540 2196 4614 tppellare
2209 4539 2356 4596 solet
2380 4553 2758 4611 quaecunque
2787 4538 2980 4608 magis
2995 4537 3394 4608 generationis
3407 4541 3548 4594 sunt

165 4647 294 4715 περὶ
349 4647 518 4692 ταῦτα
573 4634 813 4699 σπουδῆς
859 4639 948 4688 καὶ
1003 4639 1354 4700 ματαιότητος
1409 4633 1608 4702 εἰσάγει
1655 4650 1786 4704 παρ-

1913 4629 2218 4686 mnisteria
2255 4633 2312 4684 et
2344 4627 2742 4699 corruptionis
2781 4643 2794 4692 ;
2837 4631 3041 4698 utpote
3071 4625 3226 4680 illius
3255 4625 3544 4682 discrimi-

167 4736 396 4784 αίνεσιν.
438 4727 562 4781 ’Υπό
611 4729 698 4780 τὸν
741 4727 886 4785 ἥλιον
935 4721 994 4777 δι
1040 4723 1210 4776 καλεῖν
1245 4723 1416 4775 εἴωθεν
1463 4723 1565 4774 ὅσα
1593 4719 1786 4793 μᾶλλον

1913 4719 2026 4776 lari
2039 4717 2416 4790 corruptione
2435 4715 2724 4773 Creatoris
2739 4715 2922 4771 verbo
2940 4715 3254 4770 ordinante
3273 4719 3542 4772 aestatem

165 4825 426 4894 γενέσεώς
469 4821 608 4870 ἐστιν
647 4819 1026 4889 ὑπηρετήματα
1061 4819 1151 4866 καὶ
1199 4814 1388 4886 φθορᾶς
1421 4828 1434 4842 ·
1481 4811 1568 4864 άτε
1617 4806 1684 4868 δή
1717 4817 1778 4882 τῇ

1913 4813 1946 4864 at
1962 4807 2243 4872 hiemem,
2259 4809 2316 4862 et
2335 4821 2470 4878 quae
2496 4805 2644 4860 inter
2659 4805 2786 4861 haec
2807 4809 2946 4860 sunt
2967 4819 3072 4860 ver
3087 4809 3142 4860 et
3157 4809 3536 4860 autumnum.

165 4913 371 4964 ἐκείνου
465 4903 908 4979 συνδιαφέρεσθαι
977 4905 1148 4976 φθορᾷ
1225 4909 1316 4954 τοῦ
1396 4897 1782 4974 δημιουργικοῦ

1913 4897 2040 4963 )uia
2067 4895 2248 4966 igitur
2260 4909 2546 4964 magnam
2567 4899 2800 4966 partem
2815 4892 3086 4948 conducit
3105 4891 3244 4948 solis
3265 4891 3342 4948 ad
3371 4892 3542 4948 hora-

165 5001 332 5071 )6799
393 4997 636 5058 τάξαντος
683 4996 828 5067 θέρος
879 4997 970 5044 καὶ
1022 4999 1279 5063 χειμῶνα,
1331 4995 1422 5042 καὶ
1473 4991 1539 5042 τὰ
1587 4987 1780 5062 μεταξὺ

1913 5001 2024 5042 ἰιω
2051 4984 2464 5055 generationes
2491 4999 2726 5048 cursus,
2763 4982 2858 5038 hae
2899 4986 3098 5037 autem
3129 4979 3540 5052 corporalibus

165 5092 372 5142 τούτων
435 5087 522 5158 ἔαρ
596 5103 652 5137 τε
724 5088 814 5136 καὶ
875 5085 1192 5155 μετόπωρον.
1273 5080 1417 5132 Ἐπεὶ
1493 5073 1580 5130 οὖν
1645 5081 1782 5150 μέγα

1913 5079 1947 5130 :t
1981 5073 2266 5130 humanis
2307 5073 2366 5129 in
2407 5071 2578 5144 pejus
2619 5075 2724 5128 aut
2759 5069 2972 5126 melius
3011 5068 3445 5126 mutationibus
3487 5075 3544 5128 et

171 5182 332 5250 μέρος
381 5172 680 5244 συνεισάγει
729 5173 756 5224 ό
810 5178 904 5224 τοῦ
947 5169 1098 5228 ἡλίου
1151 5172 1280 5242 πρὸς
1341 5172 1435 5230 τὰς
1479 5175 1580 5219 τῶν
1633 5167 1778 5240 ὡρῶν

1913 5162 2376 5220 ranslationibus
2415 5159 2628 5216 multas
2665 5161 3010 5216 occasiones
3046 5159 3360 5224 inducunt,
3391 5159 3540 5216 bene

163 5271 396 5338 γενέσεις
453 5259 670 5336 δρόμος,
716 5263 772 5314 αἱ
811 5257 870 5313 δε
917 5267 1032 5321 ταῖς
1074 5263 1400 5331 σωματικαῖς
1437 5261 1522 5309 καὶ
1583 5257 1780 5328 ἀνθρω-

1913 5251 2046 5308 :irca
2065 5251 2194 5307 haec
2217 5251 2484 5308 studium
2507 5253 2786 5305 etcuram
2803 5245 3154 5302 denominat
3182 5246 3454 5304 laborem
3485 5253 3542 5304 et

165 5359 346 5414 πίναις
399 5349 482 5402 ἐπὶ
525 5353 584 5402 τὸ
635 5355 814 5425 χεῖρον
857 5349 886 5407 ἣ
935 5350 992 5399 τὸ
1039 5355 1270 5420 κρεῖττον
1325 5344 1634 5398 ἀλλοιώσεσι
1684 5347 1776 5395 καὶ

1913 5341 2220 5397 nolestiam
2279 5339 2394 5394 sub
2443 5337 2589 5404 sole,
2627 5336 2690 5393 in
2729 5351 2951 5394 vanum
2991 5335 3290 5393 studiosos
3329 5351 3536 5392 eorum

166 5440 485 5516 μεταϐολαῖς
537 5437 725 5498 πολλὰς
788 5435 1026 5510 ἀφορμὰς
1089 5436 1512 5506 συνεισάγουσιν,
1565 5432 1778 5495 εἰκότως

1913 5429 2204 5487 estiﬁcans
2215 5427 2402 5485 atteri.

167 5509 264 5590 τήν
285 5535 406 5604 περὶ
431 5530 498 5581 τὰ
525 5533 742 5579 τοιαῦτα
775 5509 1016 5583 σπουδήν
1045 5529 1134 5576 καὶ
1161 5519 1411 5598 φροντίδα
1449 5521 1792 5593 κατονομάζει
1819 5521 1978 5572 κόπον
2007 5523 2096 5570 καὶ
2127 5519 2330 5591 μόχθον
2362 5517 2461 5568 ὑπὸ
2499 5517 2587 5569 τόν
2619 5514 2784 5584 ἣλιον,
2823 5514 2894 5577 εἰς
2921 5515 3089 5590 μάνην
3121 5517 3236 5576 τοὺς
3267 5509 3540 5568 σπουδασ-

167 5625 262 5684 τάς
291 5619 464 5673 αὐτῶν
490 5619 874 5692 μαρτυρόμενος
903 5611 1334 5686 κατατρίϐεσθαι.
1375 5669 1382 5676 ,

171 4107 294 4158 ἀντὶ
351 4111 466 4170 τοῦ,
499 4099 744 4175 οὐδεμία,
784 4099 1102 4173 λαμϐάνεται
1143 4117 1156 4130 ⁸

173 4197 376 4268 σοτέρα
425 4191 642 4264 ὠφέλεια
705 4199 780 4262 τῷ
837 4189 1090 4264 ἀνθρώπῳ
1151 4193 1468 4263 περιγίνεται
1523 4184 1570 4238 ἐν
1631 4189 1788 4238 παντὶ

167 4285 372 4358 μόχθῳ
421 4282 582 4334 αὐτοῦ
617 4283 718 4333 ὑπὸ
753 4284 840 4332 τὸν
879 4279 1042 4346 ἣλιον,
1071 4279 1100 4338 ἦ
1134 4278 1178 4330 εἰ
1209 4281 1340 4350 πρὸς
1388 4272 1554 4348 μηδὲν
1591 4276 1786 4327 τούτων
