4140 6198
591 318 693 376 427

593 548 754 589 nunc
769 529 910 585 dicit
927 542 1045 581 non
1064 523 1258 578 solum
1272 532 1768 590 unumquemque
1781 531 1988 572 eorum
2023 515 2240 570 nullum

592 618 982 678 commodum
1016 611 1316 685 percipere
1357 625 1428 662 ex
1455 606 1750 663 continuis
1777 605 2242 660 distensionibus

591 718 646 766 et
670 707 1005 767 laboribus,
1037 704 1238 772 utpote
1258 713 1363 770 per
1391 696 1830 766 generationem
1860 700 1913 749 et
1945 694 2243 749 interitum

589 795 936 859 ﬂuentibus,
969 790 1230 846 studium
1260 784 1610 843 incessabile
1626 789 1682 839 et
1707 799 1913 838 curam
1933 784 2240 853 exciperet,

593 887 701 943 sed
736 889 793 941 et
819 897 1000 953 super
1020 876 1463 948 generationem
1496 879 1682 929 totam
1706 872 1894 926 simile
1921 871 2096 926 inane
2124 875 2246 925 stu-

588 973 756 1031 dium
784 971 928 1028 nihil
960 968 1162 1024 minus
1185 964 1386 1018 videre
1416 978 1545 1017 esse
1574 960 2106 1032 supervenientem.
2143 960 2246 1014 Ge-

588 1063 967 1121 nerationum
1017 1056 1177 1110 enim
1208 1067 1330 1106 una
1355 1050 1592 1122 quidem
1624 1049 1847 1119 Optimo
1885 1048 2150 1103 adhaeret
2190 1052 2247 1103 et

590 1152 708 1208 alia
733 1148 977 1222 quidem
1000 1145 1078 1200 ad
1101 1142 1241 1197 vilia
1259 1153 1502 1211 quoque
1527 1137 1772 1192 inclinat
1797 1152 1808 1199 ;
1841 1135 1939 1190 illa
1971 1136 2084 1190 sub
2122 1136 2245 1190 sole

588 1232 1225 1296 laborantibusabiens
1251 1229 1476 1284 tristem
1503 1226 1794 1282 invenitet
1835 1225 2086 1279 miseriae
2125 1224 2246 1296 ple-

588 1345 734 1385 num
760 1338 1082 1386 recessum,
1117 1325 1172 1375 et
1201 1318 1446 1373 veniens
1472 1316 1547 1371 ad
1580 1314 1725 1369 nihil
1760 1313 1897 1368 utile
1924 1315 2084 1368 viam
2115 1329 2241 1385 per-

588 1418 726 1472 ﬁcit.
760 1414 872 1470 Sed
897 1429 928 1468 e
958 1409 1250 1467 contrario
1286 1404 1568 1461 molestias
1586 1409 1639 1458 et
1666 1403 1900 1458 labores
1932 1403 2087 1457 hanc
2116 1418 2247 1474 pre-

588 1510 840 1566 mentes,
861 1517 970 1574 pro
990 1516 1058 1555 eo
1089 1492 1816 1567 utpraebeantutilitatem,
1840 1490 2084 1545 irrident
2109 1507 2244 1546 eam

589 1595 664 1651 de
694 1593 954 1648 vanitate
983 1606 996 1654 ;
1028 1588 1156 1643 haac
1176 1600 1312 1639 vero
1337 1599 1406 1638 ea
1436 1597 1571 1652 quae
1599 1581 1656 1634 in
1681 1580 2059 1649 generatione
2100 1583 2155 1635 et
2185 1583 2243 1634 in

589 1681 987 1752 corruptione,
1020 1676 1075 1730 id
1127 1679 1218 1730 est
1247 1672 1360 1726 sub
1392 1669 1517 1726 sole
1558 1675 1716 1733 sunt,
1751 1668 2023 1738 prudenti
2062 1684 2244 1722 sensu

1809 299 2046 356 PHOTII
2084 299 2580 361 PATRIARCHE
2619 301 2733 359 (ΞΡ.

661 442 775 498 Sed
809 441 936 496 haec
959 435 1033 492 de
1056 432 1304 502 singulis
1327 427 1673 486 hominibus
1691 443 1825 482 cum
1843 427 2239 498 praemisisset,
2275 426 2318 478 A

3833 319 3924 374 428

2419 427 2578 480 Ἀλλά
2627 430 2728 502 γὰρ
2783 436 2948 481 ταῦτα
2993 438 3107 506 περὶ
3160 444 3257 487 τῶν
3309 439 3610 491 καθέκαστα
3659 439 3925 514 προδιαλα-

2353 516 2452 568 ϐὼν
2483 516 2781 590 ἀνθρώπων,
2815 527 2902 570 νῦν
2955 541 3113 592 φησιν
3170 527 3234 584 ὡς
3283 527 3341 577 ού
3394 532 3546 598 μόνον
3600 530 3805 592 ἕκαστος
3851 533 3926 583 αύ-

2353 614 2450 657 τών
2501 602 2651 656 οὐδὲν
2698 604 2892 678 ’κέρδος
2954 611 3337 684 προσλαμϐάνει
3412 613 3507 667 διὰ
3561 626 3659 668 τῶν
3716 631 3926 690 συνεγῶς

2352 702 2728 765 περισπασμῶν
2785 696 2873 746 καὶ
2915 706 3010 748 τῶν
3061 706 3244 767 πόνων,
3292 705 3396 754 οἷον
3438 713 3536 756 τῶν
3570 702 3660 756 διὰ
3705 712 3927 776 γενέσεως

2352 787 2440 833 καὶ
2471 784 2661 855 φθορᾶς
2688 784 2922 856 ῥεόντων,
2977 792 3070 844 τὴν
3113 788 3353 849 σπουδὴν
3383 795 3652 845 ἄπαυστον
3699 799 3783 846 καὶ
3837 796 3928 847 ἐπτ-

2353 870 2553 941 μέλειαν
2603 869 2974 944 ἀναδέχονται,
3008 877 3136 928 ἀλλά
3173 887 3260 931 καὶ
3316 880 3402 933 ἐπὶ
3457 888 3635 952 γενεᾶς
3682 883 3800 943 ὅλης
3850 890 3929 942 τὴν

2354 961 2534 1030 ὁμοίαν
2585 959 2962 1015 κενοσπουδίαν
3019 963 3168 1018 οὐδὲν
3225 970 3433 1021 ἔλαττον
3483 973 3605 1044 όρᾷν
3655 974 3766 1023 ἔστι
3818 992 3929 1024 συα-

2355 1047 2656 1102 ϐαίνουσαν.
2689 1057 2798 1102 Τῶν
2843 1054 2946 1124 γὰρ
2990 1064 3170 1124 γενεῶν
3215 1057 3243 1114 ἦ
3303 1077 3357 1110 τε
3407 1065 3500 1110 τοῦ
3530 1065 3812 1133 κρείττονος
3857 1059 3928 1110 ἀν-

2353 1141 2607 1207 τεχομένη
2653 1143 2740 1190 καὶ
2785 1137 2853 1198 δὴ
2907 1147 2996 1194 καὶ
3027 1145 3056 1200 ἠ
3099 1150 3230 1218 πρὸς
3258 1151 3315 1198 τό
3357 1148 3547 1218 φαῦλον
3579 1147 3925 1213 ἀποκλίνουσα,

2354 1228 2383 1282 ἡ
2426 1229 2514 1296 μὲν
2545 1228 2644 1277 ὑπό
2676 1231 2762 1278 τόν
2796 1228 2936 1286 ἣλιον
2968 1235 3290 1302 μοχθήσασι
3335 1235 3665 1307 ἀπερχομένη
3716 1239 3928 1308 σκυθρω-

2353 1317 2448 1366 πὸν
2494 1316 2721 1388 εὑρίσκει
2761 1323 2849 1368 καὶ
2891 1318 3191 1383 ἀθλιότητος
3229 1323 3403 1396 πλήρη
3447 1331 3535 1381 τὴν
3588 1325 3929 1397 ἀναχώρησιν,

2353 1408 2443 1455 καὶ
2497 1402 2750 1476 ἐρχομένη
2808 1411 2934 1478 πρὸς
2987 1407 3137 1462 οὐδὲν
3194 1421 3292 1462 τῶν
3347 1419 3632 1484 χρησίμων
3690 1418 3780 1472 τὴν
3827 1411 3932 1466 ὁδὸν

2355 1489 2535 1542 ἀνύει·
2599 1490 2726 1543 ἀλλά
2790 1495 3084 1548 τούναντίον
3145 1502 3343 1569 μόχθοι
3399 1506 3490 1551 καὶ
3535 1506 3692 1552 κόποι
3764 1504 3933 1556 ταύτην

2356 1579 2731 1645 συνθλίϐοντες,
2792 1581 2906 1634 ἀντὶ
2958 1594 3048 1636 τοῦ
3107 1593 3357 1659 παρέχειν
3410 1589 3606 1660 ὄφελος,
3653 1590 3932 1660 ἐπιγελῶσιν

2355 1669 2510 1726 αὐτὴν
2557 1678 2647 1730 τῆς
2701 1677 3052 1742 ματαιότητος
3085 1693 3096 1704 ·
3141 1678 3170 1732 ἡ
3208 1673 3266 1728 δὲ
3297 1682 3361 1728 τὰ
3392 1678 3441 1729 ἐν
3471 1683 3673 1748 γενέσει
3717 1685 3801 1731 καὶ
3831 1681 3933 1749 φθο·

590 1769 901 1840 abjiciens,
942 1771 997 1820 et
1035 1763 1324 1820 rationem
1366 1775 1569 1814 eorum
1610 1772 1988 1827 quaecunque
2016 1761 2244 1812 natura;

2359 1763 2439 1828 ρᾷ,
2481 1763 2748 1810 τουτέστιν
2781 1763 2844 1811 τά
2870 1762 2970 1813 ύπό
2997 1763 3084 1814 τόν
3111 1763 3272 1834 ἣλιον,
3310 1773 3534 1838 σώφρονι
3564 1767 3800 1838 λογισμῷ
3823 1787 3933 1839 παρ·

587 1859 892 1914 vinculum
933 1848 1447 1924 indeprecabiliter
1509 1863 1627 1902 non
1668 1845 1962 1914 exigebat,
2018 1845 2242 1900 nullam

588 1948 843 2011 habens,
874 1945 975 1999 sed
1007 1959 1142 2014 quae
1172 1955 1353 2011 supra
1385 1937 1598 2003 solem,
1637 1936 1696 1990 id
1736 1941 1827 1989 est
1866 1950 2244 2006 quaecunque

589 2037 839 2094 meliora
869 2037 1119 2087 sunt.....
1148 2030 1217 2084 iis
1248 2044 1382 2100 quae
1405 2028 1462 2081 in
1493 2024 1874 2096 generatione
1906 2028 1962 2078 et
1987 2023 2240 2088 interitu,

588 2124 897 2196 exquirens
927 2126 983 2175 et
1019 2117 1472 2191 philosophans,
1516 2113 1728 2168 animae
1766 2112 2104 2184 puritatem,
2139 2113 2244 2166 mi-

588 2211 976 2270 sericordiam
996 2208 1249 2279 proximi
1271 2206 1522 2260 hilarem
1552 2202 1865 2257 facientem
1889 2205 1944 2256 et
1976 2201 2244 2267 mitigan-

587 2308 707 2358 tem
738 2317 841 2356 eas
870 2315 1005 2372 quae
1038 2303 1177 2352 sunt
1205 2313 1240 2351 a
1284 2297 1632 2366 paupertate
1651 2290 1897 2362 plagas;
1941 2291 1984 2343 si
2030 2305 2162 2344 vero
2190 2297 2245 2342 et

588 2391 837 2448 omnino
864 2404 900 2442 a
928 2385 1275 2441 vulneribus
1305 2381 1615 2437 liberantia
1647 2384 1700 2434 et
1725 2379 1887 2450 quod
1919 2379 2096 2432 totius
2127 2378 2242 2432 dis-

589 2477 903 2552 positionis
923 2474 1332 2530 felicissimum
1359 2475 1414 2526 et
1440 2470 1559 2524 Deo
1577 2468 1946 2523 simillimum
1973 2477 2076 2536 est,
2107 2483 2244 2538 pru-

589 2567 800 2624 dentiae
814 2580 1015 2620 amore
1029 2559 1558 2632 imtemperantiam
1580 2558 1813 2612 extermi
1825 2557 2024 2611 nantia
2037 2560 2093 2612 et
2109 2556 2243 2612 cho-

589 2672 657 2712 ro
679 2655 932 2710 aliarum
961 2652 1245 2706 virtutum
1283 2647 1701 2703 consonantia.
1742 2648 1900 2702 Hanc
1939 2645 2112 2714 igitur
2144 2659 2243 2714 ge-

589 2744 955 2800 nerationem
989 2745 1046 2795 et
1084 2737 1504 2808 complentium
1545 2751 1678 2790 eam
1719 2733 2083 2804 catalogum,
2115 2739 2245 2789 tan-

589 2849 776 2905 quam
809 2847 933 2902 quas
957 2828 1098 2884 nihil
1138 2842 1344 2882 eorum
1375 2841 1511 2896 qua
1543 2823 1655 2878 sub
1687 2823 1808 2879 sole
1865 2827 2001 2878 sunt
2041 2839 2246 2894 prose-

592 2926 812 2984 cutam,
828 2933 1022 2990 neque
1044 2932 1180 2970 cum
1200 2914 1271 2969 iis
1290 2930 1424 2986 quae
1448 2913 1506 2968 in
1535 2911 1914 2982 generatione
1933 2919 1988 2966 et
2008 2911 2245 2966 interitu

592 3009 771 3064 simul
795 3008 1177 3078 abreptamet
1201 3003 1608 3073 absumptam,
1641 2999 2022 3056 manifestum
2057 2998 2244 3054 multo

593 3099 785 3169 magis
837 3098 964 3153 aliis
1011 3096 1088 3151 ad
1134 3093 1375 3149 meliora
1405 3093 1758 3162 respexisse,
1800 3097 2139 3146 manentem
2191 3094 2247 3144 et

593 3188 810 3244 erroris
839 3192 1142 3258 expertem
1169 3181 1684 3238 conversationem
1712 3179 2116 3250 amplexatam
2141 3193 2246 3250 pro

596 3282 827 3332 errante
858 3281 914 3330 et
956 3273 1260 3328 diﬁluente
1299 3270 1376 3326 ad
1409 3269 1724 3325 vanitatem
1758 3285 1770 3322 :
1806 3268 1933 3323 haec
1959 3268 2249 3336 aenigma-

595 3366 708 3421 tico
735 3371 789 3420 et
818 3363 1058 3419 conciso
1089 3375 1363 3417 sermone
1394 3358 1816 3430 perstringens,
1858 3357 2102 3412 inducit.

667 3476 695 3503 α
709 3456 883 3508 Terra
895 3457 1094 3506 autem
1107 3451 1167 3505 in
1181 3454 1470 3504 aeternum
1489 3452 1634 3510 stat;
1654 3469 1680 3496 »
1701 3452 1987 3501 aeternum
2006 3445 2248 3516 quidem

594 3557 818 3598 vocans
848 3546 1084 3610 tempus
1115 3539 1172 3592 in
1199 3553 1320 3608 quo
1347 3536 1436 3592 sol
1477 3539 1532 3590 et
1571 3535 1713 3590 luna
1740 3539 1795 3589 et
1821 3534 2086 3589 siderum
2111 3534 2251 3589 cho-

596 3647 698 3686 rus
723 3635 781 3684 et
811 3629 1010 3700 ipsum
1031 3625 1263 3682 caeleste
1281 3623 1486 3696 polum
1510 3623 1568 3677 in
1599 3623 1869 3694 opposito
1892 3639 2067 3678 cursu
2099 3622 2250 3678 bene

597 3719 939 3775 ordinatum
961 3719 1017 3770 et
1031 3718 1495 3770 concordantem
1522 3711 1805 3782 impetum
1834 3711 1910 3766 ad
1937 3711 2164 3766 dierum
2197 3717 2254 3767 et

596 3808 864 3864 noctium
894 3811 952 3860 et
996 3809 1331 3874 temporum
1377 3800 1797 3856 discretionem
1829 3808 1884 3854 et
1924 3801 2253 3856 renovatio-

597 3913 738 3953 nem
769 3897 828 3951 in
869 3908 1018 3966 gyro
1058 3895 1242 3962 agunt
1281 3908 1300 3955 ;
1341 3896 1560 3947 terram
1598 3894 1794 3945 autem
1836 3891 2047 3945 iterum
2088 3905 2252 3945 assu-

597 4002 770 4044 mens
807 4000 914 4056 pro
976 3981 1392 4050 redargutione
1433 3979 1613 4035 studii
1669 3995 1878 4035 eorum
1916 3979 2018 4051 qui
2059 3983 2255 4035 terunt

599 4090 739 4130 suas
785 4072 1175 4142 cogitationes
1205 4073 1261 4124 et
1317 4069 1660 4140 deprimunt
1688 4068 2063 4138 propositum
2096 4067 2255 4122 circa

598 4179 776 4224 vana,
819 4177 927 4233 pro
957 4176 1028 4215 eo
1069 4165 1130 4213 ut
1168 4157 1454 4212 deberent
1490 4156 1741 4212 libenter
1780 4155 2048 4211 insistere
2080 4156 2253 4210 salvi-

599 4253 728 4307 ﬁcis
754 4255 809 4306 et
827 4249 1044 4306 animae
1065 4247 1402 4303 allaborare
1426 4245 1603 4300 lucris
1635 4249 1902 4300 :tantum
1934 4260 2074 4308 non,
2107 4244 2254 4316 quid

601 4341 784 4404 enim,
827 4355 862 4394 ο
903 4337 1106 4400 homo,
1144 4335 1368 4400 dicens,
1411 4351 1479 4389 ex
1521 4338 1686 4389 tanta
1726 4333 2170 4404 importunitate
2200 4339 2256 4388 et

2354 1852 2618 1917 ωσαμένη,
2669 1853 2757 1898 καὶ
2805 1848 2956 1918 λόγον
3002 1852 3168 1903 αὐτῶν
3201 1855 3300 1904 ὅσα
3329 1861 3398 1925 μη
3434 1856 3458 1905 ό
3489 1863 3586 1916 τῆς
3633 1861 3829 1928 φύσεως
3864 1853 3935 1907 δε-

2355 1937 2486 2006 σμός
2537 1935 2907 2008 ἀπαραιτήτως
2951 1939 3160 2012 ἀπῄτει,
3207 1939 3409 2012 μηδένα
3458 1946 3642 2014 θεμένη
3681 1962 3692 1973 °
3727 1944 3847 1996 ἀλλὰ
3882 1947 3936 1995 τὰ

2353 2025 2478 2098 ὑπὲρ
2539 2029 2625 2076 τόν
2670 2026 2830 2088 ἣλιον,
2883 2035 3152 2080 τουτέστιν
3199 2033 3296 2082 ὅσα
3347 2037 3563 2106 κρείττω
3615 2039 3802 2104 πέφυκε
3853 2043 3936 2084 τῶν

2353 2112 2401 2164 ἐν
2439 2117 2631 2183 γενέσει
2663 2121 2751 2166 καὶ
2783 2118 2947 2189 φθορᾷ
2987 2119 3270 2177 ζητήσασά
3310 2140 3363 2172 τε
3409 2126 3498 2173 καὶ
3531 2121 3933 2193 φιλοσοφήσασα,

2351 2201 2538 2273 ψυχῆς
2582 2206 2937 2277 καθαρότητα,
2987 2207 3119 2258 θεον
3160 2216 3249 2259 τοῦ
3297 2209 3521 2266 πλησίον
3564 2210 3856 2282 ἱλαρύνοντά
3896 2229 3939 2261 τι

2353 2296 2442 2343 καὶ
2485 2289 2873 2365 διαπραΰνοντα
2919 2299 3009 2354 τὰς
3057 2293 3159 2346 ἀπὸ
3193 2305 3284 2356 τῆς
3327 2303 3498 2357 πενίας
3541 2297 3744 2369 πληγάς
3775 2318 3787 2330 ·
3821 2299 3861 2350 εἰ
3889 2295 3938 2350 δὲ

2352 2386 2439 2432 καὶ
2503 2381 2758 2442 παντελῶς
2807 2391 2904 2433 τῶν
2947 2387 3254 2457 τραυμάτων
3303 2384 3696 2439 ἀπαλλάττονται
3742 2393 3940 2445 καὶτῆς

2353 2468 2473 2529 ὅλης
2517 2466 2802 2532 διαθέσεως
2854 2479 3252 2544 μακαριώτατον
3307 2493 3360 2526 τε
3411 2481 3499 2526 καὶ
3555 2474 3932 2548 θεοειδέστερον,

2356 2562 2695 2632 σωφροσύνης
2755 2563 2902 2633 ἔρωτι
2948 2567 3041 2618 τὴν
3094 2561 3376 2614 ἀκολασίαν
3432 2566 3820 2639 ύπερορίζουσα
3861 2569 3938 2615 καὶ

2350 2654 2421 2716 τῷ
2696 2657 2792 2700 τῶν
2842 2649 3005 2701 ἄλλων
3072 2649 3263 2722 ἀρετῶν
3319 2657 3748 2726 συγχορεύουσα,
3812 2653 3933 2707 Αὕτη

2353 2740 2521 2787 τοίνυν
2561 2738 2590 2794 ἡ
2638 2739 2780 2806 γενεὰ
2825 2743 2910 2788 καὶ
2957 2748 3055 2790 τῶν
3105 2741 3206 2791 ύπὸ
3254 2744 3338 2792 τόν
3391 2741 3534 2799 ἣλιον
3576 2739 3932 2809 σπουδάσασα,

2352 2823 2518 2895 λόγος,
2577 2829 2641 2884 ὡς
2699 2823 2864 2897 μηδὲν
2918 2836 3016 2878 τῶν
3076 2829 3175 2879 ύπό
3233 2832 3319 2880 τόν
3377 2828 3517 2887 ἣλιον
3575 2829 3933 2896 σπουδάσασα,

2353 2911 2492 2984 μηδὲ
2549 2922 2658 2975 τοῖς
2713 2914 2758 2965 ἐν
2817 2920 3013 2986 γενέσει
3068 2922 3157 2968 καὶ
3225 2920 3393 2991 φθορᾷ
3456 2921 3936 2991 συμπεριενεχθείσα

2353 3007 2441 3054 καὶ
2473 3000 2947 3072 συγκαταδύσασα,
3000 3002 3157 3064 δῆλον
3203 3008 3283 3058 ὅτι
3328 3006 3458 3058 πολὺ
3500 3016 3600 3058 τῶν
3643 3007 3800 3059 ἀλλων
3828 3010 3935 3080 πρὸς

2354 3093 2412 3142 τό
2466 3100 2693 3162 κρεῖττον
2762 3092 3034 3164 ἀπέϐλεψε,
3106 3099 3201 3153 τὴν
3280 3100 3535 3166 μένουσαν
3588 3101 3682 3148 καὶ
3757 3095 3932 3152 ἀπλανῆ

2354 3179 2614 3232 πολιτείαν
2645 3180 3040 3252 ἀπαλλαξαμένη
3073 3192 3165 3244 τῆς
3197 3183 3530 3256 πλανωμένης
3559 3190 3651 3237 καὶ
3684 3182 3934 3258 διαρρέον·

2360 3288 2453 3328 σης
2501 3273 2628 3342 πρὸς
2675 3276 3003 3340 ματαιότητα
3032 3291 3045 3303 ·
3088 3279 3257 3323 ταῦτα
3297 3280 3369 3342 τῷ
3416 3273 3827 3344 αἰνιγματίζοντι
3861 3278 3935 3323 καὶ

2360 3363 2750 3429 συντετμημένῳ
2781 3358 2916 3430 λόγῳ
2943 3357 3169 3424 διεξιὼν,
3198 3359 3450 3434 ἐπιφέρει.

2429 3469 2458 3496 α
2502 3447 2559 3499 Ἡ
2611 3444 2669 3499 δὲ
2719 3456 2785 3518 γῆ
2840 3449 2911 3510 εἰς
2955 3451 3040 3500 τόν
3092 3449 3253 3501 αἰῶνα
3297 3452 3548 3508 ἔστηκενο
3578 3471 3607 3502 ν
3662 3452 3816 3503 αἰῶνα

2358 3535 2524 3586 καλῶν
2553 3539 2638 3587 τόν
2681 3541 2872 3609 χρόνον
2902 3539 2950 3588 ἒν
2990 3538 3125 3610 ᾧπερ
3162 3538 3305 3599 ἣλιος
3345 3545 3434 3590 καὶ
3476 3541 3504 3596 ἡ
3560 3540 3747 3598 σελήνη
3793 3544 3873 3590 καὶ
3909 3541 3932 3593 ἡ

2359 3632 2457 3675 τῶν
2515 3626 2718 3697 οἴστρων
2774 3631 2963 3698 χορεία
3013 3632 3102 3678 καὶ
3151 3627 3302 3687 αὐτὸς
3354 3629 3379 3679 ό
3430 3628 3668 3700 ούράνιος
3717 3628 3856 3686 πόλος
3897 3626 3935 3677 ἐν

2361 3711 2606 3784 ἀντιθέτῳ
2645 3719 2830 3787 πορείᾳ
2876 3720 2962 3772 τὴν
3000 3716 3242 3768 ιύτακτόν
3291 3735 3345 3768 τε
3393 3721 3482 3768 καὶ
3530 3715 3820 3788 ἐναρμόνιον
3866 3735 3939 3786 φο·

2359 3805 2452 3873 ράν
2500 3805 2629 3875 πρὸς
2672 3806 2875 3874 ἡμερῶν
2924 3809 3014 3856 καὶ
3070 3813 3262 3856 νυκτῶν
3313 3810 3402 3857 καὶ
3451 3815 3645 3879 καιρῶν
3697 3804 3937 3870 διάκρισιν

2360 3911 2413 3943 τε
2459 3897 2550 3942 καὶ
2599 3890 3026 3944 ἀποκατάστασιν
3071 3891 3407 3946 ἀνελίσσουσι
3441 3913 3453 3926 ’
3487 3899 3580 3952 τὴν
3620 3903 3719 3966 γῆν
3767 3891 3820 3947 δὲ
3859 3895 3939 3944 πα-

2360 3980 2437 4032 λιν
2479 3980 2788 4052 παραλαϐὼν
2848 3981 2925 4033 ἐπ’
2979 3980 3177 4053 ἐλέγχῳ
3229 3991 3324 4043 τῆς
3384 3981 3622 4043 σπουδῆς
3670 3993 3766 4036 τῶν
3805 3999 3940 4032 κατα-

2360 4069 2654 4142 τριψάντων
2698 4070 2866 4121 αὐτῶν
2915 4075 3030 4130 τοὺς
3080 4070 3364 4142 λογισμοὺς
3413 4076 3503 4124 καὶ
3560 4071 3937 4124 καταναλωσάν-

2359 4178 2456 4210 των
2495 4162 2588 4215 τὴν
2641 4163 2950 4231 προαίρεσιν
2989 4163 3106 4230 περὶ
3158 4162 3226 4212 τὰ
3266 4163 3488 4231 μάταια,
3539 4160 3651 4214 ἀνθ’
3705 4161 3769 4211 ὧν
3811 4163 3940 4229 ὤφει-

2360 4247 2450 4298 λον
2519 4247 2892 4320 ἐμφιλοχωρείν
2962 4255 3065 4308 τοῖς
3141 4246 3508 4321 σωτηριῶδεσι
3570 4254 3659 4302 καὶ
3722 4253 3830 4320 περὶ
3888 4246 3943 4296 τὰ

2361 4335 2577 4406 ψυχικὰ
2605 4335 2994 4406 φιλοπονεῖσθαι
3040 4332 3224 4408 κέρδη.
3269 4344 3586 4409 Μονονουχὶ,
3631 4343 3693 4391 Τί
3721 4341 3833 4409 γὰρ,
3871 4335 3942 4384 ἀν·

609 4429 808 4486 studio
837 4427 1096 4482 lucratus
1150 4441 1214 4478 es
1252 4425 1280 4480 7
1319 4423 1526 4477 Nonne
1557 4423 1823 4477 similiter
1859 4422 2112 4477 aliorum
2152 4421 2251 4492 qui

2367 4427 2554 4494 θρωπε,
2600 4423 2780 4494 λέγων,
2828 4424 2933 4477 ἀπὸ
2964 4434 3054 4486 τῆς
3087 4429 3343 4486 τοσαύτης
3383 4427 3652 4498 ὀχλήσεως
3677 4433 3762 4478 καὶ
3806 4442 3944 4476 σπου-

601 4518 830 4574 nullam
856 4515 1032 4571 talem
1053 4513 1452 4568 turbationem
1485 4513 1908 4576 sustinuerunt,
1924 4526 2118 4582 neque
2133 4511 2256 4567 tali-

602 4608 717 4662 bus
747 4605 1038 4660 ﬂuctuum
1070 4601 1344 4674 procellis
1367 4599 1572 4669 jactati
1611 4601 1799 4655 sunt?
1830 4603 2028 4655 Nonne
2049 4615 2258 4672 quem-

605 4692 1072 4751 admodumillis
1116 4697 1172 4746 et
1220 4690 1464 4745 veniens
1508 4690 1676 4745 venis
1730 4695 1786 4743 et
1818 4689 1948 4744 abis
1981 4689 2191 4744 abiens
2231 4688 2259 4742 ?

605 4784 858 4854 teipsum
891 4797 1032 4835 vero
1072 4779 1318 4835 omnino
1368 4779 1580 4833 misere
1631 4777 1890 4848 privabis
1920 4776 2193 4833 felicitate
2230 4777 2258 4832 ?

606 4871 826 4942 quibus
851 4885 921 4924 ea
947 4883 1082 4940 quae
1108 4883 1288 4938 super
1318 4866 1507 4921 solem
1532 4869 1671 4921 sunt
1699 4871 2030 4937 quaerentes
2054 4872 2108 4920 et
2134 4866 2258 4936 phi-

604 4958 995 5030 losophantes
1037 4957 1330 5012 fruuntur.
1373 4959 1434 5009 Et
1481 4955 1646 5027 quod
1710 4955 2108 5009 miserrimum
2172 4959 2265 5010 est

605 5047 808 5122 quoad
840 5045 1165 5101 multorum
1204 5044 1481 5100 laborum
1513 5049 1569 5099 et
1611 5043 2015 5099 molestiarum
2056 5043 2264 5099 discri-

607 5153 766 5201 men,
790 5137 907 5192 heu
934 5134 1301 5190 intolerabile
1327 5141 1383 5189 et
1409 5133 1640 5204 absque
1672 5133 1884 5188 solatio
1917 5133 2209 5188 damnum
2247 5136 2260 5191 l

605 5229 664 5283 in
694 5226 867 5297 pejus
892 5224 1166 5279 invenisti
1195 5229 1249 5278 te
1275 5231 1330 5278 et
1353 5229 1456 5278 tua
1475 5222 1904 5288 detrahentem,
1931 5221 2006 5276 ad
2035 5222 2263 5279 nullam

605 5321 803 5374 autem
849 5312 1162 5368 meliorum
1213 5327 1415 5367 rerum
1459 5310 1886 5366 sustollentem.
1932 5310 2074 5366 Vide
2104 5312 2264 5367 enim

605 5419 800 5475 neque
821 5401 897 5457 ad
923 5401 1261 5458 inanimum
1289 5400 1445 5455 istud
1476 5405 1531 5455 et
1560 5401 1880 5454 immotum
1911 5405 1966 5454 et
1995 5416 2267 5456 commu-

603 5491 1055 5550 niteromnibus
1087 5489 1430 5560 subjectum
1455 5495 1620 5544 terra:
1645 5488 2131 5554 fundamentum,
2162 5505 2266 5545 ne-

605 5598 724 5659 que
768 5581 848 5639 ad
891 5579 1049 5636 istud
1107 5595 1210 5654 per
1259 5577 1517 5635 multum
1569 5577 1715 5634 illud
1746 5579 1922 5634 inane
1971 5578 2260 5648 studium,

2368 4510 2467 4572 δῆς
2498 4509 2789 4586 ἐκέρδησας
2823 4530 2836 4580 ;
2869 4514 2974 4584 οὐχ
3013 4516 3203 4586 ὁμοίως
3234 4519 3324 4586 μὲν
3357 4525 3455 4567 τῶν
3487 4517 3651 4568 ἄλλων
3690 4515 3736 4568 οἱ
3765 4509 3943 4586 μηδένα

2367 4609 2598 4654 τοιοῦτον
2637 4605 2873 4676 τάραχον
2917 4605 3240 4668 ὑπέστησαν,
3293 4601 3432 4676 μηδὲ
3481 4608 3742 4664 τοιαύταις
3790 4620 3946 4674 τρικν·

2369 4696 2515 4763 μίαις
2562 4689 2993 4761 ἐχειμάσθησαν;
3028 4691 3154 4763 ούχὶ
3213 4693 3589 4767 παραπλησίως
3645 4696 3835 4750 τούτοις
3870 4691 3945 4740 καὶ

2370 4779 2650 4855 ἐρχόμενος
2677 4783 2832 4852 ἔρχῃ,
2877 4785 2965 4834 καὶ
2999 4780 3206 4853 ἀπέρχη
3249 4780 3647 4854 ἀπιρχόμενος;
3682 4784 3858 4834 σαυτόν
3897 4773 3944 4828 δὲ

2370 4872 2570 4930 πάντως
2623 4868 2814 4930 ἀθλίως
2864 4869 3169 4942 ἀποστερεῖς
3207 4878 3297 4930 τῆς
3336 4877 3718 4943 μακαριότητος
3751 4889 3762 4930 ;
3794 4868 3858 4927 οἷς
3891 4865 3946 4915 τὰ

2372 4959 2497 5029 ὑπὲρ
2529 4960 2613 5008 τόν
2660 4956 2802 5016 ἣλιον
2834 4961 2881 5009 οἱ
2926 4959 3202 5020 ζητοῦντες
3249 4965 3341 5011 καὶ
3376 4959 3804 5031 φιλοσοφήσαντες
3834 4955 3944 5006 ἀπο-

2371 5046 2593 5098 λαύουσι
2626 5064 2636 5074 ·
2662 5051 2752 5098 καὶ
2799 5051 2855 5098 τό
2906 5067 2964 5117 γε
3004 5047 3378 5118 χαλεπώτατον
3420 5054 3514 5106 τὴν
3555 5048 3655 5101 ἀπὸ
3709 5055 3803 5100 τῶν
3840 5042 3944 5096 πολ-

2373 5135 2472 5187 λῶν
2520 5140 2686 5186 πόνων
2729 5140 2818 5188 καὶ
2862 5141 3032 5188 κόπων
3084 5134 3359 5210 διαφορὰν,
3415 5146 3505 5209 φεύ
3565 5147 3652 5198 τῆς
3712 5136 3944 5209 ἀφορήτου

2374 5228 2462 5276 καὶ
2499 5222 2864 5298 ἀπαρακλήτου
2917 5226 3133 5297 ζημίας,
3180 5225 3262 5276 ἐπὶ
3307 5230 3365 5277 τό
3415 5234 3594 5300 χεῖρον
3643 5226 3774 5297 εὗρες
3821 5225 3870 5275 σέ
3903 5236 3949 5270 τε

2375 5317 2464 5364 καὶ
2502 5315 2567 5364 τὰ
2609 5317 2678 5365 σά
2715 5315 3141 5387 κατασύρουσαν,
3191 5318 3322 5387 πρὸς
3364 5313 3513 5367 οὐδὲν
3563 5312 3621 5368 δὲ
3666 5324 3763 5366 τῶν
3805 5327 3949 5383 κρειτ-

2375 5407 2531 5454 τόνων
2585 5401 2956 5474 ἀναφέρουσαν.
3015 5402 3150 5476 Ὀρα
3220 5405 3318 5475 γὰρ
3396 5406 3476 5456 ὅτι
3536 5401 3670 5475 μηδὲ
3723 5405 3843 5475 πρὸς
3901 5399 3948 5448 τὸ

2375 5489 2587 5562 ἄψυχον
2619 5498 2770 5543 τοῦτο
2801 5498 2890 5543 καὶ
2922 5489 3160 5549 ἀκίνητον
3205 5495 3288 5542 καὶ
3328 5501 3472 5564 κοινῇ
3519 5499 3676 5546 πᾶσιν
3708 5493 3951 5558 ὑποκείμε-

2374 5599 2457 5632 νον
2508 5587 2603 5651 γῆς
2668 5576 2880 5654 ἔδαφος,
2935 5577 3058 5634 οὐδὲ
3122 5583 3254 5654 πρός
3299 5588 3452 5635 τοῦτο
3509 5579 3602 5637 διὰ
3649 5590 3737 5642 τῆς
3783 5575 3948 5635 πολλῆς
