4140 6198
279 322 386 380 429

1324 321 1419 377 AD
1459 319 1999 378 AMPHILOCHIUM
2039 321 2366 390 QUZESTIO
2405 323 2602 382 LXVI.

3529 328 3636 386 430

278 447 474 509 ἐκείνης
528 443 929 511 κενοσπουδίας,
975 445 1100 501 οὐδὲ
1147 449 1280 501 κατά
1319 467 1379 518 γε
1419 451 1504 500 τόν
1550 453 1741 524 χρόνον
1787 466 1882 498 πα-

2006 462 2183 518 neque
2212 449 2540 505 secundum
2575 453 2810 522 tempus
2831 449 3066 506 extendi
3097 453 3150 506 te
3174 450 3280 508 tibi
3301 451 3638 524 perfecisse,

276 539 607 609 ρατείνεσθαι
664 544 840 605 σαυτῷ
917 533 1202 609 διεπράξω,
1257 533 1380 589 οὐδέ
1449 557 1563 588 τινα
1622 541 1882 610 πρόφασιν

278 625 444 678 πολλά
503 624 912 697 διανοησάμενος
961 627 1116 699 εὗρες.
1179 626 1334 679 Ἀλλὰ
1379 630 1476 698 γάρ
1533 630 1597 679 σὺ
1650 630 1739 698 μὲν
1787 645 1885 696 μαο

277 723 567 766 ταιοπονῶν
615 719 703 765 καὶ
748 717 814 766 τά
863 716 968 766 ἄνω
1020 735 1160 766 κατω
1211 723 1369 767 ποιῶν
1420 717 1602 767 θᾶττον
1642 718 1882 787 παρέρχῃ

277 809 372 855 καὶ
417 807 540 878 πρὸς
589 802 623 854 ἆ
664 800 796 874 μηδ’
839 802 967 875 ἀκοῇ
1011 807 1176 878 φέρειν
1227 803 1433 856 ἀνεκτόν
1479 805 1724 875 νομίζειν,
1780 807 1888 874 τρέ-

277 914 390 965 μων
421 898 512 943 καὶ
560 891 850 963 ἀμηχανῶν
893 889 1173 954 καταδύεις
1209 910 1220 922 ·
1254 889 1404 945 οὐδὲν
1437 890 1486 944 δ’
1552 892 1634 945 ἐπὶ
1677 891 1890 964 βραχύ-

280 1001 434 1034 τατον
483 989 656 1050 σαυτῷ
705 983 1006 1052 προστιθεὶς
1058 989 1149 1032 τοῦ
1194 986 1409 1053 χρόνου,
1468 986 1538 1053 μή
1585 983 1665 1034 ὃτι
1716 1000 1774 1051 γε
1827 989 1885 1053 τῇ

281 1071 572 1143 παρατάξει
629 1076 1162 1144 συμπαρατεινόμενος
1216 1079 1307 1123 τοῦ
1365 1069 1580 1142 ἀψύχου
1638 1075 1726 1124 καὶ
1781 1069 1891 1122 ἀκι-

279 1165 443 1218 νήτου
488 1177 500 1188 ·
536 1159 662 1211 αὑτό
720 1155 780 1212 δε
832 1162 890 1211 τό
947 1163 1266 1231 πατούμενον
1321 1157 1506 1232 ἔδαφος
1558 1165 1587 1218 ἦ
1649 1164 1805 1232 φύσις
1858 1161 1887 1220 ή

285 1249 610 1311 ἀναίσθητος
663 1255 753 1302 καὶ
805 1255 874 1322 μὴ
925 1255 1199 1322 κινουμένη
1250 1252 1462 1308 ἕστηκεν
1505 1256 1594 1303 καὶ
1639 1247 1892 1322 διαμένει,

283 1339 344 1392 οὐ
394 1339 611 1399 πολλοὺς
655 1345 807 1410 μόνον
857 1338 1257 1402 ἐξαλλάττουσα,
1304 1347 1672 1413 κατηγοροῦσα
1711 1337 1770 1392 δε
1799 1349 1892 1400 τῆς

283 1430 462 1483 λαϐεῖν
501 1433 646 1502 παρὰ
693 1438 788 1481 σοῦ
828 1429 1226 1494 συνελασθεῐσα,
1267 1436 1565 1501 κατηγόρου
1613 1433 1701 1500 μὲν
1750 1429 1893 1492 τάξιν

288 1528 389 1580 σῆς
445 1515 826 1580 κενοσπουδίας
879 1524 970 1570 καὶ
1019 1527 1118 1570 τῶν
1168 1517 1403 1592 σοϐαρῶν
1435 1518 1762 1590 ἐνθυμήσεως
1803 1515 1896 1570 διοί

286 1628 341 1662 τε
373 1617 471 1670 τῆς
505 1607 554 1660 ίν
591 1611 824 1678 τοσούτῳ
855 1615 1031 1681 χρόνῳ
1075 1604 1326 1678 διαμονῆς
1357 1613 1442 1660 καὶ
1475 1610 1856 1682 παραστάσεως
1879 1625 1891 1635 ’

281 1703 375 1749 καὶ
419 1694 561 1750 διότι
600 1694 765 1769 μηδὲν
798 1696 1180 1759 ἑξαλλάττουσα
1209 1699 1352 1768 ὤφθη
1386 1705 1484 1748 τῶν
1510 1699 1609 1749 ὑπό
1639 1705 1733 1757 τῆς
1767 1703 1896 1770 Προ-

1993 552 2186 608 neque
2219 537 2482 608 aliquem
2515 544 2860 610 praetextum
2888 539 3074 595 multa
3105 540 3453 596 meditatum
3484 541 3643 597 inve-

1993 625 2296 682 nisse.Sed
2311 632 2372 682 tu
2400 627 2645 699 quidem
2663 627 2880 685 frustra.
2919 627 3202 684 laborans
3255 634 3310 685 et
3333 629 3644 701 superiora

1995 715 2274 770 deorsum
2303 715 2526 771 faciens
2549 716 2720 772 citius
2745 717 2981 782 transis,
3007 721 3061 772 et
3090 717 3167 773 ad
3198 733 3271 773 ea
3298 733 3433 790 qua;
3457 734 3645 789 neque

1997 805 2203 862 auditu
2259 803 2407 859 ferre
2455 805 2758 861 tolerabile
2802 806 3017 877 putari,
3049 810 3310 862 tremens
3364 812 3421 862 et
3466 807 3645 880 inops

1997 892 2226 950 consilii
2248 891 2590 959 descendis;
2610 894 2756 951 nihil
2785 899 2978 950 autem
3003 894 3079 950 ad
3105 894 3518 952 brevissimum
3548 897 3646 952 tibi

1998 980 2289 1054 adjiciens
2313 981 2612 1052 temporis,
2639 981 2824 1037 multo
2847 983 3043 1038 minus
3073 983 3448 1055 dispositioni
3479 1001 3650 1040 coex-

1999 1077 2202 1126 tensus
2238 1069 2644 1126 inanimarum
2674 1075 2733 1125 et
2770 1072 3155 1127 immotarum
3200 1089 3413 1128 rerum.
3447 1074 3650 1144 Ipsum

2000 1165 2202 1216 autem
2239 1159 2533 1214 calcatum
2567 1161 2776 1224 solum,
2809 1166 3022 1216 natura
3054 1161 3420 1218 insensibilis
3458 1167 3515 1218 et
3544 1163 3652 1218 im-

2001 1255 2147 1303 mota
2178 1253 2295 1304 stat
2323 1253 2380 1304 et
2420 1248 2720 1319 perdurat,
2756 1264 2878 1304 non
2927 1249 3147 1306 multos
3178 1254 3404 1306 tantum
3437 1251 3655 1308 immu-

2003 1344 2154 1401 tans,
2185 1336 2550 1392 accusatoris
2580 1338 2826 1408 quidem
2863 1337 3134 1393 ordinem
3189 1355 3422 1394 sumere
3447 1346 3656 1398 contra

2003 1433 2058 1482 te
2087 1428 2398 1490 concitata,
2449 1442 2739 1482 accusans
2769 1442 2906 1482 vero
2938 1432 3108 1482 tuum
3163 1428 3340 1484 inane
3389 1428 3655 1486 studium

2004 1520 2061 1570 et
2089 1514 2382 1570 violentiae,
2403 1516 2901 1587 concupiscentiae
2928 1531 3033 1586 per
3061 1517 3571 1587 perseverantiam
3591 1517 3656 1574 in

2005 1608 2171 1658 tanto
2200 1607 2464 1673 tempore
2489 1607 2544 1657 et
2565 1603 3002 1674 persistentiam
3037 1621 3050 1669 ;
3095 1609 3150 1659 et
3186 1604 3331 1676 quia
3363 1605 3506 1661 nihil
3547 1605 3656 1662 im-

2006 1696 2247 1748 mutans
2272 1692 2469 1746 visum
2522 1696 2610 1746 est
2647 1707 2855 1747 eorum
2894 1708 3030 1763 quas
3059 1709 3092 1747 a
3131 1693 3505 1749 Providentia
3544 1694 3657 1766 ipsi

282 1793 430 1848 νοίας
485 1787 615 1859 αὐτῇ
664 1790 1059 1860 κεχαρισμένων
1095 1801 1107 1813 ·
1142 1793 1236 1838 σοῦ
1279 1793 1371 1838 τοῦ
1419 1785 1552 1856 λόγῳ
1595 1787 1894 1856 τιμηθέντος

2007 1781 2228 1837 donata
2244 1786 2380 1836 sunt
2413 1797 2428 1835 :
2464 1786 2516 1836 te
2539 1795 2640 1852 per
2661 1781 2949 1837 rationem
2973 1781 3264 1837 honorato
3293 1782 3373 1837 ob
3391 1783 3655 1839 studium

285 1874 382 1928 διά
428 1884 522 1936 τῆς
591 1881 706 1949 περὶ
760 1879 822 1927 τά
880 1877 1076 1946 μάταια
1139 1871 1380 1936 σπουδῆς
1424 1880 1512 1926 καὶ
1569 1875 1892 1946 φιλονεικίας,

284 1967 458 2017 πάντα
523 1963 768 2016 τάναντία
844 1973 938 2025 τῆς
1016 1960 1403 2035 δημιουργικῆς
1473 1960 1895 2036 διαπραξαμένου

283 2052 608 2124 κηδεμονίας
645 2058 734 2105 καὶ
786 2051 1116 2123 ἀνεπισχέτῳ
1173 2054 1309 2126 ῥύμη
1357 2057 1630 2124 φερομένου
1683 2057 1808 2126 πρός
1863 2053 1898 2104 ἄ

284 2163 339 2195 τε
377 2149 528 2213 νόμοι
570 2144 698 2194 θεῖοι
743 2139 1040 2204 διεκώλυον,
1090 2146 1179 2193 καὶ
1231 2144 1415 2211 θεσμοὶ
1463 2144 1664 2212 φύσεως
1707 2143 1896 2194 οἰνωθεν

285 2231 692 2290 καταϐληθέντες
773 2227 1176 2304 ἐδυσχέραινον,
1251 2229 1399 2303 ὕϐριν
1468 2228 1725 2304 ἀφόρητον
1803 2235 1896 2288 τήν

285 2325 388 2377 σήν
437 2315 816 2372 κενοσπουδίαν
865 2325 954 2370 καὶ
1001 2323 1059 2370 1'6
1111 2318 1393 2392 ὀξύρροπον
1432 2324 1550 2385 περὶ
1595 2322 1661 2371 τὰ
1703 2322 1898 2388 μάταια

285 2414 521 2482 φέροντες
556 2428 568 2440 ·
618 2410 686 2470 ὡς
743 2405 819 2460 δι’
882 2408 1047 2459 αὐτῶν
1105 2415 1198 2469 τῆς
1255 2405 1505 2468 διαϐολῆς
1551 2427 1898 2479 παραπεμπο-

284 2503 446 2568 μένης
492 2497 565 2558 εἰς
608 2500 692 2549 τόν
736 2501 1015 2567 πανσόφως
1052 2515 1106 2548 τε
1150 2500 1238 2547 καὶ
1285 2495 1674 2567 φιλανθρώπως,
1707 2501 1793 2548 καὶ
1835 2497 1895 2548 οὗ

284 2593 358 2658 μή
412 2590 522 2639 ἐστι
579 2591 710 2657 μήτε
767 2585 1240 2658 φιλανθρωπότερον
1295 2590 1426 2655 μήτε
1479 2585 1703 2655 ἄμεινον,
1764 2591 1895 2657 μήτε

283 2677 423 2746 λόγῳ
474 2677 691 2746 φράσαι,
738 2680 870 2746 μήτε
913 2675 1182 2744 λογισμοῖς
1220 2672 1519 2725 ἀναπλάσαι
1569 2670 1897 2744 δημιουργῇ.

288 2766 456 2816 σαντά
499 2782 551 2815 τε
593 2768 682 2814 καὶ
728 2764 1147 2836 προνοησάμενον
1187 2764 1251 2814 τὰ
1297 2763 1544 2835 ἡμέτερα,
1593 2762 1752 2814 Ἀλλά
1791 2765 1892 2834 γὰρ

285 2859 374 2905 σοι
415 2857 504 2923 μὲν
547 2855 675 2913 ῖσως
719 2855 867 2903 ἱκανά
906 2856 994 2902 καὶ
1025 2859 1209 2904 ταῦτα.
1260 2851 1434 2922 Εὑρεῖν
1475 2848 1524 2903 δ’
1558 2854 1697 2902 ἔστιν
1733 2850 1895 2912 ἐνίους

283 2947 466 3014 γενεάν
561 2939 650 3012 μέν
744 2939 1147 3011 ἕκπορευομένην
1224 2943 1313 2991 καὶ
1395 2939 1767 3010 ἐκϐαλλομένην
1835 2943 1893 2992 1'6

292 3026 570 3084 Ἰουδαίων
605 3034 750 3100 γένος
803 3027 1232 3099 ἐκλαμϐάνοντας,
1278 3030 1451 3098 γενεάν
1503 3025 1561 3080 δε
1607 3027 1892 3100 ἐρχομένην

289 3125 382 3171 καὶ
433 3115 783 3190 διαμένουσαν
835 3119 901 3168 τά
945 3121 1096 3169 τέκνα
1138 3125 1231 3178 τῆς
1270 3119 1492 3189 χάριτος
1536 3117 1626 3169 οἷτε
1677 3114 1744 3175 δή
1801 3125 1892 3169 τοῦ

289 3211 431 3261 θείου
489 3212 685 3280 σπόρου
742 3211 832 3258 καὶ
888 3214 982 3268 τῆς
1019 3208 1153 3257 κστά
1203 3209 1432 3272 Χριστόν
1479 3211 1734 3279 γεωργίας
1775 3204 1894 3257 ἀνα-

287 3296 666 3353 ϐλαστῆσαντα
696 3315 708 3326 ·
743 3304 838 3365 γῆν
885 3291 944 3346 δὲ
992 3295 1058 3354 εἰς
1109 3298 1195 3345 τόν
1241 3294 1403 3346 αἰῶνα
1444 3292 1651 3346 ἐστᾶναι
1702 3300 1795 3352 τήν
1842 3313 1894 3346 τε

285 3387 522 3440 Παλαιὰν
555 3391 644 3436 καὶ
691 3390 822 3437 Νέαν
856 3390 1060 3457 Γραφήν
1095 3403 1106 3414 '
1143 3385 1222 3435 ὅτι
1251 3403 1304 3435 τε
1333 3387 1390 3435 1'6
1432 3388 1756 3458 καρποφόρον
1797 3392 1895 3435 τῶν

284 3476 480 3545 ἀρετῶν
535 3476 658 3546 όρᾲν
715 3477 854 3526 ἔστιν
922 3474 1100 3533 αὐταῖς
1152 3472 1590 3538 ἐνευθηνούαενον,
1652 3479 1737 3525 καὶ
1796 3483 1895 3525 τῶν

283 3572 454 3636 νόμων
504 3569 593 3615 καὶ
637 3571 735 3614 τῶν
789 3561 1105 3633 ἐπαγγελιῶν
1152 3565 1210 3614 τό
1261 3558 1332 3614 δι’
1379 3560 1558 3622 αἰῶνος
1605 3560 1847 3620 ἀκίνητον
1876 3579 1891 3596 ⁶

284 3655 354 3704 ὧν
400 3656 491 3712 τάς
548 3656 638 3723 μὲν
681 3659 790 3713 τοῖς
841 3649 1071 3711 δικαίοις
1124 3648 1479 3722 ἀπενείμαντο,
1520 3659 1630 3712 ταῖς
1674 3647 1732 3704 δε
1780 3656 1895 3712 τοὺς

285 3741 629 3814 ἁμαρτωλοὺς
681 3745 768 3793 καὶ
824 3739 1156 3812 ἀμετανόητα
1211 3739 1675 3812 πλημμελήσαντας
1729 3759 1897 3813 παρα-

286 3836 606 3903 πέμπουσιν.

854 3941 1166 3990 εΡΩτΗΣιΣ
1195 3935 1304 4000 Ξςί.

283 4049 417 4098 Τίνα
447 4051 562 4115 νοῦν
595 4041 915 4096 ἀναπτύσσει
944 4048 1001 4094 τό
1032 4059 1044 4072 ⁸
1081 4062 1108 4092 ιι
1131 4043 1281 4096 Ἐστι
1313 4039 1520 4102 δίκαιος
1549 4041 1891 4115 ἀπολλύμενος

359 4116 410 4168 ἐν
457 4113 647 4186 δικαίῳ
692 4115 869 4182 αὐτοῦ9
909 4119 998 4167 καὶ
1027 4117 1167 4166 ἔστιν
1209 4113 1402 4175 ἀσεϐής
1443 4119 1604 4186 μένων
1643 4113 1691 4166 έν
1733 4113 1892 4186 κακίᾴ

358 4188 520 4240 αὑτοῦ
546 4205 560 4256 ;
590 4208 618 4238 ιν

2008 1871 2168 1927 circa
2197 1885 2357 1925 vana
2385 1875 2442 1925 et
2485 1869 2895 1940 cupiditatem,
2929 1871 3135 1927 omnia
3164 1871 3456 1927 contraria
3496 1887 3659 1928 crea-

2010 1959 2166 2015 tricis
2194 1963 2441 2029 operata
2470 1974 2649 2026 curae,
2682 1962 2738 2014 et
2775 1958 3137 2014 incoercibili
3177 1958 3406 2031 impetu
3429 1959 3552 2016 lato
3581 1960 3660 2017 ad

2007 2063 2078 2103 ea
2094 2063 2230 2119 qum
2248 2047 2400 2116 leges
2429 2047 2646 2102 divinae
2667 2046 3065 2118 prohibebant
3086 2053 3143 2103 et
3161 2047 3404 2105 vincula
3427 2054 3655 2105 natura

2006 2140 2268 2208 desuper
2297 2135 2560 2204 demissa
2589 2135 3031 2206 improbabant,
3064 2135 3346 2207 injuriam
3387 2137 3661 2193 intolera-

2004 2225 2186 2281 bilem
2217 2228 2381 2281 tuam
2413 2239 2708 2280 vanorum
2755 2224 3180 2296 appetitionem
3213 2229 3268 2281 et
3300 2225 3661 2297 praecipitem

2005 2315 2297 2386 impetum
2326 2311 2405 2368 ad
2436 2313 2636 2369 inania
2665 2312 2917 2370 ferentes
2945 2331 2960 2380 ;
2989 2313 3160 2384 quasi
3192 2329 3298 2384 per
3325 2329 3396 2370 ea
3424 2330 3662 2371 accusa-

2005 2405 2158 2459 tione
2198 2401 2427 2474 perlata
2451 2402 2529 2458 ad
2568 2403 2816 2458 omnino
2857 2403 3154 2474 sapienter
3191 2407 3248 2459 et
3284 2402 3563 2472 benigne,
3605 2406 3661 2459 et

2004 2508 2126 2548 non
2158 2497 2249 2547 est
2279 2507 2470 2563 neque
2491 2490 2636 2562 quid
2661 2490 2979 2563 benignius
3009 2507 3205 2563 neque
3231 2491 3443 2547 melius
3465 2506 3661 2563 neque

2003 2582 2188 2637 verbo
2209 2581 2372 2636 dictu
2397 2595 2593 2652 neque
2617 2579 3080 2650 cogitationibus
3101 2579 3264 2644 ﬁctu,
3288 2584 3588 2635 creantem
3607 2583 3663 2635 et

2005 2669 2417 2742 providentem
2432 2675 2655 2725 nostra.
2679 2669 2796 2725 Sed
2823 2669 2984 2724 enim
3010 2668 3159 2725 torte
3181 2668 3286 2724 tibi
3306 2667 3662 2724 sufﬁcientia

2004 2765 2061 2815 et
2091 2761 2205 2814 ista
2231 2775 2244 2814 :
2274 2759 2526 2831 reperire
2563 2773 2705 2813 vero
2753 2761 2840 2814 est
2876 2758 3175 2830 quosdam
3215 2757 3662 2827 generationem

2004 2855 2306 2905 exeuntem
2331 2847 2669 2918 etejectam,
2687 2846 3031 2902 Iudaeorum
3060 2862 3250 2917 genus
3275 2845 3657 2917 accipientes,

2004 2937 2451 3006 generationem
2493 2951 2632 2991 vero
2662 2935 3080 2990 advenientem
3120 2939 3176 2991 et
3205 2939 3659 3006 permanentem

2003 3025 2150 3081 ﬁlios
2181 3025 2403 3095 gratiae,
2431 3028 2634 3096 utpote
2656 3024 2759 3094 qui
2783 3039 2820 3079 a
2839 3022 3044 3079 divino
3068 3023 3297 3078 semine
3321 3027 3379 3078 et
3398 3022 3475 3078 ab
3506 3022 3660 3091 agri-

2005 3115 2232 3171 cultura
2261 3113 2592 3169 secundum
2616 3111 2911 3168 Christum
2943 3127 3181 3166 sursum
3208 3111 3655 3181 germinarunt;

2005 3209 2221 3260 terram
2247 3209 2446 3258 autem
2469 3202 2527 3257 in
2567 3201 2854 3258 saeculum
2881 3206 3032 3256 stare
3065 3203 3326 3256 Veterem
3353 3204 3410 3256 et
3433 3203 3657 3256 Novam

2003 3293 2367 3363 Scripturam
2397 3308 2410 3357 ;
2445 3291 2608 3362 quod
2632 3296 2827 3346 autem
2858 3289 3207 3360 frugiferum
3247 3295 3336 3344 est
3370 3289 3656 3344 virtutum

2003 3381 2202 3438 videre
2215 3396 2349 3437 esse
2373 3381 2430 3435 in
2453 3380 2601 3451 ipsis
2621 3385 2994 3448 congestum,
3012 3382 3068 3434 et
3093 3377 3296 3447 legum
3327 3382 3384 3433 ct
3411 3377 3656 3449 promis-

2005 3473 2240 3527 sionum
2263 3486 2368 3542 per
2398 3469 2685 3525 saeculum
2710 3469 3076 3536 firmitatem;
3105 3483 3365 3540 quarum
3396 3469 3502 3522 has
3527 3467 3656 3538 qui-

2003 3561 2141 3618 dem
2177 3560 2352 3630 justis
2392 3559 2846 3623 distribuebant,
2881 3557 2957 3613 ad
2989 3557 3118 3613 illas
3151 3560 3353 3612 autem
3383 3561 3658 3629 peccato-

2003 3667 2100 3707 res
2125 3656 2180 3707 et
2204 3648 2371 3706 nulla
2398 3647 2742 3722 paanitentia
2777 3646 3013 3703 functos
3043 3645 3368 3702 remittunt.

2395 3933 2715 4003 QU/ESTIO
2748 3933 2900 3990 LXVI
2939 3930 3046 4004 [αι.
3088 3931 3263 4003 LXV].

2004 4044 2325 4110 Quemnam
2362 4059 2581 4098 sensum
2627 4041 2816 4111 aperit
2846 4040 3004 4096 illud
3052 4056 3066 4094 ε
3104 4058 3132 4089 (ι
3171 4039 3277 4111 Est
3308 4039 3510 4108 justus
3552 4035 3648 4111 qui

2067 4116 2217 4186 perit
2248 4117 2304 4168 in
2349 4115 2587 4184 justitia
2637 4109 2768 4178 sua,
2822 4119 2876 4168 et
2924 4118 3006 4168 est
3045 4110 3253 4181 impius
3305 4123 3541 4166 manens
3588 4109 3658 4164 in

2072 4187 2448 4256 improbitate
2483 4200 2610 4241 sua.
2644 4205 2672 4236 »

1288 4291 1439 4342 Edita
1480 4305 1512 4341 a
1543 4292 1696 4348 Maio,
1734 4292 1769 4341 l.
1802 4307 1847 4342 c.
1879 4307 1930 4356 p.
1967 4293 2130 4342 80-81.
2164 4293 2221 4341 In
2251 4293 2420 4342 Eccle.
2454 4305 2540 4347 vn,
2578 4293 2656 4340 16.

360 4414 389 4445 ‹‹
424 4398 630 4454 Δίκαιος
669 4396 757 4464 μὲν
788 4395 854 4453 ὡς
888 4392 1052 4463 φοῖνιξ
1084 4390 1318 4455 ἀνθήσει,
1359 4397 1448 4444 καὶ
1477 4395 1546 4452 ὡς
1577 4393 1604 4448 ἡ
1639 4388 1820 4465 κέδρος
1859 4392 1888 4449 ή
1929 4393 1971 4446 Ῐ)

287 4483 336 4535 ἐν
386 4491 458 4552 τῷ
505 4481 713 4552 Λιϐάνῳ
766 4480 1208 4538 πληθυνθήσεται.
1253 4503 1280 4529 ν
1323 4480 1396 4533 Δι’
1450 4480 1688 4550 ἑκατέρας
1719 4481 1893 4542 λέξεως

286 4581 385 4632 τῆς
434 4568 780 4630 δικαιοσύνης
823 4574 878 4621 τό
919 4567 1120 4642 κέρδος,
1166 4575 1255 4621 καὶ
1296 4579 1393 4621 τῶν
1439 4569 1604 4620 καλῶν
1643 4571 1672 4626 ἡ
1719 4569 1894 4639 εὐφθο-

284 4668 374 4713 νία
400 4681 455 4713 τε
492 4667 581 4712 καὶ
630 4661 843 4716 εὖθηνία
894 4657 1275 4730 διαγγέλλεται,
1321 4656 1413 4710 διοί
1457 4679 1510 4710 τε
1556 4665 1648 4710 τοῦ
1679 4657 1893 4715 ἀνθήσει

288 4749 534 4808 δηλονότι
590 4755 679 4801 καὶ
737 4757 828 4802 τοῦ
879 4748 1320 4805 πληθυνθήσεται.
1386 4747 1546 4807 Οὗτος
1595 4749 1619 4798 ό
1670 4743 1890 4811 δίκαίος,

285 4841 383 4892 κᾶν
429 4843 776 4911 μαστίζηται,
812 4837 906 4888 κάν
950 4837 1307 4909 στρεϐλοῦται,
1349 4835 1443 4888 κάν
1473 4838 1662 4907 πάσχῃ
1701 4839 1766 4886 τά
1809 4835 1893 4886 ἀλ·

284 4936 574 5000 γεινότερα,
616 4927 709 4979 κάν
757 4931 880 5000 πρός
933 4931 1158 4999 σφαγήν,
1206 4925 1299 4976 κᾶν
1346 4930 1474 4998 πρός
1521 4927 1754 4990 θάνατον,
1801 4923 1895 4974 κᾶν

285 5023 420 5092 πρός
467 5021 691 5091 σταυρόν
727 5017 1017 5087 ἀπάγηται,
1052 5011 1202 5067 οὐδὲν
1255 5012 1407 5072 ἧττον
1448 5018 1515 5075 ὡς
1562 5015 1728 5086 φοῖνιξ
1760 5013 1899 5065 ἀνθεῖ

285 5114 378 5160 καὶ
445 5110 568 5158 ὡσεὶ
626 5103 812 5178 κέδρος
871 5106 1305 5169 πληθυνθήσεται,
1366 5105 1734 5157 πολλαπλασίω
1798 5111 1895 5154 τῶν

287 5204 455 5250 πόνων
504 5201 592 5246 καὶ
643 5196 968 5266 παθημάτων
1015 5199 1106 5251 τήν
1161 5192 1450 5245 ἀπόλαυσιν
1499 5195 1766 5265 εὑρίσκων,
1809 5199 1896 5245 καὶ

286 5295 400 5348 τοῖς
444 5282 759 5354 ἀδιηγήτοις
815 5282 1028 5354 ἀγαθοῖς
1079 5281 1333 5356 ἐντρυφῶν
1376 5301 1430 5334 τε
1476 5287 1565 5334 καὶ
1606 5280 1898 5340 ἐνενθηνού-

286 5394 460 5447 μενος.
506 5377 599 5433 Τίς
628 5369 714 5424 οὖν
766 5372 904 5424 ἐστιν
950 5374 975 5423 ὁ
1013 5368 1270 5430 δίκαιοςὸ
1316 5374 1363 5423 ἐν
1407 5379 1476 5440 τῷ
1521 5367 1711 5442 δικαίῳ
1741 5371 1898 5423 αὑτοῦ

288 5462 663 5534 ἀπσλλύμενος,
715 5467 804 5513 καὶ
849 5465 966 5513 τίνα
995 5466 1183 5533 τρόπον
1230 5459 1513 5514 ἀπόλλυται
1539 5477 1551 5528 ;
1580 5463 1608 5516 ἦ
1659 5457 1900 5518 δηλονότι

372 5616 419 5652 ³³
453 5612 612 5671 Psal.
639 5627 753 5679 xci,
794 5613 884 5670 13.

2080 4414 2099 4441 ‹
2116 4390 2320 4445 Justus
2341 4389 2584 4461 quidem
2611 4394 2673 4444 ut
2691 4388 2900 4460 palma
2914 4385 3170 4455 ﬂorebit,
3186 4389 3243 4442 et
3266 4384 3419 4440 sicut
3439 4381 3654 4438 cedrus

2004 4480 2213 4535 Libani
2230 4478 2717 4550 multiplicabitur
2737 4479 2784 4513 ¹²
2803 4495 2854 4540 »,
2877 4492 2980 4548 per
2996 4481 3307 4546 utramque
3329 4471 3654 4528 dictionem

1998 4569 2239 4640 justitia;
2287 4568 2540 4632 lucrum,
2565 4573 2622 4622 et
2667 4567 2962 4622 bonorum
3010 4565 3316 4620 beatitudo
3363 4562 3653 4618 etdivitite

2003 4663 2370 4725 enarrantur,
2397 4672 2502 4729 per
2526 4656 2669 4711 illud
2694 4654 2927 4725 ﬂorebit
2947 4653 3220 4709 videlicet
3248 4658 3303 4708 et
3331 4652 3478 4708 illud
3504 4652 3656 4708 mul-

2005 4748 2392 4818 tiplicabitur.
2422 4746 2744 4815 tlicjustus,
2765 4745 2867 4799 etsi
2888 4743 3242 4814 ﬂagelletur,
3258 4743 3364 4798 etsi
3383 4748 3657 4814 torquea-

2005 4842 2116 4899 tur,
2151 4837 2283 4891 licet
2308 4835 2568 4908 patiatur
2615 4835 2876 4898 duriora,
2917 4833 3024 4889 etsi
3071 4833 3149 4888 ad
3190 4831 3518 4897 victimam,
3549 4831 3656 4886 etsi

2006 4925 2083 4981 ad
2104 4932 2373 4990 mortem,
2395 4926 2499 4980 etsi
2521 4924 2598 4980 ad
2623 4939 2860 4980 crucem
2890 4923 3242 4989 abducatur,
3272 4920 3656 4976 nihilominus

2009 5019 2072 5069 ut
2101 5014 2302 5085 palma
2317 5013 2552 5069 ﬂorebit
2571 5019 2623 5068 et
2637 5013 2813 5070 utced
2824 5029 2921 5067 rus
2938 5009 3451 5084 multiplicabitur,
3468 5008 3654 5064 multo

2007 5106 2299 5172 majorem
2324 5103 2630 5159 laboribus
2654 5107 2709 5157 et
2736 5100 3116 5173 passionibus
3139 5099 3479 5155 fruitionem
3500 5098 3658 5153 inve-

2006 5192 2197 5257 niens,
2223 5198 2278 5246 et
2307 5191 2798 5248 inenarrabilibus
2819 5190 2992 5246 bonis
3010 5189 3279 5259 gaudens
3301 5192 3358 5243 et
3377 5186 3653 5243 afﬂuens.

2008 5282 2148 5346 Quis
2182 5281 2358 5351 igitur
2396 5286 2487 5336 est
2521 5281 2718 5351 justus
2751 5279 2854 5350 qui
2894 5279 2954 5333 in
2982 5278 3202 5347 justitia
3241 5293 3349 5332 sua
3387 5275 3558 5350 perit,
3601 5279 3658 5330 et

2007 5370 2316 5442 quomodo
2343 5369 2491 5442 perit
2519 5371 2545 5425 ?
2570 5369 2849 5425 Videlicet
2869 5369 2966 5440 qui
2984 5368 3130 5439 justi
3149 5367 3394 5440 quidem
3422 5365 3656 5438 rapit‘et

2009 5459 2203 5516 induit
2251 5475 2470 5516 nomen
2511 5463 2568 5516 et
2607 5458 2852 5525 vultum,
2904 5457 3009 5514 sed
3057 5458 3120 5514 in
3153 5473 3264 5514 sua
3296 5456 3522 5528 justitia
3558 5453 3654 5511 ille
