4140 6198
499 338 607 395 431’

1717 330 1958 388 PHOTH
2000 328 2488 387 PATRIARCH/E
2528 327 2643 385 CP.

3766 337 3872 392 432

495 466 725 536 justum
756 478 817 518 se
844 462 1018 517 tinxit
1045 476 1194 525 esse,
1215 460 1355 531 justi
1394 460 1625 516 vultum
1665 473 1788 514 non
1809 474 1880 513 ex
1910 458 1980 513 iis
2018 473 2154 530 quas

2266 457 2289 508 6
2329 462 2417 508 τοῦ
2460 452 2670 507 δικαίου
2714 457 2802 527 μὲν
2844 454 3090 528 ἁρπάζων
3131 460 3218 508 καὶ
3269 460 3879 532 κατασχηματιζόμενος

501 558 645 619 erat,
681 551 785 607 sed
813 568 883 607 ex
914 551 983 606 iis
1000 550 1491 623 quietingebatur
1512 548 1787 603 induens.
1815 547 2157 615 Talisigitur

494 645 715 714 justus,
749 641 855 696 etsi
880 656 1092 696 omnes
1131 639 1301 695 illum
1332 638 1648 702 celebrent,
1682 637 1783 692 etsi
1810 651 2021 692 omnes
2046 636 2157 707 ipsi

494 729 790 803 justitiam
836 729 1141 801 plaudant,
1184 729 1245 783 in
1275 728 1406 800 ipso
1445 725 1919 795 habitujustitiae
1951 741 2075 781 suae
2103 729 2159 781 et

499 820 738 877 nomine
779 819 857 875 ad
896 822 1226 875 extremam
1267 816 1639 889 iniquitatem
1680 820 1735 871 et
1765 815 2156 887 perditionem

499 924 767 982 praeceps
806 907 1010 963 fertur.
1053 906 1220 972 Quod
1281 905 1440 961 enim
1480 905 1677 975 majus
1710 903 1933 959 furtum
1972 919 2156 975 quam

497 998 641 1069 justi
668 995 1325 1068 furariappellationem
1347 994 1501 1049 inter
1529 994 1787 1065 injustos
1813 994 2110 1064 jacentem
2131 992 2159 1047 ‘P

501 1088 654 1154 Quid
708 1091 907 1142 autem
965 1084 1371 1156 impudentius
1410 1100 1595 1156 quam
1645 1098 1848 1138 amore
1888 1083 2158 1151 insigniri

500 1174 1016 1233 excellentissima
1062 1174 1348 1229 virtuttlm
1387 1177 1443 1229 et
1474 1188 1579 1245 per
1609 1187 1819 1227 omnes
1866 1171 1998 1227 illas
2028 1188 2158 1242 per-

496 1265 790 1321 venientis
808 1268 863 1319 et
878 1263 1305 1335 symphoniam
1338 1262 1693 1333 perﬁcientis
1706 1260 2063 1316 concordem
2080 1260 2157 1317 ad

497 1370 682 1426 quam
716 1353 880 1409 nullo
911 1352 1249 1424 disponitur
1285 1352 1457 1423 pejus
1488 1351 1516 1406 δί
1546 1353 1632 1405 An
1664 1351 1841 1421 igitur
1877 1350 2008 1405 talis
2036 1365 2157 1405 non

497 1443 557 1498 in
585 1458 689 1497 sua
710 1441 1103 1514 justitiajuste
1136 1440 1285 1514 perit
1313 1441 1341 1496 ‘t
1362 1442 1644 1506 Quaereris
1674 1455 1805 1511 quae
1830 1455 1948 1495 non
1980 1438 2160 1495 habet

500 1531 831 1597 ostendere,
852 1536 909 1587 et
926 1535 1169 1603 propter
1193 1546 1328 1602 qua:
1359 1529 1692 1585 celebratur
1708 1529 1981 1600 decipere
2008 1528 2157 1584 alios

496 1622 736 1677 fictione
766 1621 937 1693 quasi
966 1620 1235 1689 diligeret
1272 1619 1385 1674 ista
1406 1618 1780 1683 machinans,
1802 1623 1857 1673 et
1878 1634 1999 1690 prm
2032 1617 2157 1673 aliis

500 1711 769 1783 seipsum
800 1710 984 1765 multo
1009 1710 1184 1782 pejus
1210 1712 1266 1764 et
1302 1707 1620 1763 infelicius.
1656 1707 1881 1763 Etenim
1903 1722 1974 1763 eo
1994 1706 2159 1779 quod

2265 549 2357 604 τὴν
2391 544 2574 603 κλῆσιν
2622 548 2797 596 καὶτὸ
2843 550 3140 617 πρόσωπον,
3176 545 3222 596 ἐν
3266 546 3395 619 αὐτῇ
3451 544 3510 600 δὲ
3543 556 3601 619 τῇ
3653 560 3874 622 μηχανῇ

2266 633 2424 685 αὐτοῦ
2467 638 2555 684 καὶ
2594 638 2860 707 περιεργίᾳ
2909 630 3258 704 διολλύμενος,
3316 636 3389 687 Οὐ
3438 641 3540 709 γαρ
3594 637 3769 701 ἁπλῶς
3814 640 3877 692 εῖ-

2264 742 2354 775 πεν
2408 721 2455 773 ἐν
2496 730 2567 792 τῷ
2618 718 2807 793 δικαίῳ
2852 724 2879 780 ἡ
2933 725 2980 773 ἐν
3030 730 3090 794 τῇ
3145 720 3456 796 δικαιοσύνῃ
3502 724 3877 798 ἀπολλύμενος,

2268 810 2371 862 ἀλλ’
2405 810 2452 863 ἐν
2484 820 2555 881 τῷ
2605 808 2795 881 δικαίῳ
2841 811 2999 863 αὐτοῦ
3046 812 3071 862 ὃ
3116 811 3298 873 ἐκεῖνος
3346 810 3553 866 δίκαιον
3604 815 3877 888 ἐμηχανή-

2270 920 2397 952 σατο
2443 898 2589 966 εἶναι,
2639 904 2696 951 τὸ
2743 907 2833 951 τοῦ
2880 897 3090 953 δικαίου
3140 906 3418 973 πρόσωπον
3459 903 3551 955 οὐκ
3594 903 3645 966 ἐξ
3684 906 3753 955 ὧν
3794 902 3875 969 ἦν,

2268 987 2373 1039 ἀλλ’
2424 988 2475 1050 ἐξ
2519 986 2583 1039 ὧν
2629 988 3038 1060 ἐσχηματίξετο,
3097 990 3544 1064 περιϐαλλόμενος.
3594 993 3652 1045 ’0
3703 1003 3880 1046 τοιοῦ-

2266 1097 2354 1138 τος
2384 1074 2470 1129 οὖν
2503 1074 2727 1146 δίκαιος,
2759 1077 2853 1129 κᾶν
2885 1081 3069 1141 πάντες
3120 1080 3273 1131 αὐτόν
3318 1083 3571 1151 ὑμνῶσιν,
3618 1084 3713 1134 κᾶν
3756 1087 3883 1135 ποίν-

2267 1186 2344 1227 τες
2375 1167 2510 1237 αῦτῷ
2540 1170 2596 1218 τὸ
2642 1164 2848 1219 δίκαιον
2874 1170 3235 1243 ἑπικροτῶσιν,
3270 1172 3316 1221 ἑν
3352 1171 3492 1241 αὐτῷ
3522 1180 3593 1241 τῷ
3630 1177 3882 1244 σχήματι

2267 1265 2356 1316 τῆς
2414 1253 2758 1317 δικαιοσύνης
2820 1256 2978 1308 αὐτοῦ
3032 1263 3121 1309 καὶ
3187 1266 3258 1327 τῷ
3326 1260 3541 1331 ὀνόματι
3600 1264 3729 1333 πρὸς
3788 1266 3881 1318 τὴν

2268 1344 2504 1416 ἐσχάτην
2533 1342 2740 1397 ἀδικίαν
2784 1350 2867 1397 καὶ
2916 1344 3168 1398 ἀπώλειαν
3213 1354 3574 1420 καταφέρεται.
3625 1355 3722 1411 Τίς
3779 1353 3879 1425 γὰρ

2267 1435 2458 1507 μείζων
2532 1434 2692 1491 κλοπὴ
2750 1438 2843 1493 τὴν
2893 1443 2983 1487 τοῦ
3048 1432 3259 1488 δικαίου
3314 1436 3546 1490 κλέπτειν
3604 1460 3881 1511 προσηγοο

2267 1528 2379 1598 ρίαν
2438 1531 2540 1583 τοῖς
2593 1520 2802 1585 ἀδίκοις
2863 1522 3227 1596 ἀνακείμενοη
3268 1531 3331 1579 Τί
3386 1524 3439 1579 δ’
3505 1525 3879 1601 ἀναιδέστερον

2270 1615 2417 1679 ἔρωτι
2470 1614 2809 1684 σεμνύνεσθαι
2880 1621 2973 1675 τῆς
3024 1615 3304 1676 καλλίστης
3355 1624 3454 1667 τῶν
3512 1615 3731 1689 ἀρετῶν,
3792 1624 3881 1671 καὶ

2272 1698 2341 1754 δι’
2374 1702 2588 1753 ἀπασῶν
2620 1701 2783 1753 αὐτῶν
2811 1698 2846 1753 δ
2852 1706 3107 1764 ιηκούσης
3149 1709 3237 1757 καὶ
3268 1708 3361 1762 τὴν
3394 1712 3699 1778 συμφωνίαν
3744 1705 3879 1759 ἀπο-

498 1799 820 1869 confugere
852 1798 929 1854 ad
966 1797 1027 1854 id
1053 1796 1217 1870 quod
1268 1798 1501 1867 justum
1549 1800 1637 1852 est
1686 1811 1748 1851 se
1800 1796 1985 1867 ﬁngit,
2026 1796 2156 1867 ipse

2269 1790 2516 1851 τελούσης
2580 1789 2896 1864 ἐναρμόνιον,
2974 1795 3104 1863 πρὸς
3184 1794 3245 1851 ἠν
3323 1791 3535 1857 οὐδενός
3610 1792 3880 1848 διάκειται

500 1890 695 1944 sciens
727 1892 782 1944 et
802 1887 1013 1944 nolens
1035 1886 1349 1942 conﬁtetur
1376 1900 1440 1941 se
1466 1886 1637 1957 pejus
1660 1889 2020 1956 anteponere
2038 1899 2161 1940 me-

499 1977 632 2033 liori
664 1994 677 2043 ;
709 1992 832 2032 non
864 1976 1023 2032 enim
1041 1979 1334 2048 quaereret
1352 1975 1608 2031 formam
1624 1974 1881 2030 alienam
1912 1975 2158 2030 induere

499 2082 803 2138 perquam
821 2066 1126 2136 prOpriam
1153 2063 1519 2120 abscondere
1542 2064 1747 2136 possit.
1779 2063 2000 2119 Deinde
2016 2080 2028 2119 :
2044 2084 2072 2115 »
2094 2066 2161 2119 Et

499 2159 586 2211 est
614 2155 837 2225 impius
870 2168 1124 2210 manens
1151 2154 1212 2208 in
1242 2152 1624 2224 improbitate
1656 2168 1767 2208 sua
1797 2167 1814 2210 :
1843 2173 1864 2204 ι
1898 2152 2014 2209 alia
2044 2153 2160 2209 ista

496 2243 871 2301 ratiocinatio
912 2246 968 2299 et
996 2243 1112 2299 alia
1153 2242 1489 2299 Salomonis
1518 2241 1596 2297 ad
1627 2241 1829 2313 priora
1869 2242 2159 2297 sententia

498 2331 797 2405 opposita.
827 2332 943 2388 Illic
965 2332 1126 2388 enim
1151 2336 1457 2404 putantem
1486 2346 1549 2387 se
1574 2331 1807 2403 justum
1841 2346 1989 2400 esse,
2018 2346 2157 2387 cum

496 2437 621 2478 non
647 2422 719 2477 sit
750 2421 811 2476 in
844 2422 978 2493 ipsa
1003 2421 1143 2477 dicit
1172 2436 1332 2476 vana
1356 2420 1809 2491 subsumptione
1830 2425 1887 2476 et
1908 2420 2156 2476 artiﬁcio

497 2510 686 2583 perire
715 2526 729 2575 ;
762 2510 862 2566 hic
894 2526 1034 2566 vero
1063 2510 1122 2565 in
1144 2525 1281 2581 quae
1308 2509 1482 2564 ﬁctus
1509 2508 1604 2564 ille
1630 2508 1823 2579 justus
1844 2508 2069 2565 incidit.
2093 2511 2158 2565 Et

496 2598 739 2670 impium
771 2598 866 2654 his
891 2598 1141 2655 detineri
1159 2598 1372 2663 sciens,
1406 2602 1607 2654 tamen
1633 2613 1755 2653 non
1798 2614 1870 2654 ex
1891 2597 2003 2653 illis
2028 2598 2157 2668 ejus

496 2687 694 2758 arguit
722 2688 1051 2759 nequitiam
1080 2690 1133 2743 et
1152 2686 1538 2751 atheismum,
1569 2686 1675 2742 sed
1706 2702 1778 2742 ex
1807 2686 1941 2758 ipsa
1960 2687 2021 2741 in
2043 2686 2159 2742 im-

496 2776 713 2849 pietate
732 2776 1175 2848 perseverantia
1196 2780 1252 2833 et
1290 2776 1658 2832 habitatione
1687 2777 1933 2849 prOpria
1966 2792 1980 2841 ;
2013 2792 2156 2848 pro-

496 2870 627 2937 pter
663 2864 830 2936 quod
856 2868 912 2921 et
960 2868 1284 2921 extremam
1328 2863 1612 2919 ultionem
1657 2870 1714 2920 et
1759 2864 2155 2935 perditionem

498 2952 755 3025 protulit.
792 2975 812 3003 ι
844 2952 949 3021 Qui
975 2954 1133 3009 enim
1185 2968 1308 3009 non
1358 2953 1541 3009 credit
1583 2953 1645 3009 in
1695 2952 1905 3009 Filium
1952 2953 2073 3024 Dei,
2124 2972 2155 3006 »

495 3043 958 3099 insulistantiata
996 3042 1145 3099 dixit
1185 3042 1435 3112 Veritas,
1479 3060 1508 3095 «
1544 3043 1670 3113 jam
1710 3042 2006 3113 judicatus
2048 3046 2154 3109 est,

2271 1877 2714 1955 δυσμενέστερον;
2748 1880 2862 1953 Ἀρ⁸
2912 1878 2999 1932 οὖν
3040 1882 3065 1932 6
3112 1890 3347 1945 τοιοῦτος
3391 1886 3483 1935 οῦκ
3524 1884 3571 1936 ἐν
3601 1893 3672 1955 τῷ
3718 1886 3879 1937 αὐτοῦ

2269 1965 2460 2040 δικαίῳ
2502 1965 2718 2029 δικαίως
2761 1968 3084 2037 ἀπόλλυται;
3116 1974 3283 2034 ζητῶν
3322 1972 3355 2024 ἀ
3395 1978 3465 2045 μὴ
3520 1977 3632 2045 ἔχει
3675 1971 3882 2027 δεικνύ-

2267 2078 2370 2123 ναι,
2410 2063 2499 2109 καὶ
2538 2061 2664 2132 πρὸς
2709 2058 2744 2109 ἃ
2783 2054 3124 2117 διαϐέϐληται
3163 2059 3363 2133 ἀπατᾲν
3409 2066 3531 2125 τοὺς
3579 2064 3773 2125 ἄλλους
3814 2072 3876 2136 τῇ

2268 2152 2619 2222 προσποιήσει
2670 2146 2751 2198 ὃτι
2822 2151 3026 2221 στέργει
3100 2156 3267 2202 ταῦτα
3323 2158 3749 2225 μηχανώμενος’
3793 2159 3877 2205 καί

2267 2239 2366 2307 πρὸ
2422 2244 2519 2287 τῶν
2572 2235 2755 2300 ἄλλων,
2817 2235 2996 2288 ἑαυτὸν
3061 2236 3230 2309 πολλῶ
3282 2241 3464 2291 κάκιον
3506 2245 3592 2292 καὶ
3632 2242 3879 2295 ἀθλιώτε-

2268 2344 2377 2397 ρον.
2432 2328 2531 2376 Καὶ
2572 2327 2673 2398 γὰρ
2704 2324 2757 2387 ἐξ
2806 2325 2873 2376 ὧν
2908 2328 2998 2397 μεν
3028 2330 3370 2399 καταφεύγειν
3399 2333 3526 2401 πρὸς
3566 2334 3623 2382 τὸ
3666 2327 3877 2383 δίκαιον

2270 2414 2684 2486 σχηματίςεται,
2728 2414 2885 2476 αὐτὸς
2921 2422 3192 2487 γινώσκων
3229 2422 3318 2469 καὶ
3350 2420 3489 2470 οἴκων
3537 2420 3785 2492 ὁμολογεί
3820 2425 3875 2473 τό

2265 2510 2445 2575 χεῖρον
2492 2502 2797 2577 προελέσθαι
2845 2511 2937 2556 τοῦ
2980 2510 3271 2579 κρείττονος
3298 2525 3311 2537 ·
3344 2512 3404 2560 οὗ
3441 2511 3541 2583 γὰρ
3593 2510 3653 2560 ἂν
3703 2510 3876 2571 ἐζήτει

2266 2597 2468 2667 μορφὴν
2512 2591 2781 2661 ἀλλοτρίαν
2827 2596 3128 2665 περιθέσθαι
3187 2593 3259 2647 δι’
3310 2598 3375 2658 ἧς
3412 2603 3499 2655 τὴν
3540 2600 3735 2651 οἰκείαν
3772 2600 3877 2652 ἐπι-

2266 2681 2531 2756 κρύψειεν.
2560 2679 2687 2735 Εἶτα
2721 2700 2735 2713 ⁸
2768 2705 2797 2733 (ι
2838 2688 2937 2735 Καὶ
2979 2686 3095 2736 ἔστι
3145 2683 3338 2748 ἀσεϐὴς
3388 2691 3548 2759 μένων
3588 2687 3635 2739 ἐν
3679 2698 3744 2762 τῇ
3786 2710 3875 2741 κα-

2266 2775 2357 2843 κίᾳ
2399 2771 2579 2827 αὐτοῦ.
2611 2792 2640 2823 ››
2680 2771 2865 2834 Ἀλλος
2894 2773 3043 2834 οὗτος
3081 2773 3335 2846 λογισμὸς
3376 2781 3465 2828 καὶ
3498 2777 3623 2835 ἄλλη
3656 2787 3753 2831 τοῦ
3786 2788 3875 2832 Σο-

2264 2859 2522 2932 λομῶντος
2565 2864 2690 2935 πρὸς
2741 2864 2807 2913 τὰ
2844 2866 3090 2937 πρότερον
3138 2860 3347 2917 διάνοια
3393 2867 3870 2939 παραλλάσσουσα·

2268 2949 2403 3002 Ἐκεῖ
2439 2954 2529 3022 μὲν
2567 2954 2664 3025 γαρ
2696 2954 2780 3002 τόν
2823 2956 3102 3023 νομίζοντα
3146 2953 3325 3005 ἑαυτὸν
3367 2951 3571 3008 δίκαιον
3612 2958 3764 3026 εἶναι,
3799 2964 3868 3031 μὴ

2266 3043 2387 3091 ὄντα
2425 3035 2520 3092 δέ·
2550 3042 2599 3091 ἐν
2628 3039 2759 3111 αὐτῇ
2806 3039 2943 3112 λέγει
2991 3050 3053 3114 τῇ
3106 3048 3306 3115 ματαία
3350 3044 3607 3116 ύπολήψει
3635 3052 3729 3099 καὶ
3774 3068 3872 3120 μη-

495 3133 641 3204 quia
672 3148 791 3189 non
832 3132 1017 3188 credit
1056 3132 1119 3187 in
1150 3146 1374 3188 nomen
1407 3131 1699 3201 unigeniti
1734 3130 1857 3187 Filii
1888 3131 1990 3187 Dei
2030 3132 2100 3187 υ.
2123 3152 2151 3184 io

2266 3134 2561 3201 χανουργίᾳ
2609 3126 2918 3183 διόλλυσθαι
2950 3130 3219 3184 ’ἐνταῦθα
3268 3130 3347 3199 δε,
3394 3135 3471 3194 οἷς
3523 3137 3613 3206 μὶν
3670 3137 3697 3187 6
3751 3157 3868 3191 κατ-

497 3221 873 3278 Manit‘estum
887 3221 1102 3277 veroin
1118 3220 1324 3277 Filium
1338 3220 1810 3277 incredulitatem
1824 3220 2157 3291 etejusdem

497 3314 726 3366 natura:
752 3315 807 3366 et
840 3310 1114 3382 ejusdem
1142 3309 1492 3365 substantiae
1519 3310 1704 3365 Patris
1724 3314 1780 3365 et
1803 3309 2055 3382 Spiritus
2086 3311 2159 3366 si-

498 3398 627 3455 mul
654 3399 934 3455 inducere
963 3398 1460 3468 incredulitatem,
1486 3403 1551 3454 ut
1583 3403 1638 3454 et
1665 3398 1843 3454 ﬁdem
1870 3400 2158 3471 consequi

502 3488 656 3543 solet
684 3488 857 3545 fides.
905 3488 1051 3544 Dicit
1093 3488 1271 3558 igitur
1294 3488 1564 3545 Salvator
1610 3487 2051 3559 blasphemanti
2095 3489 2158 3545 in

501 3577 785 3650 Spiritum
798 3582 1083 3644 sanctum,
1115 3576 1175 3633 id
1193 3581 1279 3633 est
1308 3577 1369 3632 in
1408 3592 1590 3632 unam
1613 3577 2157 3649 supernaturalium

500 3671 557 3723 et
582 3667 712 3723 vitae
744 3666 1174 3739 principiorum
1214 3670 1270 3722 et
1304 3666 1579 3736 ejusdem
1612 3671 1841 3722 naturae
1876 3666 2159 3739 hyposta-

501 3757 655 3812 sium
696 3755 1119 3828 omnipotentis
1154 3760 1210 3812 et
1238 3754 1539 3811 creatricis
1580 3756 1841 3823 Deitatis,
1882 3756 2021 3812 huic
2051 3758 2159 3813 etsi

498 3845 786 3903 virtutum
816 3861 1021 3902 amore
1052 3845 1403 3918 passionum
1419 3844 1689 3901 videatur
1720 3861 1851 3902 esse
1878 3845 2158 3902 immuni-

500 3938 611 4001 tas,
652 3950 775 3991 non
816 3938 1018 3990 tamen
1056 3934 1479 3991 remittendum
1530 3950 1656 3991 esse
1696 3940 2009 4007 peccatum
2049 3950 2159 3991 nec

500 4025 563 4082 in
594 4024 872 4097 praesenti
904 4024 1136 4089 saeculo,
1176 4040 1286 4080 nec
1307 4024 1368 4081 in
1394 4024 1592 4082 futuro
1623 4026 1691 4082 ιδ.

500 4134 665 4189 ματος
734 4114 1034 4186 συνεισάγει
1090 4111 1339 4166 ἀπιστίαν
1373 4130 1389 4148 ο

2268 3222 2721 3290 εσχηματισμένος
2768 3218 2957 3282 ἐκεῖνος
3006 3217 3216 3283 δίκαιος
3268 3228 3569 3296 περιέπιπτε
3603 3232 3733 3279 ’καὶ
3787 3232 3869 3279 τὸν

2268 3305 2429 3366 ἀσεϐῆ
2480 3310 2685 3370 τούτοις
2725 3306 2996 3381 ἐνέχεσθαι
3048 3306 3219 3374 εἰδὼς,
3273 3314 3409 3385 ὅμως
3444 3314 3537 3365 οῦκ
3578 3313 3629 3376 ἐξ
3668 3314 3868 3368 ἐκείνων

2269 3396 2428 3448 αὐτοῦ
2467 3393 2729 3469 διελέγχει
2770 3402 2863 3456 τὴν
2902 3404 3154 3474 πονηρίαν
3196 3406 3286 3453 καὶ
3328 3400 3601 3467 ἀθεότητα,
3655 3404 3767 3455 ἀλλ’
3818 3405 3869 3468 ἐξ

2268 3486 2427 3546 αὐτῆς
2473 3495 2565 3546 τῆς
2614 3485 2696 3538 ἐπὶ
2747 3491 2804 3540 τὸ
2846 3486 3048 3541 ἀσεϐεῖν
3099 3486 3350 3562 διαμονῆς
3388 3496 3476 3544 καὶ
3517 3493 3862 3555 οἰκειῶσεως·

2272 3572 2343 3627 δι’
2375 3576 2434 3627 οὗ
2463 3581 2553 3627 καὶ
2583 3580 2677 3634 τὴν
2707 3578 2943 3648 ἐσχάτην
2976 3575 3131 3636 δίκην
3162 3585 3251 3632 καὶ
3292 3580 3544 3633 ἀπώλειαν
3577 3581 3866 3655 ἀπηνέγκα-

2269 3684 2353 3717 τα.
2406 3686 2435 3715 ‹‹
2475 3664 2532 3717 Ὀ
2580 3668 2681 3740 γὰρ
2731 3672 2802 3738 μὴ
2862 3670 3121 3720 πιστεύων
3157 3669 3228 3729 είς
3281 3674 3367 3722 τὸν
3411 3674 3529 3723 Υἱὸν
3590 3680 3746 3741 Θεοῦ,
3780 3674 3860 3729 »ἡ

2272 3756 2614 3818 ἀνυπόστατος
2660 3752 2793 3807 εἶπεν
2840 3756 3100 3823 Ἀλήθεια,
3143 3778 3171 3810 (ι
3214 3756 3321 3817 ἤδη
3373 3764 3627 3835 κέκριται,
3675 3764 3757 3813 ὅτι
3795 3767 3862 3834 μὴ

2271 3849 2605 3898 πεπίστευκεν
2656 3845 2727 3906 εἰς
2774 3849 2831 3898 τὸ
2886 3850 3047 3917 ὄνομα
3098 3855 3189 3900 τοῦ
3234 3858 3538 3921 μονογενοῦς
3598 3853 3721 3903 Υἰοῦ
3781 3859 3866 3903 τοῦ

2272 3942 2424 3988 Θεοῦ.
2456 3957 2484 3984 ››
2534 3933 2693 3993 Δῆλον
2727 3931 2785 3987 δὲ
2825 3936 2999 3999 ὅτιπερ
3036 3938 3065 3994 ἡ
3111 3936 3182 3997 εἰς
3224 3941 3309 3989 τόν
3348 3941 3467 3990 Υίὸν
3518 3937 3741 3991 ἀπιστία
3785 3945 3868 3992 καὶ

2270 4030 2363 4085 τὴν
2411 4032 2510 4076 τῶν
2554 4026 2793 4096 ὁμοφυῶν
2843 4029 2933 4077 καὶ
2986 4026 3275 4096 ὁμοουσίων
3330 4032 3533 4100 Πατρός
3576 4034 3664 4082 καὶ
3713 4032 3866 4083 Πνεῦ-

1441 4115 1614 4187 ῶσπερ
1689 4118 1780 4167 καὶ
1830 4123 1891 4188 τῇ
1958 4119 2133 4169 πίστει
2192 4114 2583 4169 συνακολουθεῖν
2648 4114 2819 4165 εῖωθεν
2896 4116 2922 4171 ἡ
2981 4118 3175 4176 πίστις,
3251 4121 3413 4173 Φησὶν
3466 4114 3553 4169 οὖν
3610 4120 3635 4169 6
3696 4124 3868 4192 Σωτὴρ

502 4208 575 4265 ὡς
628 4212 700 4275 τῷ
759 4202 1209 4277 βλασφημήσαντι
1270 4203 1341 4266 εἰς
1402 4206 1459 4255 τὸ
1511 4211 1719 4277 Πνεῦμα
1791 4208 1847 4257 τό
1902 4205 2071 4277 ἅγιον,
2136 4210 2401 4259 τουτέστιν
2460 4203 2529 4263 εἰς
2598 4207 2719 4274 μίαν
2793 4210 2892 4253 τῶν
2949 4204 3217 4278 ὑπερφυῶν
3276 4210 3364 4257 καὶ
3416 4207 3732 4280 ζωαρχικῶν
3783 4213 3867 4259 καὶ

506 4296 743 4366 ὁμοφυῶν
815 4294 913 4345 ύπο
922 4295 1149 4346 στάσεων
1219 4301 1309 4353 τῆς

1390 4302 1868 4368 παντοκρατορικῆς
1946 4314 1999 4347 τε
2064 4300 2153 4347 καὶ
2229 4293 2586 4368 δημιουργοῦν
2646 4298 2926 4361 Θεότητος,
2982 4296 3148 4364 τούτῳ
3209 4294 3302 4346 κᾶν
3363 4304 3461 4347 τῶν
3534 4296 3721 4369 ἀρετῶν
3798 4307 3863 4369 τῷ

502 4386 656 4458 ἔρωτι
683 4391 781 4435 τῶν
811 4384 987 4435 παθῶν
1021 4379 1167 4435 δοκεί
1204 4380 1331 4435 εἶναι
1361 4385 1419 4435 τὸ
1447 4384 1739 4452 ἀνεύθυνον,
1774 4387 1834 4436 οὔ
1860 4403 2041 4456 μενουν
2074 4385 2167 4437 ούκ
2205 4384 2519 4457 ἀφεθήσεται
2551 4384 2609 4435 τὸ
2642 4380 2928 4455 ἁμάρτημα
2957 4386 3072 4436 οὔτε
3102 4382 3148 4435 ἐν
3174 4392 3246 4454 τῶ
3277 4392 3363 4437 νῦν
3386 4385 3531 4437 αἰῶνι
3570 4389 3684 4439 οὗτε
3716 4386 3763 4439 ἐν
3794 4395 3861 4457 τῷ

502 4472 755 4545 μῦλοντι.

858 4562 1174 4627 QU/ESTIO
1206 4562 1384 4617 vau
1423 4561 1532 4635 [αι.
1558 4562 1796 4635 van].

506 4650 800 4719 Quomodo
814 4650 1262 4721 intelligendum
1285 4651 1445 4723 illud
1474 4673 1486 4709 :
1512 4672 1535 4701 α
1560 4652 1627 4707 Si
1646 4658 1841 4708 autem
1868 4652 2154 4723 iniquitas

827 4729 1022 4778 nostra
1062 4724 1169 4779 Dei
1194 4722 1495 4792 justitiam
1533 4724 1761 4779 statuit.
1806 4745 1830 4775 υ

2831 4568 3145 4616 ΕΡΩΤΗΣΙΣ
3183 4561 3298 4615 ΞΖ’.

2264 4658 2378 4715 Πῶς
2448 4654 2653 4709 νοητέον
2694 4656 2809 4727 ,τοι
2862 4673 2888 4700 ‹‹
2942 4652 3000 4704 Εἰ
3055 4648 3114 4704 δε
3168 4654 3197 4710 ἡ
3274 4649 3462 4705 ἀδικία
3516 4655 3659 4727 ἡμῶν
3728 4663 3855 4709 Θεοῦ

2681 4719 3021 4781 δικαιοσύνην
3051 4728 3269 4782 συνίστη
3282 4743 3381 4779 σιν.
3418 4746 3445 4775 ››

1529 4830 1683 4879 Edita
1705 4845 1735 4879 a
1762 4830 1918 4889 Maio,
1951 4830 1985 4881 l.
2019 4844 2084 4887 c.,
2112 4844 2165 4894 p.
2206 4831 2364 4880 81-83.
2404 4830 2462 4879 In
2493 4829 2643 4879 Rom.
2680 4844 2751 4886 ιιι,
2786 4832 2829 4879 5.

576 4944 939 5012 Hic,statuit,
962 4943 1163 5002 divina
1179 4944 1444 5018 loquenti
1470 4946 1649 5003 Paulo
1675 4946 1898 5003 dictum
1917 4951 2004 5003 est
2027 4962 2147 5003 non

506 5032 808 5089 sufﬁciens
857 5050 1059 5104 causa,
1105 5040 1209 5091 aut
1255 5035 1520 5091 absolute
1560 5052 1742 5092 causa
1774 5036 1873 5091 Dei
1909 5037 2150 5107 justitite

505 5128 775 5179 nostram
808 5123 1157 5194 injustitiam
1191 5125 1488 5181 statuenti.
1516 5126 1825 5191 Quomodo
1848 5126 2007 5181 enim
2038 5126 2151 5181 hoc

505 5212 877 5269 ratiocinatio
893 5229 1011 5268 non
1026 5214 1300 5269 auferens
1313 5214 1551 5270 liberam
1568 5215 1941 5279 voluntatem,
1960 5231 2151 5287 neque

507 5301 724 5373 injuria
736 5301 999 5358 afﬁciens
1015 5302 1360 5375 quodjuxta
1393 5304 1717 5371 imaginem
1740 5310 1846 5369 est,
1863 5304 1935 5359 de
1950 5304 2152 5360 divino

508 5391 687 5447 Paulo
714 5391 975 5460 cogitare
998 5392 1231 5462 potest?
1261 5393 1391 5457 Sed,
1421 5396 1643 5464 statuit,
1672 5410 1829 5449 nunc
1860 5410 1988 5466 pro,
2015 5410 2151 5450 con-

506 5481 701 5536 stituit
720 5480 1106 5551 manifestam,
1127 5481 1467 5549 assumitur,
1488 5483 1770 5539 omnibus
1789 5486 2153 5542 innotescere

580 5607 625 5643 ¹³
655 5605 825 5664 Joan.
860 5621 939 5674 ιιι,
982 5609 1069 5664 18.
1148 5607 1194 5643 ¹⁴
1220 5606 1357 5663 Luc.
1398 5607 1623 5677 1111,10.

2331 4947 2583 4999 Ἐνταῦθα
2652 4949 2730 5012 τὸ,
2807 4950 3109 5012 συνίστησι,
3196 4956 3267 5018 τῷ
3342 4950 3599 5021 θεσπεσίῳ
3677 4950 3853 5022 Παύλῳ

2258 5040 2461 5111 εἴρηται
2510 5037 2635 5108 ούχὶ
2693 5041 3135 5109 προκαταρκτικὸν
3190 5042 3369 5104 αἴτιον,
3430 5044 3457 5097 ἦ
3521 5040 3647 5102 ὅλως
3697 5045 3853 5093 αἴτιον

2257 5133 2352 5186 τῆς
2404 5133 2495 5177 τοῦ
2537 5133 2668 5179 Θεοῦ
2715 5122 3059 5187 δικαιοσύνης
3106 5132 3200 5185 τὴν
3250 5130 3396 5199 ἡμῶν
3421 5125 3631 5180 ἀδικίαν
3665 5127 3856 5201 δογμα-

2258 5215 2475 5275 τίζοντι.
2528 5222 2635 5267 Ποῦ
2677 5218 2774 5287 γὰρ
2819 5222 2971 5267 τοῦτο
3006 5215 3258 5287 λογισμὸς
3308 5216 3399 5268 οῦκ
3447 5216 3765 5291 ἀφῃρημένος
3801 5222 3854 5269 τό

2260 5305 2611 5371 αὐτεξούσιον,
2678 5311 2792 5359 οὔτε
2853 5307 3274 5381 περιύϐρισμένος
3348 5312 3405 5360 τὸ
3477 5310 3591 5360 κατ’
3672 5311 3848 5375 εἰκόνα,

2259 5400 2374 5467 περὶ
2407 5403 2496 5446 τοῦ
2531 5398 2666 5447 θείου
2710 5396 2915 5448 Παύλου
2946 5396 3263 5467 λογίσασθαι
3305 5392 3521 5449 δύναται
3548 5415 3561 5463 ;
3590 5398 3743 5452 Ἀλλά
3774 5401 3850 5465 τὸ,

2262 5488 2565 5553 συνίστησι,
2636 5492 2722 5536 νῦν
2797 5488 2877 5537 ὄτι
2945 5485 3058 5538 ἀντι
3126 5493 3217 5538 τοῦ
3278 5488 3596 5545 καθίστησιν
3663 5487 3847 5560 ἐμφαιῇ
