4140 6198
305 313 412 372 433

1337 305 1434 362 ΑΙ)
1473 303 2026 362 AMPHlLOCHIUM
2067 303 2392 373 QUESTIO
2433 303 2652 361 LXVII.

3567 306 3670 362 434

303 437 679 511 παρεῦιηπται,
725 441 883 488 πᾶσιν
928 432 1368 506 ἐπιγινώσκισθαι
1415 439 1572 485 ποιεῖ.
1615 427 1754 484 Οὐδὲ
1811 431 1908 504 γὰρ

2023 429 2200 497 facit;
2243 445 2364 486 non
2412 429 2570 486 enim
2610 430 2671 486 in
2724 427 3168 485 subsistentiam
3217 428 3673 502 productionem

305 524 430 580 οὐδὲ
479 530 574 584 τήν
633 525 704 588 εἰς
747 523 968 596 ὕπαρξιν
1015 527 1326 596 προαγωγὴν
1369 527 1480 574 νυνὶ
1520 525 1577 573 τὸ
1616 530 1710 582 τῆς
1738 519 1915 583 λέξεως

308 620 554 688 σημαίνει
595 632 608 644 ·
655 610 778 666 οὐδὲ
825 620 918 675 τῆς
966 609 1178 672 ἀδικίας
1233 613 1380 683 ἡμῶν
1437 609 1636 685 καρπός
1693 609 1831 662 ἐστιν
1879 612 1908 666 ἡ

302 713 392 759 τοῦ
439 711 574 757 Θεοῦ
615 700 929 760 δικαιοσύνη
967 717 978 731 ⁸
1013 701 1071 753 ού
1111 704 1200 773 μεν
1232 697 1355 752 οὐδὲ
1385 699 1432 751 ἐν
1478 701 1719 775 ἀπορίας,
1753 703 1816 760 ὡς
1853 699 1912 750 ἄν

301 813 414 848 τισι
468 790 654 859 δόξειε,
717 793 1046 866 προάγεσθαι
1101 795 1346 862 σχήματι
1397 792 1577 862 καιρὸν
1625 791 1854 864 εὑρίσκει
1894 803 1910 819 ⁶

303 886 436 958 πρὸς
494 882 688 954 χλεύην
734 883 835 953 γὰρ
881 884 971 932 καὶ
1018 879 1152 932 οὕτω
1199 881 1514 951 τυπούμενον
1565 877 1844 949 καταλήγει
1887 888 1904 906 ⁹

299 977 394 1027 καὶ
447 975 580 1045 πρὸς
627 975 686 1023 τὸ
741 973 960 1042 μάταιον
1009 967 1344 1041 ἀποφέρεται.
1407 972 1506 1021 Καὶ
1561 969 1662 1041 γὰρ
1711 971 1800 1020 καὶ
1855 969 1912 1018 τὸ

303 1069 500 1134 σχῆμα
563 1069 664 1114 τῶν
720 1059 968 1133 ἀποριῶν,
1027 1055 1102 1111 δι’
1152 1057 1358 1132 ὶρεύνης
1424 1059 1566 1110 εἴωθε
1625 1055 1913 1130 βαθυτέρας

297 1155 394 1203 καὶ
451 1153 511 1202 τὸ
560 1149 907 1222 ἐπιπροσθοῦν
959 1145 1302 1200 ἀποτίθεσθαι
1352 1151 1441 1198 καὶ
1485 1149 1542 1198 τὸ
1591 1149 1743 1218 σαφὲς
1797 1143 1913 1198 δια-

297 1239 522 1292 λύεσθαι
555 1257 567 1268 ·
604 1240 706 1291 ὅσα
738 1235 797 1290 δε
827 1245 918 1289 τοῦ
960 1235 1152 1288 ἀτόπου
1193 1239 1278 1288 τὸν
1311 1235 1524 1307 ἔλεγχον
1553 1237 1666 1307 ἔχει
1695 1255 1912 1310 προφαι-

293 1333 530 1401 νόμενον,
586 1327 870 1400 πρὸχειρόν
919 1345 972 1379 τε
1028 1331 1118 1378 καὶ
1167 1323 1554 1398 ἐμφανεστάτην
1602 1328 1695 1383 τὴν
1753 1327 1913 1377 κατά-

294 1437 494 1490 γνωσιν
544 1417 890 1487 συνεπάγεται
933 1435 944 1447 ·
983 1423 1151 1467 ταῦτα
1191 1413 1250 1466 δὲ
1297 1415 1401 1485 ἄρα
1429 1409 1541 1466 οὐδ’
1575 1412 1648 1475 εἰς
1694 1413 1918 1488 ἀπορίας

294 1510 463 1560 τύπον
543 1505 978 1577 σχηματίζεσθαι
1041 1502 1479 1578 παρρησιάζεται,
1551 1501 1797 1578 φλυαρίας
1856 1499 1914 1556 δὲ

293 1597 412 1668 οἶμα
482 1599 570 1647 καὶ
654 1593 1028 1666 ματαιολογίας
1106 1588 1498 1665 σπουδάσματα
1561 1588 1912 1663 διελέγχεται.

291 1687 418 1738 Ὀτι
472 1681 532 1737 δὲ
577 1687 634 1737 τὸ
687 1687 999 1741 συνίστησιν
1058 1681 1171 1734 ἀντὶ
1217 1688 1306 1734 τοῦ
1357 1677 1650 1740 κατάδηλον
1702 1680 1914 1754 ἐργάζε-

2022 535 2183 576 nunc
2219 520 2346 576 hinc
2384 519 2564 576 dictio
2603 519 2898 588 signiﬁcat
2927 537 2940 587 ;
2969 534 3078 574 nec
3117 517 3416 591 injustitiaa
3455 521 3674 575 nostrae

2023 608 2246 665 fructus
2285 613 2372 665 est
2410 607 2512 663 Dei
2547 608 2794 679 justitia.
2851 611 3047 679 Neque
3089 607 3148 662 in
3187 607 3566 663 dubitationis
3608 611 3674 662 ut

2021 695 2380 768 quibusdam
2413 696 2598 751 videri
2628 701 2824 768 posset
2855 695 3102 768 proferri
3127 695 3320 751 forma
3347 695 3546 750 locum
3580 694 3674 750 in-

2021 786 2180 842 venit
2213 805 2225 854 ;
2259 785 2338 841 ad
2368 785 2699 844 irrisionem
2727 785 2885 842 enim
2919 792 2974 842 et
2995 785 3078 840 sic
3109 785 3428 854 ﬁguratum
3457 783 3672 841 desinit

2021 878 2076 931 et
2101 874 2162 932 in
2193 890 2416 931 vanum
2442 875 2774 931 abducitur.
2803 873 3029 931 Etenim
3052 877 3108 930 et
3132 873 3326 930 forma
3347 873 3669 932 dubitatio-

2018 978 2187 1030 num,
2211 979 2318 1036 per
2337 964 2760 1022 scrutationem
2783 963 2933 1020 solet
2957 963 3408 1036 profundiorem
3431 967 3485 1018 et
3505 969 3668 1019 antc-

2018 1053 2177 1110 riora
2206 1053 2503 1126 deponere
2526 1059 2582 1110 ct
2605 1054 2767 1111 clara
2793 1053 3008 1109 diluere
3031 1071 3044 1120 ;
3067 1067 3442 1126 quaecunque
3465 1058 3662 1108 autem

2019 1143 2226 1198 insulsi
2253 1142 2736 1214 redargutionem
2765 1143 2990 1200 habent
3019 1146 3431 1215 apparentem,
3466 1143 3556 1198 his
3583 1143 3669 1198 fe-

2021 1231 2238 1288 stinam
2266 1235 2322 1288 et
2347 1231 2856 1288 evidentissimum
2885 1232 3440 1288 condemnationem
3470 1247 3672 1304 super-

2021 1321 2182 1377 ducit
2210 1340 2222 1390 ;
2255 1321 2384 1378 haec
2406 1337 2545 1378 vero
2575 1329 2728 1378 certe
2752 1338 2874 1378 non
2901 1322 2962 1378 in
2992 1321 3383 1378 dubitationis
3413 1320 3668 1378 formam

2022 1409 2166 1480 ﬁngi
2192 1410 2556 1468 conﬁdenter
2574 1412 2800 1477 asserit,
2826 1411 3234 1468 blaterationis
3255 1426 3396 1466 vero
3419 1411 3600 1466 simul
3616 1415 3672 1466 et

2021 1515 2193 1556 vanae
2217 1500 2534 1573 loquentiae
2550 1501 2748 1557 studia
2768 1501 3092 1570 redarguit.
3119 1499 3290 1566 Quod
3308 1504 3508 1556 autem
3523 1500 3672 1555 illud

2019 1591 2228 1645 statuit
2243 1606 2352 1662 pro
2365 1591 2600 1648 evidens
2613 1589 2765 1660 facit
2781 1595 3160 1661 assumptum
3175 1589 3670 1655 est,manifestum

2022 1677 2248 1749 praebet
2293 1679 2576 1735 omnibus
2615 1679 2860 1748 cognitu
2897 1677 3024 1748 ipse
3063 1677 3148 1732 sui
3189 1677 3348 1732 testis
3407 1677 3671 1734 veritatis

291 1795 382 1828 ται
434 1774 806 1846 παρείληπται,
865 1771 1059 1845 ἐμφανῆ
1131 1771 1522 1843 παρασκευάζει
1585 1777 1744 1823 πᾶσιν
1803 1771 1908 1823 ἐπι-

2019 1781 2218 1839 ρτωοο
2242 1771 2299 1823 et
2321 1767 2539 1824 stabilit
2556 1768 2946 1824 etdoctrinam
2973 1765 3148 1822 nobis
3169 1765 3670 1822 evidentissimam

289 1863 678 1935 γινώσκεσθαι,
737 1861 888 1921 αὐτὸς
947 1861 1132 1914 ἑαυτοῦ
1185 1862 1384 1934 μάρτυς
1443 1861 1468 1912 6
1525 1867 1619 1921 τῆς
1665 1859 1906 1922 ἀληθείας

291 1952 469 2025 κῆρυξ
511 1955 601 2002 καὶ
647 1955 974 2022 παρίσταται
1021 1954 1110 2001 καὶ
1149 1954 1242 2008 τὴν
1271 1945 1622 2002 διδασκαλίαν
1653 1951 1776 2021 ἡμῖν
1817 1949 1912 2022 ἐμ-

295 2040 628 2114 φανεστάτην
679 2037 771 2092 διὰ
823 2047 916 2102 τῆς
969 2042 1262 2113 μαρτυρίας
1303 2043 1612 2110 παρέχεται.
1660 2039 1764 2092 Καὶ
1808 2043 1906 2113 γὰρ

295 2129 585 2202 Ῥωμαίοις
659 2131 868 2202 γράφων
954 2133 1084 2200 φησί
1147 2144 1162 2159 ⁸
1225 2147 1254 2179 ι(
1323 2132 1606 2199 Συνίστημι
1675 2123 1735 2180 δὲ
1787 2129 1908 2199 ὑμῖν

293 2218 490 2276 Φοίϐην
535 2221 630 2276 τὴν
687 2214 914 2289 ἀδελφήν
970 2218 1115 2288 ἡμῶν
1173 2216 1334 2268 οὖσαν
1380 2212 1620 2268 διάκονον
1672 2223 1764 2278 τῆς
1799 2217 1910 2270 Ἐκ-

291 2309 520 2369 κλησίας
549 2315 648 2369 τῆς
693 2305 742 2358 ἐν
791 2311 1080 2378 Κεγχρεαῖς
1112 2320 1128 2335 ·
1161 2326 1189 2355 n
1233 2301 1390 2364 δῆλον
1437 2305 1536 2380 γὰρ
1581 2307 1645 2366 ὡς
1675 2303 1788 2357 ἀντὶ
1817 2312 1909 2358 τοῦ

291 2399 633 2472 παρατίθημι
675 2394 1026 2470 παρείληπται
1072 2397 1150 2466 τὸ,
1201 2398 1486 2458 συνίστημι
1528 2413 1544 2427 ο
1575 2392 1906 2466 ἐπιγινωσκε-

293 2489 429 2540 σθαι
489 2484 770 2558 βούλομαι,
830 2485 1178 2557 γνωρίζεσθαι
1235 2485 1428 2540 ταύτην
1481 2484 1600 2556 ύμῖν
1651 2491 1906 2558 παραινῶ.

293 2577 396 2628 Διά
432 2580 486 2628 τί
530 2592 544 2639 ;
597 2595 622 2625 α
663 2573 772 2627 Ἶνα
810 2573 972 2631 αὐτὴν
1023 2568 1390 2646 προσδέξησθε
1440 2571 1488 2624 ἐν
1537 2576 1712 2646 Κυρίῳ
1751 2572 1910 2636 ἀξίως

291 2671 401 2716 τῶν
459 2663 644 2734 ἁγίων.
702 2683 732 2715 »
789 2661 988 2734 Ὠσπερ
1047 2658 1134 2714 οὖν
1199 2661 1420 2714 ἐνταῦθα
1472 2664 1528 2714 τὸ
1598 2666 1903 2734 συνίστημι,

289 2753 392 2806 ούκ
445 2751 560 2805 ἀντὶ
617 2759 710 2804 τοῦ
762 2752 1066 2825 ὑφεστάναι,
1121 2747 1246 2804 ούδέ
1309 2755 1435 2824 πρὸς
1487 2751 1706 2826 ὕπαρξιν
1763 2753 1907 2823 ἄγειν

287 2840 780 2916 παραλαμϐάνεται,
833 2840 962 2892 ἀλλὰ
1020 2839 1079 2892 τό
1129 2841 1482 2911 γινώσκεσθαι
1531 2845 1620 2892 καὶ
1661 2841 1908 2912 γνωρίζε-

291 2933 426 2984 σθαι
471 2935 564 2984 καὶ
615 2929 808 3003 ἐμφανῆ
862 2931 1176 2982 καθεστάναι
1223 2936 1331 2989 τοῖς
1378 2927 1424 2980 ἐν
1469 2927 1636 3002 Ῥώμη
1679 2933 1770 2988 τὴν
1800 2949 1908 3002 μα-

287 3026 488 3093 καρίαν
545 3018 736 3078 Φοίϐην
793 3017 1210 3090 ἐπισημαίνεται,
1270 3017 1404 3070 οὕτω
1449 3016 1736 3072 κάνταῦθα.
1792 3024 1908 3078 Πῶς

287 3107 354 3164 δὲ
410 3111 440 3167 η
501 3105 688 3161 ἀδικία
733 3109 875 3180 ὑμῶν
926 3111 1018 3165 τὴν
1067 3114 1158 3159 τοῦ
1216 3113 1348 3160 Θεοῦ
1389 3102 1732 3164 δικαιοσύνην
1775 3126 1904 3181 παρ·
1934 3144 1974 3198 C

287 3205 510 3258 ίστησιν
543 3201 654 3266 ;ὡς
693 3206 766 3268 τῷ
813 3201 946 3270 φωτὶ
993 3199 1050 3249 τὸ
1101 3199 1284 3258 σκότος
1331 3197 1734 3270 παρατιθέμενον
1777 3195 1901 3268 μᾶλ-

284 3289 378 3341 λον
425 3287 674 3359 αύγάζειν
723 3285 1128 3352 ἀποϐλέποντας,
1190 3288 1254 3346 ὡς
1309 3289 1367 3338 τὸ
1420 3287 1606 3358 πικρὸν
1653 3294 1726 3355 τῷ
1780 3285 1903 3357 γλυ-

283 3379 510 3441 κάζοντι
553 3375 871 3450 γλυκυτέραν
911 3374 1154 3447 ἐμποιοῦν
1194 3383 1254 3447 τῇ
1300 3377 1476 3446 γεύσει
1515 3379 1608 3432 τὴν
1650 3381 1742 3426 τοῦ
1779 3373 1904 3445 77w-

283 3472 408 3528 κέος
448 3471 706 3524 ποιότητα
735 3480 750 3495 ⁸
783 3467 847 3526 ὡς
892 3468 948 3518 τὸ
989 3467 1165 3537 τραχὺ
1219 3470 1308 3517 καὶ
1361 3463 1585 3522 πλῆττον
1637 3467 1728 3522 τήν
1767 3463 1900 3536 ἁφὴν

283 3555 482 3631 μᾶλλον
535 3557 668 3628 ημᾶς
721 3551 1027 3612 διατίθησιν
1083 3558 1176 3613 τὴν
1222 3561 1314 3606 τοῦ
1353 3553 1490 3607 λείου
1540 3553 1762 3612 ἰσότητα
1812 3557 1902 3606 καὶ

285 3645 592 3719 ὁμαλότητα
656 3643 1066 3696 ἐπαισθάνεσθαι
1113 3661 1126 3676 ·
1187 3645 1253 3704 ὡς
1325 3645 1384 3695 τὸ
1441 3639 1634 3714 ψεῦδος
1689 3641 1898 3715 ἐμφανε-

287 3739 482 3810 στέραν
551 3753 606 3787 τι
647 3739 738 3786 καὶ
784 3735 1142 3806 ποθεινοτέραν
1189 3737 1278 3784 καὶ
1321 3731 1510 3800 μᾶλλον
1561 3733 1899 3806 αἱρετωτέραν

287 3823 568 3897 ἀποφαίνει
621 3831 684 3896 τῇ
735 3824 1021 3898 παραθέσει
1065 3825 1158 3880 την
1209 3820 1450 3880 ἀλήθειαν
1495 3837 1509 3851 ·
1552 3823 1622 3883 ὡς
1663 3820 1899 3894 ἑκάτερον

281 3923 390 3966 τῶν
452 3909 730 3985 διαφοραῖς
797 3911 1244 3983 ἀντιτεταγμέναις
1311 3909 1616 3985 πορρωτέρω
1683 3907 1902 3963 διεστώ-

279 4023 386 4057 των
441 4001 529 4054 ἁπ⁹
592 4001 840 4066 ἀλλήλων,
897 4004 956 4054 τὸ
1007 4003 1098 4073 μιν
1149 4005 1240 4058 τὴν
1300 3999 1598 4072 φαυλότητα
1651 4007 1744 4052 τοῦ
1787 4003 1900 4071 χεί-

281 4111 434 4166 ρονος
475 4090 560 4144 ἐπὶ
619 4091 768 4143 πλέον
821 4087 1104 4162 διελέγχει,
1149 4093 1206 4142 τὸ
1265 4086 1324 4142 δὲ
1361 4093 1454 4148 τὴν
1498 4097 1592 4141 τοῦ
1638 4093 1898 4161 κρίνοντος

284 4182 560 4256 ἐμφανίζει
615 4179 938 4252 ἁγαθῶητα.
988 4184 1087 4232 Καὶ
1129 4181 1232 4253 γὰρ
1279 4177 1362 4251 ἀφ’
1403 4178 1624 4232 ἑκάστου
1671 4187 1771 4230 τῶν
1815 4176 1900 4229 ἀν-

281 4275 584 4345 τικειμένων
649 4269 734 4322 ἐπὶ
795 4271 1004 4342 θάτερον
1071 4271 1120 4321 οἱ
1174 4267 1566 4340 μεταϐαίνοντες
1633 4267 1732 4321 ἀπὸ
1810 4269 1898 4340 μὲν

282 4370 380 4416 τοῦ
423 4365 660 4434 χείρονος
709 4363 802 4418 τὴν
845 4367 938 4412 τοῦ
995 4363 1284 4432 κρείττονος
1330 4357 1638 4433 ὑπερϐολὴν,
1694 4357 1794 4412 ἀπὸ
1842 4357 1902 4414 6":

281 4459 382 4506 τοῦ
449 4453 740 4524 κρείττονος
805 4453 899 4506 τὴν
973 4455 1066 4500 τοῦ
1129 4446 1479 4520 ἀντικειμένου
1547 4447 1841 4520 φαυλότητα
1883 4461 1898 4476 ⁶

281 4543 462 4612 ὥσπερ
512 4534 584 4590 δι’
631 4537 930 4600 αἰσθήσεως
983 4545 1082 4588 τῶν
1129 4537 1392 4594 αἰσθητῶν
1435 4553 1446 4565 ·
1481 4537 1615 4589 οὕτω
1655 4534 1722 4596 δὴ
1768 4537 1902 4590 οὕτω

281 4635 377 4683 καὶ
425 4637 498 4698 τῷ
537 4631 786 4698 πανσόφῳ
841 4625 1028 4697 Παύλῴ
1081 4626 1126 4678 εἰ
1175 4631 1263 4678 καὶ
1311 4628 1448 4678 κατὰ
1497 4635 1688 4698 σχῆμα
1717 4623 1901 4679 διαπο-

279 4723 542 4796 ρουμένης
596 4717 886 4778 ὑποθέσεως
921 4733 932 4745 ·
963 4718 1028 4776 ὡς
1076 4720 1168 4774 τὴν
1207 4722 1299 4767 τοῦ
1349 4723 1480 4768 Θεοῦ
1531 4713 1896 4781 δικαιοσύνην,

269 4813 432 4882 ’ἡμῶν
455 4811 486 4866 ἡ
531 4803 716 4859 ἀδικία
755 4811 1064 4863 συνίστησιν
1093 4823 1104 4834 ·
1131 4809 1218 4857 Διό
1244 4809 1334 4857 καὶ
1367 4804 1608 4876 συνάψας
1637 4811 1746 4867 τοῖς
1771 4824 1896 4880 προ-

279 4897 506 4952 λαϐοῦσι
531 4902 590 4948 τό
622 4913 634 4926 ’
672 4915 700 4948 «
733 4901 818 4954 Μὴ
861 4891 1048 4955 ἄδικος
1092 4895 1117 4946 6
1162 4897 1292 4954 Θεὸς
1321 4896 1347 4945 6
1377 4894 1624 4967 ἐπιφέρων
1668 4899 1762 4952 τὴν
1807 4895 1892 4968 ὁρ-

277 4993 386 5060 γὴν
416 5003 430 5053 ;
463 5005 490 5036 ι)
519 4986 699 5057 ἐπάγει
727 4988 786 5036 τό
809 5001 824 5013 ⁸
876 5003 904 5034 (ι
942 4987 1028 5042 Μὴ
1061 4987 1278 5053 γένοιτο.
1312 5003 1336 5034 ν
1371 4988 1518 5036 Διατί
1545 5002 1563 5055 ;
1597 4989 1734 5036 Acori
1767 4983 1894 5056 ούχὶ

281 5077 742 5148 σύγνωμονούντων
794 5075 940 5145 ἡμῶν
993 5077 1080 5124 καὶ
1135 5074 1430 5144 θεραπεύειν
1488 5075 1546 5124 τὸ
1597 5080 1746 5125 Θεῖον
1793 5073 1894 5134 ζη-

279 5169 526 5228 τούντων,
577 5165 608 5221 ἡ
656 5159 842 5216 ἀδικία
888 5163 1034 5232 ἡμῶν
1085 5158 1540 5236 ὃιαμαρτυρομένη
1578 5167 1668 5214 καὶ
1697 5165 1892 5234 κηρύτ-

2019 1872 2126 1928 per
2157 1856 2550 1913 testimonium
2587 1856 2776 1912 aﬂ'ert.
2809 1855 3036 1912 Etenim
3076 1855 3155 1912 ad
3187 1858 3488 1911 Romanos
3529 1855 3670 1910 scri-

2017 1945 2166 2002 bens
2203 1947 2286 2002 ait
2315 1966 2332 2003 :
2358 1968 2386 1996 «
2421 1945 2790 2004 Commendo
2815 1952 3010 2002 autem
3042 1945 3215 2002 vobis
3247 1944 3506 2001 Phceben
3536 1960 3670 2003 soro

2017 2051 2144 2092 rem
2183 2041 2451 2094 nostram
2503 2053 2636 2108 qua:
2673 2042 2762 2094 est
2797 2037 2861 2092 in
2919 2036 3242 2092 ministerio
3299 2035 3569 2092 Ecclesia:
3609 2035 3668 2090 in

2019 2124 2298 2182 Cenchris
2337 2127 2384 2163 ¹⁶
2416 2142 2431 2193 ;
2472 2149 2502 2176 ››
2560 2126 2806 2183 evidens
2844 2127 3004 2182 enim
3053 2141 3164 2197 pro
3208 2125 3555 2181 Prwsentem
3593 2124 3670 2180 si-

2015 2223 2115 2285 sto,
2159 2221 2536 2288 assumptum
2566 2221 2657 2272 est
2679 2215 2826 2271 illud
2865 2214 3214 2272 Commendo
3245 2230 3260 2280 ;
3291 2217 3496 2270 notam
3539 2229 3667 2270 esse

2017 2303 2175 2369 volo,
2223 2319 2546 2377 agnoscere
2587 2303 2744 2360 hanc
2801 2319 2906 2360 vos
2973 2303 3194 2359 hortor.
3250 2302 3496 2368 Quare?
3531 2325 3552 2354 ι
3607 2307 3669 2359 ut

2019 2407 2154 2449 eam
2205 2393 2516 2464 excipiatis
2561 2392 2622 2448 in
2677 2392 2930 2448 Domino
2987 2392 3167 2466 digne
3219 2391 3442 2448 sanctis
3484 2393 3532 2427 1⁸
3565 2410 3578 2425 ·
3640 2412 3662 2441 ι

2019 2483 2088 2538 Ut
2135 2498 2278 2553 ergo
2327 2482 2424 2538 hic
2479 2481 2624 2538 illud
2682 2481 3035 2546 Commendo,
3088 2495 3212 2538 non
3259 2495 3368 2552 pro
3421 2487 3668 2538 statuere

2015 2585 2127 2626 nec
2154 2571 2232 2626 ad
2257 2571 2656 2628 exsistenliam
2703 2571 2995 2626 adducere
3043 2568 3390 2634 assumitur,
3433 2568 3539 2625 sed
3577 2585 3671 2624 co-

2017 2660 2224 2730 gnosci
2260 2663 2316 2716 et
2352 2663 2558 2716 notam
2597 2658 2790 2716 facere
2827 2663 2882 2714 et
2920 2657 3300 2716 manifestam
3354 2658 3556 2714 sistere
3594 2658 3668 2714 iis

2015 2749 2118 2821 qui
2158 2750 2358 2805 Romae
2380 2753 2518 2804 sunt
2543 2749 2784 2805 beatam
2830 2747 3096 2804 Phoeben
3131 2747 3449 2817 signiﬁcat,
3492 2747 3576 2802 sic
3615 2755 3670 2803 et

2015 2837 2156 2894 illic.
2182 2837 2496 2904 Quomodo
2517 2843 2718 2894 autem
2741 2837 3024 2909 iniquitas
3045 2841 3238 2894 vestra
3261 2837 3362 2892 Dei
3377 2836 3667 2906 justitiam

2017 2927 2259 2984 statuit?
2273 2932 2336 2982 ut
2349 2925 2465 2983 luci
2483 2926 2740 2984 tenebrae
2757 2926 3046 2998 appositae
3057 2925 3135 2981 ad
3160 2925 3353 2994 magis
3371 2925 3428 2980 ill
3439 2929 3666 2980 ustran-

2013 3015 2162 3071 dum
2183 3015 2558 3087 aspicientes,
2580 3019 2636 3072 at
2649 3030 2926 3072 amarum
2951 3013 3316 3070 dulcescenti
3337 3013 3665 3070 dulciorem

2015 3103 2238 3162 faciens
2277 3105 2478 3175 gustui
2515 3104 2708 3161 dulcis
2745 3103 3140 3176 qualitatem;
3182 3107 3244 3159 ut
3290 3118 3572 3174 asperum
3611 3108 3667 3159 et

2014 3194 2352 3267 percutiens
2377 3199 2600 3251 tactum
2628 3194 2822 3263 magis
2851 3209 2963 3249 nos
2987 3193 3248 3265 disponit
3273 3192 3434 3264 politi
3465 3209 3666 3266 aequa-

2012 3285 2242 3340 litatem
2267 3287 2326 3340 et
2351 3284 2640 3340 unitatem
2659 3283 2734 3340 ad
2755 3281 3132 3338 sentiendum
3165 3299 3180 3349 ;
3207 3287 3276 3338 ut
3291 3281 3510 3338 falsum
3539 3297 3667 3338 ma-

2013 3372 2382 3430 nifestiorem
2403 3377 2458 3428 et
2483 3371 3028 3429 desiderabiliorem
3052 3376 3108 3427 et
3131 3371 3325 3442 magis
3347 3370 3664 3442 eligibilem

2012 3461 2270 3519 declarat
2309 3461 2682 3534 appositione
2719 3461 3026 3518 veritatem
3062 3477 3076 3528 ;
3120 3465 3184 3517 ut
3213 3465 3533 3532 utrumque
3571 3460 3666 3514 di-

2011 3550 2394 3608 versitatibus
2431 3550 2724 3623 oppositis
2755 3551 2994 3621 longius
3031 3549 3384 3606 distantium
3413 3549 3494 3606 ab
3519 3549 3668 3606 invi-

2013 3656 2164 3708 cem,
2197 3656 2386 3697 unum
2427 3639 2674 3714 quidem
2711 3639 2993 3696 vilitatem
3033 3639 3254 3711 pejoris
3283 3639 3415 3712 plus
3455 3639 3662 3708 arguit,

2012 3730 2264 3788 alterum
2295 3745 2436 3786 vero
2463 3728 2786 3801 judicantis
2815 3729 3158 3786 manifestat
3184 3728 3538 3785 bonitatem.
3571 3730 3668 3784 Et-

2010 3820 2172 3876 enim
2193 3818 2272 3875 ab
2297 3834 2665 3892 unoquoque
2685 3818 3096 3891 oppositorum
3115 3817 3194 3872 ad
3209 3817 3458 3873 alterum
3473 3821 3666 3874 trans-

2009 3913 2217 3964 euntes
2247 3924 2286 3964 a
2307 3909 2510 3979 pejora
2541 3906 2800 3962 melioris
2829 3906 3329 3978 superioritatem,
3367 3923 3402 3961 a
3433 3905 3662 3962 meliori

2010 4002 2212 4054 autem
2241 3995 2502 4068 oppositi
2529 3997 2812 4052 vilitatem
2846 4012 2860 4062 ;
2890 4001 2954 4052 ut
2993 4011 3092 4066 per
3130 4004 3376 4050 sensum
3415 3994 3664 4050 sensibi-

2011 4085 2156 4142 lium
2189 4104 2202 4152 ;
2225 4086 2310 4142 ita
2329 4089 2481 4141 certe
2499 4089 2558 4140 et
2583 4085 2789 4141 omnia
2812 4084 3062 4156 sapienti
3089 4083 3292 4149 Paulo,
3323 4084 3430 4140 etsi
3456 4098 3664 4138 secun-

2011 4175 2156 4231 dum
2176 4175 2434 4232 formam
2449 4173 2648 4230 dubiae
2665 4173 3095 4246 suppositionis
3115 4189 3130 4239 ;
3151 4173 3233 4228 sic
3263 4173 3364 4228 Dei
3375 4172 3396 4242 j
3409 4171 3661 4226 ustitiam

2009 4269 2218 4321 nostra
2239 4265 2521 4335 injustitia
2550 4264 2770 4320 statuit.
2812 4263 2952 4319 Ideo
2991 4266 3213 4318 etcum
3251 4260 3664 4331 conjunxisset

2011 4353 2484 4424 praecedentibus
2513 4353 2660 4410 illud
2689 4370 2702 4410 :
2735 4373 2760 4404 α
2792 4355 2946 4410 Num
2983 4353 3242 4422 injustus
3264 4352 3418 4406 Deus
3447 4351 3548 4422 qui
3577 4349 3663 4404 in-

2013 4443 2124 4500 fert
2146 4443 2300 4499 iram
2329 4445 2372 4480 ιτ
2405 4443 2433 4498 ?
2465 4463 2494 4496 »
2526 4443 2692 4500 addit
2731 4441 2878 4498 illud
2907 4459 2920 4497 :
2955 4461 2982 4494 (ι
3027 4442 3189 4496 Absit
3219 4442 3264 4476 ¹⁸
3299 4441 3312 4496 ι
3349 4461 3376 4488 ››
3417 4441 3610 4505 Quare
3634 4439 3661 4494 ?

2014 4533 2164 4598 Quia
2193 4547 2316 4588 non
2342 4531 2667 4604 prudenter
2695 4529 3010 4601 agentibus
3039 4528 3212 4586 nobis
3241 4533 3297 4585 et
3323 4528 3542 4584 servire
3573 4527 3662 4583 Di-

2012 4621 2238 4678 vinitati
2261 4621 2694 4694 quaerentibus,
2724 4619 3014 4691 injustitia
3043 4623 3247 4676 nostra
3269 4617 3586 4674 testiﬁcans
3607 4620 3665 4673 et

2010 4711 2348 4785 pradicans
2364 4711 2655 4782 justitiam
2669 4711 2798 4780 ejus
2817 4709 3202 4765 manifestam
3225 4707 3380 4773 fecit,
3400 4707 3504 4763 sed
3517 4723 3664 4778 quo-

2011 4801 2194 4859 modo
2223 4801 2444 4856 dictum
2473 4804 2564 4856 est
2587 4799 2914 4856 bonitatem
2936 4813 3042 4870 per
3069 4796 3508 4868 improbitatem
3539 4811 3664 4852 ma-

2007 4891 2368 4947 nifestiorem
2411 4889 2558 4945 sisti.
2593 4891 2736 4954 Quae
2762 4893 2964 4944 autem
2997 4891 3332 4959 sequuntur
3360 4886 3474 4942 loci
3511 4885 3662 4942 difﬁ-

2007 4981 2140 5038 cilia
2167 4980 2470 5052 speculatu
2493 4979 2684 5048 magis
2707 4978 2938 5050 propria
2961 4977 3108 5033 forte
3123 4975 3436 5041 solutione,
3455 4975 3663 5031 divina

2005 5069 2380 5143 providentia
2418 5068 2731 5139 benignius
2778 5083 2890 5124 nos
2925 5065 3296 5139 inspiciente,
3337 5081 3458 5122 non
3501 5079 3662 5122 care-

2001 5160 2174 5217 bunt

279 5274 452 5308 τουσα
515 5258 610 5312 τὴν
679 5249 1020 5308 δικαιοσύνην
1087 5251 1244 5302 αὐτοῦ
1309 5249 1618 5321 ἐνεφάνισεν,
1685 5249 1790 5302 ἀλλ’
1853 5253 1907 5304 ὃν
1967 5253 2156 5326 τρόπον
2222 5253 2425 5322 εἳρηται
2487 5251 2581 5306 τὴν
2634 5245 2938 5320 ἆγαθὸτητα
2995 5243 3090 5300 διὰ
3131 5255 3228 5306 τῆς
3272 5250 3460 5308 κακίας
3503 5243 3662 5318 ἐμφά-

277 5349 524 5417 νεστέραν
573 5341 954 5394 καθίστασθαι.
1007 5343 1084 5392 Τὰ
1132 5337 1192 5392 δὲ
1239 5339 1358 5401 ἑξῆς
1407 5347 1496 5392 τοῦ
1548 5345 1754 5412 χωρίου
1817 5337 2164 5413 δυσθεώρητα
2223 5335 2514 5410 ἰδιαιτέρας
2567 5338 2692 5399 ἴσως
2745 5336 3040 5401 ἐπιλύσεως,
3083 5345 3178 5397 τῆς
3231 5337 3372 5397 θείας
3415 5339 3661 5408 προνοίας

279 5433 640 5505 εὐμενέστερον
671 5432 796 5504 ἡμῖν
821 5429 1105 5502 ἐφορὼσης,
1138 5429 1232 5480 ούκ
1272 5425 1630 5491 ἀποτεύξεται.

938 5607 984 5643 ¹⁶
1014 5605 1160 5664 ibid.

354 5610 400 5644 1⁵
432 5611 603 5664 Rom.
639 5622 752 5674 xv1,
792 5612 840 5663 1.
938 5607 984 5643 ¹⁶
1014 5605 1160 5664 ibid.
1242 5608 1286 5642 1⁷
1323 5609 1494 5666 Rom.
1531 5606 1621 5676 lll,
1733 5607 1782 5643 1⁸
1811 5605 2040 5663 ibid.6.
