4140 6198
453 317 556 375 435

804 444 1128 510 QUxESTIO
1160 441 1352 498 LXVIII
1380 440 1484 513 [αι.
1519 439 1743 513 LXVII].

449 534 610 589 Illud
637 550 650 589 :
684 554 711 585 «
745 534 813 589 Si
848 533 1120 603 genuerit
1161 548 1255 588 vir
1283 537 1538 603 centum,
1564 536 1614 584 et
1655 545 1844 585 annos
1882 531 2100 585 multos

523 606 757 669 vixerit,
792 602 1152 660 et’numerus
1177 605 1467 673 quierunt
1500 602 1622 655 dies
1649 617 1944 656 annorum
1973 604 2100 670 ejus

519 694 634 731 non
651 677 997 744 imptebitur
1019 675 1274 729 bonitate
1303 690 1316 734 ;
1345 679 1392 726 et
1416 673 1740 742 sepulcrum
1758 689 1870 728 non
1886 673 2002 740 [uit
2026 674 2095 737 ei,

518 749 648 802 dixi
663 750 872 802 bonum
888 762 1066 814 super
1086 762 1212 800 eum
1237 744 1596 808 abortivum;
1635 745 1909 813 quoniam
1927 747 1987 797 in
2007 761 2102 798 va-

519 822 701 874 nitate
724 819 901 882 venit,
925 825 977 874 et
1001 819 1061 871 in
1085 817 1337 872 tenebris
1361 831 1565 869 nomen
1591 817 1716 883 ejus
1740 815 2095 879 involvetur,

521 897 574 946 et
595 891 771 945 solem
799 905 918 943 non
948 888 1093 944 vidit
1117 903 1223 942 nec
1250 887 1512 956 cognovit
1543 902 1557 950 ;
1591 887 1820 956 requies
1843 885 1980 940 huic
2003 901 2098 940 su-

520 977 627 1029 per
658 962 850 1015 illum.
877 979 906 1010 »
939 961 1066 1014 Hoc
1092 966 1284 1014 autem
1310 959 1526 1012 dictum
1542 972 1865 1027 quamnam
1888 957 2102 1013 discre-

522 1033 737 1088 tionem
768 1038 820 1088 et
853 1031 1294 1088 elucidatt‘onem
1328 1029 1731 1084 demonstrare
1758 1029 1990 1096 potest?

1692 314 1932 370 PHOTII
1971 312 2454 372 PATRIARCHAS
2494 312 2601 370 ΟΡ.

3692 311 3797 370 436

2769 445 3085 493 ΕΡΩΤΗΣΙΣ
3122 437 3244 492 ΞΗἏ

2208 535 2278 583 Τό
2325 549 2338 562 ο
2393 549 2420 581 «
2464 529 2581 580 Ἐὰν
2637 534 2861 601 γεννήσῃ
2927 528 3054 598 ἀνὴρ
3105 529 3305 591 ἑκατόν,
3370 532 3460 580 καὶ
3514 530 3600 584 ἔτη
3658 529 3824 581 πολλὰ

2284 601 2522 665 ζήσεται,
2596 608 2684 653 καὶ
2753 601 2943 660 πλῆθος
3020 603 3099 652 ὅτι
3170 603 3376 651 ἔσονται
3447 601 3637 670 ἡμέραι
3693 601 3821 652 ἐτῶν

2283 673 2440 723 αὐτόν
2520 672 2612 722 οὐκ
2685 671 3114 743 ἐμπλησθήσεται
3189 672 3287 723 ἀπὸ
3364 679 3460 730 τῆς
3536 671 3822 740 ἀγαθωσύ-

2281 764 2368 803 νης
2418 762 2429 773 ·
2478 748 2567 793 καί
2617 762 2676 811 γε
2709 740 2858 812 ⁷’τάφὴ
2911 744 3002 794 οὐκ
3052 743 3244 813 ἐγένετο
3295 741 3453 812 αὐτῷ,
3517 740 3635 793 εἶπα
3685 742 3821 812 ἀγα-

2285 816 2369 866 θόν
2444 815 2569 886 ὑπὲρ
2642 814 2792 865 αὐτόν
2850 818 2908 866 τό
2974 812 3213 885 ἔκτρωμα
3271 833 3284 845 ·
3345 815 3424 865 ὅτι
3495 812 3545 864 ἐν
3601 819 3824 884 ματαιό-

2282 904 2402 944 τητι
2458 883 2596 949 ἦλθε,
2666 891 2753 937 καὶ
2812 884 2860 935 ἐν
2932 883 3105 937 σκότει
3141 883 3218 936 ‘1'6
3295 888 3474 955 ἄνομοι⁸
3514 883 3674 936 αὑτοῦ
3727 906 3825 936 κα-

2280 956 2599 1029 λυφθήσεται
2655 974 2667 986 ’
2720 960 2808 1007 καί
2880 976 2938 1025 γε
3006 957 3148 1014 ἣλιον
3222 955 3315 1006 οὐκ
3381 952 3505 1007 ἐἶδε
3571 961 3662 1007 καὶ
3718 957 3818 1008 οὐκ

2282 1025 2408 1098 ἔγνω
2455 1046 2465 1056 ·
2511 1029 2799 1088 ἀνάπαυσις
2846 1030 3012 1098 τούτῳ
3052 1029 3177 1098 ὑπὲρ
3223 1034 3404 1078 τοῦτον
3447 1046 3459 1057 ·
3501 1050 3526 1074 ››
3564 1036 3718 1079 τοῦτο
3747 1025 3816 1085 δη

2281 1094 2338 1151 τό
2421 1101 2758 1172 ρητόνλτίνα
2844 1094 3113 1171 διάκρισιν
3149 1094 3272 1149 ⁷καὶ
3351 1101 3630 1170 σαφήνειαν
3710 1097 3819 1150 ἐπιο

2283 1166 2558 1232 δείξασθαι
2591 1166 2812 1222 δύναται
2850 1186 2863 1236 ;

1452 1255 1610 1304 Edita
1637 1268 1670 1304 a
1703 1253 1867 1310 Maio,
1897 1253 2004 1311 l.c.,
2030 1269 2081 1317 p.
2112 1255 2272 1313 83-84,
2305 1259 2361 1307 In
2393 1259 2561 1308 Eccle.
2600 1271 2674 1313 vt,
2699 1259 2795 1306 3-5.

519 1337 676 1392 Multi
703 1337 873 1392 liberi
920 1337 991 1392 iis
1033 1336 1135 1409 qui
1167 1337 1226 1392 in
1267 1336 1491 1391 mundo
1530 1341 1594 1391 ut
1633 1351 1778 1390 sane
1812 1349 2098 1404 magnum

445 1425 671 1481 bonum
694 1426 1074 1482 ambitiosius
1107 1425 1552 1497 exquirebatur,
1589 1423 1863 1479 similiter
1902 1429 2102 1479 autem

447 1521 503 1569 et
529 1514 775 1585 longum
801 1520 1040 1586 tempus
1058 1516 1206 1576 vitae,
1232 1513 1459 1567 Etenim
1479 1512 1699 1583 saepius
1729 1511 2104 1566 servantibus

448 1603 685 1658 Domini
705 1602 1440 1673 justificationes,longam
1459 1601 1589 1656 vitae
1609 1606 1841 1672 tempus
1862 1601 1921 1654 in
1943 1599 2105 1655 retri-

449 1692 758 1746 butionem
783 1692 1133 1746 extenditur.
1167 1691 1222 1747 Si
1249 1691 1384 1762 quis
1414 1690 1609 1760 igitur,
1648 1690 1726 1744 ait
1758 1689 2019 1755 Salomo,
2049 1693 2105 1744 et

450 1780 829 1836 multitudine
851 1781 1176 1835 liberorum
1197 1761 1760 1849 superabundanter
1773 1778 1898 1831 aliis
1915 1777 2104 1832 homi-
2140 1761 2182 1816 Β

450 1869 630 1924 nibus
662 1869 1007 1940 supervixit,
1052 1873 1106 1924 et
1134 1869 1315 1936 longo
1358 1872 1614 1939 tempore
1654 1867 1836 1920 vitam
1879 1871 2104 1937 protra-

453 1966 608 2013 ctam
629 1975 810 2030 quam
835 1958 1091 2013 maxime
1108 1957 1328 2012 habeat
1352 1974 1365 2023 ;
1401 1957 1474 2011 de
1505 1959 1719 2010 caetero
1741 1970 1879 2011 vero
1900 1954 2105 2026 nequi-

452 2047 548 2101 tiis
587 2047 772 2101 vitam
813 2047 1011 2112 fcedet,
1054 2045 1337 2101 bonitatis
1378 2045 1656 2100 fruitione
1695 2059 1815 2100 non
1847 2043 2104 2113 implens

452 2151 619 2189 suam
651 2149 843 2206 neque
884 2148 1214 2204 perornans
1235 2135 1525 2199 animam,
1547 2138 1602 2187 et
1624 2138 1935 2203 propterea
1956 2131 2103 2186 forte

449 2239 645 2293 neque
672 2222 974 2293 sepultura
1008 2221 1226 2289 dignus
1248 2227 1337 2276 est
1363 2221 1624 2285 habitus,
1647 2219 1782 2275 talis
1804 2220 1894 2275 vir
1914 2219 2102 2275 multo

449 2311 689 2366 inferior
726 2317 782 2366 et
817 2311 950 2381 jure
988 2316 1360 2381 reputaretur
1409 2310 1717 2377 abortivo;
1761 2308 2102 2364 abortivum

449 2400 695 2471 quidem
719 2399 904 2454 solem
935 2415 1054 2454 non
1080 2399 1242 2462 vidit,
1264 2414 1372 2454 nec
1392 2398 1836 2469 habuitquibus
1859 2396 2104 2468 inspice-

451 2495 539 2543 ret
569 2505 705 2559 quaa
745 2493 882 2542 sunt
919 2492 975 2543 et
1013 2489 1311 2542 actionum
1345 2486 1617 2541 meliores
1659 2485 1949 2556 praeferet.
1994 2483 2101 2549 Qui

451 2582 655 2632 autem
686 2577 779 2631 his
819 2575 1098 2630 omnibus
1131 2575 1450 2630 honoratus
1488 2581 1544 2628 et
1581 2588 1836 2628 numero
1877 2587 2100 2642 magno

452 2665 768 2721 liberorum
811 2663 1043 2720 laetatus
1083 2669 1140 2720 et
1174 2663 1387 2718 fruitus
1440 2663 1725 2719 diuturna
1765 2663 1906 2728 vita,
1960 2662 2104 2734 quia

450 2754 730 2809 bonitatis
771 2768 890 2808 non
931 2752 1040 2808 fuit
1077 2752 1384 2824 particeps,
1437 2767 1632 2823 neque
1663 2750 1887 2806 deliciis
1925 2751 2104 2805 absti-

453 2844 581 2898 nuit
601 2841 847 2898 vilitatis
866 2849 920 2896 et
937 2843 1240 2913 sepultura
1256 2841 1428 2910 juxta
1452 2839 1718 2895 meritum
1741 2839 1870 2894 haec
1900 2843 2106 2894 secuta

453 2937 580 2998 est;
606 2932 738 3002 jure
768 2930 991 3003 pejoris
1020 2931 1114 2985 hic
1147 2930 1340 2998 magis
1373 2930 1475 2985 fati
1497 2944 1680 3001 quam
1703 2927 1844 2983 illud
1873 2935 2105 2999 reputa-

453 3021 629 3077 bitur.
663 3020 850 3075 Etnim
882 3019 977 3074 hic
1004 3019 1188 3074 solem
1221 3018 1431 3073 videns
1460 3019 1520 3074 in
1554 3017 1811 3074 tenebris
1833 3017 2106 3074 ambula-

2282 1338 2339 1391 Ἠ
2396 1334 2723 1390 πολυπαιδία
2770 1344 2881 1394 τοῖς
2919 1337 2970 1388 ἐν
3002 1341 3185 1409 κόσμῳ
3233 1338 3317 1389 οἵα
3361 1333 3428 1395 δὴ
3464 1340 3601 1408 μέγα
3627 1346 3827 1408 χρῆμα

2213 1427 2608 1500 φὶλοτιμώτερον
2687 1423 3059 1495 ἐσπουδάζετο,
3149 1429 3401 1487 ὡσαύτως
3469 1423 3529 1478 δὲ
3605 1431 3695 1478 καὶ
3763 1429 3826 1477 τὸ

2213 1515 2557 1588 πολυχρόνιον
2593 1534 2604 1544 ·
2647 1520 2735 1567 καὶ
2777 1518 2876 1587 γὰρ
2921 1515 3189 1586 πολλαχοῦ
3246 1522 3356 1576 τοῖς
3396 1515 3717 1586 φυλάττουσι
3756 1518 3829 1567 τὰ

2211 1612 2302 1655 τοῦ
2372 1609 2565 1677 Κυρίου
2620 1600 2972 1674 δικαιώματα,
3029 1608 3087 1655 τὸ
3142 1603 3489 1676 πολυχρόνιον
3549 1604 3622 1664 εἰς
3681 1602 3824 1654 ἀντι-

2213 1695 2429 1764 μισθίαν
2482 1694 2819 1746 ύποτείνεται.
2860 1691 2974 1745 Ἐὰν
3033 1689 3120 1744 οὖν
3175 1712 3273 1756 τις,
3321 1693 3532 1763 φησὶνό
3565 1692 3823 1763 Σολομὼν,

2212 1786 2303 1832 καὶ
2347 1789 2408 1852 τῇ
2465 1781 2823 1852 πολυπληθείᾳ
2860 1789 2957 1832 τῶν
3004 1785 3190 1832 τέκνων
3237 1781 3355 1833 καθ’
3396 1780 3681 1854 ὑπερϐολὴν
3722 1790 3827 1832 τῶν

2213 1871 2376 1922 ἀλλων
2449 1869 2726 1944 ἀνθρώπων
2785 1871 3006 1942 ύπερέζη
3066 1875 3154 1921 καὶ
3202 1879 3276 1940 τῷ
3338 1869 3670 1943 πολυχρονίῳ
3728 1875 3828 1926 τὴν

2216 1964 2352 2023 ζωὴν
2405 1962 2841 2032 παρατεινομένην
2894 1961 2972 2010 ὅτι
3021 1959 3252 2030 μάλιστα
3303 1958 3400 2020 ἔξει
3437 1976 3449 1987 ·
3483 1962 3550 2010 τα
3595 1955 3645 2010 δ’
3691 1959 3830 2012 ἄλλα

2210 2053 2485 2120 πονηρίαις
2527 2051 2611 2099 τόν
2644 2045 2760 2118 βίον
2805 2050 3027 2118 κακύνῇ,
3077 2055 3168 2109 τῆς
3220 2045 3542 2116 ἀγαθότητος
3583 2055 3642 2104 τῆ
3697 2047 3831 2100 ἀπο-

2211 2137 2391 2189 λαύσει
2452 2141 2522 2208 μὴ
2583 2135 2888 2207 ἐμπιμπλῶν
2950 2137 3110 2187 αὑτοῦ
3163 2133 3302 2208 μηδὲ
3363 2133 3667 2206 διακοσμῶν
3729 2141 3829 2194 τὴν

2211 2223 2417 2294 ψυχὴν,
2475 2229 2564 2275 καὶ
2614 2221 2708 2276 διὰ
2761 2232 2916 2276 τοῦτο
2960 2228 3088 2285 ἴσως
3140 2221 3280 2295 μηδὲ
3327 2233 3490 2295 ταφῆς
3535 2223 3757 2296 ἀξιωθῇ,
3801 2228 3828 2277 ό

2212 2321 2446 2373 τοιοῦτος
2489 2312 2617 2384 ἀνὴρ
2677 2312 2846 2382 πολλῷ
2901 2318 3094 2383 χείρων
3159 2317 3249 2365 καὶ
3303 2308 3518 2372 δικαίως
3568 2311 3626 2363 ἂν
3676 2312 3832 2382 λογι-

2215 2404 2469 2458 σθήσεται
2498 2409 2588 2453 τοῦ
2629 2402 2954 2472 ἐκτρώματος
2989 2419 3002 2431 °
3031 2406 3088 2453 1'6
3134 2405 3224 2472 μεν
3271 2404 3510 2473 ἔκτρωμα
3539 2401 3680 2459 ἣλιον
3729 2402 3828 2453 οὐκ

2213 2487 2366 2555 εἶδεν,
2410 2490 2503 2541 οὐκ
2549 2494 2704 2561 ἔσχεν
2749 2492 2827 2552 οἷς
2872 2489 2931 2540 ἆν
2980 2486 3152 2542 ἐπεῖδε
3205 2509 3260 2542 τε
3318 2493 3381 2542 τὰ
3427 2495 3549 2542 ὄντα
3577 2495 3666 2542 καὶ
3723 2499 3829 2542 τῶν

2210 2580 2441 2652 πράξεων
2468 2581 2556 2639 τὰς
2603 2577 2843 2651 ἀμείνους
2889 2579 3171 2652 προείλετο.
3200 2579 3259 2631 Ὁ
3299 2576 3358 2632 δε
3399 2583 3602 2640 τούτοις
3649 2580 3826 2631 ἅπασι

2209 2670 2451 2739 τιμηθεὶς
2509 2672 2599 2719 καὶ
2668 2667 3017 2738 πολυπληθείᾳ
3089 2665 3295 2720 παίδων
3369 2668 3663 2740 εύφρανθεὶς
3734 2673 3829 2720 καὶ

2213 2757 2510 2816 ἀπολαύσας
2560 2766 2652 2818 τῆς
2701 2756 3137 2830 μακροϐιότητός,
3197 2756 3304 2808 ἐπεὶ
3355 2765 3448 2817 τῆς
3501 2755 3827 2826 ἀγαθότητος

2212 2848 2271 2898 ού
2302 2851 2570 2917 μετέσχεν,
2615 2842 2738 2897 οὐδὲ
2780 2854 2983 2917 τρυφῶν
3032 2843 3296 2917 ἀπέσχετο
3336 2853 3432 2907 τῆς
3475 2845 3826 2916 φαυλότητος,

2211 2940 2302 2986 καὶ
2342 2937 2370 2992 ἠ
2419 2938 2554 3005 ταφή
2613 2934 2728 2985 κατ’
2783 2933 2930 2996 ἀξίαν
2979 2937 3179 2994 τούτοις
3234 2935 3585 2992 ἠκολούθησεν
3629 2954 3641 2966 '
3694 2935 3830 2986 εἰκό-

2213 3043 2314 3084 τως
2367 3019 2426 3074 δε
2482 3032 2577 3084 τῆς
2627 3027 2863 3095 χείρονος.
2910 3022 3059 3084 οὗτος
3108 3022 3296 3093 μᾶλλον
3355 3028 3538 3094 μοίρας
3585 3024 3613 3081 ἦ
3665 3022 3829 3075 ἐκεῖνο

453 3109 578 3175 bat,
614 3114 670 3164 et
695 3124 917 3163 nomen
949 3107 1170 3163 illustre
1193 3107 1525 3179 relinquere
1551 3123 1651 3178 per
1673 3105 1895 3162 nobilia
1920 3121 2104 3176 opera

2214 3113 2599 3182 λογισθήσεται.
2662 3116 2760 3163 Καὶ
2797 3115 2898 3185 γὰρ
2947 3112 3098 3172 οὗτος
3138 3116 3226 3163 τόν
3277 3112 3418 3170 ἣλιον
3468 3113 3597 3185 ὁρῶν
3649 3111 3696 3163 ἐν
3754 3121 3830 3183 τῷ

454 3215 579 3253 cum
607 3203 828 3270 posset,
862 3197 921 3251 in
945 3197 1204 3252 tenebris
1231 3203 1602 3268 peccatorum
1626 3195 2104 3266 projecitexstin-

453 3286 760 3356 guendum
780 3290 837 3340 et
861 3284 1383 3356 consepeliendutn
1405 3284 1666 3339 vanitati.
1687 3287 1752 3338 Et
1773 3283 1934 3338 aliud
1958 3299 2104 3354 quo-

451 3390 570 3446 que
598 3374 773 3444 hujus
797 3374 873 3428 ad
903 3373 1244 3428 abortivum
1272 3373 1616 3436 discrimen,
1637 3373 1800 3444 quod
1835 3387 2024 3442 pcenaa
2049 3375 2106 3426 et

451 3463 876 3532 castigationes
894 3463 1166 3516 functum
1184 3463 1300 3516 vita
1318 3461 1675 3533 exceperint,
1700 3462 1809 3516 hoc
1827 3477 1966 3516 vero
1983 3460 2104 3515 illa-

451 3567 585 3607 rum
618 3551 839 3605 nullius
870 3551 931 3605 in
971 3550 1395 3620 experientiam
1436 3550 1833 3604 constituitur.
1869 3549 1925 3604 Si
1965 3563 2102 3604 vero

451 3641 588 3712 quis
610 3639 864 3694 audiens
884 3638 1126 3692 Paulum
1145 3638 1443 3692 dicentem
1467 3660 1480 3692 :
1505 3657 1532 3689 ‹‹
1555 3637 1884 3692 Novissime
1901 3643 2103 3693 autem

453 3729 724 3784 omnium
757 3727 922 3782 visus
962 3732 1050 3781 est
1079 3732 1134 3782 et
1180 3726 1326 3781 mihi
1359 3734 1640 3798 tanquam
1675 3726 1947 3781 abortivo
1978 3728 2047 3791 η,
2075 3745 2104 3776 ι»

452 3819 512 3874 in
533 3817 678 3872 illud
699 3816 1147 3872 Salomonicum
1165 3816 1456 3887 respicere
1476 3815 1728 3887 putabit.
1753 3815 1977 3870 Etenim
2008 3815 2104 3870 ille

449 3907 693 3978 justitiae
714 3905 912 3961 Solem
937 3906 997 3960 in
1018 3911 1175 3960 terra
1196 3921 1317 3960 non
1349 3904 1787 3960 viditorientem
1816 3921 1830 3970 ;
1849 3919 1960 3959 nec
1978 3905 2104 3975 ejus

453 3995 768 4066 discipulis
805 3995 1223 4049 connumerari
1266 3999 1389 4049 tum
1439 3994 1652 4065 dignus
1702 3999 1790 4049 est
1835 3993 2102 4061 habitus;

457 4085 626 4141 multi
652 4100 795 4139 vero
826 4082 1284 4154 Solemjustitite
1323 4083 1538 4148 intuiti,
1580 4098 1702 4138 non
1748 4084 1946 4138 minus
1985 4099 2107 4138 am-

456 4174 744 4230 bulabant
780 4174 840 4228 in
877 4172 1136 4227 tenebris
1167 4173 1246 4227 ad
1285 4172 1652 4244 fulgurantes
1701 4171 1898 4228 radios
1937 4173 1997 4227 in
2035 4187 2106 4228 eo

459 4263 782 4318 divinitatis
814 4262 1207 4326 caacutientes,
1235 4262 1344 4316 etsi
1377 4261 1600 4332 reliqua
1626 4260 1833 4316 omnia
1862 4261 1994 4315 vitae
2019 4274 2105 4315 se-

460 4351 658 4408 cundo
691 4367 867 4407 cursu
895 4351 1038 4422 ipsis
1066 4349 1428 4414 ferebantur,
1456 4356 1598 4405 etut
1636 4365 1756 4404 non
1787 4350 1956 4405 facile
1996 4365 2108 4420 pu-

2217 3206 2390 3252 σκότει
2447 3199 2734 3272 ἐπορεύετο,
2780 3206 2869 3251 καὶ
2924 3204 2982 3252 τὸ
3037 3205 3197 3271 ὄνομα
3243 3200 3478 3274 λαμπρόν
3520 3201 3830 3253 καταλιπεῖν

2215 3284 2309 3338 διὰ
2351 3296 2446 3338 τῶν
2480 3287 2786 3339 σπουδαίων
2830 3291 2990 3358 ἔργων
3037 3286 3071 3341 δ
3077 3291 3341 3359 υνάμενος,
3376 3288 3423 3340 ἐν
3454 3298 3523 3359 τῷ
3552 3290 3691 3361 ζόφῳ
3721 3299 3823 3341 τῶν

2214 3375 2600 3448 ἁμαρτημάτων
2652 3375 2904 3450 ἀπέρριψε
2959 3376 3270 3430 σϐέννυσθαι
3327 3383 3415 3428 καὶ
3468 3381 3831 3449 συγκατορύτ-

2211 3467 2396 3517 τεσθαι
2448 3473 2509 3536 τῇ
2545 3470 2885 3536 ματαιότητι.
2949 3471 3047 3518 Καὶ
3095 3466 3222 3523 οἷλλη
3275 3464 3333 3518 δὲ
3379 3470 3564 3519 τούτου
3605 3470 3731 3538 πρὸς
3767 3469 3829 3517 16

2211 3557 2452 3626 ἔκτρωμα
2507 3550 2755 3626 διαφορὰ,
2813 3557 2893 3606 ὅτι
2955 3558 3041 3606 τόν
3099 3558 3190 3624 μεν
3241 3561 3416 3607 ποιναὶ
3456 3561 3546 3607 καὶ
3590 3554 3830 3614 κολάσεις

2211 3643 2562 3695 καταλιπόντα
2613 3647 2698 3694 τόν
2737 3642 2852 3715 βίον
2901 3641 3159 3708 ἐδέξαντο,
3197 3647 3255 3695 τό
3298 3641 3356 3696 δε
3395 3647 3586 3696 τούτων
3618 3641 3828 3704 ούδενός

2213 3731 2286 3793 εἰς
2340 3740 2519 3805 πεῖραν
2577 3734 2916 3789 καθίσταται.
2983 3733 3045 3784 Εἰ
3101 3729 3161 3784 δέ
3223 3752 3304 3793 τις
3362 3731 3563 3784 ἁκούων
3613 3731 3826 3784 Παύλου

2211 3820 2466 3890 λέγοντος,
2516 3842 2536 3870 ι
2579 3820 2824 3895 Ὕστερον
2875 3817 2933 3873 δε
2983 3823 3185 3874 πάντων
3243 3823 3387 3894 ὤφθη
3437 3820 3596 3893 κάμοὶ
3649 3823 3827 3896 ὥσπερ

2211 3918 2285 3978 τῷ
2342 3907 2652 3980 ἐκτρώματι,
2702 3930 2730 3962 ι)
2775 3910 2846 3970 εἰς
2907 3908 3065 3962 ἓκείνο
3121 3914 3179 3962 τὸ
3225 3910 3579 3981 Σολομόντειον
3629 3908 3831 3981 ἀφορᾷν

2213 4003 2434 4069 νομίσει.
2494 4003 2595 4050 Καὶ
2641 4000 2741 4070 γὰρ
2790 3997 2976 4060 ἐκεῖνος
3023 4004 3107 4050 τόν
3137 4007 3228 4059 τῆς
3264 3996 3608 4060 δικαιοσύνης
3649 3998 3832 4050 Ἥλιον

2216 4085 2299 4138 ἐπὶ
2327 4094 2422 4157 γῆς
2455 4086 2549 4138 οὐκ
2595 4083 2727 4139 εἶδεν
2769 4086 3124 4152 ἀνατέλλοντα,
3160 4084 3284 4140 οὐδὲ
3331 4095 3434 4147 τοῖς
3470 4087 3632 4139 αὐτοῦ
3661 4089 3836 4158 μαθη-

2215 4183 2333 4236 ταῖς
2371 4177 2939 4248 συγκαταριθμηθῆναι
2983 4184 3271 4233 τηνικαῦτα
3298 4176 3518 4238 ἠξιώθη.
3556 4175 3743 4228 Πολλοὶ
3775 4173 3836 4228 δὲ

2216 4268 2302 4316 τόν
2345 4263 2519 4316 ’Ἥλιον
2575 4273 2664 4324 τῆς
2713 4261 3053 4324 δικαιοσύνης
3103 4265 3398 4338 ἑωρακότες,
3449 4261 3572 4317 οὐδε
3620 4265 3831 4317 ἔλαττον

2218 4352 2516 4423 ἐπορεύοντο
2556 4351 2604 4404 ἐν
2648 4361 2720 4423 τῷ
2766 4360 2940 4406 σκότει
2983 4358 3114 4427 πρὸς
3163 4358 3257 4416 τὰς
3304 4353 3840 4427 ἐναποστραπτούσας

459 4445 682 4496 tassent
701 4445 917 4512 optare.
953 4438 1068 4494 Sed
1090 4438 1485 4494 etliberorum
1517 4443 1637 4494 erat
1667 4438 1812 4509 ipsis
1839 4437 2104 4494 dilatatio

2219 4440 2430 4502 ἀκτῖνας
2480 4449 2570 4500 τῆς
2624 4441 2672 4492 ἐν
2723 4442 2861 4512 αύτῷ
2931 4443 3167 4502 θεότητος
3219 4446 3574 4514 κατομύοντες,
3637 4442 3678 4494 εἰ
3748 4447 3839 4494 καὶ

459 4539 516 4586 et
544 4531 718 4585 turba
747 4535 802 4584 et
840 4533 1175 4600 temporum
1209 4527 1432 4583 additio
1463 4528 1800 4583 extensione
1855 4527 2110 4599 parado-

457 4636 602 4675 xum
625 4619 885 4674 trahens.
919 4620 974 4674 Si
992 4618 1126 4690 quis
1151 4617 1329 4688 igitur
1346 4618 1405 4672 in
1425 4617 1549 4672 haec
1565 4616 1948 4672 Salomonica
1979 4632 2108 4672 ora-

459 4708 593 4763 cula
623 4708 957 4770 transferat,
979 4713 1037 4762 et
1075 4706 1413 4762 abortivum
1448 4706 1692 4761 Paulum
1722 4706 2108 4762 Judaicorum

456 4797 798 4869 principum
829 4795 1202 4850 sacerdotum
1229 4802 1284 4850 et
1305 4794 1682 4850 sacerdotum
1700 4801 1756 4850 et
1783 4795 2108 4850 multorum

459 4885 709 4940 aliorum
737 4885 870 4939 vitae
899 4884 1143 4955 quidem
1190 4882 1464 4940 felicitate
1505 4883 1972 4954 splendentium,
1998 4883 2111 4940 im-

461 4974 677 5046 pietate
707 4977 907 5027 autem
937 4975 996 5026 et
1015 4971 1232 5027 vilitate
1263 4972 1566 5027 actionum
1599 4972 1659 5027 in
1698 4972 1960 5028 tenebris
1991 4988 2111 5027 ver-

462 5062 746 5126 santium,
780 5067 836 5114 et
863 5059 955 5115 his
985 5060 1270 5116 omnibus
1297 5068 1660 5132 superponet
1689 5066 1744 5117 et
1775 5060 1961 5116 multo
1993 5077 2113 5116 me-

462 5151 669 5206 liorem
689 5150 854 5220 iuxta
867 5150 1069 5203 omnia
1082 5148 1602 5213 demonstrat,vere
1615 5149 1848 5220 quidem
1865 5149 2112 5205 omnino

460 5239 604 5295 dicit
637 5237 818 5306 ;nihil
844 5253 1000 5301 vero,
1030 5238 1262 5308 opinor,
1295 5237 1462 5294 addit
1485 5255 1774 5308 maguum
1803 5239 1977 5310 eiqui
2004 5254 2116 5309 gy-

462 5345 596 5385 rum
631 5335 796 5383 terraa
824 5326 1250 5396 praedicatione
1279 5327 1626 5398 complexus
1655 5333 1764 5384 est.

463 5424 646 5491 φαίνει,
716 5414 896 5474 ἀληθὲς
969 5419 1058 5485 μὲν
1118 5419 1322 5476 πάντως
1389 5421 1519 5489 Λέγει
1569 5437 1580 5449 ·

465 5510 766 5581 κηρύγματι
801 5523 892 5576 περ
902 5503 1145 5558 ιλαϐόντι.

540 5615 588 5651 ιθ
611 5616 633 5669 l
658 5612 792 5672 Cor.
815 5628 916 5683 xv,
939 5613 996 5668 8.

2217 4533 2284 4583 τὰ
2330 4530 2460 4582 ἄλλα
2491 4531 2656 4582 πάντα
2695 4538 2785 4582 τοῦ
2829 4529 2949 4601 βίου
3003 4532 3136 4582 κατὰ
3181 4531 3304 4604 ῥοῦν
3355 4531 3531 4592 αὐτοῖς
3575 4529 3780 4604 ἐφέρετο
3817 4551 3831 4562 ·

2217 4624 2308 4672 καὶ
2346 4621 2414 4681 ὡς
2462 4618 2521 4670 ἂν
2570 4616 2694 4671 ούδε
2734 4616 2921 4691 ῥᾴδιον
2964 4619 3197 4691 ἐνόμιζον
3233 4620 3505 4682 εὔξασθαι.
3550 4619 3704 4671 Ἀλλά
3743 4625 3839 4672 καὶ

2219 4712 2404 4760 τέκνων
2454 4705 2514 4765 ἦν
2563 4707 2740 4769 αὐτοῖς
2786 4707 3088 4778 πλατυσμὸς
3139 4713 3227 4760 καὶ
3272 4707 3468 4768 πλῆθος
3499 4713 3584 4760 καὶ
3627 4713 3836 4780 χρόνων

2219 4793 2460 4858 ἐπίδοσις
2506 4805 2566 4868 τῇ
2619 4799 2952 4871 παραστάσει
3008 4800 3066 4849 τὸ
3119 4794 3418 4870 παράδοξον
3467 4795 3770 4868 ἐφελκομένη
3819 4813 3836 4826 ·

2221 4885 2264 4938 εἰ
2309 4893 2434 4956 γοῦν
2487 4905 2562 4945 τις
2619 4885 2684 4946 εἰς
2730 4893 2898 4937 ταῦτα
2947 4887 3012 4936 τὰ
3075 4886 3412 4955 Σολομόντεια
3463 4885 3616 4955 λόγια
3675 4905 3841 4956 μετα-

2219 4973 2388 5038 λάϐοι,
2445 4980 2534 5026 καὶ
2589 4978 2644 5026 τό
2698 4977 2936 5046 ἕκτρωμα
2994 4976 3078 5024 τόν
3123 4974 3322 5026 [Ιαῦλον
3371 4982 3468 5026 τῶν
3527 4971 3841 5027 Ἰουδαϊκῶν

2224 5061 2508 5136 ἀρχιερέων
2561 5082 2614 5115 τε
2661 5069 2749 5114 καὶ
2806 5063 2973 5136 ἱερέων
3027 5067 3114 5114 καὶ
3167 5061 3365 5114 πολλῶν
3422 5062 3585 5114 ἄλλων
3626 5071 3686 5134 τῇ
3746 5071 3844 5114 τοῦ

2227 5151 2349 5224 βίου
2393 5155 2482 5220 μὲν
2537 5149 2844 5223 εὐδαιμονίᾳ
2887 5151 3347 5222 λαμπρυνομένων,
3392 5151 3603 5223 ἀσεϐείᾳ
3647 5148 3707 5204 δὲ
3751 5156 3845 5204 καὶ

2227 5241 2513 5312 φαυλότητι
2570 5241 2801 5312 πράξεων
2861 5239 3258 5312 ἐσκοτισμένων,
3320 5246 3409 5292 καὶ
3466 5244 3660 5292 τούτων
3709 5239 3846 5292 ἐκείο

2224 5353 2320 5383 νων
2361 5333 2646 5404 ύπερθὴσει
2701 5337 2791 5383 καὶ
2837 5331 3006 5401 πολλῴ
3057 5335 3276 5405 κρείττω
3321 5334 3455 5382 κατὰ
3503 5336 3673 5383 πάντα
3714 5329 3850 5384 ἁπο-

1628 5414 1780 5470 ούδεν
1845 5414 1904 5470 δὲ
1970 5415 2117 5490 οἶμαι
2190 5423 2474 5494 προσάπτει
2538 5425 2675 5493 μέγα
2738 5429 2810 5491 τῷ
2873 5424 2962 5474 τὸν
3022 5423 3180 5496 γύρον
3244 5430 3336 5481 τῆς
3402 5422 3708 5495 οἰκουμένης
3773 5431 3852 5493 τῷ
