3938 6178
192 318 281 376 437

687 444 1001 493 ΕΡΩἸἭΣῙΣ
1038 435 1162 490 ΞΘ’.
1730 456 1735 469 ⁸
1764 442 1811 494 Α

191 536 242 586 τί
287 528 417 587 δηλοῖ
454 532 507 600 τό
538 548 551 561 ·
588 553 615 578 ι(
650 531 778 588 Σῆθι
830 530 880 579 ἓν
936 525 1116 597 ἀγαθῷ
1172 529 1263 576 καὶ
1317 521 1402 577 ἴδε
1562 527 1735 600 ἡμέρᾳ

248 607 420 668 κακίας,
445 597 520 652 ἴδε
587 605 747 670 Καίγε
782 607 935 651 τοῦτο
974 601 1245 669 σύμφωνον
1276 605 1443 666 τοντῷ
1490 597 1733 655 ἐποίηάεν

245 676 268 726 6
307 678 415 732 Θεὸς
453 676 562 745 περὶ
602 668 800 739 λαλιᾶς,
835 671 916 723 ἶνα
959 668 1051 743 μὴν
1084 670 1205 745 εὕρῃ
1249 670 1515 739 ἅνθρωπος
1562 668 1733 722 ὀπίσω

248 745 380 796 αὐτοῦ
406 739 578 815 μηδ
608 763 635 795 ι)

1033 312 1130 367 AD
1170 309 1720 369 AMPHILOCHIUM
1762 290 2090 378 QUAESTIO
2133 313 2376 381 LXVIII,
2419 315 2613 372 LXIX:

3391 314 3498 373 438

2189 437 2508 504 ouesrxo
2540 441 2690 496 LXIX
2720 439 2822 512 [αι.
2866 438 3123 512 vam].

1844 527 1997 594 Quid
2034 528 2317 598 signiﬁcat
2347 529 2490 583 illud
2520 545 2531 583 :
2576 550 2603 581 «
2648 530 2778 584 Vive
2816 530 2876 583 in
2913 528 3052 585 bono
3082 534 3134 583 et
3166 529 3289 583 vide
3318 529 3375 583 in
3406 529 3500 586 die

1913 599 2196 669 nequitize.
2283 601 2431 655 vide.
2500 601 2573 654 Ει
2644 601 2753 655 hoc
2817 615 3129 655 consonum
3205 602 3303 655 illi
3360 602 3493 671 fecit

1913 673 2069 733 Deus
2100 672 2260 725 circa.
2318 672 2616 741 loquelam,
2646 675 2841 726 utnon
2871 673 3124 728 inveniat
3176 671 3338 728 homo
3372 678 3496 742 post

1914 742 2083 796 illum
2109 742 2442 812 quidquam.
2481 764 2501 791 ι

1142 836 1293 886 Edita
1325 850 1358 885 a
1391 836 1540 895 Maio,
1588 836 1626 890 l.
1671 852 1716 887 c.
1752 853 1803 901 p.
1839 837 2000 888 84-85.
2039 839 2096 886 in
2131 838 2302 888 Eccle.
2343 854 2432 895 vu,
2468 840 2543 889 15.

244 934 314 993 Σύ,
340 934 470 1001 φησὶ,
501 934 594 988 τήν
628 930 767 990 ζωὴν
793 930 919 1001 πρὸς
960 925 1145 1000 ἀρετὴν
1189 927 1314 1001 όρᾴν
1342 929 1732 998 παρασκεύαζε,

194 1024 263 1071 καὶ
308 1023 414 1093 πρὸς
460 1022 550 1077 τὴν
595 1016 885 1070 ἀπολαυσιν
928 1024 1027 1069 τῶν
1071 1014 1259 1068 ἐκεῖθεν
1300 1013 1506 1086 ἀγαθῶν
1543 1014 1733 1090 καταρ-

185 1110 403 1182 ῥύθμιζε’
441 1108 568 1159 οὕτω
622 1103 681 1159 δὲ
728 1110 1048 1179 καταρτίσας
1083 1103 1264 1156 ἑαυτὸν
1306 1108 1397 1155 καὶ
1443 1111 1547 1163 τοῖς
1594 1104 1736 1156 εὐσε-

189 1196 277 1248 ϐέσι
316 1205 401 1248 τῶν
434 1196 696 1267 λογισμῶν
738 1198 1014 1267 κριτηρίου
1057 1189 1279 1265 δύναμιν
1319 1196 1404 1244 τὸν
1451 1199 1569 1244 νοῦν
1615 1211 1736 1265 φρε-

184 1292 319 1345 νώσεις
360 1283 635 1349 ἀναλαϐεῖν,
698 1280 903 1356 δυνήσῃ
965 1278 1193 1334 συνιδεῖν
1246 1281 1304 1333 οὐ
1357 1281 1603 1353 χαλεπῶς
1644 1286 1733 1333 καὶ

185 1376 255 1433 τὰς
320 1372 362 1424 ἐν
428 1374 596 1448 ἡμέρα
668 1375 1010 1444 νομιζομένας
1075 1376 1280 1436 κακίας,
1344 1374 1582 1422 τουτέστι
1645 1372 1735 1430 τὰς

184 1459 456 1534 ἀνθρωπίνας
514 1463 791 1533 συμφορὰς
842 1464 932 1511 καὶ
984 1458 1148 1519 λύπας
1190 1460 1268 1519 αἶς
1320 1459 1349 1516 ἡ
1396 1466 1493 1519 τῆς
1540 1457 1731 1531 ἀνθρω-

182 1554 302 1609 πίνης
358 1550 485 1612 ζωῆς
549 1551 721 1624 ἡμέρα
785 1552 1132 1620 κυμαινομένη
1190 1566 1245 1599 τε
1292 1552 1382 1599 καὶ
1441 1566 1734 1620 συνταρασ-

185 1643 335 1712 σομένη
402 1641 699 1705 κακύνεται,

179 1732 653 1802 παραπορευομένους
704 1732 794 1778 καὶ
852 1728 1276 1797 συγκακύνουσα.
1333 1730 1431 1777 Καὶ
1490 1726 1589 1797 γὰρ
1646 1728 1735 1778 καὶ

788 1638 1285 1710 συνεκταράσσουσα
1357 1640 1474 1697 τοὺς
1544 1639 1734 1693 ταύτην

179 1819 228 1897 τὰ
269 1836 461 1869 τοιαυτα
496 1821 691 1877 κακίας
734 1817 1134 1890 προσαγορεύειν
1178 1814 1448 1885 εἰθίσμεθα
1502 1815 1639 1865 κατὰ
1676 1816 1734 1865 τὸ

180 1906 395 1980 εἰρημένον
427 1926 439 1938 ·
482 1929 510 1956 (ι
558 1905 672 1957 Ούκ
702 1907 838 1957 ἔστιν
869 1903 917 1955 ἐν
961 1903 1101 1956 πόλει
1134 1906 1291 1954 κακία
1321 1902 1383 1960 ἣν
1426 1905 1612 1976 Κύριος
1643 1902 1736 1955 οὐκ
1764 1880 1804 1934 Β

180 1994 378 2051 ἐποίησεν
407 2013 419 2022 ·
452 2017 479 2045 ››
513 1991 727 2067 δυνήσῃ
780 1990 837 2045 δὲ
880 1989 1110 2045 συνιδεῖν
1149 1994 1218 2051 ὡς
1264 1987 1387 2043 οὐδὲ
1419 1991 1571 2043 αὗται
1618 1995 1737 2066 περὶ

180 2085 285 2153 ἡμᾶς
318 2081 630 2157 ἀσυμφώνως
660 2090 720 2155 τῇ
757 2089 847 2133 τοῦ
888 2088 1021 2133 Θεοῦ
1062 2079 1351 2151 ἀγαθότητι
1390 2085 1479 2132 καὶ
1523 2084 1739 2155 προνοίᾳ

182 2171 486 2242 συμϐαίνουσι
508 2188 521 2200 '
555 2179 712 2223 τοῦτο
730 2172 831 2241 γὰρ
859 2166 1094 2227 ἐδήλωσε
1115 2165 1208 2221 διὰ
1231 2177 1320 2221 τοῦ
1351 2169 1509 2221 εἰπεῖν
1535 2186 1547 2199 ’
1577 2166 1738 2221 «Ἴδε

177 2264 248 2311 καί
285 2280 337 2332 γε
371 2269 517 2313 τούτο
555 2263 829 2333 σύμφωνον
860 2262 1027 2329 τούτῳ
1061 2277 1072 2290 ·
1114 2280 1133 2307 ι
1168 2260 1408 2310 τουτέστι
1451 2262 1540 2310 καὶ
1570 2260 1618 2310 οἱ
1650 2253 1739 2309 δο-

176 2357 347 2412 κοῦντες
373 2349 494 2402 εἶναι
520 2353 814 2422 πειρασμοὶ
851 2351 941 2399 καὶ
972 2353 1226 2407 κακώσεις
1254 2354 1344 2398 τοῦ
1378 2351 1613 2418 σώματος
1645 2346 1737 2398 οὒκ

171 2435 437 2491 utinam
474 2444 579 2496 τὴν
632 2440 772 2490 θείαν
819 2432 1156 2508 κηδεμονίαν,
1214 2431 1339 2487 οὐδὲ
1393 2434 1739 2487 ἐναντιοῦνται

172 2526 301 2577 αὐτοῦ
344 2535 399 2599 τῇ
449 2532 576 2600 περὶ
622 2528 761 2599 ἡμᾶς
810 2524 1185 2599 φιλανθρωπίᾳ.
1230 2518 1477 2585 Παιδείας
1516 2527 1617 2597 γὰρ
1648 2528 1739 2577 καὶ

181 2610 471 2688 διορθώσεως
499 2618 572 2668 τὰ
612 2618 703 2687 μεν
748 2612 1017 2685 ἐπάγεται,
1058 2616 1123 2665 τὰ
1163 2609 1223 2666 δὲ
1264 2621 1646 2688 συγχωρεῖται,
1682 2611 1740 2666 δι

171 2699 325 2772 inscia
366 2702 597 2778 ἀρρήτου
646 2721 700 2755 τε
738 2706 827 2754 καὶ
877 2711 1038 2774 σοφῆς
1078 2702 1375 2774 οἰκονομίας
1420 2709 1488 2772 τῷ
1534 2702 1740 2775 κρίνειν’

167 2794 477 2865 χαριτωθέντι
521 2794 598 2844 τὰ
641 2799 856 2844 τοιαῦτα
915 2793 1267 2865 θεωρουμένης
1299 2808 1312 2820 ·
1341 2799 1508 2843 ταῦτα
1569 2789 1628 2844 δὲ
1675 2794 1742 2844 τὰ

172 2879 482 2949 συμϐαίνοντα
508 2887 623 2940 τοῖς
654 2878 943 2954 ἀνθρώποις
986 2879 1079 2931 ούκ
1110 2881 1250 2931 ἔθετο
1292 2880 1317 2931 6
1360 2883 1490 2941 Θεὸς
1529 2878 1611 2932 ἐπὶ
1643 2881 1741 2932 πά-

174 2985 254 3029 σης
276 2969 530 3022 λαλεῖσθαι
578 2969 843 3040 γλώσσης,
876 2965 1000 3022 οὐδὲ
1028 2965 1325 3043 προειδέναι
1373 2971 1438 3020 τὰ
1480 2971 1743 3043 ἐρχόμενα

171 3060 356 3121 πάντας.
388 3063 537 3112 Διατί
567 3075 584 3127 ;
614 3057 725 3111 Ἵνα
765 3062 837 3130 μὴ
877 3059 1157 3129 προμαθὼν
1188 3056 1323 3110 αὐτὰ
1365 3062 1453 3110 καὶ
1482 3063 1742 3132 προευρὼν

175 3145 468 3220 ὁᾶνθρωπος
510 3146 855 3221 ἀμελέστερον
893 3151 1011 3221 περὶ
1061 3151 1155 3204 τὴν
1205 3144 1389 3220 ἀρετὴν
1430 3143 1690 3204 διατεθείη
1726 3162 1739 3177 ⁶

1913 930 2013 991 Tu,
2057 922 2268 1000 inquit,
2302 929 2481 984 vitam
2514 928 2588 985 ad
2621 928 2891 983 virtutem
2925 928 3190 1000 aspicere
3224 929 3415 994 stude,
3447 935 3504 991 et

1843 1016 1921 1072 ad
1949 1015 2439 1073 fruitioneminde
2463 1018 2760 1073 bonorum
2779 1018 3021 1084 ordina;
3042 1017 3125 1073 sic
3139 1023 3338 1074 autem
3365 1036 3501 1074 cum

1843 1105 2155 1176 perfeceris
2187 1106 2441 1176 teipsum
2464 1111 2518 1161 et
2542 1106 2651 1177 piis
2679 1105 3352 1177 cogitationibusjudicii
3378 1107 3496 1162 vim

1843 1210 1982 1249 cum
2016 1199 2211 1249 mente
2236 1193 2584 1249 intellexeris
2598 1195 2884 1258 attollere,
2915 1196 3134 1265 poteris
3150 1196 3499 1267 conspicere

1842 1297 1963 1337 non
1986 1297 2137 1351 aegre
2165 1288 2220 1337 et
2241 1299 2374 1354 quae
2395 1283 2453 1338 in
2481 1283 2574 1337 die
2602 1288 2952 1355 reputantur
2975 1284 3268 1356 nequitiae,
3295 1284 3351 1339 id
3378 1290 3489 1347 est,

1842 1370 2139 1425 humanas
2154 1371 2518 1426 calamitates
2540 1376 2593 1425 et
2611 1371 2958 1427 afﬂictiones
2976 1371 3194 1444 quibus
3212 1368 3495 1429 humanae

1842 1459 1976 1515 vitae
2000 1459 2360 1531 diesjactata
2386 1466 2439 1515 et
2456 1461 2685 1515 turbata
2709 1466 2973 1525 vexatur,
3002 1461 3369 1515 conturbans
3392 1477 3494 1516 eos

1844 1549 1945 1620 qui
1975 1549 2129 1603 hanc
2147 1548 2469 1603 decurrunt
2489 1548 2738 1603 etsimul
2763 1565 3001 1603 vexans.
3032 1549 3261 1604 Etenim
3290 1556 3345 1604 et
3360 1550 3496 1606 talia

1845 1638 2138 1709 nequitias
2179 1639 2491 1693 nominare
2522 1638 2783 1693 solemus
2807 1639 2978 1710 juxta
3016 1639 3237 1693 dictum
3265 1655 3278 1693 :
3310 1660 3337 1689 «
3372 1642 3499 1694 Non

1844 1730 1933 1782 est
1950 1726 2007 1780 in
2028 1726 2259 1782 civitate
2282 1726 2507 1782 malum
2523 1728 2683 1800 quod
2712 1729 2994 1782 Dominus
3007 1743 3125 1782 non
3147 1727 3407 1782 iecerit”o
3433 1746 3446 1793 ς
3468 1748 3498 1779 »

1846 1816 2067 1887 poteris
2104 1820 2305 1871 autem
2337 1814 2682 1887 conspicere
2712 1831 2904 1888 neque
2936 1831 3006 1870 ea
3028 1816 3184 1871 circa
3214 1831 3324 1870 nos
3365 1815 3499 1871 abs-

1846 1919 1963 1974 que
1999 1903 2320 1959 harmonia
2369 1920 2506 1960 cum
2563 1903 2662 1958 Dei
2716 1903 2983 1960 bonitate
3022 1909 3077 1959 et
3124 1903 3500 1975 providentia

1845 1992 2119 2047 accidere
2147 2009 2161 2060 ;
2194 1991 2309 2048 hoc
2348 1994 2507 2049 enim
2548 1993 2797 2048 ostendit
2826 1991 2971 2047 dum
2997 1991 3135 2047 dicit
3168 2009 3180 2048 :
3218 2014 3245 2042 «
3279 1992 3420 2048 Vide
3445 1997 3503 2049 et

1844 2080 1957 2135 hoc
1971 2096 2304 2137 consonum
2324 2081 2424 2147 illi,
2446 2105 2473 2131 ››
2487 2082 2545 2138 id
2560 2087 2647 2136 est
2664 2087 2865 2153 etque:
2882 2081 3151 2136 videntur
3165 2096 3296 2136 esse
3323 2086 3502 2136 tenta-

1846 2170 2034 2225 tioues
2057 2174 2111 2225 et
2128 2170 2474 2225 afﬂictiones
2490 2170 2755 2241 corporis
2777 2186 2895 2225 non
2920 2169 3501 2241 expelluntdivinam

1846 2274 2073 2324 curam,
2100 2274 2297 2331 neque
2338 2259 2733 2314 adversantur
2758 2259 2882 2331 ejus
2908 2258 3063 2314 circa
3094 2274 3205 2313 nos
3234 2257 3504 2329 benigni—

1842 2332 1967 2404 ἴδη.
1998 2348 2354 2404 Eruditionis
2379 2349 2536 2403 enim
2567 2352 2623 2404 et
2654 2347 3033 2403 correctionis
3085 2347 3209 2403 haec
3257 2346 3502 2420 quidem

1844 2437 2227 2503 inducuntur,
2262 2436 2361 2493 illa
2381 2453 2522 2493 vero
2549 2437 2987 2510 permittuntur,
3020 2454 3088 2492 ex
3116 2437 3381 2509 utrisque
3417 2435 3504 2491 in-

1848 2525 2063 2582 effabili
2093 2529 2152 2580 et
2181 2526 2431 2599 sapienti
2469 2525 2856 2599 dispositione
2895 2525 3042 2582 dum
3073 2525 3390 2581 decernere
3416 2522 3505 2579 di-

1848 2620 2065 2684 gnatur
2106 2613 2248 2671 talia
2296 2619 2597 2686 spectata;
2631 2615 2752 2670 haec
2793 2619 2993 2670 autem
3034 2612 3364 2669 accidentia
3393 2612 3501 2668 ho-

1849 2704 2113 2760 minibus
2144 2719 2264 2759 non
2314 2704 2513 2776 posuit
2540 2704 2695 2759 Deus
2748 2718 2929 2775 super
2988 2702 3152 2758 omni
3199 2701 3506 2758 enaranda

1847 2791 2073 2865 lingua,
2104 2807 2297 2865 neque
2326 2791 2603 2864 praescire
2635 2795 2885 2847 ventura
2910 2807 3138 2847 omnes.
3161 2789 3398 2856 Quare?
3425 2792 3505 2845 Ne

1849 2897 1987 2937 cum
2021 2885 2417 2952 praenosceret
2445 2880 2543 2936 illa
2568 2884 2623 2935 et
2649 2880 2812 2950 prius
2854 2878 3141 2934 inveniret
3179 2878 3363 2934 homo
3408 2893 3506 2933 ne-

1851 2968 2170 3041 gligentius
2229 2968 2435 3040 quoad
2507 2967 2782 3022 virtutem
2846 2966 3297 3038 disponeretur;
3343 2980 3504 3020 nunc

1850 3058 2096 3131 quidem
2126 3054 2398 3128 plurimis
2432 3054 2604 3111 malis
2633 3060 2688 3110 et
2717 3054 2975 3110 tristibus
3006 3054 3243 3108 casibus
3272 3069 3308 3108 a
3339 3058 3504 3123 tergo

1850 3146 2049 3218 ipsum
2102 3144 2642 3216 comprehensuris.
2695 3144 2835 3209 Quis
2883 3142 3045 3198 enim
3084 3141 3232 3197 mihi
3272 3140 3506 3196 virtutis

169 3241 240 3285 νῦν
285 3240 367 3309 μὲν
425 3239 494 3299 ὡς
554 3235 756 3289 πολλῶν
821 3243 993 3287 κακῶν
1058 3239 1147 3287 καὶ
1201 3233 1444 3309 λυπηρῶν
1499 3255 1745 3308 συμπτω-

1913 3234 2115 3291 ticulus
2138 3238 2223 3291 tot
2254 3232 2425 3288 malis
2455 3237 2512 3288 et
2545 3232 2723 3288 tantis
2772 3232 3180 3301 ingruentibus
3210 3230 3239 3287 ?
3279 3231 3339 3285 in
3387 3228 3503 3286 hoc

174 3326 321 3387 μάτων
358 3329 579 3379 ὄπισθεν
632 3325 786 3377 αὐτὸν
838 3323 1249 3397 καταλαμϐάνειν
1292 3324 1573 3397 μελλόντων
1603 3341 1616 3356 ’
1665 3328 1746 3385 τίς

167 3414 271 3488 τάρο
294 3434 381 3487 μοι
421 3423 520 3477 τῆς
578 3412 764 3486 ἀρετῆς
810 3412 960 3485 λόγος
1006 3432 1267 3465 τοσουτων
1310 3433 1481 3465 κακων
1522 3418 1613 3466 καὶ
1655 3433 1745 3473 τη-

166 3499 387 3554 λικούτων
439 3499 894 3579 προσδοκωμένων
931 3519 946 3570 ;
981 3502 1052 3563 εἰς
1096 3509 1248 3554 τοῦτο
1306 3504 1405 3576 γὰρ
1455 3505 1576 3565 τοὺς
1625 3502 1746 3555 πολ-

167 3587 269 3653 λούς
304 3593 333 3650 ἡ
361 3590 666 3664 ἀπόγνωσις
697 3592 841 3644 εἴωθε
873 3592 1118 3643 συνωθεῖν
1151 3608 1164 3620 ·
1194 3598 1283 3642 νῦν
1324 3588 1383 3644 δὲ
1412 3593 1482 3653 ὡς
1535 3592 1594 3644 ού
1627 3592 1742 3645 πολ·

164 3677 243 3741 λῆς
266 3686 351 3732 καὶ
407 3680 643 3754 μεγάλης
686 3676 967 3751 ἀλγηδόνος
995 3679 1285 3753 μελλούσης
1331 3679 1744 3752 ἔπισυμϐαίνειν,

165 3765 445 3841 ἑκατέρωθεν
511 3774 612 3822 καὶ
663 3768 1019 3829 ὑποσκελίζειν
1077 3764 1215 3821 οἶδεν
1284 3771 1314 3827 ἡ
1374 3769 1600 3842 σφαλερὰ
1645 3777 1745 3821 τῶν

160 3862 400 3929 πρακτέων
438 3864 641 3933 κρίσις,
689 3862 779 3909 καὶ
823 3853 918 3910 διὰ
959 3864 1113 3910 τοῦτο
1142 3854 1280 3930 μηδε
1312 3857 1506 3918 πολλῆς
1544 3857 1744 3929 νήψεως

164 3949 274 4016 μήτε
315 3954 408 4008 τῆς
452 3957 561 4001 τῶν
607 3946 795 4022 ἀρετῶν
835 3944 1125 4019 ἐπιμελείας
1175 3943 1404 3999 δεῖσθαι.
1458 3948 1553 3999 Διά
1591 3954 1743 3999 τοῦτο

164 4031 235 4085 οὖν
276 4038 301 4088 6
350 4040 480 4100 Θεὸς
535 4041 635 4095 τὴν
684 4040 800 4111 περὶ
849 4044 947 4088 τῶν
1003 4035 1287 4108 μελλόντων
1336 4036 1515 4088 λαλιὰν
1580 4036 1744 4107 ἄγνω-

165 4140 264 4175 στον
299 4124 513 4185 ἐποίησε
565 4132 676 4187 τοῖς
712 4124 932 4188 πολλοῖς,
983 4126 1064 4177 ἶνα
1093 4129 1164 4197 μὴ
1209 4126 1367 4199 εὑρὼν
1413 4126 1438 4176 6
1475 4126 1745 4198 ἄνθρωπος

160 4211 191 4262 ἆ
212 4214 367 4284 μελλει
408 4215 459 4267 ἓν
508 4222 621 4276 τοῖς
653 4215 865 4266 ὄπισθεν
905 4212 1061 4266 αὐτὸν
1091 4218 1302 4286 χρόνοις
1331 4213 1744 4286 καταλαμϐάνειν

162 4296 401 4376 δυσχερῆ,
450 4301 539 4357 ἐπὶ
588 4306 681 4375 μὶν
718 4310 817 4354 τῶν
869 4301 1085 4374 χαλεπω
1131 4306 1286 4375 τέρων
1336 4301 1615 4375 ἀμηχανίᾳ
1652 4308 1739 4356 xui

155 4386 422 4461 ἀπογνώσει
470 4389 712 4467 προδοὺς
760 4389 961 4457 ἑαυτὸν,
1016 4388 1166 4444 οὐδὲν
1223 4394 1349 4465 πρὸς
1399 4390 1585 4466 ἀρετὴν
1634 4389 1743 4443 ἐπι-

152 4484 396 4552 στρέφοιτο
428 4501 442 4514 ⁸
477 4480 568 4534 bri
624 4477 683 4533 di
732 4488 831 4531 τῶν
883 4484 1105 4553 μετρίως
1164 4479 1389 4551 ἐχόντων
1452 4481 1741 4555 ὑπεροψίαν

150 4576 292 4621 νοσῶν
327 4573 396 4632 ὡς
432 4579 537 4631 τῆς
590 4577 690 4622 τῶν
719 4567 987 4640 ἕφιεμένων
1027 4567 1358 4629 ἀπολαύσεως
1396 4573 1484 4622 καὶ
1524 4577 1740 4642 τρυφῆς,
1771 4551 1816 4606 D

151 4653 281 4710 ούδιν
340 4659 569 4721 ἑλπίζων
628 4657 1168 4730 ἀντεπενεχθήσεσθαι
1218 4657 1433 4729 κώλυμα
1501 4654 1595 4711 xui
1648 4663 1741 4717 τὴν

152 4749 264 4819 πρὸς
309 4752 373 4800 τὰ
421 4750 818 4822 κατορθώματα
876 4743 1115 4804 σπουδὴν
1165 4748 1493 4822 ύπερτίθοιτο
1522 4764 1535 4777 ·
1578 4746 1744 4809 ἄλλως

149 4852 194 4886 τε
244 4834 298 4889 δέ
346 4839 372 4889 6
428 4840 494 4889 τό
554 4841 827 4912 κριτήριον
890 4837 1269 4910 κεκαθαρμένον
1321 4838 1521 4898 πάθους
1582 4839 1742 4910 φέρων

150 4928 225 4976 xui
262 4922 556 4979 ἀδέκαστον
591 4930 685 4984 τὴν
724 4926 900 4996 ὑγείαν
940 4925 1037 4997 ὁρᾷ
1070 4929 1155 4976 xui
1194 4929 1288 4983 τὴν
1329 4929 1480 4977 νόσον
1532 4930 1744 4997 συμφώ-

148 5031 230 5074 νως
277 5017 508 5085 ἔχουσαν
570 5019 687 5088 περὶ
740 5017 834 5072 τήν
885 5022 986 5065 τῶν
1051 5012 1333 5086 ἀνθρώπων
1394 5012 1597 5087 βλάϐην
1654 5018 1744 5067 καὶ

153 5099 370 5170 ὠφέλειαν
396 5118 413 5134 ’
472 5103 611 5155 ἀλλὰ
664 5108 755 5155 καὶ
828 5106 915 5154 τόν
967 5102 1187 5155 πλοῦτον
1256 5107 1346 5155 καὶ
1415 5107 1510 5160 τὴν
1566 5107 1742 5155 πενίαν

147 5192 394 5258 ὡσαύτως,
456 5193 626 5264 ἰσχύν
693 5211 745 5244 τε
798 5196 1039 5264 σώματος
1086 5196 1174 5243 xui
1234 5190 1525 5256 ἀσθένειαν,
1579 5188 1737 5254 δόξαν

145 5282 225 5334 τὴν
296 5279 347 5343 ἐξ
422 5281 713 5355 ἀνθρώπων
786 5285 876 5332 xui
943 5279 1158 5343 ἀδοξίαν
1232 5285 1320 5332 xui
1400 5282 1465 5333 τὰ
1541 5283 1744 5341 τούτοις

143 5370 493 5439 παραπλήσια.
581 5374 681 5423 Καὶ
752 5373 853 5443 γὰρ
940 5368 1180 5443 ἑκατέρου
1265 5373 1449 5444 μοίρας
1526 5369 1742 5421 ἕκαστον

144 5460 207 5521 τῷ
472 5459 772 5531 φιλοσοφεῖν
855 5454 1041 5525 εἰδότι,
1136 5461 1397 5534 σωτηρίας
1495 5458 1744 5520 ὑποθεσις

208 5586 254 5620 ²⁹
289 5590 477 5644 Amos
509 5599 604 5652 ιιι,
635 5587 689 5642 6.

1851 3323 2009 3380 enim
2042 3322 2284 3379 turbam
2307 3321 2647 3393 desperatio
2670 3319 2815 3377 solet
2838 3318 3159 3392 impellere.
3184 3322 3351 3375 Nunc
3364 3333 3505 3374 vero

1849 3412 2164 3486 quasinon
2191 3410 2382 3466 multo
2411 3413 2469 3465 et
2493 3424 2717 3480 magno
2738 3409 2942 3465 dolore
2964 3409 3299 3472 incursuro,
3330 3408 3509 3462 utrin-

1849 3517 1967 3574 que
1997 3499 2394 3557 etsubvertere
2413 3497 2578 3554 novit
2602 3496 2780 3554 fallax
2801 3496 3172 3567 agendorum
3187 3495 3504 3568 judicium,

1849 3596 1906 3646 et
1933 3593 2247 3662 propterea
2268 3603 2456 3660 neque
2469 3587 2655 3642 multa
2676 3586 2982 3656 vigilantia
3002 3601 3198 3658 neque
3224 3583 3506 3641 virtutum

1849 3694 1991 3734 cura
2021 3693 2175 3751 opus
2203 3692 2356 3733 esse.
2399 3675 2538 3731 Ideo
2566 3674 2747 3747 igitur
2776 3675 2933 3730 Deus
2959 3674 3033 3731 de
3064 3673 3279 3730 futuris
3308 3672 3510 3744 loque-

1847 3767 1972 3822 lam
1995 3766 2265 3836 ignotam
2290 3764 2426 3821 fecit
2454 3762 2838 3831 multitudini,
2873 3779 2948 3818 ne
2997 3762 3252 3818 inventis
3315 3760 3500 3817 homo

1848 3856 2048 3929 quaein
2061 3854 2488 3928 posterioribus
2502 3853 2704 3925 ipsum
2724 3852 3094 3925 temporibus
3107 3851 3503 3924 comprehen-

1850 3960 1990 4000 sura
2011 3949 2149 4000 sunt
2192 3942 2476 4012 molestis,
2503 3942 2561 3997 in
2593 3940 3029 3997 difﬁcilioribus
3049 3939 3421 4012 negligentim
3444 3941 3502 3993 et

1849 4030 2807 4105 desperationitradensseipsum,
2824 4045 2945 4084 non
2965 4028 3037 4084 ad
3064 4029 3344 4084 virtutem
3371 4042 3509 4082 con-

1848 4127 2202 4191 verteretur;
2237 4120 2297 4176 in
2345 4118 2722 4175 mediocriter
2768 4123 2969 4174 autem
3028 4133 3090 4171 se
3147 4115 3505 4171 habentibus

1851 4209 2295 4281 despicientiam
2320 4207 2666 4264 morborum
2681 4211 2743 4261 ut
2758 4205 3190 4278 permissorum
3209 4204 3503 4259 fruitionis

1850 4305 1908 4355 et
1933 4299 2301 4363 deliciarum,
2328 4296 2559 4353 nullum
2590 4311 2835 4368 sperans
2869 4292 3227 4349 obstiturum
3254 4292 3507 4363 impedi-

1850 4393 2118 4444 mentum
2134 4393 2189 4442 et
2202 4387 2278 4442 ad
2296 4387 2540 4442 virtutes
2558 4383 2822 4440 studium
2847 4386 3300 4452 superponeret.
3326 4379 3507 4435 Aliter

1849 4492 1990 4533 vero
2028 4482 2084 4532 et
2116 4476 2216 4548 qui
2245 4474 2537 4545 judicium
2558 4488 2780 4544 purum
2802 4469 3083 4542 passione
3110 4468 3291 4525 fertet
3316 4468 3508 4523 incor-

1850 4570 2091 4637 ruptum
2148 4565 2466 4619 sanitatem
2499 4561 2657 4616 videt
2707 4565 2763 4615 et
2806 4558 3087 4614 morbum
3134 4556 3510 4613 concorditer

1852 4671 1913 4710 se
1938 4653 2224 4709 habentia
2236 4650 2438 4723 quoad
2462 4649 2762 4706 hominum
2783 4649 3073 4703 damnum
3095 4651 3153 4702 et
3174 4646 3507 4703 utilitatem.

1854 4741 1967 4799 Sed
2020 4745 2079 4797 et
2124 4739 2362 4796 divitias
2396 4742 2454 4794 et
2488 4740 2898 4810 paupertatem
2926 4736 3212 4801 similiter,
3243 4741 3298 4791 et
3324 4733 3512 4791 robur

1850 4831 2114 4902 corporis
2145 4833 2204 4884 et
2226 4827 2653 4892 inﬁrmitatem,
2698 4825 2952 4895 gloriam
2995 4840 3129 4897 quae
3164 4839 3233 4879 ex
3262 4823 3512 4879 homini-

1850 4920 1965 4976 bus
1986 4923 2043 4975 et
2067 4918 2379 4975 infamiam
2400 4922 2457 4974 et
2474 4933 2604 4991 quae
2622 4915 2715 4971 his
2738 4915 3030 4987 proxima.
3052 4914 3277 4970 Etenim
3298 4913 3513 4969 utrius-

1850 5023 1968 5082 que
1996 5008 2176 5081 partis
2206 5005 2680 5080 unumquodque
2711 5001 3125 5076 philosophari
3155 5003 3378 5067 scienti,
3412 5018 3510 5058 sa-

1848 5096 1987 5153 lutis
2023 5095 2269 5152 materia
2305 5094 2393 5152 ﬁt.
2441 5094 2501 5150 Ei
2535 5110 2669 5150 vero
2697 5091 2842 5166 quid
2873 5091 2951 5148 ad
2990 5090 3119 5147 sola
3144 5091 3415 5163 jucunda
3455 5094 3514 5146 et

1850 5186 2222 5242 blandientis
2237 5184 2383 5250 hiat,
2406 5185 2494 5255 etj
2508 5182 2749 5239 ucuuda
2774 5181 2979 5238 damni
3002 5181 3153 5236 fiunt
3169 5184 3508 5252 praetextus.

1851 5280 1907 5331 et
1934 5275 2125 5331 tristia
2145 5275 2222 5331 ad
2272 5274 2430 5330 idem
2462 5273 2735 5329 deﬂuunt
2784 5274 2844 5326 et
2901 5270 3216 5326 trahuntur
3255 5269 3506 5333 malum,

1850 5381 1972 5421 non
2003 5368 2305 5435 gratanter
2346 5363 2470 5418 haec
2510 5362 2730 5417 ferente
2760 5360 2863 5433 qui
2893 5376 2995 5431 per
3033 5358 3176 5414 talia
3202 5357 3508 5429 puriﬁcari

1849 5453 2095 5525 indiget,
2119 5452 2221 5509 sed
2244 5453 2305 5509 in
2332 5451 2814 5525 desperationem
2836 5449 3027 5519 magis
3048 5453 3107 5504 et
3136 5446 3503 5517 indignatio-
