4140 6198
373 294 474 352 439
1600 286 1686 343 ΡΗ
1698 286 1834 343 OTII
1872 285 2039 342 PATP

2149 287 2344 344 RCHAZ
2383 288 2496 347 ΟΡ.
3633 296 3738 352 MO

368 434 510 476 nem
536 433 606 474 ex
629 415 851 490 quibus
877 413 1193 488 oportebat
1224 413 1574 487 prudentem
1618 412 1745 470 ﬁeri
1776 428 2023 470 conver-

2149 418 2368 477 γίνεται⁶
2431 422 2502 485 τῷ
2586 411 2644 467 δὲ
2713 416 2843 490 πρὸς
2909 417 3041 488 μόνα
3115 418 3181 469 τά
3242 414 3377 477 ἡδέα
3450 425 3540 472 xui
3615 441 3739 495 γαρ-

371 512 559 567 ιθῃιθ,
2129 503 2411 575 γαλίζοντα
2457 507 2726 576 κεχηνότι,
2776 510 2866 559 καὶ
2914 509 2977 558 τὰ
3017 504 3278 564 ἡδύνοντα
3322 507 3522 581 βλάϐης
3565 516 3737 581 γίνον·

371 618 458 650 ται
486 600 767 671 πρόφασις,
799 599 888 648 καὶ
932 596 1000 648 τά
1035 594 1296 647 λυποῦντα
1325 595 1454 669 πρὸς
1482 597 1574 652 τὴν
1607 591 1764 655 αύτὴν
1795 591 2041 667 καταρρεῖ
2070 597 2154 645 καὶ
2190 595 2508 665 ὑποσύρεται
2539 597 2744 652 κακίαν,
2788 594 2882 646 ούκ
2924 595 3255 668 εὐχαρίστως
3286 605 3453 650 ταῦτα
3496 603 3742 672 φέροντος

371 694 464 740 τοῦ
496 683 589 739 διὰ
617 695 716 739 τῶν
747 688 991 738 τοιούτων
1029 686 1376 760 καθαίρεσθαι
1419 681 1680 757 δεομένου,
1717 681 1826 736 ἀλλ’
1853 682 1926 747 εἱς
1956 682 2199 736 ἀπόνοιαν
2229 683 2418 756 μᾶλλον
2448 687 2538 736 καὶ
2567 682 2926 755 ἀγανάκτησιν
2971 685 3025 748 ἐξ
3054 687 3122 738 ὧν
3153 683 3260 740 ἔδει
3293 689 3735 763 σωφρονίζεσθαι,

373 795 466 850 περ
476 796 552 852 ιτρ
562 779 829 849 επομένου.

781 885 1104 950 ΟΗΑΞΞΤΙΟ
1135 885 1266 942 LXX
1296 883 1404 960 [αἱ.
1438 882 1639 956 LXIX].

381 975 674 1040 Quasnam
706 979 934 1042 oportet
958 973 1277 1044 intelligere
1302 974 1585 1042 pelliceas
1613 971 1860 1036 tunicas,
1892 987 2032 1043 quas

451 1047 714 1103 Adamus
733 1051 783 1102 et
805 1046 932 1103 Eva
952 1051 1074 1117 post
1089 1044 1610 1115 transgressionem
1630 1044 1975 1100 induerunt.

2733 890 3049 938 ΕΡΩΤΗΣΙΣ
3089 884 3164 939 Ο’.

2140 973 2298 1033 Τίνας
2331 967 2416 1023 δεῖ
2446 977 2574 1023 νοεῖν
2607 968 2947 1044 δερματίνονς
2976 981 3224 1044 χιτῶνας,
3257 975 3346 1035 οὓς
3378 977 3404 1027 ό
3436 973 3609 1052 Ἀδὰμ
3651 983 3742 1032 καὶ

2369 1043 2398 1100 ἠ
2435 1045 2541 1095 Εὕα
2565 1047 2692 1115 μετὰ
2722 1048 2815 1102 τὴν
2857 1044 3151 1120 παράϐασιν
3181 1044 3506 1104 ένεδύσαντο.

1380 1197 1534 1248 Edita
1565 1210 1597 1247 ο.
1630 1196 1784 1253 Maio,
1815 1196 1850 1245 ι.
1883 1209 1949 1253 c.,
1986 1209 2044 1259 p.
2085 1195 2245 1244 85-37.
2280 1195 2337 1244 In
2369 1194 2502 1246 Gen.
2542 1209 2612 1251 ιιι,
2645 1195 2722 1244 21.

450 1331 579 1389 Scio
635 1331 879 1406 quidem
933 1333 1228 1406 quosdam
1279 1333 1555 1406 pelliceas
1601 1331 1835 1388 tunicas
1884 1346 2034 1404 quas

375 1421 563 1477 Adam
586 1427 639 1477 et
669 1425 792 1478 Eva
812 1426 952 1494 post
973 1422 1500 1492 transgressionem
1523 1421 1863 1486 induerunt,
1895 1435 2032 1492 pro-

374 1511 720 1567 nuntiantes
743 1527 960 1584 corpus
974 1527 1037 1567 ex
1053 1527 1175 1584 quo
1196 1511 1482 1567 rationale
1500 1510 1720 1566 animal
1743 1515 1797 1566 et
1819 1509 2033 1565 animae

375 1617 410 1656 a
429 1601 716 1673 principio
736 1601 908 1656 fictor
930 1599 1267 1656 subsistuit.
1302 1599 1413 1657 Sed
1436 1600 1531 1655 isti
1555 1599 2035 1672 prmoccupantis

375 1690 543 1761 ipsos
573 1689 1000 1762 suppositionis
1027 1688 1401 1746 consectaria
1429 1688 1622 1744 dicere
1664 1704 1802 1745 cum
1837 1688 2035 1744 stude-

2217 1326 2357 1382 Οἶδα
2403 1332 2492 1402 μέν
2531 1350 2673 1392 τινας
2707 1326 3048 1404 δερματίνους
3089 1340 3324 1403 χιτῶνας
3366 1333 3456 1397 οὓς
3492 1335 3518 1388 ὀ
3569 1333 3746 1408 ’Λδάμ

2144 1423 2232 1472 καὶ
2275 1421 2304 1478 ἡ
2349 1423 2456 1472 Εὕα
2501 1422 2632 1492 μετά
2669 1424 2762 1479 τὴν
2811 1419 3108 1495 παράϐασιν
3161 1419 3488 1494 ἐνεδύσαντο,
3540 1423 3745 1498 ἀποφη-

2143 1511 2384 1581 ναμένους
2439 1512 2496 1560 τὸ
2557 1517 2708 1581 σῶμα
2759 1507 2811 1571 ἐξ
2865 1509 2925 1561 οὗ
2979 1513 3037 1562 τὸ
3081 1509 3288 1581 λογικὸν
3344 1512 3474 1573 ζῶον
3521 1519 3610 1566 καὶ
3648 1523 3746 1578 τῆς

2142 1597 2330 1670 ψυχῆς
2367 1596 2454 1650 ἀπ’
2503 1596 2675 1672 ἀρχῆς
2713 1599 2738 1650 6
2781 1597 3025 1662 Πλοίστης
3068 1603 3156 1652 τὸν
3195 1603 3465 1675 ἄνθρωπον
3509 1604 3742 1663 ὑπεστή-

2147 1706 2294 1740 σατο.
2339 1686 2476 1740 Ἀλλ’
2515 1688 2657 1740 οὗτοι
2700 1696 2794 1749 τῆς
2839 1688 3340 1763 προκαταλαϐούσης
3395 1691 3580 1754 αύτούς
3620 1694 3747 1746 ὑπο-

378 1758 520 1844 τἐηί,
577 1758 1034 1852 inconsequenti
1087 1794 1266 1835 sensu
1317 1783 1371 1834 et
1423 1778 1670 1834 scientia
1721 1779 2036 1833 destruunt

2149 1775 2344 1847 λήψεως
2418 1775 2676 1830 ἀκόλουθα
2753 1777 2914 1848 λέγειν
3007 1778 3467 1850 φιλονεικήσαντες,
3553 1779 3750 1834 ἀνακοο

379 1867 720 1925 veritatem.
773 1868 1002 1924 Etenim
1034 1867 1354 1940 paradisus
1397 1868 1540 1940 ipsis
1569 1868 1755 1923 verbo
1788 1866 2034 1940 quidem

380 1955 646 2028 fingitur,
679 1973 742 2013 re
763 1973 901 2014 vero
924 1956 1168 2015 tollitur.
1207 1957 1321 2013 Sed
1344 1956 1608 2029 paradisi
1630 1957 1866 2030 plantas
1889 1959 1946 2012 et
1963 1956 2039 2011 ci-

380 2045 488 2101 bos
514 2051 572 2101 et
601 2062 704 2120 per
733 2050 962 2102 costam
979 2047 1110 2102 Evze
1136 2046 1596 2118 productionem
1619 2050 1678 2102 et
1697 2045 2040 2117 simpliciter

378 2151 591 2192 eorum
618 2152 751 2209 quae
777 2139 916 2191 sunt
948 2136 1310 2192 creationem
1336 2139 1522 2192 totam
1550 2140 1608 2191 et
1636 2135 2040 2208 proditionem

377 2230 436 2283 et
467 2226 682 2282 divina:
710 2242 867 2282 curae
895 2225 1050 2282 circa
1079 2225 1388 2281 hominem
1414 2225 1578 2298 quod
1601 2230 1692 2282 est
1711 2225 2041 2296 benignum

377 2322 433 2373 et
460 2315 728 2372 mirabile
756 2319 813 2371 et
847 2315 1200 2387 excipiendo
1226 2331 1514 2385 geneseos
1537 2315 1851 2388 principia,
1882 2315 2045 2371 inin-

376 2405 711 2461 tellectuale
749 2404 1056 2476 quoddam
1093 2403 1549 2461 tabernaculum
1575 2404 2039 2473 attollentes,ne~

379 2511 497 2568 que
531 2495 841 2567 propriam
897 2494 1343 2550 subsistentiam
1383 2499 1442 2549 et
1475 2493 2039 2550 substantiationem

374 2584 487 2640 visi
507 2587 643 2638 sunt
660 2583 938 2639 revereri.
966 2582 1107 2638 Inde
1124 2597 1256 2639 vere
1280 2583 1638 2654 tragoediam
1663 2587 1850 2639 totam
1866 2583 2039 2654 juxta

379 2671 690 2746 proprium
719 2672 1094 2744 propositum
1117 2673 1319 2745 partiti
1337 2679 1394 2728 et
1418 2672 1712 2743 ﬁngentes
1733 2676 1791 2728 et
1808 2673 1868 2728 in
1886 2688 2037 2746 quas

379 2761 620 2818 voluere
643 2761 868 2817 formas
897 2764 956 2816 et
981 2777 1190 2816 sensus
1213 2765 1666 2834 componentes,
1693 2777 1829 2817 vere
1852 2761 2038 2818 facto-

379 2867 516 2907 rum
539 2855 597 2906 et
611 2850 1062 2907 subsistentium
1086 2850 1572 2924 consequentiam
1597 2855 1654 2907 et
1671 2866 1860 2924 usque
1878 2866 2037 2907 nunc

305 2994 320 3004 ,
380 2939 572 2996 visam
592 2944 648 2996 et
664 2939 968 3008 cognitam
985 2939 1294 2996 destruunt
1310 2939 2036 3011 ejurantes,mulcenlibus

380 3029 624 3104 quidem
655 3037 710 3084 et
749 3028 1174 3085 inducentibus
1215 3029 1591 3085 sermonibus
1638 3028 2036 3085 multitudinis

2145 1864 2317 1936 λούθῳ
2363 1871 2543 1939 γνώμῃ
2580 1870 2667 1918 καὶ
2706 1872 2895 1938 γνώσει
2935 1866 3271 1940 λυμαίνονται
3309 1874 3402 1927 τὴν
3451 1869 3693 1928 ἀλήθειαν
3728 1884 3748 1902 ⁶

2146 1957 2238 2006 καὶ
2283 1955 2383 2027 γὰρ
2436 1955 2461 2005 6
2512 1952 2837 2027 παράδεισος
2889 1955 3064 2019 αὐτοῖς
3112 1956 3247 2028 λόγῳ
3295 1961 3384 2029 μὲν
3443 1958 3747 2027 πλάττεται,

2151 2045 2282 2116 ἔργῳ
2335 2039 2394 2096 δε
2421 2041 2773 2097 διαϐάλλεται.
2806 2044 2960 2096 Ἀλλά
2996 2048 3061 2097 τὰ
3107 2053 3198 2098 τοῦ
3246 2043 3572 2120 παραδείσου
3614 2050 3753 2120 φυτὰ

2151 2136 2241 2184 καὶ
2293 2135 2318 2191 ἡ
2373 2131 2576 2208 βρῶσις
2605 2138 2692 2185 καὶ
2730 2136 2759 2193 ἡ
2814 2131 2908 2186 διὰ
2945 2142 3036 2197 τῆς
3078 2134 3298 2210 πλευρᾶς
3325 2144 3420 2198 τῆς
3449 2140 3578 2198 Εὔας
3626 2157 3753 2212 προ-

2153 2227 2359 2294 αγωγὴ,
2407 2228 2496 2276 καὶ
2552 2223 2725 2286 ἁπλῶς
2767 2225 2797 2282 ἡ
2857 2232 2952 2277 τῶν
3010 2229 3165 2279 ὄντων
3225 2222 3553 2302 δημιουργία
3603 2234 3754 2281 πᾶσα

2151 2319 2240 2366 καὶ
2288 2311 2513 2389 πρόοδος
2564 2317 2653 2366 καὶ
2703 2316 2760 2366 τὸ
2814 2322 2904 2376 τῆς
2945 2316 3079 2376 θείας
3120 2311 3436 2388 κηδεμονίας
3493 2321 3612 2391 περὶ
3662 2319 3750 2369 τόν

2150 2403 2416 2478 ἄνθρωπον
2483 2402 2837 2476 φιλάνθρωπόν
2889 2423 2942 2456 τε
3001 2408 3092 2456 καὶ
3160 2407 3450 2477 θαυμάσιον
3511 2411 3601 2458 καὶ
3656 2407 3755 2468 τὰς

2149 2494 2286 2544 κατά
2335 2489 2605 2564 διαδοχὴν
2655 2489 2714 2544 δὲ
2761 2499 2852 2553 τῆς
2907 2496 3152 2564 γενέσεως
3204 2493 3399 2569 ἀρχὰς,
3451 2495 3518 2556 εἰς
3559 2503 3750 2555 νοητόν

2149 2603 2264 2634 τινα
2323 2586 2518 2641 σκηνὴν
2582 2581 2931 2656 ἀναφέροντες,
3000 2579 3124 2636 οὐδὲ
3179 2588 3271 2642 τὴν
3333 2581 3476 2637 ἰδίαν
3530 2585 3751 2660 ὕπαρξιν

2148 2676 2238 2724 καὶ
2281 2671 2532 2724 ούσίωσιν
2580 2673 2828 2744 ὤφθησαν
2863 2670 3245 2744 εὐλαϐούμενοι.
3289 2673 3514 2728 Ἐκεῖθεν
3566 2671 3625 2727 δὲ
3655 2680 3752 2735 τὴν

2149 2757 2449 2835 τραγῳδίαν
2503 2759 2622 2819 ὃλην
2677 2763 2809 2813 κατά
2854 2764 2946 2820 τὴν
3003 2757 3143 2813 ἰδίαν
3210 2763 3455 2835 πρόθεσιν
3520 2783 3754 2836 καταμε-

2147 2853 2384 2924 ρίσαντές
2434 2868 2488 2902 τε
2540 2853 2629 2901 καὶ
2685 2850 3083 2924 ὑποκρινάμενοι
3141 2855 3231 2903 καὶ
3288 2851 3355 2912 εἰς
3403 2854 3516 2916 οἰας
3554 2852 3613 2905 ἂν
3661 2858 3752 2908 καὶ

2151 2937 2421 3012 βούλοιντο
2477 2939 2679 3012 μορφὰς
2744 2942 2834 2990 καὶ
2887 2937 3113 2999 ἐπινοίας
3168 2936 3588 3008 διαπλάττοντες,
3650 2951 3752 2996 τῶν

2149 3029 2217 3090 ὡς
2267 3026 2471 3090 ἀληθῶς
2523 3032 2805 3100 γεγονότων
2856 3032 2947 3080 καὶ
3008 3028 3344 3101 ὑπαρξάντων
3401 3034 3458 3083 τὸ
3534 3030 3752 3086 ἀκόλου-

383 3134 557 3176 aures
587 3118 975 3175 incantando.
1017 3117 1220 3174 Solent
1248 3118 1407 3174 enim
1434 3118 1733 3190 pleraeque
1765 3117 2036 3174 ﬁctiones

2152 3118 2236 3182 θον
2292 3121 2382 3169 καὶ
2436 3121 2600 3191 μέχρι
2654 3124 2740 3168 νῦν
2803 3118 3054 3191 ὁρώμενον
3112 3136 3166 3170 τε
3221 3123 3311 3171 καὶ
3373 3125 3752 3193 γνωριζόμενον

385 3208 464 3265 ad
489 3215 702 3264 nutum
734 3211 792 3262 et
835 3209 913 3263 ad
960 3207 1400 3279 jucunditatem
1431 3207 1797 3263 concinnatae
1821 3205 2038 3262 illicere

384 3296 630 3369 quidem
660 3295 1003 3352 auditorum
1032 3311 1207 3353 aures
1253 3300 1313 3352 et
1358 3295 1436 3352 ad
1467 3295 1787 3368 voluptatis
1830 3311 2038 3368 parare

383 3385 791 3450 dimisionem,
835 3390 897 3442 at
924 3401 1115 3458 neque
1159 3386 1270 3442 sibi
1313 3385 1456 3457 ipsis
1496 3385 1681 3441 ullam
1727 3385 2038 3442 utilitatem

387 3490 580 3546 neque
623 3475 922 3546 persuasis
975 3474 1176 3530 talium
1207 3475 1514 3530 architecti
1552 3489 1876 3546 procurare
1907 3489 2041 3546 pos-

387 3567 542 3620 sunt.
593 3563 708 3618 Sed
759 3563 871 3620 hos
918 3563 1160 3636 quidem
1205 3564 1483 3633 Origenes
1540 3567 1595 3620 et
1650 3563 2041 3633 Origenianus

384 3652 606 3708 habeat
629 3652 847 3708 chorus
872 3671 886 3721 ;
919 3657 1116 3708 noster
1145 3669 1280 3709 vero
1308 3653 1624 3722 Gregorius
1651 3667 1832 3725 quem
1878 3652 2042 3708 theo-

386 3741 581 3811 logica
599 3745 653 3796 et
676 3741 962 3796 divinitus
992 3740 1111 3812 ipsi
1139 3741 1285 3798 data
1314 3744 1469 3797 circa
1498 3740 1773 3814 spiritum
1801 3741 2040 3797 scientia

388 3829 732 3901 theologum
757 3830 1169 3902 proclamavit,
1187 3831 1282 3887 hic
1299 3830 1579 3904 pelliceas
1598 3835 1770 3888 vocat
1787 3831 2036 3897 tunicas,

389 3936 510 3977 non
543 3936 696 3993 quas
724 3920 1077 3989 Origeniana
1097 3920 1300 3977 fabula
1318 3921 1510 3976 ﬁnxit.
1546 3921 1658 3978 Sed
1688 3925 1896 3978 contra
1921 3921 2042 3976 Ori-

393 4015 713 4082 genianam
738 4011 1077 4083 opinionem
1121 4010 1397 4067 homines
1425 4015 1766 4068 convertere
1797 4010 2041 4084 quidem

391 4100 714 4172 plurimum
737 4100 1030 4156 adhibens
1053 4100 1354 4167 studium;
1375 4101 1671 4173 sapienter
1688 4116 1828 4157 vero
1847 4104 1904 4157 et
1927 4100 2042 4155 dis-

391 4206 612 4263 ponere
646 4191 840 4246 sciens
864 4189 924 4245 in
947 4189 1172 4261 judicio
1201 4206 1509 4246 sermones
1530 4206 1670 4246 suos
1698 4190 1759 4247 in
1780 4190 2040 4246 vicinam

389 4279 637 4352 quidem
673 4279 1144 4351 speculationem
1191 4281 1410 4350 satagit
1456 4279 1791 4350 transferre,
1836 4285 2042 4336 contra

388 4368 552 4425 illam
576 4385 716 4425 vero
741 4368 1106 4427 laboriosam
1139 4370 1494 4425 sententiam
1536 4377 1772 4425 auctum
1815 4373 1873 4424 et
1900 4385 2037 4440 pra-

2152 3206 2452 3281 ἀναιροῦσιν
2527 3205 2875 3279 ἐξομνύμενοι,
2948 3205 3271 3280 θελκτηρίοις
3353 3211 3442 3280 μεν
3499 3215 3589 3262 καὶ
3665 3208 3754 3264 ἐπ-

2151 3302 2372 3368 αγωγοῖς
2418 3295 2594 3367 λόγοις
2631 3297 2697 3348 τά
2745 3304 2844 3347 τῶν
2892 3294 3088 3348 πολλῶν
3143 3292 3251 3349 ὦτα
3300 3301 3752 3369 καταγοητεύσαν-

2150 3405 2250 3448 τες.
2309 3387 2469 3439 Είωθε
2527 3389 2626 3461 γὰρ
2685 3388 2750 3438 τὰ
2796 3385 2958 3438 πολλά
3005 3392 3106 3438 τῶν
3152 3385 3468 3459 πλασμάτων
3507 3390 3622 3442 κατ’
3675 3389 3753 3453 ἒξ·-

2151 3480 2334 3528 ουσίαν
2385 3480 2475 3528 καὶ
2527 3478 2652 3550 πρὸς
2697 3478 2756 3527 τὸ
2803 3471 2909 3534 ἡδὺ
2947 3474 3272 3549 πλαττόμενα
3310 3477 3750 3551 ύπογαργαλίζειν

2149 3569 2239 3638 μὲν
2289 3567 2354 3617 τὰ
2408 3572 2506 3616 τῶν
2565 3563 2829 3639 ἀκροατῶν
2880 3561 2988 3616 ὦτα
3033 3569 3122 3616 καὶ
3175 3566 3301 3636 πρὸς
3347 3563 3545 3628 ἡδονῆς
3584 3588 3752 3643 παρα-

2153 3653 2422 3714 σκευάζειν
2456 3650 2736 3725 διάχυσιν,
2781 3656 2894 3705 οὔτε
2925 3649 2983 3705 δὲ
3024 3653 3224 3716 ἑαυτοῖς
3255 3651 3406 3707 οὐδὲν
3437 3655 3632 3727 ὄφελος,
3665 3659 3750 3709 οὗ·

2149 3763 2204 3796 τε
2263 3751 2370 3805 τοίς
2434 3745 2752 3814 πειθομένοις
2813 3743 2862 3794 οἰ
2921 3749 3020 3795 τῶν
3077 3745 3323 3815 τοιούτῳν
3390 3742 3751 3818 ἀρχιτέκτονες
3829 3743 3861 3788 -’

2149 3837 2399 3908 παρέχειν
2457 3829 2726 3885 δύνανται.
2778 3830 2935 3885 Ἀ).λά
2987 3833 3088 3906 γὰρ
3147 3836 3360 3894 τούτους
3408 3837 3498 3906 μὲν
3551 3833 3753 3908 Ὠριγέι

2149 3943 2235 3984 νης
2266 3941 2320 3975 τε
2361 3926 2450 3974 καὶ
2493 3923 2519 3974 6
2561 3921 2862 3994 Ὠριγένειος
2905 3920 3071 3992 ἐχέτω
3102 3925 3261 3996 χορός
3289 3938 3303 3953 ο
3337 3924 3362 3974 6
3406 3919 3465 3976 δὲ
3507 3925 3752 3998 ἡμέτερος

2151 4015 2438 4087 Γρηγόριος
2491 4011 2544 4063 ὃν
2583 4012 2612 4069 ἡ
2663 4009 2892 4082 θεολόγος
2944 4029 2997 4063 τε
3043 4015 3133 4062 καὶ
3183 4012 3351 4064 θεόθεν
3401 4011 3542 4083 αύτῷ
3596 4009 3752 4066 δεδο-

2149 4106 2273 4175 μὲνη
2329 4104 2443 4174 περὶ
2508 4106 2600 4152 τοῦ
2674 4101 2960 4171 πνεύματος
3027 4098 3301 4174 παρρησία
3371 4100 3604 4172 θεολόγον
3667 4099 3754 4153 ἀν-

2150 4191 2409 4263 εκήρυξεν,
2465 4189 2616 4251 οὗτος
2672 4185 3013 4262 δερματίνους
3065 4188 3307 4261 ὀνομάζει
3363 4199 3598 4262 χιτῶνας
3643 4190 3752 4262 οὐχ

2149 4281 2340 4354 οὕσπερ
2407 4281 2432 4331 ό
2485 4279 2794 4351 Ὠριγένειος
2852 4279 3011 4350 μῦθος
3068 4276 3385 4331 ἀνέπλασεν·
3448 4277 3575 4331 ἀλλά
3629 4279 3752 4332 τού-

2146 4373 2345 4422 ναντίον
2383 4378 2472 4430 τῆς
2524 4369 2836 4440 Ὠριγενείου
2887 4363 3048 4430 δόξης
3093 4371 3216 4429 τοὺς
3251 4365 3554 4440 ἀνθρώπους
3592 4373 3772 4440 μετα·’

388 4460 604 4516 cticum
648 4459 1018 4514 emittentem
1065 4458 1274 4524 melos,
1333 4457 1601 4530 pelliceas
1649 4459 1882 4514 tunicas
1920 4472 2038 4514 non

2149 4458 2347 4512 ϐάλλειν
2386 4459 2476 4530 μὲν
2525 4458 2605 4508 ὅτι
2649 4457 2878 4528 μάλιστα
2915 4458 3218 4528 ποιούμενος
3259 4452 3499 4514 σπουδήν
3530 4473 3541 4485 ·
3578 4466 3752 4529 σοφῶς

386 4565 605 4620 corpus
631 4551 803 4619 juxta
827 4565 962 4621 quae
995 4556 1049 4603 et
1077 4548 1350 4620 superius
1367 4548 1526 4604 dicta
1551 4553 1688 4604 sunt
1712 4552 1904 4616 vocat,
1931 4547 2040 4605 ab-

386 4639 458 4694 sit
500 4637 511 4691 !
555 4640 681 4694 Non
720 4638 877 4693 enim
914 4638 1069 4693 visus
1109 4641 1200 4694 est
1237 4637 1414 4694 talem
1453 4637 1788 4710 quamdam
1827 4653 2038 4694 vocem

388 4728 682 4791 emittens,
716 4727 819 4782 sed
846 4729 1114 4799 corporis
1147 4725 1604 4783 crassitudinem
1636 4732 1694 4783 ct
1720 4727 2040 4784 mortalita~

388 4821 511 4872 tem
542 4821 599 4871 et
628 4815 838 4887 prioris
870 4816 1053 4871 felicis
1087 4817 1419 4887 antitypum
1455 4819 1510 4871 et
1549 4815 1886 4888 oppositam
1921 4815 2042 4872 dis-

388 4904 732 4977 positionis;
765 4904 982 4959 etenim
1017 4919 1152 4960 vere
1190 4910 1329 4976 post
1355 4904 1893 4975 transgressionem
1936 4920 2040 4976 pro

388 4993 741 5067 impossibili
769 5000 824 5049 et
848 5008 967 5048 non
995 4992 1266 5064 subjecto
1293 4998 1350 5050 et
1374 5009 1496 5049 non
1523 4997 1767 5064 gravato
1798 5009 2042 5065 corpore

391 5091 450 5142 et
493 5083 849 5140 mortalitate
883 5097 1152 5154 corpore,
1185 5083 1291 5138 sed
1323 5083 1519 5139 carnis
1551 5083 1811 5139 motibus
1842 5087 1897 5138 et
1926 5082 2043 5138 ille-

392 5173 580 5231 cebris
637 5173 955 5228 constituto
1007 5171 1355 5244 potentiore,
1413 5173 1712 5228 contraria
1767 5171 1860 5227 his
1912 5176 2044 5244 post

391 5263 931 5335 transgressionem
962 5261 1232 5317 Adamus
1259 5261 1461 5334 qualia
1484 5268 1634 5318 certe
1666 5261 1926 5317 tunicam
1953 5261 2044 5316 di-

394 5354 500 5410 ctis
517 5355 795 5424 punctam
811 5349 1186 5422 passionibus
1197 5354 1252 5406 et
1265 5349 1735 5407 contaminatam
1753 5350 2042 5406 mutando

391 5442 620 5508 induit;
665 5440 773 5497 sed
812 5447 1049 5496 sanctus
1101 5440 1348 5512 quidem
1388 5439 1491 5496 iste
1543 5441 1633 5496 vir
1685 5456 1757 5495 ex
1793 5439 2042 5509 Origene

394 5547 633 5587 sursum
653 5529 1053 5600 germinantes
1073 5529 1154 5585 ita
1175 5528 1422 5584 dulciter
1447 5532 1502 5585 et
1520 5527 1779 5598 benigne
1801 5529 2042 5584 trahens

395 5624 452 5678 et
479 5619 838 5678 transferens
866 5621 945 5677 ad
965 5617 1160 5690 magis
1185 5618 1316 5693 pios
1339 5633 1574 5686 sensus,
1603 5617 1749 5676 tales
1771 5632 1900 5674 esse
1920 5617 2042 5690 pel-

2151 4546 2208 4601 δὲ
2250 4551 2341 4600 καὶ
2386 4546 2666 4617 οἰκονομεῖν
2711 4541 2861 4606 εἰδὼς
2905 4547 2953 4597 ἐν
2992 4549 3165 4618 κρίσει
3204 4548 3320 4605 τοὺς
3362 4545 3550 4617 λόγους
3587 4545 3749 4598 αὐτοῦ

2151 4637 2216 4699 εἰς
2292 4641 2497 4709 γείτονα
2549 4638 2638 4708 μὲν
2717 4635 2928 4707 θεωρίαν
3003 4631 3274 4706 μεθοδεύει
3354 4633 3741 4706 μεταϐιϐάζειν,

2149 4727 2260 4780 κατ’
2300 4724 2496 4786 ἐκείνης
2535 4720 2593 4777 δὲ
2645 4732 2736 4784 τῆς
2788 4719 3096 4786 δοξοκοπίας
3141 4723 3230 4787 ὀξύ
3282 4723 3372 4775 καὶ
3425 4720 3748 4798 δραστήριον

2151 4816 2454 4889 ἐπαφιεῖσαν
2506 4816 2564 4866 τὸ
2617 4811 2787 4885 μέλος,
2846 4808 3183 4884 δερματίνους
3230 4820 3462 4884 χιτῶνας
3509 4812 3638 4884 οὐχὶ
3691 4817 3749 4864 τό

2154 4912 2305 4976 σῶμα
2355 4905 2492 4956 καθά
2538 4906 2627 4954 καὶ
2674 4906 2977 4976 προείρηται
3021 4900 3182 4968 καλεῖ,
3234 4901 3419 4972 ἀπαγε.
3467 4899 3608 4954 Οὐδὲ
3649 4905 3750 4975 γὰρ

2151 4989 2266 5046 οὐδ’
2324 4995 2465 5065 ὤφθη
2518 4993 2762 5050 τοιαύτην
2825 4991 2940 5043 τινά
2988 4995 3156 5062 φωνην
3223 4989 3410 5059 ἀφιεὶς,
3474 4989 3604 5043 ἀλλά
3658 4996 3751 5049 τήν

2149 5089 2239 5136 τοῦ
2278 5087 2514 5155 σώματος
2563 5083 2849 5153 παχύτητα
2895 5083 2986 5131 καὶ
3033 5081 3320 5137 θνητότητοι
3367 5083 3456 5132 καὶ
3487 5089 3583 5142 τῆς
3626 5099 3755 5151 προ-

2150 5176 2298 5246 τέρας
2355 5174 2618 5245 μακαρίας
2674 5167 2953 5222 ἀντίτυπον
3007 5173 3096 5220 καὶ
3164 5167 3516 5240 ἀντικειμένην
3574 5164 3755 5220 διαθέ-

2154 5281 2281 5322 σεως
2310 5299 2322 5312 .
2361 5265 2449 5312 καὶ
2486 5262 2587 5334 γὰρ
2628 5261 2697 5321 ὡς
2740 5257 2944 5322 ἀληθῶς
2973 5259 3104 5330 μετὰ
3148 5262 3241 5316 τὴν
3288 5255 3588 5330 παράϐασιν
3639 5256 3756 5309 ἀντὶ

2151 5358 2242 5403 τοῦ
2281 5349 2514 5411 ἀπαθοῦς
2564 5355 2653 5402 καὶ
2707 5346 2978 5401 ἀνευθύνου
3023 5351 3113 5399 καὶ
3172 5350 3241 5419 μή
3297 5345 3624 5420 βαρουμίνου
3679 5353 3753 5416 τῷ

2154 5445 2359 5511 σώματι
2396 5443 2485 5491 xui
2532 5445 2593 5510 τῇ
2657 5439 2934 5496 θνητότητι
2990 5442 3251 5508 σώματος,
3320 5433 3449 5487 ἀλλά
3503 5443 3602 5488 τῶν
3658 5442 3755 5497 τῆς

2154 5531 2342 5601 σαρκὸς
2423 5527 2719 5599 κινημάτων
2774 5529 2859 5578 καὶ
2941 5524 3382 5598 γαργαλισμάτων
3425 5525 3757 5586 καθεστῶτος

2150 5635 2454 5695 κρειττονος,
2509 5614 2756 5669 τάναντία
2809 5616 3009 5676 τούτοις
3050 5616 3180 5687 μετά
3239 5618 3336 5673 τὴν
3384 5611 3684 5687 παράϐασιν
3725 5614 3752 5666 ὁ
