4140 6198
294 215 402 280 445

1313 213 1407 282 Ab
1449 215 1994 284 AMPHILOCHIUM
2035 215 2367 295 QUIESTIO
2405 213 2620 284 LXXII.

3555 222 3662 293 446

293 351 704 422 κατασκευάσῃς
755 349 984 418 ἀνίατον,
1057 351 1164 404 ἀλλ’
1215 350 1262 403 ἑν
1321 359 1392 422 τῷ
1449 354 1642 422 ἡσύχῳ
1698 371 1752 405 τε
1809 356 1887 404 κα]

2015 354 2238 408 malum
2253 369 2424 424 pares
2447 353 2798 420 insanabile,
2829 357 2927 409 sed
2953 356 3016 410 in
3047 355 3276 412 silentio
3304 363 3364 414 et
3385 363 3662 432 tranquil-

293 439 555 514 ἀταρκχῳ
607 448 700 500 τῆς
745 444 970 514 κρίσεως
1015 444 1074 491 τό
1117 441 1235 492 καθ’
1269 439 1450 492 ἑαυτὸν
1497 447 1770 502 σκοπήσας
1811 446 1900 492 καὶ

291 533 352 582 τό
395 532 612 601 μέγεθος
653 537 749 582 τοῦ
801 528 1174 601 ἁμαρτήματος
1215 535 1404 592 συνείς.
1459 534 1523 582 Τί
1570 533 1672 602 γὰρ
1721 531 1900 602 μεῖζον

293 619 368 681 εἰς
400 619 648 670 ἀπόνοιαν
703 627 798 680 τῆς
858 615 996 678 ἰδίας
1053 615 1254 680 ἡδονῆς
1299 623 1358 672 τό
1391 621 1522 670 θεῖον
1567 618 1722 680 σέϐας
1769 639 1897 693 παρ-

293 705 430 760 ιδεῖν
466 726 480 774 ;
512 715 614 768 Τῆς
660 712 936 780 μετανοίας
982 715 1132 778 γενοῦ
1171 712 1259 759 καὶ
1308 705 1401 760 διὰ
1455 708 1740 768 θεοσεϐείας
1779 707 1901 760 εἰλι-

290 805 517 862 κρινοῦς
572 801 662 848 καὶ
715 796 1112 867 εὐγνωμοσύνης
1162 800 1220 848 τό
1276 796 1637 868 πλημμεληθεν
1705 795 1900 858 ἐξιλέω-

295 905 410 950 σαι,
465 889 654 938 σαυτόν
704 883 1000 959 ἀνορθώσας
1045 893 1138 936 τοῦ
1175 891 1472 956 πτώματος·
1507 889 1566 936 τό
1613 883 1690 949 δε,
1741 908 1762 936 ε
1809 890 1898 938 καὶ

295 979 366 1026 σὺ
419 971 578 1026 αύτοῦ
629 974 824 1048 ἄρξεις,
874 992 904 1024 »
953 974 1070 1026 καθ’
1111 974 1284 1046 ἑτέραν
1332 978 1422 1045 μὲν
1467 970 1722 1044 ἐκδοχὴν,
1774 971 1897 1026 ούδί

287 1066 346 1115 τό
395 1067 488 1116 σόν
523 1083 680 1135 φησιν
729 1063 788 1114 ού
819 1059 1150 1135 προσδεχθὲν
1195 1059 1362 1136 δῶρον
1393 1063 1461 1122 εἰς
1505 1065 1673 1136 ἓτερον
1721 1081 1896 1136 παρα-

285 1155 570 1220 πέμπεται,
619 1148 744 1204 ούδὲ
769 1154 886 1204 τινα
921 1171 1008 1203 σοι
1037 1156 1232 1224 ζημίαν
1272 1155 1328 1204 τό
1374 1149 1736 1226 ἀπρόσδεκτον
1767 1169 1896 1223 προ·

285 1241 442 1310 ξσδεί,
511 1240 642 1292 ἀλλὰ
695 1243 828 1312 πρὸς
878 1243 936 1292 σε
1002 1241 1157 1292 πάλιν
1219 1240 1614 1314 ἀποστρέφεται.
1675 1245 1774 1292 Καὶ
1831 1243 1896 1290 σύ

283 1335 382 1388 τὴν
431 1329 670 1392 ἐξουσίαν
721 1329 882 1381 αὐτοῦ
929 1335 1018 1380 καὶ
1061 1333 1352 1402 κυριότητα
1393 1332 1461 1390 ὡς
1510 1334 1600 1380 καὶ
1649 1333 1894 1402 πρότερον

285 1418 440 1481 ἔξεις·
477 1414 726 1490 οὐδεμίαν
778 1416 832 1469 ἐκ
865 1425 960 1480 τῆς
1006 1427 1378 1492 προσαγωγῆς,
1431 1417 1565 1476 πλὴν
1616 1417 1720 1469 ὅσα
1760 1435 1820 1488 γε
1861 1417 1890 1474 ἠ

285 1507 526 1582 ἁμαρτία
583 1506 892 1578 ἐλυμήνατο,
953 1507 1148 1578 ζημίαν
1201 1508 1452 1568 ὑποστάς·
1517 1505 1643 1557 ’ἀλλ’
1701 1506 1743 1558 εἰ
1805 1509 1894 1578 μεν

283 1599 373 1648 ἑπὶ
426 1603 520 1648 τοῦ
576 1597 1030 1667 προσενεχθέντος,
1086 1615 1114 1646 ι(
1169 1601 1257 1646 καὶ
1313 1599 1378 1646 σὺ
1417 1595 1577 1646 αὐτοῦ
1613 1594 1808 1667 ἄρξεις,
1863 1616 1890 1643 ››

2011 441 2392 512 litatejudicii
2426 443 2591 522 quod
2623 447 2828 499 contra
2855 451 2904 498 te
2935 445 3134 516 ipsum
3167 451 3258 501 est
3283 455 3578 504 scrutatus
3611 457 3665 507 et

2010 532 2420 602 magnitudine
2447 532 2672 602 peccati
2707 532 3002 588 intellecta
3037 552 3050 586 :
3093 535 3240 606 quid
3269 537 3426 590 enim
3463 539 3664 610 majus

2008 635 2192 691 quam
2225 619 2284 674 in
2307 620 2602 674 insaniam
2633 621 2879 691 propriae
2913 620 3230 692 voluptatis
3259 623 3530 680 divinum
3561 642 3665 680 nu—

2007 724 2144 762 men
2164 708 2462 778 negligere
2483 707 2510 762 ?
2531 709 2825 762 Pmnitens
2847 710 2926 764 sis
2943 715 2998 764 et
3018 726 3123 782 per
3151 711 3246 766 Dei
3268 715 3660 770 reverentiam

2007 797 2296 852 sinceram
2327 802 2382 852 et
2413 797 2790 868 prudentiam
2817 797 2974 869 quod
2995 799 3328 868 neglectum
3350 807 3432 856 est
3463 804 3658 874 expia,

2009 886 2380 956 temetipsum
2405 885 2668 940 excitans
2693 902 2728 940 a
2755 902 2918 940 casu.
2943 889 3065 942 Hoc
3085 904 3242 954 vero,
3281 910 3304 939 α
3337 893 3401 944 Et
3425 897 3484 946 tu
3509 891 3658 945 illius

2005 973 2433 1040 dominaberis,
2466 995 2490 1024 ν
2516 974 2688 1043 juxta
2718 975 2898 1029 aliam
2936 976 3184 1047 quidem
3222 979 3654 1048 acceptionem,

2005 1077 2126 1116 non
2178 1067 2366 1126 tuum,
2414 1063 2516 1131 ait,
2557 1079 2676 1118 non
2727 1069 3036 1135 acceptum
3084 1070 3312 1120 tantum
3369 1065 3428 1120 in
3473 1067 3658 1124 alium

2009 1151 2442 1216 transmittitur,
2467 1167 2576 1206 nec
2597 1151 2845 1222 aliquod
2877 1153 2980 1206 tibi
3006 1153 3301 1210 damnum
3327 1154 3659 1228 inacceptio

2006 1239 2194 1308 affert,
2219 1239 2322 1294 sed
2347 1239 2424 1294 ad
2448 1245 2500 1295 te
2529 1239 2740 1295 iterum
2771 1241 3093 1296 revertitur.
3131 1245 3192 1296 Et
3225 1248 3282 1296 tu
3307 1249 3660 1314 potestatem

2005 1327 2134 1398 ejus
2159 1334 2216 1383 et
2252 1329 2718 1384 dominationem
2743 1333 2804 1383 ut
2826 1337 2882 1384 et
2913 1331 3076 1402 prius
3107 1330 3392 1402 habebis;
3425 1333 3660 1390 nullum

2004 1431 2076 1472 ex
2115 1417 2434 1483 oblatione,
2479 1416 2590 1472 nisi
2623 1434 3003 1490 quaecunque
3035 1425 3348 1490 peccatum
3383 1424 3656 1486 vastavit,

2004 1505 2298 1560 damnum
2323 1505 2654 1572 sustinens;
2677 1507 2780 1560 sed
2797 1507 2842 1560 si
2868 1507 3114 1578 quidem
3131 1509 3203 1562 de
3223 1507 3442 1574 oblato,
3481 1529 3503 1560 ε
3531 1516 3585 1564 et
3601 1517 3660 1566 tu

2002 1593 2158 1648 illius
2191 1593 2616 1662 dominaberis,
2663 1617 2690 1644 ,,
2731 1595 2936 1650 audire
2968 1595 3116 1666 quid
3155 1597 3460 1668 eloquium
3497 1599 3654 1666 velit,

283 1683 572 1746 ἕξακοῦσαί
631 1703 706 1744 τις
757 1689 812 1736 τὸ
866 1683 1038 1754 λόγιον
1097 1683 1278 1744 ἐθέλοι,
1332 1687 1578 1740 τοιαύτην
1633 1686 1748 1734 τινὰ
1800 1687 1887 1740 τὴν

2005 1682 2178 1738 talem
2225 1683 2560 1754 quamdam
2601 1683 3053 1754 explicationem
3091 1686 3370 1742 inveniet.
3419 1689 3476 1742 Si
3517 1704 3657 1743 vero

285 1772 576 1834 ἀνάπτυξιν
623 1775 850 1844 εὑρήσει.
901 1773 958 1826 Εἰ
1005 1770 1066 1825 δὲ
1123 1773 1242 1824 καθ’
1303 1773 1474 1846 ἑτέραν
1521 1771 1761 1830 ἐπιϐολὴν
1803 1777 1892 1824 καὶ

283 1861 374 1914 ἐπὶ
447 1869 541 1914 τοῦ
593 1860 768 1928 Ἅϐελ,
827 1860 876 1921 ὃς
929 1861 1091 1934 ὀρθῶς
1151 1879 1204 1914 τε
1257 1857 1414 1913 διεῖλε
1465 1866 1556 1913 καὶ
1617 1865 1674 1912 τό
1725 1857 1892 1934 δῶρον

283 1955 640 2022 προσήνεγκεν
689 1949 856 2023 ὀρθῶς
906 1955 996 2000 καὶ
1047 1954 1140 2007 τὴν
1177 1951 1366 2002 ἄνωθεν
1419 1950 1651 2002 εἵλκυσεν
1699 1946 1894 2002 ἀποδο-

283 2043 419 2110 χήν,
472 2035 576 2090 ὧδε
623 2039 684 2090 οἶν
730 2041 760 2096 ἡ
815 2041 1002 2111 θεωρία
1039 2037 1296 2112 προέλθοι.
1353 2036 1542 2110 Οὐδὲν,
1600 2043 1778 2108 φησὶν,
1838 2039 1893 2090 ἐκ

283 2135 382 2180 τοῦ
431 2130 778 2201 προκριθῆναι
820 2133 914 2186 τὴν
956 2135 1048 2180 τοῦ
1081 2124 1306 2198 ἀδελφοῦ
1353 2129 1540 2180 θυσίαν
1591 2130 1674 2179 ἐπὶ
1702 2135 1808 2187 τοῖς
1838 2126 1892 2178 ἐκ

282 2221 536 2287 γενέσεως
609 2222 911 2290 προνομίοις
985 2217 1306 2275 ἠλάττωσαιο
1379 2213 1502 2268 οὐδέ
1568 2237 1646 2278 τις
1703 2215 1894 2274 ἐπῆλθέ

285 2325 372 2357 σοι
413 2303 540 2364 δίκη
595 2313 692 2367 τῆς
731 2305 932 2377 φαύλης
981 2302 1284 2379 διαιρέσεως
1331 2313 1422 2365 τῆς
1465 2309 1712 2377 προτέρας
1758 2308 1893 2358 κατά

287 2397 380 2446 τόν
413 2393 532 2467 βίον
563 2391 725 2456 δόξης
766 2395 1114 2448 καθέλκουσα.
1167 2398 1300 2446 Οὔτε
1347 2397 1448 2466 γὰρ
1486 2402 1584 2446 τῶν
1627 2399 1890 2466 πρωτοτό-

283 2503 391 2536 κων
425 2484 538 2536 ἰιντὶ
591 2491 684 2537 τοῦ
735 2484 1176 2556 πλημμελήματος
1219 2485 1548 2556 εἰσεπράχθη
1599 2488 1694 2542 τὴν
1742 2483 1890 2555 ἀφαί-

281 2592 452 2646 ρεσιν,
512 2576 629 2624 οὔτε
679 2574 780 2626 ὑπὸ
829 2580 988 2645 χεῖρα
1038 2572 1194 2626 τελεῖν
1237 2575 1550 2646 κατεκρίθης
1597 2580 1686 2624 τοῦ
1733 2569 1891 2626 ἀδελ-

283 2670 406 2734 φοῦ,
441 2660 570 2714 ἀλλὰ
609 2666 746 2734 μένει
796 2681 879 2714 σοι
925 2665 988 2713 τὰ
1028 2661 1128 2714 ἀπὸ
1172 2669 1263 2722 τῆς
1299 2665 1546 2732 γενέσεως
1583 2657 1770 2714 δίκαια
1798 2666 1888 2714 καὶ

283 2759 384 2812 τῆς
423 2759 524 2802 τῶν
567 2754 908 2822 πρωτοτόκων
961 2759 1120 2822 τιμῆς
1157 2753 1215 2802 τὸ
1259 2749 1481 2822 ἀξίωμα·
1519 2757 1618 2804 Καὶ
1663 2755 1790 2824 πρὸς
1832 2754 1890 2804 σὲ

283 2841 312 2896 ἡ
377 2838 680 2910 ἀποστροφή
737 2848 830 2890 τού
895 2836 1116 2911 ἀδελφοῦ
1163 2857 1258 2891 σου
1315 2841 1482 2890 ἔσται·
1535 2845 1776 2892 τουτέστι
1831 2843 1890 2892 σε

279 2933 588 3000 καταφυγὴν
634 2931 726 2979 καὶ
776 2926 972 3000 βοηθόν
1021 2925 1218 2999 βλάϐης
1266 2927 1406 2998 αύτῷ
1443 2931 1763 3002 προσιούσης
1803 2927 1889 2980 άλ-

277 3017 510 3087 λαχόθεν
563 3022 942 3091 προστήσεται⁸
1005 3022 1094 3070 καὶ
1152 3021 1216 3068 σὺ
1265 3017 1425 3069 αὑτοῦ
1478 3021 1565 3076 τὴν
1612 3019 1886 3088 ἡγεμονίαν
1920 3050 1958 3105 C

277 3107 386 3158 ὃσα
437 3125 496 3176 γε
547 3107 834 3180 χαρίζεται
889 3107 914 3157 ὁ
964 3111 1311 3178 πρωτότοκος.
1364 3106 1505 3168 ἕξεις·
1561 3111 1714 3178 μόνον
1779 3113 1886 3168 τοῖς

277 3195 732 3268 πλημμεληθεῖσιν
781 3193 1146 3267 ἐφησύχασον·
1207 3192 1346 3266 μηδὲ
1403 3191 1703 3267 τραγῳδίαν
1748 3203 1886 3268 πρῶ-

277 3304 366 3344 τος
444 3287 826 3356 ἀσυγγνώστου
879 3283 1322 3356 πλημμεληματος
1365 3283 1588 3345 εἰσάξεις
1639 3292 1710 3353 τῷ
1760 3282 1884 3355 βίῳ·

277 3370 422 3446 μηδὲ
503 3377 570 3426 τὰ
649 3377 979 3447 πρωτοτόκια
1051 3382 1146 3435 τῆς
1234 3379 1478 3444 γενέσεως
1559 3379 1890 3446 πρωτοτόκια

277 3463 653 3536 φιλονοικήσῃς
718 3471 942 3520 ποιῆσαι
1015 3467 1266 3532 μεγίστου
1341 3467 1432 3514 καὶ
1513 3461 1885 3534 ὁλεθριωτάτου

275 3559 720 3627 παραπτώματος·
771 3553 854 3604 ἶνα
897 3557 968 3622 μὴ
1005 3555 1196 3604 σαυτὸν
1239 3551 1475 3604 ἁπάντων
1506 3557 1786 3624 στερήσης,
1819 3553 1886 3604 ὧν

275 3661 336 3694 τε
393 3644 422 3699 ή
503 3644 660 3713 φύσις
717 3649 778 3714 τῇ
833 3641 1190 3713 φιλανθρωπίᾳ
1243 3649 1336 3693 τοῦ
1394 3637 1884 3714 δημιουργήσαντος

1999 1771 2170 1842 juxta
2199 1772 2448 1826 alteram
2481 1771 2842 1826 additionem
2875 1777 2930 1828 et
2967 1772 3042 1828 de
3073 1773 3253 1828 Abele
3284 1775 3388 1846 qui
3418 1782 3572 1831 recte
3604 1781 3658 1832 et

2003 1859 2205 1914 divisit
2234 1865 2289 1914 et
2309 1859 2537 1914 donum
2566 1858 2777 1914 obtulit
2801 1865 2956 1916 recte
2981 1865 3034 1916 et
3061 1860 3316 1933 desuper
3359 1863 3535 1919 traxit
3564 1879 3660 1919 ac-

2004 1946 2422 2018 ceptationem.
2437 1947 2518 2000 sic
2533 1947 2952 2018 contemplatio
2977 1950 3348 2020 processerit.
3365 1949 3536 2020 Nihil,
3555 1951 3656 2016 ait,

2003 2051 2072 2090 ex
2129 2035 2474 2106 praajudicio
2531 2035 2721 2090 fratris
2777 2035 3028 2092 victimas
3081 2039 3275 2108 quoad
3333 2039 3656 2095 nativitatis

2003 2125 2296 2198 primitias
2341 2122 2672 2178 minoratus
2723 2139 2828 2190 es;
2867 2140 2973 2180 nec
3017 2141 3140 2196 qua
3184 2129 3524 2198 supervenit
3557 2127 3656 2184 tibi

2002 2211 2424 2269 condemnatio
2473 2211 2604 2266 vilis
2647 2212 2957 2268 divisionis
3012 2213 3269 2284 priorem
3322 2217 3656 2273 secundum

2001 2303 2180 2358 vitam
2207 2300 2456 2371 gloriam
2491 2299 2772 2356 deorsum
2805 2302 3069 2357 trahens.
3103 2305 3232 2358 Non
3269 2305 3427 2360 enim
3457 2313 3653 2376 proto-

1999 2394 2316 2463 parentum
2349 2404 2456 2460 pro
2483 2389 2658 2460 culpa
2683 2388 2905 2446 inﬂicta
2932 2395 3020 2446 est
3049 2389 3287 2458 ablatio,
3319 2408 3509 2464 neque
3541 2393 3649 2450 sub

2000 2495 2187 2536 manu
2208 2478 2944 2534 consummaridamnatus
2969 2495 3029 2533 es
3041 2480 3267 2549 fratris,
3283 2481 3386 2536 sed
3410 2487 3656 2538 manent

1999 2569 2104 2626 tibi
2134 2585 2172 2626 a
2199 2567 2578 2638 generatione
2613 2567 2775 2638 justa
2817 2571 2874 2622 et.
2903 2575 3376 2640 protoparentum
3405 2571 3654 2626 honoris

1999 2659 2274 2729 dignitas.
2325 2661 2386 2713 Et
2415 2657 2488 2713 ad
2521 2662 2576 2713 te
2607 2657 2918 2714 conversio
2950 2657 3144 2714 fratris
3176 2658 3256 2714 tui
3288 2661 3397 2714 erit
3429 2676 3444 2726 ;
3477 2659 3536 2714 id
3569 2667 3655 2715 est

1999 2753 2056 2804 te
2081 2747 2380 2818 refugium
2408 2752 2462 2802 et
2493 2747 2906 2802 auxiliatorem
2937 2747 3144 2803 damni
3175 2747 3290 2819 ipsi
3319 2749 3653 2804 accedentis

1999 2835 2238 2892 aliunde
2261 2841 2476 2892 statuet
2501 2852 2514 2900 ;
2539 2840 2594 2890 et
2615 2843 2672 2890 tu
2701 2837 2829 2906 ejus
2851 2837 3522 2908 principatum,quanta
3541 2838 3654 2893 sal-

1995 2929 2118 2978 tem
2167 2924 2354 2980 donat
2396 2923 2626 2994 primus
2677 2939 2915 2995 parens,
2959 2924 3252 2990 habebis;
3303 2931 3532 2980 tantum
3577 2925 3652 2980 de

1997 3011 2276 3082 neglectis
2307 3011 2412 3066 sile
2441 3027 2456 3078 ;
2489 3027 2683 3082 neque
2714 3011 3066 3080 tragoediam
3100 3011 3329 3084 primus
3367 3011 3654 3068 incondo-

1997 3108 2152 3158 natm
2193 3099 2384 3171 culpis
2415 3101 2749 3156 introducas
2778 3101 2838 3154 in
2869 3101 3048 3156 vitam
3085 3117 3098 3166 ;
3133 3117 3326 3172 neque
3357 3102 3652 3174 primoge-

1997 3191 2256 3246 nituram
2279 3189 2603 3245 nativitatis
2625 3187 3163 3260 primogenituram
3191 3188 3426 3244 ambias
3457 3187 3649 3244 facere

1997 3279 2276 3335 maximae
2303 3285 2358 3332 et
2383 3276 2906 3349 perniciosissimae
2935 3278 3150 3348 culpae,
3173 3281 3239 3332 ut
3269 3293 3340 3332 ne
3369 3283 3422 3332 te
3451 3277 3648 3348 ipsum

1997 3369 2278 3425 omnibus
2294 3367 2582 3422 destituas
2609 3381 2746 3436 quae
2773 3371 2828 3422 et
2851 3371 3064 3421 natura
3093 3365 3454 3436 benignitate
3484 3369 3650 3422 Crea-

1997 3457 2140 3514 toris
2187 3455 2454 3520 donavit,
2499 3460 2556 3510 et
2603 3455 2822 3526 quibus
2854 3453 3121 3510 debebas
3153 3457 3448 3526 pcenitens
3480 3453 3648 3508 bonis

1996 3545 2308 3603 abundare
2330 3551 2384 3600 et
2406 3561 2512 3616 pro
2523 3544 2792 3598 videntire
2815 3560 2918 3615 per
2941 3545 3120 3600 vitam
3139 3545 3304 3600 multi
3329 3543 3649 3600 modorum

1995 3633 2420 3692 beneﬁciorum
2445 3633 2667 3688 habere
2690 3629 3050 3687 fruitionem.

283 3727 621 3804 ἐδωρήσατο,
668 3735 758 3782 καὶ
789 3732 866 3792 οἷς
895 3729 1089 3802 ἔμελλες
1113 3738 1369 3801 μετανοῶν
1401 3727 1613 3801 ἀγαθοῖς
1639 3732 2022 3788 ἐνευθηνείσθαι
2047 3731 2138 3780 καὶ
2179 3733 2274 3786 τῆς
2302 3727 2547 3800 προνοίας
2577 3719 2670 3772 διὰ
2697 3719 2816 3794 βίου
2859 3741 2887 3773 τ
2893 3729 2960 3772 ὧν
2993 3721 3297 3795 πολυτρόπω
3342 3721 3647 3797 εὐεργεσιῶν

273 3823 420 3891 ἔχειν
451 3823 546 3878 τὴν
581 3818 892 3874 ἀπόλαυσιν.

841 3913 1114 3962 ΕΡΩΤΗΣΙ
1125 3915 1152 3960 Σ
1199 3907 1314 3962 ΟΒ’.

269 4004 380 4050 Τοῦ
469 3999 748 4050 θεσπεσίου
785 4064 796 4066 Δ
839 3995 1044 4049 Παύλου
1097 3997 1347 4066 λέγοντος·
1424 4016 1448 4046 ιι
1489 4065 1492 4066 ν
1529 3993 1704 4066 Ἀδὰμ.
1741 4065 1749 4066 7
1784 3997 1878 4048 οὐκ

343 4069 618 4136 ἠπατήθη,
671 4071 698 4126 ἠ
771 4064 830 4120 δε
892 4073 1020 4140 γυνὴ
1079 4064 1412 4124 ἀπατηθεῐσα
1479 4065 1526 4118 ἐν
1580 4064 1878 4140 παραϐάσει

340 4144 538 4210 γέγονε,
589 4135 1020 4197 σωθήσεταιδιὰ
1049 4145 1146 4199 τῆς
1174 4143 1513 4210 τεκνογονίας,
1561 4159 1588 4186 ››
1630 4135 1679 4189 κ.
1727 4157 1775 4192 τ.
1825 4137 1872 4194 λ.

341 4207 454 4272 πῶς
512 4207 596 4264 δεῖ
637 4218 766 4262 νοεῖν
797 4213 877 4274 τό,
931 4227 958 4260 (ι
991 4207 1335 4267 Σωθησεσθαι
1363 4207 1456 4262 διὰ
1501 4217 1592 4270 τῆς
1641 4228 1874 4280 τεκνογο-

339 4287 452 4342 νίας
477 4287 569 4340 την
594 4289 836 4352 γυναῖκα.
875 4301 904 4329 ››

2349 3900 2662 3967 QUzESTIO
2703 3900 2883 3956 [.XXll
2918 3899 3021 3970 [αἱ.
3059 3897 3279 3970 LXXI].

1987 3994 2198 4051 Diuina
2229 3992 2420 4046 Paulo
2465 3991 2693 4045 dicente
2733 4007 2748 4042 :
2797 4009 2824 4040 ‹‹
2857 3989 3044 4044 Adam
3087 4004 3200 4044 non
3241 3989 3510 4044 seductus
3541 3995 3643 4055 est,

2059 4065 2276 4118 mulier
2291 4077 2424 4117 vero
2438 4060 2677 4115 seducta
2699 4061 2762 4114 in
2787 4059 3273 4128 pra'varicalione
3293 4062 3427 4126 ραι,
3453 4061 3643 4114 salva-

2061 4136 2224 4189 bitur
2238 4149 2346 4202 per
2354 4131 2615 4200 ﬁliorum
2630 4139 3087 4200 generationem,
3107 4151 3128 4178 ι
3149 4130 3448 4202 elreliqua
3471 4149 3484 4199 ;
3507 4145 3646 4200 quo-

2057 4201 2481 4272 modo’oporlet
2509 4202 2842 4270 intelligere
2859 4201 3019 4256 illud
3043 4218 3056 4256 :
3087 4223 3114 4250 α
3140 4201 3508 4256 Salvandam
3533 4216 3646 4266 per

2054 4278 2312 4346 ﬁliorum
2353 4273 2794 4344 generationem
2825 4273 3152 4328 mulierem.
3189 4292 3217 4321 ››

1244 4369 1397 4418 Edita
1419 4381 1452 4417 θ,
1479 4369 1634 4425 Maio,
1661 4369 1696 4418 l.
1721 4381 1787 4424 c.,
1821 4383 1872 4432 ι).
1905 4367 2064 4414 89-93.
2099 4366 2158 4414 ln
2189 4366 2208 4413 Ι
2240 4363 2372 4410 Tim.
2405 4377 2460 4420 ιι,
2495 4362 2570 4416 tl,
2599 4363 2674 4409 15.

341 4457 614 4524 Παραινῶν
675 4451 698 4500 ό
765 4457 874 4512 τοῖς
949 4455 1080 4502 πᾶσι
1133 4451 1302 4502 πάντα
1367 4453 1626 4520 γινόμενος
1677 4449 1872 4509 Παύλος

2050 4447 2293 4502 Monens
2340 4443 2620 4498 omnibus
2662 4441 2865 4496 omnia
2893 4440 3084 4496 factus
3127 4439 3341 4496 Paulus
3371 4445 3644 4512 oportere

263 4543 324 4594 τὸ
371 4536 482 4592 δεῖν
521 4540 878 4611 ὑποτετάχθαι
920 4543 1014 4597 τὴν
1051 4545 1276 4609 γυναῖκα
1303 4545 1374 4608 τῷ
1416 4534 1589 4610 ἀνδρὶ,
1623 4540 1712 4589 καὶ
1741 4558 1874 4609 μαν-

263 4631 438 4682 τάνειν
489 4627 676 4699 μᾶλλον
733 4631 762 4684 ἣ
807 4623 1084 4682 διδάσκειν
1144 4625 1448 4698 ἐπιχειρεῖν,
1501 4627 1554 4688 ἐξ
1605 4625 1770 4678 ti).le
1819 4645 1872 4678 τε

267 4717 468 4772 πολλῶν
521 4721 614 4774 τὴν
673 4722 978 4791 παραίνεσιν
1035 4718 1114 4770 ὃτι
1166 4721 1255 4768 καὶ
1328 4712 1514 4768 δικαία
1567 4720 1871 4788 παρέστησε

261 4813 354 4859 καὶ
409 4809 768 4878 συμφέρουσαο
823 4809 912 4856 καὶ
959 4812 1046 4856 νῦν
1077 4802 1158 4872 δε,
1212 4825 1236 4855 ε
1281 4800 1440 4869 διότι,
1475 4809 1627 4876 φησὶ,
1666 4811 1872 4876 πρῶτος

261 4895 502 4952 ἐπλάσθη
561 4901 658 4956 τῆς
696 4896 946 4966 γυναικός
986 4895 1012 4944 ό
1045 4891 1194 4965 ἀνὴρ.
1237 4913 1266 4945 ›)
1315 4890 1439 4945 Εἶτα
1483 4897 1570 4944 καὶ
1609 4895 1638 4950 ἡ
1677 4892 1868 4963 μείζων

261 4983 426 5035 αἰτία’
487 4999 516 5033 (ι
559 4987 659 5034 Καὶ
711 4977 889 5051 Ἀδὰμ
933 4981 1028 5033 οὐκ
1071 4981 1340 5046 ἠπατήθη,
1401 4979 1507 5031 ἀλλ’
1561 4981 1589 5036 η
1623 4983 1778 5050 γυνὴ,
1837 4998 1866 5030 )›

261 5074 338 5141 θῴ
391 5067 596 5123 δελέατι
639 5077 1004 5142 περιχανοῡσα
1059 5074 1149 5122 καὶ
1205 5077 1276 5139 τῷ
1329 5076 1419 5128 τῆς
1467 5066 1666 5128 ἀπάτης
1718 5066 1870 5136 ἀγκί-

263 5179 407 5232 στρῳ
441 5167 787 5233 περιπαρεῑσα
817 5163 912 5216 τὴν
950 5157 1038 5210 ἀπ’
1087 5157 1247 5210 αὐτοῦ
1275 5156 1478 5228 πληγὴν
1522 5161 1611 5208 καὶ
1663 5155 1866 5228 βλάϐην

259 5249 334 5311 εἰς
397 5253 488 5300 τὸν
547 5245 721 5322 ἄνδρα
781 5244 1071 5300 διεϐίϐασε·
1139 5243 1318 5318 διόπερ
1387 5241 1742 5304 ἀνεπιτήδειον
1799 5251 1862 5316 τῇ

256 5341 468 5408 γυναικὶ
509 5341 564 5389 τό
613 5333 911 5390 διδάσκειν·
955 5341 1046 5388 καὶ
1085 5338 1186 5408 γὰρ
1215 5331 1492 5387 διδάσκειν
1529 5336 1868 5408 προαχθεῖσα

257 5431 348 5479 τόν
396 5425 638 5500 ἀρχηγόν
695 5427 840 5498 ἡμῶν
887 5433 980 5478 τοῦ
1025 5429 1204 5495 γένους
1248 5431 1339 5478 τοῦ
1397 5419 1723 5497 παραδείσου
1786 5421 1866 5484 ἰξ-

259 5515 428 5574 έϐαλε.
481 5519 579 5570 Διά
617 5522 768 5570 τοῦτο
803 5517 896 5591 μὲν
945 5518 1146 5592 εἴρηται
1191 5517 1279 5566 τόν
1322 5509 1508 5588 Ἀδὰμ
1551 5517 1622 5588 μὴ
1666 5511 1866 5570 ἀπατη-

1979 4534 2316 4604 subjectam
2359 4547 2492 4586 esse
2541 4529 2848 4586 mulierem
2889 4529 3034 4594 viro,
3085 4534 3141 4584 et
3181 4529 3407 4584 discere
3445 4531 3640 4600 magis

1978 4639 2156 4694 quam
2179 4622 2394 4676 docere
2419 4625 2662 4683 tentare,
2687 4635 2758 4674 ex
2787 4617 2914 4673 aliis
2943 4617 3147 4674 multis
3173 4618 3569 4673 hortationem
3589 4624 3645 4674 et

1971 4713 2192 4782 justam
2215 4725 2344 4766 esse
2365 4707 2623 4764 ostendit
2653 4715 2708 4762 et
2737 4708 2937 4762 utilem
2967 4714 3060 4772 ;et
3087 4723 3246 4762 nunc
3283 4729 3303 4756 ε
3339 4708 3500 4778 quia,
3538 4708 3637 4772 ait,

1977 4801 2138 4872 prior
2164 4801 2454 4856 formatus
2485 4803 2574 4852 est
2609 4796 2856 4852 muliere
2889 4796 2996 4860 vir,
3033 4816 3060 4847 »
3101 4795 3320 4852 Deinde
3363 4802 3418 4851 et
3451 4795 3643 4865 major

1975 4889 2124 4946 ratio
2155 4907 2168 4942 :
2197 4909 2226 4940 ιι
2247 4888 2520 4943 EtAdam
2547 4902 2668 4942 non
2682 4885 2968 4957 deceptus
2988 4889 3092 4950 est,
3113 4886 3214 4940 sed
3237 4883 3468 4947 mulier,
3493 4905 3516 4936 ι
3535 4885 3644 4940 ha-

1976 4995 2076 5034 mo
2103 4977 2340 5032 hiscens
2364 4982 2421 5032 et
2445 4973 3040 5046 deceptionislaqueo
3058 4979 3230 5045 capta
3259 4973 3336 5028 ab
3357 4973 3489 5044 ipso
3511 4971 3642 5044 pla-

1976 5081 2118 5136 gam
2147 5072 2202 5122 et
2248 5067 2540 5121 damnum
2572 5064 2632 5120 in
2693 5062 2888 5118 virum
2937 5063 3279 5118 transmisit.
3333 5061 3474 5118 ldeo
3513 5077 3638 5117 non

1976 5157 2140 5210 decet
2167 5153 2398 5210 mulieri
2431 5153 2641 5208 docere
2673 5169 2686 5218 ;
2719 5152 2942 5207 etenim
2973 5150 3186 5206 docere
3221 5149 3505 5222 propulsa
3532 5152 3642 5221 pri-

1977 5260 2142 5299 mum
2175 5245 2386 5298 ducem
2434 5241 2624 5298 nostri
2679 5243 2911 5311 generis
2953 5239 3226 5312 paradiso
3258 5239 3445 5310 ejecit.
3507 5241 3640 5295 Ideo

1974 5333 2220 5404 quidem
2250 5333 2475 5388 dictum
2508 5337 2596 5386 est
2632 5329 2929 5386 Adamum
2977 5345 3099 5384 non
3142 5329 3460 5400 deceptum
3489 5344 3637 5394 esse,

1973 5421 2120 5494 quia
2150 5437 2274 5476 non
2307 5420 2434 5492 ipse
2461 5420 2564 5475 sed
2595 5422 2713 5475 Eva
2735 5420 2997 5490 primum
3019 5418 3484 5474 instrumentum
3509 5419 3642 5488 post

1979 5515 2318 5584 serpentem
2331 5509 2552 5566 inimici
2567 5507 2966 5580 negotiatione
2980 5506 3382 5582 deceptionem
3397 5503 3638 5564 invexit.
