4140 6198
529 221 634 284 H7

1759 212 1997 280 PHOTlI
2035 213 2518 280 PATBIARCHIE
2563 217 2673 278 CP.

3769 227 3864 285 448

535 353 808 412 Secundo
843 367 979 410 vero
1013 351 1152 425 quia
1180 365 1301 410 non
1331 350 1456 424 ipse
1479 349 1816 422 deceptoria
1837 352 1895 407 et
1923 349 2173 408 adulato

2312 351 2483 414 θῆναι,
2533 345 2674 400 διότι
2725 351 2796 420 μὴ
2849 345 3005 408 αὐτὸς
3059 345 3164 399 ἀλλ’
3213 347 3242 405 ἠ
3289 347 3394 400 Εὔα
3439 356 3632 422 πρῶτον
3673 349 3862 422 ὄργανον

535 443 625 500 ria
667 441 846 499 verba
883 442 1166 513 serpentis
1213 440 1705 512 excepit;neque
1749 439 2006 496 invidere
2049 439 2192 511 ipsis

533 532 826 604 reliquam
848 531 1188 590 felicitatem
1207 536 1264 587 et
1282 529 1718 586 deiﬁcationem
1741 529 2191 585 misericordem

535 621 854 676 Dominum
895 619 1346 693 etprovisorem
1395 635 1719 692 persuasus
1769 623 1892 686 est;
1925 618 2030 674 sed
2077 618 2190 674 hac

532 709 841 782 illegitima
867 715 1074 766 contra
1118 711 1452 766 Creatorem
1499 708 1961 774 machinatione,
1989 711 2046 764 et
2087 721 2192 763 au-

525 798 663 854 ditu
693 802 750 854 et
785 814 964 854 sensu
995 799 1246 870 abrepta
1289 801 1412 854 Eva
1443 801 1500 853 et
1543 797 1612 853 de
1655 797 1832 852 vetito
1863 795 2024 868 ligno
2051 811 2188 852 cum

533 887 909 951 comedisset,
955 887 1032 944 ad
1071 887 1346 944 eamdem
1377 885 1636 942 vocabat
1667 901 1930 941 mensam
1960 885 2186 958 virum;

530 978 626 1034 hic
657 993 790 1032 vero
821 975 1206 1033 testiiicatum
1237 982 1302 1032 ut
1340 975 1660 1031 verisimile
1699 989 1735 1030 a
1765 973 2008 1030 muliere
2054 989 2191 1030 sua-

529 1067 707 1123 vitate
733 1071 788 1122 et
827 1065 1132 1137 voluptate
1159 1064 1444 1121 excellere
1485 1063 1710 1129 cibum,
1740 1067 1795 1119 et
1823 1063 1900 1120 ad
1927 1077 2192 1118 commo-

531 1155 675 1211 dum
707 1157 764 1210 et
793 1153 931 1210 utile
966 1153 1193 1210 hortari
1233 1169 1293 1208 se
1325 1157 1544 1224 putans
1577 1152 1827 1217 sociam,
1872 1155 1928 1207 et
1970 1151 2188 1223 plantae

530 1243 826 1316 particeps
872 1241 980 1300 fuit
1007 1249 1061 1298 et
1097 1242 1158 1298 in
1205 1241 1741 1314 transgressionem
1793 1239 2033 1308 incidit;
2064 1255 2186 1295 non

530 1333 849 1405 deceptum
881 1347 1012 1388 esse
1043 1331 1224 1403 igitur
1249 1331 1548 1386 Adamum
1581 1334 1640 1385 et
1667 1333 1912 1402 propter
1947 1329 2060 1384 hoc
2103 1329 2188 1384 di-

532 1427 760 1478 ceretur
779 1435 900 1477 non
917 1425 1082 1477 extra
1093 1419 1426 1476 verisimile.
1447 1421 1673 1475 Etenim
1693 1417 1859 1474 multi
1881 1418 2186 1473 diversum

530 1509 754 1567 habent
783 1509 886 1582 qui
914 1510 1188 1566 eamdem
1207 1509 1450 1581 quidem
1472 1512 1836 1565 avertentem
1867 1506 2183 1572 actionem,

529 1616 650 1656 non
690 1600 902 1656 eodem
937 1604 992 1654 et
1023 1599 1204 1656 simili
1254 1615 1432 1654 sensu
1467 1603 1784 1653 sectantur.
1823 1596 1986 1652 Alius
2026 1596 2185 1650 enim

2301 442 2430 511 μετά
2483 441 2569 489 τόν
2617 441 2729 510 ὄφιν
2770 443 2860 488 τοῦ
2890 436 3086 510 ἐχθροῦ
3136 441 3520 508 χρηματίσασα
3553 446 3642 500 τῆς
3685 438 3866 506 ἀπάτης

2299 529 2662 599 καθηγήσατο·
2713 523 2950 600 δεύτερον
2983 523 3042 578 δὲ
3077 521 3214 578 διότι
3249 529 3319 598 μὴ
3363 525 3519 588 αὐτὸς
3555 531 3664 587 τοὺς
3691 527 3866 590 ἀπατη-

2299 617 2416 678 λοὺς
2457 622 2547 669 καὶ
2591 619 2762 677 θῶπας
2809 616 2989 688 λόγους
3027 622 3118 668 τοῦ
3173 617 3333 688 ὄφεως
3362 612 3694 687 παρεδέξατο·
3747 619 3868 692 μηδέ

2303 709 2500 778 φθονεῖν
2551 706 2738 766 αὐτοὺς
2805 714 2900 767 τῆς
2948 724 3002 757 τε
3060 704 3213 766 ἆλλης
3266 702 3596 776 εὐδαιμονίας
3657 713 3740 759 καὶ
3787 719 3868 772 τῆς

2304 797 2531 856 θεώσεως
2609 798 2698 847 τόν
2766 793 3070 869 οἰκτίρμονα
3131 799 3396 852 Δεσπότην
3463 799 3553 846 καὶ
3603 803 3868 869 προνοητὴν

2301 883 2599 942 (hensio-012'
2674 883 2800 936 ἀλλά
2869 886 3060 942 ταύτην
3145 888 3234 940 τὴν
3302 885 3548 956 ἔκθεσμον
3623 888 3750 938 κατά
3787 895 3867 940 τοῦ

2303 974 2601 1034 Πλάσαντος
2651 971 2969 1045 συμϐουλὴν,
3025 977 3114 1024 καὶ
3175 971 3304 1044 ἀκοῇ
3365 977 3453 1024 καὶ
3503 979 3676 1047 γνώμη
3725 975 3870 1048 ἀρπά-

2301 1082 2444 1115 σασα
2485 1065 2514 1122 ἡ
2565 1067 2690 1126 Εὔα,
2735 1067 2825 1115 καὶ
2863 1070 2956 1115 τοῦ
2987 1061 3408 1136 ἀπηγορευμένον
3457 1061 3604 1124 ξύλον
3637 1072 3867 1134 saw/06m,

2299 1149 2382 1202 ἐπὶ
2412 1156 2506 1209 τὴν
2547 1151 2709 1210 αὐτὴν
2739 1150 2908 1204 ἐκάλει
2939 1151 3199 1224 τράπεζαν
3243 1153 3330 1203 τόν
3371 1147 3558 1226 ἄνδρα.
3589 1151 3646 1204 Ὀ
3675 1149 3730 1204 δε
3757 1173 3872 1226 μαρ-

2296 1243 2612 1312 τυρουμένην
2672 1243 2742 1302 ὡς
2800 1240 2934 1302 εἰκός
2991 1242 3090 1294 ὑπὸ
3155 1243 3394 1310 γυναικὸς
3461 1240 3546 1292 ἐπὶ
3607 1240 3868 1312 γλυκύτητι

2297 1334 2386 1381 καὶ
2434 1327 2596 1401 ἡδονῇ
2653 1326 2914 1405 διαφέρειν
2971 1327 3192 1402 βρῶσιν,
3239 1334 3328 1381 καὶ
3373 1332 3500 1402 πρὸς
3533 1332 3590 1382 τὸ
3631 1333 3868 1404 σύμφορον

2295 1423 2385 1470 καὶ
2442 1418 2691 1491 ὠφέλιμον
2739 1415 3054 1494 παρακαλεῖν
3104 1423 3321 1490 νομίσας
3371 1422 3465 1476 τὴν
3533 1417 3739 1490 βοηθόν,
3791 1425 3871 1472 καὶ

2295 1515 2388 1560 τοῦ
2464 1517 2624 1580 φυτοῦ
2675 1513 2900 1582 μετέσχε
2969 1515 3058 1561 καὶ
3127 1516 3188 1566 τῇ
3257 1507 3554 1583 παραϐάσει
3607 1512 3868 1576 περιέπεσε·

2301 1601 2370 1668 μὴ
2405 1597 2578 1656 ἠπατῇ
2591 1599 2714 1650 σθαι
2751 1603 2922 1650 τοίνυν
2951 1601 3036 1650 τὸν
3085 1594 3262 1669 Ἀδὰμ
3292 1603 3383 1650 καὶ
3409 1594 3504 1650 διὰ
3533 1606 3678 1650 τοῦτο
3705 1599 3867 1672 ῥηθείη

533 1689 904 1745 meditatione
919 1697 973 1744 et
989 1688 1340 1744 discretione
1355 1692 1409 1743 et
1423 1687 1674 1742 melioris
1695 1685 2173 1742 condemnatione

2297 1688 2356 1738 οἷν
2402 1686 2495 1738 οὐκ
2527 1685 2620 1748 ἔξω
2667 1695 2758 1739 τοῦ
2807 1687 3021 1749 εἰκότος.
3072 1692 3172 1740 Καὶ
3201 1689 3302 1758 γὰρ
3333 1687 3513 1740 πολλοὶ
3563 1691 3618 1740 τὸ
3647 1685 3871 1761 διάφορον

530 1777 606 1834 ad
641 1777 811 1849 pejus
839 1777 1128 1834 inclinans
1157 1781 1213 1832 et
1235 1777 1414 1832 vilem
1441 1781 1672 1849 partem
1703 1774 2186 1847 anteponens,in-

529 1865 993 1923 condonabilem
1047 1865 1185 1922 facit
1228 1866 1468 1936 culpam
1513 1881 1528 1931 ;
1575 1865 1728 1920 alius
1777 1879 1918 1919 vero
1966 1863 2186 1918 nullius

529 1956 738 2011 herum
767 1961 995 2028 potens,
1027 1953 1104 2010 ad
1126 1955 1466 2010 societatem
1487 1969 1622 2009 vero
1641 1953 1896 2023 gliscens
1913 1951 2180 2019 actionis,

529 2059 599 2099 ex
631 2043 832 2099 multis
859 2042 1131 2116 partibus
1152 2042 1386 2098 trahere
1416 2040 1882 2098 misericordiam
1917 2045 2184 2112 potestet

527 2134 700 2190 venia
729 2149 850 2188 non
881 2132 1060 2204 dejici
1093 2147 1106 2198 ;
1153 2132 1232 2188 ita
1257 2133 1434 2202 igitur
1464 2137 1520 2188 et
1545 2132 1639 2187 hic
1668 2149 1680 2198 ;
1715 2133 1836 2186 Eva
1860 2130 2105 2202 quidem
2129 2135 2184 2184 et

527 2221 909 2278 meditatione
949 2227 1005 2277 et
1029 2225 1235 2277 contra
1267 2225 1628 2292 praeceptum
1659 2219 1959 2276 calumnia
1997 2218 2180 2275 ratio-

526 2327 628 2366 nes
643 2327 778 2366 cum
797 2311 1076 2379 acuisset,
1097 2309 1262 2365 nudo
1278 2311 1469 2382 capite
1491 2309 1717 2365 dictum
1739 2308 1798 2363 in
1816 2307 2180 2364 contrarium

523 2399 717 2454 cessit.
753 2399 939 2454 Adam
967 2414 1105 2455 vero
1137 2399 1346 2454 horum
1371 2399 1535 2454 nullo
1569 2398 1774 2453 datam
1801 2397 1994 2466 legem
2022 2397 2180 2464 prius

522 2487 743 2557 injuria
795 2487 1008 2553 affecit,
1052 2487 1124 2542 ad
1179 2486 1372 2543 solam
1419 2503 1559 2542 vero
1606 2491 1884 2542 attractus
1926 2490 2012 2542 est
2051 2486 2180 2556 ejus

525 2576 1080 2644 transgressionem;
1109 2575 1214 2631 sed
1235 2576 1616 2648 propterhmc
1629 2575 1875 2648 quidem
1891 2574 2180 2630 diceretur

523 2679 646 2720 non
679 2665 986 2736 deceptum
1017 2664 1198 2719 fuisse
1228 2664 1550 2720 Adamum.

2293 1779 2512 1846 ἔχουσιν
2561 1778 2608 1828 οἱ
2656 1781 2750 1834 τὴν
2803 1777 2959 1834 αὐτὴν
3018 1779 3106 1847 μεν
3161 1774 3512 1851 ἀποτρόπαιον
3561 1776 3758 1848 πρᾶξιν,
3821 1777 3870 1828 οὗ

2293 1873 2354 1938 τῇ
2391 1866 2520 1937 αὐτῇ
2567 1862 2626 1917 δὲ
2667 1871 2754 1918 καὶ
2803 1866 2960 1938 ὁμοία
3001 1862 3210 1937 διανοίᾳ
3267 1871 3653 1938 μετερχόμενοι.
3697 1865 3750 1918 Ὀ
3795 1869 3872 1938 μὲν

2291 1957 2392 2026 γὰρ
2465 1954 2646 2027 μελέτη
2711 1959 2801 2006 καὶ
2863 1951 3130 2028 διακρίσει
3193 1959 3283 2006 καὶ
3337 1962 3398 2027 τῇ
3465 1962 3557 2006 τοῦ
3613 1959 3872 2028 κρείττονος

2292 2049 2618 2114 καταγνώσει
2657 2047 2782 2118 πρὸς
2833 2047 2892 2096 τὸ
2951 2052 3130 2118 χεῖρον
3171 2043 3460 2104 ἀπονεύσας
3511 2049 3600 2095 καὶ
3645 2048 3733 2102 τὴν
3763 2045 3874 2114 92:3-

2291 2130 2382 2188 λην
2453 2139 2638 2204 μοῖραν
2689 2131 3044 2206 προελόμενος,
3121 2131 3498 2203 ἀσύγγνωστον
3551 2132 3774 2184 ἀποτελεῖ
3823 2135 3873 2184 τό

2291 2220 2661 2293 πλημμέλημα·
2719 2223 2744 2272 ὁ
2793 2218 2852 2273 δὲ
2901 2218 3125 2293 μηδενός
3173 2225 3364 2273 τούτων
3401 2225 3605 2294 ἔνοχος,
3635 2225 3752 2296 πρὸς
3793 2225 3872 2279 τὴν

2290 2314 2557 2361 κοινωνίαν
2607 2307 2666 2362 δὲ
2707 2310 3102 2382 παρολισθὴσας
3149 2317 3244 2371 τῆς
3287 2311 3543 2385 πράξεως,
3577 2310 3872 2381 πολλαχόθεν

2291 2399 2450 2450 ἕλκειν
2515 2402 2602 2450 τόν
2659 2399 2790 2450 ἔλεον
2877 2395 3097 2452 δύναται
3162 2404 3251 2450 καὶ
3308 2408 3402 2461 τῇς
3465 2405 3762 2472 συγγνώμης
3809 2403 3870 2471 μὴ

2290 2486 2685 2540 ἀπελαύνεσθαι·
2739 2487 2874 2540 οὕτω
2923 2496 3048 2559 γοῦν
3095 2489 3382 2543 κάνταῡθα.
3429 2490 3494 2541 ἸΙ
3539 2493 3626 2560 μεν
3673 2489 3772 2541 Εὔα
3795 2491 3872 2539 καὶ

2287 2579 2469 2649 μελέτη
2519 2582 2608 2630 καὶ
2657 2585 2720 2649 τῇ
2765 2580 2900 2629 κατά
2937 2587 3034 2639 τῆς
3074 2576 3280 2639 ἐντολῆς
3319 2574 3542 2651 διαϐολῇ
3591 2582 3707 2640 τούς
3745 2579 3870 2648 λογι-

2292 2670 2458 2736 σμοὺς
2507 2666 2881 2740 παραθήξασα,
2931 2675 3098 2739 γυμνῇ
3163 2675 3226 2739 τῇ
3274 2667 3470 2740 κεφαλῇ
3519 2671 3576 2720 τό
3629 2667 3868 2739 λεγόμενον

522 2757 649 2827 πρὸς
677 2753 970 2805 τούναντίον
1003 2751 1289 2825 ἐχώρησεν·
1342 2755 1366 2804 ό
1395 2749 1453 2806 δὲ
1483 2753 1532 2805 Ἀ
1548 2749 1659 2825 δάμ
1685 2755 1877 2805 τούτων
1921 2754 2011 2823 μεν
2052 2749 2224 2805 οὐδενὶ
2261 2756 2348 2806 τὸν
2396 2752 2614 2808 δοθέντα
2641 2761 2793 2828 νόμον
2827 2755 3186 2828 προεξὺϐρισε,
3216 2759 3344 2830 πρὸς
3379 2761 3544 2828 μόνην
3575 2753 3624 2809 δ’
3653 2758 3866 2830 ὑπεσύρη

522 2847 615 2902 τὴν
647 2845 832 2895 τούτου
863 2841 1183 2918 παράϐασιν·
1221 2841 1348 2894 ἀλλὰ
1379 2839 1472 2894 διὰ
1495 2849 1659 2894 ταῦτα
1697 2843 1786 2914 μὲν
1813 2841 2000 2913 λέγοιτ’
2027 2843 2088 2894 ἄν
2116 2845 2187 2914 μὴ
2219 2843 2392 2902 ἡπατῆ
2405 2845 2530 2896 σθαι
2553 2847 2638 2896 τόν
2674 2840 2867 2916 Ἀδὰμ.

594 2933 890 2988 Diceretur
915 2938 1113 2988 autem
1141 2931 1526 2987 nihilominus
1547 2935 1604 2987 et
1629 2930 1774 3002 quia
1800 2930 1896 2986 hic
1925 2931 2171 3002 quidem
2213 2932 2252 2986 C

524 3017 740 3092 linguae
789 3019 1143 3076 contribulis
1184 3025 1240 3076 et
1277 3023 1576 3076 consuetas
1614 3025 1671 3075 et
1709 3019 1770 3074 in
1809 3017 2008 3075 multis
2049 3034 2173 3074 non

517 3109 745 3168 fallacis
762 3110 906 3166 visre
930 3109 1180 3166 audiens
1207 3109 1398 3166 factus
1424 3113 1542 3176 est;
1577 3108 1676 3165 illa
1697 3123 1837 3164 vero
1877 3111 2173 3165 extraneae

517 3200 677 3255 vocis
709 3215 903 3272 neque
929 3199 1252 3255 consistere
1274 3199 1350 3256 ad
1380 3197 1896 3254 conversationem
1920 3201 2173 3254 assuetae

518 3288 886 3360 mancipium
918 3287 1042 3344 visa
1068 3293 1156 3343 est
1175 3293 1230 3343 et
1251 3285 1644 3359 improbitatis
1669 3285 1824 3343 facta
1845 3289 1931 3342 est
1953 3285 2171 3358 praeda.

519 3375 706 3446 Igitur
745 3381 802 3432 et
840 3376 998 3432 hanc
1027 3375 1396 3432 additionem
1437 3375 1692 3432 admittit
1731 3390 1978 3431 causam
2007 3373 2174 3447 quod

515 3463 747 3522 dicatur
769 3466 1068 3521 Adamum
1105 3479 1228 3521 non
1259 3463 1440 3520 fuisse
1475 3464 1813 3536 deceptum,
1858 3463 2170 3520 mulierem

515 3569 655 3610 vero
673 3554 984 3626 deceptam
1001 3555 1060 3608 in
1077 3554 1558 3625 praevaricatione
1577 3553 1756 3608 fuisse
1773 3595 1788 3620 ,
1811 3553 2169 3622 transgressi

516 3647 650 3698 sunt
673 3642 951 3714 equidem
983 3642 1166 3697 ambo
1199 3657 1212 3708 ;
1245 3642 1350 3698 sed
1381 3648 1436 3698 et
1466 3641 1562 3696 hic
1591 3642 1754 3713 prior
1786 3645 1877 3697 est
1906 3639 2170 3696 mulieris

514 3731 920 3801 transgressio.
947 3733 1012 3786 Et
1035 3729 1281 3802 quidem
1302 3729 1558 3802 duplicis
1585 3731 1717 3802 ipsa
1749 3729 2166 3800 transgressio-

513 3819 606 3876 nis
645 3822 774 3876 visa
821 3825 908 3875 est
932 3835 1051 3886 rea,
1086 3819 1338 3892 propria
1368 3825 1423 3876 et
1451 3819 1529 3876 ad
1560 3836 1744 3892 quam
1778 3820 1969 3875 virum
2009 3835 2169 3875 com-

512 3909 680 3980 pulit.
715 3908 867 3974 Quid
897 3907 1096 3979 igitur,
1129 3909 1287 3965 dicat
1315 3909 1449 3982 quis
1477 3909 1553 3966 ad
1581 3925 1675 3964 me
1703 3909 1972 3964 femineae
1999 3914 2168 3966 natu-

509 4014 590 4054 rae
604 4003 915 4072 patronus,
931 4001 1064 4054 Evee
1081 3999 1348 4071 deceptio
1367 4005 1423 4056 et
1439 3998 1854 4069 transgressio,
1875 3999 2165 4070 quoniam

510 4089 686 4144 unius
712 4093 768 4144 et
796 4087 1066 4160 ejusdem
1098 4093 1328 4144 natura:
1367 4089 1457 4144 vir
1497 4093 1553 4144 et
1591 4088 1809 4147 mulier
1847 4105 1986 4146 cum
2026 4086 2162 4156 sint,

506 4177 804 4235 secundas
819 4177 970 4235 ferre
989 4179 1288 4235 damnatae
1316 4194 1544 4245 sumus,
1561 4177 1988 4234 etdiscentium
2011 4193 2164 4234 sem-

2361 2937 2578 3004 Λέγοιτο
2613 2930 2662 2986 d"
2693 2935 2751 2986 ἄν
2783 2931 2932 2986 οὐδὲν
2963 2933 3167 2986 ἔλαττον
3193 2939 3282 2987 καὶ
3307 2931 3451 2987 διότι
3479 2937 3504 2987 ό
3536 2939 3624 3008 μεν
3647 2933 3870 3006 γλώσσης

2287 3021 2545 3094 ὁμοφύλου
2591 3027 2680 3074 καὶ
2731 3025 3007 3088 συνήθους,
3063 3029 3152 3076 καὶ
3201 3025 3249 3075 ἓν
3303 3023 3509 3084 πολλοῖς
3555 3020 3674 3076 οὐδὲ
3705 3021 3870 3095 σφαλε-

2284 3115 2380 3183 ρᾶς
2407 3111 2749 3183 ἀναφανείσης
2787 3113 3016 3174 ὑπήκοος
3053 3117 3276 3184 γέγονεν’
3331 3114 3361 3171 ἡ
3401 3109 3464 3165 δὲ
3509 3111 3780 3184 ἀλλοφύλου
3822 3127 3868 3162 τε

2285 3209 2451 3271 φωνῆς
2491 3205 2578 3253 καὶ
2633 3198 2755 3254 οὐδὲ
2795 3203 3155 3254 καθίστασθαι
3200 3207 3327 3274 πρός
3375 3203 3584 3274 ὁμιλίαν
3627 3201 3868 3259 λαϐούσης

2283 3291 2391 3349 ἔθος
2438 3287 2771 3364 ἀνδράποδον
2829 3293 2974 3363 ὤφθη
3030 3295 3120 3343 καὶ
3182 3299 3276 3354 τῆς
3327 3295 3630 3367 μοχθηρίας
3692 3294 3866 3362 ἐγένετο

2285 3379 2516 3453 θήραμα.
2563 3379 2764 3432 Οὐκοῦν
2813 3384 2902 3432 καὶ
2945 3382 3138 3438 ταύτην
3187 3383 3498 3453 προσθήκην
3545 3377 3750 3451 δέχεται
3785 3381 3866 3434 τὴν

2283 3467 2453 3520 αἰτίαν
2501 3472 2558 3520 τό
2614 3468 2856 3540 λέγεσθαι
2903 3473 2990 3520 τόν
3036 3465 3210 3542 Ἀδὰμ
3254 3473 3324 3542 μὴ
3385 3468 3736 3528 ἀπατηθῆναι·
3781 3469 3864 3524 τὴν

2283 3554 2342 3610 δὲ
2395 3565 2621 3629 γυναῖκα
2696 3557 3054 3615 ἀπατηθεῖσαν
3129 3561 3177 3610 ἐν
3255 3558 3557 3632 παραϐάσει
3623 3557 3862 3630 γενέσθαι¹

2281 3645 2582 3721 παρέϐησαν
2635 3649 2724 3718 μὲν
2777 3650 2877 3720 γὰρ
2925 3649 3098 3719 ἄμφω·
3153 3645 3280 3698 ἀλλὰ
3331 3646 3604 3701 κάνταύθα
3655 3643 3864 3721 προφθά-

2279 3755 2362 3788 ναι
2401 3744 2496 3797 τῆς
2521 3739 2771 3808 γυναικός
2817 3737 2846 3794 ἡ
2891 3735 3211 3808 παράϐασις.
3255 3741 3357 3789 Καὶ
3395 3741 3489 3809 μὲν
3523 3733 3712 3800 διπλῇς
3747 3735 3860 3789 αὕτη

2279 3824 2620 3899 παραϐάσεως
2677 3826 2820 3898 ὤφθη
2878 3828 3079 3897 ἔνοχος,
3135 3833 3230 3886 τῆς
3267 3845 3322 3878 τε
3371 3825 3568 3886 οἰκείας
3617 3829 3704 3876 καὶ
3747 3825 3863 3896 πρὸς

2279 3917 2338 3974 ἣν
2381 3917 2466 3966 τὸν
2499 3911 2667 3986 ἀνδρα
2715 3916 3004 3972 συνώθησε.
3055 3919 3118 3967 Τί
3163 3911 3250 3966 οὖν
3295 3916 3354 3966 ἄν
3379 3935 3465 3976 τις
3515 3914 3617 3988 ἐρεῖ
3641 3911 3864 3986 πρόςέμε

2275 4011 2371 4064 τῆς
2433 4007 2726 4074 γυναικείας
2805 4007 3004 4076 φύσεως
3071 4005 3460 4079 προϊστάμενος
3511 4007 3542 4062 ἡ
3601 4011 3693 4064 τῆς
3745 4007 3861 4058 Εὐας

2276 4089 2446 4150 ἀπάτη
2492 4097 2582 4144 καὶ
2632 4091 2950 4167 παράϐασις,
2998 4095 3076 4145 ὅτι
3123 4099 3248 4166 μιᾶς
3293 4112 3346 4146 τε
3385 4099 3480 4146 καὶ
3529 4096 3652 4154 ἴσης
3681 4093 3861 4164 φύσεως

2275 4178 2460 4256 ἀνδρὸς
2505 4200 2556 4234 τε
2603 4186 2692 4234 καὶ
2746 4185 2989 4254 γυναικός
3039 4185 3222 4248 οὔσης,
3277 4185 3344 4234 τὰ
3398 4178 3666 4257 δευτερεῖα
3714 4183 3860 4252 φέρειν

505 4283 611 4340 per
640 4267 914 4324 ordinem
941 4271 1162 4334 tenere,
1190 4267 1512 4324 adocendo
1535 4283 1672 4324 vero
1691 4268 1936 4324 omnino
1969 4266 2161 4340 prohi-

2283 4271 2662 4345 ιατεκρίθημεν,
2732 4275 2820 4323 καὶ
2885 4273 3240 4342 μανθανόντων
3309 4269 3387 4323 ἀεὶ
3447 4271 3597 4334 λῆξιν
3651 4269 3856 4342 ἐπέχειν,

503 4357 639 4413 bitae
661 4373 868 4413 sumus
899 4355 928 4412 ?
957 4357 1034 4413 ad
1063 4373 1246 4430 quem
1264 4373 1520 4430 sequens
1548 4356 1911 4414 subsumens
1937 4355 2160 4413 diceret

507 4461 728 4512 sermo,
779 4445 1294 4518 quemadmodum
1341 4446 1567 4501 Adamo
1615 4446 1692 4502 ad
1735 4445 2156 4502 mortalitatem

505 4535 906 4592 condemnato
938 4536 998 4590 in
1029 4551 1242 4591 omnes
1277 4535 1411 4606 ejus
1461 4539 1735 4607 posteros
1773 4533 2158 4607 pertransivit

504 4639 686 4692 mors,
722 4623 806 4680 sic
837 4629 892 4680 et
923 4623 1175 4679 mulieris
1202 4639 1322 4680 non
1354 4623 1551 4679 solum
1577 4624 1859 4696 deceptae,
1886 4623 1990 4679 sed
2011 4628 2066 4680 et
2095 4622 2156 4680 in

503 4713 975 4785 transgressione
1004 4713 1174 4770 factae
1208 4731 1222 4781 ;
1255 4717 1311 4769 et
1347 4717 1502 4770 certe
1542 4713 1872 4785 graviorem
1905 4719 2155 4786 utraque

499 4801 628 4857 viro
659 4817 796 4858 cum
826 4801 1119 4858 induxerit
1156 4801 1398 4874 culpam
1434 4817 1628 4874 neque
1659 4801 1992 4858 secundum
2025 4817 2155 4858 suc-

499 4891 830 4946 cessionem
861 4905 1048 4962 genus
1079 4889 1324 4946 crimine
1351 4893 1437 4947 est
1465 4892 1713 4947 omnino
1737 4887 2011 4960 liberum,
2043 4907 2152 4947 nec

495 4979 572 5036 ad
605 4979 910 5036 meliorem
949 4978 1400 5052 dispositionem
1435 4995 1509 5036 ex
1547 4980 1872 5038 mutatione
1919 4979 2153 5037 videtur

493 5067 846 5124 adductum.
873 5068 1054 5139 Igitur
1073 5067 1317 5141 quidem
1335 5068 1482 5124 illud
1501 5084 1621 5125 non
1635 5069 1952 5141 deceptum
1971 5067 2149 5125 fuisse

489 5156 789 5214 Adamum
817 5173 924 5229 per
953 5159 1080 5214 haec
1112 5160 1326 5229 opinor
1351 5162 1407 5215 et
1437 5173 1558 5215 non
1589 5159 1818 5231 absque
1850 5173 1991 5214 cura
2020 5157 2146 5214 dis-

490 5251 720 5303 cretum
750 5248 840 5304 sit.
867 5245 1017 5304 Sunt
1047 5263 1184 5304 vero
1204 5248 1308 5320 qui
1337 5249 1866 5306 contradictionem
1889 5255 2144 5320 ponunt.

489 5339 614 5394 Non
639 5337 958 5410 deceptum
989 5353 1118 5393 esse
1147 5337 1314 5394 aiunt
1339 5338 1655 5410 Adamum,
1691 5355 1812 5395 non
1844 5339 1988 5411 quia
2017 5357 2146 5396 mu-

488 5425 628 5483 liere
667 5425 868 5484 minus
917 5425 1026 5484 sed
1069 5426 1211 5498 quia
1265 5429 1459 5499 magis
1503 5428 1818 5501 peccavit;
1853 5428 1938 5484 sic
1983 5429 2144 5485 enim

490 5514 750 5574 dictione
806 5520 862 5576 et
901 5514 1247 5591 Apostolum
1297 5533 1474 5575 usum
1526 5533 1674 5574 esse.
1725 5517 1956 5578 Etenim
2011 5517 2142 5576 haec

2271 4367 2361 4411 τοῦ
2403 4355 2680 4411 διδάσκειν
2739 4355 2797 4411 δὲ
2845 4359 3104 4421 παντελῶς
3159 4361 3524 4434 ἀφῃρήμεθα;
3574 4363 3706 4432 πρὸς
3745 4359 3794 4409 ὃν
3837 4356 3859 4406 ό

2270 4447 2550 4509 ἀκόλουθος
2607 4447 2967 4523 ἀνθυποφέρων
3020 4453 3144 4521 φαίη
3189 4449 3356 4521 λόγος,
3401 4451 3484 4502 ὅτι
3513 4451 3631 4503 καθ’
3667 4450 3720 4502 ὃν
3759 4449 3862 4515 τρό-

2267 4555 2362 4589 πον
2397 4545 2487 4590 τοῦ
2518 4533 2693 4610 Ἀδὰμ
2723 4541 2780 4590 τὸ
2833 4539 3010 4596 θνητόν
3045 4535 3520 4600 καταδικασθέντος
3573 4539 3640 4599 εἰς
3677 4539 3858 4595 πάντας

2267 4630 2388 4688 τοὺς
2433 4625 2484 4689 ἐξ
2529 4627 2688 4679 αὐτοῦ
2739 4623 2948 4686 διῆλθεν
2989 4629 3016 4680 ὁ
3066 4629 3305 4694 θάνατος,
3352 4629 3492 4681 οὓτω
3535 4632 3625 4681 καὶ
3667 4635 3753 4687 τῆς
3779 4644 3859 4696 γν-

2265 4719 2442 4779 ναικός
2474 4715 2534 4768 οὐ
2571 4720 2724 4790 μόνον
2763 4715 3140 4783 ἀπατηθείσης,
3174 4717 3302 4770 ἀλλά
3343 4723 3434 4770 καὶ
3487 4717 3538 4770 ἐν
3579 4714 3858 4790 παραϐάσει

2264 4809 2558 4878 γενομένης
2606 4811 2695 4858 καί
2737 4825 2798 4878 γε
2836 4809 2892 4858 τό
2933 4805 3299 4881 χαλεπωτέραν
3351 4808 3575 4883 ἑκατέρᾳ
3598 4814 3670 4877 τῷ
3718 4799 3860 4878 ἀνδρὶ

2263 4895 2708 4968 καθηγησαμὲνης
2755 4892 3077 4970 ἀμαρτάδος,
3133 4892 3258 4949 οὐδὲ
3307 4900 3364 4949 τό
3407 4899 3551 4949 κατὰ
3601 4891 3856 4965 διαδοχὴν

2263 4986 2406 5054 γένος
2445 4991 2542 5044 τῆς
2585 4983 2756 5044 αἰτίας
2799 4981 2910 5035 ἐστὶ
2939 4981 3196 5044 παντιλῶς
3244 4982 3535 5057 ἀφειμένον,
3585 4979 3708 5035 οὐδὲ
3745 4982 3858 5056 πρὸς

2261 5075 2530 5145 κρείττονα
2607 5069 2842 5124 διάθεσιν
2891 5070 2945 5123 ἐκ
3009 5071 3298 5144 μεταϐολῆς
3359 5074 3545 5145 ὁρᾶται
3598 5071 3852 5143 ἀγόμενονο

2259 5165 2328 5212 Τό
2354 5164 2442 5234 μὲν
2471 5157 2558 5214 οὖν
2587 5166 2656 5234 μὴ
2687 5162 2995 5220 ἠπατῆσθαι
3039 5165 3126 5213 τόν
3154 5157 3330 5232 Ἀδὰμ
3361 5157 3394 5214 δ
3399 5164 3458 5213 ιὰ
3487 5165 3682 5214 τούτων
3721 5160 3856 5230 οἶμαι

2258 5254 2348 5302 καὶ
2393 5249 2484 5302 οὐκ
2539 5249 2731 5323 ἀμελῶς
2780 5247 3158 5325 διευκρίνηται.
3194 5250 3314 5302 Εἰσὶ
3363 5247 3422 5303 δὲ
3451 5252 3524 5317 οῖ,
3574 5250 3854 5302 τούναντίον

2257 5343 2352 5397 τὴν
2399 5339 2533 5402 λέξιν
2567 5342 2839 5412 τιθέμενοι,
2873 5339 2964 5392 οὐκ
3013 5337 3347 5398 ἀπατηθῆναί
3375 5357 3509 5411 φασι
3541 5342 3626 5391 τόν
3661 5333 3850 5407 Ἀδὰμ,

2259 5429 2364 5501 οὐχ
2407 5429 2486 5481 δτι
2541 5437 2637 5491 τῆς
2683 5432 2932 5502 γυναικός
2993 5429 3198 5482 ἔλαττον
3253 5425 3361 5482 ἀλλ’
3411 5428 3498 5481 ὃτι
3551 5431 3728 5500 μεῖζον
3783 5423 3854 5487 ἐξ·

2256 5521 2504 5596 ἡμαρτεν’
2547 5519 2681 5572 οὕτω
2715 5521 2817 5594 γὰρ
2857 5515 2922 5592 τῇ
2953 5517 3083 5582 λέξει
3111 5523 3202 5582 καὶ
3253 5521 3338 5572 τὸν
3375 5517 3701 5573 Ἀπόστολον
3731 5518 3856 5592 χρή·
