4140 6198
219 167 328 225 449

1274 163 1369 222 AD
1409 163 1950 223 AMPHILOCHIUM
1991 164 2320 234 QUESTIO
2362 169 2552 226 LXXI.

3480 180 3586 238 450

229 295 426 348 σασθαι
468 311 481 324 ⁶
513 294 544 352 ἡ
601 295 692 366 μὲν
741 294 842 368 γὰρ
909 287 1254 345 δελεασθεῖσα
1308 291 1480 364 λόγοις
1532 291 1831 352 ἐπικλόποις

1962 291 2130 349 llecta
2186 294 2373 349 verbis
2420 295 2662 352 blandis
2711 300 2767 354 et
2817 298 3103 368 jucundis
3141 300 3217 356 ad
3267 304 3589 373 transgres-

223 389 312 437 καὶ
356 379 614 442 ἡδύνουσι
664 386 796 455 πρὸς
849 387 943 441 τὴν
994 380 1241 439 ἀθέτησιν
1285 387 1674 456 παρενήνεκται,
1718 384 1742 432 6
1771 377 1830 434 δε

226 478 404 546 γνώμη
447 471 637 545 μᾶλλον
676 476 765 524 καὶ
810 471 1062 544 θελήματι
1103 473 1293 529 ταύτην
1343 471 1622 530 ἠσπάσατο
1662 488 1674 500 ⁶
1709 467 1832 523 οὐδὲ

229 566 461 636 φαίνεται
517 569 697 614 τοῦτον
754 563 783 620 ἡ
847 565 1001 633 γυνη,
1060 561 1233 634 ὥσπερ
1289 558 1504 627 ἕκλάπη,
1564 561 1699 612 οὕτω
1741 560 1833 634 ῥή-

229 671 362 724 μασι
411 651 705 704 κλέπτουσα
746 669 758 681 ⁸
798 655 889 702 καὶ
935 651 966 708 ἡ
1001 651 1089 720 μὲν
1138 654 1227 701 καὶ
1276 647 1524 702 ἀντειπεῖν
1584 645 1830 705 διανέστη

231 747 303 810 τῷ
353 743 482 811 ὄφει,
535 743 624 791 καὶ
675 746 747 809 τῷ
789 739 994 809 μεγέθει
1023 744 1113 797 τῆς
1161 735 1464 808 ἐπαγγελίας
1511 733 1838 808 διαχυθεῖσα

231 832 360 902 πρὸς
400 832 494 887 την
542 826 750 885 ἀπάτην
798 826 1053 880 ἀπέκλινε.
1096 830 1222 900 Περὶ
1254 822 1312 878 δε
1350 829 1436 878 τὸν
1474 823 1650 898 Ἀδὰμ
1691 821 1838 877 ούδέ-

231 936 377 990 τερον
417 919 610 969 τούτων
656 920 859 988 γέγονεν
894 933 908 948 '
939 918 1054 968 οὔτε
1096 917 1198 989 γὰρ
1244 913 1444 967 ἀντεῖπε
1494 923 1555 987 τῇ
1605 918 1834 986 γυναικὶ,

231 1011 347 1059 οὔτε
413 1008 622 1078 μέγεθος
677 1006 834 1058 αὐτὸν
894 1003 1205 1076 ἐπαγγελίας
1283 1008 1611 1079 συνήρπασεν
1664 1023 1676 1035 ·
1729 1001 1838 1055 ἀλλ’

229 1093 378 1149 οὐδὲν
407 1095 615 1148 ἔλαττον
661 1092 812 1158 οὗτος
859 1096 1006 1167 ὤφθη
1053 1094 1254 1166 ἕτοιμος
1284 1097 1409 1168 πρὸς
1441 1098 1496 1146 τὸ
1535 1091 1839 1166 μεταλαϐεῖν

229 1188 258 1246 ἦ
312 1185 481 1243 ἐκείνη
537 1182 858 1258 μεταδοῦναι
903 1193 996 1246 τῆς
1048 1182 1294 1259 βρώσεως
1343 1203 1355 1215 ·
1398 1180 1579 1257 διόπερ
1631 1184 1841 1244 εἰκότως

230 1274 288 1327 ἂν
339 1283 512 1329 νοοῖτο
561 1275 658 1326 ούκ
712 1273 886 1346 ἀπάτῃ
943 1273 1132 1346 μᾶλλον
1183 1272 1290 1325 ἀλλ’
1343 1275 1493 1347 ἔρωτι
1534 1279 1706 1325 πεσεῖν
1745 1281 1838 1334 τῆς

231 1363 477 1436 βρώσεως
521 1365 590 1425 εἰς
622 1361 920 1438 παράϐασιν
945 1382 957 1394 ·
1001 1362 1109 1414 ἀλλ’
1149 1363 1175 1413 6
1219 1364 1308 1432 μὲν
1335 1361 1485 1432 λόγος
1530 1362 1675 1422 οὗτος
1701 1365 1837 1434 εἰπερ

230 1453 278 1505 ἰν
307 1453 482 1514 ἄλλοις
530 1456 644 1525 ἔχει
690 1458 894 1526 χώραν,
945 1450 1110 1524 ἒχέτω
1153 1471 1165 1483 ·
1199 1458 1286 1502 νῦν
1335 1446 1394 1503 δε
1432 1458 1526 1502 οῦκ
1569 1453 1681 1521 ἔχει
1710 1451 1842 1524 πάρ-

232 1538 351 1596 οδον
388 1561 401 1574 ο
437 1543 730 1617 ὑπερτιθεὶς
770 1543 873 1616 γὰρ
918 1548 1008 1601 τῆς
1051 1541 1294 1600 ἀληθείας
1323 1541 1349 1591 6
1379 1539 1544 1613 κῆρυξ
1590 1544 1678 1591 καὶ
1708 1558 1840 1612 προ-

1943 381 2173 437 sionem
2205 383 2467 440 adducta
2502 389 2620 450 est;
2654 385 2749 442 ille
2779 403 2921 444 vero
2958 403 3136 444 sensu
3177 391 3370 462 magis
3401 397 3458 448 et
3489 408 3592 449 vo-

1940 470 2163 525 luntate
2207 470 2363 528 hanc
2413 474 2723 546 amplexus
2763 482 2890 545 est;
2950 492 3073 532 non
3131 477 3362 534 videtur
3419 479 3592 551 igitur

1943 558 2174 624 mulier,
2225 565 2289 616 ut
2335 562 2581 620 seducta
2635 569 2742 631 est,
2792 566 2874 621 ita
2913 566 3111 622 verbis
3161 567 3470 625 seducens.
3529 572 3597 627 Et

1944 646 2044 703 illa
2079 649 2324 720 quidem
2385 658 2439 706 et
2494 654 2899 711 contradicere
2950 658 3200 712 surrexit
3241 659 3501 730 serpenti
3539 663 3596 716 et

1947 737 2354 805 magnitudine
2376 742 2786 811 promissionis
2801 743 3038 801 turbata
3067 744 3144 801 ad
3187 745 3596 818 deceptionem

1945 824 2282 882 declinavit.
2327 827 2494 886 Circa
2533 831 2831 888 Adamum
2871 848 3010 889 vero
3051 839 3330 890 neutrum
3374 836 3595 893 horum

1947 912 2170 970 factum
2215 921 2344 987 est;
2391 933 2512 975 non
2561 922 2722 977 enim
2771 922 3130 978 contradixit
3183 924 3435 991 mulieri,
3488 941 3598 982 nec

1946 1003 2293 1072 magnitudo
2316 1007 2513 1078 ipsum
2538 1011 2938 1081 promissionis
2955 1011 3248 1084 abripuit;
3271 1013 3375 1069 sed
3387 1014 3600 1072 nihilo-

1949 1091 2142 1147 minus
2186 1094 2296 1150 iste
2337 1097 2500 1152 visus
2551 1105 2639 1154 est
2693 1106 2940 1171 paratus
2995 1101 3074 1156 ad
3122 1102 3598 1175 participandum

1948 1196 2124 1252 quam
2155 1183 2255 1240 illa
2275 1184 2354 1240 ad
2385 1187 2954 1245 communicandum
2983 1189 3059 1244 de
3089 1191 3251 1257 cibo;
3283 1192 3418 1247 ideo
3444 1196 3600 1248 recte

1948 1269 2367 1342 intelligeretur
2386 1291 2508 1332 non
2532 1276 2882 1348 deceptione
2906 1278 3109 1348 magis,
3140 1280 3246 1335 sed
3277 1296 3482 1336 amore
3508 1281 3603 1336 in-

1948 1359 2160 1416 cidisse
2186 1363 2300 1418 cibi
2328 1363 2389 1419 in
2417 1366 2973 1436 transgressionem.
3004 1368 3117 1424 Sed
3136 1384 3332 1425 sermo
3353 1369 3602 1442 quidem

1949 1449 2056 1503 iste
2093 1449 2140 1504 si
2171 1450 2232 1506 in
2261 1451 2391 1507 aliis
2429 1453 2604 1510 habet
2643 1454 2864 1521 locum,
2910 1455 3164 1524 habeat;
3209 1472 3367 1513 nunc
3398 1462 3602 1514 autem

1951 1552 2072 1593 non
2109 1538 2291 1596 habet
2328 1557 2658 1600 accessum.
2700 1547 3117 1617 Superponens
3145 1547 3299 1603 enim
3342 1547 3602 1604 veritatis

230 1640 394 1705 τιμῶν
444 1634 532 1683 τὸν
582 1627 752 1702 Ἀδὰμ
817 1638 912 1691 τῆς
960 1632 1228 1701 γυναικός,
1286 1633 1377 1682 καὶ
1427 1631 1521 1686 τὴν
1573 1629 1841 1700 ὑποταγὴν

1961 1641 2149 1698 praaco
2179 1633 2236 1684 et
2265 1630 2565 1700 preferens
2596 1633 2894 1690 Adamum
2917 1634 3170 1700 mulieri,
3198 1640 3256 1690 et
3284 1635 3604 1708 subjectio-

235 1721 364 1793 αὐτῇ
423 1727 710 1795 παραινῶν,
778 1723 868 1772 καὶ
948 1715 1041 1771 διὰ
1116 1721 1174 1770 τό
1240 1722 1312 1790 μὴ
1369 1716 1698 1776 ἀπατηθῆναι
1757 1721 1842 1769 τὸν

229 1806 415 1881 Ἀδὰμ
499 1811 673 1882 ὥσπερ
749 1811 838 1860 καὶ
901 1803 995 1859 διὰ
1051 1815 1150 1859 τῶν
1225 1805 1386 1858 ἄλλων
1448 1805 1841 1878 ἕνθυμημάτῶν,

235 1899 369 1952 οὕτω
419 1903 511 1951 καὶ
556 1895 651 1950 διὰ
697 1899 892 1956 ταύτην
933 1900 1026 1954 τὴν
1057 1895 1224 1948 αἰτίαν
1259 1894 1418 1967 ἰσχύν
1454 1896 1664 1966 ἄμαχον
1704 1898 1844 1967 ἔχειν

234 1993 326 2046 τὴν
387 1991 697 2061 παραίνεσιν
755 1981 1054 2048 ἐπεδείξατο
1105 2004 1116 2016 ·

237 2073 627 2150 διευκρίνηται,
657 2080 773 2128 τίνα
797 2079 984 2149 τρόπον
1015 2073 1108 2126 οὐκ
1137 2073 1384 2132 ἠπατήθη
1417 2074 1443 2125 6
1471 2070 1662 2145 Ἀδάρι.

301 2169 372 2219 Τὸ
425 2162 506 2232 δί,
544 2188 566 2215 ε
600 2166 899 2223 Σωθήσεται
939 2160 1033 2216 διὰ
1080 2170 1173 2225 τῆς
1216 2166 1541 2234 τεκνογονίας
1569 2163 1598 2219 ἡ
1631 2165 1778 2233 γυνη,
1813 2181 1842 2213 ι)

233 2257 506 2308 τουτέστιν
553 2255 585 2313 ἡ
617 2261 720 2307 τῶν
748 2260 1009 2325 γυναικῶν
1039 2255 1190 2325 φύσις
1222 2268 1234 2282 '
1267 2256 1356 2304 καὶ
1403 2254 1504 2323 γὰρ
1559 2247 1653 2302 διὰ
1693 2257 1844 2302 τοῦτο

231 2349 323 2404 τὴν
379 2347 520 2398 Εὕαν
568 2347 627 2397 τὸ
679 2343 853 2414 λόγιον
903 2342 975 2406 εἰς
1022 2346 1115 2400 τὴν
1161 2348 1388 2413 γυναῖκα
1438 2339 1724 2414 μετελαϐεν.
1779 2342 1844 2392 Oi

228 2438 317 2506 μέν
349 2451 485 2506 φασι
534 2437 856 2503 τεκνογονίαν
899 2432 1057 2484 εἰπεῖν
1104 2434 1192 2483 τὸν
1239 2429 1576 2495 Ἀπόστολον,
1607 2434 1698 2490 τὴν
1727 2434 1845 2502 περὶ

227 2526 290 2575 τά
340 2526 506 2575 τέκνα
559 2525 803 2588 πρόνοιαν
847 2525 937 2573 καὶ
989 2515 1230 2578 σπουδὴν
1275 2515 1348 2572 δι’
1394 2521 1453 2580 ἧς
1495 2519 1645 2571 αύτοί
1672 2538 1726 2571 τε
1760 2523 1842 2571 πί-

230 2630 340 2664 στει
392 2615 488 2663 καὶ
527 2609 702 2683 ἀγάπη
763 2609 1131 2684 στηριζόμενοι
1177 2611 1264 2661 τὸν
1318 2608 1580 2681 ἁγιασμόν
1619 2613 1709 2660 καὶ
1753 2611 1845 2666 τὴν

234 2702 583 2776 σωφροσύνην
639 2700 1166 2770 συγκατορθώσουσι,
1229 2701 1318 2749 καὶ
1366 2699 1420 2749 αἱ
1484 2700 1616 2770 πρὸς
1664 2695 1847 2772 ἀρετὰς

235 2790 432 2851 αὐτοὺς
491 2784 930 2860 παιδαγωγοῦσαι
959 2791 1176 2860 μητέρες
1217 2782 1462 2844 δηλονότι
1507 2785 1573 2839 τά
1602 2786 1734 2838 αύτά
1763 2788 1846 2836 καὶ

239 2879 534 2952 μελετῶσαι
589 2882 680 2930 καὶ
736 2874 1180 2952 διαπραττόμεναι
1238 2879 1438 2941 εἴησαν,
1500 2871 1573 2928 δι’
1629 2876 1695 2927 ὧν
1760 2877 1849 2925 καὶ

1176 1981 1284 2035 ἀλλ’
1341 1981 1445 2036 ὧδε
1497 1987 1606 2055 μὲν,
1672 1984 1843 2055 οἶμαι,

1954 1731 2086 1771 nem
2109 1716 2244 1773 huic
2259 1719 2539 1786 suadens,
2564 1725 2620 1776 et
2642 1727 2958 1794 propterea
2979 1723 3145 1796 quod
3170 1739 3294 1780 non
3311 1724 3599 1796 deceptus

1953 1803 2028 1860 sit
2051 1807 2238 1863 Adam
2263 1812 2325 1864 ut
2351 1813 2407 1864 et
2426 1824 2532 1881 per
2551 1809 2669 1866 alia
2685 1810 3160 1882 enthymemata,
3185 1813 3266 1868 ita
3283 1817 3338 1868 et
3362 1817 3606 1885 propter

1952 1894 2108 1952 hanc
2138 1912 2382 1954 causam
2414 1899 2536 1954 vim
2576 1899 3111 1973 inexpugnabilem
3141 1901 3363 1958 habere
3397 1902 3606 1958 exhor-

1955 1983 2233 2041 tationem
2273 1987 2551 2045 ostendit.
2581 1988 2695 2044 Sed
2727 1989 2811 2044 sic
2841 1989 3086 2060 quidem
3117 1995 3262 2061 puto
3291 1990 3444 2046 bene
3481 1990 3603 2046 dis-

1953 2079 2182 2131 cretum
2246 2077 2339 2142 sit,
2391 2077 2909 2148 quemadmodum
2949 2094 3071 2134 non
3112 2078 3397 2150 deceptus
3436 2078 3608 2137 fuerit

1950 2164 2158 2220 Adam.

2023 2253 2173 2310 Illud
2202 2269 2366 2322 vero,
2401 2275 2430 2306 «
2460 2253 2804 2311 Salvabitur
2840 2271 2948 2327 per
2971 2255 3234 2312 ﬁliorum
3268 2257 3606 2326 generatio-

1951 2358 2082 2398 nem
2121 2342 2349 2409 mulier,
2386 2364 2410 2393 »
2463 2343 2524 2397 id
2566 2348 2653 2398 est
2701 2343 3019 2400 mulierum
3077 2350 3331 2414 natura;
3382 2346 3606 2402 etenim

1951 2437 2194 2505 propter
2222 2432 2336 2487 hoc
2356 2434 2534 2488 Evam
2560 2432 2868 2488 oraculum
2910 2433 2972 2488 in
3008 2433 3318 2490 mulierem
3346 2438 3606 2490 transtu-

1953 2522 2034 2577 lit.
2065 2522 2128 2576 Hi
2151 2521 2395 2594 quidem
2416 2521 2618 2576 dicunt
2641 2521 2907 2578 ﬁliorum
2939 2523 3384 2592 generationem
3414 2524 3607 2581 dicere

1955 2610 2328 2684 Apostolum,
2370 2611 2528 2666 circa
2567 2610 2718 2667 ﬁlios
2769 2611 3211 2683 providentiam
3251 2619 3306 2668 et
3344 2612 3608 2670 studium

1958 2716 2062 2774 per
2098 2699 2262 2772 quod
2285 2700 2398 2772 ipsi
2428 2704 2484 2755 et
2508 2699 2626 2756 ﬁde
2656 2706 2712 2756 et
2743 2699 3030 2757 charitate
3055 2701 3319 2758 roborati
3346 2701 3611 2758 sanctiﬁ-

1957 2790 2251 2846 cationem
2283 2795 2339 2845 et
2369 2788 2727 2861 sapientiam
2768 2794 2923 2846 recte
2949 2790 3276 2861 perﬁciant,
3304 2796 3359 2847 et
3388 2791 3462 2846 ad
3495 2791 3610 2847 vir-

1959 2885 2111 2936 tutes
2151 2896 2253 2936 eos
2293 2879 2672 2935 instituentes
2725 2883 2946 2936 matres
2986 2879 3257 2936 videlicet
3298 2881 3513 2937 eadem
3552 2886 3610 2936 et

240 2977 336 3031 τῆς
380 2965 728 3038 παραϐάσεως
768 2971 861 3026 τὴν
913 2966 1084 3019 αἰτίαν
1133 2962 1435 3022 διαλύουσι.
1479 2971 1642 3018 Τοῦτο
1691 2966 1792 3036 γὰρ
1824 2963 1849 3014 6

1961 2969 2314 3025 meditantes
2350 2973 2407 3024 et
2434 2973 2679 3037 agentes
2719 2967 2854 3039 sint,
2890 2983 2996 3040 per
3029 2984 3166 3040 quae
3193 2973 3250 3025 et
3286 2974 3610 3040 transgres-

239 3067 333 3120 τῆς
367 3055 679 3129 οἰκουμένης
714 3059 807 3128 ἔφη
851 3051 1176 3116 διδάσκαλος
1200 3073 1212 3084 ’
1248 3074 1276 3107 (ε
1312 3055 1611 3112 Σωθήσεται
1643 3050 1720 3117 δὲ,
1753 3054 1851 3124 φά-

239 3168 384 3220 μενος
440 3143 533 3200 διά
570 3154 666 3208 τῆς
712 3149 1034 3217 τεκνογονίας
1069 3162 1081 3174 °
1124 3168 1153 3195 ››
1194 3149 1283 3197 καὶ
1320 3146 1422 3217 γὰρ
1456 3146 1484 3203 ἡ
1518 3149 1636 3219 περὶ
1681 3145 1748 3195 τὰ
1775 3147 1853 3195 τί-

238 3257 337 3290 κνα
384 3231 851 3308 παιδαγωγίακαὶ
899 3233 1134 3306 θεοφιλὴς
1183 3237 1402 3308 πρόνοια
1430 3237 1520 3284 καὶ
1567 3229 1856 3304 κηδεμονία

240 3330 376 3398 μέγα
419 3321 690 3396 δικαίωμα
735 3327 928 3395 πέφυκε
957 3326 1050 3381 την
1093 3324 1224 3396 πρὸς
1259 3324 1347 3374 τὸν
1387 3317 1562 3392 Ἀδὰμ
1591 3329 1686 3382 τῆς
1727 3323 1856 3381 Εὔας

241 3414 504 3490 σφαλερὰν
554 3411 975 3465 ἀνακαλέσασθαι
1034 3407 1410 3464 διδασκαλίαν.
1466 3407 1724 3472 Ἐδίδαξα
1769 3412 1856 3462 τὸν

239 3499 417 3579 ἄνδρα
450 3502 714 3576 σφαλερῶς
747 3517 760 3568 ;
796 3500 930 3554 ’Δλλ’
978 3500 1218 3573 ἀσφαλῶς
1257 3497 1583 3572 παιδαγωγῶ
1628 3505 1718 3552 καὶ
1748 3503 1858 3572 τρί-

243 3612 320 3665 φω
373 3593 448 3645 τὰ
503 3595 674 3644 τέκνα.
726 3589 916 3643 Ἐκεῖνο
965 3585 1314 3653 καταδικάζει
1347 3606 1360 3656 ;
1393 3597 1556 3642 Τοῦτο
1605 3599 1715 3652 πῶς
1765 3588 1857 3641 οὐκ

243 3681 306 3734 ἂν
358 3684 442 3739 εἴη
511 3680 742 3754 μάλιστά
802 3699 863 3752 γε
929 3681 1073 3754 παρὰ
1128 3675 1320 3752 δικαίῳ
1377 3683 1466 3732 καὶ
1518 3678 1859 3755 φιλανθρώπῳ

243 3778 400 3843 κριτῇ
461 3775 745 3842 συγγνώμη
803 3773 893 3822 καὶ
953 3773 1145 3840 γείτονι
1212 3775 1304 3822 τοῦ
1355 3773 1685 3841 πταίσματος
1737 3786 1859 3820 κατ·

245 3861 522 3934 ορθώματι
573 3865 669 3920 τῆς
717 3853 870 3919 δίκης
922 3855 1142 3910 ἀπολύον
1183 3874 1196 3925 ;
1240 3861 1327 3910 Διό
1381 3861 1575 3919 ταύτης
1633 3865 1728 3920 τῆς
1783 3874 1862 3908 τε-

244 3952 523 4020 κνογονίας
572 3949 604 4005 ἠ
661 3951 936 4019 γυναικεία
993 3949 1149 4020 φύσις
1206 3945 1524 4019 ἀντεχομένη
1577 3951 1667 3999 καὶ
1740 3948 1864 4000 ταύ-

247 4057 345 4096 την
379 4033 768 4098 σπουδάζουσα
797 4032 1000 4089 διαλύει
1046 4041 1136 4090 καὶ
1162 4033 1465 4090 ἀποτίθεται
1503 4040 1597 4095 τὴν
1629 4035 1730 4089 ἀπὸ
1768 4044 1865 4097 τῆς

251 4127 461 4188 ἀπάτης
513 4125 685 4179 αἰτίαν
744 4130 836 4178 καὶ
889 4121 1046 4184 δίκην
1078 4142 1090 4155 ·
1132 4126 1212 4178 ὅτι
1273 4121 1332 4178 δε
1396 4129 1720 4196 τεκνογονίαν
1776 4129 1865 4178 καὶ

250 4213 321 4275 δὴ
367 4221 463 4268 καὶ
512 4219 872 4291 τεκνοτροφίαν
920 4215 946 4266 6
987 4213 1299 4276 Ἀπόστολος
1365 4218 1460 4272 τὴν
1512 4219 1630 4290 περὶ
1677 4217 1743 4267 τὰ
1788 4218 1865 4268 τί·

249 4325 350 4359 κνα
407 4310 668 4380 σωτήριον
716 4302 1005 4377 ἐπιμέλειαν
1049 4304 1195 4356 εἴωθε
1244 4308 1434 4370 καλεῖν,
1488 4299 1646 4363 δῆλον
1705 4302 1866 4356 ἐντεύ-

253 4397 356 4450 θεν.
422 4397 526 4448 Καὶ
570 4395 673 4467 γὰρ
725 4392 798 4455 εἰς
849 4396 944 4452 τὴν
995 4400 1096 4445 τῶν
1149 4400 1334 4466 χηρῶν
1389 4391 1536 4454 τάξιν
1583 4397 1672 4444 καὶ
1710 4396 1890 4465 τιμὴν

250 4489 345 4538 καὶ
385 4486 476 4542 τήν
509 4486 752 4557 πρόνοιαν
796 4484 885 4543 τὰς
929 4485 1298 4557 κεχηρωμένας
1349 4488 1449 4533 τῶν
1495 4477 1700 4556 ἀνδρῶν
1746 4480 1869 4533 ἀνά-

250 4594 382 4645 γων,
439 4593 461 4621 ε
518 4577 691 4645 Χήρα,
746 4575 900 4645 φησὶ,
947 4570 1312 4642 καταλεγέσθω
1363 4574 1434 4642 μὴ
1490 4569 1698 4623 ἔλαττον
1749 4568 1868 4622 ἐτῶν

254 4662 509 4725 ἐξήκοντα
541 4679 553 4692 ο
586 4681 618 4714 »
649 4657 763 4714 εἶτα
799 4665 891 4712 καὶ
940 4663 1059 4712 τίνα
1099 4657 1520 4731 καταϐαλλομένη
1564 4660 1751 4732 μισθὸν
1778 4666 1872 4719 τῆς

252 4753 509 4812 τοιαύτης
574 4748 758 4812 λήξεως
825 4767 841 4784 ο
905 4768 930 4801 α
986 4748 1046 4802 Εἰ
1111 4747 1529 4822 ἐτεκνοτρόφησε,
1589 4753 1771 4820 φησὶν,
1830 4748 1873 4801 εἰ

253 4841 427 4912 ἁγίων
482 4835 651 4900 πόδας
697 4837 888 4910 ἔνιψεν,
947 4837 992 4891 εί
1040 4836 1357 4911 θλιϐομένοις
1399 4836 1653 4912 ἐπήρκεσε
1683 4851 1696 4866 ·
1731 4857 1755 4888 ν
1784 4840 1874 4888 καὶ

256 4933 358 5004 ὅρα
423 4930 562 4990 ὅπως
614 4935 677 5001 τῇ
728 4936 828 4980 τῶν
867 4927 1030 4999 ἁγίων
1084 4928 1332 5001 θεραπείᾳ
1376 4932 1466 4979 καὶ
1515 4923 1753 4988 δεξιώσει
1786 4929 1875 4976 καὶ

255 5025 332 5090 τῷ
375 5025 468 5078 τῆς
523 5016 878 5090 ἑλεημοσύνης
914 5015 1135 5090 λαμπρῷ
1183 5017 1572 5089 κατορθώματι,
1621 5019 1716 5073 τὴν
1758 5017 1876 5086 περὶ

255 5110 326 5161 τὰ
381 5109 536 5159 τέκνα
596 5102 836 5166 σπουδὴν
906 5109 998 5158 καὶ
1067 5108 1198 5180 πρὸς
1259 5104 1450 5180 ἀρετῶν
1507 5099 1876 5175 παιδαγωγὶαν

259 5195 516 5259 συνέταεί
570 5214 625 5248 τε
670 5199 762 5248 καὶ
815 5195 1204 5269 συνηρίθμησεν
1238 5212 1250 5225 ·
1286 5193 1394 5246 ἀλλ’
1448 5193 1590 5246 οὗτοι
1651 5194 1742 5265 μὲν
1794 5189 1878 5242 ού-

256 5305 364 5346 τως
452 5287 546 5343 τήν
631 5289 995 5359 τεκνοτροφίαν
1078 5288 1168 5337 καὶ
1260 5287 1580 5355 τεκνογονίαν
1669 5281 1878 5344 ἐξακούο

259 5393 438 5429 ουσιν.

336 5473 391 5510 ⁵ο
419 5475 441 5528 l
468 5471 617 5528 Tim.
639 5487 700 5539 ν,
724 5476 777 5529 9.
846 5473 891 5509 ⁵1
920 5471 1066 5530 ibid.
1103 5477 1187 5529 10.

556 5569 800 5629 PATROL.
842 5567 955 5630 Gn.’
989 5568 1078 5628 Cl.

1959 3058 2144 3114 sionis
2182 3073 2429 3113 causam
2468 3055 2842 3122 dissolvunt;
2875 3056 2991 3112 hoc
3020 3057 3180 3113 enim
3216 3057 3428 3113 mundi
3461 3057 3611 3115 dixit

1959 3148 2269 3218 magister.
2299 3168 2326 3196 ‹‹
2373 3145 2708 3202 Salvabitur
2736 3150 2956 3211 autem,
2992 3145 3289 3218 inquiens,
3321 3163 3428 3219 per
3455 3147 3610 3203 tilio-

1961 3252 2097 3292 rum
2129 3234 2598 3304 generationem.
2632 3254 2656 3284 ι›
2690 3233 2916 3289 Etenim
2949 3233 3108 3290 circa
3141 3233 3289 3289 ﬁlios
3322 3234 3612 3292 institutio

1961 3329 2018 3382 et
2045 3326 2232 3380 Deum
2264 3339 2477 3379 amans
2504 3323 2880 3394 providentia
2906 3326 2964 3378 et
2989 3339 3131 3378 cura
3155 3338 3378 3393 magna
3402 3324 3615 3395 justiﬁ-

1963 3413 2115 3470 catio
2145 3416 2289 3468 nata
2312 3416 2400 3468 est
2428 3412 2505 3468 ad
2538 3411 2838 3467 Adamum
2869 3414 3001 3468 Em
3033 3411 3307 3469 fallacem
3337 3427 3614 3484 reparare

1964 3501 2404 3573 magisterium.
2439 3500 2620 3556 Docui
2655 3501 2848 3556 virum
2886 3500 3172 3557 fallaciter
3199 3501 3228 3555 ?
3253 3501 3368 3558 Sed
3413 3516 3615 3558 secure

1963 3591 2154 3647 educo
2175 3601 2232 3646 et
2262 3589 2457 3646 nutrio
2477 3589 2653 3644 ﬁlios.
2676 3589 2827 3645 Illud
2848 3590 3100 3646 damnat
3124 3588 3148 3645 τ
3169 3589 3284 3646 hoc
3306 3590 3617 3662 quomodo

1964 3695 2087 3736 non
2109 3683 2286 3746 esset,
2310 3679 2635 3751 praesertim
2662 3678 2825 3750 apud
2841 3680 3074 3751 justum
3099 3682 3158 3736 et
3184 3679 3509 3750 benignum
3527 3680 3619 3751 ju-

1966 3769 2159 3826 dicem
2193 3769 2362 3825 venia
2387 3773 2444 3824 et
2468 3767 2665 3824 vicino
2688 3767 2893 3840 lapsus
2917 3775 3076 3824 recte
3108 3768 3264 3825 facto
3288 3769 3621 3825 damnatio-

1967 3875 2106 3915 nem
2129 3857 2366 3914 solvens
2389 3855 2417 3911 7
2443 3857 2581 3913 Ideo
2609 3856 2750 3912 huic
2771 3856 3032 3912 filiorum
3060 3857 3427 3926 generationi
3458 3857 3620 3913 femi-

1968 3963 2081 4004 nea
2110 3952 2327 4003 natura
2356 3946 2776 4002 adhaerescens
2808 3949 2865 4001 et
2889 3945 2943 4000 ei
2976 3945 3224 4001 studens
3253 3945 3528 4002 dissolvit
3564 3950 3621 4003 et

1969 4037 2215 4108 deponit
2233 4051 2269 4092 a
2293 4034 2644 4107 deceptione
2676 4034 3152 4090 criminationem
3181 4038 3238 4090 et
3263 4034 3625 4091 condemna-

1971 4127 2188 4182 tionem
2212 4140 2224 4179 :
2247 4123 2417 4192 Quod
2441 4128 2643 4179 autem
2665 4122 2926 4178 ﬁliorum
2942 4122 3390 4192 generationem
3413 4122 3628 4180 etﬁlio-

1970 4230 2105 4270 rum
2130 4212 2515 4269 nutritionem
2538 4211 2860 4284 Apostolus
2883 4212 3041 4268 circa
3055 4211 3270 4268 liberos
3296 4211 3625 4268 salviﬁcam

1893 4335 1942 4390 D
1974 4319 2182 4360 curam
2210 4301 2402 4358 soleat
2425 4317 2658 4368 vocare,
2686 4299 3064 4357 manifestum
3096 4299 3274 4356 hinc:
3313 4300 3538 4356 Etenim
3565 4301 3628 4356 in

1972 4392 2288 4449 viduarum
2315 4391 2588 4446 ordinem
2611 4395 2665 4445 et
2686 4390 2974 4445 honorem
3007 4393 3065 4444 et
3089 4389 3522 4460 providentiam
3548 4389 3630 4446 vi-

1975 4480 2192 4537 duatas
2212 4479 2351 4535 viris
2377 4478 2641 4536 referens
2672 4498 2684 4538 :
2719 4499 2742 4529 α
2770 4478 2983 4542 Vidua,
3010 4477 3220 4550 inquit,
3237 4477 3488 4549 eligatur
3507 4493 3630 4535 non

1978 4569 2177 4625 minus
2206 4571 2494 4622 annorum
2536 4567 2849 4636 sexaginta
2880 4566 2927 4599 ⁸ο
2954 4583 2967 4633 ;
3001 4584 3030 4618 ››
3062 4564 3279 4640 deinde
3305 4570 3361 4620 et
3382 4563 3630 4638 aliquod

1978 4656 2231 4712 fundens
2256 4655 2512 4726 pretium
2546 4653 2676 4710 talis
2705 4653 3007 4710 electionis
3039 4673 3051 4712 :
3079 4675 3105 4705 «
3143 4653 3202 4708 Si
3229 4653 3383 4710 ﬁlios
3411 4654 3634 4712 educa-

1980 4746 2080 4810 vit,
2115 4745 2213 4810 ait,
2238 4743 2287 4798 si
2318 4747 2663 4800 sanctorum
2695 4743 2877 4815 pedes
2908 4742 3070 4808 lavit,
3106 4743 3155 4798 si
3188 4742 3634 4800 tribulationem

1980 4833 2346 4908 patientibus
2377 4832 2854 4888 subministravit
2885 4833 2929 4868 ³¹
2967 4851 2980 4900 ;
3009 4852 3040 4884 »
3067 4837 3124 4888 et
3153 4831 3289 4888 vide
3326 4835 3634 4904 quomodo

1983 4928 2322 4979 sanctorum
2364 4937 2515 4977 curae
2537 4929 2593 4978 et
2624 4921 2884 4993 hospitio
2923 4926 2980 4977 et
3004 4921 3404 4993 eleemosynaa
3433 4923 3634 4994 splen-

1983 5011 2142 5068 denti
2171 5011 2332 5067 bono
2362 5010 2516 5066 circa
2540 5009 2694 5066 ﬁlios
2719 5009 2979 5066 studium
3006 5014 3061 5066 et
3081 5009 3160 5067 ad
3183 5011 3463 5067 virtutum
3496 5011 3639 5067 edu-

1985 5101 2279 5157 cationem
2312 5100 2646 5171 conjunxit,
2671 5103 2729 5156 et
2747 5098 3240 5171 connumeravit;
3267 5100 3374 5156 sed
3397 5100 3489 5156 isti
3512 5101 3640 5172 qni-

1987 5189 2126 5246 dem
2156 5188 2239 5244 sic
2256 5187 2520 5245 ﬁliorum
2545 5188 2931 5246 nutritionem
2953 5192 3010 5245 et
3027 5188 3289 5245 ﬁliorum
3314 5188 3642 5260 generatio-

1989 5295 2128 5335 nem
2161 5278 2430 5336 audiunt.

3219 5563 3288 5629 l5
