4140 6198
558 254 660 313 451

1781 246 2019 304 ΡΗΟΤΙΙ
2058 244 2544 303 ΡΑΤΒΙΑΒΟΗᾸΞ
2582 241 2689 301 CP.

628 379 756 434 Non
785 377 952 449 pejus
979 378 1178 431 autem
1206 374 1352 431 forte
1383 374 1641 445 cogitare
1667 373 1924 430 ﬁliorum
1957 388 2207 443 genera-

2388 371 2463 421 Οῦ
2494 377 2671 443 χεῖρον
2721 365 2780 421 δὲ
2834 370 2959 429 ἴσως
3007 367 3186 421 ἐννοεῖν
3234 375 3557 442 τεκνογονίαν
3604 364 3665 429 ἣν
3703 373 3732 429 ἠ
3773 372 3905 426 εύσί-

555 467 770 524 tionem
801 481 987 537 quam
1017 464 1204 537 pietas
1235 464 1533 520 bonorum
1561 480 1814 537 operum
1836 468 1891 519 et
1918 463 2204 517 virtutum

554 560 782 611 rectum
814 553 1123 626 complexa
1161 568 1500 609 sermonem
1531 569 1638 625 per
1674 568 1859 625 puros
1897 556 1953 607 et
1990 550 2201 622 impol-

554 644 709 701 lutos
738 643 975 700 dolores
1006 644 1338 715 parientem
1380 649 1435 699 et
1472 659 1608 699 vere
1638 641 2072 699 nobilissimam
2099 640 2207 694 im-

556 734 678 805 plet.
707 732 1176 803 generationem,
1216 747 1315 802 per
1353 747 1537 803 quam
1579 736 1703 787 tota
1726 735 2031 801 reparatur
2068 744 2203 799 quae

553 821 854 895 praecessit
883 821 1228 875 deminutio.
1279 823 1502 876 Revera
1532 824 1588 875 et
1617 836 1751 891 quae
1793 818 1935 875 tales
1966 818 2202 873 dolores

550 910 879 982 pendentes
906 913 1080 982 partu
1110 908 1325 964 multos
1356 908 1510 965 ﬁlios
1544 914 1897 979 genuerunt,
1923 911 1978 962 et
2008 906 2161 961 ﬁlias
2186 924 2198 974 ;

551 999 884 1056 secundum
901 1014 1085 1071 quam
1109 998 1365 1053 ﬁliorum
1379 998 1739 1070 positionem
1756 996 2135 1067 cognoscitur
2148 1000 2201 1051 et

551 1088 765 1145 sterilis
790 1088 1027 1160 pariens
1059 1092 1308 1159 septem,
1338 1092 1395 1142 et
1425 1103 1559 1159 quas
1588 1086 1808 1142 multas
1830 1087 1890 1141 in
1916 1084 2047 1139 ﬁliis
2075 1083 2203 1153 glo-

548 1179 636 1233 ria
653 1176 973 1249 superavit.
992 1176 1140 1248 Ipsaa
1159 1181 1215 1231 et
1228 1176 1400 1232 illud:
1427 1196 1454 1227 «
1472 1175 1937 1247 Multiplicamini
1954 1179 2199 1243 etauge-

550 1266 713 1336 mini,
734 1286 757 1316 ι)
774 1267 892 1320 Deo
906 1264 1355 1320 convenientius
1370 1270 1426 1320 et
1440 1265 1630 1335 magis
1644 1265 1880 1336 proprie
1899 1263 1959 1317 in
1974 1262 2199 1333 seipsas

548 1354 987 1417 transferentes,
1021 1354 1383 1409 dominicam
1408 1354 1467 1408 in
1491 1354 1700 1425 seipsis
1723 1353 2051 1407 ostendunt
2080 1352 2201 1405 im-

547 1443 766 1515 pletam
785 1442 1283 1499 benedictionem.
1302 1442 1453 1497 Talis
1471 1442 1730 1497 ﬁliorum
1753 1442 2054 1511 generatio
2077 1456 2196 1494 non

546 1532 607 1587 in
634 1532 791 1588 solas
823 1547 892 1586 ex
921 1532 1278 1587 commercio
1307 1531 1416 1585 viri
1435 1530 1591 1586 ﬁlios
1614 1534 1997 1602 procreantes
2030 1530 2197 1585 femi-

546 1636 657 1676 nas
675 1620 1109 1677 circumscribit
1126 1620 1495 1692 deceptionis
1522 1620 1901 1683 solutionem,
1934 1617 2039 1673 sed
2064 1623 2115 1674 et
2136 1620 2193 1673 in

2314 459 2427 511 ϐεια
2478 467 2574 511 τῶν
2630 454 2933 510 σπουδαίων
2990 458 3149 529 ἔργων
3217 464 3305 511 καὶ
3358 462 3769 534 κατορθωμάτων
3827 466 3911 514 τὸν

2313 548 2463 622 ὀρθὸν
2512 546 2844 599 συλλαϐοῦσα
2890 545 3036 617 λόγον
3090 552 3183 605 τὴν
3236 544 3327 600 διὰ
3377 552 3618 621 καθαρῶν
3663 554 3750 601 καὶ
3788 552 3912 622 ἀμο-

2308 636 2501 687 λύντων
2555 632 2754 687 ὠδίνων
2803 633 3211 707 ἀποτικτομένην
3266 642 3356 689 xui
3408 640 3473 698 ὡς
3527 636 3726 699 ἀληθῶς
3778 639 3913 711 εὐγε-

2308 728 2556 783 νεστάτην
2586 724 2835 781 πληθύνει
2863 730 3035 795 γονὴν,
3088 721 3161 776 δι’
3206 726 3236 783 ἧ
3249 746 3269 787 ς
3306 726 3442 779 ἅπαν
3492 725 3819 779 ἀνακαλεῖται
3855 732 3911 779 τὸ

2311 817 2513 886 φθάσαν
2562 813 2847 885 ἐλάττωμα.
2906 820 2989 882 Τῷ
3040 816 3147 865 ὄντι
3196 819 3283 866 καὶ
3337 817 3391 866 αἱ
3434 819 3680 877 τοιαύτας
3725 812 3913 876 ὠδῖνας

2307 903 2528 955 λύουσαι
2558 911 2628 973 τῷ
2659 907 2794 973 τόκῳ
2837 902 3049 962 πολλοὺς
3080 904 3221 963 υἱοὺς
3259 901 3599 956 ἐτεκνώσαντο
3628 909 3719 955 xui
3752 906 3912 976 θυγα-

2308 997 2458 1065 τέρας
2491 1010 2503 1021 '
2533 992 2651 1043 καθ’
2682 991 2741 1049 ἣν
2772 992 3036 1043 υἱοθεσίαν
3066 996 3377 1062 γινώσκεται
3426 998 3511 1045 καὶ
3546 995 3575 1051 ἠ
3627 1000 3807 1065 στεῖρα
3835 998 3912 1046 τί-

2307 1100 2507 1132 κτουσα
2538 1081 2687 1146 ἑπτὰ,
2732 1086 2821 1133 καὶ
2871 1085 2965 1138 τὴν
2994 1079 3184 1138 πολλὴν
3215 1080 3263 1132 ἐν
3294 1086 3486 1143 τέκνοις
3525 1078 3913 1156 παρευδοκιμή-

2310 1190 2452 1223 σασα
2484 1190 2495 1203 ·
2537 1171 2693 1222 αὗται
2740 1174 2829 1221 καὶ
2873 1174 2931 1221 τὸ
2964 1185 2975 1198 ·
3009 1190 3038 1217 ‹‹
3072 1169 3401 1227 Πληθύνεσθε
3430 1176 3519 1223 καὶ
3553 1171 3856 1237 αύξάνεσθε,
3882 1192 3909 1223 ι)

2309 1262 2735 1333 θεοπρέπεστερόν
2783 1277 2835 1310 τε
2882 1262 2970 1309 καὶ
3023 1257 3328 1332 οἰκειότερον
3380 1259 3453 1320 είς
3483 1260 3667 1320 ἑαυτὰς
3699 1265 3907 1332 μεταφέ-

2304 1368 2514 1422 ρουσαι,
2548 1353 2640 1405 τήν
2664 1351 2980 1404 Δεσποτικήν
3007 1346 3055 1397 ἐν
3084 1346 3293 1409 ἑαυταῖς
3317 1344 3645 1401 δεικνύουσιν
3672 1348 3909 1407 εὐθηνου-

2304 1442 2457 1510 μένην
2486 1437 2718 1508 εὐλογίαν
2750 1453 2760 1464 ·
2786 1437 2816 1492 ἡ
2840 1437 3056 1493 τοιαύτη
3085 1442 3383 1507 τεκνογονία
3411 1439 3504 1488 οὐκ
3535 1438 3603 1498 εἰς
3626 1442 3789 1509 μόνας
3820 1441 3907 1500 τὰς

2303 1526 2356 1588 ἐξ
2407 1525 2606 1593 ὁμιλίας
2661 1521 2851 1599 ἀνδρὸς
2901 1520 3247 1586 παιδοποιούς
3303 1533 3557 1596 γυναῖκας
3605 1529 3906 1599 περιγράφει

2302 1622 2391 1673 τῆς
2447 1613 2651 1674 ἀπάτης
2707 1617 2799 1671 τὴν
2846 1609 3109 1683 διάλυσιν,
3167 1611 3295 1665 ἀλλὰ
3345 1620 3435 1666 καὶ
3484 1614 3554 1676 εἰς
3609 1617 3709 1677 τὰς
3758 1615 3907 1676 ἄλλας

546 1710 696 1766 alias
736 1709 1012 1765 mulieres
1052 1713 1107 1763 et
1135 1709 1463 1779 praesertim
1504 1708 1758 1778 virgines
1798 1708 2078 1764 transfert
2110 1724 2196 1765 er-

2304 1711 2402 1754 τῶν
2456 1711 2713 1773 γυναικῶν
2768 1706 2858 1753 καὶ
2905 1701 3137 1773 μάλιστα
3191 1705 3281 1764 τὰς
3329 1705 3613 1776 παρθένους
3668 1700 3906 1757 διαϐιϐά-

545 1798 697 1854 roris
711 1798 1131 1853 correctionem
1152 1816 1165 1863 ;
1183 1797 1490 1853 salvantur
1510 1797 1670 1852 enim
1686 1812 1895 1853 omnes
1913 1813 2018 1869 per
2042 1813 2194 1869 quas

544 1890 1039 1959 protoparentum
1070 1886 1396 1941 deminutio
1426 1886 1890 1942 distribuebatur
1916 1886 2016 1941 tali
2045 1886 2193 1941 ﬁlio-

544 1992 678 2031 rum
718 1974 1117 2044 generatione,
1160 1973 1522 2046 deceptionis
1560 1974 1822 2029 dedecus
1862 1978 1918 2029 et
1954 1975 2194 2045 pondus

545 2063 875 2136 splendidis
894 2063 1134 2133 justitiis
1164 2062 1425 2117 eluentes
1448 2067 1503 2117 et
1527 2063 1766 2135 proprio
1800 2068 1973 2135 partu
2005 2062 2195 2118 Eccle-

543 2153 645 2207 sia;
672 2151 826 2207 ﬁlios
851 2151 1311 2223 multiplicantes
1347 2168 1359 2217 ;
1390 2156 1445 2206 et
1470 2151 1589 2206 ﬁde
1614 2156 1671 2207 et
1696 2152 1981 2208 charitate
2005 2157 2060 2207 et
2091 2168 2196 2221 per

540 2240 924 2313 prudentiam
966 2240 1437 2296 sanctiﬁcatione
1468 2239 1772 2296 illustrataa
1802 2241 1862 2295 in
1890 2241 2053 2297 caelis
2095 2244 2197 2297 Pa-

541 2333 690 2386 trem
706 2329 1036 2399 gloriﬁcare
1051 2329 1609 2401 ipsasinspicientes
1628 2335 1683 2385 et
1698 2330 2195 2401 pulchritudinem

541 2432 792 2490 operum
818 2418 1113 2474 intuentes
1146 2423 1487 2490 procurant.
1519 2418 1636 2473 Sed
1666 2419 1826 2473 enim
1848 2418 1931 2473 sic
1957 2419 2194 2490 quidem

542 2506 636 2562 isti
663 2522 784 2562 non
823 2506 1031 2573 viliter,
1063 2506 1295 2578 opinor,
1332 2508 1408 2563 ad
1440 2506 1908 2578 speculationem
1938 2507 2194 2563 litteram

542 2594 926 2651 attrahentes.

614 2770 726 2826 Alii
746 2786 881 2827 vero
912 2770 1165 2828 ﬁliorum
1198 2773 1643 2843 generationem
1665 2776 1956 2831 sacratius
1988 2780 2045 2832 et
2077 2777 2196 2833 Deo

544 2859 989 2915 convenientius
1030 2875 1104 2915 ex
1148 2861 1379 2932 Virgine
1430 2860 1750 2918 Salvatoris
1800 2864 1985 2919 nostri
2024 2880 2195 2921 sacro

545 2963 811 3004 sermone
825 2948 1026 3003 dicunt
1042 2949 1478 3021 generationem
1498 2967 1511 3016 ;
1532 2966 1636 3022 per
1647 2967 1823 3023 quam
1836 2952 2086 3008 ﬁliorum
2103 2969 2198 3024 ge-

542 3037 915 3093 nerationem
932 3053 1053 3093 non
1074 3038 1394 3095 mulierum
1410 3045 1627 3095 natura
1649 3040 1841 3096 solum
1867 3040 2195 3112 gloriﬁcata

542 3132 633 3181 est
653 3130 711 3181 et
726 3142 761 3182 a
781 3126 1130 3199 deceptione
1148 3127 1409 3183 dedecus
1431 3133 1486 3184 et
1504 3130 2071 3187 condemnationem
2092 3132 2194 3187 ab-

545 3216 755 3281 stersit,
783 3216 965 3271 ﬁdem
992 3222 1048 3271 et
1075 3217 1427 3273 charitatem
1454 3222 1510 3273 et
1534 3219 2071 3276 sanctiﬁcationem
2087 3220 2193 3293 qui

544 3308 633 3358 est
660 3302 885 3360 fructus
923 3304 1255 3376 prudentiae
1298 3310 1616 3371 sectantes,
1659 3308 1760 3363 sed
1796 3312 1855 3363 et
1892 3324 2081 3378 genus
2112 3322 2195 3365 to-

543 3397 671 3447 tum
706 3394 965 3464 propriis
994 3400 1051 3449 et
1082 3395 1429 3451 voluntariis
1469 3398 1647 3466 geniti
1688 3399 2069 3468 passionibus
2108 3415 2195 3455 re-

543 3486 820 3536 vocatum
848 3487 934 3537 est
963 3498 998 3538 a
1019 3482 1193 3553 lapsu
1224 3489 1280 3538 et
1303 3484 1489 3539 multo
1515 3484 1808 3541 diviniore
1838 3504 2023 3557 quam
2057 3494 2192 3543 ante

541 3570 937 3641 praecipitium
961 3577 1116 3627 sorte
1135 3572 1319 3641 digna
1339 3572 1546 3628 habita
1567 3579 1653 3629 est
1682 3580 1738 3629 et
1768 3575 2061 3631 fruitione.
2093 3578 2191 3631 Vis

542 3664 744 3715 autem
778 3660 970 3730 magis
1001 3659 1227 3716 discere
1256 3663 1562 3733 quomodo
1586 3662 1953 3735 deceptionis
1984 3666 2195 3723 mulier

540 3762 647 3818 per
661 3747 883 3803 dictam
904 3748 1164 3804 ﬁliorum
1186 3750 1627 3818 generationem
1643 3754 2192 3810 condemnationem

539 3836 764 3907 effugit,
797 3841 853 3891 et
879 3837 1106 3893 donum
1134 3839 1361 3909 accepit
1382 3840 1755 3895 remissionis
1774 3842 1982 3913 ‘Iprius
2010 3849 2193 3901 emol-

539 3924 656 3981 litaa
695 3925 765 3981 ad
807 3926 1094 3998 serpentis
1148 3926 1416 3997 linguam
1474 3929 1810 3985 sibilantem
1860 3948 2029 3989 sacra
2081 3934 2192 3991 hac

538 4022 593 4070 et
632 4029 791 4070 nova
821 4030 953 4070 vere
990 4016 1105 4070 sub
1144 4016 1294 4072 caelo
1334 4016 1595 4073 ﬁliorum
1630 4020 2010 4088 generatione
2052 4039 2189 4093 pro-

536 4118 746 4173 gressa
776 4108 1166 4175 tyrannorum
1196 4105 1417 4175 linguis
1450 4123 1511 4161 se
1540 4114 1909 4179 Opponentes
1937 4113 2190 4168 oratorie

534 4192 889 4248 docentibus
921 4191 1289 4264 impietatem
1318 4212 1336 4258 ;
1363 4198 1418 4249 et
1453 4196 1651 4266 poenis
1678 4213 1799 4252 non
1832 4198 2027 4254 solum
2060 4201 2190 4256 visu

534 4296 730 4353 neque
769 4286 1031 4352 expertu,
1079 4283 1180 4337 sed
1220 4287 1277 4337 et
1321 4283 1480 4339 dictu
1526 4285 2012 4343 horrendissimis
2044 4289 2188 4346 laeta

533 4376 589 4426 et
616 4369 953 4440 gloriantes,
978 4370 1039 4425 in
1062 4371 1264 4426 multis
1297 4388 1455 4445 saepe
1485 4388 1603 4429 non
1640 4374 1900 4431 minores
1935 4378 2190 4434 homini-

531 4458 647 4513 bus
684 4458 856 4514 luctis
896 4462 955 4513 et
996 4461 1421 4515 certaminibus
1473 4462 1873 4519 excelluerunt
1914 4480 1928 4531 ;
1970 4472 2025 4521 et
2063 4482 2185 4524 non

531 4546 854 4602 mulierum
886 4546 1082 4603 solum
1109 4550 1213 4604 sed
1239 4553 1296 4605 et
1325 4550 1589 4606 virorum
1624 4553 1757 4607 visa:
1790 4560 1925 4609 sunt
1952 4556 2183 4626 pietatis

533 4636 837 4705 magistrae
859 4641 916 4692 et
942 4651 1051 4708 pro
1078 4638 1306 4694 Christo
1323 4639 1536 4695 acerba
1562 4640 1852 4712 supplicia
1884 4648 1939 4698 et
1964 4651 2184 4701 mortes

532 4728 589 4779 et
630 4724 1068 4781 immolationes
1110 4741 1402 4796 generoso
1449 4733 1505 4783 et
1543 4727 1900 4789 inconcusso
1942 4736 1998 4788 et
2044 4732 2182 4791 laeto

534 4812 944 4870 sustinuerunt
977 4815 1201 4871 animo.

874 5062 1190 5127 QUESTIO
1229 5063 1425 5119 LXXIII
1471 5062 1583 5136 [αι.
1632 5065 1852 5140 LXXII].

512 5148 816 5222 Quomodo
831 5150 1219 5220 intelligenda
1231 5152 1346 5206 sint
1362 5152 1539 5209 verba
1555 5153 1723 5220 ίιία,‹‹
1741 5156 1853 5222 Qui
1864 5159 2181 5217 manduca-

604 5221 749 5277 uerit
778 5221 935 5276 hunc
952 5238 1165 5302 panem
1199 5232 1251 5278 et
1285 5224 1489 5302 oiberit
1512 5228 1747 5302 calicem
1761 5221 2006 5302 ’Qomini
2032 5233 2182 5288 indi-

598 5307 732 5419 gnle,
766 5307 901 5348 reus
928 5296 1038 5348 erit
1061 5296 1327 5363 corporis
1355 5302 1410 5351 et
1430 5300 1741 5367 sanguinis
1771 5300 2027 5368 Domini,
2064 5326 2091 5353 »
2125 5312 2178 5361 et

600 5379 663 5420 re
696 5379 827 5436 zqua

2304 1792 2382 1852 ζει
2437 1800 2527 1843 τοῦ
2584 1791 2879 1863 σφάλματος
2930 1798 3023 1849 τήν
3083 1787 3367 1865 διόρθωσιν
3420 1808 3431 1820 ’

2302 1887 2437 1932 πᾶσι
2502 1882 2619 1933 καθ’
2694 1880 2761 1930 ὧν
2828 1883 2885 1931 τὸ
2939 1883 3245 1951 προγονικὸν
3320 1878 3589 1952 έλάττωμα
3645 1881 3904 1955 ἐπενέμετο

2306 1964 2399 2022 διὰ
2445 1978 2539 2030 τῆς
2594 1973 2841 2029 τοιαύτης
2880 1973 3228 2039 τεκνογονίας,
3261 1972 3318 2020 τὸ
3348 1978 3438 2029 τῆς
3484 1968 3691 2034 ἀπάτης
3723 1969 3906 2045 αἶσχος

2304 2066 2389 2112 xui
2446 2060 2613 2129 ἄχθος
2676 2057 2933 2130 λαμπροῖς
2986 2054 3213 2119 δικαίοις
3282 2056 3769 2132 ἀποσκευαζόμεναι
3822 2066 3904 2112 xui

3499 1798 3762 1853 σώζονται
3808 1797 3902 1869 γὰρ

2304 2157 2376 2219 τῷ
2434 2152 2605 2218 οικείῳ
2658 2151 2792 2217 τόκῳ
2841 2155 2936 2207 τῆς
2982 2146 3297 2207 Ἐκκλησίας
3334 2150 3400 2199 τὰ
3433 2151 3585 2200 τέκνα
3620 2148 3904 2207 πληθύνουο

2308 2258 2399 2291 σαι
2431 2254 2443 2266 ·
2473 2241 2562 2288 καὶ
2592 2244 2654 2308 τῇ
2687 2240 2863 2287 πίστει
2892 2239 2981 2287 καὶ
3012 2233 3187 2307 ἀγάπῃ
3222 2240 3310 2287 καὶ
3349 2245 3421 2306 τῷ
3451 2233 3546 2289 διὰ
3585 2245 3683 2299 τῆς
3714 2258 3902 2312 σωφρο-

2309 2330 2468 2386 σύνης
2523 2325 2770 2395 ἁγιασμῷ
2816 2323 3237 2396 λαμπρυνόμεναι
3288 2328 3375 2376 τὸν
3422 2326 3473 2377 έν
3522 2330 3764 2398 οὐρανοῖς
3806 2335 3903 2380 Πα-

2304 2418 2428 2487 τέρα
2480 2411 2717 2475 δοξάζειν
2762 2417 2877 2473 τοὺς
2926 2413 2998 2474 εἰς
3049 2414 3211 2473 αὐτὰς
3257 2414 3483 2486 ὁρῶντας
3523 2420 3609 2468 xui
3654 2421 3751 2475 τὴν
3789 2417 3899 2468 καλ-

2304 2501 2454 2559 λονήν
2505 2510 2602 2553 τῶν
2658 2503 2817 2575 ἔργων
2886 2498 3309 2563 ἀνασκοποῦντας
3361 2506 3854 2577 παρασκευάζουσιν
3884 2522 3895 2533 ·

2307 2590 2434 2642 ἀλλὰ
2483 2592 2584 2662 γὰρ
2637 2590 2772 2641 οῦτω
2818 2590 2908 2659 μεν
2964 2589 3105 2642 οὗτοι
3159 2590 3219 2641 οῦ
3274 2590 3498 2663 φαύλως,
3556 2591 3725 2665 οἶμαι,
3784 2597 3900 2666 πρὸς

2307 2682 2514 2751 θεωρίαν
2545 2682 2602 2730 τὸ
2622 2680 2839 2750 γράμμα
2867 2676 3178 2740 ἀνέλκοντες.

2378 2770 2443 2819 Oi
2499 2764 2559 2818 δὲ
2610 2772 2933 2837 τεκνογονίαν
2988 2769 3251 2840 ἱερώτερον
3313 2787 3368 2819 τε
3423 2772 3510 2821 xui
3554 2771 3899 2844 θεοπρεπέστε-

2305 2874 2393 2928 ρον
2442 2861 2537 2913 τὴν
2586 2854 2642 2906 ἐκ
2682 2864 2777 2917 τῆς
2827 2858 3088 2926 Παρθένου
3139 2863 3232 2907 τοῦ
3289 2863 3527 2929 Σωτῆρος
3583 2860 3731 2930 ἡμῶν
3781 2861 3902 2933 ἱερο-

2304 2942 2520 3014 λογοῦσι
2566 2948 2805 3015 γέννησιν
2841 2962 2851 2972 ·
2885 2941 2957 2996 δι’
3010 2946 3072 3006 ἧς
3124 2951 3449 3016 τεκνογονίας
3494 2946 3553 2998 ού
3603 2956 3704 2999 τῶν
3734 2968 3901 3019 γυναι-

2235 3074 2277 3131 c
2308 3041 2410 3083 κῶν
2438 3036 2465 3091 ἡ
2501 3036 2651 3095 φύσις
2697 3038 2849 3105 μόνον
2906 3030 3167 3096 ἐδοξάσθη
3216 3039 3302 3085 xui
3329 3040 3421 3093 τὴν
3460 3034 3562 3089 ἀπὸ
3592 3046 3686 3097 τῆς
3714 3037 3903 3097 ἀπάτης

2216 4422 2265 4479 D

2305 3120 2452 3191 ὕϐριν
2522 3127 2613 3173 καὶ
2683 3125 3010 3192 κατάγνωσιν
3088 3123 3505 3192 ἀπεσκευάσατο,
3580 3130 3758 3179 πίστιν
3823 3129 3902 3176 xui

2304 3208 2510 3281 ἀγάπην
2566 3216 2655 3263 καὶ
2686 3210 2967 3284 ἁγιασμόν,
3014 3213 3069 3273 ὃς
3116 3211 3230 3264 ἐστι
3277 3217 3471 3288 καρπὸς
3512 3222 3606 3275 τῆς
3638 3216 3903 3290 σωφροσύ-

2302 3319 2389 3359 νης
2450 3305 2847 3372 μετερχόμεναι,
2908 3300 3035 3352 ἀλλὰ
3086 3306 3175 3352 xui
3234 3305 3292 3353 τὸ
3345 3306 3492 3372 γένος
3540 3304 3654 3356 ὅλον
3709 3305 3899 3364 οἰκείοις

2302 3393 2391 3440 καὶ
2453 3388 2712 3450 ἑκουσίοις
2788 3397 2879 3441 τοῦ
2946 3392 3219 3461 τεχθέντος
3284 3393 3593 3463 παθήμασιν
3661 3392 3893 3452 ἀνεκλήθη

2301 3485 2392 3528 τοῦ
2441 3482 2719 3549 πτώματος
2766 3482 2855 3529 καὶ
2906 3477 3074 3548 πολλῷ
3134 3480 3392 3552 θειοτέρας
3431 3482 3460 3539 ἦ
3499 3485 3599 3554 πρὸ
3648 3489 3738 3533 τοῦ
3783 3498 3893 3531 κατ-

2303 3568 2578 3637 ενεχθῆναι
2644 3566 2836 3628 λήξεως
2908 3567 3207 3629 κατηξιώθη
3273 3574 3359 3620 xui
3407 3566 3760 3629 ἀπολαύσεως.
3810 3572 3893 3621 Θέ·

2302 3653 2404 3716 λεις
2475 3651 2535 3706 δὲ
2599 3655 2788 3726 μᾶλλον
2859 3658 3173 3727 καταμαθεῖν
3247 3658 3384 3719 ὅπως
3449 3666 3547 3721 τῆς
3611 3658 3808 3719 ἀπάτης
3861 3660 3886 3714 ἡ

2299 3748 2429 3815 γυνὴ
2483 3740 2575 3796 διὰ
2627 3752 2721 3806 τῆς
2774 3744 3046 3817 εἰρημένης
3098 3750 3417 3817 τεκνογονίας
3463 3752 3558 3806 τήν
3611 3746 3766 3807 δίκην
3820 3743 3890 3799 δι-

2302 3836 2473 3903 έφυγε,
2530 3838 2619 3884 καὶ
2671 3837 2728 3884 τό
2784 3829 2951 3907 δῶρον
3003 3833 3148 3886 ἔλαϐε
3199 3843 3288 3894 τῆς
3346 3834 3619 3907 ἀφέσεωςς
3667 3840 3729 3891 Δί
3782 3841 3887 3907 πρὶν

2300 3920 2706 3991 μαλακισθεῖσαι
2775 3926 2900 3996 πρὸς
2969 3926 3063 3980 τὴν
3132 3930 3224 3975 τοῦ
3293 3927 3451 3995 ὄφεως
3518 3925 3760 3997 γλῶσσαν
3811 3924 3887 3995 ψι-

2304 4010 2622 4081 θυρίζουσαν
2715 4018 2813 4072 τῆς
2907 4013 3045 4073 ἱερᾶς
3132 4014 3328 4074 ταύτης
3407 4018 3497 4065 xui
3575 4023 3754 4075 καινῆς
3828 4016 3888 4074 ὡς

2300 4096 2503 4159 ἀληθῶς
2582 4100 2680 4151 ὑπὸ
2761 4102 2849 4151 τὸν
2918 4100 3060 4158 ἣλιον
3127 4106 3453 4172 τεκνογονίας
3526 4103 3883 4177 προελθούσης,

2298 4189 2555 4261 τυράννων
2654 4187 2924 4258 γλώσσαις
3027 4190 3479 4243 ἀντικαταστᾶσαι
3586 4193 3653 4266 ῥη
3663 4194 3884 4267 τορευού-

2300 4295 2417 4337 σαις
2498 4280 2585 4335 τήν
2667 4276 2903 4329 ἀσέϐειαν
2940 4295 2952 4306 ·
2986 4283 3075 4331 xui
3140 4288 3327 4331 ποινών
3393 4280 3452 4332 οῦ
3530 4286 3685 4353 μόνον
3770 4277 3884 4333 ἰδεῖν

2301 4362 2415 4416 οὐδ’
2471 4365 2542 4426 εἰς
2592 4372 2767 4439 πεῖραν
2815 4365 2995 4437 ἐλθεῖν,
3048 4366 3177 4419 ἀλλά
3220 4373 3308 4420 καὶ
3356 4368 3511 4421 εἰπεῖν
3543 4366 3883 4444 φρικωδεστά-

2296 4473 2415 4517 των,
2484 4457 3021 4526 κατευμεγεθήσασαι,
3098 4454 3146 4508 έν
3216 4456 3423 4519 πολλοῖς
3496 4458 3739 4520 πολλάκις
3800 4458 3882 4509 οὐκ

2296 4540 2535 4604 ἐλάττους
2583 4552 2681 4595 τῶν
2730 4542 2931 4616 ἀνδρῶν
2974 4546 3093 4605 τούς
3150 4544 3340 4608 ἄθλους
3398 4550 3487 4599 καὶ
3535 4551 3655 4609 τοὺς
3703 4547 3881 4620 ἀγῶνας

2296 4627 2575 4703 διήνεγκαν
2604 4649 2616 4661 ⁸
2645 4637 2736 4684 καὶ
2783 4633 2841 4684 οῦ
2888 4641 3148 4704 γυναικῶν
3195 4638 3347 4706 μόνον
3396 4634 3523 4688 ἀλλὰ
3567 4642 3657 4690 καὶ
3694 4633 3879 4710 ἀνδρῶν

2294 4722 2541 4791 ὤφθησαν
2594 4730 2688 4783 τῆς
2755 4721 3011 4782 εὐσεϐείας
3077 4720 3417 4790 διδάσκαλοι,
3475 4730 3565 4777 xui
3632 4728 3717 4786 τὰς
3766 4727 3876 4796 ὑπὲρ

2294 4816 2525 4881 Χριστοῦ
2565 4812 2755 4885 πικρὰς
2799 4816 3052 4883 τιμωρίας
3103 4816 3193 4864 καὶ
3222 4816 3338 4874 τοὺς
3388 4816 3637 4876 θανάτους
3681 4817 3876 4873 καὶτὰς

2296 4901 2501 4970 σφαγὰς
2552 4904 2765 4972 γενναίῳ
2839 4906 2926 4953 xui
2978 4900 3361 4976 ἀκαταπλήκτῳ
3422 4908 3512 4957 xui
3567 4904 3877 4979 εὐφραινομέ-

2292 5008 2359 5059 νῳ
2391 4990 2695 5048 ὑπέστησαν
2719 4998 2789 5061 τῷ
2818 4996 3123 5065 φρονήματι.

2852 5086 3169 5134 ΕΡΩΤΗΣΙΣ
3208 5082 3328 5139 ΟΓ’.

2294 5173 2411 5227 Πῶς
2472 5171 2677 5225 νοητέον
2742 5170 2821 5235 τὸ,
2876 5191 2903 5218 ‹‹
2957 5168 3052 5229 ⁸ος
3090 5167 3148 5220 ἃν
3206 5168 3355 5243 έσθίη
3417 5172 3502 5222 τὸν
3561 5172 3713 5245 οῖρτὸν
3775 5174 3874 5221 τοῦο

2362 5258 2467 5315 τον,
2534 5244 2627 5315 xui
2683 5244 2803 5313 πίνη
2862 5244 2919 5292 τὸ
2978 5246 3224 5313 ποτήριον
3272 5241 3364 5294 τοῦ
3418 5241 3609 5315 Κυρίου
3654 5241 3872 5304 ἀναξίως,

2362 5313 2543 5381 ἔνοχος
2602 5313 2751 5362 ἔσται
2803 5317 3189 5389 τοῦ-κσωματος
3246 5319 3336 5366 καὶ
3390 5313 3503 5366 τοῦ
3534 5316 3746 5389 αἵματος
3797 5316 3875 5362 τοῦ

2368 5386 2584 5456 Κῡρίου,
2620 5405 2647 5432 ››
2681 5387 2771 5435 xui
2801 5385 2867 5436 τά
2904 5382 3041 5445 ἑξῆςζ

1404 5499 1554 5549 Edita
1580 5514 1611 5549 a
1630 5502 1780 5560 Maio,
1808 5503 1935 5555 Νου.
1967 5506 2101 5561 Coll.
2132 5514 2167 5560 t.
2201 5511 2238 5570 Ι,
2268 5527 2321 5576 p.
2352 5512 2579 5565 120-124.
2608 5514 2665 5564 In
2690 5514 2845 5566 ICor.
2872 5529 2943 5574 ιι,
2969 5517 3050 5566 27.

599 5625 649 5681 1.
714 5620 1005 5680 Dominici
1055 5620 1324 5695 corporis
1386 5624 1819 5699 sanguinisque
1880 5633 2168 5705 sumptio,

2353 5639 2422 5696 u’.
2465 5639 2523 5691 Ἠ
2566 5639 2853 5713 μετάληψις
2908 5648 3001 5695 τοῦ
3031 5648 3357 5696 Δεσποτικοῦ
3401 5647 3635 5717 σώματος
3671 5644 3756 5696 xui
3799 5644 3866 5691 αῖ·

3807 240 3922 305 452

4058 3690 4068 3919 1

4057 4170 4059 4267 l

4054 4290 4057 4458 λ
