4140 6198
119 278 228 337 433

1177 280 1272 334 AD
1314 277 1856 336 AMPHILOCHIUM
1899 277 2221 346 QUAZSTIO
2263 277 2452 333 LXXI.
3396 284 3499 337 εει

122 423 295 477 ματος
323 407 480 475 τροφή
516 421 592 462 τις
621 399 756 456 οὖσα
784 407 935 477 νοερὰ
962 409 1050 458 καὶ
1089 407 1182 467 τὰς
1222 405 1460 476 ψυχικὰς
1491 403 1738 477 δυνάμεις

1876 422 1979 478 [ηδε
2011 411 2095 460 est
2130 403 2539 459 intellectualis
2574 406 2856 475 quaedam
2885 410 3066 478 atque
3103 406 3316 462 animae
3348 407 3500 482 vires

125 493 547 566 ἀναρωννύουσα,
602 491 709 545 ἐπεὶ
757 502 829 563 τῷ
878 493 932 545 ἐκ
979 494 1162 566 ψυχῆς
1208 499 1294 546 καὶ
1344 500 1579 566 σώματος
1622 514 1739 546 συν-

127 590 320 634 εστῶτι
369 585 718 655 προσφέρεται
786 585 922 653 ζώῳ,
992 581 1040 634 ἐν
1112 592 1382 656 σωματικῇ
1435 583 1592 656 ούσίᾳ
1651 588 1740 636 καὶ

127 671 264 729 αὑτή
311 673 402 728 τὴν
450 675 802 742 πνευματικὴν
849 673 1011 744 χάριν
1057 677 1146 724 καὶ
1191 677 1276 724 τὸν
1317 673 1576 745 ἁγιασμόν
1605 693 1742 747 παρ-

129 766 245 831 έχει
277 779 290 791 ·
323 761 434 812 ὅθεν
475 757 569 812 διὰ
614 768 704 812 τοῦ
756 765 1015 833 στόματος
1057 761 1125 822 εἰς
1174 766 1295 824 τοὺς
1332 768 1622 832 μυστικοὺς
1655 765 1741 816 θα·

129 850 331 921 λάμους
380 858 470 909 τῆς
522 851 720 918 φύσεως
780 857 1059 915 προϊοῦσα,
1113 850 1178 911 εἰς
1233 851 1344 903 ὅλον
1401 855 1490 923 μεν
1547 853 1740 904 οἰκονοο

132 945 330 1010 μεῖται,
374 942 462 988 καὶ
511 936 625 989 ὅλον
665 939 977 1008 καθαγιάζει
1022 941 1080 990 τὸ
1123 938 1274 1005 ζῶον,
1325 939 1515 1011 μᾶλλον
1567 937 1624 993 δὲ
1673 941 1743 1001 εἰς

135 1026 301 1083 αὑτὴν
331 1029 426 1083 τὴν
469 1024 656 1096 ψυχὴν
705 1031 794 1078 καὶ
840 1031 927 1078 τόν
967 1034 1082 1079 νοῦν
1115 1034 1210 1087 τῆς
1253 1029 1475 1101 χάριτος
1521 1033 1608 1080 καὶ
1653 1037 1743 1080 τοῦ

135 1115 468 1185 ἁγιάσματος
525 1109 955 1184 ἐπιδαψιλεῦεται
1009 1119 1102 1172 τὴν
1154 1113 1402 1188 ἐνέργειαν
1437 1133 1449 1145 ·
1483 1121 1593 1190 χρὴ
1640 1123 1742 1169 τοί-

133 1223 221 1254 νυν
278 1206 403 1264 τοὺς
453 1200 727 1254 ἀπολαύειν
775 1203 1054 1275 μέλλοντας
1100 1211 1193 1264 τῆς
1245 1205 1382 1279 ἱερᾶς
1433 1208 1622 1267 ταύτης
1657 1211 1746 1259 καὶ

135 1297 308 1364 νοερᾶς
355 1299 571 1364 τροφῆς,
631 1297 702 1364 μὴ
760 1291 958 1362 ἀγνοεῖν
1005 1297 1083 1353 τίς
1136 1292 1277 1344 ἐστιν
1321 1295 1351 1351 ἡ
1403 1290 1620 1366 δύναμις
1659 1295 1747 1346 αύ-

136 1387 248 1444 τῆς,
312 1384 405 1432 καὶ
452 1384 532 1440 τίς
573 1381 602 1437 ἠ
658 1382 828 1432 πάντα
883 1389 999 1432 νοῦν
1062 1383 1396 1454 ὑπερέχουσα
1453 1379 1524 1435 δι’
1586 1384 1747 1442 αὑτὴν

138 1472 473 1541 παρεχομένη
508 1468 781 1541 εὑεργεσία
816 1475 906 1522 καὶ
940 1467 1112 1542 δωρέα
1139 1490 1151 1502 ⁸
1187 1472 1292 1522 οἷον
1333 1475 1400 1532 ὡς
1441 1480 1750 1545 προαιωνιος

141 1563 324 1628 Λόγος,
361 1559 388 1609 ὁ
427 1556 475 1608 ἐν
509 1556 652 1630 ἀρχῇ
689 1562 776 1624 ὧν,
809 1564 897 1611 καὶ
941 1563 1066 1632 πρὸς
1095 1563 1181 1611 τὸν
1223 1563 1350 1612 Θεὸν
1391 1565 1476 1626 ῶν,
1508 1567 1596 1613 καὶ
1628 1566 1749 1624 Θεὸς

142 1651 205 1697 ῶν
239 1666 252 1678 ο
288 1646 437 1706 οὗτος
467 1647 493 1698 ὀ
524 1655 616 1706 τῆς
649 1650 848 1718 φύσεως
892 1649 1036 1721 ἡμῶν
1085 1644 1412 1720 δημιουργὸς
1461 1650 1518 1700 ἐκ
1564 1651 1752 1721 παρθε-

1846 494 2120 550 reﬁciens
2149 493 2452 558 alimonia,
2481 495 2974 568 quandoquidem
3000 495 3311 561 animanti,
3337 494 3504 567 quod

1849 599 2096 656 corpore
2129 583 2452 653 animaque
2497 587 2751 649 constat,
2786 584 3112 657 praebetur;
3141 583 3361 640 idcirco
3400 598 3506 656 per

1849 688 2198 745 corpoream
2215 671 2611 727 substantiam
2634 672 2764 744 ipsa
2777 689 3020 746 quoque
3039 673 3360 746 spiritalem
3378 689 3508 744 gra-

1850 764 1991 817 tiam
2024 766 2079 816 et
2109 760 2640 816 sanctificationem
2673 764 2912 819 confert.
2963 765 3156 828 Quare
3197 777 3298 833 per
3344 777 3407 816 os
3439 763 3499 817 in

1851 850 2094 922 mystica
2126 855 2355 905 naturae
2385 849 2668 907 humanm
2701 852 3008 908 conclavia
3035 850 3511 924 permeans,uni-

1851 955 2090 996 versum
2143 941 2289 994 bene
2338 938 2608 1010 disponit
2660 945 2839 1012 atque
2889 941 3218 996 sanctiﬁcat
3265 938 3510 1004 animal,

1850 1030 2146 1101 praecipue
2174 1034 2376 1082 tamen
2405 1029 2616 1084 anima:
2643 1045 2712 1084 ac
2735 1030 2916 1084 menti
2953 1030 3154 1100 gratiae
3191 1029 3512 1084 sanctimo-

1853 1118 2081 1190 niaeque
2125 1116 2440 1172 liberaliter
2482 1116 2605 1172 vim
2648 1118 3004 1189 suppeditat.
3041 1122 3238 1189 Itaque
3284 1121 3515 1188 Oportet

1855 1221 1976 1271 eos,
2007 1205 2102 1277 qui
2132 1205 2242 1259 hoc
2289 1221 2457 1260 sacro
2501 1205 2868 1278 spiritalique
2917 1206 3050 1262 cibo
3093 1206 3321 1260 fruituri
3354 1211 3511 1270 sunt,

1855 1293 2102 1349 minime
2133 1293 2363 1348 nescire
2391 1309 2668 1365 quasnam
2701 1297 2830 1364 ejus
2857 1294 2930 1348 sit
2964 1295 3167 1358 virtus,
3203 1293 3290 1347 vel
3323 1292 3512 1364 quod-

1856 1397 1997 1436 nam
2030 1380 2106 1435 ab
2133 1396 2204 1435 eo
2233 1381 2570 1435 conferatur
2597 1380 2946 1436 beneﬁcium
2976 1398 3043 1437 ac
3065 1382 3317 1447 donum,
3346 1380 3512 1452 quod

1857 1485 1994 1524 sane
2037 1469 2128 1523 vix
2175 1468 2291 1523 ulla
2330 1475 2522 1523 mente
2571 1470 2998 1542 comprehendi
3033 1475 3270 1543 potest:
3300 1484 3518 1540 nempe

1857 1557 2016 1631 quod
2039 1557 2236 1628 ipsum
2261 1558 2331 1612 sit
2352 1561 2488 1612 ante
2507 1557 2722 1614 saecula
2746 1551 3003 1614 existens
3043 1559 3324 1629 Verbum,
3355 1556 3519 1629 quod

1861 1652 1985 1702 erat
2006 1646 2062 1702 in
2089 1645 2402 1718 principio,
2435 1645 2594 1718 quod
2620 1647 2775 1719 apud
2809 1650 2987 1703 Deum
3011 1653 3158 1713 erat,
3185 1649 3340 1702 Deus
3369 1647 3519 1718 ipse.

141 1744 293 1786 νικῶν
342 1737 576 1807 αἱμάτων
633 1738 805 1808 σάρκα
863 1733 1253 1808 δανεισάμενος,
1305 1739 1330 1788 ὁ
1369 1737 1598 1789 πλουτῶν
1641 1739 1749 1790 θεο-

1876 1736 1964 1790 Ηἱο
2003 1739 2224 1790 nostrae
2273 1739 2500 1790 naturae
2534 1740 2743 1790 auctor
2791 1736 3058 1806 virgineo
3108 1737 3182 1792 de
3225 1736 3522 1803 sanguine

145 1844 296 1890 τητα,
351 1825 621 1898 ἄνθρωπος
660 1825 956 1887 κατηξίωσε
992 1831 1331 1897 χρηματίσαι
1372 1821 1440 1877 δι’
1470 1827 1629 1898 ἡμᾶς,
1664 1832 1753 1878 καὶ

147 1914 437 1971 ἐσκήνωσεν
481 1911 530 1964 ἕν
575 1915 700 1985 ἡμῖν
733 1930 745 1943 ⁸
788 1918 877 1965 καὶ
927 1914 952 1964 ὁ
996 1915 1251 1987 ὑπάρχων
1291 1913 1338 1965 ἐν
1381 1922 1551 1986 μορφῇ
1604 1919 1752 1978 Θεοῦ,

149 2006 353 2076 μορφὴν
400 2000 607 2054 ἀνέλαϐε
647 1998 856 2068 δούλου,
903 2001 1143 2076 ἑκατέρας
1195 2005 1398 2074 φύσεως
1439 2007 1554 2063 τοὺς
1604 2005 1758 2075 ὄρους

150 2089 196 2141 ἐν
235 2098 297 2162 τῇ
351 2090 514 2142 αὑτοῦ
561 2094 659 2161 μία
699 2091 988 2142 ὑποστάσει
1034 2089 1375 2162 ἀσυγχύτους
1423 2096 1512 2143 καὶ
1557 2089 1756 2163 ἀχωρί-

153 2197 305 2240 στους
373 2174 767 2250 διασωσάμενος
800 2196 812 2208 ⁸
883 2177 1121 2231 ἐκένωσεν
1203 2175 1291 2230 οὑν
1373 2179 1552 2231 ἑαυτὸν
1629 2180 1755 2253 ὑπὲρ

151 2269 295 2338 ἡμῶν
369 2265 653 2334 ἀκενώτως,
723 2273 811 2319 καὶ
877 2272 1098 2338 γεγονὼς
1176 2269 1351 2337 ὅμοιος
1417 2270 1542 2340 ἡμῖν
1625 2269 1760 2319 κατά

153 2357 313 2408 πάντα
381 2360 548 2428 χωρίς
618 2355 894 2429 ἁμαρτίας,
968 2357 1062 2407 οὑκ
1133 2356 1406 2430 εὐεργετῶν
1459 2361 1612 2428 μόνον
1668 2361 1757 2408 καὶ

155 2444 359 2516 ἰώμενος
415 2447 505 2504 τὰς
576 2443 844 2507 ἀσθενείας
899 2447 1045 2516 ἡμῶν
1122 2441 1423 2511 διετέλεσεν,
1480 2445 1607 2498 ἀλλά
1671 2451 1759 2498 καὶ

156 2531 625 2606 βλασφημοόμενος
693 2539 776 2586 κοὶ
833 2533 1304 2606 ἀχαριστούμενος,
1391 2532 1541 2587 οὐδὲν
1605 2537 1759 2593 ἧττον

155 2632 248 2675 τῶν
298 2624 432 2695 ὑπὲρ
475 2622 627 2693 λόγον
658 2619 864 2696 δωρεῶν
904 2628 996 2681 τὴν
1029 2622 1274 2695 ἀφθονίαν
1313 2623 1372 2675 ού
1415 2623 1755 2676 συνέστελλεν’

155 2717 238 2763 καὶ
283 2711 459 2784 ὕϐρεις
510 2716 601 2762 καὶ
652 2710 846 2782 χλεύην
889 2713 989 2763 ὑπὸ
1048 2720 1147 2763 τῶν
1201 2714 1629 2785 εύεργετουμένων
1672 2714 1760 2783 ὑφ·

160 2802 451 2873 ιστάμενος,
503 2807 598 2861 τῆς
649 2798 848 2871 ἀφάτου
894 2799 1278 2873 φιλανθρωπίας
1328 2801 1420 2852 οὑκ
1460 2800 1716 2872 ἀφίστατο
1745 2820 1758 2832 ·

161 2888 283 2941 ἀλλὰ
335 2894 431 2941 καὶ
490 2891 714 2962 σταυρὸν
779 2893 869 2941 καὶ
923 2891 1135 2942 θάνατον
1188 2893 1412 2960 ἤνεγκεν,
1468 2894 1602 2941 ὥστε
1650 2893 1765 2950 τοὺς

165 2977 423 3052 ὑϐριστὰς
473 2979 695 3031 θανάτου
743 2982 833 3029 καὶ
886 2980 1074 3053 φθορᾶς
1133 2976 1444 3045 ἀπαλλάξαι,
1499 2983 1586 3029 καὶ
1643 2982 1767 3052 πρὸς

1863 1839 2104 1880 carnem
2125 1823 2236 1878 sibi
2253 1823 2526 1894 adeptus,
2545 1823 2643 1895 qui
2663 1830 2787 1880 erat
2809 1825 3116 1880 divinitate
3134 1825 3322 1889 dives,
3342 1825 3523 1879 homo

1866 1913 1986 1968 fieri
2017 1917 2259 1984 propter
2301 1928 2407 1966 nos
2453 1912 2652 1978 voluit,
2708 1930 2778 1968 ac
2828 1914 3139 1969 nobiseum
3191 1913 3523 1968 diversatus

1867 2006 1992 2058 est:
2025 2006 2080 2056 et
2109 2001 2210 2072 qui
2242 2004 2370 2055 erat
2402 2001 2459 2055 in
2494 2000 2686 2057 forma
2720 2003 2836 2071 Dei,
2872 2001 3130 2058 formam
3170 2002 3324 2057 servi
3363 2016 3524 2056 rece-

1867 2091 1975 2160 pit,
1994 2089 2300 2161 utriusque
2322 2095 2548 2144 naturae
2566 2090 2846 2145 terminos
2866 2090 2926 2146 in
2943 2091 3118 2146 unica
3141 2107 3252 2146 sua
3265 2105 3527 2161 persona

1869 2177 2219 2235 inconfusos
2271 2177 2818 2250 inseparabilesque
2873 2195 3139 2235 servans.
3193 2177 3527 2234 Exinanivit

1867 2282 2009 2337 ergo
2041 2267 2164 2322 sine
2197 2266 2594 2322 exinanitione
2630 2283 2692 2322 se
2736 2268 2958 2340 ipsum,
2993 2284 3062 2323 ac
3095 2267 3304 2322 similis
3350 2266 3524 2322 nobis

1869 2372 1975 2428 per
2003 2357 2207 2412 omnia
2240 2355 2482 2411 effectus
2525 2355 2756 2428 absque
2799 2362 3042 2428 peccato
3073 2358 3142 2425 ⁵³,
3176 2373 3294 2412 non
3330 2355 3526 2411 solum

1868 2445 2020 2501 bene
2049 2445 2183 2501 fecit
2215 2445 2540 2500 infirmitati
2573 2449 2791 2500 nostrae
2823 2462 2891 2502 ac
2920 2446 3249 2501 medicatus
3281 2450 3368 2500 est
3391 2467 3402 2511 ;
3427 2461 3531 2500 ve-

1869 2549 2003 2588 rum
2035 2532 2142 2588 etsi
2170 2532 2556 2603 blasphemiis
2581 2533 2896 2604 appetitus,
2931 2538 3111 2604 atque
3135 2533 3402 2602 ingratos
3432 2549 3528 2587 ex-

1871 2628 2072 2694 pertus
2095 2621 2391 2687 homines,
2414 2620 2801 2676 nihilominus
2830 2621 3318 2677 inenarrabilium
3343 2621 3529 2676 dono-

1869 2727 2004 2766 rum
2048 2709 2415 2765 afﬂuentiam
2467 2725 2589 2765 non
2637 2709 3420 2782 compescuit:injuriasque
3477 2713 3533 2764 et

1876 2799 2146 2855 convicia
2177 2798 2248 2853 ab
2275 2799 2345 2852 iis
2379 2799 2482 2870 qui
2515 2799 2643 2869 ejus
2673 2799 2979 2854 beneﬁciis
3014 2799 3099 2853 usi
3131 2799 3365 2853 fuerant
3404 2813 3531 2868 per-

1875 2903 2108 2961 pessus,
2138 2887 2215 2941 ab
2242 2886 2528 2942 ineffabili
2558 2887 2970 2943 benevolentia
2989 2902 3108 2942 non
3141 2885 3396 2950 destitit;
3427 2885 3532 2940 sed

1877 2992 2114 3032 crucem
2147 2991 2475 3046 necemque
2509 2975 2764 3046 pertulit,
2795 2981 2860 3030 ut
2885 2975 3154 3030 inimicos
3178 2991 3312 3028 suos
3343 2979 3534 3029 morte

167 3066 454 3120 ἀθανασίαν
492 3073 580 3119 καὶ
631 3066 926 3140 ἀφθαρσίαν
962 3071 1020 3119 τὸ
1067 3069 1250 3124 θνητὸν
1303 3069 1446 3138 ἡμῶν
1485 3072 1574 3119 καὶ
1605 3069 1765 3138 φθαρ-

1878 3071 1933 3120 et
1961 3064 2332 3136 corruptione
2361 3063 2658 3131 liberaret,
2689 3070 2864 3136 atque
2906 3063 2985 3119 ad
3031 3062 3533 3119 immortalitatem

168 3161 248 3210 τὸν
287 3153 384 3210 διὰ
423 3165 511 3216 τῆς
544 3152 686 3216 ἰδίας
714 3155 1049 3216 ἀναστάσεως
1094 3155 1425 3227 μεταπλάσαι
1458 3175 1512 3207 τε
1553 3161 1641 3207 καὶ
1681 3155 1771 3206 ἀν-

171 3246 511 3317 ῠψὼσασθαι.

237 3421 302 3496 β’.
359 3426 570 3477 Τούτων
621 3419 680 3476 δε
733 3425 936 3476 πάντων
992 3432 1090 3476 τῶν
1141 3422 1347 3496 ἀγαθῶν
1405 3421 1678 3498 ἀρῥαϐῶνά
1720 3441 1773 3475 τε

168 3517 252 3564 καὶ
300 3512 532 3585 θεμελιον
579 3520 672 3563 τοῦ
723 3512 916 3564 οἰκείου
976 3518 1216 3586 σώματος
1271 3518 1360 3565 καὶ
1408 3516 1631 3584 αἵματος
1679 3517 1772 3570 τὴν

170 3601 456 3673 μετάληψιν
514 3601 946 3675 προκατεϐάλλετο
976 3619 989 3632 ⁸
1050 3604 1114 3663 ὡς
1173 3601 1234 3654 ἂν
1297 3605 1494 3664 ταύτης
1549 3601 1596 3653 ἓν
1655 3621 1772 3673 μετ-

173 3695 321 3763 ουσίᾳ
369 3695 632 3764 γινόμενοι
685 3699 780 3752 τῆς
825 3690 1066 3764 ούρανίου
1111 3696 1202 3743 καὶ
1244 3690 1500 3744 ἀθανάτου
1547 3692 1687 3754 ζωῆς
1727 3690 1775 3742 ἐν

175 3777 367 3842 ἑαυτοῖς
421 3782 562 3851 ἔχειν
611 3782 935 3852 πιστεύωμεν
984 3783 1049 3832 τὰ
1108 3785 1360 3852 προοίμια
1389 3797 1402 3810 ο
1457 3785 1546 3832 καὶ
1591 3783 1692 3852 γὰρ
1742 3782 1772 3837 ἡ

176 3865 514 3929 ἔνυποστατος
545 3867 756 3927 ἀληθεία
782 3887 911 3940 φησι
942 3885 954 3897 '
989 3891 1016 3918 ‹‹
1045 3868 1318 3944 Ὀτρώγων
1350 3889 1449 3941 μου
1481 3873 1574 3926 τὴν
1609 3871 1780 3943 σάρκα

176 3961 260 4008 καὶ
298 3962 458 4010 πίνων
501 3977 600 4030 μου
641 3961 699 4009 τὸ
742 3958 890 4030 αἷμα,
926 3960 1037 4030 ἔχει
1073 3961 1208 4021 ζωὴν
1240 3957 1444 4010 αἰώνιον
1479 3977 1492 3989 ο
1541 3980 1564 4007 ι)
1596 3954 1775 4016 ἐπειδὴ

178 4053 236 4116 τῇ
298 4054 502 4118 μετοχῇ
572 4054 662 4106 τῆς
716 4045 983 4118 ἀχράντου
1040 4051 1235 4122 σαρκὸς
1291 4047 1450 4098 αὑτοῦ
1505 4049 1780 4118 σύσσωμοι

178 4135 566 4207 καθιστάμενοι,
603 4141 691 4188 καὶ
729 4144 822 4198 τῆς
864 4134 1154 4209 ἀφθαρσίας
1195 4141 1285 4188 καὶ
1330 4134 1618 4196 ἀθανασίας
1661 4155 1779 4186 κατ-

183 4224 496 4297 αξιούμεθα·
530 4226 556 4276 ὁ
619 4228 789 4277 τοίνυν
852 4229 970 4286 τοὺς
1023 4225 1309 4298 λογισμους
1358 4225 1519 4277 αὑτοῦ
1574 4227 1781 4286 τούτοις

185 4311 508 4387 ἀναστρέφων
551 4318 640 4366 καὶ
694 4315 1086 4388 στηριζόμενος,
1145 4319 1235 4366 καὶ
1277 4317 1364 4366 τὸν
1415 4314 1633 4366 πλοῦτον
1682 4323 1780 4365 τῶν

185 4401 479 4476 εὐεργεσιῶν
537 4402 897 4478 ἐπερχόμενος,
951 4401 1160 4457 ἐπειδὰν
1222 4403 1392 4476 μέλλει
1444 4413 1538 4465 τῆς
1595 4423 1781 4476 μυστι⁹

183 4499 272 4553 κῆς
315 4495 514 4555 ταύτης
555 4497 646 4544 καὶ
675 4491 939 4566 ἀκηράτου
984 4501 1176 4567 τροφῆς
1223 4498 1477 4566 μετέχειν,
1515 4491 1671 4552 δῆλον
1703 4495 1783 4545 ὅτι

184 4583 405 4656 καθαρὸν
442 4586 534 4634 καὶ
583 4580 844 4655 ἀμέτοχον
887 4589 988 4636 τῶν
1031 4590 1268 4657 πονηρῶν
1316 4583 1548 4658 πράξεων
1599 4581 1786 4654 ὀφείλει

184 4671 596 4744 παρασκευάζειν
644 4671 864 4724 ἑαυτόν·
916 4669 1001 4724 οἶα
1050 4668 1117 4730 δὴ
1174 4671 1366 4744 μέλλων
1419 4675 1505 4723 τὸν
1564 4669 1788 4744 βασιλέα

189 4761 383 4812 πάντων
432 4765 522 4813 καὶ
569 4765 832 4820 Δεσπότην
879 4768 942 4834 τῇ
975 4765 1240 4834 παρουσίᾳ
1278 4769 1369 4813 τοῦ
1411 4766 1651 4833 σώματος
1697 4760 1784 4812 αύ-

189 4856 273 4900 τοῦ
319 4848 366 4900 ἐν
410 4858 522 4911 τοῖς
567 4859 659 4911 τῆς
687 4850 871 4923 ψυχῆς
901 4847 1256 4914 ὑποδέξασθαι
1287 4850 1537 4923 θαλάμοις
1574 4869 1789 4902 συνανα-

191 4940 484 5011 κιρνάμενον
543 4938 752 5014 ἀρῥὴτῳ
813 4940 946 5012 λόγῳ
1002 4945 1092 4993 καὶ
1148 4941 1274 5016 ὑπὲρ
1329 4938 1622 5009 κατάληψιν
1675 4939 1787 5012 φιλ-

193 5028 472 5101 ανθρωπίᾳ,
532 5033 621 5081 καὶ
669 5033 1027 5102 συμφυομενον
1069 5035 1275 5103 σώματι
1331 5037 1402 5100 τῷ
1460 5029 1788 5102 ἡμετέρῳοὸ

196 5111 249 5167 δε
291 5121 359 5187 μὴ
413 5118 874 5191 προκαθηράμενος
925 5118 1104 5172 ἑαυτὸν
1161 5127 1261 5171 τῶν
1307 5117 1656 5192 μολυσμοίτων
1702 5123 1791 5170 καὶ

196 5205 363 5256 παθῶν
407 5207 506 5257 ὅσα
539 5224 594 5258 τε
633 5211 724 5262 τὴν
762 5205 950 5278 ψυχὴν
998 5212 1086 5259 καὶ
1124 5208 1224 5259 ὅσα
1273 5210 1330 5258 τὸ
1365 5214 1519 5278 σῶμα
1556 5205 1792 5277 λυμαίνε-

197 5309 276 5342 ται
326 5298 413 5346 καὶ
463 5293 826 5366 καταμολύνει,
888 5293 1015 5348 ἀλλά
1064 5296 1311 5370 ῥυποῦντι
1377 5297 1468 5367 μὲν
1527 5293 1650 5367 βίῳ,
1703 5295 1794 5368 ῥυ-

197 5385 371 5432 ποῦντι
417 5377 475 5435 δε
530 5381 769 5456 λογισμῷ
823 5391 919 5444 τῆς
970 5393 1230 5451 μυστικῆς
1281 5387 1510 5456 προσιὼν
1563 5387 1649 5434 καὶ
1699 5382 1796 5434 ἀπ-

200 5469 607 5532 αθανατιζούσης
651 5473 914 5546 τραπέζης
952 5481 1258 5547 μετασχεῖν,
1291 5473 1442 5535 οὗτος
1488 5472 1546 5525 ού
1585 5476 1794 5546 μετέχει

259 5568 303 5602 ⁵³
331 5569 500 5626 Hebr.
536 5587 614 5640 γι,
659 5572 747 5628 15.
856 5571 906 5608 ⁵³
934 5572 1108 5630 Joan.
1152 5588 1230 5638 v1;
1265 5575 1353 5628 53.

1878 3160 1932 3209 et
1951 3153 2453 3225 incorruptionem
2478 3152 2728 3208 mortale
2751 3153 2863 3207 hoc
2885 3157 3155 3208 nostrum
3175 3158 3230 3206 et
3248 3151 3535 3223 corrupti-

1877 3243 1992 3299 bile
2017 3257 2234 3314 corpus
2264 3257 2366 3313 per
2386 3257 2556 3296 suam
2583 3241 3069 3297 resurrectionem
3098 3241 3440 3298 transferret
3459 3244 3537 3295 at-

1877 3347 1996 3405 que
2013 3331 2295 3387 atolleret.

1951 3426 2004 3475 2.
2037 3421 2169 3476 Iam
2203 3435 2342 3474 vero
2374 3419 2587 3475 horum
2619 3419 2922 3475 bonorum
2955 3420 3226 3475 omnium
3260 3419 3540 3476 arrhabo-

1879 3526 2018 3566 nem
2053 3526 2121 3565 ac
2156 3508 2614 3564 fundamentum
2648 3509 2850 3564 statuit
2877 3510 3095 3580 proprii
3118 3509 3385 3581 corporis
3408 3525 3541 3564 san-

1883 3600 2198 3670 guinisque
2260 3599 2818 3670 sumptionemzita
2882 3603 2944 3653 ut
3003 3598 3178 3668 hujus
3227 3598 3538 3669 participes

1885 3689 2094 3754 effecti,
2149 3688 2396 3743 cos-lastis
2444 3692 2617 3760 atque
2656 3687 3009 3743 immortalis
3062 3687 3196 3742 vitae
3248 3689 3401 3743 intra
3433 3702 3542 3741 nos

1884 3779 2048 3850 ipsos
2095 3778 2307 3832 habere
2361 3778 2680 3832 credamus
2726 3777 3044 3848 primitias.
3105 3777 3334 3832 Etenim
3393 3775 3542 3830 sub-

1887 3866 2180 3922 stantialis
2207 3867 2338 3937 ipsa
2361 3867 2587 3921 Veritas
2619 3866 2761 3921 dicit
2787 3883 2800 3921 :
2827 3888 2850 3915 α
2877 3867 2983 3932 Qui
3010 3866 3333 3922 manducat
3358 3882 3542 3920 meam

1887 3971 2127 4011 carnem
2178 3959 2234 4010 et
2271 3954 2410 4010 bibit
2455 3971 2657 4009 meum
2705 3956 3083 4026 sanguinem,
3133 3954 3313 4008 habet
3360 3955 3542 4008 vitam

1887 4051 2173 4100 aeternam
2198 4045 2264 4095 ⁵³.
2289 4066 2316 4093 ››
2349 4047 2483 4099 Nam
2509 4059 2612 4114 per
2633 4045 3120 4098 communionem
3140 4040 3540 4097 immaculata

1887 4133 2086 4190 carnis
2115 4132 2274 4187 idem
2305 4149 2440 4187 cum
2472 4149 2541 4187 eo
2586 4147 2803 4203 corpus
2846 4130 3057 4195 effecti,
3099 4130 3543 4200 incorruptione

1889 4239 2131 4297 quoque
2162 4228 2214 4277 et
2246 4221 2687 4277 immortalitate
2722 4220 2887 4288 digni
2919 4219 3228 4274 efficimur.
3268 4220 3376 4283 Qui
3402 4233 3543 4286 ergo

1892 4313 2016 4368 haec
2061 4316 2255 4366 mente
2287 4310 2527 4366 revolvit
2557 4315 2730 4381 atque
2760 4308 2979 4378 deﬁgit,
3015 4325 3083 4364 ac
3123 4307 3544 4362 beneficiorum

1892 4403 2127 4472 copiam
2176 4399 2391 4465 recolit,
2439 4399 2917 4470 quotiescunque
2951 4397 3169 4469 mystici
3215 4395 3397 4466 hujus
3440 4395 3547 4450 illi-

1892 4489 2136 4561 batique
2156 4487 2266 4543 cibi
2289 4487 2586 4559 particeps
2609 4492 2691 4541 est
2719 4486 2974 4550 futurus,
2998 4487 3158 4541 hunc
3183 4489 3418 4540 constat
3436 4501 3550 4556 pu-

1892 4597 2023 4637 rum
2060 4596 2122 4635 se
2153 4579 2466 4651 pravisque
2510 4577 2792 4649 Operibus
2825 4576 3082 4632 alienum
3127 4583 3404 4648 praestare
3450 4576 3551 4630 de-

1893 4671 2073 4726 bere:
2108 4668 2332 4740 quippe
2375 4665 2480 4738 qui
2519 4664 2924 4721 universalem
2964 4667 3181 4735 Regem
3237 4680 3307 4719 ac
3350 4663 3551 4720 Domi-

1895 4775 2042 4814 num
2099 4771 2347 4829 corpore
2397 4756 2531 4827 ipso
2602 4763 2954 4825 praesentem
3017 4760 3372 4826 excepturus
3439 4758 3548 4822 est,

1895 4845 2286 4904 conclavibus
2317 4844 2533 4901 animas
2562 4842 2847 4898 ineffabili
2875 4843 3104 4898 ratione
3135 4848 3192 4898 et
3216 4841 3552 4914 incompre-

1895 4934 2168 4992 hensibili
2222 4933 2536 4990 clementia
2586 4933 2867 4997 infusum,
2931 4937 3255 5003 nostroque
3318 4930 3554 5003 corpori

1898 5025 2238 5082 immistum.
2270 5025 2398 5078 Jam
2431 5022 2532 5094 qui
2564 5037 2625 5076 se
2661 5021 2857 5092 ipsum
2902 5019 3156 5076 maculis
3199 5024 3377 5092 atque
3417 5036 3552 5092 pas-

1899 5113 2168 5170 sionibus
2210 5111 2373 5167 haud
2429 5115 2562 5166 ante
2607 5107 2971 5182 purgaverit,
3019 5124 3392 5180 quaecunque
3431 5109 3557 5163 ani-

1900 5219 2067 5259 mum
2099 5202 2228 5272 ejus
2258 5215 2597 5271 corpusque
2625 5199 2879 5269 impiant
2907 5213 2974 5252 ac
3005 5196 3233 5252 fmdaut
3258 5214 3271 5263 ;
3298 5198 3406 5252 sed
3438 5213 3560 5252 sor-

1901 5292 2045 5348 dida
2087 5293 2209 5346 vita
2257 5288 2622 5359 sordidaque
2673 5293 2869 5342 mente
2915 5286 2993 5343 ad
3044 5288 3380 5358 mysticam,
3427 5303 3559 5359 quas

1901 5379 2407 5436 immortalitatem
2473 5376 2676 5447 donat,
2725 5391 2997 5432 mensam
3046 5376 3327 5432 vescendi
3376 5391 3562 5432 causa

1903 5467 2256 5535 accesserit;
2281 5465 2375 5524 hic
2397 5464 2735 5523 mehercule
2759 5465 2961 5538 gratiae
2991 5481 3112 5523 non
3135 5464 3196 5523 ﬁt
3219 5463 3560 5546 particeps;
