4140 6198
558 235 664 293 455

1790 230 2021 286 ΡΗΟΤΙΙ
2062 227 2536 287 ΡΑΊἩΙΑΗΟΗᾹΞ
2575 228 2687 286 CP.

3826 233 3945 290 456

559 372 750 428 neque
798 355 956 411 enim
997 359 1162 427 putre
1205 371 1314 412 vas
1351 360 1724 426 unguentum
1762 355 2060 411 continere
2105 370 2193 425 po-

2319 358 2408 425 μὲν
2438 362 2533 416 τῆς
2557 356 2776 427 χάριτος
2805 373 2817 386 ·
2852 351 2976 407 οὐδέ
3005 356 3107 427 γὰρ
3137 357 3335 429 σαπρὸν
3368 351 3581 427 δοχείον
3611 359 3780 429 μύρον
3813 360 3944 411 ύπο-

557 449 704 513 test;
733 459 927 517 neque
962 444 1289 514 margarita
1310 444 1682 517 sterquilinio
1715 443 2167 500 commendatur
2192 460 2203 498 :

556 537 685 589 tum
717 534 859 606 quia
883 532 1069 589 violat
1098 550 1165 589 ac
1191 533 1543 590 dehonestat
1564 550 1691 589 rem
1720 549 1840 589 non
1859 532 2041 589 modo
2071 548 2209 587 con-

556 622 801 679 tumelia
849 622 1179 691 indignam,
1232 621 1337 677 sed
1378 623 1473 678 cui
1529 638 1640 694 par
1688 623 1883 678 honor
1938 620 2210 678 adhiberi

556 711 758 767 nullus
785 716 1001 782 potest,
1034 709 1081 765 is
1110 711 1328 766 summi
1358 710 1592 767 sceleris
1623 711 2007 784 semetipsum
2037 726 2207 765 reum

556 800 876 857 constituit.
912 800 1169 871 Injurius
1196 801 1343 856 enim
1372 801 1532 857 estin
1560 800 1939 857 Dominicum
1966 814 2204 871 corpus,

556 889 722 945 sicuti
758 888 1220 945 adversusidem
1251 889 1541 961 injuriosa
1565 890 1674 946 fuit
1701 890 1841 946 olim
1864 889 2206 945 Judaaorum

555 978 827 1044 audacia,
860 994 896 1035 a
928 994 1046 1050 qua
1074 979 1234 1034 cruci
1268 978 1547 1034 sufﬁxum
1574 978 1703 1035 fuit.
1735 979 2140 1046 Quamobrem
2161 977 2207 1031 is

552 1068 656 1141 qui
687 1066 965 1123 urebatur
1003 1068 1454 1140 quodammodo
1496 1074 1551 1123 et
1598 1068 1929 1138 aegrotabat
1966 1071 2209 1138 propter

552 1172 658 1213 eos
687 1156 790 1229 qui
821 1156 1305 1213 ﬁdelabebantur
1325 1164 1381 1213 et
1402 1157 1764 1214 laborabant
1785 1156 2004 1221 “,dum
2028 1156 2207 1226 hujus

549 1245 776 1317 peccati
824 1247 1301 1315 magnitudinem
1354 1246 1761 1303 demonstrare
1814 1246 2030 1313 studet,
2083 1259 2207 1300 non

553 1335 697 1390 satis
718 1333 944 1400 habuit,
971 1335 1154 1391 semel
1176 1335 1416 1402 dixisse,
1434 1336 1730 1407 ejusmodi
1760 1335 2058 1391 hominem
2083 1349 2208 1389 cor-

550 1423 711 1496 poris
750 1437 821 1478 ac
866 1424 1177 1495 sanguinis
1229 1424 1464 1480 Domini
1509 1441 1638 1480 esse
1677 1440 1884 1489 reum;
1920 1424 2023 1478 sed
2066 1438 2208 1478 mox

549 1528 760 1568 rursus
790 1516 1037 1568 testatus
1085 1518 1208 1569 est:
1255 1534 1280 1565 ιι
1324 1513 1434 1579 Qui
1482 1514 1801 1570 manducat
1847 1524 2067 1585 panem
2122 1511 2208 1567 bi-

548 1603 756 1677 bitque
786 1601 1033 1658 calicem
1064 1601 1297 1658 Domini
1328 1602 1595 1673 indigne,
1640 1602 1734 1658 hic
1768 1602 1880 1658 sibi
1915 1600 2206 1673 judicium

550 1695 879 1752 manducat
917 1708 987 1749 ac
1018 1690 1169 1747 bibit
1199 1692 1268 1744 '5.
1308 1712 1329 1739 ι

623 1788 674 1840 3.
747 1786 937 1856 Atque
989 1780 1053 1836 in
1098 1780 1256 1836 hanc
1312 1780 1597 1835 nimirum
1656 1779 2011 1834 sententiam
2076 1778 2206 1850 ipse

548 1888 749 1929 rerum
776 1870 1172 1929 invisibilium
1195 1873 1494 1942 spectator
1519 1873 1577 1924 et
1593 1867 1981 1924 ineﬁ‘abilium
2004 1883 2206 1923 narra-

550 1966 641 2018 tor
663 1966 840 2035 atque
872 1959 1154 2029 magister
1178 1973 1348 2014 reum
1370 1973 1503 2013 esse
1528 1957 1668 2013 dicit
1691 1957 1953 2029 corporis
1984 1962 2040 2013 et
2075 1973 2207 2012 sen-

551 2051 749 2121 guinis
800 2048 1035 2105 Domini
1078 2047 1423 2120 quicunque
1462 2046 1704 2117 indigne
1753 2046 2121 2101 manducare
2150 2051 2205 2101 et

546 2140 750 2195 bibere
784 2138 985 2195 audet.
1021 2135 1175 2202 Quid
1208 2136 1367 2191 enim
1392 2134 1421 2190 ‘2
1446 2137 1588 2191 Cum
1617 2139 1783 2191 vacet
1812 2150 2064 2207 purgare
2084 2150 2205 2190 me-

547 2228 748 2301 ipsum
794 2226 1182 2295 maculasque
1229 2224 1576 2296 paenitentia
1625 2224 1984 2295 abstergere,
2024 2228 2204 2296 atque

547 2318 630 2373 ita
654 2317 732 2373 ad
757 2316 1137 2388 purissimam
1174 2329 1323 2378 rem,
1355 2314 1479 2370 imo
1528 2314 1605 2369 ad
1630 2312 1903 2386 puritatis
1946 2311 2203 2368 afﬂuen-

548 2412 667 2463 tetn
698 2406 891 2476 magis
914 2420 1100 2477 quam
1132 2402 1380 2471 cogitari
1408 2406 1603 2473 potest
1630 2402 1855 2457 fontem
1878 2401 2159 2457 accedere
2185 2418 2200 2469 ;

548 2511 659 2565 ego
688 2499 893 2550 contra
922 2493 1091 2550 nulla
1120 2492 1178 2547 id
1206 2491 1565 2561 cogitatione
1609 2506 1827 2547 curave
1860 2490 2157 2561 dignabor
2176 2490 2205 2545 ‘P

544 2588 718 2656 atque
744 2588 808 2639 ut
828 2599 1011 2655 purus
1034 2581 1440 2655 spectantibus
1462 2580 1683 2645 videar,
1711 2580 2049 2652 dignusque
2087 2580 2203 2637 hac

543 2674 735 2743 gratia
765 2678 821 2729 et
849 2672 932 2728 rei
964 2688 1100 2739 usu,
1150 2687 1348 2726 meam
1378 2671 1505 2742 ipse
1554 2669 1902 2725 contumelia
1950 2670 2200 2726 salutem

541 2761 822 2831 afﬁciam,
852 2776 1048 2833 neque
1076 2759 1303 2815 iludere
1335 2758 1435 2814 illli
1467 2758 1841 2814 extimescam
1869 2780 1896 2809 «
1930 2759 1987 2813 in
2019 2774 2198 2829 quem

541 2851 740 2921 angeli
760 2855 965 2923 optant
985 2848 1325 2922 prospicere
1345 2850 1393 2884 ⁵⁵
1419 2847 1446 2903 ?
1472 2868 1500 2898 »
1527 2848 1791 2904 Profecto
1813 2848 1917 2920 qui
1944 2847 2196 2918 gloriam

538 2942 793 2997 invicem
825 2944 1205 3012 aucupentur
1234 2939 1303 3004 ⁸⁷,
1330 2938 1391 2993 hi
1428 2954 1622 3010 neque
1652 2954 1787 2994 eam
1811 2954 1948 3009 quae
1982 2954 2017 2993 a
2066 2937 2195 2993 solo

538 3032 659 3087 Deo
690 3034 780 3086 est
808 3028 1059 3099 gloriam
1090 3032 1381 3101 quaerunt,
1414 3042 1609 3100 neque
1655 3026 1919 3099 mysterii
1963 3028 2195 3096 magni-

537 3120 726 3177 tudini
757 3120 1015 3175 credunt.
1047 3120 1201 3175 Nam
1235 3117 1497 3173 clemens
1527 3117 1773 3189 quidem
1800 3122 2001 3173 noster
2029 3118 2194 3172 Crea-

536 3214 627 3266 tor
652 3209 928 3279 indignos
956 3224 1077 3264 non
1105 3205 1394 3263 ineffabili
1423 3206 1708 3277 dignatus
1740 3206 2031 3262 beneﬁcio
2060 3211 2151 3262 est
2175 3224 2187 3262 :

534 3312 646 3352 nos
684 3302 882 3352 autem
928 3300 1099 3350 tanto
1140 3311 1387 3351 munere
1433 3294 1648 3360 affecti,
1691 3310 1909 3365 nempe
1957 3300 2017 3349 ut
2061 3294 2190 3365 ejus

534 3385 795 3456 corporis
856 3384 1175 3456 participes
1235 3384 1424 3438 simus
1483 3384 1553 3454 (si
1615 3388 1770 3439 certe
1820 3384 2190 3440 voluerimus

532 3473 761 3529 viribus
778 3474 1039 3545 acceptis
1057 3474 1313 3545 etgratia
1335 3475 1408 3528 ad
1431 3478 1607 3528 tantae
1628 3472 1929 3542 dignitatis
1952 3473 2186 3529 culmen

533 3561 898 3631 ascendere),
950 3561 1060 3616 nisi
1112 3562 1278 3617 omni
1323 3561 1518 3617 studio
1568 3566 1801 3616 nosmet
1852 3561 1963 3632 ipsi
2007 3578 2187 3633 puros

532 3650 990 3723 praebuerimus,
1036 3665 1237 3705 nonne
1275 3649 1495 3721 duplici
1535 3649 1923 3706 damnatione
1956 3657 2190 3707 nosmet

530 3756 665 3796 reos
690 3756 817 3796 esse
848 3743 1231 3795 ostendemus
1253 3739 1280 3794 ?
1304 3754 1422 3794 una
1465 3739 1731 3811 quidem,
1775 3740 1917 3811 quia
1956 3756 2093 3795 cum
2122 3740 2187 3795 li-

532 3834 687 3886 ceret
734 3834 959 3885 tantam
1004 3829 1306 3885 bonorum
1356 3828 1592 3899 copiam
1639 3827 1873 3895 lucrari,
1928 3831 2187 3885 renueri-

532 3935 689 3984 mus,
721 3922 1078 3990 nosquemet
1102 3920 1269 3973 tanto
1292 3916 1698 3973 emolumento
1721 3933 1789 3973 ac
1812 3916 2001 3973 salute
2023 3918 2187 3973 frau-

529 4008 888 4064 daverimus.
907 4006 1156 4079 (Quippe
1176 4006 1288 4062 hoc
1312 4006 1511 4077 ipsum
1534 4006 1762 4078 absque
1781 4006 1896 4063 alia
1912 4007 2185 4063 animad-

528 4096 819 4161 versione,
848 4096 1114 4151 maxima
1138 4095 1448 4151 damnatio
1482 4100 1587 4161 est,
1621 4094 1851 4151 dicente
1886 4096 2178 4155 Domino:

533 4206 557 4238 (ι
592 4186 701 4251 Qui
754 4201 873 4242 non
933 4185 1119 4241 credit
1162 4184 1333 4248 Filio,
1379 4184 1507 4255 jam
1560 4184 1863 4255 judicatus
1902 4191 1987 4241 est
2029 4186 2118 4254 53;
2156 4208 2175 4236 ι

526 4290 743 4347 nempe
822 4275 1164 4330 sententiam
1224 4273 1377 4329 intra
1430 4290 1491 4329 se
1540 4274 1707 4344 gerit.
1768 4275 2106 4339 Quamnam
2154 4276 2180 4330 ‘?

524 4378 743 4437 nempe
772 4364 937 4435 quod
963 4362 1015 4418 ei
1036 4378 1157 4419 non
1185 4362 1479 4434 credidit.)
1505 4362 1701 4418 Altera
1720 4363 2029 4419 damnatio
2066 4369 2176 4429 est,
2213 4400 2259 4456 ι)

525 4453 689 4524 quod
720 4451 950 4508 donum
981 4451 1400 4523 spreverimus,
1425 4453 1586 4524 quod
1605 4452 1806 4521 gratiae
1829 4453 2024 4523 injurii
2054 4453 2176 4509 fue-

522 4541 721 4607 rimus,
749 4541 911 4613 quod
940 4542 1090 4596 bene
1120 4540 1297 4596 nobis
1329 4540 1638 4597 facientem
1666 4540 1826 4596 nullo
1858 4542 2044 4613 pretio
2069 4543 2174 4599 ha-

519 4630 831 4687 buerimus
860 4647 872 4684 :
902 4630 1037 4685 dum
1080 4630 1192 4685 hac
1230 4629 1517 4685 alimonia
1560 4630 1833 4702 mystica,
1882 4647 2017 4702 quae
2068 4648 2175 4688 nos

520 4718 656 4791 puri
687 4719 817 4790 ejus
846 4718 1106 4791 corporis
1152 4718 1290 4774 facit
1338 4718 1677 4790 participes,
1716 4726 2003 4791 tanquam
2052 4721 2175 4776 vul-

521 4808 648 4877 gari
680 4822 888 4863 mensa
913 4807 1083 4863 abusi
1117 4823 1346 4861 sumus.
1382 4806 1533 4878 Ergo
1564 4807 1857 4876 ejusmodi
1898 4808 2173 4865 homines

516 4896 683 4951 haud
708 4896 978 4952 meliores
994 4898 1022 4951 J
1031 4895 1209 4952 udaeis
1232 4901 1389 4960 sunt,
1414 4896 1517 4968 qui
1552 4895 1919 4951 horrendum
1946 4896 2092 4953 illud
2120 4904 2175 4954 et

516 4983 783 5040 immane
795 4984 1027 5041 facinus
1041 4990 1476 5057 perpetrarunt,
1493 5000 1627 5039 cum
1646 4984 1945 5041 viviﬁcum
1961 4986 2172 5044 Christi

517 5088 735 5145 corpus
758 5073 920 5144 ligno
943 5073 1397 5145 suspenderunt,
1431 5073 1783 5145 spiculoque
1815 5076 2169 5144 sanguinem

515 5162 933 5219 exhauserunt.
981 5163 1387 5229 Quamobrem
1426 5167 1568 5235 apta
1610 5163 1906 5219 locutione
1958 5167 2168 5222 mundi

513 5253 724 5309 doctor
760 5268 893 5307 reos
918 5252 1030 5309 hos
1054 5253 1316 5324 corporis
1356 5256 1412 5309 et
1436 5252 1748 5324 sanguinis
1780 5253 2007 5310 Domini
2039 5271 2167 5326 pro-

512 5342 831 5399 nuntiavit.

536 5504 545 5515 δ’
584 5523 630 5559 δι
659 5523 703 5579 ΙΙ
738 5521 868 5579 Cor.
908 5537 989 5589 χι,
1024 5521 1092 5577 29
1204 5522 1250 5557 ⁵⁵
1284 5523 1303 5576 1
1336 5525 1469 5579 Cor.
1501 5537 1580 5588 χι,
1612 5526 1701 5578 29.

2244 1700 2286 1754 B

1813 5524 1859 5559 εδ
1894 5526 2089 5581 lPetr.
2120 5542 2158 5594 ι,
2194 5529 2277 5582 ιιι.

2320 441 2573 506 δέξασθαι
2630 440 2849 496 δύναται
2885 462 2896 473 ⁸
2931 440 3055 496 οὐδὲ
3102 450 3430 517 μαργαρίτης
3477 443 3719 520 βορϐόρῳ
3773 467 3944 499 κακαο

2318 535 2656 584 πιστεύεται’
2712 532 2819 583 ἀλλ’
2880 531 3106 606 ὑϐρίζων
3159 538 3249 585 καὶ
3304 532 3574 605 ἀτιμάζων
3640 539 3699 587 τό
3760 545 3945 612 κρεῖτ-

2317 641 2402 673 τον
2433 622 2491 673 ού
2522 626 2674 694 μόνον
2706 621 2896 696 ύϐρεως
2937 620 3063 674 ἀλλά
3092 627 3181 674 καὶ
3219 630 3392 694 τιμῆς,
3435 623 3585 684 οὗτος
3623 623 3941 698 ἀπαραιτή-

2317 730 2407 762 του
2451 715 2700 785 κρίματος
2745 710 2922 762 ἑαυτὸν
2971 709 3194 783 ἀπέφηνε
3238 715 3464 783 μέτοχον
3495 728 3507 741 ⁶
3543 710 3786 787 ἐξύϐρισε
3830 718 3939 789 γάρ

2316 802 2375 851 τό
2408 807 2560 870 σῶμα
2605 801 2660 850 τό
2692 802 3028 865 Δεσποτικόν,
3064 799 3135 859 εἰς
3180 798 3205 850 ὃ
3235 807 3333 851 τῶν
3366 797 3640 853 Ἰουδαίων
3686 804 3716 859 ἡ
3765 803 3943 875 τόλμα

2321 896 2529 958 σταυρῷ
2577 886 2945 962 προεξύϐρισεν
2990 885 3330 962 ἀναρτήσασα
3358 905 3369 917 ·
3408 885 3494 940 διό
3539 894 3630 942 καὶ
3670 892 3697 942 6
3738 895 3939 965 πυρού-

2317 996 2461 1049 μενος
2519 982 2603 1027 xui
2666 976 2889 1028 ἀσθενῶν
2960 978 3087 1048 ὑπὲρ
3158 985 3257 1029 τῶν
3316 974 3811 1052 σκανδαλιζομὲνων

2317 1070 2493 1117 πίστει
2544 1070 2634 1117 καὶ
2678 1064 3050 1133 ἀσθενούντων,
3099 1069 3156 1117 τὸ
3210 1068 3425 1138 μέγεθος
3473 1075 3563 1119 τοῦ
3619 1067 3942 1142 ἁμαρτήμα-

2317 1173 2403 1215 τος
2454 1163 2740 1228 παριστῶν,
2788 1154 2881 1206 οὐκ
2935 1155 3169 1229 ἠρκέσθη
3224 1155 3365 1218 ἅπαξ
3419 1156 3576 1209 εἰπεῖν
3628 1159 3693 1217 ὡς
3750 1160 3941 1229 ἔνοχός

2318 1241 2457 1295 ἐστιν
2516 1246 2541 1295 6
2609 1251 2839 1304 τοιοῦτος
2897 1251 2987 1295 τοῦ
3052 1249 3297 1315 σώματος
3376 1250 3466 1297 καὶ
3538 1254 3630 1299 τοῦ
3710 1248 3939 1319 αἵματος

2316 1339 2408 1383 τοῦ
2485 1337 2701 1406 Κυρίου,
2769 1331 2898 1385 ἀλλά
2955 1335 3044 1384 καὶ
3107 1329 3349 1407 δεύτερον
3419 1333 3575 1387 πάλιν
3642 1334 3941 1410 ἐπεμαρτύ-

2316 1440 2462 1493 ρατο,
2520 1424 2584 1481 ὡς
2645 1424 2670 1472 6
2727 1420 2912 1474 ἐσθίων
2968 1426 3056 1473 καὶ
3118 1427 3277 1474 πίνων
3341 1421 3561 1485 ἀναξίως
3623 1428 3711 1475 τόν
3772 1428 3936 1498 οἰρτον

2316 1515 2405 1561 καὶ
2452 1513 2509 1562 τό
2556 1515 2804 1585 ποτήριον
2836 1518 2928 1562 τοῦ
2977 1515 3194 1584 Κυρίου,
3222 1516 3388 1586 κρίμα
3432 1511 3598 1583 ἐαυτῷ
3642 1511 3810 1566 ἐσθίει
3842 1520 3935 1568 καὶ

2317 1604 2471 1652 πίνει.

2387 1776 2456 1847 γ’.
2512 1781 2611 1830 Καὶ
2656 1780 2808 1830 τοῦτό
2863 1776 3002 1829 ἐστιν
3061 1778 3182 1852 ὅπερ
3242 1777 3400 1841 αὐτὸς
3467 1780 3492 1830 6
3541 1788 3641 1832 τῶν
3696 1778 3935 1833 ἀθεάτων

2321 1867 2509 1937 θεωρός
2564 1872 2653 1919 καὶ
2724 1875 2822 1917 τῶν
2900 1865 3132 1941 ἀρρήτων
3194 1868 3369 1943 ῥήτωρ
3429 1872 3517 1921 καὶ
3598 1865 3939 1933 διδάσκαλος

2317 1958 2499 2027 ἔφησεν
2557 1958 2737 2027 ἔνοχον
2796 1953 2924 2008 εἶναι
2978 1963 3070 2008 τοῦ
3128 1962 3369 2029 σώματος
3415 1962 3505 2009 καὶ
3562 1965 3653 2010 τοῦ
3706 1960 3939 2031 αἵματος

2316 2052 2408 2096 τοῦ
2443 2050 2658 2114 Κυρίου,
2690 2048 2776 2097 τὸν
2823 2043 3042 2107 ἀναξίως
3074 2044 3263 2098 ἐσθίειν
3308 2046 3436 2099 αὐτὸ
3480 2052 3571 2099 xui
3600 2052 3765 2100 πίνειν
3798 2048 3938 2101 ἀπο-

2318 2134 2694 2207 θαρσυνόμενον
2729 2154 2740 2166 ·
2785 2138 2836 2186 τί
2909 2137 3032 2208 γὰρ,
3095 2134 3201 2187 ἐνὸν
3263 2138 3531 2208 καθαίρειν
3598 2137 3781 2189 ἑαυτὸν
3846 2157 3935 2191 και

2316 2222 2650 2295 ἀποσμήχειν
2693 2220 2785 2275 διὰ
2832 2228 3105 2295 μετανοίας
3152 2233 3251 2276 τῶν
3290 2224 3663 2297 μολυσμάτων,
3697 2226 3837 2277 οὕτω
3876 2246 3935 2279 τε

2312 2314 2583 2385 προσιέναι
2613 2322 2684 2383 τῷ
2715 2314 3092 2386 καθαρωτάτῳ,
3123 2313 3315 2386 μᾶλλον
3361 2311 3420 2367 δὲ
3466 2323 3539 2385 τῷ
3588 2316 3715 2388 ὑπὲρ
3750 2321 3933 2367 πᾶσαν

2312 2405 2504 2454 ἔννοιαν
2564 2404 2854 2473 πηγάζοντι
2906 2404 3184 2476 κάθαρσιν,
3236 2403 3338 2474 ἐγὼ
3389 2401 3448 2455 δὲ
3495 2412 3645 2456 τοῦτο
3692 2406 3784 2475 μὲν
3842 2403 3931 2457 ἐπὶ

2311 2491 2595 2563 λογισμοὺς
2640 2490 2908 2543 ἀναλαϐεῖν
2956 2496 3045 2543 καὶ
3091 2491 3369 2564 μετελθεῖν,
3407 2488 3656 2564 οὐδεμιᾶς
3702 2498 3927 2565 γίνομαι

2312 2577 2619 2651 φροντίδος
2654 2580 2735 2632 ἵνα
2788 2576 2847 2632 δὲ
2906 2576 3042 2642 δόξω
3094 2582 3324 2652 καθαρός
3377 2577 3506 2633 εἶναι
3556 2589 3666 2643 τοῖς
3724 2584 3922 2656 ὁρῶσι⁹

2309 2674 2395 2720 xui
2446 2670 2588 2732 ἄξιος
2654 2672 2914 2729 τοσαύτης
2970 2670 3194 2743 χάριτος
3263 2674 3354 2722 καὶ
3410 2668 3760 2733 ἀπολαύσεως,
3821 2677 3922 2729 τὴν

2309 2756 2433 2829 ἐμὴν
2480 2758 2676 2831 ύϐρίζω
2723 2763 2986 2830 σωτηρίαν
3012 2774 3024 2824 ;
3054 2763 3143 2810 καὶ
3184 2759 3390 2819 παίζειν
3440 2759 3498 2810 ού
3544 2763 3740 2833 φρίττω
3770 2760 3849 2822 εἰς
3885 2760 3922 2812 ἃ

2308 2845 2649 2917 ἐπιθυμοῦσιν
2679 2847 2888 2917 ἄγγελοι
2918 2847 3226 2919 παρακύψαι
3258 2865 3270 2914 ;
3303 2851 3456 2908 ὅντως
3496 2850 3545 2899 οἱ
3589 2845 3749 2911 δόξαν
3790 2849 3923 2924 παρ’

2308 2935 2533 2993 ἀλλήλων
2575 2934 2937 3008 λαμϐάνοντες,
2970 2939 3086 2987 οὔτε
3129 2941 3222 2994 τὴν
3266 2938 3410 3009 παρά
3439 2944 3530 2988 τοῦ
3574 2940 3734 3007 μόνου
3777 2945 3921 2991 Θεοῦ

2234 3056 2274 3112 C
2308 3021 2463 3087 δόξαν
2499 3029 2768 3095 ζητοῦσιν,
2802 3027 2918 3077 οὔτε
2966 3033 3037 3095 τῷ
3086 3027 3289 3097 μεγέθει
3336 3034 3428 3078 τοῦ
3477 3031 3778 3100 μυστηρίου
3826 3047 3923 3079 πι-

2307 3117 2613 3167 στεύουσιν·
2665 3116 2691 3165 6
2768 3118 2857 3186 μὲν
2926 3117 3025 3188 γὰρ
3091 3114 3445 3186 φιλάνθρωπος
3496 3117 3642 3186 ἡμῶν
3711 3116 3920 3169 πλαστ-

2301 3207 2506 3276 ουργὸς,
2566 3202 2802 3265 ἀναξίους
2868 3208 3015 3264 ὄντας
3073 3212 3171 3255 τῶν
3230 3205 3357 3277 ὑπὲρ
3429 3204 3579 3275 λόγον
3635 3205 3863 3267 ἠξίωσεν
3896 3224 3913 3242 ο

2300 3294 2448 3363 ἡμεῖς
2495 3289 2552 3345 δὲ
2596 3296 2789 3344 τούτων
2834 3291 3128 3354 ἀξιωθέντες
3166 3296 3256 3344 καὶ
3297 3295 3575 3365 σύσσωμοι
3628 3301 3718 3348 καὶ
3769 3316 3916 3368 συμ-

2299 3385 2517 3453 μέτοχοι
2567 3382 2918 3455 χρηματίζειν
2964 3380 3123 3432 αύτοῦ
3165 3381 3247 3448 (ἂν
3295 3382 3399 3456 ἄρα
3448 3381 3760 3456 βουλώμεθα
3808 3387 3913 3459 ῥώ-

2298 3490 2399 3542 μην
2448 3475 2535 3522 καὶ
2579 3474 2740 3542 χάριν
2783 3470 3041 3536 λαϐόντες,
3075 3475 3165 3521 καὶ
3214 3474 3345 3545 πρὸς
3383 3480 3631 3524 τοσοῦτον
3677 3472 3910 3527 ἀνελθεῖν

2298 3558 2590 3632 ἀξιώματος
2639 3559 2816 3631 ὕψος),
2860 3559 2903 3611 εἰ
2942 3564 3011 3631 μὴ
3065 3561 3200 3611 κατά
3238 3567 3410 3613 πᾶσαν
3452 3559 3693 3621 σπουδὴν
3741 3567 3914 3616 καθα-

2296 3652 2419 3721 ροὺς
2479 3649 2691 3710 ἑαυτοὺς
2748 3650 3291 3721 παρασκευασώμεθα,
3348 3658 3459 3711 πῶς
3516 3651 3644 3723 οὐχὶ
3705 3648 3907 3716 διπλῆς

2297 3737 2509 3808 ἐνόχους
2589 3738 2931 3810 ἀποφαίνομεν
3017 3737 3228 3801 ἑαυτοὺς
3303 3745 3703 3814 κατακρίσεως;
3774 3749 3907 3813 μιᾶς

2295 3830 2404 3897 μὲν,
2459 3829 2536 3879 ὅτι
2589 3828 2848 3885 τοσαύτην
2909 3825 3115 3898 ἀγαθῶν
3172 3827 3459 3901 ὑπερϐολὴν
3524 3829 3635 3892 ἐξόν
3689 3828 3909 3904 κερδαί-

2294 3935 2415 3985 νειν,
2475 3917 2816 3988 ἀπωσάμεθα,
2874 3921 2963 3967 καὶ
3017 3915 3334 3977 τηλικαύτης
3389 3918 3603 3980 ἑαυτοὺς
3654 3920 3907 3991 ὠφελείας

2295 4024 2347 4057 τε
2404 4011 2492 4057 καὶ
2568 4009 2822 4079 σωτηρίας
2892 4003 3351 4079 ἀπεστερὴσαμεν·
3388 4014 3541 4059 τοῦτο
3597 4010 3699 4080 γὰρ
3773 4010 3907 4063 αὐτὸ

2292 4099 2381 4146 καὶ
2425 4099 2595 4167 χωρὶς
2643 4094 2814 4169 ἑτέρας
2855 4093 3189 4167 εἰσπράξεως,
3223 4100 3448 4166 μεγίστη
3486 4092 3750 4154 καταδίκη
3783 4112 3798 4127 ⁸
3835 4101 3909 4160 ὡς

2292 4189 2381 4235 καὶ
2425 4186 2449 4236 ὀ
2484 4186 2668 4257 Κύριος
2698 4187 2880 4256 ἔφησεν
2903 4202 2913 4213 ’
2949 4206 2969 4232 ι
3005 4183 3062 4236 Ὀ
3092 4188 3162 4255 μὴ
3211 4188 3470 4237 πιστεύων
3510 4185 3583 4246 εἰς
3626 4190 3715 4238 τὸν
3754 4190 3901 4254 Υὶὸν,

2292 4270 2399 4332 ἤδη
2431 4278 2684 4347 κέκριται,
2712 4296 2731 4321 ι
2754 4276 2993 4325 τουτέστι
3024 4276 3136 4344 ἔχει
3167 4277 3259 4332 τὴν
3289 4270 3443 4331 δίκην
3468 4296 3479 4308 ο
3514 4280 3629 4327 τίνα
3656 4278 3859 4334 ταύτην
3886 4295 3900 4343 ;

2292 4362 2416 4414 αὐτὸ
2460 4366 2517 4414 τὸ
2567 4367 2637 4434 μὴ
2677 4369 2957 4415 πιστεῦσαι
3006 4363 3075 4424 εἰς
3120 4362 3273 4415 αὐτόν
3308 4380 3321 4392 ⁸
3356 4363 3529 4436 ἑτέρας
3561 4360 3638 4434 δὲ,
3674 4367 3758 4417 ὅτι
3806 4375 3903 4419 τοῦ

2290 4448 2462 4525 δώρου
2536 4456 3009 4524 κατεφρονήσαμεν,
3070 4452 3149 4503 ὅτι
3202 4456 3296 4510 τὴν
3361 4456 3521 4525 χάριν
3578 4452 3897 4526 ιῖϐρίσαμεν,

2286 4545 2372 4593 τὸν
2422 4541 2686 4615 εὐεργέτην
2732 4539 3172 4613 ἐξουθενήσαμεν·
3203 4543 3272 4602 ὡς
3332 4550 3475 4615 κοινῇ
3531 4545 3764 4617 τραπέζῃ
3830 4554 3895 4617 τῇ

2285 4638 2515 4702 μυστικῇ
2576 4638 2735 4705 τροφῇ
2791 4634 2877 4682 καὶ
2933 4635 3252 4702 συσσώμους
3296 4633 3437 4702 ἡμᾶς
3484 4640 3575 4684 τοῦ
3622 4631 3898 4707 ἀχράντου

2286 4726 2525 4791 σώματος
2603 4719 2761 4770 αὑτοῦ
2830 4717 3331 4792 παραπευαζούσῄ,
3390 4723 3895 4794 κατεχρησάμεθα⁶

2283 4808 2376 4860 οὐκ
2432 4804 2518 4859 οὖν
2576 4804 2727 4860 οὐδὲν
2785 4809 2990 4879 ἄμεινον
3047 4809 3097 4860 οἱ
3166 4815 3393 4861 τοιοῦτοι
3448 4817 3547 4861 τῶν
3613 4806 3893 4863 Ἰουδαίων

2285 4894 2613 4962 διετέθησαν,
2646 4895 2694 4947 οἳ
2725 4899 2781 4948 τό
2814 4898 3026 4970 φρικτόν
3065 4895 3223 4949 ἐκεῖνο
3270 4902 3359 4950 καὶ
3403 4896 3695 4971 ἀτόλμητον
3740 4901 3893 4971 ἔργον

2283 4986 2592 5058 ἐτόλμησαν,
2654 4988 2710 5037 τό
2775 4989 3023 5047 ζωοποιόν
3084 4995 3237 5058 σῶμα
3293 4995 3530 5061 Χριστοῦ
3588 4991 3672 5039 ἐπὶ
3733 4988 3894 5051 ξύλον

2280 5078 2650 5150 κρεμάσαντες,
2683 5079 2773 5125 καὶ
2798 5082 2860 5146 τῇ
2893 5074 3066 5145 λόγχη
3100 5081 3192 5126 τοῦ
3225 5076 3441 5147 αἳματος
3470 5075 3853 5138 ἐκκενώσαντες
3880 5118 3893 5130 .

2281 5162 2462 5237 διόπερ
2505 5164 2725 5235 εὐλόγως
2762 5164 2786 5215 6
2828 5159 3154 5225 διδάσκαλος
3197 5171 3286 5224 τῆς
3334 5164 3642 5237 οἰκουμένης
3672 5166 3896 5237 ἐνόχους

2279 5256 2405 5307 εἶναι
2444 5257 2564 5313 τοὺς
2594 5254 2863 5314 τοιούτους
2894 5259 2985 5305 τοῦ
3019 5257 3257 5326 σώματος
3286 5258 3375 5307 καὶ
3415 5261 3503 5308 τοῦ
3542 5255 3764 5327 αἳματος
3796 5264 3891 5309 τοῦ

2282 5348 2475 5416 Κυρίου
2506 5341 2922 5415 κατεψηφίσατο.

2392 5526 2435 5560 ⁵⁷
2468 5526 2635 5580 Joan.
2667 5540 2719 5586 ν,
2749 5523 2819 5577 44
2861 5560 2875 5577 .
2988 5524 3036 5557 ⁸⁸
3068 5521 3241 5581 Joan.
3274 5539 3351 5591 ιιι,
3393 5527 3475 5580 t8.
