4140 6198
185 291 294 348 457

690 424 1004 474 ararum}:
1032 417 1130 474 oa’
1161 420 1294 493 (Ἡ).

180 513 287 561 Τοῦ
363 511 559 581 Κυρίου
622 512 750 583 πρὸς
799 514 896 583 τὴν
963 516 1269 582 Σαμαρεῖτιν
1323 510 1436 583 (72)
1491 512 1720 574 εἰπόντος
1779 529 1792 544 '

256 599 288 656 ει
325 583 612 632 Πίστευσόν
669 599 780 652 μοι,
837 582 1012 651 γύναι,
1067 584 1282 656 ἔρχεται
1337 582 1467 656 ὥρα,
1533 586 1614 637 ὅτε
1679 588 1796 637 οὔτε

254 649 308 702 ἐν
383 658 456 720 τῷ
528 655 634 726 ὄρει
669 649 875 722 τούτω,
928 655 1045 704 οὔτε
1090 649 1568 727 ’ἐν’Ἱεροσολύμοις
1626 675 1794 729 προσ-

255 728 510 799 κυνήσετε
574 730 645 799 τῷ
703 728 867 798 Πατρί
923 743 938 757 ·
1000 725 1142 796 ὑμεῖς
1206 725 1562 799 προσκυνεῖτε,
1620 725 1795 779 δὀὐκ

256 790 439 868 οἰδατε
505 812 520 827 ο
583 790 732 868 ἡμεῖς
814 790 1254 868 προσκυνοῦμεν,’
1309 796 1334 849 ὃ
1400 790 1637 868 οῖδαμεν,
1716 801 1796 850 ὅτι

255 866 288 922 ἡ
352 868 592 940 σωτηρία
622 863 702 917 Vix
756 863 868 940 {ad
913 863 1225 940 Ἰουδαίων,
1263 890 1293 918 ››
1337 874 1448 940 καὶ-
1487 863 1633 934 ἑξῆς,⁷
1679 873 1796 940 τού-

253 955 357 1014 των
540 944 648 1014 τῷν
707 936 1004 1014 σεϐασμίων
1055 934 1220 1014 λόγων
1271 943 1362 999 τὴν
1421 937 1643 1014 δύναμιν
1701 938 1797 995 διὰ

255 1012 415 1069 ποίας
445 1006 682 1069 ἐπιϐολῆς
707 1006 1157 1083 καταληψόμεθα’;

1223 295 1322 351 ΑΒ
1361 296 1915 357 AMPHILOCHIUM
1957 298 2283 368 QU/ESTIO
2324 299 2560 356 LXXIV.

1829 425 1875 480 Α

3457 300 3561 356 458

2014 425 2333 490 ΟΠΛΕὸΤΙΟ
2370 426 2560 482 LXXIV
2586 424 2760 497 [Gall.
2797 425 3046 490 LXXVII,
3078 426 3157 482 al.
3202 424 3452 497 LXXIII].

1908 515 2160 582 Quando
2202 514 2486 571 Dominus
2527 515 2608 571 ad
2627 514 3270 572 Samaritanamdicil:
3317 534 3344 566 «
3376 514 3564 572 Crede

1976 586 2136 650 mihi,
2170 586 2406 659 mulier,
2439 587 2596 656 quod
2634 589 2836 651 veniet,
2871 587 3036 651 hora,
3086 586 3326 659 quando
3365 602 3470 642 nec
3496 587 3561 642 in

1977 664 2174 713 monte
2196 657 2324 721 hoc,
2347 672 2453 713 nec
2468 659 2918 728 Hierosolymis,
2950 657 3269 714 adorbbitis
3280 657 3517 714 Patrem
3544 675 3558 712 :

1979 743 2075 783 vos
2106 729 2374 784 adoratis
2412 730 2572 800 quod
2599 730 2831 785 nescitis
2863 749 2876 796 ;
2910 745 3015 786 nos
3033 730 3371 795 adoramus,
3403 729 3564 800 quod

1975 801 2210 866 scimus,
2255 803 2527 870 quoniam
2578 802 2745 856 salus
2786 808 2966 857 estea:
3003 801 3229 858 Iudaeis
3260 802 3330 869 5°,
3369 822 3389 848 ι
3422 806 3560 865 etc.,

1977 870 2182 945 horum
2203 871 2672 945 venerandorum
2692 872 3062 944 eloquiorum
3076 873 3191 928 vim
3204 888 3310 945 quo
3329 873 3562 930 tandem

1974 942 2172 998 studio
2204 957 2583 1015 assequemur
2610 942 2638 998 ?

178 1136 459 1187 Editarum
492 1151 526 1187 a
551 1135 743 1188 Wolﬁo
755 1139 928 1202 prima
942 1138 1096 1190 Curre
1110 1140 1384 1252 Philologt.,
1397 1142 1716 1268 fu?
1727 1141 2072 1254 669879,Ielx}3::
2088 1141 2565 1254 innglilaggianam
2582 1142 2868 1193 editionem
2890 1143 3155 1194 trasnlata
3171 1143 3418 1194 Biblioth.
3441 1144 3556 1206 PP.,

1364 1239 1376 1251 .
1513 1243 1526 1260 ,
1584 1245 1593 1254 .
1710 1232 1726 1240 -
1827 1239 1840 1254 .
2081 1241 2091 1252 .
2171 1241 2182 1265 ,
2270 1242 2284 1262 ,
2373 1241 2384 1253 .

1364 1239 1376 1251 .
1397 1232 1526 1260 Ληι,
1546 1232 1593 1265 ν.
1618 1232 1840 1254 uva-val.
1863 1232 2091 1254 auduau.
2115 1232 2182 1265 Iv,
2206 1232 2284 1262 ιιι,
2307 1232 2384 1254 ιιι.

244 1297 305 1351 ῚΙ
360 1301 452 1371 μὲν
526 1305 868 1373 Σαρμαρειτις
951 1308 1051 1352 τῶν
1123 1298 1424 1354 Ἰουδαίκῶν
1495 1301 1620 1354 ἐθῶν
1699 1307 1790 1355 καὶ

175 1384 461 1460 δογμάτων
513 1392 576 1441 τὰ
644 1396 736 1448 τῆς
797 1385 1171 1463 Σαμαρείτιδος
1227 1388 1382 1453 δόξης
1436 1390 1650 1460 ἐξαίρειν
1701 1396 1790 1444 καὶ

171 1479 503 1550 ὐπερτιθέναι
554 1482 648 1536 τὴν
707 1479 789 1529 ὅτι
840 1477 1073 1549 μάλιστα
1133 1476 1373 1538 σπουδὴν
1430 1479 1786 1537 κατεϐάλλετο.

171 1570 256 1620 Διό
289 1572 384 1619 xui
414 1572 472 1619 τό
501 1585 514 1596 ’
546 1586 573 1617 (‹
605 1571 691 1626 Μὴ
742 1566 933 1640 μείζων
964 1565 1013 1620 εἶ
1055 1571 1121 1620 σὺ
1147 1576 1238 1621 τοῦ
1277 1572 1474 1642 πατρὸς
1518 1572 1662 1642 ἡμῶν
1689 1570 1788 1623 Ἰα-

171 1655 278 1707 κὼϐ
317 1673 332 1721 ;
372 1679 392 1705 ι
429 1653 574 1730 ὕδωρ
601 1657 703 1717 ζῶν
734 1657 1103 1729 ὑποσχομένου
1153 1665 1242 1709 τοῦ
1312 1665 1546 1730 Σωτῆρος
1610 1679 1785 1733 παρα-

1976 1303 2358 1359 Samaritana
2393 1302 2493 1359 illa
2521 1318 2770 1375 operam
2809 1320 2939 1359 cum
2967 1303 3228 1360 maxime
3258 1303 3460 1371 dabat,
3493 1300 3564 1359 ut

1902 1393 2409 1449 Samaritanorum
2431 1392 2653 1464 placita
2673 1393 2952 1449 institutis
2981 1397 3037 1449 et
3053 1392 3437 1462 dogmatibus
3453 1393 3556 1448 Ju-

1899 1479 2084 1536 daicis
2111 1481 2414 1553 praeferret
2451 1487 2507 1537 et
2570 1485 2973 1554 anteponeret.
3018 1481 3337 1553 Propterea
3375 1481 3556 1539 etiam

1896 1568 2044 1624 illud
2075 1586 2086 1624 :
2127 1592 2146 1620 ι
2176 1573 2324 1626 Num
2343 1570 2535 1641 major
2565 1577 2625 1626 tu
2655 1587 2718 1626 es
2744 1575 2908 1642 patre
2934 1575 3137 1627 nostro
3158 1571 3384 1628 Jocobo
3397 1574 3445 1609 ⁸ο
3469 1572 3496 1627 ?
3523 1591 3552 1624 ››

1897 1658 2185 1714 Salvatori
2229 1661 2452 1723 nostro,
2484 1675 2707 1731 aquam
2742 1659 3042 1715 viventem
3100 1659 3418 1730 pollicenti,
3459 1675 3556 1716 oc-

173 1752 330 1816 σχεῖν
378 1743 768 1817 ἀντεφθέγξατο.
798 1746 856 1797 Ὀ
897 1742 956 1798 δὲ
1004 1751 1203 1821 Σωτὴρ,
1253 1746 1534 1819 οἰκονομεῖν
1586 1747 1783 1800 ἅπαντα

1906 1747 2193 1804 sentabat.
2219 1749 2361 1804 Cum
2381 1763 2518 1805 vero
2547 1750 2840 1815 Servator,
2877 1748 2980 1821 qui
3020 1748 3226 1806 omnia
3257 1748 3555 1821 sapienter

173 1843 353 1905 σοφῶς
413 1831 583 1898 εἰδὼς,
642 1838 700 1886 τό
745 1837 834 1906 μὲν
885 1833 1062 1910 ἐξᾶραι
1117 1839 1184 1888 τὰ
1239 1833 1530 1903 Ἰουδαίων,
1585 1842 1673 1889 καὶ
1725 1841 1783 1890 τό

171 1924 356 1994 μεῖξον
415 1923 528 1993 (73)
589 1923 744 1975 εἰπεῖν
807 1923 1020 1977 αὐτόθεν
1079 1925 1272 1988 πλῆξαι
1323 1930 1605 2000 πρόχειρον
1671 1926 1780 1979 ἑπι-

173 2016 449 2084 στάμενος,
507 2016 597 2064 καὶ
652 2017 768 2065 τότε
820 2017 1060 2084 γυναικὸς
1111 2012 1343 2068 διάνοιαν
1389 2015 1646 2088 προλήψει
1685 2024 1782 2067 τῶν

170 2099 416 2154 ἐναντίων
472 2103 1019 2173 προκατασχεθεῐσαν,
1087 2108 1175 2155 xui
1241 2100 1393 2156 οὐδὲν
1450 2113 1550 2155 τῶν
1599 2105 1784 2162 αἰσθη-

169 2198 269 2241 τῶν
325 2189 642 2264 ὑψηλότερον
685 2195 807 2252 τέως
846 2192 1235 2264 φανταζομένης
1269 2212 1281 2225 ⁸
1320 2200 1473 2245 τοῦτο
1519 2195 1607 2265 μὲν
1653 2192 1784 2246 ἁπο-

172 2280 495 2352 θησαυρίςει
523 2289 582 2352 τῇ
622 2288 790 2354 σιωπῇ
839 2281 1004 2342 ἄλλως
1050 2301 1104 2333 τε
1148 2286 1237 2334 καὶ
1290 2282 1625 2356 μικρολογίας
1657 2279 1782 2335 εἶναι

166 2373 254 2420 xui
322 2367 529 2432 ἀνάξιον
578 2367 705 2422 εἶναι
758 2377 852 2432 τῆς
901 2369 1082 2428 Ἰησοῦ
1135 2371 1548 2442 μεγαλειότητος,
1597 2375 1686 2422 xui
1726 2374 1782 2422 τό

163 2462 333 2528 μείζω
363 2454 495 2511 εἶναι
541 2461 628 2511 τόν
684 2455 868 2511 δοῦλον
923 2465 1017 2512 τοῦ
1074 2456 1334 2512 δεσπότου
1380 2458 1779 2532 ἀποφαίνεσθαι.

160 2546 216 2598 Ἠ
265 2551 373 2619 γὰρ
426 2549 541 2618 (74)
601 2547 648 2599 ἐν
719 2553 998 2621 συγκρίσει
1067 2545 1326 2602 δεσπότου
1399 2552 1526 2622 πρὸς
1598 2545 1780 2601 δοῦλον

163 2631 400 2708 διαφορὰ
446 2643 552 2697 τοίς
603 2632 908 2708 δευτερείοις
974 2637 1163 2708 μᾶλλον
1220 2640 1454 2709 σεμνύνει
1508 2641 1595 2689 τόν
1655 2635 1779 2690 ὁόῡ-

161 2723 262 2791 λον,
312 2729 405 2777 καὶ
449 2721 542 2778 διὰ
570 2733 668 2777 τῶν
696 2730 960 2800 πρωτείων
999 2726 1271 2798 μεγαλύνει
1297 2729 1382 2778 τόν
1434 2724 1776 2788 δεσπόζοντα.

163 2816 248 2866 Διό
301 2821 474 2866 ταῦτα
523 2817 612 2886 μὲν
652 2817 791 2886 ἔχειν
831 2813 1020 2886 ἀφίησι
1062 2819 1155 2872 τὴν
1197 2819 1417 2880 σιωπὴν,
1468 2811 1560 2867 διὰ
1600 2811 1658 2868 δὲ
1687 2815 1780 2889 ῥη-

165 2905 347 2973 μάτων
396 2901 595 2977 ἑτέρων,
641 2900 793 2955 οὐδὲν
837 2906 927 2974 μὲν
973 2904 1127 2960 ἧττον
1170 2911 1322 2956 τοῦτο
1365 2905 1780 2964 κατασκευάζειν

168 2990 498 3063 δυναμένων,
549 2995 637 3043 καὶ
694 2996 978 3064 φευγόντων
1039 2989 1097 3044 δὲ
1140 2991 1250 3064 ἅμα
1290 2997 1383 3051 τὴν
1426 2993 1781 3068 μικρολογίαν,

166 3080 390 3133 λεαίνειν
446 3100 500 3133 τε
549 3086 644 3139 τὴν
694 3080 854 3139 ἀκοὴν
922 3078 1370 3156 ἐπιτηδειοτέρων,
1426 3087 1517 3140 τὴν
1573 3087 1781 3154 γνώμην

164 3170 662 3245 παρίστησιν
698 3166 841 3224 Οὐδὲ
883 3172 1004 3242 γὰρ,
1054 3167 1179 3223 οὐδὲ
1225 3175 1319 3229 τὴν
1378 3173 1656 3244 σύγκρισιν
1694 3177 1783 3224 xui

166 3265 260 3318 τὴν
296 3257 347 3310 ἐν
380 3255 509 3329 δόξῃ
573 3255 828 3331 διαφορὰν
882 3259 1036 3320 αὐτὸς
1090 3258 1291 3330 ἐπάγει,
1339 3259 1467 3312 ἀλλὰ
1503 3265 1782 3334 παραπέμ-

166 3368 248 3401 πει
323 3351 383 3400 τὸ
440 3351 647 3419 γύναιον
701 3347 756 3400 ἐκ
802 3357 903 3400 τῶν
951 3349 1320 3422 ῥηθησομένων
1373 3357 1468 3410 τῆς
1514 3351 1784 3422 ὑπεροχῆς

163 3441 258 3495 τὴν
315 3437 601 3509 ὑπερϐολὴν
645 3436 1082 3508 συλλογίσασθαι.
1128 3459 1154 3486 ι(
1202 3442 1300 3490 Καὶ
1334 3440 1436 3510 γὰρ
1482 3437 1536 3489 ἐκ
1574 3441 1780 3504 τούτου,

166 3531 326 3597 φησὶ,
375 3534 469 3578 τοῦ
513 3523 708 3587 ὕδατος
737 3527 762 3578 ό
793 3530 951 3578 πίνων
997 3522 1218 3597 διψήσει
1259 3526 1372 3598 (76)
1415 3529 1568 3579 πάλιν
1598 3547 1610 3559 ο
1646 3527 1700 3588 ὃς
1731 3524 1782 3580 δ’

164 3613 223 3665 ἂν
273 3619 374 3687 πίη
424 3613 478 3666 ἐκ
526 3622 619 3667 τοῦ
673 3612 890 3684 ὕδατος,
924 3615 984 3668 οὗ
1037 3614 1135 3686 ἐγώ
1178 3612 1335 3668 δώσω
1385 3615 1547 3687 αὐτῷ,
1598 3616 1656 3668 οὐ
1707 3621 1779 3689 μὴ

169 3700 388 3776 διψήσῃ
431 3704 499 3764 εἰς
532 3707 618 3756 τὸν
650 3704 833 3756 αἰῶνα.
869 3726 898 3752 δ)

238 3797 348 3845 Καὶ
398 3794 496 3866 ὅρα
521 3796 578 3845 τὸ
627 3797 783 3864 σοφόν
833 3802 932 3844 τῶν
973 3793 1136 3865 λόγων
1176 3797 1265 3845 καὶ
1306 3798 1399 3852 τὴν
1438 3791 1679 3867 δύναμιν.
1712 3798 1782 3847 Τὸ

167 3885 278 3952 μὲν,
333 3884 416 3933 ὅτι
450 3902 473 3932 α
511 3877 733 3952 διψήσει
767 3881 940 3951 πάλιν,
975 3904 1002 3931 ιι
1038 3879 1191 3952 εἶπεν,
1237 3882 1295 3934 οὐ
1340 3879 1577 3955 δεόμενον
1625 3903 1783 3936 κατα-

169 3977 368 4032 σκευῆς
399 3969 685 4042 ἀλλαχόθεν
718 3989 730 4000 ⁵
765 3970 1081 4028 αὐτόκλητον
1130 3973 1230 4044 γὰρ
1285 3972 1398 4043 εἶχε
1435 3977 1528 4030 τὴν
1558 3981 1784 4044 γυναῖκα

166 4063 417 4134 μάρτυρα
439 4078 450 4089 ·
483 4063 542 4112 τό
575 4057 655 4123 δὲ,
694 4081 718 4110 α
763 4060 836 4112 Οὐ
868 4065 937 4132 μὴ
967 4057 1190 4131 διψήσει
1221 4059 1292 4120 εἰς
1321 4065 1407 4112 τόν
1439 4061 1620 4128 αἰῶνα,
1656 4083 1682 4112 ››
1709 4072 1781 4134 τῷ

167 4150 377 4220 μεγέθει
417 4157 512 4210 τῆς
561 4148 877 4220 ἀπαγγελίας
936 4149 1006 4210 εἰς
1060 4151 1228 4221 ἔφεσιν
1286 4149 1448 4207 αὐτὴν
1503 4157 1597 4211 τῆς
1645 4151 1780 4202 ὑπο-

169 4243 413 4309 σχέσεως
463 4234 763 4308 διανιστῶν,
817 4236 890 4290 δι’
943 4237 1130 4310 ἀμφοῖν
1180 4235 1238 4290 δέ
1288 4241 1414 4312 πρὸς
1468 4237 1779 4292 ἐπιστασίαν

166 4329 311 4398 ἄγων
362 4329 619 4400 θειοτέρας
673 4327 980 4398 ὑπολήψεως
1030 4345 1040 4356 ·
1088 4332 1240 4400 μόνον
1285 4327 1411 4399 οὐχὶ
1468 4327 1626 4399 λέγων
1664 4347 1674 4358 ·
1723 4329 1782 4381 Εἰ

165 4419 252 4468 τόν
287 4414 479 4469 Ἰακὼϐ
529 4417 672 4486 ἄγεις
714 4415 762 4467 ἐν
811 4420 1010 4488 μείζονι
1052 4424 1176 4489 τιμῇ
1227 4421 1316 4469 xui
1347 4419 1622 4488 θαυμασίῳ
1653 4438 1778 4470 κατ-
1812 4445 1857 4499 D

167 4507 462 4578 ορθὼματι,
524 4503 631 4557 ἐπεὶ
687 4510 952 4578 παρέσχεν
1001 4507 1122 4578 ὑμῖν
1183 4503 1349 4579 ὕδωρ,
1404 4505 1458 4568 ἐξ
1509 4507 1569 4557 οὗ
1626 4507 1776 4559 πάλιν

165 4597 190 4644 ό
221 4598 387 4646 πίνων
441 4593 513 4655 εἰς
558 4598 651 4652 την
699 4594 862 4652 αὐτὴν
915 4593 1284 4668 ἐπαναστρέφει
1324 4591 1486 4666 δίψαν
1515 4615 1527 4627 ·
1571 4601 1686 4647 τίνα
1717 4598 1778 4647 ἄν

166 4701 224 4736 σε
253 4681 579 4752 λογίσασθαι
616 4687 750 4756 χρὴ,
785 4683 839 4745 ὃς
880 4679 1024 4756 ὕδωρ
1056 4691 1356 4758 παρασχεῖν
1385 4684 1499 4736 ἐστι
1532 4682 1774 4749 δυνατὸς,

804 4898 853 4934 ⁵ο
884 4897 1027 4954 ibid.
1064 4900 1152 4956 1'2.

239 4897 291 4932 ⁵³
328 4898 724 4965 Joan.1v,2t.
804 4898 853 4934 5°
884 4897 1027 4954 ibid.
1064 4900 1152 4956 t2.
1230 4900 1274 4935 ⁶¹
1308 4897 1457 4957 ibid.
1497 4899 1585 4956 13.

1895 1851 2097 1892 curare
2123 1837 2307 1902 novit,
2338 1836 2528 1909 probe
2558 1836 2924 1906 intelligeret,
2958 1837 3231 1893 animum
3264 1837 3551 1901 mulieris,

1894 1925 2244 1998 praejudicio
2282 1926 2580 1982 contrario
2619 1931 2950 1998 occupatae,
2981 1930 3035 1982 et
3063 1941 3186 1983 non
3225 1926 3340 1982 nisi
3367 1925 3555 1982 sensi-

1893 2014 2034 2071 bilia
2059 2014 2360 2086 sapientis,
2395 2014 2568 2072 valde
2608 2015 2954 2087 perculsum
2981 2016 3067 2083 iri,
3112 2015 3163 2070 si
3191 2031 3286 2071 res
3313 2016 3554 2072 Judaao—

1892 2119 2025 2158 rum
2048 2103 2368 2169 extolleret,
2401 2109 2458 2159 et
2497 2105 2787 2175 majorem
2828 2120 2889 2160 se
2947 2119 3082 2160 esse
3120 2104 3494 2176 proﬁteretur
3533 2121 3548 2170 ;

1894 2192 1952 2247 id
1981 2192 2224 2264 quidem
2248 2208 2460 2248 omnes
2494 2193 2729 2249 silentio
2765 2191 3178 2264 praetermittit,
3206 2196 3270 2248 ut
3295 2197 3546 2259 taceam,

1891 2280 2179 2336 humilius
2199 2283 2292 2337 etJ
2300 2297 2402 2336 esu
2431 2281 2740 2352 majestate
2756 2281 3071 2350 indignum
3086 2281 3292 2350 fuisse,
3311 2297 3548 2337 servum

1891 2369 2140 2425 domino
2187 2370 2480 2440 majorem
2520 2369 2806 2440 proﬁteri.
2853 2369 2996 2436 Qum
3047 2369 3208 2426 enim
3255 2369 3408 2426 inter
3445 2370 3550 2426 do-

1892 2459 2110 2513 minum
2136 2461 2194 2513 et
2233 2473 2472 2514 servum
2511 2457 2671 2513 facta
2708 2457 3186 2529 comparatione,
3219 2457 3549 2516 differentia.

1892 2546 2217 2613 intercedit,
2252 2547 2352 2603 illa
2380 2547 2463 2603 ita
2483 2551 2832 2619 comparata
2851 2551 2958 2614 est,
2981 2551 3039 2604 ut
3054 2547 3335 2604 secundas
3350 2553 3548 2620 partes

1891 2653 2129 2693 servum
2159 2637 2430 2707 deceant,
2458 2637 2618 2694 idem
2670 2653 2833 2702 vero,
2868 2637 2916 2693 si
2952 2637 3178 2708 primas
3203 2641 3418 2704 teneat,
3445 2638 3549 2695 do-

1892 2727 2012 2782 min
2023 2743 2124 2782 um
2145 2744 2322 2782 suum
2334 2730 2522 2783 ornet.
2545 2727 3164 2798 Pr0ptereaDominus
3179 2726 3278 2782 illa
3302 2727 3549 2801 quidem

1892 2817 2032 2886 tegit
2049 2816 2298 2880 silentio,
2332 2816 2530 2872 verbis
2548 2832 2684 2872 vero
2711 2816 2867 2885 aliis,
2889 2833 3022 2889 qua:
3050 2816 3189 2872 hinc
3210 2832 3326 2872 non
3349 2817 3548 2873 minus

1893 2905 1971 2960 ad
2002 2921 2129 2960 rem
2171 2903 2608 2960 conﬁciendam
2659 2905 3122 2962 accommodata
3173 2908 3360 2972 erant,
3407 2904 3549 2961 hinc

1894 3009 2031 3049 vero
2065 2993 2143 3050 ab
2181 2993 2386 3049 humili
2427 2991 2659 3048 dicendi
2682 3007 2896 3064 genere
2922 2992 3548 3066 aliena,insurperque

1823 3095 1864 3151 α
1897 3081 1972 3136 ad
2001 3081 2432 3137 demulcendas
2451 3080 2689 3136 feminae
2713 3095 2887 3137 aures
2909 3079 3353 3150 magisidonea,
3371 3097 3546 3136 suam

1895 3170 2508 3244 exponitsententiam.
2528 3170 2896 3244 Nequeenim
2918 3169 3011 3225 vel
3031 3171 3546 3242 comparationem

1892 3261 2075 3326 illam,
2117 3260 2208 3316 vel
2242 3259 2548 3330 dignitatis
2587 3257 2986 3314 differentiam
3019 3263 3210 3328 urget,
3253 3259 3358 3316 sed
3396 3259 3550 3316 femi-

1891 3366 2033 3407 nam
2049 3365 2116 3405 eo
2155 3350 2326 3412 ducit,
2354 3352 2416 3404 ut
2435 3364 2507 3403 ex
2535 3347 2671 3413 illis,
2697 3364 2831 3420 quae
2854 3363 2996 3403 mox
3029 3347 3336 3405 afferenda
3359 3352 3548 3417 erant,

1892 3437 2301 3510 praerogativae
2355 3452 2478 3491 sua:
2529 3435 2939 3508 prmstantiam
2997 3435 3279 3506 colligere
3326 3440 3546 3509 posset.

1893 3547 1922 3579 «
1954 3528 2060 3594 Qui
2095 3527 2274 3592 enim,
2312 3527 2519 3598 inquit,
2559 3540 2628 3580 ex
2667 3525 2782 3581 ista
2821 3541 2978 3598 aqua
3007 3524 3242 3593 biberit,
3274 3525 3426 3582 sitiet
3451 3526 3552 3581 de-

1891 3632 2014 3673 nuo
2043 3633 2056 3683 ;
2083 3615 2187 3686 qui
2218 3631 2358 3671 vero
2385 3613 2596 3670 biberit
2622 3629 2693 3669 ex
2731 3630 2912 3687 aqua,
2955 3630 3144 3687 quam
3185 3631 3297 3686 ego
3336 3615 3419 3672 illi
3445 3615 3551 3672 da-

1890 3711 2060 3762 turus
2092 3721 2247 3771 sum,
2272 3719 2393 3760 non
2424 3703 2576 3759 sitiet
2596 3703 2656 3759 in
2683 3709 2970 3760 internum
2996 3705 3065 3758 ⁸⁸.
3091 3724 3119 3757 ››

1959 3797 2083 3849 Jam
2105 3794 2242 3849 vide
2267 3793 2480 3848 horum
2523 3792 2841 3848 verborum
2876 3793 3238 3866 sapientiam
3270 3801 3325 3850 et
3349 3793 3550 3852 efﬁca-

1891 3882 2069 3939 ciam.
2103 3881 2349 3948 Quando
2391 3881 2550 3935 enim
2593 3881 2691 3946 ait,
2726 3901 2754 3932 «
2781 3881 2944 3954 quod
2977 3881 3132 3938 sitiet
3163 3882 3395 3948 iterum,
3428 3903 3452 3934 »
3487 3883 3547 3939 id

1889 3971 2135 4044 quidem
2168 3970 2331 4026 nulla
2359 3969 2598 4026 aliunde
2637 3970 3091 4026 conﬁrmatione
3130 3971 3364 4041 egebat,
3407 3987 3545 4028 cum

1889 4060 2020 4133 ipsa
2045 4059 2265 4116 femina
2291 4065 2496 4114 testem
2523 4074 2584 4112 se
2613 4057 2763 4113 ultro
2787 4060 3116 4130 praeberet;
3141 4060 3388 4131 quando
3408 4074 3546 4116 vero

1891 4149 2078 4214 addit,
2105 4168 2133 4201 «
2177 4147 2340 4220 quod
2385 4162 2503 4202 non
2549 4146 2703 4203 sitiet
2747 4147 2808 4203 in
2851 4153 3166 4212 aeternum,
3197 4169 3222 4199 ν
3269 4148 3546 4204 eamdem

1889 4239 2068 4310 hujus
2082 4237 2357 4310 promissi
2376 4235 2772 4306 magnitudine
2785 4236 2862 4292 ad
2876 4236 3238 4293 desiderium
3252 4237 3377 4310 ejus
3394 4239 3548 4294 exci-

1889 4331 1990 4396 tat,
2021 4328 2294 4399 utrinque
2322 4341 2464 4381 vero
2495 4342 2560 4380 eo
2583 4324 2762 4391 ducit,
2792 4330 2854 4382 ut
2875 4325 3133 4381 divinius
3160 4325 3384 4397 aliquid
3410 4326 3547 4383 sub-

1888 4432 2017 4472 esse
2061 4416 2461 4487 suspicaretur
2492 4433 2506 4483 ;
2532 4415 2708 4486 quasi
2757 4414 3015 4470 diceret:
3053 4415 3110 4471 Si
3154 4415 3444 4471 Iacobum
3483 4415 3545 4471 in

1889 4521 2111 4575 magno
2141 4505 2325 4560 habes
2365 4503 2568 4575 pretio,
2613 4507 2669 4559 et
2707 4502 3103 4560 admiratione
3142 4505 3542 4576 prosequeris,

1887 4595 2048 4668 quod
2065 4610 2286 4668 aquam
2309 4593 2480 4648 vobis
2501 4592 2684 4658 dedit,
2715 4609 2784 4647 ex
2810 4608 2932 4664 qua
2947 4593 3050 4665 qui
3071 4592 3306 4660 biberit,
3330 4593 3543 4650 eadem

1890 4685 1980 4741 siti
2008 4683 2207 4740 denuo
2230 4681 2544 4754 corripitur
2572 4727 2590 4753 ,
2641 4680 2883 4754 qualem
2910 4680 3078 4738 illum
3124 4681 3461 4740 existimare
3487 4687 3544 4739 te

1748 5051 1972 5107 NOT/E.

243 5256 362 5330 (7t)
403 5255 554 5330 Lege
605 5251 724 5307 huc
773 5250 1351 5330 Baltrhas.‘(;orderii_
1384 5253 1671 5330 catenam
1710 5253 1769 5308 in

164 5323 441 5388 sanctum
462 5326 760 5380 Joannem
787 5339 844 5395 p.
879 5327 998 5388 423,
1028 5327 1145 5395 128,
1171 5324 1271 5379 ubi
1298 5323 1501 5395 Photii,
1534 5324 1593 5378 in
1617 5324 1774 5380 idem

158 5396 608 5461 oraculum,sed
621 5396 736 5453 alia
751 5394 1774 5466 ratione,commentantis,quaadam

164 5474 475 5614 “gigni;
503 5538 700 5594 scribo
727 5554 856 5593 cum
889 5537 1222 5593 Colbertino
1249 5553 1357 5610 pro
1390 5542 1707 5612 Σαμαρίτην.

231 5549 778 5689 ἒ73),(ζοη)..μιίξ‹ιξνΔ
797 5611 1016 5689 rectius
1048 5613 1214 5689 puto,
1264 5609 1671 5689 subintellecto
1705 5649 1707 5658 ς

255 5607 370 5692 73)·
390 5611 779 5692 (ζοὼκμιίξων
797 5611 1016 5692 rectius
1048 5613 1214 5692 puto,
1252 5607 1671 5692 'snbint‘ell'ecto
1705 5607 1772 5662 εἷ-

161 5679 251 5741 ναί
274 5705 288 5754 ;
311 5679 430 5743 nisi
458 5679 630 5740 malis
659 5682 840 5754 μείζω,
872 5685 936 5738 ut
964 5679 1145 5754 paulo
1183 5685 1338 5753 post.

1954 5252 2064 5322 (74)
2089 5250 2180 5308 Sic
2207 5250 2371 5308 Colb.
2405 5265 2514 5322 pro
2545 5249 2588 5303 εἰ
2615 5250 2774 5324 quod
2797 5249 3024 5308 librarii
3051 5250 3283 5309 incuria
3302 5252 3540 5310 invexe-

1893 5328 2050 5464 raziS
2114 5398 2244 5450 Post
2302 5399 2513 5466 γνώμην
2571 5393 2631 5448 in
2693 5393 3040 5466 apographo
3078 5394 3388 5466 legebatur
3424 5400 3532 5462 καί,

1884 5467 2070 5548 quod,
2112 5471 2174 5522 ut
2213 5465 2581 5538 superﬂuum
2611 5469 2667 5522 et
2706 5465 2997 5522 sermonis
3039 5465 3247 5523 seriem
3289 5467 3536 5523 turbans

1882 5554 2080 5682 91183;.
2116 5609 2223 5682 Ita
2255 5607 2441 5673 Colb.,
2499 5612 2556 5664 et
2614 5623 2754 5665 mox
2804 5605 3012 5682 διψήσῃ
3055 5623 3164 5680 pro
3217 5613 3319 5661 πίει
3357 5613 3413 5664 ει
3452 5605 3532 5660 δι.

1878 5679 2055 5752 φήσει,
2088 5679 2319 5736 rectius.
