4140 6198
547 313 653 369 459
1785 302 2023 358 PHOTII
2062 301 2182 356 PA'I

2315 299 2545 356 iRCHAE
2590 299 2702 356 (ΣΡ.
3838 302 3950 359 460

554 438 807 509 oportet,
840 433 943 507 qui
975 448 1197 507 aquam
1229 429 1429 509 largiri
1449 432 1664 502 potest,
1690 445 1825 501 quae
1856 443 1977 483 non
2002 442 2185 499 corpo

2320 426 2379 479 ού
2414 429 2719 499 σωματικὴν
2766 421 2932 496 δίψαν
2976 424 3024 478 ἐν
3074 425 3234 499 ὀλίγῳ
3276 429 3453 501 χρόνῳ
3496 434 3749 503 πραύνον,
3814 427 3952 481 ἀλλὰ

552 507 737 583 ralem
766 524 923 579 sitim
957 523 1033 578 ad
1054 523 1229 577 breve
1258 507 1493 591 tempus
1518 519 1809 588 mitigare,
1840 517 1945 571 sed
1984 516 2187 571 bibent

2323 513 2603 588 δυνάμενον
2652 525 2723 586 τῷ
2771 520 2942 567 πιόντι
2986 520 3161 587 πηγὴν
3193 521 3533 589 χρηματίσαι
3576 515 3780 579 ὕδατος
3831 517 3952 570 ἀεν-

554 616 777 671 foutem
801 630 975 684 aquae
997 611 1244 683 perenis,
1286 614 1340 664 et
1370 608 1469 663 illa
1517 607 1726 662 salutis
1776 605 2028 661 ﬂumina
2075 622 2185 677 sup

2320 608 2466 669 νάου,
2525 609 2613 656 καὶ
2668 609 2917 676 παρέχειν
2973 606 3158 679 ῥεῖθρα
3222 611 3505 678 σωτηρίας,
3562 604 3597 657 ἆ
3648 626 3761 667 τοις
3821 605 3949 678 ἀρυ-

553 704 817 773 peditare
850 702 1061 767 valeat,
1095 716 1227 770 quae
1258 697 1674 754 haurientibus
1709 698 1895 751 vitam
1932 700 2188 750 aeternam

2325 698 2565 767 σαμένοις
2614 690 2926 768 καταρὸεύει
2969 700 3058 746 καὶ
3114 694 3346 765 προξενεῖ
3388 695 3525 755 ζωὴν
3557 699 3644 752 τὴν
3678 696 3900 746 αἰώνων
3934 714 3948 763 ;

550 779 883 862 largiantur
903 796 956 845 et
974 788 1322 845 conferant?
1344 793 1562 858 «Aqua
1582 786 1764 850 enim,
1788 784 2001 855 inquit,
2025 799 2185 855 quan

2328 808 2349 834 ι
2391 789 2491 836 Καὶ
2519 786 2619 856 γὰρ
2674 787 2730 834 τό
2777 779 2941 855 ὕδωρ,
2991 780 3247 854 φησὶν,’ὃ
3296 782 3396 854 ἐγὼ
3446 780 3625 856 δώσω,
3659 790 3952 855 γενήσεται

555 898 666 952 ego
688 880 868 945 dabo,
895 878 1151 950 fonsipsi
1182 877 1278 932 ﬁet
1304 892 1498 947 aquae,
1518 875 1577 929 in
1610 876 1790 929 vitam
1820 878 2100 928 aeternam
2126 888 2190 926 sa

2324 878 2464 944 αύτῷ
2516 876 2659 943 πηγὴ
2716 869 2911 933 ὕδατος
2980 872 3254 945 ἁλλομένου
3312 873 3383 933 εἰς
3435 873 3573 933 ζωὴν
3627 873 3875 930 αἰώνιον.
3918 896 3946 926 ›)

555 970 749 1027 lieutis
775 972 842 1021 δ’.
904 990 926 1018 ))
963 966 1486 1032 Quemadmodum
1538 964 1696 1018 enim
1749 979 1911 1034 aqua
1959 968 2081 1016 tum
2122 962 2190 1015 sit

2322 962 2520 1036 Ὠσπερ
2568 958 2625 1013 δὲ
2677 965 2735 1013 τὸ
2788 958 2932 1036 ὕδωρ
2979 964 3247 1036 θεραπεύει
3278 966 3368 1034 μεν
3409 967 3502 1021 τὴν
3531 959 3721 1033 δίψαν,
3757 966 3951 1016 καθαί-

557 1060 843 1120 medetur,
873 1064 996 1113 tum
1028 1061 1302 1111 externas
1341 1054 1608 1125 corporis
1641 1052 1846 1107 sordes
1877 1051 2066 1109 abluit
2092 1070 2103 1109 :
2134 1051 2192 1105 it:

2324 1071 2401 1123 ρει
2450 1047 2508 1102 δὲ
2554 1050 2666 1122 (77)
2698 1054 2783 1101 τόν
2835 1050 3013 1112 ἔξωθεν
3053 1058 3145 1102 τοῦ
3194 1057 3436 1123 σώματος
3476 1051 3772 1124 μολυσμὸν,
3812 1052 3952 1104 οὕτω

556 1149 841 1205 doctrinae
893 1148 1029 1201 Jesu
1077 1145 1349 1210 ﬂumina,
1404 1142 1697 1198 intellectu
1748 1141 2005 1197 hominis
2057 1155 2191 1195 asse!

2326 1146 2415 1191 καὶ
2466 1143 2531 1191 τὰ
2579 1142 2728 1213 νοερά
2783 1144 2873 1191 καὶ
2942 1138 3239 1213 ἀνθρώπινα
3285 1148 3380 1202 τῆς
3438 1138 3801 1203 διδασκαλίας
3858 1151 3952 1194 τού

556 1226 820 1309 quenda,
867 1242 921 1291 et
962 1233 1277 1289 sublimior
1322 1232 1396 1287 de
1447 1247 1518 1286 eo
1559 1230 1853 1285 sententia
1896 1233 2025 1284 tum
2058 1228 2191 1283 sitin

2325 1224 2502 1287 Ἰησοῦ
2539 1231 2765 1301 νάματα,
2800 1234 2889 1281 καὶ
2935 1231 2963 1287 ἡ
3024 1235 3141 1301 περὶ
3189 1229 3350 1281 αὐτοῦ
3402 1232 3633 1305 θειοτέρα
3684 1232 3956 1302 ὑπόληψις

556 1326 756 1382 levant
787 1341 856 1380 ex
900 1322 1313 1378 incredulitate
1364 1325 1576 1384 ortam,
1613 1336 1745 1391 quae
1796 1318 1944 1373 alias
1978 1316 2191 1373 vitaleu

2331 1318 2473 1370 ἰᾶται
2522 1320 2613 1388 μεν
2662 1322 2756 1375 τὴν
2805 1317 2906 1369 ἀπὸ
2966 1325 3059 1378 τῆς
3114 1319 3357 1378 ἀπιστίας
3408 1315 3591 1389 δίψαν,
3629 1318 3756 1379 ὃλην
3792 1318 3956 1372 ἐκδα-

558 1418 1135 1482 conservantemque
1174 1408 1470 1464 facultatis
1510 1405 1870 1477 intelligendi
1901 1407 2193 1460 humoren

2327 1415 2573 1460 πανῶσαν
2631 1416 2725 1469 τῆς
2772 1413 2948 1480 νοερᾶς
3004 1405 3253 1478 ἐνεργείας
3308 1412 3402 1465 τὴν
3460 1408 3691 1468 ζωτικὴν
3747 1428 3803 1461 τε
3867 1415 3956 1462 καὶ

559 1503 851 1566 absumit;
877 1504 1007 1558 tum
1028 1514 1167 1554 vero
1181 1497 1451 1553 animam
1469 1512 1504 1551 a
1523 1495 1803 1550 sordibus
1818 1499 2194 1566 purgat,qua:

2332 1500 2635 1553 συνεκτικὴν
2696 1492 2917 1567 ἰκμάδα,
2969 1497 3209 1569 καθαίρει
3262 1493 3321 1548 δὲ
3368 1501 3462 1554 τὴν
3506 1496 3697 1568 ψυχὴν
3730 1507 3836 1550 τῶν
3865 1500 3958 1573 ῥυ-

559 1594 937 1662 peccatorum
965 1585 1279 1657 spurcities
1310 1589 1365 1639 et
1395 1583 1713 1653 impiarum
1747 1581 2098 1652 opinionum
2123 1596 2193 1635 ca

2328 1587 2637 1656 πασματων,
2692 1585 2752 1643 ἣν
2823 1584 3214 1656 ἁμαρτημάτων
3267 1584 3634 1659 κατερρύπωσε
3680 1588 3800 1658 (78)
3866 1608 3957 1658 μο-

559 1680 679 1748 ligo
710 1678 929 1733 allevit.
962 1679 1101 1731 Tam
1131 1674 1327 1728 divine
1368 1672 1639 1727 Salvator
1662 1676 1859 1725 noster
1885 1669 2194 1741 responsio

2329 1673 2547 1745 λυσμός,
2608 1678 2697 1724 καὶ
2749 1673 3001 1743 λογισμός
3060 1670 3304 1744 ζοφώδης
3353 1670 3751 1726 δυσσεϐούντων
3796 1672 3956 1738 δοξα-

562 1784 699 1823 nem
730 1766 1008 1821 instruxit
1046 1764 1122 1818 ad
1144 1761 1308 1817 illam
1356 1760 1767 1832 quazstionem,
1791 1775 1897 1831 per
1917 1774 2102 1830 quam
2128 1759 2197 1813 Ja

2335 1764 2564 1833 σμάτων.
2622 1760 2749 1812 Ἀλλ’
2787 1763 2812 1813 ό
2852 1764 2941 1833 μὲν
3001 1767 3173 1833 Σωτὴρ
3226 1767 3320 1821 τὴν
3374 1759 3629 1815 ἀπόδοσιν
3675 1773 3773 1825 τῆς
3825 1767 3956 1838 ἐρω-

564 1856 716 1912 cobo
737 1853 1125 1927 praerogativa
1146 1849 1426 1923 quadam
1451 1854 1504 1904 et
1528 1849 1879 1921 praestantia
1904 1846 2199 1917 singulari:

2331 1856 2541 1916 τήσεως,
2596 1847 2667 1902 δι’
2712 1852 2776 1912 ἧς
2821 1856 2910 1902 καὶ
2961 1851 3149 1903 Ἰακὼϐ
3190 1855 3247 1903 τό
3280 1860 3529 1924 πρωτεῖον
3570 1855 3713 1923 ἔχειν
3749 1849 3952 1916 ἐδόκει,

564 1944 743 2002 tribui
761 1943 1094 1999 videbatur.

2333 1944 2420 1992 καὶ
2438 1938 2837 2011 μεγαλύνεσθαι,
2861 1942 3025 2001 οὕτως
3054 1942 3323 2013 ὑπερφυῶς
3357 1937 3716 2012 ἐμεθόδευσεν.

635 2036 766 2089 Jam
793 2032 943 2094 vide,
998 2046 1221 2102 quaeso,
1264 2044 1448 2101 quam
1483 2026 1766 2099 przeclare
1816 2042 1956 2081 mox
1979 2025 2066 2081 vis
2098 2026 2225 2095 ejus

2409 2033 2508 2081 Καὶ
2565 2030 2661 2100 ὅρα
2727 2033 3030 2100 παραυτίκα
3080 2034 3173 2086 τὴν
3254 2032 3445 2089 ταύτης
3517 2028 3773 2102 ἐνέργειαν
3862 2032 3961 2084 ἀπ-

566 2124 828 2180 eluxerit.
870 2121 1077 2177 Statim
1107 2119 1265 2174 enim
1311 2117 1546 2173 feminae
1598 2116 1751 2172 illius
1806 2121 2066 2171 mentem
2098 2115 2200 2169 illu

2337 2120 2765 2191 αστράπτουσαν.
2825 2124 3181 2189 Κατεφώτισεν
3232 2118 3383 2179 εὐθὺς
3427 2126 3518 2179 τῆς
3566 2124 3819 2189 γυναικὸς
3864 2128 3961 2179 τὴν

566 2213 834 2276 minavit,
850 2207 1433 2281 adduxitque,utﬁde
1450 2207 1739 2277 reciperet
1756 2206 2198 2277 promissionem

2338 2204 2594 2273 διάνοιαν,
2647 2210 2735 2258 καὶ
2778 2207 2905 2259 εἷλεν
2951 2206 3130 2275 ἐλθεῖν,
3184 2213 3358 2259 καίτοι
3410 2206 3710 2283 παράδοξον
3765 2207 3957 2275 οὖσαν,

565 2318 806 2359 omnem
836 2299 1015 2354 fidem
1045 2303 1450 2369 superantem,
1486 2301 1665 2366 atque
1697 2294 1869 2361 adeo,
1906 2293 2200 2349 Dominun

2336 2296 2403 2356 εἰς
2460 2300 2642 2347 πίστιν
2698 2304 2792 2357 τῆς
2852 2297 3216 2367 ὑποσχέσεως,
3268 2302 3357 2349 καὶ
3402 2306 3594 2368 γνῶσιν
3657 2296 3958 2363 ἀναλαϐεῖν,

570 2390 898 2461 majoribus
944 2390 1065 2441 suis
1106 2386 1281 2454 longe
1333 2385 1627 2456 majorem
1677 2399 1811 2438 esse
1857 2387 2202 2454 agnosceret

2336 2387 2471 2436 κατὰ
2526 2384 2655 2436 πολύ
2706 2394 2805 2436 τῶν
2858 2389 3125 2457 προγόνων
3171 2386 3385 2457 μείζονα
3439 2383 3567 2438 εἶναι
3608 2390 3694 2438 τόν
3740 2390 3962 2458 Κύριον.

569 2480 780 2534 Animo
811 2477 966 2531 enim
992 2475 1069 2529 ab
1086 2490 1247 2545 aqua
1278 2474 1464 2544 patris
1483 2473 1574 2526 sui
1614 2470 1824 2527 Jacobi
1848 2476 2114 2536 avocato,
2149 2486 2204 2525 at

2340 2473 2713 2526 Καταλιποῦσα
2780 2476 2880 2545 γὰρ
2930 2482 2990 2545 τῇ
3050 2479 3227 2546 γνώμῃ
3290 2478 3349 2526 τὸ
3404 2472 3547 2546 ὕδωρ
3604 2482 3695 2527 τοῦ
3757 2479 3961 2547 πατρὸς

570 2565 995 2622 alteramillam
1028 2579 1253 2633 aquam
1282 2578 1343 2615 se
1365 2564 1715 2616 convertens
1743 2559 1826 2614 ait
1852 2576 1862 2612 :
1903 2582 1922 2608 α
1964 2563 2045 2613 Da
2060 2559 2202 2614 mihi

2339 2566 2502 2623 αὑτῆς
2552 2560 2759 2627 Ἰακὼϐ,
2818 2565 2947 2636 πρός
3006 2570 3159 2614 τούτο
3218 2566 3275 2614 τό
3330 2559 3474 2635 ὕδωρ
3535 2561 3813 2634 ἐπείγεται,
3873 2571 3963 2616 καί

576 2654 844 2717 Domine,
878 2666 1099 2723 aquam
1124 2650 1283 2704 illam
1317 2651 1388 2704 ⁸³.
1431 2672 1460 2703 ››
1502 2650 1694 2713 Quare
1722 2664 1860 2703 vero
1903 2654 1957 2702 tu
1982 2649 2211 2719 patriar

2340 2671 2497 2723 φησιν
2540 2669 2552 2681 ·
2591 2656 2738 2711 «Δός
2780 2670 2889 2722 μοι,
2943 2653 3122 2723 Κύριε,
3169 2655 3226 2703 τὸ
3273 2648 3418 2723 ὕδωρ
3451 2660 3623 2704 τοῦτο.
3660 2676 3688 2702 ››
3724 2658 3827 2705 Καὶ
3863 2650 3961 2705 διὰ

573 2744 804 2801 chalem
828 2742 990 2796 illam
1014 2756 1235 2812 aquam
1268 2738 1521 2808 negligis
1554 2736 1580 2791 ‘1’
1612 2738 1748 2792 ldeo
1779 2737 1999 2809 utique,
2041 2737 2201 2809 quod

2338 2745 2389 2793 τί
2436 2744 2493 2792 τό
2549 2744 2855 2813 προγονικόν
2917 2737 3060 2814 ὕδωρ
3120 2742 3372 2815 ὑπερορᾷς
3430 2759 3442 2807 ;
3485 2740 3606 2793 Ὀτι
3657 2740 3706 2792 ἐν
3754 2740 3964 2815 βραχεῖ

577 2834 735 2889 sitim
776 2831 853 2887 ad
903 2830 1081 2885 breve
1124 2834 1358 2899 tempus
1408 2827 1629 2891 levans,
1675 2827 1884 2881 iterum
1935 2825 2091 2880 sitire
2137 2843 2212 2881 mi

2343 2836 2506 2882 παῦον
2538 2834 2630 2887 τὴν
2663 2827 2847 2899 δίψαν,
2886 2826 3035 2880 οὐδὲν
3088 2829 3296 2881 ἔλαττον
3342 2826 3508 2901 διψᾲν
3560 2828 3748 2901 ἀφίησι
3777 2830 3961 2900 πάλιν,

571 2922 761 2993 jubet,
791 2925 847 2975 et
890 2935 1105 2973 novam
1152 2915 1308 2988 parit
1357 2915 1714 2971 molestiam.
1757 2918 1835 2970 Ne
1873 2914 2109 2978 scilicet,
2150 2916 2206 2969 in

2344 2923 2432 2969 καὶ
2487 2921 2662 2969 κόπων
2705 2920 2818 2969 ἐστί
2872 2937 2961 2989 μοι
3004 2917 3267 2989 πρόξενον.
3324 2923 3425 2971 Καὶ
3476 2921 3600 2991 γὰρ,
3662 2924 3817 2989 φησὶ,
3882 2922 3966 2971 ἵνα

576 3012 723 3084 quit,
757 3009 966 3063 iterum
1000 3006 1216 3071 sitiam,
1250 3021 1359 3060 nec
1384 3005 1501 3059 huc
1530 3004 1767 3060 veniam
1793 3004 2099 3068 baustura,
2130 3019 2211 3058 set

2346 3011 2415 3079 μὴ
2472 3002 2637 3077 dilui),
2689 3003 2829 3077 μηδὲ
2895 3008 3136 3079 ἔρχωμαι
3190 3005 3408 3059 ἐνταῦθα
3457 3006 3567 3077 (79)
3628 3004 3687 3059 δὲ
3743 3007 3966 3069 ἀντλεῖν,

578 3101 797 3172 potius,
850 3102 950 3152 tuo
998 3096 1156 3151 fonte
1205 3094 1426 3157 fruens,
1486 3092 1865 3163 patriarchali
1923 3092 2023 3148 illo
2076 3093 2213 3147 fonti

2350 3094 2477 3147 ἀλλὰ
2528 3103 2625 3155 τῆς
2682 3104 2780 3156 σῆς
2830 3094 3170 3147 ἀπολαύουσα
3234 3104 3432 3168 πηγῆς,
3484 3096 3655 3148 ούκέτι
3699 3104 3791 3148 τοῦ
3845 3117 3972 3171 προ-

576 3203 890 3259 nunquam
947 3185 1276 3254 indigeam.

2274 3182 2277 3183 ν
2348 3192 2559 3257 γονικού
2591 3181 2861 3256 δεήσομαι
2894 3188 3128 3257 φρέατος,

652 3278 771 3331 Hac
815 3275 945 3329 luce
1007 3278 1270 3328 mentem
1328 3270 1591 3342 perfusa,
1646 3286 1783 3325 cum
1840 3274 1896 3325 et
1952 3269 2240 3326 Dominus

2429 3274 2611 3335 Ούτως
2666 3270 2723 3325 δὲ
2778 3276 3237 3345 καταυγασθεῖσαν
3286 3278 3381 3333 τὴν
3433 3271 3688 3341 διάνοιαν,
3736 3274 3847 3327 ἐπεὶ
3886 3281 3977 3328 καὶ

582 3365 945 3420 mentionem
974 3362 1201 3416 fecisset
1221 3361 1502 3426 virorum,
1534 3376 1672 3415 cum
1705 3360 1926 3432 quibus
1957 3359 2217 3415 furtivun

2348 3368 2467 3435 περὶ
2500 3371 2598 3414 τῶν
2644 3359 2845 3436 ἀνδρῶν
2891 3360 3025 3414 εἶπεν
3058 3362 3215 3435 αὐτῇ,
3248 3363 3316 3413 ὧν
3360 3362 3631 3437 λαθραίοις
3664 3368 3755 3415 καὶ
3784 3384 3977 3435 μυστι-

583 3452 1085 3509 etclandestioum
1110 3449 1539 3504 commercium
1552 3448 1865 3512 habuerat,
1891 3448 2085 3504 statim
2101 3464 2218 3503 eun

2350 3456 2602 3524 κωτέραις
2629 3451 2853 3523 ὁμιλίαις
2884 3456 2977 3508 τὴν
3025 3456 3291 3504 κοινωνίαν
3327 3453 3593 3513 ἠσπάζετο
3616 3455 3755 3523 (80),
3788 3454 3974 3514 εὐθέως

582 3540 938 3613 prophetam
983 3538 1312 3610 proﬁtetur,
1346 3536 1491 3591 nihil
1514 3552 1653 3591 vero
1684 3536 2043 3608 quidquam,
2075 3553 2217 3609 quor

2349 3545 2438 3614 μὲν
2510 3546 2782 3614 προφήτην
2855 3540 3009 3592 αύτόν
3096 3540 3461 3615 ἁνακηρύττει,
3528 3538 3677 3594 οὐδὲν
3750 3538 3811 3594 δὲ
3869 3550 3970 3594 τῶν

586 3630 661 3697 ad
694 3631 873 3684 vitam
911 3626 1242 3682 naturalem
1262 3628 1575 3697 spectaret,
1602 3625 1882 3696 quodque
1916 3625 2008 3680 vel
2024 3641 2221 3698 corpu:

2351 3628 2612 3702 βιωτικῶν
2669 3629 2809 3699 αύτῷ
2863 3634 3115 3704 προτείνει
3149 3649 3160 3662 ο
3204 3626 3319 3682 οὐδ’
3371 3631 3473 3682 ὅσα
3522 3639 3675 3702 σῶμα
3727 3636 3965 3703 συνέχει»

587 3719 786 3784 aleret,
840 3717 934 3770 vel
978 3716 1055 3770 ad
1096 3731 1315 3784 corpus
1358 3714 1693 3785 pertineret,
1740 3713 1979 3783 requirit
2024 3730 2036 3767 2
2072 3714 2213 3768 nihil

2349 3724 2438 3771 καὶ
2500 3723 2618 3792 περὶ
2671 3726 2824 3790 σῶμα
2884 3722 3218 3787 συνίσταται,
3266 3715 3417 3771 οὐδὲν
3463 3722 3654 3772 τούτων
3698 3723 3817 3772 οὔτε
3869 3720 3970 3791 μα’

586 3808 857 3878 inquam,
886 3805 1099 3859 horum
1150 3802 1238 3857 vel
1283 3817 1667 3872 cognoscere,
1697 3800 2077 3874 velaccipere
2124 3809 2221 3857 stu

2353 3810 2474 3875 θεῖν,
2532 3811 2644 3859 οὔτε
2696 3806 2869 3859 λαϐεῖν
2944 3806 3202 3876 ἐπιζητεῖ,
3258 3806 3386 3859 ἀλλὰ
3460 3808 3676 3861 παλαιὸν
3738 3808 3968 3861 ἀνακινεί

586 3895 687 3950 det
720 3915 730 3958 ;
761 3893 863 3948 sed
895 3897 1151 3947 veterem
1178 3892 1572 3963 quaestionem
1605 3890 1816 3945 iterum
1848 3898 2067 3957 movet,
2093 3892 2217 3962 ejus

2353 3902 2588 3969 ςὴτημα,
2648 3901 2737 3948 καὶ
2798 3895 2846 3947 ἐν
2906 3894 3161 3968 ἐρωτήσει
3213 3905 3405 3967 γνῶναι
3451 3901 3545 3955 τὴν
3596 3896 3747 3949 λύσιν
3806 3898 3969 3950 αὐτοῦ

592 4000 709 4055 que
771 3982 1123 4037 solutionem
1191 3980 1543 4035 sciscitando
1603 3979 1909 4051 percipere
1971 3986 2227 4035 conatur.

2355 3982 2713 4037 διανίσταται.
2747 4007 2774 4034 ‹‹
2819 3987 2884 4037 Οἱ
2933 3989 3147 4059 πατέρες
3202 3987 3371 4054 ἡμῶν,
3435 3992 3612 4057 φησιν,
3645 3986 3694 4038 ἐν
3738 3994 3813 4055 τῷ
3863 3992 3970 4062 ὄρει

590 4073 837 4126 «Patres
853 4069 1285 4141 nostri,inquit,
1307 4070 1365 4123 in
1383 4072 1573 4123 monte
1586 4068 1700 4124 hoc
1715 4068 2038 4125 adorarunt
2051 4070 2225 4135 “'55,;

2354 4076 2519 4143 τούτῳ
2568 4076 2988 4146 προσεκύνησαν,
3041 4096 3070 4126 ››
3118 4079 3343 4148 πατέρας
3399 4078 3488 4146 μὲν
3541 4078 3663 4134 τοὺς
3718 4079 3839 4148 περὶ
3882 4082 3969 4128 τόν

588 4166 786 4234 patres
817 4160 1059 4232 quidem
1081 4158 1488 4213 Abrahamum
1514 4158 1850 4229 appellans,
1871 4174 2053 4229 quem
2076 4164 2223 4214 vetus

2358 4161 2578 4234 Αϐραὰμ
2633 4161 2965 4233 ὀνομάζουσα
3023 4180 3035 4191 ·
3086 4168 3175 4215 καὶ
3231 4166 3329 4237 γὰρ
3404 4163 3450 4214 ἐν
3509 4162 3679 4235 ἐκείνῳ
3736 4172 3809 4233 τῷ
3867 4169 3970 4237 o'pu

590 4250 753 4305 fama
802 4249 993 4303 ﬁlium
1028 4264 1204 4303 suum
1256 4248 1315 4302 in
1357 4252 1557 4301 monte
1616 4246 1714 4301 illo
1755 4248 2023 4302 sacriﬁcii
2064 4248 2225 4303 insta

2357 4250 2508 4321 λόγος
2562 4250 2789 4323 ἀρχαῖος
2864 4253 2951 4303 τόν
3023 4250 3262 4324 Ἀϐραὰμ
3332 4250 3606 4323 ἀνενεγκεῖν
3667 4254 3832 4304 αὑτοῦ
3887 4258 3972 4305 τόν

591 4338 875 4393 obtulisse
921 4341 1181 4392 testatur.
1232 4358 1258 4386 «
1304 4337 1419 4390 Vos
1461 4351 1620 4400 vero,
1677 4336 1758 4391 ita
1798 4338 2008 4407 pergit,
2057 4336 2226 4392 diciti:

2360 4341 2469 4391 υἱὸν
2532 4342 2731 4414 ἱστορεῖ
2776 4342 2912 4411 (81).
2963 4336 3089 4393 Εἶτα
3119 4358 3131 4370 ’
3169 4363 3195 4389 ι(
3241 4346 3341 4394 Καὶ
3396 4342 3537 4412 ὑμεῖς
3573 4342 3757 4412 λέγετε,
3807 4344 3892 4394 ὅτι
3929 4342 3976 4395 ἐν

592 4428 1009 4499 Hierosolymis
1036 4426 1235 4482 locum
1281 4442 1434 4490 esse,
1484 4424 1586 4479 ubi
1624 4424 1876 4481 adorare
1921 4442 2030 4480 nos
2071 4442 2227 4498 opor-

2357 4428 2737 4499 Ἰεροσολύμοις
2777 4432 2917 4481 ἐστὶν
2940 4431 2964 4480 ό
2994 4433 3150 4490 τόπος
3175 4432 3294 4482 ἔνθα
3323 4435 3431 4503 χρὴ
3465 4438 3560 4491 τῆς
3586 4438 3919 4503 προσκυνεῖν.
3945 4453 3972 4483 n

595 4523 711 4572 teat
732 4519 798 4571 δθ.
826 4538 852 4565 ››
882 4519 1036 4581 Duae,
1094 4515 1306 4587 inquit,
1355 4518 1491 4569 sunt
1519 4512 1894 4569 adorationes
1921 4533 1935 4583 ;
1963 4514 2083 4569 duo
2110 4515 2225 4570 ado

2364 4520 2486 4581 Δύο,
2540 4523 2695 4589 φησὶ,
2744 4524 3132 4590 προσκυνήσεις
3180 4535 3191 4547 ·
3236 4515 3332 4571 δύο
3370 4523 3550 4591 χωρία
3592 4526 3686 4579 τῆς
3740 4539 3976 4592 προσκυ-

595 4606 842 4661 rationis
881 4604 992 4660 loci
1038 4621 1049 4658 :
1108 4610 1352 4675 uterque
1402 4602 1585 4657 altare
1625 4606 1679 4657 et
1742 4602 2030 4674 templum
2071 4604 2227 4658 cultu

2364 4611 2597 4667 νήσεως·
2631 4606 2865 4679 ἑκάτερον
2918 4606 3096 4680 βωμός
3148 4614 3236 4659 καὶ
3288 4611 3491 4679 τέμενος
3536 4607 3771 4681 λατρείας
3813 4617 3970 4663 Θεοῦ.

597 4695 799 4751 divino
824 4711 1058 4749 sacrum
1084 4694 1282 4749 habet.
1334 4695 1467 4749 Uter
1506 4693 1703 4763 itaque
1731 4699 1928 4764 partes
1980 4693 2232 4748 meliore:

2361 4701 2452 4755 Τίς
2504 4696 2591 4747 οὖν
2639 4699 2697 4747 τό
2751 4698 2957 4767 ἄμεινον
3018 4693 3393 4769 διαπράττεται
3428 4713 3441 4762 ;
3483 4698 3507 4747 ό
3554 4702 3897 4769 Σαμαρείτης,
3940 4708 3968 4757 ἦ

601 4783 919 4853 sequitur?
966 4789 1163 4837 utrum
1228 4783 1655 4846 Samaritanus,
1707 4798 1781 4837 an
1840 4782 2079 4836 Iudaeus
2126 4782 2152 4836 ?
2182 4785 2225 4837 A

2363 4785 2387 4835 6
2438 4782 2694 4846 Ἰουδαῖος
2725 4804 2737 4852 ;
2763 4785 2821 4837 Ὀ
2858 4787 2915 4837 δὲ
2965 4784 3323 4860 φιλάνθρωπος
3369 4790 3543 4860 Σωτὴρ
3576 4784 3845 4839 κάνταῦθα
3888 4808 3977 4840 τα-

599 4872 1073 4926 humanissimus
1106 4871 1369 4927 Salvator
1393 4870 1571 4926 etiam
1598 4870 1693 4925 hic
1736 4870 1989 4939 feminas,
2012 4870 2234 4927 leviori:

2360 4878 2653 4946 πεινοτέρου
2706 4875 3009 4946 ζητήματος
3055 4874 3202 4927 λύσιν
3262 4874 3585 4948 ἔπιζητούσῃ
3759 4881 3975 4947 γυναικὶ

675 5014 722 5048 ⁶²
754 5014 924 5069 Joan.
959 5030 1036 5078 1v,
1076 5017 1157 5069 14.
1237 5014 1282 5048 ⁵³
1314 5011 1462 5068 ibid.
1499 5012 1583 5069 15.
1661 5013 1785 5047 ⁶⁴’⁶⁵
1814 5010 1959 5067 ibid.
1993 5014 2080 5068 20.
2159 5014 2205 5048 ⁶⁶
2227 5012 2375 5072 ibid.
2408 5015 2502 5071 21.

2186 5154 2408 5211 NOTIE.

682 5301 793 5370 (77)
818 5303 877 5352 Δέ
898 5298 1041 5355 illud
1063 5297 1268 5355 addidi
1308 5314 1373 5352 ex
1396 5296 1675 5370 Colbert.

1308 5314 1373 5352 ex
1396 5296 1675 5370 Colbert.
2372 5296 2595 5370 ἐνταῦθα
2613 5296 2912 5370 abundat.

682 5368 794 5439 (78)
822 5376 883 5426 In
919 5370 1268 5443 apographgo
1292 5369 1467 5432 male,
1495 5368 1901 5443 κατεῤῥύποσαι.
2114 5438 2125 5443 Α
2168 5439 2180 5443 _
2213 5439 2222 5443 _

1660 5368 1901 5443 ὁύποσαι.
2114 5438 2125 5443 Δ
2168 5439 2180 5443 _
2213 5439 2222 5443 _
2442 5369 2557 5443 (8(1)
2597 5369 2763 5443 εφη).
2805 5384 2913 5440 pro
2940 5368 3295 5443 εξσπράττετο.

686 5438 799 5513 (79)
841 5438 1069 5498 Colbert
1085 5438 1287 5495 ἐνθάδε.
1318 5438 1713 5513 Utraquevox
1745 5439 1978 5513 eodem,
2025 5438 2135 5513 qui
2168 5439 2262 5495 hic

2377 5510 2387 5513 _
2444 5438 2555 5509 (81)
2599 5440 2689 5496 Sic
2740 5438 2895 5496 recte
2946 5438 3104 5496 Coll).
3161 5456 3270 5513 pro
3320 5439 3503 5501 αὐτοὺς
3529 5443 3614 5493 τόν
3671 5444 3787 5494 υἱόν
3823 5443 3984 5497 αὐτοῦ

612 5508 858 5578 obtinet,
892 5530 1071 5569 sensu
1113 5513 1441 5575 adhibetur,
1476 5508 1589 5584 sed
1631 5508 2215 5584 évega‘ggl’reque'ntius
2244 5528 2247 5562 :

949 5530 1071 5569 :nsu
1113 5513 1441 5575 adhibetur,
1476 5508 1589 5584 sed
1631 5508 2256 5584 éveﬁa‘ggl'reque'ntius:
2376 5508 2584 5584 ἱστορεῖ.

615 5587 775 5658 quod
808 5590 863 5643 et
885 5585 944 5641 h.
974 5584 1011 5641 l.
1046 5584 1260 5641 rectius
1282 5589 1447 5657 puto,
1479 5582 1668 5638 indice
1698 5578 1757 5634 δέ
1782 5581 1903 5648 illo,
1936 5578 2095 5654 quod
2128 5587 2262 5655 post
