4140 6198
234 324 347 380 461
1275 322 1370 378 ΑΙ)
1409 319 1869 378 AMPHILOCHH

1995 319 2319 388 QU/ESTIO
2360 322 2604 380 LXXIV.
3507 329 3609 383 462

229 448 376 514 πολὺ
432 447 597 521 μείζω
645 451 938 521 παρέχεται
993 449 1177 523 χάριν.
1236 453 1337 501 Καὶ
1396 449 1646 524 θειότερον
1707 443 1848 500 ἐκδιο

1976 444 2124 504 iubii
2145 448 2491 504 solutionem
2508 447 2825 520 expetenti,
2847 447 3024 520 longe
3041 449 3333 521 majorem
3354 453 3611 524 gratiam

237 534 434 592 δάσκει
475 533 669 610 δόγμα,
716 536 828 590 ἀντὶ
871 546 966 598 τῆς
1013 537 1284 610 φιλολόγου
1333 542 1676 612 προαιρέσεως
1723 540 1849 610 πρὸς

1975 536 2209 604 axhibet,
2269 543 2324 593 et
2382 538 2790 594 sublimiorem
2861 539 3192 595 doctrinam
3257 541 3521 611 instillat,
3575 559 3610 600 a

240 629 462 700 θεωρίαν
514 625 718 698 ἀνοίγων
775 627 1074 698 φιλόσοφον.
1129 631 1267 684 Φησὶ
1318 628 1440 700 γάρ·
1489 645 1518 676 ‹‹
1560 629 1848 679 Πίστευσον

1973 625 2260 682 :uriosiori
2313 627 2576 698 quodam
2627 627 2997 698 problemate
3041 629 3121 684 ad
3159 629 3608 688 meditationem

235 735 354 788 μοι,
402 718 570 788 γύναι,
620 717 701 767 ὅτι
753 717 969 789 ἔρχεται
1013 717 1140 785 ὥρα,
1191 719 1281 767 καὶ
1332 723 1418 767 νῦν
1466 715 1627 779 ἐστιν,
1675 716 1757 767 ὅτε
1800 716 1849 767 οἱ

1966 713 2434 786 philosophicam
2450 721 2506 772 et
2520 715 2937 772 sublimiorem
2958 717 3284 774 adducens.
3306 721 3396 774 Ait
3411 719 3568 776 enim
3589 740 3601 780 :

238 804 482 864 ἀληθινοὶ
543 809 907 879 προσκυνηταὶ
971 809 1404 876 προσκυνήσουσι
1459 813 1526 876 τῷ
1576 809 1742 876 Πατρὶ
1799 802 1846 854 ἐν

1966 825 1982 850 ;‹
2011 804 2195 858 Crede
2222 804 2390 874 mihi,
2424 804 2636 860 mulier
2661 805 2827 877 quod
2846 805 2997 862 hora
3026 809 3203 873 venit,
3252 813 3308 864 et
3333 809 3461 880 jam
3493 815 3601 878 est,

237 897 508 967 Πνεύματι
543 898 635 946 xui
677 891 966 965 ἀληθείᾳ.»
1001 893 1140 947 Ἀντὶ
1186 901 1296 961 τοῦ,
1339 897 1426 958 Σὺ,
1470 897 1618 966 φησὶ,
1657 896 1842 955 ζητεῖς,

1971 907 2074 963 {ua
2115 893 2238 948 veri
2285 893 2632 950 adoratores
2662 894 3002 951 adorabunt
3038 896 3272 952 Patrem
3299 897 3361 952 in
3395 899 3606 970 Spiritu

234 989 457 1055 πότερον
490 984 521 1040 ἡ
567 978 804 1035 Ἰουδαία
839 978 971 1045 δόξα
1017 985 1048 1040 ἦ
1086 991 1177 1043 τῆς
1221 979 1592 1055 Σαμαρείτιδος
1633 986 1846 1054 γνώμης

1963 985 2007 1036 at
2027 980 2273 1036 veritate
2300 984 2374 1037 ⁸⁷.
2414 1001 2442 1034 »
2473 982 2650 1048 Quasi
2688 983 2946 1039 diceret:
2979 986 3064 1040 Tu
3096 986 3337 1057 quidem
3366 988 3598 1060 quaeris,

230 1076 294 1125 τὸ
350 1077 657 1145 τιμιώτερον
699 1076 790 1124 xui
840 1073 1094 1145 θειότερον
1144 1070 1488 1147 ἀποφέρεται’
1519 1071 1619 1142 ἐγώ
1669 1067 1730 1123 δέ
1759 1090 1844 1123 σοι

1968 1074 2153 1125 Jtrum
2208 1070 2468 1127 Judaica
2508 1087 2585 1127 an
2646 1072 3017 1129 Samaritana
3060 1073 3266 1146 opinio
3309 1075 3603 1147 potiorem

233 1166 533 1236 μυστήριον
588 1159 1038 1233 ἀποκεκρυμμένον
1095 1160 1456 1225 ἀνακαλύπτω,
1513 1163 1592 1214 ὅτι
1649 1180 1678 1211 ι(
1725 1159 1842 1235 Ἐρ-

1965 1175 2148 1215 ocum
2173 1160 2408 1226 habeat,
2435 1167 2491 1216 et
2520 1161 2773 1219 divinior
2814 1163 3146 1234 judicanda
3173 1165 3248 1221 sit
3277 1181 3426 1234 ;ego
3465 1181 3600 1223 vero

231 1270 398 1324 χεται
445 1254 575 1322 ὥρα,
607 1255 697 1302 καὶ
740 1257 827 1302 νῦν
870 1249 1031 1315 ἐστιν,
1074 1251 1154 1302 ὅτε
1201 1253 1316 1302 οὔτε
1357 1249 1404 1301 ἐν
1447 1257 1519 1320 τῷ
1565 1254 1668 1322 ᾄσει
1716 1253 1841 1301 τού-

1964 1247 2054 1303 ibi
2086 1249 2426 1320 mysterium
2456 1250 2655 1306 adhuc
2687 1250 3113 1308 absconditum
3152 1253 3368 1324 aperio,
3394 1276 3422 1303 ‹‹
3460 1270 3599 1310 ven-

228 1360 328 1412 τῳ,
376 1343 495 1392 οὔτε
525 1339 576 1391 ἐν
616 1338 994 1412 Ἱεροσολύμοις
1035 1344 1424 1414 προσκυνήσετε
1471 1348 1543 1410 τῷ
1592 1344 1779 1413 Πατρί.
1809 1359 1837 1390 »

1964 1351 2145 1391 ;urum
2173 1337 2394 1393 scilicet
2420 1342 2676 1410 tempus,
2707 1343 2764 1394 et
2787 1339 2916 1410 jam
2957 1356 3108 1408 esse,
3141 1357 3264 1413 quo
3312 1357 3507 1414 neque
3537 1343 3599 1398 in

225 1429 284 1482 Ἡ
337 1432 431 1500 μεν
485 1431 587 1502 γὰρ
637 1433 765 1500 γυνὴ
821 1432 947 1502 πρὸς
999 1428 1303 1500 φιλοσοφίαν
1367 1430 1546 1481 θᾶττον
1599 1431 1840 1499 γυναικὸς

1965 1430 2148 1480 nonte
2177 1425 2310 1489 hoc,
2359 1441 2556 1497 neque
2581 1426 2994 1499 Hierosolymis
3045 1431 3275 1485 Patrem
3319 1430 3600 1488 adorabi-

225 1525 336 1578 τοῖς
393 1524 486 1569 τοῦ
538 1524 774 1588 Σωτῆρος
830 1519 1038 1592 ῥήμασι
1107 1517 1443 1589 μετελθοῦσα,
1501 1517 1595 1568 οῦκ
1646 1520 1722 1569 ἔτι
1773 1520 1839 1570 τὰ

1970 1512 2018 1567 is
2049 1513 2120 1567 ⁸⁸.
2146 1533 2174 1564 ››
2215 1516 2361 1569 Τυω
2397 1514 2613 1570 mulier
2645 1515 2722 1572 ad
2753 1516 3235 1588 philosophicam
3273 1518 3598 1576 meditatio-

225 1607 420 1668 ἑαυτῆς
465 1609 596 1668 ἴσως
643 1612 1010 1680 προτιμώμενα
1083 1603 1253 1669 δεῖξαι
1321 1614 1420 1658 τῶν
1480 1605 1833 1679 Ἰσραηλιτῶν,

1961 1616 2103 1667 lem,
2133 1608 2349 1674 praeter
2378 1603 2735 1660 feminarum
2783 1621 3036 1668 morem,
3067 1606 3384 1664 Salvatoris
3409 1609 3596 1665 nostri

225 1699 406 1768 ὥσπερ
473 1697 768 1768 καταρχὰς,
829 1692 1176 1760 ἐσπούδαζεν,
1231 1694 1341 1746 ἀλλ’
1412 1691 1700 1748 ἐνδιδοῦσα
1746 1701 1835 1749 καὶ

1958 1690 2142 1746 verbis
2193 1691 2501 1763 perducta,
2563 1708 2686 1749 non
2744 1693 2999 1764 amplius
3049 1711 3160 1751 sua
3216 1696 3434 1768 placita
3483 1697 3593 1753 illis

227 1784 571 1858 βελτιουμὲνη
613 1792 676 1857 τῇ
728 1782 1056 1860 σωτηριώδει
1108 1781 1435 1857 διδασκαλίᾳ
1486 1787 1667 1857 μαθεῖν
1716 1783 1832 1849 ira.

1954 1779 2342 1835 lsraelitarum
2367 1779 2739 1852 praeferenda
2768 1797 2921 1848 esse,
2947 1787 3012 1837 ut
3041 1789 3240 1848 antea,
3264 1784 3589 1852 contendit,

222 1893 300 1926 τει
360 1877 422 1926 τὸ
466 1875 694 1946 ἄμεινον.
737 1874 824 1926 Διὸ
875 1879 965 1926 καὶ
1022 1892 1051 1924 (ι
1085 1876 1150 1925 Οἱ
1197 1877 1409 1948 πατέρες
1450 1876 1614 1946 ἡμῶν,
1651 1880 1829 1945 φησιν,

1954 1868 2047 1923 sed
2097 1868 2332 1924 Domini
2376 1868 2649 1925 doctrina
2696 1875 2978 1941 provecta
3017 1876 3075 1928 et
3118 1873 3456 1942 emendata,
3508 1873 3589 1941 id,

224 1964 628 2037 προσεκύνησαν
671 1961 721 2013 ίν
768 1969 840 2033 τῷ
871 1965 978 2036 ᾷοει
1014 1964 1206 2032 τούτῳ.
1249 1968 1474 2014 »Τοῦτο
1520 1964 1622 2034 γὰρ
1663 1959 1724 2020 ἧν
1771 1965 1830 2014 τὸ

1959 1957 2104 2028 ιιιοά
2131 1958 2513 2029 praestantius
2538 1962 2712 2026 esset,
2729 1959 2927 2015 doceri
2954 1960 3254 2032 cupiebat.
3279 1965 3594 2034 Propterea

221 2051 462 2122 μάλιστα
511 2059 609 2104 τῶν
661 2058 989 2126 Σαμαρειτῶν
1046 2050 1273 2120 ἀνυψοῦν
1322 2055 1411 2102 καὶ
1461 2049 1661 2123 ἐξαϊρον
1713 2051 1828 2121 (82)

1953 2045 2122 2102 etiam
2150 2046 2378 2118 inquit:
2413 2069 2441 2098 ‹‹
2470 2047 2671 2102 Patres
2702 2049 2887 2104 nostri
2918 2049 2978 2104 in
3009 2056 3214 2106 monte
3237 2051 3352 2108 hoc
3377 2051 3588 2108 adora-

218 2145 313 2198 τήν
362 2138 649 2210 ὑπόληψιν.
691 2141 793 2192 Οἷα
825 2140 944 2212 (83)
986 2142 1087 2212 γὰρ
1138 2143 1391 2213 παρόντος
1436 2145 1704 2213 προφήτου
1739 2146 1828 2192 xui

1953 2140 2093 2190 runt.
2127 2155 2154 2186 ››
2170 2135 2291 2191 Hoc
2309 2135 2470 2191 enim
2501 2137 2696 2207 ipsum
2721 2143 2864 2203 erat,
2886 2139 3052 2209 quod
3079 2140 3588 2196 Samaritanorum

216 2230 565 2300 ἑμπνεομένου
595 2236 666 2298 τῷ
698 2231 957 2300 Πνεύματι
986 2236 1086 2280 τῶν
1125 2226 1293 2287 ἄλλοις
1323 2224 1524 2285 ἀδήλων
1556 2233 1643 2286 τὴν
1671 2224 1704 2280 δ
1711 2231 1825 2299 ιάγ-

1955 2223 2010 2279 ie
2045 2224 2224 2280 rebus
2269 2224 2392 2280 suis
2435 2224 2785 2297 opinionem
2821 2226 3144 2283 extollebat
3203 2228 3477 2300 inprimis
3533 2235 3590 2285 et

216 2336 401 2381 νωσιν,
426 2318 546 2390 παρ’
574 2315 780 2377 ἐκείνοις
799 2321 892 2374 τὴν
921 2315 1266 2392 ἀληθεστέραν
1294 2312 1451 2379 δόξαν
1472 2321 1562 2368 καὶ
1581 2316 1826 2370 τελειοτέ-

1953 2312 2491 2384 impliﬁcabat.Cum
2510 2313 2707 2386 itaque
2727 2320 3066 2387 praesentem
3080 2315 3588 2390 haberetprophe-

213 2424 310 2479 ραν
337 2404 580 2466 ἐπεζήτει
605 2407 809 2478 μαθεῖν.

1952 2418 2078 2467 am,
2103 2403 2210 2475 qui.
2236 2403 2485 2474 Spiritus
2514 2403 2702 2459 divini
2734 2404 3014 2476 auspiciis
3045 2421 3138 2461 res
3171 2405 3302 2462 aliis
3350 2406 3587 2478 ignotas

1932 2493 2204 2562 cognitas
2251 2491 2532 2561 habebat,
2587 2493 2666 2549 ad
2703 2493 2803 2549 illo
2847 2493 3142 2550 veriorem
3181 2499 3238 2552 et
3278 2495 3587 2554 meliorem

1933 2581 2291 2637 sententiam
2323 2581 2553 2638 discere
2577 2581 2875 2638 studebat.

280 2674 382 2725 Διά
412 2690 493 2724 τοι
517 2677 668 2723 τοῦτο
709 2673 798 2722 καὶ
828 2667 1095 2742 ἀρχομένη
1139 2677 1232 2730 τῆς
1275 2669 1566 2731 ὑποθέσεως
1603 2668 1768 2742 ἔλεγεν
1802 2686 1816 2700 '

2002 2670 2340 2741 Propterea“
2354 2675 2776 2741 argumentum
2794 2671 2910 2728 hoc
2925 2687 3260 2746 proponere
3273 2687 3580 2744 aggressa,

211 2782 241 2813 α
276 2763 458 2834 Κύριε,
514 2761 708 2832 θεωρῶ,
759 2760 840 2810 ὅτι
891 2763 1162 2830 προφήτης
1206 2755 1252 2810 εἷ
1294 2761 1386 2812 σύ.
1432 2781 1450 2806 δ
1493 2757 1551 2810 Ὀ
1596 2755 1656 2811 δὲ
1704 2758 1816 2830 φιλ-

1940 2759 2164 2816 aiebat:
2205 2783 2225 2809 ‹
2262 2760 2466 2826 Video,
2501 2760 2770 2830 Domine,
2810 2761 2976 2833 quod
3007 2761 3086 2817 sis
3117 2763 3412 2834 propheta
3451 2765 3520 2816 θ’.
3556 2785 3575 2813 ι

209 2852 484 2925 ἅνθρωπος
532 2849 740 2909 Ἰησοῦς
792 2852 1041 2922 πρότερον
1101 2850 1190 2919 μεν
1249 2850 1308 2898 τὸ
1379 2846 1515 2908 τέλος
1576 2847 1818 2922 ἑκατέρας

1944 2848 2116 2920 atque
2145 2847 2227 2903 ibi
2252 2847 2496 2920 quidem
2522 2847 3002 2905 humanissimus
3053 2850 3227 2905 Jesus
3277 2850 3579 2922 utriusque

208 2937 574 3013 προαγγέλλει,
619 2940 700 2988 ἱνα
751 2940 823 3008 μὴ
873 2935 1083 3008 λυπήσῃ
1132 2937 1322 2993 ταύτην
1373 2934 1420 2986 ἐν
1481 2944 1550 3006 τῷ
1604 2942 1818 3011 προκρί-

1942 2934 2117 2990 :ultus
2147 2935 2330 2990 ﬁnem
2374 2941 2510 2991 ante
2553 2937 2809 3006 nuntiat,
2842 2952 2937 3000 ne,
2985 2937 3301 2993 Judaicum
3352 2937 3577 2995 cultum

208 3047 308 3080 νειν
359 3032 458 3086 τὴν
503 3022 803 3084 Ἰουδαίκὴν
843 3023 1096 3098 λατρείαν.
1132 3029 1195 3076 Τί
1236 3027 1336 3097 γὰρ
1383 3023 1444 3076 ἃν
1488 3029 1572 3075 καί
1621 3023 1812 3098 ἀνιάσῃ

1942 3024 2267 3094 prasterens,
2325 3023 2480 3078 illam
2536 3023 2813 3081 redderet
2851 3024 3192 3082 tristiorem.
3260 3027 3577 3092 Quomodo

210 3124 305 3179 τῆς
360 3112 502 3176 ἰδίας
551 3111 707 3177 δόξης
753 3118 1150 3188 προκρινάμενον
1201 3112 1370 3179 σέϐας,
1422 3114 1447 3164 ὃ
1491 3117 1598 3184 μετ’
1647 3113 1813 3186 ὀλίγον

1941 3113 2084 3168 enim
2109 3111 2207 3168 illa
2232 3114 2694 3180 contristaretur,
2725 3113 2771 3168 si
2819 3114 3098 3169 eumdem
3130 3113 3365 3182 cultum,
3394 3130 3576 3188 quem

211 3205 412 3277 ἔμελλεν
462 3204 534 3266 εἰς
560 3207 616 3256 τὸ
659 3203 781 3255 αύτό
817 3201 1236 3274 συγκαταλὴγειν
1273 3201 1444 3268 τέλος;
1478 3201 1692 3255 Ἔπειτα
1721 3208 1812 3261 τὴν

1942 3217 2032 3256 suo
2061 3200 2141 3256 illi
2167 3201 2430 3273 praeferri
2459 3200 2716 3266 videbat,
2749 3201 2930 3274 paulo
2957 3206 3096 3274 post
3139 3202 3408 3258 similiter
3436 3203 3577 3259 abo-

207 3291 467 3367 διαφοράν
529 3294 698 3345 αὐτῶν
768 3291 1076 3363 ἀπαγγέλλει
1103 3308 1116 3321 ’
1174 3311 1203 3343 ‹‹
1251 3290 1421 3364 ’Υμείς
1480 3294 1605 3366 γὰρ,
1658 3297 1808 3363 φησὶ,

1942 3291 2166 3347 endum
2201 3307 2331 3347 esse
2369 3290 2772 3361 intelligeret?
2819 3292 3033 3349 Postea
3073 3309 3214 3349 vero
3270 3293 3574 3368 utriusque

203 3389 564 3456 προσκυνεῖτε,
620 3383 646 3434 ὁ
692 3381 786 3433 ούκ
838 3377 1037 3446 οἴδατε,
1090 3382 1236 3452 ἡμεῖς
1293 3377 1350 3432 δε
1398 3389 1807 3454 προσκυνοῦμεν,

1935 3379 2113 3434 :ultus
2160 3379 2556 3436 diﬂ'erentiam
2583 3381 2850 3452 exponit.
2899 3400 2928 3433 «
2960 3384 3076 3438 Vos
3124 3381 3304 3448 enim,
3358 3382 3570 3456 inquit,

202 3473 227 3524 ὁ
276 3469 578 3543 οἴδαμεν.»
614 3476 730 3530 Πῶς
788 3465 847 3521 δε
899 3468 993 3520 οὐκ
1045 3464 1266 3541 ᾔδεισαν
1309 3469 1358 3520 οἱ
1409 3475 1742 3543 Σαμαρεῖται,
1784 3468 1810 3520 ὃ

1936 3468 2204 3534 idoratis,
2236 3469 2397 3541 quod
2426 3469 2682 3538 nescitis,
2713 3485 2826 3525 nos
2857 3486 2996 3526 vero
3025 3471 3372 3537 adoramus,
3409 3473 3571 3545 quod

201 3562 554 3634 προσεκύνουν
579 3575 593 3625 ;
623 3564 748 3611 Ὀτι
805 3564 956 3609 τοῦτο
1021 3559 1111 3629 μὲν
1165 3566 1263 3608 τῶν
1322 3555 1650 3610 ἐνοικούντων
1716 3558 1810 3609 οῦκ

1932 3557 2144 3613 scimus
2175 3559 2242 3613 7°.
2274 3580 2303 3612 »
2327 3558 2638 3625 Quomodo
2655 3575 2796 3615 vero
2818 3559 3164 3616 nesciebant
3182 3562 3567 3628 Samaritani,

203 3648 390 3721 ὀλίγων
444 3647 499 3700 ἐκ
541 3655 638 3708 τῆς
691 3645 1060 3718 αἰχμαλωσίας
1117 3642 1251 3704 ἦσαν
1321 3653 1420 3698 τῶν
1475 3645 1808 3698 Βαϐυλωνίων

1934 3646 2065 3715 ιιιῙά
2092 3647 2453 3704 adorarent?
2484 3647 2642 3715 Ideo,
2675 3649 2843 3720 quod
2873 3649 3139 3722 primum
3171 3650 3418 3722 quidem
3450 3667 3569 3708 non

204 3737 594 3804 ἀνακληθέντες,
667 3740 758 3787 xui
827 3743 934 3796 τοῖς
993 3735 1184 3788 ἐκεῖθεν
1242 3737 1384 3788 ἔθεσι
1460 3732 1804 3800 διαϐιοῦντες,

1936 3737 2097 3807 )auci
2121 3736 2455 3793 incolarum
2474 3752 2545 3793 ex
2563 3737 2902 3809 captivitate
2923 3739 3284 3810 Babylonica
3311 3741 3571 3797 revocati

203 3831 290 3879 xui
383 3830 478 3884 τήν
555 3823 946 3898 Ἰσραηλιτικὴν
1032 3821 1320 3876 θεοσέϐειαν
1419 3820 1804 3899 διεφθαρμένοι.

1936 3831 2102 3890 erant,
2162 3826 2258 3897 qui
2311 3825 2581 3881 instituta
2623 3823 2982 3898 Babylonica
3026 3827 3475 3899 adOptaverant,
3515 3834 3571 3886 et

202 3923 368 3970 Τοῦτο
416 3911 476 3968 δὲ
521 3918 578 3966 τὸ
622 3913 816 3974 πλῆθος
859 3911 1028 3964 αὐτῶν
1083 3911 1413 3974 Βαϐυλωνίας
1467 3917 1556 3964 καὶ
1609 3909 1807 3971 Μήδων

1933 3913 2300 3970 [sraeliticum
2343 3913 2445 3970 Dei
2497 3913 2720 3970 cultum
2781 3915 3289 3987 depravaverant;
3351 3917 3568 3974 deinde

202 4012 382 4077 γενεᾶς
429 4008 520 4056 xui
564 4002 799 4076 λατρειας
846 4004 1003 4067 ὄντες,
1065 4001 1134 4061 εἰς
1193 4006 1287 4059 τὴν
1338 4003 1626 4075 Σαμάρειαν
1688 4021 1806 4074 μετ⁸

1932 4017 2056 4058 78Γο
2086 4003 2246 4075 quod
2278 4003 2542 4075 plerique
2567 4019 2794 4074 eorum,
2825 4003 3138 4075 Babylonii
3168 4010 3225 4060 et
3250 4006 3419 4072 Medi,
3442 4011 3567 4063 tum

206 4096 534 4164 ῳκίσθησαν,
563 4095 653 4142 καὶ
683 4093 769 4142 τὸν
798 4091 944 4165 παρά
969 4085 1252 4151 Ἰουδαίοις
1283 4093 1409 4142 Θεὸν
1441 4091 1613 4162 ὥσπερ
1644 4090 1806 4142 πάλαι

1930 4091 2140 4161 )rigine
2174 4096 2298 4147 tum
2325 4091 2628 4162 religione,
2657 4092 3030 4158 exsistentes,
3063 4098 3119 4148 et
3144 4092 3203 4147 in
3237 4095 3565 4150 Samariam

205 4183 317 4243 τούς
365 4187 636 4255 πατρῴους
675 4177 957 4252 ἐπιχώριον
1008 4181 1150 4242 Θεὸν,
1207 4183 1295 4230 καὶ
1338 4183 1496 4250 μόνου
1555 4179 1667 4250 (84)
1714 4187 1804 4231 τοῦ

1931 4179 2367 4249 :ommigrante,
2407 4183 2589 4236 Deum
2609 4181 2970 4250 Jadaaorum,
3003 4197 3127 4237 non
3150 4181 3347 4236 minus
3383 4199 3566 4253 quam

205 4275 378 4333 ῖθνους
407 4276 500 4329 τὴν
543 4269 855 4322 ἐπιστασίαν
895 4271 1055 4340 ἔχειν,
1087 4272 1175 4320 καὶ
1207 4265 1515 4320 δεσποτείαν
1546 4269 1800 4342 ἐνόμιζον.

1931 4267 2052 4324 )lim
2069 4268 2292 4340 patrios
2305 4269 2776 4341 suos,proprium
2789 4269 2900 4324 illis
2913 4271 3374 4342 esse,gentisque
3386 4269 3566 4342 hujus

204 4365 378 4435 Ταύτῃ
435 4379 517 4412 τοι
571 4362 657 4410 xui
707 4362 801 4415 τὴν
865 4356 1106 4429 λατρείαν
1174 4355 1346 4428 ἐκείνῳ
1403 4362 1802 4432 προσφέροντες,

1930 4357 2091 4413 ωἰυε
2104 4373 2297 4412 curam
2311 4373 2504 4426 agere,
2519 4358 2718 4430 illique
2731 4358 3011 4430 imperare
3032 4357 3336 4414 statueban
3347 4364 3565 4432 t,atque

203 4448 323 4503 οὐδὲ
357 4452 484 4509 τοὺς
517 4444 772 4520 δαίμονας
805 4447 1098 4520 θεραπεύειν
1128 4444 1431 4518 ἀφίσταντο.
1472 4450 1541 4498 Τὸ
1583 4444 1640 4499 δε
1672 4447 1804 4500 Ἰου-
1834 4490 1838 4541 j

1927 4461 2026 4500 :ioc
2053 4447 2294 4501 nomine
2325 4451 2381 4501 et
2409 4446 2492 4501 illi
2522 4446 2747 4502 cultum
2778 4447 3158 4518 praestabant,
3178 4448 3562 4504 etacolendis

206 4536 366 4592 δαίων
413 4540 568 4601 ἔθνος,
618 4536 661 4589 εἰ
707 4541 796 4587 καὶ
853 4539 924 4607 μὴ
971 4538 1200 4607 σύμπαν,
1245 4533 1351 4586 ἀλλ’
1393 4537 1501 4606 οἶγε
1547 4545 1646 4588 τῶν
1686 4533 1841 4589 Μω-”

1929 4535 2285 4590 lasmonibus
2312 4534 2437 4589 suis
2483 4550 2605 4590 non
2644 4535 3046 4592 abstinebant.
3079 4537 3165 4592 Ab
3198 4536 3382 4592 altera
3423 4553 3564 4594 vero

208 4635 399 4678 σαῐκῶν
445 4632 612 4698 νόμων
662 4630 754 4683 τὴν
783 4628 997 4696 μνήμην
1051 4623 1163 4677 ἀντὶ
1205 4632 1299 4686 τῆς
1347 4623 1513 4686 λήθης
1553 4632 1802 4698 προτιμή-

1925 4629 2079 4696 parte
2107 4639 2252 4692 gens
2295 4624 2660 4691 Judaeorum,
2693 4625 2740 4679 si
2770 4640 2892 4679 non
2941 4624 3159 4694 omnis,
3214 4625 3422 4682 saltem
3462 4627 3560 4694 illi,

208 4734 402 4779 σαντες,
451 4717 648 4776 ταύτης
699 4712 957 4774 παντελῶς
1013 4711 1398 4784 ἀπηλλαγμένοι
1442 4721 1534 4773 τῆς
1591 4713 1803 4786 ἐναγοῦς

1928 4713 2009 4786 lui
2029 4713 2226 4781 legum
2259 4712 2652 4768 Mosaicarum
2687 4713 3032 4768 memoriam
3051 4712 3331 4769 oblivioni
3360 4715 3563 4787 praefe-

208 4799 337 4861 ἦσαν
392 4803 717 4874 ὑπολήψεως,
770 4806 860 4854 καὶ
917 4803 1089 4874 ὥσπερ
1142 4797 1466 4876 δημιουργὸν
1517 4806 1803 4875 συμπάσης

1930 4802 2140 4866 'ebant,
2173 4817 2210 4857 a
2259 4801 2610 4858 detestanda
2657 4802 2772 4859 hac
2813 4801 3096 4874 opinione
3129 4803 3359 4874 penitus
3397 4812 3565 4863 erant

206 4897 424 4960 κτίσεως
462 4894 597 4945 οὕτω
633 4896 724 4944 καὶ
762 4894 940 4965 ἔφορον
989 4895 1078 4943 καὶ
1123 4895 1405 4964 προνοητὴν
1435 4895 1519 4944 τὸν
1562 4891 1803 4968 λατρευό-

1926 4907 2235 4959 ηωωιωεε,
2281 4891 2616 4963 Deumque,
2648 4907 2830 4965 quem
2861 4891 3155 4958 colebant,
3190 4897 3252 4949 ut
3303 4895 3561 4952 omnium

204 5000 349 5052 μενον
426 4985 548 5034 Θεὸν
616 4979 978 5052 ἐπεγίνωσκον.
1062 4980 1157 5032 Δὶά
1223 4987 1376 5032 τοῦτο
1444 4984 1534 5053 μέν
1598 5001 1796 5054 φησιν·

1928 4997 2108 5037 'erum
2146 4980 2535 5048 conditorem,
2566 4982 2647 5037 ita
2677 4981 2856 5038 etiam
2891 4981 3285 5054 inspectorem
3317 4987 3373 5039 et
3397 5001 3563 5042 cura-

208 5089 236 5122 ιι
269 5070 444 5143 Ἡμεῖς
499 5075 909 5146 προσκυνοῦμεν,
971 5068 996 5120 ὃ
1060 5064 1276 5140 οἵδαμεν
1310 5085 1322 5097 ·
1378 5070 1519 5137 ὑμεῖς
1573 5089 1800 5144 προσκυ-

1928 5086 2097 5128 orem
2124 5085 2269 5134 esse,
2300 5069 2734 5139 agnoscebant.
2789 5071 2928 5127 Ideo
2970 5070 3053 5127 ait
3081 5087 3093 5126 :
3125 5091 3153 5123 «
3186 5075 3300 5128 Nos
3347 5073 3563 5132 adora-

204 5166 347 5225 νεῖτε,
375 5160 400 5212 ὂ
449 5159 544 5211 οὐκ
595 5155 792 5213 οἴδατε.
829 5179 857 5208 »
908 5164 1306 5230 Προσκυνοῦμεν
1358 5153 1436 5223 δὲ,
1481 5164 1632 5231 φησὶ,
1679 5179 1802 5232 συγ-

1923 5176 2044 5215 mus
2059 5159 2214 5231 quod
2233 5158 2539 5224 novimus;
2562 5175 2668 5214 vos
2685 5159 2965 5226 adoratis,
2985 5160 3149 5232 quod
3163 5176 3285 5217 non
3303 5163 3558 5219 nostis.»

202 5246 494 5318 καταλέγων
527 5248 709 5302 ἑαυτὸν
741 5254 852 5309 τοῖς
888 5242 1166 5308 Ἰουδαίοις
1197 5263 1210 5277 ·
1239 5247 1381 5299 οὔπω
1406 5249 1507 5320 γὰρ
1557 5248 1800 5321 ἐναστροί-

1922 5248 2268 5314 Adoramus,
2312 5247 2522 5320 inquit,
2568 5247 2786 5305 Iudaeis
2827 5264 2891 5306 se
2943 5265 3307 5307 accensens:
3363 5267 3557 5326 neque

271 5391 312 5425 ⁸⁷
339 5393 512 5460 Joan,
546 5409 621 5460 IV,
658 5393 747 5448 23.
825 5391 872 5426 ⁸⁸
905 5389 1052 5455 ibid,
1084 5394 1173 5446 21.
1252 5391 1300 5426 ³9
1331 5389 1476 5446 ibid.
1516 5395 1597 5447 l9.
1678 5394 1726 5427 το
1757 5391 1902 5448 ibid.
1933 5394 2023 5448 22.

1783 5496 1990 5554 NOTAE

301 5637 392 5708 82)
428 5637 591 5694 Coll).
666 5653 734 5695 ro
763 5636 1016 5710 ἐξαιροῦν.
1984 5636 2099 5708 (84)
2140 5635 2306 5692 Colb.
2339 5639 2512 5708 μόνον.

277 5636 392 5782 i83)
427 5711 549 5778 οἶα,
578 5653 762 5776 ἰδέω,
794 5724 904 5782 pro
928 5709 1026 5771 οἷς.

475 5727 549 5778 ια,
578 5727 762 5776 idem,
794 5727 904 5778 pro
928 5727 1026 5771 οιςο
