3938 6178
526 329 631 386 463

1743 321 1986 379 PHOTll
2028 318 2514 377 PATRIARCHAS
2552 316 2641 374 CP
2655 358 2668 372 .
3712 321 3788 377 ml,

525 454 685 511 enim
716 456 855 509 tunc
885 464 1094 507 omnes
1115 448 1350 507 deitatis
1376 467 1501 507 suas
1532 449 1733 507 radios
1764 450 1824 505 in
1850 448 1981 505 illos
2012 462 2177 520 spar-

2304 466 2429 500 ττειν
2468 447 2643 505 πάσας
2680 442 2820 515 ἠφίει
2864 448 2956 503 τῆς
2996 439 3045 493 ἓν
3076 440 3217 514 αῦτῷ
3258 445 3485 506 θεότητος
3510 446 3590 505 τὰς
3615 442 3794 509 ἀκτῖνας.

526 543 723 613 gebat.
780 541 1097 612 Propterea
1140 545 1196 595 et
1246 556 1468 612 aquam
1501 540 1804 613 poscebat,
1839 544 1895 594 et
1952 538 2177 594 itineris

526 630 824 687 molestias
880 628 1138 693 subibat,
1203 629 1812 701 defatigationemque
1856 644 1923 683 ex
1970 626 2179 682 itinere

526 724 734 776 natam
755 720 963 782 humo,
993 724 1283 789 tanquam
1303 718 1513 775 throno
1536 722 1745 789 sponte
1764 723 1925 783 nato,
1946 716 2176 772 solaba-

529 815 640 865 tur.
690 806 923 863 Accedit
951 806 1150 877 etiam,
1180 807 1345 878 quod
1372 806 1683 862 mulierem
1739 805 2175 877 alloquebatur,

527 914 664 971 quas
695 896 1096 952 sublimiorem
1123 896 1196 951 de
1224 896 1356 967 ipso
1382 896 1733 967 opinionem
1766 894 2177 965 adOptaverat,

528 1002 667 1042 cum
692 1002 762 1041 ex
792 985 1224 1056 prophetarum
1257 999 1511 1039 numero
1541 1000 1690 1048 esse,
1722 986 1780 1038 et
1808 982 2177 1052 Iudaeorum,

529 1077 769 1147 Deoque
790 1090 912 1146 praa
945 1073 1172 1129 ca-teris
1197 1074 1445 1128 charum
1478 1078 1533 1127 et
1576 1072 1933 1128 sanctiorem
1982 1070 2180 1126 existi-

528 1179 725 1220 mans.
758 1162 1074 1233 Propterea
1101 1163 1216 1218 ait:
1250 1162 1592 1218 adoramus.

599 1254 691 1309 Sic
718 1252 913 1324 itaque
973 1251 1165 1322 prima
1194 1250 1524 1307 differentia
1567 1253 1694 1305 erat
1738 1250 2030 1322 exposita,
2080 1264 2183 1321 per

529 1358 711 1413 quam
741 1340 932 1396 cultus
960 1339 1246 1395 Iudaicus
1275 1338 1374 1394 illo
1402 1338 1913 1394 Samaritanorum
1939 1343 2183 1411 praesta-

529 1430 650 1487 bat.
704 1432 845 1496 Qum
898 1444 1037 1484 vero
1076 1434 1162 1483 est
1229 1427 1457 1483 altera?
1514 1448 1542 1478 «
1575 1427 1763 1491 Salus,
1825 1426 2037 1499 inquit,
2111 1442 2181 1482 ex

530 1520 753 1575 Judaais
786 1522 943 1574 nata.
978 1538 1006 1569 »
1041 1517 1354 1583 Quomodo
1387 1532 1527 1572 vero
1546 1516 1705 1571 salus
1726 1520 1809 1571 est
1836 1515 2185 1571 exJudaais?

531 1612 683 1665 Num
703 1607 949 1663 fortasse
968 1606 1121 1669 ideo,
1144 1607 1307 1677 quod
1326 1622 1461 1659 cum
1488 1620 1671 1675 genus
1690 1604 1992 1660 hominum
2012 1620 2183 1660 omne

534 1698 819 1772 profanus
853 1697 1045 1753 cultus
1062 1696 1391 1751 obnoxium
1420 1695 1813 1762 sibihaberet,
1838 1696 1951 1751 veri
1987 1696 2186 1751 Numi-

2288 540 2374 590 Διό
2404 540 2493 588 καὶ
2536 530 2680 607 ὕδωρ
2723 538 2859 584 πιεῖν
2898 529 3156 600 ἐπεζήτει,
3188 536 3279 585 καὶ
3322 536 3471 585 κόπον
3500 530 3697 606 βαδίζων
3727 538 3795 607 ὑφ.

2290 632 2488 694 ίστατο,
2548 628 2637 675 καὶ
2690 624 2777 673 τὸν
2829 625 2987 673 κόπον
3045 629 3139 683 τῆς
3190 618 3485 696 ὁδοιπορίας
3531 621 3796 695 αὐτοσχεδίῳ

2288 716 2451 787 θρόνῳ
2495 721 2567 783 τῷ
2612 707 2791 783 ἐδάφει
2840 706 3090 765 διελύετο.
3138 710 3335 773 ’Δλλως
3379 730 3431 765 τε
3474 717 3555 765 καὶ
3586 716 3689 785 πρὸς
3724 734 3797 783 γν-

2285 811 2439 855 ναῖκα
2496 798 2773 872 διελέγετο,
2808 798 3097 872 σεϐασμίαν
3136 803 3226 872 μεν
3276 799 3523 853 λαϐοῦσαν
3571 801 3796 871 exausta

2287 897 2405 965 περὶ
2454 891 2635 959 αὐτοῦ,
2684 891 2754 950 ὡς
2806 889 2895 941 ἕνα
2944 892 3122 960 μέντοι
3173 908 3233 960 γε
3284 897 3381 941 τῶν
3422 898 3664 963 προφητῶν
3702 892 3799 961 ὅμως

2288 982 2442 1033 αὐτόν
2486 982 2779 1051 ἡγουμένην
2813 982 2903 1030 καὶ
2958 981 3023 1038 ὡς
3066 974 3341 1045 Ἰουδαῖον,
3377 982 3462 1030 καὶ
3496 978 3798 1051 θεοφιλέστερον

2288 1090 2343 1123 τε
2393 1078 2492 1121 τῶν
2532 1068 2696 1121 ἄλλων
2739 1072 2829 1120 καὶ
2877 1067 3343 1142 ἁγιοπρεπέστερον
3392 1064 3695 1140 διακείμενον.
3735 1074 3801 1119 Διά

2288 1166 2438 1213 τοῦτο
2465 1155 2551 1211 οὖν
2577 1161 2655 1223 τὸ,
2689 1163 3098 1230 προσκυνοῦμεν,
3130 1160 3349 1229 εἴρηται.

2362 1247 2496 1300 Ἀλλ’
2554 1250 2759 1320 εἴρηται
2822 1247 2912 1317 μὶν
2969 1248 2997 1303 ἠ
3059 1250 3156 1318 μία
3217 1242 3457 1319 διαφορὰ,
3509 1244 3613 1297 καθ’
3668 1244 3717 1303 ἦν
3765 1250 3805 1296 τὸ

2294 1333 2548 1391 Ἰουδαῖον
2581 1335 2738 1397 σέϐας
2777 1344 2871 1397 τῆς
2908 1342 3010 1387 τῶν
3056 1342 3377 1407 Σαμαρειτῶν
3410 1336 3661 1407 θρησκείας
3691 1336 3807 1406 ὑπερ-

2293 1435 2458 1499 εῖχεν.
2514 1425 2571 1479 Ἡ
2622 1421 2682 1477 δε
2738 1424 2885 1497 ἑτέρα
2931 1429 3053 1491 τίς;
3092 1442 3120 1474 (ι
3163 1423 3221 1477 Ἠ
3279 1429 3526 1498 σωτηρία,
3580 1428 3725 1496 φησὶν,
3773 1421 3811 1473 ὲκ

2292 1524 2390 1567 τῶν
2422 1512 2713 1568 Ἰουδαίων.
2752 1535 2772 1562 ι
2811 1520 2923 1573 Πῶς
2957 1510 3017 1565 δε
3047 1511 3185 1565 ἐστιν
3217 1514 3247 1571 ἡ
3284 1518 3516 1587 σωτηρία
3549 1510 3597 1564 ἐκ
3620 1521 3700 1563 τῶν
3723 1512 3813 1565 Ἰον-

2295 1602 2480 1671 δαίων,
2527 1605 2557 1663 ἣ
2615 1600 2756 1656 διότι
2808 1609 3084 1674 πανταχοῦ
3147 1610 3237 1663 τῆς
3280 1610 3382 1653 τῶν
3428 1598 3631 1654 εἰδώλων
3672 1600 3815 1658 πλάνης

2294 1698 2352 1747 τό
2404 1698 2549 1765 γένος
2606 1692 2991 1763 ἐπινεμομένης,
3046 1690 3233 1743 ἐκεῖθεν
3284 1694 3482 1763 ηῦγασε
3541 1698 3635 1752 τοῖς
3690 1689 3817 1747 ἄλλοις

534 1788 627 1843 nis
664 1786 921 1857 cognitio
973 1785 1109 1840 inde
1131 1785 1209 1841 ad
1258 1784 1408 1840 alios
1452 1784 1725 1839 homines
1778 1784 2007 1857 perlata
2053 1790 2183 1850 est;

2304 1783 2584 1858 ἀνθρώποις
2627 1784 2656 1839 ἡ
2699 1783 3004 1852 θεογνωσία,
3038 1785 3125 1833 καὶ
3156 1778 3296 1833 διότι
3324 1781 3451 1833 αύτὸ
3480 1785 3533 1832 τό
3565 1780 3673 1839 ὅλως
3694 1796 3815 1853 προσο

535 1876 813 1948 quodque
839 1875 1059 1931 Judaais
1082 1874 1435 1940 debebatur,
1460 1874 1626 1946 quod
1665 1874 1971 1930 Samaritae
2001 1876 2183 1930 Deum

535 1966 935 2038 qualicunque
966 1964 1143 2020 modo
1189 1964 1508 2019 colebant?
1549 1965 1618 2018 At
1654 1964 1958 2019 enimvero
2005 1966 2187 2020 satius

538 2054 730 2118 fuerit,
764 2054 1039 2121 salutem,
1091 2070 1158 2110 ex
1184 2053 1403 2108 Judaeis
1434 2057 1638 2119 ortam,
1663 2052 1736 2108 de
1767 2054 1950 2124 ipsius
1983 2052 2187 2109 Christi

539 2144 820 2209 adventu,
850 2143 1121 2215 factaque
1172 2158 1272 2215 per
1302 2158 1439 2198 eum
1472 2142 1660 2213 gentis
1710 2143 1982 2198 humanae
2013 2159 2048 2198 a
2078 2142 2191 2215 pri-

541 2234 693 2289 stino
722 2233 890 2305 lapsu
920 2232 1283 2301 liberatione,
1332 2237 1389 2287 et
1427 2231 1875 2297 instauratione,
1925 2232 2193 2288 inimico-

540 2340 675 2379 rum
693 2322 988 2377 insidiiset
1006 2322 1229 2378 artibus
1247 2336 1560 2393 nunquam
1582 2321 1784 2376 iterum
1802 2321 2195 2393 subripienda

542 2418 601 2469 et
645 2412 1010 2476 temeranda,
1067 2410 1455 2481 interpretari.
1514 2410 1685 2474 Quod
1738 2425 1876 2465 vero
1931 2410 2191 2465 dicitur:

545 2500 765 2554 «Venit
805 2500 972 2563 hora,
1003 2505 1056 2554 et
1081 2499 1208 2568 jam
1236 2504 1327 2553 est
1356 2516 1368 2563 ;
1396 2518 1422 2548 »
1448 2498 1501 2552 id
1530 2498 1768 2567 quidem
1797 2498 2042 2567 indicat,
2070 2514 2195 2554 rem

546 2588 743 2659 ipsam
789 2587 1038 2643 omnino
1069 2592 1125 2642 et
1152 2586 1317 2641 brevi
1366 2585 1611 2657 quidem
1646 2602 1775 2641 esse
1824 2592 2193 2644 eventuram.

548 2675 974 2748 Prophetarum
1009 2674 1251 2747 quidem
1285 2675 1549 2738 oracula,
1578 2674 1790 2746 inquit,
1823 2675 2023 2746 aliquo
2056 2682 2201 2732 tem-

548 2780 692 2836 pore
718 2769 857 2836 post
883 2768 1161 2821 eventum
1192 2762 1610 2827 sortiebantur,
1637 2763 1696 2819 id
1733 2779 1888 2829 vero,
1920 2766 2080 2837 quod
2120 2766 2194 2821 de

546 2869 643 2910 me
672 2853 896 2910 dictum
926 2859 1031 2920 est,
1060 2854 1187 2925 jam
1215 2853 1275 2908 in
1303 2858 1588 2926 promptu
1632 2856 1738 2918 est,
1776 2858 1831 2909 et
1856 2870 2035 2927 opere
2066 2854 2199 2927 ipso

546 2944 947 3001 testimonium
974 2942 1219 3016 praebet,

870 3049 1195 3116 QUESTIO
1230 3049 1426 3107 LXXV
1462 3048 1569 3122 [αι.
1614 3050 1874 3121 LXXIV].

552 3157 846 3223 Quomodo
911 3157 1147 3213 dicatur
1209 3171 1330 3213 esse
1419 3157 1570 3212 Deus
1634 3157 1696 3211 in

623 3230 911 3355 Zuomodo
941 3228 1179 3284 dissolvi
1206 3228 1426 3310 possis?!
1444 3228 1840 3309 dubitationes
1860 3245 1983 3300 qua:
2009 3248 2040 3285 a
2071 3232 2196 3303 qui-

662 3301 873 3355 usdam
905 3307 1109 3355 contra
1139 3300 1247 3355 hoc
1275 3300 1663 3355 obncmnlur.

662 3301 873 3357 usdam
905 3307 1109 3356 contra
1139 3300 1247 3356 hoc
1275 3300 1663 3370 objiciuntur.

2296 1880 2463 1925 κυνεῖν
2503 1879 2619 1931 τοῦς
2663 1873 2983 1943 Σαμαρείτας
3025 1873 3111 1921 τὸν
3147 1873 3274 1923 Θεὸν
3325 1868 3428 1922 ἀπὸ
3472 1890 3565 1922 των
3606 1864 3816 1923 Ἰουδαίων

2298 1960 2473 2033 ἀρχὴν
2527 1962 2720 2031 ἔσχεν;
2754 1958 2957 2012 Μᾶλλον
3016 1955 3075 2011 δε
3138 1964 3402 2032 σωτηρίαν
3451 1957 3545 2011 ἀπὸ
3594 1966 3677 2010 τῶν
3720 1957 3816 2008 Ἰον-

2301 2046 2464 2102 δαίων
2502 2048 2860 2124 προελθοῦσαν
2904 2051 3045 2100 ἔστιν
3084 2046 3264 2100 ἐννοεῖν
3301 2053 3399 2107 τὴν
3446 2048 3594 2100 αύτοῦ
3620 2054 3696 2100 τοῦ
3726 2053 3820 2117 Χρι-

2304 2147 2431 2192 στοῦ
2471 2140 2784 2212 παρόυσίαν,
2829 2142 2919 2191 καὶ
2958 2140 3046 2195 τὴν
3092 2134 3164 2189 δι’
3213 2137 3378 2189 αὑτοῦ
3420 2140 3721 2209 γεγενημένην
3759 2140 3819 2185 τοῦ

2302 2232 2480 2299 γένους
2526 2226 2809 2285 ἁνάκλησίν
2848 2246 2902 2280 τε
2944 2233 3036 2278 τοῦ
3075 2226 3298 2279 παλαιοῦ
3340 2233 3625 2299 πτώματος,
3653 2229 3726 2276 καὶ
3761 2226 3824 2279 τήν

2304 2321 2492 2389 μηκέτι
2568 2316 2909 2388 κλεπτομένην
2988 2320 3078 2367 καὶ
3162 2318 3628 2390 παραφθειρομένην
3676 2312 3828 2385 ἐχθρῶν

2306 2406 2603 2467 έπιϐουλαῖς
2658 2410 2748 2457 καὶ
2808 2404 3125 2477 βασκανίαις
3186 2403 3626 2457 ἀποκατάστασιν.
3675 2404 3733 2455 Τὸ
3775 2396 3829 2451 δέ’

2312 2517 2335 2546 α
2368 2494 2621 2568 Ἔρχεται
2666 2497 2794 2569 ὥρα,
2840 2499 2931 2546 καὶ
2978 2502 3066 2545 νῦν
3098 2493 3260 2562 ἐστιν,
3284 2514 3311 2545 ι)
3342 2498 3404 2545 τὸ
3451 2496 3638 2554 πάντως
3665 2496 3737 2543 καὶ
3768 2486 3833 2541 διὰ

2307 2590 2511 2657 ταχέων
2559 2585 2799 2656 ἑπόμενον
2846 2586 3051 2655 μηνύει.
3103 2587 3179 2635 Ού
3222 2586 3346 2655 γὰρ,
3392 2586 3557 2655 ὥσπερ
3595 2584 3637 2634 οἱ
3678 2597 3832 2655 προφη-

2306 2679 2442 2727 τικοὶ
2484 2677 2727 2747 χρησμοὶ
2778 2677 2954 2745 χρόνῳ
2994 2673 3208 2747 ὕστερον
3246 2671 3430 2725 ἷλαϐον
3477 2676 3532 2725 τὸ
3573 2676 3725 2745 πέρας,
3760 2667 3837 2717 ἁλὶ*

2310 2765 2335 2815 ό
2360 2769 2479 2838 περὶ
2524 2763 2646 2837 ἐμοῦ
2676 2764 2850 2838 ῥηθεὶς
2878 2761 3029 2831 λόγος
3059 2758 3165 2820 ἤδη
3195 2764 3473 2836 πάρεστιν,
3503 2759 3601 2820 ἤδη
3632 2759 3835 2813 Marum

2309 2857 2403 2912 τὴν
2436 2852 2536 2905 ἀπὸ
2562 2861 2662 2905 τῶν
2693 2856 2852 2927 ἔργων
2878 2850 3189 2922 ἐπαγόμενος
3217 2856 3533 2925 μαρτυρίαν.

2879 3055 3193 3104 ΕΡΩΤΗΣῙΣ
3233 3047 3351 3104 ΟΕ’.

1790 3158 1950 3213 omni
2016 3174 2099 3223 re,
2143 3166 2194 3216 et

2312 3167 2422 3218 [Ιώς
2498 3157 2697 3229 λέγεται
2777 3160 2856 3229 τὸ⁸
2911 3164 3058 3211 Θεῖον
3126 3156 3253 3209 εἶναι
3323 3154 3376 3207 ἐν
3453 3163 3523 3225 τῷ
3585 3152 3837 3229 παντίὶκαὶ

3150 3227 3185 3279 ἃ
3253 3231 3381 3301 πρὸς
3473 3224 3565 3285 τὴν
3628 3224 3836 3301 ⁸ὑπόθεσιν

3153 3292 3532 3373 προκομίζεται
3618 3292 3837 3365 διαπορού-

2828 3225 3057 3313 διαλύειν

2901 3320 3041 3352 ενιων

2380 3238 2485 3290 πῶς
2565 3232 2729 3281 ἔνεστι

2379 3304 2572 3357 ταύτην
2680 3300 2803 3373 παρ’

2381 3377 2508 3445 μένα
2533 3389 2545 3439 ;

1637 3469 1789 3518 Edita
1818 3483 1850 3520 a
1878 3470 2031 3528 Maio,
2060 3472 2193 3521 Nov.
2224 3472 2373 3529 Coll.,
2404 3475 2439 3519 t.
2478 3469 2561 3526 lx,
2588 3484 2639 3532 p.
2667 3470 2828 3520 93-95.

625 3566 688 3621 ln
759 3565 961 3621 multis
1043 3582 1177 3637 qua:
1228 3566 1302 3622 de
1372 3568 1488 3621 Deo
1550 3568 2051 3639 contemplamur,
2129 3587 2201 3627 ne

554 3654 757 3710 omnia
786 3655 1003 3719 dicam,
1024 3670 1143 3709 non
1160 3654 1368 3717 solum,
1389 3656 1492 3726 qui
1513 3657 1806 3727 mysteriis
1825 3658 2057 3728 pietatis
2080 3675 2201 3714 non

553 3744 789 3800 fuerunt
811 3743 1037 3809 initiati,
1071 3743 1340 3815 quamvis
1372 3744 1495 3800 acie
1529 3746 1743 3800 mentis
1782 3752 1837 3801 et
1864 3748 2201 3818 cognitione

552 3847 751 3887 rerum
774 3848 1196 3904 corporearum
1223 3832 1567 3888 hominibus
1602 3833 1691 3887 sui
1723 3834 1950 3889 ordinis
1977 3836 2200 3905 praesti-

552 3920 753 3977 tissent
801 3920 1027 3993 quique
1074 3925 1339 3977 nostram
1408 3922 1832 3990 ignoraverunt
1879 3922 1999 3977 vim
2063 3939 2201 3978 con-

551 4009 879 4082 templandi
906 4009 1291 4065 inﬁrmiorem
1329 4026 1477 4075 esse,
1507 4026 1689 4082 quam
1723 4016 1785 4065 ut
1816 4010 2201 4081 intelligentia

553 4099 1059 4172 comprehendere
1120 4098 1217 4153 illa
1283 4100 1531 4170 possint,
1611 4100 1970 4171 experientia
2031 4117 2199 4157 com-

552 4188 914 4262 probarunt;
948 4188 1050 4242 sed
1074 4193 1127 4242 et
1156 4187 1492 4259 quicunque
1526 4193 1766 4259 propter
1794 4190 2047 4244 studium
2082 4190 2201 4262 pie-

552 4278 691 4336 tatis
716 4283 772 4333 et
802 4279 982 4333 vitam
1006 4293 1219 4349 puram
1236 4277 1628 4348 profundiora
1649 4285 2200 4346 cognoverunt,nec

552 4369 646 4424 his
676 4367 915 4441 quidem
949 4366 1206 4422 inventio
1255 4382 1453 4421 rerum
1479 4366 1820 4422 divinarum
1854 4367 2039 4422 facilis
2068 4384 2199 4425 esse

554 4458 719 4524 solet,
778 4456 925 4529 quid
997 4454 1133 4511 dico
1196 4454 1641 4511 inventionem?
1724 4456 2017 4527 siquidem
2089 4472 2198 4512 nec

552 4548 684 4619 ipsa
715 4546 1001 4602 scrutatio
1047 4561 1195 4617 pure
1243 4561 1453 4601 eorum
1505 4549 1765 4600 mentem
1822 4545 2017 4600 aﬂicit.
2070 4548 2200 4601 Haec

553 4641 753 4692 autem
776 4633 1026 4707 quaestio
1058 4639 1339 4707 tanquam
1367 4633 1611 4687 omnino
1646 4633 1837 4701 magis
1869 4633 2196 4701 recondita,

554 4729 757 4795 etquae
784 4729 1041 4778 mentem
1088 4724 1463 4777 curiosorum
1495 4721 1741 4790 excellit,
1796 4722 2083 4787 studium,
2138 4726 2202 4777 ut

552 4811 923 4880 intelligatur,
948 4812 1210 4882 postulat
1236 4830 1250 4882 ;
1278 4827 1396 4866 non
1418 4810 1611 4879 igitur,
1637 4827 1772 4882 quas
1798 4811 2087 4874 dicentur,
2115 4810 2199 4865 sic

556 4898 763 4955 audire
784 4904 1029 4970 oportet,
1061 4900 1233 4972 quasi
1264 4900 1526 4955 limatius
1565 4914 1689 4953 rem
1723 4899 2200 4970 comprehende-

552 4988 765 5050 rimus,
788 4992 843 5042 et
868 4986 1015 5042 nihil
1067 4987 1322 5060 amplius
1355 4987 1433 5043 ad
1480 4988 1966 5057 cognoscendum
2012 4988 2085 5042 de
2129 5003 2199 5042 ea

553 5076 821 5133 relictum
853 5093 889 5133 a
914 5076 1087 5132 nobis
1113 5078 1223 5143 sit;
1268 5076 1372 5132 sed
1405 5076 1687 5132 benevole
1713 5077 1918 5132 audire
1944 5080 2200 5148 oportet,

555 5170 612 5221 et
674 5164 951 5236 amplecti
1019 5170 1313 5237 quantum
1393 5165 1675 5221 humanis
1731 5165 2198 5235 cogitationibus

555 5270 628 5310 ea
655 5270 790 5325 quae
814 5253 1144 5310 humanam
1164 5254 1434 5309 notitiam
1475 5260 1778 5326 superant,
1804 5254 2041 5327 assequi
2068 5269 2200 5325 pos-

555 5359 787 5399 sumus.

628 5440 691 5489 In
739 5432 904 5489 omni
982 5436 1069 5487 est
1141 5432 1295 5487 Deus
1355 5432 1539 5503 (quod
1592 5434 1692 5488 tibi
1760 5433 1819 5488 in
1868 5422 2199 5506 quaestione

556 5539 715 5579 nunc
764 5521 1021 5595 positum
1068 5522 1174 5593 est)
1231 5524 1518 5592 tanquam
1584 5522 1731 5577 nihil
1800 5539 2008 5577 eorum
2064 5540 2198 5595 quae

557 5616 712 5670 sunt.
746 5612 802 5670 Si
825 5610 985 5669 enim
1016 5616 1176 5668 esset
1206 5624 1395 5665 unum
1416 5626 1487 5665 ex
1517 5610 1609 5671 iis.
1638 5626 1773 5683 qua:
1797 5614 1954 5679 sunt,
1981 5612 2085 5684 qui
2112 5616 2200 5668 est

2386 3568 2555 3621 Πολλὰ
2611 3575 2708 3618 τῶν
2766 3569 2907 3640 ἱερῶν
2946 3571 3063 3639 περὶ
3112 3574 3245 3620 Θεοῦ
3287 3568 3646 3641 θεωρημάτων,
3689 3563 3756 3613 ἱνα
3792 3559 3839 3627 μὴ

2312 3662 2481 3711 πάντα
2522 3656 2673 3727 λέγω,
2706 3655 2763 3708 οὐ
2808 3660 2960 3727 μόνον
3002 3658 3103 3708 ὅσα
3140 3664 3247 3719 τοῖς
3288 3666 3389 3719 τῆς
3425 3655 3672 3714 εὐσεϐείας
3696 3652 3846 3725 ὀργίοις

2311 3748 2404 3799 ούκ
2458 3746 2799 3803 ἐτελέσθησαν
2848 3744 2941 3797 κάν
2984 3754 3055 3815 τῷ
3104 3754 3196 3806 τῆς
3234 3743 3475 3807 διανοίας
3518 3745 3680 3817 κράτει
3708 3741 3841 3805 καὶτῇ

2312 3844 2409 3888 τῶν
2459 3836 2640 3888 ἐνύλων
2682 3841 2871 3906 γνώσει
2916 3843 3014 3886 τῶν
3057 3836 3327 3907 ὁμοταγῶν
3369 3838 3420 3888 ἓν
3463 3842 3533 3905 τῷ
3578 3838 3753 3906 κρατεῖν
3792 3823 3846 3876 δι·

2311 3929 2642 3997 ενηνόχασιν,
2674 3924 2802 3995 οὐχὶ
2842 3926 3033 3976 τούτων
3076 3928 3229 3996 μόνον
3256 3929 3351 3983 τὴν
3380 3924 3476 3987 ἔξω
3507 3930 3594 3976 τοῦ
3622 3918 3720 3973 καθ’
3745 3919 3845 3988 ἡμᾶς

2308 4015 2463 4085 λόγου
2521 4018 2613 4071 τὴν
2678 4016 2995 4087 θεωρητικὴν
3054 4012 3214 4085 ἰσχύν
3270 4011 3637 4085 ἀσθενεστέρας
3680 4017 3756 4067 τῆς
3798 4006 3847 4054 θέ⁹

2309 4108 2451 4165 κείας
2507 4101 2851 4173 καταλείψεως
2918 4110 2977 4174 τῇ
3041 4107 3196 4175 πείρα
3267 4098 3587 4175 διήλεγξαν·
3639 4097 3745 4150 ἀλλὰ
3784 4095 3845 4144 καὶ

2310 4195 2459 4253 ὅσους
2500 4194 2524 4243 ὁ
2564 4200 2653 4251 τῆς
2684 4191 2942 4253 εὐσεϐείας
2980 4190 3125 4261 λόγος
3172 4195 3262 4243 καὶ
3313 4193 3344 4249 ἡ
3395 4200 3490 4243 τοῦ
3534 4189 3649 4263 βίου
3677 4186 3848 4253 καθαρά·

2310 4300 2401 4343 της
2429 4290 2523 4341 τῆς
2568 4280 2912 4352 ἐπιγνώμονος
2941 4287 3040 4331 τῶν
3086 4278 3387 4352 βαθυτέρων
3420 4283 3577 4345 ἔθετο,
3618 4273 3726 4331 οὐδὲ
3759 4272 3848 4323 76'3-

2309 4391 2407 4421 των
2454 4372 2482 4428 ἡ
2540 4377 2639 4421 τῶν
2694 4371 2957 4441 θειοτέρων
3016 4368 3217 4441 εὕρεσις
3262 4368 3318 4421 ἐκ
3377 4377 3473 4422 τοῦ
3520 4370 3704 4444 ῥᾴστου
3756 4360 3851 4433 stiti

2310 4460 2727 4530 παραγίνεσθαι·
2757 4462 2844 4509 καὶ
2891 4461 2943 4508 τί
2990 4455 3118 4527 λέγω
3165 4458 3383 4531 εὕρεσις,
3430 4460 3619 4528 ὄπουγε
3661 4449 3757 4506 οὐδ’
3788 4448 3852 4498 αὖε

2308 4553 2367 4606 τὴ
2414 4550 2656 4621 καθαρῶς
2688 4551 2776 4598 καὶ
2824 4548 2960 4597 κατὰ
3003 4544 3150 4617 λόγον
3200 4547 3379 4608 αὐτοῖς
3431 4550 3459 4606 ἡ
3518 4549 3685 4621 ἔρευνα
3724 4536 3852 4593 διατί-

2312 4639 2491 4703 θεται;
2527 4636 2899 4709 Γλαφυρωτέρα
2931 4631 2990 4687 δε
3028 4638 3091 4695 ὡς
3136 4634 3326 4688 ἐπίπαν
3354 4641 3449 4688 καὶ
3497 4637 3625 4691 αὕτη
3668 4641 3747 4692 τῆς
3783 4634 3854 4677 τῶν

2308 4726 2874 4799 πολυπραγμονούντων
2946 4721 3185 4786 διανοίας
3249 4722 3659 4799 ὑπεριδρυμένη,
3709 4717 3857 4793 φιλοτυ

3101 4817 3285 4865 οὔκουν
3364 4824 3470 4866 τῶν
3544 4813 3858 4888 ῥηθησομένων

2309 4902 2565 4966 ἐξακούειν
2652 4899 2737 4955 δεῖ
2817 4903 2981 4963 οὕτως
3037 4904 3107 4965 ὡς
3165 4905 3223 4954 τό
3308 4901 3672 4977 ἀκριϐέστερον
3724 4913 3857 4949 κατει-

2308 4822 2477 4886 μεῖται
2561 4813 2998 4885 ἐπιγινώσκεσθαι
3032 4831 3046 4847 ο

2307 4994 2559 5064 ληφότων,
2624 4997 2712 5044 καὶ
2796 4988 2962 5064 μηδεν
3014 4991 3168 5044 πλέον
3244 4993 3317 5054 εἰς
3387 4999 3487 5053 τὴν
3557 5000 3645 5045 τοῦ
3692 5003 3861 5061 προκει-

2308 5086 2459 5155 μένου
2511 5090 2701 5153 γνῶσιν
2773 5080 3181 5153 ὑπολειπομένων
3215 5098 3229 5111 ⁸
3259 5080 3363 5135 ἀλλ’
3419 5085 3491 5145 ὡς
3558 5082 3659 5134 οἷόν
3712 5096 3758 5129 τε
3815 5071 3859 5121 τά

2308 5174 2525 5242 κρείττω
2573 5179 2665 5231 τῆς
2718 5168 3042 5243 ἀνθρωπίνης
3084 5168 3360 5233 έπιϐουλῆς
3414 5171 3670 5230 έπενοίαις
3709 5166 3861 5236 5:295:64-

2308 5263 2482 5320 πίναις
2513 5258 2841 5321 πανευλαϐὠς
2872 5264 2960 5311 καὶ
3006 5262 3099 5311 σὺν
3149 5258 3344 5332 ἀγωνία
3389 5264 3647 5333 μενόντων
3692 5256 3863 5327 εὖμεγὲς

2311 5346 2513 5400 ἀκούειν
2544 5353 2633 5400 καὶ
2659 5345 3041 5420 ἀποδέχεσθαι.

2382 5438 2460 5490 Ἐν
2528 5446 2599 5507 τῷ
2671 5442 2822 5489 παντὶ
2875 5444 3153 5508 τοιγαροῦν
3224 5442 3282 5490 τό
3353 5444 3511 5491 Θεῖόν
3562 5439 3716 5503 ἐστιν,
3774 5436 3862 5497 ὅπερ

2310 5526 2375 5585 εἰς
2432 5525 2724 5585 συζήτησιν
2781 5528 3028 5599 προετέθη
3096 5545 3199 5590 σοι,
3268 5529 3335 5589 ὡς
3389 5524 3550 5581 ούδὶν
3602 5534 3694 5579 τῶν
3750 5526 3866 5575 όντων

2309 5612 2356 5665 έν
2413 5621 2517 5675 τοῖς
2576 5609 2815 5673 ausuri;
2877 5616 2976 5688 γὰρ
3028 5613 3087 5666 ἂν
3141 5618 3198 5667 τὸ
3246 5616 3367 5689 ὑπερ
3428 5618 3606 5670 πάντα
3652 5618 3711 5668 τὰ
3756 5614 3867 5669 ὄντα.
