4140 6198
324 325 437 382 465

1359 324 1452 380 AD
1493 321 2036 381 AMPHILOCHIUM
2077 322 2401 391 QUIESTIO
2442 323 2684 379 LXXIV.

3587 325 3694 380 466

322 452 375 506 ’ἐν
441 449 501 504 ἃν
573 446 635 510 ἦν
693 457 792 502 τῶν
857 451 1015 503 ὄντων
1070 454 1161 504 καὶ
1226 451 1252 502 6
1329 454 1639 524 προαγωγὸς
1719 469 1773 503 τε
1825 448 1931 502 xui’

2045 448 2303 506 omnium
2335 456 2538 506 auctor
2553 453 2606 505 et
2624 447 2967 514 fabricator,
2992 465 3148 506 unus
3171 453 3480 506 vocaretur
3503 465 3572 507 ex
3591 449 3690 516 iis,

326 538 656 614 δημιουργὸς
725 539 984 608 ἁπάντων,
1040 540 1110 602 εἷς
1169 538 1229 591 ἀν
1295 539 1621 615 ἐχρημάτιζε
1686 547 1786 592 τῶν
1841 538 1930 591 ὑπ’

327 631 490 683 αὑτου
532 626 1053 704 δημιουργηθέντων,
1100 635 1264 682 Τοῦτο
1306 631 1406 702 γὰρ
1451 631 1740 702 νομοθετεῖν
1791 624 1930 681 οἶδεν

327 722 358 778 ἠ
391 722 526 793 πρὸς
565 722 632 771 τά
665 723 788 771 ὄντα
825 725 920 780 τῆς
964 714 1245 779 διαθέσεως
1284 722 1542 790 συγγενής
1581 737 1634 771 τε
1680 723 1769 770 καὶ
1812 718 1932 789 ὁμο-

327 813 494 880 ταγής
531 815 626 871 τῆς
665 803 1055 882 δημιουργικῆς
1096 805 1272 882 ἀρχῆς
1316 813 1576 877 κοινωνία,
1621 803 1829 860 ἐπειδὰν
1872 808 1930 858 τό

330 896 728 972 ἀπαράλλακτον
781 915 862 958 τις
904 894 1199 959 ἐκϐιάζοιτο
1242 900 1338 955 τὴν
1384 901 1574 968 σχέσιν
1619 899 1758 968 ἔχειν
1806 897 1932 969 πρὸς

329 985 531 1045 ἄλληλα
558 989 622 1039 τὰ
651 989 773 1038 ὄντα
795 991 886 1039 καὶ
914 989 1001 1038 τὸν
1033 990 1262 1044 κτίστην
1291 989 1417 1060 πρὸς
1445 989 1512 1038 τὰ
1539 990 1823 1058 κτίσματα.

405 1075 608 1130 Οὐκοῦν
650 1077 721 1137 ὡς
758 1072 908 1128 οὑδεν
953 1083 1025 1127 τῶ
1063 1079 1219 1128 ὄντων
1257 1083 1369 1136 τοῖς
1415 1075 1576 1128 αὑτοῦ
1617 1077 1932 1128 συνάπτεται

329 1171 424 1219 καὶ
475 1163 883 1237 συγκαταϐαίνει
941 1167 1027 1216 τόν
1070 1171 1220 1218 Θεῖον
1274 1161 1740 1236 δημιουργὰμασιν
1769 1183 1781 1195 ·
1821 1161 1933 1215 ἀλλ’

333 1251 622 1323 ἰδιαζοὺση
674 1250 910 1306 διαθέσει
960 1258 1050 1305 καὶ
1102 1253 1369 1326 οἰκονομίᾳ
1412 1251 1778 1326 διακεκριμένη
1834 1255 1929 1310 τὴν

325 1347 462 1418 πρὸς
516 1345 582 1396 τὰ
625 1347 746 1396 ὄντα
794 1345 983 1413 σχέσιν
1025 1341 1310 1414 ἁρμόζεται
1341 1359 1354 1371 ο
1388 1344 1560 1416 ὥσπερ
1607 1338 1666 1394 δέ
1717 1341 1832 1394 ἐστι
1869 1343 1929 1392 τό

329 1440 483 1487 Θεῖον
531 1436 684 1504 σοφόν
724 1450 778 1485 τε
825 1432 936 1504 ἅμα
974 1436 1064 1484 καὶ
1094 1433 1402 1506 ὑπέρσοφον,
1437 1436 1568 1498 θεός
1605 1450 1659 1484 τε
1704 1433 1931 1505 ἰσχυρὸς

323 1527 419 1574 καὶ
473 1523 734 1595 ὑπέρθεος,
788 1526 977 1596 κυρίως
1024 1540 1080 1574 τε
1131 1521 1287 1574 οὐσία
1328 1525 1417 1574 καὶ
1464 1522 1791 1595 ὑπεροὺσιον,
1841 1523 1930 1572 καὶ

325 1612 623 1684 αὑτάγαθον
673 1611 861 1683 ὁμοίως
908 1615 998 1662 καὶ
1055 1611 1401 1682 ὑπεράγαθον,
1454 1610 1616 1672 οὑτως
1669 1611 1930 1682 ὑπάρχειν

321 1700 532 1772 λέγεται
585 1699 680 1751 κάν
719 1707 791 1769 τῷ
831 1703 985 1752 παντὶ
1034 1704 1124 1751 καὶ
1170 1701 1296 1773 ὑπὲρ
1344 1703 1402 1752 τό
1449 1706 1550 1751 πᾶν
1583 1719 1596 1731 θ
1641 1699 1723 1751 ἐπὶ
1770 1704 1930 1771 μόνης

2040 555 2170 611 quae
2191 539 2269 595 ab
2306 541 2438 612 ipso
2461 539 2618 595 facta
2660 543 2818 596 sunt.
2845 541 3006 595 Hanc
3035 539 3192 595 enim
3219 538 3412 609 legem
3442 539 3694 611 imponit

2041 628 2387 684 communio
2417 644 2556 684 cum
2599 627 2690 693 iis,
2731 643 2864 700 qua;
2894 632 3052 695 sunt,
3085 634 3141 684 et
3170 643 3377 684 eorum
3417 629 3693 700 cognatio

2039 732 2076 773 a
2113 716 2383 789 Principe
2423 721 2480 772 et
2519 718 2788 774 Creatore
2838 717 3120 790 profecta,
3165 717 3213 773 si
3248 719 3383 791 quis
3421 734 3528 790 per
3565 719 3691 774 vim

2041 805 2279 874 nitatur,
2311 811 2367 862 et
2398 806 2560 879 quod
2586 806 2802 862 variari
2841 822 2959 862 non
2987 811 3198 879 potest,
3231 811 3499 863 mutuam
3522 806 3694 863 habi-

2041 895 2306 952 tudinem
2338 911 2476 952 cum
2513 896 2693 952 rebus
2721 895 2956 960 habeat,
2996 900 3053 952 et
3091 897 3329 954 Creator
3365 912 3503 953 cum
3534 913 3695 955 crea~

2038 986 2213 1041 turis.

2113 1075 2294 1146 Igitur
2333 1079 2616 1147 tanquam
2647 1073 2790 1130 nihil
2814 1090 3020 1131 eorum
3042 1090 3176 1146 quae
3200 1079 3357 1140 sunt,
3391 1093 3526 1133 cum
3566 1077 3691 1133 suis

2038 1164 2432 1234 conjungitur,
2456 1169 2512 1221 et
2531 1164 2784 1220 demittit
2815 1179 2876 1219 se
2906 1165 3058 1220 Deus
3089 1165 3166 1221 ad
3195 1181 3338 1221 suas
3359 1170 3685 1236 creaturas,

2039 1252 2146 1309 sed
2200 1252 2444 1325 propria
2480 1253 2865 1325 dispositione
2903 1257 2959 1308 et
3011 1253 3351 1309 oeconomia
3388 1253 3688 1321 distincta,

2038 1357 2213 1397 suam
2244 1357 2378 1397 cum
2417 1342 2596 1396 rebus
2634 1341 3050 1397 habitudinem
3077 1346 3264 1413 aptat.
3296 1342 3460 1397 Sicut
3489 1347 3687 1399 autem

2039 1435 2125 1486 est
2165 1433 2315 1485 Deus
2356 1431 2589 1502 sapiens
2619 1429 2797 1485 simul
2822 1435 2878 1486 et
2901 1447 3072 1502 supra
3093 1431 3412 1503 sapientes,
3443 1436 3499 1487 et
3526 1431 3692 1488 fortis

2042 1522 2194 1574 Deus
2219 1523 2275 1574 et
2303 1534 2484 1590 supra
2509 1517 2714 1584 fortes,
2737 1524 2792 1574 et
2815 1535 2997 1590 supra
3015 1519 3182 1584 deos,
3211 1527 3265 1574 et
3297 1520 3533 1592 proprie
3554 1520 3693 1576 sub-

2040 1607 2252 1664 stantia
2265 1613 2318 1663 et
2333 1623 2516 1680 supra
2533 1607 3017 1672 substantiam,et
3033 1609 3225 1680 ipsum
3243 1625 3346 1680 per
3360 1625 3422 1664 se
3435 1608 3688 1672 bonum,

2039 1701 2096 1753 et
2117 1695 2382 1752 similiter
2399 1713 2582 1768 supra
2596 1696 2854 1762 bonum;
2876 1697 2960 1752 sic
2982 1697 3196 1753 dicitur
3213 1713 3344 1753 esse
3361 1697 3418 1753 in
3443 1698 3620 1766 Omni,
3635 1701 3694 1752 et

325 1794 430 1863 γὰρ
489 1797 578 1850 τῆς
643 1787 872 1864 ἀῤῥήτου
934 1793 1023 1839 καὶ
1092 1787 1429 1860 πολυωνὺμου
1487 1794 1576 1842 καὶ
1643 1789 1929 1860 ὑπερφυοῦς

2045 1801 2224 1858 supra
2251 1801 2449 1842 omne.
2478 1786 2541 1840 In
2563 1787 2696 1842 sola
2713 1785 2872 1841 enim
2901 1791 3132 1854 natura,
3157 1803 3293 1858 qum
3316 1802 3499 1858 supra
3527 1794 3692 1842 natu-

331 1881 555 1952 φὺσεως,
613 1879 638 1930 ὁ
695 1881 1049 1950 καταφατικός
1100 1885 1198 1928 τῶν
1257 1876 1519 1950 ὀνομάτων
1577 1879 1758 1944 τύπος,
1811 1880 1931 1929 σὺν-

332 1964 531 2041 δρομον
573 1971 723 2039 ἴσχει
765 1971 860 2025 τὴν
899 1970 1163 2038 σημασίαν
1202 1973 1310 2028 τοῖς
1340 1963 1432 2019 διὰ
1470 1974 1566 2018 τῶν
1599 1965 1929 2038 ἀποφατικῶν

332 2058 363 2116 ἡ
415 2064 731 2131 στερητικῶν
763 2063 937 2128 φωνῶν
987 2063 1389 2128 σχηματισμοῖς
1430 2051 1656 2114 δηλοῦσι
1702 2058 1760 2106 τὸ
1807 2052 1932 2126 βού-

329 2145 476 2218 λημα
507 2165 520 2177 ο
555 2147 740 2220 διόπερ
785 2147 844 2196 τό
896 2142 945 2196 ἐν
991 2150 1146 2196 παντὶ
1194 2144 1288 2197 οὑκ
1336 2147 1476 2198 ἔστιν
1535 2143 1782 2204 ἀθέτησις
1837 2149 1930 2195 τοῦ

330 2237 459 2310 ὑπερ
497 2237 556 2288 τὸ
585 2241 688 2287 πᾶν
711 2251 724 2263 °
759 2232 888 2286 ἀλλὰ
932 2238 1205 2306 συμφωνία
1236 2233 1426 2306 μᾶλλον
1469 2238 1560 2286 καὶ
1605 2232 1888 2306 βεϐαίωσις
1913 2248 1926 2262 ⁸

330 2324 389 2377 οὑ
420 2328 524 2396 μὴν
559 2319 620 2376 δε
649 2322 755 2374 ἀλλ’
784 2319 908 2375 οὑδὲ
937 2325 994 2375 τό
1025 2324 1152 2398 ὑπερ
1182 2328 1284 2376 πᾶν
1327 2322 1663 2397 παραλλαγὴν
1694 2321 1929 2392 προλαμ-

329 2413 472 2466 ϐάνει
513 2415 943 2486 θαυμασιωτέραν
972 2421 1068 2474 τῆς
1106 2420 1460 2484 μυσταγωγοῦ
1492 2411 1771 2484 θεολογίας,
1805 2411 1928 2485 παρ’

331 2503 393 2562 ἣν
420 2505 450 2561 ἠ
487 2501 535 2554 ἐν
566 2509 638 2572 τῷ
663 2506 819 2554 παντὶ
849 2500 1236 2574 ἱερολογουμένη
1271 2503 1455 2575 θεωρία
1484 2496 1876 2576 παραδίδωσιν.

395 2591 560 2644 Ὠστε
608 2593 634 2642 6
667 2586 932 2663 διαπορῶν
976 2590 1020 2642 εἰ
1069 2588 1115 2641 ἐν
1145 2598 1217 2660 τῷ
1263 2594 1412 2642 παντὶ
1451 2593 1510 2642 τό
1555 2595 1698 2644 Θεῖον
1737 2590 1830 2642 οὑκ
1871 2587 1930 2640 ἂν

327 2683 455 2753 ὑπὲρ
488 2683 545 2732 τὸ
577 2686 702 2748 πᾶν,
731 2678 937 2736 λέληθεν
985 2677 1166 2730 ἑαυτὸν
1215 2682 1306 2738 τὴν
1354 2687 1454 2730 τῶν
1496 2677 1639 2754 ἱερῶν
1683 2680 1931 2754 ῥημάτων

328 2769 414 2823 ἐπὶ
442 2779 540 2831 τῆς
565 2772 767 2842 φύσεως
794 2776 996 2840 χρῆσιν
1026 2765 1220 2838 ἀγνοῶν
1251 2787 1263 2800 ο
1292 2773 1382 2820 καὶ
1413 2776 1503 2828 τῆς
1536 2770 1792 2830 συνάθους
1813 2772 1929 2842 περὶ

328 2869 430 2912 τῶν
471 2859 656 2912 ἐνὺλων
700 2857 903 2931 ὁμιλίας
947 2854 1098 2910 οὑδεν
1148 2856 1466 2930 ὑψηλότερον
1511 2854 1634 2910 οὑδέ
1679 2859 1932 2932 θειότερον

331 2958 434 3002 τῶν
514 2947 680 3001 ἁΰλων
746 2947 1127 3020 φανταζόμενος
1158 2966 1170 2979 ·
1235 2945 1363 2998 ἀλλά
1416 2948 1518 3022 γὰρ
1573 2954 1684 3009 πῶς
1753 2945 1804 2999 ἐν
1861 2953 1932 3015 τῷ

335 3043 492 3091 παντί
526 3054 540 3105 ;
568 3041 771 3113 εἴρηται
797 3038 886 3108 μεν
926 3038 996 3098 ὡς
1024 3036 1139 3088 κατ’
1166 3032 1354 3089 οὑδίνα
1381 3039 1569 3109 τρόπον
1609 3044 1709 3087 τῶν
1755 3038 1929 3088 ὄντων.

2038 1891 2169 1931 ram
2195 1880 2298 1940 est,
2326 1882 2532 1946 etquae
2552 1875 2665 1930 dici
2686 1891 2805 1931 non
2833 1880 3044 1947 potest,
3074 1881 3130 1932 et
3153 1875 3475 1932 multorum
3501 1875 3694 1932 nomi-

2039 1980 2184 2019 num
2203 1963 2620 2018 afﬁrmantium
2634 1963 3117 2035 signiﬁcationem
3134 1965 3314 2020 habet
3328 1965 3693 2020 consentien-

2041 2057 2156 2109 tem
2189 2069 2325 2108 cum
2350 2052 2540 2108 forma
2562 2069 2778 2108 vocum
2801 2053 3170 2123 negantium,
3192 2053 3282 2108 vel
3303 2054 3684 2126 privantium.

2041 2144 2123 2197 Ex
2146 2157 2264 2213 quo
2304 2141 2388 2207 ﬁt,
2433 2147 2494 2196 ut
2527 2157 2654 2196 esse
2680 2141 2739 2196 in
2779 2142 2960 2208 omni,
2995 2158 3116 2198 non
3157 2149 3330 2214 neget
3360 2158 3492 2198 esse
3518 2159 3694 2214 supra

2040 2245 2239 2294 omne,
2282 2229 2389 2284 sed
2446 2229 2643 2301 potius
2682 2230 3014 2294 conﬁrmet,
3057 2235 3114 2286 et
3151 2246 3271 2286 non
3321 2231 3431 2286 hoc
3471 2230 3688 2296 solum,

2039 2334 2148 2374 nec
2170 2333 2297 2373 esse
2333 2333 2515 2390 supra
2545 2334 2745 2385 omne,
2764 2319 3157 2375 variationem
3181 2318 3691 2375 admirabiliorem

2039 2407 2095 2464 in
2128 2407 2421 2478 theologia
2459 2408 2665 2480 recipit
2701 2413 2916 2480 praeter
2952 2424 3106 2474 eam,
3136 2425 3321 2481 quam
3359 2409 3532 2466 tradit
3562 2424 3691 2464 esse

2039 2496 2099 2552 in
2127 2499 2316 2553 omni.

2112 2585 2303 2653 Quare
2342 2584 2444 2656 qui
2497 2584 2751 2655 dubitat,
2792 2587 2841 2641 si
2896 2588 3048 2642 Deus
3100 2592 3185 2644 est
3225 2587 3282 2642 in
3324 2587 3510 2654 omni,
3567 2601 3689 2642 non

2041 2689 2171 2730 esse
2194 2690 2376 2746 supra
2401 2675 2842 2745 omne,ignorat
2863 2676 2912 2730 is
2934 2693 3108 2731 usum
3135 2693 3447 2732 sacrarum
3472 2692 3690 2732 vocum

2041 2763 2115 2818 de
2172 2763 2371 2818 divina
2430 2771 2644 2820 natura
2686 2783 2699 2833 ;
2741 2769 2797 2821 et
2836 2765 2981 2820 nihil
3053 2766 3227 2822 altius
3288 2782 3483 2839 neque
3545 2765 3694 2819 divi-

2040 2853 2189 2917 nius,
2231 2869 2417 2925 quam
2457 2855 2826 2909 consuetudo
2865 2870 3063 2910 rerum
3103 2871 3526 2928 corporearum
3559 2854 3686 2919 fert,

2042 2941 2117 2997 de
2156 2941 2246 3009 iis,
2279 2957 2416 3014 quas
2442 2943 2689 2998 materia
2713 2948 2948 3009 vacant,
2983 2945 3217 3014 cogitat.
3241 2944 3354 2999 Sed
3383 2942 3688 3015 quomodo

2042 3034 2131 3086 est
2194 3028 2253 3084 in
2319 3029 2547 3085 omni?
2587 3030 2815 3086 Dictum
2871 3030 3030 3086 enim
3085 3036 3189 3103 est,
3264 3031 3427 3087 nullo
3509 3029 3693 3086 modo

334 3127 398 3182 Εἰ
479 3123 538 3179 δε
616 3123 701 3179 δεῖ
765 3145 815 3178 τι
894 3124 1084 3198 μᾶλλον
1161 3127 1589 3199 θεωρητικωτέρω
1661 3121 1931 3197 δογμάτων

2045 3135 2252 3175 earum
2291 3135 2488 3174 rerum
2543 3135 2678 3191 quae
2731 3124 2868 3174 sunt
2901 3136 2914 3174 :
2946 3119 3052 3176 sed
3101 3121 3149 3175 si
3192 3125 3425 3193 oportet
3462 3116 3694 3191 aliquid

336 3220 467 3291 πρός
499 3218 556 3268 τὸ
584 3215 718 3286 ὕψος
745 3219 815 3287 μὴ
850 3210 1237 3280 ἀποδειλιάσαι,
1267 3215 1380 3266 ἐστι
1419 3216 1476 3265 τό
1511 3220 1660 3266 Θεῖον
1691 3214 1740 3265 ἐν
1783 3216 1936 3265 παντὶ

337 3306 455 3359 κατ’
485 3304 736 3379 ἐνέργειάν
783 3323 836 3357 τε
878 3308 968 3356 καὶ
1014 3302 1129 3355 κατ’
1168 3302 1386 3354 oriatur
1421 3307 1510 3354 καὶ
1557 3306 1628 3374 μὴ
1673 3322 1763 3375 μοι
1800 3301 1935 3373 λέγε,

336 3405 475 3462 πῶς;
507 3398 812 3468 προείρηται
854 3397 943 3445 καὶ
987 3395 1056 3454 ὡς
1104 3391 1220 3444 κατ’
1259 3387 1446 3444 οὑδένα
1483 3411 1670 3466 τροπον
1719 3400 1818 3444 τῶν
1859 3395 1936 3443 ὅν-

335 3505 437 3538 των
468 3501 481 3514 ⁶
519 3492 624 3544 πῶς
682 3479 768 3535 οὑν
822 3481 938 3534 ἐστι
995 3481 1109 3533 κατ’
1161 3481 1343 3533 οὑσίαν
1376 3498 1390 3548 ;
1418 3483 1488 3542 ὡς
1544 3480 1792 3541 ἐννοήσας
1820 3478 1935 3531 κατ’

336 3573 588 3648 ἐνέργειαν
615 3590 626 3602 ·
660 3568 840 3630 ἐπειδὴ
886 3573 987 3643 γὰρ
1037 3573 1101 3622 τά
1139 3574 1228 3643 μὲν
1269 3569 1398 3622 ἄλλα
1435 3575 1524 3622 καὶ
1563 3567 1782 3642 δυνάμει
1822 3569 1937 3621 ἐστί

335 3681 461 3716 ποτε
489 3668 579 3714 καὶ
629 3659 873 3733 ἐνεργείᾳ,
923 3662 982 3712 τὸ
1015 3657 1072 3712 δι
1121 3666 1292 3726 Θεῖον,
1324 3661 1392 3721 ὡς
1440 3660 1466 3710 ὀ
1516 3655 1818 3734 διορατικός
1864 3657 1937 3708 ἐν·

335 3756 538 3809 νοήσειε
583 3757 720 3813 νοῦς,
777 3748 950 3824 ἀείπερ
1005 3747 1144 3800 ἐστὶν
1188 3747 1412 3822 ἐνέργεια
1446 3765 1457 3777 ·
1493 3747 1550 3800 οὐ
1580 3750 1678 3821 γὰρ
1719 3746 1772 3810 ἐξ
1816 3745 1936 3799 ἁτε-

333 3840 458 3902 λοῦς
499 3839 564 3899 εἰς
612 3837 908 3896 τελειότητα
948 3841 1202 3910 πρόεισιν,
1249 3833 1368 3888 οὐδ’
1404 3835 1526 3888 ἄλλο
1564 3856 1615 3887 τι
1662 3838 1805 3910 παρὰ
1843 3839 1935 3893 τὴν

337 3928 717 4001 αὑτοενέργειαν
783 3925 894 3978 ἐστι
950 3929 1007 3978 τό
1065 3921 1390 3991 αὑτοοὺσιον,
1439 3921 1596 3984 δῆλον
1649 3927 1716 3986 ὡς
1761 3924 1812 3976 ἐν
1859 3925 1937 3985 οἷς

337 4015 452 4068 ἐστι
482 4016 597 4068 κατ’
644 4018 918 4090 ἐνέργειαν,
951 4013 998 4066 ἐν
1047 4022 1152 4076 τοῖς
1196 4013 1372 4074 αὑτοῖς
1420 4013 1532 4066 ἐστι
1575 4017 1664 4065 καὶ
1709 4013 1824 4065 κατ’
1855 4013 1939 4065 οὑ-

341 4110 460 4158 σίαν
494 4125 506 4137 ο
540 4103 731 4178 ἐνεργεῖ
757 4108 847 4178 μεν
876 4105 978 4179 γὰρ
1005 4106 1141 4155 κατά
1171 4107 1405 4174 συνοχὴν
1435 4108 1524 4154 καὶ
1557 4098 1590 4154 δ
1597 4106 1810 4176 ιαμονην
1839 4108 1937 4153 τῶν

337 4199 496 4248 ὄντων
522 4211 534 4224 ⁸
567 4195 742 4246 οὑσιοῖ
772 4190 831 4246 δε
867 4198 957 4246 καὶ
996 4189 1270 4266 διακρατεῖ
1299 4200 1398 4244 τῶν
1448 4188 1938 4266 δημιουργηθέντων

337 4285 426 4337 ὑπ’
457 4283 617 4336 αὑτοῦ
646 4287 740 4342 τὴν
772 4285 949 4355 φύσιν.

410 4561 526 4615 Πῶς
583 4548 671 4604 οὑν
722 4552 780 4602 τό
834 4551 985 4603 Θεῖόν
1035 4547 1150 4602 ἐστι
1198 4543 1468 4608 οὑσιωδῶς
1519 4547 1569 4598 ἐν
1628 4556 1700 4618 τῷ
1758 4553 1932 4616 παντὶ,

334 4643 394 4696 οὑ
441 4646 542 4715 μία
599 4660 678 4702 τις
726 4637 782 4690 ἐκ
831 4640 1023 4690 τούτων
1077 4635 1400 4690 ἀποτελεῖται
1449 4641 1798 4697 συνουσίωσις
1846 4643 1934 4690 καὶ

335 4735 529 4806 φύσιςς
558 4731 639 4782 ὅτι
707 4724 824 4780 οὐδ’
875 4729 997 4780 ὅταν
1045 4726 1186 4796 αὐτῷ
1267 4725 1440 4798 ἐννοῇς
1504 4727 1620 4777 κατ’
1681 4723 1933 4798 ἐνέργειαν

334 4826 424 4874 καὶ
492 4819 646 4893 λέγῃς
704 4816 752 4870 ἐν
828 4824 901 4887 τῷ
955 4820 1108 4869 παντὶ
1183 4812 1332 4881 εἶναι,
1383 4810 1498 4868 οὐδ’
1577 4815 1734 4876 οὑτως
1786 4818 1930 4868 ἔσται

335 4908 784 4980 συντετελεσμένον
841 4910 930 4958 καὶ
999 4907 1198 4976 φύσεως
1252 4904 1400 4975 λόγον
1459 4903 1647 4976 ἐπέχον
1717 4907 1774 4956 τὸ
1833 4901 1934 4957 δυ-

332 5003 546 5074 νάμενον
615 4995 892 5070 ὁλόκληρόν
962 5014 1073 5056 πως
1147 4995 1405 5065 ὑποσχεῖν
1480 4997 1575 5051 τὴν
1639 4997 1826 5066 χρείαν
1879 4997 1933 5046 ἔκ

332 5109 388 5143 τε
452 5095 546 5141 τοῦ
600 5089 792 5147 παντὸς
843 5088 932 5136 καὶ
997 5081 1052 5135 ἐκ
1134 5091 1228 5144 τῆς
1285 5084 1425 5144 θείας
1477 5087 1567 5134 καὶ
1641 5088 1933 5156 κρείττονος

336 5177 594 5232 συνελθεῖν
677 5175 830 5248 ἐτέρῳ
898 5175 1028 5246 πρὸς
1109 5176 1234 5244 μίαν
1316 5173 1651 5233 ὑποστάσεως
1727 5173 1932 5227 αὑτοτέο

329 5267 505 5321 λειανο
539 5270 629 5318 καὶ
679 5273 783 5324 πῶς
824 5262 885 5316 ἂν
961 5264 1020 5314 τό
1075 5259 1191 5314 κατ’
1247 5259 1429 5312 οὑσίαν
1487 5261 1728 5334 ὑπάρχον
1791 5267 1928 5330 τινές

328 5364 481 5410 τοῦτο
521 5358 621 5429 γὰρ
670 5353 874 5424 εὔλογον
922 5350 1328 5426 προσεπιζητεῖν
1360 5345 1550 5401 δοκεῖ·
1581 5355 1706 5422 μίαν
1750 5350 1930 5404 ἐννοεῖν

328 5447 424 5499 οὑκ
475 5443 754 5518 ἀπαρτίζει
807 5445 902 5494 σὺν
941 5439 1110 5511 ἐκείνῳ
1159 5441 1474 5492 ὑπόστασιν.
1509 5438 1644 5490 Ἀλλ’
1675 5441 1733 5492 οὐ
1772 5441 1929 5513 χαλε-

325 5539 423 5588 πὸν
472 5533 841 5603 ἐπιλύσασθαι,
894 5531 973 5582 ὄτι
1027 5525 1201 5581 διττόν
1239 5528 1440 5600 λέγεται
1490 5531 1546 5579 τὸ
1590 5529 1704 5580 κατ’
1745 5531 1928 5583 οὑσίαν

327 5626 587 5698 ὑπάρχειν
618 5627 718 5676 τινί
751 5637 765 5653 ο
797 5623 856 5674 τὸ
905 5622 993 5692 μεν
1037 5619 1137 5692 γὰρ
1180 5625 1278 5670 τῶν
1325 5621 1716 5690 σημαινομένων
1767 5617 1816 5672 ἐν
1853 5629 1926 5693 τῷ

2045 3208 2239 3264 adhuc
2285 3208 2478 3264 dicere
2535 3208 2698 3280 quod
2755 3209 2825 3264 sit
2876 3210 3117 3280 majoris
3155 3208 3690 3281 contemplationis,

2042 3297 2114 3354 iis
2178 3297 2372 3362 etiam,
2441 3297 2546 3369 qui
2599 3302 2738 3354 sunt
2801 3297 3006 3354 altiore
3071 3303 3269 3355 mente
3323 3298 3575 3371 praediti,
3639 3303 3696 3352 et

2043 3401 2166 3443 non
2185 3385 2372 3442 solent
2400 3385 2721 3443 formidare
2742 3391 2798 3441 et
2819 3387 3018 3457 fugere
3045 3387 3425 3444 altitudinem
3447 3387 3695 3458 dogma-

2045 3481 2171 3533 tum
2211 3475 2402 3546 magis
2441 3476 2928 3546 theologicorum,
2971 3482 3058 3533 est
3095 3479 3246 3532 Deus
3295 3482 3431 3532 actu
3470 3482 3527 3533 et
3557 3477 3697 3534 sub-

2045 3565 2265 3622 stantia
2285 3566 2345 3620 in
2362 3565 2546 3620 omni.
2568 3566 3516 3636 Quomodoigiturestsuhstantia
3547 3567 3698 3623 sicut

2043 3653 2377 3710 intellexisti
2410 3659 2546 3710 actu
2583 3655 2611 3708 ?
2635 3657 2777 3727 quia
2816 3656 2976 3712 enim
3005 3655 3124 3713 alia
3153 3661 3292 3712 sunt
3328 3656 3696 3728 quandoque

2046 3748 2219 3808 actu;
2259 3742 2410 3798 Deus
2458 3759 2600 3798 vero
2655 3745 2744 3815 (ut
2799 3744 2902 3817 qui
2941 3745 3131 3801 aciem
3191 3747 3408 3801 mentis
3459 3750 3695 3801 acutam

2046 3831 2240 3896 habet,
2274 3831 2598 3901 intelligere
2631 3834 2840 3905 potest)
2882 3850 3117 3905 semper
3158 3834 3330 3890 adest
3369 3839 3542 3899 actu;
3577 3850 3695 3890 non

2045 3920 2203 3976 enim
2245 3935 2316 3974 ex
2343 3919 2682 3992 imperfecto
2715 3923 2790 3977 ad
2827 3921 3151 3993 perfectum
3183 3922 3470 3994 procedit,
3504 3938 3697 3995 neque

2045 4009 2205 4065 aliud
2235 4007 2380 4081 quid
2421 4013 2510 4064 est
2539 4026 2666 4065 esse
2705 4011 2899 4082 ipsum
2931 4027 3034 4083 per
3073 4027 3136 4066 se
3175 4011 3425 4078 bonum,
3458 4017 3696 4084 praeter-

2045 4113 2230 4171 quam
2298 4096 2497 4168 ipsum
2563 4115 2692 4155 esse
2759 4115 2862 4170 per
2928 4115 2990 4154 se
3063 4105 3284 4164 actum,
3355 4100 3558 4172 liquet,
3635 4101 3696 4156 in

2045 4186 2265 4259 quibus
2296 4191 2387 4242 est
2411 4193 2567 4254 actu,
2609 4188 2670 4244 in
2698 4189 2766 4243 iis
2801 4188 2948 4260 ipsis
2986 4204 3116 4245 esse
3156 4188 3495 4246 substantia
3525 4205 3540 4256 ;
3572 4189 3695 4261 agit

2046 4276 2202 4333 enim
2247 4278 2761 4334 conservationem
2791 4283 2848 4334 et
2890 4277 3268 4334 durationem
3317 4293 3526 4333 eorum
3555 4293 3694 4350 qum

2047 4380 2201 4429 sunt.
2228 4373 2525 4430 Sustentat
2546 4372 2738 4425 autem
2773 4373 2827 4425 et
2865 4369 3125 4424 continet
3149 4373 3427 4424 naturam
3460 4383 3692 4438 eorum,

1966 4499 2011 4555 Β
2045 4478 2180 4534 quae
2212 4462 2286 4518 ab
2313 4461 2446 4533 ipso
2486 4463 2869 4555 creata-sunt.

2115 4549 2430 4618 Quomodo
2462 4549 2634 4621 igitur
2659 4548 2706 4603 si
2737 4549 2885 4604 Deus
2915 4552 3005 4604 est
3047 4550 3380 4606 secundum
3419 4547 3696 4604 substan-

2042 4640 2177 4697 tiam
2227 4641 2287 4696 in
2337 4638 2522 4705 omni,
2578 4653 2698 4694 non
2753 4637 3061 4694 conficitur
3126 4655 3246 4696 una
3284 4655 3348 4694 ex
3404 4636 3692 4694 omnibus

2045 4733 2410 4795 συνουσίωσις,
2459 4729 2518 4784 id
2565 4732 2672 4793 est,
2728 4727 3264 4784 consubstantiatio
3313 4734 3368 4784 et
3415 4733 3632 4784 natura
3666 4727 3694 4784 ?

2043 4819 2336 4884 Quoniam
2360 4833 2554 4890 neque
2575 4832 2714 4873 eum
2740 4817 2938 4889 ipsum
2961 4816 3236 4888 intelligis
3248 4817 3572 4874 secundum
3598 4832 3691 4873 ac-

2041 4911 2188 4978 tum,
2255 4913 2310 4963 et
2375 4907 2524 4962 dicis
2584 4911 2720 4962 actu
2780 4923 2908 4962 esse
2967 4906 3027 4962 in
3085 4907 3272 4978 omni,
3333 4923 3529 4980 neque
3587 4908 3690 4973 sic,

2040 4996 2310 5070 inquam,
2330 4996 2438 5052 erit
2461 4995 2902 5061 constitutus,et
2916 4996 3211 5053 rationem
3227 5003 3450 5054 natura;
3462 4995 3694 5054 habens

2041 5086 2144 5158 qui
2183 5086 2370 5157 possit
2399 5085 2598 5140 subire
2641 5084 2938 5154 integrum
2982 5085 3440 5157 quodammodo
3492 5101 3690 5151 usum,

2039 5175 2412 5240 constitutus,
2455 5175 2725 5246 inquam,
2757 5189 2828 5229 ex
2853 5174 3019 5229 omni
3043 5179 3100 5230 et
3128 5190 3197 5230 ex
3237 5174 3440 5231 divina
3456 5180 3692 5240 natura,

2039 5279 2172 5336 qua)
2204 5262 2578 5334 prasstantior
2604 5266 2712 5329 est,
2746 5277 2923 5334 quam
2957 5267 3019 5318 ut
3043 5262 3227 5334 possit
3253 5279 3385 5318 cum
3413 5263 3528 5320 alio
3557 5279 3696 5320 con-

2039 5353 2205 5425 gredi
2231 5353 2307 5408 ad
2338 5367 2520 5408 unam
2560 5356 2742 5408 totam
2769 5353 3112 5424 hypostasis
3154 5353 3600 5424 perfectionem.
3630 5357 3697 5410 Et

2039 5441 2345 5514 quomodo
2385 5456 2513 5496 esse
2545 5441 2882 5497 secundum
2931 5442 3328 5498 substantiam
3377 5443 3437 5498 in
3495 5443 3692 5515 aliquo

2038 5533 2188 5604 (haec
2213 5532 2373 5587 enim
2399 5531 2650 5605 quaestio
2671 5530 2855 5602 digna
2883 5531 3114 5589 videtur
3138 5533 3548 5605 indagatione)
3572 5550 3692 5590 non

2038 5620 2198 5687 facit,
2230 5625 2295 5678 ut
2320 5621 2713 5693 intelligamus
2744 5637 2926 5679 unam
2951 5637 3091 5678 cum
3133 5621 3232 5679 illo
3263 5622 3633 5695 hypostasim
3665 5623 3693 5678 ?
