4140 6198
414 301 515 359 467
1616 301 1853 357 PHOTII
1892 300 2049 356 PATI

2145 298 2374 356 BCHIE
2412 298 2521 354 ΕΡ.
3674 303 3780 361 468

418 427 535 485 Sed
574 443 692 483 non
731 431 818 483 est
841 426 1097 483 difﬁcilis
1128 425 1203 483 ad
1235 425 1610 497 solvendum,
1658 428 1803 499 quia
1840 444 1974 483 esse
2006 427 2053 482 in

2173 433 2408 497 παρεῖναι
2466 422 2636 490 δηλοῖ,
2691 444 2841 498 μερος
2897 444 2950 478 τε
3000 427 3239 497 γίνεσθαι
3284 433 3375 479 τοῦ
3426 433 3785 502 συγκρίματος

418 517 615 589 aliquo
656 517 984 572 secundum
1013 516 1411 572 substantiam
1444 516 1757 587 dupliciter
1802 516 2015 572 dicitur
2050 534 2053 571 :

2175 522 2260 567 xui
2294 515 2714 589 ἀναπληρωτικόν
2754 516 3013 587 ὑπάρχειν
3044 524 3140 575 τῆς
3182 519 3318 569 κατά
3346 522 3440 575 τὴν
3483 519 3780 573 ὑπόστασιν

418 622 604 661 unum
627 607 786 661 enim
805 606 1203 677 significatum
1227 604 1487 660 declarat
1511 606 1595 660 sic
1617 622 1743 661 esse
1759 606 1817 661 in
1841 607 2053 678 aliquo,

2174 604 2511 671 τελειότητος,
2543 605 2773 675 καθάπερ
2807 612 2877 673 τῷ
2912 610 3115 675 σώματι
3147 606 3177 661 ἠ
3219 604 3374 675 ψυχή
3413 622 3425 633 ·
3461 610 3518 658 τό
3554 603 3630 677 δὲ,
3662 612 3784 662 οὔτε

417 702 481 751 ut
511 696 613 751 ﬁat
666 712 803 767 pars
831 695 1163 766 compositi,
1203 701 1253 750 et
1297 695 1595 766 compleat
1646 695 2052 767 perfectionem

2174 698 2327 766 μέρος
2384 695 2442 743 οἷν
2506 712 2628 745 ποτε
2694 696 2892 764 γένοιτο
2958 700 3051 745 τοῦ
3119 696 3435 765 φυράματος,
3492 699 3609 748 οὔτε
3669 705 3783 760 τοῖς

418 785 746 839 secundum
768 785 1361 856 hyspostasim,sicut
1378 785 1581 840 anima
1603 790 1690 840 est
1708 786 1765 841 in
1788 801 2053 857 corpore:

2179 780 2461 855 ἰδιωμασιν
2530 781 2897 834 ἐπαλλάττεται
2971 787 3431 854 κοινοποιουμένων
3501 793 3601 836 τῶν
3675 785 3781 858 ἀφ-

417 873 663 929 alterum
710 890 844 929 vero
886 874 1282 945 significatum
1311 873 1567 929 declarat
1593 875 1672 929 ita
1705 891 1836 930 esse
1876 875 1934 929 in
1966 874 2052 929 ali.

2176 876 2470 947 ωρισμένων
2523 871 2736 943 ἑκατέρᾳ
2788 879 2888 922 τῶν
2943 874 3143 942 φύσεων
3181 886 3192 899 ·
3241 876 3356 923 οὔτε
3404 873 3502 924 ὑπὸ
3559 875 3781 948 θατέρου

418 979 555 1034 quo,
602 969 661 1017 ut
690 979 997 1035 nunquam
1027 962 1315 1017 etﬁciatur
1352 980 1491 1034 pars
1518 964 1927 1039 concretionis,
1947 963 2053 1019 sive

2175 970 2272 1013 τῶν
2308 963 2675 1033 συγκριμάτων
2717 959 3061 1035 ἀπαρτίζεται
3088 979 3100 991 °
3138 959 3242 1012 ἀλλ’
3288 964 3429 1013 ἔστιν
3476 964 3505 1020 ἡ
3555 960 3782 1026 σύνοδος

417 1052 949 1121 coagmentationis
978 1072 990 1119 ;
1010 1068 1204 1123 neque
1224 1052 1683 1124 proprietatibus
1704 1054 2052 1116 immutatur,

2177 1051 2335 1103 αὐτού
2390 1055 2678 1107 συστατικὴ
2736 1068 2789 1101 τε
2836 1049 3023 1121 μᾶλλον
3071 1054 3160 1101 καὶ
3218 1054 3451 1108 σωστικη
3505 1059 3598 1112 τῆς
3656 1070 3780 1102 συν-

416 1142 645 1197 naturis
711 1142 1017 1213 utriusque
1084 1142 1333 1213 propriis
1398 1141 1567 1197 factis
1626 1142 2045 1197 communibus

2177 1145 2466 1212 απτομένης
2518 1144 2606 1191 καὶ
2649 1138 2949 1200 αὐτοτελοῦς
2997 1140 3368 1199 ὑποστάσεως·
3401 1140 3519 1192 καθ’
3569 1140 3621 1191 ὂν
3661 1143 3788 1214 τρό-

417 1244 527 1285 nec
558 1230 634 1286 ab
664 1230 847 1286 altero
877 1246 948 1284 ex
974 1231 1254 1285 concretis
1276 1230 1597 1302 perﬁcitur,
1632 1230 1735 1286 sed
1759 1231 1953 1301 potius
1981 1247 2043 1285 es

2176 1250 2269 1283 πον
2302 1226 2393 1280 διὰ
2422 1228 2766 1302 βραχυτάτης
2804 1228 2991 1289 εἰκόνος
3034 1233 3123 1279 καὶ
3160 1235 3249 1288 τῆς
3290 1226 3387 1279 ἀνά
3432 1235 3590 1300 χεῖρα
3638 1232 3787 1300 χρη-

417 1335 768 1392 congressus
811 1319 939 1388 ejus
988 1318 1355 1373 constituens
1414 1324 1469 1375 et
1526 1334 1886 1375 conservans
1935 1336 2052 1374 cont

2181 1336 2303 1378 σεως
2355 1318 2511 1370 εἰπεῖν
2570 1319 2599 1375 ἡ
2650 1325 2739 1369 τοῦ
2792 1316 3106 1391 κυϐερνήτου
3158 1321 3318 1388 τέχνη
3369 1326 3431 1390 τῇ
3473 1320 3577 1375 νηί.
3623 1316 3786 1369 ’Λλλὰ

410 1410 677 1481 junctam
709 1413 763 1462 et
790 1406 1109 1479 perfectam
1128 1407 1519 1478 hypostasim,
1549 1408 1699 1463 sicut
1729 1414 1808 1463 est
1840 1424 1936 1463 ars
1968 1424 2045 1477 gu

2176 1415 2342 1459 ταῦτα
2371 1410 2460 1479 μὲν
2491 1406 2595 1478 οὐχ
2625 1408 2650 1458 ό
2681 1403 3003 1478 δογματικός
3047 1402 3264 1468 διέξεισι
3288 1406 3439 1477 λόγος
3483 1412 3573 1459 καὶ
3603 1405 3789 1464 ἀκίνη-

416 1497 825 1554 bernatorisin
854 1496 1011 1560 navi,
1042 1500 1105 1551 ut
1126 1496 1528 1551 minutissima
1548 1497 1809 1565 imagine
1840 1502 1895 1551 et
1916 1498 2051 1551 simil

2176 1516 2279 1557 τος,
2312 1499 2376 1555 ὡς
2398 1493 2504 1553 ἤδη
2538 1500 2627 1547 καὶ
2659 1504 2749 1547 τοῦ
2784 1499 3059 1569 προοιμίου
3088 1497 3115 1553 ἡ
3152 1491 3409 1553 διασκευὴ
3461 1492 3786 1563 ἐπεδείξατο,

417 1588 661 1644 litudine
713 1589 837 1657 ejus
892 1588 992 1649 rei,
1055 1603 1191 1658 quae
1226 1587 1284 1641 in
1325 1592 1607 1658 promptu
1664 1592 1773 1655 est,
1808 1591 2047 1642 utamur

2178 1584 2285 1636 ἀλλ’
2316 1586 2341 1636 ὁ
2381 1584 2676 1644 εἰκαστικός
2723 1603 2775 1636 τε
2826 1589 2914 1636 καὶ
2965 1587 3322 1655 γυμναστικὸς
3366 1580 3400 1637 δ
3408 1590 3733 1637 ιετυπώσατο
3770 1602 3783 1613 ·

417 1682 607 1749 Atque
628 1677 751 1731 haec
773 1676 1012 1747 quidem
1041 1691 1161 1729 non
1192 1675 1531 1744 dogmatice
1549 1681 1603 1729 et
1624 1674 2052 1730 immutabilitei

2176 1678 2429 1747 κρατείτω
2462 1669 2513 1726 δ’
2555 1669 2642 1725 οὖν
2692 1675 2829 1745 ὅμως
2879 1680 3065 1740 ταῦτα,
3098 1675 3186 1733 ἕως
3231 1672 3469 1747 ἀνακύψει
3522 1676 3587 1726 τά
3616 1678 3790 1747 κρείτ-

418 1767 574 1823 dicta
596 1770 751 1831 sunt,
775 1766 907 1819 utin
926 1763 1726 1836 procemioprzemonuimus,
1753 1764 1853 1819 sed
1878 1766 2069 1835 potius
2104 1781 2145 1836 Β
2178 1782 2315 1815 τονα.

420 1871 519 1927 per
548 1854 953 1923 conjecturam
993 1858 1048 1907 et
1078 1853 1513 1908 exercitationis
1554 1854 1742 1922 gratia
1772 1853 2070 1909 delineata

420 1948 578 1998 sunt.
629 1942 873 1997 Valeant
912 1958 1052 2010 ergo
1084 1941 1210 1997 haec
1241 1944 1441 2013 quoad
1486 1942 1733 1998 meliora
1764 1948 1995 1998 exeant.

775 2050 1092 2114 QU/ESTIO
1125 2049 1326 2103 LXXVI
1358 2048 1464 2121 [αι.
1487 2049 1711 2121 LXXV].

1571 2049 1711 2121 LXV].
2734 2053 3047 2101 ararum:
3087 2046 3206 2110 od.

424 2156 579 2224 Quid
602 2156 716 2211 sibi
740 2157 873 2228 vult
905 2155 1083 2217 illud,
1117 2155 1272 2228 quod
1294 2170 1349 2228 κα
1387 2156 1633 2210 Domino
1672 2156 1981 2224 discipulis
2007 2158 2059 2212 in

2178 2160 2244 2228 Τί
2262 2151 2418 2228 δηλοῖ
2439 2158 2497 2206 τό
2522 2158 2663 2228 παρά
2682 2158 2997 2228 τούῌΚυρίου
3020 2160 3128 2228 τρῖς
3157 2154 3417 2225 μαθηταῖς
3440 2150 3489 2204 ὶν
3511 2162 3591 2228 τῷ
3616 2152 3786 2223 Εὐαγ-

490 2228 808 2296 Evangelia
838 2227 1062 2301 dicitur
1090 2242 1101 2281 :
1126 2222 1154 2275 ἱ(
1202 2227 1371 2301 Vobis
1400 2228 1607 2301 datum
1634 2235 1733 2292 est,
1759 2222 1923 2301 nosse
1946 2245 2070 2297 my-

2178 2227 2328 2298 γελίῳ
2379 2222 2642 2301 εἰρημένον
2673 2244 2683 2255 ·
2715 2248 2742 2275 ‹‹
2782 2222 2925 2295 ’Υμῖν
2966 2222 3181 2277 δέδοται
3237 2234 3431 2301 γνῶναι
3466 2227 3532 2276 τά
3564 2222 3786 2301 μυστη-

490 2293 678 2371 sici-iri
712 2298 885 2369 regni
912 2300 1038 2371 Dei,
1070 2298 1289 2353 caeteris
1320 2304 1515 2371 autem
1554 2299 1616 2353 in
1645 2300 1975 2367 parabolis,
2007 2293 2071 2353 ἱιι

2179 2293 2721 2371 ριαᾼίτῆςβασιλείας
2766 2293 2855 2348 τού
2901 2304 3052 2365 Θεοῦ,
3082 2304 3195 2371 τοῖς
3242 2293 3300 2348 δε
3342 2296 3541 2371 λοιποῖς
3576 2293 3639 2371 εν
3680 2316 3782 2348 πα-

418 2370 680 2426 videntes
710 2366 818 2423 non
884 2370 1147 2432 videant,
1209 2376 1263 2425 et
1324 2366 1799 2425 audientes’non
1854 2371 2053 2427 intelli

2179 2366 2464 2441 ραϐολαῐς,’
2505 2371 2586 2421 ἵνα
2634 2367 2900 2441 βλέποντες
2939 2372 3009 2440 μὴ
3070 2366 3323 2441 βλέπωσι,
3365 2372 3455 2418 καὶ
3517 2366 3790 2427 ἀκούοντες

420 2449 561 2513 gant
589 2443 634 2476 ⁷³
668 2441 696 2495 7
729 2463 752 2491 υ

2181 2445 2252 2513 μή
2291 2449 2507 2493 συνιώσι
2535 2457 2549 2508 ς
2579 2462 2607 2489 )›

484 2547 759 2595 Editarum
786 2560 817 2595 a
845 2546 1045 2596 Wolﬁo
1077 2546 1313 2595 secunda
1342 2546 1466 2599 Cur.
1501 2546 1683 2595 Philol.
1718 2548 1798 2603 V.,
1832 2549 2054 2603 659-671,
2087 2548 2226 2612 apud
2262 2545 2525 2602 Galland.,
2551 2549 2588 2596 t.
2618 2545 2747 2605 XIII,
2776 2560 2808 2609 p
2857 2546 3085 2602 693-702,
3110 2560 3163 2595 n.
3198 2547 3242 2593 2.
3272 2545 3330 2594 In
3359 2544 3481 2594 Luc.
3508 2558 3613 2599 vm,
3642 2545 3720 2592 10.

494 2644 723 2698 Dictum
754 2642 916 2711 illud,
949 2644 1119 2713 cujus
1159 2658 1403 2698 sensum
1454 2660 1522 2699 ex
1556 2660 1651 2699 me
1690 2645 2063 2717 requisivisti,

2249 2648 2317 2697 Τό
2374 2646 2529 2719 ῥητὸν
2764 2643 2823 2695 οὖ
2872 2645 3053 2715 μαθεῖν
3106 2647 3197 2701 τὴν
3262 2639 3498 2695 διάνοιαν
3554 2646 3786 2714 ᾔτησας,

422 2748 458 2788 a
476 2738 735 2805 quatuor
756 2732 1001 2804 quidem
1027 2732 1407 2801 evangelistis
1434 2734 1827 2805 perscriptum
1853 2739 2057 2799 exstat,

2178 2741 2288 2795 τοῖς
2362 2737 2606 2805 τέτταρσι
2686 2736 2773 2805 μὲν
2859 2741 2958 2784 τῶν
3026 2731 3403 2803 εύαγγελιστὼν
3487 2730 3788 2803 ἀναγέγρα-

421 2821 501 2877 ab
540 2822 695 2877 Isaia
717 2837 856 2876 vero
882 2821 1173 2892 propheta
1212 2822 1676 2892 praenuntiatum
1696 2827 1782 2878 est
1818 2824 1887 2877 ⁷³.
1932 2826 2056 2879 Tres

2178 2842 2301 2875 πται
2368 2822 2504 2892 (86),
2572 2824 2683 2873 ἔστι
2738 2821 2848 2892 (87)
2905 2818 2963 2873 δε
3020 2825 3385 2895 προειρημένον
3450 2820 3643 2892 Ἠσαίᾳ
3709 2828 3785 2891 τῷ

421 2916 621 2966 autem
645 2926 853 2965 eorum
892 2909 1202 2964 oraculum
1236 2909 1347 2963 hoc
1380 2910 1503 2964 suis
1529 2910 1725 2965 verbis
1747 2916 1801 2967 et
1823 2910 2056 2983 quidem

2179 2916 2441 2984 προφήτῃ.
2486 2910 2620 2963 Ἀλλ’
2664 2912 2711 2962 οἱ
2760 2913 2849 2981 μεν
2897 2917 3035 2982 τρεῖς
3077 2912 3458 2982 παραφράσεως
3502 2908 3611 2980 (88)
3640 2914 3783 2980 νόμῳ

420 2999 861 3072 paraphrastice
910 3004 1247 3064 contexunt,
1290 2998 1528 3053 divinus
1576 3015 1713 3054 vero
1761 3000 2055 3055 Matthaeus

2183 3005 2557 3063 συνυφαίνουσι
2587 3002 2644 3051 τὸ
2690 3000 2847 3073 ῥητόν
2894 2998 3063 3070 λόγοις
3114 2994 3290 3063 ἰδίοις,
3324 2999 3349 3049 ό
3401 2994 3459 3050 δέ
3506 3017 3563 3069 γε
3602 3000 3784 3050 θεσπέ-

421 3088 537 3143 suis
576 3086 739 3153 illud,
773 3088 957 3143 instar
984 3087 1318 3152 testimonii,
1367 3089 1635 3159 apponit.
1678 3088 1860 3145 Isaias
1886 3090 2056 3158 enim,

2182 3109 2289 3149 σιος
2342 3091 2605 3147 διατθαίος
2645 3090 2777 3139 κατὰ
2824 3089 3110 3160 παράθεσιν
3170 3087 3295 3139 αύτό
3348 3091 3438 3138 καὶ
3491 3090 3784 3159 μαρτυρίας

419 3192 557 3233 cum
589 3182 909 3249 conspectu
932 3176 1130 3246 gloriae
1146 3176 1381 3231 Domini
1398 3177 1616 3246 dignus
1634 3177 1873 3233 habitus
1895 3183 2047 3233 esset

2181 3182 2322 3249 τύπῳ
2382 3177 2579 3249 εἰσάγει
2651 3178 2786 3248 (89).
2836 3176 3050 3237 Ἠσαίας
3098 3179 3223 3250 γὰρ,
3272 3178 3427 3233 ἡνίκα
3474 3184 3569 3236 τῆς
3616 3170 3784 3236 δόξης

419 3272 476 3322 et
514 3267 586 3321 ab
619 3282 739 3321 uno
780 3283 851 3321 ex
902 3265 1236 3337 seraphinis
1285 3265 1543 3321 carbone
1591 3266 1853 3335 linguam
1902 3284 2054 3321 suau

2186 3272 2376 3339 Κυρίου
2436 3269 2621 3327 θεατὴς
2683 3266 2879 3328 ἠξιώθη
2938 3268 3195 3337 γενέσθαι,
3251 3270 3341 3317 καὶ
3416 3273 3487 3335 τῷ
3560 3264 3786 3335 ἄνθρακι

418 3359 743 3427 purgatam
766 3354 1035 3420 vidisset,
1066 3354 1329 3409 divinam
1363 3354 1527 3409 illam
1569 3371 1775 3411 vocem
1818 3356 2049 3411 audivit

2183 3354 2255 3409 δι’
2289 3356 2393 3418 ἐνὸς
2442 3365 2539 3407 τῶν
2591 3360 2840 3428 σεραφεὶμ
2884 3353 3142 3429 ἐκαθάρθη
3190 3356 3255 3406 τὰ
3284 3352 3462 3425 χείλη,
3493 3360 3789 3411 τηνικαῦτα

416 3444 727 3515 jubentem
776 3460 843 3497 ζα
892 3442 1014 3505 Abi.
1048 3447 1106 3498 et
1157 3442 1251 3497 dic
1304 3444 1529 3515 populo
1585 3444 1666 3499 illi
1709 3461 1720 3499 :
1764 3446 2051 3500 Audiendt

2182 3451 2271 3497 xui
2318 3453 2413 3505 τῆς
2473 3446 2605 3505 θείας
2658 3443 2853 3505 ἐκείνης
2904 3447 3122 3501 ἤκουσεν
3163 3451 3331 3514 φωνῆς
3361 3458 3372 3470 ·
3409 3461 3437 3493 ι(
3473 3441 3783 3513 Πορεύθητι,

422 3533 696 3597 audietis,
731 3536 788 3586 et
818 3547 938 3587 non
981 3530 1338 3600 intelligetis,
1384 3536 1441 3587 et
1470 3532 1724 3588 videndo
1774 3533 2057 3600 videbitis,

2182 3534 2455 3606 λεγούσης,
2489 3539 2577 3585 καὶ
2618 3533 2769 3585 εἰπὼν
2809 3540 2880 3602 τῷ
2927 3532 3033 3602 λαῷ
3060 3535 3225 3602 τούτῳ
3255 3551 3267 3562 ·
3301 3531 3457 3602 Ἀκοῇ
3510 3528 3785 3595 ἀκούσετε,

422 3626 481 3676 et
510 3635 631 3674 non
669 3619 957 3674 videbitis.
994 3619 1397 3673 Incrassatum
1432 3623 1521 3673 est
1548 3620 1705 3674 enim
1737 3637 1840 3676 cor
1866 3623 2050 3693 popul

2183 3629 2272 3675 xui
2312 3623 2369 3675 ού
2399 3627 2469 3695 μὴ
2523 3630 2729 3689 συνῆτε,
2762 3626 2846 3673 καὶ
2896 3620 3165 3693 βλέποντες
3199 3619 3432 3691 βλέψετε,
3465 3624 3554 3671 καὶ
3602 3617 3660 3670 ού
3710 3622 3784 3689 μῆ

421 3708 619 3779 hujus,
648 3712 705 3762 et
732 3707 973 3762 auribus
1011 3705 1327 3761 difﬁculter
1362 3707 1736 3773 audiverunt,
1788 3714 1845 3763 et
1883 3710 2056 3765 oculis

2184 3708 2355 3770 ἴδητε.
2410 3712 2711 3783 Ἐπαχύνθη
2766 3714 2866 3784 γὰρ
2926 3713 2955 3768 ἡ
3015 3706 3214 3783 καρδία
3259 3716 3348 3760 τοῦ
3396 3708 3525 3759 λαοῦ
3572 3710 3787 3775 τούτου,

423 3798 736 3860 nictarunt,
766 3812 839 3851 ne
867 3794 1111 3850 videant
1139 3795 1344 3857 oculis,
1370 3799 1426 3850 et
1449 3796 1694 3851 auribus
1721 3799 1990 3863 audiant,
2020 3816 2051 3854 e

2184 3806 2275 3853 xui.
2315 3809 2421 3863 τοῖς
2463 3800 2562 3853 ὠσὶ
2604 3798 2800 3874 βαρέως
2854 3803 3105 3862 ἤκουσαν,
3152 3802 3242 3849 καὶ
3289 3796 3580 3869 ὀφθαλμούς
3630 3794 3792 3867 ἐκάμ-

422 3891 620 3941 mente
649 3884 997 3956 percipiant,
1025 3888 1079 3937 et
1099 3888 1547 3952 convertantur,
1572 3890 1627 3940 et
1646 3902 1853 3942 sanem
1886 3887 2057 3942 illos.)

2184 3894 2379 3962 μύσαν,
2412 3895 2482 3961 μη
2522 3888 2633 3941 ποτ’
2681 3886 2841 3940 ἴδωσι
2889 3896 2996 3948 τοῖς
3043 3887 3340 3960 ὀφθαλμοῖς,
3373 3890 3463 3937 καὶ
3509 3892 3619 3946 τοῖς
3657 3885 3790 3937 ὠσὶν

425 3978 507 4030 Ita
522 3974 703 4029 habet
719 3973 1017 4029 oraculum
1043 3972 1480 4044 propheticum,
1498 3990 1618 4046 quo
1636 3979 1881 4031 utuntur
1903 3993 2060 4032 evan'

2186 3977 2503 4043 ἀκούσωσιν,
2554 3984 2643 4029 καὶ
2700 3986 2761 4050 τῇ
2813 3974 3011 4049 καρδίᾳ
3065 3984 3282 4043 συνῶσι,
3328 3980 3418 4026 καὶ
3464 3973 3792 4048 ἐπιστρέψω.

428 4062 1002 4134 gelistte;idemque
1061 4065 1178 4115 tum
1234 4061 1674 4132 improbitatem
1732 4065 2063 4121 Iudaeorum

2190 4088 2290 4133 σιν,
2360 4073 2445 4119 καὶ
2520 4068 2750 4139 ἰάσωμαι
2817 4067 3021 4127 αὐτούς.
3058 4085 3085 4117 ››
3140 4064 3275 4116 Λλλά
3338 4072 3502 4116 ταῦτα
3562 4067 3652 4135 μεν
3724 4065 3791 4114 τὰ

428 4152 581 4208 illius
600 4153 787 4208 astatis
808 4150 1025 4223 prodit,
1046 4154 1171 4205 tum
1196 4166 1335 4206 vero
1359 4167 1478 4207 non
1504 4152 1698 4207 minus
1721 4156 2063 4225 praenuntiat

2186 4159 2483 4229 προφητικά
2540 4158 2772 4231 ῥήματα,
2828 4156 2893 4206 ὧν
2959 4157 2987 4213 ἡ
3048 4162 3247 4226 χρῆσις
3292 4160 3397 4213 τοῖς
3454 4150 3791 4222 Εύαγγελίοις

427 4246 736 4313 stuporem
770 4243 1163 4312 posterorum,
1195 4240 1299 4310 qui
1331 4241 1609 4295 eamdem
1651 4243 1944 4301 imitando
1976 4262 2062 4301 ex-

2188 4245 2565 4320 περιείληπται,
2611 4242 2834 4303 δηλοῦσι
2866 4241 2923 4296 δὲ
2968 4247 3060 4301 τὴν
3107 4241 3478 4313 ἀγνωμοσύνην
3526 4249 3626 4291 τῶν
3669 4240 3788 4291 κατ’

426 4330 711 4403 pressuri,
765 4333 819 4383 et
846 4326 1172 4383 Salvatoris
1226 4328 1561 4384 doctrinam
1603 4346 1721 4385 non
1759 4334 2061 4388 admissur

2187 4334 2344 4386 ἐκεῖνο
2400 4334 2511 4405 (90)
2560 4342 2744 4406 καιροῦ
2792 4329 3081 4385 Ἰουδαίων.
3124 4327 3289 4383 Οὐδὲν
3341 4327 3399 4382 δὲ
3455 4330 3607 4387 ἧττον
3657 4348 3792 4402 προ-

428 4420 567 4488 sint,
590 4419 691 4491 qui
723 4424 777 4472 et
807 4416 1171 4472 admirandis
1200 4417 1473 4488 operibus
1504 4422 1560 4472 et
1599 4419 1795 4475 verbis
1827 4422 2063 4477 divinio.

2185 4423 2397 4493 λέγουσι
2445 4428 2533 4474 καὶ
2580 4432 2678 4474 τῶν
2734 4422 2945 4494 ὕστερον
2997 4420 3163 4473 αὐτῶν
3202 4423 3294 4477 τήν
3337 4423 3563 4490 μίμησιν
3610 4415 3791 4469 ἐναπο-

425 4508 593 4565 ribus
620 4512 675 4562 et
701 4523 876 4562 aures
904 4522 1107 4560 eorum
1134 4511 1189 4560 et
1210 4505 1412 4561 oculos
1438 4508 1789 4563 convincere
1818 4511 2053 4566 conuba

2153 4512 2509 4583 ιμαξαμένων,
2566 4517 2654 4563 καὶ
2725 4519 2785 4584 τῇ
2866 4518 2957 4562 τοῦ
3030 4516 3259 4581 Σωτῆρος
3331 4504 3658 4577 διδασκαλίᾳ
3715 4511 3788 4578 μῆ

429 4601 541 4652 tur.
576 4595 655 4650 Illi
707 4595 921 4649 scilicet
963 4594 1103 4649 data
1153 4610 1336 4665 opera
1389 4610 1562 4648 aures
1604 4597 1837 4660 surdas,
1873 4599 2064 4654 oculos

2189 4605 2516 4668 πεισθέντων,
2570 4604 2631 4661 ὡς
2705 4604 2874 4674 ἔργοις
2958 4619 3010 4651 τε
3085 4595 3408 4670 παραδόξοις
3465 4601 3554 4647 καὶ
3617 4595 3796 4665 λόγοις

430 4691 627 4741 autem
682 4700 804 4754 prae
855 4682 1274 4737 incredulitatis
1322 4683 1569 4751 caligine
1621 4701 1830 4751 caecos,
1876 4688 2065 4744 redde

2192 4693 2474 4765 ύπερφυέσι
2506 4697 2597 4748 τήν
2629 4709 2680 4742 τε
2722 4688 2881 4747 ἀκοὴν
2932 4689 3095 4740 αὐτῶν
3142 4692 3230 4738 καὶ
3280 4691 3371 4744 την
3419 4684 3537 4755 ὄψιν
3583 4680 3794 4755 διήλεγ-

428 4773 595 4835 bant,
616 4788 807 4842 neque
837 4787 1006 4826 aures
1030 4770 1105 4825 ad
1133 4770 1311 4825 verba
1337 4771 1488 4826 adeo
1514 4772 1796 4829 salutaria
1828 4778 2055 4848 aperire

2193 4780 2292 4844 ξεν,
2338 4784 2431 4837 τὴν
2479 4782 2567 4851 μὲν
2620 4782 2953 4850 κωφεύουσαν
3003 4777 3273 4840 ἑκουσίως,
3323 4779 3416 4832 τὴν
3462 4771 3519 4825 δε
3564 4772 3796 4844 τυφλώτ-

432 4878 625 4934 neque
656 4860 859 4915 oculos
900 4858 971 4914 ad
1003 4858 1268 4913 divinam
1302 4860 1718 4917 miraculorum
1759 4864 1948 4921 lucem
1984 4882 2067 4922 ex-

2192 4888 2383 4920 τουσαν
2431 4876 2493 4940 τῇ
2544 4868 2680 4941 λήμη
2742 4874 2836 4927 τῆς
2890 4865 3156 4926 ἀπιστίας.
3196 4868 3293 4917 Καὶ
3338 4866 3453 4915 οὔτε
3495 4864 3623 4935 πρὸς
3673 4881 3795 4914 τοσ-

506 5043 549 5077 ⁷¹
592 5042 725 5097 Luc.
754 5054 873 5104 vui,
908 5038 989 5093 l0.
1066 5037 1115 5071 ⁷³
1148 5039 1258 5102 Isa,
1292 5052 1372 5107 γι,
1406 5041 1456 5104 9,
1492 5044 1575 5109 to.

1992 5189 2222 5245 NOT/E.

529 5372 620 5442 85)
660 5366 921 5442 Oﬁillud
948 5367 1033 5442 est
1063 5373 1135 5442 egi
1164 5356 1325 5421 Colb.
1355 5365 1515 5433 quod
1557 5380 1768 5423 sensus
1799 5367 2083 5439 postulat.

884 5366 921 5420 d
948 5367 1033 5442 est
1063 5373 1135 5442 egi
1164 5356 1325 5421 Colb.
1355 5365 1515 5433 quod
1557 5380 1768 5423 sensus
1799 5367 2083 5439 postulat.
2194 5365 2516 5441 ραδράσεως.

533 5435 624 5513 86)
663 5440 960 5565 (Σουλὲηό
992 5435 1359 5516 ἐγγέγροξπται,
1800 5435 1818 5439 ⁷

533 5513 621 5583 87)
652 5512 805 5565 Ἔστι
874 5507 990 5564 01b.
1026 5516 1129 5580 pro
1161 5518 1230 5551 Tt'

2194 5435 2203 5440 ⁷
2267 5435 2380 5583 (89)
2410 5440 2654 5522 Προάγει,
2685 5438 2847 5520 Cplb.
2883 5437 3011 5494 Vid.
3042 5435 3241 5492 Matth.
3276 5436 3391 5500 xiu,
3426 5437 3511 5491 14.
3573 5506 3583 5516 .

2266 5516 2355 5580 (90
2412 5514 2501 5567 Sic
2525 5526 2733 5583 scripSI
2756 5525 2863 5583 pro
2894 5512 3108 5583 ἐκείνου,
3134 5507 3354 5583 Eadem
3381 5506 3583 5583 pbrasi

532 5506 621 5583 87)
652 5512 805 5565 ’Ἐστι
832 5506 990 5565 Colb.
1024 5506 1129 5580 pro
1161 5506 1230 5551 τίι

2266 5506 2376 5583 (90)
2412 5506 2501 5567 Sic
2525 5506 2733 5583 scripsi
2756 5525 2863 5583 pro
2894 5512 3108 5583 ἐκείνου,
3134 5507 3354 5583 Eadem
3381 5506 3588 5583 pbrasi
3628 5521 3800 5573 mox,

534 5576 621 5658 88)
672 5586 762 5646 Sic
792 5587 947 5640 recte
1002 5576 1167 5645 Colb.
1213 5597 1324 5654 pro
1364 5583 1573 5655 ’³,Δλλοι
1624 5586 1713 5657 μεν
1762 5584 1925 5657 λέγεις
1984 5605 2083 5637 πα-

2194 5597 2253 5638 n.
2276 5576 2376 5653 ‘13',
2404 5584 2585 5640 utitur
2604 5576 2862 5649 Photi'us,
2894 5596 3004 5638 nec
3030 5578 3230 5637 minus
3256 5576 3405 5635 alias
3432 5576 3802 5650 frequenter.
