3938 6178
207 282 307 338 469
1201 284 1294 339 AD
1332 283 1886 340 AMPHILOCHIUM
1927 280 2249 350 QUESTIO
2289 281 2532 337 LXXVI.
3469 285 3574 342 470

207 410 364 467 αύτην
422 408 669 484 ῥημάτων
727 409 844 482 (91)
896 409 1135 483 ὠφέλειαν
1214 415 1310 470 τήν
1379 408 1540 468 ἀκοὴν
1605 410 1762 473 ἀνοίξ‹

2014 407 2182 463 adere
2196 407 2495 466 volebant.
2518 405 2652 463 ideo
2667 406 2978 480 propheta,
3001 406 3348 462 surditatem
3364 423 3569 468 eorum

207 497 466 560 ἐθέλοντας
515 499 650 572 (92),
710 504 828 553 οὔτε
884 504 1016 574 πρὸς
1067 501 1202 552 οὕτω
1249 502 1542 574 θεοπρεπεῐς
1600 503 1762 569 θαυμο

2016 497 2341 553 caecitatem
2381 513 2504 553 non
2554 497 2668 551 nisi
2708 513 2780 552 ex
2819 495 3061 568 propria
3101 495 3326 552 malitia
3378 503 3571 554 ortam

205 607 297 639 των
355 591 468 659 (93)
523 586 862 661 λαμπηδόνας
930 594 1043 651 τοὺς
1114 589 1404 662 ὀφθαλμούς
1486 588 1760 642 ἀναπετάσι

2017 590 2262 648 laturus,
2287 587 2366 641 ait
2397 603 2410 640 :
2447 608 2474 636 ‹‹
2502 587 2894 642 lncrassatum
2928 585 3082 640 enim
3110 593 3196 640 est
3234 601 3335 640 cor
3364 587 3572 658 populi

207 675 577 748 βουληθέντας.
638 682 725 731 Διὸ
784 684 874 731 καὶ
931 681 956 730 ὁ
1022 685 1294 753 προφήτης
1346 682 1404 730 τό
1437 683 1606 751 κωφόν
1634 679 1758 731 αύτο

2017 675 2122 744 ius.
2161 697 2181 723 ι
2228 675 2289 730 Et
2320 675 2607 747 quoniam
2639 675 3046 730 incrassarunt
3075 689 3177 729 cor
3208 691 3404 741 suum,
3440 691 3572 746 pro-

207 771 287 818 καὶ
338 767 530 839 τυφλὸν
575 768 671 820 ούκ
708 767 1016 840 ἀλλαχόθεν,
1049 767 1102 820 ἐκ
1157 765 1216 821 δὲ
1269 776 1357 830 τῆς
1412 765 1554 828 ἰδίας
1597 770 1762 841 μοχθι

2023 780 2123 819 rea
2169 764 2414 820 auribus
2468 765 2592 820 suis
2635 780 2789 836 aegre
2821 764 3091 828 audiunt,
3142 769 3194 819 et
3228 764 3415 819 oculis
3447 763 3572 819 suis

204 860 320 928 ρίας
428 866 679 930 περιεῖναι
784 854 1280 933 διαμαρτυρόμενος,
1371 878 1399 906 ‹‹
1476 857 1806 928 Ἐπαχύνθη,
1921 859 2161 917 nictant.

205 949 350 1015 φησι,
375 948 406 1004 ἡ
442 943 641 1021 καρδία
665 955 755 1000 τοῦ
784 946 912 1000 λαοῦ
939 951 1146 999 τούτου.
1188 969 1207 996 ι
1244 953 1342 1000 Καὶ
1381 945 1490 998 ἐπεὶ
1520 952 1614 1005 τὴν
1640 943 1864 1020 καρδίαν
1886 949 2053 1002 αύτῶν
2082 950 2370 1024 ἐπάχυναν,
2402 947 2492 1003 δια
2516 959 2667 1004 τοῦτο
2698 956 2787 1004 καὶ
2819 959 2922 1013 τοῖς
2953 952 3053 1003 ὠσὶ
3084 950 3289 1026 βαρέως
3311 954 3568 1020 ἤκουσαν,

204 1040 286 1086 καὶ
319 1039 442 1097 τούς
483 1036 778 1108 ὀφθαλμούς
803 1037 972 1088 αὐτῶν
1002 1035 1333 1109 ἐκάμμυσαν.

267 1122 398 1177 Εἶτα
451 1122 582 1198 μηδ’
640 1125 903 1198 ἀνανῆψαι
959 1128 1170 1188 τούτους
1235 1125 1418 1179 ἐθέλειν
1485 1123 1656 1185 δηλῶν
1717 1135 1809 1188 τῆς

2019 1129 2443 1200 lignificaturus
2471 1146 2659 1201 porro,
2691 1131 2931 1187 eosdem
2955 1146 3024 1186 ex
3051 1134 3384 1201 spontanea
3406 1132 3574 1186 caeci-

201 1213 440 1266 ἱκουσίου
497 1220 799 1287 πηρώσεως,
852 1214 1033 1286 ἐπάγει
1061 1233 1076 1248 ο
1111 1235 1138 1266 ‹‹
1171 1221 1255 1274 Μή
1317 1234 1440 1268 ποτε
1495 1212 1656 1268 ἴδωσι
1703 1236 1756 1268 το

2017 1235 2034 1273 3
2061 1235 2180 1274 non
2211 1235 2338 1274 esse
2369 1219 2767 1289 evigilaturos,
2806 1219 2985 1284 addit,
3029 1239 3056 1268 «
3086 1220 3168 1274 Ne
3217 1219 3463 1290 quando
3493 1219 3572 1274 vi-

201 1302 526 1376 ὀφθαλμοῖς,“
554 1308 643 1355 καὶ
681 1311 790 1366 τοῖς
849 1304 979 1356 ὠσὶν
1029 1304 1319 1368 ἀκούσωσι,
1354 1309 1442 1357 καὶ
1490 1313 1550 1378 τῇ
1610 1303 1749 1379 καρδ

2015 1315 2098 1364 mt
2127 1309 2335 1373 oculis,
2367 1314 2422 1365 et
2465 1308 2712 1365 auribus
2755 1309 3022 1374 audiant,
3058 1314 3114 1364 et
3153 1308 3331 1364 corde
3364 1307 3570 1362 intelli-

203 1400 402 1444 συνῶσι
467 1397 561 1444 καὶ
629 1390 1006 1464 ἕπιστρέψωσι,
1055 1398 1144 1446 καὶ
1227 1393 1457 1466 ἰάσωμαι
1514 1394 1722 1455 αύτούς.

2016 1401 2082 1461 1t,
2097 1402 2604 1463 etconvertantur,
2624 1404 2803 1468 etego
2819 1397 2949 1453 illos
2963 1414 3190 1454 sanem.
3210 1419 3236 1445 ››
3253 1397 3571 1452 Incrassati

200 1480 616 1552 Ἐπαχύνθησαν
692 1490 970 1554 τοιγαροῦν
1042 1487 1130 1541 την
1197 1480 1441 1557 καρδίαν,
1503 1480 1596 1536 διὰ
1656 1493 1755 1536 τοῦ⁴

2014 1503 2118 1558 que
2145 1486 2508 1548 erantcorde
2543 1507 2554 1544 :
2585 1493 2896 1559 propterea
2925 1503 3080 1555 aegre
3103 1488 3479 1552 audiverunt,
3512 1490 3569 1542 et

202 1569 406 1644 βαρέως
466 1574 722 1637 ἤκουσαν,
771 1575 860 1623 καὶ
908 1575 1026 1633 τούς
1078 1571 1371 1644 ὀφθαλμούς
1428 1572 1592 1625 αὐτῶν
1650 1572 1757 1644 ἐκάμ

2010 1575 2118 1630 110s
2161 1591 2302 1630 suos
2329 1575 2726 1631 occluserunt.
2769 1575 3156 1631 Occluserunt
3194 1591 3333 1630 vero
3364 1574 3565 1629 oculos

200 1677 395 1730 μύσαν.
442 1659 789 1731 Ἐκάμμυσαν
831 1655 888 1712 δὲ
931 1663 1052 1720 τοὺς
1101 1659 1412 1732 ὀφθαλμούς,
1455 1665 1542 1713 καὶ
1589 1664 1654 1713 τὰ
1701 1660 1755 1713 (In

2007 1679 2079 1732 )s,
2107 1670 2159 1719 et
2191 1681 2367 1719 aures
2398 1663 2667 1718 difﬁciles
2708 1664 3112 1729 reddiderunt,
3148 1679 3220 1719 ne
3267 1663 3453 1718 oculis
3479 1663 3562 1716 vi-

202 1747 476 1820 ὶεάρυναν,
503 1753 707 1819 μήποτε
750 1747 907 1800 ἴδωσι
951 1756 1056 1809 τοῖς
1095 1749 1396 1821 ὀφθαλμοῖς,
1431 1755 1518 1802 καὶ
1563 1759 1667 1813 τοίς
1707 1752 1757 1802 (In

2012 1759 2143 1819 'ent,
2172 1758 2228 1808 et
2255 1753 2502 1809 auribus
2546 1753 2838 1809 audirent.
2903 1755 3159 1825 Utroque
3211 1768 3344 1807 vero
3390 1767 3567 1806 sensu

201 1835 524 1890 ἀκούσωσιν.
577 1842 676 1890 Καὶ
713 1840 906 1890 τούτων
951 1836 1009 1890 δὲ
1057 1843 1149 1896 τὴν
1191 1844 1431 1911 πήρωσιν
1479 1839 1670 1901 ἑκόντες
1713 1842 1756 1893 ύς

2014 1849 2130 1897 )nte
2163 1860 2223 1898 se
2243 1844 2566 1915 privarunt,
2588 1859 2660 1898 ne
2685 1843 2953 1898 conversi
2980 1842 3306 1914 aliquando
3325 1857 3360 1898 a
3393 1841 3569 1896 tantis

200 1926 353 1985 ἦλθον
407 1927 553 1998 (94),
609 1927 692 1979 ἵνα
740 1931 812 2000 μὴ
868 1925 1263 2000 ἐπιστραφέντες
1319 1937 1418 1981 τῶν
1490 1929 1755 1988 τηλικούτι

2010 1932 2096 1987 dis
2130 1931 2540 1988 liberarentur.
2594 1932 2758 1988 Clare
2805 1931 3008 2004 itaque
3040 1932 3346 2004 phOpheta
3376 1945 3565 1986 caecos

201 2017 376 2068 παθῶν
423 2024 516 2076 τῆς
561 2015 747 2078 ἰάσεως
791 2019 1050 2088 τύχωσιν.
1097 2018 1246 2070 Ούτω
1295 2022 1385 2090 μὲν
1429 2016 1516 2071 οὖν
1566 2029 1743 2090 σαφῶς

2007 2038 2047 2074 »ε
2077 2021 2283 2076 oculos
2309 2026 2366 2076 et
2398 2021 2609 2076 surdas
2627 2037 2801 2076 aures
2827 2020 2903 2076 ab
2931 2021 3194 2092 ipsorum
3217 2019 3562 2075 Judteorum

203 2112 471 2177 προφήτης
537 2112 631 2156 τοῦ
684 2103 992 2176 τυφλώττειν
1045 2111 1136 2158 καὶ
1189 2110 1432 2179 κωφεύειν
1485 2114 1578 2166 τὴν
1637 2109 1758 2160 αἰτίι

2013 2110 2164 2164 isilio
2195 2115 2251 2164 et
2297 2109 2540 2164 arbitrio
2580 2109 2803 2180 repetit,
2863 2114 3089 2164 tantum
3145 2108 3334 2176 abest,
3380 2113 3439 2161 ut
3491 2105 3568 2162 ad

201 2202 292 2254 τῆς
348 2189 658 2255 Ἰουδαίκῆς
724 2193 932 2247 ἀνάπτει
995 2202 1207 2268 γνώμης
1269 2202 1358 2249 καὶ
1435 2202 1756 2270 προαιρέσεω

2012 2204 2220 2253 :retum
2235 2199 2292 2253 di
2305 2199 2524 2262 vinum,
2540 2199 2567 2252 J
2579 2197 2760 2252 udaeis
2782 2197 3130 2266 irrogatum,
3162 2196 3389 2252 referat.
3407 2196 3567 2251 Sicut

205 2283 309 2335 ἀλλ’
354 2284 488 2355 οὐχὶ
541 2291 675 2336 Θεοῦ
728 2282 899 2356 ψῆφον
937 2284 1180 2356 οὐμενοῦν
1235 2286 1325 2338 οῦκ
1377 2286 1594 2358 εἰσάγει,
1642 2296 1760 2339 ταῦτ

2010 2305 2059 2342 Ὀ
2078 2289 2382 2360 phopheta
2407 2303 2477 2343 eo
2495 2293 2760 2359 tempore
2791 2287 3099 2359 improbos
3126 2286 3363 2342 Judmos
3391 2285 3565 2341 casti-

205 2380 305 2434 τοῖς
416 2369 704 2434 Ἰουδαίοις
797 2372 1158 2445 ἐπιφέρουσαν,
1234 2374 1434 2447 Ὠσπερ
1533 2373 1592 2428 δὲ
1693 2397 1760 2428 κα

2011 2392 2190 2442 :urus,
2223 2376 2476 2440 dicebat,
2507 2392 2608 2431 eos
2641 2393 2828 2448 neque
2857 2375 3062 2432 oculos
3093 2375 3344 2448 aperire,
3373 2389 3566 2446 neque

204 2460 358 2514 έκεῖνο
406 2462 525 2532 (95)
574 2469 760 2533 καιροῦ
809 2470 904 2513 τῶν
949 2459 1220 2515 Ἰουδαίων
1265 2467 1380 2525 τοὺς
1433 2462 1733 2538 ἀγνώμονας

2011 2482 2094 2522 res
2132 2465 2210 2521 ad
2241 2465 2642 2536 recipiendam
2685 2465 3001 2521 salutarem
3030 2465 3143 2520 sibi
3181 2465 3566 2536 divinumque

205 2556 476 2622 προφήτης
539 2550 870 2616 στηλιτεύων,
921 2551 1102 2623 ἔλεγεν,
1158 2558 1290 2624 μήτε
1345 2558 1463 2614 τοὺς
1516 2554 1760 2626 όφθαλμοι

2014 2555 2247 2609 :trinam
2287 2553 2570 2610 adhibere
2609 2552 2773 2619 velle,
2802 2553 2982 2626 idque
3015 2569 3118 2626 per
3144 2556 3409 2625 peccata,
3443 2551 3569 2624 qui-

206 2639 449 2698 ἐθελῆσαι
509 2636 792 2705 διανοίξαι,
850 2645 982 2712 μήτε
1034 2645 1164 2715 πρὸς
1200 2641 1361 2700 ἀκοὴν
1407 2651 1707 2716 παρασχεῖν
1747 2663 1761 2695 1

2015 2661 2035 2698 ε
2062 2647 2464 2706 assueverant,
2493 2643 2749 2697 maxime
2779 2659 2919 2698 vero
2947 2659 3052 2714 per
3071 2643 3290 2698 fastum
3324 2647 3381 2697 et
3405 2655 3570 2696 arro-

205 2726 308 2780 ὧτα
353 2733 487 2803 πρός
536 2733 631 2787 τὴν
685 2734 947 2803 σωτηρίαν
990 2729 1178 2795 αύτών,
1225 2736 1313 2782 καὶ
1362 2733 1612 2806 θεοπρεπῆ
1659 2728 1760 2784 διδ‹

2014 2734 2207 2801 Jtiam,
2264 2733 2576 2804 majusque
2615 2747 2869 2788 errorum
2925 2749 3114 2805 quam
3179 2731 3410 2802 pietatis
3451 2737 3569 2784 stu-

207 2819 446 2888 σκαλίαν,
482 2821 540 2870 ἐκ
587 2816 646 2870 δε
677 2819 787 2889 (96)
835 2828 935 2870 τῶν
971 2822 1204 2880 συνήθως
1253 2822 1366 2891 (97)
1413 2821 1593 2883 αύτοῖς
1637 2821 1762 2895 ἀμαμ

2011 2839 2080 2876 un
2116 2839 2128 2887 ;
2163 2822 2242 2877 ita
2267 2827 2325 2876 et
2354 2821 2436 2875 illi
2469 2820 3069 2889 claudebantoculos,
3097 2835 3392 2891 auresque
3425 2835 3566 2874 suas

204 2913 512 2980 τανομένων,
563 2907 795 2980 μάλιστα
852 2905 912 2960 δὲ
964 2917 1056 2960 τοῦ
1106 2912 1290 2982 τύφου,
1335 2915 1424 2962 καὶ
1481 2919 1575 2972 τῆς
1623 2911 1758 2972 ἤλαζ

2010 2911 2300 2974 Jibebant,
2332 2926 2393 2964 se
2424 2909 2658 2980 ipsoset
2682 2926 2871 2965 amcos
2901 2909 3186 2965 etsurdos
3204 2907 3565 2971 efﬁcientes;

204 3002 349 3065 νείας,
402 3002 495 3050 καὶ
576 3004 669 3048 τοῦ
728 3000 861 3072 πρὸς
931 3002 1026 3057 τὴν
1100 2998 1296 3058 πλάνην
1362 2998 1552 3071 μᾶλλον
1610 3002 1636 3058 ὁ
1714 3021 1759 3052 τι

2034 2999 2199 3071 quod
2235 2999 2402 3070 pejus
2430 3006 2540 3066 est,
2573 3000 2655 3054 ita
2699 2998 2918 3065 affecti,
2962 2997 3092 3052 aliis
3125 3013 3188 3051 se
3219 2995 3567 3050 oculaliores

204 3085 464 3140 εὐσέϐειαν
537 3087 707 3160 ῥέπειν
742 3103 754 3116 ’
809 3089 964 3158 ἓμυόν
1032 3106 1084 3140 τε
1155 3091 1220 3140 τὰ
1288 3091 1512 3160 ὄμματα,
1569 3094 1658 3142 καὶ
1713 3109 1759 3142 τ]

2019 3104 2048 3143 e
2087 3088 2509 3160 opinabantur,
2551 3087 2823 3161 praeclare
2861 3087 2936 3142 de
2965 3102 3026 3142 se
3053 3086 3385 3140 sentientes.
3416 3082 3568 3151 Qua-

202 3178 357 3234 ὰκοὴν
425 3182 696 3247 συνεῖχον,
745 3175 890 3228 αὐτοὶ
930 3175 1140 3237 ἑαυτούς
1193 3177 1414 3249 τυφλοὺς
1467 3183 1554 3230 καὶ
1604 3199 1757 3250 κωφοι

2014 3144 2152 3249 ιρῐθίε
2177 3177 2353 3232 etiam
2380 3144 2526 3247 legis
2552 3144 2728 3249 |periti
2758 3175 2869 3230 sibi
2912 3174 3286 3238 videbantur,
3314 3144 3569 3244 prophe-

205 3264 618 3340 ἀπεργαζόμενοι
649 3281 661 3294 ⁶
719 3268 806 3316 καὶ
861 3269 918 3318 τό
993 3265 1372 3339 χαλεπώτερον,
1427 3271 1561 3320 οὕτω
1617 3270 1760 3320 παθόε

2015 3281 2234 3337 umque
2251 3264 2513 3332 oracula,
2536 3265 2593 3320 id
2613 3265 2777 3338 quod
2799 3263 3045 3318 crimem
3065 3278 3260 3316 eorum
3285 3262 3565 3330 augebat,

205 3372 280 3414 τες
323 3355 442 3424 (98)
482 3354 700 3415 ἑαυτοὺς
740 3353 944 3426 βλέπειν
993 3364 1092 3407 τῶν
1140 3355 1303 3407 ἄλλων
1333 3356 1447 3426 (99)
1485 3355 1674 3428 μᾶλλον
1706 3356 1760 3408 Evt

2010 3353 2087 3408 iis
2115 3353 2627 3418 circumferebant,
2661 3368 2851 3426 eoque
2896 3351 3022 3423 ipso
3076 3348 3355 3406 morbum
3388 3365 3565 3404 suum

207 3444 376 3514 μιξον,
408 3447 500 3495 καὶ
550 3450 623 3512 τῷ
668 3450 762 3503 τῆς
804 3443 1026 3506 οἰήσεως
1069 3443 1399 3516 ἐφλέγμαινον
1443 3447 1617 3499 πάθει.
1667 3450 1762 3498 Διόί

2012 3441 2411 3497 Inedicabilem
2445 3443 2794 3499 reddebant.
2852 3441 2990 3496 Ideo
3041 3439 3306 3496 Salvator
3349 3443 3567 3501 noster,

209 3534 512 3604 νομομαθεῖς
564 3550 619 3584 τε
663 3527 900 3601 ἐδόκουν,
948 3537 1038 3584 καὶ
1093 3542 1192 3584 τῶν
1235 3543 1510 3606 προφητῶν
1559 3537 1651 3595 τὰς
1709 3557 1764 3607 φο

2016 3539 2238 3603 stquam
2271 3531 2518 3596 homini,
2561 3548 2596 3588 a
2627 3530 2926 3587 natalibus
2957 3544 3137 3597 caeco,
3179 3526 3376 3582 visum
3407 3527 3571 3581 resti-

210 3623 310 3686 νὰς,
367 3620 393 3672 ὃ
441 3620 594 3672 πλέον
647 3619 814 3672 αὐτῶν
864 3625 958 3678 τὴν
1009 3627 1326 3694 κατηγορίαν
1384 3625 1646 3689 ἐπέτεινεν,
1702 3643 1758 3676 το

2023 3626 2126 3686 rat,
2161 3620 2239 3675 illi
2265 3636 2406 3676 vero
2452 3621 2746 3691 linguam,
2789 3619 2902 3674 Deo
2933 3617 3251 3680 inimicam,
3293 3615 3424 3671 loco
3455 3614 3569 3670 cul-

215 3709 441 3778 χεῦιεσιν
480 3712 798 3783 περιέφερον,
839 3705 927 3761 διὸ
969 3713 1059 3761 καὶ
1117 3708 1322 3762 ἀνίατον
1375 3711 1552 3772 αὐτοῖς
1594 3715 1686 3769 τὴν
1729 3731 1770 3763 ν‹

2037 3710 2384 3782 praestandi,
2409 3711 2486 3766 ad
2519 3709 2768 3781 injurias
2795 3707 3160 3764 evomendas
3179 3703 3567 3770 adhibebant,

219 3815 298 3848 σον
365 3799 772 3859 κατεσκεύαζον.
835 3798 1090 3850 Ἐντεῦθεν
1147 3800 1172 3850 ό
1227 3803 1316 3870 μὲν
1371 3804 1546 3872 Σωτὴρ
1611 3803 1697 3852 τόν
1756 3804 1774 3852 ἑ

2019 3799 2155 3854 ebat
2187 3816 2200 3853 :
2239 3819 2261 3850 α
2294 3799 2381 3854 Ad
2420 3799 2719 3871 judicium
2749 3813 2860 3866 ego
2909 3796 3044 3852 veni
3075 3796 3128 3850 in
3156 3793 3474 3858 mundum,
3509 3796 3571 3849 ut

212 3897 458 3956 γεννητῆς
517 3886 707 3960 τυφλόν
771 3883 972 3947 δεικνύς
1023 3889 1241 3962 ὁρῶντα,
1296 3897 1394 3940 τῶν
1449 3886 1507 3941 δὲ
1555 3893 1646 3948 τὴν
1706 3892 1767 3942 θε‹

2017 3904 2043 3942 a
2091 3887 2362 3942 videntes
2418 3887 2678 3952 videant,
2739 3885 3008 3941 videntes
3057 3899 3197 3938 vero
3247 3883 3379 3937 caeci
3434 3897 3572 3936 eva-

214 3978 382 4047 μάχον
425 3976 663 4046 γλῶτταν
697 3974 810 4028 ἀντὶ
859 3983 949 4028 τοῦ
997 3978 1263 4039 θυσιάζειν
1303 3977 1372 4040 εἰς
1417 3977 1566 4050 ὕϐριν
1609 3982 1769 4030 κινούι

2018 3983 2066 4032 1t
2091 3978 2162 4028 ⁷³.
2196 3998 2218 4028 ν
2251 3976 2519 4048 Cumque
2551 3975 2828 4031 Pharisaei
2869 3973 3223 4042 exciperent,
3262 3991 3289 4022 «
3323 3974 3473 4026 Num
3515 3975 3573 4026 et

216 4082 329 4127 των,
363 4088 390 4115 ιι
425 4066 514 4126 Ei;
564 4071 750 4139 κρῖμα,
801 4070 978 4136 φησὶν,
1033 4063 1132 4135 ἑγὼ
1195 4065 1261 4126 εἰς
1305 4069 1389 4117 τόν
1447 4071 1641 4138 κόσμον
1694 4066 1771 4126 ἐλή

2013 4066 2193 4121 εί)ωοὶ
2225 4081 2434 4120 sumus
2459 4064 2487 4118 ?
2519 4086 2542 4115 »
2577 4062 3005 4136 respondebat:
3045 4082 3064 4110 ε
3103 4061 3158 4115 Si
3181 4060 3320 4114 caeci
3347 4059 3568 4124 essetis,

216 4151 361 4221 λνθα,
394 4155 477 4206 ἱνα
515 4156 566 4206 οἱ
615 4157 688 4225 μη
724 4151 993 4226 βλέποντες
1034 4152 1293 4226 βλάψωσι,
1328 4160 1417 4208 καὶ
1465 4158 1513 4208 οἱ
1545 4154 1771 4228 βλέποντι

2016 4169 2041 4209 3
2073 4154 2374 4210 haberetis
2407 4159 2718 4225 peccatum
2759 4167 2772 4206 :
2807 4151 2937 4222 jam
2968 4165 3108 4204 vero
3148 4147 3368 4212 dicitis,
3400 4146 3571 4202 Vide-

217 4243 391 4314 τυφλοὶ
436 4248 705 4314 γένωνται.
741 4263 770 4294 ι)
819 4246 919 4295 Καὶ
964 4238 1031 4300 δὴ
1083 4248 1172 4295 καὶ
1218 4252 1318 4294 τῶν
1355 4250 1648 4317 Φαρισαίων
1693 4246 1772 4298 ἐπι

2014 4259 2095 4298 Is:
2133 4243 2268 4298 ideo
2321 4247 2633 4314 peccatum
2687 4239 2850 4312 apud
2901 4255 3004 4293 vos
3044 4242 3246 4292 manet
3293 4237 3360 4288 ⁷⁸.
3396 4256 3423 4283 ››
3458 4234 3569 4300 Qui

220 4332 564 4402 φθεγγομένων
595 4349 609 4362 ο
645 4351 672 4380 ‹‹
728 4335 812 4388 Μὴ
869 4335 958 4383 καὶ
1004 4332 1156 4402 ἡμεῖς
1215 4331 1395 4404 τυφλοὶ
1451 4331 1639 4405 ἐσμεν;
1673 4355 1699 4382 ››
1745 4365 1775 4372 -

2023 4349 2079 4387 m
2112 4333 2296 4399 novit,
2335 4347 2396 4386 se
2456 4347 2561 4402 per
2599 4327 3002 4398 ignorantiam
3057 4341 3284 4381 crecum
3332 4339 3483 4392 esse,
3515 4326 3571 4378 et

221 4442 254 4469 κ
302 4419 355 4472 Εἰ
390 4420 567 4492 τυφλοὶ
620 4416 728 4483 ἦτε,
779 4425 960 4492 φησὶν,
1015 4419 1109 4472 οὐκ
1162 4424 1329 4492 εἴχετε
1383 4421 1640 4494 ἁμαρτίαν
1673 4438 1687 4453 ⁸
1722 4432 1776 4476 νῦ

2016 4422 2202 4476 ιιιὺυω
2231 4437 2406 4474 suum
2438 4418 2724 4489 intelligit,
2767 4422 2822 4472 et
2859 4413 3029 4470 citius
3059 4413 3137 4468 ad
3183 4411 3481 4467 medicum
3509 4426 3571 4466 se

224 4504 285 4560 δι
309 4508 486 4580 λὲνετε,
527 4511 609 4561 ὅτι
658 4509 929 4581 Βλέπομεν,
974 4505 1068 4560 διὰ
1114 4517 1267 4561 τοῦτο
1311 4511 1340 4568 ἠ
1391 4509 1623 4584 ἁμαρτία
1668 4514 1779 4585 ύμῶ

2014 4509 2223 4573 ivertit,
2255 4508 2525 4578 lucisque
2567 4522 2743 4561 usum
2773 4504 3102 4574 requirens,
3137 4501 3208 4556 ad
3249 4517 3380 4555 eam
3413 4498 3569 4554 festi-

225 4603 374 4670 μένει.
409 4597 516 4650 »Ὀ
691 4600 793 4671 γὰρ
841 4594 994 4659 εἰδὼς
1038 4597 1218 4650 ἑαυτὸν
1257 4598 1310 4661 ἐξ
1348 4598 1559 4671 ἀγνοίας
1601 4600 1780 4672 τυφλόν

2012 4603 2041 4664 t,
2075 4597 2330 4670 ideoque
2368 4613 2509 4651 cura
2540 4592 2998 4650 clementissima
3037 4591 3256 4659 dignus
3295 4588 3567 4653 habetur,

229 4693 434 4744 συνῆκεν
476 4707 528 4740 τε
558 4690 618 4738 τό
657 4688 838 4751 πάθος,
870 4691 959 4738 καὶ
1009 4688 1193 4738 θᾶττον
1227 4695 1390 4759 χωρεί
1430 4689 1506 4759 (1)
1547 4693 1675 4761 πρός
1723 4693 1784 4741 τό

2016 4687 2098 4741 liis
2125 4687 2256 4757 ejus
2289 4682 2780 4758 splendidissimis
2803 4682 3160 4737 illuminatus
3187 4679 3329 4733 etad
3352 4677 3571 4733 saluta-

232 4775 414 4846 ἰατρόν,
456 4782 543 4828 καὶ
595 4783 688 4828 τοῦ
736 4778 900 4846 φωτός
940 4773 1172 4838 ἐπιζητεῖ
1222 4780 1314 4833 τὴν
1365 4776 1674 4846 ἀπόλαυσιν,
1719 4797 1784 4829 κα

2014 4793 2035 4829 n
2084 4775 2530 4831 meditationem
2565 4773 2878 4828 adductus.
2917 4771 3026 4835 Qui
3059 4786 3194 4824 vero
3226 4784 3347 4840 prae
3379 4766 3569 4823 cordis

227 4868 347 4933 πρὸς
380 4864 531 4918 ἐκεῖνο
581 4861 821 4931 σπεύδει,
853 4869 943 4916 καὶ
978 4872 1068 4924 τῆς
1116 4864 1472 4938 φιλανθρώπου
1521 4863 1614 4919 διὰ
1655 4874 1782 4918 τοῦτ

2014 4864 2130 4919 ritie
2182 4862 2526 4919 intenebris
2580 4864 2858 4926 versatur,
2896 4864 2952 4914 et
2985 4857 3076 4913 vel
3127 4858 3209 4912 sic
3255 4855 3452 4911 videre
3507 4871 3569 4911 se

229 4959 450 5022 προνοίας
492 4952 851 5018 καταξιοῦται,
883 4960 998 5015 ταῖς
1049 4951 1384 5026 σελασφόροις
1429 4954 1589 5016 αὐτῆς
1627 4952 1784 5006 ἀκτῖσ

2019 4953 2235 5021 stimet,
2289 4952 2585 5024 duplicem
2627 4950 2739 5007 sibi
2767 4949 3090 5031 caecitatem
3121 4946 3387 5013 arcessit,
3421 4961 3568 5019 quo-

302 5059 341 5093 τ³
374 5061 515 5117 Joan
536 5075 615 5126 ιι.
649 5063 736 5116 39.
814 5059 862 5094 7‘
891 5057 1038 5114 ibid.
1069 5062 1156 5124 41,
1199 5057 1301 5115 ubi
1331 5075 1439 5132 pro
1465 5056 1558 5113 διά
1583 5064 1752 5127 τούτο,
1781 5059 1857 5132 leg

581 5075 615 5126 ἱ,
649 5063 736 5116 39.
814 5059 862 5094 ⁷⁴
891 5057 1038 5114 ibid.
1069 5062 1156 5124 41,
1199 5057 1301 5115 ubi
1331 5075 1439 5132 pro
1465 5056 1558 5113 διά
1583 5064 1752 5127 τούτο,
1781 5059 1927 5132 legis
1958 5080 1987 5132 η
2031 5059 2136 5114 οὖν.

299 5272 398 5344 (791)
431 5272 694 5344 Ῥημάτων
727 5274 916 5344 estex
940 5269 1105 5327 Colb.

1987 5272 2098 5344 (96)
2131 5271 2329 5327 Malim
2359 5270 2552 5344 legere
2583 5272 2638 5322 ἓκ
2666 5289 2742 5326 τε.

323 5287 398 5344 νε)
448 5287 694 5344 Ρηματων
727 5287 813 5326 εει
841 5287 916 5326 ex
940 5287 1105 5327 UOID.

323 5347 401 5414 92)
439 5344 786 5410 Θελὴσαντας,
817 5342 996 5414 idem.

2009 5287 2098 5342 νο)
2131 5287 2329 5327 meum
2359 5287 2552 5395 regere
2583 5290 2638 5322 εκ
2666 5289 2743 5326 τε.

1985 5287 2096 5414 (97)
2121 5345 2205 5398 Ita
2235 5359 2373 5414 cum
2454 5341 2572 5398 olb.
2610 5358 2719 5414 pro
2748 5341 3006 5400 συνήθων.

324 5411 400 5488 93)
439 5418 752 5488 Θαυμάτων,
781 5429 852 5488 ex
881 5413 1044 5488 _Cle.

1984 5411 2095 5488 (98)
2127 5415 2292 5488 _C_Olb.
2321 5411 2600 5488 διαθέντες,

304 5486 404 5558 (94)
442 5483 600 5543 Colb.
645 5501 754 5558 pro
784 5483 1090 5558 ἕπῆλθονηΛ
1116 5555 1130 5558 _

1983 5483 2095 5558 (99)
2128 5485 2289 5558 ldem
2316 5501 2422 5557 pro
2452 5488 2536 5538 τὸν
2568 5484 2736 5537 ἄλλον.

307 5554 402 5626 (95)
434 5558 611 5625 ldem,
645 5554 757 5632 pro
776 5554 999 5610 κάκεῖνο.
1032 5555 1156 5612 Vid.
1187 5559 1310 5613 not.
1346 5559 1432 5614 90.

1046 5555 1156 5612 Vid.
1187 5559 1310 5613 not.
1346 5559 1432 5614 90.
1981 5554 2066 5630 (ι)
2091 5557 2250 5615 Colb.
2283 5554 2394 5631 pro
2414 5561 2601 5634 χωρίς.
