4140 6198
399 321 499 379 471
1610 323 1848 379 PHOTII
1887 321 2049 377 PATF

2157 319 2364 376 RCHAE
2404 320 2511 377 CP.

3660 318 3767 375 472

400 449 565 505 niam
596 447 740 503 nihil
769 447 946 515 videt,
966 452 1043 517 et,
1076 449 1223 506 dum
1250 449 1396 506 nihil
1422 449 1601 515 videt,
1656 449 1888 505 acutius
1923 447 2049 503 aliis

2162 448 2248 498 τὸν
2296 452 2412 497 νοῦν
2459 448 2828 517 φωτιζόμενος,
2877 448 2965 497 καὶ
3018 445 3149 517 πρὸς
3199 446 3293 502 τὴν
3340 447 3594 517 σωτήριον
3648 445 3768 496 θεω-

399 552 641 593 cernere
669 553 732 592 se
757 538 1054 610 Opinatur.
1091 540 1382 595 Praeclara
1414 540 1572 594 enim
1617 539 1691 594 de
1748 554 1810 593 se
1847 537 2051 609 opinio

401 625 729 698 profundas
774 630 1047 683 tenebras
1099 628 1354 684 offundit
1384 628 1571 683 oculis
1625 628 1861 691 animae,
1898 641 2051 680 mor-

398 714 666 787 bumque
705 716 1007 781 caecitatis,
1040 733 1161 789 qua
1200 722 1505 789 correptus
1538 716 1720 772 homo
1751 721 1857 785 est,
1882 713 2051 770 vehe-

401 809 629 859 menter
649 809 847 875 auget.

2159 540 2276 609 ρίαν
2338 533 2663 605 ἀναγόμενος.
2692 540 2749 586 ‘0
2804 530 2863 587 δὲ
2903 543 2963 607 τῇ
3024 539 3265 608 πωρώσει
3319 535 3409 604 μὲν
3464 531 3769 605 ἐσκοτισμέ-

2159 644 2259 689 νος,
2302 622 2507 696 βλέπειν
2557 620 2615 675 δὲ
2656 622 2883 694 οἰόμενος
2928 623 3029 694 (2),
3087 619 3276 680 διπλῆν
3327 622 3491 691 ἐαυτῷ
3541 626 3635 679 τὴν
3680 624 3769 673 τύο

2160 714 2355 785 φλωσιν
2398 713 2473 783 (3)
2505 715 2903 777 κατεσκεύασεν,
2940 714 3018 764 ὅτι
3065 730 3118 764 τε
3162 716 3232 782 μὴ
3278 710 3480 783 βλέπει,
3522 715 3613 762 καὶ
3661 711 3771 762 ὅτι·

2157 806 2230 873 μὴ
2286 801 2488 874 βλέπων
2534 801 2771 876 ὀξύτερον
2822 798 2966 854 δοκεῖ
3015 809 3115 853 τῶν
3164 799 3327 852 ἄλλων
3395 800 3557 871 όρᾷνί
3590 806 3630 851 Η
3663 801 3764 873 γὰρ

396 895 574 955 οἴησις
617 893 693 965 (4)
753 898 938 958 σκότος
988 891 1121 948 οὖσα
1159 895 1407 968 ψυχικῶν
1462 893 1708 969 ὀμμάτων
1756 892 1915 967 βαθὺ,
1956 899 2047 954 τῆς
2089 893 2567 965 προκατασχούσης
2625 890 2734 963 ἀμα
2776 896 3012 965 υρὼσεως
3069 890 3306 943 ἐπιτείνει
3348 889 3537 962 μᾶλλον
3582 892 3640 941 τὸ
3686 890 3767 960 (5)

400 1002 631 1055 νοσημα.

473 1072 644 1136 Quod
686 1072 735 1127 si
764 1072 963 1145 itaque
993 1073 1177 1129 verba
1224 1073 1526 1146 prophetae
1557 1072 1637 1128 ita
1659 1071 2046 1144 accipiantur,

400 1163 457 1215 et
484 1161 823 1217 veneranda
850 1162 1084 1217 Domini
1102 1162 1340 1234 eloquia
1368 1162 1482 1218 hoc
1507 1162 1682 1217 modo
1709 1160 2052 1231 judicentur

402 1248 476 1319 (si
491 1248 582 1303 vel
616 1250 864 1305 maxime
886 1266 1007 1306 non
1034 1251 1239 1307 omnia
1268 1267 1477 1306 eorum
1505 1265 1675 1322 aeque
1702 1248 1894 1304 forent
1921 1263 2052 1319 per-

400 1338 631 1410 spicua)
659 1355 781 1394 non
812 1344 1006 1411 putem
1040 1340 1139 1395 illa
1170 1339 1553 1395 audientibus
1586 1355 1817 1409 gravem
1852 1338 2051 1393 admo-

398 1426 545 1483 dum
579 1428 923 1500 disputandi
954 1430 1327 1485 occasionem
1355 1429 1619 1501 praebere
1648 1444 1842 1499 posse.
1869 1428 2050 1482 Mani-

399 1516 617 1572 festum
643 1517 800 1572 enim
847 1524 951 1586 est,
1004 1518 1308 1590 discipulis
1353 1518 1561 1573 datum
1592 1518 1707 1572 hoc
1745 1517 1946 1579 fuisse,
1989 1520 2052 1572 ut

399 1606 682 1677 mysteria
717 1607 883 1676 regni
912 1607 1007 1663 Dei
1048 1612 1492 1676 cognoscerent,
1543 1606 1830 1678 quoniam
1855 1620 2047 1677 neque

400 1711 667 1750 crassum
689 1695 907 1751 factum
937 1700 1061 1752 erat
1086 1712 1189 1751 cor
1207 1712 1437 1761 eorum,
1460 1710 1653 1766 neque
1668 1694 1871 1749 oculos
1890 1694 2047 1748 clau-

400 1783 667 1849 debant;
714 1784 962 1856 reliquis
1013 1801 1176 1853 vero,
1230 1800 1382 1855 quos
1437 1789 1493 1839 et
1549 1789 1821 1839 externos
1875 1788 2046 1838 vocat
2082 1824 2127 1877 Β

402 1872 565 1941 (nam
593 1888 655 1927 se
683 1872 838 1944 ipsos
865 1890 895 1926 a
926 1873 1111 1929 salute
1146 1874 1561 1940 excluserant),
1605 1872 1763 1927 idem
1792 1887 1913 1926 non
1940 1871 2049 1927 da-

399 1960 590 2017 batur.
618 1963 762 2017 Cum
796 1962 947 2017 enim
978 1962 1134 2018 vitiis
1176 1964 1355 2018 modo
1380 1962 1862 2017 commemoratis
1895 1960 2049 2016 salu-

399 2053 519 2106 tem
532 2065 774 2105 omnem
797 2068 832 2106 a
858 2068 922 2106 se
948 2052 1287 2118 averterint,
1310 2052 1441 2122 jure
1463 2050 1729 2123 quodam
1764 2050 1821 2105 id
1839 2050 2046 2105 datum

399 2154 521 2194 non
543 2144 653 2205 est,
678 2138 834 2209 ideo,
862 2140 1028 2213 quod
1060 2157 1119 2195 se
1160 2140 1327 2211 ipsos
1358 2141 1431 2195 ad
1464 2139 1610 2195 illud
1637 2139 2045 2211 recipiendum

398 2228 643 2285 idoneos
673 2246 795 2285 non
828 2231 1247 2302 praestiterunt.
1282 2231 1600 2301 Propterea
1638 2245 1879 2301 quoque
1912 2245 2049 2284 con-

398 2317 608 2373 sultius
642 2324 784 2383 erat,
819 2335 923 2391 per
956 2318 1278 2390 parabolas
1300 2335 1436 2375 cum
1466 2318 1612 2390 ipsis
1642 2318 1828 2390 loqui,
1860 2334 2046 2389 quam

398 2407 603 2477 gratiae
630 2407 916 2480 mysteria
942 2408 1106 2463 nuda
1128 2424 1484 2480 proponere.
1534 2410 1735 2479 Neque
1768 2407 1925 2463 enim
1956 2407 2045 2461 vel

399 2496 779 2551 commodum
798 2500 906 2563 est,
926 2496 1016 2551 vel
1036 2496 1223 2566 judici
1242 2496 1485 2551 cordato
1499 2495 1784 2558 convenit,
1804 2495 2045 2563 dignum

398 2588 452 2637 et
466 2583 801 2654 indignum,
823 2584 987 2655 quod
1010 2585 1086 2639 ad
1114 2585 1445 2639 doctrinam
1462 2590 1516 2640 et
1534 2584 1781 2639 salutem
1799 2588 2046 2654 spectat,

399 2673 609 2727 eodem
650 2672 779 2728 loco
829 2672 1094 2738 habere;
1144 2673 1657 2745 quemadmodum
1702 2688 1811 2728 nec
1857 2674 2048 2743 porcis

398 2760 755 2831 margaritas
785 2762 1092 2833 projicere,
1125 2778 1321 2835 neque
1343 2763 1599 2818 canibus
1615 2766 1822 2818 sancta
1840 2761 2048 2817 offerre

396 2848 486 2905 fas
512 2856 599 2905 est
623 2851 692 2903 ⁷³.

468 2941 551 2995 Ex
580 2939 751 2995 dictis
795 2955 973 3012 porro
1033 2945 1280 3008 constat,
1323 2941 1626 3013 quomodo
1665 2940 2049 3013 intelligenda

397 3027 513 3084 sint
535 3028 679 3084 illa»
731 3030 803 3086 Ut
851 3029 1119 3086 videntes
1164 3046 1285 3086 non
1336 3030 1595 3095 videant,
1648 3035 1703 3086 et
1739 3030 2048 3085 audientes

396 3132 517 3174 non
551 3117 901 3187 intelligant.
927 3140 955 3171 »
988 3122 1056 3175 Ut
1078 3120 1235 3175 enim
1262 3120 1408 3175 illud
1438 3119 1616 3176 afﬁne
1640 3120 1767 3191 jam
1797 3123 1881 3175 est
1896 3118 2047 3174 voici

398 3207 546 3271 ideo,
580 3211 635 3262 et
660 3207 909 3263 alterum
938 3224 1045 3281 pro
1077 3208 1259 3265 altero
1304 3209 1460 3264 sumi
1508 3212 1721 3280 potest.
1774 3207 2048 3265 Similiter

396 3294 576 3351 etiam
603 3312 722 3351 non
752 3296 899 3352 illud
940 3298 1053 3352 hoc
1092 3298 1225 3353 loco
1272 3314 1392 3353 non
1424 3298 1908 3369 prohibitionem,
1941 3295 2047 3351 sed

395 3385 776 3452 negationem
805 3386 1117 3454 significat.
1144 3387 1263 3441 Hoc
1291 3403 1427 3442 vero
1451 3387 1582 3443 loco
1610 3385 2047 3442 dictionesillas

396 3472 479 3528 ita
506 3473 887 3545 accipiendas
911 3490 1062 3541 esse,
1098 3491 1217 3530 non
1246 3475 1424 3531 meris
1442 3476 1795 3544 conjecturis
1824 3474 2043 3538 nititur,

398 3561 504 3617 sed
536 3566 662 3617 tum
704 3579 916 3619 sensus
963 3564 1286 3620 verborum
1331 3565 1833 3636 propheticorum,
1888 3564 2046 3619 unde

364 3642 377 3651 ’
399 3650 629 3706 Domini
655 3651 961 3722 eloquium
979 3652 1169 3718 fluxit,
1194 3653 1408 3707 invicte
1435 3656 1679 3708 testatur
1708 3670 1721 3719 ;
1750 3656 1876 3707 tum
1905 3667 2047 3707 vero

398 3743 638 3795 sanctus
652 3741 957 3796 Matthaeus
976 3742 1035 3795 in
1062 3741 1271 3797 eadem
1298 3741 1592 3796 sententia
1614 3757 1724 3812 pro
1752 3739 2047 3811 particula

398 3826 741 3883 tuaalterum
756 3831 834 3880 ὅτι
847 3829 1165 3897 adhibens,
1179 3830 1496 3900 locumque
1514 3830 1700 3902 ipsum
1717 3845 1835 3885 non
1852 3828 2048 3901 prohi-

396 3916 599 3982 bendi,
617 3917 723 3972 sed
741 3917 1021 3989 negandi,
1049 3935 1227 3974 sensu
1245 3918 1523 3975 rccitans.
1546 3918 1863 3974 Dominum
1887 3917 2045 3973 enim

394 4006 479 4062 ita
506 4007 821 4063 introducit
866 4007 1211 4080 loquentem
1245 4027 1257 4067 :
1302 4028 1329 4058 «
1366 4009 1685 4081 Propterea
1732 4023 1837 4080 per
1875 4023 2047 4079 para-

397 4094 569 4151 bolas
592 4094 828 4168 loquor,
852 4097 995 4168 quia
1015 4097 1280 4153 videntes
1312 4113 1433 4152 non
1465 4096 1685 4161 vident,
1716 4102 1769 4152 et
1798 4096 2048 4152 audien-

398 4189 480 4240 tes
524 4200 646 4241 non
696 4183 1120 4256 intelligunt".
1172 4207 1199 4239 »
1235 4186 1603 4244 Manifestum
1661 4186 1863 4258 itaque
1912 4186 2047 4242 hinc

398 4273 615 4340 evadit,
647 4274 789 4330 illud
823 4276 904 4327 ἵνα
930 4291 965 4330 a
1004 4276 1242 4347 reliquis
1295 4276 1473 4331 etiam
1529 4275 1909 4345 evangelistis
1938 4291 2047 4345 pro

397 4366 477 4416 ὅτι
520 4379 647 4419 esse
688 4370 1065 4437 usurpatum,
1099 4371 1152 4421 et
1198 4364 1546 4437 particulam
1586 4365 1747 4421 illam
1786 4363 2049 4436 prohibi-

397 4454 573 4509 tivam
599 4454 873 4522 negantis
899 4454 1021 4509 vim
1042 4454 1331 4510 obtinere.

472 4541 696 4597 Scilicet
713 4558 859 4612 gens
875 4543 1141 4608 Judaica,
1167 4544 1467 4614 majorum
1487 4560 1731 4599 suorum
1759 4541 2044 4597 insaniam
2084 4533 2125 4587 Ι)

398 4633 455 4685 et
475 4630 921 4703 improbitatem
953 4631 1033 4688 ita
1064 4649 1235 4689 suam
1268 4633 1422 4702 fecit,
1448 4639 1505 4687 ut
1534 4632 1859 4688 Dominicae
1880 4630 2047 4686 salu-

396 4719 659 4792 tarisque
707 4720 980 4775 doctrina:
1004 4721 1295 4791 jacturam
1352 4726 1749 4793 spontaneam
1794 4720 1854 4775 in
1882 4720 2047 4776 lucro

398 4812 713 4879 reputaret.
738 4809 937 4880 Neque
968 4809 1130 4865 enim
1155 4810 1235 4866 illi
1265 4811 1556 4867 natalium
1588 4826 1826 4866 suorum
1874 4808 2044 4879 origi-

399 4912 538 4952 nem
570 4897 645 4952 ad
674 4898 933 4969 majores
961 4900 1171 4969 magis,
1202 4916 1387 4972 quam
1416 4899 1610 4955 cordis
1650 4900 1742 4955 sui
1773 4898 2046 4955 duritiem

476 5004 521 5039 ⁷⁵
552 5002 756 5060 Matth.
793 5020 887 5070 vn,
922 5009 974 5061 6.
1051 5008 1099 5043 ⁷⁶
1124 5007 1321 5064 Matth.
1365 5024 1486 5075 xui,
1522 5008 1587 5063 l3

2234 1067 2390 1121 Ἀλλά
2438 1070 2538 1141 γὰρ
2588 1071 2720 1120 οὕτω
2795 1071 2883 1136 μὲν
2949 1076 3047 1119 τῶν
3121 1075 3453 1140 προφητικῶν
3510 1067 3764 1141 ῥημάτων

2162 1158 2570 1229 τεθεωρημένων,
2599 1158 2733 1208 οὕτω
2789 1153 2846 1208 δὲ
2899 1164 2998 1208 τῶν
3041 1164 3239 1208 σεπτῶν
3286 1155 3471 1226 λογίων
3527 1152 3762 1229 διευκρι-

2159 1250 2385 1317 νημένων
2434 1250 2542 1315 (καὶ
2590 1249 2635 1298 εἴ
2677 1266 2727 1297 τι
2776 1249 2933 1321 μέρος
2985 1245 3147 1297 αὐτῶν
3197 1247 3439 1318 ὑπάρχον
3482 1252 3544 1317 τῇ
3591 1245 3766 1318 εὐκρι-

2159 1339 2269 1406 νείᾳ
2345 1339 2415 1406 μὴ
2501 1334 3013 1409 συμπεριείληπται),
3072 1334 3241 1386 οὐκέτι
3310 1342 3417 1393 τοῖς
3477 1333 3763 1406 ἀκροαταῖς

2160 1426 2366 1495 ὁμοίως,
2420 1423 2586 1496 οἶμαι,
2652 1422 2773 1477 οὐδὲ
2821 1428 3078 1482 τοσαύτην
3139 1428 3397 1496 πρόφασιν
3456 1424 3768 1496 ζητήματος

2158 1513 2383 1584 παρέξει.
2439 1514 2596 1571 Δῆλον
2650 1516 2739 1585 μὲν
2795 1517 2895 1586 γὰρ
2953 1517 3021 1574 ὡς
3070 1520 3179 1574 τοῖς
3227 1515 3485 1584 μαθηταῖς
3542 1510 3764 1566 δέδοται

2157 1612 2349 1673 γνῶναι
2396 1607 2460 1655 τά
2516 1609 2787 1677 μυστήρια
2837 1612 2933 1665 τῆς
2990 1602 3264 1675 βασιλείας
3310 1610 3402 1654 τοῦ
3457 1610 3611 1672 Θεοῦ,
3655 1602 3766 1655 ἐπεὶ

2158 1697 2287 1762 μήτε
2340 1696 2431 1749 τὴν
2489 1690 2711 1764 καρδίαν
2781 1691 3154 1764 έπαχύνθησαν
3208 1694 3305 1761 (6),
3365 1696 3499 1764 μήτε
3558 1690 3765 1766 βαρέως

2157 1786 2365 1845 ἢκουον,
2397 1787 2525 1853 μήτε
2561 1786 2625 1833 τὰ
2674 1788 2884 1855 ὄμματα
2931 1785 3083 1854 ἔμυον
3113 1799 3123 1810 ·
3157 1789 3261 1841 τοῖς
3310 1778 3369 1833 δὲ
3405 1780 3627 1849 λοιποῖς,
3673 1782 3766 1843 οὓς

2157 1875 2244 1922 καὶ
2286 1870 2378 1932 ἔξω
2428 1870 2573 1923 καλεῖ
2620 1872 2735 1941 (ἔξω
2778 1874 2878 1944 γὰρ
2925 1878 3021 1932 τῆς
3074 1875 3339 1941 σωτηρίας
3393 1876 3526 1941 σφᾶς
3572 1871 3764 1933 αὐτούς

2156 1959 2549 2029 περιέστησαν),
2605 1959 2775 2012 οὐκέτι
2830 1955 3063 2011 δέδοται.
3120 1966 3239 2020 Τοῖς
3302 1961 3402 2033 γὰρ
3472 1959 3766 2031 εἰρημένοις

2156 2049 2348 2099 πάθεσι
2408 2054 2581 2100 πᾶσαν
2641 2048 2841 2109 ἑαυτοῖς
2890 2048 3324 2119 ἀποτειχίσαντες
3368 2053 3631 2121 σωτηρίαν
3670 2053 3761 2101 καὶ

2158 2136 2418 2208 ὠφέλειαν,
2453 2137 2661 2199 εἰκότως
2710 2138 2768 2189 ού
2829 2134 3066 2205 δέδοται,
3114 2139 3193 2189 ὅτι
3249 2133 3389 2207 μηδὲ
3439 2136 3612 2188 λαϐεῖν
3670 2139 3764 2189 av}-

2157 2229 2278 2286 τούς
2336 2223 2666 2286 ἐπιτηδείους
2714 2229 3131 2301 παρεσκεύασαν.
3184 2229 3270 2278 Διό
3312 2230 3400 2277 καὶ
3437 2225 3763 2297 παραϐολαῖς

2157 2324 2389 2388 προσῆκε
2459 2315 2649 2387 μᾶλλον
2706 2315 2891 2381 λαλεῖν,
2954 2320 2984 2374 ἦ
3048 2317 3221 2387 γυμνὰ
3300 2318 3597 2389 προτιθέναι
3671 2324 3764 2375 τῆς

2157 2406 2376 2479 χάριτος
2428 2408 2492 2455 τά
2568 2411 2858 2479 μυστήρια.
2929 2408 3063 2457 Οὔτε
3118 2407 3219 2475 γὰρ
3306 2409 3586 2477 συμφέρον,
3641 2408 3764 2456 οὔτε

2157 2497 2372 2566 κρίσεως
2421 2489 2740 2556 ἀδεκάστου,
2782 2494 2854 2555 εἰς
2910 2498 3002 2550 τὴν
3058 2493 3217 2550 αὐτὴν
3268 2492 3412 2554 τάξιν
3461 2501 3555 2552 τῆς
3600 2489 3766 2544 διδα-

2161 2582 2379 2643 σκαλίας
2430 2585 2519 2633 καὶ
2570 2586 2833 2656 σωτηρίας
2885 2584 3080 2634 τιθέναι
3127 2585 3209 2633 τόν
3256 2582 3398 2643 ἄξιόν
3444 2601 3499 2633 τε
3539 2587 3629 2633 καὶ
3673 2585 3763 2633 τόν

2160 2671 2400 2733 ἀνάξιον·
2438 2673 2609 2739 ὥσπερ
2659 2668 2782 2723 οὐδὲ
2839 2679 2947 2732 τοῖς
3003 2675 3208 2744 χοίροις
3260 2675 3379 2732 τοὺς
3435 2676 3766 2745 μαργαρίτας

2156 2760 2479 2835 προϐάλλειν,
2509 2755 2631 2811 οὐδὲ
2652 2767 2755 2821 τοῖς
2785 2765 2909 2812 κυσὶ
2932 2761 3132 2835 ῥίπτειν
3162 2763 3227 2811 τὰ
3257 2760 3403 2830 ἅγια.

2228 2943 2315 3005 Ἐξ
2346 2940 2433 2995 οὖν
2477 2944 2560 3014 (7)
2602 2952 2700 2995 τῶν
2750 2942 3025 3015 εἰρημένων
3068 2944 3157 2991 καὶ
3205 2943 3281 3007 τὸ,
3318 2963 3339 2990 ι
3372 2940 3483 2994 Ἰνα
3524 2941 3594 3010 (8)
3642 2941 3763 3014 βλέ-

2160 3050 2335 3092 ποντες
2385 3037 2455 3103 μὴ
2517 3031 2768 3104 βλέπωσι,
2820 3034 2905 3082 καὶ
2959 3028 3227 3090 ἀκούοντες
3288 3034 3358 3100 μὴ
3431 3037 3702 3096 συνιῶστν,
3734 3050 3758 3081 ι

2158 3118 2280 3173 ὁδὸν
2330 3123 2555 3194 εὑρίσκει
2603 3130 2696 3181 τῆς
2742 3116 3092 3190 διαγνώσεως.
3126 3122 3195 3170 Τό
3243 3121 3344 3191 γὰρ
3391 3120 3473 3170 ἶνα
3514 3126 3601 3169 νῦν
3632 3137 3764 3190 συγο

2156 3215 2294 3281 γενές
2348 3214 2401 3262 τέ
2458 3210 2567 3261 ἐστι
2623 3216 2711 3261 τοῦ
2771 3205 2932 3272 διότι,
2988 3212 3076 3259 καὶ
3124 3207 3613 3279 μεταλαμϐάνεσθαι
3663 3210 3759 3258 πέ-

2158 3319 2309 3372 φυκεν
2352 3301 2582 3373 θάτερον,
2633 3301 2762 3371 πρὸς
2808 3301 2864 3349 τό
2915 3298 3103 3369 ἕτερον.
3144 3296 3405 3357 Ὠσαύτως
3450 3292 3509 3348 δὲ
3545 3300 3635 3347 καὶ
3674 3298 3757 3361 τὸ,

2158 3392 2253 3460 μὴ,
2286 3388 2379 3439 οὐκ
2425 3387 2841 3460 ἀπαγορεύσεως,
2884 3384 3149 3458 ἀρνήσεως
3197 3382 3256 3438 δὲ
3306 3390 3485 3457 χώραν
3527 3392 3615 3436 νῦν
3665 3384 3763 3437 ἐπ-

2158 3482 2293 3547 έχει.
2330 3482 2430 3529 Καὶ
2478 3478 2558 3529 ὅτι
2605 3479 2659 3527 τό
2703 3475 2977 3547 λαμϐάνειν
3020 3476 3114 3536 τὰς
3151 3473 3304 3536 λέξεις
3343 3474 3507 3534 οὕτως
3538 3473 3763 3526 ἐνταῦθα

2158 3566 2335 3638 μεῖζον
2384 3573 2477 3617 τοῦ
2517 3565 2739 3625 εἰκάζειν
2789 3566 3127 3627 καθίσταται,
3170 3571 3270 3614 τῶν
3322 3583 3375 3615 τε
3422 3572 3763 3636 προφητικῶν

2156 3654 2402 3727 ῥημάτων
2451 3654 2480 3709 ἡ
2530 3650 2756 3721 διάνοια,
2815 3648 2887 3702 δι’
2918 3651 2985 3700 ὧν
3016 3649 3243 3724 προῆλθε
3284 3654 3373 3701 καὶ
3422 3651 3487 3700 τὰ
3518 3651 3764 3723 Κυριακὰ

2156 3741 2328 3812 λόγια,
2379 3743 2574 3813 μάρτυς
2623 3740 2765 3792 ἐστὶν
2819 3738 3249 3813 ἀπαράγραπτος,
3304 3737 3432 3789 ἀλλὰ
3470 3742 3559 3790 καὶ
3613 3740 3639 3789 ό
3688 3741 3762 3790 ἱε-

2157 3835 2245 3904 ρὸς
2302 3832 2563 3892 Ματθαῖος
2625 3828 2707 3881 ἐπὶ
2764 3836 2859 3890 τῆς
2894 3828 3052 3888 αὐτῆς
3101 3826 3297 3889 ἐννοίας
3354 3825 3467 3879 ἀντὶ
3525 3834 3616 3878 τοῦ
3677 3828 3765 3879 ἵνα

2156 3922 2493 3994 χρησάμενος
2532 3928 2622 3989 τῷ,
2670 3922 2765 3984 ὅτι,
2808 3924 2897 3969 καὶ
2943 3915 3056 3968 ἀντὶ
3100 3923 3191 3967 τοῦ
3222 3918 3557 3990 ἀπαγορεύειν
3603 3917 3763 3989 ἀρνη-

2156 4018 2307 4070 τικῶς
2346 4007 2666 4079 ἀπαγγείλας
2723 4011 2780 4058 τὸ
2838 4010 3054 4079 χωρίον.
3114 4009 3211 4057 Καὶ
3261 4008 3361 4077 γὰρ
3417 4004 3613 4075 εἰσάγει
3670 4008 3761 4056 τὸν

2160 4102 2346 4173 Κύριον
2397 4099 2628 4170 λέγοντα·
2674 4116 2698 4146 «
2747 4099 2843 4148 Διά
2902 4102 3050 4147 τοῦτο
3100 4093 3147 4145 ἐν
3222 4093 3543 4167 παραϐολαῖς
3597 4093 3759 4163 λαλῶ,

2157 4191 2236 4240 ὅτι
2291 4186 2563 4259 βλέποντες
2615 4185 2671 4237 ού
2719 4183 2994 4257 βλέπουσι,
3038 4204 3064 4232 »
3108 4187 3197 4235 καὶ
3244 4180 3424 4251 δῆλον,
3466 4185 3545 4234 ὃτι
3600 4185 3763 4253 σαφὲς

2156 4281 2384 4334 κατέστη
2434 4280 2523 4327 καὶ
2580 4278 2637 4325 τό
2698 4275 2781 4325 ἶνα
2819 4279 2927 4333 τοῖς
2985 4272 3152 4332 ἄλλοις
3201 4272 3586 4343 εύαγγελισταίς
3642 4270 3761 4323 ἀντὶ

2155 4372 2245 4417 τοῦ
2306 4366 2383 4416 ὃτι
2447 4363 2879 4436 παρειλημμένον,
2937 4367 3026 4413 καὶ
3082 4365 3139 4413 τὸ
3209 4361 3284 4431 (9)
3346 4360 3761 4435 ἀπαγορωτικὸν

2158 4458 2337 4527 μόριον
2377 4457 2469 4511 τὴν
2497 4460 2587 4504 τοῦ
2620 4451 2896 4525 ἀρνητικοῦ
2931 4447 3150 4522 δύναμιν
3184 4446 3611 4521 ἀναδεδεγμένον.

2230 4541 2365 4595 Ἀλλ’
2420 4542 2553 4593 οὕτω
2611 4544 2700 4613 μὲν
2776 4545 2869 4598 τὴν
2950 4544 3263 4613 προγονικὴν
3340 4542 3397 4591 τὸ
3485 4534 3762 4591 Ἰουδαίων

2159 4633 2295 4691 ἔθνος
2359 4629 2602 4682 ἀπόνοιαν
2663 4635 2753 4681 καὶ
2817 4628 3187 4701 ἀγνωμοσύνην
3254 4627 3590 4699 οἰκειούμενοι
3663 4634 3763 4689 τῆς

2160 4728 2479 4781 Δεσποτικῆς
2559 4716 2907 4779 διδασκαλίας
2985 4723 3075 4770 καὶ
3157 4717 3392 4789 ὠφελείας
3456 4715 3759 4789 ἀποστερεῖν

2159 4809 2372 4870 ἑαυτούς
2432 4805 2615 4882 κέρδος
2664 4807 2906 4860 ἐτίθεντο.
2949 4808 3052 4863 Καὶ
3103 4808 3204 4880 γὰρ
3260 4806 3319 4858 ού
3368 4812 3615 4858 τοσοῦτον
3663 4808 3763 4868 τάς

2158 4901 2328 4971 πηγὰς
2384 4906 2475 4959 τῆς
2538 4905 2838 4971 σωματικῆς
2887 4901 3131 4969 γενέσεως
3182 4895 3255 4958 εἰς
3309 4897 3527 4956 ἐκείνους
3588 4892 3761 4965 ἀνέφι-

1960 5113 2183 5168 NOTAE.

472 5236 549 5303 (2)
587 5234 648 5290 Ὀ
677 5231 736 5288 δὲ
766 5234 1008 5306 οἰόμενος,
1038 5236 1242 5292 addidi
1267 5252 1337 5292 ex
1364 5236 1525 5293 Colb.

495 5308 554 5377 3)
594 5307 677 5361 Id.
720 5322 849 5377 pro.
880 5309 1108 5379 τύφωσιν
1144 5347 1156 5361 .

496 5380 554 5449 4)
584 5379 662 5433 Id.
698 5393 819 5449 pro.
864 5381 1089 5441 οἴκησις.

499 5382 528 5433 4
584 5380 662 5433 Id.
698 5393 819 5449 pro.
864 5381 1028 5436 οἴκησς

499 5380 554 5519 5)
579 5450 663 5504 Id.
688 5465 817 5521 pro.
841 5455 1028 5522 νόημα.

496 5523 553 5591 6)
584 5522 667 5575 Id.
704 5521 1301 5593 ρι’ρ,ἐπαισχύνθησαν,

495 5589 548 5663 7)
582 5589 719 5650 Post
743 5589 829 5646 οὖν
849 5589 1157 5665 legebatur
1213 5598 1321 5659 καί,
1357 5593 1524 5665 quod
1548 5592 1710 5649 Colb.
1737 5592 1973 5648 rectius.

2159 5238 2392 5294 omittit.

2231 5310 2304 5375 (8)
2342 5310 2451 5363 Ἰνα
2480 5325 2549 5365 ex
2579 5309 2734 5364 Colb.

2233 5377 2308 5451 (9)
2353 5384 2484 5436 Post
2517 5381 2606 5433 καὶ
2636 5385 2714 5445 τό,
2745 5377 3163 5451 exstabatc’mt
3190 5386 3303 5451 τοῦ,
3337 5394 3407 5433 ex
3442 5377 3766 5451 superiori-

2159 5448 2277 5533 bus.
2292 5448 2709 5524 intempestive
2737 5452 2834 5507 hic
2860 5450 3192 5523 repetitum,
3219 5449 3473 5522 ideoque
3500 5448 3560 5505 in
3587 5448 3761 5505 Colb.

2162 5539 2475 5579 omissum.
