4140 6198
333 217 438 276 473

329 365 439 419 ρον,
478 346 600 398 ὅσον
647 348 741 403 τὴν
782 349 1027 418 πώρωσιν
1066 350 1159 406 τῆς
1202 341 1428 420 καρδίας
1477 350 1566 396 καὶ
1607 347 1663 396 τὸ
1697 352 1784 404 τῆς
1812 364 1939 415 γνω·
1974 343 2018 396 Α

327 455 431 508 μης
481 433 796 507 ἀχάριστον.
859 433 1145 494 Θαλάσσης
1193 435 1216 485 ό
1275 434 1496 496 παλαιὸς
1551 433 1761 506 Ἰσραὴλ
1809 434 1942 505 ύγρά

328 527 540 596 κύματα
597 523 1005 596 πεζοποροῡντες
1055 519 1332 588 διέϐαινον,
1397 523 1582 585 στύλος
1640 525 1798 595 πυρός
1855 522 1943 573 καὶ

329 612 537 685 νεφέλης
585 615 677 669 τὴν
721 608 845 663 όδόν
883 611 1059 674 αὐτοῖς
1109 614 1492 685 παρεσκεύαζεν
1533 611 1748 675 ἄλυπον,
1791 613 1815 663 ό
1851 615 1940 683 μεν

333 701 383 753 ἔν
430 705 574 753 νυκτὶ
616 704 815 775 πυρσόν
865 699 1123 766 ἀνάπτων,
1174 701 1285 774 οἶμα
1323 707 1413 754 καὶ
1461 708 1805 776 χειραγωγῶν
1853 703 1940 750 τόν

335 789 655 866 ἀχάριστον·
695 791 724 848 ἡ
770 786 829 842 δε
870 795 964 849 τὴν
1002 790 1268 843 λυποῦσαν
1305 799 1396 842 τοῦ
1440 791 1588 849 ἡλίου
1633 790 1798 862 φλόγα
1827 787 1938 840 ἀντὶ

338 888 430 940 τῆς
459 880 577 932 κατ⁹
625 880 764 931 οἶκον
805 878 997 954 ὀροφῆς
1045 878 1433 951 ἀποστέγουσα,
1474 885 1560 931 καὶ
1604 883 1697 937 τὴν
1745 881 1939 952 ἡμέραν

328 977 426 1030 τῆς
502 965 811 1036 ὁδοιπορίας
882 967 1202 1042 εὐφροσύνης
1286 971 1482 1041 ἡμέραν
1552 967 1938 1040 ἀποφαίνουσα,

333 1062 457 1122 Καὶ,
515 1056 563 1108 ἐν
611 1057 868 1129 κεφαλαίῳ
908 1059 1082 1128 φάναι,
1125 1067 1224 1109 τῶν
1269 1059 1394 1132 ὑπὲρ
1440 1057 1589 1129 λόγον
1636 1057 1938 1132 εὐεργεσιῶν

330 1145 692 1215 ἀπολαύοντες,
752 1151 842 1198 καὶ
892 1152 1026 1198 πᾶσι
1077 1153 1186 1208 τοῖς
1239 1149 1375 1198 κατά
1424 1150 1510 1198 τόν
1552 1144 1668 1218 βίον
1723 1145 1938 1217 ἀγαθοῖς

329 1233 715 1309 περιρρεόμενοί
771 1253 825 1286 τε
878 1239 966 1286 καὶ
1025 1238 1366 1306 πιαινόμενοι,
1423 1233 1760 1294 ἀπελάκτιζον
1813 1233 1938 1306 μᾶλ-

329 1323 416 1376 λον
470 1328 560 1375 καὶ
618 1327 744 1395 πρός
793 1328 886 1381 τὴν
940 1331 1030 1375 τοῦ
1077 1329 1232 1377 Θείου
1278 1323 1425 1397 ὓϐριν
1481 1323 1802 1394 ἐξεμαίνοντο
1841 1331 1937 1374 τῶν

333 1409 617 1465 εἰδωλικῶν
673 1414 988 1484 μιασμάτων
1041 1413 1158 1484 (10)
1223 1416 1281 1464 τὸ
1358 1411 1512 1473 σέϐας
1577 1421 1668 1473 τῆς
1726 1412 1792 1471 εἰς
1850 1415 1936 1462 τόν

334 1504 661 1576 Δημιουργόν
733 1500 1193 1574 ἀνταλλαττόμενοι
1262 1506 1502 1563 πίστεως·
1583 1505 1683 1554 Καὶ
1736 1503 1784 1553 οἱ
1845 1509 1938 1561 τῆς

332 1590 530 1651 ἐκείνης
585 1587 643 1643 δὲ
685 1595 894 1661 γνώμης
943 1589 1036 1642 οὐκ
1082 1589 1290 1643 ἔλαττον
1334 1594 1364 1648 ἧ
1407 1599 1500 1652 τῆς
1542 1599 1696 1661 γονῆς
1740 1591 1934 1661 φύντες,

334 1675 431 1732 διά
492 1688 583 1740 τῆς
630 1687 722 1731 τοῦ
768 1687 1006 1752 Σωτῆρος
1043 1681 1189 1753 ἡμῶν
1238 1677 1520 1752 ἐπιδημίας
1561 1678 1937 1752 παρα-πλησίων
1973 1692 2016 1747 Β

331 1775 424 1822 καὶ
485 1770 754 1843 ὑπερφυῶν
813 1770 1090 1842 θαυμάτων
1144 1768 1452 1841 τελουμένων
1505 1771 1682 1821 θεαταὶ
1733 1772 1935 1839 γινόμε-

333 1878 433 1923 νοι,
493 1867 580 1910 νῦν
633 1862 723 1931 μὲν
784 1860 961 1910 παθῶν
1030 1867 1338 1930 σωματικῶν
1398 1857 1613 1910 ἀνιάτων
1671 1857 1938 1929 ἐλαυνομέ-

339 1967 437 1998 νων
482 1947 638 2018 λόγῳ,
694 1954 782 1998 νῦν
837 1944 894 2000 δὲ
943 1946 1147 2020 βλάϐης
1195 1944 1473 2020 δαιμονίας
1527 1951 1614 1999 καὶ
1668 1945 1938 2006 ἐπιϐουλῆς

334 2043 428 2088 τοῦ
488 2035 797 2108 πλάσματος
870 2035 1339 2107 ἀπαλλαττομένου·
1409 2040 1498 2088 καὶ
1561 2033 1810 2107 ψυχικῶν
1879 2031 1938 2086 δὲ

333 2127 650 2198 τραυμάτων
726 2132 787 2196 τῇ
860 2121 1189 2196 διδασκαλία
1251 2127 1685 2198 θεραπευομένων,
1734 2143 1938 2199 νεκρου-

332 2217 491 2286 μένην
545 2210 596 2266 δ’
651 2210 758 2273 ἤδη
819 2216 1040 2266 θανάτου
1091 2219 1183 2273 τὴν
1240 2214 1400 2286 ἰσχὺν
1449 2213 1934 2285 εὐαγγελιζομένων·

335 2308 428 2355 καὶ
483 2302 681 2355 πολλῶν
725 2302 887 2355 ἄλλων
929 2299 1134 2376 δωρεῶν
1189 2323 1240 2355 τε
1282 2309 1372 2355 καὶ
1420 2303 1723 2378 εὐεργεσιῶν
1765 2301 1936 2364 ἀξιούο

334 2411 500 2465 μενοι,
537 2389 687 2444 οὐδὲν
737 2395 827 2465 μὲν
858 2394 1050 2444 τούτων
1099 2394 1324 2466 καθορᾴν
1363 2398 1573 2464 γνώμην
1622 2387 1784 2463 εἶχον,
1821 2387 1936 2442 οὐδ’

336 2482 667 2553 ἀμείψασθαι
719 2481 829 2552 (Η)
877 2485 964 2533 τὸν
1019 2481 1306 2554 εὐεργέτην,
1364 2484 1487 2553 πρὸς
1539 2485 1698 2553 μόνην
1749 2476 1806 2532 δὲ
1844 2484 1937 2538 τὴν

338 2573 602 2642 θεομάχον
665 2569 1004 2643 ἐξωτρύνοντο
1052 2570 1315 2641 γλῶσσαν,
1359 2575 1449 2622 καὶ
1498 2579 1596 2622 τῶν
1647 2567 1936 2642 βλεπόντων

333 2664 424 2710 καὶ
486 2658 771 2711 ἀκουόντων
829 2659 1148 2733 ἁρπάζοντες
1207 2663 1264 2711 τό
1333 2659 1555 2732 ἀξίωμα⁸
1614 2664 1703 2711 καὶ
1759 2663 1937 2730 σφίσιν

331 2748 514 2810 αὐτοῖς
565 2750 928 2821 περιτιθέντες,
996 2751 1113 2800 οὔτε
1188 2747 1390 2800 ἀκούειν
1458 2749 1636 2806 ἤθελον
1697 2752 1791 2800 τῶν
1849 2753 1940 2799 Δε-

334 2845 599 2889 σποτικῶν
670 2837 938 2911 ῥημάτων,
1013 2836 1305 2908 σάλπιγγος
1359 2842 1697 2910 γεγωνότερον
1749 2835 1938 2896 αὐτούς

329 2929 464 2994 πρὸς
513 2929 605 2982 τὴν
662 2931 924 3001 σωτηρίαν
971 2925 1416 2998 ἀνακαλουμένων,
1458 2931 1547 2978 καὶ
1590 2924 1802 2984 πολλούς
1841 2933 1937 2976 τῶν

329 3015 486 3069 iam»
525 3019 654 3088 πρὸς
702 3016 864 3074 αὐτὴν
923 3021 1270 3087 συναγόντων,
1315 3021 1403 3067 καὶ
1442 3020 1530 3073 τὴν
1577 3023 1663 3075 τῆς
1697 3015 1939 3075 ἀληθείας
1975 3043 2016 3099 C

329 3104 608 3176 ἐπίγνωσιν
659 3101 1139 3159 ἀναδιδασκόντων.
1194 3109 1328 3157 Οὔτε
1365 3108 1431 3157 τὰ
1478 3105 1565 3156 ὑπ’
1609 3103 1728 3173 ὄψιν
1769 3102 1936 3156 τελού-

328 3213 457 3266 μενα
520 3203 619 3246 τῶν
673 3196 948 3266 θαυμάτων
1003 3193 1210 3266 βλέπειν
1267 3193 1551 3258 ἐϐούλοντο,
1608 3196 1734 3264 πρός
1781 3197 1936 3264 μόνας

331 3280 392 3336 δε
449 3287 537 3343 τάς
595 3279 924 3355 δυσφημίας,
979 3287 1063 3334 καὶ
1116 3286 1200 3334 τόν
1276 3291 1392 3334 νοῦν
1455 3282 1624 3334 αύτῶν
1690 3286 1782 3332 καὶ
1841 3287 1936 3339 τὴν

332 3373 569 3444 γλῶτταν
625 3371 926 3434 ἐξῶπλιζον,
979 3371 1160 3444 Διόπερ
1217 3371 1426 3433 εἰκότως
1482 3371 1658 3432 αὐτοῖς
1716 3373 1779 3422 τά
1835 3391 1935 3442 μυ-

335 3469 532 3536 στήρια
588 3469 683 3523 τῆς
740 3460 1018 3534 βασιλείας
1070 3461 1164 3512 οὐκ
1223 3459 1537 3524 ἐπιστεύετο,
1605 3464 1780 3533 Χωρὶς
1833 3462 1934 3532 γὰρ

329 3559 432 3603 τῶν
490 3550 652 3602 ᾱῦλων
717 3554 806 3602 καὶ
878 3545 1018 3602 διότι
1087 3553 1264 3622 μεῖζον
1331 3550 1508 3610 αὐτοῖς
1563 3555 1726 3623 κρῖμα
1790 3567 1938 3622 περι-

331 3647 463 3698 ῆπτε
513 3638 628 3712 (12)
673 3643 1058 3708 πιστευόμενον.
1109 3638 1255 3709 Ὃσῳ
1307 3642 1406 3712 γὰρ
1461 3640 1524 3689 ἄν
1568 3657 1647 3699 τις
1688 3641 1936 3709 μειζόνων

331 3728 591 3792 ἀξιοῦται,
641 3730 668 3780 ό
714 3726 773 3781 δὲ
803 3731 931 3803 πρὸς
960 3731 1017 3780 τὸ
1044 3735 1224 3800 χεῖρον
1255 3727 1367 3780 ἀντι
1413 3735 1503 3789 τῆς
1534 3726 1618 3780 ἐπὶ
1669 3730 1726 3778 τὸ
1772 3733 1938 3800 κρεῖτ-

327 3838 412 3872 τον
472 3817 760 3890 μεταϐολῆς
814 3817 1068 3885 ἀπονεύει,
1129 3818 1272 3877 οὗτος
1330 3816 1444 3888 (13)
1502 3813 1694 3878 διπλῆς
1756 3817 1938 3887 ἔνοχος

328 3911 703 3981 κατακρίσεως,
762 3916 857 3968 τῆς
913 3926 964 3959 τε
1026 3905 1389 3979 προλαϐούσης
1437 3909 1643 3969 κακίας,
1697 3911 1787 3957 καὶ
1843 3913 1938 3966 τῆς

327 3997 408 4050 ἐπ’
461 3996 682 4059 αὔξησιν
723 3998 1029 4068 μοχθηρίας
1085 3999 1178 4053 τὴν
1230 3995 1522 4068 εὐεργεσίαν
1575 3998 1933 4066 ποιησαμένης

329 4090 709 4161 προαιρέσεως.

401 4181 520 4228 Ὀτι
570 4173 628 4228 δε
671 4180 742 4247 μὴ
790 4173 1212 4249 ἀποκληρωτικόν
1265 4171 1393 4225 εἶναι
1441 4176 1498 4224 τό
1541 4169 1798 4226 δεδόσθαι
1845 4173 1934 4243 μεν

329 4272 442 4326 τοίς
493 4266 754 4336 μαθηταῖς
802 4263 1081 4332 ἐπιγνῶναι
1127 4265 1192 4314 τὰ
1242 4267 1532 4334 μυστήρια,
1589 4269 1698 4321 τοῖς
1739 4257 1797 4312 δε
1836 4266 1932 4332 μὴ,

329 4359 421 4406 καὶ
456 4358 698 4428 πρότερον
741 4355 830 4424 μεν
872 4347 1264 4406 ἀποδέδεικται.
1307 4347 1477 4403 Θύδεν
1523 4347 1582 4402 δε
1621 4351 1773 4408 ἧττον
1806 4369 1935 4421 παρ·
1970 4397 2013 4451 D

333 4448 518 4500 ίστησι
569 4447 658 4494 καὶ
708 4443 734 4492 ό
784 4445 982 4512 Σωτὴρ,
1035 4442 1338 4514 μακαρίζων
1376 4444 1493 4502 τοὺς
1537 4440 1797 4511 μαθητὰς,
1856 4439 1935 4489 ότι

332 4530 611 4604 βλέπουσι,
670 4535 760 4582 καὶ
813 4528 1079 4590 ἀκούοντες
1133 4527 1432 4582 ἀκούουσιν.
1484 4527 1541 4579 Ὀ
1599 4531 1934 4600 μακαρισμός

327 4623 432 4694 γὰρ
464 4621 606 4692 παρά
653 4639 710 4690 γε
756 4627 866 4681 τοῖς
916 4623 1125 4690 Λογίοις
1172 4623 1260 4670 καὶ
1298 4617 1529 4690 μάλιστα
1572 4625 1676 4678 τοῖς
1732 4622 1933 4690 Κυρια-

326 4717 458 4778 κοῖς,
490 4709 586 4761 ούκ
633 4707 864 4779 ἀνάγκης
899 4707 1038 4760 ἐστὶν
1085 4707 1401 4777 εἰσαγούσης
1441 4710 1498 4757 τὸ
1555 4705 1929 4778 ἀπαραίτητον,

325 4803 674 4874 προαιρέσεως
724 4794 782 4850 δὲ
819 4800 1091 4868 γενομένης
1130 4803 1220 4848 τοῦ
1263 4793 1538 4866 βελτίονος·
1588 4817 1614 4843 ‹‹
1666 4796 1931 4866 Μακάριος

323 4892 428 4963 γὰρ
481 4886 630 4963 ἀνὴρ,
671 4886 725 4948 ὃς
767 4885 861 4938 ούκ
900 4887 1148 4958 ἂπορεύθη
1200 4885 1248 4937 ἐν
1289 4883 1451 4958 βουλῇ
1497 4882 1712 4936 ἀσεϐῶν·
1760 4906 1786 4931 ››
1819 4887 1927 4947 καὶ,

400 5093 449 5129 ⁷⁷
473 5091 674 5148 Matth.
706 5107 760 5160 v,
791 5095 820 5146 3
847 5106 1014 5162 seqq.

1367 216 1454 273 AD
1500 213 2036 274 AMPHILOCHIUM
2077 212 2400 284 QUESTIU
2442 209 2686 272 LXXVI.

3598 221 3704 278 474

2054 343 2477 415 ingratumque
2495 341 2766 397 animum
2790 340 3141 397 referebant.
3174 343 3496 400 Veteresilli
3516 347 3705 404 Israe-

2049 430 2160 486 litae
2185 431 2363 486 maris
2394 430 2610 485 ﬂuctus
2637 429 2987 501 transibant,
3026 429 3308 487 columna
3333 447 3510 503 porro
3542 433 3698 504 ignis

2051 525 2107 576 et
2149 519 2322 575 nubis
2361 519 2471 574 iter
2518 518 2658 590 ipsis
2691 519 3029 589 jucundum
3074 520 3416 592 praestabat,
3454 523 3701 594 quando

2049 609 2214 680 prior
2234 607 2478 680 quidem
2506 614 2683 662 noctu
2712 607 2898 663 facem
2929 609 3318 675 accendebat,
3353 615 3408 666 et
3434 611 3594 668 viam
3618 614 3705 669 in-

2050 699 2232 768 gratis
2255 697 2780 768 prtemonstrabat;
2810 697 3106 768 posterior
3134 714 3274 753 vero
3306 697 3581 757 infestam
3606 717 3705 758 so-

2049 785 2120 840 lis
2150 785 2450 841 ﬂammam
2480 785 2664 840 instar
2695 784 2829 841 tecti
2857 785 3130 856 alicujus,
3159 803 3281 858 quo
3314 786 3533 843 domus
3575 806 3704 846 mu-

2049 876 2228 942 nitur,
2244 877 2504 939 arcebat,
2521 879 2698 948 atque
2711 875 2863 932 adeo
2877 875 3146 932 intineris
3159 877 3307 932 diem
3321 877 3532 935 laetitiae
3546 879 3702 936 diem

2048 964 2360 1021 efﬁciebat.
2398 966 2467 1020 At
2505 964 2686 1020 iidem
2725 964 2825 1034 illi,
2863 970 2927 1020 ut
2965 965 3312 1021 summatim
3347 967 3566 1034 dicam,
3620 973 3704 1026 tot

2047 1053 2372 1120 beneﬁciis,
2431 1068 2565 1125 qua:
2619 1068 2863 1108 omnem
2933 1054 3332 1125 eloquentiam
3387 1063 3698 1129 superant,

2050 1142 2328 1207 fruentes,
2352 1141 2754 1213 omnibusque
2785 1142 2918 1198 vitae
2947 1142 3122 1198 bonis
3156 1143 3428 1201 inundati
3449 1149 3521 1202 let
3552 1149 3706 1217 sagi-

2049 1231 2192 1295 nati,
2224 1229 2700 1293 recalcitrabant,
2734 1235 2809 1297 et,
2854 1229 3051 1286 furore
3079 1233 3249 1304 quasi
3275 1234 3538 1304 quodam
3574 1251 3703 1292 cor-

2047 1321 2218 1392 repti,
2251 1320 2309 1374 in
2333 1319 2599 1374 divinum
2630 1322 2861 1374 Numen
2887 1325 3056 1376 erant
3079 1321 3299 1391 injurii,
3328 1322 3532 1390 fidem,
3562 1341 3700 1382 con-

2046 1410 2220 1464 ditori
2247 1425 2348 1464 suo
2383 1408 2814 1480 praastandam,
2856 1425 2994 1464 cum
3035 1409 3385 1466 idololatriae
3423 1412 3703 1470 sordibus

2049 1503 2469 1570 permutantes.
2494 1499 2576 1553 lta
2591 1502 2646 1552 et
2661 1499 2878 1568 posteri
2895 1513 3121 1569 eorum,
3141 1515 3256 1555 non
3281 1501 3478 1556 minus
3497 1502 3702 1559 animo

2047 1603 2228 1660 quam
2261 1586 2550 1642 natalibus
2597 1586 2712 1641 illis
2753 1587 2998 1652 similes,
3042 1593 3357 1660 postquam
3399 1589 3619 1648 similia
3646 1596 3706 1648 et

2048 1677 2252 1732 divina
2282 1675 2563 1730 miracula
2601 1691 2637 1731 a
2680 1680 2821 1731 nato
2864 1675 3163 1732 Salvatore
3215 1682 3420 1734 nostro
3463 1685 3702 1751 patrata

2049 1765 2354 1828 vidissent,
2396 1764 2643 1836 quando
2687 1779 2848 1819 nunc
2887 1765 3126 1835 quidem
3172 1766 3364 1821 morbi
3407 1769 3700 1840 corporis,

2049 1854 2194 1910 alias
2223 1853 2717 1918 immedicabiles,
2763 1854 2946 1909 verbo
2978 1854 3510 1926 propulsabantur,
3542 1873 3703 1914 nunc

2049 1959 2186 1998 vero
2207 1943 2498 2008 homines,
2532 1957 2568 1997 a
2600 1942 2773 1997 noxis
2804 1945 2860 1997 et
2890 1941 3120 1998 insidiis
3150 1943 3464 2000 diabolicis
3491 1945 3702 2004 libera-

2049 2033 2283 2096 bantur,
2308 2046 2467 2086 nunc
2490 2031 2706 2086 animae
2722 2030 2967 2086 vulnera
2981 2031 3252 2088 doctrina
3274 2033 3515 2091 salutari
3529 2051 3703 2093 sana-

2050 2121 2288 2186 bantur,
2330 2135 2487 2175 nunc
2538 2119 2756 2174 mortui
2800 2119 2952 2175 inter
2992 2121 3158 2176 vivos
3199 2123 3699 2191 numerabantur,

2047 2226 2207 2266 nunc
2240 2210 2353 2264 vim
2398 2209 2604 2264 mortis
2648 2208 2775 2279 jam
2809 2207 3096 2265 franctam
3137 2225 3268 2265 esse
3309 2211 3695 2281 docebantur,

2050 2299 2369 2372 multisque
2390 2297 2518 2354 aliis
2540 2297 2715 2353 donis
2737 2301 2794 2352 et
2818 2297 3120 2353 beneﬁciis
3148 2299 3582 2370 mactabantur,
3605 2318 3678 2358 ve

2049 2391 2130 2445 sic
2160 2391 2426 2445 animum
2477 2388 2554 2443 ad
2596 2386 2695 2442 illa
2727 2388 2924 2444 omnia
2955 2389 3282 2453 advertere,
3315 2395 3418 2446 aut
3455 2391 3703 2448 benefa»

2047 2478 2190 2534 ctori
2221 2493 2330 2534 suo
2355 2477 2608 2548 gratiam
2637 2475 2956 2546 rependere
2980 2476 3283 2541 nolebant,
3305 2480 3406 2534 sed
3431 2479 3698 2550 linguam

2050 2568 2264 2639 potius,
2297 2569 2412 2622 Deo
2443 2567 2760 2632 inimicam,
2789 2565 3105 2622 acuebant.
3133 2571 3256 2622 lmo
3287 2567 3617 2624 videntium
3643 2572 3701 2625 et

2047 2657 2418 2712 audientium
2452 2655 2712 2726 elogium
2747 2671 2846 2726 per
2875 2655 3148 2728 rapinam
3181 2655 3294 2712 sibi
3324 2657 3466 2728 ipsis
3511 2657 3700 2714 vindi-

2047 2750 2269 2809 cantes,
2289 2760 2477 2816 neque
2495 2743 2730 2800 Domini
2750 2744 2951 2809 verba,
2982 2761 3118 2816 quae
3135 2760 3272 2808 eos,
3297 2745 3554 2802 buccina
3578 2746 3701 2804 cla-

2046 2835 2187 2901 rius,
2217 2834 2292 2889 ad
2323 2833 2573 2889 salutem
2602 2833 2912 2897 vocabant,
2948 2834 3166 2889 multos
3198 2850 3337 2889 vero
3368 2849 3441 2890 ex
3472 2835 3700 2904 gentili-

2045 2923 2160 2977 bus
2182 2923 2257 2978 ad
2277 2938 2408 2977 eam
2433 2921 2860 2992 perducebant,
2886 2921 3270 2993 veritatisque
3291 2923 3698 2994 cognitionem

2047 3011 2435 3078 instillabant,
2475 3009 2700 3075 audire,
2731 3025 2921 3080 neque
2954 3011 3268 3076 miracula,
3298 3027 3434 3083 quae
3465 3012 3525 3067 in
3555 3029 3700 3070 ocu-

2047 3101 2136 3156 los
2169 3099 2572 3168 incurrebant,
2604 3098 2805 3154 vidcre
2861 3099 3204 3170 cupiebant,
3251 3100 3354 3155 sed
3393 3101 3588 3172 potius
3619 3101 3698 3158 ad

2045 3190 2316 3245 convicia
2334 3193 2562 3244 tantum
2586 3192 2644 3243 et
2665 3193 2917 3244 mentem
2941 3203 3112 3244 suam
3135 3193 3190 3244 et
3209 3187 3480 3258 linguam
3503 3205 3698 3248 arma-

2044 3279 2207 3334 bant.
2246 3281 2374 3333 Haec
2414 3293 2597 3333 causa
2643 3281 2786 3344 erat,
2835 3292 2940 3332 cur
2970 3277 3258 3348 mysteria
3301 3278 3462 3348 regni
3507 3279 3698 3336 divini

2045 3368 2160 3423 illis
2200 3383 2320 3422 non
2347 3367 2744 3423 crederentur.
2780 3369 2948 3432 Nam,
2985 3372 3047 3420 ut.
3092 3365 3211 3422 alia
3240 3366 3540 3432 omittam,
3573 3384 3696 3424 ma-

2040 3457 2154 3527 jori
2195 3455 2427 3512 crimini
2463 3455 2643 3511 futuri
2682 3459 2849 3510 erant
2906 3454 3172 3521 obnoxii,
3214 3455 3261 3510 si
3301 3472 3371 3512 ea
3410 3456 3523 3512 illis
3561 3473 3699 3514 com

2047 3547 2229 3601 missa
2259 3544 2667 3609 fuissent.Quo
2686 3543 2820 3616 quis
2850 3543 3008 3599 enim
3035 3544 3364 3615 majoribus
3395 3545 3698 3602 beneﬁciis

2045 3635 2402 3701 cumulatur,
2435 3634 2535 3705 qui
2566 3638 2765 3689 tamen
2805 3634 2974 3706 pejor
3005 3633 3223 3704 potius,
3257 3650 3442 3706 quam
3488 3635 3702 3692 melior

2046 3725 2293 3782 evadere
2307 3724 2497 3794 gestit,
2515 3724 2628 3778 hoc
2650 3721 2842 3792 magis
2863 3721 3088 3795 duplici
3111 3723 3702 3782 condemnationiest

2045 3813 2358 3871 obnoxius:
2389 3813 2527 3868 hinc
2558 3813 2638 3867 ob
2665 3811 2948 3867 malitiam
2981 3816 3416 3883 antegressam,
3451 3814 3588 3869 hinc
3619 3813 3700 3870 ob

2046 3905 2315 3960 animum
2332 3901 3194 3974 pessimum,quandoquidem
3217 3900 3349 3972 ipsa
3366 3901 3702 3960 beneficen-

2047 3993 2127 4049 tia
2152 3991 2230 4048 ad
2257 3992 2691 4048 incrementum
2723 3989 3025 4062 pravitatis
3055 3989 3341 4045 abutitur.

2117 4173 2242 4225 Non
2270 4183 2411 4223 vero
2443 4167 2564 4222 fato
2594 4167 2763 4239 quasi
2790 4165 3057 4238 quodam
3091 4164 3402 4230 accidisse,
3437 4173 3500 4222 ut
3526 4167 3702 4223 disci-

2044 4257 2199 4331 pulis
2231 4256 2478 4313 facultas
2527 4256 2768 4312 daretur
2793 4255 3196 4326 cognoscendi
3228 4256 3536 4326 mysteria,
3570 4254 3701 4311 aliis

2044 4363 2184 4403 vero
2215 4362 2336 4402 non
2385 4347 2546 4407 item.
2597 4346 2724 4415 jam
2778 4350 2914 4400 ante
2943 4361 2979 4399 a
3027 4343 3198 4400 nobis
3228 4349 3315 4399 est
3365 4349 3693 4400 ostensum.

2047 4437 2204 4490 Idem
2231 4451 2372 4490 vero
2395 4451 2514 4490 non
2545 4436 2741 4490 minus
2768 4434 3034 4491 Salvator
3056 4433 3292 4497 indicat,
3319 4434 3521 4490 beatos
3551 4448 3703 4506 ρεαδς

2043 4525 2253 4582 dicans
2300 4524 2641 4596 discipulos,
2677 4523 2842 4595 quod
2869 4522 3137 4578 videntes
3169 4522 3428 4585 videant,
3481 4527 3538 4579 et
3588 4539 3702 4580 au-

2041 4616 2268 4671 dientes
2290 4613 2550 4670 audiant.
2585 4613 2837 4678 Quando
2858 4613 3018 4668 enim
3051 4612 3111 4668 in
3141 4611 3455 4685 Scripturaa
3482 4627 3690 4683 sacrae,

2043 4703 2476 4776 speciatimque
2521 4703 2752 4758 Domini
2800 4701 3005 4765 nostri,
3037 4700 3214 4756 dictis
3243 4700 3457 4757 beatus
3485 4701 3701 4774 aliquis

2043 4793 2395 4865 praedicatur
2434 4793 2504 4858 ⁷⁷,
2538 4791 2598 4846 id
2653 4790 2900 4863 quidem
2947 4805 3068 4845 non
3122 4789 3314 4854 infert,
3356 4805 3483 4846 rem
3532 4789 3703 4848 aliter

2041 4881 2167 4937 ﬁeri
2198 4896 2318 4937 non
2369 4880 2645 4952 potuisse,
2697 4879 2804 4934 sed
2835 4877 3232 4935 voluntariam
3282 4876 3558 4936 meliores
3590 4877 3704 4936 ele-

1907 5191 2132 5250 ΝΟΤᾹΞ.

547 5355 711 5430 Cplb.
755 5371 865 5430 pro
899 5353 1230 5430 βιασμάτων.

554 5428 647 5484 Sic
677 5423 874 5485 scribo
899 5423 1387 5502 ’βπ-θ’ἀμιίνασθαι,
1430 5423 1545 5481 nisi
1586 5423 1758 5482 malis
1785 5423 1934 5498 ἀμεί-

397 5357 514 5500 liii

326 5501 537 5559 ϐεσθαι.

2115 5353 2228 5422 (l2)
2253 5351 2412 5407 Idem
2434 5367 2544 5424 pro
2578 5355 2798 5406 πίπτειν.

2115 5425 2228 5496 (13)
2253 5424 2415 5480 Idem
2450 5439 2558 5496 pro
2589 5424 2771 5487 οὕτως.
