4140 6198
402 259 504 317 475
1632 234 1873 311 PHOTIl
1912 252 2037 309 PA'I

2136 247 2395 309 ARCHE
2434 250 2542 310 ΟΡ.
2906 264 2909 265 ⁷
3668 252 3771 312 476

404 386 660 442 ctionem
707 382 948 437 indicat.
982 384 1063 437 lta
1093 402 1119 432 «
1150 381 1360 437 beatus
1385 380 1597 436 dicitur
1654 382 1752 447 vir,
1800 381 1901 453 qui
1933 395 2039 435 nor

2165 400 2192 430 «
2234 381 2504 451 Μακάριος
2561 376 2688 451 ἀνὴρ
2739 377 2869 447 (14),
2924 376 2978 438 ὃς
3031 376 3270 449 οἰκτείρει
3321 376 3506 448 ψυχὰς
3567 388 3767 436 κτηνῶν

404 473 674 531 ambulat
701 473 756 527 in
810 471 1063 526 consilio
1116 471 1439 542 impiorum
1485 472 1568 535 78;
1626 490 1653 519 »
1683 476 1738 526 et
1788 472 2039 525 «Beatus

2164 473 2339 520 αὑτοῦ.
2400 489 2427 516 ››
2477 467 2534 519 Ὀ
2576 464 2635 519 δὲ
2687 471 2863 541 Σωτὴρ
2905 471 2993 518 καὶ
3047 470 3182 518 κατά
3228 472 3500 539 συνέχειαν
3550 469 3771 529 πολλοὺς

406 564 514 627 vir,
546 562 647 634 qui
704 561 1019 616 miseratur
1050 562 1232 615 vitam
1269 560 1521 631 jumenti
1576 560 1690 615 sui.
1726 580 1753 610 »
1796 558 2041 626 Quandc

2163 561 2526 631 μακαρισμοὺς
2572 558 2842 608 συνάπτων
2880 552 3068 608 οὐδένα
3114 558 3328 622 τούτων,
3393 555 3468 628 ἐφ’
3513 558 3581 607 ὧν
3633 556 3770 609 ἀπο-

400 667 574 723 porro
608 649 871 705 Salvator
897 654 1098 704 uoster
1128 647 1347 703 multas
1371 663 1492 703 una
1523 648 1671 703 serie
1688 647 2035 702 benedictio

2162 647 2420 720 κληρωσις
2467 649 2579 717 ἔχει
2632 650 2723 704 τὴν
2778 649 2959 716 ἰσχὺν,
3008 644 3272 716 ἀπονέμει,
3326 645 3392 705 εἰς
3433 645 3662 709 ἐκείνους
3711 643 3770 699 δε

400 756 503 796 nes
532 737 721 806 affert,
755 736 974 792 nullam
1033 753 1241 792 earum
1269 736 1357 801 iis,
1392 736 1449 791 in
1497 736 1719 809 quibus
1749 736 2035 791 distinctic

2166 738 2374 805 συνάγει
2457 737 2670 802 πάντας,
2754 735 2820 784 ὧν
2892 733 3044 808 ἀρετὴ
3125 738 3325 807 καρπὸς
3381 736 3613 809 ὑπάρχει
3680 740 3770 787 καὶ

401 828 667 901 quaedam
689 826 819 881 loco
841 825 1059 881 habere
1082 830 1325 896 poterat,
1359 825 1711 897 impertitur,
1745 825 1846 879 sed
1873 825 1925 878 in
1951 840 2036 879 eos

2161 831 2411 898 γεώργιον
2467 832 2560 884 τῆς
2616 826 2984 895 προαιρέσεως.
3038 822 3241 875 Οὐκοῦν
3290 827 3407 876 οὔτε
3448 832 3553 884 τοῖς
3599 826 3770 896 μαθη-

402 931 610 972 omnes
640 914 885 977 confert,
904 930 1161 986 quorum
1184 913 1370 968 virtus
1396 915 1565 969 bonas
1588 914 1801 969 mentis
1822 914 2037 969 fructus

2164 920 2273 973 ταῖς
2312 912 2427 963 κατ’
2482 911 2848 983 ἀποκλήρωσιν
2898 908 3109 964 ἐδέδοτο
3159 914 3224 963 τὰ
3267 916 3534 984 μυστήρια
3576 922 3772 983 γνῶναι

400 1011 456 1062 et
484 1020 651 1075 seges
698 1007 840 1059 erat.
895 1004 1097 1073 Itaque
1130 1018 1238 1057 nec
1292 1002 1603 1074 discipulis
1664 1019 1770 1075 per
1829 1008 2035 1058 sortetx

2164 1010 2255 1061 τῆς
2316 999 2584 1072 βασιλείας
2638 1007 2730 1052 τοῦ
2784 1008 2941 1064 Θεοῦ,
2994 1004 3109 1052 οὔτε
3177 1008 3286 1061 τοῖς
3344 999 3613 1073 ἀγνῶμοσι
3671 1011 3770 1053 τῶν

400 1093 731 1167 quamdam
752 1092 985 1147 fatalem
1017 1090 1267 1146 facultas
1287 1092 1440 1146 facta
1462 1097 1545 1146 est
1571 1092 1857 1163 mysteria
1890 1107 2029 1162 regu

2164 1087 2436 1144 Ἰουδαίων
2490 1093 2681 1142 τούτων
2818 1092 3023 1161 ἄγνοια,
3067 1089 3174 1141 ἀλλ’
3210 1090 3290 1142 ὃτι
3333 1090 3555 1162 τυφλούς
3587 1111 3641 1143 τε
3680 1097 3771 1143 καὶ

402 1183 502 1238 Dei
531 1181 951 1253 cognoscendi,
986 1196 1171 1251 neque
1198 1180 1487 1251 improbis
1518 1181 1860 1236 .ludaaorum
1884 1181 2037 1250 igno-

2164 1184 2363 1252 κωφοὺς
2420 1179 2612 1239 ἑκόντες
2662 1178 2922 1251 ἀπέφηναν
2983 1178 3217 1243 ἑαυτοὺς,
3275 1182 3469 1231 τούτων
3528 1178 3773 1242 ἀναξίους

402 1272 549 1328 ratio
579 1271 816 1325 illorum
848 1270 1121 1338 irrogata.
1151 1269 1274 1323 lmo
1301 1284 1438 1324 vero
1464 1270 1619 1336 ideo,
1651 1269 1815 1342 quod
1845 1274 2037 1340 sponte

2166 1272 2195 1327 ἠ
2246 1271 2356 1321 θεία
2406 1274 2493 1319 καὶ
2542 1264 2833 1329 ἀδέκαστος
2862 1272 3039 1342 κρίσις
3089 1264 3374 1338 διήλεγξεν.
3410 1275 3524 1328 Πῶς
3555 1265 3641 1320 οὖν
3672 1278 3773 1321 τῶν

403 1377 513 1416 sua
553 1376 613 1415 se
645 1374 832 1415 (ηεροδ
866 1364 919 1412 et
951 1363 1147 1412 mutos
1175 1357 1512 1424 effecerant,
1556 1360 1813 1414 divinum
1848 1365 1902 1413 et
1936 1358 2032 1414 fall

2166 1361 2411 1431 μαθητῶν
2451 1359 2476 1408 0
2506 1358 2841 1429 ἡγαπημένος
2871 1361 2927 1409 τὸ
2959 1364 3055 1418 τῆς
3106 1356 3361 1427 θεολογίας
3398 1361 3611 1429 ὄργανον
3650 1357 3771 1429 (15)

398 1449 673 1506 nescium
701 1447 993 1518 judicium
1018 1447 1420 1515 illisindignos
1436 1463 1537 1503 eos
1554 1464 1681 1503 esse
1706 1449 2032 1520 pronuntia

2166 1448 2316 1517 λέγει·
2377 1469 2403 1495 ‹‹
2452 1445 2772 1517 Τετύφλωκεν
2822 1446 2989 1497 αὐτῶν
3042 1450 3164 1507 τοὺς
3212 1445 3508 1517 ὀφθαλμοὺς
3544 1450 3633 1497 καὶ
3686 1463 3777 1496 πε-

400 1540 505 1593 vit.
548 1539 676 1603 Quo
706 1552 843 1591 vero
870 1552 1042 1590 sensu
1073 1536 1143 1589 is.
1174 1552 1352 1607 quem
1388 1536 1672 1591 Dominus
1700 1554 1765 1591 ex
1796 1538 2030 1608 discipu

2167 1540 2408 1606 πωρωκεν
2463 1534 2629 1585 αὐτῶν
2678 1538 2771 1592 τὴν
2827 1531 3071 1606 καρδίαν,
3120 1554 3147 1585 ι)
3203 1531 3353 1586 οὐδὲν
3394 1537 3540 1607 ἔργον
3590 1532 3643 1585 ἐκ
3673 1543 3774 1584 τῶν

403 1628 470 1683 lis
497 1626 788 1697 imprimis
819 1624 1081 1687 amabat,
1118 1640 1407 1693 maguum
1441 1624 1584 1679 illud
1614 1626 1929 1695 theologia:
1973 1626 2038 1680 in

2169 1624 2442 1697 εἰρημένων
2500 1619 2608 1681 ἢδη
2663 1628 2909 1676 συνιέναι.
2955 1623 3015 1675 Εἰ
3067 1627 3156 1693 μὲν
3203 1626 3301 1697 γὰρ
3354 1627 3426 1694 μὴ
3475 1621 3641 1674 ἐκάλει
3680 1630 3777 1674 τοῦ

404 1720 826 1780 strumentum,
859 1714 1038 1768 dicit:
1077 1734 1099 1762 «
1138 1713 1461 1767 Excaecavit
1487 1713 1696 1768 oculos
1731 1730 1953 1779 eorum,
2003 1731 2032 1770 e

2168 1712 2323 1783 λόγου
2377 1715 2463 1763 τὸν
2516 1711 2735 1763 Ἠσαίαν
2783 1715 3042 1785 μάρτυρα,
3089 1713 3118 1771 ἦ
3161 1716 3273 1781 (16)
3321 1710 3392 1783 ἐφ’
3436 1711 3607 1786 ἑτέρου
3651 1713 3777 1763 θεω-

403 1803 723 1860 obduravit
753 1819 853 1857 cor
884 1817 1090 1856 eorum
1116 1803 1164 1835 ⁷9
1196 1818 1209 1867 ;
1242 1822 1267 1851 ›)
1288 1800 1454 1855 facile
1481 1817 1550 1855 ex
1584 1802 1755 1856 dictis
1778 1802 2038 1857 aestimar

2170 1806 2403 1873 ρὴματος
2453 1808 2647 1871 προῆγε
2699 1802 2792 1861 τὰς
2841 1802 2997 1861 αὑτὰς
3047 1802 3231 1871 φωνὰς,
3275 1798 3498 1871 ἀπορίας
3541 1798 3600 1849 ἆν
3638 1819 3777 1860 τινος

402 1898 617 1964 potest.
657 1892 710 1947 Si
744 1892 901 1945 enim
925 1890 1138 1945 Isaiam
1154 1892 1470 1945 verborum
1501 1896 1704 1945 testem
1725 1907 1843 1945 non
1873 1890 2037 1947 advo-

2173 1886 2410 1962 ὑπῆρχεν
2464 1886 2694 1959 ἀφορμὴ,
2754 1893 2843 1939 καὶ
2904 1888 3126 1948 ζήτησις
3173 1891 3317 1961 παρά
3364 1890 3458 1949 τὰς
3506 1887 3776 1961 εἰρημένας

403 1984 613 2041 casset,
647 1978 985 2034 autdictum
1013 1979 1142 2047 ejus
1174 1978 1245 2033 ad
1281 1978 1443 2033 aliud
1476 1985 1899 2049 argumentum
1932 1996 2038 2051 pro

2174 1977 2334 2038 ἀλλης
2385 1976 2683 2036 ἐπιλύσεως.
2735 1976 2875 2029 Ἐπεὶ
2924 1973 2983 2028 δὲ
3028 1972 3120 2027 διὰ
3166 1985 3263 2027 τῶν
3311 1985 3643 2050 προφητικῶν
3682 1982 3776 2029 καὶ

404 2070 675 2127 bandum
691 2067 999 2131 attulisset,
1019 2067 1328 2123 dubitandi
1350 2067 1598 2122 fortasse
1615 2076 1956 2124 nasceretur
1971 2085 2039 2124 oc

2175 2073 2341 2118 ταῦτα
2390 2068 2675 2139 προάγεται
2720 2064 2904 2135 λόγων,
2948 2063 3000 2127 ἐξ
3046 2066 3112 2115 ὧν
3157 2067 3455 2137 σαφεστάτη
3492 2070 3580 2117 καὶ
3620 2062 3775 2117 οὐδὲν

405 2160 588 2229 casio,
620 2157 993 2229 quaestioque
1021 2156 1145 2211 haec
1171 2157 1313 2224 alia,
1344 2161 1560 2227 praeter
1575 2156 1766 2212 dictas
1800 2157 1951 2223 illas,
1976 2175 2040 2213 ra

2176 2156 2368 2229 ἄπορον
2424 2154 2742 2226 ἐπιφέρουσα
2798 2152 3074 2225 ἐξέλαμψεν
3128 2155 3157 2211 ἠ
3230 2150 3457 2223 διάνοια,
3527 2160 3617 2206 καὶ
3674 2160 3781 2225 μὴν

402 2251 561 2305 tione
592 2252 748 2303 esset
774 2246 1129 2301 dirimenda.
1157 2245 1456 2311 Quoniam
1488 2262 1629 2301 vero
1655 2246 1835 2301 etiam
1870 2247 1968 2302 illa
1999 2263 2028 2301 e

2175 2249 2260 2295 καὶ
2316 2254 2415 2295 τῶν
2469 2244 2631 2295 ἄλλων
2690 2243 3090 2314 εὖαγγελιστῶν,
3137 2244 3257 2295 ὅσον
3312 2240 3373 2301 ἧν
3421 2242 3785 2315 ἀμφισϐητού-

403 2338 704 2410 prophetas
725 2336 918 2390 verbis
936 2334 1284 2398 afferuntur,
1312 2350 1572 2404 quorum
1598 2350 1809 2389 sensus
1838 2336 2038 2407 perspi

2176 2352 2344 2404 μενον,
2388 2330 2646 2405 διεκρίθη·
2702 2329 2881 2397 δῆλον,
2933 2332 3013 2383 ὃτι
3066 2328 3468 2406 προδιαλὲλυται
3520 2337 3609 2383 καὶ
3654 2335 3780 2406 ὅπερ

405 2443 555 2482 cuus
587 2432 695 2491 est,
726 2424 991 2495 nihilque
1006 2422 1373 2477 difficultatis
1396 2424 1673 2487 continet,
1701 2423 1801 2477 illa
1824 2440 2040 2495 quoqm

2178 2421 2373 2491 ἔμελλεν
2434 2420 2516 2472 ἐπὶ
2556 2430 2653 2473 τῶν
2691 2421 2937 2494 ῥημάτων
2974 2428 3167 2472 τοῦτων
3208 2417 3242 2471 δ
3249 2423 3605 2493 ιαπορεῖσθαε.
3664 2424 3784 2473 ἴσον

406 2521 754 2571 casterorum
806 2512 1263 2579 evangelistarm
1294 2528 1328 2567 a
1358 2511 1554 2565 dubiis
1594 2512 1876 2566 omnibus
1923 2512 2041 2567 libe

2176 2513 2276 2581 γάρ
2322 2512 2455 2581 (17).
2501 2509 2559 2561 Ὀ
2607 2518 2811 2583 πρῶτος
2864 2508 3292 2580 ἀναγραψάμενος
3329 2511 3423 2570 τὰς
3462 2513 3787 2571 Δεσποτικὰς

407 2609 538 2659 rata
562 2604 743 2657 modo
763 2606 903 2655 sunt
927 2620 938 2667 ;
960 2604 1124 2671 patet
1144 2600 1363 2671 utique,
1385 2600 1584 2665 etiam,
1604 2600 1750 2655 illud
1767 2600 1891 2671 jam
1910 2602 2039 2655 solu

2177 2600 2387 2671 πράξεις
2460 2594 2799 2650 ἐκδιδάσκειν
2886 2594 3105 2649 δύναται
3157 2601 3236 2663 τὸ,
3302 2598 3615 2669 τετύφλωκεν
3692 2605 3787 2651 καὶ

407 2698 533 2748 tum
556 2708 702 2756 esse,
733 2689 889 2762 quod
911 2705 982 2745 ex
1000 2689 1089 2744 his
1109 2689 1305 2744 verbis
1325 2690 1675 2761 scrupulum
1707 2690 1945 2762 injicere
1965 2706 2041 2760 po

2176 2692 2504 2758 πεπώρωκεν·
2555 2691 2644 2738 καὶ
2696 2690 2773 2738 τὸ·
2838 2706 2865 2737 ‹‹
2906 2688 3000 2737 Διά
3040 2694 3190 2738 τοῦτο
3233 2685 3281 2737 ἐν
3320 2686 3640 2759 παραϐολαῖς
3683 2688 3787 2739 αὗ-

408 2786 591 2837 terat:
626 2779 842 2834 similia
864 2779 1021 2833 enim
1056 2782 1193 2832 sunt
1220 2776 1331 2832 sibi
1363 2778 1635 2832 invicem.
1670 2777 1787 2843 Ille,
1828 2778 1928 2849 qui
1958 2779 2042 2848 pri

2177 2783 2287 2835 τοίς
2331 2775 2489 2843 λαλῶ,
2522 2776 2602 2827 ὃτι
2647 2774 2915 2847 βλέποντες
2954 2776 3012 2827 οὗ
3070 2774 3345 2847 βλέπουσι,
3388 2780 3474 2827 καὶ
3518 2776 3790 2838 ἀκούοντες

408 2886 543 2925 mus
563 2867 795 2924 Domini
812 2867 992 2922 nostri
1012 2871 1181 2938 gesta
1194 2866 1507 2938 descripsit
1526 2867 1820 2937 explicare
1847 2866 2043 2937 optimi

1019 2866 1820 2938 gestadescripsitexplicare
1847 2866 2065 2937 optime
2182 2865 2274 2915 οὐκ
2302 2863 2596 2917 ἀκούουσιν.
2628 2884 2654 2914 ››

408 2962 620 3030 potest,
648 2955 956 3028 quomodo
988 2954 1226 3023 intelligi
1272 2954 1491 3009 debeat
1534 2955 1697 3017 illud,
1748 2956 2069 3011 obcaecavit
2097 2961 2151 3011 et
2176 2952 2529 3019 obduravit;
2563 2952 2821 3025 itemque
2852 2952 3016 3017 illud,
3056 2974 3077 3002 ι
3114 2954 3433 3025 PrOpterea
3462 2969 3568 3025 per
3607 2969 3789 3026 para-

406 3046 577 3102 bolas
608 3046 719 3101 illis
744 3045 973 3116 loquor,
1005 3044 1148 3116 quia
1180 3043 1442 3099 videntes
1465 3058 1586 3098 non
1615 3044 1830 3107 vident,
1864 3048 1921 3098 et
1951 3043 2261 3099 audientes
2296 3056 2413 3096 non
2443 3040 2716 3096 audiunt.
2746 3060 2773 3092 »

481 3135 537 3191 Si
567 3135 703 3207 quis
737 3151 871 3189 vero
899 3134 996 3188 illa
1044 3133 1242 3201 verba,
1295 3133 1609 3188 obcwcavit
1643 3137 1698 3186 et
1729 3132 2061 3197 obduravit,
2109 3141 2116 3179 ε

2247 3129 2308 3183 Εἰ
2363 3126 2423 3181 δέ
2484 3148 2562 3190 τις
2642 3132 2718 3193 τὸ,
2780 3128 3094 3201 τετύφλωκεν
3164 3134 3253 3181 καὶ
3320 3134 3647 3204 πεπώρωκεν,
3723 3130 3784 3182 οὗ

408 3237 531 3279 non
560 3228 683 3279 tam
716 3238 819 3294 pro
852 3222 1107 3293 peccatis
1128 3238 1259 3293 qua:
1287 3220 1727 3284 antecesserint,
1753 3236 1932 3291 quam
1958 3237 2043 3292 ρι’(

2174 3222 2541 3292 προηγούμενα
2609 3220 2771 3278 πάθη,
2842 3217 2947 3269 ἀλλ’
3019 3217 3227 3281 ἐκείνοις
3301 3220 3521 3290 ἑπόμενα
3586 3218 3783 3291 μᾶλλον

410 3312 628 3368 talibus
650 3328 781 3383 quae
813 3312 1088 3366 eaiustar
1118 3310 1409 3365 mercedis
1436 3310 1791 3381 promeritae,
1827 3310 1945 3366 sint
1978 3327 2040 3364 se

2177 3310 2284 3366 θείη
2364 3309 2468 3359 οἷόν
2530 3327 2646 3359 τινα
2722 3306 3055 3379 ἀντιμισθίαν
3114 3318 3211 3360 τῶν
3265 3309 3572 3380 φθασάντων
3632 3312 3780 3360 ὄντα·

412 3406 569 3463 cuta,
600 3401 823 3455 habere
863 3399 1139 3455 maluerit
1170 3416 1183 3465 ;
1215 3415 1323 3454 nec
1354 3398 1448 3453 ille
1480 3416 1515 3453 a
1540 3414 1723 3469 scopo
1752 3399 2047 3453 aberrave'

2176 3394 2289 3449 οὐδ’
2318 3394 2463 3457 οὗτος
2502 3399 2562 3448 οἶν
2603 3399 2677 3453 εἴη
2714 3404 2911 3447 σκοποῦ
2944 3394 3331 3471 διαμαρτάνων,
3372 3393 3446 3448 δι’
3486 3393 3543 3448 οὗ
3585 3398 3780 3471 φέροιτ’

410 3490 513 3555 rit;
546 3505 652 3561 per
680 3505 861 3560 quem
889 3504 1009 3543 non
1040 3488 1215 3555 longe
1237 3504 1273 3542 a
1302 3488 1545 3541 veritate
1565 3487 1737 3541 absit.
1775 3488 2045 3552 Quoniau

2176 3487 2235 3537 ἄν
2284 3486 2342 3537 οὗ
2392 3484 2565 3559 πόρρω
2621 3492 2707 3546 τῆς
2766 3484 3028 3546 ἀληθείας.
3082 3487 3222 3537 Ἐπεὶ
3272 3488 3375 3559 γὰρ
3417 3484 3613 3547 ἑκόντες
3656 3488 3779 3557 ἔμυο

410 3578 569 3634 enim
599 3578 677 3632 illi
711 3582 915 3649 Sponte
945 3593 1054 3632 sua
1086 3576 1291 3631 oculos
1314 3576 1674 3641 clauserant,
1699 3582 1753 3630 et
1775 3592 1949 3630 aures
1973 3592 2041 3630 co

2178 3594 2272 3626 σαν
2324 3578 2444 3635 τοὺς
2505 3573 2797 3645 ὀφθαλμοὺς
2854 3580 2939 3625 καὶ
2993 3576 3057 3626 τὰ
3100 3574 3207 3626 ὧτα
3257 3579 3536 3645 συνέσχον,
3581 3577 3782 3626 τούτων

410 3666 746 3731 hibuerant,
777 3666 1007 3720 caecitas
1039 3670 1095 3719 et
1135 3664 1393 3719 surditas
1430 3664 1636 3718 merito
1667 3664 1851 3719 instar
1877 3680 2045 3736 pcena

2174 3667 2619 3737 προηγησαμένων
2686 3671 2784 3714 τῶν
2860 3665 3035 3715 παθῶν
3112 3667 3261 3721 ποινὴ
3334 3668 3536 3734 γέγονεν
3605 3664 3785 3723 αὐτοῖς

412 3755 888 3811 antecedentium
917 3754 1193 3809 vitiorum
1218 3758 1609 3824 spontaneam
1634 3754 1816 3808 animi
1848 3754 2047 3824 impro

2176 3752 2646 3809 ἐπακολουθήσασα
2683 3760 2744 3823 τῇ
2802 3751 3131 3810 ἐκουσιότητι
3178 3761 3269 3813 τῆς
3317 3754 3598 3825 μοχθηρᾶς
3649 3759 3784 3823 γνώ-

412 3846 658 3901 bitatem
712 3842 1054 3913 excipiebat.
1106 3843 1231 3896 Huc
1279 3842 1429 3896 inter
1472 3846 1682 3897 caetera
1733 3843 2041 3913 pertineha

2175 3860 2278 3911 μης
2324 3842 2353 3897 ἠ
2410 3840 2671 3913 τύφλωσις
2726 3846 2815 3893 καὶ
2863 3843 2892 3899 ἡ
2952 3846 3213 3913 κώφωσις,
3268 3839 3334 3892 ὧν
3369 3840 3417 3892 ἓν
3454 3845 3529 3898 εἰη
3579 3846 3668 3893 καὶ
3720 3847 3780 3894 τὸ

412 3934 582 3999 illud,
610 3932 774 4005 quod
801 3949 907 3987 nec
935 3932 1214 3989 facultate
1264 3931 1546 4001 mysteria
1589 3931 1756 4000 regni
1809 3932 2047 3986 caelesti:

2174 3934 2244 4001 μὴ
2290 3926 2549 3982 δεδόσθαι
2598 3930 2773 3990 αὐτοῖς
2807 3934 2871 3981 τά
2915 3935 3186 4003 μυστήρια
3214 3938 3311 3991 τῆς
3341 3928 3612 4002 βασιλείας
3642 3939 3780 4000 γνῶ-

413 4021 815 4093 cognoscendi
832 4022 1294 4076 instruebantur.
1320 4024 1494 4075 Porro
1513 4020 1695 4092 paulo
1714 4024 1850 4075 ante
1866 4022 2048 4074 Jesuu

2174 4038 2275 4071 ναι.
2329 4018 2481 4071 Ἐστι
2529 4016 2586 4070 δὲ
2624 4024 2713 4070 καὶ
2751 4022 2850 4091 πρὸ
2892 4017 3138 4093 βραχέως
3182 4018 3403 4071 ἀκοῦσαι
3435 4018 3649 4089 λέγοντα
3692 4023 3779 4071 τόν

415 4112 722 4177 audimus,
760 4116 933 4181 prout
965 4111 1122 4165 idem
1160 4110 1313 4164 ﬁlius
1347 4110 1672 4164 tonitruum
1726 4109 1948 4176 scribit,
1980 4108 2050 4163 dit

2178 4107 2400 4172 Ἰησοῦν,
2453 4111 2521 4169 ὡς
2551 4108 2701 4168 αὐτὸς
2732 4110 2755 4159 0
2787 4116 2875 4168 τῆς
2907 4107 3129 4181 βροντῆς
3168 4108 3391 4180 ἔγραψεν
3430 4111 3559 4169 υίὸς⁴
3601 4128 3629 4159 ‹‹
3659 4107 3780 4161 Ἐτι

415 4206 683 4259 centem:
723 4224 741 4249 ι
767 4199 1058 4271 Exiguum
1102 4198 1295 4254 adhuc
1334 4203 1566 4269 tempus
1607 4197 1709 4253 lux
1754 4197 2050 4253 vobiscum:

2174 4200 2359 4269 μικρὸν
2406 4202 2596 4271 χρόνον
2646 4201 2702 4247 τό
2752 4206 2855 4268 φῶς
2904 4196 3015 4268 μεθ’
3066 4199 3205 4268 ὑμῶν
3258 4196 3389 4249 ἔστι·
3424 4206 3777 4271 περιπατεῖτε,

415 4296 501 4347 est
524 4306 537 4357 ;
562 4289 865 4346 ambulate
882 4288 1083 4359 quoad
1102 4288 1293 4342 lucem
1316 4287 1562 4352 habetis,
1588 4304 1661 4342 ne
1680 4286 1936 4341 tenebrm
1959 4302 2050 4341 vos

2175 4293 2267 4347 ἕως
2296 4289 2352 4337 τό
2381 4294 2481 4357 φῶς
2510 4288 2675 4357 ἔχετε,
2710 4284 2793 4337 ἳνα
2824 4290 2894 4358 μὴ
2936 4289 2994 4337 τὸ
3029 4290 3213 4347 σκότος
3240 4287 3371 4358 ὑμᾶς
3411 4285 3710 4359 καταλάϐη’
3750 4307 3776 4339 ι)

415 4377 871 4452 apprehendant
896 4393 908 4443 ;
934 4381 1050 4442 »et,
1078 4396 1100 4427 ‹‹
1128 4376 1236 4441 Qui
1263 4376 1321 4430 in
1341 4376 1603 4431 tenebris
1624 4375 1913 4445 ambulat,
1944 4390 2050 4430 non

2174 4380 2283 4441 καὶ,
2343 4393 2370 4425 (ι
2424 4373 2482 4426 '0
2540 4384 2835 4445 περιπατῶν
2893 4373 2940 4425 ἐν
2998 4382 3058 4446 τῇ
3118 4380 3304 4446 σκοτίᾳ
3356 4374 3449 4426 οὐκ
3506 4372 3619 4427 οἵδε
3676 4385 3779 4428 που

414 4470 597 4538 novit,
625 4484 746 4540 quo
780 4466 964 4521 vadat
986 4468 1051 4519 ⁸ο.
1079 4487 1107 4518 ››
1150 4464 1416 4521 Salvator
1446 4465 1604 4520 enim
1638 4465 1841 4519 mundi
1882 4466 2049 4519 adve-

2175 4464 2381 4534 ὑπάγει.
2441 4483 2467 4514 ››
2526 4462 2787 4535 Ἔλαμψεν
2845 4466 2933 4535 μεν
2976 4466 3076 4537 γὰρ
3142 4467 3199 4515 τὸ
3258 4472 3359 4535 φῶς
3414 4467 3473 4515 τὸ
3534 4463 3780 4521 ἀληθινόν

415 4558 605 4623 niens,
654 4561 714 4612 ut
765 4572 903 4611 vera
933 4555 1035 4610 lux
1065 4554 1403 4625 splenduit;
1436 4554 1518 4609 illi
1563 4570 1702 4609 vero
1743 4554 1951 4609 oculos
2002 4553 2050 4607 in

2174 4556 2531 4625 παραγεγονὼς
2570 4554 2595 4603 0
2644 4562 2734 4604 τοῦ
2782 4557 2983 4625 κόσμου
3031 4558 3229 4625 Σωτήρ.
3262 4554 3328 4603 Οἱ
3361 4548 3420 4604 δὲ
3450 4552 3543 4605 οὐκ
3582 4554 3780 4611 ἠθέλη-

414 4662 549 4702 eam
575 4654 936 4713 convertere,
969 4651 1069 4700 aut
1098 4644 1157 4699 in
1183 4642 1313 4699 luce
1343 4643 1698 4713 dogmatum
1724 4643 1852 4713 ejus
1872 4641 2049 4713 splen-

2178 4659 2271 4692 σαν
2316 4639 2601 4693 ἐνατενίσαι
2630 4645 2758 4717 πρὸς
2798 4642 2946 4711 αὐτὸ,
2980 4637 3095 4693 οὐδ’
3138 4641 3188 4692 ἐν
3234 4642 3346 4712 (l8)
3379 4649 3440 4714 τῇ
3476 4641 3781 4715 σελασφόρῳ

489 4779 534 4815 ⁷⁸
565 4778 716 4836 Psal.
748 4794 786 4844 1,
816 4779 941 4833 1.⁷⁰
975 4780 1085 4834 lsa.
1119 4793 1196 4842 v1,
1227 4780 1287 4832 t9
1317 4793 1330 4843 ;
1371 4776 1544 4833 Joan.
1574 4794 1675 4848 xu,
1700 4777 1789 4833 40.
1824 4776 1871 4813 ³ο
1903 4778 2072 4831 Joan.
2103 4791 2202 4841 xu,
2233 4778 2320 4832 35.

1977 4952 2202 5011 NOTIE.

486 5098 937 5174 (14)_Re_spicere
969 5096 1206 5153 videtur
1229 5098 1309 5174 ad
1367 5099 1535 5174 Prov.
1569 5116 1672 5165 xu,
1724 5103 1807 5161 l0,
1846 5098 1945 5154 ubi
1979 5103 2064 5174 ta-

2178 5103 2307 5174 post
2334 5100 2452 5174 γάρ,
2466 5101 2637 5170 posui
2673 5106 2920 5174 στιγμήν,
2963 5104 3019 5157 et
3057 5114 3165 5174 pro
3197 5104 3483 5174 sequente
3514 5097 3780 5154 δύνασθαι

415 5168 879 5239 ωθΠξΙΘΒὶίυΓε
932 5174 1138 5231 Δίκαιος
1194 5170 1432 5245 οἰκτείρει
1483 5170 1665 5243 ψυχὰς
1722 5179 1918 5228 κτηνῶν
1973 5171 2050 5222 αὖ·

2179 5168 2669 5245 scripsi'dﬁmaai.
2705 5168 2976 5245 Alioquin
3009 5168 3167 5227 enim
3194 5168 3477 5245 dei'sensu
3509 5174 3604 5228 vix
3633 5189 3785 5229 con-

412 5249 588 5320 ro§.___
913 5311 929 5320 ‘
964 5311 1020 5320 __
1124 5311 1137 5320 ε
1229 5312 1237 5320 _
1356 5244 1361 5245 '
1788 5314 1800 5320 _
1830 5313 1849 5320 -
2021 5313 2031 5320 _
2182 5248 2343 5320 stare
2370 5244 2603 5315 poterit.
2630 5244 2921 5320 Loquitur
2945 5250 3144 5299 autem
3172 5244 3245 5299 de
3268 5244 3786 5320 MatthaeotEvan-

482 5313 597 5385 (15)
617 5312 831 5438 Allqdjt
856 5311 933 5367 ad
964 5311 1239 5383 Theologi
1257 5328 1614 5384 cognomen,
1640 5314 1804 5386 quod
1820 5313 2069 5370 Joannis
2182 5311 2525 5438 gelistarum
2553 5311 2769 5387 primo,
2800 5316 2877 5371 ad
2904 5331 3075 5388 quem
3106 5331 3288 5387 supra
3317 5314 3377 5371 in
3408 5316 3615 5388 primis
3641 5332 3789 5389 pro-

484 5400 544 5438 se
579 5400 720 5438 cons
748 5400 780 5438 a
812 5425 825 5437 .
2176 5401 2323 5438 voca
2354 5428 2367 5438 .

414 5400 544 5441 esse
579 5390 825 5440 constat.
2176 5390 2367 5441 vocat.

515 5460 576 5511 16
629 5457 654 5482 "
684 5456 727 5509 Η
760 5454 925 5510 Colb.
957 5470 1067 5525 pro
1102 5454 1189 5515 εἰς.

485 5459 602 5605 £17;
628 5530 693 5583 ln
742 5544 856 5583 ms.
907 5526 1024 5583 ita:
1053 5531 1191 5578 Ἰσον
1221 5528 1322 5599 γὰρ
1356 5529 1380 5579 0
1427 5536 1648 5603 πρῶτος.
1702 5549 1753 5586 κ.
1785 5548 1832 5583 τ.
1868 5528 1915 5583 λ.
1978 5528 2066 5586 Ibi

2246 5458 2356 5521 (18)
2386 5454 2515 5511 Οὐδ’
2558 5456 2606 5510 ἐν
2647 5457 2809 5515 Colb.
2851 5473 2961 5530 pro
3000 5455 3170 5514 οὐδέν.

1535 5548 1648 5590 ιτος.
1702 5549 1753 5586 κ.
1785 5548 1832 5583 τ.
1868 5528 1915 5583 λ.
1978 5528 2066 5586 Ibi

511 5528 599 5602 17)
628 5530 693 5583 ln
742 5544 856 5583 ms.
907 5528 1024 5583 ita:
1053 5531 1191 5578 Ἰσον
1221 5528 1322 5599 γὰρ
1356 5529 1380 5579 0
1427 5536 1648 5603 πρῶτος.
1702 5549 1753 5586 κ.
1785 5548 1832 5583 τ.
1868 5528 1915 5583 λ.
1978 5528 2066 5586 Ibi
