4140 6198
248 196 352 256 477
1266 194 1358 248 AD
1399 182 1949 247 AMPHILOCHIUM
1991 181 2318 256 QUESNO
2361 181 2625 240 LXXVII.
3505 187 3612 244 478

249 324 406 396 αῖγλῃ
449 321 550 375 τῶν
606 318 885 392 δογμάτων
935 321 1094 373 αὑτοῦ
1140 325 1457 395 περιπατεῖν.
1510 320 1596 370 Διὸ
1645 315 1857 367 ἀκολού-

1978 331 2277 386 iidissima
2308 329 2525 384 versari
2555 328 2852 384 nolebant.
2886 331 3199 402 PrOpterea
3229 331 3484 386 tenebrae
3511 349 3613 388 eos

256 416 354 475 θως
382 411 573 472 αὑτούς
619 409 890 463 κατέλαϐεν
932 413 961 468 ἡ
1008 415 1196 462 σκοτία
1240 405 1396 466 δίκην
1442 406 1740 458 ἀπαιτοῦσα
1769 413 1858 464 τῆς

1978 418 2390 475 convenienter
2409 417 2806 488 excipiebant,
2826 421 3112 490 tanquam
3129 433 3373 490 poenam
3395 419 3613 491 impro-

253 502 746 577 προκατασχούσης
809 500 1000 561 αὑτοὺς
1055 500 1377 572 μοχθηρίας.
1441 501 1539 549 Καὶ
1582 502 1736 547 τοῦτο
1782 493 1857 544 λέ-

1982 507 2160 564 citatis
2191 511 2438 578 receptae
2469 512 2803 578 poscentes.
2851 507 2913 562 Id
2950 508 3149 580 ipsum
3182 523 3322 563 vero
3362 513 3417 564 et
3448 509 3617 565 obcae-

253 591 383 664 γοετ⁷
455 590 516 642 ἂν
591 587 953 658 τετυφλῶσθαι
1030 594 1120 640 καὶ
1207 587 1556 660 πεπωρῶσθαι
1634 584 1858 642 εἰκότως.

1982 598 2098 654 rari
2125 601 2179 651 et
2196 595 2487 652 obdurari
2507 595 2795 666 appellari
2820 595 3066 652 videtur.
3093 596 3617 661 Quemadmodum

258 685 361 734 Καὶ
411 681 586 751 ὥσπερ
644 686 717 748 τῷ
791 677 1067 735 θελήσαντι
1132 682 1431 751 περιπατεῖν
1493 673 1540 725 ἐν
1616 681 1688 743 τῷ
1742 675 1864 744 φωτὶ

1987 701 2146 759 porro
2176 700 2334 749 eum,
2359 685 2461 756 qui
2493 684 2551 738 in
2576 688 2706 739 luce
2729 684 3034 740 ambulare
3065 685 3208 750 vult,
3233 684 3289 740 id
3315 686 3622 758 consequi-

256 771 438 823 ἕπεται
468 768 583 839 (19)
623 772 712 819 καὶ
751 771 810 818 τό
842 763 1054 833 εἰδέναι,
1087 773 1187 819 ποῦ
1226 767 1416 836 ὑπάγει
1451 779 1464 795 ⁸
1496 763 1659 823 οὑτως
1689 769 1760 831 τῷ
1792 764 1862 833 μὴ

1986 781 2089 839 tur,
2125 778 2187 828 ut
2217 775 2363 829 sciat
2391 774 2591 838 etiam,
2624 789 2746 846 quo
2778 775 2996 840 vadat;
3024 776 3104 830 ita
3155 776 3225 840 is,
3255 775 3358 846 qui
3399 775 3458 830 in
3490 774 3621 832 luce

259 858 539 916 θελήσαντι
586 862 884 930 περιπατεῖν
935 854 983 907 ἐν
1041 863 1112 926 τῷ
1163 859 1293 926 φωτὶ
1359 851 1726 904 συνακολουθεῖ
1788 853 1866 918 τὸ,

1990 862 2287 919 ambulare
2318 877 2438 918 non
2457 861 2596 926 vult,
2622 861 2843 918 fructus
2868 864 3000 918 loco
3016 863 3076 918 id
3101 863 3300 928 habet,
3327 867 3386 918 ut
3408 864 3625 920 ambu-

258 943 556 1019 βαδίζοντα
587 945 638 997 ἐν
681 953 742 1017 τῇ
787 949 973 1017 σκοτίᾳ
1005 943 1152 1005 εἶναι,
1185 948 1274 996 καὶ
1321 942 1521 1014 τυφλῶν
1565 946 1653 992 καὶ
1702 959 1871 991 πεπω-

1988 956 2106 1008 lans
2132 953 2190 1008 in
2223 952 2479 1009 tenebris
2502 957 2779 1018 versetur,
2809 953 3088 1024 viamque
3117 953 3303 1008 instar
3327 967 3623 1009 caecorum

255 1039 501 1109 ρωμένων
557 1031 682 1087 ὁδὸν
739 1033 932 1096 ἀθλίως
983 1033 1230 1096 ἐξανύειν.
1287 1035 1596 1107 Ιιροείρηται
1645 1025 1705 1081 δε
1755 1031 1865 1090 καὶ,

1992 1048 2033 1098 at
2064 1041 2491 1097 obduratorum
2515 1041 2843 1096 emetiatur.
2874 1040 3002 1096 Jam
3025 1045 3160 1097 ante
3187 1057 3328 1096 vero
3359 1040 3627 1097 admoni-

257 1128 326 1185 ὡς
391 1131 481 1184 τῆς
545 1129 866 1184 Δεσποτικῆς
931 1128 1020 1175 καὶ
1092 1126 1355 1195 σωτηρίου
1424 1116 1774 1177 διδασκαλίας
1834 1118 1862 1174 ἡ

1991 1149 2102 1189 ;um
2130 1137 2232 1198 est,
2267 1130 2645 1201 splendorem
2679 1130 2948 1186 salutaris
2978 1131 3282 1196 doctrinae,
3311 1148 3346 1187 a
3377 1130 3626 1187 Domino

260 1212 510 1287 ἀστραπή
591 1212 812 1284 τυφλούς
880 1217 970 1264 καὶ
1037 1214 1442 1283 πεπωρωμένους
1508 1207 1867 1264 ἓστηλίτευσεν

1994 1222 2225 1285 .raditae,
2245 1219 2480 1275 Judieos
2503 1225 2561 1274 ut
2586 1235 2774 1275 caecos
2792 1219 3183 1276 etobduratos
3205 1226 3473 1283 notasse,
3493 1219 3629 1275 cali-

260 1305 387 1362 τοὺς
435 1297 750 1362 Ἰουδαίους,
801 1306 889 1352 καὶ
932 1305 1026 1359 τήν
1065 1305 1185 1375 πρὶν
1217 1298 1429 1350 ἐνοῦσαν
1472 1305 1583 1358 τοῖς
1615 1296 1868 1367 ψυχικοῖς

1992 1311 2292 1381 ginemque
2346 1312 2404 1361 et
2444 1309 2791 1374 caecitatem,
2841 1325 2976 1380 quae
3029 1309 3242 1364 oculos
3287 1310 3627 1364 animorum

263 1389 437 1442 αὐτῶν
491 1395 695 1463 ιῇαμασε
749 1389 918 1462 λήμην
1132 1393 1222 1441 καὶ
1274 1386 1522 1458 ἁϐλεψίαν
1569 1385 1869 1458 ἐμφανεστέ-

1995 1397 2858 1469 mcupaveral,manifestiorem
2873 1398 3097 1453 fecisse.
3115 1397 3630 1464 Quemadmodum

263 1499 364 1552 ραν
410 1479 469 1531 δε
509 1485 601 1531 καὶ
653 1475 946 1536 κατάδηλον
1008 1478 1219 1535 ἐποίησε
1277 1476 1486 1549 μᾶλλον.
1528 1474 1730 1548 Ὠσπερ
1769 1476 1868 1546 γὰρ

1996 1488 2137 1544 enim
2170 1487 2280 1551 sol,
2313 1486 2416 1557 qui
2461 1486 2847 1558 conspicitur,
2892 1487 3316 1556 lucidissimus,
3350 1486 3631 1542 immissis

266 1570 296 1620 6
337 1569 592 1630 αἰσθητός
637 1568 785 1630 οὗτος
823 1573 913 1620 καὶ
955 1567 1263 1642 περικαλλὴς
1313 1566 1456 1626 ἣλιος
1504 1564 1739 1637 λαμπρὰς
1779 1570 1870 1614 τοῦ

1999 1576 2141 1632 >rbis
2169 1575 2261 1630 sui
2285 1573 2486 1640 radiis,
2507 1590 2632 1639 eos,
2655 1575 2758 1646 qui
2775 1591 2846 1630 ex
2867 1575 3056 1631 oculis
3080 1576 3378 1642 laborant,
3399 1575 3634 1645 aegritu-

269 1653 462 1710 δίσκου
520 1660 615 1719 τὰς
662 1655 869 1718 ἀκτῖνας
911 1655 1131 1728 ἕναφιεὶς
1188 1656 1389 1728 ἐλέγχει
1430 1658 1548 1715 τοὺς
1593 1660 1874 1714 νοσοῦντας

1995 1663 2136 1720 linis
2183 1679 2305 1718 suae
2349 1662 2644 1718 convincit
2675 1679 2688 1729 ;
2718 1663 2797 1718 ita
2826 1669 2880 1718 et
2919 1663 3026 1729 sol,
3069 1663 3362 1719 intellectu
3401 1662 3630 1735 perspi-

270 1748 339 1798 τὰ
377 1750 590 1818 ὄμματα
629 1762 643 1775 '
677 1746 813 1798 οὑτω
842 1751 930 1798 καὶ
961 1747 987 1797 ό
1015 1748 1194 1805 νοητὸς
1226 1745 1388 1810 ἣλιος,
1420 1746 1478 1795 τὸ
1510 1751 1615 1815 φῶς
1641 1745 1698 1794 τό
1737 1738 1874 1793 οἷδυ-

2004 1752 2251 1818 :iendus,
2276 1751 2374 1807 lux
2407 1751 2505 1807 illa
2534 1767 2844 1824 nunquam
2883 1752 3161 1807 occidens
3194 1768 3304 1808 nec
3331 1767 3639 1824 vesperas-

268 1855 360 1888 τον
409 1840 500 1887 καὶ
547 1833 843 1908 ἁνίσπερον,
890 1837 1140 1906 Χριστὸς,
1169 1835 1196 1884 ό
1228 1836 1359 1894 Θεὸς
1406 1835 1572 1904 ήμῶν,
1619 1826 1873 1902 ἐπιδημή-

2005 1858 2125 1898 :ens
2167 1840 2445 1906 Christus,
2475 1841 2626 1896 Deus
2657 1846 2882 1908 noster,
2907 1857 3046 1896 cum
3078 1841 3138 1897 in
3179 1841 3406 1898 mundo
3442 1857 3640 1898 versa-

272 1943 370 1984 σας
420 1933 492 1995 τῷ
547 1929 750 1995 κόσμῳ,
808 1928 897 1976 καὶ
948 1920 1042 1974 διὰ
1079 1931 1178 1974 τῶν
1219 1924 1507 1994 θεοπρεπῶν
1538 1939 1591 1972 τε
1627 1923 1717 1970 καὶ
1747 1920 1872 1993 ὑπερ

2005 1937 2184 2000 )atur,
2263 1929 2616 2002 deitatisque
2688 1947 2811 1985 sum
2890 1931 3111 1997 radios,
3187 1931 3353 1986 editis
3427 1931 3640 1986 divinis

269 2013 426 2085 λόγον
477 2015 756 2085 θαυμάτων
787 2011 1120 2084 ἒναστράψας
1170 2010 1329 2062 αὑτοῦ
1372 2019 1467 2070 τῆς
1517 2011 1755 2070 θεότητος
1783 2012 1876 2065 τήν

2004 2028 2044 2077 at
2081 2021 2376 2075 rationem
2433 2019 2853 2090 superantibus
2931 2021 3239 2077 miraculis
3297 2020 3639 2092 spargebat,

274 2102 487 2173 αἴγλην,
546 2099 629 2154 ἐπὶ
695 2101 843 2153 πλέον
903 2097 1165 2172 διήλεγξεν
1221 2108 1320 2151 τῶν
1383 2098 1688 2170 ἀγνωμόνων
1749 2097 1879 2149 Ἰου-

2004 2108 2265 2166 Lenebras
2319 2114 2374 2163 et
2429 2108 2750 2163 caecitatem
2798 2108 3213 2180 improborum
3267 2109 3639 2174 Iudaeorum,

278 2188 445 2244 δαίων
476 2193 535 2243 τὸ
578 2193 954 2264 προκατασχόν
985 2189 1153 2241 αὑτῶν
1199 2191 1265 2240 τὰ
1315 2196 1411 2250 τῆς
1452 2187 1636 2259 ψυχῆς
1673 2190 1882 2258 ὄμματα

2013 2215 2123 2272 [uae
2137 2197 2322 2252 animi
2341 2196 2545 2252 oculos
2562 2202 2697 2252 ante
2715 2202 3179 2268 occupaverant,
3201 2197 3396 2267 magis
3411 2197 3648 2269 conspi-

282 2285 469 2340 σκότος
515 2284 604 2332 καὶ
663 2284 756 2338 τήν
809 2278 1077 2350 ἁϐλεψίαν.
1134 2277 1268 2330 Ἀλλ’
1325 2279 1496 2352 ὥσπερ
1547 2278 1572 2328 ὁ
1613 2275 1884 2348 ἐγκόσμιος

2012 2287 2237 2343 :iendas
2265 2285 2535 2357 praebuit.
2569 2285 2734 2341 Sicut
2758 2301 2897 2341 vero
2929 2286 3037 2353 sol,
3065 2286 3122 2341 in
3156 2286 3384 2342 mundo
3414 2286 3647 2358 conspi-

284 2370 431 2430 ἣλιος
477 2369 571 2420 οὑκ
609 2372 750 2421 ἔστιν
797 2371 962 2428 αἴτιος
1009 2375 1100 2428 τῆς
1147 2366 1480 2439 τυφλότητος,
1517 2365 1745 2436 ἐλέγχων
1792 2367 1886 2420 τήν

2010 2392 2165 2440 auus,
2199 2389 2319 2429 non
2350 2378 2443 2428 est
2472 2378 2680 2429 auctor
2710 2375 3003 2440 caecitatis,
3036 2375 3275 2446 quando
3323 2374 3645 2430 caecitatem

287 2457 542 2528 ἀϐλεψίαν
613 2465 713 2509 τῶν
789 2457 1100 2529 ἐνεχομένων
1174 2464 1236 2528 τῇ
1295 2461 1432 2526 νόσῳ
1465 2472 1477 2484 ’
1507 2455 1638 2506 οὑτω
1712 2457 1801 2504 καὶ
1863 2453 1888 2503 ὁ

2014 2464 2315 2528 nominum,
2331 2478 2401 2518 ex
2414 2462 2603 2518 oculis
2621 2462 3434 2530 laborantium,demonstrat;
3448 2464 3528 2518 ita
3541 2479 3649 2518 nec

287 2549 644 2621 ὑπερκόσμιος
689 2551 778 2598 καὶ
824 2549 1003 2606 νοητὸς
1055 2545 1214 2608 ἣλιος,
1268 2548 1326 2596 τὸ
1373 2542 1763 2618 ἀπαράλλακτον
1802 2545 1892 2592 καὶ

2016 2553 2100 2610 Sol
2127 2551 2678 2624 supramundanus,
2717 2557 2772 2606 et
2810 2551 3107 2607 intellectu
3147 2557 3379 2607 tantum
3421 2553 3651 2623 perspi-

290 2635 537 2694 ἀληθινὸν
589 2634 916 2706 ἀπαύγασμα
953 2642 1045 2686 τοῦ
1087 2637 1304 2707 Πατρός,
1353 2637 1447 2690 τὴν
1493 2637 1896 2704 προκατασχοῦ-

2018 2641 2272 2710 :iendus,
2293 2640 2574 2713 splendor
2597 2641 2794 2698 Patris
2819 2640 3212 2696 immutabilis
3238 2645 3296 2696 et
3322 2657 3517 2706 verus,
3545 2656 3653 2696 caa-

292 2746 392 2779 σαν
436 2725 697 2797 τύφλωσιν
748 2733 847 2777 τῶν
879 2723 1172 2776 ἑαλωκότων
1227 2730 1299 2793 τῷ
1348 2724 1502 2774 πάθει
1561 2721 1892 2785 στηλιτεὺων,

2018 2731 2267 2795 :itatem,
2291 2745 2426 2801 quin
2445 2729 2718 2784 homines
2736 2729 2819 2786 illi
2840 2729 3137 2784 obnoxios
3159 2735 3575 2802 occupaverat,
3594 2729 3653 2784 in

291 2815 542 2888 οὐμενοῦν
593 2813 688 2866 οὑκ
744 2812 804 2864 ἆν
856 2817 1023 2874 αἴτιος
1068 2813 1362 2884 νομισθείη,
1401 2811 1443 2863 εἰ
1471 2815 1560 2862 καὶ
1589 2809 1897 2882 τετυφλωκέ-

2018 2819 2280 2890 apricum
2331 2817 2658 2888 proferens,
2694 2816 2966 2888 ejusdem
3001 2825 3206 2872 auctor
3245 2834 3384 2873 cum
3428 2817 3653 2872 ratione

290 2925 379 2956 ναι
416 2902 608 2974 λέγοιτ’
651 2901 732 2968 ἄν,
781 2899 920 2954 διότι
973 2897 1112 2973 μηδὲ
1156 2905 1275 2973 πρὶν
1304 2899 1656 2952 λανθάνουσαν
1685 2903 1776 2956 τήν
1802 2903 1900 2956 πή-

2022 2923 2320 2979 nunquam
2350 2906 2667 2961 existimari
2691 2907 2920 2977 poterit,
2941 2907 3169 2961 etiamsi
3198 2922 3386 2961 caecos
3408 2923 3506 2960 eos
3526 2905 3657 2960 red-

291 3011 460 3068 ρωσιν
518 2991 686 3044 αὐτῶν
725 2993 784 3044 τὸ
835 2989 1200 3062 ίσκοτισμένον
1257 2998 1356 3040 τῶν
1406 2989 1671 3060 λογισμῶν
1711 2987 1898 3060 μᾶλλον

2020 2995 2234 3051 didisse
2256 2995 2520 3060 dicatur;
2545 2995 2834 3066 quoniam
2856 2994 3655 3050 auctzeintellectustenebraa

295 3079 687 3154 ἐθριάμϐευσεν.
739 3079 800 3132 Εἰ
849 3081 951 3153 γὰρ
1009 3083 1079 3150 μή
1126 3080 1359 3136 τοσαύτη
1403 3086 1494 3129 τοῦ
1545 3079 1681 3129 θείου
1735 3079 1902 3148 φωτός

2025 3085 2337 3141 :tecitatem
2371 3099 2598 3148 eorum,
2620 3099 2754 3155 qua:
2781 3099 2888 3138 nec
2924 3089 3099 3139 antea
3127 3083 3331 3153 ignota
3365 3089 3510 3148 erat,
3535 3099 3660 3139 ma-

298 3169 652 3245 ἕνήστραπτεν
707 3171 736 3227 ἠ
797 3167 1123 3243 λαμπρότης,
1178 3169 1313 3219 ὥστε
1362 3171 1452 3218 καὶ
1489 3175 1588 3218 τῶν
1633 3164 1680 3217 ἕν
1731 3169 1904 3217 σκότει

2026 3175 2104 3245 gis
2121 3171 2510 3244 spectandam
2527 3173 2930 3243 priebuerunt.
2947 3172 3064 3228 Nisi
3084 3172 3242 3227 enim
3270 3177 3389 3227 tam
3414 3171 3661 3226 illustris

298 3265 395 3312 καὶ
447 3265 569 3329 σκιᾷ
626 3259 927 3329 καθημένων
985 3255 1137 3309 ἐθνῶν
1189 3256 1620 3326 καταυγασθῆναι
1663 3257 1756 3314 τὰς
1791 3251 1907 3306 δια-

2031 3261 2233 3318 livinae
2259 3261 2405 3316 lucis
2423 3260 2699 3333 splendor
2724 3260 3016 3326 eluxisset,
3046 3266 3111 3316 ut
3130 3260 3397 3332 gentium
3427 3277 3666 3333 quoque

301 3354 467 3418 νοίας,
508 3353 596 3400 καὶ
651 3351 774 3419 πρὸς
830 3350 924 3405 τήν
975 3347 1286 3417 θεογνωσίαν
1340 3343 1641 3414 ἀναϐλέψαι,
1699 3347 1791 3395 οὑκ
1847 3341 1906 3393 ἆν

2034 3368 2076 3405 n
2111 3349 2363 3405 tenebris
2394 3356 2449 3404 et
2489 3349 2698 3405 umbra
2726 3349 3084 3416 sedentium,
3122 3355 3349 3404 mentes
3377 3349 3669 3404 illumina-

306 3437 394 3490 ἰπὶ
447 3444 693 3489 τοσοῦτον
749 3435 936 3508 τυφλὸν
990 3439 1046 3486 τὸ
1100 3430 1370 3488 Ἰουδαίων
1429 3430 1690 3484 ἐδείκνυτο
1749 3436 1905 3503 γένος.

2037 3446 2240 3504 'entur,
2271 3443 2327 3493 et
2366 3438 2444 3493 ad
2488 3437 2673 3492 divini
2703 3438 2972 3493 Numinis
3019 3439 3418 3510 cognitionem
3451 3437 3672 3508 aspira-

312 3527 449 3580 Ἀλλ’
495 3527 525 3583 ἠ
570 3521 663 3577 διὰ
713 3533 813 3576 τῶν
863 3526 1022 3596 ἔργων
1069 3530 1328 3596 προϊοῦσα
1379 3529 1471 3583 τῆς
1527 3521 1714 3592 αἴγλης
1761 3522 1913 3594 ὑπερ-

2038 3535 2168 3592 -ent,
2203 3527 2392 3598 gentis
2422 3526 2688 3582 Judaicae
2719 3526 2950 3582 caecitas
2983 3543 3294 3600 nunquam
3327 3527 3474 3583 adeo
3514 3526 3673 3583 facta

311 3615 462 3681 ϐολὴ,
516 3619 606 3666 καὶ
655 3622 750 3674 τῆς
802 3620 1124 3685 φωτιστικῆς
1183 3608 1451 3682 δυνάμεως
1482 3613 1512 3668 η
1545 3608 1771 3684 ἐνέργεια
1824 3613 1914 3660 καὶ

2039 3618 2227 3673 inisset
2259 3615 2596 3671 manifesta.
2629 3616 2754 3670 Jam
2803 3632 2944 3672 vero
2976 3616 3310 3688 splendoris
3353 3617 3505 3671 illius
3549 3632 3674 3672 ma-

311 3714 414 3757 τῶν
457 3702 608 3756 ἐθνῶν
648 3704 678 3760 ἡ
723 3700 1018 3772 ἁνάϐλεψις,
1063 3701 1272 3772 ἂεγχος
1327 3704 1496 3771 σαφής
1549 3703 1772 3756 κατέστη
1815 3705 1914 3749 τῶν

2037 3705 2296 3779 gnitudo,
2329 3722 2401 3760 ex
2428 3704 2731 3760 miraculis
2758 3707 3096 3777 conspicua,
3131 3712 3186 3760 et
3215 3705 3512 3761 facultatis
3545 3704 3672 3760 illu-

312 3799 386 3867 μή
471 3787 914 3865 προσδραμόντων
997 3797 1069 3860 τῷ
1155 3792 1284 3861 φωτὶ
1359 3797 1454 3849 τῆς
1511 3786 1765 3853 ἀληθείας,
1826 3791 1916 3838 καὶ

2037 3794 2350 3850 minatricis
2367 3793 2650 3860 efﬁcacia,
2673 3799 2728 3848 et
2747 3794 3010 3862 gentium
3035 3794 3109 3848 ad
3127 3794 3319 3849 lucem
3339 3792 3672 3861 conversio,

313 3882 784 3952 κυταυγασθέντων
830 3883 924 3937 τήν
974 3876 1254 3942 εὐσέϐειαν,
1297 3878 1468 3947 ὅτιπερ
1518 3876 1751 3929 ἑκούσιον
1802 3875 1916 3928 ἐαυ-

2045 3887 2448 3956 irgumentum
2484 3899 2599 3938 non
2626 3883 3006 3937 inﬁciandum
3039 3883 3401 3954 prtebebant,
3421 3899 3548 3946 eos,
3574 3883 3680 3955 qui

313 3980 423 4032 τοῖς
474 3972 863 4023 κατεσκεύασαν
924 3972 1018 4026 τήν
1081 3966 1358 4039 τύφλωσιν,
1433 3970 1522 4018 καὶ
1574 3975 1669 4027 τῆς
1718 3983 1918 4035 παγκο-

2042 3974 2107 4028 id
2136 3973 2331 4028 lucem
2359 3971 2622 4027 veritatis
2644 3988 2704 4026 sc
2725 3987 2846 4026 non
2875 3971 3228 4036 conferrent,
3263 3987 3371 4025 nec
3395 3972 3470 4026 ad
3496 3970 3677 4042 pieta-

320 4067 482 4134 σμίου
539 4063 800 4133 σωτηρίας
851 4057 1066 4118 ἑαυτοὺς
1104 4055 1157 4118 ἐξ
1212 4053 1634 4130 ὑπερϐαλλούσης
1679 4053 1922 4114 ἀπονοίας

2046 4079 2148 4118 em
2181 4061 2572 4125 erudirentur,
2601 4077 2718 4114 suae
2749 4060 2858 4115 sibi
2891 4061 3161 4116 caecitatis
3203 4065 3474 4114 auctores
3505 4059 3681 4115 exsti-

318 4150 582 4224 ἁπεστέρη
592 4167 704 4204 σαν,

2048 4151 2197 4216 isse,
2233 4165 2416 4222 seque
2456 4150 2615 4221 ipsos
2652 4149 2863 4218 salute,
2887 4151 3168 4204 omnibus
3203 4148 3546 4204 hominibus
3585 4148 3683 4203 de-

2033 4242 2268 4305 stinata,
2298 4255 2402 4312 per
2434 4237 2844 4294 incredibilem
2866 4239 3177 4311 quandam
3200 4237 3537 4294 vecordiam
3559 4237 3682 4309 pri-

1956 4374 2001 4429 D
2031 4343 2230 4386 vasse.

894 4518 1208 4567 ΕΡΩΤΗΣῙΣ
1246 4510 1365 4567 ΟΖ’.
2287 4505 2529 4573 ΟΠίΕΞΤ

2287 4505 2600 4573 ΟΗᾹΞΞΤΙΟ
2636 4505 2861 4562 LXXVII
2901 4503 3099 4578 [CoisL
3134 4507 3311 4562 Taur.
3345 4505 3428 4576 C].

333 4667 461 4738 Περὶ
521 4664 729 4738 γένους*
755 4663 844 4710 καὶ
909 4654 1116 4738 εἴδους.
1152 4655 1367 4738 ὄιπορίαι
1426 4650 1692 4738 διάφοροι,
1753 4651 1801 4704 ἐν
1853 4651 1932 4712 αἱς

2050 4652 2126 4707 De
2151 4664 2364 4720 genere
2385 4652 2435 4703 et
2458 4647 2642 4738 'specie
2854 4647 3110 4730 diversa,
3133 4647 3196 4738 ἰή
3224 4647 3438 4738 quibus
3459 4662 3685 4706 eorum-

705 4733 844 4784 ἔστιν
876 4731 1037 4802 εὑρεῖν
1066 4731 1152 4789 τὰς
1175 4719 1349 4790 λύσεις
1377 4719 1564 4780 αὑτῶν.
1589 4719 1598 4727 ’
2157 4719 2167 4720 ί

2157 4719 2167 4720 “
2431 4719 2557 4775 dem
2584 4721 2793 4776 solutio
2816 4719 3072 4776 inveniri
3089 4725 3296 4789 potest.

1425 4877 1579 4927 Nunc
1601 4875 1836 4940 primum
1866 4873 2010 4924 edita
2032 4886 2066 4924 a
2083 4873 2144 4923 D.
2173 4870 2602 4936 Hergenraether.

405 5032 459 5086 1.
493 5028 780 5089 Ἐζήτηται
819 5027 908 5098 μὲν
952 5025 1077 5095 ἡμῖν
1120 5021 1364 5082 πολλάκις
1408 5021 1438 5078 ἡ
1481 5023 1599 5092 περὶ
1632 5027 1730 5071 τῶν
1777 5025 1933 5090 γενῶν

2116 5016 2165 5071 1.
2189 5015 2356 5086 Saepe
2378 5029 2488 5070 nos
2508 5013 2865 5084 agitavimus
2885 5012 3246 5086 quaestiones
3272 5012 3346 5069 de
3372 5011 3690 5085 generibus

328 5141 386 5174 τε
444 5123 534 5172 καὶ
596 5113 749 5170 εἰδῶν
813 5115 1078 5183 ὑπόθεσις,
1134 5115 1224 5164 καὶ
1277 5107 1548 5184 διάκρισις
1610 5115 1708 5160 τῶν
1774 5106 1935 5159 πάλαι

2049 5109 2100 5161 et
2129 5103 2462 5175 speciebus,
2495 5108 2552 5158 et
2579 5103 2856 5175 antiquas
2877 5104 3313 5159 controversias
3340 5103 3684 5167 clarissime,

1916 5273 1963 5327 Ν
1970 5273 2126 5329 ΟΤΛΕ

411 5464 526 5539 (t9)
563 5458 779 5516 Ἐπεται
806 5488 869 5499 -
897 5454 946 5508 ἄν
976 5460 1047 5526 τῷ
1076 5455 1225 5525 φωτί,
1259 5451 1399 5505 sunt
1422 5463 1494 5504 ex
1524 5445 1692 5502 Colb.

1422 5463 1494 5504 ex
1524 5445 1692 5502 Colb.
2120 5443 2234 5512 (20)
2267 5438 2429 5498 Colb.
2463 5444 2617 5496 recte
2646 5455 2755 5513 pro
2775 5439 2959 5514 λύμην.
3037 5441 3039 5444 ⁴
