4140 6198
476 207 577 262 479

476 418 900 491 expedivimus.
937 417 1158 472 Etenim
1191 415 1526 471 Platonicas
1549 414 1792 486 quidem
1826 412 1991 469 ideas
2024 430 2123 485 pe-

474 508 680 566 culiari
710 510 959 563 tractatu
979 504 1508 567 consideravimus,
1527 501 1816 574 quoniam
1850 518 1958 557 nec
1982 518 2124 574 prae-

474 598 658 654 dicari
687 597 760 652 de
791 595 1115 651 individuis
1144 594 1257 650 illa:
1287 597 1533 665 queunt.
1574 593 1778 664 Neque
1819 591 1977 647 enim
2007 591 2123 647 hoc

474 688 534 743 in
565 685 882 758 praesentia
905 683 1124 747 dicam,
1158 682 1320 755 quod
1350 682 1703 736 constituere
1729 681 1894 752 prius
1924 696 2120 735 rerum

474 774 983 849 producendarum
1005 773 1225 828 formas
1250 776 1428 843 atque
1452 769 1870 825 similitudines
1892 773 1976 824 est
1993 768 2124 840 qui-

474 867 613 923 dem
653 863 906 927 artiticis,
949 863 1052 917 sed
1094 860 1339 917 minime
1371 859 1616 915 valentis
1647 875 1846 915 creare
1878 858 2123 931 simplici

475 954 861 1025 aggressione
887 951 1044 1024 quod
1078 950 1209 1006 velit
1229 971 1243 1017 ;
1267 965 1376 1004 nec
1406 948 1624 1021 pariter
1652 948 1927 1013 referam,
1960 947 2123 1019 quod

475 1059 738 1117 quaerere
770 1042 881 1096 hoc
912 1040 1041 1095 loco
1072 1055 1267 1094 rerum
1293 1037 1735 1092 subsistentium
1761 1036 2126 1107 exemplaria

474 1132 535 1187 in
556 1130 849 1186 inﬁnitum
871 1128 1212 1183 necessario
1234 1125 1505 1198 provehit
1525 1140 1721 1181 rerum
1749 1140 1883 1196 quae
1904 1123 2126 1179 conﬁn-

474 1224 696 1291 guntur
741 1232 1111 1290 processum.
1156 1214 1304 1270 Illud
1332 1213 1490 1269 enim
1530 1214 1778 1269 omnino
1808 1213 2123 1283 indignum

475 1314 564 1365 est
592 1324 732 1364 vera
764 1309 837 1361 de
867 1308 985 1362 Deo
1015 1306 1249 1360 notione
1276 1304 1424 1368 ;hoc
1455 1319 1590 1358 vero
1620 1303 1796 1358 etiam
1830 1319 1933 1375 per
1974 1318 2034 1356 se
2065 1302 2126 1356 il-

474 1398 589 1453 lico
630 1395 880 1452 destruit
923 1411 1059 1466 quae
1112 1393 1415 1449 mentibus
1465 1391 1697 1447 fuerant
1734 1392 1949 1447 efﬁcta.
2000 1392 2127 1446 Imo

474 1484 703 1541 etiamsi
755 1486 890 1555 quis
937 1483 1244 1545 concedat,
1286 1481 1656 1551 singularum
1708 1480 2127 1552 proprietatum

475 1574 723 1639 formas,
757 1579 813 1628 et
841 1572 973 1627 inde
1003 1569 1330 1641 singularia
1369 1570 1471 1624 sed
1509 1569 1815 1624 individua
1853 1568 2125 1639 exprimi,

1694 196 1931 255 PHOTII
1973 196 2457 255 PATRIARCH/E
2494 198 2605 255 LP.

476 334 540 385 ut
566 332 656 395 iis,
680 329 785 402 qui
802 344 906 385 sua
927 325 1117 383 dubia
1134 328 1592 399 proposuerant,
1623 328 1763 379 tunc
1787 325 1980 379 visum
2010 330 2119 391 est,

2238 323 2533 396 ἀμφισϐητη
2542 324 2736 395 μάτων,

3734 195 3847 254 ⁴ἣὸο

2821 324 2889 385 ὡς
2968 328 3072 384 τοῖς
3144 327 3436 380 τηνικαῦτα
3510 324 3846 385 συζητοῦσιν

2230 411 2423 480 ἔδοξεν,
2478 409 2629 465 οὐδὲν
2684 414 2878 485 ἄπορον
2935 412 3267 464 ὑπολιποῦσα
3316 410 3635 484 προελήλυθε
3689 429 3701 441 ·
3752 417 3844 465 καὶ

2226 504 2328 574 γὰρ
2357 504 2411 553 αἱ
2440 504 2529 574 μὲν
2577 503 2713 553 κατὰ
2745 501 2994 553 Πλάτωνα
3048 497 3189 552 ἰδέαι
3246 497 3567 561 ἴδιαζοὺσης
3627 499 3844 553 ἐπισκέ-

2228 590 2364 660 ψεως
2416 594 2625 661 ἔτυχον,
2672 592 2782 643 ἐπεὶ
2835 586 2975 661 μηδὲ
3031 591 3447 662 κατηγορεῖσθαι
3490 597 3590 640 τῶν
3633 589 3844 662 ἀτόμων

2229 679 2384 731 αὗται
2415 676 2666 731 δύνανται
2700 698 2712 710 ο
2749 678 2808 731 οὑ
2836 681 2937 753 γὰρ
2977 686 3125 731 τοῦτο
3170 686 3259 729 νῦν
3290 676 3407 749 ἐρῶ,
3441 679 3512 739 ὡς
3550 681 3611 730 τὸ
3641 687 3847 750 προὺφ-

2231 770 2454 819 ιστάνειν
2494 771 2687 829 τύπους
2727 775 2826 818 τῶν
2864 768 3353 840 παραχθησομένων
3401 772 3493 819 καὶ
3527 768 3846 839 ὁμοιώματα

2228 861 2471 927 τεχνίτου
2514 860 2604 927 μέν
2648 854 2808 922 ἐστιν,
2844 855 3179 918 ἀσθενοῦντος
3217 852 3275 908 δε
3306 852 3653 930 δημιουργεῖν
3699 855 3839 929 ἁπλῇ

2230 943 2493 1017 προσϐολῇ
2536 948 2593 997 rb
2641 943 2971 1017 βουλόμενον,
3022 945 3131 997 οὗθ’
3177 948 3245 1006 ὡς
3298 944 3520 997 ἐνταῦθα
3562 948 3622 996 rb
3664 946 3844 1005 ζητεῖν

2230 1044 2329 1086 τῶν
2400 1036 2755 1106 ὑφισταμένων
2846 1031 3254 1107 παραδείγματα
3336 1032 3415 1086 ἐπ’
3486 1035 3701 1109 ἄπειρον
3791 1035 3846 1098 ἐξ

2234 1122 2465 1194 ἀνάγκης
2513 1119 2815 1185 διαϐιϐάζει
2866 1132 2964 1175 τῶν
3020 1122 3382 1195 πλαττομένων
3422 1127 3517 1182 τήν
3554 1120 3792 1198 πρόοδον
3826 1141 3840 1153 ·

2233 1216 2290 1265 τὸ
2321 1215 2410 1285 μὲν
2456 1214 2555 1286 γὰρ
2586 1212 2842 1273 παντελῶς
2888 1212 3004 1264 ἐστι
3050 1220 3147 1274 τῆς
3184 1217 3303 1285 περὶ
3342 1215 3401 1264 rb
3449 1219 3601 1266 Θεῖον
3630 1212 3848 1276 ἀνάξιον

2233 1300 2554 1371 ὑπολήψεως,
2593 1303 2652 1352 rb
2707 1297 2765 1352 δε
2816 1306 2905 1353 καὶ
2953 1302 3069 1354 καθ’
3104 1301 3255 1353 ἑαυτό
3293 1309 3393 1353 τῶν
3425 1308 3536 1362 ταῖς
3585 1298 3853 1362 διανοίαις

3708 1391 3853 1445 Ἀλλ’

2234 1476 2321 1532 οὖν
2373 1479 2417 1531 εἰ
2465 1484 2554 1530 καί
2600 1498 2682 1540 τις
2726 1476 2845 1536 δοίη
2896 1484 3013 1539 τοὺς
3054 1482 3251 1542 τύπους
3295 1479 3523 1541 ἑκάστης
3572 1476 3853 1541 ἰδιότητος

2235 1390 2660 1443 ἀναπλασθέντων
2751 1392 3083 1463 συμπροάγει
3155 1396 3250 1449 τήν
3337 1390 3623 1466 ἀναίρεσιν.

2234 1570 2420 1622 ἐκεῖθεν
2465 1567 2858 1640 ἀπομάττεσθαι
2902 1570 2969 1620 τὰ
3012 1571 3334 1631 καθέκαστα,
3381 1570 3482 1622 ὑπό
3522 1575 3855 1644 κατηγορίαν

474 1663 640 1719 nulla
665 1667 867 1717 tamen
899 1676 1073 1733 aequa
1098 1659 1381 1730 permittit
1410 1658 1580 1723 ratio,
1609 1657 1734 1713 haec
1758 1658 1869 1712 sub
1893 1657 2125 1712 illorum

2238 1658 2434 1710 ἐκείνων
2484 1660 2625 1727 ἄγειν
2672 1666 2841 1711 ταῦτα
2894 1658 2999 1730 οὑχ
3056 1660 3266 1732 εὑρήσει
3317 1660 3468 1731 λόγον
3524 1657 3850 1732 συνᾴδοντα.

474 1752 962 1825 praadicationem
986 1748 1304 1803 adducere.
1332 1750 1527 1818 Neque
1554 1747 1710 1801 enim
1742 1745 2128 1816 obsignatum

478 1840 651 1896 fuerit
698 1839 1051 1908 obsignans,
1091 1852 1285 1908 neque
1323 1836 1488 1908 quod
1534 1835 1983 1891 similitudinem
2024 1851 2130 1906 per

477 1927 997 2001 participationem
1029 1925 1255 1996 recipit,
1297 1925 1457 1980 idem
1488 1940 1611 1979 esse
1645 1929 1838 1996 potest
1866 1940 2002 1979 cum
2033 1939 2127 1988 eo,

479 2035 515 2076 a
540 2033 662 2091 quo
692 2017 791 2072 illa
822 2016 1145 2071 similitudo
1186 2014 1499 2087 praebetur,
1542 2030 1649 2069 nec
1680 2030 1815 2085 quae
1847 2014 1905 2068 in
1938 2019 2130 2069 mente

477 2107 679 2163 divina
710 2105 921 2162 fuerint
944 2105 1240 2177 impressa
1259 2108 1312 2158 et
1334 2102 1693 2158 immobilem
1722 2108 1900 2175 atque
1927 2102 2131 2157 incon-

477 2211 738 2261 cussum,
769 2194 816 2249 si
856 2200 1059 2250 tamen
1102 2192 1351 2248 omnino
1395 2192 1638 2256 exsistit,
1663 2196 1877 2247 statum
1926 2192 2131 2248 sortita

478 2285 613 2349 sint,
647 2287 915 2357 poterunt
948 2281 1239 2338 ullatenus
1270 2281 1593 2353 praedicata
1622 2279 1739 2335 dici
1769 2296 1965 2336 rerum
2004 2296 2131 2352 per-

474 2381 654 2446 petuo
694 2372 881 2428 ﬂuxui
923 2387 993 2427 ac
1033 2369 1295 2426 deﬂuxui
1334 2369 1754 2433 obnoxiarum,
1799 2370 2133 2439 Permagna

477 2464 637 2518 enim
670 2467 757 2517 est
782 2459 1106 2515 differentia
1137 2464 1193 2514 et
1222 2475 1291 2514 ex
1324 2459 1454 2529 ipsa
1486 2457 1839 2513 habitudine
1868 2458 1962 2513 vel
1992 2474 2132 2513 con-

478 2552 731 2607 nexione
750 2554 1289 2621 apparet,quanam
1307 2547 1537 2603 ratione
1556 2547 2132 2618 discrepentlitenim

478 2654 675 2695 causae
705 2638 1052 2709 causatique
1082 2637 1251 2703 ratio,
1280 2636 1602 2709 praesertim
1635 2636 1736 2691 ubi
1759 2636 1827 2690 de
1856 2636 2133 2691 creatrice

478 2733 535 2784 et
564 2726 890 2798 exemplari
921 2727 973 2781 vi
1005 2726 1221 2795 agitur,
1254 2726 1314 2780 in
1356 2724 1723 2780 habitudinis
1766 2726 2133 2780 connexione

480 2817 838 2874 exsistentiaa
861 2816 1258 2871 diversitatem
1282 2815 1593 2886 perspicue
1614 2813 1889 2869 ostendit.
1914 2814 1968 2870 Si
1991 2829 2132 2870 vero

479 2922 615 2981 quae
642 2906 952 2960 nominum
990 2904 1377 2959 similitudine
1404 2919 1497 2959 res
1526 2903 1887 2974 signiﬁcatas
1917 2918 2134 2959 conne-

480 3001 633 3052 ctere
665 2995 960 3061 videntur,
990 3010 1060 3049 ea
1090 2994 1219 3065 ipsa
1250 2993 1491 3057 faciunt,
1536 2998 1592 3048 ut
1620 2993 1880 3049 maxima
1918 2993 2133 3047 discre-
2161 3030 2200 3084 Ο

479 3085 687 3158 pantia
716 3087 1077 3154 agnoscatur
1105 3098 1240 3154 qure
1266 3098 1371 3137 nec
1402 3082 1791 3137 connexionis
1810 3080 2133 3154 praeferunt

474 3173 730 3245 speciem
782 3188 892 3228 nec
965 3171 1202 3227 unionis
1263 3170 1453 3226 ullum
1500 3170 1780 3227 exhibent
1828 3170 2127 3241 indicium,

473 3262 777 3335 quomodo
806 3262 931 3316 haec
961 3261 1018 3316 in
1053 3260 1211 3315 idem
1235 3260 1599 3329 redigantur,
1627 3276 1765 3315 cum
1794 3276 1866 3315 ne
1890 3259 1972 3315 ibi
2001 3259 2129 3331 qui.

473 3352 611 3406 dem
643 3352 702 3405 in
729 3366 917 3405 unum
940 3350 1098 3404 coire
1119 3354 1363 3419 queant,
1386 3348 1489 3403 ubi
1508 3348 1800 3404 connexio
1824 3348 2130 3420 propriam

472 3454 711 3495 servare
728 3443 923 3511 potest
939 3438 1164 3509 absque
1179 3436 1296 3493 ulla
1308 3436 1735 3492 adulteratione
1750 3436 2086 3506 dignitatem
2103 3436 2131 3492 ?

471 3527 713 3583 Talibus
756 3525 1315 3583 ratiocinationibus
1363 3526 1676 3580 Platonicae
1706 3526 1820 3581 idae
1852 3525 2129 3581 discutie-

469 3615 711 3680 bhntur,
742 3615 943 3670 multis
995 3616 1171 3670 etiam
1225 3618 1283 3669 et
1330 3613 1746 3669 vetustioribus
1798 3614 2132 3670 rationibus

473 3704 683 3777 (libris)
730 3708 931 3761 nostro
972 3704 1211 3759 conatui
1242 3702 1728 3773 suffragantibus.

544 3797 595 3849 2.
630 3796 767 3859 Quae
797 3809 938 3848 vero
978 3796 1193 3866 praater
1232 3792 1557 3848 Platonicas
1590 3791 1755 3847 ideas
1785 3796 2133 3849 astruuntur

472 3898 692 3955 genera
720 3886 777 3938 et
798 3882 1046 3954 species,
1066 3880 1300 3937 tametsi
1326 3886 1521 3936 ortum
1546 3896 1615 3935 ex
1646 3880 1876 3937 diversa
1900 3886 2132 3937 senten-

472 3972 544 4028 tia
566 3976 622 4028 et
636 3988 708 4028 ex
732 3970 971 4027 diverso
991 3970 1295 4043 proposito
1314 3969 1638 4026 habuerint
1657 3969 2128 4043 prodierintque,

471 4062 707 4117 variant
737 4066 937 4117 tamen
978 4060 1035 4115 in
1072 4060 1162 4115 sui
1194 4060 1612 4115 constitutione
1638 4077 1650 4127 ;
1683 4064 1738 4115 et
1767 4058 1867 4114 illa
1892 4060 2131 4131 quidem

470 4166 635 4223 super
662 4150 872 4218 multis,
904 4149 1027 4205 haec
1055 4148 1334 4221 (species)
1365 4164 1505 4204 vero
1529 4148 1592 4203 in
1623 4148 1817 4204 multis
1847 4154 2134 4220 praestan-

470 4240 651 4295 tiores
717 4238 1053 4311 philosophi
1117 4236 1417 4310 appellare
1475 4237 2130 4308 gestierunt;attamen

469 4329 674 4401 quoad
724 4326 1167 4399 praedicationis
1210 4343 1383 4382 usum
1438 4327 1753 4399 paululum
1804 4326 2127 4383 differunt:

469 4416 767 4474 suffecerit
804 4433 943 4488 ergo
986 4417 1296 4489 utriusque
1342 4416 1552 4471 iisdem
1602 4416 1935 4472 rationibus
1982 4415 2131 4471 facta

471 4506 809 4579 disquisitio
840 4512 892 4561 et
918 4505 1287 4576 dijudicatio.
1322 4505 1387 4561 Et
1413 4504 1491 4560 ad
1520 4505 1898 4577 incorporeas
1938 4503 2131 4560 subsi-

472 4596 717 4651 stentias
739 4595 903 4667 quod
925 4598 1170 4667 spectat,
1203 4594 1277 4649 de
1297 4610 1419 4665 quo
1450 4598 1802 4663 argumento
1819 4610 1929 4649 nec
1958 4598 2129 4649 vetus

471 4683 745 4741 exstabat
783 4684 1105 4749 contentio,
1139 4683 1411 4739 facillime
1452 4683 1776 4739 admissum
1816 4681 1941 4748 fuit,
1984 4698 2131 4754 pra:-

471 4774 665 4831 dicata
685 4775 753 4828 de
780 4773 893 4829 illis
914 4789 1134 4844 genera
1158 4778 1215 4828 et
1235 4772 1453 4845 species
1478 4772 1833 4844 participare
1860 4771 2131 4843 incorpo-

471 4878 636 4919 ream
667 4866 943 4918 naturam
970 4881 983 4930 ;
1012 4876 1236 4931 magna
1264 4877 1403 4916 vero
1434 4860 1506 4915 lis
1551 4860 1765 4916 exstitit
1797 4861 1952 4917 circa
1982 4866 2131 4916 trine

474 4950 909 5007 mensurabiles
958 4950 1391 5012 subsistentias,
1436 4964 1572 5021 quae
1614 4964 1868 5021 corpora
1908 4955 2039 5004 sunt
2076 4953 2132 5006 et

474 5038 885 5112 appellantur;
915 5044 1115 5095 utrum
1158 5038 1431 5095 videlicet
1462 5043 1732 5111 oporteat
1778 5037 2131 5095 eorumdem

474 5144 695 5202 genera
724 5133 779 5185 et
810 5130 1035 5201 species
1067 5144 1277 5185 vocare
1308 5144 1585 5200 corpora,
1614 5143 1691 5184 an
1718 5143 1859 5184 vero
1888 5127 2018 5183 haec
2046 5131 2133 5183 ut-

471 5225 609 5293 pote
640 5218 917 5275 sensibus
948 5218 1257 5290 superiora
1287 5218 1440 5273 inter
1468 5217 1821 5289 incorporea
1850 5216 2128 5287 recipere.

472 5310 692 5365 Verum
730 5312 873 5363 tunc
920 5307 995 5363 de
1032 5306 1122 5362 his
1166 5310 1442 5363 accurate
1484 5322 1520 5361 a
1558 5305 1728 5362 nobis
1768 5306 2131 5378 disputatum

474 5398 602 5465 fuit,
653 5412 763 5454 nec
816 5395 1188 5454 auditoribus
1239 5396 1457 5462 visum,
1500 5394 1765 5451 secunda
1803 5410 1958 5468 opus
2003 5410 2131 5453 esse

474 5487 908 5563 disquisitione.
962 5483 1260 5553 Quoniam
1291 5501 1433 5542 vero
1464 5500 1623 5541 nunc
1649 5489 1750 5541 tua
1781 5484 1883 5541 Dei
1913 5499 2129 5542 amans

2237 1744 2377 1801 Οὑδε
2407 1750 2505 1821 γὰρ
2559 1746 2619 1798 ἄν
2671 1750 2749 1805 εἴη
2800 1751 2857 1799 rb
2907 1746 3321 1822 ἐσφραγισμένον
3372 1750 3688 1822 σφραγίζον,
3722 1746 3857 1802 οὐδὲ

2236 1844 2308 1907 τῷ
2355 1841 2449 1894 τήν
2505 1837 2791 1908 ὁμοιότητα
2838 1841 3178 1911 παρεχομένῳ
3226 1840 3436 1904 ταυτὸν,
3482 1838 3509 1889 ὃ
3549 1841 3684 1891 κατὰ
3726 1857 3856 1910 μετ-

2238 1929 2373 1996 οχὴν
2431 1927 2625 1983 ταύτην
2677 1922 2999 1998 παρεδέξατο
3036 1944 3047 1955 ·
3083 1923 3207 1979 οὐδε
3249 1928 3316 1979 τὰ
3353 1925 3404 1978 ἐν
3450 1934 3510 1999 τῇ
3558 1934 3654 1981 τοῦ
3688 1932 3854 1980 Θείου

2237 2015 2538 2067 τυπωθέντα
2609 2010 2817 2086 διανοίᾳ
2892 2019 2982 2067 καὶ
3075 2018 3261 2067 στάσιν
3328 2014 3571 2073 ἀκίνητόν
3638 2035 3695 2068 τε
3758 2020 3858 2069 καὶ

2240 2101 2536 2167 ἀκλόνητον,
2616 2106 2753 2177 εἴπερ
2838 2104 2965 2165 ὅλως
3036 2107 3250 2171 ἔνεστιν,
3323 2104 3677 2177 εὐμοιρηκότα
3748 2114 3857 2157 τῶν

2240 2193 2290 2245 ἐν
2338 2193 2431 2266 ῥοῇ
2484 2211 2538 2244 τε
2579 2196 2669 2244 καὶ
2719 2191 2947 2267 ἀποῤῥοῇ
3005 2189 3287 2254 διαπαντός
3343 2198 3630 2269 φερομένων
3689 2191 3859 2247 οὑδα-

2240 2290 2349 2354 μῶς
2388 2280 2448 2332 ἃν
2502 2276 2716 2334 δύναιτο
2758 2281 2984 2355 ῥηθῆναι
3035 2285 3461 2356 κατηγορούμενα
3494 2302 3506 2314 ·
3559 2282 3853 2354 παμπόλλη

2239 2372 2340 2443 γάρ
2372 2370 2401 2427 ἡ
2434 2366 2662 2443 διαφορά
2690 2375 2779 2422 καὶ
2826 2369 2880 2433 ἐξ
2923 2370 3086 2433 αὑτῆς
3131 2367 3191 2423 δὲ
3237 2379 3333 2432 τῆς
3387 2374 3627 2442 σχέσεως
3661 2372 3691 2430 ἡ
3731 2391 3859 2424 συνο

2242 2463 2414 2530 αφείας
2461 2460 2576 2509 τινά
2640 2464 2830 2530 τρόπον
2888 2464 3108 2534 παρέχει
3158 2462 3215 2513 τό
3265 2456 3538 2532 διάφορον,
3581 2460 3860 2533 ἀναφαίνε-

2241 2566 2345 2601 ται.
2392 2551 2491 2599 Kal
2540 2549 2638 2619 γὰρ
2670 2549 2696 2599 ό
2735 2554 2827 2599 τοῦ
2879 2547 3049 2600 αἰτίου
3096 2552 3185 2600 καὶ
3215 2548 3454 2601 αἰτιατοῦ
3482 2548 3653 2620 λόγος,
3699 2549 3860 2622 μάλιο

2244 2639 2343 2689 στά
2385 2655 2445 2707 γε
2491 2639 2627 2688 κατά
2670 2640 2727 2689 rb
2795 2633 3173 2709 δημιουργικόν
3232 2657 3287 2691 τε
3337 2642 3425 2689 καὶ
3478 2635 3859 2711 παραδειγμα-

2240 2729 2383 2777 τικόν
2439 2731 2632 2800 προῖὼν
2681 2724 2729 2777 έν
2781 2734 2840 2797 τῇ
2900 2734 2991 2786 τῆς
3051 2732 3283 2797 σχέσεως
3338 2732 3590 2799 συναφείᾳ
3640 2731 3702 2780 τὸ
3760 2736 3859 2790 τῆς

2242 2814 2506 2888 ὑπάρξεως
2558 2815 2913 2887 παραλλάττον
2966 2815 3215 2890 λαμπρῶς
3256 2812 3631 2871 ἐπιδείκνυσιν.
3686 2817 3748 2870 Εἰ
3801 2815 3856 2871 δ’

2242 2901 2315 2976 ἐφ’
2368 2904 2435 2954 ὧν
2486 2902 2522 2955 ἁ
2570 2906 2845 2956 συνάπτειν
2894 2912 2955 2976 τῇ
3005 2912 3103 2956 τῶν
3157 2903 3418 2977 ὀνομάτων
3460 2906 3737 2977 ὁμοιότητι
3785 2910 3857 2960 τὰ

2242 2988 2536 3064 δηλούμενα
2594 2989 2756 3062 δοκεῖ,
2804 3000 2969 3045 ταῦτα
3009 2993 3201 3051 πολλὴν
3230 2992 3679 3066 τάνομολογεῖσθαι
3710 3003 3857 3050 ποιεῖ

2241 3086 2333 3139 τήν
2374 3077 2681 3149 διάστασιν,
2713 3080 2749 3133 ἃ
2772 3078 2909 3153 μηδέ
2961 3086 3235 3154 συναφείας
3289 3081 3635 3155 προϐάλλεται
3673 3084 3851 3158 ῥῆμα,

2239 3167 2369 3242 μηδ’
2415 3170 2640 3233 ένῶσεως
2690 3167 3047 3223 ἐνδείκνυσθαι
3091 3175 3381 3245 παρέχεται
3430 3170 3691 3246 ἀφορμήν,
3743 3183 3856 3235 πῶς

2240 3258 2300 3311 ἂν
2362 3260 2434 3322 εἰς
2488 3264 2676 3312 ταυτὸν
2752 3262 3084 3332 συνενεχθείη
3147 3264 3219 3332 μή
3282 3266 3548 3333 πεφυκότα
3613 3266 3855 3316 συνιέναι

2241 3345 2370 3421 μηδ’
2403 3347 2474 3421 ἐφ’
2522 3349 2589 3399 ὧν
2622 3350 2648 3407 ἡ
2681 3352 2930 3421 συνάφεια
2982 3346 3264 3411 διασώζειν
3304 3347 3525 3403 δύναται
3550 3354 3609 3403 τό
3654 3351 3855 3405 οἰκεῖον

2242 3436 2511 3490 ἀνόθευτον
2562 3433 2766 3489 δίκαιον
2813 3454 2827 3504 ;
2868 3441 3150 3501 Τοιαὺταις
3209 3440 3264 3490 αἱ
3317 3438 3645 3492 Πλατωνικαὶ
3708 3437 3855 3493 ἰδέαι

2240 3531 2524 3601 περινοίαις
2563 3525 2894 3596 ἐξητάςοντο,
2956 3526 3152 3579 πολλῶν
3206 3531 3362 3580 ὄντων
3414 3533 3502 3580 καὶ
3563 3528 3850 3582 παλαιοτέ-

2240 3636 2340 3691 ρων
2365 3616 2524 3688 λόγων
2566 3619 3019 3689 συνεφαπτομένων
3046 3618 3193 3689 ἡμῶν
3213 3624 3285 3687 τῷ
3313 3615 3639 3691 βουλήματι.

2312 3798 2365 3849 2.
2405 3796 2483 3846 Τὰ
2535 3791 2593 3846 δὲ
2641 3795 2785 3867 παρὰ
2834 3796 2927 3856 τὰς
2985 3793 3320 3857 Πλατωνικὰς
3375 3792 3521 3858 ἰδέας
3573 3799 3696 3868 γένη
3758 3802 3856 3852 καὶ

2242 3880 2379 3950 εἴδη,
2432 3883 2474 3935 εἴ
2513 3888 2602 3935 καὶ
2655 3887 2742 3942 τὴν
2788 3887 2985 3955 γένεσιν
3037 3883 3092 3936 έκ
3149 3880 3403 3960 διαφόρου
3467 3882 3707 3948 διανοίας
3759 3892 3858 3941 καὶ

2242 3971 2483 4035 ἐπιϐολῆς
2528 3974 2687 4045 ἴσχον
2716 3992 2769 4025 τε
2807 3977 2896 4025 καὶ
2939 3973 3377 4048 προεληλύθεσαν,
3423 3974 3858 4048 παραλλάττουσί

2239 4082 2299 4134 γε
2343 4069 2404 4135 τῇ
2458 4064 2713 4114 συστάσει
2748 4078 2761 4091 '
2793 4066 2881 4114 καὶ
2932 4065 2997 4115 τά
3049 4066 3138 4135 μὲν
3196 4062 3280 4115 ἐπὶ
3336 4071 3438 4124 τοῖς
3498 4063 3728 4132 πολλοῖς,
3786 4069 3859 4119 τὰ

2243 4148 2302 4203 δε
2368 4150 2415 4202 ἐν
2480 4158 2587 4211 τοίς
2660 4150 2865 4213 πολλοῖς
2936 4153 2984 4203 οἱ
3049 4155 3391 4227 χαριέστερον
3454 4152 3858 4225 φιλοσοφοῦντες

2240 4240 2411 4293 καλεῖν
2442 4238 2707 4313 ἐφιλοτιμή
2722 4258 2876 4292 σαντο
2910 4255 2921 4266 ·
2961 4239 3068 4292 ἀλλ’
3117 4236 3205 4292 οὖν
3257 4244 3387 4314 πρὸς
3429 4260 3488 4313 γε
3530 4244 3585 4295 τό
3615 4262 3858 4315 κατηγο-

2241 4331 2447 4403 ρεῖσθαι
2500 4332 2593 4386 τὴν
2640 4334 2826 4400 χρείαν
2878 4329 2961 4381 ἐπ’
3007 4328 3173 4400 ὀλίγον
3221 4331 3411 4401 ἔχουσι
3459 4330 3860 4404 παραλλάττου-

2246 4436 2340 4469 σαν
2374 4433 2386 4445 ·
2413 4420 2601 4491 ἤρκεσε
2644 4425 2920 4492 τοιγαροῦν
2967 4422 3085 4490 περὶ
3132 4417 3373 4493 ἑκατέρου
3412 4422 3605 4472 τούτων
3636 4422 3666 4478 ἡ
3713 4422 3855 4482 αὐτή

2245 4502 2337 4558 διὰ
2381 4513 2480 4557 τῶν
2526 4504 2867 4568 ἐξεταστικῶν
2921 4505 3082 4577 λόγων
3123 4504 3359 4579 βάσανός
3413 4526 3467 4561 τε
3506 4513 3595 4560 καὶ
3639 4505 3863 4585 διάκρι-

2245 4613 2347 4653 σις.
2383 4598 2484 4647 Καί
2518 4614 2574 4665 γε
2603 4599 2721 4669 περὶ
2766 4597 2855 4667 μὲν
2898 4602 2996 4646 τῶν
3056 4592 3346 4667 ἀσωμάτων
3386 4598 3725 4649 ὑποστάσεων
3770 4602 3859 4652 ὅτι

2242 4680 2371 4756 μηδ’
2396 4686 2502 4757 ἔρις
2532 4680 2592 4741 ἧν
2622 4683 2839 4746 παλαιὰ,
2874 4686 3079 4745 θᾶττον,
3107 4685 3187 4737 ὃτι
3220 4689 3308 4737 καὶ
3339 4688 3402 4738 τὰ
3431 4705 3601 4758 κατηγ
3623 4685 3734 4760 [ορ]
3764 4692 3865 4740 οὑ-

2241 4792 2368 4846 μενα
2409 4778 2528 4844 γένη
2587 4777 2675 4824 καὶ
2726 4768 2842 4831 εἴδη
2886 4782 2979 4835 τῆς
3033 4772 3315 4846 ἀσωμάτου
3372 4777 3574 4846 φύσεως
3613 4781 3859 4850 μετέχει,

2245 4867 2641 4935 πνεκεχὼρητο
2676 4878 2688 4890 ·
2718 4862 2747 4919 ἠ
2802 4857 2861 4914 δὲ
2899 4862 3057 4921 πολλή
3114 4862 3367 4936 προῆλθεν
3418 4864 3698 4935 φιλονεικία
3732 4874 3865 4941 περὶ

2240 4959 2337 5003 τῶν
2367 4959 2529 5024 τριχῆ
2576 4946 2875 5004 διαστατῶν
2922 4952 3260 5005 ὑποστάσεων
3314 4956 3405 5004 καί
3457 4954 3710 5025 σωμάτων
3754 4958 3860 5007 ὄν-

2240 5060 2338 5092 των
2385 5058 2439 5092 τε
2492 5043 2581 5091 καὶ
2623 5039 2967 5113 καλουμένων,
3015 5036 3117 5114 ἆρά
3155 5060 3215 5113 γε
3261 5045 3371 5115 χρή
3406 5044 3473 5093 τὰ
3500 5044 3696 5095 τούτων
3724 5047 3863 5114 γένη

2241 5134 2329 5181 καὶ
2377 5125 2493 5186 εἴδη
2557 5133 2778 5201 σώματα
2831 5129 3024 5197 καλεῖν,
3058 5130 3087 5189 ἣ
3144 5133 3212 5192 ὡς
3256 5135 3474 5204 κρείττω
3521 5138 3612 5191 τῆς
3662 5130 3868 5190 αἰσθή-

2245 5237 2369 5279 σεως
2413 5225 2577 5271 ταῦτα
2623 5220 2984 5278 καθεστηκότα
3027 5227 3119 5281 τῆς
3165 5228 3265 5272 τῶν
3317 5218 3610 5292 ἀσωμάτων
3658 5219 3867 5283 λήξεως

2244 5308 2430 5363 θετέον,
2491 5306 2645 5359 Ἀλλὰ
2694 5312 2808 5360 τότε
2854 5312 2926 5381 μή
3009 5308 3083 5371 εἰς
3142 5306 3406 5384 ἀκρίϐειάν
3474 5327 3526 5362 τε
3572 5312 3693 5381 περὶ
3741 5311 3869 5361 τοὺ-

2241 5415 2340 5449 των
2398 5392 2678 5449 διείλεκται
2734 5401 2821 5449 τα)⁵
2862 5393 3104 5472 δευτέρας
3156 5397 3250 5450 οὑκ
3298 5394 3467 5451 ἐδόκει
3512 5404 3620 5458 τοίς
3665 5396 3870 5472 ἀκροα-

2241 5491 2358 5548 ταῖς
2394 5480 2604 5538 δεῖσθαι
2637 5485 2999 5547 συζητήσεως.
3031 5487 3172 5540 Ἐπεὶ
3220 5482 3283 5539 δε
3327 5492 3415 5538 νῦν
3442 5488 3471 5546 ἠ
3505 5490 3572 5547 σή
3627 5487 3872 5564 θεοφιλής
