  <div class='ocr_page' id='page_1' title='image "/cluster/home/n/w/nwhite01/storage/ocr_20150623/101/hvd.32044054112305/260.png"; bbox 0 0 4140 6198; ppageno 0'>
   <div class='ocr_carea' id='block_1_1' title="bbox 239 211 342 270">
    <p class='ocr_par' dir='ltr' id='par_1_1' title="bbox 239 211 342 270">
     <span class='ocr_line' id='line_1_1' title="bbox 239 211 342 270; baseline 0 0"><span class='ocrx_word' id='word_1_1' title='bbox 239 211 342 270; x_wconf 72' lang='grc'>481</span> 
     </span>
    </p>
   </div>
   <div class='ocr_carea' id='block_1_2' title="bbox 1249 209 2606 282">
    <p class='ocr_par' dir='ltr' id='par_1_2' title="bbox 1249 209 2606 282">
     <span class='ocr_line' id='line_1_2' title="bbox 1249 209 2606 282; baseline 0.004 -11"><span class='ocrx_word' id='word_1_2' title='bbox 1249 212 1345 271; x_wconf 86' lang='lat' dir='ltr'>AD</span> <span class='ocrx_word' id='word_1_3' title='bbox 1383 209 1933 272; x_wconf 77' lang='lat' dir='ltr'>AMPHILOCHIUM</span> <span class='ocrx_word' id='word_1_4' title='bbox 1973 213 2300 282; x_wconf 68' lang='lat' dir='ltr'>QUIESTIO</span> <span class='ocrx_word' id='word_1_5' title='bbox 2342 219 2606 278; x_wconf 86' lang='lat' dir='ltr'>LXXVII.</span> 
     </span>
    </p>
   </div>
   <div class='ocr_carea' id='block_1_3' title="bbox 3504 223 3610 280">
    <p class='ocr_par' dir='ltr' id='par_1_3' title="bbox 3504 223 3610 280">
     <span class='ocr_line' id='line_1_3' title="bbox 3504 223 3610 280; baseline -0.019 0"><span class='ocrx_word' id='word_1_6' title='bbox 3504 223 3610 280; x_wconf 70' lang='lat'>482</span> 
     </span>
    </p>
   </div>
   <div class='ocr_carea' id='block_1_4' title="bbox 241 333 1855 418">
    <p class='ocr_par' dir='ltr' id='par_1_4' title="bbox 241 333 1853 414">
     <span class='ocr_line' id='line_1_4' title="bbox 241 333 1853 414; baseline -0.001 -22"><span class='ocrx_word' id='word_1_7' title='bbox 241 342 457 399; x_wconf 78' lang='grc' dir='ltr'>ὁσιότης</span> <span class='ocrx_word' id='word_1_8' title='bbox 503 333 836 410; x_wconf 72' lang='grc' dir='ltr'>κεφαλαιώδη</span> <span class='ocrx_word' id='word_1_9' title='bbox 880 340 1040 391; x_wconf 87' lang='grc' dir='ltr'>τύπον</span> <span class='ocrx_word' id='word_1_10' title='bbox 1072 342 1328 414; x_wconf 72' lang='grc' dir='ltr'>ἔγγραφον</span> <span class='ocrx_word' id='word_1_11' title='bbox 1363 340 1696 412; x_wconf 78' lang='grc' dir='ltr'>ἐξενεχθῆναι</span> <span class='ocrx_word' id='word_1_12' title='bbox 1731 343 1853 411; x_wconf 83' lang='grc' dir='ltr'>περὶ</span> 
     </span>
    </p>
   </div>
   <div class='ocr_carea' id='block_1_5' title="bbox 1965 333 3611 418">
    <p class='ocr_par' dir='ltr' id='par_1_5' title="bbox 1965 344 3611 418">
     <span class='ocr_line' id='line_1_5' title="bbox 1965 344 3611 418; baseline 0.005 -24"><span class='ocrx_word' id='word_1_13' title='bbox 1965 344 2245 400; x_wconf 80' lang='lat' dir='ltr'>sanctitas</span> <span class='ocrx_word' id='word_1_14' title='bbox 2266 344 2340 401; x_wconf 92' lang='lat' dir='ltr'>de</span> <span class='ocrx_word' id='word_1_15' title='bbox 2367 346 2436 400; x_wconf 91' lang='lat' dir='ltr'>iis</span> <span class='ocrx_word' id='word_1_16' title='bbox 2458 346 2604 417; x_wconf 87' lang='lat' dir='ltr'>ipsis</span> <span class='ocrx_word' id='word_1_17' title='bbox 2625 349 2689 402; x_wconf 92' lang='lat' dir='ltr'>ut</span> <span class='ocrx_word' id='word_1_18' title='bbox 2709 344 3178 418; x_wconf 89' lang='lat' dir='ltr'>compendiosus</span> <span class='ocrx_word' id='word_1_19' title='bbox 3200 346 3611 403; x_wconf 88' lang='lat' dir='ltr'>conscribatur</span> 
     </span>
    </p>
   </div>
   <div class='ocr_carea' id='block_1_6' title="bbox 242 425 1852 504">
    <p class='ocr_par' dir='ltr' id='par_1_6' title="bbox 242 425 1852 504">
     <span class='ocr_line' id='line_1_6' title="bbox 242 425 1852 504; baseline 0 -23"><span class='ocrx_word' id='word_1_20' title='bbox 242 429 412 481; x_wconf 70' lang='grc' dir='ltr'>αὐτῶν</span> <span class='ocrx_word' id='word_1_21' title='bbox 475 428 542 489; x_wconf 87' lang='grc' dir='ltr'>εἰς</span> <span class='ocrx_word' id='word_1_22' title='bbox 596 431 808 486; x_wconf 77' lang='grc' dir='ltr'>αἴτησιν</span> <span class='ocrx_word' id='word_1_23' title='bbox 877 425 1122 487; x_wconf 79' lang='grc' dir='ltr'>διενοήθη</span> <span class='ocrx_word' id='word_1_24' title='bbox 1183 437 1525 504; x_wconf 74' lang='grc' dir='ltr'>προενεγκεῖν,</span> <span class='ocrx_word' id='word_1_25' title='bbox 1577 427 1670 483; x_wconf 78' lang='grc' dir='ltr'>διὰ</span> <span class='ocrx_word' id='word_1_26' title='bbox 1719 427 1852 503; x_wconf 83' lang='grc' dir='ltr'>βρα-</span> 
     </span>
    </p>
   </div>
   <div class='ocr_carea' id='block_1_7' title="bbox 241 514 1551 592">
    <p class='ocr_par' dir='ltr' id='par_1_7' title="bbox 241 514 1551 592">
     <span class='ocr_line' id='line_1_7' title="bbox 241 514 1551 592; baseline -0.001 -22"><span class='ocrx_word' id='word_1_27' title='bbox 241 522 382 590; x_wconf 79' lang='grc' dir='ltr'>χίων</span> <span class='ocrx_word' id='word_1_28' title='bbox 409 514 563 569; x_wconf 69' lang='grc' dir='ltr'>οὐδὲν</span> <span class='ocrx_word' id='word_1_29' title='bbox 592 516 777 569; x_wconf 78' lang='grc' dir='ltr'>κωλύει</span> <span class='ocrx_word' id='word_1_30' title='bbox 807 522 921 592; x_wconf 86' lang='grc' dir='ltr'>περὶ</span> <span class='ocrx_word' id='word_1_31' title='bbox 943 526 1040 569; x_wconf 83' lang='grc' dir='ltr'>τῶν</span> <span class='ocrx_word' id='word_1_32' title='bbox 1066 518 1235 571; x_wconf 76' lang='grc' dir='ltr'>αὐτῶν</span> <span class='ocrx_word' id='word_1_33' title='bbox 1266 516 1551 572; x_wconf 79' lang='grc' dir='ltr'>διαλαϐεῖν.</span> 
     </span>
    </p>
   </div>
   <div class='ocr_carea' id='block_1_8' title="bbox 314 602 1851 680">
    <p class='ocr_par' dir='ltr' id='par_1_8' title="bbox 314 602 1851 680">
     <span class='ocr_line' id='line_1_8' title="bbox 314 602 1851 680; baseline -0.001 -19"><span class='ocrx_word' id='word_1_34' title='bbox 314 606 386 678; x_wconf 86' lang='grc' dir='ltr'>γ’.</span> <span class='ocrx_word' id='word_1_35' title='bbox 427 613 541 659; x_wconf 83' lang='grc' dir='ltr'>Τῶν</span> <span class='ocrx_word' id='word_1_36' title='bbox 589 609 678 679; x_wconf 73' lang='grc' dir='ltr'>μὲν</span> <span class='ocrx_word' id='word_1_37' title='bbox 732 602 818 658; x_wconf 76' lang='grc' dir='ltr'>οὖν</span> <span class='ocrx_word' id='word_1_38' title='bbox 869 605 1161 680; x_wconf 76' lang='grc' dir='ltr'>ἀσωμάτων</span> <span class='ocrx_word' id='word_1_39' title='bbox 1215 610 1264 660; x_wconf 81' lang='grc' dir='ltr'><strong>οἱ</strong></span> <span class='ocrx_word' id='word_1_40' title='bbox 1318 607 1483 678; x_wconf 88' lang='grc' dir='ltr'>λόγοι,</span> <span class='ocrx_word' id='word_1_41' title='bbox 1535 609 1651 660; x_wconf 86' lang='grc' dir='ltr'>ὅσοι</span> <span class='ocrx_word' id='word_1_42' title='bbox 1695 627 1756 678; x_wconf 88' lang='grc' dir='ltr'>γε</span> <span class='ocrx_word' id='word_1_43' title='bbox 1793 610 1851 660; x_wconf 87' lang='grc' dir='ltr'>τὸ</span> 
     </span>
    </p>
   </div>
   <div class='ocr_carea' id='block_1_9' title="bbox 243 692 1853 770">
    <p class='ocr_par' dir='ltr' id='par_1_9' title="bbox 243 692 1853 770">
     <span class='ocr_line' id='line_1_9' title="bbox 243 692 1853 770; baseline 0 -23"><span class='ocrx_word' id='word_1_44' title='bbox 243 697 582 768; x_wconf 85' lang='grc' dir='ltr'>ὑποκείμενον</span> <span class='ocrx_word' id='word_1_45' title='bbox 641 693 978 768; x_wconf 79' lang='grc' dir='ltr'>ἀφορίζουσι,</span> <span class='ocrx_word' id='word_1_46' title='bbox 1036 692 1194 765; x_wconf 81' lang='grc' dir='ltr'>δῆλον</span> <span class='ocrx_word' id='word_1_47' title='bbox 1246 698 1328 749; x_wconf 86' lang='grc' dir='ltr'>ὅτι</span> <span class='ocrx_word' id='word_1_48' title='bbox 1371 695 1680 770; x_wconf 78' lang='grc' dir='ltr'>ἀσώματοι·</span> <span class='ocrx_word' id='word_1_49' title='bbox 1712 694 1853 749; x_wconf 71' lang='grc' dir='ltr'>διότι</span> 
     </span>
    </p>
   </div>
   <div class='ocr_carea' id='block_1_10' title="bbox 242 783 1854 859">
    <p class='ocr_par' dir='ltr' id='par_1_10' title="bbox 242 783 1854 859">
     <span class='ocr_line' id='line_1_10' title="bbox 242 783 1854 859; baseline 0 -22"><span class='ocrx_word' id='word_1_50' title='bbox 242 787 428 837; x_wconf 80' lang='grc' dir='ltr'>καὶτὰ</span> <span class='ocrx_word' id='word_1_51' title='bbox 468 783 514 835; x_wconf 74' lang='grc' dir='ltr'>ἐν</span> <span class='ocrx_word' id='word_1_52' title='bbox 563 783 741 842; x_wconf 68' lang='grc' dir='ltr'>αὐτοῖς</span> <span class='ocrx_word' id='word_1_53' title='bbox 792 788 1140 859; x_wconf 83' lang='grc' dir='ltr'>περιεχόμενα</span> <span class='ocrx_word' id='word_1_54' title='bbox 1167 790 1286 856; x_wconf 80' lang='grc' dir='ltr'>γένη</span> <span class='ocrx_word' id='word_1_55' title='bbox 1340 791 1429 839; x_wconf 82' lang='grc' dir='ltr'>καὶ</span> <span class='ocrx_word' id='word_1_56' title='bbox 1461 783 1600 854; x_wconf 80' lang='grc' dir='ltr'>εἴδη,</span> <span class='ocrx_word' id='word_1_57' title='bbox 1641 791 1730 838; x_wconf 87' lang='grc' dir='ltr'>καὶ</span> <span class='ocrx_word' id='word_1_58' title='bbox 1769 785 1854 837; x_wconf 81' lang='grc' dir='ltr'>ού-</span> 
     </span>
    </p>
   </div>
   <div class='ocr_carea' id='block_1_11' title="bbox 245 868 1852 950">
    <p class='ocr_par' dir='ltr' id='par_1_11' title="bbox 245 868 1852 950">
     <span class='ocr_line' id='line_1_11' title="bbox 245 868 1852 950; baseline -0.001 -24"><span class='ocrx_word' id='word_1_59' title='bbox 245 871 436 946; x_wconf 79' lang='grc' dir='ltr'>δεμίαν</span> <span class='ocrx_word' id='word_1_60' title='bbox 491 868 664 925; x_wconf 69' lang='grc' dir='ltr'>οὐδενὶ</span> <span class='ocrx_word' id='word_1_61' title='bbox 729 876 1008 947; x_wconf 80' lang='grc' dir='ltr'>παράσχοι</span> <span class='ocrx_word' id='word_1_62' title='bbox 1071 873 1131 924; x_wconf 81' lang='grc' dir='ltr'>ἂν</span> <span class='ocrx_word' id='word_1_63' title='bbox 1187 872 1405 948; x_wconf 79' lang='grc' dir='ltr'>ἀπορίαν</span> <span class='ocrx_word' id='word_1_64' title='bbox 1445 876 1475 933; x_wconf 78' lang='grc' dir='ltr'>ἡ</span> <span class='ocrx_word' id='word_1_65' title='bbox 1528 880 1645 950; x_wconf 87' lang='grc' dir='ltr'>περὶ</span> <span class='ocrx_word' id='word_1_66' title='bbox 1685 874 1852 926; x_wconf 74' lang='grc' dir='ltr'>αὐτῶν</span> 
     </span>
    </p>
   </div>
   <div class='ocr_carea' id='block_1_12' title="bbox 244 959 1850 1037">
    <p class='ocr_par' dir='ltr' id='par_1_12' title="bbox 244 959 1850 1037">
     <span class='ocr_line' id='line_1_12' title="bbox 244 959 1850 1037; baseline -0.001 -19"><span class='ocrx_word' id='word_1_67' title='bbox 244 967 458 1037; x_wconf 88' lang='grc' dir='ltr'>θεωρία.</span> <span class='ocrx_word' id='word_1_68' title='bbox 504 965 569 1015; x_wconf 76' lang='lat' dir='ltr'>Oi</span> <span class='ocrx_word' id='word_1_69' title='bbox 609 959 668 1014; x_wconf 76' lang='grc' dir='ltr'>δε</span> <span class='ocrx_word' id='word_1_70' title='bbox 715 971 817 1014; x_wconf 88' lang='grc' dir='ltr'>τῶν</span> <span class='ocrx_word' id='word_1_71' title='bbox 863 964 1117 1035; x_wconf 87' lang='grc' dir='ltr'>σωμάτων</span> <span class='ocrx_word' id='word_1_72' title='bbox 1148 972 1257 1025; x_wconf 87' lang='grc' dir='ltr'>πῶς</span> <span class='ocrx_word' id='word_1_73' title='bbox 1307 962 1367 1014; x_wconf 83' lang='grc' dir='ltr'>ἂν</span> <span class='ocrx_word' id='word_1_74' title='bbox 1398 966 1578 1022; x_wconf 77' lang='grc' dir='ltr'>εἴησαν</span> <span class='ocrx_word' id='word_1_75' title='bbox 1612 969 1850 1028; x_wconf 83' lang='grc' dir='ltr'>σώματα,</span> 
     </span>
    </p>
   </div>
   <div class='ocr_carea' id='block_1_13' title="bbox 242 1051 1851 1125">
    <p class='ocr_par' dir='ltr' id='par_1_13' title="bbox 242 1051 1851 1125">
     <span class='ocr_line' id='line_1_13' title="bbox 242 1051 1851 1125; baseline -0.001 -19"><span class='ocrx_word' id='word_1_76' title='bbox 242 1054 294 1106; x_wconf 80' lang='grc' dir='ltr'>εἰ</span> <span class='ocrx_word' id='word_1_77' title='bbox 323 1057 414 1105; x_wconf 85' lang='grc' dir='ltr'>καὶ</span> <span class='ocrx_word' id='word_1_78' title='bbox 451 1055 511 1104; x_wconf 89' lang='grc' dir='ltr'>τὸ</span> <span class='ocrx_word' id='word_1_79' title='bbox 540 1056 825 1125; x_wconf 87' lang='grc' dir='ltr'>πρόχειρον</span> <span class='ocrx_word' id='word_1_80' title='bbox 869 1061 964 1113; x_wconf 84' lang='grc' dir='ltr'>τῆς</span> <span class='ocrx_word' id='word_1_81' title='bbox 994 1051 1272 1124; x_wconf 79' lang='grc' dir='ltr'>ἀναλογίας</span> <span class='ocrx_word' id='word_1_82' title='bbox 1309 1060 1460 1105; x_wconf 83' lang='grc' dir='ltr'>τοῦτο</span> <span class='ocrx_word' id='word_1_83' title='bbox 1491 1053 1802 1124; x_wconf 80' lang='grc' dir='ltr'>φαντάζεται</span> <span class='ocrx_word' id='word_1_84' title='bbox 1837 1069 1851 1119; x_wconf 89' lang='lat'><strong>;</strong></span> 
     </span>
    </p>
   </div>
   <div class='ocr_carea' id='block_1_14' title="bbox 245 1141 1852 1215">
    <p class='ocr_par' dir='ltr' id='par_1_14' title="bbox 245 1141 1852 1215">
     <span class='ocr_line' id='line_1_14' title="bbox 245 1141 1852 1215; baseline -0.001 -21"><span class='ocrx_word' id='word_1_85' title='bbox 245 1147 420 1214; x_wconf 88' lang='grc' dir='ltr'>Λόγος</span> <span class='ocrx_word' id='word_1_86' title='bbox 476 1143 578 1213; x_wconf 85' lang='grc' dir='ltr'>γὰρ</span> <span class='ocrx_word' id='word_1_87' title='bbox 631 1145 721 1192; x_wconf 84' lang='grc' dir='ltr'>καὶ</span> <span class='ocrx_word' id='word_1_88' title='bbox 778 1149 931 1213; x_wconf 85' lang='grc' dir='ltr'>σῶμα</span> <span class='ocrx_word' id='word_1_89' title='bbox 992 1145 1085 1199; x_wconf 82' lang='grc' dir='ltr'>τὴν</span> <span class='ocrx_word' id='word_1_90' title='bbox 1145 1145 1277 1215; x_wconf 87' lang='grc' dir='ltr'>πρὸς</span> <span class='ocrx_word' id='word_1_91' title='bbox 1325 1141 1522 1199; x_wconf 78' lang='grc' dir='ltr'>ἄλληλα</span> <span class='ocrx_word' id='word_1_92' title='bbox 1585 1146 1852 1194; x_wconf 79' lang='grc' dir='ltr'><strong>κοινωνίαν</strong></span> 
     </span>
    </p>
   </div>
   <div class='ocr_carea' id='block_1_15' title="bbox 245 1226 1850 1304">
    <p class='ocr_par' dir='ltr' id='par_1_15' title="bbox 245 1226 1850 1304">
     <span class='ocr_line' id='line_1_15' title="bbox 245 1226 1850 1304; baseline 0.001 -22"><span class='ocrx_word' id='word_1_93' title='bbox 245 1231 645 1304; x_wconf 81' lang='grc' dir='ltr'>ἀπηρνήσαντο.</span> <span class='ocrx_word' id='word_1_94' title='bbox 681 1229 741 1283; x_wconf 83' lang='grc' dir='ltr'><strong>Εἰ</strong></span> <span class='ocrx_word' id='word_1_95' title='bbox 782 1226 842 1282; x_wconf 71' lang='grc' dir='ltr'>δὲ</span> <span class='ocrx_word' id='word_1_96' title='bbox 891 1230 1062 1304; x_wconf 84' lang='grc' dir='ltr'>ἔτερος</span> <span class='ocrx_word' id='word_1_97' title='bbox 1103 1231 1130 1282; x_wconf 95' lang='lat'>6</span> <span class='ocrx_word' id='word_1_98' title='bbox 1167 1230 1320 1302; x_wconf 87' lang='grc' dir='ltr'>λόγος</span> <span class='ocrx_word' id='word_1_99' title='bbox 1367 1235 1556 1303; x_wconf 67' lang='grc' dir='ltr'>πέφυκε</span> <span class='ocrx_word' id='word_1_100' title='bbox 1587 1237 1850 1304; x_wconf 85' lang='grc' dir='ltr'>σώματος,</span> 
     </span>
    </p>
   </div>
   <div class='ocr_carea' id='block_1_16' title="bbox 247 1317 1850 1392">
    <p class='ocr_par' dir='ltr' id='par_1_16' title="bbox 247 1317 1850 1392">
     <span class='ocr_line' id='line_1_16' title="bbox 247 1317 1850 1392; baseline 0.001 -21"><span class='ocrx_word' id='word_1_101' title='bbox 247 1327 359 1381; x_wconf 76' lang='grc' dir='ltr'>πῶς</span> <span class='ocrx_word' id='word_1_102' title='bbox 410 1319 537 1391; x_wconf 76' lang='grc' dir='ltr'>οὐχὶ</span> <span class='ocrx_word' id='word_1_103' title='bbox 584 1321 651 1371; x_wconf 87' lang='grc' dir='ltr'>τά</span> <span class='ocrx_word' id='word_1_104' title='bbox 695 1319 1105 1392; x_wconf 77' lang='grc' dir='ltr'>συμπληροῦντα</span> <span class='ocrx_word' id='word_1_105' title='bbox 1133 1324 1220 1372; x_wconf 87' lang='grc' dir='ltr'>τόν</span> <span class='ocrx_word' id='word_1_106' title='bbox 1266 1319 1412 1391; x_wconf 87' lang='grc' dir='ltr'>λόγον</span> <span class='ocrx_word' id='word_1_107' title='bbox 1449 1324 1570 1392; x_wconf 86' lang='grc' dir='ltr'>γένη</span> <span class='ocrx_word' id='word_1_108' title='bbox 1616 1325 1707 1372; x_wconf 83' lang='grc' dir='ltr'>καὶ</span> <span class='ocrx_word' id='word_1_109' title='bbox 1734 1317 1850 1379; x_wconf 78' lang='grc' dir='ltr'>εἴδη</span> 
     </span>
    </p>
   </div>
   <div class='ocr_carea' id='block_1_17' title="bbox 243 1406 1854 1481">
    <p class='ocr_par' dir='ltr' id='par_1_17' title="bbox 243 1406 1854 1481">
     <span class='ocr_line' id='line_1_17' title="bbox 243 1406 1854 1481; baseline 0.001 -20"><span class='ocrx_word' id='word_1_110' title='bbox 243 1414 343 1468; x_wconf 75' lang='grc' dir='ltr'>τὴν</span> <span class='ocrx_word' id='word_1_111' title='bbox 383 1409 543 1466; x_wconf 74' lang='grc' dir='ltr'>αὐτὴν</span> <span class='ocrx_word' id='word_1_112' title='bbox 584 1407 679 1461; x_wconf 76' lang='grc' dir='ltr'>οὐκ</span> <span class='ocrx_word' id='word_1_113' title='bbox 725 1407 1036 1469; x_wconf 68' lang='grc' dir='ltr'>ἐπιζητήσει</span> <span class='ocrx_word' id='word_1_114' title='bbox 1093 1408 1366 1481; x_wconf 76' lang='grc' dir='ltr'>ἑτερότητα</span> <span class='ocrx_word' id='word_1_115' title='bbox 1396 1427 1408 1474; x_wconf 89' lang='grc'>;</span> <span class='ocrx_word' id='word_1_116' title='bbox 1440 1418 1548 1470; x_wconf 89' lang='grc' dir='ltr'>πῶς</span> <span class='ocrx_word' id='word_1_117' title='bbox 1579 1406 1638 1462; x_wconf 73' lang='grc' dir='ltr'>δὲ</span> <span class='ocrx_word' id='word_1_118' title='bbox 1666 1408 1726 1460; x_wconf 81' lang='grc' dir='ltr'><strong>ἂν</strong></span> <span class='ocrx_word' id='word_1_119' title='bbox 1755 1429 1854 1462; x_wconf 90' lang='grc' dir='ltr'>σω-</span> 
     </span>
    </p>
   </div>
   <div class='ocr_carea' id='block_1_18' title="bbox 242 1497 1853 1570">
    <p class='ocr_par' dir='ltr' id='par_1_18' title="bbox 242 1497 1853 1570">
     <span class='ocr_line' id='line_1_18' title="bbox 242 1497 1853 1570; baseline 0.001 -21"><span class='ocrx_word' id='word_1_120' title='bbox 242 1501 423 1570; x_wconf 84' lang='grc' dir='ltr'>μάτων</span> <span class='ocrx_word' id='word_1_121' title='bbox 466 1498 852 1570; x_wconf 83' lang='grc' dir='ltr'>κατηγορηθείη</span> <span class='ocrx_word' id='word_1_122' title='bbox 905 1500 962 1549; x_wconf 88' lang='grc' dir='ltr'>τὸ</span> <span class='ocrx_word' id='word_1_123' title='bbox 1005 1497 1286 1569; x_wconf 88' lang='grc' dir='ltr'>ἀσώματον</span> <span class='ocrx_word' id='word_1_124' title='bbox 1320 1514 1333 1563; x_wconf 88' lang='grc'><strong>;</strong></span> <span class='ocrx_word' id='word_1_125' title='bbox 1365 1497 1428 1551; x_wconf 81' lang='grc' dir='ltr'><strong><em>Ἢ</em></strong></span> <span class='ocrx_word' id='word_1_126' title='bbox 1463 1499 1721 1570; x_wconf 80' lang='grc' dir='ltr'>ἀσώματα</span> <span class='ocrx_word' id='word_1_127' title='bbox 1763 1502 1853 1570; x_wconf 75' lang='grc' dir='ltr'>μεν</span> 
     </span>
    </p>
   </div>
   <div class='ocr_carea' id='block_1_19' title="bbox 244 1582 1852 1659">
    <p class='ocr_par' dir='ltr' id='par_1_19' title="bbox 244 1582 1852 1659">
     <span class='ocr_line' id='line_1_19' title="bbox 244 1582 1852 1659; baseline -0.001 -20"><span class='ocrx_word' id='word_1_128' title='bbox 244 1586 345 1640; x_wconf 69' lang='grc' dir='ltr'>οὐκ</span> <span class='ocrx_word' id='word_1_129' title='bbox 389 1585 451 1637; x_wconf 82' lang='grc' dir='ltr'>ἂν</span> <span class='ocrx_word' id='word_1_130' title='bbox 500 1589 578 1644; x_wconf 81' lang='grc' dir='ltr'>εἴη</span> <span class='ocrx_word' id='word_1_131' title='bbox 611 1588 679 1637; x_wconf 83' lang='grc' dir='ltr'>τὰ</span> <span class='ocrx_word' id='word_1_132' title='bbox 723 1590 843 1656; x_wconf 79' lang='grc' dir='ltr'>γένη</span> <span class='ocrx_word' id='word_1_133' title='bbox 899 1587 1094 1638; x_wconf 86' lang='grc' dir='ltr'>τούτων</span> <span class='ocrx_word' id='word_1_134' title='bbox 1144 1582 1268 1638; x_wconf 75' lang='grc' dir='ltr'>οὐδὲ</span> <span class='ocrx_word' id='word_1_135' title='bbox 1321 1589 1385 1638; x_wconf 88' lang='grc' dir='ltr'>τά</span> <span class='ocrx_word' id='word_1_136' title='bbox 1443 1583 1580 1653; x_wconf 79' lang='grc' dir='ltr'>εἴδη,</span> <span class='ocrx_word' id='word_1_137' title='bbox 1639 1588 1698 1639; x_wconf 77' lang='grc' dir='ltr'>ού</span> <span class='ocrx_word' id='word_1_138' title='bbox 1749 1592 1852 1659; x_wconf 82' lang='grc' dir='ltr'>μὴν</span> 
     </span>
    </p>
   </div>
   <div class='ocr_carea' id='block_1_20' title="bbox 1959 433 3611 507">
    <p class='ocr_par' dir='ltr' id='par_1_20' title="bbox 1959 433 3611 507">
     <span class='ocr_line' id='line_1_20' title="bbox 1959 433 3611 507; baseline 0.004 -21"><span class='ocrx_word' id='word_1_139' title='bbox 1959 433 2242 488; x_wconf 87' lang='lat' dir='ltr'>tractatus</span> <span class='ocrx_word' id='word_1_140' title='bbox 2273 433 2632 490; x_wconf 84' lang='lat' dir='ltr'>desideravit</span> <span class='ocrx_word' id='word_1_141' title='bbox 2670 451 2738 491; x_wconf 85' lang='lat' dir='ltr'>ac</span> <span class='ocrx_word' id='word_1_142' title='bbox 2765 434 2931 507; x_wconf 85' lang='lat' dir='ltr'>petiit</span> <span class='ocrx_word' id='word_1_143' title='bbox 2960 451 2974 490; x_wconf 89' lang='lat'><strong>:</strong></span> <span class='ocrx_word' id='word_1_144' title='bbox 3008 434 3154 490; x_wconf 88' lang='lat' dir='ltr'>nihil</span> <span class='ocrx_word' id='word_1_145' title='bbox 3183 439 3339 491; x_wconf 89' lang='lat' dir='ltr'>vetat</span> <span class='ocrx_word' id='word_1_146' title='bbox 3356 435 3611 492; x_wconf 90' lang='lat' dir='ltr'>breviter</span> 
     </span>
    </p>
   </div>
   <div class='ocr_carea' id='block_1_21' title="bbox 1959 518 2610 580">
    <p class='ocr_par' dir='ltr' id='par_1_21' title="bbox 1959 518 2610 580">
     <span class='ocr_line' id='line_1_21' title="bbox 1959 518 2610 580; baseline 0.005 -5"><span class='ocrx_word' id='word_1_147' title='bbox 1959 518 2034 576; x_wconf 89' lang='lat' dir='ltr'>de</span> <span class='ocrx_word' id='word_1_148' title='bbox 2064 520 2276 578; x_wconf 86' lang='lat' dir='ltr'>iisdem</span> <span class='ocrx_word' id='word_1_149' title='bbox 2301 522 2610 580; x_wconf 84' lang='lat' dir='ltr'>disserere.</span> 
     </span>
    </p>
   </div>
   <div class='ocr_carea' id='block_1_22' title="bbox 2032 609 3610 686">
    <p class='ocr_par' dir='ltr' id='par_1_22' title="bbox 2032 609 3610 686">
     <span class='ocr_line' id='line_1_22' title="bbox 2032 609 3610 686; baseline 0.003 -23"><span class='ocrx_word' id='word_1_150' title='bbox 2032 612 2084 663; x_wconf 88' lang='lat'>3.</span> <span class='ocrx_word' id='word_1_151' title='bbox 2113 609 2606 682; x_wconf 88' lang='lat' dir='ltr'>lncorporeorum</span> <span class='ocrx_word' id='word_1_152' title='bbox 2638 613 3248 685; x_wconf 76' lang='lat' dir='ltr'>igiturrationes,qu£e</span> <span class='ocrx_word' id='word_1_153' title='bbox 3275 611 3610 686; x_wconf 84' lang='lat' dir='ltr'>subjectum</span> 
     </span>
    </p>
   </div>
   <div class='ocr_carea' id='block_1_23' title="bbox 1960 695 3613 774">
    <p class='ocr_par' dir='ltr' id='par_1_23' title="bbox 1960 695 3613 774">
     <span class='ocr_line' id='line_1_23' title="bbox 1960 695 3613 774; baseline 0.004 -24"><span class='ocrx_word' id='word_1_154' title='bbox 1960 695 2356 770; x_wconf 87' lang='lat' dir='ltr'>distinguunt,</span> <span class='ocrx_word' id='word_1_155' title='bbox 2377 700 2687 757; x_wconf 84' lang='lat' dir='ltr'>manifeste</span> <span class='ocrx_word' id='word_1_156' title='bbox 2703 707 2840 758; x_wconf 91' lang='lat' dir='ltr'>sunt</span> <span class='ocrx_word' id='word_1_157' title='bbox 2868 703 3254 773; x_wconf 66' lang='lat' dir='ltr'>incorporeas,</span> <span class='ocrx_word' id='word_1_158' title='bbox 3274 702 3418 774; x_wconf 86' lang='lat' dir='ltr'>quia</span> <span class='ocrx_word' id='word_1_159' title='bbox 3439 706 3495 758; x_wconf 89' lang='lat' dir='ltr'>et</span> <span class='ocrx_word' id='word_1_160' title='bbox 3516 717 3613 772; x_wconf 85' lang='lat' dir='ltr'>ge-</span> 
     </span>
    </p>
   </div>
   <div class='ocr_carea' id='block_1_24' title="bbox 1961 789 3612 863">
    <p class='ocr_par' dir='ltr' id='par_1_24' title="bbox 1961 789 3612 863">
     <span class='ocr_line' id='line_1_24' title="bbox 1961 789 3612 863; baseline 0.004 -24"><span class='ocrx_word' id='word_1_161' title='bbox 1961 800 2104 841; x_wconf 87' lang='lat' dir='ltr'>nera</span> <span class='ocrx_word' id='word_1_162' title='bbox 2129 803 2199 842; x_wconf 89' lang='lat' dir='ltr'>ac</span> <span class='ocrx_word' id='word_1_163' title='bbox 2231 789 2480 860; x_wconf 89' lang='lat' dir='ltr'>species,</span> <span class='ocrx_word' id='word_1_164' title='bbox 2529 807 2664 863; x_wconf 85' lang='lat' dir='ltr'>quae</span> <span class='ocrx_word' id='word_1_165' title='bbox 2692 791 2752 846; x_wconf 88' lang='lat' dir='ltr'>in</span> <span class='ocrx_word' id='word_1_166' title='bbox 2797 791 2944 863; x_wconf 91' lang='lat' dir='ltr'>ipsis</span> <span class='ocrx_word' id='word_1_167' title='bbox 2983 791 3401 855; x_wconf 88' lang='lat' dir='ltr'>continentur;</span> <span class='ocrx_word' id='word_1_168' title='bbox 3433 795 3612 862; x_wconf 87' lang='lat' dir='ltr'>atque</span> 
     </span>
    </p>
   </div>
   <div class='ocr_carea' id='block_1_25' title="bbox 1960 875 3614 951">
    <p class='ocr_par' dir='ltr' id='par_1_25' title="bbox 1960 875 3614 951">
     <span class='ocr_line' id='line_1_25' title="bbox 1960 875 3614 951; baseline 0.003 -22"><span class='ocrx_word' id='word_1_169' title='bbox 1960 875 2185 931; x_wconf 87' lang='lat' dir='ltr'>nemini</span> <span class='ocrx_word' id='word_1_170' title='bbox 2202 878 2595 935; x_wconf 85' lang='lat' dir='ltr'>consideratio</span> <span class='ocrx_word' id='word_1_171' title='bbox 2612 885 2667 935; x_wconf 93' lang='lat' dir='ltr'>et</span> <span class='ocrx_word' id='word_1_172' title='bbox 2694 879 3048 951; x_wconf 85' lang='lat' dir='ltr'>disceptatio</span> <span class='ocrx_word' id='word_1_173' title='bbox 3069 879 3142 934; x_wconf 90' lang='lat' dir='ltr'>de</span> <span class='ocrx_word' id='word_1_174' title='bbox 3163 880 3276 934; x_wconf 87' lang='lat' dir='ltr'>illis</span> <span class='ocrx_word' id='word_1_175' title='bbox 3303 879 3614 935; x_wconf 80' lang='lat' dir='ltr'>difﬁculta-</span> 
     </span>
    </p>
   </div>
   <div class='ocr_carea' id='block_1_26' title="bbox 1961 965 3613 1039">
    <p class='ocr_par' dir='ltr' id='par_1_26' title="bbox 1961 965 3613 1039">
     <span class='ocr_line' id='line_1_26' title="bbox 1961 965 3613 1039; baseline 0.003 -20"><span class='ocrx_word' id='word_1_176' title='bbox 1961 967 2076 1019; x_wconf 89' lang='lat' dir='ltr'>tem</span> <span class='ocrx_word' id='word_1_177' title='bbox 2102 965 2286 1021; x_wconf 89' lang='lat' dir='ltr'>ullam</span> <span class='ocrx_word' id='word_1_178' title='bbox 2304 966 2536 1022; x_wconf 89' lang='lat' dir='ltr'>videtur</span> <span class='ocrx_word' id='word_1_179' title='bbox 2561 969 2854 1024; x_wconf 83' lang='lat' dir='ltr'>exhibere.</span> <span class='ocrx_word' id='word_1_180' title='bbox 2878 969 3154 1025; x_wconf 78' lang='lat' dir='ltr'>Rationes</span> <span class='ocrx_word' id='word_1_181' title='bbox 3186 973 3385 1024; x_wconf 90' lang='lat' dir='ltr'>autem</span> <span class='ocrx_word' id='word_1_182' title='bbox 3411 969 3613 1039; x_wconf 82' lang='lat' dir='ltr'>corpo-</span> 
     </span>
    </p>
   </div>
   <div class='ocr_carea' id='block_1_27' title="bbox 1959 1056 3610 1129">
    <p class='ocr_par' dir='ltr' id='par_1_27' title="bbox 1959 1056 3610 1129">
     <span class='ocr_line' id='line_1_27' title="bbox 1959 1056 3610 1129; baseline 0.003 -21"><span class='ocrx_word' id='word_1_183' title='bbox 1959 1068 2117 1119; x_wconf 85' lang='lat' dir='ltr'>rum,</span> <span class='ocrx_word' id='word_1_184' title='bbox 2147 1056 2453 1125; x_wconf 92' lang='lat' dir='ltr'>quomodo</span> <span class='ocrx_word' id='word_1_185' title='bbox 2505 1072 2759 1129; x_wconf 87' lang='lat' dir='ltr'>corpora</span> <span class='ocrx_word' id='word_1_186' title='bbox 2785 1056 3000 1113; x_wconf 83' lang='lat' dir='ltr'>fuerint</span> <span class='ocrx_word' id='word_1_187' title='bbox 3042 1056 3274 1114; x_wconf 85' lang='lat' dir='ltr'>etiamsi</span> <span class='ocrx_word' id='word_1_188' title='bbox 3301 1057 3610 1129; x_wconf 85' lang='lat' dir='ltr'>proportio</span> 
     </span>
    </p>
   </div>
   <div class='ocr_carea' id='block_1_28' title="bbox 1960 1143 3614 1216">
    <p class='ocr_par' dir='ltr' id='par_1_28' title="bbox 1960 1143 3614 1216">
     <span class='ocr_line' id='line_1_28' title="bbox 1960 1143 3614 1216; baseline 0.002 -18"><span class='ocrx_word' id='word_1_189' title='bbox 1960 1143 2022 1198; x_wconf 92' lang='lat' dir='ltr'>id</span> <span class='ocrx_word' id='word_1_190' title='bbox 2047 1143 2243 1214; x_wconf 86' lang='lat' dir='ltr'>prima</span> <span class='ocrx_word' id='word_1_191' title='bbox 2285 1144 2476 1201; x_wconf 87' lang='lat' dir='ltr'>fronte</span> <span class='ocrx_word' id='word_1_192' title='bbox 2521 1146 2792 1202; x_wconf 87' lang='lat' dir='ltr'>videatur</span> <span class='ocrx_word' id='word_1_193' title='bbox 2831 1147 3066 1216; x_wconf 83' lang='lat' dir='ltr'>exigere</span> <span class='ocrx_word' id='word_1_194' title='bbox 3091 1146 3119 1200; x_wconf 86' lang='lat'><strong>?</strong></span> <span class='ocrx_word' id='word_1_195' title='bbox 3159 1146 3324 1202; x_wconf 85' lang='lat' dir='ltr'>Ratio</span> <span class='ocrx_word' id='word_1_196' title='bbox 3353 1147 3512 1201; x_wconf 91' lang='lat' dir='ltr'>enim</span> <span class='ocrx_word' id='word_1_197' title='bbox 3557 1151 3614 1202; x_wconf 90' lang='lat' dir='ltr'>et</span> 
     </span>
    </p>
   </div>
   <div class='ocr_carea' id='block_1_29' title="bbox 1961 1232 3608 1305">
    <p class='ocr_par' dir='ltr' id='par_1_29' title="bbox 1961 1232 3608 1305">
     <span class='ocr_line' id='line_1_29' title="bbox 1961 1232 3608 1305; baseline 0.001 -18"><span class='ocrx_word' id='word_1_198' title='bbox 1961 1247 2180 1304; x_wconf 90' lang='lat' dir='ltr'>corpus</span> <span class='ocrx_word' id='word_1_199' title='bbox 2196 1232 2419 1290; x_wconf 89' lang='lat' dir='ltr'>nullam</span> <span class='ocrx_word' id='word_1_200' title='bbox 2434 1234 2756 1291; x_wconf 80' lang='lat' dir='ltr'>adinvicem</span> <span class='ocrx_word' id='word_1_201' title='bbox 2771 1237 3239 1291; x_wconf 89' lang='lat' dir='ltr'>communionem</span> <span class='ocrx_word' id='word_1_202' title='bbox 3255 1239 3608 1305; x_wconf 88' lang='lat' dir='ltr'>agnoscunt,</span> 
     </span>
    </p>
   </div>
   <div class='ocr_carea' id='block_1_30' title="bbox 1964 1318 3612 1395">
    <p class='ocr_par' dir='ltr' id='par_1_30' title="bbox 1964 1318 3612 1395">
     <span class='ocr_line' id='line_1_30' title="bbox 1964 1318 3612 1395; baseline 0.001 -20"><span class='ocrx_word' id='word_1_203' title='bbox 1964 1318 2020 1375; x_wconf 94' lang='lat' dir='ltr'>Si</span> <span class='ocrx_word' id='word_1_204' title='bbox 2041 1335 2178 1375; x_wconf 85' lang='lat' dir='ltr'>vero</span> <span class='ocrx_word' id='word_1_205' title='bbox 2199 1322 2350 1376; x_wconf 82' lang='lat' dir='ltr'>ratio</span> <span class='ocrx_word' id='word_1_206' title='bbox 2375 1338 2410 1376; x_wconf 91' lang='lat' dir='ltr'>a</span> <span class='ocrx_word' id='word_1_207' title='bbox 2453 1337 2702 1394; x_wconf 90' lang='lat' dir='ltr'>corpore</span> <span class='ocrx_word' id='word_1_208' title='bbox 2740 1322 2977 1378; x_wconf 91' lang='lat' dir='ltr'>diversa</span> <span class='ocrx_word' id='word_1_209' title='bbox 3008 1327 3112 1388; x_wconf 91' lang='lat' dir='ltr'>est,</span> <span class='ocrx_word' id='word_1_210' title='bbox 3153 1322 3458 1395; x_wconf 91' lang='lat' dir='ltr'>quomodo</span> <span class='ocrx_word' id='word_1_211' title='bbox 3488 1337 3612 1377; x_wconf 88' lang='lat' dir='ltr'>non</span> 
     </span>
    </p>
   </div>
   <div class='ocr_carea' id='block_1_31' title="bbox 1961 1409 3614 1483">
    <p class='ocr_par' dir='ltr' id='par_1_31' title="bbox 1961 1409 3614 1483">
     <span class='ocr_line' id='line_1_31' title="bbox 1961 1409 3614 1483; baseline 0.002 -20"><span class='ocrx_word' id='word_1_212' title='bbox 1961 1423 2032 1464; x_wconf 91' lang='lat' dir='ltr'>ea</span> <span class='ocrx_word' id='word_1_213' title='bbox 2056 1424 2191 1480; x_wconf 70' lang='lat' dir='ltr'>quae</span> <span class='ocrx_word' id='word_1_214' title='bbox 2218 1409 2518 1481; x_wconf 91' lang='lat' dir='ltr'>complent</span> <span class='ocrx_word' id='word_1_215' title='bbox 2539 1411 2829 1467; x_wconf 89' lang='lat' dir='ltr'>rationem</span> <span class='ocrx_word' id='word_1_216' title='bbox 2857 1426 3076 1480; x_wconf 90' lang='lat' dir='ltr'>genera</span> <span class='ocrx_word' id='word_1_217' title='bbox 3097 1427 3166 1467; x_wconf 90' lang='lat' dir='ltr'>ac</span> <span class='ocrx_word' id='word_1_218' title='bbox 3195 1411 3422 1483; x_wconf 88' lang='lat' dir='ltr'>species</span> <span class='ocrx_word' id='word_1_219' title='bbox 3447 1426 3614 1466; x_wconf 87' lang='lat' dir='ltr'>eam-</span> 
     </span>
    </p>
   </div>
   <div class='ocr_carea' id='block_1_32' title="bbox 1960 1497 3615 1569">
    <p class='ocr_par' dir='ltr' id='par_1_32' title="bbox 1960 1497 3615 1569">
     <span class='ocr_line' id='line_1_32' title="bbox 1960 1497 3615 1569; baseline 0.002 -17"><span class='ocrx_word' id='word_1_220' title='bbox 1960 1497 2099 1553; x_wconf 90' lang='lat' dir='ltr'>dem</span> <span class='ocrx_word' id='word_1_221' title='bbox 2124 1498 2362 1569; x_wconf 82' lang='lat' dir='ltr'>exigant</span> <span class='ocrx_word' id='word_1_222' title='bbox 2381 1499 2785 1555; x_wconf 90' lang='lat' dir='ltr'>diversitatem</span> <span class='ocrx_word' id='word_1_223' title='bbox 2815 1501 2844 1555; x_wconf 82' lang='lat'>?</span> <span class='ocrx_word' id='word_1_224' title='bbox 2876 1501 3189 1566; x_wconf 87' lang='lat' dir='ltr'>Quomodo</span> <span class='ocrx_word' id='word_1_225' title='bbox 3221 1517 3359 1555; x_wconf 87' lang='lat' dir='ltr'>vero</span> <span class='ocrx_word' id='word_1_226' title='bbox 3380 1501 3454 1556; x_wconf 92' lang='lat' dir='ltr'>de</span> <span class='ocrx_word' id='word_1_227' title='bbox 3486 1515 3615 1555; x_wconf 80' lang='lat' dir='ltr'>cor-</span> 
     </span>
    </p>
   </div>
   <div class='ocr_carea' id='block_1_33' title="bbox 1961 1586 3612 1660">
    <p class='ocr_par' dir='ltr' id='par_1_33' title="bbox 1961 1586 3612 1660">
     <span class='ocr_line' id='line_1_33' title="bbox 1961 1586 3612 1660; baseline 0.001 -18"><span class='ocrx_word' id='word_1_228' title='bbox 1961 1586 2210 1658; x_wconf 86' lang='lat' dir='ltr'>poribus</span> <span class='ocrx_word' id='word_1_229' title='bbox 2260 1587 2674 1658; x_wconf 86' lang='lat' dir='ltr'>incorporeum</span> <span class='ocrx_word' id='word_1_230' title='bbox 2721 1589 3070 1660; x_wconf 86' lang='lat' dir='ltr'>praedicetur</span> <span class='ocrx_word' id='word_1_231' title='bbox 3113 1588 3141 1643; x_wconf 70' lang='lat'><strong>7</strong></span> <span class='ocrx_word' id='word_1_232' title='bbox 3179 1589 3268 1644; x_wconf 88' lang='lat' dir='ltr'>An</span> <span class='ocrx_word' id='word_1_233' title='bbox 3314 1604 3454 1645; x_wconf 89' lang='lat' dir='ltr'>vero</span> <span class='ocrx_word' id='word_1_234' title='bbox 3491 1605 3612 1644; x_wconf 90' lang='lat' dir='ltr'>non</span> 
     </span>
    </p>
   </div>
   <div class='ocr_carea' id='block_1_34' title="bbox 243 1671 1855 1750">
    <p class='ocr_par' dir='ltr' id='par_1_34' title="bbox 243 1671 1846 1747">
     <span class='ocr_line' id='line_1_34' title="bbox 243 1671 1846 1747; baseline -0.001 -19"><span class='ocrx_word' id='word_1_235' title='bbox 243 1675 360 1728; x_wconf 75' lang='grc' dir='ltr'>ἀλλ’</span> <span class='ocrx_word' id='word_1_236' title='bbox 391 1671 517 1728; x_wconf 72' lang='grc' dir='ltr'>ούδέ</span> <span class='ocrx_word' id='word_1_237' title='bbox 544 1693 604 1747; x_wconf 83' lang='grc' dir='ltr'>γε</span> <span class='ocrx_word' id='word_1_238' title='bbox 637 1675 892 1746; x_wconf 88' lang='grc' dir='ltr'>σωμάτων</span> <span class='ocrx_word' id='word_1_239' title='bbox 937 1675 1057 1733; x_wconf 77' lang='grc' dir='ltr'>ἧκεν</span> <span class='ocrx_word' id='word_1_240' title='bbox 1102 1675 1173 1736; x_wconf 86' lang='grc' dir='ltr'>εἰς</span> <span class='ocrx_word' id='word_1_241' title='bbox 1215 1679 1384 1747; x_wconf 78' lang='grc' dir='ltr'><strong>ὄγκον,</strong></span> <span class='ocrx_word' id='word_1_242' title='bbox 1417 1672 1540 1728; x_wconf 70' lang='grc' dir='ltr'>οὐδὲ</span> <span class='ocrx_word' id='word_1_243' title='bbox 1570 1680 1663 1734; x_wconf 78' lang='grc' dir='ltr'>τὴν</span> <span class='ocrx_word' id='word_1_244' title='bbox 1702 1675 1846 1746; x_wconf 80' lang='grc' dir='ltr'>ὕλην,</span> 
     </span>
    </p>
   </div>
   <div class='ocr_carea' id='block_1_35' title="bbox 1965 1671 3612 1750">
    <p class='ocr_par' dir='ltr' id='par_1_35' title="bbox 1965 1676 3612 1750">
     <span class='ocr_line' id='line_1_35' title="bbox 1965 1676 3612 1750; baseline 0.001 -19"><span class='ocrx_word' id='word_1_245' title='bbox 1965 1681 2132 1731; x_wconf 88' lang='lat' dir='ltr'>erunt</span> <span class='ocrx_word' id='word_1_246' title='bbox 2152 1676 2504 1748; x_wconf 83' lang='lat' dir='ltr'>incorporea</span> <span class='ocrx_word' id='word_1_247' title='bbox 2528 1693 2733 1733; x_wconf 89' lang='lat' dir='ltr'>eorum</span> <span class='ocrx_word' id='word_1_248' title='bbox 2755 1693 2975 1748; x_wconf 91' lang='lat' dir='ltr'>genera</span> <span class='ocrx_word' id='word_1_249' title='bbox 2995 1693 3190 1750; x_wconf 90' lang='lat' dir='ltr'>neque</span> <span class='ocrx_word' id='word_1_250' title='bbox 3217 1679 3465 1749; x_wconf 88' lang='lat' dir='ltr'>species,</span> <span class='ocrx_word' id='word_1_251' title='bbox 3489 1679 3612 1733; x_wconf 91' lang='lat' dir='ltr'>imo</span> 
     </span>
    </p>
   </div>
   <div class='ocr_carea' id='block_1_36' title="bbox 242 1761 1854 1838">
    <p class='ocr_par' dir='ltr' id='par_1_36' title="bbox 242 1761 1854 1838">
     <span class='ocr_line' id='line_1_36' title="bbox 242 1761 1854 1838; baseline 0 -22"><span class='ocrx_word' id='word_1_252' title='bbox 242 1763 298 1816; x_wconf 75' lang='grc' dir='ltr'>ἓν</span> <span class='ocrx_word' id='word_1_253' title='bbox 398 1768 457 1816; x_wconf 90' lang='grc' dir='ltr'>τό</span> <span class='ocrx_word' id='word_1_254' title='bbox 496 1763 755 1838; x_wconf 81' lang='grc' dir='ltr'>πλήρωμα</span> <span class='ocrx_word' id='word_1_255' title='bbox 807 1766 1090 1821; x_wconf 84' lang='grc' dir='ltr'>συνέστηκε</span> <span class='ocrx_word' id='word_1_256' title='bbox 1154 1773 1253 1816; x_wconf 86' lang='grc' dir='ltr'>τῶν</span> <span class='ocrx_word' id='word_1_257' title='bbox 1321 1761 1668 1829; x_wconf 73' lang='grc' dir='ltr'>διαστάσεων,</span> <span class='ocrx_word' id='word_1_258' title='bbox 1723 1766 1854 1816; x_wconf 83' lang='grc' dir='ltr'>ύπο-</span> 
     </span>
    </p>
   </div>
   <div class='ocr_carea' id='block_1_37' title="bbox 243 1849 1853 1925">
    <p class='ocr_par' dir='ltr' id='par_1_37' title="bbox 243 1849 1853 1925">
     <span class='ocr_line' id='line_1_37' title="bbox 243 1849 1853 1925; baseline 0 -19"><span class='ocrx_word' id='word_1_259' title='bbox 243 1853 493 1906; x_wconf 80' lang='grc' dir='ltr'>ϐάλλεται</span> <span class='ocrx_word' id='word_1_260' title='bbox 524 1871 538 1883; x_wconf 84' lang='grc'><strong>·</strong></span> <span class='ocrx_word' id='word_1_261' title='bbox 584 1855 864 1924; x_wconf 86' lang='grc' dir='ltr'>σωματικά</span> <span class='ocrx_word' id='word_1_262' title='bbox 915 1849 974 1904; x_wconf 73' lang='grc' dir='ltr'>δὲ</span> <span class='ocrx_word' id='word_1_263' title='bbox 1015 1855 1216 1914; x_wconf 90' lang='grc' dir='ltr'>πάντως</span> <span class='ocrx_word' id='word_1_264' title='bbox 1267 1857 1356 1904; x_wconf 82' lang='grc' dir='ltr'>καὶ</span> <span class='ocrx_word' id='word_1_265' title='bbox 1421 1859 1538 1925; x_wconf 82' lang='grc' dir='ltr'>περὶ</span> <span class='ocrx_word' id='word_1_266' title='bbox 1587 1861 1742 1925; x_wconf 86' lang='grc' dir='ltr'>σῶμα</span> <span class='ocrx_word' id='word_1_267' title='bbox 1777 1853 1853 1906; x_wconf 89' lang='grc' dir='ltr'>λε-</span> 
     </span>
    </p>
   </div>
   <div class='ocr_carea' id='block_1_38' title="bbox 241 1940 1852 2014">
    <p class='ocr_par' dir='ltr' id='par_1_38' title="bbox 241 1940 1852 2014">
     <span class='ocr_line' id='line_1_38' title="bbox 241 1940 1852 2014; baseline -0.001 -20"><span class='ocrx_word' id='word_1_268' title='bbox 241 1947 447 2014; x_wconf 79' lang='grc' dir='ltr'>γόμενα</span> <span class='ocrx_word' id='word_1_269' title='bbox 480 1958 494 2009; x_wconf 91' lang='grc'><strong>;</strong></span> <span class='ocrx_word' id='word_1_270' title='bbox 525 1949 678 2013; x_wconf 87' lang='grc' dir='ltr'>σῶμα</span> <span class='ocrx_word' id='word_1_271' title='bbox 729 1943 828 2014; x_wconf 79' lang='grc' dir='ltr'>γὰρ</span> <span class='ocrx_word' id='word_1_272' title='bbox 891 1940 1232 2014; x_wconf 85' lang='grc' dir='ltr'>ἐρμηνεύουσι</span> <span class='ocrx_word' id='word_1_273' title='bbox 1287 1947 1378 1994; x_wconf 83' lang='grc' dir='ltr'>καὶ</span> <span class='ocrx_word' id='word_1_274' title='bbox 1441 1941 1852 2013; x_wconf 76' lang='grc' dir='ltr'>ἀπαγγέλλουσιν</span> 
     </span>
    </p>
   </div>
   <div class='ocr_carea' id='block_1_39' title="bbox 241 2031 1850 2103">
    <p class='ocr_par' dir='ltr' id='par_1_39' title="bbox 241 2031 1850 2103">
     <span class='ocr_line' id='line_1_39' title="bbox 241 2031 1850 2103; baseline -0.001 -19"><span class='ocrx_word' id='word_1_275' title='bbox 241 2034 582 2102; x_wconf 79' lang='grc' dir='ltr'>ὑποκείμενον</span> <span class='ocrx_word' id='word_1_276' title='bbox 609 2047 622 2059; x_wconf 74' lang='grc' dir='ltr'>ο</span> <span class='ocrx_word' id='word_1_277' title='bbox 657 2031 683 2082; x_wconf 97' lang='lat'>6</span> <span class='ocrx_word' id='word_1_278' title='bbox 712 2032 814 2103; x_wconf 87' lang='grc' dir='ltr'>γάρ</span> <span class='ocrx_word' id='word_1_279' title='bbox 861 2031 1131 2102; x_wconf 80' lang='grc' dir='ltr'>ἄνθρωπος</span> <span class='ocrx_word' id='word_1_280' title='bbox 1173 2034 1340 2102; x_wconf 82' lang='grc' dir='ltr'>τυχόν</span> <span class='ocrx_word' id='word_1_281' title='bbox 1386 2034 1683 2103; x_wconf 86' lang='grc' dir='ltr'>σωματικὸν</span> <span class='ocrx_word' id='word_1_282' title='bbox 1739 2034 1850 2103; x_wconf 68' lang='grc' dir='ltr'>μὲν,</span> 
     </span>
    </p>
   </div>
   <div class='ocr_carea' id='block_1_40' title="bbox 243 2118 1853 2194">
    <p class='ocr_par' dir='ltr' id='par_1_40' title="bbox 243 2118 1853 2194">
     <span class='ocr_line' id='line_1_40' title="bbox 243 2118 1853 2194; baseline -0.002 -21"><span class='ocrx_word' id='word_1_283' title='bbox 243 2123 332 2173; x_wconf 86' lang='grc' dir='ltr'>ὅτι</span> <span class='ocrx_word' id='word_1_284' title='bbox 384 2123 474 2172; x_wconf 89' lang='grc' dir='ltr'>τόν</span> <span class='ocrx_word' id='word_1_285' title='bbox 505 2121 779 2194; x_wconf 79' lang='grc' dir='ltr'>Σωκράτην</span> <span class='ocrx_word' id='word_1_286' title='bbox 805 2119 835 2176; x_wconf 76' lang='grc' dir='ltr'>ἡ</span> <span class='ocrx_word' id='word_1_287' title='bbox 865 2122 951 2170; x_wconf 87' lang='grc' dir='ltr'>τόν</span> <span class='ocrx_word' id='word_1_288' title='bbox 998 2118 1248 2171; x_wconf 89' lang='grc' dir='ltr'>Πλάτωνα</span> <span class='ocrx_word' id='word_1_289' title='bbox 1280 2127 1433 2191; x_wconf 84' lang='grc' dir='ltr'>σῶμα</span> <span class='ocrx_word' id='word_1_290' title='bbox 1461 2123 1583 2171; x_wconf 86' lang='grc' dir='ltr'>ὄντα</span> <span class='ocrx_word' id='word_1_291' title='bbox 1611 2119 1853 2191; x_wconf 78' lang='grc' dir='ltr'>ὀνομάζει</span> 
     </span>
    </p>
   </div>
   <div class='ocr_carea' id='block_1_41' title="bbox 243 2206 1849 2280">
    <p class='ocr_par' dir='ltr' id='par_1_41' title="bbox 243 2206 1849 2280">
     <span class='ocr_line' id='line_1_41' title="bbox 243 2206 1849 2280; baseline -0.001 -19"><span class='ocrx_word' id='word_1_292' title='bbox 243 2214 340 2261; x_wconf 78' lang='grc' dir='ltr'>καὶ</span> <span class='ocrx_word' id='word_1_293' title='bbox 375 2213 469 2267; x_wconf 80' lang='grc' dir='ltr'>τὴν</span> <span class='ocrx_word' id='word_1_294' title='bbox 522 2207 689 2260; x_wconf 75' lang='grc' dir='ltr'>αὐτῶν</span> <span class='ocrx_word' id='word_1_295' title='bbox 733 2207 914 2260; x_wconf 81' lang='grc' dir='ltr'>ούσίαν</span> <span class='ocrx_word' id='word_1_296' title='bbox 970 2206 1316 2260; x_wconf 79' lang='grc' dir='ltr'>ἀναπτύσσων</span> <span class='ocrx_word' id='word_1_297' title='bbox 1359 2217 1459 2260; x_wconf 87' lang='grc' dir='ltr'>τῶν</span> <span class='ocrx_word' id='word_1_298' title='bbox 1491 2210 1744 2280; x_wconf 84' lang='grc' dir='ltr'>ὁμογενῶν</span> <span class='ocrx_word' id='word_1_299' title='bbox 1786 2215 1849 2280; x_wconf 73' lang='grc' dir='ltr'>τῇ</span> 
     </span>
    </p>
   </div>
   <div class='ocr_carea' id='block_1_42' title="bbox 242 2295 1850 2370">
    <p class='ocr_par' dir='ltr' id='par_1_42' title="bbox 242 2295 1850 2370">
     <span class='ocr_line' id='line_1_42' title="bbox 242 2295 1850 2370; baseline -0.001 -20"><span class='ocrx_word' id='word_1_300' title='bbox 242 2298 436 2356; x_wconf 72' lang='grc' dir='ltr'>κλήσει</span> <span class='ocrx_word' id='word_1_301' title='bbox 475 2295 767 2351; x_wconf 74' lang='grc' dir='ltr'>διαστέλλει</span> <span class='ocrx_word' id='word_1_302' title='bbox 809 2315 821 2326; x_wconf 89' lang='grc'><strong>·</strong></span> <span class='ocrx_word' id='word_1_303' title='bbox 857 2295 984 2349; x_wconf 84' lang='grc' dir='ltr'>ἀλλά</span> <span class='ocrx_word' id='word_1_304' title='bbox 1011 2305 1142 2360; x_wconf 89' lang='grc' dir='ltr'>πῶς,</span> <span class='ocrx_word' id='word_1_305' title='bbox 1172 2297 1214 2349; x_wconf 86' lang='grc' dir='ltr'>εἰ</span> <span class='ocrx_word' id='word_1_306' title='bbox 1242 2298 1267 2349; x_wconf 88' lang='lat'>6</span> <span class='ocrx_word' id='word_1_307' title='bbox 1297 2299 1564 2370; x_wconf 80' lang='grc' dir='ltr'>ἄνθρωπος</span> <span class='ocrx_word' id='word_1_308' title='bbox 1591 2297 1650 2350; x_wconf 76' lang='grc' dir='ltr'>οὐ</span> <span class='ocrx_word' id='word_1_309' title='bbox 1679 2306 1850 2370; x_wconf 86' lang='grc' dir='ltr'>σῶμα,</span> 
     </span>
    </p>
   </div>
   <div class='ocr_carea' id='block_1_43' title="bbox 244 2384 1855 2460">
    <p class='ocr_par' dir='ltr' id='par_1_43' title="bbox 244 2384 1855 2460">
     <span class='ocr_line' id='line_1_43' title="bbox 244 2384 1855 2460; baseline -0.001 -21"><span class='ocrx_word' id='word_1_310' title='bbox 244 2389 273 2439; x_wconf 93' lang='lat'>6</span> <span class='ocrx_word' id='word_1_311' title='bbox 309 2384 370 2439; x_wconf 71' lang='grc' dir='ltr'>δε</span> <span class='ocrx_word' id='word_1_312' title='bbox 411 2389 684 2459; x_wconf 79' lang='grc' dir='ltr'>Σωκράτης</span> <span class='ocrx_word' id='word_1_313' title='bbox 741 2388 1028 2459; x_wconf 80' lang='grc' dir='ltr'>ἄνθρωπος,</span> <span class='ocrx_word' id='word_1_314' title='bbox 1086 2385 1213 2457; x_wconf 76' lang='grc' dir='ltr'>οὐχὶ</span> <span class='ocrx_word' id='word_1_315' title='bbox 1241 2387 1266 2437; x_wconf 95' lang='lat'>6</span> <span class='ocrx_word' id='word_1_316' title='bbox 1297 2389 1573 2460; x_wconf 81' lang='grc' dir='ltr'>Σωκράτης</span> <span class='ocrx_word' id='word_1_317' title='bbox 1617 2386 1675 2438; x_wconf 76' lang='grc' dir='ltr'>ού</span> <span class='ocrx_word' id='word_1_318' title='bbox 1717 2405 1855 2458; x_wconf 90' lang='grc' dir='ltr'>συμ-</span> 
     </span>
    </p>
   </div>
   <div class='ocr_carea' id='block_1_44' title="bbox 242 2474 1852 2549">
    <p class='ocr_par' dir='ltr' id='par_1_44' title="bbox 242 2474 1852 2549">
     <span class='ocr_line' id='line_1_44' title="bbox 242 2474 1852 2549; baseline -0.002 -21"><span class='ocrx_word' id='word_1_319' title='bbox 242 2478 635 2548; x_wconf 64' lang='grc' dir='ltr'>περωθὴσεται</span> <span class='ocrx_word' id='word_1_320' title='bbox 683 2481 752 2547; x_wconf 80' lang='grc' dir='ltr'>μὴ</span> <span class='ocrx_word' id='word_1_321' title='bbox 812 2485 966 2548; x_wconf 81' lang='grc' dir='ltr'>σῶμα</span> <span class='ocrx_word' id='word_1_322' title='bbox 997 2492 1010 2541; x_wconf 89' lang='grc'>;</span> <span class='ocrx_word' id='word_1_323' title='bbox 1044 2483 1208 2528; x_wconf 82' lang='grc' dir='ltr'>Τοῦτο</span> <span class='ocrx_word' id='word_1_324' title='bbox 1262 2479 1359 2549; x_wconf 83' lang='grc' dir='ltr'>γὰρ</span> <span class='ocrx_word' id='word_1_325' title='bbox 1417 2479 1502 2527; x_wconf 76' lang='grc' dir='ltr'>καὶ</span> <span class='ocrx_word' id='word_1_326' title='bbox 1548 2478 1593 2527; x_wconf 83' lang='grc' dir='ltr'>εἶ</span> <span class='ocrx_word' id='word_1_327' title='bbox 1643 2495 1693 2526; x_wconf 93' lang='grc' dir='ltr'>τι</span> <span class='ocrx_word' id='word_1_328' title='bbox 1731 2474 1852 2526; x_wconf 81' lang='grc' dir='ltr'>ἄλλο</span> 
     </span>
    </p>
   </div>
   <div class='ocr_carea' id='block_1_45' title="bbox 245 2561 1852 2638">
    <p class='ocr_par' dir='ltr' id='par_1_45' title="bbox 245 2561 1852 2638">
     <span class='ocr_line' id='line_1_45' title="bbox 245 2561 1852 2638; baseline -0.002 -21"><span class='ocrx_word' id='word_1_329' title='bbox 245 2563 620 2638; x_wconf 82' lang='grc' dir='ltr'>παραπλήσιον</span> <span class='ocrx_word' id='word_1_330' title='bbox 670 2561 815 2616; x_wconf 77' lang='grc' dir='ltr'>δοκεῖ</span> <span class='ocrx_word' id='word_1_331' title='bbox 870 2572 970 2616; x_wconf 87' lang='grc' dir='ltr'>τῶν</span> <span class='ocrx_word' id='word_1_332' title='bbox 1019 2563 1369 2637; x_wconf 88' lang='grc' dir='ltr'>ἀπορημάτων</span> <span class='ocrx_word' id='word_1_333' title='bbox 1420 2561 1546 2616; x_wconf 82' lang='grc' dir='ltr'>εἶναι</span> <span class='ocrx_word' id='word_1_334' title='bbox 1589 2567 1646 2616; x_wconf 88' lang='grc' dir='ltr'>τὸ</span> <span class='ocrx_word' id='word_1_335' title='bbox 1677 2565 1852 2637; x_wconf 88' lang='grc' dir='ltr'>κράτι-</span> 
     </span>
    </p>
   </div>
   <div class='ocr_carea' id='block_1_46' title="bbox 246 2649 1852 2726">
    <p class='ocr_par' dir='ltr' id='par_1_46' title="bbox 246 2649 1852 2726">
     <span class='ocr_line' id='line_1_46' title="bbox 246 2649 1852 2726; baseline -0.002 -19"><span class='ocrx_word' id='word_1_336' title='bbox 246 2673 397 2708; x_wconf 87' lang='grc' dir='ltr'>στον.</span> <span class='ocrx_word' id='word_1_337' title='bbox 432 2653 566 2705; x_wconf 82' lang='grc' dir='ltr'>Ἀλλ’</span> <span class='ocrx_word' id='word_1_338' title='bbox 593 2649 746 2705; x_wconf 73' lang='grc' dir='ltr'>οὐδὲν</span> <span class='ocrx_word' id='word_1_339' title='bbox 775 2652 1008 2724; x_wconf 87' lang='grc' dir='ltr'>χαλεπὸν</span> <span class='ocrx_word' id='word_1_340' title='bbox 1035 2651 1386 2706; x_wconf 80' lang='grc' dir='ltr'>ἐπιλύσασθαι</span> <span class='ocrx_word' id='word_1_341' title='bbox 1417 2667 1431 2682; x_wconf 90' lang='grc'><strong>·</strong></span> <span class='ocrx_word' id='word_1_342' title='bbox 1461 2652 1508 2704; x_wconf 86' lang='grc' dir='ltr'><strong>ἐν</strong></span> <span class='ocrx_word' id='word_1_343' title='bbox 1537 2658 1725 2726; x_wconf 85' lang='grc' dir='ltr'>πρώτῳ</span> <span class='ocrx_word' id='word_1_344' title='bbox 1750 2655 1852 2724; x_wconf 82' lang='grc' dir='ltr'>γὰρ</span> 
     </span>
    </p>
   </div>
   <div class='ocr_carea' id='block_1_47' title="bbox 247 2740 1854 2822">
    <p class='ocr_par' dir='ltr' id='par_1_47' title="bbox 247 2740 1854 2822">
     <span class='ocr_line' id='line_1_47' title="bbox 247 2740 1854 2822; baseline -0.001 -27"><span class='ocrx_word' id='word_1_345' title='bbox 247 2746 504 2822; x_wconf 75' lang='grc' dir='ltr'>σχήματι</span> <span class='ocrx_word' id='word_1_346' title='bbox 567 2748 672 2801; x_wconf 93' lang='grc' dir='ltr'>τοῖς</span> <span class='ocrx_word' id='word_1_347' title='bbox 718 2747 939 2814; x_wconf 87' lang='grc' dir='ltr'>συνορᾲν</span> <span class='ocrx_word' id='word_1_348' title='bbox 1001 2740 1260 2794; x_wconf 64' lang='grc' dir='ltr'>ἐθέλουσιν</span> <span class='ocrx_word' id='word_1_349' title='bbox 1290 2743 1319 2799; x_wconf 80' lang='grc' dir='ltr'>ἡ</span> <span class='ocrx_word' id='word_1_350' title='bbox 1355 2742 1546 2814; x_wconf 78' lang='grc' dir='ltr'>μείζων</span> <span class='ocrx_word' id='word_1_351' title='bbox 1601 2745 1854 2812; x_wconf 90' lang='grc' dir='ltr'>πρότασις</span> 
     </span>
    </p>
   </div>
   <div class='ocr_carea' id='block_1_48' title="bbox 242 2828 1850 2906">
    <p class='ocr_par' dir='ltr' id='par_1_48' title="bbox 242 2828 1850 2906">
     <span class='ocr_line' id='line_1_48' title="bbox 242 2828 1850 2906; baseline -0.002 -23"><span class='ocrx_word' id='word_1_352' title='bbox 242 2831 438 2906; x_wconf 76' lang='grc' dir='ltr'>μερικὴ</span> <span class='ocrx_word' id='word_1_353' title='bbox 491 2828 952 2904; x_wconf 80' lang='grc' dir='ltr'>παραλαμϐάνεται</span> <span class='ocrx_word' id='word_1_354' title='bbox 983 2847 996 2861; x_wconf 73' lang='grc'><strong><em>⁸</em></strong></span> <span class='ocrx_word' id='word_1_355' title='bbox 1031 2829 1166 2882; x_wconf 81' lang='grc' dir='ltr'>οὕτω</span> <span class='ocrx_word' id='word_1_356' title='bbox 1217 2834 1317 2903; x_wconf 84' lang='grc' dir='ltr'>γὰρ</span> <span class='ocrx_word' id='word_1_357' title='bbox 1381 2835 1471 2882; x_wconf 81' lang='grc' dir='ltr'>καὶ</span> <span class='ocrx_word' id='word_1_358' title='bbox 1519 2831 1850 2904; x_wconf 80' lang='grc' dir='ltr'>προαγὸμένη</span> 
     </span>
    </p>
   </div>
   <div class='ocr_carea' id='block_1_49' title="bbox 242 2915 1852 2982">
    <p class='ocr_par' dir='ltr' id='par_1_49' title="bbox 242 2915 1852 2982">
     <span class='ocr_line' id='line_1_49' title="bbox 242 2915 1852 2982; baseline -0.001 -10"><span class='ocrx_word' id='word_1_359' title='bbox 242 2929 347 2980; x_wconf 83' lang='grc' dir='ltr'>τῆς</span> <span class='ocrx_word' id='word_1_360' title='bbox 386 2918 635 2979; x_wconf 77' lang='grc' dir='ltr'>ἀληθείας</span> <span class='ocrx_word' id='word_1_361' title='bbox 677 2919 771 2970; x_wconf 81' lang='grc' dir='ltr'>ούκ</span> <span class='ocrx_word' id='word_1_362' title='bbox 801 2917 1066 2982; x_wconf 81' lang='grc' dir='ltr'>ἐξίσταται</span> <span class='ocrx_word' id='word_1_363' title='bbox 1095 2936 1108 2949; x_wconf 82' lang='grc'>⁸</span> <span class='ocrx_word' id='word_1_364' title='bbox 1148 2919 1191 2972; x_wconf 86' lang='grc' dir='ltr'>εἰ</span> <span class='ocrx_word' id='word_1_365' title='bbox 1240 2915 1299 2972; x_wconf 80' lang='grc' dir='ltr'>δέ</span> <span class='ocrx_word' id='word_1_366' title='bbox 1346 2939 1426 2980; x_wconf 85' lang='grc' dir='ltr'>τις</span> <span class='ocrx_word' id='word_1_367' title='bbox 1473 2919 1631 2978; x_wconf 75' lang='grc' dir='ltr'>αὐτὴν</span> <span class='ocrx_word' id='word_1_368' title='bbox 1680 2919 1750 2980; x_wconf 88' lang='grc' dir='ltr'>εἰς</span> <span class='ocrx_word' id='word_1_369' title='bbox 1794 2921 1852 2970; x_wconf 89' lang='grc' dir='ltr'>τό</span> 
     </span>
    </p>
   </div>
   <div class='ocr_carea' id='block_1_50' title="bbox 1959 1765 3612 1838">
    <p class='ocr_par' dir='ltr' id='par_1_50' title="bbox 1959 1765 3612 1838">
     <span class='ocr_line' id='line_1_50' title="bbox 1959 1765 3612 1838; baseline 0.001 -18"><span class='ocrx_word' id='word_1_370' title='bbox 1959 1780 2070 1820; x_wconf 92' lang='lat' dir='ltr'>nec</span> <span class='ocrx_word' id='word_1_371' title='bbox 2093 1765 2154 1820; x_wconf 92' lang='lat' dir='ltr'>in</span> <span class='ocrx_word' id='word_1_372' title='bbox 2180 1780 2497 1838; x_wconf 88' lang='lat' dir='ltr'>corporum</span> <span class='ocrx_word' id='word_1_373' title='bbox 2545 1766 2889 1835; x_wconf 81' lang='lat' dir='ltr'>redigentur</span> <span class='ocrx_word' id='word_1_374' title='bbox 2917 1766 3157 1831; x_wconf 91' lang='lat' dir='ltr'>molem,</span> <span class='ocrx_word' id='word_1_375' title='bbox 3209 1781 3403 1838; x_wconf 90' lang='lat' dir='ltr'>neque</span> <span class='ocrx_word' id='word_1_376' title='bbox 3425 1770 3612 1821; x_wconf 88' lang='lat' dir='ltr'>mate-</span> 
     </span>
    </p>
   </div>
   <div class='ocr_carea' id='block_1_51' title="bbox 1957 1853 3608 1927">
    <p class='ocr_par' dir='ltr' id='par_1_51' title="bbox 1957 1853 3608 1927">
     <span class='ocr_line' id='line_1_51' title="bbox 1957 1853 3608 1927; baseline 0 -19"><span class='ocrx_word' id='word_1_377' title='bbox 1957 1854 2132 1917; x_wconf 85' lang='lat' dir='ltr'>riam,</span> <span class='ocrx_word' id='word_1_378' title='bbox 2164 1854 2224 1909; x_wconf 90' lang='lat' dir='ltr'>in</span> <span class='ocrx_word' id='word_1_379' title='bbox 2255 1870 2375 1926; x_wconf 90' lang='lat' dir='ltr'>qua</span> <span class='ocrx_word' id='word_1_380' title='bbox 2397 1854 2841 1911; x_wconf 88' lang='lat' dir='ltr'>dimensionum</span> <span class='ocrx_word' id='word_1_381' title='bbox 2873 1855 3181 1927; x_wconf 85' lang='lat' dir='ltr'>plenitudo</span> <span class='ocrx_word' id='word_1_382' title='bbox 3209 1853 3608 1920; x_wconf 86' lang='lat' dir='ltr'>constituitur,</span> 
     </span>
    </p>
   </div>
   <div class='ocr_carea' id='block_1_52' title="bbox 1961 1941 3612 2015">
    <p class='ocr_par' dir='ltr' id='par_1_52' title="bbox 1961 1941 3612 2015">
     <span class='ocr_line' id='line_1_52' title="bbox 1961 1941 3612 2015; baseline 0.001 -18"><span class='ocrx_word' id='word_1_383' title='bbox 1961 1941 2323 1998; x_wconf 87' lang='lat' dir='ltr'>substratam</span> <span class='ocrx_word' id='word_1_384' title='bbox 2354 1942 2596 2007; x_wconf 89' lang='lat' dir='ltr'>habent,</span> <span class='ocrx_word' id='word_1_385' title='bbox 2639 1944 2743 1999; x_wconf 91' lang='lat' dir='ltr'>sed</span> <span class='ocrx_word' id='word_1_386' title='bbox 2787 1959 3040 2015; x_wconf 90' lang='lat' dir='ltr'>corpora</span> <span class='ocrx_word' id='word_1_387' title='bbox 3061 1943 3310 1999; x_wconf 89' lang='lat' dir='ltr'>omnino</span> <span class='ocrx_word' id='word_1_388' title='bbox 3348 1949 3404 1999; x_wconf 89' lang='lat' dir='ltr'>et</span> <span class='ocrx_word' id='word_1_389' title='bbox 3455 1943 3612 1999; x_wconf 88' lang='lat' dir='ltr'>circa</span> 
     </span>
    </p>
   </div>
   <div class='ocr_carea' id='block_1_53' title="bbox 1959 2030 3611 2105">
    <p class='ocr_par' dir='ltr' id='par_1_53' title="bbox 1959 2030 3611 2105">
     <span class='ocr_line' id='line_1_53' title="bbox 1959 2030 3611 2105; baseline 0.001 -19"><span class='ocrx_word' id='word_1_390' title='bbox 1959 2047 2178 2102; x_wconf 89' lang='lat' dir='ltr'>corpus</span> <span class='ocrx_word' id='word_1_391' title='bbox 2223 2031 2496 2087; x_wconf 85' lang='lat' dir='ltr'>dicentur</span> <span class='ocrx_word' id='word_1_392' title='bbox 2515 2030 2544 2085; x_wconf 72' lang='lat' dir='ltr'>‘P</span> <span class='ocrx_word' id='word_1_393' title='bbox 2574 2033 2799 2105; x_wconf 89' lang='lat' dir='ltr'>Corpus</span> <span class='ocrx_word' id='word_1_394' title='bbox 2849 2033 3006 2089; x_wconf 91' lang='lat' dir='ltr'>enim</span> <span class='ocrx_word' id='word_1_395' title='bbox 3034 2032 3335 2104; x_wconf 85' lang='lat' dir='ltr'>explicant</span> <span class='ocrx_word' id='word_1_396' title='bbox 3361 2037 3417 2087; x_wconf 93' lang='lat' dir='ltr'>et</span> <span class='ocrx_word' id='word_1_397' title='bbox 3439 2032 3611 2088; x_wconf 85' lang='lat' dir='ltr'>eluci-</span> 
     </span>
    </p>
   </div>
   <div class='ocr_carea' id='block_1_54' title="bbox 1959 2119 3610 2192">
    <p class='ocr_par' dir='ltr' id='par_1_54' title="bbox 1959 2119 3610 2192">
     <span class='ocr_line' id='line_1_54' title="bbox 1959 2119 3610 2192; baseline 0.002 -18"><span class='ocrx_word' id='word_1_398' title='bbox 1959 2119 2480 2192; x_wconf 85' lang='lat' dir='ltr'>dantsubjectum:</span> <span class='ocrx_word' id='word_1_399' title='bbox 2500 2121 2693 2185; x_wconf 83' lang='lat' dir='ltr'>homo,</span> <span class='ocrx_word' id='word_1_400' title='bbox 2715 2137 2808 2177; x_wconf 89' lang='lat' dir='ltr'>ex.</span> <span class='ocrx_word' id='word_1_401' title='bbox 2830 2136 2941 2190; x_wconf 88' lang='lat' dir='ltr'>gr.,</span> <span class='ocrx_word' id='word_1_402' title='bbox 2961 2137 3317 2192; x_wconf 89' lang='lat' dir='ltr'>corporeum</span> <span class='ocrx_word' id='word_1_403' title='bbox 3335 2125 3445 2186; x_wconf 88' lang='lat' dir='ltr'>est,</span> <span class='ocrx_word' id='word_1_404' title='bbox 3465 2123 3610 2192; x_wconf 84' lang='lat' dir='ltr'>quia</span> 
     </span>
    </p>
   </div>
   <div class='ocr_carea' id='block_1_55' title="bbox 1962 2208 3610 2282">
    <p class='ocr_par' dir='ltr' id='par_1_55' title="bbox 1962 2208 3610 2282">
     <span class='ocr_line' id='line_1_55' title="bbox 1962 2208 3610 2282; baseline 0.001 -17"><span class='ocrx_word' id='word_1_405' title='bbox 1962 2209 2260 2265; x_wconf 89' lang='lat' dir='ltr'>Socratem</span> <span class='ocrx_word' id='word_1_406' title='bbox 2290 2208 2382 2264; x_wconf 87' lang='lat' dir='ltr'>vel</span> <span class='ocrx_word' id='word_1_407' title='bbox 2413 2208 2734 2276; x_wconf 87' lang='lat' dir='ltr'>Platonem,</span> <span class='ocrx_word' id='word_1_408' title='bbox 2763 2209 2870 2282; x_wconf 92' lang='lat' dir='ltr'>qui</span> <span class='ocrx_word' id='word_1_409' title='bbox 2885 2225 3102 2282; x_wconf 91' lang='lat' dir='ltr'>corpus</span> <span class='ocrx_word' id='word_1_410' title='bbox 3129 2215 3234 2280; x_wconf 91' lang='lat' dir='ltr'>est,</span> <span class='ocrx_word' id='word_1_411' title='bbox 3262 2209 3610 2267; x_wconf 88' lang='lat' dir='ltr'>denominat</span> 
     </span>
    </p>
   </div>
   <div class='ocr_carea' id='block_1_56' title="bbox 1960 2298 3604 2370">
    <p class='ocr_par' dir='ltr' id='par_1_56' title="bbox 1960 2298 3604 2370">
     <span class='ocr_line' id='line_1_56' title="bbox 1960 2298 3604 2370; baseline 0.001 -18"><span class='ocrx_word' id='word_1_412' title='bbox 1960 2301 2246 2353; x_wconf 90' lang='lat' dir='ltr'>eteorum</span> <span class='ocrx_word' id='word_1_413' title='bbox 2287 2298 2685 2354; x_wconf 85' lang='lat' dir='ltr'>substantiam</span> <span class='ocrx_word' id='word_1_414' title='bbox 2707 2298 3013 2370; x_wconf 88' lang='lat' dir='ltr'>explicans</span> <span class='ocrx_word' id='word_1_415' title='bbox 3065 2299 3143 2355; x_wconf 87' lang='lat' dir='ltr'>ab</span> <span class='ocrx_word' id='word_1_416' title='bbox 3173 2299 3306 2355; x_wconf 87' lang='lat' dir='ltr'>aliis</span> <span class='ocrx_word' id='word_1_417' title='bbox 3334 2299 3604 2370; x_wconf 89' lang='lat' dir='ltr'>ejusdem</span> 
     </span>
    </p>
   </div>
   <div class='ocr_carea' id='block_1_57' title="bbox 1961 2385 3608 2459">
    <p class='ocr_par' dir='ltr' id='par_1_57' title="bbox 1961 2385 3608 2459">
     <span class='ocr_line' id='line_1_57' title="bbox 1961 2385 3608 2459; baseline 0 -18"><span class='ocrx_word' id='word_1_418' title='bbox 1961 2385 2682 2455; x_wconf 88' lang='lat' dir='ltr'>generisdenominatione</span> <span class='ocrx_word' id='word_1_419' title='bbox 2703 2387 3042 2457; x_wconf 73' lang='lat' dir='ltr'>distinguit;</span> <span class='ocrx_word' id='word_1_420' title='bbox 3073 2387 3177 2443; x_wconf 90' lang='lat' dir='ltr'>sed</span> <span class='ocrx_word' id='word_1_421' title='bbox 3199 2387 3527 2459; x_wconf 89' lang='lat' dir='ltr'>quomodo,</span> <span class='ocrx_word' id='word_1_422' title='bbox 3559 2386 3608 2441; x_wconf 91' lang='lat' dir='ltr'>si</span> 
     </span>
    </p>
   </div>
   <div class='ocr_carea' id='block_1_58' title="bbox 1958 2475 3609 2547">
    <p class='ocr_par' dir='ltr' id='par_1_58' title="bbox 1958 2475 3609 2547">
     <span class='ocr_line' id='line_1_58' title="bbox 1958 2475 3609 2547; baseline 0 -17"><span class='ocrx_word' id='word_1_423' title='bbox 1958 2475 2141 2531; x_wconf 89' lang='lat' dir='ltr'>homo</span> <span class='ocrx_word' id='word_1_424' title='bbox 2169 2491 2291 2530; x_wconf 90' lang='lat' dir='ltr'>non</span> <span class='ocrx_word' id='word_1_425' title='bbox 2322 2481 2413 2530; x_wconf 91' lang='lat' dir='ltr'>est</span> <span class='ocrx_word' id='word_1_426' title='bbox 2467 2491 2680 2547; x_wconf 90' lang='lat' dir='ltr'>corpus</span> <span class='ocrx_word' id='word_1_427' title='bbox 2724 2478 2996 2532; x_wconf 86' lang='lat' dir='ltr'>Socrates</span> <span class='ocrx_word' id='word_1_428' title='bbox 3045 2492 3184 2532; x_wconf 86' lang='lat' dir='ltr'>vero</span> <span class='ocrx_word' id='word_1_429' title='bbox 3240 2477 3444 2542; x_wconf 85' lang='lat' dir='ltr'>homo,</span> <span class='ocrx_word' id='word_1_430' title='bbox 3486 2490 3609 2531; x_wconf 89' lang='lat' dir='ltr'>non</span> 
     </span>
    </p>
   </div>
   <div class='ocr_carea' id='block_1_59' title="bbox 1958 2564 3609 2637">
    <p class='ocr_par' dir='ltr' id='par_1_59' title="bbox 1958 2564 3609 2637">
     <span class='ocr_line' id='line_1_59' title="bbox 1958 2564 3609 2637; baseline 0 -17"><span class='ocrx_word' id='word_1_431' title='bbox 1958 2564 2364 2630; x_wconf 88' lang='lat' dir='ltr'>concludetur,</span> <span class='ocrx_word' id='word_1_432' title='bbox 2380 2565 2682 2621; x_wconf 88' lang='lat' dir='ltr'>Socratem</span> <span class='ocrx_word' id='word_1_433' title='bbox 2712 2581 2833 2621; x_wconf 90' lang='lat' dir='ltr'>non</span> <span class='ocrx_word' id='word_1_434' title='bbox 2864 2581 2992 2620; x_wconf 91' lang='lat' dir='ltr'>esse</span> <span class='ocrx_word' id='word_1_435' title='bbox 3018 2581 3236 2637; x_wconf 92' lang='lat' dir='ltr'>corpus</span> <span class='ocrx_word' id='word_1_436' title='bbox 3266 2566 3424 2621; x_wconf 85' lang='lat' dir='ltr'>?Hoc</span> <span class='ocrx_word' id='word_1_437' title='bbox 3449 2565 3609 2621; x_wconf 90' lang='lat' dir='ltr'>enim</span> 
     </span>
    </p>
   </div>
   <div class='ocr_carea' id='block_1_60' title="bbox 1958 2653 3612 2725">
    <p class='ocr_par' dir='ltr' id='par_1_60' title="bbox 1958 2653 3612 2725">
     <span class='ocr_line' id='line_1_60' title="bbox 1958 2653 3612 2725; baseline 0 -16"><span class='ocrx_word' id='word_1_438' title='bbox 1958 2654 2080 2710; x_wconf 84' lang='lat' dir='ltr'>etsi</span> <span class='ocrx_word' id='word_1_439' title='bbox 2111 2653 2257 2725; x_wconf 90' lang='lat' dir='ltr'>quid</span> <span class='ocrx_word' id='word_1_440' title='bbox 2279 2654 2434 2709; x_wconf 89' lang='lat' dir='ltr'>aliud</span> <span class='ocrx_word' id='word_1_441' title='bbox 2467 2654 2676 2719; x_wconf 86' lang='lat' dir='ltr'>simile,</span> <span class='ocrx_word' id='word_1_442' title='bbox 2711 2655 2980 2714; x_wconf 89' lang='lat' dir='ltr'>omnium</span> <span class='ocrx_word' id='word_1_443' title='bbox 3019 2654 3438 2710; x_wconf 88' lang='lat' dir='ltr'>difﬁcultatum</span> <span class='ocrx_word' id='word_1_444' title='bbox 3469 2654 3612 2710; x_wconf 88' lang='lat' dir='ltr'>vali-</span> 
     </span>
    </p>
   </div>
   <div class='ocr_carea' id='block_1_61' title="bbox 1959 2743 3611 2815">
    <p class='ocr_par' dir='ltr' id='par_1_61' title="bbox 1959 2743 3611 2815">
     <span class='ocr_line' id='line_1_61' title="bbox 1959 2743 3611 2815; baseline 0.001 -17"><span class='ocrx_word' id='word_1_445' title='bbox 1959 2743 2208 2799; x_wconf 89' lang='lat' dir='ltr'>dissima</span> <span class='ocrx_word' id='word_1_446' title='bbox 2233 2759 2360 2798; x_wconf 89' lang='lat' dir='ltr'>esse</span> <span class='ocrx_word' id='word_1_447' title='bbox 2383 2743 2631 2800; x_wconf 88' lang='lat' dir='ltr'>videtur.</span> <span class='ocrx_word' id='word_1_448' title='bbox 2667 2745 2780 2801; x_wconf 89' lang='lat' dir='ltr'>Sed</span> <span class='ocrx_word' id='word_1_449' title='bbox 2810 2745 2939 2815; x_wconf 90' lang='lat' dir='ltr'>ejus</span> <span class='ocrx_word' id='word_1_450' title='bbox 2969 2744 3184 2800; x_wconf 91' lang='lat' dir='ltr'>solutio</span> <span class='ocrx_word' id='word_1_451' title='bbox 3207 2760 3320 2800; x_wconf 90' lang='lat' dir='ltr'>non</span> <span class='ocrx_word' id='word_1_452' title='bbox 3345 2750 3433 2800; x_wconf 89' lang='lat' dir='ltr'>est</span> <span class='ocrx_word' id='word_1_453' title='bbox 3459 2744 3611 2799; x_wconf 88' lang='lat' dir='ltr'>difﬁ-</span> 
     </span>
    </p>
   </div>
   <div class='ocr_carea' id='block_1_62' title="bbox 1961 2833 3605 2904">
    <p class='ocr_par' dir='ltr' id='par_1_62' title="bbox 1961 2833 3605 2904">
     <span class='ocr_line' id='line_1_62' title="bbox 1961 2833 3605 2904; baseline -0.002 -14"><span class='ocrx_word' id='word_1_454' title='bbox 1961 2833 2111 2890; x_wconf 90' lang='lat' dir='ltr'>cilis.</span> <span class='ocrx_word' id='word_1_455' title='bbox 2151 2836 2296 2889; x_wconf 88' lang='lat' dir='ltr'>Nam</span> <span class='ocrx_word' id='word_1_456' title='bbox 2323 2834 2384 2888; x_wconf 92' lang='lat' dir='ltr'>in</span> <span class='ocrx_word' id='word_1_457' title='bbox 2413 2834 2604 2904; x_wconf 90' lang='lat' dir='ltr'>prima</span> <span class='ocrx_word' id='word_1_458' title='bbox 2634 2834 2848 2903; x_wconf 88' lang='lat' dir='ltr'>ﬁgura,</span> <span class='ocrx_word' id='word_1_459' title='bbox 2878 2835 2928 2889; x_wconf 91' lang='lat' dir='ltr'>si</span> <span class='ocrx_word' id='word_1_460' title='bbox 2953 2834 3284 2904; x_wconf 87' lang='lat' dir='ltr'>dilligenter</span> <span class='ocrx_word' id='word_1_461' title='bbox 3309 2834 3605 2898; x_wconf 80' lang='lat' dir='ltr'>advertas,</span> 
     </span>
    </p>
   </div>
   <div class='ocr_carea' id='block_1_63' title="bbox 1961 2922 3608 2995">
    <p class='ocr_par' dir='ltr' id='par_1_63' title="bbox 1961 2922 3608 2995">
     <span class='ocr_line' id='line_1_63' title="bbox 1961 2922 3608 2995; baseline 0 -17"><span class='ocrx_word' id='word_1_462' title='bbox 1961 2923 2283 2994; x_wconf 90' lang='lat' dir='ltr'>pr0positio</span> <span class='ocrx_word' id='word_1_463' title='bbox 2318 2924 2503 2993; x_wconf 87' lang='lat' dir='ltr'>major</span> <span class='ocrx_word' id='word_1_464' title='bbox 2531 2923 2899 2994; x_wconf 89' lang='lat' dir='ltr'>particularis</span> <span class='ocrx_word' id='word_1_465' title='bbox 2931 2923 3219 2995; x_wconf 91' lang='lat' dir='ltr'>accipitur</span> <span class='ocrx_word' id='word_1_466' title='bbox 3252 2940 3265 2989; x_wconf 92' lang='lat'>;</span> <span class='ocrx_word' id='word_1_467' title='bbox 3299 2923 3413 2978; x_wconf 88' lang='lat' dir='ltr'>hoc</span> <span class='ocrx_word' id='word_1_468' title='bbox 3449 2922 3608 2978; x_wconf 90' lang='lat' dir='ltr'>enim</span> 
     </span>
    </p>
   </div>
   <div class='ocr_carea' id='block_1_64' title="bbox 241 3006 1855 3092">
    <p class='ocr_par' dir='ltr' id='par_1_64' title="bbox 241 3006 1854 3081">
     <span class='ocr_line' id='line_1_64' title="bbox 241 3006 1854 3081; baseline -0.002 -19"><span class='ocrx_word' id='word_1_469' title='bbox 241 3008 476 3062; x_wconf 79' lang='grc' dir='ltr'>καθόλου</span> <span class='ocrx_word' id='word_1_470' title='bbox 543 3006 842 3081; x_wconf 79' lang='grc' dir='ltr'>μεταλάϐοι,</span> <span class='ocrx_word' id='word_1_471' title='bbox 900 3014 1272 3081; x_wconf 80' lang='grc' dir='ltr'>συμμετήγαγε</span> <span class='ocrx_word' id='word_1_472' title='bbox 1328 3013 1418 3060; x_wconf 81' lang='grc' dir='ltr'>καὶ</span> <span class='ocrx_word' id='word_1_473' title='bbox 1469 3017 1560 3070; x_wconf 78' lang='grc' dir='ltr'>τῆς</span> <span class='ocrx_word' id='word_1_474' title='bbox 1611 3007 1854 3067; x_wconf 80' lang='grc' dir='ltr'>ἀληθείας</span> 
     </span>
    </p>
   </div>
   <div class='ocr_carea' id='block_1_65' title="bbox 1965 3006 3610 3092">
    <p class='ocr_par' dir='ltr' id='par_1_65' title="bbox 1965 3011 3610 3083">
     <span class='ocr_line' id='line_1_65' title="bbox 1965 3011 3610 3083; baseline -0.002 -16"><span class='ocrx_word' id='word_1_475' title='bbox 1965 3012 2146 3068; x_wconf 89' lang='lat' dir='ltr'>modo</span> <span class='ocrx_word' id='word_1_476' title='bbox 2172 3011 2515 3083; x_wconf 89' lang='lat' dir='ltr'>productaa</span> <span class='ocrx_word' id='word_1_477' title='bbox 2541 3011 2775 3066; x_wconf 82' lang='lat' dir='ltr'>veritate</span> <span class='ocrx_word' id='word_1_478' title='bbox 2803 3027 2923 3066; x_wconf 91' lang='lat' dir='ltr'>non</span> <span class='ocrx_word' id='word_1_479' title='bbox 2948 3012 3185 3066; x_wconf 89' lang='lat' dir='ltr'>recedit.</span> <span class='ocrx_word' id='word_1_480' title='bbox 3219 3012 3278 3066; x_wconf 93' lang='lat' dir='ltr'>Si</span> <span class='ocrx_word' id='word_1_481' title='bbox 3308 3027 3446 3066; x_wconf 92' lang='lat' dir='ltr'>vero</span> <span class='ocrx_word' id='word_1_482' title='bbox 3478 3011 3610 3082; x_wconf 87' lang='lat' dir='ltr'>quis</span> 
     </span>
    </p>
   </div>
   <div class='ocr_carea' id='block_1_66' title="bbox 244 3093 1848 3173">
    <p class='ocr_par' dir='ltr' id='par_1_66' title="bbox 244 3093 1848 3173">
     <span class='ocr_line' id='line_1_66' title="bbox 244 3093 1848 3173; baseline -0.002 -22"><span class='ocrx_word' id='word_1_483' title='bbox 244 3099 337 3151; x_wconf 75' lang='grc' dir='ltr'>ἐπὶ</span> <span class='ocrx_word' id='word_1_484' title='bbox 393 3101 453 3149; x_wconf 89' lang='grc' dir='ltr'>τό</span> <span class='ocrx_word' id='word_1_485' title='bbox 509 3094 728 3168; x_wconf 67' lang='grc' dir='ltr'>ψεῦδος.</span> <span class='ocrx_word' id='word_1_486' title='bbox 792 3093 992 3158; x_wconf 77' lang='grc' dir='ltr'>Ψευδος</span> <span class='ocrx_word' id='word_1_487' title='bbox 1051 3101 1148 3170; x_wconf 80' lang='grc' dir='ltr'>γὰρ</span> <span class='ocrx_word' id='word_1_488' title='bbox 1223 3097 1468 3173; x_wconf 79' lang='grc' dir='ltr'>ἀντικρὺς</span> <span class='ocrx_word' id='word_1_489' title='bbox 1524 3101 1582 3149; x_wconf 90' lang='grc' dir='ltr'>τὸ</span> <span class='ocrx_word' id='word_1_490' title='bbox 1645 3097 1848 3169; x_wconf 79' lang='grc' dir='ltr'>λέγειν’</span> 
     </span>
    </p>
   </div>
   <div class='ocr_carea' id='block_1_67' title="bbox 243 3184 1856 3260">
    <p class='ocr_par' dir='ltr' id='par_1_67' title="bbox 243 3184 1856 3260">
     <span class='ocr_line' id='line_1_67' title="bbox 243 3184 1856 3260; baseline -0.002 -19"><span class='ocrx_word' id='word_1_491' title='bbox 243 3184 447 3248; x_wconf 75' lang='grc' dir='ltr'>Οὐδεὶς</span> <span class='ocrx_word' id='word_1_492' title='bbox 476 3188 742 3260; x_wconf 76' lang='grc' dir='ltr'>ἄνθρωπος</span> <span class='ocrx_word' id='word_1_493' title='bbox 794 3195 966 3258; x_wconf 86' lang='grc' dir='ltr'>σῶμα,</span> <span class='ocrx_word' id='word_1_494' title='bbox 1021 3185 1378 3249; x_wconf 85' lang='grc' dir='ltr'>ἀληθευούσης</span> <span class='ocrx_word' id='word_1_495' title='bbox 1421 3190 1557 3240; x_wconf 85' lang='grc' dir='ltr'>κατὰ</span> <span class='ocrx_word' id='word_1_496' title='bbox 1587 3191 1672 3240; x_wconf 89' lang='grc' dir='ltr'>τὸν</span> <span class='ocrx_word' id='word_1_497' title='bbox 1716 3187 1856 3260; x_wconf 83' lang='grc' dir='ltr'>εἰρη-</span> 
     </span>
    </p>
   </div>
   <div class='ocr_carea' id='block_1_68' title="bbox 242 3272 1856 3352">
    <p class='ocr_par' dir='ltr' id='par_1_68' title="bbox 242 3272 1856 3352">
     <span class='ocr_line' id='line_1_68' title="bbox 242 3272 1856 3352; baseline -0.001 -23"><span class='ocrx_word' id='word_1_498' title='bbox 242 3283 401 3351; x_wconf 75' lang='grc' dir='ltr'>μένον</span> <span class='ocrx_word' id='word_1_499' title='bbox 450 3277 736 3348; x_wconf 74' lang='grc' dir='ltr'>ἔμπροσθεν</span> <span class='ocrx_word' id='word_1_500' title='bbox 787 3275 960 3347; x_wconf 85' lang='grc' dir='ltr'>λόγον,</span> <span class='ocrx_word' id='word_1_501' title='bbox 1011 3278 1074 3336; x_wconf 84' lang='grc' dir='ltr'>ὡς</span> <span class='ocrx_word' id='word_1_502' title='bbox 1110 3277 1136 3327; x_wconf 90' lang='lat'>6</span> <span class='ocrx_word' id='word_1_503' title='bbox 1179 3278 1444 3352; x_wconf 77' lang='grc' dir='ltr'>ἅνθρωπος</span> <span class='ocrx_word' id='word_1_504' title='bbox 1489 3284 1643 3348; x_wconf 88' lang='grc' dir='ltr'>σῶμα</span> <span class='ocrx_word' id='word_1_505' title='bbox 1671 3289 1684 3304; x_wconf 87' lang='grc'><em>’</em></span> <span class='ocrx_word' id='word_1_506' title='bbox 1721 3275 1766 3328; x_wconf 86' lang='grc' dir='ltr'>εἰ</span> <span class='ocrx_word' id='word_1_507' title='bbox 1795 3272 1856 3327; x_wconf 74' lang='grc' dir='ltr'>δέ</span> 
     </span>
    </p>
   </div>
   <div class='ocr_carea' id='block_1_69' title="bbox 242 3361 1857 3439">
    <p class='ocr_par' dir='ltr' id='par_1_69' title="bbox 242 3361 1857 3439">
     <span class='ocr_line' id='line_1_69' title="bbox 242 3361 1857 3439; baseline -0.002 -19"><span class='ocrx_word' id='word_1_508' title='bbox 242 3387 327 3427; x_wconf 85' lang='grc' dir='ltr'>τις</span> <span class='ocrx_word' id='word_1_509' title='bbox 371 3369 470 3425; x_wconf 74' lang='grc' dir='ltr'>τὴν</span> <span class='ocrx_word' id='word_1_510' title='bbox 516 3367 606 3432; x_wconf 73' lang='grc' dir='ltr'>μεν</span> <span class='ocrx_word' id='word_1_511' title='bbox 649 3364 844 3424; x_wconf 76' lang='grc' dir='ltr'>πλοκὴν</span> <span class='ocrx_word' id='word_1_512' title='bbox 891 3372 983 3418; x_wconf 79' lang='grc' dir='ltr'>τοῦ</span> <span class='ocrx_word' id='word_1_513' title='bbox 1020 3364 1176 3436; x_wconf 86' lang='grc' dir='ltr'>λόγου</span> <span class='ocrx_word' id='word_1_514' title='bbox 1215 3371 1423 3439; x_wconf 88' lang='grc' dir='ltr'>χαίρειν</span> <span class='ocrx_word' id='word_1_515' title='bbox 1463 3365 1521 3437; x_wconf 79' lang='grc' dir='ltr'>ἐᾷ</span> <span class='ocrx_word' id='word_1_516' title='bbox 1548 3370 1637 3418; x_wconf 83' lang='grc' dir='ltr'>καὶ</span> <span class='ocrx_word' id='word_1_517' title='bbox 1677 3369 1735 3417; x_wconf 84' lang='grc' dir='ltr'>τό</span> <span class='ocrx_word' id='word_1_518' title='bbox 1767 3361 1857 3417; x_wconf 80' lang='grc' dir='ltr'>δο-</span> 
     </span>
    </p>
   </div>
   <div class='ocr_carea' id='block_1_70' title="bbox 242 3453 1855 3528">
    <p class='ocr_par' dir='ltr' id='par_1_70' title="bbox 242 3453 1855 3528">
     <span class='ocr_line' id='line_1_70' title="bbox 242 3453 1855 3528; baseline -0.002 -19"><span class='ocrx_word' id='word_1_519' title='bbox 242 3463 376 3510; x_wconf 81' lang='grc' dir='ltr'>κοῦν</span> <span class='ocrx_word' id='word_1_520' title='bbox 450 3455 896 3527; x_wconf 88' lang='grc' dir='ltr'>συμπεραίνεσθαι</span> <span class='ocrx_word' id='word_1_521' title='bbox 973 3453 1420 3528; x_wconf 79' lang='grc' dir='ltr'>πολυπραγμονεῖν</span> <span class='ocrx_word' id='word_1_522' title='bbox 1474 3455 1579 3527; x_wconf 72' lang='grc' dir='ltr'>οὐχ</span> <span class='ocrx_word' id='word_1_523' title='bbox 1648 3456 1855 3526; x_wconf 80' lang='grc' dir='ltr'>ἡγεῖται</span> 
     </span>
    </p>
   </div>
   <div class='ocr_carea' id='block_1_71' title="bbox 248 3539 1855 3619">
    <p class='ocr_par' dir='ltr' id='par_1_71' title="bbox 248 3539 1855 3619">
     <span class='ocr_line' id='line_1_71' title="bbox 248 3539 1855 3619; baseline -0.002 -20"><span class='ocrx_word' id='word_1_524' title='bbox 248 3547 434 3618; x_wconf 75' lang='grc' dir='ltr'>σοφόν,</span> <span class='ocrx_word' id='word_1_525' title='bbox 467 3543 682 3596; x_wconf 77' lang='grc' dir='ltr'>αὐτόθεν</span> <span class='ocrx_word' id='word_1_526' title='bbox 739 3539 798 3595; x_wconf 75' lang='grc' dir='ltr'>δε</span> <span class='ocrx_word' id='word_1_527' title='bbox 847 3541 991 3615; x_wconf 80' lang='grc' dir='ltr'>λέγοι</span> <span class='ocrx_word' id='word_1_528' title='bbox 1029 3547 1266 3618; x_wconf 74' lang='grc' dir='ltr'>φορτικόν</span> <span class='ocrx_word' id='word_1_529' title='bbox 1299 3543 1428 3596; x_wconf 84' lang='grc' dir='ltr'>εἶναι</span> <span class='ocrx_word' id='word_1_530' title='bbox 1471 3547 1556 3597; x_wconf 89' lang='grc' dir='ltr'>τὸν</span> <span class='ocrx_word' id='word_1_531' title='bbox 1586 3545 1855 3619; x_wconf 78' lang='grc' dir='ltr'>ἄνθρωπόν</span> 
     </span>
    </p>
   </div>
   <div class='ocr_carea' id='block_1_72' title="bbox 245 3629 1856 3710">
    <p class='ocr_par' dir='ltr' id='par_1_72' title="bbox 245 3629 1856 3710">
     <span class='ocr_line' id='line_1_72' title="bbox 245 3629 1856 3710; baseline -0.001 -23"><span class='ocrx_word' id='word_1_532' title='bbox 245 3642 386 3710; x_wconf 76' lang='grc' dir='ltr'>μήτε</span> <span class='ocrx_word' id='word_1_533' title='bbox 442 3633 606 3705; x_wconf 76' lang='grc' dir='ltr'>λέγειν</span> <span class='ocrx_word' id='word_1_534' title='bbox 661 3637 794 3706; x_wconf 79' lang='grc' dir='ltr'>μήτε</span> <span class='ocrx_word' id='word_1_535' title='bbox 837 3632 1066 3705; x_wconf 80' lang='grc' dir='ltr'>νομίζειν</span> <span class='ocrx_word' id='word_1_536' title='bbox 1106 3629 1238 3686; x_wconf 84' lang='grc' dir='ltr'>εἶναι</span> <span class='ocrx_word' id='word_1_537' title='bbox 1279 3641 1450 3706; x_wconf 74' lang='grc' dir='ltr'>σῶμα,</span> <span class='ocrx_word' id='word_1_538' title='bbox 1491 3639 1580 3689; x_wconf 80' lang='grc' dir='ltr'>καὶ</span> <span class='ocrx_word' id='word_1_539' title='bbox 1618 3636 1736 3687; x_wconf 82' lang='grc' dir='ltr'>ἄνευ</span> <span class='ocrx_word' id='word_1_540' title='bbox 1765 3640 1856 3687; x_wconf 82' lang='grc' dir='ltr'>τοῦ</span> 
     </span>
    </p>
   </div>
   <div class='ocr_carea' id='block_1_73' title="bbox 247 3723 1858 3797">
    <p class='ocr_par' dir='ltr' id='par_1_73' title="bbox 247 3723 1858 3797">
     <span class='ocr_line' id='line_1_73' title="bbox 247 3723 1858 3797; baseline -0.003 -18"><span class='ocrx_word' id='word_1_541' title='bbox 247 3723 506 3788; x_wconf 70' lang='grc' dir='ltr'>δόξαντος</span> <span class='ocrx_word' id='word_1_542' title='bbox 579 3728 648 3796; x_wconf 81' lang='grc' dir='ltr'>μὴ</span> <span class='ocrx_word' id='word_1_543' title='bbox 721 3724 1168 3795; x_wconf 80' lang='grc' dir='ltr'>συμπεραίνεσθαι</span> <span class='ocrx_word' id='word_1_544' title='bbox 1223 3725 1288 3783; x_wconf 87' lang='grc' dir='ltr'>ὡς</span> <span class='ocrx_word' id='word_1_545' title='bbox 1345 3724 1372 3775; x_wconf 89' lang='lat'>6</span> <span class='ocrx_word' id='word_1_546' title='bbox 1432 3725 1704 3797; x_wconf 87' lang='grc' dir='ltr'>Σωκράτης</span> <span class='ocrx_word' id='word_1_547' title='bbox 1764 3724 1858 3776; x_wconf 79' lang='grc' dir='ltr'>οὐκ</span> 
     </span>
    </p>
   </div>
   <div class='ocr_carea' id='block_1_74' title="bbox 247 3810 1859 3887">
    <p class='ocr_par' dir='ltr' id='par_1_74' title="bbox 247 3810 1859 3887">
     <span class='ocr_line' id='line_1_74' title="bbox 247 3810 1859 3887; baseline -0.002 -19"><span class='ocrx_word' id='word_1_548' title='bbox 247 3819 332 3873; x_wconf 81' lang='grc' dir='ltr'>εἴη</span> <span class='ocrx_word' id='word_1_549' title='bbox 384 3822 539 3886; x_wconf 88' lang='grc' dir='ltr'>σῶμα</span> <span class='ocrx_word' id='word_1_550' title='bbox 574 3813 684 3885; x_wconf 78' lang='grc'>(21)</span> <span class='ocrx_word' id='word_1_551' title='bbox 716 3829 728 3840; x_wconf 92' lang='grc'><strong>·</strong></span> <span class='ocrx_word' id='word_1_552' title='bbox 770 3819 881 3872; x_wconf 85' lang='grc' dir='ltr'>πῶς</span> <span class='ocrx_word' id='word_1_553' title='bbox 921 3815 1024 3885; x_wconf 82' lang='grc' dir='ltr'>γὰρ</span> <span class='ocrx_word' id='word_1_554' title='bbox 1076 3810 1135 3863; x_wconf 84' lang='grc' dir='ltr'>ἃν</span> <span class='ocrx_word' id='word_1_555' title='bbox 1166 3813 1196 3869; x_wconf 81' lang='grc' dir='ltr'>ἡ</span> <span class='ocrx_word' id='word_1_556' title='bbox 1228 3821 1325 3874; x_wconf 84' lang='grc' dir='ltr'>τῆς</span> <span class='ocrx_word' id='word_1_557' title='bbox 1371 3812 1550 3873; x_wconf 74' lang='grc' dir='ltr'>οὐσίας</span> <span class='ocrx_word' id='word_1_558' title='bbox 1602 3810 1859 3887; x_wconf 83' lang='grc' dir='ltr'>διαίρεσις</span> 
     </span>
    </p>
   </div>
   <div class='ocr_carea' id='block_1_75' title="bbox 248 3900 1857 3975">
    <p class='ocr_par' dir='ltr' id='par_1_75' title="bbox 248 3900 1857 3975">
     <span class='ocr_line' id='line_1_75' title="bbox 248 3900 1857 3975; baseline -0.004 -17"><span class='ocrx_word' id='word_1_559' title='bbox 248 3905 330 3966; x_wconf 85' lang='grc' dir='ltr'>εἰς</span> <span class='ocrx_word' id='word_1_560' title='bbox 387 3912 543 3975; x_wconf 81' lang='grc' dir='ltr'>σῶμα</span> <span class='ocrx_word' id='word_1_561' title='bbox 587 3907 678 3954; x_wconf 89' lang='grc' dir='ltr'>καὶ</span> <span class='ocrx_word' id='word_1_562' title='bbox 722 3900 999 3974; x_wconf 88' lang='grc' dir='ltr'>ἀσώματον</span> <span class='ocrx_word' id='word_1_563' title='bbox 1036 3903 1104 3954; x_wconf 82' lang='grc' dir='ltr'>τὰ</span> <span class='ocrx_word' id='word_1_564' title='bbox 1135 3909 1312 3974; x_wconf 83' lang='grc' dir='ltr'>πρώτα</span> <span class='ocrx_word' id='word_1_565' title='bbox 1352 3911 1453 3954; x_wconf 83' lang='grc' dir='ltr'>τῶν</span> <span class='ocrx_word' id='word_1_566' title='bbox 1497 3902 1586 3954; x_wconf 83' lang='grc' dir='ltr'>ὑπ’</span> <span class='ocrx_word' id='word_1_567' title='bbox 1627 3901 1857 3960; x_wconf 83' lang='grc' dir='ltr'>ἀλλήλων</span> 
     </span>
    </p>
   </div>
   <div class='ocr_carea' id='block_1_76' title="bbox 248 3990 1859 4066">
    <p class='ocr_par' dir='ltr' id='par_1_76' title="bbox 248 3990 1859 4066">
     <span class='ocr_line' id='line_1_76' title="bbox 248 3990 1859 4066; baseline -0.001 -21"><span class='ocrx_word' id='word_1_568' title='bbox 248 3991 661 4064; x_wconf 73' lang='grc' dir='ltr'>ὃιαστελλομένη</span> <span class='ocrx_word' id='word_1_569' title='bbox 724 3991 1045 4066; x_wconf 84' lang='grc' dir='ltr'>προαχθείη,</span> <span class='ocrx_word' id='word_1_570' title='bbox 1117 3997 1270 4042; x_wconf 77' lang='grc' dir='ltr'>τοῦτο</span> <span class='ocrx_word' id='word_1_571' title='bbox 1326 3994 1415 4063; x_wconf 72' lang='grc' dir='ltr'>μεν</span> <span class='ocrx_word' id='word_1_572' title='bbox 1480 3991 1691 4066; x_wconf 81' lang='grc' dir='ltr'>ὕστερον</span> <span class='ocrx_word' id='word_1_573' title='bbox 1752 3990 1859 4043; x_wconf 79' lang='grc' dir='ltr'>ἐπιο</span> 
     </span>
    </p>
   </div>
   <div class='ocr_carea' id='block_1_77' title="bbox 249 4076 1861 4155">
    <p class='ocr_par' dir='ltr' id='par_1_77' title="bbox 249 4076 1861 4155">
     <span class='ocr_line' id='line_1_77' title="bbox 249 4076 1861 4155; baseline -0.002 -21"><span class='ocrx_word' id='word_1_574' title='bbox 249 4082 553 4154; x_wconf 75' lang='grc' dir='ltr'>θεωρείσθω</span> <span class='ocrx_word' id='word_1_575' title='bbox 581 4097 594 4110; x_wconf 76' lang='grc'><strong><em>⁸</em></strong></span> <span class='ocrx_word' id='word_1_576' title='bbox 629 4081 655 4132; x_wconf 90' lang='lat'>6</span> <span class='ocrx_word' id='word_1_577' title='bbox 695 4076 755 4132; x_wconf 76' lang='grc' dir='ltr'>δε</span> <span class='ocrx_word' id='word_1_578' title='bbox 797 4079 946 4151; x_wconf 88' lang='grc' dir='ltr'>λόγος</span> <span class='ocrx_word' id='word_1_579' title='bbox 982 4088 1074 4140; x_wconf 83' lang='grc' dir='ltr'>τῆς</span> <span class='ocrx_word' id='word_1_580' title='bbox 1133 4078 1443 4140; x_wconf 76' lang='grc' dir='ltr'>ἀκολουθίας</span> <span class='ocrx_word' id='word_1_581' title='bbox 1479 4089 1576 4132; x_wconf 87' lang='grc' dir='ltr'>τῶν</span> <span class='ocrx_word' id='word_1_582' title='bbox 1620 4100 1861 4155; x_wconf 81' lang='grc' dir='ltr'>προειρη-</span> 
     </span>
    </p>
   </div>
   <div class='ocr_carea' id='block_1_78' title="bbox 247 4167 1852 4244">
    <p class='ocr_par' dir='ltr' id='par_1_78' title="bbox 247 4167 1852 4244">
     <span class='ocr_line' id='line_1_78' title="bbox 247 4167 1852 4244; baseline -0.001 -22"><span class='ocrx_word' id='word_1_583' title='bbox 247 4175 421 4244; x_wconf 76' lang='grc' dir='ltr'>μένων</span> <span class='ocrx_word' id='word_1_584' title='bbox 472 4173 544 4242; x_wconf 80' lang='grc' dir='ltr'>μὴ</span> <span class='ocrx_word' id='word_1_585' title='bbox 606 4167 941 4241; x_wconf 74' lang='grc' dir='ltr'>ἀφιστάσθω.</span> <span class='ocrx_word' id='word_1_586' title='bbox 993 4173 1093 4222; x_wconf 79' lang='grc' dir='ltr'>Καὶ</span> <span class='ocrx_word' id='word_1_587' title='bbox 1121 4171 1222 4243; x_wconf 85' lang='grc' dir='ltr'>γὰρ</span> <span class='ocrx_word' id='word_1_588' title='bbox 1271 4169 1329 4221; x_wconf 83' lang='grc' dir='ltr'>ού</span> <span class='ocrx_word' id='word_1_589' title='bbox 1369 4172 1504 4221; x_wconf 85' lang='grc' dir='ltr'>κατὰ</span> <span class='ocrx_word' id='word_1_590' title='bbox 1549 4172 1605 4222; x_wconf 87' lang='grc' dir='ltr'>τὸ</span> <span class='ocrx_word' id='word_1_591' title='bbox 1638 4168 1852 4242; x_wconf 76' lang='grc' dir='ltr'>ἀποφαν-</span> 
     </span>
    </p>
   </div>
   <div class='ocr_carea' id='block_1_79' title="bbox 247 4256 1864 4332">
    <p class='ocr_par' dir='ltr' id='par_1_79' title="bbox 247 4256 1864 4332">
     <span class='ocr_line' id='line_1_79' title="bbox 247 4256 1864 4332; baseline -0.001 -20"><span class='ocrx_word' id='word_1_592' title='bbox 247 4264 402 4312; x_wconf 85' lang='grc' dir='ltr'>τικὸν</span> <span class='ocrx_word' id='word_1_593' title='bbox 442 4263 594 4330; x_wconf 88' lang='grc' dir='ltr'>μόνον</span> <span class='ocrx_word' id='word_1_594' title='bbox 627 4267 821 4330; x_wconf 85' lang='grc' dir='ltr'>σχῆμα</span> <span class='ocrx_word' id='word_1_595' title='bbox 848 4261 906 4310; x_wconf 87' lang='grc' dir='ltr'>τό</span> <span class='ocrx_word' id='word_1_596' title='bbox 937 4257 1199 4332; x_wconf 82' lang='grc' dir='ltr'>εἰρημένον</span> <span class='ocrx_word' id='word_1_597' title='bbox 1229 4256 1314 4310; x_wconf 81' lang='grc' dir='ltr'>ἐπὶ</span> <span class='ocrx_word' id='word_1_598' title='bbox 1345 4267 1442 4309; x_wconf 85' lang='grc' dir='ltr'>τῶν</span> <span class='ocrx_word' id='word_1_599' title='bbox 1472 4261 1717 4310; x_wconf 88' lang='grc' dir='ltr'>τοιούτων</span> <span class='ocrx_word' id='word_1_600' title='bbox 1743 4260 1864 4331; x_wconf 84' lang='grc' dir='ltr'>ὁρᾶ-</span> 
     </span>
    </p>
   </div>
   <div class='ocr_carea' id='block_1_80' title="bbox 1963 3099 3611 3166">
    <p class='ocr_par' dir='ltr' id='par_1_80' title="bbox 1963 3099 3611 3166">
     <span class='ocr_line' id='line_1_80' title="bbox 1963 3099 3611 3166; baseline -0.001 -9"><span class='ocrx_word' id='word_1_601' title='bbox 1963 3116 2096 3157; x_wconf 89' lang='lat' dir='ltr'>eam</span> <span class='ocrx_word' id='word_1_602' title='bbox 2122 3099 2182 3156; x_wconf 90' lang='lat' dir='ltr'>in</span> <span class='ocrx_word' id='word_1_603' title='bbox 2215 3099 2610 3155; x_wconf 85' lang='lat' dir='ltr'>universalem</span> <span class='ocrx_word' id='word_1_604' title='bbox 2637 3103 2838 3166; x_wconf 88' lang='lat' dir='ltr'>vertat,</span> <span class='ocrx_word' id='word_1_605' title='bbox 2864 3099 3041 3155; x_wconf 92' lang='lat' dir='ltr'>simul</span> <span class='ocrx_word' id='word_1_606' title='bbox 3059 3115 3192 3156; x_wconf 90' lang='lat' dir='ltr'>eam</span> <span class='ocrx_word' id='word_1_607' title='bbox 3209 3099 3284 3154; x_wconf 92' lang='lat' dir='ltr'>de</span> <span class='ocrx_word' id='word_1_608' title='bbox 3315 3115 3452 3156; x_wconf 88' lang='lat' dir='ltr'>vera</span> <span class='ocrx_word' id='word_1_609' title='bbox 3482 3099 3611 3155; x_wconf 88' lang='lat' dir='ltr'>red-</span> 
     </span>
    </p>
   </div>
   <div class='ocr_carea' id='block_1_81' title="bbox 1962 3188 3607 3245">
    <p class='ocr_par' dir='ltr' id='par_1_81' title="bbox 1962 3188 3607 3245">
     <span class='ocr_line' id='line_1_81' title="bbox 1962 3188 3607 3245; baseline -0.001 -1"><span class='ocrx_word' id='word_1_610' title='bbox 1962 3189 2115 3245; x_wconf 85' lang='lat' dir='ltr'>didit</span> <span class='ocrx_word' id='word_1_611' title='bbox 2151 3188 2384 3244; x_wconf 91' lang='lat' dir='ltr'>falsam.</span> <span class='ocrx_word' id='word_1_612' title='bbox 2426 3189 2664 3244; x_wconf 84' lang='lat' dir='ltr'>Falsum</span> <span class='ocrx_word' id='word_1_613' title='bbox 2701 3188 2860 3244; x_wconf 87' lang='lat' dir='ltr'>enim</span> <span class='ocrx_word' id='word_1_614' title='bbox 2900 3193 2989 3244; x_wconf 89' lang='lat' dir='ltr'>est</span> <span class='ocrx_word' id='word_1_615' title='bbox 3026 3188 3335 3244; x_wconf 84' lang='lat' dir='ltr'>manifeste</span> <span class='ocrx_word' id='word_1_616' title='bbox 3374 3188 3607 3244; x_wconf 80' lang='lat' dir='ltr'>dicere:</span> 
     </span>
    </p>
   </div>
   <div class='ocr_carea' id='block_1_82' title="bbox 1963 3276 3610 3349">
    <p class='ocr_par' dir='ltr' id='par_1_82' title="bbox 1963 3276 3610 3349">
     <span class='ocr_line' id='line_1_82' title="bbox 1963 3276 3610 3349; baseline -0.002 -14"><span class='ocrx_word' id='word_1_617' title='bbox 1963 3277 2166 3335; x_wconf 89' lang='lat' dir='ltr'>Nullus</span> <span class='ocrx_word' id='word_1_618' title='bbox 2198 3277 2382 3333; x_wconf 92' lang='lat' dir='ltr'>homo</span> <span class='ocrx_word' id='word_1_619' title='bbox 2413 3281 2499 3334; x_wconf 92' lang='lat' dir='ltr'>est</span> <span class='ocrx_word' id='word_1_620' title='bbox 2519 3293 2758 3349; x_wconf 91' lang='lat' dir='ltr'>corpus,</span> <span class='ocrx_word' id='word_1_621' title='bbox 2799 3293 2937 3334; x_wconf 91' lang='lat' dir='ltr'>cum</span> <span class='ocrx_word' id='word_1_622' title='bbox 2971 3293 3112 3333; x_wconf 88' lang='lat' dir='ltr'>vera</span> <span class='ocrx_word' id='word_1_623' title='bbox 3146 3277 3218 3332; x_wconf 91' lang='lat' dir='ltr'>sit</span> <span class='ocrx_word' id='word_1_624' title='bbox 3258 3276 3610 3349; x_wconf 88' lang='lat' dir='ltr'>propositio,</span> 
     </span>
    </p>
   </div>
   <div class='ocr_carea' id='block_1_83' title="bbox 1961 3365 3613 3438">
    <p class='ocr_par' dir='ltr' id='par_1_83' title="bbox 1961 3365 3613 3438">
     <span class='ocr_line' id='line_1_83' title="bbox 1961 3365 3613 3438; baseline -0.002 -15"><span class='ocrx_word' id='word_1_625' title='bbox 1961 3367 2268 3423; x_wconf 90' lang='lat' dir='ltr'>hominem</span> <span class='ocrx_word' id='word_1_626' title='bbox 2291 3381 2422 3422; x_wconf 90' lang='lat' dir='ltr'>esse</span> <span class='ocrx_word' id='word_1_627' title='bbox 2443 3382 2676 3437; x_wconf 91' lang='lat' dir='ltr'>corpus,</span> <span class='ocrx_word' id='word_1_628' title='bbox 2701 3366 3030 3422; x_wconf 91' lang='lat' dir='ltr'>secundum</span> <span class='ocrx_word' id='word_1_629' title='bbox 3049 3382 3121 3422; x_wconf 90' lang='lat' dir='ltr'>ea</span> <span class='ocrx_word' id='word_1_630' title='bbox 3133 3382 3268 3438; x_wconf 87' lang='lat' dir='ltr'>quae</span> <span class='ocrx_word' id='word_1_631' title='bbox 3290 3371 3427 3422; x_wconf 86' lang='lat' dir='ltr'>ante</span> <span class='ocrx_word' id='word_1_632' title='bbox 3452 3365 3613 3421; x_wconf 86' lang='lat' dir='ltr'>dicta</span> 
     </span>
    </p>
   </div>
   <div class='ocr_carea' id='block_1_84' title="bbox 1966 3453 3613 3527">
    <p class='ocr_par' dir='ltr' id='par_1_84' title="bbox 1966 3453 3613 3527">
     <span class='ocr_line' id='line_1_84' title="bbox 1966 3453 3613 3527; baseline -0.002 -15"><span class='ocrx_word' id='word_1_633' title='bbox 1966 3460 2131 3512; x_wconf 90' lang='lat' dir='ltr'>sunt.</span> <span class='ocrx_word' id='word_1_634' title='bbox 2174 3455 2231 3512; x_wconf 91' lang='lat' dir='ltr'>Si</span> <span class='ocrx_word' id='word_1_635' title='bbox 2262 3465 2393 3511; x_wconf 88' lang='lat' dir='ltr'>vero</span> <span class='ocrx_word' id='word_1_636' title='bbox 2414 3455 2548 3527; x_wconf 88' lang='lat' dir='ltr'>quis</span> <span class='ocrx_word' id='word_1_637' title='bbox 2574 3455 2772 3511; x_wconf 88' lang='lat' dir='ltr'>relicto</span> <span class='ocrx_word' id='word_1_638' title='bbox 2795 3454 3074 3526; x_wconf 86' lang='lat' dir='ltr'>perplexo</span> <span class='ocrx_word' id='word_1_639' title='bbox 3096 3455 3432 3524; x_wconf 86' lang='lat' dir='ltr'>argumenti</span> <span class='ocrx_word' id='word_1_640' title='bbox 3453 3453 3613 3510; x_wconf 91' lang='lat' dir='ltr'>nodo</span> 
     </span>
    </p>
   </div>
   <div class='ocr_carea' id='block_1_85' title="bbox 1964 3543 3614 3617">
    <p class='ocr_par' dir='ltr' id='par_1_85' title="bbox 1964 3543 3614 3617">
     <span class='ocr_line' id='line_1_85' title="bbox 1964 3543 3614 3617; baseline -0.002 -16"><span class='ocrx_word' id='word_1_641' title='bbox 1964 3561 2086 3602; x_wconf 91' lang='lat' dir='ltr'>non</span> <span class='ocrx_word' id='word_1_642' title='bbox 2115 3560 2247 3601; x_wconf 91' lang='lat' dir='ltr'>esse</span> <span class='ocrx_word' id='word_1_643' title='bbox 2272 3560 2470 3617; x_wconf 86' lang='lat' dir='ltr'>operae</span> <span class='ocrx_word' id='word_1_644' title='bbox 2501 3545 2758 3616; x_wconf 89' lang='lat' dir='ltr'>pretium</span> <span class='ocrx_word' id='word_1_645' title='bbox 2785 3543 3104 3601; x_wconf 88' lang='lat' dir='ltr'>arbitratur</span> <span class='ocrx_word' id='word_1_646' title='bbox 3127 3544 3415 3600; x_wconf 89' lang='lat' dir='ltr'>curiosius</span> <span class='ocrx_word' id='word_1_647' title='bbox 3437 3543 3498 3598; x_wconf 92' lang='lat' dir='ltr'>id</span> <span class='ocrx_word' id='word_1_648' title='bbox 3523 3543 3614 3598; x_wconf 80' lang='lat' dir='ltr'>in-</span> 
     </span>
    </p>
   </div>
   <div class='ocr_carea' id='block_1_86' title="bbox 1965 3632 3614 3706">
    <p class='ocr_par' dir='ltr' id='par_1_86' title="bbox 1965 3632 3614 3706">
     <span class='ocr_line' id='line_1_86' title="bbox 1965 3632 3614 3706; baseline -0.002 -16"><span class='ocrx_word' id='word_1_649' title='bbox 1965 3634 2276 3704; x_wconf 85' lang='lat' dir='ltr'>vestigare,</span> <span class='ocrx_word' id='word_1_650' title='bbox 2313 3633 2478 3706; x_wconf 89' lang='lat' dir='ltr'>quod</span> <span class='ocrx_word' id='word_1_651' title='bbox 2508 3633 2646 3688; x_wconf 91' lang='lat' dir='ltr'>inde</span> <span class='ocrx_word' id='word_1_652' title='bbox 2679 3633 2913 3690; x_wconf 90' lang='lat' dir='ltr'>videtur</span> <span class='ocrx_word' id='word_1_653' title='bbox 2963 3633 3258 3697; x_wconf 83' lang='lat' dir='ltr'>concludi,</span> <span class='ocrx_word' id='word_1_654' title='bbox 3289 3632 3392 3687; x_wconf 89' lang='lat' dir='ltr'>sed</span> <span class='ocrx_word' id='word_1_655' title='bbox 3433 3632 3614 3696; x_wconf 90' lang='lat' dir='ltr'>dicat,</span> 
     </span>
    </p>
   </div>
   <div class='ocr_carea' id='block_1_87' title="bbox 1966 3720 3614 3795">
    <p class='ocr_par' dir='ltr' id='par_1_87' title="bbox 1966 3720 3614 3795">
     <span class='ocr_line' id='line_1_87' title="bbox 1966 3720 3614 3795; baseline -0.004 -15"><span class='ocrx_word' id='word_1_656' title='bbox 1966 3740 2097 3781; x_wconf 89' lang='lat' dir='ltr'>esse</span> <span class='ocrx_word' id='word_1_657' title='bbox 2119 3739 2219 3795; x_wconf 90' lang='lat' dir='ltr'>per</span> <span class='ocrx_word' id='word_1_658' title='bbox 2251 3739 2313 3778; x_wconf 92' lang='lat' dir='ltr'>se</span> <span class='ocrx_word' id='word_1_659' title='bbox 2333 3721 2632 3778; x_wconf 89' lang='lat' dir='ltr'>absonum</span> <span class='ocrx_word' id='word_1_660' title='bbox 2672 3725 2775 3778; x_wconf 91' lang='lat' dir='ltr'>aut</span> <span class='ocrx_word' id='word_1_661' title='bbox 2800 3722 2996 3778; x_wconf 91' lang='lat' dir='ltr'>dicere</span> <span class='ocrx_word' id='word_1_662' title='bbox 3021 3727 3128 3778; x_wconf 86' lang='lat' dir='ltr'>aut</span> <span class='ocrx_word' id='word_1_663' title='bbox 3154 3737 3395 3778; x_wconf 87' lang='lat' dir='ltr'>censere</span> <span class='ocrx_word' id='word_1_664' title='bbox 3417 3720 3614 3776; x_wconf 91' lang='lat' dir='ltr'>homi-</span> 
     </span>
    </p>
   </div>
   <div class='ocr_carea' id='block_1_88' title="bbox 1966 3811 3617 3884">
    <p class='ocr_par' dir='ltr' id='par_1_88' title="bbox 1966 3811 3617 3884">
     <span class='ocr_line' id='line_1_88' title="bbox 1966 3811 3617 3884; baseline -0.002 -14"><span class='ocrx_word' id='word_1_665' title='bbox 1966 3830 2105 3870; x_wconf 89' lang='lat' dir='ltr'>nem</span> <span class='ocrx_word' id='word_1_666' title='bbox 2135 3829 2258 3869; x_wconf 89' lang='lat' dir='ltr'>non</span> <span class='ocrx_word' id='word_1_667' title='bbox 2288 3829 2416 3868; x_wconf 88' lang='lat' dir='ltr'>esse</span> <span class='ocrx_word' id='word_1_668' title='bbox 2456 3828 2694 3884; x_wconf 89' lang='lat' dir='ltr'>corpus,</span> <span class='ocrx_word' id='word_1_669' title='bbox 2737 3813 2916 3869; x_wconf 90' lang='lat' dir='ltr'>etiam</span> <span class='ocrx_word' id='word_1_670' title='bbox 2956 3812 3190 3868; x_wconf 89' lang='lat' dir='ltr'>seclusa</span> <span class='ocrx_word' id='word_1_671' title='bbox 3234 3812 3338 3868; x_wconf 92' lang='lat' dir='ltr'>illa</span> <span class='ocrx_word' id='word_1_672' title='bbox 3380 3811 3617 3866; x_wconf 86' lang='lat' dir='ltr'>conclu-</span> 
     </span>
    </p>
   </div>
   <div class='ocr_carea' id='block_1_89' title="bbox 1968 3899 3615 3974">
    <p class='ocr_par' dir='ltr' id='par_1_89' title="bbox 1968 3899 3615 3974">
     <span class='ocr_line' id='line_1_89' title="bbox 1968 3899 3615 3974; baseline -0.003 -15"><span class='ocrx_word' id='word_1_673' title='bbox 1968 3903 2148 3969; x_wconf 89' lang='lat' dir='ltr'>sione,</span> <span class='ocrx_word' id='word_1_674' title='bbox 2171 3917 2307 3974; x_wconf 58' lang='lat' dir='ltr'>quae</span> <span class='ocrx_word' id='word_1_675' title='bbox 2324 3901 2461 3956; x_wconf 88' lang='lat' dir='ltr'>inde</span> <span class='ocrx_word' id='word_1_676' title='bbox 2483 3899 2769 3972; x_wconf 89' lang='lat' dir='ltr'>consequi</span> <span class='ocrx_word' id='word_1_677' title='bbox 2797 3900 3045 3967; x_wconf 89' lang='lat' dir='ltr'>videtur,</span> <span class='ocrx_word' id='word_1_678' title='bbox 3077 3899 3293 3955; x_wconf 89' lang='lat' dir='ltr'>scilicet</span> <span class='ocrx_word' id='word_1_679' title='bbox 3317 3901 3615 3956; x_wconf 87' lang='lat' dir='ltr'>Socratem</span> 
     </span>
    </p>
   </div>
   <div class='ocr_carea' id='block_1_90' title="bbox 1969 3987 3618 4061">
    <p class='ocr_par' dir='ltr' id='par_1_90' title="bbox 1969 3987 3618 4061">
     <span class='ocr_line' id='line_1_90' title="bbox 1969 3987 3618 4061; baseline -0.005 -12"><span class='ocrx_word' id='word_1_680' title='bbox 1969 4008 2091 4049; x_wconf 89' lang='lat' dir='ltr'>non</span> <span class='ocrx_word' id='word_1_681' title='bbox 2111 3992 2375 4048; x_wconf 84' lang='lat' dir='ltr'>futurum</span> <span class='ocrx_word' id='word_1_682' title='bbox 2399 4004 2616 4061; x_wconf 90' lang='lat' dir='ltr'>corpus</span> <span class='ocrx_word' id='word_1_683' title='bbox 2643 4005 2658 4056; x_wconf 88' lang='lat'><strong>;</strong></span> <span class='ocrx_word' id='word_1_684' title='bbox 2683 4020 2750 4029; x_wconf 92' lang='lat'>—-</span> <span class='ocrx_word' id='word_1_685' title='bbox 2771 3988 3079 4061; x_wconf 89' lang='lat' dir='ltr'>quomodo</span> <span class='ocrx_word' id='word_1_686' title='bbox 3107 3987 3454 4044; x_wconf 65' lang='lat' dir='ltr'>substantia)</span> <span class='ocrx_word' id='word_1_687' title='bbox 3472 3987 3618 4042; x_wconf 91' lang='lat' dir='ltr'>divi-</span> 
     </span>
    </p>
   </div>
   <div class='ocr_carea' id='block_1_91' title="bbox 1969 4075 3617 4152">
    <p class='ocr_par' dir='ltr' id='par_1_91' title="bbox 1969 4075 3617 4152">
     <span class='ocr_line' id='line_1_91' title="bbox 1969 4075 3617 4152; baseline -0.002 -16"><span class='ocrx_word' id='word_1_688' title='bbox 1969 4082 2057 4138; x_wconf 90' lang='lat' dir='ltr'>sio</span> <span class='ocrx_word' id='word_1_689' title='bbox 2086 4081 2145 4136; x_wconf 90' lang='lat' dir='ltr'>in</span> <span class='ocrx_word' id='word_1_690' title='bbox 2164 4096 2380 4152; x_wconf 89' lang='lat' dir='ltr'>corpus</span> <span class='ocrx_word' id='word_1_691' title='bbox 2402 4083 2454 4133; x_wconf 93' lang='lat' dir='ltr'>st</span> <span class='ocrx_word' id='word_1_692' title='bbox 2471 4077 2910 4150; x_wconf 90' lang='lat' dir='ltr'>incorporeum,</span> <span class='ocrx_word' id='word_1_693' title='bbox 2929 4095 3060 4150; x_wconf 70' lang='lat' dir='ltr'>quae</span> <span class='ocrx_word' id='word_1_694' title='bbox 3088 4077 3285 4150; x_wconf 89' lang='lat' dir='ltr'>prima</span> <span class='ocrx_word' id='word_1_695' title='bbox 3307 4077 3418 4132; x_wconf 91' lang='lat' dir='ltr'>sub</span> <span class='ocrx_word' id='word_1_696' title='bbox 3445 4075 3617 4132; x_wconf 90' lang='lat' dir='ltr'>alter-</span> 
     </span>
    </p>
   </div>
   <div class='ocr_carea' id='block_1_92' title="bbox 1968 4165 3617 4238">
    <p class='ocr_par' dir='ltr' id='par_1_92' title="bbox 1968 4165 3617 4238">
     <span class='ocr_line' id='line_1_92' title="bbox 1968 4165 3617 4238; baseline -0.004 -13"><span class='ocrx_word' id='word_1_697' title='bbox 1968 4185 2182 4226; x_wconf 89' lang='lat' dir='ltr'>norum</span> <span class='ocrx_word' id='word_1_698' title='bbox 2211 4166 2515 4236; x_wconf 90' lang='lat' dir='ltr'>distinguit</span> <span class='ocrx_word' id='word_1_699' title='bbox 2537 4165 2778 4238; x_wconf 91' lang='lat' dir='ltr'>produci</span> <span class='ocrx_word' id='word_1_700' title='bbox 2807 4165 3036 4238; x_wconf 74' lang='lat' dir='ltr'>queat?</span> <span class='ocrx_word' id='word_1_701' title='bbox 3056 4196 3125 4208; x_wconf 94' lang='lat'>—</span> <span class='ocrx_word' id='word_1_702' title='bbox 3154 4165 3211 4220; x_wconf 92' lang='lat' dir='ltr'>id</span> <span class='ocrx_word' id='word_1_703' title='bbox 3246 4170 3452 4238; x_wconf 89' lang='lat' dir='ltr'>postea</span> <span class='ocrx_word' id='word_1_704' title='bbox 3477 4179 3617 4220; x_wconf 91' lang='lat' dir='ltr'>con-</span> 
     </span>
    </p>
   </div>
   <div class='ocr_carea' id='block_1_93' title="bbox 1971 4254 3616 4321">
    <p class='ocr_par' dir='ltr' id='par_1_93' title="bbox 1971 4254 3616 4321">
     <span class='ocr_line' id='line_1_93' title="bbox 1971 4254 3616 4321; baseline -0.004 -7"><span class='ocrx_word' id='word_1_705' title='bbox 1971 4257 2356 4314; x_wconf 88' lang='lat' dir='ltr'>siderandum</span> <span class='ocrx_word' id='word_1_706' title='bbox 2396 4259 2520 4321; x_wconf 89' lang='lat' dir='ltr'>est;</span> <span class='ocrx_word' id='word_1_707' title='bbox 2555 4256 2821 4311; x_wconf 88' lang='lat' dir='ltr'>tractatio</span> <span class='ocrx_word' id='word_1_708' title='bbox 2859 4270 3000 4310; x_wconf 89' lang='lat' dir='ltr'>vero</span> <span class='ocrx_word' id='word_1_709' title='bbox 3029 4271 3065 4310; x_wconf 91' lang='lat' dir='ltr'>a</span> <span class='ocrx_word' id='word_1_710' title='bbox 3113 4254 3260 4310; x_wconf 90' lang='lat' dir='ltr'>serie</span> <span class='ocrx_word' id='word_1_711' title='bbox 3298 4258 3356 4308; x_wconf 89' lang='lat' dir='ltr'>et</span> <span class='ocrx_word' id='word_1_712' title='bbox 3401 4268 3616 4309; x_wconf 59' lang='lat' dir='ltr'>conss-</span> 
     </span>
    </p>
   </div>
   <div class='ocr_carea' id='block_1_94' title="bbox 246 4342 1855 4449">
    <p class='ocr_par' dir='ltr' id='par_1_94' title="bbox 246 4343 1855 4422">
     <span class='ocr_line' id='line_1_94' title="bbox 246 4343 1855 4422; baseline -0.002 -21"><span class='ocrx_word' id='word_1_713' title='bbox 246 4369 345 4401; x_wconf 88' lang='grc' dir='ltr'>ται</span> <span class='ocrx_word' id='word_1_714' title='bbox 373 4349 848 4422; x_wconf 78' lang='grc' dir='ltr'>κατηγορημάτων,</span> <span class='ocrx_word' id='word_1_715' title='bbox 881 4345 1008 4399; x_wconf 87' lang='grc' dir='ltr'>ἀλλά</span> <span class='ocrx_word' id='word_1_716' title='bbox 1037 4343 1105 4405; x_wconf 75' lang='grc' dir='ltr'>δὴ</span> <span class='ocrx_word' id='word_1_717' title='bbox 1139 4351 1229 4398; x_wconf 85' lang='grc' dir='ltr'>καὶ</span> <span class='ocrx_word' id='word_1_718' title='bbox 1273 4344 1357 4399; x_wconf 73' lang='grc' dir='ltr'>ἐπὶ</span> <span class='ocrx_word' id='word_1_719' title='bbox 1388 4354 1477 4399; x_wconf 83' lang='grc' dir='ltr'>τοῦ</span> <span class='ocrx_word' id='word_1_720' title='bbox 1508 4355 1855 4420; x_wconf 80' lang='grc' dir='ltr'>καταφατικοῡ</span> 
     </span>
    </p>
   </div>
   <div class='ocr_carea' id='block_1_95' title="bbox 1965 4342 3617 4449">
    <p class='ocr_par' dir='ltr' id='par_1_95' title="bbox 1969 4342 3617 4419">
     <span class='ocr_line' id='line_1_95' title="bbox 1969 4342 3617 4419; baseline -0.004 -17"><span class='ocrx_word' id='word_1_721' title='bbox 1969 4344 2216 4419; x_wconf 90' lang='lat' dir='ltr'>quentia</span> <span class='ocrx_word' id='word_1_722' title='bbox 2259 4344 2676 4418; x_wconf 70' lang='lat' dir='ltr'>praedictorum</span> <span class='ocrx_word' id='word_1_723' title='bbox 2729 4360 2839 4399; x_wconf 90' lang='lat' dir='ltr'>non</span> <span class='ocrx_word' id='word_1_724' title='bbox 2884 4343 3143 4399; x_wconf 89' lang='lat' dir='ltr'>recedat.</span> <span class='ocrx_word' id='word_1_725' title='bbox 3214 4342 3434 4399; x_wconf 87' lang='lat' dir='ltr'>Etenim</span> <span class='ocrx_word' id='word_1_726' title='bbox 3493 4357 3617 4397; x_wconf 91' lang='lat' dir='ltr'>non</span> 
     </span>
    </p>
   </div>
   <div class='ocr_carea' id='block_1_96' title="bbox 248 4434 1862 4510">
    <p class='ocr_par' dir='ltr' id='par_1_96' title="bbox 248 4434 1862 4510">
     <span class='ocr_line' id='line_1_96' title="bbox 248 4434 1862 4510; baseline -0.002 -19"><span class='ocrx_word' id='word_1_727' title='bbox 248 4445 367 4500; x_wconf 88' lang='grc' dir='ltr'>τοῖς</span> <span class='ocrx_word' id='word_1_728' title='bbox 424 4436 758 4510; x_wconf 81' lang='grc' dir='ltr'>βουλομένοις</span> <span class='ocrx_word' id='word_1_729' title='bbox 803 4439 1106 4510; x_wconf 90' lang='grc' dir='ltr'>περαντικόν</span> <span class='ocrx_word' id='word_1_730' title='bbox 1157 4454 1276 4488; x_wconf 89' lang='grc' dir='ltr'>τινα</span> <span class='ocrx_word' id='word_1_731' title='bbox 1325 4434 1474 4506; x_wconf 89' lang='grc' dir='ltr'>λόγον</span> <span class='ocrx_word' id='word_1_732' title='bbox 1509 4441 1603 4495; x_wconf 80' lang='grc' dir='ltr'>τὴν</span> <span class='ocrx_word' id='word_1_733' title='bbox 1643 4435 1862 4510; x_wconf 89' lang='grc' dir='ltr'>ἀπορίαν</span> 
     </span>
    </p>
   </div>
   <div class='ocr_carea' id='block_1_97' title="bbox 247 4525 1863 4603">
    <p class='ocr_par' dir='ltr' id='par_1_97' title="bbox 247 4525 1863 4603">
     <span class='ocr_line' id='line_1_97' title="bbox 247 4525 1863 4603; baseline -0.002 -21"><span class='ocrx_word' id='word_1_734' title='bbox 247 4531 581 4603; x_wconf 73' lang='grc' dir='ltr'>κρατύνονται</span> <span class='ocrx_word' id='word_1_735' title='bbox 644 4527 910 4600; x_wconf 90' lang='grc' dir='ltr'>προάγειν.</span> <span class='ocrx_word' id='word_1_736' title='bbox 981 4529 1227 4597; x_wconf 79' lang='grc' dir='ltr'>Λέγοντες</span> <span class='ocrx_word' id='word_1_737' title='bbox 1288 4527 1413 4598; x_wconf 79' lang='grc' dir='ltr'>γὰρ,</span> <span class='ocrx_word' id='word_1_738' title='bbox 1475 4525 1532 4578; x_wconf 81' lang='grc' dir='ltr'><strong>Ὀ</strong></span> <span class='ocrx_word' id='word_1_739' title='bbox 1597 4527 1863 4599; x_wconf 74' lang='grc' dir='ltr'>ἄνθρωπος</span> 
     </span>
    </p>
   </div>
   <div class='ocr_carea' id='block_1_98' title="bbox 250 4610 1863 4689">
    <p class='ocr_par' dir='ltr' id='par_1_98' title="bbox 250 4610 1863 4689">
     <span class='ocr_line' id='line_1_98' title="bbox 250 4610 1863 4689; baseline -0.002 -20"><span class='ocrx_word' id='word_1_740' title='bbox 250 4618 284 4677; x_wconf 78' lang='grc' dir='ltr'><strong>ἣ</strong></span> <span class='ocrx_word' id='word_1_741' title='bbox 320 4619 380 4669; x_wconf 88' lang='grc' dir='ltr'>τὸ</span> <span class='ocrx_word' id='word_1_742' title='bbox 443 4615 578 4676; x_wconf 86' lang='grc' dir='ltr'>ζῶον</span> <span class='ocrx_word' id='word_1_743' title='bbox 623 4618 920 4688; x_wconf 86' lang='grc' dir='ltr'>σωματικόν</span> <span class='ocrx_word' id='word_1_744' title='bbox 953 4631 968 4646; x_wconf 72' lang='grc'><strong><em>³</em></strong></span> <span class='ocrx_word' id='word_1_745' title='bbox 1002 4612 1130 4685; x_wconf 85' lang='grc' dir='ltr'>εἶτα,</span> <span class='ocrx_word' id='word_1_746' title='bbox 1174 4613 1233 4666; x_wconf 79' lang='grc' dir='ltr'>Ὀ</span> <span class='ocrx_word' id='word_1_747' title='bbox 1297 4610 1356 4666; x_wconf 66' lang='grc' dir='ltr'>δὲ</span> <span class='ocrx_word' id='word_1_748' title='bbox 1407 4617 1683 4689; x_wconf 80' lang='grc' dir='ltr'>Σωκράτης</span> <span class='ocrx_word' id='word_1_749' title='bbox 1731 4615 1863 4675; x_wconf 84' lang='grc' dir='ltr'><strong>ζῶον</strong></span> 
     </span>
    </p>
   </div>
   <div class='ocr_carea' id='block_1_99' title="bbox 249 4701 1866 4780">
    <p class='ocr_par' dir='ltr' id='par_1_99' title="bbox 249 4701 1866 4780">
     <span class='ocr_line' id='line_1_99' title="bbox 249 4701 1866 4780; baseline -0.002 -22"><span class='ocrx_word' id='word_1_750' title='bbox 249 4707 284 4765; x_wconf 74' lang='grc' dir='ltr'><strong>ἦ</strong></span> <span class='ocrx_word' id='word_1_751' title='bbox 345 4706 636 4780; x_wconf 74' lang='grc' dir='ltr'>ἄνθρωπος,</span> <span class='ocrx_word' id='word_1_752' title='bbox 677 4703 771 4756; x_wconf 74' lang='grc' dir='ltr'>οὐκ</span> <span class='ocrx_word' id='word_1_753' title='bbox 822 4702 884 4756; x_wconf 80' lang='grc' dir='ltr'>ἄν</span> <span class='ocrx_word' id='word_1_754' title='bbox 939 4705 1237 4775; x_wconf 88' lang='grc' dir='ltr'>σωματικὸν</span> <span class='ocrx_word' id='word_1_755' title='bbox 1291 4701 1739 4776; x_wconf 85' lang='grc' dir='ltr'>ἀναγκασθείημεν</span> <span class='ocrx_word' id='word_1_756' title='bbox 1793 4703 1866 4756; x_wconf 87' lang='grc' dir='ltr'>εἰ-</span> 
     </span>
    </p>
   </div>
   <div class='ocr_carea' id='block_1_100' title="bbox 249 4792 1867 4867">
    <p class='ocr_par' dir='ltr' id='par_1_100' title="bbox 249 4792 1867 4867">
     <span class='ocr_line' id='line_1_100' title="bbox 249 4792 1867 4867; baseline -0.002 -20"><span class='ocrx_word' id='word_1_757' title='bbox 249 4802 371 4848; x_wconf 83' lang='grc' dir='ltr'>πεῖν</span> <span class='ocrx_word' id='word_1_758' title='bbox 397 4798 489 4846; x_wconf 83' lang='grc' dir='ltr'>καὶ</span> <span class='ocrx_word' id='word_1_759' title='bbox 518 4797 605 4847; x_wconf 88' lang='grc' dir='ltr'>τόν</span> <span class='ocrx_word' id='word_1_760' title='bbox 635 4793 910 4867; x_wconf 78' lang='grc' dir='ltr'>Σωκράτην</span> <span class='ocrx_word' id='word_1_761' title='bbox 943 4809 958 4860; x_wconf 82' lang='grc'>;</span> <span class='ocrx_word' id='word_1_762' title='bbox 986 4792 1138 4845; x_wconf 79' lang='grc' dir='ltr'>Οὕτω</span> <span class='ocrx_word' id='word_1_763' title='bbox 1179 4794 1280 4867; x_wconf 89' lang='grc' dir='ltr'>γάρ</span> <span class='ocrx_word' id='word_1_764' title='bbox 1311 4792 1424 4863; x_wconf 69' lang='lat'>(22)</span> <span class='ocrx_word' id='word_1_765' title='bbox 1471 4795 1748 4863; x_wconf 88' lang='grc' dir='ltr'>συνάγεται</span> <span class='ocrx_word' id='word_1_766' title='bbox 1772 4801 1867 4854; x_wconf 85' lang='grc' dir='ltr'>τῆς</span> 
     </span>
    </p>
   </div>
   <div class='ocr_carea' id='block_1_101' title="bbox 248 4880 1866 4958">
    <p class='ocr_par' dir='ltr' id='par_1_101' title="bbox 248 4880 1866 4958">
     <span class='ocr_line' id='line_1_101' title="bbox 248 4880 1866 4958; baseline -0.001 -22"><span class='ocrx_word' id='word_1_767' title='bbox 248 4885 498 4958; x_wconf 80' lang='grc' dir='ltr'>μείζονος</span> <span class='ocrx_word' id='word_1_768' title='bbox 575 4881 844 4935; x_wconf 85' lang='grc' dir='ltr'>κάνταῦθα</span> <span class='ocrx_word' id='word_1_769' title='bbox 916 4884 1170 4954; x_wconf 78' lang='grc' dir='ltr'>μενούσης</span> <span class='ocrx_word' id='word_1_770' title='bbox 1241 4880 1662 4943; x_wconf 77' lang='grc' dir='ltr'>ἐπαληθευούσης</span> <span class='ocrx_word' id='word_1_771' title='bbox 1715 4896 1730 4912; x_wconf 86' lang='grc'><strong>·</strong></span> <span class='ocrx_word' id='word_1_772' title='bbox 1783 4880 1866 4934; x_wconf 74' lang='grc' dir='ltr'>ἐπὶ</span> 
     </span>
    </p>
   </div>
   <div class='ocr_carea' id='block_1_102' title="bbox 249 4966 1865 5046">
    <p class='ocr_par' dir='ltr' id='par_1_102' title="bbox 249 4966 1865 5046">
     <span class='ocr_line' id='line_1_102' title="bbox 249 4966 1865 5046; baseline -0.002 -21"><span class='ocrx_word' id='word_1_773' title='bbox 249 4977 449 5046; x_wconf 79' lang='grc' dir='ltr'>μέρους</span> <span class='ocrx_word' id='word_1_774' title='bbox 490 4974 590 5044; x_wconf 85' lang='grc' dir='ltr'>γὰρ</span> <span class='ocrx_word' id='word_1_775' title='bbox 628 4975 724 5030; x_wconf 77' lang='grc' dir='ltr'>τὴν</span> <span class='ocrx_word' id='word_1_776' title='bbox 770 4973 1082 5045; x_wconf 76' lang='grc' dir='ltr'>προαγωγὴν</span> <span class='ocrx_word' id='word_1_777' title='bbox 1123 4971 1154 5028; x_wconf 83' lang='grc' dir='ltr'><strong>ἠ</strong></span> <span class='ocrx_word' id='word_1_778' title='bbox 1206 4973 1464 5042; x_wconf 86' lang='grc' dir='ltr'>πρότασις</span> <span class='ocrx_word' id='word_1_779' title='bbox 1520 4971 1652 5041; x_wconf 78' lang='grc' dir='ltr'>ἔχει.</span> <span class='ocrx_word' id='word_1_780' title='bbox 1704 4970 1766 5022; x_wconf 85' lang='grc' dir='ltr'>Εἰ</span> <span class='ocrx_word' id='word_1_781' title='bbox 1814 4966 1865 5022; x_wconf 76' lang='grc' dir='ltr'>δ’</span> 
     </span>
    </p>
   </div>
   <div class='ocr_carea' id='block_1_103' title="bbox 250 5058 1870 5135">
    <p class='ocr_par' dir='ltr' id='par_1_103' title="bbox 250 5058 1870 5135">
     <span class='ocr_line' id='line_1_103' title="bbox 250 5058 1870 5135; baseline -0.002 -19"><span class='ocrx_word' id='word_1_782' title='bbox 250 5062 329 5123; x_wconf 82' lang='grc' dir='ltr'>εἰς</span> <span class='ocrx_word' id='word_1_783' title='bbox 383 5064 474 5114; x_wconf 82' lang='grc' dir='ltr'>τὸν</span> <span class='ocrx_word' id='word_1_784' title='bbox 510 5060 735 5114; x_wconf 85' lang='grc' dir='ltr'>καθόλου</span> <span class='ocrx_word' id='word_1_785' title='bbox 790 5061 951 5114; x_wconf 82' lang='grc' dir='ltr'>τύπον</span> <span class='ocrx_word' id='word_1_786' title='bbox 1011 5059 1291 5132; x_wconf 77' lang='grc' dir='ltr'>ἀναχθείή,</span> <span class='ocrx_word' id='word_1_787' title='bbox 1339 5058 1530 5114; x_wconf 74' lang='grc' dir='ltr'>αὐτίκα</span> <span class='ocrx_word' id='word_1_788' title='bbox 1569 5064 1870 5135; x_wconf 78' lang='grc' dir='ltr'>πεφωραμέ-</span> 
     </span>
    </p>
   </div>
   <div class='ocr_carea' id='block_1_104' title="bbox 1972 4430 3620 4503">
    <p class='ocr_par' dir='ltr' id='par_1_104' title="bbox 1972 4430 3620 4503">
     <span class='ocr_line' id='line_1_104' title="bbox 1972 4430 3620 4503; baseline -0.005 -10"><span class='ocrx_word' id='word_1_789' title='bbox 1972 4435 2307 4493; x_wconf 89' lang='lat' dir='ltr'>secundum</span> <span class='ocrx_word' id='word_1_790' title='bbox 2339 4433 2680 4503; x_wconf 88' lang='lat' dir='ltr'>negativam</span> <span class='ocrx_word' id='word_1_791' title='bbox 2725 4433 3016 4488; x_wconf 85' lang='lat' dir='ltr'>duntaxat</span> <span class='ocrx_word' id='word_1_792' title='bbox 3057 4432 3314 4501; x_wconf 85' lang='lat' dir='ltr'>ﬁguram</span> <span class='ocrx_word' id='word_1_793' title='bbox 3357 4432 3418 4486; x_wconf 94' lang='lat' dir='ltr'>id</span> <span class='ocrx_word' id='word_1_794' title='bbox 3451 4430 3620 4502; x_wconf 91' lang='lat' dir='ltr'>quod</span> 
     </span>
    </p>
   </div>
   <div class='ocr_carea' id='block_1_105' title="bbox 1970 4519 3617 4593">
    <p class='ocr_par' dir='ltr' id='par_1_105' title="bbox 1970 4519 3617 4593">
     <span class='ocr_line' id='line_1_105' title="bbox 1970 4519 3617 4593; baseline -0.003 -13"><span class='ocrx_word' id='word_1_795' title='bbox 1970 4525 2218 4581; x_wconf 79' lang='lat' dir='ltr'>diximus</span> <span class='ocrx_word' id='word_1_796' title='bbox 2249 4523 2311 4579; x_wconf 92' lang='lat' dir='ltr'>in</span> <span class='ocrx_word' id='word_1_797' title='bbox 2339 4523 2636 4593; x_wconf 89' lang='lat' dir='ltr'>ejusmodi</span> <span class='ocrx_word' id='word_1_798' title='bbox 2663 4522 3030 4593; x_wconf 90' lang='lat' dir='ltr'>conspicitur</span> <span class='ocrx_word' id='word_1_799' title='bbox 3055 4519 3617 4592; x_wconf 63' lang='lat' dir='ltr'>praedicationibus;</span> 
     </span>
    </p>
   </div>
   <div class='ocr_carea' id='block_1_106' title="bbox 1970 4607 3620 4683">
    <p class='ocr_par' dir='ltr' id='par_1_106' title="bbox 1970 4607 3620 4683">
     <span class='ocr_line' id='line_1_106' title="bbox 1970 4607 3620 4683; baseline -0.004 -13"><span class='ocrx_word' id='word_1_800' title='bbox 1970 4630 2181 4670; x_wconf 91' lang='lat' dir='ltr'>verum</span> <span class='ocrx_word' id='word_1_801' title='bbox 2210 4617 2266 4669; x_wconf 91' lang='lat' dir='ltr'>et</span> <span class='ocrx_word' id='word_1_802' title='bbox 2293 4613 2353 4668; x_wconf 91' lang='lat' dir='ltr'>in</span> <span class='ocrx_word' id='word_1_803' title='bbox 2385 4611 2764 4678; x_wconf 84' lang='lat' dir='ltr'>afﬁrmativa,</span> <span class='ocrx_word' id='word_1_804' title='bbox 2793 4611 2972 4667; x_wconf 93' lang='lat' dir='ltr'>modo</span> <span class='ocrx_word' id='word_1_805' title='bbox 3002 4611 3138 4683; x_wconf 92' lang='lat' dir='ltr'>quis</span> <span class='ocrx_word' id='word_1_806' title='bbox 3182 4608 3322 4665; x_wconf 85' lang='lat' dir='ltr'>velit</span> <span class='ocrx_word' id='word_1_807' title='bbox 3361 4607 3620 4664; x_wconf 88' lang='lat' dir='ltr'>solidam</span> 
     </span>
    </p>
   </div>
   <div class='ocr_carea' id='block_1_107' title="bbox 1973 4696 3624 4774">
    <p class='ocr_par' dir='ltr' id='par_1_107' title="bbox 1973 4696 3624 4774">
     <span class='ocr_line' id='line_1_107' title="bbox 1973 4696 3624 4774; baseline -0.004 -15"><span class='ocrx_word' id='word_1_808' title='bbox 1973 4703 2240 4774; x_wconf 87' lang='lat' dir='ltr'>aliquam</span> <span class='ocrx_word' id='word_1_809' title='bbox 2291 4700 2620 4772; x_wconf 88' lang='lat' dir='ltr'>producere</span> <span class='ocrx_word' id='word_1_810' title='bbox 2675 4700 2988 4765; x_wconf 90' lang='lat' dir='ltr'>rationem,</span> <span class='ocrx_word' id='word_1_811' title='bbox 3053 4714 3178 4771; x_wconf 89' lang='lat' dir='ltr'>qua</span> <span class='ocrx_word' id='word_1_812' title='bbox 3237 4696 3624 4754; x_wconf 88' lang='lat' dir='ltr'>conﬁrmetur</span> 
     </span>
    </p>
   </div>
   <div class='ocr_carea' id='block_1_108' title="bbox 1973 4787 3625 4865">
    <p class='ocr_par' dir='ltr' id='par_1_108' title="bbox 1973 4787 3625 4865">
     <span class='ocr_line' id='line_1_108' title="bbox 1973 4787 3625 4865; baseline -0.004 -17"><span class='ocrx_word' id='word_1_813' title='bbox 1973 4791 2240 4865; x_wconf 68' lang='lat' dir='ltr'>quaestio.</span> <span class='ocrx_word' id='word_1_814' title='bbox 2273 4790 2538 4846; x_wconf 90' lang='lat' dir='ltr'>Dicentes</span> <span class='ocrx_word' id='word_1_815' title='bbox 2575 4790 2773 4845; x_wconf 91' lang='lat' dir='ltr'>enim:</span> <span class='ocrx_word' id='word_1_816' title='bbox 2813 4791 3004 4845; x_wconf 89' lang='lat' dir='ltr'>Homo</span> <span class='ocrx_word' id='word_1_817' title='bbox 3035 4788 3127 4844; x_wconf 89' lang='lat' dir='ltr'>vel</span> <span class='ocrx_word' id='word_1_818' title='bbox 3156 4787 3387 4844; x_wconf 79' lang='lat' dir='ltr'>animal</span> <span class='ocrx_word' id='word_1_819' title='bbox 3425 4801 3625 4856; x_wconf 81' lang='lat' dir='ltr'>corpo—</span> 
     </span>
    </p>
   </div>
   <div class='ocr_carea' id='block_1_109' title="bbox 1974 4876 3626 4947">
    <p class='ocr_par' dir='ltr' id='par_1_109' title="bbox 1974 4876 3626 4947">
     <span class='ocr_line' id='line_1_109' title="bbox 1974 4876 3626 4947; baseline -0.004 -10"><span class='ocrx_word' id='word_1_820' title='bbox 1974 4896 2140 4937; x_wconf 83' lang='lat' dir='ltr'>reum</span> <span class='ocrx_word' id='word_1_821' title='bbox 2165 4896 2180 4947; x_wconf 90' lang='lat'><strong>;</strong></span> <span class='ocrx_word' id='word_1_822' title='bbox 2207 4876 2452 4936; x_wconf 89' lang='lat' dir='ltr'>deinde:</span> <span class='ocrx_word' id='word_1_823' title='bbox 2473 4877 2729 4935; x_wconf 85' lang='lat' dir='ltr'>Socrates</span> <span class='ocrx_word' id='word_1_824' title='bbox 2744 4883 2826 4933; x_wconf 83' lang='lat' dir='ltr'>est</span> <span class='ocrx_word' id='word_1_825' title='bbox 2848 4877 3076 4933; x_wconf 79' lang='lat' dir='ltr'>animal</span> <span class='ocrx_word' id='word_1_826' title='bbox 3097 4876 3191 4932; x_wconf 83' lang='lat' dir='ltr'>vel</span> <span class='ocrx_word' id='word_1_827' title='bbox 3211 4876 3404 4944; x_wconf 85' lang='lat' dir='ltr'>homo,</span> <span class='ocrx_word' id='word_1_828' title='bbox 3422 4889 3626 4930; x_wconf 88' lang='lat' dir='ltr'>nonne</span> 
     </span>
    </p>
   </div>
   <div class='ocr_carea' id='block_1_110' title="bbox 1977 4963 3628 5041">
    <p class='ocr_par' dir='ltr' id='par_1_110' title="bbox 1977 4963 3628 5041">
     <span class='ocr_line' id='line_1_110' title="bbox 1977 4963 3628 5041; baseline -0.004 -15"><span class='ocrx_word' id='word_1_829' title='bbox 1977 4985 2262 5041; x_wconf 89' lang='lat' dir='ltr'>cogemur</span> <span class='ocrx_word' id='word_1_830' title='bbox 2288 4983 2644 5041; x_wconf 91' lang='lat' dir='ltr'>corporeum</span> <span class='ocrx_word' id='word_1_831' title='bbox 2683 4966 2878 5022; x_wconf 90' lang='lat' dir='ltr'>dicere</span> <span class='ocrx_word' id='word_1_832' title='bbox 2916 4966 3098 5022; x_wconf 85' lang='lat' dir='ltr'>etiam</span> <span class='ocrx_word' id='word_1_833' title='bbox 3141 4963 3493 5022; x_wconf 86' lang='lat' dir='ltr'>Socratem?</span> <span class='ocrx_word' id='word_1_834' title='bbox 3543 4967 3628 5020; x_wconf 87' lang='lat' dir='ltr'>Ita</span> 
     </span>
    </p>
   </div>
   <div class='ocr_carea' id='block_1_111' title="bbox 1977 5054 3628 5129">
    <p class='ocr_par' dir='ltr' id='par_1_111' title="bbox 1977 5054 3628 5129">
     <span class='ocr_line' id='line_1_111' title="bbox 1977 5054 3628 5129; baseline -0.005 -13"><span class='ocrx_word' id='word_1_835' title='bbox 1977 5059 2140 5117; x_wconf 91' lang='lat' dir='ltr'>enim</span> <span class='ocrx_word' id='word_1_836' title='bbox 2193 5057 2586 5125; x_wconf 87' lang='lat' dir='ltr'>concluditur,</span> <span class='ocrx_word' id='word_1_837' title='bbox 2645 5056 2853 5128; x_wconf 88' lang='lat' dir='ltr'>majori</span> <span class='ocrx_word' id='word_1_838' title='bbox 2911 5070 3155 5129; x_wconf 90' lang='lat' dir='ltr'>quoque</span> <span class='ocrx_word' id='word_1_839' title='bbox 3204 5054 3300 5111; x_wconf 90' lang='lat' dir='ltr'>hic</span> <span class='ocrx_word' id='word_1_840' title='bbox 3348 5055 3628 5112; x_wconf 89' lang='lat' dir='ltr'>manente</span> 
     </span>
    </p>
   </div>
   <div class='ocr_carea' id='block_1_112' title="bbox 1819 5237 2043 5295">
    <p class='ocr_par' dir='ltr' id='par_1_112' title="bbox 1819 5237 2043 5295">
     <span class='ocr_line' id='line_1_112' title="bbox 1819 5237 2043 5295; baseline -0.004 -1"><span class='ocrx_word' id='word_1_841' title='bbox 1819 5237 2043 5295; x_wconf 65' lang='lat' dir='ltr'>NOTAE.</span> 
     </span>
    </p>
   </div>
   <div class='ocr_carea' id='block_1_113' title="bbox 339 5431 3059 5522">
    <p class='ocr_par' dir='ltr' id='par_1_113' title="bbox 339 5431 3059 5522">
     <span class='ocr_line' id='line_1_113' title="bbox 339 5431 3059 5522; baseline -0.004 -18"><span class='ocrx_word' id='word_1_842' title='bbox 339 5445 754 5522; x_wconf 74' lang='lat' dir='ltr'>(21)Ve_1_quid</span> <span class='ocrx_word' id='word_1_843' title='bbox 783 5443 1066 5522; x_wconf 80' lang='lat' dir='ltr'>deestvel</span> <span class='ocrx_word' id='word_1_844' title='bbox 1095 5439 1470 5522; x_wconf 69' lang='lat' dir='ltr'>aposiopesis</span> <span class='ocrx_word' id='word_1_845' title='bbox 1501 5437 1834 5522; x_wconf 66' lang='lat' dir='ltr'>statuenda.</span> <span class='ocrx_word' id='word_1_846' title='bbox 1869 5439 2024 5495; x_wconf 91' lang='lat' dir='ltr'>Sane</span> <span class='ocrx_word' id='word_1_847' title='bbox 2056 5433 2415 5522; x_wconf 79' lang='lat' dir='ltr'>anacolutho</span> <span class='ocrx_word' id='word_1_848' title='bbox 2436 5433 2801 5493; x_wconf 91' lang='lat' dir='ltr'>constructio</span> <span class='ocrx_word' id='word_1_849' title='bbox 2826 5431 3059 5492; x_wconf 90' lang='lat' dir='ltr'>similis.</span> 
     </span>
    </p>
   </div>
   <div class='ocr_carea' id='block_1_114' title="bbox 337 5511 2126 5596">
    <p class='ocr_par' dir='ltr' id='par_1_114' title="bbox 337 5511 2126 5596">
     <span class='ocr_line' id='line_1_114' title="bbox 337 5511 2126 5596; baseline -0.008 -17"><span class='ocrx_word' id='word_1_850' title='bbox 337 5511 458 5594; x_wconf 74' lang='lat'>(22)</span> <span class='ocrx_word' id='word_1_851' title='bbox 491 5511 757 5596; x_wconf 66' lang='grc' dir='ltr'>Οὐδῖγὰρ</span> <span class='ocrx_word' id='word_1_852' title='bbox 787 5517 970 5575; x_wconf 85' lang='lat' dir='ltr'>habet</span> <span class='ocrx_word' id='word_1_853' title='bbox 995 5511 1220 5588; x_wconf 78' lang='lat' dir='ltr'>Apogr.</span> <span class='ocrx_word' id='word_1_854' title='bbox 1259 5511 1424 5580; x_wconf 79' lang='lat' dir='ltr'>Vén.,</span> <span class='ocrx_word' id='word_1_855' title='bbox 1453 5511 1617 5586; x_wconf 90' lang='lat' dir='ltr'>quod</span> <span class='ocrx_word' id='word_1_856' title='bbox 1651 5511 1817 5569; x_wconf 89' lang='lat' dir='ltr'>Catif.</span> <span class='ocrx_word' id='word_1_857' title='bbox 1851 5511 2126 5568; x_wconf 84' lang='lat' dir='ltr'>correxit.</span> 
     </span>
    </p>
   </div>
   <div class='ocr_carea' id='block_1_115' title="bbox 556 5621 1088 5685">
    <p class='ocr_par' dir='ltr' id='par_1_115' title="bbox 556 5621 1088 5685">
     <span class='ocr_line' id='line_1_115' title="bbox 556 5621 1088 5685; baseline -0.008 -3"><span class='ocrx_word' id='word_1_858' title='bbox 556 5626 803 5685; x_wconf 63' lang='lat' dir='ltr'>Parnon.</span> <span class='ocrx_word' id='word_1_859' title='bbox 850 5623 960 5683; x_wconf 82' lang='lat' dir='ltr'>Gn.</span> <span class='ocrx_word' id='word_1_860' title='bbox 1000 5621 1088 5682; x_wconf 90' lang='lat' dir='ltr'>CI.</span> 
     </span>
    </p>
   </div>
   <div class='ocr_carea' id='block_1_116' title="bbox 3280 5611 3352 5671">
    <p class='ocr_par' dir='ltr' id='par_1_116' title="bbox 3280 5611 3352 5671">
     <span class='ocr_line' id='line_1_116' title="bbox 3280 5611 3352 5671; baseline -0.014 0"><span class='ocrx_word' id='word_1_861' title='bbox 3280 5611 3352 5671; x_wconf 77' lang='grc'><strong>16</strong></span> 
     </span>
    </p>
   </div>
  </div>
