4140 6198
198 296 307 355 485

1135 295 1234 355 AD
1273 297 1824 357 AMPHILOCHIUM
1865 295 2197 366 QU/ESTIO
2236 300 2506 360 LXXVII.

3454 309 3559 365 486

196 433 298 477 τῶν
327 423 549 496 ἐχόντων
587 422 738 495 λόγον
769 422 1118 496 βαθυνόμενον
1145 425 1280 498 (23),
1314 433 1430 488 ταῖς
1460 434 1561 478 τῶν
1602 425 1785 500 ἀνθρώ-

1910 426 2100 483 solent
2141 428 2338 499 prima
2387 429 2585 484 statim
2643 428 2828 484 fronte
2857 428 3173 486 hominum
3205 431 3453 487 auribus
3487 449 3557 489 ac

196 533 305 565 πων
343 517 651 585 προχείροις
696 512 879 574 ἀκοαῖς
922 519 1008 565 καὶ
1046 512 1366 577 ἐπιπολαίως
1410 513 1668 578 διανοίαις
1707 516 1801 568 ούκ

195 601 353 655 ἐθέλει
429 601 875 676 σνναρμόξεσθαι,
939 609 1239 674 πεφυκότων
1323 602 1416 657 διὰ
1491 610 1674 677 πείρας
1747 624 1801 656 τε

194 688 484 764 μεθοδικῆς
551 697 640 744 καὶ
694 696 915 766 κρίσεως
981 692 1358 764 σχολαζούσης
1422 694 1800 754 εἰσοικίζεσθαι

194 781 444 853 μάλιστα,
479 782 540 842 ἧς
575 779 814 843 ἀπούσης
853 789 944 842 τῆς
975 778 1288 845 ἀποδείξεως
1333 785 1358 834 ό
1388 783 1533 855 λόγος
1582 782 1799 844 ἀσθενὴς

194 865 325 921 εἶναι
373 865 539 938 δοκεῖ,
571 873 659 922 τόν
701 877 820 923 νοῦν
862 877 964 924 τῶν
1009 869 1273 945 ἀκροατῶν
1314 876 1447 946 πρὸς
1490 872 1669 925 ἑαυτὸν
1709 871 1795 944 ἐφ-

191 957 535 1013 ελκύσασθαι.

260 1030 360 1112 ς’.
389 1051 522 1108 Τούς
571 1043 632 1100 δέ
666 1066 726 1118 γε
756 1043 1218 1123 διαπορουμένους,
1251 1051 1340 1116 ὡς,
1384 1054 1529 1111 εἴτις
1561 1047 1680 1108 δοίη
1730 1053 1796 1103 τὰ

190 1144 290 1188 τῶν
342 1138 598 1208 σωμάτων
653 1141 775 1208 γένη
828 1142 919 1189 καὶ
979 1134 1096 1197 εἴδη
1155 1144 1394 1211 σώματα,
1460 1143 1575 1192 τότε
1627 1148 1790 1213 τριχῆ

190 1222 477 1278 διαστατόν
530 1225 706 1287 αὐτοῖς
767 1225 1099 1298 συμϐήσεται
1145 1233 1236 1280 καὶ
1287 1231 1316 1287 ἠ
1370 1229 1417 1281 ἐν
1465 1233 1606 1300 τόπῳ
1653 1248 1792 1304 περι-

186 1319 361 1388 γραφὴ
395 1320 485 1367 καὶ
523 1318 584 1366 τό
612 1322 729 1375 ταῖς
769 1315 1079 1374 αἰσθήσεσιν
1109 1319 1378 1391 κρίνεσθαι
1407 1321 1498 1369 καὶ
1535 1320 1594 1368 τό
1640 1319 1792 1388 σῶμά

185 1421 239 1473 γε
278 1399 376 1454 διά
425 1409 667 1474 σώματος
694 1412 910 1478 χωρεῖν,
945 1409 1035 1457 καὶ
1069 1408 1114 1458 εἶ
1159 1425 1211 1457 τι
1252 1405 1373 1457 ἄλλο
1412 1413 1644 1458 τοιοῦτον
1680 1411 1792 1466 τοῖς

183 1498 448 1565 περιττοῖς
511 1491 938 1564 πεφιλοτίμηται,
993 1493 1088 1545 ούκ
1141 1493 1200 1544 ἆν
1251 1493 1534 1556 ἀπεικότως
1591 1496 1786 1566 θαυμά·

187 1599 360 1652 σαιμι,
423 1584 491 1643 ὡς
544 1583 593 1632 οὶ
650 1584 717 1634 τά
769 1590 985 1634 τοιαῦτα
1040 1583 1315 1644 ζητοῦντες
1361 1589 1451 1636 καὶ
1495 1583 1788 1655 νομίζοντες

183 1673 313 1743 πρός
357 1673 449 1727 τὴν
484 1669 653 1721 αὐτῶν
695 1671 818 1742 ὁρᾶν
859 1668 1098 1730 σπουδὴν
1142 1675 1207 1724 τὰ
1237 1671 1647 1745 ἐπιχειρήματα,
1678 1681 1787 1735 πῶς

1909 516 2205 572 mentibus
2245 517 2564 590 quadrare,
2599 534 2736 572 cum
2781 517 2870 573 isti
2911 517 3138 574 soleant
3180 518 3279 576 illa
3328 521 3557 591 potissi-

1907 622 2054 662 mun
2092 607 2331 680 assequi
2355 623 2461 678 per
2491 607 2894 664 methodicam
2931 608 3361 680 experientiam
3396 611 3559 682 quie-

1908 701 2150 768 tamque
2182 696 2615 766 judicationem
2635 715 2652 767 ;
2687 712 2817 768 quae
2854 697 2955 752 ubi
2988 697 3156 761 desit,
3185 699 3553 755 demonstra-

1907 783 2082 839 tionis
2111 785 2263 840 ratio
2287 785 2528 841 inﬁrma
2563 785 2800 841 videtur
2830 801 2962 841 esse
2985 785 3064 842 ad
3103 786 3459 844 trahendam
3481 803 3552 844 ac

1906 872 2316 943 pelliciendam
2338 874 2678 930 auditorum
2709 879 2992 931 mentem.

1974 1060 2025 1112 6.
2055 1055 2160 1123 Qui
2193 1073 2334 1113 vero
2364 1056 2659 1124 dubitant,
2691 1073 2762 1114 ne
2795 1058 2960 1119 forte.
2994 1059 3041 1114 si
3072 1058 3207 1130 quis
3232 1061 3326 1116 det
3345 1076 3553 1132 corpo-

1900 1161 2036 1201 rum
2059 1151 2344 1216 generaet
2367 1147 2591 1218 species
2605 1163 2736 1204 esse
2754 1163 3028 1219 corpora,
3047 1163 3143 1214 ne,
3167 1149 3437 1221 inquam,
3462 1165 3552 1206 se-

1899 1240 2139 1306 quatur,
2173 1235 2516 1291 trinamillis
2539 1236 3113 1293 mensurabilitatem
3145 1239 3464 1294 convenire
3493 1245 3550 1295 et

1899 1322 1959 1378 in
1990 1323 2122 1379 loco
2151 1324 2554 1380 circumscribi
2581 1331 2636 1380 et
2666 1323 2936 1380 sensibus
2963 1326 3216 1395 judicari
3247 1332 3302 1382 et
3332 1343 3548 1397 corpus

1899 1426 2004 1483 per
2041 1427 2260 1483 corpus
2316 1418 2624 1483 penetrare
2663 1419 2720 1468 et
2763 1413 2810 1468 si
2859 1414 3005 1485 quid
3053 1414 3216 1470 aliud
3251 1415 3549 1485 ejusmodi

1897 1500 2073 1556 otiosi
2115 1501 2494 1570 indagatores
2549 1503 2977 1573 excogitarunt,
3027 1502 3141 1557 hos
3187 1503 3385 1558 merito
3435 1518 3547 1573 ego

1898 1588 2182 1657 admiror,
2214 1590 2546 1659 quomodo,
2579 1605 2715 1644 cum
2737 1590 2877 1646 talia
2893 1593 3247 1659 argumenta
3271 1595 3550 1662 quaerunt

1896 1692 2084 1749 eaque
2115 1678 2188 1732 ad
2228 1694 2403 1732 suum
2449 1678 2718 1748 ipsorum
2767 1679 3032 1734 studium
3076 1684 3344 1750 spectare
3394 1678 3548 1734 arbi-

183 1757 271 1810 οὐκ
320 1760 520 1830 ἔφασαν
574 1761 675 1830 πρὸ
720 1768 818 1810 τῶν
872 1759 1035 1811 ἄλλων
1083 1759 1342 1826 ἁπάντων,
1399 1764 1468 1822 ὡς
1497 1775 1512 1791 ·
1548 1784 1576 1811 ‹‹
1625 1761 1685 1816 Εἰ
1723 1764 1785 1813 τά

1897 1769 2142 1830 trantur,
2171 1766 2476 1838 quomodo
2507 1782 2628 1822 non
2676 1766 2932 1822 dixerint
2961 1783 3082 1839 prae
3115 1767 3244 1823 aliis
3275 1767 3502 1822 cunctis
3530 1786 3542 1820 :

181 1851 298 1918 γένη
350 1852 444 1899 καὶ
501 1849 568 1899 τά
619 1844 734 1906 εἴδη
797 1853 1018 1920 σώματα
1065 1854 1156 1901 καὶ
1201 1851 1389 1921 ἄτομα,
1445 1853 1648 1912 πάντως
1696 1855 1785 1902 καὶ

181 1938 485 1990 καθέκαστα
522 1938 706 2003 forat;
737 1957 766 1988 »
799 1939 864 1989 Οἱ
887 1940 988 2010 γὰρ
1037 1946 1136 1990 τῶν
1195 1937 1418 2010 ἀτόμων,
1460 1941 1677 2010 ωμάτων
1719 1942 1786 1991 τά

185 2022 454 2098 ἰδιώματα
497 2025 610 2097 (24)
655 2029 726 2097 μὴ
770 2024 1163 2100 ἐρυθριάσαντες
1202 2025 1284 2078 ἐπὶ
1322 2029 1388 2078 τὰ
1423 2031 1545 2097 γένη
1593 2033 1682 2080 καὶ
1720 2031 1786 2080 τά

183 2110 296 2172 εἴδη
336 2116 535 2167 τούτων
584 2111 936 2182 ἀναϐιϐάζειν,
984 2123 1093 2176 πῶς
1147 2113 1522 2173 ηὐλαϐήθησαν
1569 2120 1640 2188 μὴ
1695 2121 1784 2169 καὶ

181 2206 263 2254 τόν
323 2205 652 2256 καθέκαστον
702 2208 793 2254 καὶ
849 2204 1042 2275 ἄτομον
1099 2207 1212 2262 ἢτοι
1276 2207 1364 2255 τόν
1421 2207 1696 2279 Σωκράτην
1749 2206 1779 2263 ἢ

183 2290 434 2343 Πλάτωνα
485 2291 600 2343 κατ’
658 2290 826 2343 αὐτῶν
895 2299 1242 2364 συναγαγεῖν;
1282 2291 1456 2354 Ἀπαξ
1509 2294 1610 2368 γὰρ
1664 2292 1782 2345 ἀνα-

183 2379 494 2450 στρέψαντες
557 2384 652 2438 τὴν
703 2379 850 2442 τάξιν
893 2389 994 2432 τῶν
1045 2384 1528 2453 κατηγορουμένων,
1569 2387 1660 2434 καὶ
1716 2385 1782 2434 τὰ

181 2463 294 2519 ῖδια
330 2476 437 2520 τῶν
477 2466 717 2540 ἐσχάτων
755 2470 1099 2540 ὑποκειμένων
1134 2471 1270 2521 κατά
1314 2477 1414 2521 τῶν
1457 2489 1782 2545 κατηγορου-

177 2561 337 2628 μένων
392 2565 552 2628 γενῶν
606 2563 696 2609 καὶ
762 2554 915 2610 εἰδῶν
971 2556 1287 2620 ἀξιώσαντες
1349 2562 1778 2634 κατηγορεῖσθαι,

179 2640 213 2696 δ
218 2649 386 2697 ίκαιοι
425 2647 757 2717 τυγχάνουσι
785 2645 936 2718 λόγον
966 2647 1201 2718 ὑπέχειν,
1233 2648 1314 2699 ὅτι
1338 2651 1410 2720 μὴ
1440 2652 1530 2700 καὶ
1559 2648 1685 2700 αὑτό
1723 2651 1781 2701 τό

176 2735 504 2786 καθέκαστον
555 2739 644 2787 καὶ
709 2736 901 2807 ἄτομον
953 2734 1300 2808 ἰπεχείρησαν
1349 2744 1447 2788 τῶν
1498 2745 1654 2807 γενῶν
1693 2742 1782 2790 καὶ

175 2831 273 2874 τῶν
313 2819 474 2875 εἰδῶν
523 2831 831 2898 κατηγορεῖν
870 2827 959 2876 καὶ
1002 2825 1080 2876 ὅτι
1116 2829 1188 2896 μὴ
1233 2821 1327 2876 διὰ
1355 2827 1551 2887 ταύτης
1591 2825 1780 2898 μᾶλλον

176 2919 270 2973 τῆς
303 2910 530 2974 ἀτοπίας
577 2912 823 2985 ἐνόμισαν
853 2911 1136 2984 ἐξελέγχειν
1168 2917 1288 2976 τοὺς
1336 2916 1400 2965 τά
1437 2917 1557 2984 γένη
1598 2919 1687 2966 καὶ
1718 2917 1783 2966 τά

176 2997 289 3059 εἴδη
321 3005 548 3073 σώματα
598 3003 911 3072 τιθεμένους.
957 3008 1120 3054 Τοῦτο
1149 3004 1249 3073 γὰρ
1305 3002 1472 3054 αὐτῶν
1527 3005 1783 3074 σύμπασα

175 3098 270 3140 τῶν
332 3099 508 3162 σοφῶν
578 3089 1002 3165 ἐπιχειρημάτων
1063 3092 1092 3149 ἡ
1162 3091 1363 3143 έπίνοια
1424 3094 1781 3164 πραγματεύε-
1814 3125 1855 3180 C

174 3198 282 3235 ται.

242 3267 305 3329 ζ.
364 3268 489 3321 Αλλ¹
535 3269 709 3321 ἑάσθω
766 3276 933 3322 ταῦτα
978 3276 1210 3330 νεανικῆς
1253 3269 1566 3341 ἐντρεχείας,
1611 3266 1776 3342 οζααι,

175 3360 296 3410 ὄντα
379 3363 688 3431 σκιρήματα
718 3373 734 3389 ⁸
801 3362 1028 3411 νεανικόν
1105 3361 1206 3431 γὰρ
1280 3355 1509 3410 διάττειν
1563 3378 1616 3412 τε
1691 3363 1781 3411 καὶ

179 3444 506 3507 σπουδάζειν
546 3445 844 3520 ἀνατρέπειν
891 3450 949 3499 τό
981 3450 1330 3522 πρόκείμενον,
1364 3448 1442 3508 οἷς
1488 3450 1583 3510 τὰς
1618 3447 1781 3508 λαϐὰς

175 3533 330 3588 έκεῖνο
385 3531 669 3609 διαφεῦγον
721 3534 1054 3610 βεϐαιοτέραν
1106 3537 1135 3596 ἦ
1185 3541 1428 3611 πρότερον
1475 3541 1568 3596 τὴν
1622 3534 1779 3600 δόξαν

175 3622 441 3696 ἐφέλκεται
494 3634 586 3686 τῆς
633 3625 923 3697 ὑπάρξεως.
963 3629 1032 3678 Τό
1085 3627 1184 3699 γάρ
1234 3631 1354 3699 πρὶν
1414 3625 1485 3688 εἰς
1549 3625 1778 3699 βάσανον

176 3711 470 3786 ἀντιλογίας
516 3717 784 3766 καταστάν
839 3711 1036 3772 ἄδηλον
1084 3717 1194 3786 ἔχει
1247 3719 1342 3773 την
1402 3715 1582 3786 ἰσχύν,
1636 3719 1778 3768 οὔπω

174 3807 444 3875 παρόντων
471 3800 698 3874 ἐλέγχων
730 3822 743 3835 ’
775 3811 875 3854 τῶν
915 3799 975 3855 δὲ
1009 3805 1349 3874 πειραθέντων
1380 3803 1609 3876 ἐλέγχεῖν
1650 3804 1776 3856 αύτό

174 3896 540 3964 κραταιότερον
591 3888 890 3964 έπιδειχθὲν
938 3890 1252 3965 προσέλαϐεν
1293 3893 1461 3967 ἧσπερ
1499 3889 1614 3964 εἶχε
1651 3899 1774 3968 πρό-

174 3999 315 4056 τερον
356 3977 524 4042 δόξης
560 3999 615 4033 τε
659 3985 752 4032 καὶ
795 3989 891 4042 τῆς
939 3979 986 4032 ἐν
1014 3988 1086 4051 τῷ
1117 3979 1382 4039 ἀληθεύειν
1427 3981 1596 4052 πολλῷ
1626 3981 1776 4035 πλέον

175 4069 347 4144 παῤῥη
357 4074 503 4130 σίαζ.

242 4158 314 4216 η’.
342 4164 470 4218 Τοῖς
519 4154 579 4211 δὲ
619 4157 877 4229 λέγουσιν,
921 4159 1001 4212 Ἐν
1039 4154 1249 4232 διανοίᾳ
1293 4162 1382 4231 μὲν
1422 4161 1488 4212 τά
1531 4156 1646 4218 εἴδη
1689 4165 1777 4213 καὶ

171 4249 234 4298 τά
305 4250 435 4320 γένη
525 4245 888 4318 λαμϐανόμενα
977 4256 1076 4299 τῶν
1182 4250 1434 4320 σωμάτων
1521 4247 1776 4320 ἀσώματα

173 4332 254 4388 δεῖ
299 4335 420 4408 (‘25)
481 4340 572 4388 καὶ
626 4339 855 4409 νομίζειν
931 4341 1019 4388 καὶ
1078 4335 1368 4410 ὀνομάζειν,
1432 4332 1640 4389 ἐπειδὰν
1717 4332 1776 4388 δὲ

171 4431 279 4486 τοῖς
375 4425 732 4498 ὑποκειμένοις
817 4427 1145 4499 περιαφθείη,
1234 4433 1454 4499 σώματα
1542 4432 1777 4500 προσῆκε
1807 4462 1852 4517 D

169 4517 282 4565 τότε
338 4517 436 4565 καὶ
481 4513 652 4566 καλεῖν
699 4518 789 4566 καὶ
839 4512 1166 4584 λογίζεσθαι,
1211 4510 1380 4576 ἡδέως
1437 4513 1497 4565 ἂν
1540 4513 1798 4588 ἐροίμην,

168 4606 382 4676 πότερον
435 4600 484 4654 ἕν
535 4611 609 4674 τῷ
663 4599 987 4657 διανοεῖσθαι
1046 4602 1303 4676 ἀσώματα
1352 4603 1593 4664 λαϐόντες
1642 4603 1776 4655 αὑτά

169 4687 529 4760 διενοήσαντο,
564 4691 594 4750 ἦ
636 4690 685 4744 έν
715 4692 856 4763 αὐτῷ
893 4699 967 4763 τῷ
999 4689 1326 4745 διανοεῖσθαι
1362 4695 1557 4749 ταύτην
1597 4691 1774 4754 αὐτοῖς

167 4782 493 4855 ἐχαρίσαντο
533 4785 630 4840 τὴν
673 4783 849 4854 φύσιν.
901 4781 963 4834 Εἰ
1005 4785 1095 4854 μὲν
1141 4783 1244 4854 γὰρ
1292 4780 1550 4855 ἀσώματα
1595 4780 1774 4833 λαϐόν-

166 4887 243 4932 τες
319 4865 478 4922 οὖδεν
535 4865 892 4933 διανοηθέντες
965 4870 1214 4943 ἧμειψαν,
1270 4873 1329 4924 τό
1400 4879 1496 4932 τῆς
1557 4869 1773 4945 ἀπορίας

165 4959 318 5011 πάλιν
362 4955 598 5032 διαμένει
637 4956 788 5013 οὐδὲν
818 4961 995 5029 ἦττον,
1028 4959 1156 5013 ἀλλά
1183 4979 1242 5032 γε
1274 4956 1342 5018 δὴ
1389 4964 1478 5012 καὶ
1511 4961 1769 5034 θρασύτε-

163 5065 249 5119 ρον
279 5066 292 5079 ·
324 5048 371 5100 εἰ
405 5043 465 5100 δε
506 5053 727 5121 σώματα
772 5047 1016 5112 λαϐόντες
1057 5051 1187 5124 πρὸς
1222 5051 1281 5100 τό
1329 5046 1608 5121 ἀσώματον
1653 5067 1772 5120 μετ-

167 5137 464 5204 ετάξαντος,
499 5135 663 5210 βαϐαὶ
705 5141 796 5211 μεν
841 5139 1008 5192 αὐτῶν
1037 5146 1130 5200 τῆς
1171 5139 1476 5211 θαυμαστῆς
1509 5137 1644 5190 οὑτω
1682 5141 1771 5190 καὶ

165 5231 391 5300 ταχείας
449 5223 946 5302 δημιουργίαςΙΤά
1002 5228 1093 5300 μεν
1140 5228 1243 5300 γὰρ
1300 5225 1588 5299 ἕννοήματα
1639 5228 1769 5280 καθὸ

1893 1876 1921 1906 ‹‹
1948 1853 2121 1919 Quod
2138 1853 2187 1909 si
2211 1870 2431 1923 genera
2453 1855 2753 1926 etspecies
2778 1862 2914 1910 sunt
2935 1871 3206 1927 corpora,
3238 1854 3548 1911 individua

1893 1958 2135 2014 quoque
2161 1947 2217 1998 et
2243 1942 2565 2012 singularia
2586 1943 2830 1998 omnino
2855 1949 3044 2001 erunt.
3073 1963 3101 1996 η
3132 1944 3240 2008 Qui
3265 1943 3424 1998 enim
3456 1943 3544 1998 in-

1891 2031 2266 2087 divrduorum
2292 2047 2612 2102 corporum
2628 2032 3014 2104 proprietates
3038 2048 3158 2087 non
3179 2032 3548 2087 erubuerunt

1891 2119 1972 2176 ad
2027 2135 2245 2189 genera
2295 2123 2353 2175 et
2405 2121 2633 2192 species
2679 2120 2895 2176 horum
2940 2120 3191 2187 elevare,
3237 2119 3544 2191 quomodo

1890 2207 2059 2262 veriti
2119 2213 2280 2272 sunt,
2333 2208 2514 2263 etiam
2565 2207 2868 2276 singulare
2915 2214 3094 2280 atque
3143 2207 3541 2273 individuum,

1892 2296 2116 2351 scilicet
2145 2298 2446 2352 Socratem
2479 2301 2582 2352 aut
2612 2296 2943 2363 Platonem,
2975 2298 3053 2352 ad
3075 2297 3205 2352 hac
3230 2297 3498 2365 redigere
3517 2298 3545 2353 ‘I

1889 2384 2081 2440 Semel
2102 2385 2262 2440 enim
2278 2401 2415 2440 cum
2440 2385 2711 2440 ordinem
2731 2385 3179 2454 praadicatorum
3199 2385 3546 2442 inverterint

1890 2479 1946 2528 et
1974 2489 2109 2545 qua;
2137 2476 2276 2527 sunt
2313 2479 2717 2528 extremorum
2749 2474 3148 2544 subjectorum
3193 2474 3444 2545 propriae
3469 2474 3543 2529 de

1889 2561 2218 2634 praedicatis
2241 2562 2554 2630 generibus
2569 2561 2998 2634 speciebusque
3017 2561 3329 2634 praedicari
3345 2562 3544 2617 volue-

1889 2651 2025 2714 rint,
2063 2655 2340 2705 tenentur
2369 2650 2628 2705 rationes
2657 2649 2926 2716 reddere,
2961 2665 3070 2705 cur
3105 2665 3228 2706 non
3260 2654 3315 2706 et
3344 2649 3543 2720 ipsum

1890 2737 2186 2809 singulare
2215 2743 2272 2794 et
2301 2737 2679 2793 individuum
2705 2737 2779 2792 de
2805 2737 3120 2806 generibus
3143 2745 3199 2793 et
3226 2737 3542 2810 speciebus

1889 2827 2362 2900 praedicaverint,
2390 2833 2446 2882 et
2466 2842 2572 2882 cur
2601 2842 2724 2882 non
2755 2843 2862 2899 per
2882 2827 3037 2883 hanc
3059 2829 3255 2898 potius
3276 2827 3544 2883 absurdi-

1891 2920 2069 2971 tatem
2089 2915 2441 2971 refellendos
2454 2931 2554 2970 eos
2569 2915 2867 2981 duxerint,
2887 2915 2988 2987 qui
3005 2931 3224 2985 genera
3239 2919 3297 2970 et
3314 2915 3543 2987 species

1889 3019 2142 3076 corpora
2172 3020 2299 3058 esse
2331 3008 2613 3059 statuunt.
2652 3006 2769 3058 Hoc
2798 3004 2958 3058 enim
2991 3004 3277 3059 omnibus
3308 3003 3428 3058 suis
3456 3004 3543 3059 in-

1888 3091 2150 3163 geniosis
2171 3091 2536 3162 argumentis
2576 3097 2760 3162 agunt
2799 3096 2856 3147 et
2885 3091 3118 3147 efﬁcere
3143 3091 3405 3148 student.

1961 3270 2012 3323 7.
2045 3268 2265 3324 Verum
2295 3267 2638 3324 omittantur
2681 3268 2812 3324 haec
2841 3271 3038 3339 utpote
3059 3267 3340 3338 juvenilis
3371 3267 3543 3322 indu-

1889 3359 2047 3414 striae
2078 3357 2336 3430 tripudia
2367 3376 2380 3425 ;
2411 3356 2672 3428 juvenile
2713 3356 2870 3412 enim
2910 3361 2997 3412 est
3040 3357 3212 3412 nimis
3253 3357 3422 3413 anxie
3447 3372 3544 3412 co-

1887 3448 2037 3517 nari,
2077 3447 2240 3520 quod
2272 3445 2648 3517 proponitur,
2685 3446 3052 3514 argumentis
3082 3452 3362 3511 evertere,
3396 3461 3540 3516 quo-

1885 3554 2020 3593 rum
2052 3553 2232 3592 ansas
2278 3535 2425 3590 illud
2465 3535 2758 3605 effugiens
2805 3535 3112 3591 certiorem
3148 3551 3334 3606 quam
3376 3533 3541 3606 prius

1885 3626 2238 3684 exsistentias
2256 3641 2376 3680 suae
2393 3625 2573 3680 ﬁdem
2600 3624 2866 3680 adstruit.
2890 3625 3059 3690 Quod
3082 3624 3240 3679 enim
3256 3623 3542 3680 examinis

1885 3715 2422 3773 contradictionem
2467 3714 2644 3781 subit,
2690 3715 2976 3769 incertam
3030 3713 3214 3769 habet
3235 3713 3379 3776 vim,
3412 3729 3542 3768 cum

1884 3806 2157 3861 nondum
2189 3803 2393 3860 adsint
2422 3808 2818 3872 argumenta:
2855 3802 2958 3858 ubi
2987 3818 3128 3858 vero
3159 3801 3539 3858 adversarios

1885 3893 2032 3949 illud
2069 3892 2328 3949 refellere
2367 3897 2615 3948 conatos
2655 3891 2976 3962 superavit,
3022 3891 3208 3946 multo
3251 3892 3540 3961 majorem

1883 3999 2070 4056 quam
2110 3981 2274 4054 prius
2295 3981 2563 4046 haberet,
2596 3979 2914 4051 acquisivit
2944 3978 3193 4050 gloriam
3226 3980 3541 4050 magisque

1884 4076 2151 4142 apertam
2187 4070 2448 4126 veritatis
2479 4069 3001 4125 existimationem.

1955 4163 2005 4215 8.
2062 4161 2142 4213 Ex
2184 4157 2256 4212 iis
2307 4158 2409 4229 qui
2450 4157 2676 4222 dicunt,
2720 4157 2784 4211 in
2822 4163 3012 4212 mente
3048 4155 3278 4226 quidem
3331 4154 3540 4224 species

1883 4254 1936 4304 et
1966 4263 2171 4318 genera
2199 4262 2507 4316 corporum
2536 4251 2780 4314 accepta
2809 4245 3158 4313 incorporea
3199 4251 3459 4314 oportere
3489 4252 3538 4300 et

1882 4335 2103 4394 censeri
2114 4344 2164 4392 et
2180 4334 2482 4390 nominari
2509 4339 2845 4404 ;poslquam
2874 4348 3010 4390 vero
3021 4333 3299 4401 subjectis
3307 4332 3538 4401 fuerint

1883 4430 2113 4497 aptata,
2145 4440 2393 4494 corpora
2425 4429 2567 4478 tunc
2597 4429 2653 4478 et
2683 4422 2938 4478 vocanda
2971 4427 3023 4477 et
3056 4421 3342 4476 censenda
3373 4435 3493 4476 esse
3519 4442 3531 4485 ;

1883 4531 1955 4570 ex
1993 4513 2108 4579 his,
2140 4513 2408 4584 inquam,
2437 4511 2691 4566 libenter
2715 4510 3078 4583 quaasierim,
3112 4515 3312 4564 utrum
3343 4509 3402 4562 in
3441 4524 3538 4564 co-

1884 4601 2131 4673 gitando
2174 4601 2527 4670 incorporea
2583 4600 2738 4655 nacti
2780 4599 2921 4654 talia
2963 4602 3157 4652 mente
3187 4613 3295 4652 sua
3325 4612 3540 4652 conce-

1882 4691 2095 4764 perint,
2130 4705 2208 4746 an
2238 4690 2297 4745 in
2321 4689 2452 4759 ipso
2473 4687 2792 4758 cogitando
2819 4688 2976 4743 hanc
3007 4687 3092 4742 eis
3124 4691 3399 4742 naturam
3431 4686 3540 4741 im-

1880 4778 2204 4852 pertierint.
2248 4779 2393 4834 Nam
2426 4777 2474 4831 si
2507 4776 2860 4848 incorporea
2899 4775 3059 4831 nacti
3099 4775 3179 4830 nil
3217 4774 3538 4846 cogitando

1881 4869 2294 4932 immutarunt,
2325 4864 2648 4922 difﬁcultas
2664 4881 2869 4921 rursus
2893 4869 3200 4937 permanet
3219 4862 3408 4919 nihilo
3431 4864 3538 4918 mi-

1880 4973 2010 5024 nor,
2044 4958 2168 5013 imo
2195 4960 2253 5011 et
2292 4954 2548 5012 validior
2571 4971 2584 5020 ;
2605 4954 2653 5010 si
2683 4961 2877 5010 autem
2902 4969 3154 5026 corpora
3181 4952 3339 5008 nacti
3371 4953 3430 5008 iu
3452 4952 3537 5008 in-

1881 5061 2164 5118 corporea
2193 5048 2682 5108 transverterunt,
2711 5043 2865 5114 proh
2913 5042 3130 5098 miram
3178 5043 3448 5114 ipsorum
3478 5047 3536 5099 et

1881 5135 2131 5192 celerem
2164 5133 2408 5189 creandi
2432 5133 2706 5188 virtutem
2735 5134 2746 5189 l
2779 5131 3174 5202 Cogitationes
3201 5129 3360 5186 enim
3391 5145 3538 5203 qua-

1881 5229 2056 5281 tenus
2086 5221 2478 5295 cogitationes
2511 5219 2762 5278 omnino
2791 5220 3152 5293 incorporeae
3191 5223 3372 5286 sunt;
3405 5218 3534 5292 quis

1713 5376 1944 5436 NOT/E.

400 5513 493 5570 Sic
521 5513 648 5572 Vat.
677 5514 848 5572 Catif.
884 5512 1138 5587 βαθυνότε
1174 5533 1246 5569 ον.

400 5585 622 5644 Philad.
660 5583 953 5643 ἰδιαίτατα.
988 5533 1176 5644 (Catii
1208 5601 1246 5643 n

235 5512 331 5582 (23
400 5513 493 5570 Sic
521 5513 648 5572 Vat.
677 5514 848 5572 Catif.
884 5512 1138 5587 βαθυνότε
1174 5533 1246 5569 ον.

237 5514 361 5657 (2L;
398 5585 622 5644 Philad.
660 5583 953 5643 ἰδιαίτατα.
1208 5585 1397 5658 nota).

1952 5511 2064 5585 (25)
2108 5507 2274 5568 Catif.
2303 5509 2520 5582 Apogr.
2555 5502 2647 5568 δή.
