4140 6198
570 268 673 324 487
1814 263 2041 322 ΡΗΟΤΙΙ
2081 264 2205 319 PAT

2280 261 2555 318 [ARCHJE
2595 260 2708 321 (ΖΡ.
3821 261 3915 317 488

569 396 771 449 tamen
801 405 907 463 per
934 390 1047 447 hoc
1077 391 1242 463 quod
1273 390 1509 461 cogitet,
1548 405 1796 463 corpora
1830 393 1892 446 iu
1942 392 2204 460 incorpo-

2281 392 2559 460 ινοήματα
2604 407 2809 448 παντως
2848 385 3106 458 ἀσώματα
3138 401 3150 414 ·
3183 389 3262 446 τίς
3301 380 3352 436 δ’
3384 384 3444 435 ἆν
3484 386 3537 447 ἐξ
3582 386 3648 437 ὧν
3700 385 3916 444 ἐννοησει

568 498 738 538 reum
756 482 1099 538 convertet?
1124 482 1340 537 Verum
1359 497 1496 537 vero
1513 481 1663 537 sicut
1681 482 2033 553 cogitarunt,
2058 479 2140 534 ita
2159 482 2203 533 e1

2325 482 2665 550 μεταποιήσει
2738 478 2848 548 (26)
2910 478 2977 527 τὰ
3033 480 3253 547 σώματα
3307 478 3434 546 πρὸς
3492 479 3551 527 τό
3609 474 3914 548 ἀσώματον;

569 571 852 642 subjectis
881 571 1349 643 aptaveruntYet
1371 573 1678 643 quomodo
1707 586 1828 626 non
1853 570 1926 626 de
1952 567 2204 639 corpori-

2328 572 2545 642 Πότερον
2595 564 2653 620 δὲ
2704 570 2771 628 ὡς
2811 569 3050 630 ἐνόησαν,
3098 564 3233 617 οὑτω
3284 569 3374 616 καὶ
3424 572 3533 626 τοῖς
3584 566 3918 638 ὑποκειμένοις

571 659 683 716 bus
710 660 1067 731 incorporea
1092 659 1470 732 praedicant?
1497 660 1595 716 Sin
1622 664 1841 725 autem,
1863 658 2029 715 ut/ab
2050 657 2206 713 initio

2326 659 2663 732 ἡρμόσαντο;
2697 661 2785 708 καὶ
2832 663 2942 717 πῶς
2995 654 3052 706 οὑ
3114 661 3474 727 κατηγοροῦσι
3523 661 3623 705 τῶν
3675 656 3918 727 σωμάτων

570 754 942 820 acceperant,
966 748 1047 804 ita
1062 764 1273 804 rursus
1294 752 1350 804 et
1376 748 1659 820 subjectis
1677 752 1978 821 aptarunt,
2002 746 2205 802 frustra

2327 749 2391 798 τὰ
2416 745 2710 818 ἀσώματα;
2744 744 2805 797 Εἰ
2848 741 2899 796 δ’
2930 746 3001 806 ὡς
3030 742 3118 795 ἀπ’
3152 742 3330 815 ἀρχῆς
3366 741 3567 808 ἔλαϐον,
3602 743 3736 795 οὕτω
3776 743 3917 795 πάλιν

571 838 839 909 ipsorum
870 836 1162 893 laboravit
1190 852 1360 893 mens
1389 843 1621 894 mutare
1651 836 2017 893 contendens
2055 833 2206 908 quod

2328 837 2417 884 καὶ
2459 841 2566 895 τοῖς
2615 835 2969 905 ὑποκειμένοις
3017 834 3340 905 ἡρμόσαντο,
3375 834 3545 903 μάτην
3596 832 3774 893 αὑτοῖς
3824 831 3921 884 ἐκο-

572 926 789 982 mutari
843 926 1071 998 nequit,
1125 926 1466 999 formasque
1509 926 1685 982 nobis
1724 924 2207 997 imaginationum

2328 926 2485 974 πίασε
2536 922 2933 994 μεταϐάλλουσα
2991 925 3049 973 τό
3104 919 3456 992 ἀμετάϐλητον
3500 922 3530 978 ἡ
3584 917 3794 973 διάνοια
3841 926 3921 973 καὶ

572 1014 889 1084 efﬁngens.
926 1014 1035 1071 Sed
1066 1015 1246 1071 etiam
1287 1021 1343 1071 et
1370 1015 1518 1087 ipsis
1547 1014 1729 1071 rebus
1760 1016 1909 1087 ipsa,
1944 1017 2009 1069 ut
2033 1013 2199 1070 aiunt

2332 1020 2624 1083 φαντασιῶν
2669 1013 2792 1084 ἡμῖν
2841 1010 3246 1063 ὰναπλάττουσα
3299 1013 3561 1081 σχήματα
3587 1027 3599 1039 ⁸
3649 1008 3781 1061 ἀλλὰ
3832 1014 3920 1082 γὰρ

570 1108 911 1175 c00ptantes
936 1108 993 1159 et
1022 1110 1327 1176 propterea
1361 1104 1712 1177 corporibus
1741 1119 1863 1160 non
1891 1103 2198 1175 privantes

2330 1105 2419 1152 καὶ
2481 1100 2658 1162 αὑτοῖς
2723 1107 2833 1161 τοῖς
2889 1102 3195 1173 πράγμασιν
3268 1099 3421 1164 αὐτὰ,
3476 1100 3547 1160 ὦς
3602 1118 3751 1170 φασι,
3812 1118 3924 1150 συν-

572 1198 773 1249 utrum
802 1192 1251 1249 considerantes
1281 1193 1390 1249 ista
1420 1193 1774 1259 attribuunt,
1797 1209 1874 1249 an
1906 1197 2127 1249 temere
2153 1205 2207 1247 ac

2333 1194 2671 1264 αρμόττοντες
2722 1193 2812 1241 καὶ
2864 1186 2958 1240 διὰ
2999 1195 3166 1239 ταῦτα
3212 1196 3312 1239 τῶν
3348 1190 3601 1259 σωμάτων
3652 1188 3747 1239 οὑκ
3804 1186 3926 1239 ἀπο-

570 1281 805 1338 fortuito
818 1281 948 1352 conj
960 1282 1282 1337 unctionem
1295 1283 1470 1337 istam
1484 1281 1779 1337 formant?
1793 1286 1874 1339 At
1889 1286 2199 1351 utrumque

2336 1285 2647 1350 στεροῦντες,
2700 1282 2920 1343 πότερον
2977 1276 3260 1338 ἐννοοῦντες
3311 1283 3479 1328 ταῦτα
3534 1278 3924 1349 περιάπτουσιν,

570 1371 811 1441 opinor,
843 1371 1027 1425 errori
1055 1371 1287 1436 subest;
1315 1371 1565 1427 alterum
1591 1372 1751 1427 enim
1770 1369 2012 1426 destruit
2037 1384 2205 1440 oppo

2334 1368 2363 1426 ἡ
2420 1370 2587 1439 μάτην
2643 1372 2733 1418 καὶ
2789 1372 2859 1427 ὡς
2904 1365 2964 1417 ἂν
3013 1364 3213 1417 ἐπέλθοι
3256 1369 3351 1423 τὴν
3409 1366 3688 1437 συνάφειαν
3740 1368 3927 1422 ταύτην

572 1458 775 1528 situm,
814 1475 936 1530 quo
978 1460 1377 1527 asserebatur,
1426 1475 1534 1533 per
1571 1460 1959 1530 cogitationes
2004 1457 2207 1513 mentis

2335 1453 2757 1527 σχεδιάζουσινε
2814 1454 2947 1507 Ἀλλ’
3006 1454 3264 1527 ἑκάτερον,
3337 1450 3506 1526 οἶμαι,
3554 1454 3806 1529 σφαλερόν
3834 1493 3846 1504 .
3877 1458 3927 1506 τὸ

571 1562 827 1619 corpora
882 1547 943 1601 in
1006 1547 1394 1603 substantiam
1457 1548 1874 1620 incorpoream
1930 1545 2206 1612 cnnverti,

2331 1548 2422 1616 μεν
2471 1547 2572 1617 γὰρ
2620 1543 2819 1619 ἀναιρεῖ
2859 1547 2917 1595 τό
2962 1542 3326 1615 ἀντικείμενον,
3377 1544 3403 1595 ὃ
3457 1539 3552 1594 διὰ
3601 1551 3696 1605 τῆς
3740 1542 3929 1605 ἐννοίας

571 1636 813 1693 alterum
840 1651 983 1692 vero
1013 1636 1393 1692 delirantium
1414 1639 1504 1692 est
1526 1642 1583 1692 et
1605 1636 1919 1693 ridiculum
1936 1665 2030 1692 .—

2330 1634 2493 1705 ΰιεγεν
2547 1633 2618 1694 εἰς
2665 1632 2942 1705 ἀσώματον
2974 1632 3157 1684 οὐσίαν
3194 1636 3532 1704 μεταπίπτειν
3572 1634 3638 1684 τὰ
3690 1639 3926 1704 σώματα,

2256 1736 2302 1795 Β
2330 1726 2387 1776 τὸ
2420 1720 2454 1775 δ
2457 1727 2477 1775 ε
2504 1722 2795 1796 ληρούντων
2822 1727 2911 1774 καὶ
2945 1720 3179 1793 γέλωτος.

643 1816 695 1867 9.
730 1812 1012 1877 Quaenam
1046 1810 1122 1866 sit
1149 1810 1326 1881 igitur
1354 1811 1523 1877 ratio,
1556 1827 1676 1884 qua
1718 1826 1929 1867 omnes
1954 1810 2079 1866 istm
2118 1809 2223 1865 de-

2403 1812 2466 1864 θ’.
2498 1818 2585 1872 Τίς
2616 1808 2702 1864 οὖν
2733 1813 2758 1862 ὁ
2802 1812 2955 1882 λόγος
2984 1813 3010 1863 ὁ
3042 1813 3237 1871 ταύτας
3282 1812 3459 1872 πάσας
3500 1806 3799 1882 διαφεύγων
3848 1811 3932 1871 τὰς

572 1899 863 1955 clinentur
882 1914 1063 1964 ansm,
1093 1898 1356 1955 diximus
1372 1899 1615 1971 quidem
1640 1899 1982 1971 expressius
2007 1898 2207 1955 acrius

2328 1900 2507 1971 λαϐὰς,
2575 1902 2777 1973 εἴρηται
2842 1903 2932 1971 μὲν
2988 1898 3425 1971 ἐμφαντικώτερον
3476 1902 3606 1961 ἴσως
3671 1903 3763 1950 καὶ
3815 1903 3931 1972 πρό-

570 2004 687 2061 que
721 1988 969 2044 fortasse
999 1993 1057 2044 et
1086 1991 1282 2052 antea,
1311 2003 1471 2045 nunc
1511 1994 1709 2045 tamen
1753 1989 1966 2045 clarius
2009 1988 2205 2044 iterur:

2332 1993 2469 2054 σθεν,
2539 1994 2630 2041 καὶ
2696 1997 2783 2040 νῦν
2859 1985 2918 2040 δὲ
2991 1993 3291 2061 τρανότερον
3353 1987 3601 2059 λεγέσθω.
3658 1990 3935 2059 Σωματικὰ

571 2078 859 2134 dicamus.
894 2079 1177 2150 Corporea
1205 2077 1453 2149 quidem
1481 2082 1620 2134 sunt
1647 2093 1867 2149 genera
1906 2083 1962 2133 et
1991 2078 2206 2150 species

2329 2083 2417 2151 μέν
2457 2078 2572 2130 ἐστι
2604 2081 2668 2129 τὰ
2700 2082 2820 2149 γένη
2867 2082 2957 2130 καὶ
2997 2073 3111 2135 εῐδη
3158 2084 3258 2129 τῶν
3291 2078 3565 2149 σωμάτων,
3608 2076 3666 2128 ού
3716 2082 3935 2148 σώματα

570 2182 899 2239 corporum,
928 2182 1049 2223 non
1088 2171 1289 2224 tamen
1320 2181 1607 2238 corpora;
1641 2172 1695 2223 et
1733 2167 2053 2223 indicativa
2083 2166 2205 2222 sub

2331 2165 2392 2220 δέ
2422 2186 2433 2198 '
2476 2172 2566 2220 καὶ
2629 2164 2897 2225 δηλωτικὰ
2953 2174 3052 2218 τῶν
3110 2167 3473 2238 ὑποκειμένων,
3526 2166 3584 2217 ού
3639 2162 3935 2239 δηλούμενα

567 2261 883 2327 jectorum,
930 2270 1052 2311 non
1118 2254 1398 2321 indicata,
1456 2260 1511 2311 et
1582 2255 1941 2327 explicantia
2005 2256 2202 2311 horun

2332 2254 2392 2309 δέ
2421 2275 2433 2287 ο
2467 2261 2555 2309 καὶ
2596 2255 2997 2308 ἀναπτύσσοντα
3041 2259 3132 2313 τὴν
3177 2254 3398 2327 ὕπαρξιν
3446 2257 3660 2320 τούτων,
3695 2254 3805 2325 οὐχ
3852 2257 3935 2325 ὑφ-

571 2345 993 2408 exsistentiam,
1021 2359 1143 2399 non
1169 2348 1368 2399 autem
1399 2342 1845 2412 constituentia;
1878 2348 1936 2400 et
1965 2344 2206 2416 partium

2334 2354 2558 2399 ιστῶντα
2598 2342 2701 2398 δέ’
2737 2350 2826 2396 καὶ
2868 2352 2968 2397 τῶν
3014 2346 3061 2395 ἐν
3105 2342 3280 2403 αὑτοῖς
3326 2351 3492 2416 μερῶν
3538 2348 3626 2400 την
3683 2343 3934 2395 οὑσίωσιν

572 2434 841 2506 ipsorum
868 2432 1422 2489 substantiationem
1448 2432 1837 2498 enuntiantia,
1872 2449 1993 2489 non
2023 2438 2207 2489 auten:

2332 2434 2736 2507 ἀπαγγέλλοντα,
2796 2433 2854 2485 οὑ
2904 2437 3210 2506 παρέχοντα
3253 2429 3312 2485 δέ
3348 2450 3360 2462 ·
3395 2437 3483 2484 καὶ
3534 2432 3765 2503 ὀνόματα
3820 2452 3936 2484 κατ-

571 2523 932 2594 praestantia.
967 2526 1023 2577 et
1044 2522 1293 2578 nomina
1318 2522 1815 2578 convenientibus
1849 2524 2206 2594 propriisqui

2331 2525 2569 2587 αλλήλοις
2622 2529 2853 2596 νοήμασι
2898 2528 2988 2574 καὶ
3039 2522 3245 2583 οἰκείοις
3296 2530 3393 2574 τῶν
3449 2523 3799 2593 ὑποκειμένων
3849 2524 3936 2581 τὰς

573 2609 952 2682 conceptibus
972 2610 1364 2680 subjectorum
1382 2609 1787 2666 subsistentias
1805 2611 2201 2682 signiﬁcantia

2330 2615 2649 2673 ὑποστάσεις
2692 2616 3027 2685 σημαίνοντα,
3061 2611 3120 2663 οὑ
3163 2618 3268 2673 τοῖς
3300 2607 3419 2663 οὖσι
3458 2616 3550 2662 καὶ
3579 2610 3937 2683 αὐταρκεστά-

573 2714 697 2755 non
724 2704 924 2755 autem
949 2698 1128 2755 rebus
1155 2699 1284 2769 jam
1316 2698 1651 2755 extantibus
1682 2700 1912 2773 sibique
1938 2700 2208 2756 sufﬁcien‘

2331 2722 2439 2766 τοις
2483 2704 2550 2753 ὧν
2593 2707 2664 2774 μὴ
2717 2699 2923 2754 δέονται
2968 2708 3137 2753 ταῦτα
3184 2697 3256 2752 δι’
3308 2700 3502 2752 ἑαυτῶν
3551 2705 3891 2774 παρεχόμενα
3921 2718 3932 2731 ·

572 2789 818 2845 tissimis
838 2804 910 2845 ea
925 2788 1146 2861 quibus
1167 2803 1288 2843 non
1311 2796 1482 2860 egent
1504 2806 1612 2861 per
1633 2805 1694 2845 se
1716 2790 1849 2862 ipsa
1868 2790 2195 2862 praebentia

2333 2795 2505 2865 ὥσπερ
2548 2789 2615 2849 δὴ
2661 2797 2749 2843 καὶ
2796 2795 2854 2843 τό
2882 2789 3076 2861 ἀγαθόν
3124 2795 3213 2841 καὶ
3250 2793 3307 2841 τὸ
3352 2792 3507 2860 σοφόν
3554 2795 3644 2842 καὶ
3685 2786 3937 2842 δίνκαιων

573 2879 726 2935 sicut
756 2882 816 2934 et
844 2877 1073 2934 bonum
1118 2882 1174 2933 et
1208 2876 1445 2949 sapiens
1476 2884 1531 2933 et
1552 2878 1775 2950 justum
1808 2885 1986 2951 atque
2015 2880 2208 2936 huma‘

2333 2887 2422 2935 καὶ
2470 2882 2826 2954 φιλάνθρωπον
2874 2885 2963 2932 καὶ
3010 2882 3077 2931 τὰ
3137 2886 3351 2931 τοιαῦτα
3402 2883 3847 2951 κατηγορήματα,
3899 2878 3938 2929 εἰ

572 2982 720 3024 num
750 2972 807 3024 et
822 2965 1117 3039 ejusmodi
1143 2968 1628 3039 praedicamenta,
1668 2969 1891 3024 tametsi
1912 2969 2030 3025 alia
2050 2969 2207 3026 actio

2335 2974 2530 3023 καῖ’τὰ
2572 2974 2660 3043 μὲν
2710 2968 2961 3043 ἐνέργειαν
3007 2972 3035 3026 ἣ
3096 2970 3262 3028 πάθος
3310 2975 3402 3019 τοῦ
3451 2969 3792 3039 ὑποκειμένου
3841 2964 3939 3025 δη-

574 3073 705 3113 nem
736 3061 838 3113 aut
859 3056 1197 3129 passionem
1222 3056 1479 3127 subjecti
1504 3056 1787 3123 indicant,
1812 3058 1930 3114 alia
1949 3059 2209 3115 exsisten‘

2335 3060 2435 3118 λοῖ,
2466 3064 2530 3112 τὰ
2575 3057 2632 3112 δὲ
2674 3063 2767 3117 τὴν
2797 3058 3017 3131 ὕπαρξιν
3056 3062 3145 3109 καὶ
3181 3058 3433 3109 οὑσίωσιν
3481 3057 3509 3115 ἦ
3548 3060 3613 3108 τὰ
3661 3060 3807 3116 πάθη
3854 3061 3938 3109 καὶ

575 3147 720 3204 tiam
742 3151 798 3201 et
822 3145 1371 3211 subtantiationem,
1406 3146 1496 3201 vel
1525 3147 1839 3218 passiones
1864 3153 1921 3203 et
1941 3148 2204 3204 actiones

2337 3153 2425 3210 τὰς
2465 3149 2732 3224 ἐνεργείας.
2786 3150 2845 3200 Εἰ
2890 3148 2991 3221 γὰρ
3050 3148 3264 3199 ἕκαστον
3318 3154 3417 3197 τῶν
3474 3151 3937 3218 κατηγορουμένων

574 3237 726 3291 Nam
755 3236 799 3290 si
829 3234 1048 3289 horum
1087 3231 1553 3305 praedicatorum
1575 3235 1878 3307 quodlibet
1901 3237 2209 3293 secundum

2336 3240 2451 3291 καθ’
2497 3237 2737 3309 ἑκατέραν
2786 3244 2883 3288 τῶν
2935 3236 3211 3310 εἰρημένων
3270 3230 3465 3309 μερίδα
3515 3238 3682 3306 σωρόν
3741 3238 3938 3286 οἴκοθεν

576 3328 892 3396 utramque
921 3323 1209 3379 dictorum
1235 3327 1455 3394 partem
1490 3323 1774 3395 subjectis
1806 3342 1926 3380 suae
1951 3327 2211 3398 praedica

2334 3335 2443 3390 τοῖς
2487 3330 2841 3398 ὑποκειμένοις
2880 3326 2907 3382 ἡ
2955 3329 3040 3377 τόν
3080 3323 3435 3396 ἐπινοούμενον
3467 3320 3560 3376 διὰ
3593 3325 3876 3395 σωμάτων,
3908 3323 3934 3381 ᾖ

575 3412 721 3469 tioni
752 3410 1069 3467 individuis
1101 3411 1411 3466 cumulum
1451 3411 1525 3467 de
1566 3428 1676 3467 suo
1719 3412 2004 3483 adjiceret
2051 3420 2149 3471 aut
2194 3432 2210 3471 ε

2336 3422 2422 3470 τὸν
2466 3415 2565 3469 ἀπὸ
2613 3424 2703 3475 τῆς
2752 3412 3017 3476 ἰδιότητος
3062 3422 3160 3489 τῶν
3209 3417 3569 3485 πεποιωμένων
3599 3430 3612 3443 ·
3648 3413 3693 3465 εἰ
3744 3417 3941 3466 τούτων

576 3500 926 3573 corporibus
948 3504 1365 3555 coacervatum
1392 3504 1495 3555 aut
1525 3515 1556 3556 e
1589 3502 1947 3572 proprietate
1974 3503 2211 3574 qualita'

2336 3510 2551 3560 ἕκαστον
2590 3514 2694 3566 τοῖς
2740 3506 2839 3557 ὑπό
2877 3508 3193 3576 κατηγορίαν
3240 3501 3451 3575 ἀτόμοις
3487 3500 3723 3555 τελοῦσὶν
3770 3504 3801 3561 ἦ
3846 3521 3941 3555 σω-

574 3597 700 3646 tum
731 3588 1077 3652 deductum,
1104 3586 1199 3644 vel
1237 3603 1555 3659 corporum
1606 3594 1852 3646 naturas
1902 3590 1995 3646 vel
2037 3592 2084 3647 si
2139 3594 2209 3647 vi:

2336 3600 2509 3669 μάτων
2568 3598 2766 3667 φύσεις,
2822 3593 2865 3646 εἰ
2918 3592 3095 3665 βούλει
3170 3588 3227 3645 δε
3302 3592 3331 3651 ἧ
3385 3590 3676 3663 ἀσωμάτων
3732 3591 3942 3644 ἐνετίθε-

573 3680 1065 3751 incorporeorum
1076 3676 1418 3732 accessione
1432 3683 1802 3747 congereret:
1818 3679 1984 3751 quid,
2001 3696 2202 3752 quaeso

2338 3705 2434 3738 σαν
2477 3686 2589 3757 (27)
2640 3688 2729 3735 καὶ
2780 3683 3205 3756 συνεφορτίζοντο
3252 3683 3552 3754 προσθήκας
3594 3680 3730 3751 (28),
3781 3687 3837 3733 τί
3885 3680 3942 3732 ἀν

578 3785 616 3826 a
634 3766 991 3841 portentosis
1007 3765 1305 3836 ﬁgmentis
1322 3770 1378 3821 et
1401 3765 1651 3837 spectris
1673 3769 1967 3841 ejusmodi
1990 3775 2213 3826 senten-

2336 3782 2436 3826 τῶν
2506 3768 2810 3847 τερατωδῶν
2882 3770 3199 3841 πλασμάτων
3268 3788 3321 3821 τε
3390 3774 3475 3821 καὶ
3558 3771 3847 3841 φασμάτων
3911 3772 3938 3826 ἡ

578 3859 659 3914 tia
698 3855 1111 3927 discreparet?
1147 3854 1203 3910 Si
1241 3868 1382 3910 vero
1418 3856 1552 3926 quis
1591 3857 1859 3927 corporis
1900 3873 2041 3913 voce
2083 3874 2213 3930 gau'

2337 3870 2500 3916 ταῦτα
2542 3858 2948 3935 παραδεχομένη
3000 3856 3200 3932 διέφερε
3245 3854 3412 3925 δόξα;
3444 3858 3505 3910 Εἰ
3536 3854 3596 3910 δέ
3634 3877 3716 3920 τις
3748 3867 3812 3931 τῇ
3855 3865 3946 3910 τοῦ

578 3945 728 4002 dens
757 3949 812 4001 et
841 3961 877 4000 a
908 3958 1198 4015 corporea
1227 3943 1466 3999 notione
1498 3958 1621 3999 non
1655 3945 1938 4001 recedens
1977 3962 2213 4019 corpora

2341 3958 2575 4025 σώματος
2626 3954 2806 4023 χαίρει
2893 3955 3029 4020 φωνῇ
3101 3952 3188 3999 καὶ
3242 3955 3337 4009 τῆς
3388 3956 3691 4018 σωματικῆς
3752 3948 3946 4007 ἐννοίας

580 4050 793 4091 vocare
824 4033 946 4089 vult
982 4047 1199 4104 genera
1228 4036 1286 4087 et
1314 4032 1564 4103 species,
1607 4048 1742 4105 quae
1786 4034 1861 4089 de
1905 4035 2215 4092 individuis

2340 4041 2431 4093 οὑκ
2485 4040 2824 4113 ἀφιστάμενος
2874 4042 3093 4108 σώματα
3135 4035 3305 4087 καλεῖν
3359 4035 3521 4088 ἐθελοι
3559 4038 3626 4088 τὰ
3675 4041 3799 4107 γένη
3858 4042 3946 4088 καὶ

580 4123 933 4196 corporibus
959 4121 1264 4193 praedicari
1285 4121 1579 4188 dicuntur,
1598 4123 1679 4178 nil
1697 4124 1749 4179 ei
1765 4124 2194 4182 reluctabimur
2214 4146 2215 4192 ς

2337 4133 2403 4182 τὰ
2449 4126 2586 4191 εἴδη,
2628 4127 2662 4179 ἃ
2716 4136 2814 4179 τῶν
2863 4125 3067 4198 ἀτόμων
3120 4128 3373 4196 σωμάτων
3418 4128 3837 4199 κατηγορεῖσθαι
3870 4126 3948 4178 λέ-

580 4230 725 4269 nam
757 4228 972 4283 corpus
1016 4211 1129 4267 hoc
1178 4217 1349 4281 pacto
1393 4210 1621 4266 dictum
1658 4228 1869 4269 omnes
1917 4215 2215 4287 praedicta:

2339 4238 2506 4291 γεται,
2535 4214 2683 4270 οὐδὲν
2728 4219 2856 4290 πρὸς
2887 4215 3042 4267 αὐτόν
3075 4210 3388 4287 διοισόμεθα
3415 4233 3428 4245 ·
3463 4219 3521 4267 τὸ
3550 4217 3652 4287 γὰρ
3695 4217 3835 4268 οὑτω
3867 4215 3948 4267 λε-

581 4318 757 4359 ansas
788 4301 961 4374 plene
990 4316 1059 4357 ac
1093 4316 1237 4372 pure
1267 4299 1493 4369 eﬂ‘ugit,
1521 4316 1591 4356 ac
1616 4316 1724 4372 per
1754 4302 2025 4358 vocabuli
2055 4304 2216 4358 unius

2339 4312 2553 4381 γόμενον
2645 4313 2798 4377 σῶμα
2881 4302 3041 4364 λαϐὰς
3106 4303 3318 4364 ἁπάσας
3390 4305 3481 4364 τὰς
3562 4308 3951 4378 προειηρμένας

582 4390 1033 4447 conversionem
1060 4389 1130 4461 (ι.
1166 4388 1629 4459 concessionem)
1672 4395 1931 4446 mentem
1963 4391 2091 4462 ejus
2129 4408 2210 4463 qu

2340 4398 2577 4469 καθαρῶς
2623 4392 2956 4465 διαπέφευγε,
3000 4396 3091 4444 καὶ
3139 4412 3308 4464 φωνης
3351 4388 3557 4444 ἐνδόσει
3588 4388 3831 4445 διάνοιαν
3876 4412 3954 4465 φι-

589 4443 1031 4447 --ηηηηηὴ
1181 4443 1220 4444 η
1453 4443 1464 4445 -
1533 4443 1545 4444 η
1612 4443 1626 4459 ,
1672 4443 1930 4446 -ηη-
1969 4443 2087 4462 _,__
2137 4443 2210 4463 Γ

581 4479 991 4551 philosophari
1016 4478 1197 4550 cupit,
1217 4494 1444 4545 curare,
1462 4492 1798 4550 nunquam,
1817 4496 2047 4553 opinor,
2072 4482 2216 4553 apud

2343 4443 2577 4469 ’⁷⁷⁷⁷⁷⁷Γ⁷’³
2629 4443 2956 4465 'V"'_I'7l"
3063 4443 3087 4444 Ὗ
3145 4443 3188 4464 Ι⁷
3264 4443 3306 4453 ’⁸
3359 4443 3362 4444 ⁷
3455 4443 3551 4444 ⁷ίί⁷
3597 4443 3816 4445 ’V'V’V‘“
3882 4443 3892 4465 ὁ

2340 4486 2575 4558 λοσοφεῖν
2606 4483 2865 4543 ἓθελοντος
2892 4484 3186 4555 θεραπεύειν
3217 4481 3311 4533 οὐκ
3340 4480 3421 4548 ἂν,
3459 4478 3623 4554 οἶμαι,
3661 4481 3956 4556 φιλανθρω-

584 4584 790 4642 aequos
811 4568 1047 4639 judices
1077 4566 1398 4623 absurbum
1430 4567 1783 4624 cencebitur.

1773 4611 1783 4624 -
2341 4581 2467 4637 πίας
2493 4575 2774 4649 κρινούσης
2794 4574 3063 4644 νομισθείη
3091 4570 3408 4646 παράλογον.

656 4661 742 4716 to.
801 4658 1021 4714 Verum
1064 4656 1191 4713 haec
1244 4656 1485 4727 quidem
1525 4662 1613 4712 est
1665 4659 2098 4730 compendiosa
2162 4677 2233 4718 ac

2415 4670 2466 4716 ι’.
2510 4663 2664 4717 Ἀλλὰ
2724 4670 2943 4715 τοιαῦτα
3010 4663 3099 4733 μὲν
3149 4662 3178 4719 ἡ
3233 4656 3597 4732 κεφαλαιώδης
3654 4665 3745 4713 καὶ
3817 4661 3960 4713 κατὰ

586 4748 921 4807 secundum
935 4751 1097 4803 tuam
1115 4744 1463 4817 petitionem
1478 4751 1758 4819 suscepta
1774 4749 1847 4802 de
1874 4748 2221 4807 subalternis

2342 4758 2435 4811 τὴν
2500 4758 2596 4811 σὴν
2673 4750 2889 4814 ἀξίωσιν
2946 4754 3065 4825 περὶ
3127 4758 3227 4801 τῶν
3285 4748 3587 4807 ὑπαλληλων
3652 4759 3818 4821 γενῶν
3869 4755 3962 4802 καὶ

586 4834 928 4911 generibus,
960 4849 1031 4891 ac
1051 4834 1388 4905 speciebus,
1421 4851 1555 4907 quae
1586 4836 1659 4891 de
1680 4836 2004 4893 individuis
2027 4854 2221 4912 corpo-

2346 4839 2517 4909 εἰδῶν,
2559 4841 2593 4893 ἃ
2640 4849 2737 4894 τῶν
2789 4843 2994 4913 ἀτόμων
3036 4839 3240 4911 λέγεται
3298 4840 3711 4912 κατηγορεῖσθαι
3766 4842 3959 4913 σωμά-

585 4926 752 4982 ribus
818 4921 1124 4995 praedicari
1194 4922 1488 4989 dicuntur,
1552 4923 1923 4998 disceptatio,
1984 4942 2115 4999 qua:
2172 4945 2220 4984 u‘

2343 4952 2460 4997 των,
2492 4926 2855 4991 διατύπωσις·
2890 4929 2985 4981 οὑκ
3020 4928 3403 5001 ἀκομψοτέραν,
3442 4924 3608 4999 οἶμαι,
3656 4928 3967 4981 παοϐαλλο-

587 5013 871 5087 equidem
915 5027 1154 5078 censeo,
1209 5011 1375 5069 haud
1428 5013 1845 5084 ignobiliorem
1911 5017 2222 5074 doctrinam

2345 5024 2469 5094 μένη
2515 5022 2747 5093 θεωρίαν,
2782 5020 2812 5078 ἢ
2857 5020 2882 5071 ό
2924 5019 2990 5070 τὰ
3046 5021 3301 5093 Στάγειρα
3342 5017 3520 5089 λαχὼν
3568 5013 3809 5091 πρτρίδα
3869 5024 3964 5069 καὶ

586 5103 783 5168 tradit,
817 5118 991 5175 quam
1025 5102 1117 5158 ille
1144 5104 1245 5174 qui
1279 5103 1519 5172 Stagiris
1566 5104 1855 5159 oriundus
1893 5106 2221 5163 universam:

2345 5114 2439 5168 τὴν
2470 5105 2749 5167 Ἑλληνίδα
2777 5114 2951 5161 πᾶσαν
2997 5107 3070 5169 εἰς
3115 5108 3291 5178 θαῦμα
3327 5105 3490 5178 γλυκὺ
3521 5114 3617 5167 τῆς
3664 5108 3831 5158 αὑτοῦ
3878 5126 3968 5159 σο-

590 5194 871 5250 Graeciam
913 5192 973 5247 in
1019 5190 1247 5247 dulcem
1291 5208 1412 5247 suae
1443 5192 1744 5263 sapientiae
1787 5193 2225 5252 admirationem

2348 5203 2464 5271 φίας
2494 5198 2812 5272 ἐπιστρέψας
2838 5201 2957 5271 περὶ
3005 5196 3172 5248 αὑτῶν
3200 5194 3477 5268 έφιλοσόφη
3510 5195 3612 5267 [φει
3632 5194 3834 5268 Ἰ-φησε
3859 5195 3917 5269 ἳ]
3954 5214 3966 5226 ·

588 5283 807 5357 rapuit,
840 5281 915 5338 de
952 5281 1024 5337 iis
1080 5280 1224 5353 ipsis
1272 5281 1681 5356 philosophico
1722 5298 1889 5341 more
1928 5284 2223 5344 disseruit.

2349 5296 2500 5341 τοῦτο
2554 5291 2643 5361 μὲν
2702 5289 2834 5360 μετὰ
2885 5285 3075 5345 πολλὴν
3128 5289 3247 5363 περὶ
3296 5292 3394 5339 τῶν
3442 5292 3600 5358 γενῶν
3652 5289 3743 5338 καὶ
3803 5282 3973 5339 εἰδῶν

686 5490 778 5560 25)
817 5489 982 5564 Ῡειρ
1010 5491 1361 5564 μεταποιήσῃ.
1484 5556 1497 5564 .
1607 5560 1640 5564 __

947 5491 1361 5564 ,ἔμετατξοίίὲεἷη’
1484 5556 1497 5564 .
1607 5560 1640 5564 __
2355 5497 2582 5564 Ροείθνθο·

686 5490 778 5560 25)
817 5489 937 5543 Vat.
969 5504 981 5542 ζ
1010 5491 1361 5561 μεταποιήσῃ.

663 5489 776 5637 ξ27)
821 5559 914 5618 Sic
942 5561 1064 5616 Vat.
1091 5579 1109 5631 ;
1143 5558 1313 5615 Catii.
1341 5571 1439 5631 ap.
1475 5556 1771 5613 ἀνετίθεσαν
1798 5564 2043 5618 correct.

1475 5556 1771 5613 ἀνετίθεσαν
1798 5564 2043 5618 correct.
2355 5497 2699 5636 Ροὲἓῖὶςει.
2732 5565 2861 5639 πρὸς
2893 5563 3077 5625 θήκας.
