  <div class='ocr_page' id='page_1' title='image "/cluster/home/n/w/nwhite01/storage/ocr_20150623/101/hvd.32044054112305/264.png"; bbox 0 0 4140 6198; ppageno 0'>
   <div class='ocr_carea' id='block_1_1' title="bbox 178 281 284 336">
    <p class='ocr_par' dir='ltr' id='par_1_1' title="bbox 178 281 284 336">
     <span class='ocr_line' id='line_1_1' title="bbox 178 281 284 336; baseline 0.019 -2"><span class='ocrx_word' id='word_1_1' title='bbox 178 281 284 336; x_wconf 80' lang='grc'><strong>489</strong></span> 
     </span>
    </p>
   </div>
   <div class='ocr_carea' id='block_1_2' title="bbox 1165 275 2543 346">
    <p class='ocr_par' dir='ltr' id='par_1_2' title="bbox 1165 275 2543 346">
     <span class='ocr_line' id='line_1_2' title="bbox 1165 275 2543 346; baseline 0.007 -16"><span class='ocrx_word' id='word_1_2' title='bbox 1165 277 1261 331; x_wconf 92' lang='lat' dir='ltr'><strong>AD</strong></span> <span class='ocrx_word' id='word_1_3' title='bbox 1302 275 1850 334; x_wconf 86' lang='lat' dir='ltr'><strong>AMPHILOCHIUM</strong></span> <span class='ocrx_word' id='word_1_4' title='bbox 1889 277 2212 346; x_wconf 61' lang='lat' dir='ltr'><strong>QUIESTIO</strong></span> <span class='ocrx_word' id='word_1_5' title='bbox 2253 282 2543 339; x_wconf 88' lang='lat' dir='ltr'><strong>LXXVIII.</strong></span> 
     </span>
    </p>
   </div>
   <div class='ocr_carea' id='block_1_3' title="bbox 3445 289 3549 347">
    <p class='ocr_par' dir='ltr' id='par_1_3' title="bbox 3445 289 3549 347">
     <span class='ocr_line' id='line_1_3' title="bbox 3445 289 3549 347; baseline 0.019 -2"><span class='ocrx_word' id='word_1_6' title='bbox 3445 289 3549 347; x_wconf 78' lang='grc'><strong>490</strong></span> 
     </span>
    </p>
   </div>
   <div class='ocr_carea' id='block_1_4' title="bbox 180 399 1775 484">
    <p class='ocr_par' dir='ltr' id='par_1_4' title="bbox 180 399 1775 477">
     <span class='ocr_line' id='line_1_4' title="bbox 180 399 1775 477; baseline -0.002 -20"><span class='ocrx_word' id='word_1_7' title='bbox 180 403 378 477; x_wconf 77' lang='grc' dir='ltr'>σχολὴν</span> <span class='ocrx_word' id='word_1_8' title='bbox 426 405 516 456; x_wconf 82' lang='grc' dir='ltr'>καὶ</span> <span class='ocrx_word' id='word_1_9' title='bbox 559 399 743 475; x_wconf 79' lang='grc' dir='ltr'>τριϐὴν</span> <span class='ocrx_word' id='word_1_10' title='bbox 796 403 1146 473; x_wconf 82' lang='grc' dir='ltr'>τερετίσματα</span> <span class='ocrx_word' id='word_1_11' title='bbox 1195 409 1362 456; x_wconf 86' lang='grc' dir='ltr'>ταῦτα</span> <span class='ocrx_word' id='word_1_12' title='bbox 1405 402 1646 468; x_wconf 78' lang='grc' dir='ltr'><strong>καλέσας,</strong></span> <span class='ocrx_word' id='word_1_13' title='bbox 1691 406 1775 455; x_wconf 76' lang='grc' dir='ltr'><strong>καὶ</strong></span> 
     </span>
    </p>
   </div>
   <div class='ocr_carea' id='block_1_5' title="bbox 1890 399 3554 484">
    <p class='ocr_par' dir='ltr' id='par_1_5' title="bbox 1890 405 3554 484">
     <span class='ocr_line' id='line_1_5' title="bbox 1890 405 3554 484; baseline 0.004 -23"><span class='ocrx_word' id='word_1_14' title='bbox 1890 405 1993 478; x_wconf 88' lang='lat' dir='ltr'><strong>qui</strong></span> <span class='ocrx_word' id='word_1_15' title='bbox 2014 405 2196 463; x_wconf 93' lang='lat' dir='ltr'><strong>modo</strong></span> <span class='ocrx_word' id='word_1_16' title='bbox 2216 411 2357 479; x_wconf 87' lang='lat' dir='ltr'><strong>post</strong></span> <span class='ocrx_word' id='word_1_17' title='bbox 2378 408 2632 465; x_wconf 87' lang='lat' dir='ltr'><strong>multum</strong></span> <span class='ocrx_word' id='word_1_18' title='bbox 2655 407 2925 465; x_wconf 85' lang='lat' dir='ltr'><strong>studium</strong></span> <span class='ocrx_word' id='word_1_19' title='bbox 2946 407 3317 484; x_wconf 80' lang='lat' dir='ltr'><strong>longamque</strong></span> <span class='ocrx_word' id='word_1_20' title='bbox 3334 415 3554 470; x_wconf 47' lang='lat' dir='ltr'><strong>exercia</strong></span> 
     </span>
    </p>
   </div>
   <div class='ocr_carea' id='block_1_6' title="bbox 178 489 1780 568">
    <p class='ocr_par' dir='ltr' id='par_1_6' title="bbox 178 489 1780 568">
     <span class='ocr_line' id='line_1_6' title="bbox 178 489 1780 568; baseline -0.001 -22"><span class='ocrx_word' id='word_1_21' title='bbox 178 503 276 546; x_wconf 87' lang='grc' dir='ltr'><strong>τῶν</strong></span> <span class='ocrx_word' id='word_1_22' title='bbox 321 491 519 546; x_wconf 81' lang='grc' dir='ltr'>πολλῶν</span> <span class='ocrx_word' id='word_1_23' title='bbox 567 496 686 565; x_wconf 85' lang='grc' dir='ltr'>περὶ</span> <span class='ocrx_word' id='word_1_24' title='bbox 733 489 867 542; x_wconf 85' lang='grc' dir='ltr'><strong>αύτά</strong></span> <span class='ocrx_word' id='word_1_25' title='bbox 908 495 1074 542; x_wconf 88' lang='grc' dir='ltr'>πόνων</span> <span class='ocrx_word' id='word_1_26' title='bbox 1114 495 1287 568; x_wconf 81' lang='grc' dir='ltr'>ὥσπερ</span> <span class='ocrx_word' id='word_1_27' title='bbox 1322 498 1496 552; x_wconf 78' lang='grc' dir='ltr'>ποινὴν</span> <span class='ocrx_word' id='word_1_28' title='bbox 1542 491 1780 545; x_wconf 76' lang='grc' dir='ltr'><strong>ἀπαιτεῖν</strong></span> 
     </span>
    </p>
   </div>
   <div class='ocr_carea' id='block_1_7' title="bbox 179 578 1782 654">
    <p class='ocr_par' dir='ltr' id='par_1_7' title="bbox 179 578 1782 654">
     <span class='ocr_line' id='line_1_7' title="bbox 179 578 1782 654; baseline -0.001 -19"><span class='ocrx_word' id='word_1_29' title='bbox 179 583 313 635; x_wconf 84' lang='grc' dir='ltr'><strong>αύτά</strong></span> <span class='ocrx_word' id='word_1_30' title='bbox 351 587 446 640; x_wconf 81' lang='grc' dir='ltr'>τὴν</span> <span class='ocrx_word' id='word_1_31' title='bbox 488 580 636 653; x_wconf 79' lang='grc' dir='ltr'>ὓϐριν</span> <span class='ocrx_word' id='word_1_32' title='bbox 673 581 993 654; x_wconf 75' lang='grc' dir='ltr'><strong>ὡρμημένος,</strong></span> <span class='ocrx_word' id='word_1_33' title='bbox 1042 588 1193 633; x_wconf 87' lang='grc' dir='ltr'>τοῦτο</span> <span class='ocrx_word' id='word_1_34' title='bbox 1239 578 1297 634; x_wconf 73' lang='grc' dir='ltr'><strong>δὲ</strong></span> <span class='ocrx_word' id='word_1_35' title='bbox 1339 587 1429 634; x_wconf 84' lang='grc' dir='ltr'>καὶ</span> <span class='ocrx_word' id='word_1_36' title='bbox 1472 582 1545 643; x_wconf 90' lang='grc' dir='ltr'><strong>εἰς</strong></span> <span class='ocrx_word' id='word_1_37' title='bbox 1593 584 1651 633; x_wconf 85' lang='grc' dir='ltr'>τὸ</span> <span class='ocrx_word' id='word_1_38' title='bbox 1683 602 1782 653; x_wconf 82' lang='grc' dir='ltr'>μη-</span> 
     </span>
    </p>
   </div>
   <div class='ocr_carea' id='block_1_8' title="bbox 180 667 1782 743">
    <p class='ocr_par' dir='ltr' id='par_1_8' title="bbox 180 667 1782 743">
     <span class='ocr_line' id='line_1_8' title="bbox 180 667 1782 743; baseline -0.001 -19"><span class='ocrx_word' id='word_1_39' title='bbox 180 670 264 725; x_wconf 71' lang='grc' dir='ltr'>δεν</span> <span class='ocrx_word' id='word_1_40' title='bbox 294 675 351 724; x_wconf 87' lang='grc' dir='ltr'>τὸ</span> <span class='ocrx_word' id='word_1_41' title='bbox 382 670 689 729; x_wconf 85' lang='grc' dir='ltr'>τηλικοῦτον</span> <span class='ocrx_word' id='word_1_42' title='bbox 733 667 1148 743; x_wconf 73' lang='grc' dir='ltr'>ἀποῤῥιψάμένος</span> <span class='ocrx_word' id='word_1_43' title='bbox 1180 667 1524 742; x_wconf 78' lang='grc' dir='ltr'>σπούδασμα.</span> <span class='ocrx_word' id='word_1_44' title='bbox 1559 671 1617 724; x_wconf 82' lang='grc' dir='ltr'><strong><em>Ἡ</em></strong></span> <span class='ocrx_word' id='word_1_45' title='bbox 1667 675 1782 743; x_wconf 78' lang='grc' dir='ltr'>μέν·</span> 
     </span>
    </p>
   </div>
   <div class='ocr_carea' id='block_1_9' title="bbox 181 756 1780 832">
    <p class='ocr_par' dir='ltr' id='par_1_9' title="bbox 181 756 1780 832">
     <span class='ocr_line' id='line_1_9' title="bbox 181 756 1780 832; baseline -0.001 -18"><span class='ocrx_word' id='word_1_46' title='bbox 181 781 259 814; x_wconf 84' lang='grc' dir='ltr'><strong>τοι</strong></span> <span class='ocrx_word' id='word_1_47' title='bbox 299 781 359 832; x_wconf 87' lang='grc' dir='ltr'><strong>γε</strong></span> <span class='ocrx_word' id='word_1_48' title='bbox 399 767 500 812; x_wconf 88' lang='grc' dir='ltr'><strong>τῶν</strong></span> <span class='ocrx_word' id='word_1_49' title='bbox 532 756 662 812; x_wconf 81' lang='grc' dir='ltr'>δέκα</span> <span class='ocrx_word' id='word_1_50' title='bbox 710 767 868 830; x_wconf 87' lang='grc' dir='ltr'>γενῶν</span> <span class='ocrx_word' id='word_1_51' title='bbox 910 763 1187 832; x_wconf 83' lang='grc' dir='ltr'>προσεχὴς</span> <span class='ocrx_word' id='word_1_52' title='bbox 1216 765 1302 813; x_wconf 83' lang='grc' dir='ltr'>καὶ</span> <span class='ocrx_word' id='word_1_53' title='bbox 1334 761 1524 832; x_wconf 80' lang='grc' dir='ltr'>ἄμεσος</span> <span class='ocrx_word' id='word_1_54' title='bbox 1563 768 1666 811; x_wconf 89' lang='grc' dir='ltr'><strong>τῶτ</strong></span> <span class='ocrx_word' id='word_1_55' title='bbox 1694 760 1780 812; x_wconf 77' lang='grc' dir='ltr'><strong>ὑπ’</strong></span> 
     </span>
    </p>
   </div>
   <div class='ocr_carea' id='block_1_10' title="bbox 177 848 1777 922">
    <p class='ocr_par' dir='ltr' id='par_1_10' title="bbox 177 848 1777 922">
     <span class='ocr_line' id='line_1_10' title="bbox 177 848 1777 922; baseline -0.001 -20"><span class='ocrx_word' id='word_1_56' title='bbox 177 850 312 902; x_wconf 87' lang='grc' dir='ltr'><strong>αύτά</strong></span> <span class='ocrx_word' id='word_1_57' title='bbox 365 851 641 902; x_wconf 73' lang='grc' dir='ltr'><strong>τελούντων</strong></span> <span class='ocrx_word' id='word_1_58' title='bbox 694 851 988 919; x_wconf 76' lang='grc' dir='ltr'>κατηγορία</span> <span class='ocrx_word' id='word_1_59' title='bbox 1045 850 1181 919; x_wconf 85' lang='grc' dir='ltr'>(ἔχει</span> <span class='ocrx_word' id='word_1_60' title='bbox 1229 850 1332 922; x_wconf 85' lang='grc' dir='ltr'><strong>γάρ</strong></span> <span class='ocrx_word' id='word_1_61' title='bbox 1382 868 1435 900; x_wconf 94' lang='grc' dir='ltr'><strong>τι</strong></span> <span class='ocrx_word' id='word_1_62' title='bbox 1491 854 1581 901; x_wconf 80' lang='grc' dir='ltr'>καὶ</span> <span class='ocrx_word' id='word_1_63' title='bbox 1647 848 1777 907; x_wconf 76' lang='grc' dir='ltr'>αὐτὴ</span> 
     </span>
    </p>
   </div>
   <div class='ocr_carea' id='block_1_11' title="bbox 181 934 1779 1012">
    <p class='ocr_par' dir='ltr' id='par_1_11' title="bbox 181 934 1779 1012">
     <span class='ocr_line' id='line_1_11' title="bbox 181 934 1779 1012; baseline -0.001 -21"><span class='ocrx_word' id='word_1_64' title='bbox 181 938 489 1012; x_wconf 72' lang='grc' dir='ltr'>βαθύτερον,</span> <span class='ocrx_word' id='word_1_65' title='bbox 533 937 699 1009; x_wconf 80' lang='grc' dir='ltr'>οἶμαι,</span> <span class='ocrx_word' id='word_1_66' title='bbox 737 945 828 997; x_wconf 88' lang='grc' dir='ltr'>τῆς</span> <span class='ocrx_word' id='word_1_67' title='bbox 853 945 952 988; x_wconf 89' lang='grc' dir='ltr'><strong>τῶν</strong></span> <span class='ocrx_word' id='word_1_68' title='bbox 982 935 1334 1012; x_wconf 77' lang='grc' dir='ltr'>παλαιοτέρων</span> <span class='ocrx_word' id='word_1_69' title='bbox 1380 934 1538 1000; x_wconf 83' lang='grc' dir='ltr'>δόξης</span> <span class='ocrx_word' id='word_1_70' title='bbox 1581 942 1670 990; x_wconf 86' lang='grc' dir='ltr'>καὶ</span> <span class='ocrx_word' id='word_1_71' title='bbox 1700 957 1779 1010; x_wconf 85' lang='grc' dir='ltr'>φι-</span> 
     </span>
    </p>
   </div>
   <div class='ocr_carea' id='block_1_12' title="bbox 178 1025 1777 1102">
    <p class='ocr_par' dir='ltr' id='par_1_12' title="bbox 178 1025 1777 1102">
     <span class='ocr_line' id='line_1_12' title="bbox 178 1025 1777 1102; baseline -0.003 -19"><span class='ocrx_word' id='word_1_72' title='bbox 178 1028 446 1102; x_wconf 82' lang='grc' dir='ltr'>λοσοφίας)</span> <span class='ocrx_word' id='word_1_73' title='bbox 512 1027 685 1102; x_wconf 82' lang='grc' dir='ltr'>ἐτέρας</span> <span class='ocrx_word' id='word_1_74' title='bbox 758 1028 943 1098; x_wconf 81' lang='grc' dir='ltr'>ἔτυχεν</span> <span class='ocrx_word' id='word_1_75' title='bbox 1015 1025 1386 1101; x_wconf 81' lang='grc' dir='ltr'>ἀκριϐεστέρας</span> <span class='ocrx_word' id='word_1_76' title='bbox 1469 1025 1777 1091; x_wconf 85' lang='grc' dir='ltr'>ἐπισκοπῆς,</span> 
     </span>
    </p>
   </div>
   <div class='ocr_carea' id='block_1_13' title="bbox 178 1113 1783 1188">
    <p class='ocr_par' dir='ltr' id='par_1_13' title="bbox 178 1113 1783 1188">
     <span class='ocr_line' id='line_1_13' title="bbox 178 1113 1783 1188; baseline -0.001 -17"><span class='ocrx_word' id='word_1_77' title='bbox 178 1123 252 1172; x_wconf 82' lang='grc' dir='ltr'>ἔτι</span> <span class='ocrx_word' id='word_1_78' title='bbox 308 1125 424 1179; x_wconf 86' lang='grc' dir='ltr'>ταῖς</span> <span class='ocrx_word' id='word_1_79' title='bbox 495 1113 856 1177; x_wconf 77' lang='grc' dir='ltr'>διαλεκτικαίς</span> <span class='ocrx_word' id='word_1_80' title='bbox 918 1114 1374 1188; x_wconf 80' lang='grc' dir='ltr'>ἐνασχολουμὲνων</span> <span class='ocrx_word' id='word_1_81' title='bbox 1443 1117 1588 1188; x_wconf 81' lang='grc' dir='ltr'>ἡμῶν</span> <span class='ocrx_word' id='word_1_82' title='bbox 1637 1116 1783 1188; x_wconf 82' lang='grc' dir='ltr'>μελέ-</span> 
     </span>
    </p>
   </div>
   <div class='ocr_carea' id='block_1_14' title="bbox 178 1201 1783 1276">
    <p class='ocr_par' dir='ltr' id='par_1_14' title="bbox 178 1201 1783 1276">
     <span class='ocr_line' id='line_1_14' title="bbox 178 1201 1783 1276; baseline -0.002 -15"><span class='ocrx_word' id='word_1_83' title='bbox 178 1228 308 1273; x_wconf 84' lang='grc' dir='ltr'>ταις,</span> <span class='ocrx_word' id='word_1_84' title='bbox 345 1209 502 1266; x_wconf 81' lang='grc' dir='ltr'>ἡνίκα</span> <span class='ocrx_word' id='word_1_85' title='bbox 547 1211 637 1258; x_wconf 81' lang='grc' dir='ltr'><strong>καῖ</strong></span> <span class='ocrx_word' id='word_1_86' title='bbox 667 1204 886 1266; x_wconf 80' lang='grc' dir='ltr'>πολλοὺς</span> <span class='ocrx_word' id='word_1_87' title='bbox 924 1201 1124 1266; x_wconf 83' lang='grc' dir='ltr'>παῖδας</span> <span class='ocrx_word' id='word_1_88' title='bbox 1155 1202 1424 1267; x_wconf 75' lang='grc' dir='ltr'>ὠδίνοντες</span> <span class='ocrx_word' id='word_1_89' title='bbox 1453 1205 1502 1256; x_wconf 80' lang='grc' dir='ltr'>οἱ</span> <span class='ocrx_word' id='word_1_90' title='bbox 1538 1204 1684 1276; x_wconf 89' lang='grc' dir='ltr'>λόγοι</span> <span class='ocrx_word' id='word_1_91' title='bbox 1711 1206 1783 1266; x_wconf 88' lang='grc' dir='ltr'><strong>εἰς</strong></span> 
     </span>
    </p>
   </div>
   <div class='ocr_carea' id='block_1_15' title="bbox 178 1290 1782 1368">
    <p class='ocr_par' dir='ltr' id='par_1_15' title="bbox 178 1290 1782 1368">
     <span class='ocr_line' id='line_1_15' title="bbox 178 1290 1782 1368; baseline -0.001 -21"><span class='ocrx_word' id='word_1_92' title='bbox 178 1304 283 1368; x_wconf 85' lang='grc' dir='ltr'><strong>φῶς</strong></span> <span class='ocrx_word' id='word_1_93' title='bbox 322 1295 591 1348; x_wconf 85' lang='grc' dir='ltr'>ἀπέτικτον</span> <span class='ocrx_word' id='word_1_94' title='bbox 651 1301 745 1354; x_wconf 82' lang='grc' dir='ltr'>τῆς</span> <span class='ocrx_word' id='word_1_95' title='bbox 800 1291 1002 1353; x_wconf 86' lang='grc' dir='ltr'>πολλοῖς</span> <span class='ocrx_word' id='word_1_96' title='bbox 1044 1299 1258 1364; x_wconf 83' lang='grc' dir='ltr'>χρόνοις</span> <span class='ocrx_word' id='word_1_97' title='bbox 1308 1290 1382 1346; x_wconf 77' lang='grc' dir='ltr'><strong>δι’</strong></span> <span class='ocrx_word' id='word_1_98' title='bbox 1425 1292 1650 1354; x_wconf 80' lang='grc' dir='ltr'>ἐπινοίας</span> <span class='ocrx_word' id='word_1_99' title='bbox 1699 1293 1782 1345; x_wconf 82' lang='grc' dir='ltr'>ἀν-</span> 
     </span>
    </p>
   </div>
   <div class='ocr_carea' id='block_1_16' title="bbox 179 1380 1781 1459">
    <p class='ocr_par' dir='ltr' id='par_1_16' title="bbox 179 1380 1781 1459">
     <span class='ocr_line' id='line_1_16' title="bbox 179 1380 1781 1459; baseline -0.001 -23"><span class='ocrx_word' id='word_1_100' title='bbox 179 1381 316 1459; x_wconf 78' lang='grc' dir='ltr'>δρῶν</span> <span class='ocrx_word' id='word_1_101' title='bbox 379 1387 691 1455; x_wconf 79' lang='grc' dir='ltr'>παρανόμων</span> <span class='ocrx_word' id='word_1_102' title='bbox 763 1380 1232 1442; x_wconf 78' lang='grc' dir='ltr'>ἐναποσϐεσθείσης</span> <span class='ocrx_word' id='word_1_103' title='bbox 1299 1384 1532 1455; x_wconf 89' lang='grc' dir='ltr'>θεωρίας·</span> <span class='ocrx_word' id='word_1_104' title='bbox 1595 1381 1781 1435; x_wconf 83' lang='grc' dir='ltr'>ἐκεῖθεν</span> 
     </span>
    </p>
   </div>
   <div class='ocr_carea' id='block_1_17' title="bbox 177 1470 1784 1543">
    <p class='ocr_par' dir='ltr' id='par_1_17' title="bbox 177 1470 1784 1543">
     <span class='ocr_line' id='line_1_17' title="bbox 177 1470 1784 1543; baseline -0.002 -17"><span class='ocrx_word' id='word_1_105' title='bbox 177 1470 262 1526; x_wconf 75' lang='grc' dir='ltr'>οὖν</span> <span class='ocrx_word' id='word_1_106' title='bbox 311 1478 405 1526; x_wconf 82' lang='grc' dir='ltr'>καὶ</span> <span class='ocrx_word' id='word_1_107' title='bbox 454 1471 540 1524; x_wconf 72' lang='grc' dir='ltr'>ἀπ’</span> <span class='ocrx_word' id='word_1_108' title='bbox 596 1474 793 1533; x_wconf 75' lang='grc' dir='ltr'>ἐκείνης</span> <span class='ocrx_word' id='word_1_109' title='bbox 853 1479 948 1532; x_wconf 80' lang='grc' dir='ltr'>τῆς</span> <span class='ocrx_word' id='word_1_110' title='bbox 994 1476 1310 1543; x_wconf 73' lang='grc' dir='ltr'>γυμνασίας,</span> <span class='ocrx_word' id='word_1_111' title='bbox 1364 1473 1400 1523; x_wconf 83' lang='grc' dir='ltr'>ὁί</span> <span class='ocrx_word' id='word_1_112' title='bbox 1444 1470 1638 1524; x_wconf 78' lang='grc' dir='ltr'>πολλῶν</span> <span class='ocrx_word' id='word_1_113' title='bbox 1691 1474 1784 1543; x_wconf 70' lang='lat' dir='ltr'><strong>Ep.-</strong></span> 
     </span>
    </p>
   </div>
   <div class='ocr_carea' id='block_1_18' title="bbox 177 1557 1780 1636">
    <p class='ocr_par' dir='ltr' id='par_1_18' title="bbox 177 1557 1780 1636">
     <span class='ocr_line' id='line_1_18' title="bbox 177 1557 1780 1636; baseline -0.003 -20"><span class='ocrx_word' id='word_1_114' title='bbox 177 1564 400 1636; x_wconf 87' lang='grc' dir='ltr'>προσθεν</span> <span class='ocrx_word' id='word_1_115' title='bbox 432 1562 578 1614; x_wconf 81' lang='grc' dir='ltr'>ἔλαθε</span> <span class='ocrx_word' id='word_1_116' title='bbox 614 1565 709 1619; x_wconf 81' lang='grc' dir='ltr'>τήν</span> <span class='ocrx_word' id='word_1_117' title='bbox 742 1557 1002 1626; x_wconf 82' lang='grc' dir='ltr'>σπουδὴν,</span> <span class='ocrx_word' id='word_1_118' title='bbox 1048 1569 1214 1612; x_wconf 87' lang='grc' dir='ltr'>ταῦτα</span> <span class='ocrx_word' id='word_1_119' title='bbox 1240 1561 1365 1635; x_wconf 80' lang='grc' dir='ltr'>ῥᾷόν</span> <span class='ocrx_word' id='word_1_120' title='bbox 1402 1560 1516 1613; x_wconf 83' lang='grc' dir='ltr'>ἐστι</span> <span class='ocrx_word' id='word_1_121' title='bbox 1558 1567 1663 1621; x_wconf 87' lang='grc' dir='ltr'>τοῖς</span> <span class='ocrx_word' id='word_1_122' title='bbox 1693 1568 1780 1612; x_wconf 82' lang='grc' dir='ltr'><strong>νῦν</strong></span> 
     </span>
    </p>
   </div>
   <div class='ocr_carea' id='block_1_19' title="bbox 178 1647 1782 1723">
    <p class='ocr_par' dir='ltr' id='par_1_19' title="bbox 178 1647 1782 1723">
     <span class='ocr_line' id='line_1_19' title="bbox 178 1647 1782 1723; baseline -0.002 -19"><span class='ocrx_word' id='word_1_123' title='bbox 178 1652 277 1704; x_wconf 83' lang='grc' dir='ltr'>ἀπὸ</span> <span class='ocrx_word' id='word_1_124' title='bbox 344 1660 436 1711; x_wconf 82' lang='grc' dir='ltr'>τῆς</span> <span class='ocrx_word' id='word_1_125' title='bbox 488 1653 626 1723; x_wconf 85' lang='grc' dir='ltr'>ἱερᾶς</span> <span class='ocrx_word' id='word_1_126' title='bbox 669 1649 866 1711; x_wconf 80' lang='grc' dir='ltr'>ἐκείνης</span> <span class='ocrx_word' id='word_1_127' title='bbox 920 1657 1074 1719; x_wconf 85' lang='grc' dir='ltr'>γονῆς</span> <span class='ocrx_word' id='word_1_128' title='bbox 1122 1649 1516 1721; x_wconf 57' lang='grc' dir='ltr'>φιλοσοφοῦσιν</span> <span class='ocrx_word' id='word_1_129' title='bbox 1584 1652 1661 1707; x_wconf 81' lang='grc' dir='ltr'><strong>εἴη</strong></span> <span class='ocrx_word' id='word_1_130' title='bbox 1723 1647 1782 1701; x_wconf 77' lang='grc' dir='ltr'><strong>δὲ</strong></span> 
     </span>
    </p>
   </div>
   <div class='ocr_carea' id='block_1_20' title="bbox 1891 495 3549 571">
    <p class='ocr_par' dir='ltr' id='par_1_20' title="bbox 1891 495 3549 571">
     <span class='ocr_line' id='line_1_20' title="bbox 1891 495 3549 571; baseline 0.006 -21"><span class='ocrx_word' id='word_1_131' title='bbox 1891 495 2175 553; x_wconf 89' lang='lat' dir='ltr'><strong>tationem</strong></span> <span class='ocrx_word' id='word_1_132' title='bbox 2227 497 2382 555; x_wconf 87' lang='lat' dir='ltr'><strong>circa</strong></span> <span class='ocrx_word' id='word_1_133' title='bbox 2435 513 2656 568; x_wconf 87' lang='lat' dir='ltr'><strong>genera</strong></span> <span class='ocrx_word' id='word_1_134' title='bbox 2693 502 2750 555; x_wconf 88' lang='lat' dir='ltr'><strong>et</strong></span> <span class='ocrx_word' id='word_1_135' title='bbox 2791 495 3019 571; x_wconf 85' lang='lat' dir='ltr'><strong>species</strong></span> <span class='ocrx_word' id='word_1_136' title='bbox 3049 500 3260 556; x_wconf 89' lang='lat' dir='ltr'><strong>inanes</strong></span> <span class='ocrx_word' id='word_1_137' title='bbox 3309 503 3549 560; x_wconf 66' lang='lat' dir='ltr'><strong>citharas</strong></span> 
     </span>
    </p>
   </div>
   <div class='ocr_carea' id='block_1_21' title="bbox 1891 585 3546 657">
    <p class='ocr_par' dir='ltr' id='par_1_21' title="bbox 1891 585 3546 657">
     <span class='ocr_line' id='line_1_21' title="bbox 1891 585 3546 657; baseline 0.005 -17"><span class='ocrx_word' id='word_1_138' title='bbox 1891 585 2168 657; x_wconf 83' lang='lat' dir='ltr'><strong>strepitus</strong></span> <span class='ocrx_word' id='word_1_139' title='bbox 2210 585 2323 643; x_wconf 88' lang='lat' dir='ltr'><strong>ista</strong></span> <span class='ocrx_word' id='word_1_140' title='bbox 2351 588 2589 646; x_wconf 91' lang='lat' dir='ltr'><strong>vocavit</strong></span> <span class='ocrx_word' id='word_1_141' title='bbox 2631 592 2688 644; x_wconf 92' lang='lat' dir='ltr'><strong>et</strong></span> <span class='ocrx_word' id='word_1_142' title='bbox 2716 587 2984 643; x_wconf 81' lang='lat' dir='ltr'><strong>diuturni</strong></span> <span class='ocrx_word' id='word_1_143' title='bbox 3018 589 3175 646; x_wconf 93' lang='lat' dir='ltr'><strong>circa</strong></span> <span class='ocrx_word' id='word_1_144' title='bbox 3205 605 3278 646; x_wconf 90' lang='lat' dir='ltr'><strong>ea</strong></span> <span class='ocrx_word' id='word_1_145' title='bbox 3319 590 3546 648; x_wconf 88' lang='lat' dir='ltr'><strong>laboris</strong></span> 
     </span>
    </p>
   </div>
   <div class='ocr_carea' id='block_1_22' title="bbox 1890 675 3550 748">
    <p class='ocr_par' dir='ltr' id='par_1_22' title="bbox 1890 675 3550 748">
     <span class='ocr_line' id='line_1_22' title="bbox 1890 675 3550 748; baseline 0.005 -19"><span class='ocrx_word' id='word_1_146' title='bbox 1890 675 2066 745; x_wconf 85' lang='lat' dir='ltr'><strong>quasi</strong></span> <span class='ocrx_word' id='word_1_147' title='bbox 2093 691 2335 747; x_wconf 75' lang='lat' dir='ltr'><strong>poenam</strong></span> <span class='ocrx_word' id='word_1_148' title='bbox 2366 677 2598 745; x_wconf 82' lang='lat' dir='ltr'><strong>exigere</strong></span> <span class='ocrx_word' id='word_1_149' title='bbox 2629 691 2735 748; x_wconf 90' lang='lat' dir='ltr'><strong>per</strong></span> <span class='ocrx_word' id='word_1_150' title='bbox 2773 677 2932 733; x_wconf 90' lang='lat' dir='ltr'><strong>hanc</strong></span> <span class='ocrx_word' id='word_1_151' title='bbox 2961 679 3388 736; x_wconf 80' lang='lat' dir='ltr'><strong>contumeliam</strong></span> <span class='ocrx_word' id='word_1_152' title='bbox 3413 697 3550 738; x_wconf 89' lang='lat' dir='ltr'><strong>cen-</strong></span> 
     </span>
    </p>
   </div>
   <div class='ocr_carea' id='block_1_23' title="bbox 1892 762 3547 840">
    <p class='ocr_par' dir='ltr' id='par_1_23' title="bbox 1892 762 3547 840">
     <span class='ocr_line' id='line_1_23' title="bbox 1892 762 3547 840; baseline 0.006 -23"><span class='ocrx_word' id='word_1_153' title='bbox 1892 762 2024 827; x_wconf 83' lang='lat' dir='ltr'><strong>suit,</strong></span> <span class='ocrx_word' id='word_1_154' title='bbox 2053 764 2229 819; x_wconf 92' lang='lat' dir='ltr'><strong>modo</strong></span> <span class='ocrx_word' id='word_1_155' title='bbox 2250 769 2448 820; x_wconf 89' lang='lat' dir='ltr'><strong>autem</strong></span> <span class='ocrx_word' id='word_1_156' title='bbox 2472 765 2652 821; x_wconf 90' lang='lat' dir='ltr'><strong>etiam</strong></span> <span class='ocrx_word' id='word_1_157' title='bbox 2675 766 2818 838; x_wconf 87' lang='lat' dir='ltr'><strong>quia</strong></span> <span class='ocrx_word' id='word_1_158' title='bbox 2847 766 2908 822; x_wconf 91' lang='lat' dir='ltr'><strong>in</strong></span> <span class='ocrx_word' id='word_1_159' title='bbox 2939 766 3196 824; x_wconf 86' lang='lat' dir='ltr'><strong>nihilum</strong></span> <span class='ocrx_word' id='word_1_160' title='bbox 3242 769 3547 840; x_wconf 87' lang='lat' dir='ltr'><strong>ejusmodi</strong></span> 
     </span>
    </p>
   </div>
   <div class='ocr_carea' id='block_1_24' title="bbox 1890 851 3548 925">
    <p class='ocr_par' dir='ltr' id='par_1_24' title="bbox 1890 851 3548 925">
     <span class='ocr_line' id='line_1_24' title="bbox 1890 851 3548 925; baseline 0.006 -20"><span class='ocrx_word' id='word_1_161' title='bbox 1890 851 2155 908; x_wconf 89' lang='lat' dir='ltr'><strong>studium</strong></span> <span class='ocrx_word' id='word_1_162' title='bbox 2203 868 2273 909; x_wconf 90' lang='lat' dir='ltr'><strong>ac</strong></span> <span class='ocrx_word' id='word_1_163' title='bbox 2332 853 2602 910; x_wconf 80' lang='lat' dir='ltr'><strong>laborem</strong></span> <span class='ocrx_word' id='word_1_164' title='bbox 2669 854 2900 925; x_wconf 91' lang='lat' dir='ltr'><strong>dejecit.</strong></span> <span class='ocrx_word' id='word_1_165' title='bbox 2963 855 3233 912; x_wconf 84' lang='lat' dir='ltr'><strong>Proxima</strong></span> <span class='ocrx_word' id='word_1_166' title='bbox 3283 872 3427 913; x_wconf 85' lang='lat' dir='ltr'><strong>vero</strong></span> <span class='ocrx_word' id='word_1_167' title='bbox 3493 865 3548 915; x_wconf 90' lang='lat' dir='ltr'><strong>et</strong></span> 
     </span>
    </p>
   </div>
   <div class='ocr_carea' id='block_1_25' title="bbox 1889 938 3543 1016">
    <p class='ocr_par' dir='ltr' id='par_1_25' title="bbox 1889 938 3543 1016">
     <span class='ocr_line' id='line_1_25' title="bbox 1889 938 3543 1016; baseline 0.005 -22"><span class='ocrx_word' id='word_1_168' title='bbox 1889 938 2236 996; x_wconf 91' lang='lat' dir='ltr'><strong>immediata</strong></span> <span class='ocrx_word' id='word_1_169' title='bbox 2259 941 2468 998; x_wconf 89' lang='lat' dir='ltr'><strong>decem</strong></span> <span class='ocrx_word' id='word_1_170' title='bbox 2499 957 2804 1013; x_wconf 90' lang='lat' dir='ltr'><strong>generum,</strong></span> <span class='ocrx_word' id='word_1_171' title='bbox 2839 958 2976 1015; x_wconf 62' lang='lat' dir='ltr'><strong>quas</strong></span> <span class='ocrx_word' id='word_1_172' title='bbox 3008 943 3120 999; x_wconf 88' lang='lat' dir='ltr'><strong>sub</strong></span> <span class='ocrx_word' id='word_1_173' title='bbox 3145 943 3279 1016; x_wconf 90' lang='lat' dir='ltr'><strong>ipsa</strong></span> <span class='ocrx_word' id='word_1_174' title='bbox 3301 945 3543 1011; x_wconf 90' lang='lat' dir='ltr'><strong>cadunt,</strong></span> 
     </span>
    </p>
   </div>
   <div class='ocr_carea' id='block_1_26' title="bbox 1889 1027 3544 1107">
    <p class='ocr_par' dir='ltr' id='par_1_26' title="bbox 1889 1027 3544 1107">
     <span class='ocr_line' id='line_1_26' title="bbox 1889 1027 3544 1107; baseline 0.004 -23"><span class='ocrx_word' id='word_1_175' title='bbox 1889 1027 2236 1100; x_wconf 63' lang='lat' dir='ltr'><strong>praedicatio</strong></span> <span class='ocrx_word' id='word_1_176' title='bbox 2263 1029 2469 1101; x_wconf 87' lang='lat' dir='ltr'><strong>(habet</strong></span> <span class='ocrx_word' id='word_1_177' title='bbox 2515 1030 2676 1086; x_wconf 92' lang='lat' dir='ltr'><strong>enim</strong></span> <span class='ocrx_word' id='word_1_178' title='bbox 2712 1037 2768 1086; x_wconf 91' lang='lat' dir='ltr'><strong>et</strong></span> <span class='ocrx_word' id='word_1_179' title='bbox 2805 1031 2934 1103; x_wconf 88' lang='lat' dir='ltr'><strong>ipsa</strong></span> <span class='ocrx_word' id='word_1_180' title='bbox 2973 1031 3333 1103; x_wconf 84' lang='lat' dir='ltr'><strong>profundius</strong></span> <span class='ocrx_word' id='word_1_181' title='bbox 3371 1035 3544 1107; x_wconf 87' lang='lat' dir='ltr'><strong>quid-</strong></span> 
     </span>
    </p>
   </div>
   <div class='ocr_carea' id='block_1_27' title="bbox 1890 1117 3544 1195">
    <p class='ocr_par' dir='ltr' id='par_1_27' title="bbox 1890 1117 3544 1195">
     <span class='ocr_line' id='line_1_27' title="bbox 1890 1117 3544 1195; baseline 0.006 -24"><span class='ocrx_word' id='word_1_182' title='bbox 1890 1117 2073 1188; x_wconf 85' lang='lat' dir='ltr'><strong>piam,</strong></span> <span class='ocrx_word' id='word_1_183' title='bbox 2107 1134 2294 1190; x_wconf 90' lang='lat' dir='ltr'><strong>quam</strong></span> <span class='ocrx_word' id='word_1_184' title='bbox 2325 1124 2552 1176; x_wconf 83' lang='lat' dir='ltr'><strong>veteres</strong></span> <span class='ocrx_word' id='word_1_185' title='bbox 2593 1119 2888 1176; x_wconf 81' lang='lat' dir='ltr'><strong>senserint</strong></span> <span class='ocrx_word' id='word_1_186' title='bbox 2925 1126 2982 1177; x_wconf 89' lang='lat' dir='ltr'><strong>et</strong></span> <span class='ocrx_word' id='word_1_187' title='bbox 3012 1123 3336 1195; x_wconf 86' lang='lat' dir='ltr'><strong>tractarint)</strong></span> <span class='ocrx_word' id='word_1_188' title='bbox 3368 1123 3544 1181; x_wconf 86' lang='lat' dir='ltr'><strong>aliam</strong></span> 
     </span>
    </p>
   </div>
   <div class='ocr_carea' id='block_1_28' title="bbox 1890 1209 3541 1282">
    <p class='ocr_par' dir='ltr' id='par_1_28' title="bbox 1890 1209 3541 1282">
     <span class='ocr_line' id='line_1_28' title="bbox 1890 1209 3541 1282; baseline 0.005 -21"><span class='ocrx_word' id='word_1_189' title='bbox 1890 1221 2148 1278; x_wconf 87' lang='lat' dir='ltr'><strong>eamque</strong></span> <span class='ocrx_word' id='word_1_190' title='bbox 2194 1209 2624 1265; x_wconf 87' lang='lat' dir='ltr'><strong>accuratiorem</strong></span> <span class='ocrx_word' id='word_1_191' title='bbox 2678 1213 2856 1265; x_wconf 89' lang='lat' dir='ltr'><strong>nacta</strong></span> <span class='ocrx_word' id='word_1_192' title='bbox 2901 1215 2991 1266; x_wconf 90' lang='lat' dir='ltr'><strong>est</strong></span> <span class='ocrx_word' id='word_1_193' title='bbox 3035 1209 3541 1282; x_wconf 85' lang='lat' dir='ltr'><strong>disquisitionem,</strong></span> 
     </span>
    </p>
   </div>
   <div class='ocr_carea' id='block_1_29' title="bbox 1891 1296 3542 1374">
    <p class='ocr_par' dir='ltr' id='par_1_29' title="bbox 1891 1296 3542 1374">
     <span class='ocr_line' id='line_1_29' title="bbox 1891 1296 3542 1374; baseline 0.005 -24"><span class='ocrx_word' id='word_1_194' title='bbox 1891 1311 2029 1351; x_wconf 92' lang='lat' dir='ltr'><strong>cum</strong></span> <span class='ocrx_word' id='word_1_195' title='bbox 2060 1296 2258 1353; x_wconf 89' lang='lat' dir='ltr'><strong>adhuc</strong></span> <span class='ocrx_word' id='word_1_196' title='bbox 2293 1297 2616 1353; x_wconf 88' lang='lat' dir='ltr'><strong>dialecticis</strong></span> <span class='ocrx_word' id='word_1_197' title='bbox 2644 1313 3000 1354; x_wconf 88' lang='lat' dir='ltr'><strong>vacaremus</strong></span> <span class='ocrx_word' id='word_1_198' title='bbox 3035 1299 3256 1366; x_wconf 87' lang='lat' dir='ltr'><strong>studiis,</strong></span> <span class='ocrx_word' id='word_1_199' title='bbox 3293 1301 3542 1374; x_wconf 82' lang='lat' dir='ltr'><strong>quando</strong></span> 
     </span>
    </p>
   </div>
   <div class='ocr_carea' id='block_1_30' title="bbox 1892 1384 3546 1461">
    <p class='ocr_par' dir='ltr' id='par_1_30' title="bbox 1892 1384 3546 1461">
     <span class='ocr_line' id='line_1_30' title="bbox 1892 1384 3546 1461; baseline 0.005 -22"><span class='ocrx_word' id='word_1_200' title='bbox 1892 1389 1944 1440; x_wconf 91' lang='lat' dir='ltr'><strong>et</strong></span> <span class='ocrx_word' id='word_1_201' title='bbox 1973 1384 2190 1440; x_wconf 89' lang='lat' dir='ltr'><strong>multos</strong></span> <span class='ocrx_word' id='word_1_202' title='bbox 2220 1385 2368 1442; x_wconf 84' lang='lat' dir='ltr'><strong>ﬁlios</strong></span> <span class='ocrx_word' id='word_1_203' title='bbox 2403 1387 2462 1441; x_wconf 91' lang='lat' dir='ltr'><strong>in</strong></span> <span class='ocrx_word' id='word_1_204' title='bbox 2503 1386 2698 1442; x_wconf 91' lang='lat' dir='ltr'><strong>lucem</strong></span> <span class='ocrx_word' id='word_1_205' title='bbox 2729 1385 3047 1443; x_wconf 87' lang='lat' dir='ltr'><strong>ediderunt</strong></span> <span class='ocrx_word' id='word_1_206' title='bbox 3074 1387 3208 1444; x_wconf 87' lang='lat' dir='ltr'><strong>libri</strong></span> <span class='ocrx_word' id='word_1_207' title='bbox 3246 1389 3546 1461; x_wconf 86' lang='lat' dir='ltr'><strong>explican-</strong></span> 
     </span>
    </p>
   </div>
   <div class='ocr_carea' id='block_1_31' title="bbox 1891 1473 3543 1549">
    <p class='ocr_par' dir='ltr' id='par_1_31' title="bbox 1891 1473 3543 1549">
     <span class='ocr_line' id='line_1_31' title="bbox 1891 1473 3543 1549; baseline 0.005 -22"><span class='ocrx_word' id='word_1_208' title='bbox 1891 1477 1976 1527; x_wconf 90' lang='lat' dir='ltr'><strong>tes</strong></span> <span class='ocrx_word' id='word_1_209' title='bbox 2014 1473 2346 1529; x_wconf 89' lang='lat' dir='ltr'><strong>doctrinam</strong></span> <span class='ocrx_word' id='word_1_210' title='bbox 2383 1474 2581 1530; x_wconf 86' lang='lat' dir='ltr'><strong>multis</strong></span> <span class='ocrx_word' id='word_1_211' title='bbox 2601 1475 2723 1544; x_wconf 88' lang='lat' dir='ltr'><strong>jam</strong></span> <span class='ocrx_word' id='word_1_212' title='bbox 2757 1475 2932 1531; x_wconf 89' lang='lat' dir='ltr'><strong>annis</strong></span> <span class='ocrx_word' id='word_1_213' title='bbox 2962 1475 3162 1532; x_wconf 90' lang='lat' dir='ltr'><strong>solerti</strong></span> <span class='ocrx_word' id='word_1_214' title='bbox 3192 1475 3543 1549; x_wconf 90' lang='lat' dir='ltr'><strong>iniquorum</strong></span> 
     </span>
    </p>
   </div>
   <div class='ocr_carea' id='block_1_32' title="bbox 1889 1561 3544 1635">
    <p class='ocr_par' dir='ltr' id='par_1_32' title="bbox 1889 1561 3544 1635">
     <span class='ocr_line' id='line_1_32' title="bbox 1889 1561 3544 1635; baseline 0.004 -19"><span class='ocrx_word' id='word_1_215' title='bbox 1889 1561 2154 1618; x_wconf 90' lang='lat' dir='ltr'><strong>virorum</strong></span> <span class='ocrx_word' id='word_1_216' title='bbox 2181 1562 2429 1618; x_wconf 90' lang='lat' dir='ltr'><strong>consilio</strong></span> <span class='ocrx_word' id='word_1_217' title='bbox 2446 1563 2800 1620; x_wconf 82' lang='lat' dir='ltr'><strong>exstinctam</strong></span> <span class='ocrx_word' id='word_1_218' title='bbox 2835 1580 2849 1626; x_wconf 84' lang='lat'><strong>;</strong></span> <span class='ocrx_word' id='word_1_219' title='bbox 2877 1563 3014 1620; x_wconf 85' lang='lat' dir='ltr'><strong>inde</strong></span> <span class='ocrx_word' id='word_1_220' title='bbox 3050 1565 3227 1635; x_wconf 83' lang='lat' dir='ltr'><strong>igitur</strong></span> <span class='ocrx_word' id='word_1_221' title='bbox 3254 1571 3312 1622; x_wconf 92' lang='lat' dir='ltr'><strong>et</strong></span> <span class='ocrx_word' id='word_1_222' title='bbox 3347 1583 3420 1622; x_wconf 84' lang='lat' dir='ltr'><strong>ex</strong></span> <span class='ocrx_word' id='word_1_223' title='bbox 3444 1567 3544 1625; x_wconf 90' lang='lat' dir='ltr'><strong>illa</strong></span> 
     </span>
    </p>
   </div>
   <div class='ocr_carea' id='block_1_33' title="bbox 1888 1651 3537 1725">
    <p class='ocr_par' dir='ltr' id='par_1_33' title="bbox 1888 1651 3537 1725">
     <span class='ocr_line' id='line_1_33' title="bbox 1888 1651 3537 1725; baseline 0.004 -20"><span class='ocrx_word' id='word_1_224' title='bbox 1888 1651 2300 1707; x_wconf 85' lang='lat' dir='ltr'><strong>exercitatione</strong></span> <span class='ocrx_word' id='word_1_225' title='bbox 2325 1668 2461 1724; x_wconf 65' lang='lat' dir='ltr'><strong>quae</strong></span> <span class='ocrx_word' id='word_1_226' title='bbox 2484 1651 2743 1723; x_wconf 91' lang='lat' dir='ltr'><strong>plurium</strong></span> <span class='ocrx_word' id='word_1_227' title='bbox 2767 1656 2944 1708; x_wconf 89' lang='lat' dir='ltr'><strong>antea</strong></span> <span class='ocrx_word' id='word_1_228' title='bbox 2973 1653 3167 1710; x_wconf 89' lang='lat' dir='ltr'><strong>studia</strong></span> <span class='ocrx_word' id='word_1_229' title='bbox 3183 1654 3537 1725; x_wconf 72' lang='lat' dir='ltr'><strong>effugerunt,</strong></span> 
     </span>
    </p>
   </div>
   <div class='ocr_carea' id='block_1_34' title="bbox 176 1737 1775 1812">
    <p class='ocr_par' dir='ltr' id='par_1_34' title="bbox 176 1737 1775 1811">
     <span class='ocr_line' id='line_1_34' title="bbox 176 1737 1775 1811; baseline -0.002 -18"><span class='ocrx_word' id='word_1_230' title='bbox 176 1749 277 1801; x_wconf 86' lang='grc' dir='ltr'>τοῖς</span> <span class='ocrx_word' id='word_1_231' title='bbox 327 1740 440 1811; x_wconf 87' lang='grc' dir='ltr'>μεθ’</span> <span class='ocrx_word' id='word_1_232' title='bbox 495 1742 628 1811; x_wconf 75' lang='grc' dir='ltr'>ἡμᾶς</span> <span class='ocrx_word' id='word_1_233' title='bbox 674 1743 764 1790; x_wconf 84' lang='grc' dir='ltr'>καὶ</span> <span class='ocrx_word' id='word_1_234' title='bbox 804 1737 1064 1799; x_wconf 79' lang='grc' dir='ltr'>ἀνθούσης</span> <span class='ocrx_word' id='word_1_235' title='bbox 1110 1743 1198 1790; x_wconf 87' lang='grc' dir='ltr'>καὶ</span> <span class='ocrx_word' id='word_1_236' title='bbox 1235 1741 1641 1810; x_wconf 75' lang='grc' dir='ltr'>ἑνωραῐζοιιίνης</span> <span class='ocrx_word' id='word_1_237' title='bbox 1686 1742 1775 1790; x_wconf 84' lang='grc' dir='ltr'>σὺν</span> 
     </span>
    </p>
   </div>
   <div class='ocr_carea' id='block_1_35' title="bbox 1890 1737 3547 1812">
    <p class='ocr_par' dir='ltr' id='par_1_35' title="bbox 1890 1739 3547 1812">
     <span class='ocr_line' id='line_1_35' title="bbox 1890 1739 3547 1812; baseline 0.004 -17"><span class='ocrx_word' id='word_1_238' title='bbox 1890 1739 2017 1795; x_wconf 64' lang='lat' dir='ltr'><strong>hinc</strong></span> <span class='ocrx_word' id='word_1_239' title='bbox 2047 1739 2281 1796; x_wconf 87' lang='lat' dir='ltr'><strong>facilius</strong></span> <span class='ocrx_word' id='word_1_240' title='bbox 2311 1740 2623 1798; x_wconf 78' lang='lat' dir='ltr'><strong>desumere</strong></span> <span class='ocrx_word' id='word_1_241' title='bbox 2649 1745 2940 1812; x_wconf 87' lang='lat' dir='ltr'><strong>poterunt,</strong></span> <span class='ocrx_word' id='word_1_242' title='bbox 2963 1742 3067 1812; x_wconf 90' lang='lat' dir='ltr'><strong>qui</strong></span> <span class='ocrx_word' id='word_1_243' title='bbox 3086 1757 3246 1797; x_wconf 93' lang='lat' dir='ltr'><strong>nunc</strong></span> <span class='ocrx_word' id='word_1_244' title='bbox 3271 1759 3344 1798; x_wconf 86' lang='lat' dir='ltr'><strong>ex</strong></span> <span class='ocrx_word' id='word_1_245' title='bbox 3375 1761 3547 1802; x_wconf 88' lang='lat' dir='ltr'><strong>sacra</strong></span> 
     </span>
    </p>
   </div>
   <div class='ocr_carea' id='block_1_36' title="bbox 176 1825 1780 1902">
    <p class='ocr_par' dir='ltr' id='par_1_36' title="bbox 176 1825 1780 1902">
     <span class='ocr_line' id='line_1_36' title="bbox 176 1825 1780 1902; baseline -0.002 -19"><span class='ocrx_word' id='word_1_246' title='bbox 176 1838 245 1900; x_wconf 83' lang='grc' dir='ltr'>τῷ</span> <span class='ocrx_word' id='word_1_247' title='bbox 303 1826 499 1901; x_wconf 79' lang='grc' dir='ltr'>δικαίῳ</span> <span class='ocrx_word' id='word_1_248' title='bbox 566 1828 704 1898; x_wconf 84' lang='grc' dir='ltr'>λόγῳ</span> <span class='ocrx_word' id='word_1_249' title='bbox 760 1827 922 1898; x_wconf 85' lang='grc' dir='ltr'>λέγειν</span> <span class='ocrx_word' id='word_1_250' title='bbox 980 1825 1281 1889; x_wconf 79' lang='grc' dir='ltr'>ἀλαζονείας</span> <span class='ocrx_word' id='word_1_251' title='bbox 1338 1846 1392 1879; x_wconf 84' lang='grc' dir='ltr'><strong>τε</strong></span> <span class='ocrx_word' id='word_1_252' title='bbox 1456 1827 1631 1902; x_wconf 84' lang='grc' dir='ltr'>πόρῥω</span> <span class='ocrx_word' id='word_1_253' title='bbox 1691 1832 1780 1879; x_wconf 85' lang='grc' dir='ltr'>καὶ</span> 
     </span>
    </p>
   </div>
   <div class='ocr_carea' id='block_1_37' title="bbox 178 1916 792 1991">
    <p class='ocr_par' dir='ltr' id='par_1_37' title="bbox 178 1916 792 1991">
     <span class='ocr_line' id='line_1_37' title="bbox 178 1916 792 1991; baseline -0.003 -19"><span class='ocrx_word' id='word_1_254' title='bbox 178 1916 241 1978; x_wconf 76' lang='grc' dir='ltr'><strong>δὴ</strong></span> <span class='ocrx_word' id='word_1_255' title='bbox 282 1924 377 1972; x_wconf 83' lang='grc' dir='ltr'>καὶ</span> <span class='ocrx_word' id='word_1_256' title='bbox 404 1919 462 1972; x_wconf 83' lang='grc' dir='ltr'><strong>ού</strong></span> <span class='ocrx_word' id='word_1_257' title='bbox 492 1921 792 1991; x_wconf 87' lang='grc' dir='ltr'>νεμεσητόν.</span> 
     </span>
    </p>
   </div>
   <div class='ocr_carea' id='block_1_38' title="bbox 735 2111 1216 2166">
    <p class='ocr_par' dir='ltr' id='par_1_38' title="bbox 735 2111 1216 2166">
     <span class='ocr_line' id='line_1_38' title="bbox 735 2111 1216 2166; baseline -0.002 -1"><span class='ocrx_word' id='word_1_258' title='bbox 735 2118 1051 2166; x_wconf 86' lang='grc' dir='ltr'><strong>ΕΡΩΤΗΣΙΣ</strong></span> <span class='ocrx_word' id='word_1_259' title='bbox 1094 2111 1216 2165; x_wconf 72' lang='grc' dir='ltr'><strong>Ου’.</strong></span> 
     </span>
    </p>
   </div>
   <div class='ocr_carea' id='block_1_39' title="bbox 175 2216 1777 2296">
    <p class='ocr_par' dir='ltr' id='par_1_39' title="bbox 175 2216 1777 2296">
     <span class='ocr_line' id='line_1_39' title="bbox 175 2216 1777 2296; baseline -0.001 -23"><span class='ocrx_word' id='word_1_260' title='bbox 175 2222 443 2296; x_wconf 60' lang='grc' dir='ltr'><strong>ἈπορίαιΔ</strong></span> <span class='ocrx_word' id='word_1_261' title='bbox 475 2225 560 2272; x_wconf 75' lang='grc' dir='ltr'>καὶ</span> <span class='ocrx_word' id='word_1_262' title='bbox 619 2219 793 2282; x_wconf 84' lang='grc' dir='ltr'>λύσεις</span> <span class='ocrx_word' id='word_1_263' title='bbox 869 2219 1024 2296; x_wconf 58' lang='grc' dir='ltr'><strong>[τῶν]Δ</strong></span> <span class='ocrx_word' id='word_1_264' title='bbox 1066 2217 1120 2270; x_wconf 84' lang='grc' dir='ltr'>ἐκ</span> <span class='ocrx_word' id='word_1_265' title='bbox 1185 2227 1276 2271; x_wconf 88' lang='grc' dir='ltr'><strong>τοῦ</strong></span> <span class='ocrx_word' id='word_1_266' title='bbox 1326 2225 1443 2292; x_wconf 84' lang='grc' dir='ltr'>περὶ</span> <span class='ocrx_word' id='word_1_267' title='bbox 1491 2221 1613 2273; x_wconf 81' lang='grc' dir='ltr'>Υίοῦ</span> <span class='ocrx_word' id='word_1_268' title='bbox 1658 2216 1777 2296; x_wconf 55' lang='lat' dir='ltr'><strong>dsu-</strong></span> 
     </span>
    </p>
   </div>
   <div class='ocr_carea' id='block_1_40' title="bbox 241 2290 1781 2366">
    <p class='ocr_par' dir='ltr' id='par_1_40' title="bbox 241 2290 1781 2366">
     <span class='ocr_line' id='line_1_40' title="bbox 241 2290 1781 2366; baseline -0.001 -22"><span class='ocrx_word' id='word_1_269' title='bbox 241 2290 392 2363; x_wconf 81' lang='grc' dir='ltr'>τέρου</span> <span class='ocrx_word' id='word_1_270' title='bbox 431 2291 587 2366; x_wconf 78' lang='grc' dir='ltr'>λόγου</span> <span class='ocrx_word' id='word_1_271' title='bbox 635 2295 748 2362; x_wconf 78' lang='grc'>(29)</span> <span class='ocrx_word' id='word_1_272' title='bbox 781 2290 884 2344; x_wconf 19' lang='grc' dir='ltr'>τοῦθ</span> <span class='ocrx_word' id='word_1_273' title='bbox 916 2290 1168 2366; x_wconf 70' lang='grc' dir='ltr'>Θεολόγου</span> <span class='ocrx_word' id='word_1_274' title='bbox 1217 2290 1507 2366; x_wconf 85' lang='grc' dir='ltr'>Γρηγορίου</span> <span class='ocrx_word' id='word_1_275' title='bbox 1540 2290 1781 2366; x_wconf 61' lang='grc' dir='ltr'>ὼτιρῤη-</span> 
     </span>
    </p>
   </div>
   <div class='ocr_carea' id='block_1_41' title="bbox 241 2361 1432 2436">
    <p class='ocr_par' dir='ltr' id='par_1_41' title="bbox 241 2361 1432 2436">
     <span class='ocr_line' id='line_1_41' title="bbox 241 2361 1432 2436; baseline -0.003 -20"><span class='ocrx_word' id='word_1_276' title='bbox 241 2361 401 2416; x_wconf 83' lang='grc' dir='ltr'>τικῶν</span> <span class='ocrx_word' id='word_1_277' title='bbox 430 2361 521 2417; x_wconf 72' lang='grc' dir='ltr'><strong>καὶ</strong></span> <span class='ocrx_word' id='word_1_278' title='bbox 550 2361 886 2436; x_wconf 76' lang='grc' dir='ltr'>δογματικῶν</span> <span class='ocrx_word' id='word_1_279' title='bbox 920 2365 1064 2436; x_wconf 81' lang='grc' dir='ltr'>ἱερῶν</span> <span class='ocrx_word' id='word_1_280' title='bbox 1095 2361 1432 2435; x_wconf 81' lang='grc' dir='ltr'>ζητημάτων,</span> 
     </span>
    </p>
   </div>
   <div class='ocr_carea' id='block_1_42' title="bbox 1889 1827 3544 1902">
    <p class='ocr_par' dir='ltr' id='par_1_42' title="bbox 1889 1827 3544 1902">
     <span class='ocr_line' id='line_1_42' title="bbox 1889 1827 3544 1902; baseline 0.003 -19"><span class='ocrx_word' id='word_1_281' title='bbox 1889 1827 1990 1884; x_wconf 90' lang='lat' dir='ltr'><strong>illa</strong></span> <span class='ocrx_word' id='word_1_282' title='bbox 2021 1828 2225 1884; x_wconf 88' lang='lat' dir='ltr'><strong>sobole</strong></span> <span class='ocrx_word' id='word_1_283' title='bbox 2253 1829 2773 1902; x_wconf 87' lang='lat' dir='ltr'><strong>philosophantur.</strong></span> <span class='ocrx_word' id='word_1_284' title='bbox 2797 1831 2986 1895; x_wconf 87' lang='lat' dir='ltr'><strong>Quam</strong></span> <span class='ocrx_word' id='word_1_285' title='bbox 3011 1830 3284 1886; x_wconf 88' lang='lat' dir='ltr'><strong>sobolem</strong></span> <span class='ocrx_word' id='word_1_286' title='bbox 3315 1832 3544 1888; x_wconf 88' lang='lat' dir='ltr'><strong>utinam</strong></span> 
     </span>
    </p>
   </div>
   <div class='ocr_carea' id='block_1_43' title="bbox 1889 1916 3547 1989">
    <p class='ocr_par' dir='ltr' id='par_1_43' title="bbox 1889 1916 3547 1989">
     <span class='ocr_line' id='line_1_43' title="bbox 1889 1916 3547 1989; baseline 0.003 -16"><span class='ocrx_word' id='word_1_287' title='bbox 1889 1917 2101 1989; x_wconf 90' lang='lat' dir='ltr'><strong>posteri</strong></span> <span class='ocrx_word' id='word_1_288' title='bbox 2131 1922 2186 1973; x_wconf 91' lang='lat' dir='ltr'><strong>et</strong></span> <span class='ocrx_word' id='word_1_289' title='bbox 2223 1916 2535 1974; x_wconf 89' lang='lat' dir='ltr'><strong>ﬂorentem</strong></span> <span class='ocrx_word' id='word_1_290' title='bbox 2567 1925 2622 1974; x_wconf 89' lang='lat' dir='ltr'><strong>et</strong></span> <span class='ocrx_word' id='word_1_291' title='bbox 2657 1923 2934 1974; x_wconf 85' lang='lat' dir='ltr'><strong>ornatam</strong></span> <span class='ocrx_word' id='word_1_292' title='bbox 2959 1917 3119 1989; x_wconf 88' lang='lat' dir='ltr'><strong>justa</strong></span> <span class='ocrx_word' id='word_1_293' title='bbox 3148 1934 3285 1975; x_wconf 88' lang='lat' dir='ltr'><strong>cum</strong></span> <span class='ocrx_word' id='word_1_294' title='bbox 3319 1921 3547 1978; x_wconf 83' lang='lat' dir='ltr'><strong>ratione</strong></span> 
     </span>
    </p>
   </div>
   <div class='ocr_carea' id='block_1_44' title="bbox 1889 2005 3437 2080">
    <p class='ocr_par' dir='ltr' id='par_1_44' title="bbox 1889 2005 3437 2080">
     <span class='ocr_line' id='line_1_44' title="bbox 1889 2005 3437 2080; baseline 0.003 -19"><span class='ocrx_word' id='word_1_295' title='bbox 1889 2006 2038 2062; x_wconf 87' lang='lat' dir='ltr'><strong>citra</strong></span> <span class='ocrx_word' id='word_1_296' title='bbox 2066 2005 2287 2062; x_wconf 84' lang='lat' dir='ltr'><strong>fastum</strong></span> <span class='ocrx_word' id='word_1_297' title='bbox 2315 2014 2498 2079; x_wconf 90' lang='lat' dir='ltr'><strong>atque</strong></span> <span class='ocrx_word' id='word_1_298' title='bbox 2529 2007 2821 2064; x_wconf 89' lang='lat' dir='ltr'><strong>invidiam</strong></span> <span class='ocrx_word' id='word_1_299' title='bbox 2851 2007 3155 2080; x_wconf 90' lang='lat' dir='ltr'><strong>appellare</strong></span> <span class='ocrx_word' id='word_1_300' title='bbox 3180 2010 3437 2080; x_wconf 80' lang='lat' dir='ltr'><strong>queant!</strong></span> 
     </span>
    </p>
   </div>
   <div class='ocr_carea' id='block_1_45' title="bbox 2031 2111 3375 2188">
    <p class='ocr_par' dir='ltr' id='par_1_45' title="bbox 2031 2111 3375 2188">
     <span class='ocr_line' id='line_1_45' title="bbox 2031 2111 3375 2188; baseline 0.001 -20"><span class='ocrx_word' id='word_1_301' title='bbox 2031 2111 2356 2178; x_wconf 68' lang='lat' dir='ltr'><strong>QUESTIO</strong></span> <span class='ocrx_word' id='word_1_302' title='bbox 2381 2113 2653 2168; x_wconf 84' lang='lat' dir='ltr'><strong>LXXVIII.</strong></span> <span class='ocrx_word' id='word_1_303' title='bbox 2690 2114 2794 2184; x_wconf 82' lang='grc' dir='ltr'><strong>[αὶ.</strong></span> <span class='ocrx_word' id='word_1_304' title='bbox 2831 2112 3007 2170; x_wconf 84' lang='lat' dir='ltr'><strong>Coisl.</strong></span> <span class='ocrx_word' id='word_1_305' title='bbox 3047 2114 3226 2170; x_wconf 83' lang='lat' dir='ltr'><strong>Taur.</strong></span> <span class='ocrx_word' id='word_1_306' title='bbox 3252 2113 3375 2188; x_wconf 90' lang='lat' dir='ltr'><strong>CI].</strong></span> 
     </span>
    </p>
   </div>
   <div class='ocr_carea' id='block_1_46' title="bbox 1888 2218 3549 2290">
    <p class='ocr_par' dir='ltr' id='par_1_46' title="bbox 1888 2218 3549 2290">
     <span class='ocr_line' id='line_1_46' title="bbox 1888 2218 3549 2290; baseline 0.003 -16"><span class='ocrx_word' id='word_1_307' title='bbox 1888 2218 2282 2287; x_wconf 78' lang='lat' dir='ltr'><strong>Difﬁcultates</strong></span> <span class='ocrx_word' id='word_1_308' title='bbox 2293 2224 2347 2275; x_wconf 82' lang='lat' dir='ltr'><strong>et</strong></span> <span class='ocrx_word' id='word_1_309' title='bbox 2363 2219 2682 2274; x_wconf 72' lang='lat' dir='ltr'><strong>solutiones</strong></span> <span class='ocrx_word' id='word_1_310' title='bbox 2693 2219 3156 2290; x_wconf 82' lang='lat' dir='ltr'><strong>dogmaticarum</strong></span> <span class='ocrx_word' id='word_1_311' title='bbox 3183 2226 3234 2275; x_wconf 87' lang='lat' dir='ltr'><strong>et</strong></span> <span class='ocrx_word' id='word_1_312' title='bbox 3256 2222 3549 2278; x_wconf 83' lang='lat' dir='ltr'><strong>antirrhe-</strong></span> 
     </span>
    </p>
   </div>
   <div class='ocr_carea' id='block_1_47' title="bbox 1959 2290 3542 2364">
    <p class='ocr_par' dir='ltr' id='par_1_47' title="bbox 1959 2290 3542 2364">
     <span class='ocr_line' id='line_1_47' title="bbox 1959 2290 3542 2364; baseline 0.003 -20"><span class='ocrx_word' id='word_1_313' title='bbox 1959 2291 2211 2345; x_wconf 79' lang='lat' dir='ltr'><strong>ticarum</strong></span> <span class='ocrx_word' id='word_1_314' title='bbox 2242 2291 2632 2364; x_wconf 61' lang='lat' dir='ltr'><strong>quaestionum</strong></span> <span class='ocrx_word' id='word_1_315' title='bbox 2673 2306 2748 2348; x_wconf 72' lang='lat' dir='ltr'><strong>ex</strong></span> <span class='ocrx_word' id='word_1_316' title='bbox 2779 2290 3048 2362; x_wconf 80' lang='lat' dir='ltr'><strong>Gregorii</strong></span> <span class='ocrx_word' id='word_1_317' title='bbox 3092 2291 3361 2364; x_wconf 80' lang='lat' dir='ltr'><strong>Theologi</strong></span> <span class='ocrx_word' id='word_1_318' title='bbox 3398 2291 3542 2349; x_wconf 82' lang='lat' dir='ltr'><strong>Ora-</strong></span> 
     </span>
    </p>
   </div>
   <div class='ocr_carea' id='block_1_48' title="bbox 1962 2362 2710 2420">
    <p class='ocr_par' dir='ltr' id='par_1_48' title="bbox 1962 2362 2710 2420">
     <span class='ocr_line' id='line_1_48' title="bbox 1962 2362 2710 2420; baseline 0.001 -3"><span class='ocrx_word' id='word_1_319' title='bbox 1962 2365 2118 2418; x_wconf 79' lang='lat' dir='ltr'><strong>tione</strong></span> <span class='ocrx_word' id='word_1_320' title='bbox 2147 2362 2405 2417; x_wconf 81' lang='lat' dir='ltr'><strong>secunda</strong></span> <span class='ocrx_word' id='word_1_321' title='bbox 2433 2362 2508 2418; x_wconf 84' lang='lat' dir='ltr'><strong>de</strong></span> <span class='ocrx_word' id='word_1_322' title='bbox 2536 2363 2710 2420; x_wconf 75' lang='lat' dir='ltr'><strong>Filio.</strong></span> 
     </span>
    </p>
   </div>
   <div class='ocr_carea' id='block_1_49' title="bbox 1261 2485 2456 2552">
    <p class='ocr_par' dir='ltr' id='par_1_49' title="bbox 1261 2485 2456 2552">
     <span class='ocr_line' id='line_1_49' title="bbox 1261 2485 2456 2552; baseline -0.001 -16"><span class='ocrx_word' id='word_1_323' title='bbox 1261 2488 1415 2538; x_wconf 88' lang='lat' dir='ltr'><strong>Nunc</strong></span> <span class='ocrx_word' id='word_1_324' title='bbox 1445 2487 1680 2552; x_wconf 90' lang='lat' dir='ltr'><strong>primum</strong></span> <span class='ocrx_word' id='word_1_325' title='bbox 1696 2487 1842 2537; x_wconf 84' lang='lat' dir='ltr'><strong>edita</strong></span> <span class='ocrx_word' id='word_1_326' title='bbox 1874 2499 1907 2536; x_wconf 78' lang='grc' dir='ltr'>ο.</span> <span class='ocrx_word' id='word_1_327' title='bbox 1935 2485 1995 2535; x_wconf 93' lang='lat' dir='ltr'><strong>D.</strong></span> <span class='ocrx_word' id='word_1_328' title='bbox 2023 2485 2456 2550; x_wconf 66' lang='lat' dir='ltr'><strong>Hergenrmther.</strong></span> 
     </span>
    </p>
   </div>
   <div class='ocr_carea' id='block_1_50' title="bbox 242 2600 1780 2678">
    <p class='ocr_par' dir='ltr' id='par_1_50' title="bbox 242 2600 1780 2678">
     <span class='ocr_line' id='line_1_50' title="bbox 242 2600 1780 2678; baseline -0.002 -20"><span class='ocrx_word' id='word_1_329' title='bbox 242 2607 307 2661; x_wconf 87' lang='grc' dir='ltr'><strong>α’.</strong></span> <span class='ocrx_word' id='word_1_330' title='bbox 351 2605 466 2659; x_wconf 79' lang='grc' dir='ltr'>Ούκ</span> <span class='ocrx_word' id='word_1_331' title='bbox 514 2605 691 2669; x_wconf 74' lang='grc' dir='ltr'>ἠξίουν</span> <span class='ocrx_word' id='word_1_332' title='bbox 730 2607 891 2676; x_wconf 80' lang='grc' dir='ltr'>ἔγωγε</span> <span class='ocrx_word' id='word_1_333' title='bbox 937 2605 1184 2678; x_wconf 79' lang='grc' dir='ltr'>ῥημάτων</span> <span class='ocrx_word' id='word_1_334' title='bbox 1227 2611 1492 2677; x_wconf 85' lang='grc' dir='ltr'>πατρικῶν</span> <span class='ocrx_word' id='word_1_335' title='bbox 1546 2600 1780 2656; x_wconf 80' lang='grc' dir='ltr'>διάνοιαν</span> 
     </span>
    </p>
   </div>
   <div class='ocr_carea' id='block_1_51' title="bbox 175 2692 1780 2768">
    <p class='ocr_par' dir='ltr' id='par_1_51' title="bbox 175 2692 1780 2768">
     <span class='ocr_line' id='line_1_51' title="bbox 175 2692 1780 2768; baseline -0.001 -21"><span class='ocrx_word' id='word_1_336' title='bbox 175 2696 239 2756; x_wconf 82' lang='grc' dir='ltr'><strong>εἰς</strong></span> <span class='ocrx_word' id='word_1_337' title='bbox 282 2698 520 2768; x_wconf 88' lang='grc' dir='ltr'>μάθησιν</span> <span class='ocrx_word' id='word_1_338' title='bbox 563 2694 724 2747; x_wconf 80' lang='grc' dir='ltr'>ἐλθεῖν</span> <span class='ocrx_word' id='word_1_339' title='bbox 765 2693 1050 2759; x_wconf 83' lang='grc' dir='ltr'>ἐπιζητεῖν,</span> <span class='ocrx_word' id='word_1_340' title='bbox 1105 2695 1157 2745; x_wconf 86' lang='grc' dir='ltr'>ὃν</span> <span class='ocrx_word' id='word_1_341' title='bbox 1205 2692 1231 2744; x_wconf 87' lang='grc' dir='ltr'><strong><em>ὂ</em></strong></span> <span class='ocrx_word' id='word_1_342' title='bbox 1269 2712 1323 2746; x_wconf 84' lang='grc' dir='ltr'><strong>τε</strong></span> <span class='ocrx_word' id='word_1_343' title='bbox 1357 2697 1550 2767; x_wconf 85' lang='grc' dir='ltr'>χρόνος</span> <span class='ocrx_word' id='word_1_344' title='bbox 1590 2697 1680 2746; x_wconf 86' lang='grc' dir='ltr'>καὶ</span> <span class='ocrx_word' id='word_1_345' title='bbox 1723 2696 1780 2745; x_wconf 89' lang='grc' dir='ltr'>τὸ</span> 
     </span>
    </p>
   </div>
   <div class='ocr_carea' id='block_1_52' title="bbox 173 2779 1778 2857">
    <p class='ocr_par' dir='ltr' id='par_1_52' title="bbox 173 2779 1778 2857">
     <span class='ocr_line' id='line_1_52' title="bbox 173 2779 1778 2857; baseline -0.002 -21"><span class='ocrx_word' id='word_1_346' title='bbox 173 2790 285 2857; x_wconf 85' lang='grc' dir='ltr'>περὶ</span> <span class='ocrx_word' id='word_1_347' title='bbox 328 2788 425 2846; x_wconf 89' lang='grc' dir='ltr'><strong>τάς</strong></span> <span class='ocrx_word' id='word_1_348' title='bbox 491 2783 702 2855; x_wconf 82' lang='grc' dir='ltr'>λογικὰς</span> <span class='ocrx_word' id='word_1_349' title='bbox 758 2779 978 2854; x_wconf 74' lang='grc' dir='ltr'>ἐφόδους</span> <span class='ocrx_word' id='word_1_350' title='bbox 1027 2782 1296 2854; x_wconf 87' lang='grc' dir='ltr'>φιλόπονον</span> <span class='ocrx_word' id='word_1_351' title='bbox 1342 2786 1429 2834; x_wconf 82' lang='grc' dir='ltr'>καὶ</span> <span class='ocrx_word' id='word_1_352' title='bbox 1481 2790 1579 2834; x_wconf 87' lang='grc' dir='ltr'><strong>τῶν</strong></span> <span class='ocrx_word' id='word_1_353' title='bbox 1637 2782 1778 2855; x_wconf 81' lang='grc' dir='ltr'>ἱερῶν</span> 
     </span>
    </p>
   </div>
   <div class='ocr_carea' id='block_1_53' title="bbox 174 2869 1779 2946">
    <p class='ocr_par' dir='ltr' id='par_1_53' title="bbox 174 2869 1779 2946">
     <span class='ocr_line' id='line_1_53' title="bbox 174 2869 1779 2946; baseline -0.004 -19"><span class='ocrx_word' id='word_1_354' title='bbox 174 2880 374 2945; x_wconf 82' lang='grc' dir='ltr'>Λογίων</span> <span class='ocrx_word' id='word_1_355' title='bbox 422 2875 453 2933; x_wconf 80' lang='grc' dir='ltr'><strong>ἠ</strong></span> <span class='ocrx_word' id='word_1_356' title='bbox 488 2871 659 2944; x_wconf 81' lang='grc' dir='ltr'>σχολὴ</span> <span class='ocrx_word' id='word_1_357' title='bbox 705 2871 890 2945; x_wconf 78' lang='grc' dir='ltr'>ἑτέροις</span> <span class='ocrx_word' id='word_1_358' title='bbox 919 2871 1303 2946; x_wconf 80' lang='grc' dir='ltr'>προκαθίζουσι</span> <span class='ocrx_word' id='word_1_359' title='bbox 1342 2869 1539 2923; x_wconf 88' lang='grc' dir='ltr'>πολλῶν</span> <span class='ocrx_word' id='word_1_360' title='bbox 1570 2875 1660 2922; x_wconf 83' lang='grc' dir='ltr'>καὶ</span> <span class='ocrx_word' id='word_1_361' title='bbox 1689 2890 1779 2922; x_wconf 89' lang='grc' dir='ltr'>κα-</span> 
     </span>
    </p>
   </div>
   <div class='ocr_carea' id='block_1_54' title="bbox 171 2957 1776 3035">
    <p class='ocr_par' dir='ltr' id='par_1_54' title="bbox 171 2957 1776 3035">
     <span class='ocr_line' id='line_1_54' title="bbox 171 2957 1776 3035; baseline -0.002 -21"><span class='ocrx_word' id='word_1_362' title='bbox 171 2962 263 3014; x_wconf 88' lang='grc' dir='ltr'><strong>λῶν</strong></span> <span class='ocrx_word' id='word_1_363' title='bbox 314 2963 642 3035; x_wconf 80' lang='grc' dir='ltr'>μαθημάτων</span> <span class='ocrx_word' id='word_1_364' title='bbox 684 2957 1028 3013; x_wconf 78' lang='grc' dir='ltr'>διδασκαλονο</span> <span class='ocrx_word' id='word_1_365' title='bbox 1070 2959 1202 3018; x_wconf 81' lang='grc' dir='ltr'>πλὴν</span> <span class='ocrx_word' id='word_1_366' title='bbox 1247 2958 1354 3012; x_wconf 82' lang='grc' dir='ltr'>ἐπεί</span> <span class='ocrx_word' id='word_1_367' title='bbox 1399 2979 1502 3023; x_wconf 90' lang='grc' dir='ltr'>σοι,</span> <span class='ocrx_word' id='word_1_368' title='bbox 1545 2961 1776 3034; x_wconf 88' lang='grc' dir='ltr'>καθάπερ</span> 
     </span>
    </p>
   </div>
   <div class='ocr_carea' id='block_1_55' title="bbox 172 3044 1778 3123">
    <p class='ocr_par' dir='ltr' id='par_1_55' title="bbox 172 3044 1778 3123">
     <span class='ocr_line' id='line_1_55' title="bbox 172 3044 1778 3123; baseline -0.002 -20"><span class='ocrx_word' id='word_1_369' title='bbox 172 3060 266 3103; x_wconf 84' lang='grc' dir='ltr'><strong>τῶν</strong></span> <span class='ocrx_word' id='word_1_370' title='bbox 311 3047 524 3103; x_wconf 78' lang='grc' dir='ltr'>παίδων</span> <span class='ocrx_word' id='word_1_371' title='bbox 575 3052 624 3102; x_wconf 88' lang='grc' dir='ltr'>οἱ</span> <span class='ocrx_word' id='word_1_372' title='bbox 671 3049 1029 3123; x_wconf 83' lang='grc' dir='ltr'>φιλοπάτορες,</span> <span class='ocrx_word' id='word_1_373' title='bbox 1091 3047 1183 3100; x_wconf 81' lang='grc' dir='ltr'>κᾶν</span> <span class='ocrx_word' id='word_1_374' title='bbox 1237 3044 1345 3107; x_wconf 72' lang='grc' dir='ltr'>ἤδη</span> <span class='ocrx_word' id='word_1_375' title='bbox 1386 3047 1502 3100; x_wconf 76' lang='grc' dir='ltr'>καθ’</span> <span class='ocrx_word' id='word_1_376' title='bbox 1564 3048 1778 3110; x_wconf 76' lang='grc' dir='ltr'>ἑαυτοὺς</span> 
     </span>
    </p>
   </div>
   <div class='ocr_carea' id='block_1_56' title="bbox 171 3139 1778 3213">
    <p class='ocr_par' dir='ltr' id='par_1_56' title="bbox 171 3139 1778 3213">
     <span class='ocr_line' id='line_1_56' title="bbox 171 3139 1778 3213; baseline -0.002 -22"><span class='ocrx_word' id='word_1_377' title='bbox 171 3140 396 3213; x_wconf 80' lang='grc' dir='ltr'>ἀκριϐῶς</span> <span class='ocrx_word' id='word_1_378' title='bbox 454 3143 512 3191; x_wconf 88' lang='grc' dir='ltr'>τὸ</span> <span class='ocrx_word' id='word_1_379' title='bbox 567 3143 820 3212; x_wconf 84' lang='grc' dir='ltr'>πρακτέον</span> <span class='ocrx_word' id='word_1_380' title='bbox 879 3146 1184 3211; x_wconf 87' lang='grc' dir='ltr'>συνορῶσιν,</span> <span class='ocrx_word' id='word_1_381' title='bbox 1245 3139 1383 3208; x_wconf 86' lang='grc' dir='ltr'>ὅμως</span> <span class='ocrx_word' id='word_1_382' title='bbox 1435 3143 1541 3197; x_wconf 85' lang='grc' dir='ltr'>τοῖς</span> <span class='ocrx_word' id='word_1_383' title='bbox 1597 3156 1778 3210; x_wconf 81' lang='grc' dir='ltr'>πατρι-</span> 
     </span>
    </p>
   </div>
   <div class='ocr_carea' id='block_1_57' title="bbox 169 3223 1776 3302">
    <p class='ocr_par' dir='ltr' id='par_1_57' title="bbox 169 3223 1776 3302">
     <span class='ocr_line' id='line_1_57' title="bbox 169 3223 1776 3302; baseline -0.003 -22"><span class='ocrx_word' id='word_1_384' title='bbox 169 3237 277 3291; x_wconf 88' lang='grc' dir='ltr'>κοῖς</span> <span class='ocrx_word' id='word_1_385' title='bbox 329 3228 689 3302; x_wconf 80' lang='grc' dir='ltr'>βουλεύμασιν</span> <span class='ocrx_word' id='word_1_386' title='bbox 736 3228 1172 3302; x_wconf 82' lang='grc' dir='ltr'>ἐπιστηρίζεσθαι</span> <span class='ocrx_word' id='word_1_387' title='bbox 1208 3225 1432 3286; x_wconf 84' lang='grc' dir='ltr'>θέλοντες</span> <span class='ocrx_word' id='word_1_388' title='bbox 1471 3225 1542 3285; x_wconf 81' lang='grc' dir='ltr'><strong>εἰς</strong></span> <span class='ocrx_word' id='word_1_389' title='bbox 1587 3223 1776 3284; x_wconf 79' lang='grc' dir='ltr'>αὐτοὺς</span> 
     </span>
    </p>
   </div>
   <div class='ocr_carea' id='block_1_58' title="bbox 170 3313 1775 3393">
    <p class='ocr_par' dir='ltr' id='par_1_58' title="bbox 170 3313 1775 3393">
     <span class='ocr_line' id='line_1_58' title="bbox 170 3313 1775 3393; baseline -0.004 -22"><span class='ocrx_word' id='word_1_390' title='bbox 170 3317 454 3393; x_wconf 75' lang='grc' dir='ltr'>ἀφορῶσιν,</span> <span class='ocrx_word' id='word_1_391' title='bbox 506 3317 666 3376; x_wconf 77' lang='grc' dir='ltr'>οὓτως</span> <span class='ocrx_word' id='word_1_392' title='bbox 712 3321 801 3368; x_wconf 82' lang='grc' dir='ltr'>καὶ</span> <span class='ocrx_word' id='word_1_393' title='bbox 844 3316 996 3376; x_wconf 73' lang='grc' dir='ltr'>αὐτὸς</span> <span class='ocrx_word' id='word_1_394' title='bbox 1047 3315 1308 3390; x_wconf 78' lang='grc' dir='ltr'>αὐτάρκης</span> <span class='ocrx_word' id='word_1_395' title='bbox 1356 3318 1423 3365; x_wconf 85' lang='grc' dir='ltr'><strong>ῶν</strong></span> <span class='ocrx_word' id='word_1_396' title='bbox 1475 3313 1775 3366; x_wconf 79' lang='grc' dir='ltr'>ἐπιλύεσθαι</span> 
     </span>
    </p>
   </div>
   <div class='ocr_carea' id='block_1_59' title="bbox 1966 2601 3547 2675">
    <p class='ocr_par' dir='ltr' id='par_1_59' title="bbox 1966 2601 3547 2675">
     <span class='ocr_line' id='line_1_59' title="bbox 1966 2601 3547 2675; baseline 0 -17"><span class='ocrx_word' id='word_1_397' title='bbox 1966 2607 2013 2658; x_wconf 79' lang='grc'><strong>1.</strong></span> <span class='ocrx_word' id='word_1_398' title='bbox 2056 2605 2184 2658; x_wconf 88' lang='lat' dir='ltr'><strong>Non</strong></span> <span class='ocrx_word' id='word_1_399' title='bbox 2231 2603 2292 2658; x_wconf 92' lang='lat' dir='ltr'><strong>id</strong></span> <span class='ocrx_word' id='word_1_400' title='bbox 2331 2618 2442 2675; x_wconf 83' lang='lat' dir='ltr'><strong>ego</strong></span> <span class='ocrx_word' id='word_1_401' title='bbox 2495 2601 2640 2658; x_wconf 92' lang='lat' dir='ltr'><strong>mihi</strong></span> <span class='ocrx_word' id='word_1_402' title='bbox 2683 2616 3064 2672; x_wconf 89' lang='lat' dir='ltr'><strong>arrogavero,</strong></span> <span class='ocrx_word' id='word_1_403' title='bbox 3106 2603 3240 2658; x_wconf 89' lang='lat' dir='ltr'><strong>uta</strong></span> <span class='ocrx_word' id='word_1_404' title='bbox 3291 2616 3387 2658; x_wconf 90' lang='lat' dir='ltr'><strong>me</strong></span> <span class='ocrx_word' id='word_1_405' title='bbox 3440 2601 3547 2664; x_wconf 87' lang='lat' dir='ltr'><strong>tibi</strong></span> 
     </span>
    </p>
   </div>
   <div class='ocr_carea' id='block_1_60' title="bbox 1890 2690 3605 2764">
    <p class='ocr_par' dir='ltr' id='par_1_60' title="bbox 1890 2690 3605 2764">
     <span class='ocr_line' id='line_1_60' title="bbox 1890 2690 3605 2764; baseline -0.001 -16"><span class='ocrx_word' id='word_1_406' title='bbox 1890 2691 2169 2764; x_wconf 84' lang='lat' dir='ltr'><strong>explicari</strong></span> <span class='ocrx_word' id='word_1_407' title='bbox 2202 2692 2297 2748; x_wconf 91' lang='lat' dir='ltr'><strong>SS.</strong></span> <span class='ocrx_word' id='word_1_408' title='bbox 2337 2692 2575 2747; x_wconf 88' lang='lat' dir='ltr'><strong>Patrum</strong></span> <span class='ocrx_word' id='word_1_409' title='bbox 2605 2690 2786 2746; x_wconf 90' lang='lat' dir='ltr'><strong>verba</strong></span> <span class='ocrx_word' id='word_1_410' title='bbox 2817 2693 3067 2762; x_wconf 90' lang='lat' dir='ltr'><strong>peteres,</strong></span> <span class='ocrx_word' id='word_1_411' title='bbox 3095 2705 3279 2762; x_wconf 90' lang='lat' dir='ltr'><strong>quem</strong></span> <span class='ocrx_word' id='word_1_412' title='bbox 3304 2694 3362 2746; x_wconf 93' lang='lat' dir='ltr'><strong>et</strong></span> <span class='ocrx_word' id='word_1_413' title='bbox 3401 2696 3546 2747; x_wconf 71' lang='lat' dir='ltr'><strong>aetas</strong></span> <span class='ocrx_word' id='word_1_414' title='bbox 3599 2695 3605 2701; x_wconf 81' lang='lat'><strong>‘</strong></span> 
     </span>
    </p>
   </div>
   <div class='ocr_carea' id='block_1_61' title="bbox 1889 2778 3540 2837">
    <p class='ocr_par' dir='ltr' id='par_1_61' title="bbox 1889 2778 3540 2837">
     <span class='ocr_line' id='line_1_61' title="bbox 1889 2778 3540 2837; baseline 0 -1"><span class='ocrx_word' id='word_1_415' title='bbox 1889 2786 1946 2837; x_wconf 91' lang='lat' dir='ltr'><strong>et</strong></span> <span class='ocrx_word' id='word_1_416' title='bbox 1999 2780 2381 2836; x_wconf 88' lang='lat' dir='ltr'><strong>rationalium</strong></span> <span class='ocrx_word' id='word_1_417' title='bbox 2425 2779 2639 2836; x_wconf 89' lang='lat' dir='ltr'><strong>artium</strong></span> <span class='ocrx_word' id='word_1_418' title='bbox 2681 2779 2946 2835; x_wconf 90' lang='lat' dir='ltr'><strong>studium</strong></span> <span class='ocrx_word' id='word_1_419' title='bbox 2994 2782 3054 2834; x_wconf 91' lang='lat' dir='ltr'><strong>et</strong></span> <span class='ocrx_word' id='word_1_420' title='bbox 3084 2794 3392 2835; x_wconf 87' lang='lat' dir='ltr'><strong>sacrorum</strong></span> <span class='ocrx_word' id='word_1_421' title='bbox 3423 2778 3540 2836; x_wconf 89' lang='lat' dir='ltr'><strong>elo-</strong></span> 
     </span>
    </p>
   </div>
   <div class='ocr_carea' id='block_1_62' title="bbox 1887 2866 3544 2942">
    <p class='ocr_par' dir='ltr' id='par_1_62' title="bbox 1887 2866 3544 2942">
     <span class='ocr_line' id='line_1_62' title="bbox 1887 2866 3544 2942; baseline 0 -18"><span class='ocrx_word' id='word_1_422' title='bbox 1887 2869 2169 2942; x_wconf 91' lang='lat' dir='ltr'><strong>quiorum</strong></span> <span class='ocrx_word' id='word_1_423' title='bbox 2199 2868 2540 2925; x_wconf 83' lang='lat' dir='ltr'><strong>exercitatio</strong></span> <span class='ocrx_word' id='word_1_424' title='bbox 2561 2867 2693 2925; x_wconf 80' lang='lat' dir='ltr'><strong>aliis</strong></span> <span class='ocrx_word' id='word_1_425' title='bbox 2716 2867 3046 2939; x_wconf 83' lang='lat' dir='ltr'><strong>praeﬁciunt</strong></span> <span class='ocrx_word' id='word_1_426' title='bbox 3074 2866 3398 2924; x_wconf 89' lang='lat' dir='ltr'><strong>multarum</strong></span> <span class='ocrx_word' id='word_1_427' title='bbox 3429 2883 3544 2924; x_wconf 84' lang='lat' dir='ltr'><strong>no-</strong></span> 
     </span>
    </p>
   </div>
   <div class='ocr_carea' id='block_1_63' title="bbox 1886 2955 3538 3029">
    <p class='ocr_par' dir='ltr' id='par_1_63' title="bbox 1886 2955 3538 3029">
     <span class='ocr_line' id='line_1_63' title="bbox 1886 2955 3538 3029; baseline -0.001 -17"><span class='ocrx_word' id='word_1_428' title='bbox 1886 2957 2218 3029; x_wconf 90' lang='lat' dir='ltr'><strong>biliumque</strong></span> <span class='ocrx_word' id='word_1_429' title='bbox 2265 2956 2713 3028; x_wconf 76' lang='lat' dir='ltr'><strong>disciplinarum</strong></span> <span class='ocrx_word' id='word_1_430' title='bbox 2753 2962 3200 3027; x_wconf 66' lang='lat' dir='ltr'><strong>praeceptorem.</strong></span> <span class='ocrx_word' id='word_1_431' title='bbox 3238 2955 3538 3020; x_wconf 85' lang='lat' dir='ltr'><strong>Quoniam</strong></span> 
     </span>
    </p>
   </div>
   <div class='ocr_carea' id='block_1_64' title="bbox 1887 3044 3546 3117">
    <p class='ocr_par' dir='ltr' id='par_1_64' title="bbox 1887 3044 3546 3117">
     <span class='ocr_line' id='line_1_64' title="bbox 1887 3044 3546 3117; baseline -0.001 -15"><span class='ocrx_word' id='word_1_432' title='bbox 1887 3049 2088 3102; x_wconf 88' lang='lat' dir='ltr'><strong>tamen</strong></span> <span class='ocrx_word' id='word_1_433' title='bbox 2118 3051 2200 3112; x_wconf 90' lang='lat' dir='ltr'><strong>tu,</strong></span> <span class='ocrx_word' id='word_1_434' title='bbox 2232 3050 2296 3100; x_wconf 91' lang='lat' dir='ltr'><strong>ut</strong></span> <span class='ocrx_word' id='word_1_435' title='bbox 2324 3045 2428 3100; x_wconf 82' lang='lat' dir='ltr'><strong>filii</strong></span> <span class='ocrx_word' id='word_1_436' title='bbox 2460 3044 2796 3117; x_wconf 89' lang='lat' dir='ltr'><strong>genitorum</strong></span> <span class='ocrx_word' id='word_1_437' title='bbox 2825 3047 3117 3108; x_wconf 89' lang='lat' dir='ltr'><strong>amantes,</strong></span> <span class='ocrx_word' id='word_1_438' title='bbox 3162 3044 3397 3098; x_wconf 86' lang='lat' dir='ltr'><strong>tametsi</strong></span> <span class='ocrx_word' id='word_1_439' title='bbox 3437 3058 3546 3115; x_wconf 91' lang='lat' dir='ltr'><strong>per</strong></span> 
     </span>
    </p>
   </div>
   <div class='ocr_carea' id='block_1_65' title="bbox 1887 3131 3540 3208">
    <p class='ocr_par' dir='ltr' id='par_1_65' title="bbox 1887 3131 3540 3208">
     <span class='ocr_line' id='line_1_65' title="bbox 1887 3131 3540 3208; baseline -0.002 -17"><span class='ocrx_word' id='word_1_440' title='bbox 1887 3152 1950 3192; x_wconf 91' lang='lat' dir='ltr'><strong>se</strong></span> <span class='ocrx_word' id='word_1_441' title='bbox 1995 3135 2159 3208; x_wconf 89' lang='lat' dir='ltr'><strong>ipsos</strong></span> <span class='ocrx_word' id='word_1_442' title='bbox 2206 3135 2430 3208; x_wconf 87' lang='lat' dir='ltr'><strong>optime</strong></span> <span class='ocrx_word' id='word_1_443' title='bbox 2459 3134 2605 3207; x_wconf 91' lang='lat' dir='ltr'><strong>quid</strong></span> <span class='ocrx_word' id='word_1_444' title='bbox 2640 3133 2752 3190; x_wconf 88' lang='lat' dir='ltr'><strong>sibi</strong></span> <span class='ocrx_word' id='word_1_445' title='bbox 2792 3131 3134 3190; x_wconf 82' lang='lat' dir='ltr'><strong>faciendum</strong></span> <span class='ocrx_word' id='word_1_446' title='bbox 3187 3131 3540 3204; x_wconf 90' lang='lat' dir='ltr'><strong>percipiant,</strong></span> 
     </span>
    </p>
   </div>
   <div class='ocr_carea' id='block_1_66' title="bbox 1885 3219 3544 3296">
    <p class='ocr_par' dir='ltr' id='par_1_66' title="bbox 1885 3219 3544 3296">
     <span class='ocr_line' id='line_1_66' title="bbox 1885 3219 3544 3296; baseline -0.002 -16"><span class='ocrx_word' id='word_1_447' title='bbox 1885 3229 2085 3280; x_wconf 88' lang='lat' dir='ltr'><strong>tamen</strong></span> <span class='ocrx_word' id='word_1_448' title='bbox 2135 3224 2396 3296; x_wconf 89' lang='lat' dir='ltr'><strong>paternis</strong></span> <span class='ocrx_word' id='word_1_449' title='bbox 2427 3221 2690 3280; x_wconf 89' lang='lat' dir='ltr'><strong>consiliis</strong></span> <span class='ocrx_word' id='word_1_450' title='bbox 2721 3220 2892 3278; x_wconf 89' lang='lat' dir='ltr'><strong>inniti</strong></span> <span class='ocrx_word' id='word_1_451' title='bbox 2935 3219 3246 3292; x_wconf 91' lang='lat' dir='ltr'><strong>cupientes</strong></span> <span class='ocrx_word' id='word_1_452' title='bbox 3275 3219 3336 3276; x_wconf 92' lang='lat' dir='ltr'><strong>in</strong></span> <span class='ocrx_word' id='word_1_453' title='bbox 3374 3220 3544 3292; x_wconf 90' lang='lat' dir='ltr'><strong>ipsos</strong></span> 
     </span>
    </p>
   </div>
   <div class='ocr_carea' id='block_1_67' title="bbox 1883 3309 3544 3385">
    <p class='ocr_par' dir='ltr' id='par_1_67' title="bbox 1883 3309 3544 3385">
     <span class='ocr_line' id='line_1_67' title="bbox 1883 3309 3544 3385; baseline -0.002 -17"><span class='ocrx_word' id='word_1_454' title='bbox 1883 3313 2230 3385; x_wconf 90' lang='lat' dir='ltr'><strong>respiciunt,</strong></span> <span class='ocrx_word' id='word_1_455' title='bbox 2256 3313 2337 3368; x_wconf 87' lang='lat' dir='ltr'><strong>ita</strong></span> <span class='ocrx_word' id='word_1_456' title='bbox 2367 3317 2424 3368; x_wconf 93' lang='lat' dir='ltr'><strong>et</strong></span> <span class='ocrx_word' id='word_1_457' title='bbox 2452 3318 2516 3367; x_wconf 91' lang='lat' dir='ltr'><strong>tu</strong></span> <span class='ocrx_word' id='word_1_458' title='bbox 2546 3311 2696 3384; x_wconf 90' lang='lat' dir='ltr'><strong>ipse,</strong></span> <span class='ocrx_word' id='word_1_459' title='bbox 2728 3326 2866 3366; x_wconf 92' lang='lat' dir='ltr'><strong>cum</strong></span> <span class='ocrx_word' id='word_1_460' title='bbox 2897 3309 3164 3366; x_wconf 87' lang='lat' dir='ltr'><strong>sufﬁcias</strong></span> <span class='ocrx_word' id='word_1_461' title='bbox 3194 3309 3544 3379; x_wconf 88' lang='lat' dir='ltr'><strong>emergenti-</strong></span> 
     </span>
    </p>
   </div>
   <div class='ocr_carea' id='block_1_68' title="bbox 168 3399 1775 3476">
    <p class='ocr_par' dir='ltr' id='par_1_68' title="bbox 168 3403 1772 3476">
     <span class='ocr_line' id='line_1_68' title="bbox 168 3403 1772 3476; baseline -0.004 -17"><span class='ocrx_word' id='word_1_462' title='bbox 168 3411 256 3468; x_wconf 82' lang='grc' dir='ltr'>τὰς</span> <span class='ocrx_word' id='word_1_463' title='bbox 309 3407 720 3468; x_wconf 82' lang='grc' dir='ltr'>ἀνακυπτούσας</span> <span class='ocrx_word' id='word_1_464' title='bbox 761 3404 974 3476; x_wconf 82' lang='grc' dir='ltr'>λογικὰς</span> <span class='ocrx_word' id='word_1_465' title='bbox 1021 3403 1462 3476; x_wconf 79' lang='grc' dir='ltr'>ἀμφισϐητήσεις,</span> <span class='ocrx_word' id='word_1_466' title='bbox 1504 3405 1633 3476; x_wconf 89' lang='grc' dir='ltr'>πρὸς</span> <span class='ocrx_word' id='word_1_467' title='bbox 1680 3405 1772 3460; x_wconf 83' lang='grc' dir='ltr'>τὴν</span> 
     </span>
    </p>
   </div>
   <div class='ocr_carea' id='block_1_69' title="bbox 1890 3399 3543 3476">
    <p class='ocr_par' dir='ltr' id='par_1_69' title="bbox 1890 3399 3543 3473">
     <span class='ocr_line' id='line_1_69' title="bbox 1890 3399 3543 3473; baseline -0.002 -15"><span class='ocrx_word' id='word_1_468' title='bbox 1890 3403 1996 3458; x_wconf 92' lang='lat' dir='ltr'><strong>bus</strong></span> <span class='ocrx_word' id='word_1_469' title='bbox 2037 3400 2531 3473; x_wconf 81' lang='lat' dir='ltr'><strong>ambiguitatibus</strong></span> <span class='ocrx_word' id='word_1_470' title='bbox 2553 3399 2976 3466; x_wconf 89' lang='lat' dir='ltr'><strong>dissolvendis,</strong></span> <span class='ocrx_word' id='word_1_471' title='bbox 3019 3402 3290 3454; x_wconf 91' lang='lat' dir='ltr'><strong>nostram</strong></span> <span class='ocrx_word' id='word_1_472' title='bbox 3341 3403 3543 3454; x_wconf 86' lang='lat' dir='ltr'><strong>tamen</strong></span> 
     </span>
    </p>
   </div>
   <div class='ocr_carea' id='block_1_70' title="bbox 169 3493 1772 3570">
    <p class='ocr_par' dir='ltr' id='par_1_70' title="bbox 169 3493 1772 3570">
     <span class='ocr_line' id='line_1_70' title="bbox 169 3493 1772 3570; baseline -0.005 -20"><span class='ocrx_word' id='word_1_473' title='bbox 169 3497 418 3570; x_wconf 77' lang='grc' dir='ltr'>ἡμετέραν</span> <span class='ocrx_word' id='word_1_474' title='bbox 503 3497 638 3568; x_wconf 86' lang='grc' dir='ltr'>ὅμως</span> <span class='ocrx_word' id='word_1_475' title='bbox 696 3493 891 3566; x_wconf 83' lang='grc' dir='ltr'>ἀφορᾴν</span> <span class='ocrx_word' id='word_1_476' title='bbox 962 3493 1167 3567; x_wconf 74' lang='grc' dir='ltr'>ἔκρινας</span> <span class='ocrx_word' id='word_1_477' title='bbox 1239 3498 1470 3565; x_wconf 83' lang='grc' dir='ltr'>γνώμην,</span> <span class='ocrx_word' id='word_1_478' title='bbox 1540 3496 1629 3544; x_wconf 85' lang='grc' dir='ltr'>καὶ</span> <span class='ocrx_word' id='word_1_479' title='bbox 1688 3493 1772 3543; x_wconf 88' lang='grc' dir='ltr'>τὸν</span> 
     </span>
    </p>
   </div>
   <div class='ocr_carea' id='block_1_71' title="bbox 169 3578 1774 3657">
    <p class='ocr_par' dir='ltr' id='par_1_71' title="bbox 169 3578 1774 3657">
     <span class='ocr_line' id='line_1_71' title="bbox 169 3578 1774 3657; baseline -0.004 -19"><span class='ocrx_word' id='word_1_480' title='bbox 169 3585 493 3657; x_wconf 81' lang='grc' dir='ltr'>φιλοπάτορα</span> <span class='ocrx_word' id='word_1_481' title='bbox 543 3588 615 3656; x_wconf 83' lang='grc' dir='ltr'>μὴ</span> <span class='ocrx_word' id='word_1_482' title='bbox 672 3583 1006 3656; x_wconf 76' lang='grc' dir='ltr'>καθυϐρίζειν</span> <span class='ocrx_word' id='word_1_483' title='bbox 1058 3578 1377 3654; x_wconf 82' lang='grc' dir='ltr'>ἐδοκίμασα,</span> <span class='ocrx_word' id='word_1_484' title='bbox 1417 3584 1502 3633; x_wconf 81' lang='grc' dir='ltr'>καὶ</span> <span class='ocrx_word' id='word_1_485' title='bbox 1550 3584 1608 3633; x_wconf 87' lang='grc' dir='ltr'>τὸ</span> <span class='ocrx_word' id='word_1_486' title='bbox 1656 3583 1774 3652; x_wconf 86' lang='grc' dir='ltr'>περὶ</span> 
     </span>
    </p>
   </div>
   <div class='ocr_carea' id='block_1_72' title="bbox 168 3665 1772 3746">
    <p class='ocr_par' dir='ltr' id='par_1_72' title="bbox 168 3665 1772 3746">
     <span class='ocr_line' id='line_1_72' title="bbox 168 3665 1772 3746; baseline -0.003 -20"><span class='ocrx_word' id='word_1_487' title='bbox 168 3678 228 3726; x_wconf 81' lang='grc' dir='ltr'>τὰ</span> <span class='ocrx_word' id='word_1_488' title='bbox 263 3679 420 3728; x_wconf 83' lang='grc' dir='ltr'>τέκνα</span> <span class='ocrx_word' id='word_1_489' title='bbox 457 3679 613 3746; x_wconf 79' lang='grc' dir='ltr'>τιμᾴν</span> <span class='ocrx_word' id='word_1_490' title='bbox 668 3672 773 3744; x_wconf 68' lang='grc' dir='ltr'><strong>οὐχ</strong></span> <span class='ocrx_word' id='word_1_491' title='bbox 821 3668 974 3730; x_wconf 78' lang='grc' dir='ltr'>ἧττον</span> <span class='ocrx_word' id='word_1_492' title='bbox 1025 3671 1232 3744; x_wconf 78' lang='grc' dir='ltr'>εἱλόμην</span> <span class='ocrx_word' id='word_1_493' title='bbox 1281 3669 1634 3745; x_wconf 62' lang='grc' dir='ltr'>φιλόστοργον</span> <span class='ocrx_word' id='word_1_494' title='bbox 1686 3665 1772 3721; x_wconf 84' lang='grc' dir='ltr'><strong>διὸ</strong></span> 
     </span>
    </p>
   </div>
   <div class='ocr_carea' id='block_1_73' title="bbox 165 3759 1773 3837">
    <p class='ocr_par' dir='ltr' id='par_1_73' title="bbox 165 3759 1773 3837">
     <span class='ocr_line' id='line_1_73' title="bbox 165 3759 1773 3837; baseline -0.003 -23"><span class='ocrx_word' id='word_1_495' title='bbox 165 3769 250 3816; x_wconf 85' lang='grc' dir='ltr'>καὶ</span> <span class='ocrx_word' id='word_1_496' title='bbox 297 3772 391 3816; x_wconf 85' lang='grc' dir='ltr'><strong>τοῦ</strong></span> <span class='ocrx_word' id='word_1_497' title='bbox 443 3769 628 3837; x_wconf 83' lang='grc' dir='ltr'>καιροῦ</span> <span class='ocrx_word' id='word_1_498' title='bbox 657 3764 714 3813; x_wconf 85' lang='grc' dir='ltr'>τὸ</span> <span class='ocrx_word' id='word_1_499' title='bbox 747 3759 1042 3834; x_wconf 83' lang='grc' dir='ltr'>βαρύτατον</span> <span class='ocrx_word' id='word_1_500' title='bbox 1086 3765 1176 3812; x_wconf 87' lang='grc' dir='ltr'>καὶ</span> <span class='ocrx_word' id='word_1_501' title='bbox 1216 3768 1316 3812; x_wconf 92' lang='grc' dir='ltr'><strong>τῶν</strong></span> <span class='ocrx_word' id='word_1_502' title='bbox 1345 3761 1682 3833; x_wconf 81' lang='grc' dir='ltr'>ύπογραφέων</span> <span class='ocrx_word' id='word_1_503' title='bbox 1714 3760 1773 3810; x_wconf 90' lang='grc' dir='ltr'>τὸ</span> 
     </span>
    </p>
   </div>
   <div class='ocr_carea' id='block_1_74' title="bbox 167 3846 1775 3924">
    <p class='ocr_par' dir='ltr' id='par_1_74' title="bbox 167 3846 1775 3924">
     <span class='ocr_line' id='line_1_74' title="bbox 167 3846 1775 3924; baseline -0.002 -22"><span class='ocrx_word' id='word_1_504' title='bbox 167 3851 353 3924; x_wconf 74' lang='grc' dir='ltr'>ἄπορον</span> <span class='ocrx_word' id='word_1_505' title='bbox 414 3855 474 3903; x_wconf 87' lang='grc' dir='ltr'>τὸ</span> <span class='ocrx_word' id='word_1_506' title='bbox 520 3850 675 3908; x_wconf 81' lang='grc' dir='ltr'>ἧττον</span> <span class='ocrx_word' id='word_1_507' title='bbox 724 3851 855 3921; x_wconf 80' lang='grc' dir='ltr'>ἔσχε</span> <span class='ocrx_word' id='word_1_508' title='bbox 899 3847 1145 3902; x_wconf 90' lang='grc' dir='ltr'>τάναντία</span> <span class='ocrx_word' id='word_1_509' title='bbox 1189 3849 1431 3923; x_wconf 85' lang='grc' dir='ltr'>πράττειν</span> <span class='ocrx_word' id='word_1_510' title='bbox 1476 3856 1571 3908; x_wconf 84' lang='grc' dir='ltr'>τῆς</span> <span class='ocrx_word' id='word_1_511' title='bbox 1622 3846 1775 3905; x_wconf 81' lang='grc' dir='ltr'>αἰτή-</span> 
     </span>
    </p>
   </div>
   <div class='ocr_carea' id='block_1_75' title="bbox 168 3939 669 4013">
    <p class='ocr_par' dir='ltr' id='par_1_75' title="bbox 168 3939 669 4013">
     <span class='ocr_line' id='line_1_75' title="bbox 168 3939 669 4013; baseline -0.006 -21"><span class='ocrx_word' id='word_1_512' title='bbox 168 3959 290 4004; x_wconf 81' lang='grc' dir='ltr'>σεως</span> <span class='ocrx_word' id='word_1_513' title='bbox 324 3939 669 4013; x_wconf 72' lang='grc' dir='ltr'>βιαζόμενον*</span> 
     </span>
    </p>
   </div>
   <div class='ocr_carea' id='block_1_76' title="bbox 232 4023 1775 4101">
    <p class='ocr_par' dir='ltr' id='par_1_76' title="bbox 232 4023 1775 4101">
     <span class='ocr_line' id='line_1_76' title="bbox 232 4023 1775 4101; baseline -0.004 -16"><span class='ocrx_word' id='word_1_514' title='bbox 232 4029 308 4101; x_wconf 86' lang='grc' dir='ltr'><strong>β’.</strong></span> <span class='ocrx_word' id='word_1_515' title='bbox 358 4036 465 4082; x_wconf 77' lang='grc' dir='ltr'>Τοῦ</span> <span class='ocrx_word' id='word_1_516' title='bbox 520 4032 610 4100; x_wconf 72' lang='grc' dir='ltr'>μὲν</span> <span class='ocrx_word' id='word_1_517' title='bbox 659 4025 746 4081; x_wconf 83' lang='grc' dir='ltr'>οὖν</span> <span class='ocrx_word' id='word_1_518' title='bbox 799 4029 1133 4101; x_wconf 79' lang='grc' dir='ltr'>προτεθέντος</span> <span class='ocrx_word' id='word_1_519' title='bbox 1183 4045 1266 4079; x_wconf 90' lang='grc' dir='ltr'><strong>σοι</strong></span> <span class='ocrx_word' id='word_1_520' title='bbox 1320 4026 1624 4098; x_wconf 81' lang='grc' dir='ltr'>ζητήματος</span> <span class='ocrx_word' id='word_1_521' title='bbox 1663 4023 1775 4096; x_wconf 90' lang='grc'><strong>(30)</strong></span> 
     </span>
    </p>
   </div>
   <div class='ocr_carea' id='block_1_77' title="bbox 165 4110 1774 4191">
    <p class='ocr_par' dir='ltr' id='par_1_77' title="bbox 165 4110 1774 4191">
     <span class='ocr_line' id='line_1_77' title="bbox 165 4110 1774 4191; baseline -0.003 -21"><span class='ocrx_word' id='word_1_522' title='bbox 165 4120 187 4170; x_wconf 86' lang='grc' dir='ltr'><strong><em>ὁ</em></strong></span> <span class='ocrx_word' id='word_1_523' title='bbox 225 4127 345 4182; x_wconf 83' lang='grc' dir='ltr'>νοῦς</span> <span class='ocrx_word' id='word_1_524' title='bbox 386 4123 563 4191; x_wconf 77' lang='grc' dir='ltr'>σαφής</span> <span class='ocrx_word' id='word_1_525' title='bbox 593 4137 646 4170; x_wconf 82' lang='grc' dir='ltr'><strong>τε</strong></span> <span class='ocrx_word' id='word_1_526' title='bbox 676 4121 764 4170; x_wconf 87' lang='grc' dir='ltr'>καὶ</span> <span class='ocrx_word' id='word_1_527' title='bbox 794 4113 1042 4189; x_wconf 71' lang='grc' dir='ltr'>οὐδεμιᾶς</span> <span class='ocrx_word' id='word_1_528' title='bbox 1070 4116 1359 4190; x_wconf 84' lang='grc' dir='ltr'>ἑρμηνείας,</span> <span class='ocrx_word' id='word_1_529' title='bbox 1398 4111 1565 4186; x_wconf 84' lang='grc' dir='ltr'>οἶμαι,</span> <span class='ocrx_word' id='word_1_530' title='bbox 1597 4110 1774 4185; x_wconf 69' lang='grc' dir='ltr'>δεόμε-</span> 
     </span>
    </p>
   </div>
   <div class='ocr_carea' id='block_1_78' title="bbox 163 4205 1773 4278">
    <p class='ocr_par' dir='ltr' id='par_1_78' title="bbox 163 4205 1773 4278">
     <span class='ocr_line' id='line_1_78' title="bbox 163 4205 1773 4278; baseline -0.003 -20"><span class='ocrx_word' id='word_1_531' title='bbox 163 4226 261 4270; x_wconf 70' lang='grc' dir='ltr'><strong>νος</strong></span> <span class='ocrx_word' id='word_1_532' title='bbox 291 4211 320 4266; x_wconf 82' lang='grc' dir='ltr'><strong>ἠ</strong></span> <span class='ocrx_word' id='word_1_533' title='bbox 359 4205 420 4260; x_wconf 71' lang='grc' dir='ltr'><strong>δὲ</strong></span> <span class='ocrx_word' id='word_1_534' title='bbox 459 4215 554 4259; x_wconf 86' lang='grc' dir='ltr'><strong>τοῦ</strong></span> <span class='ocrx_word' id='word_1_535' title='bbox 593 4205 746 4278; x_wconf 86' lang='grc' dir='ltr'>λόγου</span> <span class='ocrx_word' id='word_1_536' title='bbox 783 4205 1057 4277; x_wconf 87' lang='grc' dir='ltr'>συμπλοκή</span> <span class='ocrx_word' id='word_1_537' title='bbox 1101 4207 1215 4276; x_wconf 78' lang='grc' dir='ltr'>ἔχει</span> <span class='ocrx_word' id='word_1_538' title='bbox 1244 4225 1294 4256; x_wconf 95' lang='grc' dir='ltr'><strong>τι</strong></span> <span class='ocrx_word' id='word_1_539' title='bbox 1326 4206 1773 4276; x_wconf 85' lang='grc' dir='ltr'>συνεστραμμένον</span> 
     </span>
    </p>
   </div>
   <div class='ocr_carea' id='block_1_79' title="bbox 163 4285 1775 4368">
    <p class='ocr_par' dir='ltr' id='par_1_79' title="bbox 163 4285 1775 4368">
     <span class='ocr_line' id='line_1_79' title="bbox 163 4285 1775 4368; baseline -0.004 -20"><span class='ocrx_word' id='word_1_540' title='bbox 163 4302 248 4349; x_wconf 86' lang='grc' dir='ltr'>καὶ</span> <span class='ocrx_word' id='word_1_541' title='bbox 297 4293 541 4368; x_wconf 84' lang='grc' dir='ltr'>δεόμενον</span> <span class='ocrx_word' id='word_1_542' title='bbox 597 4294 665 4356; x_wconf 86' lang='grc' dir='ltr'><strong>εἰς</strong></span> <span class='ocrx_word' id='word_1_543' title='bbox 701 4291 946 4347; x_wconf 81' lang='grc' dir='ltr'>διάλυσιν</span> <span class='ocrx_word' id='word_1_544' title='bbox 998 4292 1333 4363; x_wconf 78' lang='grc' dir='ltr'>ἐπισκέψεως,</span> <span class='ocrx_word' id='word_1_545' title='bbox 1394 4297 1494 4346; x_wconf 82' lang='grc' dir='ltr'><strong>Καὶ</strong></span> <span class='ocrx_word' id='word_1_546' title='bbox 1536 4295 1637 4366; x_wconf 83' lang='grc' dir='ltr'>γὰρ</span> <span class='ocrx_word' id='word_1_547' title='bbox 1689 4285 1775 4342; x_wconf 77' lang='grc' dir='ltr'>καὶ</span> 
     </span>
    </p>
   </div>
   <div class='ocr_carea' id='block_1_80' title="bbox 165 4381 1772 4456">
    <p class='ocr_par' dir='ltr' id='par_1_80' title="bbox 165 4381 1772 4456">
     <span class='ocr_line' id='line_1_80' title="bbox 165 4381 1772 4456; baseline -0.002 -20"><span class='ocrx_word' id='word_1_548' title='bbox 165 4387 348 4448; x_wconf 81' lang='grc' dir='ltr'>όΘεός</span> <span class='ocrx_word' id='word_1_549' title='bbox 387 4389 479 4437; x_wconf 82' lang='grc' dir='ltr'>καὶ</span> <span class='ocrx_word' id='word_1_550' title='bbox 519 4386 543 4436; x_wconf 88' lang='grc' dir='ltr'><strong>ό</strong></span> <span class='ocrx_word' id='word_1_551' title='bbox 595 4388 777 4455; x_wconf 81' lang='grc' dir='ltr'>Πατὴρ</span> <span class='ocrx_word' id='word_1_552' title='bbox 819 4382 902 4435; x_wconf 82' lang='grc' dir='ltr'><strong>ἐπὶ</strong></span> <span class='ocrx_word' id='word_1_553' title='bbox 932 4390 1024 4434; x_wconf 88' lang='grc' dir='ltr'><strong>τοῦ</strong></span> <span class='ocrx_word' id='word_1_554' title='bbox 1069 4381 1558 4456; x_wconf 78' lang='grc' dir='ltr'>ἐνανθρωπήσαντος</span> <span class='ocrx_word' id='word_1_555' title='bbox 1599 4384 1772 4450; x_wconf 91' lang='grc' dir='ltr'>Λόγου</span> 
     </span>
    </p>
   </div>
   <div class='ocr_carea' id='block_1_81' title="bbox 162 4473 1774 4547">
    <p class='ocr_par' dir='ltr' id='par_1_81' title="bbox 162 4473 1774 4547">
     <span class='ocr_line' id='line_1_81' title="bbox 162 4473 1774 4547; baseline -0.004 -19"><span class='ocrx_word' id='word_1_556' title='bbox 162 4475 340 4547; x_wconf 77' lang='grc' dir='ltr'>ῥηθείη</span> <span class='ocrx_word' id='word_1_557' title='bbox 396 4477 481 4540; x_wconf 81' lang='grc' dir='ltr'>ἄν,</span> <span class='ocrx_word' id='word_1_558' title='bbox 530 4473 658 4526; x_wconf 88' lang='grc' dir='ltr'>ἀλλὰ</span> <span class='ocrx_word' id='word_1_559' title='bbox 705 4478 880 4546; x_wconf 80' lang='grc' dir='ltr'>Πατὴρ</span> <span class='ocrx_word' id='word_1_560' title='bbox 926 4475 1015 4545; x_wconf 80' lang='grc' dir='ltr'><strong>μεν</strong></span> <span class='ocrx_word' id='word_1_561' title='bbox 1046 4477 1234 4547; x_wconf 86' lang='grc' dir='ltr'>κυρίως</span> <span class='ocrx_word' id='word_1_562' title='bbox 1279 4479 1371 4524; x_wconf 81' lang='grc' dir='ltr'><strong>τοῦ</strong></span> <span class='ocrx_word' id='word_1_563' title='bbox 1416 4477 1613 4540; x_wconf 85' lang='grc' dir='ltr'>Λόγου,</span> <span class='ocrx_word' id='word_1_564' title='bbox 1649 4473 1774 4530; x_wconf 86' lang='grc' dir='ltr'><strong>Θεός</strong></span> 
     </span>
    </p>
   </div>
   <div class='ocr_carea' id='block_1_82' title="bbox 165 4559 1771 4637">
    <p class='ocr_par' dir='ltr' id='par_1_82' title="bbox 165 4559 1771 4637">
     <span class='ocr_line' id='line_1_82' title="bbox 165 4559 1771 4637; baseline -0.004 -21"><span class='ocrx_word' id='word_1_565' title='bbox 165 4560 220 4616; x_wconf 73' lang='grc' dir='ltr'><strong>δὲ</strong></span> <span class='ocrx_word' id='word_1_566' title='bbox 252 4570 452 4637; x_wconf 87' lang='grc' dir='ltr'>κυρίως</span> <span class='ocrx_word' id='word_1_567' title='bbox 499 4571 590 4616; x_wconf 86' lang='grc' dir='ltr'><strong>τοῦ</strong></span> <span class='ocrx_word' id='word_1_568' title='bbox 621 4562 1048 4636; x_wconf 83' lang='grc' dir='ltr'>προσλήμματος·</span> <span class='ocrx_word' id='word_1_569' title='bbox 1097 4569 1270 4634; x_wconf 84' lang='grc' dir='ltr'>ὥσπερ</span> <span class='ocrx_word' id='word_1_570' title='bbox 1322 4565 1412 4612; x_wconf 87' lang='grc' dir='ltr'>καὶ</span> <span class='ocrx_word' id='word_1_571' title='bbox 1445 4565 1569 4620; x_wconf 80' lang='grc' dir='ltr'>Θεὸς</span> <span class='ocrx_word' id='word_1_572' title='bbox 1595 4561 1684 4632; x_wconf 72' lang='grc' dir='ltr'>μὲν</span> <span class='ocrx_word' id='word_1_573' title='bbox 1715 4559 1771 4610; x_wconf 79' lang='grc' dir='ltr'><strong>ού</strong></span> 
     </span>
    </p>
   </div>
   <div class='ocr_carea' id='block_1_83' title="bbox 163 4649 1767 4728">
    <p class='ocr_par' dir='ltr' id='par_1_83' title="bbox 163 4649 1767 4728">
     <span class='ocr_line' id='line_1_83' title="bbox 163 4649 1767 4728; baseline -0.002 -24"><span class='ocrx_word' id='word_1_574' title='bbox 163 4661 348 4728; x_wconf 85' lang='grc' dir='ltr'>κυρίως</span> <span class='ocrx_word' id='word_1_575' title='bbox 406 4662 498 4707; x_wconf 89' lang='grc' dir='ltr'><strong>τοῦ</strong></span> <span class='ocrx_word' id='word_1_576' title='bbox 549 4658 746 4724; x_wconf 87' lang='grc' dir='ltr'>Λόγου,</span> <span class='ocrx_word' id='word_1_577' title='bbox 799 4649 922 4704; x_wconf 74' lang='grc' dir='ltr'><strong>οὐδὲ</strong></span> <span class='ocrx_word' id='word_1_578' title='bbox 974 4655 1152 4724; x_wconf 83' lang='grc' dir='ltr'>Πατὴρ</span> <span class='ocrx_word' id='word_1_579' title='bbox 1201 4658 1295 4703; x_wconf 89' lang='grc' dir='ltr'><strong>τοῦ</strong></span> <span class='ocrx_word' id='word_1_580' title='bbox 1342 4649 1767 4725; x_wconf 79' lang='grc' dir='ltr'>προσλὴμματος’</span> 
     </span>
    </p>
   </div>
   <div class='ocr_carea' id='block_1_84' title="bbox 1883 3486 3540 3564">
    <p class='ocr_par' dir='ltr' id='par_1_84' title="bbox 1883 3486 3540 3564">
     <span class='ocr_line' id='line_1_84' title="bbox 1883 3486 3540 3564; baseline -0.002 -18"><span class='ocrx_word' id='word_1_581' title='bbox 1883 3490 2234 3547; x_wconf 89' lang='lat' dir='ltr'><strong>sententiam</strong></span> <span class='ocrx_word' id='word_1_582' title='bbox 2265 3489 2533 3564; x_wconf 89' lang='lat' dir='ltr'><strong>requiris,</strong></span> <span class='ocrx_word' id='word_1_583' title='bbox 2565 3488 2742 3546; x_wconf 88' lang='lat' dir='ltr'><strong>statui</strong></span> <span class='ocrx_word' id='word_1_584' title='bbox 2773 3493 2830 3545; x_wconf 89' lang='lat' dir='ltr'><strong>et</strong></span> <span class='ocrx_word' id='word_1_585' title='bbox 2855 3492 2957 3544; x_wconf 89' lang='lat' dir='ltr'><strong>tuo</strong></span> <span class='ocrx_word' id='word_1_586' title='bbox 2995 3487 3058 3542; x_wconf 91' lang='lat' dir='ltr'><strong>in</strong></span> <span class='ocrx_word' id='word_1_587' title='bbox 3087 3491 3320 3558; x_wconf 86' lang='lat' dir='ltr'><strong>patrem</strong></span> <span class='ocrx_word' id='word_1_588' title='bbox 3349 3486 3540 3544; x_wconf 91' lang='lat' dir='ltr'><strong>amori</strong></span> 
     </span>
    </p>
   </div>
   <div class='ocr_carea' id='block_1_85' title="bbox 1881 3574 3545 3652">
    <p class='ocr_par' dir='ltr' id='par_1_85' title="bbox 1881 3574 3545 3652">
     <span class='ocr_line' id='line_1_85' title="bbox 1881 3574 3545 3652; baseline -0.002 -17"><span class='ocrx_word' id='word_1_589' title='bbox 1881 3595 2004 3637; x_wconf 91' lang='lat' dir='ltr'><strong>non</strong></span> <span class='ocrx_word' id='word_1_590' title='bbox 2034 3595 2162 3636; x_wconf 90' lang='lat' dir='ltr'><strong>esse</strong></span> <span class='ocrx_word' id='word_1_591' title='bbox 2193 3580 2445 3652; x_wconf 90' lang='lat' dir='ltr'><strong>injurius</strong></span> <span class='ocrx_word' id='word_1_592' title='bbox 2471 3583 2526 3636; x_wconf 90' lang='lat' dir='ltr'><strong>et</strong></span> <span class='ocrx_word' id='word_1_593' title='bbox 2556 3578 2733 3634; x_wconf 90' lang='lat' dir='ltr'><strong>simul</strong></span> <span class='ocrx_word' id='word_1_594' title='bbox 2774 3594 2918 3634; x_wconf 66' lang='lat' dir='ltr'><strong>meae</strong></span> <span class='ocrx_word' id='word_1_595' title='bbox 2956 3577 3018 3633; x_wconf 92' lang='lat' dir='ltr'><strong>in</strong></span> <span class='ocrx_word' id='word_1_596' title='bbox 3047 3575 3202 3632; x_wconf 88' lang='lat' dir='ltr'><strong>ﬁlios</strong></span> <span class='ocrx_word' id='word_1_597' title='bbox 3244 3574 3545 3632; x_wconf 85' lang='lat' dir='ltr'><strong>dilectioni</strong></span> 
     </span>
    </p>
   </div>
   <div class='ocr_carea' id='block_1_86' title="bbox 1881 3664 3545 3740">
    <p class='ocr_par' dir='ltr' id='par_1_86' title="bbox 1881 3664 3545 3740">
     <span class='ocr_line' id='line_1_86' title="bbox 1881 3664 3545 3740; baseline -0.004 -14"><span class='ocrx_word' id='word_1_598' title='bbox 1881 3669 2208 3740; x_wconf 90' lang='lat' dir='ltr'><strong>indulgere.</strong></span> <span class='ocrx_word' id='word_1_599' title='bbox 2236 3669 2460 3725; x_wconf 91' lang='lat' dir='ltr'><strong>Idcirco</strong></span> <span class='ocrx_word' id='word_1_600' title='bbox 2486 3673 2543 3725; x_wconf 89' lang='lat' dir='ltr'><strong>et</strong></span> <span class='ocrx_word' id='word_1_601' title='bbox 2580 3666 3001 3724; x_wconf 88' lang='lat' dir='ltr'><strong>molestissima</strong></span> <span class='ocrx_word' id='word_1_602' title='bbox 3022 3665 3307 3738; x_wconf 89' lang='lat' dir='ltr'><strong>temporis</strong></span> <span class='ocrx_word' id='word_1_603' title='bbox 3332 3664 3545 3737; x_wconf 91' lang='lat' dir='ltr'><strong>iniqui-</strong></span> 
     </span>
    </p>
   </div>
   <div class='ocr_carea' id='block_1_87' title="bbox 1881 3753 3541 3830">
    <p class='ocr_par' dir='ltr' id='par_1_87' title="bbox 1881 3753 3541 3830">
     <span class='ocr_line' id='line_1_87' title="bbox 1881 3753 3541 3830; baseline -0.004 -16"><span class='ocrx_word' id='word_1_604' title='bbox 1881 3766 1972 3815; x_wconf 86' lang='lat' dir='ltr'><strong>tas</strong></span> <span class='ocrx_word' id='word_1_605' title='bbox 2010 3764 2067 3815; x_wconf 90' lang='lat' dir='ltr'><strong>et</strong></span> <span class='ocrx_word' id='word_1_606' title='bbox 2105 3757 2436 3815; x_wconf 89' lang='lat' dir='ltr'><strong>scribarum</strong></span> <span class='ocrx_word' id='word_1_607' title='bbox 2469 3757 2718 3830; x_wconf 91' lang='lat' dir='ltr'><strong>penuria</strong></span> <span class='ocrx_word' id='word_1_608' title='bbox 2749 3771 2872 3812; x_wconf 89' lang='lat' dir='ltr'><strong>non</strong></span> <span class='ocrx_word' id='word_1_609' title='bbox 2903 3754 3094 3828; x_wconf 88' lang='lat' dir='ltr'><strong>potuit</strong></span> <span class='ocrx_word' id='word_1_610' title='bbox 3133 3770 3229 3812; x_wconf 90' lang='lat' dir='ltr'><strong>me</strong></span> <span class='ocrx_word' id='word_1_611' title='bbox 3259 3753 3338 3811; x_wconf 87' lang='lat' dir='ltr'><strong>ab</strong></span> <span class='ocrx_word' id='word_1_612' title='bbox 3363 3753 3541 3810; x_wconf 90' lang='lat' dir='ltr'><strong>obse-</strong></span> 
     </span>
    </p>
   </div>
   <div class='ocr_carea' id='block_1_88' title="bbox 1880 3845 2968 3920">
    <p class='ocr_par' dir='ltr' id='par_1_88' title="bbox 1880 3845 2968 3920">
     <span class='ocr_line' id='line_1_88' title="bbox 1880 3845 2968 3920; baseline -0.004 -16"><span class='ocrx_word' id='word_1_613' title='bbox 1880 3847 2125 3920; x_wconf 88' lang='lat' dir='ltr'><strong>quendo</strong></span> <span class='ocrx_word' id='word_1_614' title='bbox 2150 3847 2466 3920; x_wconf 82' lang='lat' dir='ltr'><strong>postulatis</strong></span> <span class='ocrx_word' id='word_1_615' title='bbox 2496 3847 2612 3903; x_wconf 89' lang='lat' dir='ltr'><strong>tuis</strong></span> <span class='ocrx_word' id='word_1_616' title='bbox 2651 3845 2968 3903; x_wconf 89' lang='lat' dir='ltr'><strong>deterrere.</strong></span> 
     </span>
    </p>
   </div>
   <div class='ocr_carea' id='block_1_89' title="bbox 1953 4019 3540 4094">
    <p class='ocr_par' dir='ltr' id='par_1_89' title="bbox 1953 4019 3540 4094">
     <span class='ocr_line' id='line_1_89' title="bbox 1953 4019 3540 4094; baseline -0.004 -12"><span class='ocrx_word' id='word_1_617' title='bbox 1953 4031 2005 4082; x_wconf 88' lang='lat'><strong>2.</strong></span> <span class='ocrx_word' id='word_1_618' title='bbox 2063 4024 2417 4092; x_wconf 72' lang='lat' dir='ltr'><strong>Quaestionis</strong></span> <span class='ocrx_word' id='word_1_619' title='bbox 2477 4022 2680 4094; x_wconf 87' lang='lat' dir='ltr'><strong>itaque</strong></span> <span class='ocrx_word' id='word_1_620' title='bbox 2742 4027 2875 4079; x_wconf 89' lang='lat' dir='ltr'><strong>ate</strong></span> <span class='ocrx_word' id='word_1_621' title='bbox 2930 4019 3256 4094; x_wconf 85' lang='lat' dir='ltr'><strong>propositae</strong></span> <span class='ocrx_word' id='word_1_622' title='bbox 3323 4034 3540 4082; x_wconf 85' lang='lat' dir='ltr'><strong>sensus</strong></span> 
     </span>
    </p>
   </div>
   <div class='ocr_carea' id='block_1_90' title="bbox 1881 4107 3536 4183">
    <p class='ocr_par' dir='ltr' id='par_1_90' title="bbox 1881 4107 3536 4183">
     <span class='ocr_line' id='line_1_90' title="bbox 1881 4107 3536 4183; baseline -0.005 -12"><span class='ocrx_word' id='word_1_623' title='bbox 1881 4115 2077 4171; x_wconf 89' lang='lat' dir='ltr'><strong>clarus</strong></span> <span class='ocrx_word' id='word_1_624' title='bbox 2107 4117 2194 4170; x_wconf 90' lang='lat' dir='ltr'><strong>est</strong></span> <span class='ocrx_word' id='word_1_625' title='bbox 2221 4128 2328 4168; x_wconf 90' lang='lat' dir='ltr'><strong>nec</strong></span> <span class='ocrx_word' id='word_1_626' title='bbox 2359 4111 2498 4180; x_wconf 87' lang='lat' dir='ltr'><strong>ulla,</strong></span> <span class='ocrx_word' id='word_1_627' title='bbox 2539 4117 2706 4183; x_wconf 87' lang='lat' dir='ltr'><strong>puto,</strong></span> <span class='ocrx_word' id='word_1_628' title='bbox 2739 4110 2966 4180; x_wconf 88' lang='lat' dir='ltr'><strong>indiget</strong></span> <span class='ocrx_word' id='word_1_629' title='bbox 2999 4107 3484 4181; x_wconf 83' lang='lat' dir='ltr'><strong>interpretatione</strong></span> <span class='ocrx_word' id='word_1_630' title='bbox 3521 4125 3536 4178; x_wconf 87' lang='lat'><strong>;</strong></span> 
     </span>
    </p>
   </div>
   <div class='ocr_carea' id='block_1_91' title="bbox 1881 4195 3536 4270">
    <p class='ocr_par' dir='ltr' id='par_1_91' title="bbox 1881 4195 3536 4270">
     <span class='ocr_line' id='line_1_91' title="bbox 1881 4195 3536 4270; baseline -0.007 -10"><span class='ocrx_word' id='word_1_631' title='bbox 1881 4203 2164 4260; x_wconf 87' lang='lat' dir='ltr'><strong>orationis</strong></span> <span class='ocrx_word' id='word_1_632' title='bbox 2186 4205 2382 4257; x_wconf 89' lang='lat' dir='ltr'><strong>tamen</strong></span> <span class='ocrx_word' id='word_1_633' title='bbox 2405 4199 2738 4270; x_wconf 82' lang='lat' dir='ltr'><strong>complexio</strong></span> <span class='ocrx_word' id='word_1_634' title='bbox 2761 4197 3099 4270; x_wconf 89' lang='lat' dir='ltr'><strong>habetquid</strong></span> <span class='ocrx_word' id='word_1_635' title='bbox 3121 4195 3536 4262; x_wconf 87' lang='lat' dir='ltr'><strong>convolutum,</strong></span> 
     </span>
    </p>
   </div>
   <div class='ocr_carea' id='block_1_92' title="bbox 1881 4283 3539 4364">
    <p class='ocr_par' dir='ltr' id='par_1_92' title="bbox 1881 4283 3539 4364">
     <span class='ocr_line' id='line_1_92' title="bbox 1881 4283 3539 4364; baseline -0.004 -18"><span class='ocrx_word' id='word_1_636' title='bbox 1881 4291 2037 4364; x_wconf 88' lang='lat' dir='ltr'><strong>quod</strong></span> <span class='ocrx_word' id='word_1_637' title='bbox 2067 4287 2486 4362; x_wconf 87' lang='lat' dir='ltr'><strong>beneexpendi</strong></span> <span class='ocrx_word' id='word_1_638' title='bbox 2517 4287 2688 4344; x_wconf 88' lang='lat' dir='ltr'><strong>debet</strong></span> <span class='ocrx_word' id='word_1_639' title='bbox 2717 4292 2776 4343; x_wconf 90' lang='lat' dir='ltr'><strong>ut</strong></span> <span class='ocrx_word' id='word_1_640' title='bbox 2801 4286 3188 4344; x_wconf 88' lang='lat' dir='ltr'><strong>dissolvatur.</strong></span> <span class='ocrx_word' id='word_1_641' title='bbox 3222 4283 3452 4342; x_wconf 87' lang='lat' dir='ltr'><strong>Etenim</strong></span> <span class='ocrx_word' id='word_1_642' title='bbox 3482 4287 3539 4346; x_wconf 88' lang='lat' dir='ltr'><strong>et</strong></span> 
     </span>
    </p>
   </div>
   <div class='ocr_carea' id='block_1_93' title="bbox 1879 4373 3534 4444">
    <p class='ocr_par' dir='ltr' id='par_1_93' title="bbox 1879 4373 3534 4444">
     <span class='ocr_line' id='line_1_93' title="bbox 1879 4373 3534 4444; baseline -0.005 -7"><span class='ocrx_word' id='word_1_643' title='bbox 1879 4383 2036 4438; x_wconf 82' lang='lat' dir='ltr'><strong>Deus</strong></span> <span class='ocrx_word' id='word_1_644' title='bbox 2061 4383 2116 4436; x_wconf 89' lang='lat' dir='ltr'><strong>et</strong></span> <span class='ocrx_word' id='word_1_645' title='bbox 2139 4381 2320 4436; x_wconf 77' lang='lat' dir='ltr'><strong>Pater</strong></span> <span class='ocrx_word' id='word_1_646' title='bbox 2339 4377 2414 4434; x_wconf 92' lang='lat' dir='ltr'><strong>de</strong></span> <span class='ocrx_word' id='word_1_647' title='bbox 2445 4376 2754 4433; x_wconf 88' lang='lat' dir='ltr'><strong>incarnato</strong></span> <span class='ocrx_word' id='word_1_648' title='bbox 2789 4375 2980 4430; x_wconf 89' lang='lat' dir='ltr'><strong>Verbo</strong></span> <span class='ocrx_word' id='word_1_649' title='bbox 3006 4373 3293 4429; x_wconf 87' lang='lat' dir='ltr'><strong>afﬁrmari</strong></span> <span class='ocrx_word' id='word_1_650' title='bbox 3321 4376 3534 4444; x_wconf 88' lang='lat' dir='ltr'><strong>potest,</strong></span> 
     </span>
    </p>
   </div>
   <div class='ocr_carea' id='block_1_94' title="bbox 1881 4461 3537 4540">
    <p class='ocr_par' dir='ltr' id='par_1_94' title="bbox 1881 4461 3537 4540">
     <span class='ocr_line' id='line_1_94' title="bbox 1881 4461 3537 4540; baseline -0.004 -15"><span class='ocrx_word' id='word_1_651' title='bbox 1881 4477 1941 4526; x_wconf 89' lang='lat' dir='ltr'><strong>at</strong></span> <span class='ocrx_word' id='word_1_652' title='bbox 1964 4470 2135 4524; x_wconf 87' lang='lat' dir='ltr'><strong>Pater</strong></span> <span class='ocrx_word' id='word_1_653' title='bbox 2163 4467 2409 4540; x_wconf 90' lang='lat' dir='ltr'><strong>quidem</strong></span> <span class='ocrx_word' id='word_1_654' title='bbox 2441 4466 2680 4538; x_wconf 89' lang='lat' dir='ltr'><strong>proprie</strong></span> <span class='ocrx_word' id='word_1_655' title='bbox 2718 4463 2914 4529; x_wconf 91' lang='lat' dir='ltr'><strong>Verbi,</strong></span> <span class='ocrx_word' id='word_1_656' title='bbox 2956 4464 3106 4518; x_wconf 90' lang='lat' dir='ltr'><strong>Deus</strong></span> <span class='ocrx_word' id='word_1_657' title='bbox 3129 4477 3269 4517; x_wconf 90' lang='lat' dir='ltr'><strong>vero</strong></span> <span class='ocrx_word' id='word_1_658' title='bbox 3298 4461 3537 4534; x_wconf 89' lang='lat' dir='ltr'><strong>proprie</strong></span> 
     </span>
    </p>
   </div>
   <div class='ocr_carea' id='block_1_95' title="bbox 1881 4548 3539 4629">
    <p class='ocr_par' dir='ltr' id='par_1_95' title="bbox 1881 4548 3539 4629">
     <span class='ocr_line' id='line_1_95' title="bbox 1881 4548 3539 4629; baseline -0.006 -15"><span class='ocrx_word' id='word_1_659' title='bbox 1881 4562 2205 4629; x_wconf 60' lang='lat' dir='ltr'><strong>assumptus</strong></span> <span class='ocrx_word' id='word_1_660' title='bbox 2243 4554 2656 4619; x_wconf 86' lang='lat' dir='ltr'><strong>humanitatis,</strong></span> <span class='ocrx_word' id='word_1_661' title='bbox 2692 4552 2863 4608; x_wconf 89' lang='lat' dir='ltr'><strong>sicuti</strong></span> <span class='ocrx_word' id='word_1_662' title='bbox 2893 4567 3002 4607; x_wconf 94' lang='lat' dir='ltr'><strong>nec</strong></span> <span class='ocrx_word' id='word_1_663' title='bbox 3043 4550 3282 4622; x_wconf 90' lang='lat' dir='ltr'><strong>proprie</strong></span> <span class='ocrx_word' id='word_1_664' title='bbox 3320 4548 3539 4613; x_wconf 87' lang='lat' dir='ltr'><strong>dicitur</strong></span> 
     </span>
    </p>
   </div>
   <div class='ocr_carea' id='block_1_96' title="bbox 1882 4637 3532 4712">
    <p class='ocr_par' dir='ltr' id='par_1_96' title="bbox 1882 4637 3532 4712">
     <span class='ocr_line' id='line_1_96' title="bbox 1882 4637 3532 4712; baseline -0.008 -9"><span class='ocrx_word' id='word_1_665' title='bbox 1882 4650 2035 4704; x_wconf 90' lang='lat' dir='ltr'><strong>Deus</strong></span> <span class='ocrx_word' id='word_1_666' title='bbox 2094 4644 2260 4700; x_wconf 89' lang='lat' dir='ltr'><strong>Verbi</strong></span> <span class='ocrx_word' id='word_1_667' title='bbox 2321 4659 2430 4699; x_wconf 92' lang='lat' dir='ltr'><strong>nec</strong></span> <span class='ocrx_word' id='word_1_668' title='bbox 2497 4643 2668 4698; x_wconf 89' lang='lat' dir='ltr'><strong>Pater</strong></span> <span class='ocrx_word' id='word_1_669' title='bbox 2725 4645 3051 4712; x_wconf 79' lang='lat' dir='ltr'><strong>assumptee</strong></span> <span class='ocrx_word' id='word_1_670' title='bbox 3094 4637 3532 4704; x_wconf 90' lang='lat' dir='ltr'><strong>humanitatis;</strong></span> 
     </span>
    </p>
   </div>
   <div class='ocr_carea' id='block_1_97' title="bbox 164 4723 1775 4815">
    <p class='ocr_par' dir='ltr' id='par_1_97' title="bbox 164 4738 1769 4815">
     <span class='ocr_line' id='line_1_97' title="bbox 164 4738 1769 4815; baseline -0.002 -22"><span class='ocrx_word' id='word_1_671' title='bbox 164 4742 292 4796; x_wconf 78' lang='grc' dir='ltr'>ὥστε</span> <span class='ocrx_word' id='word_1_672' title='bbox 341 4749 436 4796; x_wconf 86' lang='grc' dir='ltr'>καὶ</span> <span class='ocrx_word' id='word_1_673' title='bbox 479 4747 538 4796; x_wconf 84' lang='grc' dir='ltr'><strong>τό</strong></span> <span class='ocrx_word' id='word_1_674' title='bbox 586 4747 778 4815; x_wconf 87' lang='grc' dir='ltr'>κυρίως</span> <span class='ocrx_word' id='word_1_675' title='bbox 827 4745 915 4793; x_wconf 87' lang='grc' dir='ltr'>καὶ</span> <span class='ocrx_word' id='word_1_676' title='bbox 955 4739 1014 4793; x_wconf 88' lang='grc' dir='ltr'><strong>ού</strong></span> <span class='ocrx_word' id='word_1_677' title='bbox 1059 4744 1253 4814; x_wconf 89' lang='grc' dir='ltr'>κυρίως</span> <span class='ocrx_word' id='word_1_678' title='bbox 1297 4738 1380 4791; x_wconf 84' lang='grc' dir='ltr'><strong>ἐπὶ</strong></span> <span class='ocrx_word' id='word_1_679' title='bbox 1433 4758 1487 4791; x_wconf 89' lang='grc' dir='ltr'><strong>τε</strong></span> <span class='ocrx_word' id='word_1_680' title='bbox 1532 4746 1622 4791; x_wconf 85' lang='grc' dir='ltr'><strong>τοῦ</strong></span> <span class='ocrx_word' id='word_1_681' title='bbox 1664 4745 1769 4790; x_wconf 86' lang='grc' dir='ltr'>Πα-</span> 
     </span>
    </p>
   </div>
   <div class='ocr_carea' id='block_1_98' title="bbox 1890 4723 3538 4815">
    <p class='ocr_par' dir='ltr' id='par_1_98' title="bbox 1890 4727 3538 4815">
     <span class='ocr_line' id='line_1_98' title="bbox 1890 4727 3538 4815; baseline -0.007 -23"><span class='ocrx_word' id='word_1_682' title='bbox 1890 4750 2066 4809; x_wconf 71' lang='lat' dir='ltr'><strong>quare</strong></span> <span class='ocrx_word' id='word_1_683' title='bbox 2093 4749 2273 4791; x_wconf 87' lang='lat' dir='ltr'><strong>voces</strong></span> <span class='ocrx_word' id='word_1_684' title='bbox 2304 4733 2432 4789; x_wconf 60' lang='lat' dir='ltr'><strong>ista;</strong></span> <span class='ocrx_word' id='word_1_685' title='bbox 2448 4732 2694 4803; x_wconf 81' lang='lat' dir='ltr'><strong>proprie</strong></span> <span class='ocrx_word' id='word_1_686' title='bbox 2719 4736 2775 4786; x_wconf 89' lang='lat' dir='ltr'><strong>et</strong></span> <span class='ocrx_word' id='word_1_687' title='bbox 2792 4745 2910 4786; x_wconf 85' lang='lat' dir='ltr'><strong>non</strong></span> <span class='ocrx_word' id='word_1_688' title='bbox 2932 4729 3175 4799; x_wconf 83' lang='lat' dir='ltr'><strong>proprie</strong></span> <span class='ocrx_word' id='word_1_689' title='bbox 3199 4727 3272 4782; x_wconf 91' lang='lat' dir='ltr'><strong>de</strong></span> <span class='ocrx_word' id='word_1_690' title='bbox 3299 4727 3463 4782; x_wconf 87' lang='lat' dir='ltr'><strong>Patre</strong></span> <span class='ocrx_word' id='word_1_691' title='bbox 3480 4729 3538 4815; x_wconf 89' lang='lat' dir='ltr'><strong>et</strong></span> 
     </span>
    </p>
   </div>
   <div class='ocr_carea' id='block_1_99' title="bbox 164 4829 1770 4908">
    <p class='ocr_par' dir='ltr' id='par_1_99' title="bbox 164 4829 1770 4908">
     <span class='ocr_line' id='line_1_99' title="bbox 164 4829 1770 4908; baseline -0.002 -25"><span class='ocrx_word' id='word_1_692' title='bbox 164 4837 295 4908; x_wconf 84' lang='grc' dir='ltr'>τρός,</span> <span class='ocrx_word' id='word_1_693' title='bbox 330 4838 488 4906; x_wconf 81' lang='grc' dir='ltr'>φημὶ,</span> <span class='ocrx_word' id='word_1_694' title='bbox 539 4837 628 4884; x_wconf 78' lang='grc' dir='ltr'>καὶ</span> <span class='ocrx_word' id='word_1_695' title='bbox 668 4839 760 4884; x_wconf 86' lang='grc' dir='ltr'><strong>τοῦ</strong></span> <span class='ocrx_word' id='word_1_696' title='bbox 791 4837 947 4898; x_wconf 83' lang='grc' dir='ltr'>Θεοῦ,</span> <span class='ocrx_word' id='word_1_697' title='bbox 991 4829 1284 4904; x_wconf 68' lang='grc' dir='ltr'>εὑρίσκεται</span> <span class='ocrx_word' id='word_1_698' title='bbox 1313 4832 1682 4903; x_wconf 69' lang='grc' dir='ltr'>προαγόμενον*</span> <span class='ocrx_word' id='word_1_699' title='bbox 1713 4830 1770 4880; x_wconf 84' lang='grc' dir='ltr'><strong>τό</strong></span> 
     </span>
    </p>
   </div>
   <div class='ocr_carea' id='block_1_100' title="bbox 1880 4813 3524 4894">
    <p class='ocr_par' dir='ltr' id='par_1_100' title="bbox 1880 4813 3524 4894">
     <span class='ocr_line' id='line_1_100' title="bbox 1880 4813 3524 4894; baseline -0.007 -14"><span class='ocrx_word' id='word_1_700' title='bbox 1880 4825 1954 4880; x_wconf 93' lang='lat' dir='ltr'><strong>de</strong></span> <span class='ocrx_word' id='word_1_701' title='bbox 1987 4825 2104 4880; x_wconf 93' lang='lat' dir='ltr'><strong>Deo</strong></span> <span class='ocrx_word' id='word_1_702' title='bbox 2135 4821 2513 4894; x_wconf 88' lang='lat' dir='ltr'><strong>reperiuntur</strong></span> <span class='ocrx_word' id='word_1_703' title='bbox 2545 4819 2791 4892; x_wconf 79' lang='lat' dir='ltr'><strong>prolatae</strong></span> <span class='ocrx_word' id='word_1_704' title='bbox 2824 4835 2838 4885; x_wconf 91' lang='lat'><strong>;</strong></span> <span class='ocrx_word' id='word_1_705' title='bbox 2868 4834 2981 4875; x_wconf 81' lang='lat' dir='ltr'><strong>vox</strong></span> <span class='ocrx_word' id='word_1_706' title='bbox 3020 4816 3267 4890; x_wconf 88' lang='lat' dir='ltr'><strong>quidem</strong></span> <span class='ocrx_word' id='word_1_707' title='bbox 3286 4813 3524 4887; x_wconf 79' lang='lat' dir='ltr'><strong>proprie</strong></span> 
     </span>
    </p>
   </div>
   <div class='ocr_carea' id='block_1_101' title="bbox 1740 4977 1967 5034">
    <p class='ocr_par' dir='ltr' id='par_1_101' title="bbox 1740 4977 1967 5034">
     <span class='ocr_line' id='line_1_101' title="bbox 1740 4977 1967 5034; baseline -0.026 0"><span class='ocrx_word' id='word_1_708' title='bbox 1740 4977 1967 5034; x_wconf 75' lang='lat' dir='ltr'><strong>NOT/E.</strong></span> 
     </span>
    </p>
   </div>
   <div class='ocr_carea' id='block_1_102' title="bbox 230 5100 1764 5180">
    <p class='ocr_par' dir='ltr' id='par_1_102' title="bbox 230 5100 1764 5180">
     <span class='ocr_line' id='line_1_102' title="bbox 230 5100 1764 5180; baseline -0.005 -17"><span class='ocrx_word' id='word_1_709' title='bbox 230 5110 346 5180; x_wconf 76' lang='lat'><strong>(29)</strong></span> <span class='ocrx_word' id='word_1_710' title='bbox 400 5107 593 5180; x_wconf 81' lang='lat' dir='ltr'><strong>Apud</strong></span> <span class='ocrx_word' id='word_1_711' title='bbox 627 5105 1009 5180; x_wconf 81' lang='lat' dir='ltr'><strong>Montfaucon</strong></span> <span class='ocrx_word' id='word_1_712' title='bbox 1049 5119 1119 5160; x_wconf 85' lang='lat' dir='ltr'><strong>ex</strong></span> <span class='ocrx_word' id='word_1_713' title='bbox 1163 5102 1516 5180; x_wconf 38' lang='lat' dir='ltr'><strong>cod.-_C_oisl.</strong></span> <span class='ocrx_word' id='word_1_714' title='bbox 1560 5100 1764 5157; x_wconf 87' lang='lat' dir='ltr'><strong>titulus</strong></span> 
     </span>
    </p>
   </div>
   <div class='ocr_carea' id='block_1_103' title="bbox 164 5173 1660 5254">
    <p class='ocr_par' dir='ltr' id='par_1_103' title="bbox 164 5173 1660 5254">
     <span class='ocr_line' id='line_1_103' title="bbox 164 5173 1660 5254; baseline -0.007 -18"><span class='ocrx_word' id='word_1_715' title='bbox 164 5173 688 5254; x_wconf 46' lang='lat' dir='ltr'><strong>mentiqse&#39;iucipit</strong></span> <span class='ocrx_word' id='word_1_716' title='bbox 722 5194 734 5234; x_wconf 76' lang='grc' dir='ltr'>ἒ</span> <span class='ocrx_word' id='word_1_717' title='bbox 776 5177 864 5230; x_wconf 86' lang='grc' dir='ltr'>Ἐκ</span> <span class='ocrx_word' id='word_1_718' title='bbox 894 5183 985 5254; x_wconf 77' lang='grc' dir='ltr'><strong>τοῦ</strong></span> <span class='ocrx_word' id='word_1_719' title='bbox 1019 5180 1136 5254; x_wconf 76' lang='grc' dir='ltr'>περὶ</span> <span class='ocrx_word' id='word_1_720' title='bbox 1167 5182 1274 5254; x_wconf 48' lang='grc' dir='ltr'>τοῦ.</span> <span class='ocrx_word' id='word_1_721' title='bbox 1291 5173 1344 5247; x_wconf 74' lang='grc' dir='ltr'>β’</span> <span class='ocrx_word' id='word_1_722' title='bbox 1373 5174 1567 5254; x_wconf 45' lang='grc' dir='ltr'>λόγου...</span> <span class='ocrx_word' id='word_1_723' title='bbox 1648 5243 1660 5254; x_wconf 46' lang='grc'><strong>.</strong></span> 
     </span>
    </p>
   </div>
   <div class='ocr_carea' id='block_1_104' title="bbox 231 5246 1771 5323">
    <p class='ocr_par' dir='ltr' id='par_1_104' title="bbox 231 5246 1771 5323">
     <span class='ocr_line' id='line_1_104' title="bbox 231 5246 1771 5323; baseline -0.007 -15"><span class='ocrx_word' id='word_1_724' title='bbox 231 5252 344 5323; x_wconf 86' lang='grc'><strong>(30)</strong></span> <span class='ocrx_word' id='word_1_725' title='bbox 361 5246 620 5323; x_wconf 68' lang='lat' dir='ltr'><strong>Quaestio</strong></span> <span class='ocrx_word' id='word_1_726' title='bbox 631 5254 906 5323; x_wconf 72' lang='lat' dir='ltr'><strong>versatur</strong></span> <span class='ocrx_word' id='word_1_727' title='bbox 923 5246 1221 5323; x_wconf 30' lang='lat' dir='ltr'><strong>circa’h‘aec</strong></span> <span class='ocrx_word' id='word_1_728' title='bbox 1238 5246 1499 5323; x_wconf 69' lang='lat' dir='ltr'><strong>Gregorii</strong></span> <span class='ocrx_word' id='word_1_729' title='bbox 1526 5246 1771 5323; x_wconf 52' lang='grc' dir='ltr'>Ναξίου-</span> 
     </span>
    </p>
   </div>
   <div class='ocr_carea' id='block_1_105' title="bbox 165 5316 1765 5378">
    <p class='ocr_par' dir='ltr' id='par_1_105' title="bbox 165 5316 1765 5378">
     <span class='ocr_line' id='line_1_105' title="bbox 165 5316 1765 5378; baseline -0.006 -2"><span class='ocrx_word' id='word_1_730' title='bbox 165 5316 288 5377; x_wconf 81' lang='lat' dir='ltr'><strong>zeni</strong></span> <span class='ocrx_word' id='word_1_731' title='bbox 311 5316 498 5378; x_wconf 81' lang='lat' dir='ltr'><strong>verba</strong></span> <span class='ocrx_word' id='word_1_732' title='bbox 522 5337 592 5376; x_wconf 83' lang='lat' dir='ltr'><strong>ex</strong></span> <span class='ocrx_word' id='word_1_733' title='bbox 616 5322 773 5378; x_wconf 89' lang='lat' dir='ltr'><strong>Orat.</strong></span> <span class='ocrx_word' id='word_1_734' title='bbox 799 5324 830 5373; x_wconf 88' lang='lat'><strong>2</strong></span> <span class='ocrx_word' id='word_1_735' title='bbox 847 5319 920 5374; x_wconf 91' lang='lat' dir='ltr'><strong>de</strong></span> <span class='ocrx_word' id='word_1_736' title='bbox 941 5318 1080 5374; x_wconf 86' lang='lat' dir='ltr'><strong>Filio</strong></span> <span class='ocrx_word' id='word_1_737' title='bbox 1098 5318 1220 5372; x_wconf 90' lang='lat' dir='ltr'><strong>sive</strong></span> <span class='ocrx_word' id='word_1_738' title='bbox 1239 5321 1271 5372; x_wconf 75' lang='grc'><strong>4</strong></span> <span class='ocrx_word' id='word_1_739' title='bbox 1287 5317 1360 5371; x_wconf 92' lang='lat' dir='ltr'><strong>de</strong></span> <span class='ocrx_word' id='word_1_740' title='bbox 1380 5316 1765 5372; x_wconf 78' lang='lat' dir='ltr'><strong>Theol.(0rat.</strong></span> 
     </span>
    </p>
   </div>
   <div class='ocr_carea' id='block_1_106' title="bbox 165 5386 1768 5465">
    <p class='ocr_par' dir='ltr' id='par_1_106' title="bbox 165 5386 1768 5465">
     <span class='ocr_line' id='line_1_106' title="bbox 165 5386 1768 5465; baseline -0.005 -17"><span class='ocrx_word' id='word_1_741' title='bbox 165 5396 227 5448; x_wconf 87' lang='lat'><strong>36</strong></span> <span class='ocrx_word' id='word_1_742' title='bbox 269 5394 365 5449; x_wconf 90' lang='lat' dir='ltr'><strong>ed.</strong></span> <span class='ocrx_word' id='word_1_743' title='bbox 417 5393 538 5448; x_wconf 88' lang='lat' dir='ltr'><strong>Bill.</strong></span> <span class='ocrx_word' id='word_1_744' title='bbox 595 5409 653 5465; x_wconf 71' lang='grc' dir='ltr'>ρ.</span> <span class='ocrx_word' id='word_1_745' title='bbox 699 5394 809 5465; x_wconf 28' lang='grc'>,582</span> <span class='ocrx_word' id='word_1_746' title='bbox 840 5409 853 5443; x_wconf 76' lang='grc' dir='ltr'><strong>ε</strong></span> <span class='ocrx_word' id='word_1_747' title='bbox 883 5392 1046 5465; x_wconf 79' lang='lat' dir='ltr'><strong>orat.</strong></span> <span class='ocrx_word' id='word_1_748' title='bbox 1096 5393 1183 5465; x_wconf 69' lang='lat'><strong>.30,</strong></span> <span class='ocrx_word' id='word_1_749' title='bbox 1218 5404 1269 5441; x_wconf 76' lang='grc' dir='ltr'><strong>ο.</strong></span> <span class='ocrx_word' id='word_1_750' title='bbox 1313 5391 1365 5465; x_wconf 81' lang='lat'><strong>8,</strong></span> <span class='ocrx_word' id='word_1_751' title='bbox 1399 5403 1465 5458; x_wconf 87' lang='lat' dir='ltr'><strong>p.</strong></span> <span class='ocrx_word' id='word_1_752' title='bbox 1509 5386 1768 5465; x_wconf 70' lang='lat' dir='ltr'><strong>545,_ed.</strong></span> 
     </span>
    </p>
   </div>
   <div class='ocr_carea' id='block_1_107' title="bbox 165 5459 1772 5536">
    <p class='ocr_par' dir='ltr' id='par_1_107' title="bbox 165 5459 1772 5536">
     <span class='ocr_line' id='line_1_107' title="bbox 165 5459 1772 5536; baseline -0.007 -17"><span class='ocrx_word' id='word_1_753' title='bbox 165 5465 423 5536; x_wconf 25' lang='lat' dir='ltr'><strong>Clem.)‘:</strong></span> <span class='ocrx_word' id='word_1_754' title='bbox 457 5459 672 5526; x_wconf 57' lang='grc' dir='ltr'><strong>Θεὸξδὲ</strong></span> <span class='ocrx_word' id='word_1_755' title='bbox 699 5461 902 5536; x_wconf 79' lang='grc' dir='ltr'>λέγοιτο</span> <span class='ocrx_word' id='word_1_756' title='bbox 933 5462 1015 5536; x_wconf 78' lang='grc' dir='ltr'>ἄν,</span> <span class='ocrx_word' id='word_1_757' title='bbox 1063 5460 1121 5511; x_wconf 78' lang='grc' dir='ltr'><strong>ού</strong></span> <span class='ocrx_word' id='word_1_758' title='bbox 1169 5467 1260 5512; x_wconf 88' lang='grc' dir='ltr'><strong>τοῦ</strong></span> <span class='ocrx_word' id='word_1_759' title='bbox 1283 5462 1488 5536; x_wconf 14' lang='grc' dir='ltr'>αΛόγου,</span> <span class='ocrx_word' id='word_1_760' title='bbox 1517 5465 1623 5536; x_wconf 12' lang='grc' dir='ltr'>τοῦ,</span> <span class='ocrx_word' id='word_1_761' title='bbox 1646 5459 1772 5536; x_wconf 85' lang='grc' dir='ltr'>ὁρω-</span> 
     </span>
    </p>
   </div>
   <div class='ocr_carea' id='block_1_108' title="bbox 163 5531 1768 5608">
    <p class='ocr_par' dir='ltr' id='par_1_108' title="bbox 163 5531 1768 5608">
     <span class='ocr_line' id='line_1_108' title="bbox 163 5531 1768 5608; baseline -0.004 -21"><span class='ocrx_word' id='word_1_762' title='bbox 163 5541 312 5608; x_wconf 77' lang='grc' dir='ltr'>μένου</span> <span class='ocrx_word' id='word_1_763' title='bbox 351 5531 445 5588; x_wconf 53' lang='grc' dir='ltr'><strong>’δέ’</strong></span> <span class='ocrx_word' id='word_1_764' title='bbox 499 5544 610 5596; x_wconf 86' lang='grc' dir='ltr'><strong>πῶς</strong></span> <span class='ocrx_word' id='word_1_765' title='bbox 651 5531 772 5608; x_wconf 58' lang='grc' dir='ltr'>γὰρ’</span> <span class='ocrx_word' id='word_1_766' title='bbox 807 5533 866 5608; x_wconf 74' lang='grc' dir='ltr'><strong>ἀν</strong></span> <span class='ocrx_word' id='word_1_767' title='bbox 901 5535 977 5590; x_wconf 77' lang='grc' dir='ltr'>εἴη</span> <span class='ocrx_word' id='word_1_768' title='bbox 1028 5539 1120 5608; x_wconf 73' lang='grc' dir='ltr'><strong>τοῦ</strong></span> <span class='ocrx_word' id='word_1_769' title='bbox 1167 5534 1356 5608; x_wconf 80' lang='grc' dir='ltr'>κυρίως</span> <span class='ocrx_word' id='word_1_770' title='bbox 1409 5537 1546 5608; x_wconf 78' lang='grc' dir='ltr'>Θεοῦ</span> <span class='ocrx_word' id='word_1_771' title='bbox 1597 5533 1768 5608; x_wconf 45' lang='grc' dir='ltr'>Θεὸς)</span> 
     </span>
    </p>
   </div>
   <div class='ocr_carea' id='block_1_109' title="bbox 165 5596 1768 5680">
    <p class='ocr_par' dir='ltr' id='par_1_109' title="bbox 165 5596 1768 5680">
     <span class='ocr_line' id='line_1_109' title="bbox 165 5596 1768 5680; baseline -0.003 -25"><span class='ocrx_word' id='word_1_772' title='bbox 165 5596 335 5680; x_wconf 66' lang='grc' dir='ltr'>ῶσπερ</span> <span class='ocrx_word' id='word_1_773' title='bbox 386 5610 480 5680; x_wconf 52' lang='grc' dir='ltr'>καὶ</span> <span class='ocrx_word' id='word_1_774' title='bbox 520 5596 733 5680; x_wconf 73' lang='grc' dir='ltr'>Πατῆρ,’</span> <span class='ocrx_word' id='word_1_775' title='bbox 776 5605 836 5658; x_wconf 86' lang='grc' dir='ltr'><strong>ού</strong></span> <span class='ocrx_word' id='word_1_776' title='bbox 878 5611 976 5680; x_wconf 73' lang='grc' dir='ltr'><strong>τοῦ</strong></span> <span class='ocrx_word' id='word_1_777' title='bbox 1018 5596 1295 5675; x_wconf 81' lang='grc' dir='ltr'>ὁρωμένου.</span> <span class='ocrx_word' id='word_1_778' title='bbox 1336 5608 1428 5653; x_wconf 89' lang='grc' dir='ltr'><strong>τοῦ</strong></span> <span class='ocrx_word' id='word_1_779' title='bbox 1479 5605 1648 5680; x_wconf 73' lang='grc' dir='ltr'>Λόγου</span> 
     </span>
    </p>
   </div>
   <div class='ocr_carea' id='block_1_110' title="bbox 164 5671 1770 5751">
    <p class='ocr_par' dir='ltr' id='par_1_110' title="bbox 164 5671 1770 5751">
     <span class='ocr_line' id='line_1_110' title="bbox 164 5671 1770 5751; baseline -0.004 -22"><span class='ocrx_word' id='word_1_780' title='bbox 164 5683 250 5730; x_wconf 84' lang='grc' dir='ltr'>καὶ</span> <span class='ocrx_word' id='word_1_781' title='bbox 299 5671 404 5751; x_wconf 76' lang='grc' dir='ltr'>γὰρ</span> <span class='ocrx_word' id='word_1_782' title='bbox 454 5674 512 5737; x_wconf 79' lang='grc' dir='ltr'>ἦν</span> <span class='ocrx_word' id='word_1_783' title='bbox 573 5671 812 5738; x_wconf 73' lang='grc' dir='ltr'>διπλοῦς·</span> <span class='ocrx_word' id='word_1_784' title='bbox 864 5675 1000 5728; x_wconf 76' lang='grc' dir='ltr'>ὥστε</span> <span class='ocrx_word' id='word_1_785' title='bbox 1046 5671 1250 5747; x_wconf 56' lang='grc' dir='ltr'>ταμεν</span> <span class='ocrx_word' id='word_1_786' title='bbox 1297 5677 1488 5746; x_wconf 87' lang='grc' dir='ltr'>κυρίως</span> <span class='ocrx_word' id='word_1_787' title='bbox 1540 5671 1614 5724; x_wconf 81' lang='grc' dir='ltr'><strong>ἐπ’</strong></span> <span class='ocrx_word' id='word_1_788' title='bbox 1674 5671 1770 5747; x_wconf 82' lang='grc' dir='ltr'>ἀμ-</span> 
     </span>
    </p>
   </div>
   <div class='ocr_carea' id='block_1_111' title="bbox 1878 5087 3532 5174">
    <p class='ocr_par' dir='ltr' id='par_1_111' title="bbox 1878 5087 3532 5174">
     <span class='ocr_line' id='line_1_111' title="bbox 1878 5087 3532 5174; baseline -0.006 -22"><span class='ocrx_word' id='word_1_789' title='bbox 1878 5107 2010 5174; x_wconf 86' lang='grc' dir='ltr'>φοῖν,</span> <span class='ocrx_word' id='word_1_790' title='bbox 2065 5101 2122 5174; x_wconf 79' lang='grc' dir='ltr'><strong>τό</strong></span> <span class='ocrx_word' id='word_1_791' title='bbox 2170 5095 2228 5150; x_wconf 70' lang='grc' dir='ltr'><strong>δὲ</strong></span> <span class='ocrx_word' id='word_1_792' title='bbox 2280 5098 2338 5150; x_wconf 82' lang='grc' dir='ltr'><strong>ού</strong></span> <span class='ocrx_word' id='word_1_793' title='bbox 2389 5099 2582 5168; x_wconf 88' lang='grc' dir='ltr'>κυρίως</span> <span class='ocrx_word' id='word_1_794' title='bbox 2629 5090 3091 5174; x_wconf 38' lang='grc' dir='ltr'>ἐναντίως-ἤμει.</span> <span class='ocrx_word' id='word_1_795' title='bbox 3126 5087 3209 5174; x_wconf 56' lang='lat' dir='ltr'><strong>di]</strong></span> <span class='ocrx_word' id='word_1_796' title='bbox 3259 5089 3332 5174; x_wconf 50' lang='grc' dir='ltr'><strong>ἐφ’</strong></span> <span class='ocrx_word' id='word_1_797' title='bbox 3387 5090 3532 5174; x_wconf 70' lang='grc' dir='ltr'>ἡμῶν</span> 
     </span>
    </p>
   </div>
   <div class='ocr_carea' id='block_1_112' title="bbox 1877 5162 3536 5242">
    <p class='ocr_par' dir='ltr' id='par_1_112' title="bbox 1877 5162 3536 5242">
     <span class='ocr_line' id='line_1_112' title="bbox 1877 5162 3536 5242; baseline -0.008 -16"><span class='ocrx_word' id='word_1_798' title='bbox 1877 5162 2025 5242; x_wconf 56' lang='grc' dir='ltr'><strong>ἔχει’·</strong></span> <span class='ocrx_word' id='word_1_799' title='bbox 2087 5173 2232 5242; x_wconf 73' lang='grc' dir='ltr'>ἡμῶν</span> <span class='ocrx_word' id='word_1_800' title='bbox 2279 5172 2379 5241; x_wconf 75' lang='grc' dir='ltr'>γὰρ</span> <span class='ocrx_word' id='word_1_801' title='bbox 2429 5162 2631 5242; x_wconf 32' lang='grc' dir='ltr'>κυρίως-</span> <span class='ocrx_word' id='word_1_802' title='bbox 2667 5169 2756 5238; x_wconf 69' lang='grc' dir='ltr'><strong>μεν</strong></span> <span class='ocrx_word' id='word_1_803' title='bbox 2805 5169 2930 5242; x_wconf 61' lang='grc' dir='ltr'>Θεὸς</span> <span class='ocrx_word' id='word_1_804' title='bbox 2969 5162 3208 5242; x_wconf 37' lang='grc' dir='ltr'><strong>ὁίΘεόςξ</strong></span> <span class='ocrx_word' id='word_1_805' title='bbox 3231 5162 3306 5242; x_wconf 27' lang='grc' dir='ltr'><strong>ού,</strong></span> <span class='ocrx_word' id='word_1_806' title='bbox 3347 5162 3536 5242; x_wconf 77' lang='grc' dir='ltr'>κυρίως</span> 
     </span>
    </p>
   </div>
   <div class='ocr_carea' id='block_1_113' title="bbox 1916 5234 3535 5316">
    <p class='ocr_par' dir='ltr' id='par_1_113' title="bbox 1916 5234 3535 5316">
     <span class='ocr_line' id='line_1_113' title="bbox 1916 5234 3535 5316; baseline -0.007 -21"><span class='ocrx_word' id='word_1_807' title='bbox 1916 5234 1942 5295; x_wconf 67' lang='grc' dir='ltr'><em>ἕ</em></span> <span class='ocrx_word' id='word_1_808' title='bbox 1983 5234 2204 5316; x_wconf 64' lang='grc' dir='ltr'>Πατήρ·</span> <span class='ocrx_word' id='word_1_809' title='bbox 2265 5234 2359 5291; x_wconf 75' lang='grc' dir='ltr'>καῖ’</span> <span class='ocrx_word' id='word_1_810' title='bbox 2406 5234 2558 5290; x_wconf 77' lang='grc' dir='ltr'>τοῦτο</span> <span class='ocrx_word' id='word_1_811' title='bbox 2612 5234 2752 5289; x_wconf 83' lang='grc' dir='ltr'>ἐστιν</span> <span class='ocrx_word' id='word_1_812' title='bbox 2815 5236 2840 5288; x_wconf 89' lang='grc' dir='ltr'><strong>ὃ</strong></span> <span class='ocrx_word' id='word_1_813' title='bbox 2895 5241 3062 5316; x_wconf 40' lang='grc' dir='ltr'>ποιεῖ..</span> <span class='ocrx_word' id='word_1_814' title='bbox 3096 5240 3204 5316; x_wconf 69' lang='grc' dir='ltr'>τρῖς</span> <span class='ocrx_word' id='word_1_815' title='bbox 3255 5234 3535 5316; x_wconf 55' lang='grc' dir='ltr'>αξρεῖικοίς</span> 
     </span>
    </p>
   </div>
   <div class='ocr_carea' id='block_1_114' title="bbox 1876 5303 3538 5380">
    <p class='ocr_par' dir='ltr' id='par_1_114' title="bbox 1876 5303 3538 5380">
     <span class='ocr_line' id='line_1_114' title="bbox 1876 5303 3538 5380; baseline -0.007 -14"><span class='ocrx_word' id='word_1_816' title='bbox 1876 5319 1969 5372; x_wconf 82' lang='grc' dir='ltr'><strong>την</strong></span> <span class='ocrx_word' id='word_1_817' title='bbox 2033 5303 2245 5377; x_wconf 68' lang='grc' dir='ltr'>πλάνην,</span> <span class='ocrx_word' id='word_1_818' title='bbox 2331 5313 2360 5369; x_wconf 80' lang='grc' dir='ltr'><strong>ἠ</strong></span> <span class='ocrx_word' id='word_1_819' title='bbox 2430 5317 2526 5360; x_wconf 86' lang='grc' dir='ltr'><strong>τῶν</strong></span> <span class='ocrx_word' id='word_1_820' title='bbox 2613 5309 2874 5380; x_wconf 75' lang='grc' dir='ltr'>ᾇνομάτων</span> <span class='ocrx_word' id='word_1_821' title='bbox 2940 5303 3216 5369; x_wconf 82' lang='grc' dir='ltr'>ἑπίζευξις,</span> <span class='ocrx_word' id='word_1_822' title='bbox 3287 5303 3538 5380; x_wconf 64' lang='grc' dir='ltr'>ίπαλλσιτα</span> 
     </span>
    </p>
   </div>
   <div class='ocr_carea' id='block_1_115' title="bbox 1879 5375 3536 5503">
    <p class='ocr_par' dir='ltr' id='par_1_115' title="bbox 1879 5375 3536 5503">
     <span class='ocr_line' id='line_1_115' title="bbox 1879 5375 3536 5503; baseline -0.007 -65"><span class='ocrx_word' id='word_1_823' title='bbox 1879 5388 2100 5457; x_wconf 86' lang='grc' dir='ltr'>τομένων</span> <span class='ocrx_word' id='word_1_824' title='bbox 2150 5375 2247 5434; x_wconf 86' lang='grc' dir='ltr'><strong>τῶν</strong></span> <span class='ocrx_word' id='word_1_825' title='bbox 2294 5381 2551 5448; x_wconf 85' lang='grc' dir='ltr'>ὀνομάτων</span> <span class='ocrx_word' id='word_1_826' title='bbox 2607 5375 2709 5432; x_wconf 68' lang='grc' dir='ltr'><strong>δια</strong></span> <span class='ocrx_word' id='word_1_827' title='bbox 2748 5384 2842 5436; x_wconf 78' lang='grc' dir='ltr'>τὴν</span> <span class='ocrx_word' id='word_1_828' title='bbox 2904 5380 3214 5503; x_wconf 55' lang='grc' dir='ltr'>σύγκὸασιν,</span> <span class='ocrx_word' id='word_1_829' title='bbox 3271 5375 3358 5430; x_wconf 88' lang='lat' dir='ltr'><strong>Ad</strong></span> <span class='ocrx_word' id='word_1_830' title='bbox 3414 5381 3536 5430; x_wconf 82' lang='lat' dir='ltr'><strong>tex-</strong></span> 
     </span>
     <span class='ocr_line' id='line_1_116' title="bbox 1879 5445 3536 5503; baseline -0.001 0"><span class='ocrx_word' id='word_1_831' title='bbox 1879 5463 2004 5503; x_wconf 83' lang='lat' dir='ltr'><strong>tum</strong></span> <span class='ocrx_word' id='word_1_832' title='bbox 2051 5456 2220 5503; x_wconf 80' lang='lat' dir='ltr'><strong>1mm.</strong></span> <span class='ocrx_word' id='word_1_833' title='bbox 2280 5469 2377 5503; x_wconf 77' lang='lat' dir='ltr'><strong>xx.</strong></span> <span class='ocrx_word' id='word_1_834' title='bbox 2432 5457 2490 5503; x_wconf 77' lang='grc'>17</span> <span class='ocrx_word' id='word_1_835' title='bbox 2525 5451 2649 5503; x_wconf 72' lang='lat' dir='ltr'><strong>haec</strong></span> <span class='ocrx_word' id='word_1_836' title='bbox 2680 5449 2988 5503; x_wconf 79' lang='lat' dir='ltr'><strong>pertinent.</strong></span> <span class='ocrx_word' id='word_1_837' title='bbox 3082 5463 3195 5502; x_wconf 90' lang='lat' dir='ltr'><strong>unc</strong></span> <span class='ocrx_word' id='word_1_838' title='bbox 3234 5446 3402 5503; x_wconf 76' lang='lat' dir='ltr'><strong>Greg.</strong></span> <span class='ocrx_word' id='word_1_839' title='bbox 3452 5445 3536 5501; x_wconf 91' lang='lat' dir='ltr'><strong>lo-</strong></span> 
     </span>
    </p>
   </div>
   <div class='ocr_carea' id='block_1_116' title="bbox 1879 5445 3537 5520">
    <p class='ocr_par' dir='ltr' id='par_1_116' title="bbox 1879 5445 3537 5520">
     <span class='ocr_line' id='line_1_117' title="bbox 1879 5445 3537 5520; baseline -0.007 -8"><span class='ocrx_word' id='word_1_840' title='bbox 1879 5445 2006 5513; x_wconf 59' lang='lat' dir='ltr'><strong>tu&#39;m</strong></span> <span class='ocrx_word' id='word_1_841' title='bbox 2051 5456 2220 5509; x_wconf 88' lang='lat' dir='ltr'><strong>Joan.</strong></span> <span class='ocrx_word' id='word_1_842' title='bbox 2279 5445 2387 5516; x_wconf 76' lang='lat' dir='ltr'><strong>xx,</strong></span> <span class='ocrx_word' id='word_1_843' title='bbox 2432 5457 2490 5506; x_wconf 79' lang='lat' dir='ltr'><strong>l7</strong></span> <span class='ocrx_word' id='word_1_844' title='bbox 2525 5451 2649 5506; x_wconf 53' lang='lat' dir='ltr'><strong>haec</strong></span> <span class='ocrx_word' id='word_1_845' title='bbox 2679 5445 2988 5520; x_wconf 68' lang='lat' dir='ltr'><strong>pertinent.</strong></span> <span class='ocrx_word' id='word_1_846' title='bbox 3033 5445 3402 5520; x_wconf 23' lang='lat' dir='ltr'><strong>HuncAGreg.</strong></span> <span class='ocrx_word' id='word_1_847' title='bbox 3437 5445 3537 5520; x_wconf 89' lang='lat' dir='ltr'><strong>_lo-</strong></span> 
     </span>
    </p>
   </div>
   <div class='ocr_carea' id='block_1_117' title="bbox 1881 5517 3535 5597">
    <p class='ocr_par' dir='ltr' id='par_1_117' title="bbox 1881 5517 3535 5597">
     <span class='ocr_line' id='line_1_118' title="bbox 1881 5517 3535 5597; baseline -0.007 -13"><span class='ocrx_word' id='word_1_848' title='bbox 1881 5543 2018 5584; x_wconf 90' lang='lat' dir='ltr'><strong>cum</strong></span> <span class='ocrx_word' id='word_1_849' title='bbox 2040 5525 2319 5597; x_wconf 65' lang='lat' dir='ltr'><strong>explan_at</strong></span> <span class='ocrx_word' id='word_1_850' title='bbox 2345 5526 2397 5597; x_wconf 70' lang='lat' dir='ltr'><strong>S.</strong></span> <span class='ocrx_word' id='word_1_851' title='bbox 2425 5517 2751 5597; x_wconf 51' lang='lat' dir='ltr'><strong>Maximus“</strong></span> <span class='ocrx_word' id='word_1_852' title='bbox 2771 5519 3067 5597; x_wconf 61' lang='lat' dir='ltr'><strong>Deggfiis</strong></span> <span class='ocrx_word' id='word_1_853' title='bbox 3107 5525 3158 5597; x_wconf 75' lang='lat' dir='ltr'><strong>et</strong></span> <span class='ocrx_word' id='word_1_854' title='bbox 3183 5517 3535 5597; x_wconf 54' lang='lat' dir='ltr'><strong>difﬁcilibus</strong></span> 
     </span>
    </p>
   </div>
   <div class='ocr_carea' id='block_1_118' title="bbox 1883 5590 3388 5668">
    <p class='ocr_par' dir='ltr' id='par_1_118' title="bbox 1883 5590 3388 5668">
     <span class='ocr_line' id='line_1_119' title="bbox 1883 5590 3388 5668; baseline -0.009 -12"><span class='ocrx_word' id='word_1_855' title='bbox 1883 5599 2025 5656; x_wconf 77' lang='lat' dir='ltr'><strong>locis</strong></span> <span class='ocrx_word' id='word_1_856' title='bbox 2057 5619 2076 5668; x_wconf 84' lang='lat'><strong>,-</strong></span> <span class='ocrx_word' id='word_1_857' title='bbox 2107 5590 2202 5653; x_wconf 76' lang='lat' dir='ltr'><strong>ed.</strong></span> <span class='ocrx_word' id='word_1_858' title='bbox 2238 5595 2330 5652; x_wconf 92' lang='lat' dir='ltr'><strong>Fr.</strong></span> <span class='ocrx_word' id='word_1_859' title='bbox 2371 5592 2600 5661; x_wconf 87' lang='lat' dir='ltr'><strong>Oehler,</strong></span> <span class='ocrx_word' id='word_1_860' title='bbox 2632 5591 2808 5663; x_wconf 84' lang='lat' dir='ltr'><strong>Halis,</strong></span> <span class='ocrx_word' id='word_1_861' title='bbox 2852 5591 3010 5660; x_wconf 77' lang='lat'><strong>1857,</strong></span> <span class='ocrx_word' id='word_1_862' title='bbox 3043 5607 3102 5663; x_wconf 89' lang='lat' dir='ltr'><strong>p.</strong></span> <span class='ocrx_word' id='word_1_863' title='bbox 3134 5590 3388 5646; x_wconf 63' lang='lat'><strong>248-252.</strong></span> 
     </span>
    </p>
   </div>
  </div>
