4140 6198
552 260 649 315 491

1773 249 2011 305 ΡΗΟΤΙΙ
2052 244 2537 302 ΡΑΤΒΙΑΗΟΗᾹΞ
2574 243 2680 300 CP.

3820 242 3945 297 492‘

551 381 801 455 quando
830 382 997 438 Pater
1026 379 1210 436 Verbo
1236 377 1583 450 adjungitur
1616 382 1671 433 et
1702 380 1847 433 Deus
1879 378 2203 444 assumptae

2323 373 2401 422 κεν
2480 374 2667 444 κυρίως
2742 374 2833 421 τοῦ
2884 370 3087 443 Πατρός
3150 375 3223 438 τῷ
3289 370 3445 440 Λόγῳ
3513 374 3929 441 συνταττομένου

551 471 933 536 humanitati,
958 487 1069 525 vox
1090 485 1225 524 vero
1245 485 1365 524 non
1382 468 1621 539 proprie
1648 466 1929 533 vicissim,
1958 462 2204 536 quando

554 562 708 616 Deus
725 560 990 615 redditur
1005 558 1192 614 Verbo
1222 564 1277 613 et
1294 558 1465 612 Pater
1483 560 1807 623 assumpta:
1824 550 2201 608 humanitati.

552 648 703 705 Talis
768 654 855 703 est
910 646 1081 716 igitur
1137 645 1447 708 sententia,
1501 661 1656 716 quas,
1720 650 1782 697 ut
1828 641 2009 705 vides,
2060 638 2202 694 nihil

553 738 737 793 habet
766 739 1110 801 obscurum,
1133 735 1338 790 Plexus
1365 740 1563 789 autem
1592 731 1877 788 orationis
1901 728 2207 801 quomodo

554 826 900 890 resolvetur,
952 826 1067 881 nisi
1114 824 1462 895 accipiendo
1490 823 1667 878 verba
1697 821 1797 877 illa
1849 822 1981 872 ὥστε
2028 822 2086 870 τὸ
2118 820 2206 890 μὲν

556 920 748 990 κυρίως
795 913 870 966 ἐπ’
905 912 1111 985 ἀμφοῖν,
1155 928 1366 982 nempe
1397 917 1461 966 ut
1499 911 1751 967 alterum
1793 908 2036 981 quidem
2073 922 2209 978 pro-

557 1005 680 1076 prie
715 1003 789 1058 de
829 1008 1073 1074 utroque
1113 1001 1365 1065 dicatur,
1404 1016 1526 1055 non
1558 1000 1829 1061 seorsim,
1860 1013 1969 1051 nec
2001 1012 2206 1051 vocem

559 1094 722 1156 Deus,
751 1108 858 1146 nec
877 1107 1086 1146 vocem
1110 1092 1289 1145 Pater
1313 1089 1387 1143 de
1412 1104 1529 1144 uno
1561 1088 1761 1157 aliquo
1779 1086 2206 1156 subjectorum,

556 1196 751 1251 neque
781 1179 851 1235 de
876 1179 1153 1236 ambolus
1187 1195 1200 1244 ;
1234 1178 1339 1233 sed
1379 1177 1691 1231 referendo
1729 1176 1945 1231 horum
1987 1179 2209 1228 utrum-

555 1269 698 1325 libet
739 1268 817 1323 ad
862 1267 1205 1323 utrumlibet
1240 1266 1667 1336 subjectorum,
1701 1266 1933 1319 Patrem
1970 1261 2206 1334 quidem

556 1357 868 1412 reddentes
881 1357 1097 1418 Verbo,
1114 1358 1295 1411 Deum
1316 1371 1455 1410 vero
1470 1359 1798 1425 assumptae
1817 1351 2167 1407 humanitati
2193 1367 2205 1416 ;

559 1445 640 1503 ita
676 1446 894 1518 pariter
927 1446 1178 1502 verbum
1210 1444 1355 1499 illud
1382 1460 1499 1499 non
1523 1446 1757 1514 praprz'e
1788 1458 1907 1497 non
1938 1441 2209 1497 determi-

557 1540 697 1590 nate
720 1551 907 1589 unum
932 1534 1175 1606 aliquod
1195 1532 1643 1604 praedicatorum
1672 1530 1967 1586 sumendo
1994 1530 2062 1584 de
2088 1545 2209 1584 uno

558 1624 761 1695 aliquo
801 1624 1229 1693 subjectorum,
1262 1637 1369 1676 nec
1396 1622 1469 1676 de
1496 1620 1793 1683 ambolus,
1828 1619 1931 1674 sed
1959 1624 2210 1690 utraque

2312 464 2402 511 καὶ
2448 467 2539 510 τοῦ
2614 462 2732 518 Θεὸς
2779 466 2850 528 τῷ
2902 456 3299 531 προσλήμματι⁶
3369 460 3427 509 τὸ
3493 453 3553 509 δὲ
3614 457 3674 509 ού
3732 464 3931 531 κυρίως

2314 547 2550 619 ἔμπαλιν,
2604 556 2696 599 τοῦ
2752 551 2841 619 μὲν
2900 550 3024 608 Θεὸς
3090 542 3574 617 ἀνταποδιδομνου
3625 555 3699 617 τῷ
3748 553 3926 618 Λόγῳ,

2313 645 2401 689 τοῦ
2451 634 2509 689 δὲ
2569 641 2745 709 Πατὴρ
2799 645 2872 706 τῷ
2927 635 3322 708 προσλήμματι.
3377 637 3607 693 Τοιαύτη
3842 634 3931 688 οὖν

2314 730 2425 791 καὶ,
2452 728 2515 785 ὡς
2564 726 2705 797 ὁρᾷς,
2738 721 2887 777 οὐδὲν
2920 722 3117 796 ἀσαφὲς
3144 728 3431 798 παρέχεται
3462 727 3491 782 ἠ
3528 721 3765 777 διάνοια·
3804 728 3835 783 ἡ
3873 722 3931 778 δὲ

2314 814 2477 871 πλοκὴ
2532 823 2623 865 τοῦ
2670 813 2824 884 λόγου
2861 822 2967 873 πῶς
3022 812 3082 863 ἆν
3138 812 3425 881 ὶπιλυθείη,
3478 814 3507 871 ἦ
3560 812 3931 885 λαμϐανόντων

2316 906 2461 974 ἡμῶν
2519 899 2612 954 διὰ
2660 910 2751 953 τοῦ
2794 901 2929 954 ὥστε
2978 906 3035 953 τὸ
3089 905 3178 973 μὲν
3228 906 3423 973 κυρίως
3461 900 3539 954 ἐπ’
3588 901 3781 975 ἀμφοῖν
3836 902 3931 955 οὑκ

2317 990 2412 1042 ἀνὰ
2454 995 2624 1064 μέρος,
2674 994 2788 1042 οὔτε
2834 994 2892 1042 τὸ
2926 994 3057 1051 Θεὸς
3093 994 3210 1043 οὔτε
3241 994 3299 1042 τὸ
3341 995 3521 1063 Πατὴρ
3554 992 3673 1043 καθ’
3714 992 3824 1053 ἑνός
3856 1012 3932 1043 τι-

2315 1099 2399 1141 νος
2451 1088 2549 1131 τῶν
2602 1081 2964 1151 ὑποκειμένων,
3021 1076 3144 1132 οὑδέ
3191 1082 3309 1131 κατ’
3357 1079 3531 1152 ὸίμφω⁸
3587 1079 3697 1132 ἀλλ’
3756 1080 3931 1133 ἑκατέ-

2316 1188 2409 1242 ρου
2487 1172 2680 1221 τούτων
2740 1173 2871 1243 πρὸς
2923 1169 3157 1242 ἑκάτερον
3224 1177 3323 1221 τῶν
3395 1171 3763 1242 ὑποκειμένων,
3841 1179 3932 1222 τοῦ

2318 1262 2406 1330 μὲν
2454 1262 2653 1327 Πατρός
2703 1267 2772 1328 τῷ
2821 1263 2995 1329 Λόγῳ,
3029 1266 3121 1310 τοῦ
3167 1254 3226 1311 δὲ
3276 1262 3402 1319 Θεὸς
3432 1255 3826 1330 ἀποδιδομένου
3860 1270 3932 1329 τῷ

2316 1348 2705 1422 προσλὴμματι’
2761 1350 3011 1407 ὡσαύτως
3066 1345 3125 1400 δὲ
3182 1351 3272 1399 καὶ
3336 1351 3395 1399 τὸ
3462 1348 3521 1400 ού
3574 1354 3774 1421 κυρίως
3840 1350 3933 1401 οὑκ

2318 1436 2667 1507 ἀνορισμένως
2739 1436 2841 1495 ἐνὸς
2910 1455 3045 1498 τινος
3104 1444 3203 1487 τῶν
3265 1441 3728 1511 κατηγορουμένων
3794 1437 3933 1511 λαμ-

2319 1524 2594 1597 ϐανομένου
2665 1524 2780 1577 καθ’
2841 1524 2946 1586 ἐνὸς
3019 1544 3151 1584 τινος
3223 1534 3322 1576 τῶν
3382 1526 3750 1596 ὑποκειμένων,
3809 1524 3935 1580 οὑδὲ

2318 1613 2430 1665 κατ’
2476 1612 2648 1685 ἄμφω,
2697 1612 2802 1664 ἀλλ’
2863 1615 3016 1685 ἄμφω
3065 1616 3154 1683 μὲν
3207 1617 3337 1689 πρὸς
3389 1613 3626 1686 ἑκάτερον
3674 1614 3778 1667 των
3811 1618 3938 1668 ὑπο-

558 1713 636 1769 ad
676 1712 1024 1768 utrumlibet
1063 1711 1488 1781 subjectorum,
1532 1725 1636 1781 per
1674 1708 2085 1764 alternationis
2129 1714 2210 1762 ta-

2323 1706 2581 1773 κειμένων,
2626 1704 2761 1754 κατὰ
2816 1698 2875 1753 δε
2930 1704 3017 1753 τὸν
3078 1701 3230 1773 λόγον
3283 1711 3373 1762 τῆς
3431 1701 3738 1774 ἓναλλογῆς,
3788 1708 3819 1762 ἧ
3866 1708 3938 1765 ὡς

560 1816 702 1857 men
758 1801 1074 1864 rationem,
1137 1800 1227 1855 vel
1296 1799 1450 1854 sicut
1501 1799 1574 1854 de
1622 1813 1767 1854 voce
1824 1797 1924 1853 illa
1972 1798 2212 1867 proprie

558 1890 887 1946 dicebatur.
914 1888 1159 1954 Quando
1178 1888 1335 1943 enim
1357 1888 1511 1943 Deus
1541 1903 1668 1941 esse
1696 1886 1871 1942 Verbi
1899 1886 2207 1957 reperitur,

559 1985 613 2034 et
674 1981 841 2034 Pater
880 1982 1206 2049 assumpta:
1247 1977 1657 2041 humanitatis,
1703 1976 2055 2045 significatio
2090 1990 2210 2030 non

557 2067 804 2139 propria
829 2067 1157 2138 subjicitur.
1187 2068 1442 2137 Apparet
1470 2074 1667 2120 autem
1691 2080 1868 2119 voces
1901 2065 2047 2119 istas
2077 2079 2211 2132 pro-

556 2156 681 2225 prie
720 2160 777 2211 et
807 2171 925 2211 non
955 2156 1197 2225 prOprie
1233 2159 1437 2209 contra
1467 2169 1647 2225 quam
1680 2153 1741 2207 in
1782 2152 1961 2208 rebus
1993 2151 2210 2208 nostris

558 2243 912 2301 adhibentur
963 2260 1023 2299 se
1087 2244 1327 2299 habere.
1379 2245 1525 2298 Nam
1576 2241 1638 2295 in
1698 2241 1983 2296 inetlabili
2036 2240 2212 2296 Verbi

559 2334 878 2404 carnisque
916 2332 1136 2387 unione
1175 2332 1358 2387 Pater
1388 2330 1632 2402 quidem
1652 2329 1725 2384 de
1756 2330 1950 2385 Verbo
1979 2330 2215 2400 praprie

559 2421 795 2485 dicitur,
837 2422 993 2477 Deus
1038 2436 1179 2475 vero
1218 2436 1332 2475 non
1369 2419 1613 2489 proprie
1642 2437 1659 2489 ;
1690 2419 1748 2473 in
1779 2424 1982 2473 nostra
2012 2421 2211 2473 autem

560 2515 775 2565 natura
802 2526 870 2564 ex
892 2510 1137 2565 adverso
1160 2511 1313 2564 Deus
1334 2508 1576 2580 quidem
1600 2508 1840 2576 proprie
1860 2506 2211 2573 affirmatur,

559 2601 731 2660 Pater
770 2605 969 2654 autem
1004 2614 1122 2653 non
1146 2597 1409 2666 proprie.
1443 2602 1630 2667 Atque
1662 2595 1713 2650 id
1741 2600 1844 2666 est,
1874 2598 2035 2667 quod
2058 2611 2213 2667 quaa-

560 2695 762 2755 sieras,
795 2690 884 2743 vis
911 2702 1129 2758 nempe
1158 2684 1321 2741 vocis
1362 2685 1515 2740 illius
1558 2688 1586 2742 ἧ
1621 2700 1741 2739 non
1770 2683 2213 2755 disjunctionem

560 2779 904 2852 significans
956 2790 1061 2831 nec
1110 2774 1272 2830 aliud
1320 2773 1655 2845 quidquam
1705 2790 1775 2828 ex
1814 2773 1909 2838 iis,
1969 2774 2030 2828 in
2086 2788 2215 2844 qua:

561 2869 747 2928 dividi
795 2864 1122 2928 consuevit,
1191 2862 1294 2919 sed
1364 2861 1794 2918 declarativum
1858 2861 2214 2933 amplectens

558 2960 967 3017 characterem
992 2968 1334 3023 munusque
1359 2951 1606 3022 explens
1630 2951 1796 3007 vocis
1827 2954 1963 3026 παρὸ
1987 2950 2218 3023 (contra

2320 1790 2403 1843 ἐπὶ
2451 1798 2539 1842 τοῦ
2584 1796 2771 1863 κυρίως
2825 1789 3040 1862 ἐλέγετο,
3091 1790 3149 1842 Ὀ
3194 1793 3295 1865 γὰρ
3342 1794 3468 1851 Θεὸς
3512 1790 3641 1844 εἶναι
3681 1801 3778 1845 τοῦ
3831 1800 3938 1846 Λό-

2318 1900 2415 1950 γου
2471 1882 2911 1953 κατηγορούμενος
2967 1884 3056 1931 καὶ
3114 1880 3139 1930 ό
3200 1883 3378 1953 Πατὴρ
3433 1888 3525 1932 τοῦ
3576 1880 3935 1954 προσλήμμα-

2320 1988 2403 2029 τος
2448 1972 2543 2027 τὴν
2582 1977 2673 2020 τοῦ
2712 1973 2781 2040 μὴ
2820 1974 3013 2042 κυρίως
3044 1973 3315 2041 σημασίαν
3346 1969 3715 2023 ὑποϐάλλεται.
3760 1971 3937 2026 Ἐοικε

2323 2055 2381 2111 δὲ
2412 2062 2469 2109 τὸ
2509 2063 2704 2132 κυρίως
2754 2061 2937 2109 καὶτὸ
2993 2062 3064 2129 μὴ
3117 2063 3307 2129 κυρίως
3357 2064 3625 2131 σημασίαν
3674 2064 3815 2133 παρὸ
3854 2081 3937 2114 κε-

2321 2148 2569 2218 χρήμεθα
2620 2149 2824 2207 τούτοις
2883 2144 2957 2217 ἐφ’
3016 2148 3160 2217 ἡμῶν
3214 2145 3449 2208 ἐναντίως
3500 2150 3658 2219 ἔχειν.
3713 2149 3797 2201 Ἐν

2321 2239 2420 2309 γὰρ
2473 2242 2534 2306 τῇ
2591 2233 2799 2309 ἀρρήτῳ
2829 2242 2918 2286 τοῦ
2968 2240 3139 2305 Λόγου
3174 2232 3378 2306 συνόδῳ
3412 2241 3503 2289 καὶ
3533 2246 3627 2298 τῆς
3655 2242 3852 2310 σαρκὸς
3876 2243 3936 2291 τὸ

2322 2329 2411 2397 μὲν
2456 2330 2633 2395 Πατὴρ
2682 2327 2815 2376 κατὰ
2857 2332 2949 2376 τοῦ
3011 2330 3185 2393 Λόγου
3234 2330 3427 2397 κυρίως
3483 2325 3705 2398 λέγεται,
3761 2332 3823 2380 τὸ
3878 2326 3938 2382 δε

2323 2418 2441 2474 Θεὸς
2492 2413 2549 2465 ού
2601 2418 2813 2486 κυρίως·
2858 2412 2941 2465 ἐπὶ
2992 2410 3051 2466 δὲ
3100 2422 3195 2475 τῆς
3249 2414 3365 2466 καθ’
3409 2417 3545 2487 ἡμᾶς
3598 2420 3804 2487 φύσεως
3850 2422 3939 2489 ἔμ-

2322 2502 2475 2554 παλιν
2519 2506 2577 2554 τὸ
2625 2506 2715 2573 μὲν
2766 2505 2892 2562 Θεὸς
2938 2507 3151 2577 κυρίως,
3193 2502 3252 2554 ού
3296 2508 3489 2577 κυρίως
3529 2502 3587 2557 δὲ
3624 2508 3682 2557 τὸ
3726 2512 3936 2580 Πατήρ.

2326 2596 2426 2645 Καὶ
2470 2598 2621 2643 τοῦτὸ
2661 2590 2800 2643 ἐστιν
2855 2591 2976 2664 ὅπερ
3028 2592 3323 2665 ἠρώτησας,
3382 2594 3411 2651 ἡ
3469 2601 3559 2645 τοῦ
3607 2597 3636 2652 ἦ
3683 2590 3938 2668 δύναμις,

2326 2680 2382 2732 οὑ
2419 2677 2683 2742 διάζευξιν
2717 2676 2957 2738 δηλοῦσα
2999 2677 3123 2733 οὑδέ
3151 2701 3201 2732 τι
3231 2680 3351 2733 ἄλλο
3382 2690 3481 2733 τῶν
3525 2682 3594 2743 εἰς
3633 2682 3736 2735 ὃσα
3775 2704 3940 2737 κατα-

2325 2770 2626 2841 μερίζεσθαι
2672 2773 2912 2839 πέφυκεν,
2956 2766 3083 2820 ἀλλά
3124 2772 3212 2821 τὸν
3255 2766 3641 2842 διασαφητικὸν
3687 2771 3938 2834 ἀσπαζο-

2325 2860 2448 2930 μένη
2482 2866 2799 2931 χαρακτῆρα
2823 2862 2912 2909 καὶ
2944 2861 3038 2915 τὴν
3064 2864 3155 2909 τοῦ
3181 2862 3317 2933 παρὸ
3340 2859 3454 2930 (Ἠ)
3487 2865 3673 2932 χρείαν
3697 2860 3937 2921 ἀναπλη-

2326 2955 2512 3019 ροῦσα.
2552 2950 2643 3003 Εῖη
2687 2943 2739 2998 δ’
2777 2948 2838 2998 ἄν
2880 2948 2905 2998 6
2943 2945 3095 3017 λόγος
3125 2946 3588 3020 ἐσχηματισμένος
3624 2949 3697 3009 εἰς
3736 2953 3799 3001 τὸ
3844 2970 3939 3003 σα-

559 3062 774 3121 quam,
829 3046 1035 3098 contra
1099 3039 1162 3095 id
1211 3039 1419 3112 quod).
1482 3039 1699 3095 Poterit
1761 3044 1962 3095 autem
2026 3038 2214 3095 oratio

2328 3039 2586 3108 φέστερον,
2646 3038 2688 3087 εί
2736 3054 2813 3097 τις
2856 3034 3017 3088 ἐθέλοι
3072 3035 3374 3107 μεταλαϐεῖν
3414 3042 3503 3089 καὶ
3550 3036 3733 3109 λέγειν·
3800 3039 3939 3092 ὥστε

559 3134 776 3192 clarius
802 3129 1123 3193 etIormari,
1155 3128 1200 3183 si
1219 3128 1355 3200 quis
1379 3126 1562 3182 verba
1586 3132 1994 3183 transsumens
2017 3127 2175 3184 dicat
2202 3131 2215 3170 τ

561 3226 753 3290 Quare
785 3236 901 3276 vox
918 3218 1163 3291 quidem
1186 3216 1521 3286 proprieab
1549 3216 1829 3272 alterutra
1850 3217 2219 3288 conjugatio-

559 3328 709 3369 num
750 3314 1013 3380 sumpta,
1055 3322 1172 3361 vox
1228 3322 1368 3361 vero
1412 3322 1526 3360 non
1561 3308 1807 3375 proprie
1872 3305 1949 3361 ab
2011 3306 2216 3370 altera,

560 3406 771 3456 contra
800 3412 986 3469 quam
1020 3394 1183 3465 apud
1206 3410 1316 3449 nos
1340 3409 1399 3449 se
1422 3394 1658 3449 habent.
1693 3394 2031 3451 Resultabat
2057 3395 2216 3449 enim

560 3495 690 3545 tum
726 3503 839 3542 vox
868 3484 1129 3554 proprie,
1160 3488 1286 3538 tuin
1328 3498 1440 3538 vox
1475 3498 1589 3538 non
1608 3484 1849 3551 proprie
1878 3499 1945 3538 ex
1961 3483 2055 3539 tali
2074 3500 2218 3555 qua-

560 3577 705 3633 dam
746 3573 1203 3646 praedicatorum
1237 3569 1767 3642 subjectorumque
1780 3571 2214 3643 complexione.

565 3669 819 3723 Sumens
860 3668 1051 3717 autem
1092 3676 1268 3715 voces
1294 3659 1422 3714 ilias
1452 3661 1694 3727 proprie
1722 3665 1777 3714 et
1806 3675 1925 3715 non
1952 3662 2212 3731 proprie,

564 3770 694 3821 quae
738 3753 856 3823 jam
896 3766 970 3805 ex
1036 3765 1097 3803 se
1150 3748 1290 3819 ipsis
1354 3746 1943 3818 subintelligebantur
1997 3750 2219 3819 (studet

563 3843 725 3900 enim
766 3841 816 3895 si
853 3840 983 3910 quis
1022 3838 1175 3893 alius
1205 3836 1537 3907 Theologus
1570 3837 1676 3891 iste
1722 3837 2014 3910 brevitati)
2054 3843 2111 3894 et
2138 3840 2217 3895 ad

563 3930 919 3988 resultantes
958 3943 1026 3982 ex
1065 3927 1157 3981 his
1196 3926 1646 3995 conjugationes
1687 3932 1945 3982 mentem
1992 3927 2219 3984 audito-

562 4035 699 4077 rum
726 4017 1030 4074 remittens
1059 4014 1371 4084 subjunxit
1401 4012 1544 4068 illud
1571 4032 1582 4071 :
1619 4015 1846 4070 Contra
1864 4032 2037 4086 quam
2059 4018 2218 4087 apud

564 4125 686 4165 nos.
732 4106 956 4163 Etenim
996 4109 1297 4175 utramque
1328 4102 1824 4174 complexionem,
1856 4120 1988 4176 qua;
2014 4122 2085 4161 ex
2118 4123 2217 4162 vo-

566 4199 731 4255 cibus
765 4194 1004 4266 proprie
1033 4198 1089 4249 et
1120 4209 1235 4247 non
1260 4192 1493 4262 proprie
1524 4191 1833 4256 conﬂatur,
1859 4210 2065 4249 sensus
2095 4211 2219 4250 ver-

566 4286 782 4343 borum
816 4284 1053 4339 illorum
1093 4287 1297 4337 contra
1338 4296 1511 4352 quam
1542 4280 1605 4335 in
1644 4280 1801 4336 nobis
1830 4288 1910 4337 est
1942 4283 2219 4353 amplecti

570 4375 845 4431 cernitur.
868 4371 1000 4426 Vult
1020 4375 1215 4426 autem
1240 4370 1367 4425 haec
1390 4370 1673 4425 orationis
1695 4370 1969 4442 pericope
1986 4372 2218 4438 docere,

569 4463 716 4519 nihil
746 4461 1001 4525 obstare,
1044 4458 1360 4531 quominus
1386 4460 1629 4527 proprie
1665 4463 1719 4512 et
1748 4474 1867 4514 non
1890 4461 2130 4528 proprie
2154 4464 2224 4517 de

570 4550 765 4607 Verbo
783 4548 1039 4613 dicatur,
1068 4545 1563 4617 quandoquidem
1592 4545 1769 4599 etiam
1789 4546 1862 4600 de
1886 4546 2078 4614 nobis,
2098 4548 2231 4611 licet

571 4655 749 4696 sensu
782 4636 1080 4708 opposito,
1107 4640 1425 4705 utrumque
1452 4633 1802 4689 afﬁrmatur.
1828 4635 1911 4689 ibi
1933 4636 2091 4691 enim
2114 4646 2228 4694 vox

571 4730 725 4784 Deus
750 4741 869 4781 non
898 4723 1156 4795 proprie,
1183 4722 1406 4786 dicitur,
1434 4721 1534 4775 sed
1568 4724 1746 4778 Pater
1779 4739 1791 4787 ;
1824 4723 1918 4778 hic
1953 4740 2087 4780 vero
2108 4741 2230 4782 non

572 4819 754 4872 Pater
791 4812 1025 4885 prOprie
1064 4812 1168 4864 sed
1211 4813 1381 4865 Deus.

646 4908 697 4959 3.
742 4904 801 4956 In
860 4900 1299 4969 diagrammate
1344 4902 1543 4954 autem
1596 4899 1811 4956 clarius
1850 4901 2230 4961 innotescunt

574 5009 698 5064 quae
728 4989 1021 5057 diximus;
1042 4988 1321 5059 ponendo
1344 4988 1581 5059 quidem
1612 4990 1883 5058 superius
1916 4992 2150 5048 Patrem
2174 4998 2229 5049 et

574 5084 781 5147 Deum,
825 5077 1194 5147 subjiciendo
1247 5083 1437 5131 autem
1480 5077 1632 5133 Patri
1694 5079 1964 5141 Verbum,
2013 5085 2069 5135 et
2111 5083 2226 5138 Deo

576 5167 1015 5231 humanitatem,
1040 5170 1098 5219 et
1113 5166 1294 5219 lineas
1312 5181 1381 5219 ex
1398 5166 1649 5220 adverso
1669 5167 2073 5238 producendo,
2095 5186 2225 5241 quae

574 5256 765 5312 Verbo
798 5254 930 5326 conj
945 5259 1169 5323 ungant
1201 5255 1425 5308 Patrem
1450 5259 1503 5309 et
1528 5254 1710 5309 Deum
1729 5255 2070 5312 humanitati
2092 5266 2227 5315 :nec

2326 3128 2385 3176 τὸ
2428 3127 2518 3196 μὲν
2559 3128 2751 3198 κυρίως
2802 3122 2903 3177 ἀπὸ
2958 3126 3173 3197 θατίρας
3222 3134 3321 3177 τῶν
3367 3126 3633 3197 συξυγιῶν
3673 3127 3939 3200 λαμϐανὸο

2326 3233 2492 3284 μενον,
2547 3217 2604 3265 τὸ
2655 3210 2713 3265 δε
2760 3213 2817 3264 οὑ
2862 3218 3056 3287 κυρίως
3103 3211 3205 3265 ἀπὸ
3249 3223 3341 3275 τῆς
3380 3215 3574 3285 ἐτέρας,
3620 3215 3865 3278 ἐναντίως
3906 3219 3934 3277 ἡ

2327 3302 2402 3374 ἐφ’
2438 3305 2583 3373 ἡμῶν
2629 3305 2761 3373 ἔχει·
2816 3306 3101 3354 συνίστατο
3146 3306 3236 3374 μὲν
3274 3305 3376 3377 γὰρ
3425 3309 3483 3356 τό
3531 3324 3583 3357 τε
3629 3311 3825 3379 κυρίως
3850 3312 3943 3360 καὶ

2325 3394 2383 3443 τὸ
2434 3391 2494 3442 ού
2534 3396 2726 3463 κυρίως
2776 3389 2831 3442 ἐκ
2880 3399 2978 3451 τῆς
3026 3397 3181 3453 ποιᾶς
3226 3392 3535 3463 συμπλοκῆς
3562 3402 3662 3446 τῶν
3701 3414 3943 3467 κατηγο-

2324 3484 2581 3551 ρουμένων
2646 3484 2736 3531 καὶ
2794 3481 3158 3552 ὑποκειμένων,
3233 3480 3443 3534 αὐτόθεν
3501 3479 3561 3535 δὲ
3610 3488 3944 3537 συνεπινοού-

2325 3589 2491 3641 μενον.
2535 3568 2721 3621 Λαϐὼν
2751 3572 2809 3620 τό
2849 3588 2903 3621 τε
2938 3573 3130 3641 κυρίως
3160 3572 3397 3644 ἑκάτερον
3423 3576 3601 3625 καὶτὸ
3641 3575 3703 3624 οὑ
3745 3580 3943 3647 κυρίως

2327 3658 2720 3730 (φιλοσύντομος
2762 3661 2862 3731 γὰρ
2906 3658 2947 3710 εἰ
2980 3663 3069 3710 καί
3112 3678 3193 3721 τις
3224 3659 3370 3720 ἄλλος
3421 3662 3446 3712 6
3497 3663 3811 3735 θεωρητικὸς
3855 3664 3945 3715 οὗ-

2323 3768 2408 3809 τος
2456 3746 2600 3821 ἀνὴρ)
2648 3752 2733 3799 καὶ
2781 3750 2905 3820 πρὸς
2952 3750 3046 3808 τὰς
3093 3746 3149 3799 ἐκ
3196 3751 3391 3800 τούτων
3437 3751 3792 3822 ὑφισταμένας
3844 3772 3944 3804 συ-

2326 3837 2514 3907 ζυγίας
2559 3839 2645 3887 τὸν
2688 3843 2804 3887 νοῦν
2868 3844 2968 3887 τῶν
3026 3834 3290 3909 ἀκροατῶν
3345 3837 3655 3911 ἀναπέμπων
3713 3839 3946 3913 ἐπήγαγε

2324 3929 2380 3976 τὸ
2430 3923 2660 3984 ἐναντίως
2734 3926 2763 3983 ἡ
2841 3924 2915 3995 ἐφ’
2976 3926 3119 3994 ἡμῶν
3191 3928 3323 3996 ἔχει’
3380 3932 3467 3979 καὶ
3526 3931 3627 4000 γὰρ
3691 3934 3945 4003 εκατὲραν

2327 4013 2630 4085 συμπλοκὴν
2687 4018 2780 4071 τὴν
2837 4012 2891 4064 ἐκ
2946 4020 3034 4065 τοῦ
3086 4018 3275 4088 κυρίως
3329 4021 3417 4067 καὶ
3474 4024 3565 4068 τοῦ
3621 4022 3694 4089 μὴ
3743 4026 3948 4095 κυρίως

2324 4102 2730 4174 ἀποτελουμένην
2778 4103 2803 4153 6
2846 4110 2963 4163 νοῦς
3010 4110 3102 4155 τοῦ
3150 4102 3390 4167 ἐναντίως
3436 4109 3465 4163 ἤ
3519 4105 3593 4178 ἐφ’
3632 4108 3783 4179 ἡμῶν
3827 4112 3948 4181 ἔχει

2326 4194 2509 4265 ὁρᾶται
2552 4196 3051 4263 περιπτυσσόμενος⁶
3105 4191 3348 4263 βούλεται
3388 4191 3448 4246 δὲ
3485 4196 3513 4252 ὴ
3557 4202 3817 4265 περικοπὴ
3852 4208 3949 4251 τοῦ

2326 4282 2480 4351 λόγου
2514 4277 2789 4332 διδάσκειν
2842 4282 2992 4345 αὕτη,
3035 4283 3099 4341 ὡς
3140 4278 3291 4334 οὐδὲν
3322 4283 3505 4335 κωλύει
3544 4289 3633 4337 καὶ
3662 4289 3722 4337 τὸ
3751 4293 3953 4362 κυρίως

2331 4376 2417 4422 καὶ
2494 4373 2552 4421 τὸ
2610 4370 2668 4422 ού
2738 4375 2931 4444 κυρίως
2988 4370 3073 4422 ἐπὶ
3133 4379 3224 4423 τοῦ
3281 4378 3455 4443 Λόγου
3509 4373 3773 4445 λέγεσθαι,
3837 4376 3951 4430 ἐπεὶ

2334 4466 2420 4511 καί
2473 4457 2546 4531 ἐφ’
2594 4460 2759 4529 ἡμῶν,
2812 4458 2855 4510 εἰ
2903 4464 2992 4510 καὶ
3044 4463 3179 4511 κατὰ
3210 4456 3445 4513 διάνοιαν
3490 4460 3950 4536 ἀντιτεταγμένην,

2340 4547 2492 4620 ἄμφω
2550 4548 2833 4620 θεωρεῖται,
2885 4546 3019 4600 Ἐκεὶ
3065 4550 3154 4619 μὲν
3193 4551 3295 4622 γὰρ
3338 4555 3398 4601 τὸ
3448 4554 3576 4612 Θεὸς
3623 4552 3683 4604 ού
3722 4559 3946 4627 κυρίως,

2342 4636 2469 4688 ἀλλὰ
2524 4640 2582 4688 τὸ
2642 4640 2838 4708 Πατὴρ,
2884 4634 3103 4689 ἐνταῦθα
3160 4633 3220 4690 δὲ
3267 4637 3325 4690 ού
3378 4642 3436 4690 τὸ
3494 4645 3673 4715 [ἰατὴρ
3726 4650 3949 4716 κυριως,

2340 4725 2467 4779 ἀλλὰ
2495 4730 2552 4777 τὸ
2586 4730 2733 4787 Θεὸς.

2406 4905 2482 4976 γ’.
2536 4904 2655 4960 Ἐπὶ
2710 4900 2767 4956 δι
2819 4900 3222 4976 διαγράμματος
3270 4906 3457 4976 γίνοιτ’
3509 4908 3571 4960 ἄν
3625 4914 3953 4983 σαφέστερον

2337 4996 2526 5064 ἔχοντα
2617 4997 2680 5046 1'6.
2776 4992 3036 5067 εἰρημένα·
3134 4999 3555 5068 προταττομένων
3647 5002 3740 5070 μὲν
3853 5008 3956 5053 τοῦ

2338 5087 2517 5155 Πατὴρ
2575 5087 2664 5135 καὶ
2710 5086 2853 5146 Θεὸς,
2912 5083 3334 5155 ὑποταττομένων
3385 5081 3444 5137 δε
3503 5093 3575 5155 τῷ
3776 5096 3957 5164 Πατρὶ

2336 5179 2426 5223 τοῦ
2470 5175 2661 5243 Λόγου,
2712 5179 2783 5241 τῷ
2820 5178 2933 5241 Θεῷ
2978 5167 3036 5223 δὲ
3068 5178 3158 5222 τοῦ
3189 5171 3620 5246 προσλήμματος,
3653 5182 3746 5229 καὶ
3776 5198 3960 5251 γραμ-

2335 5268 2443 5331 μῶν
2495 5259 2547 5311 ἐκ
2587 5258 2917 5333 παραλλήλου
2967 5263 3350 5332 προαγομένων,
3396 5264 3451 5315 αῖ
3496 5266 3829 5320 συνάπτουσι
3874 5276 3959 5340 τῷ

2144 5399 2190 5455 Ν
2196 5402 2374 5459 ΟΤΛΕ.

652 5523 764 5598 (31)
796 5524 919 5580 Vat.
960 5523 1123 5598 παρά.
