4140 6198
288 264 393 320 493

1279 264 1374 318 AD
1413 263 1956 321 AMPHILOCHIUM
1999 265 2326 334 QUIESTIO
2367 273 2668 332 LXXVIII.
3547 281 3647 340 494

284 392 442 460 Λόγῳ
472 390 558 440 τὸν
601 391 807 459 Πατέρα
848 392 937 441 xui
975 391 1062 440 τὸν
1099 391 1227 442 Θεὸν
1258 398 1329 461 τῷ
1366 389 1760 466 προσλὴμματι,
1799 395 1888 442 καὶ

1997 407 2118 449 non
2147 394 2294 452 alias
2326 403 2514 454 rectas
2543 398 2726 456 lineas
2769 401 3106 470 scribendo,
3134 419 3266 476 quae
3297 420 3369 461 ex
3398 409 3651 479 utroque

284 482 390 551 μὴν
445 482 534 530 xui
594 486 849 551 γραμμῶν
910 477 1072 530 ἄλλων
1139 477 1343 530 εὐθειῶν
1399 483 1732 552 γραφομένων
1801 477 1885 550 ἀφ’

285 567 531 639 ἑκατέρας
585 565 763 640 ἀρχῆς
817 575 914 618 τῶν
958 565 1297 640 παραλλήλων
1349 572 1472 641 πρὸς
1516 567 1750 641 ἑκάτερον
1801 571 1888 619 πέ-

282 677 381 730 ρας
422 661 817 728 συναπτομένων
873 661 965 708 καὶ
1014 661 1253 728 χιασμὸν
1303 658 1417 728 (32)
1466 662 1555 729 μέν
1600 677 1714 708 τινα
1761 661 1886 732 πρὸς

283 745 485 804 ἄλληλα
528 749 1021 818 σχηματιζομένων,
1069 742 1104 798 δ
1110 751 1348 817 ιαγωνιον
1381 743 1439 798 δὲ
1470 748 1610 798 θέσιν
1639 750 1765 819 πρὸς
1796 749 1888 808 τὰς

284 835 647 909 παραλλήλους
721 835 962 908 ἑκατέρας
1036 832 1448 909 ἀναδεχομένης.
1545 836 1704 895 Δῆλον
1785 839 1886 908 γὰρ

283 923 531 990 ἐντεῦθεν,
577 927 647 986 ὡς
694 927 827 976 κατὰ
883 927 973 996 μὲν
1025 928 1118 982 τὴν
1173 924 1497 998 παράλληλον
1537 933 1636 977 τῶν
1683 925 1888 978 εύθειῶν

284 1015 428 1066 θέσιν
459 1015 484 1066 6
513 1032 566 1066 τε
601 1018 779 1086 Πατὴρ
827 1020 916 1066 τοῦ
965 1017 1136 1085 Λόγου
1188 1018 1391 1088 Πατὴρ,
1439 1018 1529 1066 καὶ
1573 1015 1598 1065 ό
1629 1017 1753 1073 Θεὸς
1799 1021 1890 1066 τοῦ

280 1101 689 1175 προσλὴμματος
755 1105 884 1164 Θεὸς
949 1100 1009 1153 ἂν
1079 1102 1255 1174 ὀφθείη
1334 1107 1525 1174 κυρίως
1597 1102 1886 1175 λεγόμενος,

279 1195 413 1244 κατά
445 1187 504 1244 δὲ
525 1195 618 1250 τὴν
639 1193 915 1263 συνάφειαν
935 1198 1026 1244 τοῦ
1043 1199 1284 1263 χιασμοῦ
1313 1198 1402 1244 xui
1432 1195 1457 1243 6
1487 1195 1615 1254 Θεὸς
1647 1195 1776 1252 Θεὸς
1797 1200 1888 1244 τοῦ

279 1285 458 1351 Λόγου
507 1286 597 1332 καὶ
625 1282 650 1332 6
685 1285 862 1353 Πατὴρ
917 1281 976 1332 ού
1021 1285 1214 1354 κυρίως
1256 1280 1316 1331 ἂν
1349 1282 1530 1355 ῥηθείη
1580 1286 1758 1356 Πατὴρ
1798 1288 1888 1333 τοῦ

278 1369 716 1444 προσλήμματος.
770 1369 830 1424 Εἰ
879 1366 937 1422 δὲ
988 1372 1047 1421 τὸ
1092 1373 1182 1442 μὲν
1233 1373 1286 1422 ἐκ
1329 1369 1659 1442 παραλλήλου
1688 1369 1886 1434 λάϐοις,

278 1462 340 1512 τὸ
393 1455 453 1512 δὲ
496 1462 633 1511 κατὰ
685 1463 778 1517 τὴν
815 1455 1091 1530 διαγώνιον
1143 1463 1414 1531 γραμμὴν,
1462 1465 1551 1511 xui
1588 1467 1741 1512 τοῦτο
1771 1459 1889 1511 καθ’

279 1548 528 1622 ἑκατέραν
575 1549 852 1620 συζυγίαν,
910 1544 981 1599 δι’
1028 1546 1326 1622 ἀμφοτέρων
1361 1547 1465 1620 ὄψῃ
1509 1554 1565 1600 τό
1599 1567 1652 1600 τε
1697 1553 1890 1622 κυρίως

276 1638 394 1709 ἅμα
457 1642 546 1690 xui
603 1637 662 1690 ού
717 1641 906 1711 κυρίως
969 1638 1317 1710 ἀναφυόμενον
1361 1657 1373 1669 ·
1416 1641 1506 1689 καὶ
1558 1640 1660 1710 γὰρ
1708 1639 1733 1688 6
1799 1639 1888 1709 μεν

1995 482 2423 554 parallelorum
2453 487 2620 544 initio
2651 489 2730 545 ad
2771 491 3078 547 terminum
3121 498 3442 566 utrumque
3467 509 3650 565 copu-

1994 579 2205 642 lentur,
2238 579 2293 630 et
2339 576 2676 633 chiasmum
2707 580 3031 650 quemdam
3069 581 3146 638 ad
3186 582 3440 639 invicem
3479 583 3652 640 effor-

1997 666 2179 727 ment,
2206 670 2455 736 utraque
2487 671 2684 722 tamen
2711 667 3048 737 diagonalis
3075 671 3152 727 ad
3183 671 3503 743 parallelas
3531 677 3648 729 sta-

1998 753 2214 806 tuatur.
2235 751 2382 807 Hinc
2406 754 2564 809 enim
2584 756 2957 826 perspicuum
2979 757 3063 824 ﬁt,
3081 759 3245 830 quod
3272 759 3334 814 in
3365 760 3648 832 parallelo

1997 843 2290 896 rectarum
2317 841 2611 899 linearum
2643 849 2700 900 et
2738 845 2908 902 Pater
2955 847 3137 903 Verbi
3170 849 3358 916 Pater,
3393 854 3450 906 et
3493 852 3647 906 Deus

1997 927 2246 984 humani
2257 931 2384 986 tatis
2401 947 2601 987 assum
2612 939 2722 1004 ptae
2743 936 2895 990 Deus
2906 937 3151 1005 proprie
3167 937 3380 994 dicitur
3399 957 3412 1007 ;
3433 938 3493 994 in
3507 954 3646 994 con-

1993 1017 2297 1087 junctione
2315 1026 2515 1076 autem
2536 1022 2787 1079 chiasmi
2809 1029 2864 1080 et
2887 1026 3040 1080 Deus
3056 1026 3229 1082 Verbi
3262 1030 3414 1082 Deus
3441 1033 3498 1084 et
3527 1029 3647 1087 Pa-

1999 1113 2081 1162 ter
2108 1107 2496 1164 humanitatis
2520 1113 2686 1167 Pater
2709 1129 2824 1169 non
2859 1114 3092 1184 proprie
3121 1115 3352 1171 dicitur.
3393 1116 3565 1182 Quod
3593 1115 3645 1172 si

1997 1195 2250 1252 alterum
2267 1198 2511 1268 quidem
2539 1201 2874 1257 secundum
2889 1203 3236 1274 parallelam
3248 1204 3400 1260 linea
3413 1221 3491 1271 m,
3507 1205 3648 1261 alte-

1997 1301 2132 1340 rum
2163 1301 2299 1341 vero
2331 1289 2662 1344 secundum
2685 1289 3062 1360 diagonalem
3091 1309 3318 1357 sumas,
3339 1292 3521 1366 idque
3551 1309 3647 1349 se-

1997 1375 2263 1429 cundum
2279 1381 2594 1449 utramque
2607 1378 3107 1450 conjugationem,
3123 1381 3397 1454 utrinque
3411 1381 3646 1454 prodire

1998 1461 2224 1518 videbis
2254 1469 2308 1519 et
2341 1465 2646 1536 propriam
2688 1467 2864 1522 simul
2895 1473 2952 1524 et
2981 1469 3180 1523 minus
3211 1469 3518 1541 propriam
3549 1486 3644 1526 ac-

1998 1550 2353 1622 ceptionem.
2413 1555 2639 1610 Etenim
2671 1554 2842 1612 Pater
2884 1556 3131 1628 quidem
3168 1557 3342 1614 Verbi
3383 1558 3643 1630 proprie,

1999 1641 2150 1694 Deus
2175 1644 2372 1696 autem
2405 1641 2606 1698 minus
2645 1643 2901 1715 proprie,
2934 1649 2994 1699 et
3034 1660 3276 1700 rursum
3306 1645 3477 1702 Pater
3518 1646 3647 1718 qui-

279 1732 466 1801 Πατὴρ
516 1735 609 1779 τοῦ
667 1732 841 1798 Λόγου
879 1730 1088 1801 κυρίως,
1121 1728 1147 1778 ό
1188 1723 1247 1778 δε
1277 1729 1400 1786 Θεὸς
1431 1726 1488 1778 ού
1533 1731 1720 1799 κυρίως
1753 1745 1765 1757 ·
1799 1731 1888 1778 xui

1997 1727 2136 1783 dem
2167 1736 2492 1802 assumpta
2532 1730 2924 1788 humanitatis
2951 1733 3150 1789 minus
3200 1734 3460 1806 proprie,
3494 1737 3647 1791 Deus

276 1817 437 1870 πάλιν
468 1817 494 1869 ό
657 1820 839 1889 ιιατήρ
885 1824 977 1868 τού
1035 1815 1443 1890 προσλήμματος
1496 1815 1554 1868 ού
1603 1820 1814 1890 κυρίως,
1861 1817 1887 1868 ό

279 1903 343 1959 δε
407 1910 534 1967 Θεὸς
591 1910 802 1981 κυρίως.
860 1906 1140 1980 Τεσσάρων
1190 1902 1278 1957 οὖν
1329 1906 1591 1977 συζυγιῶν
1643 1902 1890 1958 ἐνδιπλα-

281 2005 431 2068 σμῶν
475 1997 850 2068 θεωρουμένων,
910 2000 1036 2066 μιᾶς
1097 1997 1188 2066 μὲν
1253 2002 1352 2045 τῶν
1413 1993 1468 2045 ἐκ
1533 1993 1884 2068 παραλλήλου,

278 2084 456 2155 ἐτέρας
487 2080 546 2136 δε
588 2092 688 2135 τῶν
736 2086 870 2135 κατὰ
917 2086 1174 2154 χιασμὸν,
1209 2079 1355 2134 δυοῖν
1388 2079 1437 2135 δ’
1474 2082 1786 2149 ὑπολοίπων,
1819 2083 1887 2134 ὧν

279 2173 504 2247 ἑκατέρα
555 2169 650 2224 διὰ
703 2179 829 2246 μιᾶς
887 2175 976 2245 μὲν
1030 2180 1130 2224 τῶν
1197 2169 1506 2244 διαγωνίων,
1560 2174 1778 2246 θατέρας
1829 2169 1889 2225 δε

275 2272 381 2316 τῶν
440 2261 495 2314 ἐκ
547 2261 878 2336 παραλλήλου
946 2261 1374 2333 συμπλεκομένων
1431 2259 1678 2323 ἀλλήλαις
1749 2260 1886 2313 ἁπο-

279 2351 524 2417 τελείται,
582 2354 815 2426 φανερὸν,
872 2353 942 2413 ὡς
987 2354 1046 2403 τὸ
1100 2349 1339 2412 ἐναντίως
1386 2351 1415 2409 ἣ
1464 2349 1540 2422 ἐφ’
1584 2353 1730 2422 ἡμῶν
1774 2353 1888 2422 ἔχει

279 2445 416 2512 πρὸς
479 2441 721 2514 ἑκατέραν
783 2448 881 2492 τῶν
951 2439 1252 2492 τελευταίων
1311 2436 1702 2497 ἀποδοθήσεται
1735 2458 1747 2470 ·
1802 2443 1888 2491 xui

277 2534 387 2603 γὰρ
447 2528 528 2581 ὶπὶ
591 2532 784 2581 τούτων
834 2531 859 2580 6
905 2533 1085 2601 Πατὴρ
1141 2536 1214 2599 τῷ
1268 2532 1421 2600 Λόγῳ
1468 2533 1558 2580 καὶ
1606 2536 1677 2598 τῷ
1725 2547 1888 2601 προσ-

277 2619 524 2691 λήμματι
597 2622 998 2690 συναπτόμενος,
1062 2625 1134 2688 τῷ
1192 2621 1281 2689 μεν
1351 2622 1503 2688 Λόγῳ
1559 2622 1769 2690 κυρίως,
1828 2617 1886 2670 ού

277 2713 480 2782 κυρίως
529 2703 588 2760 δὲ
632 2716 706 2777 τῷ
748 2707 1122 2780 προσλήμματι
1172 2707 1555 2780 συναρμόζεται
1595 2723 1608 2736 ·
1640 2709 1888 2768 ὡσαύτως

280 2795 345 2850 δὲ
383 2802 474 2850 xui
531 2801 590 2849 1'6
643 2800 769 2857 Θεὸς
817 2801 1010 2870 κυρίως
1059 2803 1152 2848 τοῦ
1201 2795 1628 2868 προσλήμματος,
1682 2795 1740 2847 ού
1793 2816 1889 2847 κυ-

277 2891 410 2961 ρίως
466 2883 524 2940 δε
561 2893 652 2938 τοῦ
701 2890 875 2956 Λόγου
918 2889 1040 2946 Θεὸς
1084 2883 1212 2937 εἶναι
1253 2884 1695 2957 περιαγγέλλεται.
1735 2885 1888 2936 Ούτω

278 2983 565 3050 τοιγαροῦν
617 2977 762 3047 ἡμῶν
819 2974 1235 3027 ἐπισκοπούντων
1299 2978 1357 3024 16
1425 2977 1514 3044 μεν
1572 2983 1662 3033 τῆς
1729 2977 1889 3036 συζυ-

1997 1832 2135 1872 vero
2182 1819 2440 1890 proprie.
2485 1822 2631 1877 Cum
2679 1820 2859 1890 igitur
2899 1828 3158 1893 quatuor
3197 1821 3644 1895 conjugationes

1997 1904 2318 1977 duplicatae
2335 1909 2806 1975 considerentur,
2829 1925 2946 1966 una
2963 1909 3208 1982 quidem
3228 1911 3524 1968 linearum
3542 1927 3644 1983 pa-

1996 1993 2360 2061 rallelarum,
2393 1997 2578 2054 altera
2609 2014 2744 2054 vero
2775 1998 3064 2054 linearum
3091 1999 3344 2056 chiasmi
3384 2000 3640 2071 (interse-

1998 2087 2274 2154 ctarum),
2324 2092 2382 2142 et
2416 2087 2541 2142 aliae
2585 2087 2743 2152 duas,
2774 2103 3034 2158 quarum
3084 2088 3366 2160 quaslibet
3411 2105 3484 2144 ex
3523 2105 3646 2144 una

1996 2171 2218 2244 diagon
2227 2173 2402 2229 alium
2415 2179 2469 2230 et
2480 2174 2594 2230 alia
2609 2175 3031 2247 parallelarum
3044 2176 3196 2231 inter
3206 2192 3266 2232 se
3280 2177 3645 2249 complicatis

1995 2261 2261 2329 resultat,
2295 2263 2606 2319 manifeste
2628 2269 2897 2336 apparet,
2915 2264 3081 2336 quod
3111 2265 3290 2321 verba
3311 2265 3411 2322 illa
3435 2273 3645 2323 contra

1995 2365 2176 2421 quam
2205 2352 2366 2422 apud
2395 2369 2493 2409 nos
2520 2368 2628 2408 usu
2647 2353 2830 2417 venit,
2853 2353 2930 2408 ad
2959 2352 3643 2426 utramlibetpostrema-

1996 2455 2128 2494 rum
2163 2440 2470 2496 reddenda
2500 2446 2655 2496 sunt.
2689 2443 2754 2497 In
2798 2442 2890 2496 his
2935 2441 3097 2497 enim
3141 2443 3326 2499 Pater
3364 2441 3551 2499 Verbo
3590 2447 3647 2498 et

1997 2529 3005 2602 assumptushumanitaticopulatus
3025 2529 3221 2586 Verbo
3245 2531 3491 2602 quidem
3516 2547 3646 2604 pro-

1998 2617 2143 2689 prie.
2189 2619 2545 2674 humanitati
2583 2624 2781 2674 autem
2815 2624 3129 2691 assumpta;
3180 2618 3371 2675 minus
3410 2620 3646 2692 proprie

1996 2711 2309 2777 coaptatur
2338 2724 2352 2772 ;
2378 2707 2460 2763 ita
2487 2723 2625 2763 vero
2650 2712 2705 2762 et
2727 2723 2841 2762 vox
2877 2709 3023 2764 Deus
3056 2707 3288 2779 proprie
3309 2707 3648 2764 humanita-

1996 2796 2068 2850 tis
2093 2799 2439 2867 assumptaa,
2465 2795 2666 2851 minus
2688 2796 2927 2868 proprie
2956 2795 3272 2850 Verbiesse
3300 2797 3646 2868 pronuntia-

2000 2889 2110 2940 tur.
2158 2883 2254 2940 Sic
2301 2885 2476 2956 igitur
2505 2884 2599 2940 his
2647 2901 2684 2940 a
2726 2884 2905 2940 nobis
2937 2883 3348 2953 consideratis,
3396 2884 3645 2940 alteram

1997 2973 2242 3046 quidem
2258 2974 2384 3044 conj
2395 2974 2736 3044 ugationem
2751 2971 3009 3044 proprie,
3028 2972 3276 3028 alteram
3292 2988 3431 3028 vero
3447 2972 3523 3028 mi
3535 2989 3646 3029 nus

275 3071 403 3134 γίας
451 3069 659 3138 κυρίως,
717 3067 774 3116 τὸ
829 3059 887 3116 δε
940 3062 998 3116 ού
1044 3067 1236 3136 κυρίως
1300 3065 1422 3133 ἕχον
1481 3061 1886 3134 ἀναφανήσεται,

1998 3061 2235 3134 proprie
2252 3061 2438 3134 accipi
2457 3061 2777 3134 apparebit,
2804 3059 2984 3132 idque
3000 3075 3121 3114 non
3143 3075 3260 3116 una
3276 3061 3647 3135 simplicique

275 3160 557 3206 καὶτοῦτο
605 3153 664 3206 ού
695 3149 996 3225 μονοειδῶς,
1051 3150 1158 3203 ἀλλ’
1203 3150 1251 3202 εν
1288 3155 1474 3221 σχέσει
1504 3156 1594 3202 καὶ
1637 3156 1890 3223 συναφείᾳ

276 3243 722 3315 παραλλαττούσῃ
779 3238 1082 3294 διπλασίονι
1111 3258 1123 3270 '
1153 3245 1240 3292 xui
1296 3236 1474 3305 δῆλον,
1529 3243 1596 3302 ὡς
1647 3240 1890 3313 ἑκατέρας

277 3343 387 3386 τῶν
437 3337 702 3404 συζυγῶν
751 3331 986 3404 ἑκάτερον
1043 3337 1133 3382 τοῦ
1184 3333 1373 3402 κυρίως
1419 3334 1508 3381 καὶ
1555 3336 1648 3381 τοῦ
1698 3329 1758 3381 ού
1801 3349 1890 3381 xu-

276 3428 411 3496 ρίως
463 3421 694 3482 ἐναντίως
725 3422 753 3480 ἦ
798 3419 874 3492 ἐφ’
921 3422 1064 3492 ἡμῶν
1115 3422 1228 3490 ἔχει
1262 3435 1273 3448 ⁸
1307 3423 1396 3470 xui
1445 3414 1626 3476 ἐπειδὴ
1678 3417 1889 3482 ἐπεζεύ-

276 3515 396 3586 χθη
449 3515 513 3565 τὰ
561 3512 806 3584 ὀνόματα,
857 3514 914 3562 τὸ
955 3514 1082 3571 Θεὸς
1128 3509 1261 3580 λέγω
1307 3513 1397 3561 καὶ
1429 3512 1630 3584 Πατὴρ,
1679 3505 1772 3561 διὰ
1799 3516 1890 3570 τῆς

277 3611 379 3656 τοῦ
417 3606 611 3675 κυρίως
672 3601 998 3662 οἰκειώσεως,
1052 3598 1346 3670 ἐπεζεύχθη
1397 3595 1455 3651 δε
1504 3595 1654 3650 ούδεν
1685 3598 1889 3650 ἔλαττον

279 3696 379 3744 καὶ
424 3687 518 3743 διὰ
554 3699 649 3752 τῆς
700 3697 792 3742 τοῦ
845 3694 916 3761 μὴ
966 3691 1159 3762 κυρίως
1208 3693 1591 3762 συναρτήσεως,
1625 3687 1668 3740 εἰ
1713 3685 1890 3759 βούλει

283 3777 352 3833 δὲ
393 3784 483 3832 καὶ
544 3775 681 3832 διότι
738 3780 821 3830 ἰπὶ
880 3787 974 3838 τῆς
1016 3778 1181 3838 αὐτῆς
1229 3778 1585 3843 ὑποστάσεως,
1619 3775 1660 3828 εἰ
1699 3780 1886 3848 καὶμὴ

281 3873 481 3940 ὁμοίως
534 3873 757 3942 φέρεται,
811 3871 1072 3941 πρόφασις
1114 3851 1291 3937 γέσλνε
1355 3871 1461 3924 τοῖς
1509 3866 1788 3935 αἱρετικοῐς
1832 3867 1890 3915 16

282 3966 520 4011 τοιοῦτον
577 3957 646 4018 εἰς
703 3959 762 4009 16
826 3958 1094 4028 κρατύνειν
1149 3953 1318 4005 αὐτῶν
1375 3955 1505 4024 μετὰ
1560 3957 1890 4026 προσωπείου

280 4053 346 4100 16
389 4043 708 4117 δυσσέϐημα
756 4045 1072 4097 κλεπτόντων
1125 4046 1214 4116 μεν
1265 4045 1324 4094 τό
1373 4045 1564 4113 κυρίως
1605 4047 1693 4094 καὶ
1735 4045 1792 4092 τὸ
1832 4041 1890 4093 ού

279 4139 502 4209 κυρίως,
575 4134 900 4206 σεσυλημένα
965 4130 1024 4186 δὲ
1100 4136 1451 4204 προφερόντων
1526 4131 1592 4189 ὡς
1650 4129 1710 4180 ἆν
1767 4129 1892 4202 βού-

279 4225 456 4277 λοιντο
501 4227 558 4275 τὸ
618 4228 794 4295 Πατὴρ
847 4228 936 4274 καί
990 4241 1050 4292 γε
1092 4225 1150 4272 τὸ
1196 4223 1327 4281 Θεὸς
1375 4218 1448 4291 ἐφ’
1492 4218 1736 4292 ἑκατέρας
1791 4228 1890 4270 τῶν

279 4315 407 4367 καθ’
489 4316 781 4366 ὑπόστασιν
838 4315 1105 4384 ἡνωμένων
1176 4313 1376 4382 φύσεων
1444 4312 1573 4383 πρὸς
1637 4313 1730 4366 τὴν
1794 4317 1888 4370 τῆς

283 4400 434 4465 ἰδίας
485 4401 824 4475 βλασφημίας
871 4403 1148 4453 σύστασιν.
1200 4398 1355 4452 Ἀλλὰ
1398 4404 1515 4470 περὶ
1557 4401 1646 4468 μέν
1694 4401 1885 4449 τούτων

279 4501 522 4546 τοσαῦτα
550 4494 576 4544 6
607 4501 701 4553 τῆς
732 4491 1011 4564 φιλοσόφου
1055 4491 1270 4565 θεωρίας
1297 4485 1514 4552 διέξεισι
1544 4487 1714 4558 λόγος.

1998 3151 2212 3216 forma,
2240 3151 2344 3206 sed
2374 3152 2432 3206 in
2484 3150 2838 3206 habitudine
2877 3153 2936 3204 et
2979 3148 3354 3220 copulatione
3385 3151 3648 3208 variante

1999 3241 2259 3312 gemina.
2292 3243 2549 3310 Etpatet,
2579 3239 2637 3294 in
2672 3237 2945 3294 utralibet
2973 3237 3393 3306 conjugatione
3421 3245 3650 3296 utram-

1998 3330 2141 3385 libet
2195 3329 2421 3402 proprii
2474 3334 2530 3384 et
2579 3329 2779 3384 minus
2817 3323 3045 3398 proprii
3095 3327 3388 3383 rationem
3445 3335 3649 3384 contra

1997 3435 2183 3491 quam
2209 3419 2370 3489 apud
2394 3434 2504 3474 nos
2521 3419 2594 3473 sit
2621 3434 2684 3474 se
2710 3417 2948 3474 habere.
2981 3418 3044 3474 Et
3063 3419 3352 3489 quoniam
3370 3418 3652 3490 copulata

1998 3507 2232 3563 fuerunt
2262 3507 2528 3572 nomina,
2564 3509 2716 3562 Deus
2743 3509 2992 3582 inquam
3024 3515 3082 3566 et
3117 3512 3302 3574 Pater,
3336 3523 3442 3579 per
3470 3507 3650 3578 hujus

1997 3595 2259 3651 adverbii
2274 3596 2512 3664 proprie
2537 3595 2610 3651 ad
2613 3595 2959 3667 jectionem,
2987 3598 3264 3670 copulata
3285 3602 3486 3651 tamen
3504 3595 3652 3650 nihi-

1998 3685 2257 3741 lominus
2273 3687 2512 3741 fuerunt
2541 3701 2645 3757 per
2661 3686 2924 3742 adverbii
2943 3704 3058 3744 non
3081 3687 3313 3758 proprie
3332 3685 3653 3757 colligatio-

1999 3791 2159 3840 nem,
2187 3777 2280 3830 vel
2301 3774 2347 3828 si
2375 3775 2465 3829 vis
2487 3777 2685 3839 etiam,
2711 3776 2965 3847 quiailla
2985 3777 3060 3833 de
3086 3776 3296 3832 eadem
3313 3774 3649 3848 hypostasi,

1999 3863 2130 3920 licet
2160 3879 2279 3920 non
2318 3863 2599 3932 similiter,
2631 3863 2979 3930 efferuntur,
3014 3865 3075 3920 id
3107 3880 3254 3920 ansa
3282 3863 3498 3920 exstitit
3528 3863 3651 3919 hm-

1998 3953 2190 4009 reticis
2219 3956 2295 4008 ad
2332 3953 2814 4008 conﬁrmandam
2852 3970 2989 4009 cum
3017 3953 3224 4008 fraude
3241 3967 3413 4007 suam
3447 3951 3652 4022 impie-

2000 4049 2200 4106 tatem,
2231 4041 2640 4097 auferentibus
2667 4042 2910 4113 quidem
2944 4058 3122 4098 voces
3155 4041 3286 4096 illas
3312 4040 3554 4108 proprie
3595 4044 3652 4094 et

1998 4130 2583 4202 impropm’edoloque
2611 4131 2902 4201 sacrilego
2925 4131 3000 4186 ad
3023 4147 3197 4185 suum
3221 4127 3649 4202 proferentibus

1997 4219 2231 4274 libitum
2251 4235 2456 4274 vocem
2482 4220 2642 4275 illam
2665 4221 2864 4276 Patris
2891 4226 2946 4275 et
2979 4220 3084 4276 Dei
3105 4233 3288 4290 supra
3311 4215 3652 4272 utramlibet

1998 4312 2349 4363 naturarum
2365 4309 2736 4379 hypostatice
2755 4309 3082 4373 unitarum,
3109 4315 3355 4362 utsuam
3374 4303 3650 4377 blasphe-

1998 4397 2183 4453 miam
2211 4395 2531 4452 stabiliant.
2562 4398 2775 4452 Verum
2809 4398 2934 4452 haec
2960 4397 3205 4470 quidem
3236 4396 3318 4452 ita
3343 4411 3414 4451 ex
3448 4394 3652 4451 catho-

2000 4486 2125 4542 licae
2153 4485 2286 4540 fidei
2315 4486 2586 4541 doctrina
2619 4485 3007 4556 explicantur.

1865 4596 2089 4652 ΝΟΤΕ.

361 4700 475 4771 (32)
518 4698 832 4754 Chiasmus
873 4703 959 4754 est
1013 4696 1209 4766 ﬁgura
1259 4693 1517 4752 formam
1557 4691 1764 4746 litterae
1802 4708 1838 4746 x
1889 4691 2200 4747 exhibens.
2246 4692 2307 4746 ln
2347 4689 2459 4746 cod
2500 4689 2626 4748 Vat.
2668 4690 2907 4747 schema
2946 4707 2983 4748 a
3023 4690 3224 4747 Photio
3265 4690 3650 4760 designatum

283 4797 606 4855 ascriptum
649 4801 738 4853 cst
771 4813 781 4852 :
1323 4795 1502 4862 Πατὴρ

1375 5221 1407 5254 κ

1353 5256 1406 5319 ,ξ

1374 5326 1420 5342 ρ.

1366 5346 1406 5410 ΞΞ

1653 5018 1721 5069 οὺ,
2007 5061 2040 5095 (ἢ

1955 5082 2012 5135 w‘

1886 5125 1972 5206 ...οἳ

1861 5216 1954 5320 4-90
1973 5303 1986 5311 ὀ

1946 5310 2026 5392 (ΦΓ

1585 5439 1637 5506 ἐκ)

1525 5658 1582 5690 ου
2110 5640 2203 5686 τοῦ

2254 4792 2379 4850 Θεὸς

2326 5220 2356 5251 κ

2303 5255 2358 5316 -ξ

2325 5325 2372 5343 1-.

2315 5345 2356 5409 Ξ

2305 5646 2716 5723 προσλήμματος
