3938 6178
502 262 607 319 495

1746 253 1983 311 ΡΗΟἸῚΙ
2023 248 2289 308 PATRIA
2299 249 2501 308 RCHE
2542 252 2649 310 ΟΡ.

3675 264 3748 319 496

571 385 626 440 ι.
650 385 727 440 De
754 382 857 439 illo
888 385 1110 447 autem,
1142 381 1311 438 Nunc
1339 396 1443 452 ego
1468 380 1732 448 mentior,
1764 385 1893 444 etc.,
1923 383 2070 452 puto
2095 384 2151 433 te

2332 373 2405 433 δ’.
2447 383 2571 452 Περὶ
2638 376 2697 433 δε
2779 384 2894 447 τοῦ,
2976 383 3083 431 Νῦν
3171 374 3223 431 δ’
3281 376 3371 451 ἆγὼ
3428 378 3646 457 ψεύδομαι
3689 394 3753 441 καί

502 474 580 531 ad
610 474 694 529 rei
724 473 1126 528 narrationem
1145 470 1298 526 illico
1331 472 1683 527 memoriam
1709 474 2147 525 revocaturum.

502 562 649 618 Cum
681 562 841 617 enim
872 575 982 629 ego
1009 560 1151 615 olim
1192 560 1251 615 in
1282 559 1603 615 dialecticis
1632 556 2151 615 exercitationibus

502 657 661 708 artes
694 650 919 721 topicas
941 648 1296 720 explicarem
1328 648 1992 721 auditoribus,quorum
2024 645 2152 717 ipse

502 757 624 796 non
656 740 916 803 inﬁmus,
950 738 1074 793 imo
1117 739 1175 792 in
1215 737 1581 808 disputando
1612 753 1742 793 eras
1784 737 2148 809 praecipuus,

500 830 716 887 librum
734 829 1030 897 integrum
1050 826 1123 881 de
1149 826 1262 881 hac
1279 828 1606 897 quaestione
1641 825 2149 891 elucubravimus,

502 934 684 991 quem
703 918 881 973 etiam
901 915 1283 971 scribendum
1303 920 1440 970 tunc
1467 915 1799 970 volentibus
1813 913 2151 985 quibusque

501 1006 891 1079 permisimus.
938 1003 1097 1059 Unde
1145 1008 1373 1074 oportet
1400 1008 1461 1057 tu
1491 1018 1733 1075 quoque
1761 1003 1940 1057 istum
1988 1016 2153 1072 repe-

501 1096 659 1151 riens
690 1110 757 1150 ac
774 1092 1148 1165 pervolvens,
1182 1092 1230 1147 si
1258 1091 1406 1163 quid
1423 1092 1496 1147 de
1526 1091 1638 1147 hac
1670 1090 2077 1146 controversia
2103 1094 2153 1145 te

502 1183 838 1255 prmierivit,
872 1182 927 1237 in
958 1180 1310 1237 memoriam
1337 1196 1596 1236 revoces.
1629 1182 1760 1236 Non
1791 1180 1900 1235 erit
1927 1184 2149 1243 tamen,

502 1274 732 1345 opinor,
769 1285 1288 1342 supervacaneum
1310 1285 1419 1325 nec
1442 1269 1668 1325 subibit
1690 1269 2027 1326 ambitionis
2049 1284 2153 1323 no-

501 1369 646 1431 tam,
678 1378 839 1417 nunc
868 1376 1111 1433 quoque
1141 1359 1201 1414 in
1230 1360 1312 1415 tui
1332 1359 1587 1430 gratiam
1614 1375 1809 1432 pauca
1834 1358 1908 1414 de
1939 1356 2151 1414 eadem

500 1468 562 1508 re
587 1451 770 1507 verba
799 1450 1011 1506 facere.

570 1542 623 1596 5.
649 1540 983 1609 Gregorius,
1013 1538 1115 1610 qui
1138 1537 1211 1592 de
1224 1536 1402 1592 rebus
1416 1536 1634 1592 divinis
1659 1534 2151 1592 excellentissime

501 1630 794 1691 disseruit,
813 1644 950 1683 cum
972 1625 1314 1681 Eunomiani
1345 1625 1775 1680 arbitrarentur
1792 1640 1971 1695 posse
1989 1639 2051 1679 se
2077 1640 2151 1679 ex

500 1720 693 1787 logico
733 1718 1006 1772 discursu
1050 1714 1730 1787 incomprehensibilium
1762 1714 2149 1785 comprehen-

502 1808 729 1863 sionem
769 1805 940 1877 quasi
996 1820 1121 1859 rem
1169 1803 1437 1874 aliquam
1486 1802 1800 1858 minimam
1846 1802 2050 1858 venari
2081 1818 2149 1857 ac

499 1895 777 1968 praedari,
807 1910 874 1948 ac
892 1909 997 1965 per
1012 1891 1532 1947 contradictoriam
1557 1891 1717 1947 illam
1742 1892 2148 1962 interrogatio-

499 2000 658 2049 nem,
694 1990 757 2039 ut
787 1982 1088 2054 putabant,
1118 1986 1477 2036 coaeternum
1511 1980 1698 2035 Patris
1730 1980 1985 2035 Verbum
2014 1997 2150 2035 cum

500 2073 678 2129 rebus
690 2070 1066 2143 postmodum
1081 2070 1248 2125 factis
1260 2069 1549 2125 collocare
1562 2070 1869 2133 auderent,
1886 2069 2148 2134 divinus,

498 2164 768 2233 inquam,
802 2163 919 2233 (ἠμί
947 2160 999 2231 ?)
1026 2159 1346 2227 Gregorius
1379 2159 1716 2214 concedens
1750 2157 2151 2227 interrogatio-

498 2267 633 2307 nem
664 2251 830 2305 illam
859 2266 964 2321 per
992 2248 1519 2305 contradictionem
1553 2248 1910 2319 processisse
1941 2249 2149 2319 (quan-

498 2356 685 2412 quam
726 2356 846 2394 non
879 2340 961 2393 ita
996 2354 1087 2393 res
1146 2342 1291 2401 erat,
1348 2337 1454 2391 sed
1505 2337 1700 2391 ambaa
1755 2337 2149 2408 appositionis

500 2432 697 2498 partes
734 2443 839 2499 per
886 2426 1350 2481 afﬁrmationem
1377 2424 1796 2490 efferebantur,
1830 2427 1934 2481 etsi
1964 2426 2153 2482 altera

500 2515 733 2570 illarum
768 2530 973 2569 vocem
996 2513 1349 2584 simplicem,
1383 2515 1566 2569 altera
1590 2530 1659 2568 ex
1690 2516 2151 2587 transpositione

502 2602 745 2672 gerebat
769 2602 1065 2671 formam),
1091 2603 1206 2656 hoc
1234 2607 1431 2656 tamen
1454 2602 1741 2670 neglecto,
1763 2619 1835 2657 ne
1855 2602 2152 2658 videretur

501 2691 763 2747 artiﬁciis
791 2697 843 2746 et
882 2690 1129 2760 argutiis
1159 2690 1416 2759 gloriari,
1452 2690 1548 2761 qui
1589 2691 1819 2745 nullum
1850 2691 1944 2746 his
1975 2692 2034 2747 in
2065 2707 2152 2747 re-

501 2796 636 2836 rum
684 2780 1022 2834 divinarum
1055 2778 1402 2834 tractatione
1455 2778 1629 2833 dabat
1661 2780 1911 2845 aditum,
1946 2785 2153 2837 contra

498 2870 820 2941 ipsammet
850 2869 1083 2923 illorum
1118 2884 1315 2923 arcem
1370 2868 1596 2923 validos
1640 2868 1900 2924 veritatis
1941 2869 2153 2925 arietes

500 2960 820 3025 constituit,
840 2962 891 3014 et
918 2973 1113 3013 rerum
1138 2957 1433 3013 evidentia
1462 2959 1656 3029 potius
1677 2973 1856 3030 quam
1874 2958 2151 3029 objectio-

2261 465 2373 528 ὲξῆς
2413 468 2547 539 (33),
2577 468 2645 529 εἰς
2696 474 2901 541 μνήμην
2956 465 3105 539 οζααί
3163 487 3219 520 σε
3266 474 3335 539 μὴ
3388 468 3659 547 βραδύτερον
3689 485 3755 539 τῆς

2263 558 2497 629 ἱστορίας
2555 557 2714 610 ἐλθεῖν
2769 554 3161 629 διηγουμένης·
3195 563 3285 609 καὶ
3331 560 3423 633 γὰρ
3489 562 3621 613 πάλαι
3668 570 3757 618 ποτε

2260 648 2395 697 κατὰ
2458 648 2547 706 τὰς
2622 643 2953 708 διαλεκτικὰς
3013 651 3405 718 ’συγγυμνασίας
3471 651 3551 710 τὰς
3604 656 3761 715 τοπικὰς

2260 730 2517 805 μεθόδους
2574 733 2999 798 ἀναπτύσσοντός
3061 755 3162 807 μου
3226 743 3334 798 τοῖς
3382 736 3681 810 ἀκροωμένοις,
3712 741 3759 791 ὧν

2260 828 2350 874 καὶ
2402 827 2553 884 αὐτὸς
2606 821 2729 877 οὐδε
2787 833 2887 877 τῶν
2952 830 3239 896 τυχόντων,
3298 824 3417 878 ἀλλὰ
3463 835 3550 878 τῶν
3592 828 3765 899 μαλιστα

2263 913 2625 972 συξητούντων
2677 910 2833 975 ἦσθα,
2899 915 3084 975 ἱκανῶς
3131 917 3268 985 ἔχων
3319 914 3459 985 λόγος
3501 921 3599 987 περὶ
3630 920 3762 968 τούτου

2261 1009 2352 1053 τοῦ
2402 1003 2702 1074 ζητήματος
2753 1001 3045 1061 κατεϐλὴθη
3080 1019 3093 1031 ⁸
3136 1002 3212 1075 ἐφ’
3362 1009 3442 1056 καὶ
3494 1010 3765 1077 γεγραμμένον

2262 1092 2402 1161 ἔχειν
2452 1098 2741 1148 τηνικαῦτα
2788 1100 2897 1153 τοῖς
2954 1090 3289 1164 βουλομένοις
3334 1089 3526 1155 ἐξεδόθη
3574 1098 3645 1145 καὶ
3686 1100 3763 1164 χρὴ

2264 1198 2320 1231 σε
2366 1188 2555 1231 τοῦτον
2616 1180 3082 1254 ἀνερευνησάμενον
3156 1186 3245 1233 καὶ
3315 1183 3527 1257 εὑρόντα,
3572 1186 3609 1234 εἰ
3653 1188 3691 1233 τί
3730 1200 3769 1233 σι

2264 1264 2470 1321 διέλαθε
2528 1275 2647 1343 περὶ
2697 1278 2786 1330 τῆς
2850 1274 3186 1345 προκειμένης
3234 1270 3649 1344 ἀμφισϐητήσεως,
3686 1270 3772 1322 ἀνα-

2261 1360 2563 1415 κτήσασθαι
2604 1366 2666 1430 τῇ
2724 1363 2926 1431 μνήμη.
2964 1359 3096 1417 Πλὴν
3144 1364 3235 1412 καὶ
3282 1368 3369 1411 νῦν
3397 1362 3459 1422 ὡς
3489 1360 3529 1411 ἓν
3564 1363 3679 1430 τύπῳ
3702 1363 3771 1417 σήν

2260 1449 2422 1519 χάριν
2451 1448 2510 1499 οὐ
2540 1452 2777 1520 περιττόν
2816 1446 2940 1501 οὐδί
2971 1448 3236 1521 φιλότιμον
3262 1448 3406 1521 οἶμαι
3443 1450 3595 1503 εἰπεῖν.

2332 1534 2388 1590 ε’.
2426 1535 2486 1589 Ὀ
2551 1539 2614 1588 τά
2688 1539 2798 1589 θεῖα
2862 1536 3177 1609 θεολογήσας
3241 1540 3499 1611 ὑπερφυῶς
3558 1541 3775 1611 Γρηγόριος

2260 1633 2359 1675 τῶν
2412 1624 2499 1676 ἀπ’
2558 1626 2811 1697 Εὐνομίου
2861 1631 2955 1685 τὴν
3012 1626 3305 1697 κατάληψιν
3346 1636 3439 1679 τῶν
3483 1626 3777 1683 ἀκαταλήπτων

2192 1728 2229 1781 Β
2260 1716 2315 1765 ἐκ
2369 1722 2462 1775 τῆς
2514 1713 2728 1785 λογικῆς
2784 1713 3079 1790 ὲντρεχείας
3128 1716 3367 1788 οἰομένων
3423 1719 3576 1789 ὥσπερ
3627 1735 3669 1766 τι
3706 1723 3778 1767 τῶν

2260 1802 2454 1855 πολλῶν
2516 1805 2616 1856 ὑπό
2684 1806 2846 1878 θήραν
2907 1812 3070 1857 ποιεῖν
3116 1811 3206 1857 καὶ
3262 1808 3571 1879 προνομεύειν
3609 1808 3682 1855 καὶ
3715 1799 3784 1855 διὰ

2258 1902 2351 1954 τῆς
2403 1891 2744 1964 ἀντιφατικῆς
2786 1892 3101 1967 ἕρωτήσεως,
3147 1897 3212 1955 ὡς
3242 1900 3420 1965 ᾤοντο,
3462 1898 3540 1946 τόν
3573 1888 3783 1945 muttito-1

2260 1990 2351 2034 τοῦ
2412 1986 2613 2054 Πατρός
2669 1987 2836 2053 Λόγον
2893 1984 3107 2057 ὕστερον
3161 1990 3248 2036 καὶ
3304 1992 3408 2046 τοῖς
3461 1988 3689 2055 γεγονόσιν
3723 1982 3786 2033 ἕνα

2263 2074 2564 2123 συντάττειν
2642 2074 3054 2145 θρασυνομένων,
3131 2078 3484 2147 συγχωρήσας
3544 2068 3669 2135 εἶναι,
3722 2073 3785 2120 τὸν

2260 2160 2580 2234 ἐρωτημένον
2636 2161 2805 2232 λόγον,
2840 2162 2865 2212 ό
2903 2163 3031 2221 θεῖος
3090 2167 3389 2236 Γρηγόριος,
3436 2158 3503 2213 δι’
3538 2159 3786 2232 ἀντιφάσεως

2260 2248 2678 2322 προεληλυθέναι,
2713 2255 2885 2302 καίτοι
2914 2270 2974 2322 γε
3011 2250 3116 2322 οὐχ
3160 2251 3326 2312 ὸῦτως
3370 2250 3521 2322 εἶχεν,
3559 2248 3649 2300 ἀλλ’
3675 2251 3788 2319 ipso

2260 2342 2325 2389 τά
2372 2343 2501 2412 μέρη
2557 2348 2652 2401 τῆς
2705 2338 3011 2401 ἀντιθέσεως
3041 2343 3170 2412 πρὸς
3216 2343 3273 2393 τὸ
3305 2342 3631 2412 καταφατικὸν
3662 2334 3787 2388 61m-

2260 2434 2440 2492 ποῦτο,
2475 2428 2518 2479 εἰ
2547 2433 2637 2480 καὶ
2672 2430 2702 2485 ἡ
2737 2431 2827 2500 μεν
2884 2437 2982 2479 τῶν
3042 2438 3215 2500 φωνῶν
3259 2435 3354 2487 τὴν
3402 2429 3573 2492 ἁπλῆν,
3599 2429 3624 2485 ἡ
3654 2423 3701 2478 δὲ
3723 2428 3790 2481 τὴν

2261 2516 2316 2567 ἐκ
2373 2519 2692 2588 μεταθέσεως
2744 2520 2885 2589 ἔφερε
2929 2522 3133 2591 μορφήν
3176 2534 3189 2549 ’
3230 2518 3364 2577 πλὴν
3412 2517 3529 2570 ἀλλὰ
3578 2520 3703 2568 τοῦτὸ
3748 2530 3791 2582 7‘

2261 2603 2517 2679 παριδὼν,
2550 2608 2631 2657 ἶνα
2658 2611 2729 2679 μὴ
2766 2603 2893 2679 δόξῃ
2923 2614 3038 2668 ταῖς
3061 2607 3419 2679 τεχνολογίαις
3441 2610 3464 2659 ὁ
3489 2610 3672 2665 ταύταις
3697 2604 3791 2674 πάρ·

2262 2692 2383 2746 οδον
2428 2694 2511 2747 ἐπὶ
2571 2703 2705 2749 Θεοῦ
2759 2700 2848 2748 καὶ
2890 2698 3145 2767 θεολογίας
3200 2702 3272 2769 μὴ
3319 2694 3497 2756 διδοὺς
3536 2694 3794 2764 ἕπισεμνύνε-

2266 2786 2408 2847 σθαι,
2466 2784 2581 2835 κατ’
2635 2785 2799 2845 αὐτῆς
2856 2785 3023 2837 αὐτῶν
3084 2794 3179 2846 τῆς
3245 2785 3562 2859 ἀκροπόλεως
3610 2786 3689 2843 τὰς
3728 2786 3795 2839 τῆς

2264 2872 2508 2933 ἀληθείας
2555 2873 2833 2945 ἐφίστησιν
2892 2873 3138 2935 ἑλεπόλεις
3198 2880 3290 2927 καὶ
3348 2884 3410 2947 τῇ
3478 2874 3684 2948 ἐναργείᾳ
3725 2876 3795 2919 τῶν

2263 2964 2583 3033 πραγμάτων
2638 2961 2827 3033 μᾶλλον
2882 2962 2910 3019 ἦ
2966 2969 3028 3033 τῇ
3086 2971 3184 3014 τῶν
3235 2965 3483 3037 ῥημάτων
3529 2960 3798 3030 ἀνθυποφορᾴ

498 3048 592 3105 nis
613 3048 953 3120 exceptione
983 3046 1225 3113 clamat,
1256 3046 1421 3119 quod
1444 3063 1556 3101 non
1590 3047 1835 3102 omnino
1867 3056 2153 3117 vestrum,

2266 3048 2387 3121 βοᾷ,
2421 3052 2490 3111 ὡς
2530 3050 2604 3101 Οὐ
2654 3052 2877 3118 πάντως,
2910 3048 2948 3102 ὧ
2983 3059 3294 3124 σοφώτατοι,
3330 3056 3388 3105 τό
3417 3061 3507 3113 τῆς
3542 3049 3798 3120 ἀντιφάσεως

500 3140 651 3195 oviri
667 3138 1106 3210 sapientissimi,
1122 3136 1609 3193 contradictionis
1625 3137 1962 3208 perfugium
1976 3138 2157 3208 exigit

500 3235 563 3283 ut
575 3228 757 3283 altera
771 3228 1248 3299 propositionum
1265 3226 1634 3293 admittatur,
1650 3227 1815 3296 quod
1830 3227 2000 3283 vobis
2012 3227 2159 3283 invi-

501 3322 651 3371 ctum
666 3322 873 3371 contra
887 3315 1188 3371 veritatem
1202 3314 1512 3369 videbatur
1526 3319 2158 3388 argumentum;neque

502 3409 587 3458 est
602 3404 901 3475 ejusmodi
918 3403 1385 3458 ratiocinationis
1399 3404 1739 3474 aequissima
1758 3405 2161 3461 etrectissima

501 3492 873 3562 dijudicatio.
896 3492 1167 3563 Cumque
1190 3492 1248 3545 id
1267 3492 1619 3547 adversariis
1645 3494 2032 3563 reposuisset,
2057 3494 2159 3549 ad-

502 3580 611 3636 fert
652 3580 928 3650 exempla
958 3580 1067 3634 ista
1102 3595 1113 3634 :
1146 3581 1323 3635 Nunc
1352 3596 1452 3649 ego
1497 3584 1767 3647 mentior,
1802 3587 1877 3649 et,
1926 3582 2033 3638 (ibi
2056 3600 2164 3639 na-

502 3672 682 3726 scenti
718 3670 941 3735 aderas,
974 3676 1028 3722 et
1058 3668 1172 3724 alia
1204 3670 1383 3740 hujus
1411 3672 1661 3739 generis,
1687 3672 2016 3727 ostendens
2042 3690 2163 3729 non

504 3775 634 3814 esse
668 3759 918 3813 omnino
950 3759 1376 3826 necessarium,
1413 3766 1473 3815 ut
1504 3760 1563 3815 in
1611 3760 1802 3816 allatis
1850 3763 2163 3834 exemplis,

504 3848 857 3905 admittatur
888 3862 1028 3919 pars
1060 3863 1074 3913 ;
1104 3849 1208 3902 sed
1232 3853 1444 3920 potest,
1467 3854 1529 3903 ut
1550 3850 1607 3904 in
1633 3850 1824 3905 allatis
1846 3852 2154 3923 exemplis,

501 3936 828 4009 aliquando
856 3936 1037 4009 (quis)
1072 3941 1387 4009 utramque
1416 3938 1663 3993 inﬁciari
1692 3945 1746 3995 et
1772 3942 2081 4012 repudiare
2112 3946 2169 3998 et

503 4026 666 4084 aliud
686 4026 917 4082 tertium
930 4026 1284 4096 excogitare,
1303 4026 1360 4081 in
1376 4044 1503 4099 quo
1522 4029 1783 4083 emicare
1798 4030 2013 4086 veritas
2026 4046 2165 4086 con-

504 4116 803 4187 spiciatur.
833 4122 913 4170 Ac
948 4121 1179 4187 poterat
1203 4116 1448 4187 quidem
1494 4118 1809 4187 Gregorius
1852 4134 1923 4173 ex
1954 4120 2160 4189 logicaa

503 4206 819 4278 praeceptis
842 4205 1228 4275 distinguere,
1254 4221 1537 4277 quaenam
1570 4207 2158 4264 contradictoriarum

506 4312 712 4351 verum
740 4311 808 4350 ac
841 4294 1054 4350 falsum
1086 4294 1386 4355 dirimant,
1423 4301 1479 4350 et
1506 4311 1779 4365 quasnam
1812 4312 1933 4351 non
1968 4314 1982 4364 ;
2014 4298 2160 4369 quia

506 4389 704 4439 tamen
729 4383 802 4437 de
833 4386 948 4438 Deo
978 4383 1288 4447 disserere,
1323 4399 1445 4438 non
1478 4388 1673 4438 autem
1703 4386 1842 4439 artis
1876 4390 2157 4441 ornatum

506 4477 803 4528 ostentare
859 4472 968 4527 sibi
1002 4477 1123 4528 erat
1166 4471 1564 4543 propositum,
1614 4477 1669 4528 et
1715 4473 2025 4529 hazreticos
2062 4491 2155 4530 ar-

2191 4256 2233 4307 D

2264 3141 2405 3209 ὑμῶν
2454 3142 2771 3211 καταφῦγιον
2828 3143 3043 3215 θατέραν
3098 3139 3309 3194 ἀπαιτεῖ
3358 3140 3686 3214 συνομολογεῖν
3726 3142 3798 3185 τῶν

2265 3231 2564 3300 προτάσεων
2598 3248 2610 3260 ·
2643 3225 2716 3280 δι’
2765 3229 2921 3300 οὗπερ
2975 3232 3095 3301 ὑμῖν
3145 3234 3281 3282 κατά
3336 3240 3434 3292 τῆς
3489 3227 3715 3284 εὐσεϐείας
3760 3225 3801 3271 τὸ

2269 3319 2462 3390 θράσος
2514 3314 2683 3370 ἐδόκει
2726 3320 2938 3389 ἄμαχον
2971 3338 2983 3350 ·
3023 3315 3147 3371 οῦδέ
3189 3319 3333 3371 ἐστιν
3378 3321 3536 3381 αὐτῆς
3574 3313 3803 3370 ἀδέκαστος

2268 3408 2297 3463 ἡ
2330 3402 2619 3478 διάκρισις.
2678 3412 2777 3459 Καὶ
2825 3414 2977 3459 τοῦτο
3027 3407 3419 3479 ἀνθυπενεγκὼν
3474 3410 3638 3465 τίθησι
3682 3420 3806 3472 παρα·

2271 3491 2548 3565 δείγματα,
2606 3500 2663 3547 τό
2713 3514 2782 3562 τε,
2838 3503 2946 3549 Νῦν
2990 3495 3088 3568 ἐγὼ
3135 3494 3426 3569 ψεύδομαι,
3476 3502 3560 3549 καὶ
3602 3498 3667 3558 τό,
3708 3499 3804 3543 Σαν-

2270 3593 2341 3654 τῷ
2399 3580 2457 3635 δε
2508 3588 2761 3657 γενομένῳ
2811 3593 2983 3660 παρῆς
3018 3603 3029 3614 ·
3064 3592 3153 3638 καὶ
3210 3588 3312 3639 ὅσα
3372 3595 3598 3656 τοιαῦτα,
3656 3579 3810 3636 δεικνὺς

2274 3676 2341 3733 ὡς
2393 3673 2452 3725 οῦ
2505 3676 2703 3735 πάντως
2770 3677 2828 3726 τὸ
2904 3678 3070 3749 ἕτερον
3123 3685 3218 3738 τῆς
3286 3675 3599 3750 ἀντιφάσεως
3655 3672 3806 3739 ἀνάγκη

2275 3762 2653 3834 συνομολογεῖν,
2720 3762 2827 3815 ἀλλ’
2884 3765 2994 3816 ἔσθ’
3061 3767 3143 3818 ὅτε
3197 3762 3423 3819 δυνατὸν
3463 3768 3622 3840 ὥσπερ
3656 3766 3731 3814 καὶ
3754 3756 3813 3808 ἐπὶ

2273 3861 2371 3903 τῶν
2439 3856 2783 3923 προκειμένων
2860 3852 3098 3927 ἑκάτερον
3167 3853 3516 3927 ἀπαρνεῖσθαι
3587 3856 3665 3904 καὶ
3720 3846 3813 3897 ἀπο·

2271 3942 2568 4013 πέμπεσθαι
2623 3946 2712 3993 καὶ
2764 3947 2936 4015 τρίτον
2983 3944 3148 4017 ἕτερον
3204 3943 3416 4016 ἑφορᾴν,
3466 3944 3512 3996 ἐν
3641 3940 3815 4009 καθορᾶ-

2272 4050 2358 4082 ται
2409 4029 2729 4103 ἀναφυομένη
2767 4034 2795 4089 ἡ
2832 4031 3047 4089 ἀλήθεια
3074 4050 3086 4062 ·
3132 4038 3219 4085 καὶ⁵
3250 4030 3310 4092 ἦν
3355 4038 3449 4106 μὲν
3484 4030 3815 4103 τεχνολογοῦντι

2270 4129 2340 4189 τῷ
2393 4120 2630 4191 Θεολόγῳ
2676 4116 2916 4193 διαιρεῖν,
2972 4129 3119 4173 ποῖαι
3170 4130 3269 4173 τῶν
3321 4122 3635 4195 ἀντιφάσεων
3670 4120 3813 4189 ἔχουσι

2268 4215 2361 4267 τὴν
2393 4206 2659 4281 διάκρισιν
2687 4218 2777 4261 τοῦ
2808 4208 3033 4271 ἀληθοῦς
3062 4216 3150 4263 καί
3176 4219 3267 4263 τοῦ
3310 4210 3561 4281 ψεύδους,
3591 4213 3671 4260 καὶ
3707 4209 3818 4257 ποῖαι

2267 4304 2337 4369 μὴ
2368 4316 2377 4327 ·
2408 4297 2513 4349 ἐπεὶ
2568 4294 2625 4349 δε
2683 4298 2931 4369 θεολογεῖν
2976 4298 3136 4369 αὐτῷ,
3186 4297 3313 4353 ἀλλά
3343 4306 3418 4372 μὴ
3452 4293 3817 4355 καλλωπίζεσθαι

2267 4394 2327 4457 τῇ
2374 4391 2532 4459 τέχνη
2586 4390 2876 4459 προῦκειτο,
2930 4392 3019 4439 καὶ
3071 4392 3188 4450 τοὺς
3235 4392 3527 4463 αἱρετικούς
3557 4385 3817 4454 διελέγχειν,

2268 4474 2394 4525 ἀλλά
2454 4481 2524 4546 μὴ
2588 4475 2742 4527 τελεῖν
2801 4480 2915 4537 τοὺς
2975 4482 3267 4550 γνωρίμους
3323 4480 3403 4539 οἷς
3465 4481 3490 4530 ό
3553 4474 3820 4529 διαλεκτικός

2079 4600 2297 4655 NOTAE.

721 4720 1757 4803 δεῖ,γοναί..-ζᾼᾴρηείίίοκεὶνείρινᾳς.
1791 4722 2155 4803 3_de‘Tbe_o.l.

512 4790 685 4859 (Billii
716 4795 911 4864 ΟΡ.βὸ
938 4811 997 4864 p.
1051 4798 1169 4848 567.
1206 4795 1385 4864 Clem.
1420 4796 1513 4849 Or.
1558 4792 1651 4861 29)
1700 4795 2020 4864 (lontcxtus
2062 4796 2156 4848 hic

512 4870 641 4938 est:
694 4864 753 4916 ΙΞὶ
811 4861 867 4915 δὲ
930 4861 1011 4915 σοι
1066 4871 1297 4935 φαίνεται
1358 4863 1634 4934 ἀναγκαῖον
1690 4862 1836 4938 εἶναι,
1880 4869 1935 4916 τό
1993 4867 2157 4938 ἕτερον

514 4932 777 4989 ἀληθεύειν
824 4934 906 4986 ἐπὶ
965 4932 1149 4995 παντὸς
1202 4938 1335 4986 κατά
1530 4939 1627 4995 σάς
1677 4932 2001 4997 διαλεκτικὰς
2031 4932 2160 4988 ὐπο-

511 5003 707 5073 λήψείς,
771 5002 939 5068 δείξαι
990 5014 1089 5077 μοῦ
1138 5026 1187 5057 τι
1245 5009 1428 5079 μικρὸν
1466 5007 1737 5076 ἐρώτημα·
1793 5009 1817 5057 ὁ
1868 5014 2054 5079 χρόνος
2111 5007 2157 5059 έν

511 5082 687 5147 χρόνῳ
741 5080 769 5133 ἡ
816 5078 908 5128 οὐκ
962 5076 1007 5129 ἐν
1064 5076 1274 5151 χρόνῳς
1331 5076 1372 5129 εἰ
1427 5082 1516 5146 μὲν
1577 5076 1662 5129 οὖν
1717 5078 1763 5129 ἐν
1816 5076 2011 5151 χρόνῳ,
2056 5084 2160 5130 τίνι

512 5150 712 5223 rod-:3);
743 5154 831 5199 καὶ
878 5153 927 5199 τί
980 5150 1120 5221 παρά
1156 5158 1330 5200 τοῦτον
1372 5153 1477 5200 ὄντι
1532 5155 1619 5201 καὶ
1666 5159 1770 5209 πῶς
1820 5155 2157 5223 περιεχόντι;

513 5218 555 5271 εἰ
610 5215 806 5269 δὲὀὐκ
866 5220 912 5270 ἐν
970 5215 1166 5293 χρόνῳ,
1230 5225 1309 5295 τίς
1356 5222 1384 5277 ἠ
1466 5225 1675 5291 περιττὴ
1740 5215 1915 5292 σοφία,
1963 5215 2159 5295 ⁷χρόνον

513 5290 738 5359 εἰσάγειν
792 5287 1055 5363 ἄχρονον’;
1106 5287 1195 5341 τοῦ
1272 5287 1349 5353 δὲ,
1406 5287 1659 5365 Νῦνέγὼ
1731 5287 2022 5365 ψεύδομαι]¹
2072 5290 2160 5353 δός

513 5316 738 5359 εισαγειν
792 5316 1055 5363 αχρονονς
1106 5316 1195 5341 ’του
1272 5316 1349 5353 σε,
1406 5316 1512 5343 ιγυν
1562 5316 1599 5341 ετ
1622 5316 1659 5341 ω
1731 5316 2013 5365 ψευσομαι,
2072 5316 2157 5353 UO;

509 5365 565 5437 τὸ
612 5364 775 5433 ἕτερον
904 5360 1248 5437 ἀληθεύεσθαι
1277 5369 1427 5437 μόνον
1570 5316 1893 5433 κίευὸεσθαυ
1946 5366 2004 5417 οὐ
2057 5368 2157 5437 γὰρ

514 5430 775 5507 ἀμφότερα
823 5430 1095 5504 δώσομενε
1149 5430 1253 5483 ἀλλ’
1278 5430 1377 5485 οὐκ
1436 5430 1737 5503 ἐνδέχεταιθ
1793 5440 1821 5493 ἡ
1876 5439 1976 5510 γὰρ
2032 5430 2159 5507 φευ-

514 5503 724 5575 ὃόμενος
773 5503 1047 5559 ἀληθεύσει
1077 5509 1105 5562 ἤ
1143 5503 1399 5561 ἀληθεύων
1425 5503 1673 5572 ψεύσεται
1730 5503 1892 5558 πᾶσα
1922 5503 2120 5574 ἀνάγκη
2144 5528 2155 5540 ο

512 5582 563 5629 τί
582 5572 675 5627 ὀὖν
732 5577 1053 5647 θαυμαστόν,
1106 5578 1285 5647 ,ὥσπερ
1342 5575 1561 5647 ἐνταῦθα
1612 5575 1884 5646 συμϐαίνει
1928 5582 1991 5631 τά
2022 5572 2161 5630 ἐναν-

511 5653 621 5719 τία,
669 5642 839 5711 οὕτως’
880 5642 1045 5701 ἐκεῖσε
1093 5642 1357 5722 ἀμφότερα
1399 5642 1712 5717 ψεύδεσθαι,
1766 5654 1853 5701 καὶ
1898 5650 2031 5704 οὕτω
2078 5670 2162 5704 σοι

2267 4726 2325 4776 τό
2386 4726 2541 4797 σοφόν
2595 4722 2792 4797 ἠλίθιον
2863 4723 3341 4797 ἀναφανήσεται...
3429 4726 3627 4782 Billius
3673 4723 3729 4795 (ι.

2266 4811 2323 4867 p.
2358 4790 2488 4865 954)
2515 4811 2583 4849 ex
2630 4796 2750 4849 Elia
2782 4798 2927 4852 Cret.
2969 4790 3059 4851 "ad
3106 4798 3162 4852 h.
3194 4799 3231 4854 l.
3280 4798 3588 4863 observat,
3616 4790 3827 4868 ostendit

2269 4866 2389 4939 non
2422 4882 2556 4939 esse
2584 4882 2845 4921 necesse.
2881 4874 2942 4922 ut
2962 4869 3194 4939 iubique
3216 4886 3356 4939 pars
3386 4866 3827 4939 contradictionis

2272 4938 2455 5012 altera
2475 4938 2564 4992 vel
2588 4953 2723 5012 vera
2748 4939 2928 5012 sit_vel
2952 4937 3121 5012 falsa;
3146 4964 3173 4989 ‹‹
3200 4937 3317 4996 Hoc
3335 4948 3540 4997 autem
3565 4937 3831 5012 problema

2270 5009 2346 5061 ab
2379 5009 2714 5083 Alexandro
2732 5009 3052 5083 Aphrodis,
3073 5016 3379 5083 sumptum
3408 5019 3497 5067 est
3529 5005 3687 5076 {ﬁeri
3703 5005 3829 5083 enim

2270 5082 2495 5151 nequit,
2525 5080 2604 5135 ait
2627 5079 2739 5143 ille,
2767 5088 2829 5136 ut
2853 5082 2911 5135 in
2935 5082 3049 5136 hoc
3081 5079 3271 5138 unum
3292 5085 3587 5139 duntaxat
3617 5079 3829 5151 reperia-

2272 5157 2382 5205 tur.
2413 5151 2689 5226 Namqui
2716 5151 2879 5226 dere
2906 5153 3110 5224 aliqua
3140 5154 3331 5226 inquit
3354 5172 3365 5209 :
3385 5156 3572 5210 Nunc
3595 5161 3835 5226 egomet!-

2272 5168 2382 5205 iur.
2413 5168 2557 5206 nam
2583 5168 2689 5276 gul
2716 5168 2790 5205 de
2819 5168 2879 5207 re
2906 5168 3110 5224 aliqua
3140 5168 3331 5226 inquat
3354 5172 3365 5209 :
3385 5168 3572 5210 nunc
3595 5168 3693 5221 ego
3712 5168 3834 5202 men-

2272 5226 2407 5287 tior,
2426 5223 2576 5293 siqui
2626 5238 2717 5277 em
2734 5222 2928 5293 reipsa
2953 5226 3248 5291 mentitur,
3265 5227 3516 5280 omnino
3533 5218 3834 5279 mentiendo

2269 5310 2473 5369 verum
2489 5295 2665 5359 dicet,
2682 5295 2899 5365 quippe
2914 5296 3013 5367 qui
3028 5299 3384 5369 caeteroquin
3404 5296 3621 5369 fatetur
3640 5308 3699 5348 se
3714 5302 3835 5369 mep-

2272 5367 2380 5429 tiri,
2411 5366 2500 5419 sin
2529 5360 2716 5419 autem
2742 5360 3537 5437 reipsa'mentiturfomnino
3560 5380 3750 5421 verum
3772 5360 3838 5413 di-

2270 5437 2461 5491 cendo
2492 5438 2827 5508 mentietur,
2861 5444 2922 5492 ut
2952 5438 3051 5508 qui
3093 5437 3245 5494 falso
3272 5440 3451 5493 etiam
3480 5438 3638 5494 dicat
3663 5445 3839 5508 tmen;

2272 5509 2397 5562 tior.
2432 5528 2455 5557 ι)
2486 5508 2706 5562 Deinde
2731 5498 2928 5563 Billius
2954 5498 3389 5565 adducitverba
3414 5510 3571 5566 Hier.
3604 5506 3765 5579 Epist.
3781 5498 3841 5556 ad

2272 5581 2489 5657 Ocean.
2523 5597 2555 5657 ς
2589 5581 2792 5657 Statim
2840 5579 3191 5657 recordatus
3220 5578 3841 5657 sumpbrysippeiso-

2270 5650 2588 5725 pbismatis
2609 5667 2621 5707 :
2641 5651 2709 5707 Si
2729 5651 2990 5708 mentiris
3004 5652 3180 5724 idque
3191 5668 3325 5711 vere
3342 5650 3794 5718 dicis,'mentiris.
3817 5660 3839 5694 ι
