4140 6198
288 288 392 343 497

1268 287 1362 342 AD
1403 284 1952 344 AMPHILOCHIUM
1992 284 2319 353 QUAESTIO
2357 288 2649 346 LXXVIII.

3551 288 3656 344 498

292 413 545 486 θειασμός
624 409 946 484 όργιάζεταιο
1025 409 1236 474 εἰκότως
1305 413 1537 487 ἠρκέσθη
1616 407 1710 466 διὰ
1795 419 1881 464 τῶι

2007 427 2208 480 guere,
2234 430 2355 471 non
2383 419 2583 472 autem
2608 429 2748 471 suos
2768 411 3068 486 mysteriis
3080 410 3527 469 dialecticorum
3551 412 3660 468 ini-

289 498 734 577 παραδειγμάτων
807 499 1150 558 στηλιτεῦσαι
1226 505 1348 564 τοὺς
1415 501 1737 574 τεχνολογεῖν
1802 505 1896 560 τήν

288 598 380 642 τοῦ
431 597 567 644 Θεοῦ
616 591 771 662 φύσιν
820 588 893 650 εἰς
939 589 1127 661 θράσος
1166 587 1347 662 ἀπενεχ
1365 592 1540 652 θέντας
1575 591 1745 661 πολλῷ
1785 586 1897 643 δει-

291 676 635 752 σιδαιμονίας
676 677 1064 750 χαλεπώτερον,
1118 684 1209 732 καὶ
1259 676 1450 751 δεῖξαι,
1506 677 1646 754 μηδὲ
1696 683 1754 733 τό
1801 688 1898 743 τῆς

285 768 608 840 ἀντιφάσεως
663 767 841 830 αὐτοῖς
909 766 1328 842 πολυθρύλλητον
1391 774 1606 842 ὄργανον
1661 768 1744 823 ἐπὶ
1799 777 1896 821 τῶν

290 863 563 931 τυχόντων
622 855 702 910 ἀεὶ
757 858 1080 930 πραγμάτων
1127 861 1217 916 τήν
1273 858 1432 930 ἰσχὺν
1475 858 1684 932 ἄμαχον
1733 861 1892 931 ἔχειν,

286 953 418 1020 μήτι
464 965 524 1018 γε
573 950 843 1020 κριτήριον
901 947 1160 1018 ὑπάρχειν
1225 955 1320 1008 τῆς
1369 950 1661 1023 ὑπερφυοῦς
1711 948 1895 1010 οὐσίας

285 1040 378 1088 καὶ
415 1037 544 1109 ὑπερ
593 1035 744 1107 λόγον
788 1034 1204 1106 μεγαλειότητος.
1261 1036 1431 1089 Πολλά
1477 1034 1528 1090 δ’
1572 1039 1633 1090 ἄν
1664 1041 1740 1095 εἴη
1794 1045 1894 1089 τῶν

283 1126 538 1200 ῥημάτων
589 1128 650 1177 τὸ
715 1126 806 1197 μὲν
863 1132 1057 1196 σχῆμα
1122 1125 1359 1186 σώζοντα
1408 1134 1496 1187 τῆς
1553 1125 1890 1198 ἀντιφάσεως,

281 1219 377 1273 τήν
418 1210 480 1266 δε
525 1217 715 1288 χρείαν
757 1212 930 1266 οὐκέτι
982 1213 1178 1284 ὁμοίως
1219 1217 1523 1290 παρέχοντα
1567 1224 1657 1276 τῆς
1687 1211 1894 1288 διακρί-

284 1321 431 1364 σεως·
485 1303 591 1355 οἷον
636 1304 682 1354 εἰ
722 1321 799 1362 τις
851 1305 970 1376 περὶ
1013 1309 1104 1354 τοῦ
1148 1303 1338 1364 ζῶντος
1388 1303 1638 1377 ἐπερωτᾷ,
1677 1307 1891 1376 πότερον

276 1392 432 1454 οὗτος
465 1389 817 1449 ἀναστήσεται
867 1400 950 1443 του
1003 1392 1243 1458 θανάτου,
1295 1397 1326 1451 ἤ
1372 1393 1468 1445 οὐκ
1507 1393 1620 1466 (34)
1665 1391 1891 1450 ἀναστή-

277 1500 448 1534 σεται’
511 1476 781 1554 οὐδέτερον
860 1482 961 1554 γὰρ
1033 1478 1254 1534 ἐνταῦθα
1313 1487 1692 1556 σωφρονούντός
1747 1484 1888 1534 ἑστιν

273 1567 662 1634 ἀποδέξασθαι.
716 1574 901 1623 Καίτοι
955 1589 1016 1640 γε
1068 1572 1098 1628 ή
1152 1578 1396 1643 παροῦσα
1443 1579 1536 1623 τοῦ
1585 1570 1740 1642 λόγου
1770 1591 1889 1623 συνο

273 1661 412 1718 θήκη
474 1663 564 1710 καὶ
618 1657 766 1711 πλέον
823 1678 876 1709 τι
923 1661 1050 1731 πρὸς
1089 1657 1370 1730 ἀσφάλειαν
1423 1663 1563 1731 ἔχειν
1611 1656 1774 1712 δοκεῖ·
1825 1663 1882 1710 τό

2007 503 2170 570 tiare,
2200 505 2409 561 merito
2439 504 2708 560 sufﬁcere
2728 503 3015 577 judicavit
3043 500 3332 574 exemplis
3361 516 3463 557 eos
3492 500 3659 556 refel-

2004 590 2142 658 lere,
2167 594 2269 666 qui
2287 609 2393 666 per
2418 593 2561 650 artis
2587 593 2847 663 argutias
2876 593 2972 648 Dei
2994 595 3273 647 naturam
3297 589 3658 662 perscrutari

2006 681 2324 748 audebant,
2347 683 2603 738 audacia
2621 681 2829 745 multo,
2847 697 3032 754 quam
3052 679 3389 752 superstitio
3406 678 3501 744 sit,
3526 693 3658 748 gra-

2005 769 2174 836 viori,
2202 776 2259 827 et
2291 772 2602 828 ostendere
2633 787 2708 827 ne
2738 771 2881 827 illud
2912 770 3157 843 quidem
3188 770 3445 825 nimium
3490 766 3656 839 apud

2004 858 2168 931 ipsos
2208 861 2588 917 decantatum
2630 859 3112 917 contradictionis
3151 874 3442 928 organum
3478 856 3565 913 vel
3595 857 3656 912 in

2005 947 2093 1004 his
2119 949 2264 1022 ipsis
2291 951 2466 1006 rebus
2491 950 2715 1006 inﬁmis
2741 950 3026 1006 invictum
3053 963 3291 1019 semper
3314 946 3535 1003 habere
3565 960 3658 1001 ro.

2002 1037 2136 1102 bur,
2168 1039 2382 1095 nedum
2407 1039 2707 1096 criterium
2730 1054 2864 1094 esse
2882 1037 3195 1109 judicandi
3217 1038 3287 1092 de
3309 1041 3658 1108 supernatu-

2001 1126 2112 1183 rali
2131 1128 2466 1184 substantia
2486 1128 2887 1199 ineﬂ‘abilique
2908 1126 3202 1198 majestati
3219 1131 3449 1197 aptum.
3481 1123 3656 1181 Multa

2002 1216 2184 1273 Porro
2210 1219 2504 1275 enuntiari
2525 1225 2771 1290 queunt,
2791 1234 2922 1290 qum
2945 1218 3205 1290 speciem
3235 1216 3483 1288 quidem
3507 1229 3654 1271 con-

2003 1307 2366 1364 tradictionis
2383 1308 2720 1379 praeferunt,
2749 1323 2869 1363 non
2888 1312 3088 1364 tamen
3110 1322 3319 1361 verum
3343 1321 3413 1360 ac
3435 1304 3652 1361 falsum

1999 1394 2392 1466 distinguunt,
2417 1402 2484 1452 ut
2495 1413 2546 1454 e.
2577 1397 2717 1469 gr.si
2735 1397 2868 1468 quis
2880 1397 2954 1452 de
2971 1395 3214 1452 homine
3231 1395 3463 1450 vivente
3481 1394 3656 1450 inter-

1997 1491 2181 1554 roget,
2203 1492 2398 1542 utrum
2419 1488 2513 1544 hic
2539 1492 2809 1556 resurgat
2829 1473 3062 1542 amorte
3081 1502 3157 1541 an
3180 1501 3300 1541 non
3324 1501 3338 1552 ;
3373 1489 3653 1540 neutrum

1996 1563 2154 1631 enim
2188 1577 2284 1632 hic
2315 1577 2393 1634 ab
2425 1577 2668 1633 homine
2705 1593 2862 1633 sanae
2902 1577 3118 1631 mentis
3163 1575 3394 1631 admitti
3437 1577 3649 1646 potest.

1995 1665 2366 1737 Quamquam
2387 1666 2516 1722 haec
2542 1666 2829 1722 orationis
2855 1663 3218 1722 constructio
3240 1663 3469 1718 videtur
3489 1661 3558 1717 ad
3583 1660 3655 1715 ﬁ-

267 1751 375 1822 γὰρ
435 1746 712 1823 ἀρνητικὸν
770 1752 950 1821 μόριον
1007 1756 1078 1819 τῷ
1131 1753 1564 1821 κατηγορουμένῳ
1621 1757 1881 1808 συνῆπται

1993 1753 2129 1808 dem
2144 1754 2481 1810 faciendam
2498 1755 2685 1822 pluris
2701 1755 2925 1826 aliquid
2938 1754 3159 1811 habere
3175 1770 3189 1819 ;
3204 1752 3478 1822 negativa
3491 1750 3652 1804 enim

266 1838 490 1912 ῥήματι⁶
538 1836 648 1889 ἀλλ’
689 1836 748 1888 οὑ
806 1835 994 1909 μετέϐη
1044 1840 1173 1909 πρὸς
1212 1841 1270 1889 τό
1323 1839 1675 1910 ὑποκείμενον.
1703 1845 1883 1891 Τοιοῦ-

267 1945 360 1978 τον
417 1922 477 1979 δὲ
519 1930 609 1978 καὶ
659 1929 739 1990 τό,
773 1930 993 1997 Πότερον
1045 1929 1166 1987 τοὺς
1205 1935 1302 1978 τῶν
1348 1926 1555 1979 λεόντων
1582 1930 1776 1998 ὄνυχας
1807 1927 1882 1977 ἔτι

271 2017 498 2087 φύουσιν
549 2016 598 2067 οἱ
627 2022 727 2066 τῶν
763 2013 1043 2088 ἀνθρώπων
1073 2011 1252 2081 πόδες,
1289 2016 1319 2074 ἣ
1354 2015 1411 2067 ού
1457 2017 1674 2087 φύουσιν
1716 2031 1728 2081 ;
1774 2013 1880 2066 ἀλλ’

271 2105 298 2155 ό
357 2112 471 2165 τοῖς
547 2099 762 2177 δρόμοις
819 2111 1086 2177 φερόμενος
1143 2100 1251 2163 ήδη
1307 2108 1436 2179 πρός
1485 2108 1543 2156 τό
1589 2103 1732 2165 τέλος
1790 2111 1882 2156 τοῦ

271 2193 475 2265 ἀγῶνος
513 2211 727 2266 πότερον
770 2195 820 2244 ἐν
870 2191 1010 2263 αὐτῷ
1060 2200 1130 2264 τῷ
1160 2196 1404 2266 φέρεσθαι
1442 2198 1534 2251 τήν
1575 2193 1748 2267 ἀρχήν
1788 2201 1884 2254 τῆς

271 2288 438 2356 φορᾶς
493 2280 723 2349 ἐϐάλετο,
784 2285 815 2340 ἣ
874 2280 998 2342 ὃλως
1055 2282 1148 2335 οὑκ
1201 2283 1392 2356 ἤρξατο
1457 2301 1470 2351 ;
1524 2292 1631 2345 πῶς
1691 2285 1790 2356 γὰρ
1848 2285 1878 2341 ἠ

270 2374 494 2429 τοιαύτη
537 2369 726 2431 πλάσις
764 2379 863 2422 τῶν
893 2370 1054 2442 λόγων
1088 2379 1181 2424 τού
1219 2369 1452 2443 ψεύδους
1491 2369 1747 2445 διακρίνει
1789 2377 1882 2430 τὴν

271 2460 524 2519 ἀλήθειαν
559 2466 658 2526 ;τό
691 2456 725 2512 δ
730 2463 772 2525 ε,
808 2466 918 2534 Πύρ
959 2462 1199 2536 ὑγραίνον
1244 2466 1331 2514 καὶ
1359 2461 1535 2534 ψύχον
1565 2464 1631 2514 τὰ
1663 2468 1884 2534 σώματα

270 2554 492 2623 πότερον
551 2551 686 2601 κατὰ
744 2551 899 2620 φύσιν
949 2552 979 2607 ἤ
1041 2549 1100 2600 ού
1146 2552 1283 2602 κατὰ
1329 2553 1483 2622 φύσιν
1524 2554 1720 2609 ταύτην
1769 2550 1880 2604 ἄπι-

270 2636 518 2692 δείκνυσι
558 2642 652 2695 τὴν
696 2635 949 2708 ἐνέργειαν
979 2655 992 2704 ;
1025 2645 1176 2690 τοῦτο
1218 2635 1277 2691 δε
1316 2636 1560 2698 δηλονότι
1588 2639 1760 2715 ὥσπερ
1792 2645 1882 2693 καὶ

269 2736 338 2782 το
388 2729 534 2802 παρὰ
575 2734 666 2788 τῆς
706 2729 972 2801 αἱρετικῆς
1018 2730 1247 2789 ἐπινοίας
1287 2734 1672 2802 προτεινόμενον
1716 2750 1880 2803 παρα-

267 2819 630 2888 πεποιημένην
679 2818 794 2888 ἔχει
845 2823 937 2876 τῆς
991 2814 1284 2890 ἐρωτήσεως
1344 2823 1440 2876 τὴν
1489 2815 1791 2871 διάπλασιν·
1853 2820 1880 2870 ό

268 2901 334 2958 δε
390 2903 663 2979 ἅνθρωπος
711 2906 989 2978 μετάρσιος
1031 2904 1133 2959 ἀπὸ
1183 2915 1284 2978 γῆς
1331 2913 1616 2980 φερόμενος,
1667 2913 1880 2983 πότερον

265 2998 500 3047 παύεται
546 3002 640 3055 τῆς
686 2999 944 3068 μετεώρου
993 3001 1166 3069 φορᾶς,
1205 2999 1234 3053 ἤ
1274 2996 1334 3048 οὑ
1361 2999 1582 3049 παύεται
1615 3013 1629 3064 ;
1662 3005 1752 3057 τῆς
1789 3000 1879 3068 μὲν

267 3084 552 3156 εἰρημένης
587 3083 762 3145 αἰτίας
792 3082 1134 3149 ἀπήλλακται,
1167 3082 1273 3156 οὑχ
1314 3087 1468 3158 ᾔττον
1499 3083 1560 3139 δε
1583 3091 1642 3138 τὸ
1688 3094 1881 3159 σχῆμα

263 3172 741 3244 μετασχηματίζει
779 3177 870 3225 καὶ
927 3176 1333 3245 παραχαράττει
1366 3184 1462 3236 τῆς
1504 3179 1701 3248 κυρίως
1737 3175 1880 3228 ἀντι-

264 3262 501 3332 φάσεως
571 3262 596 3312 ὁ
663 3257 723 3314 δὲ
776 3265 969 3333 χρόνος
1017 3258 1225 3314 ὑδάτων
1271 3263 1398 3338 ῥέων
1461 3266 1660 3337 νάμασι
1716 3284 1878 3340 παρα·

266 3347 530 3419 πλησίως,
564 3343 668 3424 ἆρα
706 3355 962 3408 στήσεται
989 3359 1083 3414 τῆς
1115 3353 1240 3421 ῥοῆς
1270 3355 1301 3411 ἦ
1345 3355 1408 3405 οὑ⁸
1453 3358 1706 3411 στήσεται
1739 3371 1753 3421 ;
1785 3350 1880 3412 δή·

259 3436 358 3490 λον
401 3434 463 3490 δὲ
505 3440 577 3500 ὡς
621 3440 652 3497 ἡ
710 3438 986 3512 συμπλοκή
1032 3445 1123 3492 καὶ
1164 3444 1295 3499 αὕτη
1340 3449 1430 3494 τοῦ
1460 3441 1614 3513 λόγου
1654 3447 1748 3501 τήν
1778 3446 1878 3518 πρὸ

263 3526 432 3580 αὐτοῦ
487 3532 782 3600 μιμουμένη
824 3525 918 3582 διὰ
960 3537 1054 3591 τῆς
1102 3530 1261 3592 αὐτῆς
1304 3537 1620 3606 κακουργίας
1663 3531 1878 3606 προελή-

261 3616 439 3668 λυθεν
492 3617 536 3668 εἰ
594 3615 771 3689 βούλει
820 3614 880 3670 δὲ
931 3624 1020 3672 καὶ
1067 3623 1280 3694 πότερον
1326 3623 1356 3678 ἠ
1405 3619 1678 3694 ἀσώματος
1721 3625 1878 3694 φύσις

259 3709 369 3763 τήν
423 3711 728 3778 σωματικήν
784 3703 1116 3781 ὑποδυομένη
1168 3705 1474 3777 διάπλασιν,
1530 3710 1584 3774 ἐξ
1612 3711 1738 3774 ὕλης
1784 3717 1875 3764 καὶ

264 3792 463 3859 εῖδους,
517 3799 547 3854 ἤ
587 3795 638 3859 ἐξ
688 3793 963 3871 οὐδετέρου
1014 3801 1205 3850 τούτων
1252 3802 1382 3870 ἔσχε
1427 3805 1518 3859 τὴν
1550 3805 1872 3877 σύγκρισιν;

265 3884 313 3938 εἰ
371 3887 461 3949 μεν
497 3887 599 3958 γὰρ
641 3883 693 3948 ἐξ
728 3884 855 3948 ὑλης
883 3891 972 3938 καὶ
1012 3883 1206 3953 εἴδους,
1237 3898 1348 3950 πῶς
1377 3887 1654 3962 ἀσώματον
1683 3907 1696 3958 ;
1729 3891 1772 3944 εἰ
1817 3888 1876 3944 δὲ

267 3973 327 4036 ἐξ
387 3969 663 4048 οὐδετέρου
717 3977 933 4043 τούτων,
987 3979 1142 4029 πόθεν
1189 3982 1284 4036 τήν
1335 3981 1635 4051 σωμάτικήν
1674 3982 1873 4038 ὑπέστη

267 4061 565 4118 διάπλαστν
599 4084 614 4130 ;
654 4063 807 4116 πάλιν
837 4066 867 4122 ἠ
908 4070 1119 4128 κίνησις
1159 4065 1208 4118 έν
1249 4072 1451 4126 κινήσει
1480 4073 1696 4140 γίνεται,
1747 4073 1778 4128 ἤ
1829 4069 1876 4122 ἄν

266 4152 334 4205 οὐ
394 4157 644 4220 κινήσει;
686 4152 730 4205 εἰ
772 4156 863 4225 μὲν
904 4157 1006 4227 γὰρ
1061 4153 1110 4206 ἐν
1149 4159 1378 4220 κινήσει,
1419 4162 1498 4218 τίς
1537 4163 1626 4210 καί
1665 4156 1713 4209 ἓν
1751 4163 1874 4226 τίνι,

264 4247 367 4294 καὶ
413 4246 494 4304 τίς
538 4242 706 4294 αὐτῶν
755 4245 785 4301 ἠ
841 4247 974 4317 πρὸς
1021 4243 1217 4303 ἄλληλα
1255 4241 1524 4321 διαφορά;
1568 4255 1677 4310 πῶς
1716 4245 1775 4301 δὲ
1818 4252 1875 4301 οὑ

265 4331 488 4390 κάκείνη
539 4331 692 4384 πάλιν
742 4331 790 4385 ἐν
829 4338 1054 4402 κινήσει,
1087 4340 1178 4387 καὶ
1224 4332 1571 4408 παρεισδύσει
1619 4342 1676 4391 τὸ
1732 4341 1877 4391 ἄπει-

1991 1843 2284 1914 particula
2326 1845 2649 1916 praedicato
2693 1844 3044 1909 adnectitur,
3087 1859 3206 1899 non
3242 1857 3380 1898 vero
3405 1840 3482 1896 ad
3515 1838 3655 1895 sub-

1985 1935 2200 1989 Jectum
2223 1932 2782 2001 migrat.Taleestet
2809 1933 2923 1989 hoc
2957 1948 2968 1987 :
3007 1935 3210 1989 Utrum
3243 1929 3519 1986 leoninos
3549 1944 3654 1983 un-

1992 2037 2139 2091 gues
2167 2027 2457 2091 generant
2482 2023 2734 2079 humani
2766 2023 2948 2095 pedes
2979 2038 3056 2078 an
3083 2037 3204 2078 non
3235 2022 3522 2090 generant
3553 2034 3568 2084 ;
3597 2021 3654 2073 et

1991 2109 2106 2165 hoc
2149 2133 2160 2164 :
2203 2111 2315 2177 Qui
2363 2127 2544 2167 cursu
2591 2113 2719 2182 jam
2758 2112 2836 2167 ad
2879 2111 3055 2167 stadii
3104 2110 3363 2166 defertur
3401 2113 3646 2170 metam,

1993 2204 2191 2254 utrum
2213 2200 2271 2254 in
2287 2200 2417 2270 ipso
2436 2206 2596 2256 motu
2618 2199 2849 2256 initium
2868 2203 3062 2255 motus
3079 2197 3300 2271 posuit,
3315 2212 3388 2251 an
3400 2211 3647 2268 prorsus

1993 2303 2113 2343 non
2143 2287 2364 2359 incepit
2391 2289 2418 2344 ?
2453 2289 2768 2354 Quomodo
2794 2288 2952 2344 enim
2983 2286 3275 2359 ejusmodi
3305 2284 3646 2342 orationum

1995 2376 2272 2432 formatio
2293 2394 2327 2433 a
2350 2377 2502 2433 falso
2521 2377 2824 2432 discrimin
2835 2377 2958 2432 abit
2974 2392 3180 2432 verum
3194 2374 3222 2429 ‘P
3240 2375 3331 2430 Et:
3353 2374 3514 2444 Ignis
3543 2373 3644 2427 hu-

1993 2471 2262 2521 mectans
2277 2482 2347 2522 ac
2357 2467 2718 2536 refrigerans
2732 2481 3006 2538 corpora,
3023 2469 3222 2521 utrum
3235 2480 3307 2520 ex
3325 2466 3647 2533 natura,an

1990 2570 2111 2610 non
2143 2571 2214 2611 ex
2244 2560 2461 2611 natura
2488 2556 2602 2611 hoc
2627 2560 2908 2627 operatur
2936 2557 2964 2610 ?
2997 2557 3114 2610 Hoc
3141 2567 3281 2608 vero
3315 2551 3644 2616 manifeste,

1990 2644 2382 2716 sicutetquod
2395 2644 2472 2700 ab
2488 2645 2774 2700 haereticis
2787 2643 3352 2715 objicitur,vitiatam
3365 2640 3548 2696 habet
3563 2641 3649 2695 in-

1990 2734 2401 2804 terrogationis
2419 2733 2975 2790 conformationem.
2999 2735 3115 2788 Hoc
3133 2746 3377 2804 quoque
3399 2746 3411 2784 :
3433 2733 3644 2794 Homo,

1989 2823 2093 2894 qui
2124 2837 2160 2878 a
2189 2826 2346 2878 terra
2375 2824 2434 2877 in
2466 2822 2720 2877 sublime
2747 2821 2947 2885 fertur,
2975 2825 3172 2876 utrum
3203 2825 3396 2876 cessat
3424 2818 3502 2874 ab
3530 2818 3646 2874 hoc

1990 2911 2233 2966 sublimi
2248 2916 2411 2967 motu
2430 2927 2508 2966 an
2521 2926 2640 2966 non
2657 2914 2845 2966 cessat
2863 2909 2892 2965 ῗ
2917 2911 3189 2966 Immune
3203 2908 3448 2981 quidem
3463 2911 3549 2963 est
3565 2909 3644 2964 ab

1989 3002 2259 3073 exposito
2288 3000 2574 3057 orationis
2608 3001 2788 3069 vitio;
2821 3015 2938 3056 non
2965 3001 3167 3055 minus
3189 3004 3388 3054 tamen
3418 3003 3648 3052 contra-

1913 3113 1954 3169 ο
1990 3089 2263 3146 dictionis
2291 3105 2446 3144 verae
2462 3089 2720 3159 ﬁguram
2751 3088 3139 3144 transformat
3159 3103 3228 3142 ac
3246 3086 3542 3158 pervertit.
3578 3087 3643 3141 In

1989 3178 2099 3233 hoc
2137 3185 2337 3233 autem
2369 3195 2383 3232 ε
2415 3181 2672 3248 Tempus
2701 3177 2865 3249 quod
2896 3176 3061 3232 ﬂuxu
3093 3175 3219 3231 ﬂuit
3253 3175 3428 3230 undis
3460 3189 3646 3247 aqua-

1988 3283 2122 3322 rum
2168 3267 2365 3331 simili,
2405 3267 2710 3322 desistitne
2740 3266 2817 3322 ab
2849 3264 3146 3335 ejusmodi
3174 3264 3340 3319 ﬂuxu
3372 3278 3450 3319 an
3465 3278 3585 3318 non
3613 3261 3643 3317 ?

1990 3355 2282 3411 Orationis
2309 3354 2643 3428 complexio
2690 3355 3116 3427 praecedentem
3159 3352 3471 3408 manifeste
3515 3352 3646 3406 imi-

1988 3449 2118 3500 tans
2174 3444 2384 3500 eodem
2439 3449 2646 3516 peccat
2695 3444 2858 3513 vitio,
2923 3448 2987 3499 ut
3055 3443 3182 3498 haec
3235 3441 3565 3514 propositio
3625 3457 3638 3496 ε

1989 3535 2192 3590 Utrum
2235 3532 2590 3606 incorporea
2627 3539 2845 3589 natura
2865 3547 3215 3601 corpoream
3239 3530 3476 3586 subiens
3508 3544 3644 3585 con-

1987 3622 2402 3679 formationem
2431 3639 2501 3678 ex
2553 3622 2800 3678 materia
2830 3628 2885 3678 et
2935 3621 3133 3677 forma
3162 3619 3257 3675 vel
3311 3635 3384 3674 ex
3436 3623 3643 3675 neutro

1985 3713 2202 3768 horum
2242 3711 2457 3768 habuit
2506 3710 3056 3783 compositionem?
3089 3711 3144 3766 Si
3187 3725 3259 3765 ex
3291 3708 3538 3764 materia
3589 3712 3646 3762 et

1985 3799 2199 3867 forma,
2231 3799 2530 3872 quomodo
2575 3799 2928 3871 incorporea
2958 3798 2987 3854 ?
3015 3800 3116 3854 Sin
3148 3814 3289 3854 vero
3319 3813 3391 3853 ex
3423 3797 3642 3852 horum

1985 3890 2370 3958 neutro,unde
2382 3905 2712 3961 corpoream
2724 3888 3438 3945 subiitconformationem
3455 3885 3483 3941 ?
3502 3884 3648 3940 Rur-

1985 3995 2113 4034 sum
2146 3979 2330 4034 motio
2351 3979 2443 4034 vel
2465 3979 2523 4033 in
2554 3979 2816 4035 motione
2840 3979 2902 4036 ﬁt
2924 3977 3017 4033 vel
3042 3978 3102 4032 in
3124 3975 3552 4032 non-motione.
3585 3973 3643 4030 Si

1986 4068 2047 4124 in
2071 4068 2353 4134 motione,
2378 4083 2662 4140 quaenam
2688 4083 2758 4123 ea
2775 4072 2862 4122 est
2883 4067 3016 4122 etin
3039 4081 3160 4138 qua
3179 4069 3336 4120 estet
3357 4079 3642 4136 quaenam

1985 4174 2191 4214 earum
2220 4159 2296 4212 ad
2313 4156 2569 4212 invicem
2590 4155 2917 4212 differentia
2939 4156 2967 4212 ?
2990 4153 3306 4221 Quomodo
3328 4169 3449 4208 non
3471 4151 3643 4209 etilla

1925 4263 1928 4265 λ
1984 4263 2222 4303 rursum
2255 4247 2313 4302 in
2347 4246 2606 4302 motione
2635 4246 2718 4312 ﬁt,
2754 4251 2810 4301 et
2839 4245 2922 4301 sic
2968 4243 3304 4316 proceditur
3341 4243 3402 4297 in
3450 4241 3644 4296 inﬁni-

1986 4340 2113 4392 tum
2133 4335 2162 4391 ?
2183 4335 2236 4392 Si
2251 4351 2388 4391 vero
2410 4351 2530 4390 non
2553 4335 2612 4390 in
2638 4333 2918 4399 motione,
2943 4333 3242 4405 quomodo
3257 4329 3642 4386 immobilitas

259 4441 358 4496 ρον
395 4437 409 4487 ;
452 4420 496 4473 εἰ
526 4416 585 4473 δε
624 4427 696 4494 μή
748 4421 799 4474 έν
836 4428 1058 4489 κινήσει,
1104 4433 1212 4485 πῶς
1258 4424 1508 4483 ἀκινησία
1548 4429 1744 4491 συνέξει
1783 4433 1876 4487 τὴν

1991 4423 2312 4480 motionem
2327 4422 2649 4479 continebit
2671 4423 2906 4494 etquies
2937 4423 3121 4477 motui
3137 4420 3502 4475 coexsistens
3518 4431 3642 4472 non

255 4514 474 4566 κίνησιν
534 4514 624 4561 καὶ
659 4511 689 4568 ή
735 4513 924 4572 στάσις
958 4519 1021 4576 τῇ
1064 4517 1198 4587 φορᾷ
1237 4506 1472 4566 συνοὺσα
1524 4515 1583 4567 οὑ
1624 4535 1874 4588 συγκινηο

263 4600 483 4656 θήσεται
721 4600 750 4658 ἡ
783 4603 856 4671 μή
907 4603 1375 4675 συνανακινηθιίσῃ
1418 4603 1535 4675 (36)
1581 4613 1640 4677 τῇ
1685 4606 1876 4679 ἠρεμίᾳ

259 4690 361 4739 καὶ
419 4688 450 4744 ἡ
506 4692 714 4750 κίνησις
771 4691 1031 4742 παύσεται
1077 4707 1091 4757 ;
1144 4689 1200 4742 Ἠ
1262 4687 1322 4744 δὲ
1393 4695 1649 4764 σύμπασα
1703 4699 1878 4756 κτίσις

262 4779 514 4849 κρείττων
563 4773 700 4828 οὖσα
753 4773 1123 4851 δημιουργίας,
1185 4784 1398 4854 πότερον
1452 4783 1552 4834 ὑπὸ
1614 4802 1750 4844 τινος
1805 4782 1875 4834 t’v-

264 4868 473 4937 εργείας
514 4867 774 4939 παρήχθη
823 4871 854 4926 ἦ
906 4863 1021 4919 οὐδ’
1074 4867 1204 4930 ὅλως
1246 4872 1586 4942 παραχθείσα
1633 4872 1876 4944 γνωρίςεα

263 4969 408 5019 ται;
450 4952 494 5005 εἰ
536 4957 628 5026 μὶν
659 4957 761 5029 γὰρ
812 4955 871 5008 οὑ
915 4959 1198 5030 παρήχθη,
1256 4966 1366 5020 πῶς
1403 4959 1530 5022 ὃλως
1571 4964 1661 5012 καὶ
1707 4965 1877 5024 κτίσις

263 5042 534 5116 ὑπάρχειν
586 5041 834 5114 λέγεται;
888 5045 934 5097 εἰ
973 5041 1031 5098 δὲ
1069 5049 1351 5118 παρήχθη,
1402 5057 1510 5110 πῶς
1559 5051 1616 5101 τό
1646 5057 1876 5122 κρεῖττον

263 5127 400 5183 εἶναι
441 5139 530 5192 τῆς
559 5127 910 5206 δημιουργίας
955 5133 1284 5206 ἀπηνέγκατο
1313 5152 1326 5201 ;
1367 5140 1457 5188 καὶ
1486 5141 1626 5196 πόση
1656 5142 1872 5198 τοιαύτη

259 5217 438 5290 λέσχη
480 5223 566 5273 καὶ
616 5226 864 5294 τεραταία
891 5227 1009 5297 περὶ
1054 5227 1111 5276 τό
1145 5231 1337 5297 σχῆμα
1376 5227 1584 5298 χορεύει
1616 5236 1710 5290 τῆς
1740 5225 1874 5281 ἀντι-

1986 4513 2162 4570 simul
2189 4511 2524 4568 movebitur
2552 4515 2656 4567 aut
2682 4511 2859 4567 simul
2880 4527 3016 4566 cum
3044 4511 3240 4582 quiete
3262 4508 3438 4564 etiam
3457 4505 3640 4563 motio

1979 4603 2106 4674 jam
2134 4601 2510 4674 conquiescet
2536 4599 2564 4656 ?
2587 4601 2868 4657 Creatura
2892 4601 3192 4662 universa,
3225 4596 3524 4653 creatione
3546 4607 3641 4651 su-

1984 4693 2196 4766 perior,
2238 4696 2401 4746 estne
2432 4689 2510 4747 ab
2540 4690 2739 4762 aliqua
2777 4689 3010 4745 actione
3042 4687 3333 4760 producta
3363 4700 3439 4741 an
3474 4699 3637 4757 pror-

1987 4799 2084 4838 sus
2100 4796 2222 4837 non
2244 4779 2533 4853 producta
2553 4778 2970 4849 cognoscitur?
2989 4777 3045 4833 Si
3060 4793 3180 4833 non
3200 4777 3309 4832 fuit
3327 4774 3636 4847 producta,

1984 4869 2294 4944 quomodo
2319 4869 2497 4942 plane
2523 4872 2579 4924 et
2607 4872 2878 4924 creatura
2907 4883 3036 4923 esse
3061 4866 3278 4922 dicitur
3305 4865 3333 4919 ‘?
3368 4865 3469 4920 Sin
3498 4878 3639 4920 vero

1985 4959 2296 5033 producta,
2329 4958 2632 5032 quomodo
2671 4957 2970 5013 creatione
3008 4961 3070 5012 ut
3107 4954 3378 5027 superior
3416 4954 3506 5019 sit,
3541 4969 3638 5009 ac-

1985 5049 2140 5120 cepit
2167 5048 2195 5103 ?
2219 5051 2283 5104 Et
2311 5048 2591 5120 quisnam
2615 5045 2998 5102 numerandis
3025 5061 3134 5117 par
3154 5044 3264 5100 erit
3288 5044 3464 5113 nugis
3491 5041 3640 5112 ejus-

1987 5138 2152 5193 modi
2181 5151 2250 5192 ac
2280 5136 2458 5201 tricis,
2492 5151 2629 5206 quae
2671 5134 2826 5190 circa
2867 5132 3346 5190 contradictionis
3378 5133 3634 5189 formam

1986 5226 2185 5298 efﬁngi
2203 5223 2472 5298 queunt?
2487 5225 2628 5290 Quae
2655 5229 2883 5296 quanta
2904 5223 3167 5293 indigent
3183 5219 3634 5294 repurgatiouel

1844 5337 2069 5392 NOT/E.

342 5503 453 5647 (34;
479 5501 612 5557 Οὐδ’
640 5505 808 5578 ἕτερον
840 5506 900 5561 in
938 5505 1072 5562 cod.

342 5574 428 5642 (35
486 5578 627 5647 Leg.
668 5593 808 5633 cum
830 5577 1072 5634 Catiforc

339 5574 453 5647 (35)
486 5578 627 5647 Leg.
668 5574 808 5633 cum
830 5577 1088 5634 Catiforo
1121 5594 1134 5634 :
1170 5581 1543 5645 Κινηθήσεται,
1574 5580 1709 5638 licet
1738 5582 1870 5638 cod.

1981 5513 2200 5568 habeat
2229 5528 2241 5566 :
2279 5510 2603 5583 συγκρινηθή
2614 5528 2782 5565 σεται.

2057 5585 2172 5655 (36)
2201 5582 2370 5640 Catif.
2414 5600 2726 5640 συνανακινη
2736 5583 2898 5653 θήσῃ.
