4140 6198
457 287 561 343 499

1717 289 1803 344 PH
1813 288 1955 344 OTII
1997 285 2478 341 PATRIARCHE
2519 286 2626 342 (ΣΡ.

3721 276 3828 334 500

456 413 584 470 Imo
610 417 668 469 et
695 428 903 469 eorum
933 430 1059 486 quae
1089 414 1300 471 desunt
1325 414 1630 471 additione
1662 418 1719 471 et
1745 429 1952 470 eorum
1984 428 2115 483 qua:

2236 414 2421 483 ράσεως
2471 428 2485 479 ;
2535 416 2701 471 πόσης
2751 406 2810 463 δὲ
2859 405 3029 462 δεῖται
3078 415 3168 466 τῆς
3216 404 3640 477 ἀνακαθάρσεως,
3697 401 3835 455 ἀλλὰ

457 502 795 559 redundant
818 503 1208 574 detractione,
1256 520 1364 560 nec
1406 520 1527 560 non
1574 503 1868 559 subtiliori
1907 501 2113 557 distin-

458 592 649 648 ctione
668 597 848 665 atque
871 593 1336 665 agglutinatione
1369 596 1382 649 ε
1419 597 1680 660 Quorum
1707 593 1853 649 nihil
1873 593 2110 648 beatam

457 681 622 738 illam
653 689 833 755 atque
861 683 1256 738 immortalem
1287 690 1563 740 naturam
1591 687 1785 755 potest
1805 681 2112 751 attingere,

457 787 581 828 non
601 772 796 828 solum
814 772 1225 839 cominus,sed
1247 788 1320 828 ne
1334 773 1575 829 eminus
1592 772 1859 844 quidem.
1881 770 2048 835 Quod
2065 762 2116 823 si

461 860 517 915 in
543 860 721 916 rebus
736 862 1058 918 materiatis
1077 878 1193 917 non
1208 867 1292 918 est
1312 862 1620 919 ﬁdendum
1634 858 2116 917 contradictionis

460 949 664 1005 formaa
702 966 810 1022 pro
844 950 1125 1007 librando
1154 951 1417 1007 veritatis
1455 967 1525 1007 ac
1558 949 1835 1007 falsitatis
1869 947 2112 1019 judicio,

459 1038 578 1094 nisi
600 1038 775 1094 simul
797 1043 856 1095 et
871 1039 989 1095 alia
1006 1040 1196 1096 multa
1209 1042 1607 1096 adsumuntur
1618 1055 1754 1112 quae
1779 1036 2115 1093 accuratius

461 1126 829 1199 distinguant
862 1133 918 1185 et
956 1128 1204 1185 fulciant
1244 1134 1299 1184 et
1355 1129 1664 1201 perﬁciant
1703 1126 1915 1183 criterii
1946 1124 2114 1180 istius

460 1216 605 1288 vim,
620 1216 1084 1274 multominusin
1101 1218 1304 1273 divina
1322 1224 1377 1274 et
1398 1217 1683 1274 ineffabili
1696 1215 2116 1286 mentibusque

460 1304 747 1363 humanis
805 1306 1305 1379 imperscrulabili
1372 1312 1586 1363 natura
1654 1304 1855 1377 poterit
1925 1301 2115 1358 criteri

462 1396 648 1452 robur
684 1400 741 1452 et
779 1395 1129 1468 dignitatem
1168 1392 1393 1452 habere
1438 1395 1772 1468 operositas
1816 1390 2118 1449 contradi-

465 1485 694 1541 ctionis.

2221 506 2310 553 xui
2358 503 2685 573 παρενθήκης
2725 508 2825 551 τῶν
2880 497 3207 568 λειπομένων,
3259 492 3365 545 ἀλλ’
3422 491 3679 552 ἀποϐολῆς
3727 500 3832 542 τῶν

2222 594 2637 662 περιττευὸντων,
2696 588 2824 639 ἀλλὰ
2863 587 3203 657 λεπτουργίας
3245 588 3334 635 καὶ
3378 581 3779 653 ἔπιγομφώσεως
3813 580 3828 633 l

2223 680 2289 730 ὧν
2334 676 2483 732 οὐδὲν
2533 676 2754 731 δυνατὸν
2791 686 2882 736 τῆς
2936 677 3198 747 μακαρίας
3244 672 3438 733 ἐκείνης
3484 677 3572 723 καὶ
3618 669 3834 742 5:19an-

2221 787 2310 819 του
2344 767 2530 838 ψαύειν
2571 762 2793 837 φύσεως,
2827 762 2940 818 οὐδ’
2982 763 3156 835 ἐγγύς,
3201 760 3328 813 ἀλλὰ
3367 765 3457 812 καὶ
3481 759 3595 812 λίαν
3624 758 3829 833 πόρρω,

2222 862 2311 908 καὶ
2362 857 2509 909 πλέον
2562 858 2591 915 ἧ
2644 858 2763 908 ὅσον
2819 851 3175 927 δημιουργική
3235 852 3388 921 φύσις
3434 858 3533 901 τῶν
3594 856 3833 919 γηγενῶν

2225 943 2706 1019 δημιουργημάτων
2758 945 3178 1016 ἀνακεχὼρηκεν.
3232 941 3293 993 Εἰ
3341 936 3400 992 δε
3462 938 3544 991 ἐπὶ
3595 947 3696 989 τῶν
3755 936 3830 988 ἐν·

2223 1034 2352 1086 ύλων
2412 1035 2469 1087 ού
2522 1036 2960 1087 καταπιστεύεται
3016 1034 3074 1084 τὸ
3120 1038 3312 1101 σχῆμα
3365 1037 3460 1089 τῆς
3509 1027 3835 1098 ἀντιφάσεως

2223 1128 2397 1196 κρίσιν
2439 1125 2773 1194 ζυγοπατεῖν
2820 1122 3059 1180 ἀληθείας
3097 1125 3186 1171 xui
3221 1114 3469 1188 ψεύδους,
3505 1120 3577 1187 μή
3630 1115 3836 1167 πολλῶν

2224 1216 2314 1264 καὶ
2368 1212 2533 1264 ἄλλων
2598 1209 3244 1285 συμπαραλαμϐανομένων
3310 1211 3399 1258 καὶ
3462 1203 3840 1278 συνακριϐολο-

2224 1304 2472 1373 γούντων,
2533 1302 2991 1373 ύποστηριζόντων
3048 1318 3103 1351 τε
3148 1301 3237 1349 καὶ
3279 1295 3700 1348 συντελειούντων
3741 1300 3839 1346 τοῦ

2225 1398 2501 1465 κριτηρίου
2555 1396 2646 1450 τήν
2696 1388 2940 1463 δύναμιν,
2990 1392 3020 1446 ἦ
3062 1395 3163 1439 ποῦ
3213 1406 3271 1457 γε
3310 1387 3392 1437 ἐπὶ
3428 1392 3517 1444 τῆς
3562 1386 3702 1445 θείας
3746 1387 3842 1434 xui

2228 1480 2355 1552 ὑπὲρ
2412 1481 2563 1553 λόγον
2607 1486 2698 1533 xui
2747 1480 3011 1549 λογισμῶν
3064 1475 3393 1549 ἀνθρωπίνων
3444 1472 3538 1524 ούκ
3586 1471 3844 1543 ἀνεχομέ-

464 1594 557 1637 νης
616 1577 819 1647 ἔρευναν
875 1580 1058 1647 χώραν
1133 1575 1349 1647 εὑρήσει
1420 1578 1696 1647 κριτηρίου
1761 1568 2134 1644 περιϐαλέσθαι
2193 1571 2379 1640 κράτος
2459 1589 2513 1622 τε
2578 1574 2668 1621 xui
2745 1567 2950 1639 ἀξίωμα
3012 1573 3102 1626 τῆς
3165 1562 3487 1625 ἀντιφάσεως
3556 1564 3613 1613 τὸ
3683 1565 3832 1634 περί-

467 1682 612 1737 εργον
641 1680 654 1730 ;

534 1752 589 1805 6.
648 1755 837 1823 Atque
884 1750 1134 1822 inspice,
1181 1752 1229 1807 si
1284 1752 1469 1821 lubet,
1518 1749 1795 1822 exempla
1834 1746 2119 1821 propiora
2153 1744 2198 1799 B

466 1855 725 1912 quoque,
747 1855 927 1911 quam
949 1857 1079 1913 quae
1092 1841 1417 1899 attulimus.
1443 1840 1743 1897 Exstantia
1762 1836 2118 1911 produxitne

469 1930 614 1983 Deus
649 1928 870 1994 secula,
904 1945 981 1986 an
1010 1946 1131 1985 non
1170 1932 1452 1999 extantia,
1493 1935 1549 1986 et
1591 1929 2001 1985 subsistuntne
2041 1940 2117 1982 an

468 2031 591 2072 non
644 2018 1017 2074 subsistunt?
1046 2019 1103 2074 Si
1132 2020 1283 2075 enim
1336 2018 1616 2083 extantia,
1647 2017 1956 2090 quomodo
1996 2032 2118 2072 non

469 2104 725 2162 inaniter
767 2107 1142 2179 (produxit)?
1172 2107 1486 2174 Quomodo
1531 2124 1653 2163 non
1686 2106 1969 2165 fabulosa
2010 2105 2120 2161 erit

467 2193 569 2250 illa
598 2195 913 2266 productio
935 2197 963 2253 ?
997 2197 1094 2253 Sin
1122 2201 1321 2253 autem
1370 2213 1490 2253 non
1523 2196 1839 2261 exstantia,
1883 2194 1986 2250 ubi
2034 2199 2118 2250 est

468 2284 635 2356 quod
660 2285 894 2340 aeternis
912 2290 998 2341 est
1018 2291 1406 2342 coextensum
1426 2285 1455 2340 7
1479 2289 1540 2342 Et
1556 2287 1604 2340 si
1627 2302 1748 2341 non
1766 2284 2117 2347 subsistunt,

469 2374 779 2446 quomodo
823 2375 881 2429 in
924 2374 1103 2431 rebus
1151 2376 1533 2431 existentibus
1559 2376 1806 2431 omnino
1844 2374 1935 2430 vel
1967 2373 2121 2429 unde

470 2465 609 2517 sunt
634 2462 757 2517 sive
798 2469 969 2518 erunt
999 2464 1217 2520 saecula
1246 2466 1274 2520 ?
1312 2465 1367 2521 Si
1402 2480 1543 2519 vero
1574 2464 1927 2528 subsistunt,
1962 2462 2121 2517 unde

471 2550 617 2621 ipsis
629 2550 1229 2608 acceditillimitatum
1242 2552 1714 2608 etimmensum‘?
1732 2553 1909 2607 Visne
1924 2551 2121 2606 adhuc

472 2639 723 2711 propius
763 2640 1193 2697 absurditatem
1224 2642 1567 2713 conspicere
1591 2642 1618 2695 ?
1649 2647 1815 2713 pater
1866 2641 2122 2695 existens

472 2727 662 2783 factus
715 2732 802 2784 est
868 2728 1035 2784 Pater
1085 2729 1181 2785 vel
1231 2746 1353 2786 non
1407 2730 1678 2786 existens.
1738 2730 1796 2784 Si
1848 2729 2119 2791 existens,

477 2816 703 2888 aliquid
731 2817 921 2888 ipsius
960 2818 1182 2874 exstitit
1214 2820 1379 2889 prius
1417 2826 1473 2874 et
1510 2818 1668 2874 aliud
1704 2818 1996 2889 posterius
2033 2832 2127 2873 ac-

473 2905 673 2973 cessit,
706 2910 762 2961 et
784 2908 1093 2979 quomodo
1124 2913 1418 2964 mutatum
1443 2907 1570 2975 fuit,
1603 2907 1768 2980 quad
1798 2911 1884 2962 est
1911 2906 2127 2961 immu-

475 2994 715 3052 tabile?
766 2996 821 3052 Si
879 3012 1016 3053 vero
1072 3013 1194 3053 non
1247 2999 1522 3063 existens,
1575 2997 1923 3053 mutationis
1974 2996 2126 3053 ratio

2306 1746 2372 1810 ς’.
2424 1752 2524 1800 Καὶ
2564 1747 2678 1822 ὁρα,
2730 1749 2774 1799 εἰ
2814 1765 2873 1816 γε
2921 1743 3119 1817 βούλει,
3159 1746 3249 1794 καὶ
3299 1748 3399 1792 τῶν
3431 1739 3709 1813 εἰρημένων
3753 1736 3846 1808 ἐγ-

2228 1840 2460 1909 γύτερον.
2512 1836 2677 1889 ’Ὄντα
2707 1840 3002 1908 προήγαγεν
3033 1835 3058 1884 6
3090 1834 3214 1891 Θεὸς
3256 1830 3342 1882 τόν
3392 1830 3554 1881 αἰῶνα
3585 1830 3613 1885 ἡ
3650 1831 3723 1897 μή
3762 1831 3844 1877 ὃν·

2229 1946 2295 1979 τα
2323 1944 2335 1993 ;
2368 1931 2457 1978 καὶ
2494 1920 2596 2001 ἄρα
2637 1926 2919 1997 ὑφέστηκεν
2950 1926 2980 1981 ἣ
3015 1922 3120 1992 οὐχ
3150 1922 3435 1992 ὑφέστηκεν
3465 1936 3478 1986 ;
3514 1917 3573 1970 Εἰ
3602 1919 3694 1988 μεν
3732 1918 3839 1990 γὰρ

2231 2021 2369 2081 ὄντα,
2415 2024 2525 2076 πῶς
2569 2014 2627 2066 ού
2678 2016 2870 2085 μάτην,
2900 2019 3010 2073 πῶς
3042 2006 3092 2063 δ’
3139 2009 3198 2061 ού
3236 2008 3389 2081 λῆρος
3419 2008 3448 2064 ἡ
3492 2010 3786 2079 παραγωγή
3824 2020 3838 2069 ;

2230 2106 2273 2158 εἰ
2305 2102 2363 2157 δὲ
2410 2109 2480 2176 μὴ
2524 2109 2664 2171 ὄντα,
2708 2095 2808 2154 πόῡ
2846 2108 2953 2161 τοῖς
3002 2096 3193 2158 ἀϊδίοις
3230 2101 3289 2149 1'6
3334 2099 3839 2168 παρεκτεινόμενονς

2229 2200 2318 2246 xui
2372 2197 2414 2246 εἰ
2451 2213 2507 2264 γε
2554 2198 2625 2265 μη
2672 2194 2945 2263 ὑφέστηκε,
2988 2198 3098 2249 πῶς
3133 2195 3232 2240 τῶν
3264 2190 3419 2238 ὄντων
3458 2184 3584 2245 ὅλως
3616 2184 3645 2241 ἦ
3684 2185 3843 2235 πόθεν

2230 2283 2398 2348 αἰὼν;
2459 2282 2501 2334 εἰ
2562 2278 2611 2333 δ’
2687 2282 2961 2352 ὑφέστηκε,
3018 2279 3170 2329 πόθεν
3225 2275 3364 2344 αύτῴ
3432 2277 3490 2326 τό
3550 2271 3841 2345 ἀπέραντον

2231 2371 2639 2428 ἐπακολουθήσει
2702 2373 2792 2420 καὶ
2844 2363 3222 2430 ἀδιεξίτητον;
3277 2363 3391 2416 Ἐτι
3447 2358 3508 2413 δε
3560 2361 3841 2434 ἐγγύτερον

2230 2464 2288 2513 τό
2347 2462 2533 2512 ἄτοπον
2593 2457 2770 2530 βούλει
2831 2458 3057 2529 καθορᾴν
3106 2471 3118 2521 ;
3171 2453 3229 2505 εΟ
3290 2456 3469 2523 Πατήρ
3528 2454 3594 2501 ὧν
3659 2454 3845 2520 γέγονε

2234 2554 2413 2622 Πατήρ
2455 2552 2485 2606 ἦ
2540 2551 2612 2618 μὴ
2668 2551 2777 2612 div;
2813 2546 2856 2597 εἰ
2903 2547 2990 2617 μὲν
3020 2546 3121 2617 γὰρ
3168 2544 3257 2610 ὧν,
3297 2545 3355 2593 τό
3396 2544 3485 2611 μεν
3520 2539 3683 2591 αὐτοῦ
3714 2542 3846 2611 πρό-

2232 2658 2395 2711 τερον,
2455 2640 2512 2687 τό
2571 2631 2628 2687 δὲ
2685 2633 2962 2704 ἐπιγέγονε,
3018 2636 3107 2683 xui
3162 2638 3269 2691 πῶς
3341 2626 3721 2701 μεταϐέϐληται
3785 2630 3846 2678 τό

2234 2725 2634 2799 ἀμετάϐλητον;
2692 2722 2735 2775 εἰ
2786 2719 2845 2774 δε
2902 2726 2971 2792 μή
3020 2721 3108 2787 ὢν,
3164 2723 3253 2771 καὶ
3316 2720 3342 2769 6
3408 2726 3498 2777 τῆς
3550 2714 3848 2788 μεταϐολῆς

2235 2820 2323 2889 μὲν
2379 2816 2529 2885 λόγος
2580 2808 2729 2865 οὐδὲν
2783 2812 2938 2869 ἧττον
2974 2811 3397 2870 ἀποσκευάζεται
3443 2809 3502 2858 τὸ
3551 2804 3849 2876 ἀμετάϐλη-

2235 2925 2320 2958 τον
2351 2909 2439 2956 καὶ
2470 2904 2604 2955 κατά
2642 2908 2731 2961 τῆς
2762 2896 3060 2959 ἀιδιότητος
3095 2896 3242 2950 πλέον
3282 2897 3516 2947 ἵσταται.
3550 2894 3714 2946 Ἀλλά
3754 2894 3849 2952 λη-

2234 2998 2457 3069 ρούντων
2501 2998 2665 3044 ταῦτα
2700 2997 2795 3050 τῆς
2827 2990 3092 3061 αἰρετικῆς
3120 2985 3234 3038 ἐστι
3281 2989 3372 3037 καὶ
3400 2989 3612 3057 πρώτης
3646 2989 3849 3056 σπορᾶς

475 3083 623 3140 nihil
641 3085 839 3141 minus
858 3085 1105 3142 destruit
1127 3086 1669 3144 immutabilitatem
1691 3090 1963 3142 etcontra
1976 3102 2127 3141 sem-

2236 3084 2398 3135 πάντα
2429 3100 2598 3154 γεωργ
2607 3100 2677 3134 ια.

474 3172 870 3245 piternitatem
913 3175 1166 3232 validius
1211 3182 1456 3248 pugnat.
1500 3178 1715 3232 Verum
1753 3175 1883 3231 haec
1923 3173 2283 3244 nugantium
2322 3175 2473 3235 sunt,
2516 3176 2573 3225 et
2621 3167 2911 3224 haereticis
2952 3181 3021 3222 ac
3064 3164 3277 3236 primae
3322 3160 3571 3218 sationis
3622 3160 3836 3217 omnia

476 3260 721 3317 fructus.

550 3357 601 3407 7.
634 3353 772 3408 Esto
798 3370 810 3405 :
842 3353 949 3408 sed
974 3353 1225 3409 forsitan
1254 3354 1415 3410 aliud
1441 3355 1786 3411 haareticum
1812 3368 2124 3425 argumen-

478 3444 608 3496 tum
630 3441 921 3497 audacius
963 3447 1222 3514 emerget
1249 3449 1304 3500 et
1330 3460 1618 3500 amovens
1643 3460 1679 3499 a
1706 3460 1770 3498 se
1798 3442 2125 3513 transposi-

480 3528 659 3585 tionis
703 3530 965 3602 culpam,
1008 3548 1132 3604 qua
1175 3532 1468 3604 oppositio
1518 3532 1619 3589 illa
1664 3530 1998 3596 vitiabatur,
2049 3531 2128 3585 ita

479 3618 663 3674 ferme
707 3617 1010 3675 instituere
1048 3621 1574 3691 interrogationem
1610 3620 1887 3677 molietur
1921 3637 1933 3676 :
1972 3620 2131 3675 Exsi-

481 3711 725 3764 stentem
754 3724 829 3763 ne
860 3708 1065 3778 genuit
1092 3710 1271 3767 Pater
1298 3710 1510 3765 Filium
1534 3727 1605 3766 an
1632 3710 1981 3765 existentem
2008 3724 2128 3764 non

482 3796 685 3867 genuit
705 3796 733 3851 ?
763 3801 820 3852 et
848 3802 1051 3868 poscet
1071 3797 1321 3855 alteram
1345 3805 1572 3870 partem
1596 3798 1994 3870 oppositionis
2021 3798 2130 3852 sibi

482 3885 748 3941 concedi.
764 3886 980 3941 Verum
1011 3888 1309 3943 enimvero
1322 3894 1377 3942 et
1394 3887 1507 3943 tale
1529 3886 1808 3957 effugium
1825 3892 2129 3943 ostensum

483 3979 573 4031 est
594 3989 697 4046 per
716 3976 1048 4046 supradicta
1067 3977 1333 4048 exempla
1358 3976 1627 4033 inﬁrmas
1649 3992 2004 4048 prorsusque
2029 3975 2131 4030 de-

480 4064 668 4137 jectas
697 4064 913 4120 habere
943 4066 1116 4120 vires.
1154 4065 1302 4121 Nihil
1327 4071 1528 4122 autem
1560 4070 1718 4121 vetat
1756 4071 1812 4121 et
1842 4081 1999 4121 nunc
2042 4064 2133 4120 di-

484 4158 639 4210 recte
660 4158 715 4209 et
738 4153 991 4209 breviter
1006 4153 1153 4209 illud
1178 4154 1417 4210 refutari
1438 4155 1575 4227 (37).
1603 4154 1706 4210 Vel
1730 4155 1888 4210 enim
1908 4152 2136 4226 simpli-

487 4243 628 4299 citer
658 4241 955 4315 Signiﬁcat
984 4259 1103 4298 non
1144 4244 1368 4313 genuit,
1419 4244 1499 4299 nil
1539 4244 1697 4299 aliud
1742 4259 1966 4309 eorum,
2000 4258 2135 4315 quae

489 4331 738 4402 adjungi
768 4330 1004 4397 debent,
1038 4338 1413 4394 connectens,
1450 4332 1540 4387 vel
1568 4348 1687 4387 una
1715 4348 1919 4388 secum
1949 4331 2132 4396 ducit,

487 4420 649 4492 quod
670 4419 804 4475 addi
818 4419 1012 4484 debet.
1038 4420 1259 4476 scilicet
1278 4438 1392 4477 non
1411 4422 1610 4493 genuit
1620 4423 1745 4492 jam
1756 4422 2132 4478 exsistenlem.

492 4508 599 4575 Qui
622 4507 917 4563 fallaciam
938 4524 1179 4564 omnem
1199 4509 1375 4565 evitat
1396 4515 1534 4582 apte
1564 4511 1897 4566 orationem
1925 4524 2140 4565 conne-

2311 3348 2376 3412 ζ’.
2432 3345 2566 3403 Εἶεν·
2622 3345 2727 3399 ἀλλ’
2786 3348 2918 3406 ἴσως
2972 3342 3031 3395 ἂν
3085 3363 3160 3403 τις
3200 3343 3369 3414 ἔτερος
3418 3340 3691 3415 αἱρετίςων
3737 3344 3852 3391 νεα·

2235 3441 2492 3491 νιεύσοιτο
2541 3437 2691 3507 λόγος
2748 3439 2837 3487 καὶ
2886 3438 2977 3490 τὴν
3017 3431 3072 3484 ἐκ
3102 3432 3424 3504 μεταθέσεως
3468 3430 3548 3500 ὑφ’
3604 3429 3667 3489 ἧς
3710 3426 3852 3479 ἀντί-

2239 3530 2377 3587 θεσις
2426 3526 2701 3592 ἐνοθεύετο,
2770 3522 3253 3594 ἀποσκευαζόμενος
3304 3518 3495 3588 αἰτίαν,
3552 3516 3687 3569 οὓτω
3742 3536 3852 3576 πως

2237 3624 2555 3690 προαγαγεῖν
2608 3613 3011 3685 ἐπιτεχνάσαιτο
3068 3615 3161 3668 τήν
3219 3608 3491 3682 ἐρώτησιν
3545 3605 3710 3657 Ὀντα
3765 3624 3853 3676 γε-

2238 3708 2472 3776 γέννηκεν
2529 3705 2554 3755 6
2597 3706 2775 3773 Πατήρ
2840 3704 2927 3752 τὸν
2980 3702 3097 3752 Υἰόν
3167 3702 3197 3756 ἦ
3259 3696 3379 3749 ὄντα
3431 3696 3489 3747 ού
3541 3698 3850 3767 γεγέννηκες

2240 3799 2330 3847 xui
2385 3792 2695 3853 ἐπιζητήσει
2740 3792 2951 3862 θάτερον
3007 3792 3158 3860 μέρος
3212 3794 3309 3847 τῆς
3362 3783 3669 3844 ἀντιθέσεως
3725 3783 3855 3835 ἀπο-

2240 3884 2541 3956 κρίνασθαι.
2595 3879 2754 3934 Ἀλλὰ
2802 3880 2901 3951 γὰρ
2946 3882 3035 3929 καὶ
3078 3880 3107 3935 η
3162 3877 3378 3932 τοιαύτη
3433 3877 3708 3944 καταφυγὴ
3762 3869 3854 3925 δέ-

2244 3969 2449 4025 δεικται
2505 3973 2595 4042 μὲν
2653 3965 2747 4021 διὰ
2789 3976 2888 4018 τῶν
2943 3966 3217 4039 εἰρημένων
3272 3959 3713 4036 παραδειγμάτων
3760 3980 3857 4013 σα-

2246 4063 2365 4135 θρόν
2420 4057 2829 4132 προϐεϐλημένον
2881 4060 2971 4107 καὶ
3042 4052 3471 4129 περιυϐρισμένον
3527 4059 3599 4121 τῷ
3658 4046 3855 4121 δικαίῳ

2243 4154 2300 4202 16
2332 4149 2541 4201 ἄσυλον·
2577 4144 2727 4200 οὐδὲν
2760 4142 2818 4198 δὲ
2856 4144 3039 4196 κωλύει
3069 4147 3158 4195 καὶ
3185 4149 3274 4193 νῦν
3304 4145 3390 4193 τὸν
3421 4140 3632 4211 ἔλεγχον
3664 4138 3743 4191 ἐπ’
3777 4138 3855 4191 εύ-

2246 4241 2381 4299 θείας
2409 4258 2460 4290 τε
2497 4241 2585 4289 καὶ
2624 4236 2879 4307 ἐπιτόμως
2913 4234 3087 4285 εἰπεῖν·
3132 4235 3189 4283 1'6
3228 4235 3395 4282 τοίνυν
3435 4229 3557 4281 ὄντα
3586 4228 3644 4280 οὗ
3686 4232 3856 4298 γεγένο

2245 4348 2392 4386 νηκεν
2443 4327 2512 4387 εἰς
2561 4322 2737 4379 διττόν
2784 4322 3135 4395 ἐπιμερίζεται
3181 4316 3477 4391 διανόημα·
3518 4322 3607 4369 xui
3648 4320 3707 4368 τὸ
3760 4320 3855 4389 μεν

2247 4418 2419 4478 ἁπλῶς
2464 4415 2640 4486 ἐπάγει
2692 4417 2820 4486 πρὸς
2878 4415 2936 4463 16
2984 4415 3053 4482 μὴ
3111 4413 3433 4480 γεγέννηκεν,
3486 4407 3652 4479 ἓτερον
3702 4402 3855 4458 οὐδὲν

2248 4516 2349 4559 τῶν
2415 4503 2715 4577 ὀφειλόντων
2773 4500 3217 4554 ἐπισυνάπτεσθαι
3292 4496 3607 4568 συμπλέκον,
3666 4498 3726 4546 τὸ
3795 4493 3855 4547 δὲ

491 4602 654 4654 clens
675 4596 1018 4664 afﬁrmabit,
1046 4598 1189 4671 quia
1216 4598 1445 4668 genitus
1475 4599 1651 4654 simul
1683 4615 1822 4654 cum
1850 4599 1941 4654 sui
1967 4613 2127 4668 gene-

2254 4596 2597 4664 συνεπάγεται
2682 4596 2772 4643 καὶ
2835 4594 2892 4641 τὸ
2943 4587 3245 4651 ἀκόλουθον,
3309 4586 3367 4638 ού
3428 4588 3702 4656 γεγέννηκε
3748 4585 3853 4657 γὰρ

2446 4682 2455 4685 _
2590 4682 2599 4685 _
2658 4677 2677 4685 -
2848 4684 2853 4685 ,
3036 4683 3045 4685 Α
3246 4674 3257 4684 .
3376 4676 3385 4685 .
3591 4673 3600 4682 .
3734 4669 3780 4685 ι,

491 4687 716 4742 ratione
736 4685 919 4742 habet
939 4686 1323 4744 existentiam.
1343 4688 1505 4744 Istud
1529 4688 1706 4757 igitur
1726 4688 2139 4743 haereticorum

493 4779 913 4844 argumentum
927 4791 1032 4846 per
1050 4776 1309 4848 priorem
1322 4777 1727 4849 acceptionem
1752 4776 2143 4849 simpliciores

498 4864 792 4929 territans,
822 4864 900 4934 ab
925 4863 1127 4935 fugam
1158 4865 1289 4921 illos
1309 4866 1558 4937 impellit
1583 4882 1690 4922 nec
1713 4866 1849 4921 sinit
1870 4865 2141 4921 animum

495 4952 573 5009 ad
613 4953 937 5008 secundam
969 4955 1323 5010 sententiam
1371 4954 1696 5021 advertere,
1744 4971 1881 5027 quae
1924 4954 2143 5010 rationi

498 5041 790 5111 congruit.
826 5042 883 5098 Si
910 5042 1070 5098 enim
1103 5044 1182 5099 ad
1206 5043 1368 5099 illam
1402 5044 1536 5116 quis
1576 5044 1847 5099 animum
1881 5042 2141 5114 adjiciat,

497 5128 842 5195 facillimam,
853 5134 917 5185 ut
929 5131 1109 5198 vides,
1125 5132 1553 5205 piissimamque
1566 5132 1889 5188 reddiderit
1902 5145 2145 5201 respon-

502 5218 768 5290 sionem;
794 5236 937 5276 nam
960 5219 1282 5288 afﬁrmare,
1307 5221 1472 5293 quod
1499 5220 1847 5278 existentem
1872 5220 1998 5291 jam
2026 5235 2149 5275 non

502 5307 724 5378 genuit,
738 5308 881 5381 quia
892 5310 1567 5367 simulcumexsistentia
1579 5308 2147 5380 existititgeneratio,

2251 4688 2391 4737 ὅντα.
2444 4682 2503 4734 Ὀ
2575 4677 2915 4755 ῥᾳδιουργίαν
2984 4683 3158 4729 πᾶσαν
3239 4674 3498 4747 ἐκφεύγων
3579 4669 3858 4745 ἁρμοδίως

2250 4776 2333 4827 τὸν
2384 4772 2532 4843 λόγον
2586 4773 2827 4842 συνείρων
2886 4768 2990 4842 ἐρεῖ
3021 4783 3032 4794 °
3082 4762 3223 4817 διότι
3276 4759 3594 4834 σύνδρομον,
3651 4762 3676 4813 6
3738 4780 3857 4832 γεν-

2251 4863 2420 4921 νηθεὶς
2466 4863 2579 4932 ἔχει
2629 4866 2688 4930 τῇ
2743 4862 2980 4928 γεννήσει
3038 4858 3130 4912 τὴν
3176 4852 3416 4926 ὓπαρξιν.
3474 4849 3857 4925 Μορμολύττων

2252 4956 2422 5003 τοίνυν
2473 4950 2497 5000 6
2542 4946 2813 5021 αἰρετίζων
2857 4945 3007 5015 λόγος
3053 4939 3147 4995 διὰ
3188 4949 3279 5001 τῆς
3323 4944 3574 5014 προτέρας
3625 4935 3860 5011 ἐκδοχῆς

2254 5043 2376 5100 ¹πούς
2429 5037 2815 5107 ἁπλουστέρους
2854 5036 3055 5105 φεύγειν
3105 5031 3389 5093 ἀναπείθει,
3424 5025 3563 5101 μηδὲ
3600 5030 3734 5101 πρὸς
3762 5033 3859 5086 τήν

2257 5124 2502 5201 δευτέραν
2562 5122 2798 5177 διάνοιαν
2855 5128 2945 5174 καὶ
3000 5129 3070 5191 τῷ
3123 5121 3258 5191 λόγῳ
3311 5123 3686 5190 προσήκουσαν
3745 5116 3863 5171 ἑπι-

2260 5217 2588 5291 στρέφεσθαι’
2651 5214 2695 5267 εἰ
2746 5215 2835 5286 μὲν
2884 5214 2987 5283 γὰρ
3039 5208 3371 5283 ἀπερείσαιτο
3422 5226 3500 5268 τις
3547 5208 3676 5280 πρὸς
3734 5204 3865 5291 ἐκεί-

2259 5290 2350 5364 νην
2402 5308 2490 5358 τὸν
2535 5310 2672 5375 νοῦν,
2732 5301 3136 5376 εύχερεστάτην,
3190 5299 3260 5360 ὡς
3307 5296 3451 5372 ὁρᾷς,
3509 5298 3599 5348 καὶ
3639 5290 3865 5368 ὀρθοδα-

2066 5412 2291 5471 NOTAE.

578 5576 695 5649 (37)
736 5578 866 5634 Haec
903 5576 1080 5650 igitur
1104 5576 1452 5650 propositio,
1479 5577 1851 5635 exsistentem
1881 5591 1996 5634 non
2027 5572 2248 5645 genuit,
2276 5572 2339 5630 in
2359 5570 2658 5647 duplicem
2688 5550 2975 5626 scinditur
2995 5564 3366 5625 sententiam.
