4140 6198
381 272 477 326 501

1405 274 1501 331 AD
1541 273 2102 332 AMPHILOCHIUM
2143 276 2470 341 QUASSTIO
2509 279 2757 334 LXXIX.

3642 280 3749 335 502

383 395 577 459 ξοῡσαν
624 392 849 454 ἀποδοίη
886 398 981 455 τήν
1025 395 1304 472 ἀπόκρισιν
1332 415 1344 428 ⁸
1378 402 1437 452 τὸ
1474 402 1599 473 γὰρ,
1630 402 1753 453 ὄντα
1794 400 1853 453 ού
1905 420 1983 471 γε·

2116 402 2239 473 [uid
2255 403 2639 472 difﬁcultatis,
2665 404 2888 478 quidve
2917 404 3084 461 ardui
3116 420 3235 478 prae
3266 420 3327 461 se
3358 404 3502 461 feret
3524 402 3557 459 τ
3588 407 3749 472 Quo-

380 490 642 556 γέννηκεν,
701 483 1087 557 ἀποφήνασθαι,
1132 483 1272 539 διότι
1318 496 1381 560 τῇ
1432 489 1647 563 ὑπάρξει
1696 487 1985 564 σύνδρομος

384 577 413 633 ἡ
455 578 719 645 γέννησις,
760 580 811 626 τί
843 576 932 643 μὲν
978 571 1223 648 ἐργῶδες,
1256 581 1307 629 τί
1338 574 1395 630 δὲ
1426 579 1620 652 ἄπορον
1648 596 1661 646 ;
1694 588 1799 640 πῶς
1831 575 1890 631 δέ
1920 587 1980 651 τῇ

384 665 584 738 αἱρέσει
636 660 953 738 σύνδρομον,
1015 663 1205 736 μᾶλλον
1260 663 1318 718 δὲ
1375 675 1484 729 πῶς
1535 668 1594 720 ού
1647 673 1981 740 μαχόμενον;

384 758 517 813 τίνος
567 749 627 805 δε
673 752 966 825 λειπόμενον
1010 756 1136 825 πρὸς
1180 754 1477 822 εύσέϐειαν;
1512 757 1571 809 Εἰ
1616 754 1675 810 δὲ
1719 762 1806 809 καὶ
1855 761 1987 829 πρὸς

388 845 445 893 τό
504 846 861 914 ταπεινότερον
900 850 989 894 τοῦ
1037 847 1212 914 Λόγου
1261 841 1441 902 δεήσει
1489 846 1769 913 κατελθεῖν,
1809 846 1984 898 κάκεῖ-

388 932 469 983 θεν
538 935 653 1005 περὶ
708 938 800 991 τῆς
879 930 1204 1005 ὑψηλοτέρας
1257 930 1586 1004 διασκέψεως
1654 938 1727 988 ἔτι
1795 934 1984 1007 μᾶλλον

387 1017 756 1090 ἁνηπλωμένην
831 1024 924 1078 τήν
1000 1022 1213 1095 θεωρίαν
1281 1021 1472 1089 λαϐεῖν,
1537 1026 1761 1077 έντεύθεν
1818 1024 1986 1087 ἔξεστί

389 1127 475 1161 σοι
525 1115 737 1161 σκοπεῖν
761 1128 774 1141 υ
811 1112 915 1161 οἱον
947 1113 1004 1161 τὸ
1051 1115 1414 1183 γεγεννημένον
1459 1111 1673 1166 ἀπέθετο
1708 1116 1764 1165 τὸ
1813 1109 1986 1166 ἀίδιον

388 1200 418 1255 ἦ
491 1196 585 1248 ούκ
663 1195 879 1250 ἀπέθετο
908 1215 922 1265 ;
952 1198 1128 1261 ἁπλῶς
1193 1202 1283 1271 μὲν
1360 1203 1463 1275 γάρ
1535 1204 1845 1273 ὑπενεγκεῖν,
1892 1200 1988 1254 ἀπ-

386 1288 546 1352 έθετο,
574 1293 646 1355 τῷ
679 1286 1001 1359 σοφιζομένῷ
1046 1287 1187 1361 [τοῦ]
1234 1288 1541 1364 κακουργεῖν
1576 1287 1700 1343 ὁδὸν
1732 1291 1826 1343 οὑκ
1864 1290 1988 1343 ἐκώ·

386 1374 539 1427 λυσεν
571 1390 582 1401 ·
623 1375 867 1449 ἀρπάσας
917 1378 1016 1450 γὰρ
1070 1381 1164 1435 τήν
1213 1383 1381 1449 φωνήν
1424 1380 1450 1431 ό
1506 1384 1760 1452 σοφιστὴς
1804 1383 1988 1432 οὔκουν

387 1462 511 1536 παρ’
575 1462 739 1534 ἐαυτῷ
782 1466 914 1535 ἔχει,
993 1470 1357 1539 συμπεραίνειν
1416 1464 1577 1532 δόξει,
1644 1471 1701 1519 τὸ
1767 1464 1941 1521 αἳδιον
1972 1484 1984 1497 ·

390 1552 433 1604 εἰ
488 1548 548 1603 δέ
610 1571 689 1612 τις
759 1551 1085 1623 ἐπισυνάψας
1153 1559 1210 1606 τὸ
1276 1554 1449 1608 λεῖπον
1519 1555 1861 1628 ἀποφήναιτο,
1923 1559 1992 1619 ὡς

389 1640 485 1693 οὐκ
541 1638 779 1707 ἀπέθετο,
827 1638 969 1694 διότι
1022 1639 1161 1714 μηδὲ
1206 1646 1335 1715 ἔσχε
1380 1647 1505 1698 ποτε
1546 1645 1668 1716 (τῶν
1715 1648 1816 1721 γὰρ
1868 1665 1992 1719 προ-

2096 492 2277 548 modo
2310 493 2521 549 haeresi
2554 494 2795 558 favebit,
2822 494 2945 550 imo
2973 494 3285 566 qnomodo
3329 495 3381 550 ei
3411 509 3533 550 non
3572 508 3749 567 repu-

2094 580 2301 652 gnabit
2328 580 2356 635 ?
2386 582 2652 654 Quidque
2671 582 2751 637 illi
2772 583 3086 639 assertioni
3111 582 3186 638 ad
3210 582 3491 654 pietatem
3515 582 3751 639 deerit?

2093 671 2221 724 Jam
2254 686 2395 726 vero
2417 671 2461 724 si
2492 676 2546 727 et
2562 676 2831 743 oporteat
2853 672 2930 728 ad
2957 672 3125 727 Verbi
3148 672 3439 727 incarnati
3469 672 3754 729 humilia-

2093 759 2317 815 tionem
2333 759 2713 826 descendere,
2739 761 2996 833 indeque
3019 761 3092 817 de
3114 761 3442 817 sublimiori
3466 761 3753 833 mysterio

2091 848 2416 921 pleniorem
2442 849 2634 904 adhuc
2659 850 3114 921 explicationem
3146 866 3398 916 sumere,
3425 850 3505 905 ita
3534 850 3753 923 poteris

2094 938 2489 994 considerare.
2545 938 2611 993 V.
2667 955 2753 1009 gr.
2787 955 2798 994 :
2834 939 3007 1004 Quod
3059 943 3269 995 natum
3321 944 3426 1005 est,
3474 938 3755 1010 deposuit

2095 1028 2644 1100 sempiternitatem,
2689 1044 2765 1085 an
2798 1044 2919 1084 non
2959 1028 3280 1101 deposuit?
3310 1028 3751 1100 Respondendo

2096 1118 2256 1174 enim
2279 1116 2626 1189 simpliciter
2649 1117 2929 1188 deposuit,
2955 1117 3217 1173 cavillari
3244 1117 3465 1174 volenti
3492 1118 3753 1189 aperitur

2099 1207 2194 1262 via
2224 1223 2237 1272 ;
2270 1221 2408 1261 nam
2447 1206 2542 1262 ille
2578 1222 2787 1262 vocem
2830 1206 3005 1262 istam
3046 1206 3337 1279 arripiens
3385 1205 3703 1262 concludet
3736 1221 3748 1260 :

2098 1298 2221 1351 Non
2253 1311 2394 1365 ergo
2424 1295 2586 1366 apud
2616 1312 2679 1351 se
2709 1296 2885 1353 habet
2912 1296 3461 1366 sempiternitalem.
3506 1295 3675 1361 Quod
3703 1295 3752 1351 si

2097 1385 2231 1456 quis
2254 1389 2577 1439 annectens
2594 1384 2754 1457 quod
2779 1385 2983 1441 deerat
3019 1384 3279 1439 afﬁrmat
3309 1400 3320 1439 :
3354 1402 3459 1438 non
3479 1384 3749 1453 deposuit,

2098 1473 2240 1544 quia
2278 1488 2387 1528 nec
2420 1488 2689 1544 unquam
2716 1472 2928 1528 habuit
2953 1474 3178 1541 (eorum
3221 1471 3379 1527 enim
3411 1477 3499 1527 est
3528 1471 3753 1544 aliquid

2100 1562 2419 1632 deponere,
2435 1561 2611 1634 quiid
2624 1566 2801 1617 antea
2812 1562 3254 1632 possederunt),
3276 1560 3538 1616 validum
3555 1560 3755 1631 injecit

2100 1648 2335 1705 frenum
2363 1649 2654 1705 haeretica:
2693 1648 3043 1719 garrulitati.
3080 1650 3341 1721 Hincque
3385 1654 3446 1704 tu
3479 1648 3750 1704 sedulam

388 1734 712 1801 κεκτημένων
789 1729 900 1783 ἐστὶ
976 1735 1031 1784 τὸ
1118 1730 1483 1803 ἀποτίθεσθαι)
1552 1734 1779 1808 ἰσχυρόν
1851 1736 1991 1788 ἔθετο

2116 1740 2288 1796 mimi
2316 1754 2547 1795 navans
2572 1754 2819 1811 operam
2850 1738 3165 1794 innumera
3206 1738 3537 1808 germinare
3569 1735 3754 1793 facies

389 1821 557 1889 κημὸν
600 1826 673 1890 τῶ
720 1818 931 1891 μελετᾲν
978 1824 1170 1892 τέχνην
1221 1824 1399 1893 ἔχοντι
1444 1827 1538 1881 τήν
1602 1822 1989 1895 γλωσσαλγίαν.

392 1911 506 1961 Κάκ
537 1910 723 1960 τούτου
764 1905 823 1961 δε
852 1914 1016 1982 μυρία
1065 1929 1151 1962 σοι
1193 1913 1329 1964 κατά
1373 1919 1490 1963 νοῦν
1532 1921 1846 1987 γεωργούντι
1876 1911 1995 1964 ἀνα-

392 1994 676 2055 ϐλαστήσει
701 1999 785 2063 τά,
821 1993 893 2050 δι’
934 1999 1001 2049 ὧν
1031 2000 1062 2057 ἠ
1110 2000 1345 2072 αἱρετική
1378 2000 1547 2073 λέσχη
1579 2007 1667 2054 καὶ
1696 2004 1755 2054 τὸ
1802 2004 1995 2076 θράσος

393 2082 812 2158 ἐπιστομίζεται,
844 2083 1271 2161 παραδείγματα.

466 2173 533 2231 η’.
568 2174 708 2226 Αλλά
743 2176 843 2247 γὰρ
886 2179 1051 2229 ταῦτά
1103 2196 1188 2230 σοι
1234 2182 1355 2253 περὶ
1405 2186 1499 2241 τῆς
1545 2181 1678 2233 κατὰ
1722 2184 1816 2238 τὴν
1847 2178 1998 2233 ἀντί-

396 2281 550 2335 φασιν
602 2263 937 2335 τεχνολογίας
980 2270 1069 2317 καὶ
1119 2276 1215 2326 τῆς
1263 2268 1629 2339 αἰρετιζούσης
1676 2266 1997 2341 ἀδολεσχίας

394 2352 510 2403 κατ’
568 2348 859 2426 ὶπιδρομήν
912 2356 1135 2427 εἴρηται,
1191 2360 1286 2413 τήν
1338 2355 1684 2431 ἐντελεστέραν
1735 2354 1998 2411 διδασκα-

395 2439 509 2492 λίαν
558 2446 643 2492 καὶ
700 2442 914 2516 θεωρίαν
956 2449 1048 2495 τοῦ
1094 2449 1465 2517 προειρημένου
1520 2445 1698 2517 λόγου,
1758 2448 1812 2509 ὃς
1863 2450 1999 2500 κατά

394 2532 487 2591 τάς
574 2527 906 2593 διαλεκτικὰς
978 2531 1141 2584 πάλαι
1210 2532 1629 2609 παρρησιάζεται
1698 2533 1995 2612 διατριϐὰς,

396 2622 649 2693 παρέχειν
696 2622 841 2682 ὄντος
889 2622 1225 2676 ἱκανωτάτου.
1267 2625 1345 2676 Τά
1394 2620 1453 2676 δε
1499 2624 1629 2677 οἴλλα
1670 2625 1865 2700 ἔρῥωσο
1910 2632 1998 2680 καὶ

399 2704 683 2782 βραδύνειν
711 2711 835 2783 πρὸς
864 2711 959 2769 τὰς
988 2712 1084 2772 σάς
1115 2710 1349 2774 αἰτήσεις
1394 2709 1487 2765 διὰ
1515 2718 1608 2771 τήν
1639 2722 1737 2766 τῶν
1769 2716 1998 2787 ὑπογρα-

398 2799 528 2869 φέων
577 2795 799 2871 ἀπορίαν
843 2796 958 2850 ἀντὶ
1006 2806 1099 2852 τοῦ
1141 2808 1241 2852 τῶν
1281 2809 1385 2853 σῶν
1430 2802 1691 2861 αἰτήσεων
1735 2802 1999 2878 ὀλιγωρεῖν

399 2886 541 2959 ἡμᾶς
568 2888 768 2959 νόμιζε.

962 2996 1281 3050 ΕΡΩΤΗΣΙΣ
1318 2996 1440 3054 ΟΘ’.

2102 1828 2393 1899 exempla,
2428 1844 2535 1899 per
2580 1845 2715 1901 quas
2748 1828 3153 1884 haereticorum
3201 1826 3532 1899 loquacitas
3572 1830 3754 1897 atque

2102 1917 2356 1975 audacia
2385 1917 2768 1989 reprimatur.

2175 2184 2229 2237 8.
2262 2186 2448 2253 Atque
2476 2182 2603 2237 haec
2633 2180 2741 2237 tibi
2787 2180 2861 2237 de
2891 2180 3376 2237 contradictionis
3406 2177 3656 2235 artiﬁcio
3701 2182 3757 2234 et

2106 2270 2179 2327 de
2199 2271 2475 2326 haeretica
2507 2270 2847 2339 garrulitate
2867 2269 3058 2325 obiter
3085 2269 3244 2325 dicta
3275 2272 3474 2323 sunto.
3504 2265 3758 2323 Absolu-

2106 2360 2316 2415 tiorem
2344 2360 2676 2415 doctrinam
2705 2364 2762 2415 et
2780 2357 3225 2429 explicationem
3253 2372 3437 2429 supra
3465 2371 3758 2412 memora-

2108 2455 2200 2506 tus
2220 2450 2499 2522 liber,qui
2521 2450 2574 2504 in
2598 2448 2915 2505 dialecticis
2935 2448 3060 2520 iam
3078 2446 3310 2503 dudum
3339 2449 3569 2518 prostat
3583 2445 3759 2501 scho-

2105 2539 2195 2606 lis,
2218 2539 2497 2595 exhibere
2535 2537 3034 2594 sufﬁcientissime
3058 2536 3291 2608 poterit.
3327 2537 3601 2592 Ceterum
3626 2533 3759 2589 vale

2108 2635 2163 2684 et
2181 2629 2378 2700 potius
2406 2644 2501 2683 me
2519 2628 2635 2683 tuis
2665 2626 2980 2699 postulatis
3003 2626 3164 2681 tarde
3182 2624 3521 2697 obsequiob
3538 2622 3755 2679 scriba-

2107 2733 2246 2773 rum
2276 2717 2566 2790 inopiam,
2598 2732 2785 2789 quam
2824 2720 2959 2772 tuas
2990 2714 3294 2787 petitiones
3324 2713 3620 2784 negligere
3649 2727 3759 2784 pu-

2111 2812 2253 2864 tato.

2446 2998 2765 3067 QUAES'I‘IO
2800 2998 2989 3056 LXXIX
3018 2998 3121 3069 [αι.
3150 2996 3289 3070 xu].
3315 2995 3435 3069 (38)

401 3104 549 3153 Διατί
599 3098 847 3180 ἀγγέλων
906 3106 1114 3180 μνήμην
1175 3102 1268 3155 ούκ
1314 3106 1489 3180 ,ἔσχεν
1570 3103 1618 3157 ἐν
1686 3113 1746 3178 τῇ
1807 3126 1997 3180 κοσμο-

2116 3110 2239 3170 Cur
2267 3110 2610 3180 angelorum
2641 3107 2976 3180 mentionem
3003 3104 3291 3180 Δηοη-Ῑθεξςξι
3320 3100 3593 3180 Μοεεξ-ίη
3614 3117 3763 3180 mea-

471 3179 641 3246 γενείᾳ
692 3178 891 3233 Μωσῆς
946 3173 1097 3297 339);
1127 3180 1217 3227 καὶ
1268 3179 1321 3227 τί
1370 3173 1612 3248 σημαίνει
1660 3173 1738 3228 τόι
1772 3199 1800 3230 ι(
1839 3173 2003 3232 Τοῦτο

481 3252 581 3297 σνὰο
643 3252 824 3297 ποιῶν.
877 3244 939 3294 ἄν
978 3264 1137 3297 οακας
1192 3264 1357 3297 πυοοε
1426 3251 1708 3297 σωρεύσεις
1773 3248 1856 3297 ἐπὶ
1910 3256 2002 3297 τὴν

481 3244 824 3322 γάρςποιῶν,
871 3244 1137 3322 ,ἄνθρακας
1192 3264 1358 3320 πυρος
1426 3244 1709 3322 σωρεύσεις
1773 3248 1856 3303 ἰπὶ
1910 3256 2002 3310 τήν

472 3312 695 3393 έεῲαλήν
728 3312 888 3367 αὑτοῦ
914 3331 927 3382 ;
959 3312 987 3365 )3

2185 3182 2332 3236 tione
2346 3171 2557 3235 'mundz'
2586 3180 2614 3235 '7
2652 3185 2701 3232 et
2727 3177 2868 3249 quid
2901 3177 3013 3231 sibi
3042 3171 3163 3232 vult
3192 3174 3341 3230 illud
3368 3192 3380 3228 ς
3416 3194 3444 3226 ‹‹
3476 3174 3587 3228 Hoc
3613 3171 3763 3228 enim

2180 3252 2435 3377 fuciegzs,
2496 3250 2767 3306 carbones
2834 3249 2984 3319 ignis
3054 3262 3319 3318 congere:
3371 3260 3539 3317 super
3596 3249 3762 3314 caput

2186 3340 2307 3394 ejus
2397 3343 2425 3375 »

591 3454 748 3506 Edita.
777 3470 810 3507 a
834 3454 1050 3512 Wolﬁo,
1080 3454 1203 3505 Cur.
1232 3453 1421 3503 Philol.
1455 3453 1515 3515 V,
1549 3469 1601 3519 p.
1635 3455 1860 3513 687-691,
1884 3458 2027 3521 apud
2052 3456 2316 3514 Galloni,
2348 3460 2385 3506 t.
2413 3456 2545 3512 XIII,
2577 3471 2627 3520 p.
2664 3455 2889 3512 707-709,
2914 3468 2966 3502 η.
2994 3453 3072 3501 12.
3103 3452 3160 3502 In
3188 3449 3337 3501 Rom.
3368 3450 3477 3507 XII,
3499 3450 3577 3498 20.

472 3579 658 3652 ’Δμφω
723 3584 814 3652 μὲν
866 3583 933 3633 τά
995 3579 1279 3651 ζητήματα
1329 3586 1496 3632 ταῦτα
1550 3584 1639 3632 καὶ
1695 3578 1743 3632 έν
1812 3580 2001 3653 ἑτέροις

403 3672 549 3742 ἡμῶν
598 3672 905 3743 γράμμασιν
1141 3668 1288 3742 οἶμαι
1335 3674 1427 3727 τὴν
1476 3667 1628 3722 λύσιν
1680 3670 1861 3743 εὑρεῖν,
1914 3678 2004 3731 τῆς

405 3763 496 3833 μεν
549 3759 809 3832 ἀκριϐεία5
851 3763 946 3812 ούκ
986 3758 1046 3810 at»
1089 3762 1286 3831 εἴποιμι
1323 3755 1488 3831 μηδεν
1529 3756 1879 3823 ἀποδέουσαν,
1909 3768 2003 3821 τῆς

408 3846 467 3901 δὲ
498 3844 767 3921 δυνάμεως
807 3845 956 3901 οὐδὲν
997 3850 1227 3920 ἔχουσαν
1269 3844 1610 3922 ἐνδεέστερον.
1656 3852 1780 3901 Επεὶ
1829 3844 1888 3900 δέ
1921 3867 2003 3901 σοι

407 3936 571 4010 φίλον,
622 3942 711 3989 καὶ
762 3933 1043 4011 ἰδιαίτερον
1092 3939 1233 4009 ἔχειν
1283 3940 1376 3994 τήν
1423 3940 1542 4009 περὶ
1579 3935 1747 3988 αὐτῶν
1789 3938 2003 4011 θεωρίαν

404 4031 495 4078 καὶ
549 4024 858 4098 ἀνάμνησιν,
896 4030 1070 4078 καίτοι
1111 4044 1171 4097 γε
1208 4028 1624 4097 κεχαριτωμένος
1671 4027 1738 4077 ὠν
1777 4031 1866 4077 καὶ
1915 4025 2006 4078 αύ-

404 4119 492 4176 τὸς
544 4114 605 4167 ού
662 4119 816 4188 μόνον
869 4110 1061 4167 εἰδέναι
1113 4116 1179 4166 τὰ
1226 4120 1468 4182 τοιαῦτα,
1519 4112 1647 4166 ἀλλά
1695 4119 1785 4166 καὶ
1838 4114 2005 4175 ἄλλοις

406 4207 589 4277 μαθεῖν
640 4209 915 4279 παρέχειν,
947 4212 1038 4265 τῆς
1093 4211 1193 4264 σῆς
1248 4207 1496 4264 συνέσεως
1542 4208 1636 4261 τήν
1684 4206 1897 4261 αἴτησιν
1946 4203 2004 4256 ού

407 4294 847 4365 παρῃτησάμεθα.
894 4296 981 4345 Διό
1035 4309 1215 4365 φαμεν·
1265 4292 1350 4354 Ἐξ
1399 4292 1467 4344 ὧν
1521 4301 1614 4354 τῆς
1666 4298 1872 4366 μνήμης
1916 4297 2006 4345 καὶ

406 4389 505 4433 τῶν
534 4381 796 4454 λογισμῶν
825 4383 851 4433 ό
892 4380 1048 4442 πολύς
1096 4380 1275 4453 ὄχλος,
1307 4386 1397 4433 καὶ
1434 4401 1533 4433 των
1571 4390 1874 4456 πειρασμῶν
1918 4385 2007 4434 καὶ

407 4478 507 4522 τῶν
566 4470 817 4541 θειψάνων
874 4471 968 4522 οὑκ
1001 4469 1294 4543 ἀφείλαντο,
1346 4469 1453 4522 ἀλλ’
1528 4473 1600 4523 ἔτι
1667 4474 1831 4542 μένειν
1892 4474 2008 4524 τινὰ

408 4568 509 4611 τῶν
559 4559 809 4630 Αειψάνων
845 4558 1195 4623 ὑπελείποντο,
1243 4560 1309 4620 ὡς
1354 4563 1443 4611 καὶ
1492 4556 1563 4611 δι’
1604 4558 1762 4621 ἄλλας
1800 4562 1888 4631 μεν
1930 4560 2007 4611 αἰ-

409 4654 524 4711 τίας
572 4656 790 4718 Μωσῆς,
844 4656 939 4712 τῆς
982 4653 1351 4721 κοσμογενείας
1400 4650 1469 4710 εἰς
1512 4648 1707 4721 ἐμφανῆ
1752 4645 2006 4721 διήγησιν

409 4740 807 4811 καθιστάμενος,
867 4737 1093 4810 ἀγγέλων
1150 4741 1266 4791 οὔτε
1334 4738 1519 4800 ούσίας
1595 4740 1711 4791 οὔτε
1765 4742 2007 4809 γενέσεως

412 4825 731 4899 ἐπεμνήσθη.
764 4830 1143 4901 Κεχωρισμένα
1172 4846 1225 4879 τε
1265 4829 1367 4899 γὰρ
1413 4832 1581 4878 ταῦτα
1625 4834 1718 4888 τῆς
1749 4826 2007 4889 αἰσθητῆς

411 4921 649 4978 κτίσεως.
685 4919 785 4969 Καὶ
827 4922 936 4978 τοῖς
966 4917 1017 4979 ἐξ
1047 4915 1254 4989 Ἰσροήλ
1282 4918 1404 4989 ἄρτι
1432 4918 1563 4988 πρὸς
1600 4917 1854 4990 θειοτέραν
1889 4918 2006 4968 θεω-

410 5010 527 5078 ρίαν
568 5004 900 5077 ἀναγομένοις
945 5003 1045 5056 ἀπό
1096 5013 1185 5065 τῆς
1229 5004 1587 5075 Αἰγυπτιακῆς
1630 5004 1860 5076 μάλιστα
1899 5002 2007 5057 διες⁸

414 5090 774 5167 σιδαιμονίας,
797 5092 845 5145 έν
866 5094 897 5166 ᾖ
921 5093 1077 5147 πολύν
1103 5098 1293 5167 χρόνον
1322 5094 1364 5146 εἰ
1390 5097 1478 5146 καὶ
1500 5097 1571 5165 μὴ
1596 5101 1658 5165 τῇ
1682 5093 1847 5167 πλάνῃ
1879 5096 2008 5145 κάτ-

412 5203 553 5257 οχοι,
589 5181 699 5235 ἀλλ’
728 5185 777 5236 ἕν
801 5202 860 5255 γε
886 5183 997 5255 (41)
1020 5190 1125 5245 τοῖς
1163 5187 1527 5255 κατεχομένοις
1550 5185 1637 5234 τόν
1669 5180 1785 5255 βίον
1818 5179 1853 5235 δ
1858 5186 2007 5258 ιέτρί-

483 5379 619 5453 (38)Δ
638 5378 848 5445 Quoad
876 5378 1135 5453 priorem
1165 5379 1400 5449 partem
1430 5376 1558 5433 haec
1581 5376 1843 5453 quiestio
1863 5376 2018 5453 eius-

412 5448 717 5508 dem'fere
758 5448 1095 5519 argumenti
1141 5448 1233 5504 est
1274 5463 1345 5521 ac
1387 5448 1635 5521 quaestio
1682 5449 1749 5521 Y1
1794 5452 1853 5504 et
1897 5448 2012 5514 XV,

411 5522 611 5594 quoad
642 5521 1041 5594 posteriorem
1071 5520 1346 5576 convenit
1374 5520 1510 5594 cum
1537 5535 1598 5592 q.
1635 5520 1743 5576 LII.

484 5594 603 5665 (39)_
632 5590 795 5665 Colb.
823 5593 941 5665 ita:
976 5594 1072 5646 Διά
1111 5595 1164 5644 τί
1194 5598 1427 5654 Μωῡσῆς
1475 5590 1524 5643 έν
1558 5590 1624 5665 τῇ
1672 5595 2015 5663 κοσμογενείᾳ

413 5648 530 5718 οὔτε
580 5648 807 5737 ἀγγέλων
854 5664 1059 5730 οὐσίας,
1113 5665 1230 5717 οὔτε
1291 5666 1535 5734 γενέσεως
1594 5648 2007 5736 ἰμνημόνεῦσενξ

2183 3582 2340 3638 Duas
2365 3581 2475 3638 has
2512 3580 2874 3652 quaestiones
2912 3578 3089 3635 etiam
3129 3577 3188 3633 in
3227 3575 3353 3631 aliis
3396 3574 3629 3647 scriptis
3664 3589 3768 3629 no.

2112 3672 2242 3726 stris
2268 3671 2487 3726 solutas
2519 3686 2647 3725 esse
2698 3668 2991 3734 existimo,
3024 3668 3106 3723 ita
3130 3665 3394 3739 quidem,
3446 3668 3524 3728 ut,
3560 3679 3765 3735 quam-

2112 3760 2200 3814 vis
2229 3759 2592 3815 accurationi
2622 3756 2934 3813 solutionis
2962 3756 3106 3811 nihil
3146 3756 3360 3811 deesse
3392 3768 3513 3808 non
3539 3752 3764 3815 dixero,

2113 3848 2381 3904 efﬁcacia
2408 3852 2606 3903 tamen
2639 3862 2759 3903 non
2791 3847 2864 3901 sit
2889 3845 3152 3901 inferior.
3185 3842 3477 3906 Quoniam
3500 3856 3641 3897 vero
3664 3839 3768 3895 tibi

2115 3935 2348 4008 placuit,
2422 3934 2784 4005 singularem
2850 3934 3116 4005 aliquam
3178 3930 3657 4004 disquisitionem
3714 3932 3771 3985 et

2115 4024 2678 4081 commentationem
2720 4023 2794 4078 de
2825 4021 3193 4093 argumentis
3235 4020 3349 4076 illis
3384 4021 3443 4074 in
3484 4022 3769 4090 promptu

2114 4114 2357 4177 habere,
2394 4113 2535 4168 mihi
2574 4128 2713 4167 vero
2752 4112 2867 4183 ipsi
2902 4110 3242 4182 jucundum
3285 4108 3375 4172 sit,
3414 4122 3535 4163 non
3574 4106 3768 4162 solum

2116 4202 2265 4258 scire
2303 4200 2464 4265 talia,
2512 4201 2616 4256 sed
2659 4206 2734 4267 et,
2784 4207 2847 4255 ut
2891 4199 2988 4256 alii
3035 4199 3291 4263 discant,
3339 4197 3586 4262 efﬁcere,
3635 4194 3770 4267 peti-

2117 4291 2337 4347 tionem
2365 4296 2528 4347 tuam
2554 4290 2816 4345 aversari
2841 4288 3021 4345 nolui.
3052 4289 3191 4343 Dico
3215 4288 3417 4359 itaque
3447 4303 3460 4342 :
3490 4282 3770 4351 Quandiu

2115 4379 2332 4450 vulgus
2397 4379 2726 4436 Judeorum
2789 4378 3141 4434 memoriam
3201 4382 3257 4431 et
3303 4374 3768 4430 recordationem

2117 4484 2418 4525 variarum
2469 4469 2863 4523 tentationum
2916 4472 2974 4522 et
3034 4465 3441 4522 calamitatum
3498 4461 3770 4517 nondum

2116 4557 2411 4621 amiserat,
2444 4557 2545 4612 sed
2564 4556 2845 4629 reliquias
2870 4554 3169 4627 quasdam
3201 4555 3259 4608 in
3292 4557 3569 4624 promptu
3593 4550 3774 4606 habe-

2115 4648 2237 4713 bat,
2292 4648 2494 4702 Mosen
2535 4645 2779 4719 quidem
2818 4650 3031 4717 printer
3074 4644 3222 4699 alias
3271 4657 3508 4715 quoque
3556 4654 3773 4696 causas

2117 4741 2456 4793 accuratam
2487 4735 2650 4792 orbis
2681 4734 2901 4791 conditi
2942 4732 3383 4789 enarrationem
3413 4732 3771 4799 ingressum,

2117 4842 2227 4883 nec
2253 4827 2628 4883 existentiam
2659 4840 2768 4881 nec
2798 4824 3093 4895 originem
3125 4822 3474 4893 angelorum
3524 4834 3775 4875 comme-

2120 4932 2412 4972 morasse.
2447 4918 2578 4971 Hinc
2610 4915 2770 4971 enim
2798 4930 2834 4970 a
2872 4913 3072 4979 rebus,
3106 4929 3239 4985 qua:
3270 4910 3541 4966 sensibus
3580 4908 3775 4964 obvias

2118 5008 2277 5069 sunt,
2333 5003 2711 5059 vehementer
2742 5007 2875 5057 sunt
2905 5001 3202 5057 distincta.
3254 5000 3435 5055 Porro
3480 4994 3772 5064 lsraelitis,

2116 5098 2404 5166 tanquam
2455 5092 2558 5165 qui
2597 5091 2676 5147 ad
2719 5090 3125 5146 sublimiorem
3160 5087 3489 5162 quamdam
3531 5085 3775 5141 medita-

2118 5183 2341 5240 tionem
2361 5181 2438 5238 ah
2460 5181 2761 5254 lEgytiaca
2779 5179 3066 5251 imprimis
3088 5178 3518 5251 superstitione,
3545 5173 3629 5244 (in
3654 5192 3779 5250 qua

2198 5376 2314 5448 (40)
2349 5376 2615 5448 Fortasse
2646 5373 3167 5448 hocufactumest
3210 5374 3270 5431 in
3318 5372 3777 5448 Commentariis

2126 5445 2313 5503 Photii
2338 5448 2397 5502 in
2423 5446 2620 5503 varios
2652 5446 3062 5517 Codicissacri
3111 5446 3315 5511 libros,
3356 5461 3511 5517 quos
3549 5445 3779 5517 passim

2125 5518 2329 5574 videas
2353 5516 2564 5590 afferri.
2600 5516 2954 5590 lngepistolis
2984 5522 3139 5573 certe
3183 5517 3313 5590 ejus
3356 5515 3670 5574 altum—est
3705 5515 3781 5572 de

2124 5594 2376 5661 utroque
2404 5588 2597 5661 capite
2620 5588 2939 5661 silentium.

2192 5655 2308 5734 (41)
2340 5662 2425 5719 Ita
2446 5655 2654 5734 scripsi
2682 5674 2790 5730 pro
2817 5655 2906 5712 οὖν
2935 5678 3012 5732 γε.
