4140 6198
364 272 471 329 503

1609 268 1840 325 PHOTII
1882 264 2368 322 ΡΑΤΗΙΑΗΟΗᾹΞ
2408 266 2514 322 CP.

3620 264 3725 320 504

357 397 605 468 longum
639 399 895 467 tempus,
912 393 1105 450 eidem
1128 393 1367 465 quidem
1392 394 1573 451 errori
1595 410 1717 451 non
1740 391 2007 458 obnoxii,

2120 388 2227 453 ϐον,
2261 392 2353 444 οὐκ
2385 389 2445 450 ἦν
2494 392 2706 463 εὐχερὲς
2734 386 2857 441 οὐδὲ
2895 383 3080 463 ῥᾴδιον
3125 392 3290 462 φέρειν
3333 390 3460 463 πρὸς
3499 392 3595 447 τὴν
3625 408 3727 441 των

358 487 464 543 sed
510 486 662 541 inter
706 500 808 539 eos
849 490 1072 550 tamen,
1120 485 1223 555 qui
1273 484 1366 539 illo
1420 485 1575 555 capti
1621 488 1809 549 erant,
1878 498 2010 538 exe-

358 576 584 646 gerant)
636 587 827 643 nuper
878 572 1200 627 admodum
1266 572 1533 644 perducti
1582 572 1835 639 fuerant,
1888 587 2010 627 non

357 663 529 720 facile
554 678 663 718 nec
688 662 936 717 obvium
969 667 1112 728 erat,
1158 667 1219 717 ut
1257 662 1335 717 ad
1362 663 1743 734 incorporeas
1776 665 2011 733 Deoque

359 752 584 808 similes
637 756 848 807 mentes
897 751 1303 823 percipiendas
1352 752 1624 807 animum
1672 752 2009 808 aveherent.

358 845 484 898 Non
525 841 722 897 minus
772 856 931 904 vero,
988 840 1101 896 nisi
1150 841 1350 912 potius
1392 843 1584 911 magis
1622 841 1759 907 huc,
1802 846 2014 913 praeter

356 932 535 994 dicta,
558 929 829 1002 pertinet,
845 930 1011 1001 quod
1037 929 1198 1000 leges
1216 930 1447 986 laturus
1467 935 1591 987 erat
1615 946 1736 986 non
1763 930 2009 1001 angelis,

359 1020 463 1075 sed
492 1019 861 1078 hominibus,
903 1020 1008 1090 qui
1052 1024 1107 1074 et
1156 1020 1377 1074 conditi
1417 1024 1603 1090 erant,
1644 1024 1700 1076 et
1732 1036 1803 1074 ex
1828 1019 2012 1075 nihilo

358 1110 605 1164 existere
636 1113 955 1180 cmperant.
989 1108 1125 1164 Ideo
1165 1124 1357 1163 rerum
1389 1109 1672 1165 Conditor
1715 1109 2014 1164 doctrinas

358 1196 747 1257 necessarias,
781 1201 836 1251 et
889 1212 1027 1251 cum
1076 1197 1321 1252 utilitate
1354 1197 1724 1268 conjunctas,
1764 1197 1876 1252 hoc
1908 1203 2011 1252 est.

358 1286 513 1351 coeli,
544 1290 728 1351 terrm,
763 1285 1139 1357 aliorumque
1182 1285 1464 1341 similium
1496 1286 1805 1354 originem,
1840 1301 2015 1357 expo~

359 1375 461 1440 nit,
521 1374 811 1446 quoniam
869 1373 968 1429 illa
1027 1374 1273 1445 quidem
1329 1379 1650 1446 antequam
1707 1374 2012 1430 hominem

359 1463 641 1520 conderet
669 1479 801 1518 esse
827 1463 1030 1529 voluit,
1072 1463 1355 1535 quodque
1395 1464 1579 1519 homo
1610 1464 1740 1535 ipse
1790 1462 1851 1518 in
1896 1463 2011 1519 illis

357 1553 545 1608 vitam
578 1557 821 1607 acturus
852 1557 1000 1621 erat,
1038 1553 1203 1623 quod
1232 1552 1485 1623 denique
1516 1553 1697 1608 etiam
1750 1552 1885 1618 alia,
1936 1553 2013 1608 ad

357 1642 541 1697 vitam
584 1640 922 1696 naturalem
978 1641 1334 1708 necessaria,
1387 1640 1519 1705 illis,
1575 1641 1799 1713 quibus
1852 1641 2012 1712 leges

2122 482 2412 553 ἀσωμάτων
2464 486 2548 532 καί
2607 475 2843 533 θεοειδών
2899 484 3023 530 νόων
3070 479 3420 548 ἐπανάγεσθαι
3468 480 3724 550 μάθησιν.

2122 569 2288 623 Οὐδὲν
2342 569 2400 622 δὲ
2433 568 2606 637 ἧττον,
2648 569 2690 621 εἰ
2721 573 2790 640 μη
2826 573 2915 621 καὶ
2949 567 3138 640 μᾶλλον
3183 576 3279 618 τῶν
3312 567 3613 639 εἰρημένων,
3648 567 3728 620 ὁτι

2122 657 2250 732 μηδ’
2280 660 2507 731 ἀγγελοις
2537 662 2658 720 τους
2686 664 2874 729 νόμους
2915 658 3028 726 (42)
3064 656 3312 728 εἰσφέρειν
3345 657 3566 728 ἔμελλεν,
3615 656 3726 708 ἀλλ’

2122 748 2431 822 ἀνθρώποις,
2482 746 2558 808 οἷς
2612 745 2670 805 ἦν
2706 751 2795 799 καὶ
2835 749 2863 804 ἡ
2916 751 3134 816 γένεσις,
3189 751 3278 797 καὶ
3326 748 3355 803 ἡ
3407 744 3462 797 ἐκ
3513 754 3604 797 τοῦ
3652 751 3724 819 μὴ

2123 842 2263 898 ὄντος
2294 838 2364 899 εἰς
2392 842 2447 889 τὸ
2490 834 2619 889 εἶναι
2647 832 2894 911 πρόοδος.
2940 839 3034 887 Καὶ
3085 836 3109 886 ὀ
3152 839 3519 907 Γενεσιουργὸς
3570 833 3727 906 αναγ-

2124 935 2248 979 καῖα
2289 930 2595 998 μαθήματα,
2635 931 2725 977 καὶ
2767 928 2826 977 τὸ
2874 930 3139 998 χρήσιμον
3172 929 3526 996 παρεχόμενα,
3570 924 3727 997 οὖρα-

2123 1026 2211 1069 νου
2260 1022 2431 1089 μέντοι
2476 1021 2564 1067 καὶ
2612 1024 2727 1086 γῆς,
2783 1020 2872 1066 καὶ
2923 1022 3022 1066 τῶν
3054 1012 3215 1064 ἄλλων
3262 1014 3458 1083 εἰσάγει
3504 1018 3724 1084 γένεσιν,

2126 1108 2205 1159 ὁτι
2235 1107 2399 1158 ταῦτά
2437 1125 2491 1157 τε
2537 1108 2637 1178 πρὸ
2668 1113 2763 1164 τῆς
2801 1111 2891 1155 τοῦ
2941 1102 3209 1175 ἀνθρώπου
3252 1104 3361 1173 (43)
3398 1102 3580 1164 οὐσίας
3624 1104 3727 1156 υπ-

2126 1201 2274 1265 έστη,
2305 1200 2395 1247 καὶ
2423 1196 2502 1246 ὃτι
2533 1194 2580 1246 ἐν
2610 1194 2785 1254 αὐτοῖς
2812 1197 2907 1250 τὴν
2939 1188 3146 1244 δίαιταν
3174 1194 3199 1242 ὁ
3232 1193 3497 1266 ἄνθρωπος
3525 1191 3726 1264 ἔμελλεν

2125 1288 2286 1357 ἔχειν,
2331 1288 2420 1336 καὶ
2452 1282 2592 1335 διότι
2621 1286 2710 1343 τὰς
2757 1284 2892 1333 κατὰ
2933 1285 3026 1339 τήν
3059 1282 3309 1339 αἴσθησιν
3359 1280 3516 1343 ἄλλας
3562 1280 3729 1352 ἀναγ-

2124 1380 2273 1433 καίας
2333 1378 2520 1446 χρείας
2575 1380 2679 1433 τοῖς
2731 1373 3183 1443 νομοθετουμένοις
3236 1370 3405 1441 ἔμελλε
3449 1375 3725 1443 παρέχειν.

2126 1470 2259 1515 Θεοῦ
2289 1466 2378 1534 μὲν
2425 1466 2525 1534 γὰρ
2568 1463 2747 1513 ὁποίαν
2781 1458 2977 1518 δήποτε
3024 1467 3137 1519 ταῖς
3168 1459 3393 1531 ψυχαῖς,
3443 1459 3485 1510 εἰ
3534 1464 3727 1531 καὶμὴ

2122 1556 2253 1625 πρὸς
2285 1557 2377 1610 τὴν
2423 1550 2687 1618 ἀκρίϐειαν
2734 1549 3041 1621 ἀνηγμένην,
3095 1550 3231 1620 ὅμως
3273 1551 3463 1600 ἔνννιάν
3497 1568 3611 1601 τινα
3640 1554 3733 1601 καὶ

2124 1646 2409 1713 φαντασίαν
2441 1639 2604 1711 εἶχον·
2637 1638 2861 1709 ἀγγέλων
2904 1635 2961 1690 δὲ
2987 1635 3251 1709 οὐδαμῶς
3288 1638 3415 1688 ὃπου
3464 1657 3524 1708 γε
3552 1643 3645 1691 καὶ
3669 1640 3732 1689 τὸ

358 1730 723 1797 ferebantur,
770 1730 1153 1801 suppeditare
1194 1728 1450 1785 volebat.
1501 1730 1598 1786 Dei
1653 1729 1811 1785 enim
1863 1731 2007 1786 noti-

2124 1728 2495 1783 Σαδδουκαίων
2540 1731 2669 1801 μετὰ
2704 1728 2892 1789 πολλὰς
2922 1730 3092 1799 γενεὰς
3134 1729 3277 1787 ἔθνος
3304 1729 3432 1778 Θεὸν
3471 1730 3560 1798 μὲν
3602 1728 3731 1797 ὁμο-

357 1819 525 1880 tiam,
576 1819 623 1872 si
671 1834 790 1873 non
842 1824 1202 1884 accuratam,
1263 1819 1471 1874 saltem
1526 1819 2010 1891 qualemcunque

358 1908 574 1963 animis
622 1907 865 1963 inﬁxam
896 1907 1219 1972 habebant,
1255 1909 1605 1978 angelorum
1660 1925 1796 1964 vero
1844 1909 2011 1965 illam

356 1996 603 2051 minime
628 1996 899 2050 omnium
937 2013 949 2060 ;
982 1996 1502 2067 quemadmodum
1529 1996 1706 2052 etiam
1736 1997 2013 2053 Saducae-

358 2100 530 2139 orum
545 2090 704 2140 secta
720 2084 917 2139 multis
931 2084 1165 2139 saeculis
1182 2090 1313 2155 post
1330 2086 1512 2140 Deum
1528 2085 1764 2156 quidem
1778 2086 2014 2157 proﬁte-

356 2173 899 2245 batur,angelorum
913 2173 1288 2245 etspirituum
1304 2174 1535 2230 nomina
1549 2189 1657 2229 nec
1670 2175 1874 2230 audire
1887 2192 1950 2229 su
1961 2193 2013 2229 s-

355 2262 708 2319 tinebant”.
743 2262 915 2330 Quod
945 2279 1078 2318 vero
1102 2266 1311 2327 Moses,
1335 2264 1435 2334 qui
1456 2266 1639 2319 Deum
1655 2265 1815 2328 vidit,
1845 2280 2010 2319 men-

355 2352 505 2406 tium
548 2352 1039 2423 incorporearum
1090 2353 1725 2408 comommerationem
1774 2358 2012 2425 propter

352 2439 813 2495 imbecillitatem
844 2440 1099 2505 illorum,
1118 2440 1220 2512 qui
1246 2457 1368 2496 eam
1398 2441 1655 2497 audituri
1682 2447 1869 2509 erant,
1898 2442 2011 2497 sub

354 2528 585 2583 initium
603 2529 890 2593 omiserit,
917 2545 985 2583 ex
1006 2546 1076 2585 eo
1106 2529 1487 2585 manifestum
1509 2535 1618 2597 est,
1638 2530 1802 2602 quod
1820 2531 1879 2585 in
1894 2530 2011 2586 ﬁne

353 2616 597 2688 reliquae
625 2616 909 2681 historiae,
942 2622 998 2672 et
1028 2622 1161 2688 post
1192 2619 1312 2674 alia
1340 2620 1527 2673 multa
1556 2618 1818 2683 recitata,
1849 2635 2012 2674 men-

355 2706 578 2761 tionem
592 2721 800 2761 eorum
816 2706 966 2771 fecit,
983 2707 1261 2778 quamvis
1276 2722 1347 2761 ne
1364 2712 1501 2762 tunc
1513 2707 1750 2778 quidem
1767 2708 2012 2763 creatio-

353 2809 492 2849 nem
507 2794 872 2863 illorum,sed
886 2795 1137 2851 laetitiam
1153 2795 1429 2851 ccelorum
1444 2801 1499 2851 et
1512 2795 1853 2865 angelorum
1869 2797 1944 2852 ad
1956 2813 2010 2853 o-

352 2883 640 2938 rationem
662 2885 1174 2940 commemoravit.
1213 2905 1235 2935 α
1271 2884 1603 2949 Laetamini,
1626 2886 1836 2957 inquit,
1870 2902 2008 2942 cum

351 2971 469 3036 illo,
500 2972 647 3041 caeli,
680 2978 735 3027 et
766 2973 1169 3029 adoreuteum
1199 2988 1408 3029 omnes
1431 2973 1627 3043 angeli
1653 2974 1836 3029 Dei“.
1856 2994 1883 3026 »
1922 2975 2007 3032 Si-

2120 1822 2285 1891 λογεῖν
2334 1820 2549 1892 ἐφρόνει,
2605 1816 2856 1888 ἀγγέλους
2906 1814 2964 1868 δὲ
3011 1822 3099 1868 καὶ
3134 1819 3404 1886 πνεύματα
3435 1812 3559 1868 οὐδὲ
3590 1818 3726 1888 ἀκοῇ

2120 1906 2523 1984 παραδέχεσθαι
2572 1907 2778 1959 ἀνεκτὸν
2808 1909 3050 1977 ἡγοῦντο,
3097 1904 3213 1956 ’Ὁτι
3250 1902 3307 1956 δὲ
3356 1902 3430 1957 δι’
3462 1904 3729 1958 ἀσθένειαν

2119 2008 2216 2053 τῶν
2260 1996 2556 2070 δεχομένων
2606 2000 2635 2054 ἡ
2690 2004 2789 2048 τῶν
2848 1994 3138 2067 ἀσωμάτων
3176 1998 3301 2045 νοων
3353 1991 3609 2065 διήγησις
3653 2002 3728 2065 τῷ

2124 2091 2309 2160 θεοπτη
2366 2089 2478 2139 κατ’
2546 2085 2718 2159 ἀρχὰς
2802 2084 3192 2158 παραλέληπται
3257 2090 3456 2149 Μωσεῖ,
3543 2080 3725 2151 δῆλον,

2120 2177 2173 2240 ἐξ
2219 2178 2286 2227 ὧν
2336 2176 2419 2228 ἐπὶ
2474 2176 2603 2227 τέλει
2646 2183 2734 2234 τῆς
2780 2174 2933 2233 ἄλλης
2967 2176 3220 2245 ἱστορίας,
3273 2178 3362 2224 καὶ
3400 2181 3499 2225 τῶν
3526 2172 3726 2224 πολλῶν

2119 2267 2280 2338 λόγων
2343 2266 2409 2325 εἰς
2474 2270 2682 2336 μνήμην
2748 2263 2916 2315 αὐτῶν
2974 2261 3267 2333 περιῆλθεν,
3337 2262 3377 2313 εἰ
3438 2267 3529 2313 καὶ
3584 2259 3727 2333 μηδὲ

2120 2362 2231 2409 τότε
2295 2358 2493 2425 γένεσιν
2552 2354 2794 2423 εἰσάγων,
2858 2351 2965 2402 ἀλλ’
3024 2351 3339 2424 εὐφροσύνην
3405 2353 3494 2422 μὲν
3572 2351 3728 2425 οὐρα-

2120 2455 2235 2511 νῶν,
2295 2446 2654 2518 προσκύνησιν
2705 2439 2765 2493 δε
2817 2440 3064 2512 ἀγγέλων,
3128 2460 3154 2492 ‹‹
3224 2441 3588 2512 Ἐυφράνθητε,
3644 2439 3723 2493 λέ·

2118 2555 2243 2605 γων,
2312 2533 2536 2603 οὐρανοὶ,
2619 2530 2731 2602 ἁμα
2802 2530 2962 2599 αὐτῷ,
3036 2535 3125 2581 καὶ
3198 2530 3725 2602 προσκυνησάτωσαν

2120 2624 2259 2692 αὐτῷ
2304 2625 2483 2680 πάντες
2533 2619 2743 2691 ἄγγελοι
2784 2627 2937 2671 Θεου.
2978 2638 3005 2669 ››
3046 2617 3104 2669 Ὀ
3148 2622 3321 2689 μέντοι
3350 2637 3409 2688 γε
3458 2620 3723 2691 θεοπάτωρ

2121 2713 2234 2783 (4-4)
2278 2707 2443 2763 Δαϐὶδ
2482 2714 2641 2781 πυρός
2697 2727 2748 2760 τε
2794 2708 2962 2759 αὐτῶν
3010 2707 3207 2758 ἀνεῖπεν
3253 2711 3346 2765 τὴν
3387 2709 3589 2772 οὐσίαν,
3633 2712 3725 2759 καὶ

2121 2798 2444 2872 δημιουργὸν
2493 2800 2775 2871 ὑπάρχειν,
2826 2798 2881 2857 ὃς
2906 2800 2995 2848 καὶ
3033 2804 3126 2857 τῆς
3171 2795 3323 2856 ἄλλης
3370 2798 3479 2847 ἐστὶ
3505 2800 3725 2857 κτίσεως

2120 2888 2329 2948 ἁπάσης
2384 2891 2469 2938 καὶ
2521 2886 2915 2958 ἐπιγινώσκεται
2965 2882 3310 2958 δημιουργός.
3371 2884 3429 2936 εΟ
3486 2887 3575 2956 μὲν
3633 2884 3725 2935 οὖν

2118 2982 2299 3051 καιρὸς
2348 2982 2465 3048 περὶ
2514 2984 2612 3027 τῶν
2662 2974 2889 3046 ἀγγέλων
2943 2982 3163 3026 τοιαῦτα
3210 2978 3475 3045 παρέσχεν
3540 2972 3720 3028 εἰπεῖν.

352 3058 567 3115 militer
577 3061 794 3129 David,
806 3061 901 3116 Dei
917 3066 1165 3133 pater,et
1178 3063 1415 3131 igneam
1431 3077 1637 3117 eorum
1652 3063 1969 3119 essentiam
1985 3071 2438 3129 commemorat,
2455 3069 2509 3119 et
2522 3064 2889 3120 conditorem
2908 3079 3116 3119 eorum
3132 3061 3389 3134 appellat
3401 3062 3576 3133 ",qui
3590 3061 3723 3116 reli-

350 3164 607 3219 quarum
627 3166 825 3205 rerum
844 3151 1114 3206 omnium
1131 3155 1337 3207 auctor
1352 3152 1422 3207 sit
1436 3156 1489 3207 et
1506 3157 1886 3221 agnoscatur.
1908 3157 2095 3225 Atque
2108 3154 2231 3209 haec
2247 3153 2485 3224 quidem
2505 3152 2614 3210 hac
2631 3152 2945 3208 occasione
2962 3152 3035 3207 de
3054 3150 3286 3221 angelis
3301 3149 3513 3205 afferre
3532 3149 3719 3205 licuit-

427 3239 598 3303 Quod
628 3255 766 3294 vero
797 3240 871 3294 ad
896 3240 1041 3295 illud
1074 3241 1294 3296 dictum
1325 3246 1553 3312 spectat
1585 3260 1596 3299 :
1638 3264 1659 3291 ι
1694 3243 1813 3297 Hoc
1841 3242 1998 3297 enim
2038 3244 2077 3297 C

350 3325 592 3390 faciens,
625 3327 914 3383 carbones
947 3329 1098 3400 ignis
1130 3345 1417 3399 congeres
1444 3329 1503 3385 in
1530 3336 1712 3401 caput
1733 3332 1856 3401 ejus
1879 3334 1948 3401 ⁸³,
1974 3352 2000 3382 ››

348 3414 508 3469 idem
537 3414 681 3469 illud
703 3422 790 3471 est
812 3432 881 3472 ac
910 3418 958 3471 si
982 3417 1199 3473 dixeris
1230 3435 1243 3473 :
1277 3418 1659 3474 Coacervabis
1690 3419 2000 3489 carbones,

348 3508 530 3573 caput
569 3504 698 3574 ejus
750 3504 1144 3576 depascentes
1204 3512 1259 3562 et
1317 3513 1754 3564 consumentes.
1822 3509 2004 3564 Citius

348 3590 509 3646 enim
537 3591 682 3647 illud
725 3600 1168 3660 consumerent,
1225 3595 1337 3650 nisi
1381 3600 1613 3651 mature
1654 3596 1784 3651 illos
1818 3597 1895 3652 ab
1934 3613 2003 3652 eo

346 3695 681 3745 removeas,
724 3688 781 3737 et
818 3698 852 3737 a
884 3689 1123 3754 repente
1166 3701 1233 3739 ac
1266 3691 1649 3739 consumente
1684 3685 1818 3741 labe
1859 3686 2004 3741 illud

345 3766 581 3825 liberes.
623 3772 831 3826 Nonne
869 3787 1029 3843 vero,
1072 3772 1152 3827 ita
1211 3774 1259 3827 si
1313 3774 1527 3843 egeris,
1570 3774 1833 3845 optimus
1872 3790 2005 3847 pro-

348 3858 491 3913 ximi
544 3859 649 3914 tibi
698 3860 963 3915 medicus
1004 3861 1349 3919 videberis?
1383 3863 1438 3918 Si
1488 3862 1648 3919 enim
1690 3880 1898 3920 mensa
1949 3869 2006 3919 et

346 3948 619 4004 convictu
643 3949 831 4004 hostis
867 3954 995 4005 tuus
1034 3956 1146 4006 ate
1168 3952 1514 4023 excipiatur,
1548 3954 1855 4024 quomodo
1876 3953 2003 4009 ﬁeri

345 4041 558 4108 potest,
599 4043 681 4108 ut,
736 4039 782 4093 si
824 4055 941 4095 non
998 4042 1076 4095 ob
1128 4040 1266 4095 boni
1310 4041 1663 4113 virtutisque
1714 4042 1998 4108 studium,

347 4125 560 4183 saltem
614 4133 875 4200 propter,
937 4128 1179 4185 delicias
1230 4130 1444 4201 quibus
1491 4130 1654 4201 apud
1697 4135 1750 4186 te
1794 4131 2003 4186 fruitur

346 4215 618 4271 animum
676 4233 852 4271 suum
912 4217 989 4272 ab
1056 4218 1362 4273 inimicitia
1446 4224 1701 4285 revocet,
1781 4220 1858 4275 ab
1916 4222 2001 4275 in-

347 4303 513 4359 sidiis
544 4320 677 4361 vero
710 4305 997 4361 faciendis
1036 4306 1343 4377 abstineat,
1398 4308 1732 4379 mentisque
1776 4309 2002 4364 sobrie-

344 4396 463 4448 tate
497 4398 753 4464 recepta,
787 4394 1065 4451 ﬂammas
1092 4400 1145 4451 et
1176 4396 1350 4461 iram,
1384 4412 1535 4468 quas
1565 4397 1873 4454 inimicitia
1899 4414 2002 4453 ex-

347 4481 649 4551 citaverat,
680 4483 740 4538 in
792 4484 1061 4555 placidos
1110 4491 1574 4557 mansuetosque
1626 4503 1822 4541 mores
1862 4503 2000 4542 con-

2185 3246 2254 3295 Τὸ
2302 3240 2379 3307 δε,
2423 3262 2451 3294 (ι
2482 3250 2647 3295 Τοῦτο
2690 3244 2789 3314 γὰρ
2830 3250 3009 3305 ποιῶν,
3042 3243 3301 3313 ἄνθρακας
3332 3243 3493 3311 πτρός
3525 3242 3723 3312 σωρεύ-

2119 3353 2225 3394 σεις
2273 3335 2355 3384 ἐπὶ
2409 3334 2502 3389 τὴν
2552 3331 2772 3403 κεφαλὴν
2821 3331 2999 3394 αὐτοῦ,
3056 3353 3083 3379 ››
3139 3328 3251 3381 ἀντὶ
3305 3336 3417 3394 τοῦ,
3474 3329 3722 3380 Ἐπισυν-

2116 3420 2253 3483 άξεις
2303 3424 2416 3480 τοὺς
2468 3425 2904 3493 κατανεμομένους
2962 3419 3123 3471 αὐτοῦ
3176 3423 3266 3471 καὶ
3323 3414 3719 3490 διαφθείροντας

2114 3514 2204 3567 την
2269 3511 2485 3580 κεφαλὴν
2538 3509 2815 3582 ἀνθρακας.
2878 3510 2981 3562 Καὶ
3033 3511 3131 3581 γὰρ
3190 3510 3373 3560 θᾶττον
3428 3506 3488 3558 ἂν
3558 3506 3719 3565 αὐτὴν

2117 3596 2502 3670 διεργάσαιντο,
2538 3600 2581 3651 εἰ
2624 3604 2695 3671 μὴ
2733 3601 2914 3651 θᾶττον
2946 3598 3134 3658 αὐτοὺς
3184 3600 3249 3648 συ
3276 3599 3465 3655 ταύτης
3513 3594 3722 3647 ἀποσω-

2113 3692 2305 3763 ρεύσης
2356 3695 2445 3741 καὶ
2510 3688 2804 3760 ἀπαλλάξῃς
2859 3696 2951 3740 τοῦ
2991 3687 3228 3759 ἓρποντος
3278 3692 3367 3738 καὶ
3420 3687 3724 3738 κατεσθίον-

2112 3796 2197 3838 τος
2245 3778 2405 3835 αυτὴν
2449 3780 2668 3839 πάθους.
2716 3784 2829 3838 Πῶς
2888 3773 2939 3828 δ’
2996 3776 3088 3827 οὐκ
3137 3778 3197 3827 οἷν
3252 3774 3462 3845 ὀφθείης
3504 3777 3728 3849 ἄριστος

2114 3865 2274 3928 οὓτως
2323 3870 2564 3941 πράττων
2606 3874 2695 3918 τοῦ
2753 3865 2972 3923 πλησίον
3031 3869 3205 3938 ἱατρός
3257 3882 3268 3930 ;
3327 3864 3565 3937 Τραπέξη
3616 3867 3721 3938 γὰρ

2111 3960 2201 4007 καὶ
2253 3955 2533 4027 φιλοτησία
2582 3958 2723 4029 παρὰ
2780 3962 2873 4007 σοῦ
2938 3951 3265 4025 δεξιούμενος
3328 3955 3352 4004 ὁ
3408 3955 3620 4026 ἐχθρὸς.
3676 3954 3723 4005 εἰ

2111 4048 2199 4094 καὶ
2257 4050 2326 4115 μὴ
2389 4041 2529 4096 διότι
2583 4043 2868 4115 φιλόκαλος,
2924 4048 3013 4095 καὶ
3080 4052 3169 4102 τῆς
3222 4041 3405 4116 αρετῆς
3471 4041 3718 4115 ἐραστὴς,

2112 4132 2218 4184 ἀλλ’
2262 4130 2347 4185 οὖν
2379 4153 2435 4204 γε
2481 4130 2573 4185 διὰ
2603 4138 2694 4191 τὴν
2740 4134 3033 4199 εὐπάθειαν,
3067 4139 3125 4191 ῆς
3154 4134 3298 4204 παρὰ
3339 4138 3433 4184 σοῦ
3468 4136 3559 4189 τὴν
3594 4130 3721 4183 ἀπὸ·

2110 4222 2293 4274 λαυσιν
2351 4226 2483 4293 ἔχει,
2542 4231 2646 4285 πῶς
2687 4222 2779 4274 οὐκ
2838 4220 2896 4272 ἂν
2949 4221 3198 4278 ἐκστῆναι
3241 4224 3331 4292 μὲν
3380 4228 3475 4280 τῆς
3519 4219 3722 4291 ἑχθρας

2107 4310 2359 4382 λογισμὸν
2392 4310 2659 4377 ἀναλάϐοι,
2693 4310 2939 4369 ἐκστῆναι
2986 4307 3044 4361 δὲ
3090 4306 3409 4367 διανασταίη
3459 4318 3557 4370 τῆς
3610 4308 3722 4360 ἐπι-

2111 4399 2337 4465 ϐουλῆς
2389 4404 2478 4450 καὶ
2537 4399 2806 4469 ἀνανήψας
2870 4402 2986 4459 τούς
3032 4398 3313 4470 λογισμοὺς
3369 4402 3459 4449 καὶ
3517 4402 3625 4469 τὴν⁵
3672 4396 3720 4449 ἐν

2111 4489 2287 4550 αὐτοῖς
2333 4492 2565 4562 πυρωσίν
2618 4508 2669 4541 τε
2734 4494 2823 4540 καὶ
2877 4488 3181 4559 φλεγμονὴν,
3248 4492 3310 4545 ἦν
3370 4486 3633 4559 ἀνίφλεγεν
3686 4488 3715 4543 ἡ

345 4574 551 4637 vertat,
584 4576 757 4644 atque
790 4573 940 4629 adeo
966 4574 1184 4628 sensim
1214 4590 1284 4629 eo
1311 4574 1664 4639 adducatur,
1694 4580 1757 4631 ut
1795 4592 1999 4633 amare

2117 4580 2298 4650 ἔχθρα,
2355 4580 2485 4649 πρὸς
2545 4581 2601 4628 τὸ
2662 4578 3011 4650 μαραίνεσθαι
3046 4581 3135 4628 καὶ
3188 4576 3509 4649 πραΰνεσθαι
3564 4593 3721 4645 μετα-

345 4658 535 4716 discat
562 4660 1026 4726 benefactorem,
1058 4662 1330 4718 beneﬁca
1381 4669 1437 4719 et
1470 4664 1666 4720 amica
1706 4681 1887 4721 manu
1928 4682 1997 4721 eo

348 4765 513 4815 usus,
565 4756 629 4806 ut
676 4751 1058 4807 acerbitatem
1099 4769 1170 4807 ex
1214 4752 1353 4808 odio
1404 4758 1603 4809 natam
1645 4755 1890 4821 molliat,
1924 4756 1997 4811 si-

346 4839 775 4910 multatemque
814 4840 1100 4895 adversus
1130 4842 1591 4911 benefactorem,
1624 4860 1760 4917 quae
1792 4850 1847 4900 et
1874 4846 1996 4901 ani-

346 4942 512 4981 mum
548 4929 696 4998 ejus,
740 4933 795 4983 et
842 4944 1077 5000 corpus,
1112 4934 1168 4985 et
1199 4936 1378 5002 caput
1404 4931 1689 5003 depascit,
1719 4933 1779 4988 in
1806 4934 1995 5004 pudo-

420 5033 467 5068 ⁸ο
508 5033 700 5089 Matth.
735 5050 897 5101 xxni,
932 5038 982 5090 8.
1089 5038 1134 5073 εί
1179 5039 1341 5093 Deut.
1377 5055 1559 5104 xxxu,
1594 5042 1684 5096 43.

1789 5042 1835 5076 ⁸³
1875 5041 2028 5097 Psal.
2061 5057 2175 5112 Civ,
2202 5042 2254 5095 4.

2110 4667 2289 4731 ϐολῶν,
2350 4668 2485 4719 κατὰ
2536 4668 2721 4741 μικρὸν
2768 4666 2850 4717 ἐπὶ
2901 4669 2958 4717 τὸ
3008 4662 3193 4717 εἰδένοι
3232 4669 3321 4716 καὶ
3362 4669 3591 4736 στέργειν
3630 4667 3718 4715 τὸν

2109 4757 2377 4829 εὐεργέτην
2451 4757 2879 4828 χειραγωγηθείη
2946 4751 3039 4807 διὰ
3095 4761 3185 4814 τῆς
3245 4750 3572 4825 εὐεργέτιδος
3629 4756 3720 4804 καὶ

2110 4846 2513 4920 φιλοφρονούσης
2545 4840 2717 4906 δεξιᾶς
2746 4849 2920 4895 πᾶσαν
2970 4848 3062 4900 τὴν
3107 4850 3198 4895 τοῦ
3244 4847 3440 4913 μίσους
3496 4838 3716 4912 διαγλυ-

2108 4936 2262 4994 κάνας
2313 4938 2549 5007 πικρίαν,
2601 4938 2690 4985 καὶ
2747 4938 2840 4990 τὴν
2890 4932 3097 5004 ψυχὴν,
3151 4936 3241 4984 καὶ
3291 4934 3350 4983 τὸ
3408 4938 3583 5003 σῶμα,
3626 4934 3718 4982 καὶ

2358 5045 2524 5097 Rom.
2554 5057 2656 5109 xu,
2688 5044 2775 5095 20.

1912 5147 2143 5205 ΝΟΤιΕ.

420 5264 532 5405 με)
557 5263 719 5320 Colb.
756 5281 864 5337 pro
890 5274 995 5327 τοῖς
1019 5273 1212 5339 νομοῖς.

444 5336 537 5405 43)
585 5336 744 5391 Idem
796 5352 900 5405 pro
939 5344 1161 5401 ποιητὴς

444 5336 537 5406 43)
585 5336 1450 5415 Ιάθωίρτο.ποιητὴς-οὐρανοῦ,
1501 5359 1636 5415 quae
1700 5343 1995 5415 posterior

348 5422 461 5461 vox
492 5422 563 5461 ex
597 5408 958 5487 compendio
992 5408 1331 5482 scriptionis
1366 5408 1605 5480 alvom-id
1645 5408 1751 5484 est,
1801 5414 1993 5487 ἀνθρώ-

348 5497 471 5561 που,
508 5485 798 5561 nataest,
843 5481 1147 5561 adquam
1179 5500 1350 5561 voces
1390 5488 1489 5559 πρὸ
1538 5495 1631 5561 τῆς
1674 5481 1746 5541 ω
1774 5481 1997 5561 (rotari;

349 5554 582 5607 mutata
622 5552 756 5608 ideo
805 5567 842 5608 a
878 5552 1122 5610 librario
1164 5552 1624 5628 videtur,'quod
1667 5558 1798 5613 voci
1844 5557 1998 5629 ούρα-

2106 5279 2194 5324 νοῦ
2224 5273 2413 5343 magis
2448 5270 2743 5343 videretur
2783 5269 3259 5343 accommodata.

2178 5344 2291 5414 (44)
2319 5340 2433 5422 H_oc
2467 5342 2739 5422 Elogium
2784 5341 3095 5422 Davidi‘ob
3126 5342 3425 5422 Christum
3466 5340 3719 5422 θεάνορω-

2105 5412 2318 5496 «senex
2346 5413 2572 5471 familia
2597 5414 2719 5496 ejus
2744 5418 2967 5496 natum;
3001 5413 3272 5496 tribuitur
3295 5412 3723 5496 9hrysostomo

2107 5493 2161 5542 et
2192 5483 2342 5552 aliis,
2384 5502 2645 5559 quorum
2673 5485 2838 5540 locos
2868 5484 3058 5539 habes
3090 5483 3253 5556 apud
3294 5483 3624 5537 Suicerum.
