4140 6198
373 306 482 361 505
604 313 606 315 ’
1383 301 1478 356 AD
1518 294 2066 358 AMPHILOCHIUM

2107 292 2428 364 QU/ESTIO
2471 291 2689 351 LXXX.
3646 301 3754 358 506

375 437 468 490 την
543 428 768 502 κεφαλὴν
831 429 968 478 κατά
1037 436 1129 479 τοῦ
1204 429 1471 501 εὐεργέτου
1534 425 1844 501 δυσμένειαν
1914 425 1987 485 εἰς

2102 439 2217 477 rem
2246 423 2576 494 quemdam
2606 429 2661 476 et
2691 436 2961 477 amorem
2992 428 3299 479 convertat
3329 426 3357 480 ‘2
3388 426 3560 490 Quod
3591 428 3639 482 si
3667 434 3751 484 ta-

377 517 513 574 αἰδὼ
570 516 949 588 διαλυσάμενος
1007 521 1096 568 καὶ
1148 523 1374 589 στοργήν
1409 533 1422 583 ;
1453 517 1510 570 Εἰ
1543 514 1601 570 δέ
1640 537 1698 588 γε
1738 520 1867 590 μετά
1892 521 1986 575 τὴν

377 613 642 668 τοσαύτην
674 609 991 679 εὐεργεσίαν,
1039 603 1112 658 δι’
1152 607 1215 667 ἧς
1253 611 1310 658 τό
1353 616 1448 669 τῆς
1491 606 1816 678 ἀγαθότητος
1856 606 1986 669 ἐξει-

379 701 647 760 κονίζεται
688 697 892 761 κάλλος,
934 692 1086 748 οὐδὲν
1134 699 1262 770 πρὸς
1307 699 1363 748 τό
1411 695 1632 768 βέλτιον,
1663 699 1688 748 ό
1717 705 1789 766 τῷ
1821 699 1988 768 φθόνῳ

381 797 476 841 τοῦ
506 789 726 846 πλησίον
771 791 860 838 καὶ
902 793 971 855 τῷ
1021 790 1166 856 μίσει
1210 787 1459 857 κάτοχος,
1512 783 1634 837 οὐδὲ
1673 789 1796 861 πρός
1835 805 1984 858 μετα·

384 876 541 936 ϐολήν
572 882 659 928 καὶ
716 873 1000 948 διόρθωσιν
1055 874 1327 944 ἐπιϐλέψαι
1372 875 1634 946 βούλοιτο,
1675 877 1851 950 θηρίον
1899 879 1988 948 μὲν

385 965 446 1018 ἂν
477 967 502 1017 ό
530 973 764 1026 τοιοῦτος
811 969 901 1016 καὶ
956 964 1050 1016 οὐκ
1108 964 1377 1034 ἄνθρωπος
1415 967 1514 1035 εἴη,
1557 969 1647 1016 καὶ
1696 967 1910 1015 σπάνιον
1939 963 1988 1014 ἐν

386 1055 683 1126 ἀνθρωπίνῃ
743 1056 894 1125 φύσει
924 1056 982 1105 τὸ
1034 1061 1265 1104 τοιοῦτον
1308 1059 1486 1107 κακόν.
1521 1057 1587 1104 Σὺ
1620 1049 1677 1104 δὲ
1707 1050 1857 1104 οὐδὲν
1901 1055 1989 1125 μὲν

386 1145 541 1202 ἧττον
594 1139 717 1195 οὐδὲ
757 1143 870 1214 (45)
926 1145 1057 1213 μετά
1103 1146 1195 1199 την
1244 1144 1506 1198 τοσαύτην
1548 1140 1812 1204 ἀπόνοιαν,
1866 1140 1992 1192 ἀλλά

385 1237 477 1285 καὶ
529 1231 720 1304 μᾶλλον
773 1235 893 1293 τοὺς
934 1235 1378 1302 κατανεμομένους
1422 1231 1580 1282 αὐτοῦ
1625 1237 1717 1289 την
1768 1230 1990 1302 κεφαλὴν

386 1324 648 1397 ἄνθρακας
690 1330 817 1393 τῇγε
872 1329 936 1392 σῇ
986 1324 1207 1393 προνοίᾳ
1253 1322 1509 1391 σωρεύων,
1542 1323 1634 1376 τὴν
1675 1323 1991 1376 Δεσποτικην

387 1411 447 1463 ἀν
493 1415 605 1472 εἴης
658 1415 886 1483 μίμησιν
938 1417 1052 1469 ταῖς
1107 1411 1428 1483 εὐεργεσίαις
1484 1407 1810 1482 ἀναπληρῶν,
1869 1407 1994 1461 ἐκεῖ·

385 1519 472 1560 νος
521 1496 572 1552 δ’
632 1501 793 1551 αὑτοῦ
859 1501 916 1550 τό
965 1499 1251 1570 ἁμάρτημα
1306 1499 1481 1559 πάσης
1521 1497 1634 1568 (46)
1675 1496 1860 1558 ἀθλίως
1912 1501 1995 1551 ἐπὶ

390 1589 539 1642 πλέον
597 1591 769 1662 ὥσπερ
829 1587 1122 1660 εὐεργεσίας
1179 1586 1314 1638 οὕτω
1369 1590 1454 1637 καὶ
1487 1591 1796 1658 συγγνώμης
1835 1584 1996 1650 ἔδειξε

397 1675 772 1750 δυνατώτερον.
851 1676 913 1728 Εἰ
969 1673 1029 1728 δε
1093 1695 1168 1734 τις
1225 1678 1283 1726 τό
1333 1692 1346 1704 ·
1402 1697 1429 1724 ‹‹
1478 1674 1774 1747 Ἀνθρακας
1837 1679 1996 1748 πυρός

2098 531 2234 569 men
2255 517 2626 586 posttantam
2644 511 3122 582 beneﬁcentiam,
3145 529 3450 586 perquam
3476 517 3752 588 benigni-

2097 603 2231 659 tatis
2263 602 2640 673 pulchritudo
2667 606 3143 671 repraasentatur,
3183 603 3388 671 homo,
3428 604 3668 662 invidiae
3699 612 3757 664 et

2097 691 2238 746 odio
2262 692 2318 746 in
2350 691 2694 763 proximum
2708 689 3147 756 sibiobnoxius,
3177 708 3286 747 nec
3313 693 3521 749 melior
3537 695 3756 751 redda-

2099 786 2208 846 tur,
2253 795 2362 835 nec
2393 780 2471 835 ad
2499 779 2889 834 mutationem
2931 796 3291 853 morumque
3322 782 3752 840 correctionem

2097 870 2385 942 respicere
2438 869 2578 923 velit
2631 868 2772 935 ;ille
2824 869 3061 941 quidem
3109 870 3235 926 fera
3281 871 3474 928 bestia
3532 873 3752 944 potius,

2098 974 2285 1031 quam
2331 959 2514 1014 homo
2564 956 2754 1022 fuerit,
2803 957 3000 1029 qualis
3044 965 3244 1016 tamen
3289 961 3441 1016 inter
3479 961 3754 1018 homines

2097 1047 2403 1104 rarissime
2461 1046 2810 1101 inveniatur.
2857 1049 2937 1102 Tu
2984 1052 3182 1104 autem
3230 1049 3620 1106 nihilominus
3666 1051 3756 1107 vel

2102 1137 2206 1202 sic,
2244 1135 2366 1190 imo
2393 1149 2533 1189 vera
2561 1133 2903 1203 diligentius
2935 1135 3245 1203 carbones,
3275 1143 3456 1209 caput
3493 1138 3623 1210 ejus
3657 1141 3759 1196 de-

2100 1228 2440 1294 pascentes,
2473 1221 2726 1291 provida
2772 1237 2917 1278 cura
2963 1228 3097 1294 post
3150 1228 3368 1280 tantam
3425 1229 3753 1285 amentiam

2104 1326 2463 1368 coacervans
2486 1310 2784 1366 beneﬁciis
2816 1311 2953 1374 tuis,
2990 1312 3224 1368 Domini
3252 1316 3594 1387 exemplum
3625 1317 3755 1372 imi-

2102 1401 2320 1458 taberis
2353 1418 2367 1466 ;
2407 1399 2552 1455 alter
2580 1415 2718 1454 vero
2765 1399 2860 1455 ille
2903 1401 3195 1468 ostendet,
3230 1410 3538 1473 peccatum
3573 1421 3750 1462 suum

2106 1491 2267 1562 apud
2299 1505 2360 1544 se
2392 1491 2526 1560 plus
2553 1488 2765 1554 valere,
2807 1504 2991 1560 quam
3021 1491 3221 1546 omnis
3253 1493 3551 1563 ejusmodi
3580 1494 3755 1551 bene-

2105 1579 2366 1634 ticientia
2394 1578 2670 1649 factaque
2699 1577 3017 1634 liberaliter
3055 1581 3227 1635 venia
3270 1580 3504 1638 efﬁcere
3541 1585 3752 1656 possit.

2109 1669 2164 1724 Si
2203 1667 2340 1740 quis
2395 1682 2534 1723 vero
2586 1665 2771 1722 verba
2800 1665 2944 1722 illa:
2984 1688 3006 1717 ‹
3060 1668 3362 1725 Carbones
3417 1673 3573 1741 ignis
3617 1689 3758 1730 con»

391 1766 764 1840 ἐπισωρεύσεις
814 1763 898 1817 ἐπὶ
941 1769 1033 1822 τὴν
1063 1763 1282 1836 κεφαλὴν
1317 1763 1500 1829 αὐτοῦ,
1537 1786 1565 1813 ››
1603 1769 1692 1816 καὶ
1735 1767 1868 1817 κατὰ
1903 1769 1994 1823 τὴν

2107 1773 2276 1828 geres
2323 1771 2502 1827 super
2531 1759 2713 1826 caput
2753 1755 2918 1826 ejus;
2948 1776 2973 1806 ι)
2998 1756 3072 1812 de
3100 1758 3344 1828 proclivi
3392 1761 3455 1814 in
3503 1763 3756 1832 gratiam

390 1861 675 1931 πρόχειρον
744 1851 996 1925 ἐκδοχὴν,
1059 1857 1148 1905 καὶ
1208 1855 1324 1914 τοὺς
1385 1852 1598 1913 πολλοὺς
1661 1853 1993 1927 παρακαλοῦ-

395 1965 512 2014 σαν,
567 1944 637 2007 εἰς
687 1947 744 1995 τὸ
789 1949 858 2016 μὴ
909 1947 1003 2001 τὴν
1045 1944 1242 2016 ἔχθραν
1289 1943 1461 2014 ἔχθρᾳ
1501 1947 1591 1994 καὶ
1633 1941 1799 2014 ἀμύνῃ
1840 1945 1996 2014 χαλε-

393 2038 626 2108 πωτέραν
673 2039 857 2096 ποιεῖν,
931 2031 1134 2089 θελήσει
1195 2038 1344 2099 νοεῖν,
1397 2027 1520 2082 οὐδὲ
1586 2040 1737 2083 τοῦτο
1794 2031 1855 2082 ἂν
1916 2035 1991 2090 εἴη

395 2129 713 2194 στοχασμοῦ
768 2117 1059 2185 διαπεσεῖν,
1118 2120 1200 2192 ὑφ’
1255 2119 1313 2170 οὗ
1360 2121 1837 2192 παρασκευάζεται.
1897 2126 1995 2174 Καὶ

391 2214 522 2283 πρὸς
578 2211 966 2281 συγκατάθεσιν
1014 2209 1173 2262 ἕλκειν
1224 2208 1414 2280 μᾶλλον
1457 2205 1680 2260 δύναται
1710 2211 1738 2266 ἡ
1785 2228 1876 2261 του
1919 2213 1990 2281 μὴ

392 2297 694 2371 ἀμύνασθαι
731 2306 1062 2371 παραινοῦσα
1109 2301 1225 2358 τοὺς
1273 2296 1488 2358 πολλοὺς
1537 2299 1716 2351 πειθώ.
1759 2299 1874 2369 (4η
1920 2297 1994 2350 Οὐ

392 2391 613 2440 παύεται
666 2385 792 2459 βέλη
849 2395 1002 2438 κινῶν
1033 2389 1059 2438 ὁ
1089 2389 1258 2459 μάτην
1305 2390 1441 2438 κατά
1497 2394 1592 2439 σοῦ
1639 2391 1732 2445 την
1798 2389 1995 2460 ἔχθραν

393 2477 643 2541 ὑπελθών,
705 2478 910 2548 ἄμεινον
963 2479 1052 2547 μὲν
1109 2475 1170 2527 ἂν
1233 2478 1332 2541 εἴη,
1386 2479 1470 2528 τόν
1523 2479 1693 2528 κοινὸν
1758 2476 1994 2535 πλάστην

393 2571 482 2618 καὶ
560 2570 654 2624 τὴν
726 2565 1002 2617 πλάσασαν
1065 2561 1239 2627 δεξιὰν
1304 2569 1394 2616 καὶ
1457 2570 1550 2622 την
1611 2565 1774 2624 αὐτὴν
1840 2569 1995 2638 φύσιν

393 2657 663 2707 ἐννοοῦντα
717 2662 932 2712 νικῆσαι
981 2659 1189 2725 γνώμης
1234 2657 1566 2726 χρηστότητι
1606 2657 1691 2706 τόν
1737 2659 1993 2727 μισούμε-

391 2763 475 2796 νον
509 2763 522 2776 ·
561 2739 702 2795 διότι
745 2743 970 2816 παράγει
1011 2741 1122 2813 (48)
1184 2739 1255 2793 δι’
1305 2744 1497 2816 ἔχθρας
1542 2746 1599 2794 τό
1651 2745 1892 2816 ὁμοφυές.
1934 2745 1995 2798 Εἰ

393 2829 453 2885 δε
509 2836 604 2905 μὴ,
668 2829 844 2904 βούλει
913 2827 971 2883 δὲ
1037 2838 1222 2883 τοῦτον
1284 2829 1580 2902 ἀμύνασθαι
1663 2837 1747 2884 καὶ
1831 2833 1998 2893 λυπῆ-

393 2941 504 2991 σαι,
581 2925 671 2973 καὶ
741 2917 905 2993 μηδὲν
976 2919 1024 2971 ἐν
1099 2923 1303 2982 τούτοις
1370 2917 1694 2993 διαμαρτεῖν,
1763 2921 1989 2993 ψώμιζε,

391 3009 572 3071 πότιζε
627 3009 804 3061 αὐτόν.
850 3015 965 3070 Πῶς
1014 3013 1104 3060 καὶ
1162 3005 1256 3060 διὰ
1310 3014 1528 3075 τί;Τόν
1580 3013 1747 3061 κοινόν
1804 3016 1995 3063 Δεσπό-

387 3117 480 3156 την
535 3095 630 3150 διὰ
694 3101 887 3150 τούτων
955 3106 1150 3150 σαυτοῦ
1205 3098 1622 3170 παρασκευάζεις
1687 3095 1990 3166 ἐκδικητὴν,
2029 3133 2069 3189 C

388 3190 576 3240 ἆκεῖνον
626 3184 684 3240 δὲ
735 3184 828 3240 διά
882 3195 980 3239 τῶν
1033 3187 1335 3262 εὐεργεσιῶν
1391 3187 1461 3248 εἰς
1513 3184 1786 3245 ἐκδίκησιν
1852 3195 1995 3248 κινή-

392 3296 514 3346 σεις,
561 3278 741 3330 θᾶττον
789 3275 850 3328 ἃν
902 3273 1041 3339 ἴδοις
1090 3280 1176 3328 τόν
1228 3276 1417 3351 ἐχθρόν
1461 3277 1546 3328 οἶα
1582 3281 1705 3348 πυρὶ
1755 3284 1816 3348 τῇ
1860 3276 1997 3328 ἐκεί-

389 3385 479 3418 νου
529 3362 652 3438 δίκη
711 3370 802 3418 καὶ
849 3370 1016 3439 κρίσει
1060 3365 1362 3438 φλεγόμενόν
1409 3384 1464 3417 τε
1500 3370 1590 3416 καὶ
1625 3367 1995 3437 καταπιμπρά-

390 3474 558 3527 μενον,
625 3459 714 3507 καὶ

392 3544 574 3616 ϐουλῇ.

795 3455 922 3527 αὐτῇ
991 3454 1432 3527 συναπολλύμενον
1508 3457 1678 3527 ἔχθρᾳ
1741 3460 1831 3507 καὶ⁹
1883 3454 1992 3507 ἐπι-

2104 1845 2466 1917 receptione,
2505 1860 2638 1916 quae.
2667 1843 2886 1899 multos
2932 1846 3251 1917 compellit,
3286 1852 3352 1902 ut
3383 1848 3757 1908 inimicitiam

2104 1935 2410 1992 inimicitia
2437 1940 2493 1988 et
2510 1932 2766 1988 vindicta
2787 1935 3124 2003 graviorem
3153 1951 3275 1992 non
3299 1938 3574 2005 reddant,
3604 1941 3757 1996 acci-

2104 2040 2244 2098 pere
2274 2023 2459 2088 malit,
2492 2037 2600 2077 nec
2631 2022 2723 2077 ille
2749 2021 2997 2092 judicio,
3028 2039 3152 2096 quo
3187 2026 3387 2092 utitur,
3421 2027 3755 2086 admodum

2105 2113 2352 2169 falletur.
2380 2113 2517 2176 Quas
2541 2110 2700 2166 enim
2741 2111 2817 2165 ad
2837 2111 3153 2168 vindictam
3182 2115 3513 2172 cavendam
3542 2117 3759 2175 adhor-

2105 2208 2262 2259 tatur
2291 2201 2499 2264 oratio,
2525 2198 2622 2254 illa
2648 2198 2726 2254 ad
2756 2202 3216 2257 consensionem
3240 2204 3582 2262 animorum
3615 2222 3757 2263 con-

2105 2291 2423 2348 ciliandam
2441 2288 2671 2360 egregie
2692 2288 2848 2344 facit.
2869 2289 3038 2356 Quod
3065 2290 3114 2345 si
3137 2293 3298 2348 enim
3322 2293 3388 2359 is,
3415 2294 3520 2367 qui
3547 2303 3758 2368 praeter
3827 2345 3832 2351 .

2105 2399 2230 2438 rem
2279 2378 2649 2435 inimicitiam
2697 2377 2988 2434 adversus
3027 2384 3084 2435 te
3132 2381 3307 2454 fovet,
3357 2384 3471 2440 tela
3522 2401 3757 2443 movere

2105 2487 2226 2527 non
2264 2470 2534 2533 desinat;
2567 2468 2894 2538 praestiterit
2923 2473 3143 2536 tamen,
3187 2487 3574 2530 communem
3615 2476 3757 2531 Con-

2104 2561 2377 2622 ditorem,
2437 2558 2850 2629 dextramque,
2908 2573 3041 2630 quae
3089 2565 3410 2634 utrumque
3459 2563 3752 2630 formavit,

2104 2649 2382 2706 eamdem
2423 2661 2603 2718 porro
2634 2647 2943 2718 utriusque
2991 2653 3271 2705 naturam
3310 2653 3659 2722 recogitare,
3700 2656 3756 2709 et

2103 2739 2380 2795 facilitate
2427 2751 2538 2790 sua
2590 2734 2869 2806 iniquum
2925 2752 3162 2794 osorem
3219 2740 3467 2796 vincere.
3515 2744 3754 2797 Naturaa

2103 2828 2262 2884 enim
2311 2824 2562 2882 afﬁnitas
2590 2839 2697 2894 per
2741 2824 3114 2882 inimicitiam
3154 2828 3393 2885 tollitur.
3427 2831 3526 2886 Sin
3559 2831 3756 2886 minus

2100 2917 2216 2972 hoc
2243 2912 2493 2987 placeat,
2528 2912 2826 2984 malisque
2857 2914 3103 2984 injurias
3136 2916 3355 2981 ulcisci,
3389 2923 3446 2973 et
3472 2918 3756 2988 injuriam

2102 3005 2336 3062 tristitia
2364 3001 2617 3065 afticere,
2651 3002 2867 3056 eadem
2909 3018 3047 3058 vero
3087 3019 3273 3075 opera
3315 3021 3439 3061 non
3485 3022 3751 3077 peccare,

2103 3095 2241 3150 ciba
2269 3097 2326 3148 et
2354 3095 2496 3164 pota
2524 3089 2713 3144 illum.
2749 3091 3062 3155 Quomodo
3093 3108 3231 3148 vero
3271 3099 3326 3150 et
3358 3110 3462 3149 cur
3491 3096 3570 3151 ita
3597 3096 3628 3147 ‘I
3663 3095 3758 3152 Sic

2103 3186 2263 3242 enim
2289 3193 2674 3238 communem
2708 3181 3028 3236 Dominum
3061 3182 3363 3239 vindicem
3413 3184 3518 3239 tibi
3551 3185 3759 3240 conci-

2103 3277 2232 3342 lias,
2287 3289 2469 3347 quem
2523 3271 2571 3325 si
2618 3269 2923 3327 beneficiis
2989 3273 3103 3329 illis
3172 3276 3292 3330 tuis
3343 3275 3420 3332 ad
3471 3275 3758 3332 ultionem

2103 3366 2460 3438 capiendam
2490 3361 2864 3426 excitaveris,
2891 3362 3198 3420 inimicum
3233 3381 3413 3436 paena
3430 3365 3559 3436 ejus
3598 3366 3765 3437 etju-

2103 3456 2292 3525 diciis,
2312 3457 2751 3529 tanquamigne
2763 3453 3055 3528 quodam,
3070 3458 3501 3526 consumptum
3522 3460 3578 3510 et
3599 3471 3762 3511 com-

2103 3545 2373 3610 bustum,
2402 3545 2830 3618 inimicitiaque
2856 3559 2965 3600 sua
3003 3547 3060 3598 et
3104 3543 3258 3599 odiis
3294 3543 3644 3601 devoratum
3683 3544 3764 3600 ci-

2106 3633 2225 3689 tius
2254 3634 2500 3693 videris.

1155 3812 1533 3867 STEWARTII
1578 3810 1898 3867 MONITUM
1934 3813 1997 3866 IN
2033 3812 2450 3876 SEQUENTEM
2485 3811 2982 3876 QUASSTIONEM.

466 3938 562 3991 Est
592 3941 646 3992 et
665 3936 779 3992 hoc
802 3935 1164 4010 opusculum
1184 3935 1375 3991 Photii
1400 3952 1434 3992 a
1453 3936 1738 3991 Turriano
1763 3935 1960 3991 Latine
1983 3950 2216 3991 versum
2249 3936 2398 3990 inter
2429 3936 2684 3992 schedas
2718 3937 3065 3993 Canisianas
3092 3942 3410 4009 repertum.
3433 3941 3761 4008 Argumen-

391 4029 516 4079 tum
553 4026 824 4097 pauculis
855 4026 1023 4081 hisce
1049 4025 1244 4081 verbis
1277 4024 1626 4096 complexus
1660 4029 1749 4078 est
1774 4024 2093 4079 Turrianus
2128 4040 2140 4078 :
2176 4046 2205 4072 ε‹
2240 4024 2522 4080 Voluntas
2549 4025 2903 4081 comedendi
2931 4026 3271 4098 simpliciter
3293 4026 3398 4082 fuit
3427 4027 3673 4099 quidem
3700 4028 3760 4082 in

391 4113 644 4179 Christo,
663 4115 810 4186 quia
828 4115 956 4170 haec
970 4114 1247 4169 voluntas
1265 4113 1554 4168 naturalis
1573 4119 1682 4167 est.
1707 4112 1990 4168 Voluntas
2011 4129 2147 4168 vero
2167 4113 2522 4168 comedendi
2543 4113 2765 4185 aliquid
2794 4115 2904 4170 hac
2924 4114 3011 4170 vel
3039 4115 3136 4170 illa
3152 4115 3436 4187 qualitate
3455 4116 3758 4180 affectum,

390 4208 456 4257 ut
491 4202 686 4270 dulce,
731 4210 829 4258 aut
854 4220 1153 4267 amarum,
1188 4207 1292 4259 aut
1323 4201 1600 4267 multum,
1634 4205 1737 4257 aut
1768 4217 2003 4273 parum,
2035 4217 2158 4257 non
2191 4201 2299 4256 fuit
2324 4204 2382 4256 in
2418 4219 2509 4271 eo,
2543 4203 2687 4275 quia
2719 4204 3087 4275 hujusmodi,
3122 4221 3258 4275 quas
3284 4205 3496 4260 dicitur
3522 4207 3667 4269 ποιά,
3698 4204 3761 4259 id

391 4297 499 4360 est,
525 4293 736 4362 qualis,
768 4293 851 4348 vel
873 4302 1003 4357 πῶς,
1036 4291 1098 4347 id
1115 4297 1222 4356 est,
1259 4291 1591 4364 quomodo,
1632 4290 1906 4346 voluntas
1937 4306 2202 4362 personae
2231 4292 2511 4347 humanae
2551 4298 2657 4363 est,
2688 4309 2805 4348 non
2836 4300 3084 4360 naturae,
3118 4294 3380 4350 Christus
3407 4300 3608 4349 autem
3637 4309 3760 4350 non

392 4384 518 4436 erat
564 4396 818 4452 persona
853 4381 1142 4445 humana,
1186 4396 1295 4435 nec
1334 4380 1642 4436 hominem
1673 4379 1928 4451 aliquem
1969 4379 2318 4452 assumpsit,
2347 4381 2452 4436 sed
2484 4386 2758 4437 naturam
2788 4383 3069 4452 hominis,
3098 4399 3233 4455 quae
3259 4399 3380 4438 una
3409 4387 3496 4438 est
3542 4382 3760 4454 (specie

396 4469 656 4539 scilicet).
700 4469 1051 4540 Hujusmodi
1089 4468 1368 4524 voluntas
1395 4485 1516 4524 non
1558 4469 1867 4535 naturalis,
1901 4469 1998 4524 sed
2043 4484 2312 4541 personae
2346 4470 2626 4526 humanae
2657 4471 2873 4526 dicitur
2903 4471 3177 4526 voluntas
3203 4474 3334 4523 κατά
3370 4477 3601 4543 γνώμην,
3636 4470 3760 4527 sive

396 4563 658 4630 γνωμικὴ.
698 4558 800 4614 Hic
829 4564 919 4614 est
953 4575 1173 4630 scopus
1211 4557 1393 4629 hujus
1423 4557 1807 4614 tractationis.
1846 4579 1874 4608 »
1916 4557 1996 4613 Ha

2102 4559 2428 4614 l‘urrianus.
2464 4559 2774 4631 Inscriptio
2803 4559 3010 4616 Graeca
3039 4566 3126 4616 est
3152 4577 3163 4616 :
3204 4565 3326 4635 Περὶ
3356 4568 3454 4611 τῶν
3486 4567 3759 4632 γνωμικῶν

404 4646 519 4705 θελη
525 4649 702 4719 μάτων
734 4646 817 4700 ἐπὶ
854 4652 1110 4720 Χριστοῦ.

473 4737 695 4792 Dicitur
724 4741 922 4793 autem
956 4735 1305 4808 gnomicum
1331 4753 1364 4791 a
1393 4750 1599 4807 gnome
1622 4750 1647 4806 ;
1684 4736 1847 4808 quod
1873 4750 2092 4792 nomen
2124 4755 2152 4787 «
2189 4735 2416 4791 variam
2456 4740 2511 4793 et
2541 4736 2930 4808 multiplicem
2964 4737 3460 4806 signiﬁcationem
3489 4737 3692 4805 habet,
3729 4759 3756 4792 »

400 4823 593 4898 inquit
620 4825 832 4882 beatus
858 4826 1262 4880 Damascenus
1286 4824 1383 4879 lib.
1417 4842 1471 4878 ιιι
1502 4824 1719 4893 Deﬁde
1741 4825 2242 4896 ortlwdoxa,cap.
2278 4825 2356 4879 14.
2387 4826 2688 4881 Interdum
2706 4826 2866 4882 enim
2910 4827 3382 4882 admonitionem
3441 4827 3760 4898 signiﬁcat,

400 4919 465 4971 ut
492 4931 630 4970 cum
669 4915 752 4971 ait
779 4914 1102 4987 Apostolus
1135 4931 1147 4969 :
1186 4933 1213 4965 «
1245 4915 1325 4968 De
1357 4913 1679 4983 virginibus
1708 4917 2075 4985 praeceptum
2099 4914 2331 4969 Domini
2370 4931 2493 4970 non
2529 4915 2748 4985 habeo,
2778 4921 2986 4988 γνώμην
3008 4921 3210 4972 autem
3248 4917 3351 4972 do.
3389 4937 3414 4968 ν
3456 4916 3762 4973 Interdum

399 5003 974 5069 consilium,utcum
997 5003 1386 5075 aitPropheta
1413 5021 1424 5057 :
1455 5024 1482 5052 ‹‹
1511 5002 1694 5073 Super
1707 5004 1985 5074 populum
2009 5009 2165 5059 tuum
2187 5003 2654 5075 malignaverunt
2675 5011 2905 5078 γνώμην.
2941 5026 2965 5057 n
2990 5005 3403 5078 Quodcunque
3435 5007 3567 5062 item
3598 5006 3768 5064 decre

399 5101 521 5149 tum
551 5109 564 5160 ;
597 5097 662 5148 ut
690 5094 750 5149 in
776 5092 868 5148 his
897 5091 1155 5148 Danielis
1186 5091 1384 5147 verbis
1419 5108 1430 5146 :
1466 5095 1514 5147 A
1548 5107 1662 5163 quo
1703 5093 1848 5149 exiit
1885 5091 2186 5163 impudens
2210 5093 2332 5149 haec
2365 5098 2545 5166 γνώμη
2577 5094 2604 5147 ?
2634 5097 3036 5166 Nonunquam
3063 5094 3322 5167 denique
3354 5111 3462 5168 pro
3499 5095 3635 5165 ﬁde,
3662 5099 3766 5152 aut

399 5184 694 5252 opinione,
727 5186 829 5238 aut
858 5181 1048 5237 animi
1067 5181 1380 5251 affectione
1404 5182 1690 5247 sumitur;
1723 5185 1915 5253 atque,
1949 5189 2011 5237 ut
2043 5181 2198 5237 brevi
2225 5183 2632 5254 perstringam,
2659 5189 2862 5256 γνώμης
2895 5184 3246 5240 vocabulum
3286 5185 3562 5253 plurimis
3581 5185 3766 5254 signi-

393 5271 781 5344 ﬁcationibus
804 5276 1148 5341 usurpatur.
1171 5271 1303 5326 Haec
1327 5271 1752 5326 Damascenus.
1781 5271 2082 5327 Invenitur
2099 5270 2332 5326 libellus
2352 5271 2458 5328 iste
2485 5274 2676 5329 Graece
2701 5273 2762 5328 in
2776 5273 2952 5329 variis
2975 5271 3363 5340 Bibliothecis,
3403 5273 3766 5331 nominatim

1959 5419 2192 5478 NOT/E.

473 5538 725 5670 (t5)1b5ic
755 5537 954 5596 scribo
975 5552 1086 5612 pro
1115 5531 1286 5592 οὐδέν.
1319 5534 1662 5605 Proximum
1681 5539 1773 5596 τὴν
1800 5536 1996 5594 addidi

473 5662 478 5670 .
551 5629 587 5669 ο
659 5654 672 5666 .

2208 5537 2298 5606 47)
2342 5535 2721 5606 Crediderim,
2752 5537 2847 5596 hic
2879 5540 3191 5609 excidisse,
3227 5541 3269 5595 εἰ
3300 5537 3375 5598 δ’.

2186 5537 2300 5682 ί48)
2327 5608 2491 5666 Colb.
2528 5605 2670 5663 διότι
2689 5631 2782 5682 περ
2809 5612 2950 5682 ἄγει,

404 5605 714 5688 εχίῼρὡ
861 5681 878 5688 _
922 5680 938 5688 _
975 5605 999 5612 “
1103 5679 1156 5688 __
1477 5685 1495 5688 _

2187 5605 2300 5682 (48)
2327 5608 2491 5666 Colb.
2528 5605 2670 5663 διότι
2689 5605 2782 5688 περ
2809 5612 2950 5684 ἄγει,

477 5685 592 5760 (47)
632 5684 814 5746 nciam
843 5680 1038 5740 debeo
1065 5679 1260 5739 eidem
1283 5695 1395 5754 pro
1426 5685 1580 5736 πᾶσι.
