4140 6198
372 288 476 343 507

1440 325 1449 335 .
1542 282 1779 341 PHOTlI
1822 278 2313 343 PATBIARCILE
2350 284 2463 345 ΟΡ.

3632 292 3742 348 508

370 414 431 469 in
460 413 733 468 Caesarea
759 408 1071 465 Viennensi
1098 413 1155 464 et
1178 409 1238 464 in
1264 409 1463 466 ducali
1497 410 1779 467 Bavarica
1800 408 2205 466 Monachensi.
2224 410 2447 478 Latine,
2466 412 2631 485 quod
2655 412 2863 478 sciam,
2888 427 3201 484 nunquam
3225 413 3284 468 in
3312 429 3531 471 manus
3550 416 3743 475 homi-

370 518 514 557 num
536 500 713 555 venit.
748 497 1031 565 Quocirca
1055 498 1396 554 mirandum
1414 515 1534 555 non
1562 505 1671 564 est,
1696 498 1748 553 si
1778 497 2102 569 disputatio
2128 499 2249 554 haec
2284 500 2501 556 Latinis
2524 502 2833 574 hucusque
2852 501 2945 556 vix
2969 508 3109 557 nota
3134 501 3259 557 fuit.
3296 503 3431 558 Vale
3466 522 3478 556 :
3514 512 3571 560 et
3602 513 3740 578 post

368 590 583 646 lectum
614 586 972 659 opusculum
997 586 1126 656 lege
1156 586 1335 644 etiam
1366 588 1497 658 subj
1511 595 1751 643 unctam
1782 586 2048 642 criticam
2080 588 2691 647 Dissertatiunculam.

370 695 694 762 QUESTIO
770 696 938 749 LXXX
1022 696 1153 760 (49).
1218 694 1415 763 [ϐοἰει.
1487 695 1777 760 CCXLV",
1846 696 2101 750 Taur.A

972 783 1361 854 ccxxxvnu.

370 890 586 958 Quales
599 889 846 945 debeant
862 889 982 944 dici
993 890 1057 944 in
1072 889 1309 961 Christo
1324 890 1655 945 voluntates
1666 890 2024 961 gnomicw,et

437 962 633 1033 quatis
660 961 869 1033 debeat
894 962 967 1033 in,
987 961 1183 1016 eodem
1216 960 1449 1033 Christo
1478 962 1599 1017 dici
1622 964 1895 1017 voluntas
1923 962 2025 1018 liu-

440 1031 640 1099 inana,
672 1031 1041 1103 hypostatica
1070 1038 1175 1087 aut
1204 1032 1345 1088 alia.

2722 702 3035 752 ΕΡΩΤΗΣΙΣ
3078 704 3119 751 [Ι
3141 740 3153 752 .

2135 896 2268 943 Ποῖα
2360 887 2445 944 δεῖ
2511 891 2693 968 λέγειν
2790 891 2872 968 ἐπὶ
2966 900 3203 968 Χριστοῦ
3251 898 3515 968 Δγνωμριὸι
3593 896 3739 954 θελή-

2203 912 2268 942 ιια
2360 912 2441 944 οει
2533 912 2693 962 Αεγειν
2790 912 2872 945 επι
2968 912 3011 949 λ
3052 912 3203 947 ιστου
3274 915 3515 968 γνωμικα
3593 912 3739 954 θελη-

2203 982 2359 1033 ματα,
2437 967 2542 1036 καὶ-
2604 970 2752 1016 ποῖον
2818 967 2931 1016 ἔστι
2978 912 3171 1036 ᾼζὶγειν
3244 964 3320 1018 ἄπ’
3399 966 3560 1019 αὐτοῦ
3643 976 3739 1021 τοῦ

2208 1041 2438 1117 δρία-τοῦ
2521 1033 2837 1109 ἀνθρώπινον
2922 1033 3121 1109 θελημα
3212 1039 3563 1092 ὕποστατικόν
3647 1045 3739 1092 καὶ

2203 1124 2371 1179 ετερα.

368 1229 521 1279 Edita
551 1244 583 1279 a
607 1228 885 1278 Stewartio
916 1230 966 1296 _et
995 1228 1255 1296 Basnagio
1277 1228 2159 1296 _(_A‘u_ctari_um_Stewart,_Af3'ii52.
2192 1228 2509 1296 ngolst_ad.,
2542 1229 2678 1296 ιριδ,
2718 1240 2775 1296 re
2805 1232 2850 1296 4,
2885 1233 2937 1296 et
2971 1246 3049 1294 gr.
3076 1232 3129 1280 in
3158 1232 3401 1296 Antiquis
3432 1233 3739 1284 lectionibus

868 1290 951 1339 ed.
980 1292 1235 1354 Antuerp.
1268 1292 1407 1347 1725,
1445 1295 1483 1340 t.
1510 1291 1571 1339 11.
1607 1290 1664 1339 Ρ.
1698 1304 1752 1347 ιι,
1787 1305 1837 1353 p.
1876 1290 2111 1339 439-458.
2135 1290 2285 1341 —De
2319 1292 2687 1341 voluntatibus
2713 1292 2906 1342 Christi
2933 1290 3214 1356 gnomicis.

442 1390 731 1444 Disserere
745 1388 819 1444 de
835 1388 1240 1444 voluntatibus
1254 1389 1312 1443 in
1332 1388 1581 1452 Christo,
1594 1404 1729 1460 quas
1742 1388 2022 1444 dicuntur

365 1481 605 1551 γνωμικὰ
659 1478 941 1551 θελήματα,
990 1484 1114 1533 tum
1172 1477 1425 1542 difﬁcile,
1476 1482 1603 1533 tum
1662 1477 1832 1532 facile
1901 1482 2011 1534 est.

367 1568 517 1634 Quia
546 1569 701 1624 enim
728 1584 931 1636 nemo,
955 1568 1117 1639 quod
1141 1567 1346 1633 sciam,
1381 1582 1452 1621 ex
1475 1568 1693 1623 sanctis
1721 1565 2015 1631 Patribus,

364 1658 699 1730 quidquam
730 1657 980 1726 alicujus
1013 1655 1320 1720 momenti,
1355 1661 1411 1710 et
1441 1655 1641 1711 liinate
1669 1660 1723 1710 et
1746 1655 2018 1710 distincte

364 1746 439 1801 de
464 1746 579 1802 hac
607 1762 669 1801 re
700 1745 958 1810 tradidit,
990 1750 1235 1815 excepto
1263 1748 1469 1799 sancto
1491 1743 1766 1806 Maximo,
1797 1758 2018 1812 magno

362 1850 519 1889 verae
547 1834 778 1905 pietatis
808 1833 1118 1888 defensore
1159 1832 1295 1903 (50),
1330 1832 1549 1887 idcirco
1580 1831 1897 1887 difﬁcultas
1926 1847 2018 1885 su-

2199 1388 2257 1441 Ὀ
2317 1395 2433 1464 περὶ
2496 1399 2594 1442 τῶν
2659 1399 2933 1463 γνωμικῶν
2995 1391 3292 1465 θελημάτων
3358 1393 3442 1447 ἰπὶ
3499 1400 3741 1467 Χρίστοῦ

2128 1477 2299 1551 λόγος,
2330 1487 2400 1537 πῆ
2451 1483 2541 1551 μέν
2589 1482 2704 1532 ἐστι
2732 1480 2983 1551 χαλεπὸς,
3016 1490 3086 1540 πῆ
3141 1478 3200 1535 δὲ
3237 1479 3444 1556 ῥᾴδιος.
3476 1489 3616 1536 Διότι
3644 1488 3737 1556 μὶν

2128 1569 2229 1639 γὰρ
2283 1564 2478 1634 οὐδεὶς,
2512 1569 2613 1620 ὅσοι
2654 1588 2713 1640 γε
2761 1568 2847 1641 ἔμε
2905 1566 3117 1638 εἰδέναι,
3167 1579 3267 1623 τῶν
3316 1571 3594 1645 ἀξιολόγων
3646 1578 3738 1626 καὶ

2132 1657 2382 1728 θεοφόρων
2432 1662 2667 1730 Πατέρων
2726 1659 2870 1729 ἡμῶν
2918 1655 3067 1711 οὐδὲν
3107 1658 3374 1731 ἀξιόλογον
3423 1666 3511 1713 καὶ
3560 1658 3739 1715 διακε-

2128 1746 2446 1818 καθαρμένον
2494 1746 2565 1806 εἰς
2612 1746 2893 1818 εὐκρίνειαν
2940 1753 3053 1821 περὶ
3103 1751 3285 1801 τούτου
3336 1746 3735 1824 παραδέδωκεν,

2127 1833 2261 1891 πλὴν
2303 1852 2362 1904 γε
2416 1832 2659 1905 Μαξίμου
2690 1842 2782 1886 τοῦ
2829 1834 3055 1907 μεγάλου
3096 1845 3190 1897 τῆς
3220 1836 3481 1899 εὐσεϐείας
3512 1841 3582 1899 ὡς
3610 1837 3737 1897 ἁλη-

364 1922 451 1978 bit
473 1923 546 1978 de
569 1938 640 1978 ea
661 1922 979 1993 loquendi;
1015 1920 1083 1975 iis
1106 1921 1264 1976 enim
1284 1920 1387 1992 qui
1404 1919 2012 1987 voluntcaluminiari,

2131 1924 2230 1983 θῶς
2258 1925 2564 1997 προμάχου,
2609 1919 2703 1975 διὰ
2749 1931 2903 1976 τοῦτο
2942 1928 3000 1976 τὸ
3029 1924 3259 1996 χαλεπόν
3310 1927 3466 1980 εἰπεῖν
3497 1929 3737 2003 ὑπεισέρ-

363 2027 485 2067 non
517 2010 750 2066 videtur
776 2010 1157 2067 metuendem
1184 2025 1333 2077 esse,
1366 2014 1422 2065 et
1451 2025 1574 2064 non
1605 2008 2014 2065 accedendum

364 2100 443 2156 ad
474 2106 593 2156 tam
629 2115 803 2168 grave
830 2100 1055 2168 dogma
1086 2098 1147 2154 in
1171 2115 1291 2154 uno
1322 2100 1445 2153 viro
1476 2098 1972 2153 commovendum
2000 2116 2012 2156 :

360 2204 569 2245 rursus
600 2204 741 2243 vero
766 2187 911 2259 quia
935 2188 1007 2243 ab
1031 2186 1178 2259 ipsis
1204 2186 1479 2242 thalamis
1501 2186 1735 2258 pietatis
1766 2191 1822 2241 et
1843 2186 2017 2241 ratio-

358 2277 758 2333 cinationibus
788 2278 939 2333 inter
972 2292 1033 2331 se
1056 2275 1565 2331 consentientibus
1596 2274 1797 2330 multae
1822 2290 2017 2330 neces-

362 2365 532 2422 sarim
554 2365 972 2421 conclusiones
995 2365 1361 2436 prodierunt,
1384 2380 1518 2437 quae
1538 2369 1764 2419 rectam
1792 2363 2019 2434 opinio-

361 2470 501 2511 nem
525 2454 822 2519 muniunt,
846 2454 959 2509 hac
986 2454 1211 2509 ratione
1234 2452 1401 2508 facile
1424 2459 1512 2508 est
1538 2452 1753 2519 dicere,
1784 2452 1876 2507 vel
1896 2468 2017 2506 non

362 2548 632 2599 remanet
663 2542 874 2598 saltem
904 2542 1021 2597 hoc
1060 2541 1285 2613 dogma
1314 2541 1510 2605 altius,
1543 2557 1730 2614 quam
1763 2545 1829 2596 ut
1857 2557 2019 2596 com-

361 2631 653 2704 prehendi
684 2632 890 2702 possit.

432 2723 516 2777 Tu
562 2735 723 2789 vero,
778 2720 957 2776 frater
996 2718 1141 2774 mihi
1184 2718 1535 2774 charissime
1564 2718 1693 2790 (51),
1729 2718 1776 2773 si
1808 2723 2017 2791 partus

361 2808 649 2863 sermonis
683 2810 797 2864 mei
833 2807 1109 2880 petitione
1140 2813 1241 2863 tua
1266 2812 1323 2863 et
1350 2823 1452 2878 spe
1483 2807 1701 2877 dignus
1725 2807 2015 2874 videatur,

360 2896 718 2969 amplectere
771 2902 1061 2969 tanquam
1109 2911 1487 2952 communem
1530 2902 1593 2952 et
1637 2901 1850 2961 tecum,
1915 2896 2019 2966 qui

361 2985 776 3043 obstetricatus
803 3002 865 3042 es
894 2993 950 3042 et
979 3002 1240 3053 mecum,
1280 2985 1383 3058 qui
1416 2986 1618 3057 peperi
1645 3008 1657 3041 :
1692 2985 1781 3040 sin
1814 2990 2017 3041 autem

363 3075 745 3147 imperfectus
770 3081 825 3132 et
859 3092 1132 3139 mancus,
1158 3091 1291 3131 cum
1324 3075 1395 3131 iis
1420 3075 1694 3141 collatus,
1724 3090 1856 3147 qum
1883 3078 2019 3130 sunt

357 3164 484 3235 jam
526 3164 629 3220 tibi
660 3164 858 3221 studio
916 3164 1436 3236 contemplationis
1488 3164 1566 3219 ad
1614 3163 2017 3221 maturitatem

2127 2029 2305 2081 χεται.
2339 2010 2445 2083 Ἐφ’
2491 2011 2560 2063 ἑνὶ
2593 2014 2691 2085 γὰρ
2726 2008 2880 2087 ἀνδρὶ
2919 2012 3225 2071 τηλικοῦτον
3266 2012 3443 2087 δόγμα
3475 2016 3731 2085 σαλεύειν,

2128 2098 2222 2151 οὐκ
2253 2098 2313 2150 ἂν
2367 2103 2443 2157 εἴη
2500 2108 2609 2162 τοῖς
2656 2100 2957 2175 ἐπηρεάζειν
3004 2101 3339 2175 βουλομένοις
3390 2104 3600 2177 φοϐερὸν
3644 2110 3737 2158 καὶ

2130 2186 2578 2260 ἀπροσπέλαστον.
2622 2196 2763 2243 Διότι
2821 2187 2880 2243 δε
2931 2192 3083 2243 πάλιν
3141 2192 3231 2245 ἀπ’
3280 2194 3447 2245 αὐτων
3495 2203 3593 2246 τῶν
3642 2204 3740 2258 τῆς

2131 2276 2397 2339 εὐσεϐείας
2429 2277 2670 2350 θαλάμων
2708 2283 2797 2331 καὶ
2844 2288 2944 2331 τῶν
2986 2280 3250 2353 λογισμῶν
3295 2291 3393 2335 τῶν
3440 2284 3739 2356 συμψήφων

2128 2365 2314 2418 πολλαὶ
2358 2374 2603 2442 προίασιν
2652 2365 2941 2431 ἀποδείξεις
2994 2374 3088 2427 τὴν
3142 2370 3301 2443 ὀρθὴν
3346 2368 3740 2445 δορυφοροῦσαι

2130 2451 2309 2520 δόξαν,
2342 2459 2503 2529 ταύτῃ
2559 2460 2618 2509 τό
2664 2458 2858 2531 ῥᾷστον
2904 2458 3061 2511 εἰπεῖν
3090 2460 3119 2518 ἦ
3149 2471 3177 2504 ι
3223 2459 3539 2533 ὑψηλότερον
3577 2480 3738 2515 κατα·

2127 2542 2333 2615 λήψεως
2359 2550 2641 2618 περίεστιν.

2202 2724 2268 2773 Σὺ
2301 2717 2361 2774 δέ
2398 2742 2508 2794 μοι,
2553 2724 2721 2796 ἱερέων
2761 2724 3139 2797 ἑρασμιώτατε,
3172 2724 3215 2778 εἰ
3261 2728 3350 2798 μὶν
3401 2727 3427 2777 ό
3457 2734 3549 2779 τοῦ
3578 2726 3739 2797 λόγου

2130 2814 2275 2871 τόκος
2324 2810 2465 2873 ἄξιός
2506 2830 2589 2863 σοι
2618 2820 2713 2872 τῆς
2760 2812 3017 2874 αἰτήσεως
3070 2818 3159 2865 καὶ
3205 2823 3298 2875 τῆς
3340 2813 3549 2876 ἕλπίδος
3577 2824 3735 2889 φανῇ,

2130 2899 2216 2950 οἶα
2255 2896 2322 2957 δὴ
2347 2903 2516 2952 κοινὸν
2548 2904 2664 2952 ὄντα
2707 2908 2798 2952 τοῦ
2846 2920 2900 2953 τε
2939 2907 3344 2974 μαιευσαμίνου,
3375 2909 3465 2956 καὶ
3508 2912 3601 2957 τοῦ
3649 2925 3739 2958 τε-

2131 2992 2329 3054 κόντος,
2387 2994 2634 3063 περίεπε·
2679 2990 2722 3041 εἰ
2761 2985 2810 3042 δ’
2861 2988 3046 3051 ἀτελῶς
3104 2996 3194 3044 καὶ
3244 2988 3421 3053 ἐνδεῶς
3486 2998 3615 3068 πρὸς
3673 2996 3741 3047 τὰ

2131 3072 2239 3134 ἤδη
2294 3096 2379 3129 σοι
2415 3076 2852 3149 τελεσφορηθέντα
2880 3084 2995 3139 ταῖς
3047 3080 3286 3152 θεωρίαις
3325 3082 3437 3152 ἔχει
3464 3080 3739 3155 (εὐξαίμην

2132 3160 2182 3217 δ’
2231 3163 2290 3215 ἃν
2347 3172 2520 3231 τοῦτο,
2567 3168 2706 3239 εἰπερ
2752 3168 2777 3217 ό
2817 3173 2907 3218 τοῦ
2950 3172 3097 3237 νικᾷν
3154 3169 3310 3229 πόθος
3361 3169 3538 3241 εἶχεν·
3568 3170 3740 3242 πολλῷ

360 3252 644 3324 perducta
666 3253 958 3326 (optarem
977 3258 1175 3308 autem
1198 3254 1326 3318 hoc,
1353 3252 1403 3307 si
1424 3252 1721 3308 desiderio
1742 3251 2018 3307 vincendi

2130 3256 2230 3328 γὰρ
2274 3250 2426 3313 ἣδιον
2477 3257 2525 3306 ἐν
2568 3254 2696 3325 φίλῳ
2727 3254 2754 3295 b
2783 3255 2812 3313 ἣ
2860 3254 2908 3306 iv
2957 3254 3092 3327 οἴλλῳ
3125 3262 3271 3327 νικᾴν
3306 3276 3318 3289 ·
3344 3258 3403 3309 οὐ
3435 3261 3535 3333 γὰρ
3580 3257 3629 3310 ἓν
3667 3268 3740 3330 τῷ

360 3344 611 3406 tenerer,
634 3341 821 3397 multo
843 3341 1001 3397 enim
1031 3341 1277 3397 suavius
1308 3346 1395 3396 est
1434 3341 1492 3395 in
1519 3340 1717 3410 fratre,
1750 3357 1934 3413 quam
1957 3341 2019 3395 in

361 3428 479 3486 alio
507 3430 780 3496 vincere;
811 3430 1106 3501 siquidem
1143 3446 1263 3485 non
1303 3430 1365 3485 in
1397 3431 1538 3485 Care
1568 3430 1924 3501 periculum,
1956 3434 2022 3484 ut

360 3523 449 3574 est
471 3518 533 3574 in
557 3519 895 3583 Proverbio,
922 3518 1362 3584 machinamur,
1388 3518 1495 3573 sed
1518 3520 1576 3573 in
1604 3523 1857 3589 cognato
1887 3534 2022 3573 san-

359 3607 539 3680 guine
560 3624 764 3663 verum
788 3608 971 3663 robur
996 3608 1294 3680 inquirere
1340 3607 1569 3663 cordati
1596 3623 1665 3663 ac
1710 3608 2021 3678 prudentis

361 3712 493 3752 esse
532 3697 986 3768 existimamus),
1031 3702 1294 3752 attamen
1336 3698 1631 3768 tanquam
1683 3696 2022 3767 expositum

362 3785 572 3843 fatum
610 3786 866 3857 suscipe,
905 3792 961 3841 et
998 3785 1113 3841 tuis
1151 3784 1458 3841 laboribus
1496 3800 1649 3856 auge
1690 3789 1744 3841 et
1781 3784 2019 3856 perﬁce,

365 3890 558 3947 eoque
583 3875 877 3931 communi
904 3874 1101 3931 laetitia
1127 3873 1409 3930 oblectari
1430 3879 1487 3929 et
1512 3873 1623 3929 frui
1656 3889 1731 3929 ne
1762 3874 2022 3929 desinas-

435 3963 584 4020 Cum
623 3964 801 4034 igitur
838 3964 960 4020 duo
991 3979 1209 4033 genera
1239 3963 1645 4035 potentiarum
1679 3970 1905 4018 veteres
1935 3963 2021 4017 di-

364 4053 673 4110 stinxerint
731 4055 985 4125 (oportet
1041 4052 1201 4108 enim
1250 4051 1431 4124 paulo
1480 4051 1656 4108 altius
1706 4052 2016 4123 repetere),

368 4159 560 4198 unum
601 4158 789 4213 genus
820 4148 907 4197 est
930 4158 1155 4210 earum,
1201 4158 1337 4212 quas
1374 4146 1691 4197 versantur
1722 4141 1781 4195 in
1822 4141 2022 4211 cogni-

370 4232 553 4297 tione,
594 4248 719 4304 quae
748 4230 1022 4287 dicuntur
1052 4230 1379 4302 cognitivar;
1402 4230 1533 4285 alia
1574 4229 1867 4286 animales
1897 4246 1908 4284 ε
1944 4230 2021 4285 ad

370 4337 495 4379 eam
534 4337 681 4385 rem,
715 4320 789 4376 de
818 4336 943 4393 qua
969 4336 1129 4375 nunc
1165 4319 1468 4390 agendum
1499 4324 1608 4386 est,
1644 4319 1835 4388 magis
1872 4335 2023 4391 opus

366 4414 456 4467 est
484 4409 845 4466 animalibus
876 4409 1176 4481 potentiis.
1209 4409 1268 4463 id
1299 4412 1385 4463 est
1410 4406 1753 4478 appetitivis.
1782 4408 2022 4477 lngene-

366 4504 497 4556 rata
516 4500 717 4570 itaque
744 4504 831 4554 est
859 4499 1075 4553 animas
1097 4498 1180 4552 vis
1202 4496 1521 4569 appetendi
1554 4496 1720 4559 illud,
1751 4497 1912 4569 quod
1936 4501 2023 4551 est

2133 3348 2267 3417 Καρὶ
2316 3346 2402 3395 τὸν
2449 3340 2710 3409 κίνδυνον,
2743 3345 2808 3404 ὡς
2855 3346 2885 3401 ἠ
2928 3350 3205 3419 παροιμία,
3245 3348 3585 3418 σοφιζόμεθα,
3628 3335 3739 3398 ἀλλ’

2132 3431 2180 3484 ἓν
2222 3430 2293 3503 τῷ
2332 3432 2500 3503 οἰκείῳ
2548 3434 2732 3504 αἵματι
2784 3436 2844 3485 τὸ
2886 3440 2977 3485 τοῦ
3024 3435 3246 3507 κράτους
3287 3441 3506 3505 γνήσιον
3552 3434 3739 3498 ἐπιζη-

2132 3529 2235 3574 τεῖν
2278 3524 2549 3593 ἡγούμεθα
2596 3523 2845 3593 συνετὸν),
2876 3521 3009 3580 πλὴν
3062 3521 3172 3574 ἀλλ’
3203 3525 3271 3585 ὡς
3310 3525 3512 3576 ἓκθετον
3553 3523 3740 3576 ἀναλα-

2133 3610 2235 3662 ϐὼν
2283 3614 2339 3662 τὸ
2387 3615 2614 3683 γέννημα
2668 3616 2756 3663 καὶ
2812 3616 2987 3673 πόνοις
3027 3611 3236 3673 οἰκείοις
3283 3612 3621 3676 συναυξήσας
3650 3619 3741 3666 καὶ

2134 3699 2509 3771 τελεσφορὴσας
2558 3705 2734 3758 κοινὴν
2765 3699 2843 3751 ἐπ’
2874 3700 3014 3770 αὐτῷ
3060 3703 3329 3754 ποιεῖσθαι
3368 3707 3439 3775 μὴ
3471 3704 3741 3776 φθονήσῃς

2134 3794 2226 3847 τὴν
2256 3788 2576 3862 εὐφροσύνην
2606 3794 2694 3841 καὶ
2725 3794 2818 3847 τὴν
2846 3788 3155 3845 ἀπόλαυσιν.

2206 3971 2397 4017 Διττων
2448 3972 2724 4040 τοιγαροῦν
2766 3974 2865 4018 τῶν
2903 3965 3150 4038 ψυχικῶν
3179 3963 3446 4039 δυνάμεων
3480 3969 3740 4041 ὑπάρχειν

2133 4054 2292 4106 πάλαι
2341 4050 2765 4128 διευκρινομένων
2817 4056 3024 4129 (μικρὸν
3081 4058 3182 4130 γὰρ
3241 4053 3545 4131 ἀναδρομὴν
3609 4054 3737 4129 δεῖ),

2131 4151 2233 4195 τῶν
2283 4146 2372 4215 μὲν
2424 4152 2748 4213 γνωστιχών,
2809 4152 2906 4196 τῶν
2952 4141 3010 4196 δὲ
3067 4145 3323 4210 ζωτικῶν,
3375 4145 3564 4218 μᾶλλον
3612 4150 3744 4221 πρὸς

2132 4236 2225 4291 τὴν
2276 4240 2546 4305 παροῦσαν
2591 4233 2858 4297 ὑπόθεσιν,
2904 4235 2933 4292 ἠ
2981 4242 3079 4285 τῶν
3140 4235 3371 4295 ζωτικῶν
3410 4234 3519 4288 ἐστι
3560 4241 3739 4309 χρεία,

2132 4325 2251 4381 ἤτοι
2298 4330 2397 4373 τῶν
2459 4320 2755 4394 ὁρεκτικῶν.
2827 4323 3173 4395 Ἐνέσπαρται
3234 4328 3405 4375 τοίνυν
3460 4332 3523 4396 τῇ
3580 4324 3738 4397 ψυχῇ

2134 4408 2354 4482 δύναμις
2399 4410 2637 4483 όρεκτικὴ
2690 4417 2782 4461 τοῦ
2830 4414 2967 4462 κατὰ
3016 4414 3171 4483 φύσιν
3217 4415 3380 4474 ὄντος,
3413 4417 3502 4464 καὶ
3532 4415 3741 4465 πάντων

2131 4508 2230 4551 τῶν
2284 4494 2557 4559 οὗσιωδώς
2608 4496 2998 4572 προσ[ει]όντων
3046 4504 3344 4563 συνεκτικὴ,
3380 4502 3497 4561 ἣτις
3535 4499 3742 4571 λέγεται

368 4588 699 4644 secundum
740 4593 1040 4657 naturam,
1096 4586 1219 4641 sive
1262 4590 1490 4642 natura:
1538 4586 1922 4653 conveniens,
1965 4591 2019 4640 et

2135 4588 2362 4649 θέλησις.
2392 4590 2477 4639 Διὸ
2509 4592 2594 4638 καὶ
2629 4588 2894 4660 ὁρίζονται
2920 4591 3139 4659 φυσικόν
3172 4586 3300 4640 εἶναι
3342 4587 3537 4661 θέλημα
3573 4589 3741 4664 ὄρεξιν

367 4678 593 4743 omnia,
632 4692 768 4749 quas
820 4674 1284 4731 substantialiter
1308 4674 1532 4740 insunt,
1583 4674 1927 4730 continendi
1966 4678 2023 4729 et

365 4765 783 4830 conservandi,
842 4780 973 4837 qua:
1011 4764 1226 4819 dicitur
1275 4762 1483 4825 θελησις
1515 4763 1573 4818 id
1606 4768 1693 4819 est
1723 4764 2018 4829 voluntas,

2132 4680 2357 4747 φυσικὴν
2402 4694 2455 4729 τε
2505 4680 2595 4727 καὶ
2652 4676 2868 4748 λογικὴν
2917 4676 3143 4736 θέλησιν.
3200 4681 3285 4729 Διὸ
3328 4682 3415 4731 καὶ
3473 4679 3741 4753 ὁρίζονται

2132 4768 2351 4836 φυσικὸν
2384 4760 2511 4818 εἶναι
2553 4764 2767 4838 θελημα,
2817 4766 2980 4841 ὄρεξιν
3011 4771 3238 4839 φυσικὴν
3290 4785 3346 4820 τε
3393 4772 3483 4820 καὶ
3520 4767 3738 4840 λογικὴν

1702 4938 1933 4994 νΑΒΙᾹΞ
1966 4940 2258 4997 LECTION
2266 4942 2367 4998 ES.

436 5080 465 5112 ι
496 5068 525 5128 ἢ
559 5068 653 5121 οὐκ
677 5066 889 5137 legisse
927 5064 1157 5122 videtur
1193 5063 1437 5120 Turrian
1449 5080 1537 5120 us.
1575 5062 1760 5119 CAPER
1788 5080 1800 5129 ;
1828 5070 1979 5121 notae
2006 5080 2113 5121 ms.
2136 5067 2167 5110 ιι
2194 5066 2515 5123 Turrianus
2541 5067 2778 5138 legebat
2798 5066 2847 5121 ἓν
2872 5066 3098 5142 ἀδελφῷ,
3122 5069 3186 5125 in
3209 5070 3429 5140 fratre.

1930 5244 2131 5301 NOTE

433 5354 546 5425 (49)
577 5353 676 5409 llle
706 5350 900 5425 codex
926 5351 1181 5425 Graecus
1195 5348 1449 5425 habetur
1479 5366 1592 5405 ms.
1630 5352 1687 5407 in
1722 5351 1871 5425 Bibl.
1902 5353 2017 5425 Ca3-

360 5422 477 5483 sar.
510 5422 971 5487 Vindobonensi,
994 5438 1053 5477 n.
1088 5422 1212 5487 208,
1244 5422 1614 5488 chartaceus,
1642 5423 2017 5480 mediocriter

369 5497 681 5571 antiquus,
713 5496 851 5571 fo_lio
885 5511 899 5561 ;
942 5493 1153 5571 Lamb:
1174 5493 1330 5549 Bibl.
1351 5493 1541 5571 liud.
1572 5498 1612 5551 t.
1643 5496 1707 5571 _V,
1736 5510 1796 5566 p.
1830 5496 1916 5550 15.

433 5563 545 5646 (50)
576 5568 721 5627 Vide
755 5567 1064 5633 Damam,
1096 5563 1194 5623 lib.
1241 5580 1302 5622 ιιι
1339 5564 1510 5622 Fidei
1538 5565 1716 5629 orth.,
1739 5563 1889 5638 'cap.
1928 5569 2012 5633 14,

2124 5352 2593 5479 ῧὶἒθηᾶείαείιιω
2626 5355 2915 5413 Sinaitam
2954 5356 3013 5411 in
3064 5372 3175 5413 suo
3205 5356 3451 5428 Hodego
3476 5374 3583 5414 seu
3620 5358 3741 5415 Viae

2167 5439 2312 5569 agt.)
2351 5496 2537 5552 Photii
2568 5498 2748 5555 frater
2766 5498 3063 5554 Tarasius.
3085 5501 3149 5557 In
3170 5502 3371 5558 erco
3394 5514 3516 5558 non
3534 5500 3738 5569 frater,

2123 5569 2231 5623 sed
2266 5569 2643 5627 sacerdotum
2684 5569 3052 5629 charissime.
