4140 6198
287 272 397 328 509

284 402 457 470 μόνων
512 397 808 469 ἠρτημένην
859 406 959 449 τῶν
1018 405 1268 469 φυσικῶν.
1301 397 1460 451 Ὠστε
1516 399 1546 456 ἠ
1585 399 1675 469 μὲν
1737 396 1890 454 θέλη-
1921 398 1966 450 Α

289 486 372 547 σὶς
412 489 555 538 ἐστιν
595 485 726 543 αὐτὴ
761 487 790 543 ἠ
840 487 1033 546 ζωτικὴ
1085 506 1137 538 τε
1175 491 1264 537 καὶ
1292 486 1474 558 λογικὴ
1523 485 1682 559 ὄρεξις
1710 493 1892 536 πασῶν

285 584 387 626 τῶν
445 583 535 635 τῆς
589 578 790 647 φύσεως
839 585 1168 628 συστατικῶν
1224 575 1357 634 ἁπλῆ
1416 573 1657 647 δύναμις.
1697 574 1754 626 Ἣ
1793 577 1891 648 γὰρ

287 673 390 716 τῶν
424 663 624 736 ἀλόγων
655 664 815 737 ὄρεξις
847 670 918 736 μὴ
953 662 1086 716 οὖσα
1115 665 1297 736 λογικὴ
1332 665 1389 716 οὐ
1420 664 1622 736 λέγεται
1662 663 1889 725 θέλησις.

290 753 521 814 Θέλησις
545 749 632 805 οὖν
658 757 710 804 τί
744 757 867 806 ποτέ
897 752 1034 805 ἐστιν
1065 757 1287 828 εἴρηται.

1323 273 1418 328 AD
1460 269 2009 328 AMPHILOCHIUM
2051 269 2377 338 QUIESTIO
2419 273 2623 332 LXXX.

3550 287 3659 341 510

2007 397 2163 452 unde
2195 403 2414 469 φυσικὸν
2444 400 2657 472 θέλημα,
2686 400 2744 456 id
2776 407 2864 458 est
2893 403 3229 460 naturalem
3259 406 3654 477 voluntatem,

2005 484 2294 542 deﬁniunt
2323 503 2453 542 esse
2493 490 2809 562 appetitum
2842 493 3177 549 naturalem
3207 499 3261 550 et
3289 496 3655 566 rationalem,

2006 589 2073 628 ex
2103 574 2244 629 solis
2276 576 2646 632 naturalibus
2686 580 3064 650 pendentem.
3108 583 3300 647 Quare
3341 585 3569 650 θέλησις,
3597 587 3656 643 id

2005 667 2089 717 est
2120 662 2396 718 voluntas
2438 671 2524 720 est
2563 665 2688 738 ipse
2727 667 3004 724 animalis
3046 674 3104 725 et
3141 671 3440 728 rationalis
3479 690 3660 747 appe-

2006 751 2144 804 titus
2182 752 2454 808 omnium
2495 755 2911 826 potentiarum,
2953 773 3087 828 qum
3127 765 3404 817 naturam
3443 765 3661 820 consti-

288 847 486 909 tuunt,
516 841 773 913 simplex
804 843 1086 914 potentia.
1115 842 1426 915 Appetitus
1465 842 1625 896 enim
1667 838 2122 904 irrationalium,
2157 855 2294 896 cum
2329 857 2450 897 non
2481 845 2554 898 sit
2599 844 2920 912 rationalis,
2949 861 3070 902 non
3101 846 3320 904 dicitur
3358 851 3655 909 voluntas.

291 933 521 987 Dictum
550 932 727 1000 igitur
747 938 852 997 est,
885 932 1031 1004 quid
1057 933 1133 987 sit
1163 931 1387 996 θέλησις,
1423 931 1482 986 id
1522 937 1609 986 est
1640 930 1944 985 voluntas.

360 1020 616 1081 Βούλησις
659 1016 719 1072 δέ
757 1019 867 1072 ἐστι
899 1022 1023 1072 ποιά
1066 1024 1260 1092 φυσικὴ
1315 1020 1544 1083 θέλησις,
1579 1022 1740 1088 ἤγουν
1788 1038 1891 1089 φυ-

291 1114 414 1166 σικὴ
462 1109 554 1160 καί
601 1108 786 1179 λογικὴ
846 1109 1005 1182 ﬁerit;
1056 1127 1194 1168 τινος
1246 1109 1569 1180 πράγματος.
1627 1113 1893 1178 Ἐγκειται

287 1201 381 1269 μὲν
403 1199 506 1271 γὰρ
536 1199 565 1254 ἡ
601 1193 820 1269 δύναμις
848 1197 898 1248 ἐν
937 1204 998 1269 τῇ
1045 1204 1136 1249 τοῦ
1185 1195 1456 1270 ἀνθρώπου
1484 1195 1637 1267 ψυχῇ
1692 1202 1782 1247 τοῦ
1809 1194 1897 1246 λο-

285 1295 449 1357 γικῶς
492 1286 764 1360 ὀρέγεσθαι
818 1303 831 1315 ⁶
874 1286 958 1338 ὃτε
997 1283 1057 1338 δὲ
1109 1293 1342 1358 φυσικῶς
1399 1287 1630 1342 κινηθείη
1687 1283 1818 1341 αὕτη
1861 1285 1891 1340 ἠ

285 1376 470 1446 λογικὴ
521 1375 685 1450 ὄρεξις
717 1380 846 1448 πρός
877 1395 926 1427 τι
956 1382 1198 1448 πρᾶγμα,
1231 1375 1430 1446 λέγεται
1462 1372 1731 1446 βούλησις
1771 1371 1896 1445 βού-

283 1464 443 1527 λησις
491 1468 591 1538 γάρ
652 1464 791 1517 ἔστιν
850 1465 1017 1539 ὄρεξις
1041 1469 1130 1516 καὶ
1179 1467 1352 1536 ἔφεσίς
1402 1483 1537 1525 τινος
1588 1466 1893 1536 πράγματος

284 1554 500 1626 λογική.
576 1558 798 1625 Λέγεται
829 1551 890 1606 δὲ
929 1551 1186 1626 βούλησις
1228 1573 1317 1605 και
1371 1551 1451 1604 ἐπὶ
1512 1560 1610 1603 τῶν
1642 1549 1715 1623 ἐφ’
1747 1547 1891 1623 ἡμῖν,
1923 1550 1962 1603 Β

284 1648 529 1696 τουτέστι
571 1648 661 1695 καὶ
715 1642 799 1695 ἐπὶ
852 1652 951 1694 τῶν
998 1639 1292 1695 ἀδυνάτων.
1346 1641 1638 1713 Βουλόμεθα
1673 1643 1774 1714 γὰρ
1805 1638 1893 1691 καί

285 1737 360 1805 μὴ
397 1731 690 1798 ἀποθανεῖν,
722 1734 836 1784 ἔστι
867 1729 926 1784 δὲ
956 1734 985 1790 ἡ
1023 1730 1280 1804 βούλησις
1324 1739 1417 1783 τοῦ
1463 1730 1654 1797 τέλους,
1697 1730 1755 1782 οὐ
1794 1737 1893 1781 τῶν

285 1825 420 1896 πρὸς
449 1825 507 1873 τὸ
551 1821 710 1883 τέλος.
742 1821 896 1882 Τέλος
946 1823 1046 1895 γάρ
1079 1823 1137 1872 τὸ
1185 1818 1442 1892 βουλητὸν
1473 1822 1541 1880 ὡς
1571 1823 1628 1871 τὸ
1661 1819 1889 1890 ὑγιάναι·

285 1915 418 1984 πρὸς
465 1914 523 1962 τὸ
576 1910 712 1970 τέλος
743 1905 800 1962 δὲ
831 1912 857 1961 ό
887 1913 1077 1982 τρόπος
1130 1905 1203 1960 δι’
1253 1908 1313 1960 οὗ
1361 1907 1626 1980 ὀφείλομεν
1657 1908 1888 1978 ὑγιᾶναι.

2008 1016 2257 1080 Βούλησις
2299 1037 2441 1077 vero
2485 1026 2576 1077 est
2615 1023 2900 1080 naturalis
2950 1025 3226 1084 voluntas
3276 1031 3422 1094 ποιοί,
3460 1030 3521 1086 id
3571 1036 3660 1089 est

2005 1108 2280 1181 aliqualis
2305 1111 2392 1182 (ut
2419 1111 2495 1166 ita
2519 1111 2768 1184 dicam);
2786 1114 3073 1171 naturalis
3095 1117 3256 1173 enim
3277 1124 3334 1174 et
3355 1119 3659 1177 rationalis

2005 1199 2296 1268 appetitus
2326 1199 2400 1254 de
2439 1199 2645 1272 aliqua
2669 1217 2730 1256 re
2759 1207 2844 1258 est
2869 1203 3196 1261 rationalis.
3225 1206 3378 1264 inest
3406 1209 3567 1265 enim
3598 1210 3657 1266 in

2004 1285 2211 1342 anima
2248 1287 2508 1344 hominis
2542 1289 2648 1354 vis,
2683 1290 2807 1346 sive
2838 1292 3102 1363 potentia
3131 1296 3453 1366 appetendi
3483 1298 3660 1355 ratio-

2004 1372 2522 1449 naliter;quando
2569 1384 2760 1434 autem
2813 1381 3157 1438 naturaliter
3211 1390 3484 1442 movetur
3526 1387 3657 1458 ipse

2005 1463 2303 1534 appetitus
2334 1465 2639 1522 rationalis
2673 1467 2750 1523 ad
2793 1468 3061 1541 aliquam
3091 1487 3239 1539 rem,
3269 1473 3483 1530 dicitur
3531 1473 3658 1548 βού-

2001 1550 2175 1616 λησις,
2221 1553 2277 1607 id
2313 1560 2398 1610 est
2441 1554 2716 1611 voluntas
2758 1556 3013 1628 alicujus
3044 1560 3127 1615 rei
3164 1577 3176 1616 :
3208 1560 3468 1633 βούλησις
3496 1564 3656 1621 enim

2002 1646 2092 1696 est
2114 1643 2412 1713 appetitus
2443 1649 2498 1698 et
2536 1644 2898 1702 desiderium
2931 1646 3182 1719 alicujus
3213 1651 3294 1706 rei
3323 1653 3614 1709 rationale
3640 1675 3652 1706 :

2003 1729 2209 1785 dicitur
2238 1737 2434 1787 autem
2468 1730 2744 1805 βούλησις,
2777 1734 2836 1789 id
2864 1741 2951 1791 est
2978 1736 3246 1795 voluntas
3272 1739 3524 1812 alicujus
3549 1743 3653 1812 rei,

2002 1821 2076 1874 de
2098 1819 2169 1874 iis
2189 1835 2324 1890 quae
2342 1822 2554 1876 suntin
2580 1828 2780 1880 nostra
2801 1827 3261 1895 potestate,etde
3287 1827 3360 1883 iis
3385 1845 3520 1901 qum
3544 1845 3656 1885 non

2003 1911 2140 1962 sunt
2165 1924 2179 1973 ;
2211 1908 2268 1962 id
2297 1913 2404 1974 est,
2433 1909 2506 1964 de
2532 1909 2602 1964 iis
2628 1926 2757 1982 quae
2787 1927 2823 1966 a
2851 1912 3025 1968 nobis
3055 1914 3177 1970 ﬁeri
3209 1922 3483 1987 possunt,
3502 1924 3557 1973 et
3581 1918 3657 1975 de

288 1999 364 2054 iis
393 2013 530 2070 quae
562 2013 681 2054 non
712 2005 959 2070 possunt
988 2016 1002 2065 ;
1033 1998 1308 2053 volumus
1333 1997 1493 2051 enim
1526 2011 1647 2051 non
1681 1996 1852 2063 mori,
1885 1999 1973 2049 est
1998 2001 2286 2066 praeterea
2313 1995 2587 2069 βούλησις,
2621 1998 2682 2054 id
2703 2004 2790 2055 est
2811 2001 3089 2058 voluntas
3116 2003 3274 2072 ﬁnis,
3309 2021 3428 2062 non
3451 2011 3656 2062 autem

289 2103 500 2144 eorum
526 2104 659 2160 quae
691 2092 956 2158 spectant
981 2087 1058 2143 ad
1085 2087 1290 2142 ﬁnem.
1314 2087 1468 2141 Finis
1500 2085 1661 2140 enim
1689 2089 1777 2140 est
1803 2086 1862 2136 τὸ
1890 2081 2168 2156 βουλητὸν,
2201 2085 2262 2141 id
2294 2091 2382 2142 est
2419 2086 2478 2142 id
2509 2087 2674 2160 quod
2705 2088 3006 2156 volumus,
3034 2096 3099 2147 ut
3125 2092 3279 2150 bene
3310 2094 3505 2151 valere
3531 2114 3543 2152 :
3578 2096 3655 2152 ad

290 2177 472 2233 ﬁnem
503 2184 704 2235 autem
736 2182 966 2248 spectat
989 2177 1047 2232 id
1082 2193 1187 2248 per
1211 2175 1374 2249 quod
1404 2175 1694 2232 debemus
1719 2174 1872 2231 bene
1897 2173 2115 2230 valere.

363 2277 508 2330 Μετά
551 2272 610 2328 δε
637 2280 729 2334 τὴν
761 2274 1037 2348 βούλησιν,
1094 2278 1318 2337 ζήτησις
1343 2278 1430 2326 καὶ
1484 2272 1665 2344 σκέψις
1699 2273 1812 2346 μεθ’
1863 2272 1900 2324 ἂ

288 2366 320 2424 ἠ
357 2363 546 2437 βουλή.
607 2364 772 2421 Βουλὴ
830 2365 932 2436 γάρ
986 2367 1128 2416 ἔστιν
1176 2362 1342 2436 ὄρεξις
1373 2363 1563 2423 ζητικὴ
1598 2373 1623 2404 ο
1650 2367 1896 2436 περὶτῶν

289 2453 367 2526 ἐφ’
426 2455 551 2525 ἡμῖν
604 2455 927 2529 πραγμάτων
985 2457 1226 2526 γινομένη
1280 2467 1295 2482 ⁸
1359 2451 1661 2525 βουλεύεται
1706 2454 1805 2526 γὰρ
1853 2451 1898 2504 εἱ

287 2541 478 2616 ὀφείλει
525 2562 608 2603 τις
665 2542 921 2615 μετελθεῖν
973 2545 1032 2594 τὸ
1079 2548 1298 2614 πρᾶγμα
1347 2542 1378 2600 ἦ
1435 2543 1518 2598 οὔ.
1551 2539 1680 2594 Εἶτα
1707 2545 1892 2614 κρίνει,

284 2637 375 2685 καὶ
430 2632 632 2704 λέγεται
684 2635 879 2705 κρίσις.
930 2629 1037 2703 Ἐφ’
1096 2632 1174 2693 οἷς
1231 2627 1526 2684 διατίθεται
1577 2635 1667 2682 καὶ
1714 2629 1897 2702 ἀγαπᾷ

284 2727 379 2774 καὶ
424 2721 628 2792 λέγεται
663 2725 839 2792 γνώμη
901 2739 914 2752 ·
976 2718 1036 2771 ἂν
1068 2721 1222 2794 κριθῇ
1256 2722 1345 2792 μεν
1383 2721 1508 2794 γὰρ,
1561 2724 1634 2791 μὴ
1677 2715 1889 2792 διατεθῇ

287 2807 350 2860 δὲ
379 2812 505 2871 πρὸς
534 2813 593 2862 τὸ
639 2811 812 2883 κριθέν
846 2826 860 2840 ⁸
894 2813 1056 2880 ἤγουν
1091 2807 1152 2860 ἆν
1184 2813 1252 2882 μὴ
1302 2807 1556 2880 ἀγαπήσῃ
1605 2810 1664 2860 οὐ
1693 2807 1893 2879 λέγεται

283 2902 469 2970 γνώμη
519 2915 534 2930 ο
582 2896 661 2950 ἰπὶ
711 2902 886 2970 μέντοι
935 2905 998 2969 τῇ
1051 2902 1229 2970 γνώμῃ
1283 2898 1312 2954 ἡ
1371 2901 1672 2970 προαίρεσις
1720 2898 1892 2950 ἕπεται

285 2991 442 3039 οίονεὶ
524 2985 729 3059 ἐκλογὴ.
805 2989 951 3040 Μετὰ
1021 2983 1080 3038 δὲ
1158 2990 1251 3044 τὴν
1313 2989 1616 3060 προαίρεσιν
1672 2987 1702 3043 ἠ
1762 2989 1890 3059 πρός
1921 3022 1960 3077 C

284 3079 377 3132 τήν
431 3076 615 3150 πρᾶξιν
663 3074 931 3128 ἀκολουθεῖ
959 3077 1092 3150 ὁρμή
1148 3092 1160 3104 ·
1223 3072 1333 3127 εἶτα
1388 3081 1603 3148 χρῆσις,
1662 3073 1775 3146 μεθ’
1827 3075 1890 3134 ἣν

284 3165 355 3216 τὰ
392 3172 487 3236 τῇς
526 3164 734 3236 ὀρέξεως
793 3167 1034 3218 παύεται.
1093 3164 1218 3218 Ἐπὶ
1269 3167 1359 3236 μὲν
1409 3159 1495 3215 οὖν
1533 3172 1634 3214 τῶν
1669 3161 1885 3234 ἀλόγων,

284 3256 418 3322 μετά
475 3258 567 3312 τὴν
621 3253 783 3328 ὄρεξιν
837 3253 983 3314 εὐθὺς
1036 3254 1065 3310 ἡ
1118 3255 1251 3326 ὁρμὴ
1304 3253 1498 3317 ἕπεται,
1542 3251 1624 3304 ἐπὶ
1674 3248 1732 3304 δὲ
1789 3261 1887 3304 τῶν

281 3342 506 3413 λογικῶν
546 3346 604 3394 οὐ
656 3345 878 3404 πάντως.
919 3343 1003 3397 Τά
1035 3345 1126 3414 μὲν
1178 3345 1279 3416 γὰρ
1324 3341 1490 3412 οἴλογα
1520 3342 1620 3393 ὑπὸ
1662 3349 1755 3404 τῆς
1798 3362 1890 3414 φυ-

287 3440 444 3493 σικῆς
473 3431 678 3506 ὀρέξεως
730 3434 934 3503 ἄγεται,
977 3428 1063 3483 διὸ
1110 3427 1234 3483 οὐδὲ
1266 3430 1476 3490 θέλησις
1533 3432 1562 3488 ἡ
1619 3439 1717 3482 τῶν
1772 3429 1933 3483 ἀλό·’

282 3542 390 3592 γων
445 3521 604 3594 ὄρεξις
633 3521 854 3592 λέγεται,
915 3518 1038 3572 οὐδὲ
1069 3519 1340 3592 βούλησις.
1385 3522 1502 3572 Ἐπὶ
1534 3515 1593 3571 δὲ
1647 3527 1747 3570 τῶν
1799 3519 1885 3570 ἀν-

284 3611 504 3682 θρώπων
536 3609 722 3682 μᾶλλον
771 3612 800 3668 ἠ
854 3614 1048 3681 φυσικὴ
1083 3609 1242 3682 ὄρεξις
1273 3611 1317 3650 0'
1361 3612 1490 3680 ἤπερ
1523 3610 1638 3675 οἶγει
1691 3623 1705 3638 ’
1761 3608 1889 3661 αὖτ-

282 3698 528 3762 εξουσίως
552 3701 652 3771 γὰρ
685 3704 773 3751 καὶ
799 3701 929 3771 μετὰ
965 3697 1121 3769 λόγου
1150 3703 1388 3761 κινεῖται,
1426 3693 1608 3755 ἐπειδὴ
1650 3701 1736 3748 καὶ
1763 3717 1886 3749 συν-

282 3788 589 3859 εζευγμίναι
641 3787 770 3840 εἰσὶν
829 3787 884 3839 αἰ
933 3790 1224 3859 γνωστικαὶ
1258 3791 1348 3838 καὶ
1389 3787 1608 3846 ζωτικαὶ
1639 3782 1888 3858 δυνάμεις

279 3875 333 3929 ἐν
387 3885 460 3946 τῷ
522 3875 794 3948 ἀνθρώπῳ,
880 3876 1229 3939 αὐτεξουσίως
1302 3882 1574 3950 τοιγαροῦν
1630 3874 1886 3950 ὀρέγεται,

277 3969 372 4018 καὶ
449 3964 797 4028 αὐτεξουσίως
859 3966 1015 4040 ὁρμᾷ,
1088 3969 1177 4017 καὶ
1229 3967 1294 4016 τά
1357 3963 1486 4016 ἄλλα
1546 3964 1887 4027 αὑτεξουσιως

278 4073 442 4108 ποεει.

355 4234 471 4288 Ἐπὶ
513 4231 572 4287 δέ
599 4253 658 4304 γε
687 4241 785 4294 τῆς
839 4234 976 4293 θείας
1005 4237 1095 4285 καὶ
1142 4236 1403 4306 μακαρίας
1449 4235 1540 4282 καὶ
1569 4231 1882 4303 ὑπερουσίου

2079 2271 2219 2327 Post
2267 2271 2540 2344 βούλησιν,
2590 2273 2650 2330 id
2701 2279 2792 2330 est
2841 2275 3206 2334 voluntatem
3261 2279 3518 2354 alicujus
3573 2283 3655 2338 rei

2005 2365 2096 2416 est
2137 2361 2438 2434 inquisitio
2489 2369 2546 2419 et
2592 2363 3009 2437 consideratio,
3058 2372 3268 2440 postea
3317 2370 3654 2438 consilium,

2006 2449 2331 2506 Consilium
2358 2451 2512 2506 enim
2533 2457 2620 2508 est
2649 2455 2966 2524 appetitus,
2993 2456 3296 2529 inquirens
3319 2459 3395 2514 de
3424 2459 3496 2514 iis
3517 2476 3655 2532 quas

2006 2544 2140 2594 sunt
2170 2554 2354 2611 penes
2382 2555 2489 2596 nos
2517 2558 2530 2597 :
2559 2542 2858 2599 consultat
2894 2543 3055 2601 enim
3081 2561 3158 2602 an
3192 2547 3408 2604 debeat
3440 2548 3656 2622 aliquis

2004 2628 2247 2698 aggredi
2267 2629 2529 2703 aliquam
2562 2647 2708 2703 rem,
2733 2648 2809 2688 an
2838 2648 2982 2689 non.
3011 2635 3220 2692 Postea
3237 2636 3467 2707 judicat
3483 2643 3542 2695 et
3568 2637 3656 2694 di-

2003 2717 2154 2773 citur
2173 2718 2483 2788 judicium.
2513 2719 2572 2775 ln
2601 2721 2822 2792 quibus
2853 2723 3125 2790 afficitur,
3163 2729 3219 2780 et
3248 2741 3320 2781 ea
3352 2732 3534 2794 amat,
3567 2727 3654 2783 di-

2002 2805 2155 2861 citur
2173 2813 2377 2880 γνώμη,
2407 2809 2465 2863 id
2500 2812 2588 2864 est
2612 2809 2848 2866 affectio
2874 2830 2887 2880 ;
2917 2812 2964 2866 si
2989 2813 3140 2867 enim
3185 2814 3409 2883 judicet
3439 2821 3494 2871 et
3537 2831 3655 2873 non

2002 2895 2310 2961 afﬁciatur,
2361 2897 2419 2954 id
2463 2903 2570 2963 est,
2613 2914 2733 2954 non
2772 2906 2928 2956 amet
2969 2901 3132 2972 quod
3167 2902 3508 2973 judicatum
3546 2910 3650 2968 est,

2001 2999 2124 3040 non
2167 2985 2376 3041 dicitur
2421 2991 2650 3059 γνώμην.
2700 2990 2834 3044 Post
2869 2994 3049 3061 γνώμη
3103 2991 3369 3062 sequitur
3417 2997 3656 3068 προαίρε-

2002 3093 2084 3135 σις
2129 3073 2218 3128 vel
2267 3072 2474 3146 ἐκλογή,
2519 3075 2577 3130 id
2609 3081 2695 3132 est
2745 3076 3149 3149 electio;post
3189 3078 3522 3134 electionem
3569 3097 3654 3136 se-

1997 3163 2199 3235 quitur
2253 3164 2386 3238 ὁρμὴ
2437 3166 2562 3236 πρὸς
2603 3168 2696 3223 τὴν
2743 3165 2950 3238 πρᾶξιν,
2992 3165 3054 3221 id
3101 3172 3188 3222 est
3234 3168 3538 3238 aggressio
3575 3168 3655 3226 ad

1997 3266 2125 3306 rem
2150 3268 2163 3317 ;
2184 3251 2399 3308 deinde
2427 3261 2650 3328 χρῆσις,
2691 3253 2752 3308 id
2786 3261 2870 3310 est
2903 3271 3062 3310 usus.
3106 3255 3246 3312 Post
3273 3255 3430 3312 hunc
3461 3263 3656 3314 cessat

1997 3342 2317 3413 appetitus.
2347 3341 2411 3397 In
2430 3341 2871 3399 irrationalibus
2903 3345 3147 3416 quidem
3171 3345 3367 3401 statim
3394 3346 3532 3402 Post
3552 3362 3654 3418 ap-

1999 3431 2341 3502 petitionem
2407 3433 2672 3504 sequitur
2723 3433 2983 3504 impetus
3042 3433 3165 3490 sive
3215 3436 3654 3505 aggressiozin

1995 3519 2390 3576 rationalibus
2423 3536 2563 3576 vero
2611 3537 2732 3578 non
2774 3522 3043 3579 omnino.
3089 3523 3459 3581 lrrationalia
3491 3525 3652 3582 enim

1996 3608 2293 3664 ducuntur
2323 3609 2400 3665 ab
2430 3611 2694 3682 appetitu
2725 3611 3001 3680 naturali,
3032 3612 3431 3685 quamobrem
3471 3629 3651 3687 appe-

1999 3698 2135 3754 titus
2191 3714 2400 3755 eorum
2456 3715 2579 3755 non
2640 3699 2853 3756 dicitur
2903 3700 3130 3767 Θέλησις,
3181 3703 3242 3757 id
3299 3708 3386 3759 est
3442 3703 3649 3760 volun-

1998 3792 2085 3842 tas
2112 3805 2130 3858 ς
2163 3788 2223 3842 in
2255 3788 2600 3844 hominibus
2628 3804 2767 3844 vero
2809 3791 3001 3860 magis
3033 3793 3327 3863 appetitus
3366 3791 3652 3850 naturalis

1996 3875 2459 3948 ducitur,quam
2493 3877 2694 3944 ducit;
2727 3877 2908 3934 libere
2956 3881 3114 3935 enim
3157 3885 3214 3936 et
3249 3896 3386 3936 cum
3425 3882 3650 3939 ratione

1997 3971 2288 4032 movetur,
2319 3966 2466 4038 quia
2504 3968 2564 4022 in
2595 3967 2836 4023 homine
2866 3972 3159 4040 copulatae
3204 3975 3343 4024 sunt
3369 3971 3649 4041 potentia

1995 4055 2417 4125 cognoscitivae
2437 4060 2492 4110 et
2521 4056 2832 4125 animales,
2877 4072 3063 4128 quare
3092 4057 3274 4114 libere
3319 4059 3560 4130 appetit,
3595 4066 3652 4116 et

1991 4142 2175 4199 libere
2201 4145 2565 4215 aggreditur,
2593 4149 2649 4200 et
2677 4145 2793 4201 alia
2820 4145 3000 4201 libere
3026 4145 3184 4202 facit.

2066 4232 2128 4287 In
2160 4232 2363 4288 divina
2393 4239 2590 4289 autem
2623 4240 2836 4290 natura
2876 4233 3131 4306 βούλησιν
3170 4235 3435 4308 quidem.
3465 4236 3526 4292 id
3557 4242 3649 4294 est

277 4325 523 4396 φύσεως,,
580 4321 836 4394 βούλησιν
865 4323 895 4364 d
926 4325 1016 4393 μὲν
1045 4320 1276 4392 λέγομεν,
1326 4323 1632 4394 προαίρεσεν
1681 4316 1740 4372 δὲ
1795 4339 1884 4371 κυ-

2002 4321 2385 4386 voluntatem,
2404 4322 2658 4378 dicimus
2683 4322 3061 4379 :electionem
3085 4340 3228 4379 vero
3249 4340 3370 4380 non
3390 4325 3648 4381 dicimus

272 4415 406 4486 ρίως
452 4412 511 4464 οὐ
568 4411 797 4483 λέγομεν,
853 4412 1026 4482 ὥσπερ
1089 4406 1213 4462 οὐδὲ
1268 4408 1472 4480 σκέψιν,
1531 4405 1656 4461 οὐδὲ
1695 4407 1881 4481 βούλη-

276 4519 362 4552 σιν
388 4510 416 4543 ο
444 4544 459 4565 ,
495 4499 601 4551 ἀλλ’
647 4497 762 4552 οὐδ’
814 4499 898 4552 ἐπὶ
950 4507 1041 4560 τῆς
1070 4506 1162 4552 τοῦ
1203 4502 1397 4573 Κυρίου
1443 4498 1650 4570 ψυχῆς,
1686 4496 1881 4570 βουλὴν

269 4588 484 4661 λέγομεν
514 4590 544 4648 ἣ
578 4594 902 4663 προαίρεσιν.
964 4595 1040 4640 Ou
1097 4590 1198 4662 γὰρ
1254 4584 1394 4659 εἶχεν
1451 4589 1684 4658 ἄγνοιαν,
1719 4586 1761 4639 εἰ
1790 4592 1880 4639 καὶ

268 4686 366 4739 τῆς
434 4681 498 4731 τὰ
567 4678 813 4751 μελλοντα
877 4676 1171 4749 ἀγνοούσης
1219 4676 1550 4752 ἐχρημάτιζε
1582 4693 1594 4706 ⁸
1649 4678 1868 4748 φύσεας.

269 4769 557 4820 Ἐνωθεῖσα
601 4770 704 4841 γὰρ
755 4775 828 4839 τῷ
877 4774 990 4838 Θεῷ
1022 4771 1174 4838 Λόγῳ
1221 4764 1336 4819 καθ’
1376 4767 1691 4832 ὑπόστασιν,
1751 4767 1874 4818 πάν-

1993 4410 2254 4482 proprie,
2287 4411 2433 4466 sicut
2465 4427 2654 4482 neque
2693 4411 3254 4481 considerationem,
3286 4429 3479 4486 neque
3509 4429 3648 4470 con-

1992 4498 2394 4564 sultationem,
2424 4499 2546 4554 imo
2585 4514 2694 4554 nec
2731 4499 2786 4554 in
2820 4499 3025 4556 anima
3074 4499 3285 4556 Christi
3331 4502 3646 4558 consilium

1988 4587 2268 4651 dicimus,
2300 4603 2406 4642 nec
2437 4587 2786 4644 electionem
2811 4603 2966 4654 ;non
2998 4589 3155 4644 enim
3181 4589 3444 4646 habebat
3479 4590 3648 4661 igno-

1987 4675 2268 4742 rantiam,
2300 4676 2535 4731 tametsi
2587 4681 2814 4732 naturae
2863 4677 3192 4746 ignorantis
3233 4693 3363 4734 esse
3409 4678 3648 4737 diceba-

1987 4769 2084 4820 tur
2109 4763 2223 4837 (52)
2249 4783 2262 4818 z
2295 4765 2458 4822 unita
2475 4764 2632 4821 enim
2658 4766 2775 4822 Deo
2795 4765 2990 4821 Verbo
3010 4766 3340 4823 secundum
3358 4766 3648 4841 hyposta’

1606 4971 1847 5029 VARle
1889 4969 2290 5028 LECTlONES'

347 5107 392 5170 °__
437 5096 670 5166 legend.
731 5097 1016 5170 ζητητικὴ.
1049 5169 1054 5170 ί
1085 5099 1127 5140 c'
1154 5097 1416 5170 'l‘urrian.
1473 5095 1641 5170 ὄρεξις
1701 5098 1897 5169 ἄγεται.

2002 5097 2272 5170 Turrian.
2309 5095 2536 5170 θελησιν,
2595 5095 2718 5170 sed_
2783 5095 3016 5170 legebat

270 5167 606 5241 Qolbertino
655 5184 897 5241 quoque
945 5169 1178 5241 legitur.
1211 5180 1235 5212 ο
1278 5168 1423 5226 Olim
1467 5167 1822 5226 dubitabam
1871 5183 1951 5225 an

270 5237 575 5313 βούλευσιν,
608 5237 939 5311 οῖ’(ιυὶὂεω
971 5237 1142 5298 bene.

3087 5093 3367 5167 βούλησιν,
3443 5099 3508 5153 ιιι
3542 5165 3552 5167 _
3575 5096 3638 5152 in

1996 5168 2318 5241 legendum
2367 5166 2582 5240 βουλήν,
2619 5167 2725 5223 sed
2777 5165 3148 5224 Colbertinus
3198 5168 3388 5224 codex
3457 5165 3641 5226 habet

1839 5365 1889 5420 Ν
1893 5365 2064 5422 ΟΤιΕ.

341 5489 456 5560 (52)
478 5488 734 5546 Tametsi
759 5492 985 5545 naturte
1013 5489 1341 5559 ignorantis
1359 5505 1490 5547 esse
1519 5489 1864 5548 dicebatur:

267 5560 330 5615 Ei
375 5565 465 5613 καὶ
518 5567 616 5622 τῆς
664 5563 732 5615 τὰ
758 5561 1004 5636 μέλλοντα
1051 5560 1344 5635 ἀγνοούσης
1387 5561 1716 5637 ἄχρημοίτιξε
1770 5565 1866 5635 φύ-

1976 5489 2226 5618 Ermqblctl
2257 5491 2348 5546 est
2373 5505 2387 5545 :
2413 5489 2645 5547 tametsi
2671 5492 2900 5547 naturae
2925 5487 3120 5546 futura
3147 5488 3482 5562 ignorantis
3506 5502 3635 5546 esse

2019 5577 2108 5617 ice
2157 5577 2192 5618 a
2220 5576 2306 5617 ur.

2019 5576 2306 5618 icenatur.
