3906 6186
520 253 615 309 5H
1746 250 1985 309 PilOTII
2025 247 2511 310 PATRIARCHE
2549 250 2667 311 CP.
3714 256 3791 317 5t?

520 379 652 442 sim,
668 376 1066 446 cognitionem
1100 375 1372 431 omnium
1390 374 1674 441 habebat,
1698 392 1820 433 non
1836 380 2043 446 gratia,
2066 394 2129 434 se

2284 398 2382 430 των
2408 376 2521 450 εἶχε
2545 382 2634 436 τὴν
2663 386 2877 449 γνῶσιν,
2926 377 2985 430 οὐ
3026 380 3235 453 χάριτι,
3276 378 3403 431 ἀλλὰ
3447 382 3591 451 φύσει,
3628 380 3702 436 διὰ
3724 393 3789 444 την

520 472 751 530 natura,
771 470 1003 537 propter
1034 464 1338 530 unionem,
1352 464 1817 537 hypostaticam,
1835 468 1993 523 idem
2013 468 2173 523 enim

519 559 643 611 erat
678 555 832 608 Deus
884 558 937 609 et
983 554 1183 608 homo.
1218 554 1621 619 Quamobrem
1670 572 1863 627 neque
1914 560 2173 629 γνωμικὸν

522 644 718 715 Θέλημα
750 642 1008 699 habebat
1053 642 1135 713 (id
1176 648 1281 707 cst,
1324 642 1691 699 voluntatem
1733 645 2007 701 affectam
2052 646 2173 701 sive

516 734 881 790 affectionem
902 733 1215 788 voluntatis
1232 733 1291 788 in
1310 732 1511 805 aliqua
1525 734 1607 804 re)
1626 749 1639 799 ;
1658 734 1917 791 habebat
1933 735 2173 807 quidem

517 823 880 879 voluntatem
932 821 1268 877 naturalem
1320 821 1483 877 illam
1536 823 2050 897 simplicein,qua3
2110 826 2171 879 in

516 912 682 967 omni
708 916 922 967 natura
944 911 1258 965 hominum
1286 910 1550 967 similiter
1582 918 1916 983 spectatur;
1942 914 2171 982 gnomi-

517 1018 653 1057 cam
687 1017 828 1056 vero
861 1000 1220 1054 voluntatem
1255 1016 1375 1055 non
1420 1000 1683 1056 habebat
1730 1008 1931 1057 sancta
1965 1002 2171 1059 anima

516 1090 723 1146 Christi
750 1094 957 1144 contra
983 1088 1245 1143 divinam
1272 1088 1660 1160 voluntatem,
1687 1106 1795 1145 nec
1824 1090 1987 1146 aliud
2016 1090 2169 1146 vole-

516 1178 615 1236 bat
638 1185 851 1251 preeter
881 1178 1243 1232 voluntatem
1275 1176 1762 1250 divinamJ‘vaspn
1796 1180 1956 1234 enim
1988 1180 2168 1235 simul

514 1268 801 1323 dividitur
826 1282 957 1321 cum
988 1265 1279 1336 personis,
1300 1270 1689 1338 praeterquam
1716 1268 1774 1322 in
1804 1268 1935 1325 sola
1962 1273 2169 1324 sancta

515 1362 569 1412 et
586 1356 861 1428 simplici,
887 1362 941 1411 et
962 1371 1082 1410 non
1102 1356 1454 1426 composita,
1476 1363 1531 1411 et
1551 1356 1893 1412 indivisibili
1915 1358 2163 1427 deitate;

512 1446 629 1502 illic
651 1448 809 1502 enim
829 1462 966 1500 cum
1000 1447 1347 1517 hypostases
1379 1461 1494 1500 non
1526 1447 1773 1502 omnino
1802 1446 2162 1512 dividantur,

514 1552 708 1609 neque
734 1535 971 1598 distent,
1000 1533 1134 1588 ideo
1161 1534 1429 1605 nequeid
1452 1535 1617 1605 quod
1645 1550 1914 1605 personae
1938 1536 2161 1599 volunt,

514 1625 798 1681 dividitur
829 1642 842 1689 ;
873 1626 994 1679 imo
1044 1627 1101 1674 τὸ
1146 1626 1406 1694 γνωμικὸν
1450 1628 1541 1679 est
1588 1631 1873 1695 tanquam
1929 1626 2161 1680 unitum

2282 467 2397 519 καθ’
2439 470 2731 519 ὑπόστασιν
2784 470 2965 520 ἕνωσιν
3000 488 3011 499 ·
3066 469 3091 519 ὁ
3131 468 3286 529 αὐτὸς
3334 471 3431 540 γὰρ
3482 466 3536 528 ἦν
3582 476 3681 533 θεὸς
3727 481 3792 527 καὶ

2282 557 2568 631 ἄνθρωπος.
2620 560 2705 608 Διὸ
2744 552 2869 608 οὐδὲ
2908 560 3169 628 γνωμικὸν
3209 552 3323 628 εἶχε
3373 557 3553 629 Θῦιημα
3593 600 3602 611 .
3638 562 3791 619 θέλησιν

2281 646 2370 717 μεν
2400 649 2501 717 γὰρ
2534 643 2646 715 εἶχε
2675 650 2767 704 τὴν
2804 650 3029 717 φυσικὴν
3075 651 3167 704 τήν
3223 646 3407 715 ἁπλῆν,
3455 652 3537 705 τὴν
3586 647 3625 700 ἐν
3650 653 3793 712 πάσαις

2280 743 2379 785 τῶν
2424 733 2702 810 ἀνθρώπων
2753 738 2970 806 φύσεσιν
3030 737 3223 806 ὁμοίως
3274 738 3730 809 θεωρουμένηνιτὴν
3751 738 3792 792 δι

2278 827 2539 894 γνωμικὴν
2593 824 2799 881 ϐέλησιν
2838 828 2931 875 οῦκ
2962 825 3102 895 εἶχεν
3156 824 3313 876 αὐτοῦ
3362 826 3390 882 ἡ
3424 824 3539 895 ἁγία
3579 825 3701 898 ψυχὴ
3737 827 3791 878 ἐν.

2279 917 2456 964 αντίαν
2504 920 2595 964 τοῦ
2654 914 2792 965 θείου
2848 913 3129 985 θελήματος
3180 913 3361 978 αὐτοῦ,
3413 911 3525 966 οὐδὲ
3566 914 3669 966 ἄλλο
3693 921 3793 988 παρὰ

2276 1003 2332 1051 τὸ
2367 1002 2498 1052 θεῖον
2547 1000 2705 1053 αὐτοῦ
2756 1000 2972 1072 θελημα.
3012 1002 3071 1054 Ἦ
3123 1006 3224 1075 γὰρ
3264 1008 3441 1074 γνώμη
3490 1000 3794 1077 συνδιαιριίται

2276 1097 2389 1151 ταῖς
2451 1091 2827 1157 ὑποστάσεσιν,
2889 1090 3017 1149 πλὴν
3086 1089 3169 1143 ἰπὶ
3234 1096 3397 1163 μόνης
3440 1100 3527 1154 τῆς
3575 1091 3695 1163 ἁγίας
3735 1099 3795 1144 καὶ

2277 1178 2440 1238 ἁπλῆς
2484 1184 2573 1231 xui.
2627 1178 2911 1232 ἁσυνθέτου
2964 1184 3055 1232 καὶ
3083 1176 3387 1253 ἀδιαιρέτου
3427 1183 3640 1242 θεότητος
3673 1200 3682 1213 ·
3723 1180 3797 1233 ἐκεῖ

2275 1269 2377 1338 γὰρ
2449 1276 2548 1319 τῶν
2617 1270 2955 1321 ὑποστάσεων
3026 1274 3097 1341 μὴ
3176 1269 3250 1331 εἰς
3310 1269 3445 1321 ἅπαν
3500 1266 3798 1341 διαιρουμένων

2274 1352 2415 1427 μηδι
2464 1352 2832 1428 διισταμένων,
2875 1354 3000 1410 οὐδε
3050 1362 3106 1410 τὸ
3155 1358 3362 1417 θελητόν
3417 1354 3679 1431 διαιρεῖται,
3720 1358 3798 1409 ω’

2275 1444 2388 1494 ἕστι
2434 1451 2506 1512 τῷ
2556 1454 2760 1516 φυσικῷ
2807 1448 2865 1498 τὸ
2904 1450 3195 1517 γνωστικὸν
3246 1448 3421 1508 ὥσπερ
3471 1448 3706 1519 ἡνωμένον,
3736 1452 3799 1498 καὶ

2273 1536 2411 1603 νόμῳ
2466 1542 2791 1606 περιγραφῆς
2850 1531 2989 1597 ἰδίας
3047 1536 3497 1611 ὑπομεριζομενον.
3561 1534 3693 1587 Κάκεῖ
3734 1538 3797 1603 μὲν

2274 1618 2453 1679 ἐπειδὴ
2486 1622 2583 1693 μία
2612 1626 2783 1695 φύσις,
2838 1643 2937 1696 μια
2972 1629 3062 1676 καὶ
3093 1626 3123 1683 ἠ
3158 1630 3351 1696 φυσικὴ
3414 1624 3614 1693 θῦ.ησις,
3661 1619 3796 1677 επιιδή

514 1730 651 1769 cum
697 1712 975 1777 naturali,
1009 1720 1064 1767 et
1110 1712 1239 1781 lege
1292 1712 1857 1783 circumscriptionis
1910 1714 2130 1785 proprie

2275 1706 2333 1762 δε
2372 1716 2461 1763 καὶ
2510 1714 2565 1763 αἱ
2615 1713 2931 1774 ὑποστάσεις
2984 1709 3273 1788 ἀδιαίρετοι
3312 1713 3463 1780 εἰσιν,
3492 1714 3536 1766 ἓν
3560 1718 3637 1764 καὶ
3672 1715 3717 1763 τό
3749 1712 3803 1762 6c-

512 1801 888 1855 subdivisum
920 1799 1071 1865 ;illic
1114 1800 1295 1865 enim,
1327 1798 1469 1870 quia
1506 1816 1620 1857 una
1656 1806 1741 1856 est
1772 1807 2005 1865 natura,
2040 1818 2161 1857 una

511 1894 601 1948 est
618 1890 795 1945 etiam
811 1887 1096 1944 naturalis
1118 1887 1405 1953 voluntas;
1424 1888 1569 1959 quia
1582 1904 1721 1945 vero
1738 1890 2161 1961 ethypOStases

512 1981 651 2033 sunt
680 1976 1132 2048 inseparabiles,
1166 1992 1352 2031 unum
1394 1978 1571 2032 etiam
1615 1982 1705 2033 est
1737 1982 1795 2030 τὸ
1836 1979 2065 2045 θελητόν,
2099 1980 2157 2034 id

510 2070 617 2131 est,
648 2066 811 2137 quod
844 2064 1069 2131 volunt,
1097 2070 1153 2120 et
1183 2081 1304 2120 una
1327 2066 1509 2121 motio
1533 2066 1709 2121 trium
1738 2082 2153 2138 personarum,

2271 1798 2445 1865 λητὸν,
2496 1805 2585 1853 καὶ
2641 1806 2739 1872 μία
2793 1804 2820 1860 ἡ
2877 1807 3086 1865 κίνησις
3146 1812 3246 1855 τῶν
3302 1810 3459 1877 τριῶν
3511 1802 3799 1865 ὑποστάσεων,

2270 1888 2363 1939 οὐκ
2415 1887 2734 1961 ἀνεχομένης
2784 1899 2880 1953 τῆς
2936 1891 3204 1966 ἀχράντου
3273 1896 3364 1943 καὶ
3423 1894 3677 1965 ὑπερφυοῦς
3718 1889 3802 1939 ίνώ-

2270 1997 2400 2037 σεως
2473 1988 2713 2052 μερισμῷ
2797 1980 2976 2042 ὑλικῆς
3043 2000 3183 2043 τινος
3263 1985 3543 2053 φαντασίας
3608 1976 3800 2049 καθυϐρί-

2272 2068 2475 2128 ζεσθαι.

509 2155 654 2227 quia
686 2154 826 2209 unio
856 2153 953 2209 illa
983 2154 1359 2219 inviolabilis,
1389 2160 1445 2210 et
1476 2170 1663 2226 supra
1692 2160 1971 2211 naturam
2000 2171 2120 2211 non
2152 2156 2392 2228 patitur,
2422 2162 2484 2211 ut
2512 2156 2769 2228 alicujus
2812 2158 3126 2215 divisionis
3167 2158 3405 2215 ﬁctione
3430 2156 3742 2214 contumelia
3762 2154 3800 2208 ei

513 2245 801 2301 inferatur
848 2246 959 2314 53).

580 2336 645 2388 In
677 2332 1022 2389 hominibus
1074 2333 1254 2397 enim,
1298 2333 1442 2403 quia
1488 2349 1610 2389 una
1647 2338 1736 2388 est
1776 2337 2007 2399 natura,
2044 2350 2164 2391 una

507 2422 752 2494 quidem
792 2427 879 2477 est
916 2422 1204 2477 naturalis
1242 2423 1536 2488 voluntas,
1571 2424 1672 2477 sed
1712 2439 1986 2495 personae
2026 2430 2163 2480 sunt

508 2511 659 2566 inter
699 2527 762 2563 se
804 2510 1028 2574 divisae,
1066 2515 1121 2565 et
1167 2510 1462 2566 distinctas
1506 2516 1795 2582 tempore,
1828 2518 1887 2568 et
1924 2504 2077 2578 loco,
2105 2519 2161 2570 et

508 2598 895 2669 dispositione
916 2614 1058 2667 erga
1079 2614 1191 2664 res,
1225 2604 1279 2653 et
1298 2599 1501 2655 multis
1533 2600 1665 2654 aliis
1688 2619 1699 2657 :
1726 2600 1947 2657 idcirco
1968 2602 2156 2658 diver-

510 2704 591 2742 sas
620 2688 950 2742 voluntates
981 2692 1322 2752 cernuntur,
1356 2692 1414 2743 et
1441 2688 1692 2744 diversae
1721 2698 1925 2762 γνῶμαι
1966 2690 2048 2761 (id
2068 2697 2160 2747 est

505 2776 837 2832 voluntates
849 2792 986 2830 cum
1005 2774 1314 2831 affectione
1333 2782 1389 2831 et
1408 2778 1639 2847 amore)
1664 2795 1676 2843 ;
1704 2779 1761 2833 in
1780 2780 2029 2834 Domino
2055 2796 2158 2835 au-

2341 2336 2457 2387 Ἐπὶ
2487 2332 2549 2387 δε
2593 2343 2693 2387 τῶν
2738 2334 3018 2408 ἀνθρώπων
3074 2333 3256 2395 ἐπειδὴ
3309 2342 3412 2404 μία
3464 2338 3492 2395 ἡ
3542 2338 3696 2407 φύσις,
3731 2335 3804 2402 μία

2267 2426 2356 2495 μὲν
2412 2428 2502 2475 καὶ
2546 2426 2576 2482 ἠ
2634 2430 2829 2494 φυσικὴ
2884 2425 3111 2487 θέλησις.
3186 2430 3575 2499 Κεχωρισμέναι
3621 2420 3671 2476 δὲ
3708 2420 3805 2473 εἰσιν

2268 2511 2355 2564 ἀπ’
2385 2510 2615 2571 ἀλλήλων
2646 2516 2699 2565 αἱ
2731 2516 3047 2576 ὑποστάσεις
3078 2520 3168 2567 καὶ
3213 2512 3552 2573 διεστήκασιν
3595 2516 3739 2583 χρόνῳ
3768 2526 3806 2559 τε

2265 2606 2355 2653 καὶ
2409 2607 2549 2671 τόπῳ
2605 2607 2693 2654 καὶ
2738 2611 2801 2674 τῇ
2849 2607 2980 2677 πρὸς
3036 2606 3101 2656 τὰ
3156 2606 3444 2676 πράγματα
3494 2600 3807 2662 διαθέσει,καὶ

2264 2693 2397 2743 κατὰ
2441 2691 2602 2743 πολλὰ
2634 2691 2784 2761 ἄλλα,
2838 2696 3021 2745 τούτου
3070 2693 3215 2746 ἕνεκα
3244 2690 3476 2768 διάφορα
3504 2694 3563 2744 τά
3604 2709 3650 2742 τε
3694 2688 3808 2743 θελή-

2263 2800 2405 2852 ματα
2458 2782 2744 2853 καθορᾶται
2792 2786 2882 2834 καὶ
2931 2786 2985 2833 αἱ
3031 2790 3255 2854 γνῶμαι.
3297 2784 3418 2836 Ἐπὶ
3458 2779 3513 2835 δε
3544 2787 3625 2832 τοῦ
3654 2780 3804 2849 Κυρίου

508 2870 624 2922 tem
648 2864 804 2931 Jesu,
830 2864 976 2936 quia
1004 2868 1141 2919 sunt
1160 2864 1411 2920 diversae
1433 2872 1683 2932 naturaa,
1707 2866 1958 2923 diversae
1975 2869 2130 2925 etian

2269 2870 2407 2939 ἡμῶν
2440 2868 2617 2927 Ἰησοῦ
2667 2876 2921 2943 Χριστοῦ,
2970 2868 3077 2922 ἐπεὶ
3109 2866 3357 2946 διάφοροι
3404 2875 3458 2922 αί
3505 2873 3679 2942 φύσεις,
3715 2862 3805 2916 διά·

505 2960 643 3011 sunt
672 2954 1021 3021 voluntates,
1054 2952 1377 3010 divinitatis
1407 2955 1536 3025 ejus
1566 2960 1622 3011 et
1650 2956 2060 3023 humanitatis,
2092 2958 2155 3013 id

504 3049 592 3100 est
625 3045 902 3116 potentire
945 3043 1228 3108 θελητικαί,
1266 3043 1326 3098 id
1364 3049 1473 3108 est,
1517 3044 1594 3099 ad
1634 3044 1978 3102 volendum.
2014 3050 2151 3102 Rur-

503 3150 608 3191 sus
647 3149 810 3195 vero,
861 3132 1006 3203 quia
1046 3148 1166 3188 una
1213 3137 1305 3187 est
1349 3132 1713 3204 hypostasis,
1745 3140 1801 3190 et
1843 3151 2017 3201 unus,
2050 3137 2152 3207 qui

502 3221 645 3285 vult,
678 3238 867 3276 unum
900 3221 1078 3276 etiam
1111 3226 1203 3276 est
1242 3221 1407 3292 quod
1442 3222 1587 3285 vult,
1620 3222 1677 3277 id
1725 3228 1814 3278 est
1857 3227 1914 3276 τὸ
1961 3245 2153 3297 γνωμι-

502 3314 593 3361 xcv
623 3310 779 3362 αὑτοῦ
831 3309 1028 3382 eampo:
1073 3311 1208 3381 (54),
1243 3310 1355 3366 hoc
1403 3316 1512 3376 est,
1564 3311 1842 3367 voluntas
1889 3328 2027 3367 cum
2071 3313 2152 3368 af-

501 3399 757 3454 fectione
790 3417 802 3465 ;
829 3407 1111 3470 sequente
1143 3400 1362 3455 scilicet
1390 3400 1660 3457 humana
1690 3402 1817 3471 ejus
1855 3402 2153 3459 voluntate

502 3486 769 3544 divinam
807 3489 1073 3558 ejusdem
1115 3488 1499 3559 voluntatem,
1534 3490 1866 3563 eademque
1896 3492 2147 3556 volente,

502 3592 635 3649 quae
661 3577 857 3631 divina
884 3576 1014 3646 ejus
1039 3578 1313 3633 voluntas
1336 3577 1519 3633 voluit
1546 3579 1739 3651 ipsam
1769 3580 1932 3635 velle.
1962 3582 2151 3645 Quare

509 3664 835 3722 voluntates
864 3664 1171 3737 gnomiczr,
1196 3671 1252 3720 et
1276 3666 1667 3738 hypostaticaa
1694 3684 1764 3723 ac
1782 3669 2147 3740 personales,

502 3759 561 3811 et
585 3754 842 3810 electivse
879 3754 1155 3809 eamdem
1182 3770 1308 3809 rem
1346 3755 1676 3826 subjectam
1717 3757 2076 3827 signiﬁcant.

572 3846 815 3915 Oportet
842 3848 1039 3898 autem
1080 3843 1250 3909 scire,
1287 3848 1349 3899 ut
1378 3845 1570 3916 major
1601 3852 1656 3901 et
1686 3847 1917 3917 plenior
1948 3847 2152 3903 verbo-

498 3949 634 3990 rum
659 3932 998 4004 explanatio
1023 3933 1142 3998 ﬁat,
1173 3933 1508 4003 signiﬁcare
1535 3934 1859 4007 aliquando
1884 3937 2151 3993 volunta-

499 4028 639 4086 tem,
679 4022 1005 4094 potentiam
1042 4021 1119 4077 ad
1161 4022 1497 4086 volendum,
1534 4029 1591 4079 et
1622 4023 1837 4079 dicitur
1872 4025 2149 4082 voluntas

500 4112 778 4169 naturalis
815 4128 827 4178 ;
858 4110 1218 4183 quandoque
1272 4128 1408 4167 vero
1460 4113 1752 4179 signiﬁcat
1804 4118 1862 4166 τὸ
1918 4115 2145 4185 θελητόν,

2263 2977 2407 3031 φοροι
2453 2960 2540 3011 μεν
2587 2963 2674 3010 καὶ
2731 2961 2785 3010 ui
2835 2965 3055 3031 φυσικαὶ
3097 2959 3325 3021 θελήσας
3355 2969 3452 3021 τῆς
3503 2961 3710 3015 θεότητος
3739 2956 3803 3004 αὖ·

2262 3054 2353 3098 τοῦ
2404 3052 2492 3099 καὶ
2540 3056 2630 3108 τῆς
2686 3048 3102 3122 ἀνθρωπότητος,
3150 3053 3309 3120 ἤγουν
3372 3049 3429 3101 αἱ
3469 3047 3705 3105 θελητικαί
3738 3038 3804 3094 ὃν·

2260 3138 2455 3207 νάμεις.
2515 3136 2655 3189 Ἐπεὶ
2708 3133 2767 3189 δε
2804 3137 2957 3190 πάλιν
3009 3139 3039 3195 ἡ
3097 3142 3396 3200 υπόστασις
3426 3142 3537 3209 μία,
3592 3138 3670 3186 καὶ
3712 3129 3805 3189 εἷςό

2264 3224 2438 3292 θεὶων,
2479 3224 2527 3277 ἓν
2572 3230 2661 3277 καὶ
2705 3229 2763 3277 τὸ
2806 3225 3034 3287 θε).ητόν,
3086 3230 3247 3297 ἤγουν
3295 3230 3354 3279 τὸ
3406 3222 3711 3298 γνωστικὸνί
3742 3217 3807 3269 ιε)-

2258 3320 2347 3365 τοᾶ
2397 3313 2612 3385 θεἊημα·
2672 3311 2829 3372 δῆλον
2882 3316 2963 3367 ὃτι
3008 3322 3105 3376 τῆς
3155 3314 3480 3389 ἀνθρωπίνης
3508 3314 3653 3365 αὑτοῦ
3699 3307 3807 3362 Θελξ-

2263 3420 2390 3462 σεως
2438 3402 2682 3474 ἑπομένης
2736 3410 2798 3474 τῇ
2847 3404 2959 3475 θείᾳ
3007 3404 3167 3456 αὐτοῦ
3208 3404 3437 3469 θελήσει,
3488 3408 3574 3455 καὶ
3611 3402 3669 3454 τὰ
3709 3395 3809 3449 απ)τά

2263 3490 2511 3553 θελούσης
2558 3492 2619 3543 ἂν
2676 3494 2705 3550 ἠ
2766 3494 2878 3544 θεία
2933 3492 3093 3545 αὐτοῦ
3158 3492 3371 3554 θεὶησις
3428 3492 3639 3551 ἠθεἏησε
3685 3486 3806 3538 ϐίων

2260 3578 2440 3637 αὐτὴν,
2502 3584 2770 3632 Γνωστικὰ
2839 3586 3009 3634 τοίνυν
3078 3582 3338 3654 θελήματα
3402 3586 3492 3633 καὶ
3536 3574 3809 3632 ὑποστατικὰ

2259 3673 2349 3720 καὶ
2392 3672 2710 3744 προσωπικὰ
2754 3676 2844 3723 xui.
2892 3674 3250 3746 προαιρπικά,
3300 3674 3361 3724 τὸ
3412 3670 3536 3723 αὐτὸ
3579 3668 3633 3720 ἃν
3667 3669 3807 3723 εἴησαν

2258 3760 2589 3831 ὑποκείμενον
2625 3766 2845 3835 πρᾶγμα
2878 3765 3219 3832 σημαίνοντα.

2329 3844 2537 3901 Είδέναι
2578 3845 2660 3901 δεῖ
2700 3854 2881 3921 πείρας
2928 3849 3203 3921 φιλολόγου
3254 3854 3346 3902 καὶ
3400 3851 3695 3922 σαφεστέρας
3719 3844 3808 3893 ἀνα·

2257 3936 2573 4008 πληρωσεως
2627 3938 2875 4011 ῥημάτων
2930 3940 3113 4013 χάριν,
3169 3942 3238 3999 ὡς
3280 3942 3340 3990 τὸ
3394 3938 3585 4009 Θῐλημα
3613 3932 3803 4001 navigia

2257 4030 2349 4083 τὴν
2400 4025 2606 4083 Θέλησιν
2652 4022 2822 4090 δηλοῖ,
2857 4030 2975 4084 ἤτοι
3023 4032 3115 4085 τὴν
3168 4026 3439 4085 θελητικὴν
3487 4023 3707 4097 δύναμιν,
3742 4020 3808 4069 καὶ

2256 4114 2453 4186 λέγεται
2488 4116 2681 4187 θέλημα
2725 4120 2942 4187 φυσικόν
2976 4133 2988 4145 °
3030 4118 3153 4167 ποτε
3185 4113 3244 4168 δὲ
3274 4120 3332 4167 τὸ
3387 4116 3608 4180 Θιλητόν,
3638 4113 3713 4163 καὶ

496 4202 559 4259 id
590 4207 698 4267 est,
731 4202 811 4267 id,
846 4201 1004 4273 quod
1054 4202 1349 4267 volumus,
1379 4207 1435 4257 et
1478 4203 1686 4257 dicitur
1726 4202 1921 4275 θέλημα
1957 4224 2130 4277 γνωμι·

2269 4225 2401 4276 γεται
2456 4207 2652 4277 θελὴμα
2688 4212 2967 4278 γνωμικὸν.
3019 4206 3122 4260 Καὶ
3175 4208 3312 4259 κατὰ
3355 4210 3444 4259 τὸν
3478 4208 3603 4279 ἱερὸν
3632 4199 3684 4255 δι
3721 4198 3805 4252 Mai-

495 4296 604 4346 κόν.
636 4294 701 4347 Et
724 4297 962 4347 auctore
980 4296 1185 4346 sancto
1207 4290 1458 4346 Maximo
1485 4290 1678 4346 differt
1706 4291 1979 4347 voluntas
2005 4310 2149 4364 gno-

498 4380 656 4437 mica
683 4397 718 4436 a
748 4380 1050 4436 voluntate
1080 4379 1358 4444 naturali,
1387 4379 1530 4451 quia
1557 4379 1654 4434 illa
1684 4380 1928 4451 quidem
1958 4382 2147 4455 hypo-

499 4471 705 4526 statica
734 4475 789 4524 et
816 4468 1144 4541 personalis
1174 4472 1266 4524 est
1295 4473 1351 4523 et
1380 4469 1725 4524 nominatur
1750 4484 1763 4535 ;
1792 4469 1919 4524 haec
1946 4477 2145 4526 autem

495 4558 786 4615 naturalis
803 4559 1080 4615 voluntas
1106 4573 1223 4615 non
1248 4562 1358 4622 est,
1386 4573 1575 4631 neque
1598 4563 1843 4615 vocatur
1866 4558 2145 4631 hyposta-

2258 4294 2425 4367 ξιμον,
2490 4291 2721 4369 διαφέρει
2777 4294 2973 4367 θέλημα
3027 4299 3288 4367 γνωμικὸν
3360 4295 3640 4363 θελήματος
3688 4304 3809 4360 Wa-

2257 4391 2369 4447 κοῦ,
2416 4386 2495 4436 ὃτι
2525 4388 2583 4435 τὸ
2622 4388 2711 4456 μὲν
2761 4386 3109 4437 ὑποστατικόν
3157 4404 3212 4437 τε
3256 4390 3344 4436 καὶ
3395 4382 3708 4458 προσωπικόν
3743 4378 3810 4426 καὶ

2256 4476 2371 4525 ἔστι
2408 4477 2496 4525 καὶ
2539 4472 2869 4545 ὀνομάζεται,
2915 4476 2971 4525 τὸ
3020 4469 3079 4526 δι
3124 4477 3343 4545 φυσικὸν
3392 4474 3588 4543 θέλημα
3621 4468 3701 4521 οὐκ
3726 4467 3801 4516 ἔτι.

2260 4566 2361 4615 Καὶ
2415 4564 2493 4614 ἔτι
2540 4559 2793 4636 διαφέρει,
2853 4566 2932 4615 ὅτι
2980 4563 3008 4620 ἠ
3059 4566 3150 4634 μὴ
3200 4561 3375 4625 ἁπλῶς
3426 4567 3517 4615 καὶ
3563 4568 3624 4621 ῶς
3664 4558 3808 4625 ἓτνχτο

1832 4736 2069 4792 νΑΒιΑΞ
2107 4737 2507 4796 LECTIONES.

570 4856 589 4899 ί
618 4858 885 4914 Turrian.
920 4858 1060 4929 legit
1097 4864 1377 4932 γνωμικὸν,
1410 4860 1633 4932 optime

2062 4986 2289 5043 ΝΟΤιΕ.

570 5104 681 5177 (53)
694 5106 829 5161 Non
850 5108 1429 5176 patiturutalicujus
1448 5108 1749 5165 divisionis
1762 5109 1999 5176 ﬁctione
2014 5126 2148 5166 con-

499 5179 749 5255 tymetia
798 5178 849 5233 ei
885 5178 1203 5247 inferatur.
1239 5180 1348 5255 Οὐκ
1385 5179 1696 5255 ὀινεχομίνης
1743 5223 1763 5255 ζ
1792 5222 1812 5255 Δ.
1860 5223 1872 5236 .
1907 5190 2147 5255 μερισμῷ

496 5250 679 5323 ὑλικῆς
731 5256 1199 5323 τινος-,φαντασίας
1248 5250 1687 5323 καθυϐρίζεσθαι.
1747 5252 1808 5306 Id
1854 5250 1983 5308 esti
2020 5250 2148 5309 Not]

494 5321 718 5395 patitur
739 5325 812 5395 ut
842 5318 1091 5395 alicujus
1118 5321 1264 5377 ideae
1282 5318 1603 5378 materialis
1625 5323 1914 5379 divisione
1943 5330 2149 5381 contu-

492 5391 675 5451 inelia
706 5391 815 5447 sibi
856 5391 1156 5458 inferatur,

566 5465 683 5537 (54)
709 5462 953 5538 Ad_h_aac_
966 5462 1163 5538 _Photi_i
1207 5463 1386 5538 verba
1407 5463 1627 5538 adjecit
1649 5465 1852 5538 nescio
1877 5465 2011 5538 quis
2033 5466 2147 5523 hoc

494 5533 767 5593 Griecum
783 5533 1081 5602 Scholion,
1093 5533 1355 5593 Photium
1366 5533 1846 5594 contradictionis
1860 5533 2143 5610 arguens:

2260 5117 2373 5185 Πῶς
2421 5110 2621 5185 λέγεται
2678 5110 2895 5185 ἐνταῦθα
2925 5112 2996 5185 ,ἓν
3056 5116 3314 5185 γνωμικὸν
3368 5110 3455 5165 ἐπί
3494 5113 3711 5185 Χριστρῦ
3753 5104 3808 5153 δέ’

2259 5182 2412 5255 λημοιΔ
2446 5180 2715 5255 πολλαχοῦ
2767 5180 3014 5243 διαϐολὴν
3056 5180 3269 5255 ῗχοντος
3313 5192 3407 5236 τοῦ
3452 5180 3815 5255 παρεισοίγοντσς

2258 5250 2351 5311 τὴν
2384 5250 2540 5316 δόξαν
2570 5250 2765 5313 nam
2796 5273 2809 5322 ;
2843 5250 3141 5323 Quomodo
3186 5256 3276 5311 hic
3320 5250 3549 5311 dicitur
3590 5266 3695 5307 esse
3720 5258 3813 5323 um}
3870 5310 3871 5315 η

2258 5326 2544 5401 υοιιιηίαε
2576 5328 2850 5401 gnomica
2878 5327 2942 5382 in
2974 5327 3215 5401 Christo,
3247 5342 3379 5384 cum
3420 5327 3529 5401 qui
3560 5324 3699 5401 lianc
3716 5331 3814 5401 ρρι-

2255 5396 2492 5469 m'onem
2521 5396 2846 5469 introducit
2878 5399 3088 5469 passim
3116 5398 3415 5467 refutetur
3430 5396 3472 5453 ἰν
3502 5400 3565 5454 In
3586 5396 3689 5451 hoc
3714 5396 3815 5462 ipso

2257 5467 2477 5525 scilicet
2505 5474 2777 5528 tractatu.
2804 5467 3079 5527 Τυίιιιιιι.
