4140 6198
207 261 324 318 513

1266 254 1363 315 AD
1403 249 1958 316 AMPHILOCHIUM
2000 251 2324 327 QUI‘ESTIO
2367 263 2577 318 LXXX.

3483 265 3585 323 514

212 391 428 461 ἔχουσα
473 392 572 438 τῶν
619 386 757 437 κατὰ
817 386 971 455 φύσιν
1040 394 1368 437 συστατικῶν
1424 387 1556 458 ὁρμή
1616 404 1672 437 τε
1728 389 1822 436 καὶ

1965 385 2114 441 lcaet
2130 387 2480 458 personalis.
2503 387 2697 443 Diﬂert
2714 385 2936 454 adhuc,
2955 387 3116 460 quod
3138 389 3426 460 appetitio
3450 392 3592 449 sim-

213 480 415 550 ἔφεσις,
467 474 664 546 θελημά
711 471 824 525 ἔστι
869 479 1108 545 φυσικόν.
1155 473 1213 527 Ἠ
1265 471 1324 527 δὲ
1354 483 1452 526 τῶν
1483 474 1598 526 καθ’
1625 470 1821 532 ἡδονὴν

215 573 606 638 συνεργητικῶν
666 565 795 615 πόιὰ
859 568 950 615 καὶ
1017 559 1268 639 διάφορος
1336 568 1544 625 κίνησίς
1620 582 1672 616 τε
1733 567 1824 614 καὶ

211 654 401 728 ὄρεξις,
447 653 642 725 θέλημα
687 655 966 724 γνωμικὸν,
1024 654 1136 712 ἣτις
1173 657 1263 705 καὶ
1303 653 1350 704 ἐν
1395 652 1628 705 ἐπιτάσει
1665 651 1824 704 καλοῦ

212 763 273 796 τε
301 749 395 795 καὶ
445 749 537 794 τοῦ
585 745 658 814 μὴ
713 744 952 793 τοιούτου
1000 746 1333 811 γινώσκεται,
1359 746 1448 794 καὶ
1493 742 1586 794 οὐκ
1630 743 1826 793 ἔστιτὸ

212 837 470 904 πρότερον
517 834 893 903 σημαινόμενον
949 837 1042 882 τοῦ
1091 827 1335 906 δευτέρου
1383 831 1638 892 παντελῶς
1683 829 1828 882 αλλό-

214 940 385 993 τριον,
453 919 560 972 ἀλλ’
611 922 752 972 ἔστιν
805 919 982 981 αὐτοῖς
1034 921 1063 977 ἡ
1125 925 1365 972 κοινωνία
1424 920 1472 972 ἐν
1543 925 1830 981 ποσότητος

220 1007 459 1068 ἰδιότητι
496 1018 524 1063 8
556 1051 568 1064 .
613 1013 716 1062 Καὶ
759 1010 812 1061 ὃν
864 1012 1053 1084 τρόπον
1105 1015 1194 1062 καὶ
1236 1013 1292 1062 τὸ
1340 1014 1714 1083 σημαινόμενον
1740 1016 1830 1068 τῆς

217 1097 300 1151 ἐπ’
333 1097 606 1170 ἀνθρώπου
635 1095 1023 1170 λαμϐανομένης
1054 1099 1273 1169 φύσεως.

1932 473 2163 546 pliciter
2195 480 2250 530 et
2282 481 2578 549 utcunque
2619 492 2848 542 eorum,
2890 493 3028 548 qua;
3070 482 3208 533 sunt
3252 481 3388 531 κατὰ
3433 483 3589 552 φύσιν

1938 566 2252 630 συστατικὰ,
2284 564 2344 619 id
2382 571 2486 633 est,
2536 581 2672 636 quae
2712 565 2790 620 ad
2828 566 3309 622 constitutionem
3365 574 3592 625 natura:

1934 651 2249 723 pertinent,
2309 658 2365 708 et
2404 653 2530 709 sine
2557 653 2776 725 quibus
2806 659 3023 710 natura
3051 671 3172 712 non
3212 658 3495 725 consistit,
3538 663 3596 716 et

1937 738 2317 808 desiderium,
2386 741 2662 798 voluntas
2712 743 2999 799 naturalis
3053 749 3159 800 est.

1939 825 2137 886 ἡδονὴν
2163 833 2288 882 ποιὰ
2341 835 2431 883 καὶ
2485 828 2730 906 διάφορος
2780 836 3001 897 κίνησις,
3034 833 3095 889 id
3133 839 3243 900 est,
3300 841 3496 892 motus
3535 840 3593 892 et

1941 918 2240 989 appetitus
2271 920 2598 976 secundum
2631 921 2994 993 voluptatem
3034 939 3168 978 cum
3223 924 3506 996 qualitate
3539 929 3596 981 et

1941 1005 2272 1064 diversitate
2303 1016 2389 1065 est
2429 1010 2625 1082 θέλημα
2661 1012 2936 1083 γνωμικὸν,
2969 1027 3103 1084 quae
3134 1013 3406 1070 voluntas
3445 1029 3597 1085 gno-

1946 1095 2103 1151 mica
2129 1095 2187 1150 in
2229 1098 2420 1170 magis
2453 1099 2706 1170 pulchra
2740 1115 2822 1166 re,
2854 1105 2913 1156 et
2960 1101 3151 1170 magis
3180 1117 3300 1158 non
3328 1103 3593 1174 pulchra,

217 1184 614 1256 dignoscitur,
643 1191 697 1242 et
723 1201 845 1241 non
885 1190 975 1242 est
1003 1186 1170 1258 prius
1203 1185 1602 1255 signiﬁcatum
1651 1185 1730 1240 ab
1770 1184 1882 1240 hoc
1911 1187 2172 1240 secundo
2202 1188 2438 1258 penitus
2483 1188 2764 1255 alienum,
2793 1189 2937 1260 quin
2983 1191 3180 1261 potius
3218 1193 3598 1248 communio-

219 1291 365 1331 nem
413 1275 627 1332 habent
673 1275 734 1330 in
772 1274 1127 1348 proprietate
1174 1275 1543 1346 quantitatis,
1575 1279 1631 1330 et
1673 1271 1995 1346 qualitatis,
2042 1273 2196 1330 sicut
2244 1275 2640 1346 signiﬁcatum
2689 1279 2932 1334 nomine
2976 1283 3207 1336 naturae
3253 1281 3314 1336 in
3353 1281 3597 1338 homine

222 1367 508 1435 acceptae,

299 1458 405 1507 Καὶ
460 1455 562 1526 γὰρ
616 1449 791 1506 διττόν
838 1451 1062 1506 ἐνταῦθα
1124 1455 1183 1506 τὸ
1234 1461 1323 1514 τῆς
1378 1455 1600 1526 φύσεως,
1647 1454 1706 1504 τὸ
1745 1454 1834 1524 μὲν

222 1543 406 1604 ἁπλῶς
465 1547 556 1594 καὶ
601 1542 821 1595 καθόλου
873 1550 1126 1616 σημαῖνον
1175 1543 1392 1596 ἕκαστον
1442 1550 1542 1595 τῶν
1598 1543 1698 1594 ὑπὸ
1751 1543 1836 1593 τόν

2021 1453 2246 1525 Duplex
2294 1454 2451 1510 enim
2496 1459 2587 1512 est
2617 1455 3016 1525 signiﬁcatum
3061 1458 3304 1515 nomine
3345 1463 3595 1526 naturae,

1945 1539 2196 1596 alterum
2241 1543 2486 1614 quidem
2519 1543 2868 1616 simpliciter
2897 1550 2952 1601 et
2994 1546 3267 1602 universe
3301 1547 3600 1617 signiﬁca-

222 1634 499 1707 ἄνθρωπον
539 1631 815 1685 τελούντων
858 1631 1083 1705 ἀτόμων,
1133 1635 1192 1685 τὸ
1239 1628 1299 1684 δὲ
1352 1632 1458 1703 οὐχ
1502 1631 1675 1690 ἁπλῶς
1713 1627 1836 1682 οὐδὲ

1965 1645 2094 1695 ,um,
2135 1632 2607 1705 unumquodque
2633 1633 3007 1689 individuum
3050 1651 3123 1690 ex
3162 1636 3251 1702 iis,
3287 1651 3424 1708 qum
3463 1641 3600 1692 sunt

222 1725 317 1775 τὸν
366 1721 480 1774 ὅλον
528 1730 623 1783 τῆς
681 1720 912 1794 ἐμφύτου
964 1717 1234 1794 δυνάμεως
1296 1724 1428 1794 πρὸς
1484 1723 1579 1782 τὰς
1625 1719 1840 1794 πράξεις

224 1810 608 1881 ἐνισχυούσης,
657 1809 774 1862 καθ’
826 1809 879 1861 ὃν
931 1815 1020 1862 καὶ
1092 1814 1148 1862 τὸ
1210 1812 1460 1882 σύστημα
1521 1805 1684 1861 τῶνδε
1738 1816 1838 1860 τῶν

228 1899 539 1974 ἂνθρωπων,
597 1903 652 1951 τό
700 1902 790 1972 μὲν
836 1906 1143 1974 γεωμετρεῖν
1195 1903 1387 1972 πέφυκε
1431 1898 1640 1972 μᾶλλον,
1673 1901 1730 1950 τὸ
1781 1894 1840 1949 6“:

224 1995 464 2062 μουσικῇ
519 1987 779 2041 τελεῖσθαι
831 1985 1268 2061 ἐπιτηδειότερον,
1323 1989 1352 2047 ἢ
1386 1989 1436 2040 οἱ
1481 1991 1570 2060 μὲν
1608 1991 1840 2062 πραότη-

227 2098 341 2144 τος,
371 2079 421 2130 οἱ
450 2073 506 2130 δὲ
539 2080 882 2151 σωφροσύνης
903 2076 1094 2150 μᾶλλον
1119 2075 1333 2151 ἐργάται
1353 2080 1712 2150 γνωρίζονται.

307 2349 544 2418 Διαφέρει
604 2345 694 2417 μὲν
757 2342 845 2396 οὖν
911 2350 1002 2395 τοῦ
1059 2348 1283 2414 φυσικοῦ
1351 2341 1630 2414 θελήματος
1694 2340 1844 2412 λογι-

239 2442 404 2508 σμοῖς
469 2438 717 2506 γενναίοις
764 2434 793 2491 ἡ
848 2437 1173 2506 προαίρεσις,
1251 2433 1381 2484 καθὸ
1443 2433 1469 2490 ὃ
1530 2433 1620 2503 μὲν
1687 2429 1846 2505 ὄρεξίς

233 2524 354 2577 έστι
379 2522 692 2596 βουλευτικὴ
726 2529 826 2575 τῶν
861 2521 935 2594 ἐφ’
959 2523 1104 2594 ἡμῖν,
1149 2526 1240 2573 καὶ
1268 2523 1344 2573 ἔτι
1381 2522 1511 2573 καθὸ
1544 2523 1602 2572 1'6
1642 2521 1731 2592 μὲν
1755 2540 1845 2592 φυ-

238 2615 389 2667 σικὸν
435 2612 633 2685 θέλημα
669 2617 822 2684 μόνον
877 2612 1104 2683 ἧρτητάι
1153 2619 1254 2663 τῶν
1303 2617 1556 2682 φυσικῶν,
1589 2610 1618 2668 ἡ
1651 2605 1708 2662 δὲ
1756 2613 1848 2682 μό-

233 2723 321 2756 νον
367 2710 468 2755 τῶν
512 2700 587 2774 ἐφ’
618 2703 784 2772 ἡμῶν.
829 2699 916 2753 Ἓν
965 2696 1024 2753 δὲ
1073 2699 1270 2773 θέλημά
1313 2719 1445 2772 φησι
1479 2706 1571 2751 τοῦ
1613 2705 1846 2771 Χριστοῦ

236 2795 462 2865 φυσικὸν
514 2790 543 2849 ἦ
596 2792 958 2864 προαιρετικὸν
1011 2797 1208 2864 φρονεῖν
1258 2789 1288 2848 ἦ
1345 2787 1509 2861 λέγειν
1553 2784 1729 2850 οὐδεὶς
1783 2787 1849 2840 εἰ-

235 2889 356 2934 πεῖν
408 2888 508 2932 τῶν
587 2883 826 2952 Πατέρων
884 2876 1186 2951 ἐτόλμησεν,
1255 2877 1456 2938 ἀληθῶς
1516 2873 1708 2937 εἰδότες
1769 2879 1848 2929 ὅτι

236 2980 344 3024 τῶν
393 2968 471 3022 ἐπ’
520 2969 674 3042 ἄμφω
729 2971 1040 3040 κινουμένων
1082 2966 1224 3020 ἐστὶν
1271 2969 1300 3026 ἡ
1351 2970 1670 3040 προαίρεσις,
1719 2965 1848 3037 λέγω

241 3058 304 3114 δὲ
353 3058 437 3111 ἐπί
492 3077 546 3110 τε
601 3060 666 3110 τὰ
711 3057 843 3109 καλὰ
893 3061 982 3108 καὶ
1050 3055 1136 3108 ἐπὶ
1191 3059 1254 3108 τὰ
1303 3055 1490 3128 φαῦλα,
1539 3057 1660 3128 ὅπερ
1713 3054 1850 3107 ἐστὶν

240 3149 330 3202 ἐπὶ
399 3154 635 3222 Χριστοῦ
699 3150 789 3198 καὶ
855 3151 983 3199 νοεῖν
1059 3149 1150 3198 καὶ
1211 3143 1374 3217 λέγειν
1431 3151 1526 3205 τῆς
1586 3143 1745 3217 ὀρθῆς
1782 3144 1851 3196 ἐν·

241 3236 511 3312 δεέστερον
550 3240 789 3310 κρίσεως.

317 3422 434 3470 Ἐτι
475 3411 535 3468 δὲ
569 3414 614 3467 εἰ
661 3415 800 3467 ἔστιν
831 3414 1183 3466 ύποστατικὸν
1223 3411 1420 3485 θελημα
1461 3409 1547 3464 ἐπὶ
1594 3419 1855 3485 Χριστοῦ,

245 3503 446 3560 διοίσει
480 3505 684 3565 πάντως
714 3511 813 3555 τῶν
881 3500 953 3575 ἐφ’
989 3501 1212 3555 ἑκάστου
1267 3510 1368 3553 τῶν
1420 3498 1702 3575 ἀνθρώπων
1738 3503 1857 3553 θεω-

243 3597 510 3669 ρουμένων
564 3598 840 3664 γνωμικῶν
896 3589 1194 3663 θελημάτων
1261 3586 1456 3641 διοίσει
1501 3585 1560 3641 δὲ
1607 3591 1856 3652 ὡσαύτως

243 3688 339 3736 καὶ
379 3689 472 3735 τοῦ
512 3685 560 3734 ἐν
601 3685 768 3756 Πατρὶ
802 3684 891 3733 καὶ
927 3682 1189 3752 Πνεύματι
1242 3680 1589 3752 θεωρουμένου
1639 3678 1856 3752 θελήμα-

245 3793 354 3834 τος.
395 3775 460 3825 Τί
488 3767 575 3823 οὖν
607 3769 746 3823 έστιν
778 3769 803 3821 ὃ
833 3775 903 3841 μή
950 3789 1004 3822 τε
1056 3770 1375 3840 ἀνθρώπινόν
1421 3766 1532 3819 ἐστι
1573 3771 1854 3840 γνωμικὸν,

243 3867 382 3936 μήτε
420 3860 549 3922 ὅλως
600 3861 770 3912 θεῐκὸν
823 3858 1037 3931 θέλημα.
1073 3858 1148 3910 Ού
1179 3859 1278 3930 γὰρ
1329 3853 1395 3914 δή
1429 3875 1507 3913 τις
1539 3858 1780 3909 σύνθετόν
1807 3876 1858 3909 τι

245 3952 376 4026 ἐρεῖ,
435 3951 516 4002 ὅτι
572 3944 703 4021 μηδ’
763 3949 902 4000 ἔστιν
951 3946 1227 4006 ἐπινοῆσαι
1266 3945 1552 4018 θελήματος
1596 3946 1854 4010 σύνθεσιν,

245 4042 426 4113 ὥσπερ
459 4039 752 4090 ὑπόστασιν
775 4037 898 4110 όρᾴν
928 4035 1041 4090 ἐστι
1073 4037 1336 4090 σύνθετον.

323 4213 469 4270 Ούδέ
506 4235 586 4278 τις
621 4214 760 4287 λέγοι
803 4215 874 4276 ὡς
925 4215 949 4266 ὁ
997 4212 1147 4285 λόγος
1198 4209 1348 4274 οὗτος
1399 4207 1515 4264 οὐδ’
1553 4211 1715 4264 ἄλλων
1745 4213 1862 4265 τινὰ

247 4315 353 4360 τῶν
404 4304 687 4380 ἀνθρώπων
740 4303 802 4374 ἐᾷ
861 4305 1122 4375 γνωμικὸν
1193 4303 1333 4373 ἔχειν
1403 4299 1619 4372 θέλημα.
1695 4299 1862 4353 Ἀπαν

1947 1717 2060 1772 sub
2090 1717 2354 1783 homine,
2391 1719 2642 1775 alterum
2675 1736 2795 1776 non
2828 1721 2937 1778 hoc
2971 1724 3215 1778 nomine
3244 1724 3502 1779 hominis
3528 1725 3602 1778 si-

1949 1805 2295 1875 gniﬁcatum
2329 1808 2684 1880 simpliciter,
2717 1825 2912 1882 neque
2940 1815 3149 1880 totum,
3182 1813 3345 1884 quod
3374 1818 3463 1869 est
3489 1813 3601 1868 vir-

1949 1895 2084 1950 tutis
2106 1903 2316 1952 natura
2347 1897 2694 1953 hominibus
2721 1899 2907 1956 insitae
2933 1900 3012 1956 ad
3037 1899 3298 1957 actiones
3327 1919 3342 1966 ;
3376 1917 3494 1973 quo
3527 1901 3601 1956 si-

1949 1984 2230 2055 gniﬁcato
2269 1985 2526 2042 dicimus
2572 1987 2684 2042 hos
2714 1987 2987 2043 homines
3036 2005 3163 2045 esse
3195 1989 3386 2061 magis
3428 1996 3602 2062 aptos

1951 2079 2165 2130 natura
2203 2073 2280 2129 ad
2327 2075 2665 2144 geometriae
2697 2077 2984 2148 studium,
3019 2077 3167 2134 alios
3215 2079 3294 2134 ad
3334 2079 3600 2135 studium

1950 2162 2216 2228 musicae,
2241 2162 2392 2218 alios
2423 2163 2501 2220 ad
2533 2166 3078 2232 mansuetudinem,
3112 2166 3243 2222 illos
3271 2167 3350 2223 ad
3368 2167 3602 2225 castita-

1951 2257 2088 2307 tem.

2026 2339 2224 2396 Differt
2248 2340 2426 2412 igitur
2451 2357 2487 2398 a
2515 2341 2820 2399 voluntate
2850 2345 3108 2401 naturali
3145 2345 3603 2415 cogitationibus

1954 2431 2256 2503 generosis
2270 2429 2545 2486 voluntas
2567 2431 2773 2498 libera,
2793 2441 3090 2505 quatenus
3116 2437 3243 2490 haec
3267 2439 3357 2490 est
3378 2436 3600 2506 appeti-

1955 2526 2048 2577 tus
2070 2519 2410 2576 consultans
2438 2520 2511 2575 de
2542 2520 2630 2587 iis,
2663 2537 2797 2594 quia
2826 2530 2965 2578 sunt
2983 2523 3042 2578 in
3070 2528 3272 2580 nostra
3293 2527 3600 2596 potestate,

1956 2613 2319 2682 etquatenus
2333 2607 2617 2664 naturalis
2631 2610 2906 2665 voluntas
2921 2611 3220 2683 pendetex
3232 2611 3605 2668 naturalibus

1956 2703 2189 2754 tantum
2206 2715 2220 2764 ;
2235 2697 2364 2753 haec
2377 2701 2566 2753 autem
2582 2697 2850 2755 liberaex
2865 2699 3184 2766 iistantum,
3200 2717 3332 2774 quae
3345 2706 3484 2756 sunt
3507 2717 3605 2772 pe-

1956 2803 2063 2843 nes
2075 2802 2204 2842 nos.
2223 2785 2410 2841 Unam
2427 2790 2624 2841 autem
2640 2791 2916 2843 naturam
2934 2789 2991 2842 in
3006 2789 3238 2844 Christo
3252 2790 3604 2853 naturalem.

1960 2881 2061 2932 tua
2077 2879 2467 2950 προαιρετικὴν,
2502 2875 2561 2929 id
2588 2881 2693 2940 est,
2711 2875 3026 2932 electivam
3045 2877 3260 2932 sentire
3277 2882 3376 2933 aut
3394 2878 3606 2946 dicere,

1960 2963 2177 3027 nullus,
2213 2962 2403 3034 inquit
2434 2965 2564 3031 (55),
2599 2977 2669 3018 ex
2701 2965 2921 3019 sanctis
2968 2965 3236 3020 Patribus
3263 2982 3444 3021 ausus
3497 2971 3606 3020 est.

1962 3051 2408 3108 Sciebantenim
2429 3050 2778 3107 electionem
2797 3068 2924 3108 esse
2938 3069 3168 3118 eorum,
3187 3054 3289 3125 qui
3306 3053 3368 3109 in
3393 3058 3611 3110 utram-

1961 3157 2078 3214 que
2117 3143 2347 3212 partem
2380 3144 2718 3206 moventur,
2771 3141 2849 3196 ad
2899 3140 3076 3206 bona,
3127 3141 3398 3215 inquam,
3440 3147 3496 3199 et
3532 3143 3612 3199 ad

1965 3245 2167 3302 prava,
2191 3229 2352 3301 quod
2374 3228 2621 3300 quidem
2651 3229 2974 3300 intelligere
3001 3236 3057 3287 et
3077 3229 3274 3288 dicere
3300 3233 3358 3288 in
3383 3231 3611 3289 Christo

1965 3335 2002 3376 a
2031 3323 2188 3375 recto
2215 3317 2440 3389 judicio
2469 3317 2787 3374 declinant.

2037 3408 2312 3463 Praeterea
2342 3406 2388 3461 si
2420 3413 2506 3462 est
2544 3407 2602 3462 in
2643 3408 2870 3464 Christo
2900 3408 3279 3481 hypostatica
3315 3410 3609 3481 voluntas,

1965 3497 2195 3554 differet
2241 3496 2489 3552 omnino
2538 3513 2573 3553 a
2603 3497 3005 3555 voluntatibus
3039 3501 3354 3570 gnomicis,
3386 3518 3522 3574 quae
3553 3502 3615 3557 in

1968 3602 2334 3659 unoquoque
2359 3585 2600 3642 homine
2633 3593 2994 3660 spectantur.
3023 3588 3256 3645 Ditferet
3285 3590 3554 3646 similiter
3581 3606 3618 3646 a

1964 3677 2267 3733 voluntate
2300 3677 2481 3731 Patris
2523 3681 2580 3732 et
2610 3677 2858 3750 Spiritus
2889 3678 3096 3733 sancti.
3137 3681 3278 3744 Quae
3317 3680 3493 3748 igitur
3531 3683 3619 3735 est

1968 3765 2260 3831 voluntas,
2308 3781 2443 3838 quae
2486 3781 2596 3820 nec
2625 3766 2890 3822 humana
2919 3772 3174 3840 γνωμικὴ,
3218 3784 3325 3824 nec
3372 3770 3617 3825 omnino

1967 3854 2174 3910 divina
2189 3853 2462 3909 voluntas
2484 3854 2513 3910 ‘I
2534 3857 2662 3910 Non
2683 3854 2837 3910 dicet
2859 3855 3012 3910 ullus
3038 3872 3168 3912 com
3181 3858 3436 3927 positam
3463 3874 3613 3924 esse,

1967 3943 2110 4016 quia
2137 3958 2246 3998 nec
2278 3943 2596 4012 excogitari
2640 3948 2834 4014 potest
2882 3945 3232 4017 compositio
3274 3947 3617 4016 voluntatis,

1968 4033 2122 4088 sicut
2171 4047 2495 4104 possumus
2542 4034 2945 4105 compositam
2994 4034 3371 4107 hypostasim
3417 4036 3623 4091 intelli-

1969 4137 2125 4192 gere.

2043 4210 2098 4266 Si
2137 4207 2272 4280 quis
2312 4224 2453 4264 vero
2504 4207 2683 4275 dicat,
2731 4209 2780 4264 si
2816 4209 2896 4265 ita
2934 4215 3040 4277 est,
3101 4215 3165 4267 ut
3195 4210 3475 4280 dicimus,
3511 4225 3620 4266 nec

1971 4299 2126 4354 ullus
2187 4297 2373 4353 homo
2432 4297 2585 4354 alius
2653 4297 3012 4354 voluntatem
3080 4299 3262 4355 habet
3335 4304 3620 4372 γνωμικὴν,

247 4397 354 4471 γὰρ
408 4370 666 4466 γνωμικὸν
707 4370 839 4453 τινος
868 4370 1107 4464 θέλημα,
1146 4370 1321 4443 οὐδενὶ
1368 4397 1468 4441 τῶν
1513 4387 1562 4440 ἐν
1601 4396 1706 4449 τοῖς
1748 4391 1846 4441 καθ

1973 4387 2166 4444 omnis
2194 4387 2349 4443 enim
2383 4386 2659 4443 voluntas
2689 4387 2942 4458 alicujus
2971 4388 3263 4458 gnomicte
3294 4370 3625 4444 cuminulla

250 4485 457 4537 ἕκαστα
504 4491 746 4555 γνωμικῷ
799 4480 1050 4554 θελήματι
1096 4481 1473 4555 θεωρουμένων,
1515 4477 1702 4530 ταύτόν
1733 4480 1863 4542 ἐστι,

251 4572 385 4626 ἀλλὰ
457 4572 665 4634 πάντως
714 4571 882 4644 ἕτερον
914 4588 926 4602 ·
962 4571 1028 4630 ὥς
1082 4588 1137 4621 τε
1188 4567 1283 4620 κᾶν
1372 4570 1448 4626 εἵη
1528 4565 1864 4640 ἀνθρώπινον,

252 4657 542 4736 μηδενὸςιι
570 4669 670 4712 τῶν
718 4661 818 4712 ὑπὸ
869 4661 955 4712 τὸν
1001 4659 1270 4730 ἄνθρωπον
1314 4653 1518 4728 ἀτόμων
1561 4658 1630 4718 ὡς
1675 4654 1870 4729 ἀνθρὼ-

252 4772 337 4822 πῳ
396 4749 777 4822 ἁρμοζόμενον.
835 4747 895 4800 Εἰ
942 4749 1044 4821 γὰρ
1091 4743 1152 4805 ἦν
1200 4750 1390 4817 κυρίως
1441 4749 1544 4796 τινὶ
1596 4752 1693 4796 τῶν
1751 4745 1866 4796 καθ’

254 4842 458 4893 ἕκαστα
512 4842 571 4890 τό
643 4840 904 4910 γνωμικὸν
961 4836 1159 4907 θέλημα
1212 4833 1527 4906 ἀνθρώπινον
1586 4831 1646 4884 ἄν
1706 4834 1871 4904 ὑπῆρ-

253 4949 376 5004 χεν,
428 4927 540 4981 Ούκ
593 4930 666 4981 ἔτι
715 4923 774 4979 δι
828 4924 1166 4999 ἀνθρώπινον,
1198 4920 1340 4977 διότι
1369 4926 1482 4976 οὔτε
1512 4924 1537 4975 ό
1577 4923 1870 4996 Σωκράτης,

256 5022 379 5072 οῦτε
427 5018 454 5070 ὁ
482 5021 696 5093 Πέτρος,
751 5016 868 5070 οῦτε
923 5033 1000 5076 τις
1055 5013 1207 5076 ἄλλος
1253 5014 1384 5066 καθὸ
1419 5016 1637 5085 πέφυκεν
1676 5011 1873 5085 ἄνθρω-

1975 4492 2179 4532 earum
2214 4475 2625 4544 gnomicarum
2667 4475 3058 4541 voluntatum,
3101 4492 3236 4548 quae
3277 4477 3337 4531 in
3377 4476 3625 4546 singulis

1975 4563 2297 4621 individuis
2319 4563 2710 4634 reperiuntur,
2735 4563 2944 4618 eadem
2961 4569 3066 4628 est,
3083 4565 3184 4619 sed
3199 4565 3448 4620 omnino
3477 4565 3624 4633 alia;

1977 4668 2163 4726 quare
2206 4668 2314 4707 nec
2361 4652 2467 4706 erit
2507 4652 2794 4718 humana,
2830 4651 2973 4724 quia
3004 4653 3149 4708 nulli
3174 4653 3487 4710 individuo
3525 4669 3628 4711 na-

1978 4748 2124 4798 turae
2143 4741 2450 4806 humanae,
2480 4745 2766 4813 tanquam
2786 4740 3031 4808 homini,
3060 4743 3358 4807 convenit,
3388 4743 3436 4797 si
3466 4743 3626 4798 enim

1981 4830 2156 4888 alicui
2196 4829 2480 4902 singulari
2526 4830 2764 4902 proprie
2814 4835 2972 4886 esset
3021 4831 3294 4887 voluntas
3326 4832 3623 4902 gnomica,

1980 4919 2252 4975 humana
2282 4916 2484 4988 utique
2534 4921 2691 4973 esset
2723 4933 2736 4979 ;
2767 4922 2827 4973 at
2864 4933 2986 4973 non
3031 4923 3118 4974 est
3156 4917 3445 4985 humana,
3487 4918 3630 4991 quia

1981 5022 2176 5078 neque
2209 5006 2500 5074 Socrates,
2520 5020 2716 5078 neque
2735 5004 2963 5078 Petrus,
2989 5021 3102 5062 nec
3125 5005 3278 5063 alius
3302 5007 3455 5080 quis,
3485 5022 3634 5081 qua-

1618 5178 1848 5235 VABLE
1890 5175 2291 5235 LECTIONES.

330 5334 363 5378 κ
394 5335 474 5379 an
505 5319 622 5374 καθ’
649 5321 703 5373 ὃν
740 5321 928 5397 τρόπον
950 5319 980 5376 ?
999 5316 1034 5362 h
1054 5317 1068 5362 1
1091 5313 1284 5393 μηδενὶ
1309 5324 1430 5372 τῶν.

1857 5447 2078 5505 ΝΟΤΑΕ.

335 5554 450 5630 (55)
481 5555 560 5611 De
587 5554 642 5611 S.
666 5552 922 5610 Maximo
951 5550 1234 5626 loquitur.

555 5661 794 5719 ΡΑτειοι..
837 5658 943 5718 Gn.
985 5659 1053 5717 CI
1066 5698 1081 5719 .

3283 5653 3347 5713 17

3230 746 3286 801 Ἡ
3338 755 3436 799 τῶν
3488 749 3589 800 καθ
3666 791 3676 808 ,
