4140 6198
545 213 648 270 ὖίὸ

1764 212 2003 268 PHOTII
2045 201 2531 267 PATHIRRCHE
2571 212 2682 270 LP.

3807 221 3923 278 518

544 345 714 394 tenus
729 337 913 392 homo
935 340 1041 401 est,
1062 334 1283 391 habent
1302 335 1670 393 voluntatem
1695 338 2062 408 gnomicam,
2088 343 2180 391 aut

2301 355 2391 396 πος
2443 342 2702 410 γνωμικὸν
2753 337 2948 411 θεῦιημα
2997 341 3130 410 ἔχει,
3173 338 3200 396 ἦ
3238 337 3652 412 σοφισματώδης
3696 346 3722 396 ὁ
3761 344 3923 417 λόγος

542 427 723 483 fallax
745 432 830 480 est
846 427 1016 491 ratio,
1033 441 1166 497 quae
1183 423 1489 495 distinguit
1507 426 1880 482 individuum
1916 426 2185 496 ejusdem

541 519 768 571 natura:
794 514 871 569 ab
903 513 1030 568 aliis
1057 513 1393 578 individuis,
1427 518 1484 568 et
1513 514 1654 585 quia
1686 514 2039 570 conﬁtemur
2067 530 2186 568 non

541 620 672 660 esse
698 603 858 659 hunc
881 619 1020 658 cum
1051 601 1169 658 ullo
1192 601 1498 658 individuo
1529 619 1596 658 ex
1626 603 1755 658 aliis
1773 603 2049 658 eumdem
2080 603 2188 674 hy-

541 694 758 766 potasi,
788 709 895 748 nec
921 691 1049 748 aliis
1071 691 1562 763 proprietatibus:
1591 691 1811 748 idcirco
1837 707 1943 747 nos
1968 709 2002 747 a
2028 707 2187 746 com-

542 784 708 840 muni
740 789 953 840 natura
1001 797 1307 837 removere
1350 797 1506 853 eum,
1541 788 1597 837 et
1639 783 2005 838 voluntatem
2053 781 2184 854 ejus

541 873 884 944 gnomicam
917 887 1036 927 non
1067 870 1261 926 dicere
1290 870 1620 926 humanam
1667 887 1798 927 esse
1831 889 1844 926 :
1876 871 2000 927 haec
2027 873 2185 926 enim

540 963 806 1034 captiosa
834 961 981 1018 ratio
1001 959 1202 1015 multis
1231 960 1601 1029 argumentis
1629 966 1901 1016 naturam
1920 976 2186 1015 commu-

539 1067 676 1106 nem
693 1049 993 1121 separabit
1013 1063 1047 1103 a
1070 1047 1490 1116 singularibus,
1519 1063 1653 1119 quae
1682 1047 1795 1102 sub
1822 1064 1891 1103 ea
1913 1054 2047 1102 sunt
2074 1047 2186 1101 hac

541 1139 923 1211 adjunctione
937 1136 1384 1208 verbiqualenus
1396 1137 1636 1192 homini.
1660 1137 2043 1202 Quamobrem
2065 1150 2183 1190 non

538 1236 624 1284 est
674 1226 866 1282 simile
917 1225 1080 1298 quod
1112 1225 1384 1290 dicimus,
1421 1241 1539 1280 non
1568 1243 1695 1281 esse
1751 1224 2088 1296 ponendam
2125 1225 2182 1278 in

539 1317 770 1374 Christo
798 1316 1170 1373 voluntatem
1199 1316 1543 1384 gnomicam
1575 1316 1710 1385 (56).
1745 1315 1806 1369 In
1840 1314 2186 1370 hominibus

537 1405 716 1472 enim,
750 1405 852 1477 qui
873 1420 1058 1458 unum
1090 1419 1162 1458 ex
1193 1403 1590 1474 singularibus
1623 1403 2001 1475 sumpsitpro
2028 1407 2186 1457 certo

533 1494 759 1551 habere
790 1493 1151 1550 voluntatem
1199 1493 1561 1561 gnomicam,
1591 1493 1733 1565 quia
1763 1491 1959 1548 differt
1987 1507 2020 1546 a
2051 1490 2188 1546 reli-

534 1585 669 1658 quis
682 1582 1088 1640 voluntatibus
1101 1582 1395 1651 gnomicis
1414 1598 1632 1652 eorum,
1651 1580 1751 1653 qui
1765 1587 1899 1636 sunt
1913 1581 2186 1652 ejusdem

535 1678 781 1738 naturae,
811 1677 1088 1727 naturam
1127 1686 1508 1726 communem
1540 1670 1874 1733 defraudat,
1906 1669 2069 1741 quod
2101 1674 2180 1723 est

2295 1677 2470 1732 κοινὴν
2521 1677 2675 1746 φύσιν
2727 1679 3127 1750 παραγράφεται
3177 1693 3189 1706 ⁸

535 1762 894 1832 captiosum,
924 1765 978 1815 et
1015 1759 1314 1815 concludit
1361 1759 1523 1830 quod
1576 1774 1694 1813 non
1744 1765 1832 1814 est
1884 1763 2187 1814 consecta-

534 1850 714 1906 rium.
743 1851 804 1904 In
847 1849 1072 1904 Christo
1117 1856 1314 1904 autem
1370 1847 1624 1902 Domino
1674 1853 1876 1902 nostro
1921 1848 2183 1918 primum

533 1939 778 2013 quidem
809 1938 1160 2010 quaerimus,
1192 1953 1267 1992 an
1299 1936 1546 1992 omnino
1583 1937 1906 1991 dicendum
1939 1935 2012 1990 sit
2053 1952 2184 1992 esse

532 2030 593 2085 in
624 2045 694 2085 eo
725 2028 1092 2084 voluntatem
1138 2026 1505 2096 gnomicam,
1535 2032 1590 2082 et
1621 2041 1740 2081 non
1789 2026 1921 2081 licet
1973 2026 2181 2081 intelli-

533 2133 669 2189 gere
696 2118 1055 2190 hypostases
1079 2121 1365 2185 cognatas
1393 2114 1505 2170 sub
1527 2113 1770 2170 nomine
1801 2113 2014 2170 Christi
2041 2131 2184 2170 con-

531 2212 744 2264 tentas.

602 2298 900 2356 Praeterea
916 2295 976 2351 in
993 2293 1337 2350 hominibus
1359 2293 1492 2349 licet
1511 2293 1758 2365 quidem
1782 2293 1991 2361 dicere,
2017 2294 2179 2366 quod

529 2387 814 2443 voluntas
843 2385 1142 2455 gnomica,
1173 2400 1307 2456 quas
1335 2388 1421 2439 est
1451 2385 1510 2438 in
1534 2383 1639 2449 eis,
1658 2389 1954 2456 quatenus
1983 2400 2179 2456 perso-

528 2477 621 2532 nis
652 2474 1036 2544 distinguitur
1090 2489 1159 2528 ac
1186 2479 1513 2544 separatur,
1549 2489 1667 2528 non
1701 2480 1786 2528 est
1828 2472 1943 2528 alia
1970 2473 2179 2528 eadem

531 2580 667 2619 cum
687 2563 822 2629 alia,
855 2569 1148 2634 quatenus
1171 2577 1309 2616 vero
1338 2562 1396 2616 in
1424 2578 1606 2616 unam
1635 2567 1908 2617 naturam
1931 2561 2182 2616 includi-

529 2660 643 2720 tur,
669 2653 814 2709 nihil
846 2652 1116 2724 prohibet
1141 2652 1336 2707 dicere
1362 2659 1417 2707 et
1446 2651 1776 2707 humanam
1811 2652 2178 2707 voluntatem

529 2751 586 2801 et
627 2745 903 2799 eamdem
953 2757 1080 2798 esse
1116 2759 1128 2796 :
1164 2742 1222 2796 in
1255 2741 1480 2797 Christo
1512 2748 1712 2796 autem
1763 2757 1939 2797 nemo
1984 2747 2180 2813 potest

528 2832 794 2888 similiter
817 2831 1031 2896 dicere,
1061 2846 1182 2886 non
1205 2831 1361 2886 enim
1384 2846 1705 2902 pOssumus
1727 2847 1909 2885 unum
1930 2831 2075 2902 quid
2096 2833 2179 2887 in-

528 2922 803 2994 telligere,
840 2923 898 2976 in
931 2920 1156 2976 Christo
1189 2920 1322 2974 duae
1372 2919 1664 2990 siquidem
1713 2926 1935 2975 natura:
1968 2922 2180 2976 consti-

2301 425 2325 475 6
2358 429 2414 477 τὸ
2459 428 2674 498 ὁμοφυες
2705 430 2897 500 οἰτομον
2943 436 3041 480 τῶν
3095 427 3256 479 ἄλλων
3288 429 3406 480 καθ’
3436 430 3633 483 ἕκαστα
3667 429 3918 488 διαστέλ·

2299 512 2416 567 λων.
2484 521 2577 567 Καὶ
2626 515 2679 567 ἐκ
2732 526 2820 569 τοῦ
2888 517 3249 587 συνομολογεῖν
3319 515 3508 589 μηδενὶ
3580 529 3680 572 τῶν
3747 524 3920 575 ἄλλων

2300 601 2504 674 ἀτόμων
2552 606 2738 657 ταύτὸν
2793 603 2920 658 εἶναι
2964 614 3026 678 τῇ
3078 608 3366 658 ὑποστάσει
3406 603 3547 680 μηδὲ
3590 618 3696 672 τοῖς
3738 612 3921 675 ἄλλοις

2301 689 2556 763 ὶδιωμασι
2607 698 2694 746 τὸν
2747 700 3096 770 προκείμενον.
3137 695 3224 747 Ἐκ
3255 698 3442 747 τούτου
3507 703 3596 750 καὶ
3655 708 3752 762 τῆς
3805 722 3923 754 κοι.

2297 783 2432 843 νῆςὶ
2479 782 2645 834 αὐτῶν
2693 783 2996 859 ἀποστερεῖν
3045 788 3267 857 φύσεως,
3321 790 3407 838 καὶ
3441 790 3500 838 τὸ
3526 794 3792 859 γνωμικὸν
3819 791 3923 843 αῦ-

2297 877 2388 921 τοῦ
2444 870 2640 944 θέλημα
2685 878 2756 945 μὴ
2821 873 2983 945 λέγειν
3039 873 3356 948 ἀνθρώπινον
3411 871 3558 931 εἶναι.
3595 877 3684 930 Ἐκ
3715 879 3920 931 πολλῶν

2296 961 2398 1033 γὰρ
2458 959 2699 1035 ἀφορμῶν
2731 965 2755 1014 6
2795 962 3194 1036 παρα).ογισμὸς
3248 963 3392 1024 οὗτος
3443 970 3537 1022 τὴν
3590 973 3768 1026 κοινὴν
3824 972 3921 1041 φύ-

2301 1067 2380 1098 σιν
2432 1048 2720 1108 ἀποστήσει
2764 1057 2854 1102 καὶ
2896 1049 3236 1126 διαχωρίσει,
3269 1062 3370 1103 τῶν
3414 1054 3503 1106 ὑπ’
3548 1055 3678 1128 αὑτῇ
3714 1057 3922 1110 τελούν-

2296 1157 2391 1189 των
2422 1143 2511 1190 καὶ
2567 1139 3022 1214 ἐμπεριεχομένων
3073 1139 3279 1214 ἀτόμων
3340 1142 3502 1205 αὐτῆς
3549 1153 3618 1215 τῷ
3671 1153 3918 1220 προσρη·

2296 1246 2441 1298 ματα.
2499 1228 2572 1278 Δι’
2624 1231 2745 1301 ὅπερ
2799 1230 2903 1300 οὐχ
2955 1231 3148 1301 ὁμοίως
3180 1232 3205 1282 6
3232 1230 3384 1302 λόγος
3437 1232 3584 1294 οὗτος
3611 1236 3725 1305 ἔχει
3766 1242 3860 1288 καὶ
3892 1238 3918 1288 6

2295 1316 2398 1368 τὸῘ
2444 1321 2734 1386 γνωστικὸν
2783 1317 2866 1370 ἐπὶ
2913 1327 3146 1393 Χριστοῦ
3191 1325 3260 1391 μὴ
3305 1317 3732 1394 παραδεχόμενος
3765 1324 3919 1384 θέλη-

2296 1425 2388 1476 μα.
2448 1405 2562 1458 Ἐπὶ
2612 1410 2701 1478 μεν
2756 1409 2858 1481 γὰρ
2918 1417 3017 1458 τῶν
3071 1406 3352 1480 ἀνθρώπων
3401 1411 3486 1461 ἕνα
3521 1409 3689 1463 λαϐὼν
3727 1414 3917 1486 ὁμολο-

2295 1499 2555 1566 γουμένως
2601 1505 2698 1547 τῶν
2747 1497 2862 1548 καθ’
2919 1497 3136 1549 ἕκαστον
3193 1501 3453 1570 γνωμικὸν
3519 1501 3660 1572 ἔχειν
3712 1501 3916 1575 θέλημα

2296 1582 2351 1635 ἐκ
2395 1592 2488 1645 τῆς
2531 1589 2662 1659 πρὸς
2706 1589 2770 1638 τὰ
2815 1586 2974 1638 λοιπὰ
3014 1595 3114 1638 τῶν
3155 1584 3406 1659 ὁμοειδῶν
3465 1589 3785 1663 ἑτερότητος,
3818 1598 3916 1652 τὴν

3244 1678 3366 1749 ὅπερ
3423 1675 3536 1730 ἕστὶ
3595 1686 3916 1753 σεσοφισμέ-

2295 1781 2396 1827 νον,
2439 1767 2527 1814 καὶ
2561 1761 2901 1816 ἀνακόλουθον
2949 1764 3384 1834 συλλογίσασθαι.
3437 1765 3551 1819 Ἐπὶ
3582 1764 3642 1820 δὲ
3683 1777 3776 1821 τοῦ
3805 1776 3912 1823 Κν-

2293 1856 2411 1925 ρίου
2478 1854 2622 1924 ἡμῶν
2687 1853 2862 1912 Ἰησοῦ
2921 1862 3157 1928 Χριστοῦ
3220 1863 3422 1930 πρῶτον
3486 1858 3576 1927 μὲν
3650 1859 3912 1932 ζητοῦμεν

2293 1944 2412 2000 τέως
2468 1940 2510 1992 εἰ
2565 1940 2692 2004 ὅλως
2747 1940 2830 1994 δεῖ
2885 1943 3047 2014 λέγειν
3103 1947 3364 2016 γνωμικὸν
3429 1943 3568 2016 αὐτῷ
3634 1957 3914 2020 προσεῖναι

2297 2029 2511 2101 Gaiana,
2546 2036 2634 2082 καὶ
2663 2031 2761 2083 οῦκ
2805 2035 2918 2084 ἔστι
2971 2031 3141 2084 λαϐεῖν
3176 2033 3492 2094 ὑποστάσεις
3540 2043 3612 2106 τῷ
3644 2032 3737 2088 τοῦ
3770 2045 3916 2111 Χρι-

2296 2126 2422 2171 στοῦ
2448 2126 2824 2193 περιεχομένας
2854 2121 3084 2194 ὀνόματι.

2363 2295 2475 2348 Ἔτι
2524 2293 2582 2347 δὲ
2640 2295 2721 2348 ἐπὶ
2769 2299 2858 2368 μὲν
2923 2305 3023 2349 τῶν
3077 2296 3360 2372 ἀνθρώπων
3416 2302 3555 2353 ἔστιν
3616 2302 3774 2355 εἰπεῖν
3824 2306 3911 2357 ὅτι

2291 2386 2349 2435 τὸ
2406 2386 2700 2458 ἐνυπάρχον
2746 2385 2924 2448 αὑτοῖς
2968 2390 3227 2458 γνωμικὸν
3271 2387 3468 2459 θεῧιημα
3505 2392 3634 2442 καθὸ
3665 2395 3756 2464 μὲν
3787 2401 3911 2454 ταῖς

2291 2475 2642 2527 ὑποστάσεσιν
2716 2471 3068 2546 διακέκριται,
3135 2477 3229 2530 οὐκ
3306 2481 3445 2530 ἔστιν
3517 2483 3682 2554 ἕτερον
3750 2483 3910 2555 ἑτέρῳ

2290 2569 2498 2629 ταυτὸν,
2550 2566 2679 2616 καθὸ
2735 2561 2792 2616 δὲ
2837 2565 2909 2626 εἰς
2947 2571 3070 2638 μίαν
3125 2570 3279 2638 φύσιν
3333 2572 3714 2640 συνεισάγεται,
3751 2569 3909 2625 οὐδὲν

2289 2651 2532 2723 λέγεσθαι
2589 2659 2678 2704 καὶ
2729 2651 3049 2729 ἀνθρώπινον
3103 2661 3192 2708 καὶ
3255 2657 3462 2712 ταύτόν.
3523 2658 3635 2712 Ἐπὶ
3693 2657 3754 2712 δὲ
3811 2670 3908 2714 τοῦ

2289 2749 2523 2815 Χριστοῦ
2563 2743 2668 2814 οὑχ
2725 2743 2824 2806 ἕξει
2868 2764 2946 2806 τις
2995 2748 3050 2796 τό
3089 2746 3262 2816 ὅμοιον
3318 2747 3493 2812 εἰπεῖν,
3528 2747 3586 2799 οῦ
3623 2752 3724 2821 γάρ
3758 2748 3908 2802 ἔστιν

2289 2831 2337 2882 ἓν
2377 2850 2427 2882 τι
2461 2835 2628 2883 κοινὸν
2683 2832 2851 2885 λαϐεῖν
2907 2832 2990 2884 ἐπὶ
3034 2841 3289 2907 Χριστοῦ,
3322 2831 3418 2886 δύο
3469 2839 3568 2910 γὰρ
3603 2849 3906 2892 συνιστῶσι

2289 2923 2376 2976 τὴν
2431 2921 2721 2972 ὑπόστασιν
2771 2925 2970 2992 φύσεις,
3029 2921 3136 2973 ἀλλ’
3195 2923 3254 2975 οὑ
3303 2929 3420 2996 μία,
3480 2931 3579 2977 Καὶ
3619 2926 3714 2978 οὑκ
3757 2930 3906 2979 ἔστιν

524 3010 1082 3083 tuunthypostasim
1097 3010 1245 3080 ejus,
1262 3014 1319 3064 et
1344 3024 1464 3063 non
1483 3024 1619 3064 una.
1637 3009 1756 3080 Neq
1769 3025 1836 3064 ue
1853 3025 2178 3080 possumus

2292 3008 2446 3060 εἰπεῖν
2486 3013 2543 3061 τὸ
2587 3015 2845 3082 γνωμικὸν
2897 3011 3094 3082 θέλημα
3127 3031 3138 3043 ο
3173 3014 3303 3064 καθὸ
3350 3017 3440 3085 μὲν
3483 3011 3604 3067 τόδε
3643 3015 3736 3067 ὸῦκ
3785 3019 3906 3069 ἔστι

525 3101 721 3157 dicere
744 3102 801 3156 in
833 3115 904 3156 eo
929 3118 946 3170 ;
973 3099 1555 3169 voluntasgnomica
1585 3105 1881 3170 quatenus
1908 3099 2035 3154 haec
2070 3105 2174 3166 est,

525 3204 647 3245 non
673 3195 763 3244 est
783 3191 996 3244 eadem
1021 3203 1031 3241 :
1059 3193 1356 3259 quatenus
1387 3203 1521 3241 vero
1547 3187 1672 3241 haec
1691 3193 1800 3256 est,
1825 3187 2034 3243 eadem
2070 3195 2174 3256 est,

525 3279 813 3350 quoniam
838 3293 991 3331 unus
1022 3283 1108 3331 est
1138 3275 1395 3331 Christus
1426 3281 1480 3330 et
1513 3291 1631 3331 una
1662 3277 1791 3347 ejus
1823 3293 2099 3348 persona,
2123 3284 2179 3334 et

527 3384 669 3422 uma
699 3367 1064 3438 hypostasis,
1103 3381 1296 3436 neque
1326 3365 1506 3420 habet
1545 3365 1810 3435 ejusdem
1844 3366 2089 3435 ordinis,
2123 3373 2178 3424 et

524 3456 792 3526 ejusdem
833 3455 1092 3509 nominis
1141 3460 1195 3508 et
1224 3454 1468 3508 rationis
1522 3455 1786 3509 Christus
1825 3456 2174 3526 hypostases

528 3549 960 3617 συντεταγμένας,
993 3543 1052 3598 id
1118 3549 1207 3597 est
1264 3542 1650 3598 coordinatas
1710 3559 1722 3608 ;
1782 3560 1890 3598 nec
1947 3545 2172 3615 aliquid

525 3650 864 3701 commune,
898 3633 1061 3704 quod
1093 3633 1150 3686 in
1181 3647 1252 3687 eo
1283 3632 1534 3695 dicatur,
1578 3632 1742 3702 quod
1775 3633 1963 3703 possit
1993 3635 2171 3688 etiam

524 3724 654 3781 aliis
675 3722 1106 3795 hypostasibus
1135 3720 1347 3792 aptari.
1377 3722 1568 3786 Quare
1609 3726 1811 3776 manet
1836 3738 1948 3778 non
1982 3722 2175 3779 soluta

523 3813 838 3876 dubitatio,
879 3827 1000 3883 qua
1029 3809 1410 3865 dubitabatur
1452 3809 1741 3882 quidnam
1783 3811 1859 3867 sit
1897 3811 2172 3869 voluntas

523 3902 823 3973 gnomica,
857 3916 994 3956 cum
1024 3901 1080 3954 in
1100 3900 1330 3956 Christo
1352 3915 1548 3972 neque
1573 3898 1644 3955 sit
1663 3899 1946 3968 humana,
1980 3917 2173 3974 neque

522 3991 745 4056 divina,
771 4006 964 4063 neque
989 3990 1167 4045 etiam
1196 3989 1326 4044 talis
1357 3989 1652 4044 nominari
1679 3991 1884 4061 possit.

595 4079 935 4136 Secundum
971 4093 1113 4148 ergo
1162 4078 1562 4148 responsionis
1615 4094 1805 4148 genus
1854 4084 1956 4145 est,
2009 4079 2171 4152 quod

523 4169 785 4225 diximus
819 4169 951 4239 (57),
987 4182 1108 4222 non
1141 4174 1414 4238 oportere
1447 4166 1643 4222 dicere
1684 4183 1817 4222 esse
1857 4169 1913 4222 in
1949 4168 2174 4224 Christo

522 4258 887 4330 gnomicam,
916 4257 975 4312 id
1007 4262 1113 4323 est,
1146 4255 1478 4311 humanam
1505 4255 1947 4328 hypostaticam
1977 4257 2176 4313 volun~

522 4353 664 4402 tem.

591 4433 906 4508 Tertio(58)
920 4433 1052 4490 licet
1066 4433 1260 4490 dicere
1280 4432 1340 4488 in
1362 4433 1587 4490 Christo
1602 4433 1934 4490 humanam
1954 4433 2178 4508 [Igno-

2286 3097 2487 3152 ταὺτὸν.
2541 3100 2629 3162 Εἷς
2683 3101 2832 3171 γάρό
2864 3105 3112 3172 Χριστὸς,
3159 3106 3248 3153 καὶ
3305 3101 3353 3153 ἓν
3408 3103 3568 3155 αὑτοῦ
3619 3108 3677 3157 τὸ
3729 3110 3907 3179 πρόσ-

2287 3207 2442 3253 ωπον,
2508 3194 2597 3240 καὶ
2652 3195 2750 3260 μία
2802 3191 2831 3246 ἡ
2896 3190 3209 3253 ὑπόστασις,
3277 3195 3410 3262 μήτε
3476 3194 3750 3264 όμοταγεῖς
3809 3201 3904 3248 καὶ

2289 3280 2621 3350 συνωνύμους
2690 3281 2826 3350 ἔχων
2895 3281 2958 3339 ὡς
3027 3287 3236 3354 Χριστῷ
3293 3288 3700 3354 συντεταγμένας
3770 3285 3904 3337 ὑποο

2287 3367 2549 3428 στάσεις·
2601 3373 2732 3439 μήτε
2777 3388 2830 3418 τι
2895 3377 3078 3429 κοινῶς
3147 3369 3226 3420 ἐπ’
3295 3370 3456 3422 αὑτοῦ
3519 3370 3809 3444 λεγόμενον,
3875 3376 3904 3425 6

2286 3451 2488 3506 δύναιτ’
2528 3455 2586 3507 ἄν
2633 3463 2722 3509 καὶ
2780 3456 2970 3529 ἑτέροις
3019 3457 3418 3532 ἐναρμόζεσθαι.
3476 3459 3567 3521 Ὠς
3613 3481 3667 3513 τε
3714 3458 3904 3533 diagqu

2282 3563 2355 3608 νει
2401 3549 2457 3597 τὸ
2518 3546 2758 3618 ἑπόμενον
2823 3549 3016 3623 ἄπορον
3095 3549 3302 3618 οἶλντον,
3372 3552 3493 3621 ὅπερ
3566 3555 3619 3602 τί
3673 3553 3788 3603 ποτ’
3839 3551 3903 3602 ἂν

2284 3637 2359 3691 εἵη
2435 3631 2678 3710 διηπόρει
2724 3641 2780 3688 τὸ
2842 3641 3102 3709 γνωμικὸν
3169 3637 3385 3710 θέλημα,
3451 3645 3576 3712 μήτε
3635 3639 3903 3712 ἀνθρώπι-

2281 3743 2363 3774 νον
2440 3731 2572 3796 μήτε
2651 3728 2780 3779 θεῖον
2864 3723 3150 3800 δυνάμενον
3230 3725 3373 3792 εἶναι,
3445 3735 3576 3801 μήτε
3641 3729 3902 3802 όνομάζε-

2285 3815 2429 3865 σθαμ

2355 4085 2594 4156 Δεύτερον
2637 4086 2728 4154 μὲν
2780 4083 2867 4136 οὖν
2923 4086 3034 4136 ἐστι
3097 4087 3152 4137 τὸ
3220 4084 3484 4158 εἰρημένον
3541 4083 3896 4161 ἐπιχείρημα,

2283 4175 2353 4242 μὴ
2412 4168 2521 4223 δεῖν
2575 4171 2652 4223 ἐπὶ
2708 4181 2941 4246 Χριστοῦ
2997 4172 3160 4244 λέγειν
3205 4177 3467 4246 γνωμικὸν
3519 4175 3803 4248 ὑπάρχειν,
3860 4181 3892 4238 ὖ

2286 4258 2600 4333 ἀνθρώπινον
2628 4261 2726 4314 ὑπο
2736 4267 2978 4314 στατικὸν
3007 4263 3221 4336 θέλημα.

2355 4439 2538 4508 Τρίτον
2571 4432 2629 4488 δὲ
2661 4435 2703 4488 εἰ
2727 4435 2929 4509 λέγεται
2955 4437 3039 4491 ἐπὶ
3065 4445 3301 4513 Χριστοῦ
3330 4436 3648 4511 ἀνθρώπινον
3689 4439 3898 4515 θέλημα

1859 4586 2098 4642 νΑΒΙΑΞ
2139 4587 2436 4644 LECTION
2448 4588 2545 4643 ES.

591 4696 607 4740 ι
645 4695 679 4749 Ι.
713 4695 887 4748 αὐτόν.
965 4694 984 4750 .i
1025 4698 1303 4767 γνωμικὸν.

2094 4804 2135 4857 Ν
2144 4802 2295 4858 ΟΤΛΞ
2308 4842 2320 4854 .

593 4932 705 5000 (56)
731 4927 1116 4996 Quamobrem
1138 4943 1256 5000 non
1281 4935 1358 4982 est
1384 4926 1572 5000 simile
1591 4927 1750 4997 quod
1773 4927 2019 4982 dicimus
2045 4942 2164 4983 non

519 4998 636 5058 esse
646 4998 974 5071 ponendam
994 5000 1054 5053 in
1075 4998 1309 5071 Christo
1324 4998 1677 5071 uoluntatem
1694 5001 2040 5068 gnomicam.
2059 5004 2170 5051 Διό-

518 5091 610 5146 περ
647 5069 756 5142 ὀὺχ
797 5073 984 5142 ὁμοίως
1038 5071 1062 5120 6
1105 5069 1254 5146 )_676;
1301 5069 1449 5130 οὗτος
1510 5072 1620 5140 ἔχει
1662 5075 1750 5121 καὶ
1789 5071 1814 5120 6
1859 5074 1917 5146 τὸ
1947 5090 2168 5140 γνωστι-

518 5138 606 5216 κόν
659 5138 833 5216 [Ié'ge'
853 5140 1136 5213 γνωμικὸν]
1173 5138 1289 5216 ἐπὶ-
1329 5138 1568 5216 Χριστοῦ
1622 5146 1691 5213 μὴ
1735 5138 2166 5216 ’παραδεχόμενος

522 5212 735 5287 θέλημα.
771 5214 833 5267 Id
862 5212 1003 5287 est:
1040 5212 1444 5278 Quamobrem
1477 5212 1602 5266 haec
1625 5212 2164 5287 ratiocinationon

517 5284 760 5358 perinde
794 5302 853 5338 se
881 5284 1058 5339 habet
1095 5300 1164 5358 ac
1196 5299 1426 5358 eaquae
1458 5284 1800 5353 gnomicam
1849 5285 1907 5338 in
1938 5284 2164 5340 Christo

515 5355 876 5413 voluntatem
901 5372 1019 5409 non
1051 5355 1326 5410 admittit.

588 5428 700 5511 (ἥδ)
726 5428 1052 5512 Secundum
1101 5442 1239 5512 ergo
1267 5425 1870 5512 i'es'ponsionis‘genus
1901 5434 1978 5512 est
2013 5426 2163 5498 quod

515 5496 818 5559 did‘imus:
862 5500 1099 5571 Δεύτερον
1155 5500 1244 5570 μὲν
1310 5496 1396 5550 οὖν
1457 5496 1570 5550 ἐστι
1617 5496 1698 5550 τὸί
1736 5498 1997 5572 εἰρημένον
2024 5496 2164 5551 “επι-

2277 4933 2533 5003 χείρημα.
2575 4928 2633 4982 Id
2668 4933 2798 4986 est:
2836 4929 3179 4984 Secundum
3223 4943 3366 4998 ergo
3415 4927 3561 4983 illud
3600 4932 3894 5003 estquod

2277 5001 2632 5071 protulimus
2665 5007 3105 5067 argumentum,
3149 5015 3252 5054 seu
3291 5001 3629 5069 argumenti
3669 5001 3890 5069 genus.

2345 5073 2703 5144 Ἐπιχείρημα
2743 5087 2861 5144 non
2901 5073 3196 5138 signiﬁcat
3231 5087 3599 5144 responsum,
3633 5074 3738 5127 sed
3781 5089 3892 5129 ar-

2275 5141 2642 5211 gumentum,
2674 5141 2763 5196 vel
2794 5145 3038 5210 speciem
3071 5143 3430 5211 argumenti.

2347 5214 2460 5288 (3(3)
2511 5215 2694 5288 Tertio
2744 5214 3101 5288 licetdicere
3143 5219 3204 5266 in
3247 5214 3544 5288 Christo...
3590 5228 3735 5288 esse.
3764 5220 3890 5288 Τρί-

2275 5282 2363 5359 τον
2402 5282 2479 5350 δὲ,
2535 5285 2580 5359 εἰ
2629 5285 2831 5359 λέγεται
2870 5286 2953 5337 ἐπὶ
3002 5293 3256 5359 Χριστοῦ.
3306 5285 3371 5340 Id
3419 5292 3506 5339 est
3541 5301 3554 5339 ζ
3588 5282 3816 5354 Tertio,
3839 5289 3888 5342 si

2274 5357 2504 5410 dicatur
2530 5358 2587 5410 in
2621 5356 2916 5412 Christo...
2961 5356 3109 5410 esse.

2344 5428 2664 5482 Turl'ianus
2692 5443 2811 5482 non
2839 5426 3094 5482 reddidit
3118 5426 3469 5499 particulam
3494 5427 3558 5499 εἰ,
3585 5427 3658 5493 si,
3683 5443 3892 5484 neces-

2275 5500 2499 5555 sariam
2530 5504 2593 5554 ut
2622 5500 2808 5555 Photii
2840 5497 3262 5569 argumentum
3291 5498 3479 5572 possit
3508 5497 3782 5570 intelligi.
