4140 6198
211 299 326 358 517
1279 304 1374 358 AD
1417 299 1958 357 AMPI—IILOCHIUM
2001 299 2328 370 QUAESTIO
2369 307 2585 362 LXXX.
3486 313 3594 368 518

215 430 603 482 ὑποπατικὸν.
651 427 720 478 Τὸ
763 421 820 480 δὲ
875 423 1070 499 θέλημα
1113 431 1170 480 τὸ
1219 429 1568 480 ὑποστατικὸν
1612 427 1825 498 θελήμα-

1958 428 2115 500 nica]
2133 431 2500 488 voluntatem
2522 431 2965 503 hypostaticam
2983 447 3114 488 esse
3131 451 3143 487 :
3160 433 3439 490 voluntas
3457 450 3593 491 vero

217 537 304 578 τος
347 520 552 589 εἴρηται
583 523 676 568 τοῦ
708 523 952 588 φυσικοῦ*
992 519 1048 568 τὸ
1097 513 1156 568 δὲ
1200 517 1396 589 θέλημα
1441 520 1542 592 γάρ
1592 519 1649 568 τὸ
1692 537 1821 587 γνω-

1958 519 2310 588 typostatica
2342 519 2463 574 sive
2503 536 2774 592 personae
2811 537 2846 576 a
2883 521 3188 576 voluntate
3217 521 3593 593 hypostatica

213 611 375 680 μικὸν
415 611 562 658 ποιόν
590 608 702 658 ἐστι
733 605 929 677 θέλημα
960 611 1204 678 φυσικὸν.
1255 612 1484 659 Φυσικοῦ
1516 609 1619 678 ἄρα
1675 605 1823 663 θελή-

1958 606 2154 661 )endet
2205 607 2316 678 (59)
2367 624 2379 662 :
2425 607 2700 664 voluntas
2750 610 2902 664 enim
2958 610 3237 680 gnomica
3284 615 3430 662 ποῖόν
3479 613 3593 664 ἐστι

213 716 386 768 ματος
431 699 523 746 καὶ
579 698 636 746 τὸ
697 693 780 746 ἐπὶ
829 702 1065 766 Χριστοῦ
1112 699 1369 766 γνωμικὸν
1427 699 1710 768 ἠρτημένον
1762 695 1823 745 ἄν

1954 693 2135 766 ὶέλημα
2166 699 2404 767 φυσικὸν,
2449 697 2508 752 id
2547 703 2652 763 est,
2707 697 2984 770 aliqualis
3027 713 3132 754 seu
3171 699 3460 770 qualitate
3500 700 3589 755 af-

213 790 310 837 καὶ
365 781 775 858 προϐεϐλημένον
851 786 950 841 εἴη’
1028 791 1250 855 φυσικοῦ
1324 779 1382 836 δὲ
1463 784 1568 854 οὐχ
1635 783 1822 850 ἁπλοῦ,

1955 784 2086 839 “ecta
2111 785 2384 840 voluntas
2413 787 2700 842 naturalis
2721 792 2810 842 est
2834 804 2847 854 ;
2872 787 3150 843 voluntas
3179 787 3355 860 igitur
3376 787 3590 845 Christi

219 873 354 926 ἀλλὰ
431 874 672 926 συνθέτου
729 877 820 924 καὶ
873 877 1293 946 συγκεκραμένον
1351 873 1656 944 θελήματος.
1717 880 1822 934 Τῆς

1952 873 2212 940 gnomica
2243 889 2278 929 a
2307 875 2566 932 naturali
2606 881 2805 932 autem
2828 891 2946 932 non
2971 875 3219 948 simplici
3254 895 3266 946 ;
3300 877 3404 933 sed
3427 893 3587 933 com-

211 965 322 1038 γὰρ
383 963 632 1015 συνθέτου
689 962 1026 1022 ὑποστάσεως
1077 965 1164 1013 καὶ
1242 965 1300 1014 τὸ
1359 963 1708 1014 ὑποστατικὸν
1761 960 1820 1012 ἂν

1956 961 2124 1017 )osita
2154 967 2208 1018 et
2227 964 2544 1020 commista
2565 965 2887 1022 voluntate.
2921 965 3273 1036 Compositte
3300 967 3457 1021 enim
3485 967 3591 1040 hy-

215 1054 326 1125 ἄρα
381 1071 461 1112 τις
509 1050 632 1111 ὅλως
680 1051 926 1102 ὑποθοῐτε
984 1058 1254 1125 προσεῖναι
1312 1051 1509 1122 θέλημα
1561 1053 1820 1122 γνωμικὸν

1948 1051 2188 1121 postasis
2242 1051 2345 1107 erit
2394 1053 2671 1108 voluntas
2729 1053 3102 1125 hypostatica
3136 1069 3149 1118 ;
3181 1054 3228 1108 si
3267 1054 3401 1124 quis
3452 1071 3583 1109 eam

217 1143 472 1194 συνθέτου
539 1142 600 1190 ἄν
658 1143 734 1198 εἴη
803 1145 1026 1212 φυσικοῦ
1097 1145 1528 1214 προενηνεγμένου
1601 1139 1821 1211 θελήμα-

1953 1139 2182 1194 >mnino
2204 1145 2388 1212 ponat
2403 1141 2594 1196 inesse
2613 1159 2625 1208 ;
2646 1142 2922 1198 voluntas
2949 1141 3110 1198 enim
3127 1143 3406 1212 gnomica
3424 1159 3588 1198 com-

211 1249 333 1291 τος,
402 1229 562 1281 Ὥστε
608 1229 754 1280 ἔσται
804 1230 1041 1289 σύνθετος
1069 1232 1221 1300 φύσις
1261 1229 1345 1281 ἐπὶ
1399 1236 1654 1304 Χριστοῦ,
1698 1230 1818 1303 ὅπερ

1950 1229 2115 1284 ιοεὶῑθ
2166 1235 2321 1285 esset
2368 1245 2438 1285 ex
2479 1231 2738 1286 naturali
2795 1231 3102 1287 voluntate
3148 1232 3411 1303 profecta
3452 1233 3585 1306 (60),

211 1317 454 1380 ἀπάσαις
503 1317 701 1390 ψήφοις
749 1313 1198 1389 διακατέγνωσται
1241 1326 1340 1371 τῶν
1390 1315 1486 1370 δύο
1535 1321 1731 1390 φύσεων
1761 1320 1819 1369 τὸ

1952 1333 2118 1390 [uare
2146 1321 2255 1374 erit
2284 1319 2338 1374 in
2367 1319 2598 1376 Christo
2631 1321 2964 1392 composita
2992 1325 3225 1384 natura,
3270 1321 3430 1392 quod
3465 1339 3587 1377 om-

209 1415 392 1482 κῦρος,
427 1407 638 1480 ἄμαχον
672 1403 1078 1478 ἀναδεξαμένων.

1952 1406 2099 1462 tium
2153 1409 2443 1465 sententia
2500 1409 2860 1466 damnatum
2920 1414 3029 1478 est,
3085 1409 3320 1465 duabus
3360 1411 3587 1466 naturis

1931 1494 2382 1567 inexpugnabili
2423 1497 2699 1554 firmitate
2728 1499 2968 1554 sancitis
2999 1502 3058 1554 et
3094 1498 3406 1555 roboratis.

285 1593 406 1640 Ἔτι
463 1585 506 1638 εἰ
558 1587 615 1637 τὸ
674 1587 937 1656 γνωμικὸν
1004 1583 1202 1656 θέλημά
1258 1587 1652 1657 προηγουμένην
1709 1585 1822 1655 ἔχει

2003 1583 2088 1639 Ad
2115 1585 2242 1640 haec
2273 1585 2320 1640 si
2359 1585 2632 1643 voluntas
2673 1589 2951 1656 gnomica
2978 1587 3156 1642 habet
3181 1593 3586 1657 antegressam

209 1681 310 1736 τὴν
345 1674 532 1746 σκέψιν
574 1677 664 1726 καὶ
711 1677 804 1732 τὴν
857 1676 984 1748 πρὸς
1025 1676 1084 1725 τὸ
1133 1679 1426 1746 κρινόμενον
1479 1669 1720 1725 διάθεσίν
1767 1691 1822 1724 τε

1951 1673 2489 1740 :onsiderationem,
2513 1681 2567 1730 et
2589 1675 2963 1732 affectionem
2988 1681 3167 1748 atque
3185 1677 3586 1733 assentionem

209 1770 300 1818 καὶ
357 1765 766 1835 συγκατάθεσιν.
816 1764 1023 1814 Τούτων
1056 1758 1114 1814 δὲ
1144 1763 1252 1814 ἔστι
1299 1765 1354 1814 τὸ
1386 1765 1475 1834 μὲν
1515 1759 1568 1823 ἐξ
1611 1759 1821 1832 ἀγνοίας

1951 1761 2004 1817 td
2030 1779 2102 1819 ea
2129 1763 2637 1835 quaajudicantur,
2658 1765 2716 1820 in
2749 1765 2841 1820 his
2867 1770 3065 1821 autem
3096 1770 3180 1820 est
3205 1766 3486 1821 transitus
3513 1767 3586 1822 ab

211 1855 282 1916 εἰς
335 1863 531 1924 γνῶσιν
591 1856 681 1903 καὶ
742 1848 1008 1925 διάκρισιν
1061 1850 1363 1923 μετάϐασιςι
1417 1854 1474 1902 τὸ
1531 1847 1589 1902 δὲ
1653 1855 1816 1925 τροπή

1954 1851 2272 1921 gnorantia
2296 1853 2366 1907 ad
2392 1853 2816 1922 cognitionem,
2839 1861 2894 1910 et
2917 1855 3159 1910 mutatio
3183 1869 3306 1910 non
3329 1855 3587 1911 amantis

209 1963 294 2005 τις
335 1947 426 1994 καὶ
483 1939 736 2013 μεταϐολὴ
800 1937 1102 2002 διαθέσεως
1155 1939 1347 2012 ἐτράπη
1400 1942 1501 2012 γὰρ
1557 1939 1628 1999 εἰς
1673 1959 1823 2011 σ-ορ·

1950 1941 2006 1996 td
2040 1957 2330 2010 amorem,
2362 1958 2494 2014 quae
2525 1947 2610 1998 est
2639 1943 2873 1999 affectio
2916 1960 2927 1998 :
2960 1943 3106 1999 nihil
3139 1947 3336 1999 autem
3367 1943 3585 2000 horum

207 2035 314 2104 γὴν
351 2031 406 2082 ἐκ
455 2039 544 2083 τοῦ
592 2035 662 2102 μὴ
698 2033 998 2103 στέργοντος
1034 2031 1064 2086 ἡ
1119 2025 1372 2089 διάθεσις*
1417 2026 1566 2081 οὐδὲν
1599 2025 1658 2080 δὲ
1706 2031 1820 2081 τού-

1953 2029 2064 2085 icet
2115 2029 2190 2084 de
2222 2030 2452 2086 Christo
2495 2033 2707 2088 sentire
2743 2049 2757 2098 ;
2795 2047 2916 2088 non
2955 2035 3135 2103 igitur
3174 2033 3446 2088 sustineri
3477 2049 3587 2104 po-

209 2141 317 2173 των
373 2119 456 2172 ἐπὶ
527 2127 764 2192 Χριστοῦ
821 2125 1018 2192 φρονεῖν
1071 2124 1498 2192 συγκεχώρηται·
1557 2119 1668 2170 Οῦκ
1720 2112 1822 2191 ἆρά

1951 2122 2060 2182 est,
2099 2123 2163 2175 ut
2205 2119 2474 2176 humana
2515 2119 2783 2176 voluntas
2821 2121 3099 2192 gnomica
3135 2120 3196 2176 in
3256 2137 3326 2178 eo
3357 2121 3586 2179 dicatur

211 2208 360 2262 ἔστιν
415 2207 620 2261 ἀνεκτὸν
686 2208 1006 2282 ἀνθρώπινον
1059 2210 1319 2280 γνωμικὸν
1379 2206 1424 2258 ἐν
1479 2207 1618 2278 αὐτῷ
1659 2207 1820 2278 λέγειν
1932 2223 2077 2263 esse.

209 2299 478 2372 ὑπάρχειν
507 2297 722 2369 θέλημα.

285 2391 467 2462 Χωρὶς
515 2383 574 2439 δὲ
615 2394 712 2438 τῶν
766 2385 1043 2459 εἰρημένων
1087 2385 1130 2438 εἰ
1173 2387 1221 2437 οἱ
1269 2393 1341 2455 τῷ
1383 2393 1628 2458 γνωμικῷ
1671 2383 1822 2443 θελή-

2001 2383 2298 2442 Praeterea
2331 2385 2382 2441 si
2408 2385 2684 2442 homines
2711 2391 2940 2443 utentes
2977 2387 3278 2445 voluntate
3305 2389 3585 2460 gnomica

211 2497 346 2550 ματ-ι
377 2481 641 2550 χρώμενοι
683 2483 754 2546 τῷ
795 2473 1096 2550 ἀνθρωπίνῳ
1141 2473 1354 2526 εἰώθασι
1397 2481 1466 2544 τῷ
1520 2477 1636 2546 θείῳ
1678 2474 1821 2532 θελή-

1944 2479 2373 2530 30nsueverunt
2395 2490 2729 2546 repugnare
2745 2478 2882 2540 Deo,
2903 2477 3209 2548 quomodo
3227 2477 3353 2534 ﬁeri
3371 2485 3579 2551 potest,

210 2587 346 2638 ματι
399 2561 789 2636 διαμάχεσθαι,
847 2573 954 2624 πῶς
1002 2563 1124 2624 ὅλως
1178 2561 1282 2615 οἷὸν
1331 2567 1386 2615 τέ
1442 2563 1553 2616 ἐστι
1606 2562 1819 2615 ἐπινοεῖν

1950 2565 1992 2616 1t
2017 2562 2172 2617 hanc
2199 2563 2564 2619 voluntatem
2601 2565 2944 2633 gnomicam
2983 2565 3043 2620 in
3072 2566 3302 2636 Christo
3333 2584 3463 2623 esse
3491 2585 3585 2624 co-

211 2653 298 2706 ἐπὶ
351 2661 590 2728 Χριστοῦ
630 2657 890 2725 γνωμικὸν
937 2653 1169 2725 θέλημα;
1220 2657 1508 2724 κοινότερον
1550 2649 1608 2705 δὲ
1665 2655 1820 2725 φάναι

1945 2649 2184 2720 ζίιθωιιε
2213 2657 2237 2702 ?
2266 2657 2321 2706 et
2359 2657 2440 2718 ut,
2474 2651 2634 2724 quod
2669 2655 2862 2723 magis
2889 2669 3208 2712 commune
3233 2661 3338 2726 est,
3362 2656 3580 2723 dicam,

211 2744 256 2796 εἰ
317 2747 376 2795 τὸ
429 2745 690 2815 γνωμικὸν
752 2743 948 2816 θέλημα
995 2745 1124 2817 πρὸς
1168 2741 1406 2815 ἑκατέραν
1451 2743 1636 2814 ὁμοίως
1677 2743 1819 2816 ῥέπει

1952 2739 1978 2794 μὶ
2015 2741 2292 2796 voluntas
2318 2743 2595 2811 gnomica
2618 2758 2916 2816 propensa
2941 2749 3026 2800 est
3053 2745 3128 2800 ad
3159 2750 3473 2818 utramque
3493 2763 3587 2802 ac-

207 2841 314 2884 τῶν
367 2831 600 2905 πράξεων
653 2837 748 2890 τήν
803 2851 857 2884 τε
915 2831 1112 2904 φαύλην
1166 2835 1296 2904 φημὶ
1349 2837 1438 2884 καὶ
1491 2836 1584 2890 τήν
1644 2835 1818 2906 κρείτ-

1952 2827 2172 2897 ionem,
2205 2831 2522 2886 honestam
2556 2833 2685 2886 dico
2725 2837 2780 2888 et
2819 2848 3087 2903 pravam,
3121 2837 3430 2905 quomodo
3462 2851 3583 2891 non

207 2941 356 2988 τονα,
409 2929 522 2983 πῶς
573 2921 631 2972 οῦ
685 2921 942 2995 τολμηρὸν
999 2920 1084 2972 ἐπὶ
1123 2927 1360 2995 Χριστοῦ
1411 2923 1669 2992 γνωμικὸν
1711 2919 1818 2972 εἰσ-

1948 2921 2014 2970 :st
2040 2917 2305 2982 audacis,
2339 2918 2619 2973 inducere
2647 2919 2705 2974 in
2726 2919 3018 2975 Christum
3043 2920 3414 2976 voluntatem
3441 2937 3583 2990 gno-

207 3015 359 3082 άγειν
393 3010 589 3080 θέλημα
629 3014 717 3062 καὶ
747 3013 879 3083 πρὸς
905 3011 972 3062 τὰ
1011 3015 1173 3084 χείρω
1203 3013 1292 3061 καὶ
1339 3008 1577 3082 ἀμείνονα
1606 3012 1698 3067 τὴν
1731 3009 1816 3082 ρο-

1949 3006 2170 3073 nicam,
2204 3011 2258 3062 et
2289 3007 2533 3077 ﬁngere,
2559 3009 2780 3063 habere
2811 3025 2947 3064 eum
2977 3025 3182 3080 parem
3208 3011 3282 3065 ad
3314 3011 3510 3082 turpia
3532 3017 3584 3068 et

205 3105 316 3158 τεὴν
357 3103 500 3172 ἔχειν
533 3097 872 3151 ἀναπλάττειν
921 3098 1212 3171 ἐφάμιλλον,
1260 3101 1318 3150 τὸ
1361 3095 1643 3171 μονοειδῶς
1684 3095 1812 3168 ἀγα-

1948 3101 2176 3152 tonesta
2192 3096 2638 3152 inclinationem
2663 3098 2691 3153 ?
2720 3114 2854 3152 cum
2884 3099 2954 3153 sit
2975 3097 3196 3170 alioqui
3219 3098 3583 3156 uniformiter

209 3191 436 3264 θουργὸν
468 3209 556 3240 και
581 3193 774 3263 κυρίως
803 3184 1290 3260 ἀγαθοειδέστατον.

1946 3190 2130 3241 tuctor
2168 3185 2466 3241 bonorum
2509 3192 2563 3242 ct
2621 3187 2859 3259 proprie
2913 3185 3400 3260 ἁγαθοειδέστατος,
3449 3189 3581 3245 fons

1921 3274 2108 3330 omnis
2148 3275 2313 3332 boni.

283 3366 428 3420 Ἀλλ’
461 3367 544 3419 ὅτι
585 3369 674 3438 μὲν
719 3368 778 3418 τὸ
835 3365 1150 3440 ἀνθρώπινον
1188 3368 1448 3438 γνωμικὸν
1493 3365 1690 3437 θέλημα
1734 3369 1806 3436 μὴ

1991 3364 2104 3420 Sed
2156 3364 2320 3436 quod
2353 3363 2624 3420 humana
2677 3363 2948 3421 voluntas
2979 3365 3260 3436 gnomica
3309 3381 3432 3422 non
3477 3382 3581 3439 po-

209 3455 434 3511 δῦναται
482 3457 818 3530 ἐφαρμὸττειν
864 3457 1102 3530 καθαρῶς
1146 3461 1383 3530 Χριστῷ,
1414 3463 1650 3507 τοσαῦτα
1686 3459 1808 3518 τέως

1946 3460 2030 3510 est
2075 3469 2222 3526 pure
2263 3453 2585 3510 convenire
2640 3455 2889 3526 Christo,
2931 3455 3056 3512 haec
3093 3455 3383 3512 hactenus
3424 3457 3581 3513 dicta

207 3547 462 3620 εἰρήσθω.

441 3574 462 3597 ι.
1920 3549 2076 3601 sunt.

282 3637 544 3693 Ζητητέον
585 3629 665 3700 δὲ,
697 3637 907 3706 πότερον
939 3629 1061 3685 οὐδὲ
1093 3635 1223 3686 θεῖον
1255 3629 1340 3686 δεῖ
1363 3633 1524 3705 λέγειν
1565 3635 1646 3686 ἐπὶ
1675 3641 1810 3706 Χρι-

1989 3633 2388 3700 Quaerendum
2415 3649 2551 3688 vero
2573 3638 2680 3698 est,
2713 3637 2906 3689 utrum
2931 3649 3124 3706 neque
3146 3633 3410 3690 divinam
3435 3649 3577 3706 gno-

211 3731 344 3778 στοῦ
380 3726 640 3796 γνωμικὸν
682 3722 894 3794 θέλημα,
939 3723 1112 3795 ὥσπερ
1153 3719 1276 3775 οὐδὲ
1325 3721 1644 3798 ἀνθρώπινον
1682 3744 1812 3794 γνω-

1947 3724 2136 3779 nicam
2167 3722 2541 3778 voluntatem
2565 3722 2761 3778 dicere
2788 3723 2847 3778 in
2868 3721 3098 3778 Christo
3111 3729 3401 3796 oporteat,
3431 3726 3582 3782 sicut

205 3819 384 3888 μικόν·
441 3816 470 3871 ἤ
529 3811 687 3864 ἐκεῖνο
733 3813 822 3884 μὲν
869 3811 927 3864 οὗ
982 3819 1412 3886 συγκεχώρηται,
1457 3819 1610 3864 τοῦτο
1655 3809 1714 3865 δὲ
1752 3812 1810 3864 οῦ

1942 3827 2113 3884 neque
2149 3813 2476 3866 humanam
2522 3811 2883 3881 gnomicam.
2915 3813 2999 3866 An
3033 3827 3173 3867 vero
3203 3811 3317 3867 hoc
3346 3812 3577 3882 quidem

207 3902 519 3956 κεκώλυται.
577 3909 688 3954 Τῶν
734 3903 835 3975 γὰρ
887 3901 936 3952 ἐν
977 3901 1188 3963 ἐκείνοις
1225 3901 1482 3974 ῥηθέντων
1546 3900 1813 3976 ἐπιχειρη-

1944 3917 2035 3956 Ion
2062 3899 2256 3968 liceat,
2295 3897 2438 3952 illud
2461 3915 2600 3954 vero
2627 3915 2746 3954 non
2775 3899 3251 3972 sxtprohtbitum.
3289 3901 3400 3956 Sed
3431 3918 3579 3973 quo-

205 3995 390 4065 μάτων
431 3993 490 4043 τὸ
540 3995 712 4063 τρίτον
761 3989 990 4062 μάλιστα
1025 3995 1114 4042 καὶ
1163 3993 1220 4041 τὸ
1265 3993 1504 4062 τέταρτον
1551 3993 1686 4042 κατά
1725 3993 1810 4042 τὸν

1941 3989 2104 4046 nodo
2151 4003 2274 4042 non
2308 3993 2396 4043 est
2425 3987 2790 4059 prohibitum
2829 3989 2858 4044 7
2899 3987 3032 4059 quia
3081 4005 3150 4044 ex
3184 3991 3576 4060 argumentis,

205 4084 390 4154 ὅμοιον
443 4082 630 4152 τρόπον
684 4075 766 4129 ἐπὶ
817 4085 918 4129 τῶν
967 4077 1133 4129 αὐτῶν
1177 4081 1270 4135 τὴν
1321 4077 1480 4148 ἰσχὺν
1529 4081 1658 4149 ἔχει.
1720 4082 1813 4132 Διά

1942 4095 2056 4152 [uae
2086 4077 2266 4133 allata
2307 4081 2446 4130 sunt
2485 4081 2690 4131 contra
2723 4079 3066 4146 gnomicam
3105 4077 3472 4133 voluntatem
3517 4079 3577 4134 in

202 4177 306 4232 τῆς
354 4167 518 4230 αὐτῆς
558 4169 660 4241 γὰρ
692 4163 904 4239 ἐφόδου,
930 4171 988 4219 τὸ
1017 4185 1071 4218 τε
1101 4168 1232 4219 θεῖον
1263 4171 1352 4218 καὶ
1396 4171 1452 4219 τὸ
1496 4166 1812 4242 ἀνθρώπινον

1942 4169 2170 4234 3hristo,
2202 4165 2440 4221 tertium
2497 4170 2552 4219 et
2587 4165 2846 4236 primum
2879 4165 3083 4221 valent
3122 4165 3180 4220 in
3217 4165 3463 4230 eisdem,
3498 4166 3577 4222 ad

201 4261 472 4331 γνωμικὸν
523 4255 718 4327 θέλημα
774 4257 800 4308 ὅ
840 4265 933 4318 τῆς
987 4254 1228 4316 ἀληθείας
1273 4253 1564 4310 διαστέλλει
1623 4277 1676 4310 τε
1723 4263 1812 4310 καὶ

1944 4255 2204 4312 :umdem
2238 4254 2488 4309 modum
2521 4259 2728 4308 contra
2755 4253 3018 4310 divinam
3050 4253 3409 4309 voluntatem
3439 4270 3579 4324 gno.

209 4343 532 4418 συμϐιϐάζει
559 4345 723 4416 λόγος.
770 4349 870 4397 Καὶ
907 4349 1077 4420 χωρὶς
1117 4341 1174 4396 δε
1215 4353 1314 4396 τῶν
1359 4351 1634 4418 εἰρημένων
1663 4351 1812 4410 εἴτις

1944 4346 2134 4401 nicam
2171 4361 2185 4411 ;
2221 4343 2436 4399 eodem
2468 4343 2625 4398 enim
2676 4342 2839 4398 aditu
2871 4343 3180 4413 distinguit
3209 4343 3322 4415 (6t)
3351 4349 3406 4398 et
3443 4359 3579 4399 con-

207 4437 462 4490 ὑπόθοιτο
517 4438 574 4487 τὸ
637 4437 768 4486 θεῖον
835 4433 917 4486 ἐπὶ
975 4442 1208 4508 Χριστοῦ
1265 4441 1524 4507 γνωμικὸν
1573 4436 1814 4507 λέγεσθαι

1948 4435 2086 4491 :iliat
2111 4433 2266 4490 ratio
2295 4431 2552 4488 veritatis
2583 4431 2848 4486 divinam
2876 4435 2932 4486 et
2957 4431 3286 4486 humanam
3309 4431 3583 4486 volunta-

211 4526 434 4596 θέλημα,
478 4523 667 4594 λεγέτω
716 4527 930 4596 πότερον
975 4527 1162 4575 ταυτὸν
1204 4524 1406 4594 νομίζει
1457 4532 1608 4576 τοῦτο
1663 4526 1846 4595 θεῑκῷ“

1950 4542 2042 4580 em
2079 4523 2443 4594 gnomicam,
2482 4521 2564 4575 Ac
2597 4526 2810 4592 praeter
2851 4535 2944 4588 ea,
2993 4535 3128 4591 qua:
3161 4520 3320 4575 dicta
3351 4525 3505 4586 sunt,
3535 4521 3583 4576 si

207 4623 420 4688 φυσικῷ
475 4612 744 4686 θελήματι,
795 4617 826 4671 ἧ
877 4611 1044 4687 ἓτερον
1107 4611 1166 4665 Εἰ
1213 4616 1302 4685 μὲν
1351 4615 1450 4688 γὰρ
1481 4617 1686 4680 ταυτὸν,
1739 4617 1818 4676 τίς

1947 4614 2055 4686 [uis
2083 4617 2269 4684 ponat
2290 4611 2395 4665 dici
2420 4610 2479 4664 in
2509 4609 2735 4664 Christo
2765 4609 3026 4664 divinam
3052 4607 3414 4664 voluntatem
3445 4625 3582 4678 gno-

205 4708 238 4764 ἠ
307 4707 543 4778 περίνοια
602 4709 695 4756 τοῦ
749 4703 1017 4776 ὀνόματος,
1079 4707 1362 4774 φαντασίαν
1423 4706 1694 4776 νοημάτων
1749 4703 1820 4767 εἰς

1950 4703 2152 4760 nicam
2185 4699 2364 4766 dicat,
2399 4716 2478 4756 an
2513 4697 2810 4756 existimet
2837 4697 3114 4754 eamdem
3153 4713 3282 4754 esse
3320 4713 3458 4754 cum
3498 4698 3585 4754 di-

1781 4837 2011 4896 ΝΟΤᾹΞ.

284 4963 402 5036 (59)
433 4963 728 5037 Voluntas
754 4979 886 5020 vero
906 4962 1286 5037 [typostatica
1309 4978 1348 5037 _a
1379 4964 1680 5020 voluntate
1711 4965 1816 5032 hy-

1946 4983 2068 5037 .ημα
2132 4963 2394 5034 γνωμικὸν
2455 4963 2701 5013 συνθέτου
2780 4959 2839 5012 ἃν
2918 4961 2994 5017 εἴη
3065 4967 3315 5037 φυσικοῦ-
3364 4977 3581 5034 προενη-

205 5031 504 5107 paludum
529 5037 766 5104 pendet.
797 5039 867 5087 Τὸ
894 5031 1182 5108 δέ’θέλημα
1205 5039 1264 5086 τὸ
1295 5035 1646 5108 ὑποστατικὸν
1677 5031 1820 5092 θελη-

1950 5031 2171 5108 νεγμένου
2204 5031 2506 5108 θελήματος.
2533 5033 2594 5086 Id
2619 5035 2900 5090 estzNam
2921 5031 3270 5108 composita
3301 5031 3585 5104 hyposta-

207 5103 217 5107 ’
253 5126 384 5168 πτος
419 5103 644 5179 ἤρτηται
674 5113 766 5158 τοῦ
806 5114 1048 5178 φυσικοῦ.
1103 5103 1162 5160 id
1203 5111 1288 5160 est
1325 5121 1338 5160 :
1369 5107 1647 5162 Voluntas
1681 5123 1820 5162 vero

207 5131 598 5235 hvnostatica
635 5177 850 5235 pendet
875 5193 910 5231 a
942 5178 1242 5232 voluntate
1273 5178 1546 5231 naturali.

1951 5103 2062 5162 ie'os
2091 5103 2470 5177 hypostatica
2493 5119 2734 5176 quoque
2761 5105 3030 5172 gnomica
3053 5103 3122 5174 (si
3147 5103 3278 5174 quis
3299 5103 3434 5158 eam
3461 5119 3586 5159 om-

1951 5179 2074 5233 iino
2105 5177 2292 5231 inesse
2327 5181 2530 5235 ponat)
2563 5173 3034 5235 proﬁcisceretur
3062 5191 3096 5230 a
3127 5176 3462 5235 composita
3482 5191 3586 5232 vo-

254 5173 598 5251 ypostatica
635 5173 850 5251 pendet
875 5193 916 5251 ιεΔ
942 5178 1242 5251 voluntate
1273 5178 1546 5231 naturali.
1931 5179 2074 5234 nino
2105 5173 2292 5231 inesse
2327 5173 2530 5251 ponat)
2563 5173 3034 5246 proﬁcisceretur
3062 5173 3096 5230 a
3127 5173 3462 5246 composita
3482 5191 3586 5232 vo-

285 5249 584 5304 Turianus
635 5245 943 5304 confundit
974 5249 1410 5318 hypostatz’cum
1463 5265 1600 5304 cum
1653 5255 1824 5304 natu-
1930 5251 2154 5304 luntate
2195 5245 2470 5302 naturali.

211 5321 379 5386 rati;
419 5319 622 5376 nititur
647 5320 804 5375 enim
853 5315 1494 5388 Photiiargumentum
1527 5323 1582 5374 in
1618 5321 1823 5376 discri-
1997 5319 2300 5374 Particula
2329 5318 2502 5380 enim,
2529 5317 2720 5388 posita
2743 5321 2878 5386 post
2908 5316 3174 5372 voluntas
3191 5315 3264 5370 ab
3287 5315 3451 5388 initio
3482 5331 3586 5388 no-

213 5394 378 5448 mine
413 5392 700 5447 naturalis
723 5392 798 5446 ab
831 5386 1217 5463 hypostatico.
1277 5461 1284 5463 _
1935 5407 2017 5445 vae
2051 5386 2918 5463 propositionis._abruinpelmt
2955 5395 3372 5463 argumentum
3395 5386 3584 5463 Photii

284 5463 404 5534 (60)
437 5463 784 5532 Composita
809 5457 956 5519 en'ifn
989 5461 1331 5532 hypostasis,
1368 5467 1480 5517 etc.
1518 5465 1826 5518 voluntate

1951 5531 1963 5534 _
2007 5457 2118 5532 (6t)
2151 5461 2374 5534 Eiidem
2402 5461 2932 5534 _(_.iditu_dis!ingm't
2960 5461 3107 5534 ,ίΔιὰ
3139 5467 3233 5534 τῆς
3263 5460 3423 5520 αὐτῆς
3477 5457 3586 5529 ἐφη.

209 5529 478 5608 ργὸῙεὲια
511 5550 524 5589 :
559 5529 630 5608 τὸ
669 5537 770 5608 γὰρ
815 5529 1436 5608 συνθέτου-ῦποοξτάσεως
1481 5540 1570 5586 καὶ
1604 5538 1662 5586 τὸ
1695 5535 1820 5586 ὑπο-

1949 5529 2030 5585 ΐου
2077 5529 2107 5584 .’
2137 5529 2526 5608 Latmo-relict.
2563 5531 2620 5585 Id
2653 5537 2741 5586 est
2806 5529 2816 5586 ἐ
2880 5531 3101 5586 Eodem
3159 5531 3296 5586 nisu
3345 5545 3448 5584 seu
3478 5546 3584 5586 co-

215 5601 490 5672 στατικὸν,
543 5607 606 5658 ἄν
654 5601 760 5679 ἄρα
803 5625 884 5668 τις
940 5607 1068 5667 ὅλως
1115 5605 1362 5658 ὑποθοίτο
1410 5613 1694 5679 προσεῖναι,
1743 5607 1828 5658 θέ-

812 5625 884 5668 ru;
940 5607 1068 5667 ὅλως
1115 5605 1362 5658 ὑποθοίτο
1410 5613 1694 5679 προσεῖναι,
1743 5607 1828 5658 θέ-
1933 5609 2078 5660 natu
2117 5601 2447 5680 distinguit.
