4140 6198
608 266 713 331 519

1820 264 2057 324 PHOTII
2096 262 2573 322 PATRIARCH/E
2612 264 2721 322 ΟΡ.

3887 258 4006 317 5'20

604 399 748 455 vina
773 394 1024 454 naturali
1058 393 1376 459 voluntate,
1408 408 1482 448 an
1509 393 1685 449 aliam
1717 394 1744 449 ?
1764 394 1820 448 Si
1850 393 2012 448 enim
2042 392 2254 447 eadem

2366 390 2641 463 ἑτερότητα
2698 392 3026 460 σχιζομένων
3078 387 3528 461 παρεισάγοντος;
3573 386 3617 438 εἰ
3681 382 3743 438 δε
3789 386 3999 461 ἕτερον,

605 492 715 553 est,
757 503 886 559 quae
924 486 1056 557 ipsa
1093 488 1341 558 περίνοια,
1378 482 1432 538 id
1467 487 1555 538 est
1578 483 1728 538 acris
1767 480 2123 551 excogitatio
2153 495 2256 534 no-

605 576 801 645 minis,
832 574 993 647 quod
1018 572 1244 628 inducit
1282 570 1491 627 falsam
1534 572 1794 643 speciem
1830 571 2141 626 notionum
2170 567 2256 622 di-

606 680 909 721 versarum
937 664 965 718 ‘I
1004 662 1093 717 sin
1145 678 1285 717 vero
1333 661 1450 715 alia
1480 664 1589 728 est,
1642 659 1949 732 quomodo
2000 673 2120 713 non
2151 656 2258 713 erit

605 754 725 811 alia
780 756 991 826 praeter
1037 750 1403 807 voluntatem
1440 766 1573 821 quae
1626 749 1685 804 in
1718 750 1887 805 Patre
1941 754 1995 804 et
2044 747 2255 817 Spiritu

605 846 813 901 sancto
830 844 1129 913 spectatur
1153 839 1180 894 ?
1205 839 1369 911 quod
1387 838 1650 894 estaliud
1679 837 2007 894 absurdum
2039 852 2050 890 :
2075 834 2254 905 siqui-

603 934 743 990 dem
772 929 1059 987 naturalis
1089 929 1150 984 in
1182 931 1301 984 Deo
1328 928 1600 984 voluntas
1632 944 1759 983 cum
1793 928 1865 982 sit
1894 924 2252 987 communis,

604 1026 659 1079 et
686 1018 1095 1091 inseparabilis
1116 1033 1153 1073 a
1174 1016 1355 1072 tribus
1381 1016 1651 1088 personis
1676 1016 1893 1071 divinis
1922 1030 1935 1080 ;
1962 1028 2127 1086 aeque
2152 1012 2255 1067 ho-

602 1114 809 1167 norate
839 1112 895 1164 et
932 1108 1057 1162 sine
1113 1106 1233 1162 ulla
1285 1105 1614 1161 variatione
1656 1106 1769 1177 (6'2)
1821 1104 1905 1159 eis
1960 1102 2253 1173 congruit,

604 1198 775 1265 Quod
804 1196 963 1253 enim
995 1196 1054 1251 in
1084 1198 1298 1251 natura
1326 1194 1631 1249 hominum
1672 1208 1793 1249 non
1821 1207 2147 1264 possumus
2172 1206 2256 1245 1n-

601 1288 881 1357 telligere,
920 1286 1035 1341 hoc
1073 1284 1133 1339 in
1188 1283 1525 1339 substantia
1556 1299 1684 1354 quae
1736 1299 1909 1353 supra
1947 1297 2132 1353 quam
2163 1279 2254 1334 di-

602 1378 737 1432 vina
766 1380 870 1440 est,
908 1378 967 1429 et
992 1389 1175 1445 supra
1200 1389 1381 1445 quam
1416 1371 1765 1435 substantia,
1800 1372 2013 1426 mentis
2049 1369 2256 1424 intelli-

602 1465 803 1534 gentia
831 1463 1115 1534 consequi
1140 1461 1275 1517 licet
1303 1481 1314 1519 :
1347 1460 1633 1516 naturalis
1653 1460 1814 1515 enim
1832 1460 1961 1530 ejus
1989 1466 2041 1514 et
2073 1475 2255 1529 supra

599 1570 787 1627 quam
818 1552 1021 1607 divina
1052 1551 1348 1617 voluntas,
1392 1551 1607 1604 unitate
1642 1549 1914 1619 ejusdem
1942 1554 2169 1620 γνώμης,
2193 1548 2253 1602 id

2365 488 2468 538 πῶς
2496 479 2589 530 ούκ
2628 478 2687 529 ἂν
2728 482 2827 542 εἵη,
2869 482 2959 529 καὶ
2998 484 3088 528 τοῦ
3133 475 3180 528 ἐν
3226 482 3393 550 Πατρὶ
3436 480 3526 528 καὶ
3560 479 3832 547 Πνεύματι
3872 479 4006 528 θεωο

2364 572 2614 641 ρουμένου
2677 568 2998 639 θελήματος;
3054 568 3174 638 ὅπερ
3237 567 3429 617 ἄτοπον
3497 566 3687 639 ἕτερον,
3744 570 3838 616 καὶ
3890 569 4002 639 γὰρ

2365 661 2422 707 τὸ
2466 660 2684 729 φυσικὸν
2734 655 2817 707 ἐπὶ
2860 661 2987 709 Θεοῦ
3030 655 3227 727 θελημα
3257 657 3424 706 κοινὸν
3457 656 3701 727 ὑπάρχον
3734 660 3829 706 καὶ
3876 652 4005 707 ἀξια

2367 750 2564 818 αἰρετον
2617 755 2715 797 τῶν
2768 754 2923 820 τριῶν
2980 748 3276 818 θεαρχικῶν
3319 746 3660 796 ὑποστάσεων
3713 745 4001 816 ὁμοτίμων

2366 856 2418 888 τε
2473 841 2562 887 καὶ
2626 834 3035 907 ἀπαραλλάκτως
3093 834 3271 894 αὐταῖς
3342 835 3525 908 ὁρᾶται
3586 835 4003 907 συναρμοζόμε-

2365 944 2466 978 νον.
2507 924 2572 975 ⁸0
2604 927 2704 996 γὰρ
2742 924 2827 975 ἐπι
2874 933 2970 985 τῆς
3015 932 3115 975 τῶν
3162 922 3445 997 ἀνθρώπων
3490 925 3695 993 φύσεως
3740 923 3843 975 οὐκ
3876 926 4002 976 ἔστι

2367 1010 2587 1065 δυνατὸν
2643 1012 2837 1081 λαϐεῖν,
2890 1020 3049 1064 τοῦτο
3107 1008 3174 1070 δὴ
3253 1014 3390 1063 κατὰ
3450 1016 3539 1069 τὴν
3587 1013 3843 1085 ύπέρθεον
3901 1018 4001 1064 καὶ

2366 1103 2675 1175 ύπερούσιον
2722 1102 2909 1153 ούσίαν
2974 1100 3086 1153 ἐστὶ
3129 1108 3395 1153 κατανοεῖν
3428 1117 3440 1130 ’
3490 1104 3548 1152 τὸ
3596 1104 3697 1174 γὰρ
3758 1105 4000 1173 φυσικὸν

2366 1190 2528 1251 αύτῆς
2581 1195 2669 1241 καὶ
2713 1191 2956 1262 ύπέρθεον
3004 1192 3134 1241 θεῖον
3187 1189 3384 1261 θέλημα
3431 1195 3719 1246 ταυτότητι
3771 1196 4003 1262 γνώμης

2366 1284 2453 1331 καὶ
2519 1284 2809 1350 συμπνοίας
2863 1278 3064 1336 ἐνὸτητι
3110 1283 3201 1330 καὶ
3253 1287 3326 1349 τῷ
3377 1277 3757 1352 ἀπαραλλάκτῳ
3806 1298 3999 1353 χαρα-

2366 1370 2666 1442 κτηρίζεται
2692 1378 2783 1429 τῆς
2816 1372 3106 1429 συνεύσεως
3131 1367 3181 1420 ιι.
3211 1375 3327 1430 Πῶς
3352 1367 3411 1419 ἂν
3443 1364 3531 1420 οὖν
3563 1368 3688 1431 ὅλως
3720 1373 3777 1421 τὸ
3810 1376 3998 1422 κοινὸν

2364 1468 2455 1519 τῆς
2489 1462 2685 1531 φύσεως
2722 1463 2811 1509 καὶ
2844 1456 3237 1531 ἀπαράλλακτον
3269 1458 3467 1530 θελημα
3505 1458 3572 1518 εἰς
3616 1460 3997 1511 ύποστατικὸν

2363 1553 2621 1620 γνωμικὸν
2656 1547 2960 1605 συσταλείη.

602 1649 717 1707 est,
753 1642 1057 1698 sententiae
1090 1645 1146 1695 et
1181 1638 1661 1711 conspirationis,
1700 1654 1769 1694 ac
1798 1642 1979 1692 nutus
2017 1637 2387 1692 invariabilis
2422 1640 2692 1707 signatur
2731 1637 2867 1707 (63).
2911 1636 3228 1702 Quomodo
3267 1635 3447 1706 igitur
3469 1635 3723 1691 omnino
3763 1638 3991 1695 volun-

602 1736 692 1788 tas
731 1729 1071 1786 communis
1116 1744 1255 1784 cum
1294 1733 1532 1794 natura,
1568 1732 1624 1782 et
1662 1726 2049 1794 invariabilis,
2099 1727 2159 1782 in
2197 1726 2640 1798 hypostaticam
2682 1725 3025 1797 gnomicam
3066 1724 3519 1781 contraheretur
3562 1729 3619 1781 et
3662 1725 4000 1783 conclude-

600 1825 762 1877 retur
790 1818 819 1873 7

672 1908 854 1979 Igitur
877 1905 1107 1980 proprie
1133 1905 1372 1978 quidem
1403 1920 1790 1977 nequaquam
1823 1904 2027 1961 divina
2053 1904 2256 1960 volun-

2438 1905 2646 1978 Κυρίως
2693 1905 2782 1975 μὲν
2832 1902 2925 1955 ούκ
2973 1902 3032 1953 ἂν
3088 1898 3334 1975 οὐδαμῶς
3379 1902 3565 1977 ῥηθείη
3610 1905 3745 1957 θεῖον
3783 1926 3996 1979 γνωμι-

600 2002 691 2055 tas
714 1996 991 2070 gnomica
1029 1996 1089 2051 in
1130 1996 1357 2052 Christo
1398 1994 1640 2059 dicetur,
1675 1994 1810 2065 quia
1841 2010 1949 2050 nec
1982 1995 2037 2049 in
2069 1996 2250 2064 Patre,

600 2103 710 2144 nec
732 2088 791 2142 in
823 2086 1039 2158 Spiritu
1060 2090 1266 2141 sancto
1281 2084 1518 2155 proprie
1534 2083 1833 2155 loquendo
1854 2084 2096 2139 audebit
2116 2083 2253 2157 quis

600 2176 817 2233 dicere.
842 2174 898 2231 Si
920 2174 1054 2247 quis
1078 2189 1218 2229 vero
1243 2172 1518 2228 abutatur
1548 2188 1715 2241 voce,
1747 2172 1968 2227 ducens
1990 2188 2123 2227 eam
2153 2188 2257 2244 per

600 2264 1052 2322 translationem
1078 2278 1114 2318 a
1140 2262 1411 2333 personis
1433 2262 1737 2327 humanis,
1767 2277 2148 2333 nequaquam
2166 2263 2255 2316 in-

601 2354 1001 2425 telligentiam,
1030 2369 1159 2425 quae
1194 2352 1379 2407 Deum
1412 2351 1590 2415 decet,
1619 2350 1978 2422 depravans,
2005 2350 2256 2406 fortasse

598 2460 722 2500 non
751 2442 998 2515 privabit
1028 2457 1091 2496 se
1108 2441 1282 2496 venia
1302 2441 1361 2495 in
1385 2440 1599 2507 verbis,
1621 2440 1912 2495 adhibens
1933 2440 2255 2495 verborum

600 2532 1007 2595 correctiones,
1059 2546 1129 2586 ac
1159 2545 1280 2585 non
1320 2530 1519 2600 potius
1570 2529 1859 2583 inducens
1918 2529 2112 2585 aliena
2154 2529 2257 2585 do-

602 2625 807 2693 gmata
839 2620 952 2691 (64)
982 2638 995 2687 ;
1029 2634 1151 2674 non
1177 2617 1285 2673 erit
1316 2618 1577 2673 alienum
1608 2618 1891 2689 deinceps
1915 2632 2136 2689 ponere
2164 2633 2255 2681 ea,

602 2709 824 2782 quibus
878 2708 1060 2781 aliqui
1090 2707 1372 2771 nituntur,
1424 2712 1486 2762 ut
1517 2712 1744 2779 putent,
1787 2723 1847 2763 se
1901 2707 2257 2762 conﬁrmare

600 2799 969 2855 voluntatem
992 2797 1351 2853 contrariam
1371 2796 1586 2851 sanctis
1602 2796 1793 2853 verbis
1809 2796 1919 2868 (65)
1948 2816 1957 2858 ;
1986 2802 2041 2851 et
2057 2795 2257 2852 distin-

602 2888 802 2954 ctioni,
835 2903 906 2943 ac
936 2892 1107 2942 rectae
1147 2886 1549 2955 intelligentiaa
1589 2902 1660 2942 ea
1691 2887 1819 2958 ipsa
1849 2886 2160 2957 subjicere,
2195 2890 2259 2942 ut

601 2977 1081 3033 demonstremus
1107 2975 1263 3031 hanc
1306 2976 1573 3047 ipsorum
1601 2976 2046 3031 excusationem
2090 2974 2253 3032 abla-

603 3074 731 3123 tam
762 3080 914 3121 esse.

674 3244 847 3299 Aiunt
878 3242 1073 3312 igitur,
1108 3240 1331 3295 dictum
1359 3255 1485 3295 esse
1515 3256 1527 3294 :
1567 3260 1591 3289 α
1626 3242 1750 3295 Non
1774 3238 1907 3294 veni
1948 3243 2011 3294 ut
2040 3238 2252 3294 faciam
2288 3263 2327 3318 ρ

600 3334 973 3388 voluntatem
1008 3345 1226 3395 meam,
1256 3330 1359 3384 sed
1381 3329 1509 3399 ejus
1538 3329 1641 3399 qui
1676 3328 1835 3383 misit
1863 3344 1954 3382 me
1981 3328 2189 3395 Patris,
2222 3346 2253 3380 ›

601 3421 1098 3491 manifestumque
1111 3434 1259 3483 esse,
1276 3417 1601 3487 signiﬁcari
1614 3417 1709 3472 hic
1724 3417 2089 3472 voluntatem
2110 3432 2251 3485 gno-

604 3510 839 3565 micam.
866 3508 1052 3563 Facile
1071 3513 1473 3562 estoccurrere
1491 3506 1627 3561 huic
1645 3505 1969 3577 objectioni
2004 3521 2015 3560 ε
2036 3506 2081 3560 si
2098 3506 2253 3560 enim

604 3614 742 3654 cum
774 3598 933 3663 dixit,
969 3616 997 3647 «
1051 3596 1408 3651 voluntatem
1463 3595 1670 3661 Patris,
1701 3612 1732 3649 »
1763 3610 1883 3649 non
1932 3594 2255 3650 declaravit

600 3685 937 3759 gnomicam
974 3704 986 3753 ;
1014 3700 1137 3740 non
1164 3684 1326 3740 enim
1348 3683 1529 3738 tribus
1550 3684 1821 3754 personis
1848 3683 2065 3738 divinis
2087 3684 2253 3755 pium

600 3780 692 3832 est
721 3775 914 3830 dicere
954 3772 1300 3844 gnomicam
1332 3772 1699 3827 voluntatem
1739 3788 1886 3837 esse,
1910 3772 2090 3843 liquet
2120 3790 2251 3829 cum

600 3863 769 3931 dixit,
802 3882 829 3915 «
868 3862 1233 3917 voluntatem
1267 3878 1485 3925 meam,
1523 3886 1550 3912 ν
1578 3877 1701 3917 non
1740 3860 2105 3930 gnomicam,
2149 3863 2253 3918 sed

599 3952 933 4009 naturalem
961 3953 1298 4007 declarasse
1332 3968 1346 4017 ;
1374 3967 1556 4023 quare
1585 3967 1704 4006 non
1751 3950 1942 4005 solum
1973 3951 2125 4022 quod
2158 3951 2254 4007 hic

599 4040 660 4097 in
691 4041 987 4113 Scriptura
1007 4040 1233 4096 dictum
1254 4044 1358 4106 est,
1387 4056 1505 4095 non
1530 4041 1864 4111 gnomicam
1889 4043 2251 4097 voluntatem

599 4129 835 4203 probat,
860 4130 963 4185 sed
995 4128 1191 4201 potius
1210 4129 1367 4185 hanc
1398 4128 1739 4201 opinionem
1773 4129 1974 4184 evertit
2000 4136 2053 4185 et
2085 4129 2249 4196 tollit,

2365 1998 2454 2045 κόν
2512 1992 2591 2046 ἐπὶ
2654 2001 2883 2065 Χριστοῦ
2938 1992 3153 2064 θελημα,
3210 1994 3288 2045 ὅτι
3345 1990 3476 2064 μηδ’
3532 1992 3614 2045 ἐπὶ
3667 2002 3762 2046 τοῦ
3825 1995 3994 2065 ἁγίου

2368 2085 2659 2155 Πνεύματος
2706 2080 3022 2156 κυριολογῶν
3084 2101 3159 2142 τις
3213 2081 3370 2133 εἰπεῖν
3433 2081 3758 2156 θαρῥησειεν.
3809 2082 3993 2157 Ὀπερ

2364 2173 2464 2244 γάρ
2510 2171 2624 2223 ἐστι
2674 2174 2863 2233 κοινὸν,
2910 2179 3017 2232 πῶς
3068 2168 3127 2221 ἂν
3167 2172 3517 2223 ύποστατικὸν
3576 2174 3673 2237 εἴη,
3724 2168 3855 2224 οὐδὲ
3904 2192 3995 2234 τις

2365 2270 2680 2334 καταχρῷτο
2724 2269 2784 2332 τῇ
2821 2268 2956 2332 φωνῇ
3004 2262 3139 2311 κατὰ
3183 2265 3474 2334 μεταφορὰν
3524 2260 3685 2319 αὐτὴν
3735 2260 3841 2314 ἀπὸ
3883 2271 3992 2314 τῶν

2367 2350 2695 2423 ἀνθρωπίνων
2770 2349 3042 2421 λαμϐάνων
3115 2350 3451 2410 ὑποστάσεως
3477 2350 3511 2415 Ι,
3566 2346 3833 2422 μηδαμῶς
3888 2356 3990 2409 τὴν

2368 2444 2619 2513 θεοπρεπῆ
2678 2436 2993 2513 διαφθείρων
3048 2436 3304 2505 διάνοιαν,
3365 2443 3494 2501 ἰσως
3547 2439 3606 2491 ἂν
3651 2439 3837 2493 ἑαυτὸν
3887 2450 3990 2503 τῆς

2366 2530 2416 2581 ἐν
2459 2529 2630 2600 λόγοις
2678 2532 2771 2581 οὐκ
2824 2530 3174 2602 ύποστερήσει
3216 2535 3551 2601 συγγνώμης,
3597 2530 3852 2603 ῥημάτων
3902 2531 3987 2583 εύ-

2369 2620 2524 2679 θύνας
2579 2618 2789 2690 ἰώμενος
2829 2630 2895 2681 m,
2945 2617 3051 2668 ἀλλ’
3114 2617 3174 2670 ού
3230 2614 3509 2689 δογμάτων
3564 2618 3987 2691 εἰσπράττεσθαι

2366 2706 2757 2782 ἀλλοτριότητα,
2808 2707 2993 2759 οἰκεῖον
3052 2704 3105 2759 δ’
3162 2706 3222 2758 ἂν
3271 2710 3373 2772 εἴη,
3428 2712 3516 2760 καὶ
3555 2708 3632 2768 οἷς
3676 2717 3776 2759 τῶν
3830 2710 3986 2781 ἱερῶν

2364 2796 2610 2870 ῥημάτων
2676 2792 3056 2869 ἐπερειδόμενοι
3111 2798 3169 2848 τὸ
3224 2794 3448 2848 ἐναντίον
3512 2798 3795 2869 νομίζουσι
3851 2817 3986 2870 κραο

2366 2888 2528 2936 τύνειν
2602 2884 2798 2957 θέλημα
2866 2890 2955 2937 καὶ
3028 2892 3195 2937 ταῦτα
3263 2887 3611 2957 παραθέσθαι,
3672 2890 3761 2937 καὶ
3850 2888 3987 2939 ὑπο⁹

3700 2974 3983 3049 ὀρθότητι,

2364 3067 2453 3115 καὶ
2527 3066 2720 3121 ταύτην
2797 3063 2963 3115 αὐτῶν
3031 3061 3364 3137 ἀφῃρημένην
3441 3060 3611 3126 δεῖξαι
3687 3069 3783 3123 τὴν
3848 3072 3985 3141 πρό-

2365 2972 2644 3034 κάλλοντας
2768 2972 3041 3048 εύκρινείᾳ,
3159 2978 3247 3025 καὶ
3363 2970 3597 3035 διανοίας

2366 3170 2545 3223 φασιν.

2436 3246 2597 3293 Φασὶν
2620 3237 2706 3293 οὖν
2734 3240 2996 3313 εἰρῆσθαι,
3021 3264 3048 3291 ‹‹
3085 3241 3194 3293 Ούκ
3222 3238 3376 3299 ἦλθον
3409 3242 3493 3294 ἵνα
3520 3250 3651 3294 ποιῶ
3681 3245 3739 3294 τὸ
3773 3242 3981 3315 θέλημα

2363 3333 2421 3381 τὸ
2453 3329 2592 3401 ἐμὸν,
2625 3328 2753 3381 ἀλλὰ
2781 3333 2837 3381 τὸ
2874 3330 3071 3402 θελημα
3110 3337 3200 3382 τοῦ
3244 3329 3544 3403 πέμψαντός
3576 3350 3639 3403 με
3687 3337 3914 3404 Πατρός,
3948 3356 3977 3379 ιι

2368 3423 2465 3471 Καὶ
2494 3414 2736 3475 δηλονότι
2782 3422 2837 3470 τὸ
2889 3422 3176 3490 γνωστικὸν
3208 3430 3235 3460 ο
3276 3422 3499 3471 ἐνταῦθα
3540 3425 3857 3491 σημαίνεται
3901 3424 3980 3475 θέ-

2363 3506 2507 3579 λημα
2531 3526 2542 3536 ·
2580 3512 2708 3580 πρὸς
2738 3508 2763 3559 ὃ
2792 3508 2917 3581 ῥᾷόν
2949 3506 3088 3560 ἐστιν
3123 3506 3442 3574 ἀπαντῆσαι,
3478 3512 3546 3569 ὡς
3576 3510 3617 3561 εἰ
3651 3530 3675 3559 ιι
3709 3514 3781 3562 Τὸ
3829 3511 3981 3569 θελη-

2363 3617 2437 3669 μα
2494 3605 2585 3649 τοῦ
2636 3602 2855 3671 Πατρός,
2905 3619 2929 3648 ν
2973 3597 3030 3649 ού
3080 3601 3138 3650 τὸ
3188 3602 3447 3669 γνωμικὸν
3497 3595 3756 3657 ἐδήλωσεν
3793 3601 3975 3656 εἰπών.

2364 3686 2446 3752 (ού
2491 3689 2591 3760 γάρ
2634 3685 2774 3738 ἔστῖν
2816 3687 2901 3738 ἐπὶ
2945 3696 3041 3739 τῶν
3089 3688 3382 3758 θεαρχικῶν
3430 3696 3584 3760 τριῶν
3629 3690 3976 3742 ύποστάσεων

2366 3775 2563 3847 θέλημα
2610 3780 2869 3847 γνωμικὸν
2914 3774 3253 3828 εὐσεϐούντων
3295 3774 3685 3847 ἀποφήνασθαι)
3720 3794 3734 3806 ο
3782 3774 3979 3836 δηλον-

2364 3869 2443 3916 ότι
2473 3869 2557 3915 καὶ
2593 3886 2621 3914 ι(
2649 3868 2706 3916 τὸ
2741 3865 2935 3937 θελημα
2966 3868 3023 3917 τὸ
3046 3864 3164 3937 ἐμὸν
3193 3885 3220 3915 ››
3252 3870 3569 3939 προσειπὼν,
3596 3865 3655 3917 ού
3686 3869 3744 3918 τὸ
3775 3887 3975 3940 γνωμι-

2362 3956 2472 4019 κὸν,
2529 3953 2656 4005 ἀλλὰ
2702 3958 2759 4006 τὸ
2810 3957 3027 4026 φυσικὸν
3074 3949 3451 4019 συνεδήλωσεν,
3500 3956 3563 4014 ὡς
3608 3973 3663 4006 τε
3706 3954 3767 4007 ού
3818 3962 3977 4028 μόνον

2362 4046 2420 4094 τὸ
2485 4043 2641 4115 ῥητὸν
2722 4046 3122 4115 τὸργνωμικὸν
3187 4044 3339 4095 ποθεν
3414 4047 3702 4100 συνίστησι
3751 4044 3977 4116 θέλημα,

2365 4129 2470 4183 ἀλλ’
2527 4131 2842 4204 ἀναιρετικὸν
2899 4131 3009 4185 ἐστι
3072 4130 3262 4204 μᾶλλον
3309 4140 3405 4194 τῆς
3459 4134 3707 4193 τοιαύτης
3771 4134 3978 4193 ὑπολη-

1946 4244 2195 4300 VARIAE
2236 4246 2639 4303 LECTIONES.

672 4349 704 4392 κ
740 4354 787 4410 Ι.
830 4353 1160 4412 συννιύσεως.
1194 4351 1212 4386 ¹
1251 4351 1613 4406 ύποστάσεων.
1693 4374 1735 4404 m
1762 4353 1803 4406 Ῑ.
1835 4350 2085 4423 οἰόμενος.
2163 4364 2210 4397 ιι-
2245 4365 2273 4395 ο
2294 4358 2403 4409 An.
2437 4357 2716 4426 γνωμικὸν.
2810 4364 2840 4407 P
2868 4354 3129 4411 Turrian.
3153 4352 3310 4425 legit.
3340 4353 3399 4407 ού
3427 4357 3504 4408 τό.

2165 4462 2390 4518 NOT/E.

674 4575 821 4648 (62)
868 4573 1011 4648 Sine
1071 4573 1201 4648 alta
1277 4571 1639 4648 vaﬁalione__
1682 4573 2134 4648 Ἀπαραλλάκτως.
2196 4576 2257 4630 Id
2288 4576 2332 4629 D
2365 4580 2421 4632 et
2450 4574 2750 4648 indiversa
2781 4591 2887 4631 seu
2914 4575 3275 4633 indistincta.

602 4644 693 4704 est
722 4663 734 4701 :
769 4644 905 4719 Sine
937 4645 1058 4699 ulla
1086 4644 1417 4719 differentia
1449 4660 1551 4719 seu
1583 4644 1941 4719 diversitate.
2437 4648 2548 4717 (64)
2571 4647 2868 4703 Adhibens
2893 4648 3203 4703 verborum
3224 4646 3631 4719 correctiones,
3646 4662 3719 4704 ac
3738 4664 3859 4705 non
3879 4666 3973 4719 po-

672 4716 1452 4791 Equidemcumvoluntas
1484 4716 1685 4791 divina
1730 4716 1941 4791 dicitur
1968 4733 2099 4791 esse
2131 4720 2258 4775 sine
2366 4716 2479 4791 (ius
2526 4716 2815 4791 inducens
2860 4720 3063 4791 aliena
3080 4720 3390 4791 irdogrmata
3437 4718 3708 4791 Ῥοῖμάτων
3756 4716 3971 4784 εὐθύνας

602 4787 1153 4865 ullabarialiongej
1167 4803 1234 4865 u_s
1253 4788 2257 4865 indicaturimmutabilitas,dequ_a
2368 4790 2574 4865 ζῶμενος
2600 4790 2745 4862 [lege
2770 4789 3017 4865 οίὸμενος]
3046 4790 3150 4865 αλλ’
3179 4790 3237 4865 ού
3265 4787 3541 4865 δογμάτων
3566 4792 3973 4865 εἰσπράττεσθαι

606 4842 729 4936 non
756 4842 995 4927 vagitur.
1052 4842 1285 4912 P'hbtius
1316 4858 1685 4936 identitalem
1727 4842 1888 4936 notat
1938 4842 2256 4936 voluntatis
2365 4842 2755 4936 ςξλδρτρὶάὲήὲοὶ,
2792 4842 2859 4915 Id
2884 4842 3017 4917 est?
3046 4864 3193 4917 Suos
3225 4842 3509 4936 loquendi
3536 4842 3973 4936 modbisemen;

608 4933 812 5003 trium_
839 4944 1257 5003 personarum.
1316 4931 1575 5003 Utuntur
1614 4946 1766 5001 smpe
1819 4930 2005 4986 Grmci
2059 4935 2256 4987 Patres
2366 4933 2493 4987 dari
2519 4930 2897 4998 existimans,
2930 4949 3051 4987 non
3092 4948 3231 4988 vero
3271 4930 3630 5003 dogmatum
3660 4933 3973 4993 diversita-

604 5017 751 5075 voce
793 4999 1205 5075 annnam,
1238 5001 1401 5075 quod
1436 4999 1711 5075 plerique
1744 5005 2101 5075 interpretes
2123 5003 2255 5057 red-
2366 5010 2481 5059 tem
2515 5004 2784 5059 accusari
2812 5009 2916 5059 aut
2943 5004 3144 5059 refelli.

605 5072 881 5128 duntsine
901 5072 1264 5148 variatione,
1286 5072 1638 5148 invariabile
1666 5089 1679 5138 ;
1712 5073 1814 5148 sed
1838 5074 1916 5127 illi
1947 5073 2256 5148 debilitant
2436 5078 2553 5148 (65)
2582 5077 2713 5148 Non
2734 5075 2843 5130 erit
2866 5076 3123 5131 alienum
3145 5075 3415 5144 deinceps
3434 5091 3655 5144 ponere
3676 5092 3739 5132 ea
3761 5078 3969 5148 quibus

606 5149 956 5217 mutantque
1016 5145 1370 5217 sententiam
1422 5147 1665 5217 Patrum
1700 5159 1711 5197 :
1746 5146 1836 5199 Sic
1888 5146 2048 5199 enim
2093 5146 2255 5200 reddi
2365 5145 3969 5217 alz‘quinituntur,utpulentseconﬁrmarevoluntatem

606 5215 803 5278 debet,
833 5214 958 5269 sine
988 5214 1349 5281 (li/ferentia,
1378 5216 1501 5269 sine
1526 5214 1886 5279 diversitate,
1922 5222 2031 5271 etc.
2364 5214 2721 5273 contrariam
2753 5214 2976 5273 sanctis
3008 5218 3195 5274 verbis
3223 5235 3236 5273 :
3264 5217 3464 5270 Οἰκεῐον
3500 5214 3549 5270 δ’
3582 5217 3642 5269 ἂν
3672 5223 3749 5277 εἴη
3780 5228 3870 5273 καὶ
3896 5225 3969 5285 οἷς

678 5285 793 5363 (63)
818 5286 894 5340 Ac
917 5291 1095 5363 natas
1118 5286 1516 5349 invariabilis,
1546 5291 1657 5363 etc.
1678 5294 1727 5341 et
1750 5286 2257 5363 invariabilismai
2364 5298 2463 5341 τῶν
2488 5290 2631 5361 ἱερῶν
2660 5290 2905 5363 ῥημάτων
2938 5286 3317 5363 ἐᾼπερειὸόμενοι
3337 5293 3395 5341 τὸ
3422 5288 3642 5363 ἐναντίον
3662 5293 3969 5363 νομίζουσιν

606 5356 691 5432 τῶν
773 5356 1150 5432 ὰπαραλλάκτω
1248 5357 1702 5432 χαρακτηρίζεται
1792 5366 1885 5419 τῆς
1978 5362 2258 5420 συνεύσεως
2364 5356 2629 5432 κρατύνειν
2660 5356 2901 5432 θέλημα.
2954 5356 3185 5416 Ιάθεῐέ
3214 5363 3341 5416 Non
3388 5360 3497 5416 erit
3524 5356 3782 5417 alienum
3822 5380 3893 5420 ea
3938 5382 3967 5420 ὃ

611 5424 759 5511 [lege
808 5424 1335 5511 auvv_500:EwG]-Mnf3§'
1386 5424 1597 5511 ἄνμρὖν
1656 5429 1781 5511 ὅλῳς
1834 5434 1913 5511 τὸΔ
1948 5434 2115 5511 κοινὸν
2167 5439 2257 5491 τῆς
2366 5424 2549 5511 sacris
2575 5432 2773 5511 verbis
2800 5424 3361 5511 apponere,_quibus
3389 5432 3705 5489 innitentes
3728 5434 3810 5511 illi
3840 5452 3970 5491 con-

609 5500 805 5575 ﬁdem;
838 5504 946 5575 aut
1004 5500 1394 5575 ᾁπαράλλάκτον
1454 5500 1673 5575 θελημαῖ
1727 5502 1783 5555 Id
1836 5506 1921 5575 est
1986 5519 1997 5557 :
2034 5504 2255 5575 Et_nu-
2367 5506 2604 5560 trariam
2626 5500 2989 5559 voluntatem
3012 5500 3368 5575 conﬁrmare
3396 5519 3458 5559 se
3480 5520 3658 5575 posse
3680 5506 3972 5565 arbitran-

608 5570 704 5627 tus
734 5572 788 5648 in
814 5570 1489 5648 diversitate,_seunutus
1507 5570 2259 5648 ejusdem_signatur.0uo-
2366 5580 2493 5648 tur.‘
2516 5606 2579 5648 έ-
2612 5576 2748 5648 Erat
2778 5576 3130 5648 ambiguum
3172 5574 3322 5633 illud
3358 5570 3725 5635 contrariam
3752 5581 3968 5639 sancti:

608 5642 792 5703 modo
834 5643 1012 5715 igitur
1041 5642 1279 5700 omnino
1322 5642 1650 5700 communis
1706 5642 1979 5701 voluntas
2028 5650 2255 5703 naturae
2364 5645 2557 5705 verbis
2588 5646 2876 5705 Turriani.
