4140 6198
181 331 287 387 521
1228 332 1319 386 AD
1361 327 1902 386 AMPHILOCHIUM
1942 329 2267 399 QUIESTIU
2308 336 2529 394 LXXX.
3450 337 3554 394 522

179 458 345 531 ψεως.
375 459 446 512 Τὸ
474 457 576 531 γὰρ
623 458 842 530 φυσικὸν
872 457 1122 530 ὁμοταγές
1164 456 1298 524 ἔστι,
1326 461 1416 512 καὶ
1442 453 1794 510 ἀνταποδιδό-

1920 461 2175 518 Naturale
2205 463 2367 521 enim
2393 469 2450 521 et
2473 462 2744 521 naturale
2777 463 3048 536 ejusdem
3069 463 3295 520 ordinis
3315 467 3474 531 sunt,
3498 469 3555 523 et

179 567 338 622 μενον
370 557 444 619 τῷ
489 555 715 619 φυσικῷ,
751 549 922 622 ὥσπερ
958 550 1014 600 τὸ
1047 551 1306 620 γνωμικὸν
1347 549 1664 620 ὁμὸστοιχον
1702 553 1792 600 καὶ

1917 548 2014 604 sibi
2036 553 2482 623 respondentia,
2509 556 2660 610 sicut
2679 555 3027 625 gnomicum
3042 559 3098 610 et
3118 554 3469 626 gnomicum
3491 554 3552 612 in

183 635 619 710 συνδιακείμενον
645 644 718 707 τῷ
743 643 1006 708 γνωμικᾷκ

838 643 1006 708 ιμικῷ.
1901 639 2112 696 eadem
2141 643 2289 698 serie
2321 648 2473 700 sunt.

261 731 367 780 Kui
429 725 596 787 ἄλλως
655 721 714 777 δὲ
761 725 1068 798 οἰκειότερον
1111 725 1238 784 ἆνῆ
1297 729 1478 779 ἐκεῖνοι
1527 731 1690 797 φαῖεν,
1751 722 1794 775 εἰ

1971 729 2150 786 Aliter
2173 732 2353 788 etiam
2382 737 2436 789 et
2465 733 2931 801 convenientius,
2955 749 3138 806 quam
3161 733 3241 789 illi
3267 733 3550 802 dicerent,

181 815 484 892 ἀρνητικῶς
533 815 804 887 ἐκληφθείη
854 823 953 867 τῶν
1002 819 1259 888 ὀνομάτων
1299 819 1327 874 ἡ
1373 813 1590 887 δύναμις
1619 830 1632 880 ;
1665 815 1790 878 οἷον,

1913 818 2014 873 iici
2056 825 2267 891 potest,
2311 823 2358 876 si
2402 824 2725 895 accipiatur
2756 825 2841 880 vis
2889 824 3197 879 nominum
3247 828 3548 894 neganter,

185 926 216 957 (ι
247 906 364 958 Οὐκ
413 902 567 964 ἦλθον
618 907 702 957 ἵνα
741 913 876 957 ποιῶ
922 908 982 957 τὸ
1020 905 1215 978 θέλημα
1261 909 1319 958 τὸ
1356 908 1496 977 ἐμὸν,
1533 925 1560 955 ))
1603 903 1660 956 οὗ
1690 904 1792 976 γάρ

1918 923 2010 978 πο
2041 925 2131 974 eo,
2170 915 2233 966 ut
2261 911 2493 967 dicatur
2521 929 2534 964 :
2572 933 2599 964 «
2633 916 2759 968 Non
2785 913 2915 968 veni
2943 918 3003 968 ut
3034 912 3252 968 faciam
3280 911 3553 967 volunta-

181 993 332 1047 ἐστιν
379 994 508 1057 ὅλως
554 994 722 1066 ἕτερον
776 996 975 1058 θέλημα
1014 998 1158 1068 παρὰ
1209 1001 1301 1046 τοῦ
1331 1006 1359 1049 q
1402 992 1448 1046 ἐν
1501 996 1666 1064 Πατρὶ
1704 997 1793 1043 καὶ

1917 1012 2020 1053 :em
2048 1015 2265 1067 meam,
2295 1021 2322 1052 »
2347 1017 2468 1056 non
2496 1003 2650 1058 enim
2677 1003 2920 1058 omnino
2951 1002 3068 1058 alia
3089 1001 3363 1058 voluntas
3414 1017 3552 1058 mea.

181 1085 452 1156 Πνεύματι
503 1085 846 1158 θεωρούμενον
899 1087 957 1134 τὸ
1007 1082 1151 1156 ἐμόν.
1205 1083 1266 1136 Εἰ
1309 1080 1368 1136 δὲ
1411 1079 1539 1154 μηδ’
1586 1080 1793 1155 ἀρνητι-

1915 1094 1988 1142 ast
2031 1093 2241 1161 praeter
2284 1106 2419 1146 eam
2466 1107 2600 1163 quae
2654 1091 2715 1147 in
2761 1095 2926 1148 Patre
2980 1097 3037 1148 et
3087 1091 3304 1164 Spiritu
3343 1097 3550 1148 sancto

178 1181 290 1234 κῶς
331 1192 412 1234 τις
460 1171 590 1224 ἀλλὰ
635 1180 979 1245 συγκριτικῶς
1029 1177 1118 1230 τὴν
1176 1176 1344 1244 φωνὴν
1397 1168 1524 1224 εἶναι
1576 1175 1787 1243 νομίσῃ,

1917 1178 2227 1244 spectatur.
2270 1174 2333 1234 Si
2359 1177 2494 1248 quis
2525 1193 2662 1232 vero
2694 1192 2813 1232 non
2845 1177 3140 1249 negative,
3170 1176 3278 1232 sed
3311 1193 3552 1248 compa-

179 1265 309 1334 ὅπερ
366 1266 456 1314 καὶ
513 1260 703 1334 μᾶλλον
756 1265 815 1313 1'6
865 1270 962 1324 τῆς
1013 1261 1194 1325 λέξεως
1250 1260 1525 1314 ὑποϐάλλει
1577 1264 1792 1335 πρόχει-

1915 1262 2084 1319 'ative
2128 1279 2338 1320 vocem
2364 1265 2587 1320 dictam
2613 1281 2743 1321 esse
2772 1266 3084 1330 existimet,
3119 1266 3179 1320 id
3211 1265 3378 1338 quod
3407 1265 3550 1322 faci-

176 1371 274 1424 ρον
308 1369 322 1383 ·
366 1352 570 1408 νοηθείη
628 1349 686 1402 ἃν
739 1350 950 1413 εἰκότως
997 1354 1065 1412 ὡς
1103 1351 1198 1404 οὐκ
1247 1347 1400 1409 ἦλθον
1451 1357 1671 1409 ποιῆσαι
1731 1352 1790 1401 τὸ

1914 1353 2011 1408 .ius
2035 1357 2090 1410 et
2117 1354 2309 1424 magis
2333 1362 2670 1427 promptum
2700 1362 2789 1410 est
2814 1356 2874 1410 in
2906 1356 3038 1428 ipsa
3060 1371 3207 1410 voce
3235 1355 3309 1412 ad
3341 1355 3549 1410 intelli-

179 1442 410 1514 φυσικὸν
462 1440 661 1512 θέλημα
726 1449 817 1500 τῆς
870 1439 1194 1513 ἀνθρωπίνης
1253 1443 1474 1512 φύσεως,
1535 1438 1663 1491 ἀλλὰ
1731 1441 1789 1490 τὸ

1914 1442 2186 1511 gendum,
2209 1444 2520 1515 poteritsic
2539 1443 3224 1514 consentaneeintelligi:
3255 1443 3382 1500 Non
3413 1444 3549 1500 veni

179 1533 357 1584 θεῖκόν
386 1549 398 1561 °
433 1531 554 1605 ὅπερ
606 1527 718 1581 ἐστὶ
764 1534 854 1582 καὶ
892 1529 962 1601 ςοῦ
1019 1532 1300 1602 γνωμικὸν,
1343 1527 1449 1580 ἀλλ’
1499 1528 1684 1581 ἑνιαῖόν
1740 1547 1791 1580 τε

1907 1535 1963 1586 ut
1991 1531 2208 1587 faciam
2241 1532 2593 1588 voluntatem
2626 1535 2958 1590 naturalem
2988 1533 3265 1588 humanae
3296 1537 3542 1599 naturae,

177 1626 272 1673 xui
329 1619 738 1693 ἀπαραλλάκτως
798 1617 847 1670 ἐν
915 1625 1031 1680 ταῖς
1090 1623 1234 1693 τρισὶ
1301 1621 1610 1690 θεαρχικαίς
1660 1619 1792 1669 ὐπο-

1910 1621 2000 1676 5ed
2050 1621 2414 1677 voluntatem
2445 1622 2728 1688 divinam,
2761 1638 2896 1694 quas
2925 1627 3016 1678 est
3062 1621 3292 1689 eadem,
3337 1626 3395 1677 et
3424 1636 3545 1677 non

181 1711 415 1762 στάσεσι
475 1711 839 1780 θεωρούμενον,
891 1707 936 1760 εἰ
1003 1713 1095 1760 xui
1159 1706 1242 1760 ἐπὶ
1305 1715 1396 1768 τῆς
1466 1707 1787 1780 ἀνθρωπίνης

1912 1710 2192 1778 gnomica,
2227 1711 2332 1766 sed
2368 1710 2703 1782 singularis,
2738 1727 2807 1768 ac
2838 1711 2964 1766 sine
2986 1710 3108 1766 ulla
3131 1711 3464 1766 variatione
3486 1711 3547 1766 in

177 1802 390 1872 φύσεως
453 1802 544 1849 καὶ
608 1805 708 1848 τῶν
760 1795 922 1849 ἄλλων
983 1797 1220 1848 ἁπάντων
1274 1798 1374 1849 ὅσα
1426 1793 1782 1869 δημιουργικῆ

1914 1798 2083 1854 ribus
2108 1801 2378 1871 personis
2425 1799 2642 1855 divinis
2674 1800 2787 1873 (66)
2815 1817 2829 1866 ;
2859 1805 2914 1856 et
2954 1800 3000 1855 si
3033 1799 3092 1855 in
3135 1799 3403 1855 humana
3443 1814 3549 1854 na-

180 1892 348 1960 σοφίᾳ
431 1888 746 1952 ὑπέστησεν,
820 1889 912 1938 οὔκ
1007 1885 1068 1937 ἂν
1151 1882 1397 1957 οὐδαμῶς
1478 1887 1780 1960 θεωρηθείη,

1911 1903 2025 1943 ;ura
2048 1892 2104 1942 et
2136 1889 2194 1943 in
2227 1888 2356 1943 aliis
2411 1888 2713 1954 omnibus,
2765 1904 3136 1961 quacunque
3201 1888 3407 1944 divina
3455 1905 3546 1942 sa-

176 1974 297 2031 οὐδ’
353 1975 508 2048 ἐγγὺς
548 1980 819 2048 γενόμενον
880 1983 975 2038 τῆς
1027 1977 1163 2036 θείας
1211 1980 1302 2028 καὶ
1353 1976 1599 2049 ὑπερθέου
1649 1971 1784 2027 ἰδιό-

1909 1976 2114 2047 ῥὶοηῐίει
2145 1977 2379 2044 creavit,
2411 1992 2799 2050 nequaquam
2828 1977 2943 2034 hoc
2973 1980 3271 2049 spectatur
3299 1976 3544 2042 factum,

174 2085 359 2128 τητος.
1892 2065 2264 2138 nequequod
2279 2067 2352 2122 sit
2367 2081 2553 2138 prope
2570 2066 2839 2123 divinam
2858 2067 3384 2139 sempiternitatem
3407 2066 3543 2138 (67).

253 2156 313 2209 Ei
347 2151 408 2208 δέ
447 2173 525 2215 τις
572 2158 932 2228 προστετηκὼς
963 2155 1038 2212 εἴη
1081 2161 1154 2223 τῷ
1199 2161 1290 2206 τοῦ
1328 2161 1593 2225 γνωμικοῦ
1641 2153 1785 2212 θελή-

1967 2155 2021 2209 Si
2071 2154 2204 2224 quis
2259 2169 2400 2210 vero
2459 2153 2534 2209 sit
2583 2154 2801 2210 afﬁxus
2857 2154 2997 2210 huic
3055 2154 3233 2210 verbo
3282 2154 3543 2210 «volun-

174 2265 350 2320 ματος
408 2245 628 2319 ῥήματι,
688 2248 777 2296 xui
851 2247 977 2318 πρὸς
1045 2240 1295 2316 οὐδεμίαν
1366 2243 1522 2302 ἄλλην
1589 2243 1784 2316 ἀφορᾷν

1910 2243 2030 2299 ;atis
2106 2243 2419 2314 gnomicae,
2488 2263 2517 2295 »
2613 2247 2668 2300 et
2741 2243 2820 2299 ad
2895 2241 3120 2299 nullam
3197 2243 3379 2298 aliam
3455 2258 3545 2298 so-

175 2333 328 2398 ἕθέλη
391 2341 488 2386 τῶν
542 2333 818 2408 εἰρημένων
887 2332 1167 2385 ἐπιλύσεων
1230 2334 1394 2402 ἐχέτω
1454 2334 1783 2408 παραμύθιον

1905 2331 2178 2388 iutionem
2218 2348 2289 2387 ex
2329 2332 2415 2398 iis,
2477 2347 2630 2404 quas
2677 2329 3004 2398 attulimus,
3059 2331 3350 2403 respicere
3395 2331 3540 2398 vult,

173 2428 274 2483 τὴν
327 2428 598 2496 παροῦσαν
648 2420 925 2483 ἀνάπτυξιν
956 2437 968 2450 ⁸
1004 2416 1217 2472 δύναιτο
1267 2423 1368 2493 γὰρ
1424 2418 1483 2472 ἂν
1535 2422 1784 2479 νοηθῆναι

1906 2429 2114 2476 recreet
2143 2437 2204 2476 se
2233 2421 2348 2477 hac
2391 2421 2802 2492 explicatione,
2848 2425 3056 2492 posset
3090 2420 3242 2476 enim
3273 2420 3541 2491 intelligi,

174 2515 237 2565 1'6
310 2508 627 2583 δηλούμενον
691 2516 780 2561 νῦν
834 2511 934 2562 ὑπὸ
986 2516 1078 2570 τῆς
1129 2505 1450 2572 δεσποτικῆς
1507 2518 1677 2582 φωνῆς
1726 2513 1782 2562 τὸ

1908 2509 2253 2567 ieclaratam
2305 2525 2468 2565 nunc
2523 2525 2653 2565 esse
2699 2525 2847 2566 voce
2897 2509 3122 2566 Domini
3177 2509 3543 2566 voluntatem

171 2604 438 2675 γνωμικὸν
495 2605 732 2674 Χριστοῦ
789 2598 986 2666 θέλημα
1033 2598 1091 2650 οὐ
1139 2606 1232 2651 τοῦ
1274 2602 1409 2652 κατά
1456 2602 1540 2650 τὸν
1587 2600 1784 2671 ἄνθρω-

1908 2599 2100 2656 3hristi
2116 2599 2472 2669 gnomicam,
2489 2615 2608 2655 non
2622 2598 2949 2671 spectando
2962 2599 3124 2671 quod
3148 2598 3226 2654 ad
3241 2599 3543 2655 hominem

171 2711 272 2744 πον
322 2687 383 2743 δὲ
433 2692 730 2760 νοουμένου,
793 2686 921 2740 ἀλλὰ
967 2695 1059 2740 τοῦ
1106 2689 1241 2740 κατὰ
1287 2691 1516 2762 Χριστὸν
1567 2689 1785 2762 θεωρου-

1911 2689 2086 2744 solum
2119 2689 2383 2760 pertinet,
2420 2687 2524 2744 sed
2558 2687 2729 2760 quod
2758 2689 2836 2743 ad
2868 2687 3188 2756 Christum,
3221 2687 3388 2760 quod
3415 2688 3546 2760 qui-

171 2785 355 2853 μένου.
399 2785 464 2830 ‘0
508 2774 576 2836 δὴ
626 2781 712 2829 xui
754 2784 850 2838 τῆς
895 2778 1140 2837 θεότητος
1186 2775 1298 2828 ὅλον
1347 2779 1558 2848 γεγονὸς
1609 2776 1679 2839 εἰς
1723 2780 1781 2828 τὸ

1909 2778 2028 2833 iem
2059 2794 2195 2833 cum
2242 2782 2430 2833 totum
2470 2781 2621 2832 esset
2664 2777 3008 2841 divinitatis,
3069 2793 3246 2833 suam
3291 2778 3544 2834 circum-

175 2872 313 2923 θεῖον
359 2871 450 2919 καὶ
503 2867 751 2939 ὑπερφυὲς
796 2873 888 2925 τῆς
935 2863 1173 2938 ἀπειρίας
1219 2869 1313 2923 τὴν
1360 2865 1552 2917 οἰκείαν
1603 2863 1782 2937 ἀναφέ-

1907 2867 2274 2939 ιοτίριίοῐιοω
2307 2867 2385 2922 ad
2416 2866 2766 2922 inﬁnitatem
2801 2865 3069 2922 divinam
3101 2867 3310 2935 refert;
3345 2883 3542 2938 neque

171 2966 256 3032 ρεί
312 2960 640 3031 περιγραφὴν
698 2954 1072 3026 τελειούμενονο
1123 2959 1214 3007 xui
1265 2954 1322 3006 οὐ
1397 2950 1570 3012 δήπου
1629 2953 1780 3006 πάλιν

1903 2973 2095 3011 rursus
2124 2955 2300 3011 nobis
2331 2955 2670 3010 exorientur
2699 2954 2834 3010 duae
2856 2955 3192 3011 voluntates
3223 2954 3538 3026 gnomicm,

171 3050 302 3119 ἡμῖν
370 3043 469 3098 δύο
529 3047 768 3117 γνωμικά
826 3043 1161 3116 προσακύψει
1203 3055 1226 3086 8
1281 3042 1564 3115 θελήματα.
1624 3042 1780 3096 ’Ἀλλο

1907 3045 2034 3118 quia
2061 3044 2222 3101 aliud
2251 3050 2308 3100 et
2332 3044 2488 3100 aliud
2516 3043 2732 3108 dicere,
2756 3042 2929 3099 infert
2947 3043 3170 3115 duplex
3196 3058 3346 3113 esse,
3376 3044 3542 3115 quod

169 3141 275 3212 γὰρ
328 3139 419 3187 καὶ
467 3134 589 3187 ἀλλο
629 3133 784 3186 εἰπεῖν
834 3129 1050 3185 διπλοῦν
1095 3132 1295 3203 εἰσάγει
1329 3137 1386 3185 τὸ
1426 3137 1778 3204 προκείμενον.

1900 3139 2150 3190 movetur
2187 3151 2200 3201 ;
2233 3133 2402 3189 aliter
2439 3148 2575 3187 vero
2613 3137 2669 3188 et
2707 3131 2895 3200 aliter,
2930 3131 3102 3188 infert
3133 3131 3535 3190 variationem

170 3224 377 3287 Ἀλλως
423 3243 476 3276 τε
523 3219 583 3276 δὲ
612 3227 700 3274 xui
739 3220 902 3283 ἄλλως
930 3225 987 3274 1'6
1036 3220 1162 3273 αὐτὸ
1208 3221 1381 3293 φάναι,
1418 3226 1651 3293 σχέσεων
1689 3224 1778 3294 μὲν

1905 3229 1947 3280 at
1973 3223 2374 3279 diversitatem
2422 3221 2867 3291 habitudinum,
2913 3237 3304 3294 nequaquam
3338 3227 3540 3277 tamen

172 3314 380 3384 εἰσάγει
421 3311 761 3386 παραλλαγὴν
797 3315 888 3363 καὶ
929 3308 1200 3362 ἀλλοίωσιν
1235 3327 1247 3340 ’
1282 3314 1444 3381 τομὴν
1477 3307 1536 3363 δὲ
1565 3314 1654 3362 xui
1693 3330 1779 3382 με·

1908 3312 2241 3368 iivisionem
2259 3315 2314 3367 et
2339 3311 2776 3383 separationem
2799 3311 2948 3380 ejus,
2968 3309 3133 3383 quod
3159 3315 3247 3366 est
3277 3327 3347 3366 ex
3378 3316 3543 3367 aeter-

167 3406 366 3477 ρισμὸν
411 3409 505 3454 τοῦ
535 3400 790 3475 ἀπαρχῆς
832 3400 960 3464 ἐνὸς,
995 3395 1261 3471 οὐδαμῶς.
1297 3404 1397 3452 Καὶ
1433 3403 1493 3452 1'6
1536 3402 1625 3472 μὲν
1655 3397 1779 3454 οὐδὲ

1904 3403 2068 3458 litate
2101 3401 2234 3474 (68),
2260 3405 2316 3456 et
2344 3400 2457 3456 hoc
2488 3399 2733 3472 quidem
2776 3399 2957 3455 etiam
2988 3399 3077 3465 iis,
3124 3400 3226 3472 qui
3253 3399 3326 3455 de
3361 3400 3539 3472 vulgo

167 3500 272 3544 τῶν
336 3491 532 3544 πολλῶν
585 3493 724 3543 εἴασε
782 3493 878 3547 τὴν
943 3490 1104 3564 θήραν
1176 3484 1448 3560 διαφυγεῖν
1483 3505 1496 3519 ·
1542 3493 1598 3541 τὸ
1647 3491 1667 3531 ι
1719 3485 1778 3542 δὲ

1905 3497 2046 3557 sunt,
2075 3489 2340 3556 obvium,
2375 3493 2431 3544 et
2455 3487 2819 3558 investigatu
2847 3487 3018 3544 facile
3048 3493 3156 3544 est.
3188 3489 3260 3545 At
3286 3487 3540 3545 alterum

172 3581 384 3653 σχολῆς
446 3584 614 3655 χωρὶς
673 3583 762 3631 καὶ
818 3581 1214 3650 συγγυμνασίας
1268 3586 1365 3640 τῆς
1424 3577 1471 3629 ἐν
1536 3585 1643 3641 τοῖς
1695 3578 1778 3632 λό-

1906 3597 2009 3635 1οη
2033 3579 2264 3652 absque
2288 3577 2506 3643 studio,
2549 3576 2870 3649 diligentia,
2921 3581 2976 3632 et
3022 3578 3438 3634 exercitatione
3479 3578 3541 3634 in

167 3690 306 3743 γοις,
357 3666 481 3722 οὐδὲ
523 3677 628 3730 τοῖς
672 3675 772 3720 τῶν
829 3669 1140 3742 θηραμάτων
1179 3670 1386 3740 ἴχνεσιν
1432 3667 1597 3742 ὀρθῶς
1636 3667 1776 3722 ἐστιν

1907 3667 2397 3741 lisputationibus
2429 3665 2830 3736 cognoscitur,
2867 3665 2994 3722 sine
3023 3682 3147 3739 qua
3177 3683 3249 3722 ne
3281 3666 3542 3737 vestigiis

169 3759 482 3818 ἓπιστῆσαι.
1887 3759 2132 3832 quidem
2164 3757 2313 3828 ejus,
2343 3772 2530 3830 quam
2552 3755 2810 3822 venaris,
2843 3756 3129 3824 veritatis,
3171 3756 3430 3814 insistas.

243 3855 355 3908 Τῆς
397 3847 556 3907 αὐτῆς
606 3842 657 3899 δ’
701 3845 761 3898 ἂν
799 3848 878 3904 εἴη
925 3842 1161 3907 διανοίας
1198 3849 1288 3897 xui
1329 3849 1408 3898 τό*
1455 3849 1698 3920 «Πάτερ,
1733 3847 1778 3900 εἰ

1959 3847 2241 3919 Ejusdem
2284 3845 2589 3902 sententias
2633 3849 2722 3899 est
2765 3844 2942 3901 illud:
2981 3865 3005 3896 α
3048 3845 3238 3910 Pater,
3271 3847 3318 3901 si
3350 3847 3541 3918 possi-

170 3934 424 4004 δυνατὸν,
479 3935 773 4008 παρελθέτω
828 3938 887 3987 τὸ
942 3939 1190 4007 ποτήριον
1248 3941 1399 3987 τοῦτο
1460 3934 1548 3988 ἀπ’
1606 3936 1729 4008 ἐμοῦ
1758 3956 1771 3970 ·

1905 3937 2024 4002 )ile,
2057 3941 2148 3992 est
2169 3940 2433 3992 transeat
2459 3951 2494 3990 a
2513 3949 2606 3989 me
2631 3933 2784 3989 calix
2812 3934 2920 3989 iste
2945 3949 2958 3999 ;
2984 3939 3400 3991 verumtamen
3418 3949 3540 3992 non

167 4027 309 4086 πλὴν
355 4025 462 4097 οὐχ
504 4028 573 4087 ὡς
614 4025 714 4096 ἐγὼ
765 4024 910 4090 θέλω,
944 4023 1052 4076 ἀλλ’
1093 4027 1161 4086 ὡς
1211 4027 1297 4079 σύ.
1333 4045 1360 4078 ›)
1401 4032 1506 4088 Τῆς
1548 4029 1637 4098 μὲν
1675 4030 1773 4101 γὰρ

1905 4026 2034 4081 sicut
2084 4040 2195 4095 ego
2245 4024 2400 4089 volo,
2451 4029 2553 4078 sed
2603 4023 2755 4078 sicut
2801 4026 2863 4078 tu
2913 4023 2979 4078 ³⁵.
3026 4043 3051 4074 υ
3091 4026 3324 4080 Naturae
3380 4025 3540 4080 enim

169 4116 501 4189 ἀνθρωπίνης
549 4114 610 4172 ἧν
658 4116 856 4186 φύσεως
903 4116 962 4166 τὸ
1011 4110 1208 4184 δειλιᾴν
1250 4117 1337 4166 τὸν
1385 4117 1598 4167 θάνατον
1629 4133 1640 4144 ·
1681 4124 1776 4178 τῆς

1905 4130 2164 4170 inmanae
2183 4119 2327 4179 erat,
2356 4111 2679 4168 formidare
2712 4117 2984 4178 mortem,
3013 4112 3231 4168 divinas
3261 4128 3398 4170 vero
3418 4128 3540 4169 non

170 4208 318 4266 θείας
367 4199 426 4256 δὲ
469 4206 526 4255 1'6
583 4207 655 4275 μὴ
703 4207 855 4274 μόνον
905 4199 1070 4276 μηδὲν
1126 4207 1389 4277 παρόντως
1445 4203 1776 4276 ἐπιταράττε-

1907 4203 2100 4267 tolum,
2131 4217 2326 4274 neque
2356 4217 2491 4257 cum
2524 4217 2686 4256 mors
2730 4199 2985 4266 adesset,
3016 4201 3358 4258 conturbari
3391 4220 3403 4269 ;
3436 4201 3542 4258 sed

172 4296 325 4360 σθαι,
358 4291 488 4345 ἀλλὰ
533 4297 622 4345 καὶ
661 4287 903 4344 εὐδοκίαν
933 4294 1126 4344 τούτων
1164 4294 1430 4346 ποιεῖσθαι
1474 4302 1564 4354 τῆς
1607 4313 1774 4352 σωτη-

1906 4294 2066 4350 εῑὶειῐη
2110 4296 2418 4348 auctorem
2461 4289 2592 4362 ejus
2637 4304 2772 4344 esse
2815 4288 2947 4362 (69),
2994 4290 3289 4347 desiderio
3335 4289 3541 4346 salutis

245 4393 294 4428 ⁸⁸
331 4391 527 4448 Matth.
553 4405 708 4458 xxvr,
735 4391 802 4446 39

1532 4480 1765 4535 VARLE
1804 4480 2206 4536 LECTIONES.

241 4592 271 4636 ει
301 4577 344 4635 1.
377 4579 520 4650 παρὰ
547 4579 604 4630 τὸ
634 4582 747 4635 τοῦ.
781 4587 801 4619 ⁸
827 4575 1242 4650 speculum-62c,
1274 4580 1338 4632 ut
1375 4576 1553 4634 habet
1592 4578 1775 4634 codex
1815 4577 2068 4634 Colbert.
2108 4579 2123 4610 ί
2152 4575 2267 4646 leg.
2310 4595 2402 4646 τῳ.

1736 4677 1968 4734 ΝΟΤΙΕ.

382 4775 669 4863 SineAulla
690 4773 1021 4865 variatione
1037 4775 1098 4830 in
1116 4773 1302 4862 tribus
1317 4775 1768 4867 pecsoni‘sfégru-
1802 4775 1848 4831 D
1881 4775 2098 4861 εἰσάγει⁸
2152 4771 2491 4867 παραλλαγὴν
2564 4777 2653 4864 κεαὶ
2693 4771 2991 4867 εὀιλλοίωστιν
3037 4791 3080 4862 ’⁸
3102 4777 3266 4867 τομζδν
3325 4770 3385 4867 δὲ
3453 4779 3544 4867 κιαι

163 4840 474 4927 ραλλακτως
517 4849 567 4899 ἔοι
605 4854 724 4927 ταῖς
765 4853 939 4927 τρισὶν
985 4840 1346 4927 ὑποστάσεσιξ-
1376 4847 1441 4902 Id
1482 4853 1597 4902 est:
1633 4846 1769 4927 Sipe
1880 4840 2134 4927 μερισμρν
2185 4840 2298 4927 τόξ’
2327 4840 2413 4927 ἀπ⁴
2447 4843 2642 4927 Δἀρχῆς
2684 4844 2825 4927 ἑνὸς,.
2869 4840 3254 4927 οὗιδαμῶςτῖἀι
3287 4851 3432 4927 est:
3482 4845 3541 4902 Si

167 4866 474 4927 ραΑΑακτως
517 4867 567 4899 εοι
607 4866 724 4907 ταις
765 4866 939 4922 τρισιν
985 4866 1330 4899 υποστασεσι.
1376 4866 1441 4902 la
1482 4866 1597 4902 BSt:
1633 4866 1769 4927 blpe
1880 4866 2134 4927 μερισμον
2185 4866 2276 4896 του
2327 4866 2397 4896 απ
2463 4866 2636 4916 αρχῆς
2684 4866 2810 4910 ενος,
2869 4866 3138 4970 ουισοέιως.
3172 4866 3236 4900 ιιι
3287 4866 3378 4927 ρει
3419 4866 3432 4900 Ζ
3482 4866 3539 4902 δ]

167 4921 295 4978 ulla
325 4918 658 4975 differentia
684 4934 787 4973 seu
815 4917 1151 4991 diversitate
1174 4918 1232 4972 in
1259 4917 1446 4974 tribus
1473 4935 1764 4990 personis.
1879 4919 2020 4991 quis
2046 4918 2203 4972 dicat
2226 4916 2387 4991 aliud
2410 4921 2465 4971 et
2487 4916 2979 4991 aliu<.l,duple_2;1n
3033 4920 3148 4991 u_cit
3168 4916 3539 4991 subjectum;

166 4993 325 5049 Vide
357 4996 475 5062 not.
503 5005 643 5061 pag.
680 4990 933 5062 praeced.
1100 5061 1136 5062 ﬂ
1193 5060 1199 5062 _
1476 4986 1488 4990 ⁷
1881 4986 1938 5046 at
1978 4990 2025 5044 si
2056 4989 2486 5062 remeamdem
2529 4987 2694 5062 aliter
2732 4986 2788 5042 et
2826 4987 2992 5062 aliter
3038 4987 3217 5062 dicat,
3250 4986 3546 5062 habitudi-

237 5065 356 5133 (67)
376 5058 1770 5134 NequeQuédsitpropredz'vinamsempiterufta-
1881 5077 2025 5116 num
2057 5059 2302 5131 quidem
2335 5059 2731 5134 differentiam
2764 5058 3262 5134 etalterationem
3293 5059 3540 5134 inducit,

167 5129 307 5193 (ein.
335 5129 654 5206 Οὖδῖέγγῦς
680 5129 1058 5206 γενόμενοντῆς
1085 5135 1225 5194 θείας
1248 5138 1337 5185 καὶ
1363 5134 1610 5206 ὑπερθέου
1639 5129 1772 5184 ἰδιο-
1881 5149 2002 5206 non
2039 5129 2177 5186 vero
2210 5131 2531 5186 sectionem
2574 5134 2631 5184 et
2673 5129 3031 5185 divisionem
3079 5129 3234 5186 illius
3273 5131 3436 5202 quod
3467 5130 3543 5187 ab

163 5225 350 5266 τητος.
385 5205 448 5260 ld
479 5204 834 5276 esterequ‘e
864 5207 1030 5276 quod
1075 5205 1148 5258 sit
1178 5219 1362 5276 prope
1406 5204 1671 5276 divinam
1702 5220 1770 5259 ac
1880 5205 2045 5276 initio
2087 5218 2264 5276 unum
2298 5209 2438 5276 erat.

165 5279 496 5351 plusquam
519 5270 784 5331 divinam
807 5270 1251 5351 proprietatem.
1272 5270 1340 5317 -ξ-
1357 5276 1610 5351 Legebat
1632 5275 1773 5351 Tur-
1955 5274 2121 5351 Quod
2143 5279 2407 5351 {novetur
2432 5272 2706 5351 Turriani
2728 5271 2946 5328 nullum
2974 5270 3254 5329 afferebat
3277 5289 3540 5341 sensum,

163 5344 378 5406 rianus
401 5344 720 5412 ἀῑδιότητος,
743 5344 846 5401 sed
863 5344 960 5402 hic
983 5362 1100 5402 non
1127 5349 1322 5416 agitur
1346 5347 1419 5402 de
1441 5344 1772 5402 aeternitate
1883 5362 1991 5401 nec
2017 5344 2356 5399 reddiderat
2379 5352 2470 5396 τοῦ
2493 5347 2617 5405 ἑνός.

170 5421 294 5486 Dei,
331 5419 430 5474 sed
464 5418 538 5474 de
567 5419 789 5474 unitate
822 5417 1142 5473 voluntatis
1172 5414 1227 5473 in
1263 5419 1447 5473 tribus
1478 5418 1768 5488 personis.
1898 5484 1912 5488 Α
1955 5418 2065 5486 (69)
2098 5417 2206 5470 Sed
2249 5416 2423 5488 etiam
2468 5423 2770 5472 auctorem
2802 5417 2928 5487 ejus
2959 5431 3095 5472 esse.
3131 5414 3286 5469 Ἀλλὰ
3330 5420 3420 5468 καὶ
3466 5416 3545 5468 εὐ-

245 5484 360 5562 (68)
388 5491 578 5562 Aliud
598 5495 652 5546 et
674 5490 1076 5562 aliyddicere.
1105 5494 1212 5545 etc.
1239 5484 1592 5546 aeternitate.
1617 5489 1772 5543 Ἀλλο
1885 5484 2068 5541 δοκίαν
2143 5488 2334 5562 τούτων
2384 5485 2553 5562 [ιθθο
2626 5495 2806 5562 τοῦτον
2826 5484 2840 5487 ⁷
2866 5487 2958 5542 vel
3021 5488 3228 5562 τούτου]
3280 5489 3546 5562 ποιεῖσθαι

165 5557 263 5648 x‘u‘i
335 5557 458 5614 amo
490 5561 682 5648 Μείπεῖν
735 5558 972 5648 Ξξπλοῦνὶ
1026 5561 1334 5648 afaf/sure
1395 5565 1768 5647 προκείμενον·
1885 5562 1944 5616 1d
1994 5564 2124 5624 est;
2170 5557 2282 5615 Sed
2321 5557 2500 5615 etiam
2539 5560 2600 5615 in
2634 5575 2705 5616 ea
2745 5559 2978 5633 (morte)
3021 5559 3133 5616 sibi
3172 5557 3545 5634 cumplacere

167 5634 336 5702 ἄλλως
378 5652 431 5688 τε
478 5629 538 5689 δὲ
589 5637 680 5687 καὶ
721 5632 881 5702 ἄλλως
921 5636 981 5690 τὸ
1027 5629 1160 5686 αὐτό-
1190 5635 1366 5708 φάναι,
1406 5629 1640 5706 σχέσεων
1683 5636 1772 5706 μὲν
