4140 6198
557 331 662 387 523

1770 319 2010 376 PHOTII
2054 314 2540 373 PATHIARCH/E
2581 318 2669 374 CP
2684 361 2696 374 .
3831 326 3926 379 524

556 452 806 512 humani
880 449 1130 522 generis.
1193 448 1344 516 Quin
1415 449 1592 505 etiam
1667 454 1720 504 et
1785 446 1930 502 illud
1985 464 2012 495 ‹‹
2067 443 2212 498 Volo

2332 447 2439 516 ρίας
2496 452 2587 496 τοῦ
2641 443 2963 517 ἀνθρωπίνου
3020 445 3342 519 φυράματος.
3400 449 3502 498 Καὶ
3554 450 3661 519 μὴν
3717 451 3806 500 καὶ
3857 452 3929 519 τὸ,

559 542 847 600 mundare
878 541 946 607 ⁸⁸,
981 560 1008 590 ι
1042 555 1160 594 non
1189 539 1443 594 ostendit
1472 537 1838 592 voluntatem
1871 535 2216 605 gnomicam

560 633 659 688 sed
707 631 908 698 potius
952 628 1243 692 divinam,
1273 633 1328 682 et
1354 627 1686 682 naturalem
1713 626 2078 680 voluntatem
2121 621 2220 676 de-

559 724 888 778 monstrat:
919 717 1080 790 quod
1111 716 1350 788 quidem
1382 715 1686 788 aequaliter
1721 713 1973 770 Trinitati
2015 726 2218 782 super-

560 807 1028 877 substantiali,et
1052 806 1223 860 unius
1253 805 1645 876 ejusdemque
1674 807 1898 858 natura:
1929 797 2219 870 congruit;

560 899 712 954 sicut
755 897 916 953 enim
956 895 1335 966 omnipotens
1377 894 1644 949 divinitas
1692 892 1820 963 ejus
1865 896 1919 945 et
1961 893 2222 961 potestas

560 1003 629 1044 ac
661 985 1031 1059 providentia
1078 983 1417 1039 communis
1457 987 1565 1047 est,
1601 981 1684 1036 sic
1728 980 1904 1035 etiam
1948 977 2220 1032 voluntas

561 1076 766 1132 salutis
823 1077 1059 1137 nostrae,
1093 1071 1378 1143 corporis,
1411 1071 1684 1142 inquam,
1725 1073 1779 1124 et
1819 1068 2031 1123 animae
2062 1081 2223 1120 com-

562 1164 759 1218 munis
810 1168 920 1227 est,
979 1160 1199 1216 nuIIam
1250 1159 1479 1214 habens
1531 1159 1879 1221 sectionem,
1933 1171 2041 1210 nec
2103 1152 2223 1208 ulla

559 1251 890 1306 differentia
914 1250 1312 1321 partitionem,
1344 1247 1736 1318 quamobrem
1767 1245 1911 1300 illud
1945 1261 1957 1298 :
1991 1263 2018 1293 ‹‹
2052 1241 2219 1310 Volo,

557 1341 875 1410 mundare,
911 1361 938 1391 »
973 1340 1292 1396 voluntatis
1358 1340 1576 1394 divina;
1636 1344 1745 1403 est;
1811 1338 1992 1408 hujus
2060 1335 2220 1390 enim

559 1430 951 1503 providentia,
979 1446 1113 1501 quae
1140 1430 1412 1484 homines
1442 1445 1647 1484 secum
1681 1427 1872 1490 nectit,
1901 1441 2221 1497 corporum

560 1527 617 1575 et
645 1520 983 1575 animarum
1016 1518 1494 1591 procurationem
1526 1517 1853 1588 dispensat,
1884 1519 1938 1570 et
1972 1515 2049 1570 ad
2077 1513 2218 1568 utili-

561 1615 742 1667 tatem
783 1609 1126 1664 moderatur
1165 1607 1298 1679 (70).

633 1701 746 1754 Nec
804 1697 948 1751 illud
984 1712 995 1750 :
1035 1717 1058 1746 α
1113 1697 1219 1751 Ubi
1273 1695 1356 1750 vis
1412 1711 1693 1767 paremus
1752 1694 1854 1750 tibi
1910 1692 2221 1748 comedere

561 1787 794 1842 Pascha
819 1787 864 1820 ⁸⁷
895 1808 920 1834 ››
960 1784 1304 1840 voluntatem
1363 1784 1705 1852 gnomicam
1765 1782 2081 1852 signiﬁcat,
2115 1779 2217 1835 sed
2250 1797 2288 1852 Β

562 1875 764 1948 potius
795 1881 880 1930 est
907 1875 1021 1930 hoc
1053 1874 1453 1942 ignorantiam
1482 1877 1888 1945 apostolorum
1921 1887 2024 1943 per
2049 1871 2221 1925 inter-

558 1965 925 2036 rogationem
975 1963 1290 2035 depellere,
1353 1979 1490 2017 cum
1548 1961 1830 2016 Dominus
1878 1961 2222 2032 providens-

558 2054 705 2126 quid
756 2069 984 2117 eorum,
1042 2069 1177 2124 quae
1236 2051 1309 2105 ad
1361 2051 1590 2106 Pascha
1649 2049 2021 2122 spectabant,
2069 2049 2221 2105 face-

557 2147 688 2198 rent
719 2142 855 2213 (7t),
885 2141 1046 2214 quod
1079 2157 1196 2195 non
1227 2146 1382 2196 esset
1417 2141 1698 2208 magistro
1729 2155 1847 2194 non
1872 2145 2131 2208 gratum,
2162 2146 2221 2195 ut

559 2231 607 2286 si
637 2231 899 2286 dicerent
923 2248 935 2286 ε
963 2230 1070 2285 Ubi
1103 2235 1340 2299 gratum
1373 2235 1462 2284 est
1491 2228 1591 2283 tibi
1619 2229 1924 2283 comedere
1951 2229 2174 2285 Pascha
2194 2231 2222 2284 ?

557 2336 692 2392 quae
725 2319 943 2375 domus
964 2319 1193 2374 videtur
1222 2318 1438 2374 idonea
1464 2317 1542 2372 ad
1573 2334 1806 2373 caanam
1834 2317 2171 2373 faciendam
2195 2320 2222 2374 ‘?

629 2408 808 2464 Aliter
833 2409 1009 2464 etiam
1041 2408 1154 2462 hoc
1204 2407 1402 2478 ipsum
1451 2405 1730 2478 explicari
1767 2412 1978 2478 potest,
2009 2413 2070 2462 ut
2096 2407 2220 2462 haec

557 2513 673 2554 vox
719 2497 1067 2567 ignorantiae
1123 2502 1178 2551 et
1231 2495 1586 2566 suspicionis
1643 2495 2070 2566 discipulorum
2125 2499 2217 2562 sit,

560 2601 681 2641 non
739 2586 1029 2657 judicium
1063 2583 1405 2650 Salvatoris,
1464 2600 1570 2638 nec
1623 2585 1912 2656 expositio
1971 2584 2221 2656 alicujus

561 2675 862 2745 dogmatis
897 2692 910 2736 ;
947 2681 1006 2730 ut
1047 2673 1239 2746 illud“:
1276 2694 1299 2723 α
1339 2672 1606 2738 Domine,
1651 2675 1695 2728 si
1749 2674 1851 2738 vis,
1896 2681 2065 2746 potes
2125 2691 2220 2729 me

561 2763 853 2819 mundare
882 2764 950 2828 ³⁸,
987 2785 1014 2812 ››
1045 2762 1174 2833 ejus
1197 2765 1377 2826 enim,
1405 2762 1501 2832 qui
1519 2761 1818 2831 indigebat
1839 2762 2106 2827 sanitate,
2136 2770 2222 2818 est

559 2854 688 2910 haec
712 2868 847 2922 vox,
876 2868 995 2908 non
1008 2858 1207 2907 autem
1231 2851 1379 2920 ejus,
1398 2851 1501 2922 qui
1525 2849 1682 2906 hanc
1709 2850 2012 2922 praebebat
2037 2869 2048 2907 :
2078 2852 2222 2907 nihil

561 2948 760 3000 autem
797 2941 1070 2998 brohibet
1100 2943 1279 2997 etiam
1312 2939 1405 2996 hic
1436 2939 1652 3009 dicere,
1685 2939 1883 2996 inferri
1917 2941 2095 2997 simul
2126 2942 2222 2998 hic

560 3036 928 3089 voluntatem
951 3029 1294 3085 divinitatis.

633 3120 781 3178 Illud
810 3136 952 3175 vero
989 3135 1001 3174 :
1037 3138 1065 3169 «
1101 3118 1254 3184 Quid
1280 3117 1391 3186 vis,
1424 3117 1641 3174 faciam
1674 3118 1777 3174 tibi
1810 3121 1856 3154 3°
1888 3135 1901 3184 ;
1937 3142 1957 3168 ι
1994 3125 2068 3184 et,
2105 3142 2132 3172 «
2166 3123 2221 3180 Si
2249 3150 2289 3206 ρ

560 3212 646 3267 vis
674 3210 968 3282 perfectus
1001 3225 1135 3264 esse
1166 3211 1215 3243 9°
1243 3225 1256 3263 :
1293 3229 1319 3259 ι)
1354 3207 1572 3263 scilicet
1606 3224 1724 3263 non
1759 3209 1836 3263 ad
1868 3209 2222 3282 hypostasin

563 3300 772 3355 Christi
816 3303 1040 3369 spectat
1082 3297 1212 3363 hoc,
1246 3313 1357 3352 nec
1389 3297 1463 3351 ad
1514 3297 1680 3352 illum
1713 3297 1977 3368 refertur,
2012 3299 2112 3354 sed
2144 3301 2221 3356 ad

562 3403 898 3459 personam,
935 3403 1114 3456 quam
1147 3384 1516 3450 hortabatur,
1545 3392 1600 3441 et
1633 3402 1766 3458 quaa
1799 3387 1994 3442 sanari
2028 3389 2224 3458 cupie-

563 3476 662 3530 bat
689 3491 702 3541 ;
740 3476 1044 3546 utriusque
1074 3474 1287 3528 borum
1318 3473 1596 3529 voluntas
1628 3475 1904 3544 gnomica
1936 3476 2226 3545 significa-

565 3568 680 3620 tur.
705 3567 764 3618 Et
791 3563 951 3628 alibi,
978 3571 1047 3628 et,
1084 3565 1198 3630 hic,
1227 3563 1272 3616 si
1303 3562 1405 3617 fiat
1431 3578 1625 3617 sermo
1656 3563 1728 3617 de
1761 3564 2060 3620 voluntate
2087 3568 2222 3638 (72),

564 3667 675 3708 nec
705 3652 1055 3707 adhibeatur
1086 3667 1200 3707 vox
1229 3651 1544 3716 naturalis,
1580 3656 1684 3706 aut
1721 3655 2023 3722 gnomicw,
2055 3654 2224 3711 facile

646 3796 694 3831 ⁸⁸
723 3794 922 3852 Matth.
957 3810 1074 3860 vni,
1098 3796 1129 3848 3
1240 3795 1285 3832 ⁸⁷
1329 3794 1522 3851 Matth.
1560 3810 1714 3860 xxvi,
1761 3799 1843 3850 17.

1959 3796 2006 3831 ⁸⁸
2039 3797 2236 3853 Matth.
2279 3814 2399 3863 VIII,
2441 3801 2494 3852 2.

2329 555 2355 581 ‹‹
2416 534 2570 602 Θελω,
2643 537 3018 608 καθαρίσθητι,
3075 555 3102 586 »
3175 535 3234 586 ού
3304 544 3572 608 γνωμικοῦ
3651 537 3932 609 θελήματος

2331 621 2469 674 ἐστὶν
2519 619 2751 691 ἔνδειξις,
2797 631 2888 676 τοῦ
2929 621 2988 676 δε
3044 625 3180 676 θείου
3225 628 3314 676 καὶ
3361 623 3585 696 ἐμφύτου
3632 632 3726 678 καὶ
3765 624 3910 680 ἀδιαι

2330 715 2477 783 ρέτου
2531 711 2814 783 θελήματος
2867 709 3122 780 δήλωσις,
3172 715 3294 786 ὅπερ
3350 715 3608 785 ὀμοτίμως
3779 717 3932 790 ὑπερ-

2332 805 2496 872 ουσίῳ
2552 806 2641 853 καὶ
2690 803 2904 873 ὁμοφυεί
2957 798 3152 873 Τριάδι
3204 801 3560 875 ἐναρμόζεται.
3610 802 3700 866 Ὠς
3753 807 3852 878 γὰρ
3902 809 3927 864 ἠ

2332 895 2780 964 παντοκρατορική
2826 895 3025 952 Θεότης
3068 889 3236 942 αὐτῶν
3284 895 3374 942 καὶ
3424 890 3641 954 ἐξουσία
3683 898 3774 945 καὶ
3817 899 3933 967 πρό-

2331 998 2445 1030 νοια
2482 984 2647 1044 κοινὴ,
2696 979 2826 1031 οὑτω
2869 985 2958 1030 καὶ
3003 983 3060 1031 τὸ
3113 979 3311 1050 θελημα
3349 989 3438 1040 τῆς
3480 986 3751 1053 σωτηρίας
3790 984 3927 1054 ἡμῶν

2332 1075 2427 1129 τῆς
2469 1087 2522 1119 τε
2571 1070 2704 1120 κατά
2745 1076 2897 1140 σῶμα
2944 1073 3034 1120 καὶ
3081 1077 3175 1130 τῆς
3209 1071 3346 1121 κατὰ
3391 1069 3578 1142 ψυχὴν
3621 1076 3793 1123 κοινόν
3832 1072 3932 1123 ἔστι

2332 1162 2421 1208 καὶ
2453 1162 2612 1228 τομὴν
2657 1153 2905 1229 οὐδεμίαν
2947 1161 3091 1229 ἔχον,
3125 1155 3248 1210 ούδε
3278 1178 3380 1210 τινι
3427 1155 3662 1235 διαφορᾴ
3709 1157 3932 1234 διαιροῦ-

2333 1265 2480 1318 μενον
2516 1264 2527 1275 ·
2570 1244 2769 1298 διὸκαὶ
2805 1251 2882 1300 τό.
2916 1267 2945 1298 ‹‹
2979 1247 3136 1312 Θέλω,
3169 1250 3548 1320 καθαρίσθητι,
3584 1270 3611 1298 ι»
3648 1259 3746 1310 τῆς
3789 1251 3930 1324 ὑπερο

2335 1343 2488 1407 φυοῦς
2537 1334 2643 1388 ἐστι
2691 1338 2926 1396 θεότητος
2973 1337 3211 1408 θέλημα·
3256 1340 3453 1399 ταύτης
3494 1341 3595 1412 γὰρ
3646 1340 3676 1397 ἡ
3727 1345 3931 1412 πρόνοια

2333 1432 2430 1474 τῶν
2459 1424 2738 1499 ἀνθρώπων
2764 1424 3082 1497 ἐξηρτημένη
3112 1430 3204 1482 τήν
3232 1444 3283 1477 τε
3305 1435 3404 1477 τῶν
3439 1429 3700 1498 σωμάτων
3731 1432 3818 1478 καὶ
3847 1432 3928 1485 τήν

2335 1521 2433 1563 τῶν
2456 1513 2647 1584 ψυχῶν
2669 1512 2955 1586 ἐπιμέλειαν
2984 1510 3304 1585 διοικονομεῖ
3324 1533 3376 1566 τε
3392 1518 3632 1591 καὶπρὸς
3659 1519 3718 1567 τό
3751 1520 3930 1588 συμφέ-

2334 1620 2422 1673 ρον
2463 1604 2859 1673 ἐπιγινώσκεται
2890 1599 3297 1655 διαλλάττουσα.

2406 1687 2547 1743 Οὐδὲ
2591 1694 2668 1757 τό,
2704 1710 2732 1741 «
2780 1699 2885 1744 Ποῦ
2921 1693 3076 1753 θέλεις
3127 1691 3483 1765 ἑτοιμάσωμέν
3533 1713 3622 1745 σοι
3675 1700 3850 1765 φαγεῖν
3877 1695 3928 1744 τὸ

2337 1782 2551 1851 Πάσχα,
2588 1800 2616 1830 )›
2665 1783 2922 1852 γνωμικὸν
2966 1781 3250 1833 αἰνίττεται
3295 1780 3514 1854 θέλημα.
3559 1782 3701 1836 Ἀλλ’
3729 1785 3928 1854 ἄγνοιαι

2331 1873 2420 1941 μέν
2471 1870 2583 1922 ἐστι
2647 1878 2745 1921 τῶν
2803 1868 3102 1921 ἀποστόλων
3162 1867 3257 1922 διὰ
3302 1879 3398 1931 τῆς
3451 1870 3761 1946 ἐρωτήσεως
3812 1871 3930 1923 ἀπο-

2333 1961 2623 2011 σκευάσθαι
2655 1971 2681 1999 υ
2710 1962 3082 2032 προνοούμενον
3109 1971 3138 2000 ν
3167 1979 3180 1991 ·
3214 1965 3276 2012 Τί
3307 1980 3430 2013 ποτε
3463 1957 3512 2012 δ’
3554 1960 3618 2012 ἂν
3660 1962 3853 2038 πρᾶξαι
3880 1964 3927 2014 ἐκ

2331 2057 2430 2100 τῶν
2458 2054 2574 2121 περὶ
2613 2053 2670 2100 τό
2698 2051 2891 2120 πάσχα
2925 2048 2949 2100 ὃ
2979 2053 3050 2119 μὴ
3083 2054 3280 2120 γένοιτο
3311 2059 3382 2120 τῷ
3413 2046 3730 2123 διδασκάλῳ
3758 2065 3788 2093 ι
3811 2053 3924 2115 οἷον,

2334 2145 2439 2190 Ποῦ
2465 2157 2548 2190 σοι
2574 2137 2711 2190 ἐστὶν
2741 2136 2955 2211 ἀρεστόν
2983 2145 3160 2210 φαγεῖν
3186 2157 3241 2190 το
3271 2141 3472 2211 Πάσχα
3497 2159 3509 2171 ο
3533 2145 3617 2202 τίς
3639 2137 3699 2194 δὲ
3721 2141 3857 2192 οἰκία
3875 2144 3925 2192 τὸ

2333 2224 2537 2280 δεῖπνον
2570 2227 2745 2299 ὀφθείη
2776 2225 3052 2285 ἐπιτηδεία
3075 2224 3439 2291 ὑποδέξασθαι
3463 2247 3477 2294 ;

2402 2405 2597 2468 ’Ἄλλως
2639 2425 2692 2457 τε
2741 2402 2799 2458 δὲ
2842 2411 2930 2458 καὶ
2965 2405 3090 2458 αύτὸ
3130 2414 3282 2459 τοῦτο
3315 2409 3344 2465 η
3378 2416 3629 2482 παροῦσα
3676 2414 3811 2482 φωνή
3843 2417 3923 2470 τῆς

2331 2505 2428 2549 τῶν
2473 2499 2720 2569 μαθητῶν
2765 2494 2903 2548 ἐστιν
2950 2494 3157 2567 ἀγνοίας
3209 2501 3298 2548 καὶ
3346 2497 3678 2569 ὑπολήψεως,
3724 2500 3782 2551 οῦ
3827 2503 3924 2572 κρί-

2334 2605 2417 2647 σις
2482 2593 2572 2636 τοῦ
2630 2592 2886 2656 Σωτῆρος,
2953 2583 3046 2635 οὑκ
3104 2585 3382 2656 εἰσηγησις
3433 2589 3572 2648 τινός
3636 2585 3917 2660 δόγματος·

2332 2677 2504 2748 ὥσπερ
2533 2681 2618 2726 καὶ
2652 2679 2708 2725 τό
2742 2693 2754 2704 ·
2792 2693 2819 2724 ιι
2856 2676 3033 2746 Κύριε,
3067 2673 3109 2726 εἰ
3159 2673 3336 2738 θέλεις,
3385 2671 3620 2728 δύνασαί
3660 2697 3723 2749 με
3768 2680 3922 2729 καθα-

2331 2769 2500 2838 ρίσαι.
2537 2783 2563 2815 ››
2594 2770 2698 2815 Τοῦ
2739 2765 2840 2837 γὰρ
2884 2767 2978 2820 τὴν
3011 2766 3153 2814 ῖασιν
3188 2764 3481 2836 χρῄζοντος
3522 2767 3667 2818 ἐστὶν
3703 2769 3731 2825 ἠ
3775 2772 3919 2839 φωνὴ,

2333 2851 2440 2904 ἀλλ’
2487 2853 2615 2924 ούχὶ
2654 2860 2744 2904 τοῦ
2789 2854 2986 2909 ταύτην
3029 2857 3350 2926 παρέχοντος
3382 2871 3394 2883 ·
3430 2859 3519 2906 καὶ
3565 2852 3722 2908 οὐδὲν
3752 2855 3920 2907 κωλύει

2331 2941 2490 3014 λέγειν
2529 2941 2795 2994 κάνταῦθα
2824 2944 2892 3003 ὡς
2921 2949 3017 3003 τῆς
3047 2942 3334 3014 ὑπερφυοῦς
3371 2944 3615 3006 θεότητος
3645 2949 3703 2997 τό
3737 2945 3916 3017 θελημα

2336 3032 2720 3101 συνεισάγεται.

2403 3121 2472 3174 T6
2502 3116 2562 3172 δέ
2588 3137 2633 3169 ’‹‹
2667 3124 2730 3172 Τί
2755 3120 2928 3186 θέλεις,
2953 3124 3160 3178 ποιήσω
3193 3138 3296 3172 σοι’
3326 3142 3352 3169 ››
3383 3126 3493 3188 καὶ,
3523 3143 3550 3174 α
3590 3122 3653 3175 Εἰ
3687 3122 3835 3184 θελεις
3857 3125 3920 3173 τί·

2334 3214 2459 3269 λειος
2498 3205 2625 3260 εἶναι
2654 3226 2665 3237 '
2705 3229 2728 3258 ιι
2768 3205 2926 3266 δῆλον
2957 3210 3034 3260 ὄτι
3064 3210 3121 3260 οὑ
3153 3212 3284 3282 πρὸς
3319 3214 3411 3267 τὴν
3442 3211 3739 3264 ὑπόστασιν
3771 3209 3918 3284 ἀφορᾷ

2333 3306 2424 3349 τοῦ
2467 3304 2698 3370 Σωτῆρος
2740 3299 2882 3368 ἡμῶν
2933 3297 3109 3355 Ἰησοῦ
3158 3306 3413 3371 Χριστοῦ,
3461 3296 3588 3352 οὐδὲ
3637 3304 3758 3374 πρὸς
3804 3298 3918 3351 ἐκεί-

2333 3407 2422 3444 νην
2454 3389 2566 3458 ἔχει
2609 3391 2700 3444 τὴν
2742 3388 3020 3460 ἀναφορὰν,
3056 3385 3162 3438 ἀλλ’
3213 3386 3284 3446 εἰς
3311 3391 3368 3439 τό
3414 3394 3697 3460 πρόσωπον
3735 3392 3790 3440 τό
3818 3394 3917 3446 ταῖς

2333 3481 2698 3549 παραινέσεσιν
2771 3475 3202 3547 ὑποϐαλλόμενον,
3279 3482 3367 3530 καὶ
3436 3485 3524 3538 τῆς
3603 3479 3780 3538 ἰοίσεως
3843 3475 3914 3548 ἔφ-

2337 3571 2528 3638 ιέμενον
2557 3586 2570 3597 '
2607 3565 2846 3636 ἐκατέρου
2904 3562 2962 3617 δε
3014 3568 3208 3618 τούτων
3259 3569 3314 3618 τό
3377 3571 3643 3640 γνωμικὸν
3692 3567 3916 3638 ἐνσημαίο

2334 3675 2475 3708 νεται
2523 3655 2738 3726 θέλημα.
2775 3659 2873 3707 Καὶ
2904 3652 3140 3726 ἀλλαχοῦ
3183 3651 3242 3707 δὲ
3289 3657 3408 3708 ἔνθα
3450 3655 3510 3707 ἃν
3557 3661 3757 3728 γένοιτο
3787 3655 3914 3726 λόγος

2573 3797 2621 3832 ⁸³
2659 3799 2830 3853 Marc.
2871 3812 2931 3863 x,
2975 3799 3060 3852 51.
3175 3797 3225 3832 ⁹⁰
3263 3797 3462 3854 Matth.
3506 3813 3628 3863 ιιι,
3668 3799 3754 3854 21.

1907 3920 2148 3977 VARI/E
2188 3922 2596 3979 LECTIONES.

645 4077 674 4106 ιι
701 4062 1199 4136 ἀποσκευοίξεσθαιε-
1221 4066 1286 4117 ut
1314 4061 1502 4136 habet
1538 4061 1873 4136 tdemgcod.
1934 4076 1970 4136 Ῐ
1991 4063 2251 4133 legerem
2299 4063 2551 4120 libenter
2610 4067 2990 4136 προνοουμένων
3017 4066 3262 4136 propter
3285 4065 3344 4116 τὸ
3371 4061 3694 4120 ἀποστόλων.
3719 4076 3749 4106 ι
3775 4062 3909 4132 lege-

576 4150 702 4192 rem
742 4151 809 4192 ex
839 4135 1042 4191 codice
1083 4133 1335 4191 Colbert.
1368 4142 1439 4204 τῷ
1473 4130 1783 4205 διδασκάλῳ
1815 4130 2126 4194 ἀπόϐλητον.

2143 4235 2369 4291 NOT/E.

637 4341 754 4413 (70)
787 4339 954 4396 Illud
1005 4361 1033 4389 ‹‹
1086 4338 1235 4403 volo,
1285 4339 1589 4413 mandare,
1621 4344 1727 4413 etc.
1768 4339 2120 4396 moderatur.
2153 4343 2222 4392 Τὸ

565 4411 722 4476 Θέλω,
777 4413 1157 4484 καθαρίσθητι,
1209 4418 1304 4472 τῆς
1347 4411 1805 4485 ὑπερφυοῦςῗέστι
1862 4413 2097 4485 θεότητος
2149 4414 2224 4463 θέ-

562 4485 736 4556 λημα·
769 4487 964 4544 ταύτης
1001 4485 1102 4555 γὰρ
1126 4483 1546 4567 ἠιπρόνοιαιτών
1584 4484 1862 4567 ἀνθρώπων
1906 4483 2222 4567 ἐξηρττμιένη
2259 4500 2302 4553 D

563 4554 652 4614 τήν
730 4573 784 4606 τε
865 4564 962 4606 τῶν
1011 4554 1286 4626 σωμάτων
1347 4558 1436 4605 καὶ
1504 4563 1602 4605 τῶν
1673 4554 1863 4626 ψυχῶν
1939 4554 2224 4626 ὲπίμελειαν

565 4626 885 4698 ᾂιοικονομεῑ
936 4645 990 4679 τε
1037 4625 1126 4678 και
1196 4629 1324 4698 πρὸς
1372 4630 1430 4677 τὸ
1502 4630 1758 4698 συμφέρον
1831 4625 2224 4698 ἐπιγινώσκεται

567 4696 949 4752 διατάττουσα.
993 4698 1056 4752 Id
1107 4703 1193 4752 est
1223 4696 1242 4752 εν
1274 4697 1438 4769 Illud,
1479 4696 1630 4759 voto,
1673 4696 1976 4761 mundare,
2023 4714 2226 4769 snper-

562 4771 851 4825 natnralis
881 4778 967 4823 est
991 4769 1314 4840 divinitatis
1349 4768 1627 4840 voluntas
1654 4769 1730 4822 Ex
1761 4769 1874 4824 hac
1900 4770 2057 4823 enim
2086 4768 2224 4840 pen-

562 4842 712 4896 dens
755 4840 902 4911 [Dei]
945 4855 1087 4907 erga
1138 4839 1412 4894 homines
1462 4839 1858 4911 providentia,
1915 4839 2225 4909 corporum

562 4910 1025 4977 animarunnwe
1054 4911 1532 4978 procurationem
1562 4910 1869 4981 dispensat
1891 4918 1943 4967 et
1974 4912 2050 4965 ad
2077 4912 2226 4966 utili-

559 4988 743 5039 tatem
770 4982 1066 5038 moderari
1093 4981 1480 5051 dignoscitur.

634 5058 758 5109 Non
777 5053 1520 5108 observaveratTurrianus
1536 5052 1857 5123 genitivum
1876 5052 2226 5108 femininum

562 5129 760 5184 ταύτης
819 5124 939 5190 regi
995 5123 1390 5195 arparticipio
1454 5125 1694 5194 passivo
1754 5123 2069 5195 ἐξηρτημένη
2131 5124 2226 5179 cui

561 5198 682 5250 vim
715 5195 917 5250 tribuit
947 5194 1219 5261 activam,
1254 5194 1410 5249 unde
1451 5195 1618 5250 ﬂuxit
1653 5195 1777 5249 haec
1812 5194 2014 5250 Latina
2056 5195 2226 5266 phra-

562 5267 642 5320 sis
671 5287 682 5325 :
711 5267 846 5332 Quae
893 5267 1150 5322 homines
1197 5283 1388 5322 secum
1435 5269 1631 5322 nectit.
1687 5267 1798 5321 Sed
1857 5267 2053 5321 referri
2106 5283 2226 5322 non

561 5344 754 5410 potest
771 5338 843 5392 ad
863 5338 1171 5393 materiam
1189 5339 1399 5393 deinde
1419 5355 1730 5410 nunquam
1749 5337 2020 5410 dixerunt
2045 5338 2224 5393 Graeci

561 5408 882 5484 ἐξηρτῆσθαὶ
959 5426 1151 5484 τιν9ς;
1229 5411 1464 5482 aliquid
1541 5408 1812 5484 ﬂectere.
1876 5408 2226 5484 Ἐξηρτῆσθαί

560 5481 698 5543 τινος
728 5487 815 5537 est
845 5497 920 5537 ex
960 5481 1162 5552 aliquo
1202 5481 1471 5550 pendere,
1511 5482 1859 5550 dependere,
1898 5481 2007 5536 elo;
2058 5483 2226 5536 Deni-

559 5569 677 5624 que
717 5553 1048 5624 secundum
1083 5560 1358 5624 nostrum
1406 5552 2121 5624 conspiciendiimodum,
2157 5554 2223 5624 in

559 5623 682 5700 quo
722 5623 1006 5682 attributa
1034 5623 1240 5682 divina
1268 5630 1426 5681 certo
1469 5623 1676 5679 ordine
1716 5623 2066 5692 redigimus,
2106 5623 2222 5679 dici

2334 4342 2528 4412 potest
2561 4337 2995 4412 providentiam
3024 4337 3282 4412 pendere
3322 4354 3359 4396 a
3387 4338 3690 4398 voluntate
3728 4338 3822 4396 Dei
3858 4341 3910 4392 ut

2336 4409 2561 4466 rivulus
2593 4410 2720 4464 ﬂuit
2750 4430 2780 4464 ω
2808 4409 2989 4465 fonte.

2407 4482 2519 4552 (Ἠ)
2561 4482 2702 4553 0am
2738 4482 3014 4536 Dominus
3042 4481 3361 4550 providens
3391 4483 3539 4553 quid
3567 4499 3768 4540 earum
3793 4493 3908 4553 qua!

2335 4554 2414 4629 ad
2448 4552 2678 4607 Pascha
2704 4553 3050 4629 spectabant
3082 4553 3376 4629 facerent,
3403 4552 3522 4629 etc.
3559 4552 3906 4629 Προνοούμενον

2337 4626 2488 4693 (lego
2519 4623 2922 4698 προνοουμένων)
2950 4629 2999 4676 τί
3030 4643 3150 4676 ποτε
3173 4621 3223 4698 δ’
3246 4623 3304 4676 ἂν
3334 4625 3570 4698 πράξειεν
3601 4621 3698 4679 τῶν
3728 4621 3906 4698 περὶ-τό

2337 4695 2564 4770 Πάσχα(
2591 4696 2653 4749 Id
2685 4703 2805 4750 est:
2839 4695 3141 4770 Quatenus
3173 4696 3283 4770 ipsi
3312 4695 3625 4770 (Apostoli)
3659 4695 3907 4770 provide-

2335 4765 2482 4839 bant
2508 4782 2610 4839 seu
2634 4765 3275 4839 praecogitabantquid
3302 4765 3544 4825 tandem
3568 4765 3767 4826 eorum
3791 4779 3905 4838 quis

2338 4838 2413 4894 ad
2448 4837 2677 4909 Pascha
2712 4837 3076 4909 spectabant,
3106 4837 3383 4894 facerent.

2408 4908 2614 4964 Versio
2644 4908 2909 4964 Turriani
2950 4910 3292 4983 continebat
3323 4911 3771 4983 propositionem
3802 4923 3904 4961 sns-

2338 4996 2761 5052 pensam,qu&3
2783 4998 2919 5035 cum
2940 4981 3163 5036 nullam
3186 4981 3780 5038 babéretrelationem
3795 4994 3903 5052 cum

2340 5051 2902 5126 niatcristubjecta,
2931 5068 3110 5126 voces
3142 5069 3338 5126 rerum
3373 5053 3583 5126 inopes
3616 5051 3900 5109 efficiebat.

2411 5122 2521 5192 (72)
2559 5123 2634 5177 Et
2665 5122 2807 5192 alibi
2833 5131 2886 5178 et
2921 5125 3018 5180 hic
3047 5125 3095 5179 si
3121 5125 3228 5192 ﬁat
3269 5139 3456 5181 sermo
3480 5122 3555 5181 lle
3583 5127 3898 5192 voluntate;

2341 5189 2439 5246 Καὶ
2481 5189 2726 5268 ὁρλαχοῦ
2759 5191 2817 5268 δε
2848 5198 2967 5247 ἔνθα
3010 5196 3071 5268 oi":
3113 5189 3310 5266 γένοιτο
3333 5197 3500 5268 λόγος
3533 5197 3817 5268 θελήματος.
3849 5189 3901 5244 Id

2343 5216 2439 5246 λαι
2481 5216 2626 5245 αωια*
2656 5216 2714 5246 Ου
2759 5216 2817 5247 οε
2848 5216 2967 5247 ενσα
3013 5216 3071 5246 αν
3113 5216 3310 5266 γενοιτο
3352 5216 3500 5268 Λόγος
3533 5216 3817 5268 υεΛηματος.
3849 5216 3898 5244 lu

2337 5272 2428 5339 est
2451 5282 2462 5320 :
2485 5265 2550 5339 Et
2571 5216 2698 5320 uﬁis
2716 5266 2771 5320 in
2795 5266 2940 5322 Iocis
2966 5267 3306 5339 ubicunque
3324 5267 3513 5324 factus
3535 5268 3706 5323 fuerit
3726 5278 3898 5321 sermo

2337 5337 2405 5391 de
2440 5337 2756 5392 voluntate.

2407 5409 2577 5463 Miror
2606 5409 2981 5473 Turrianum,
3014 5409 3117 5480 qui
3147 5408 3255 5464 fuit
3281 5427 3486 5467 revera
3511 5412 3731 5471 doctus,
3759 5407 3900 5475 igno-

2338 5496 2505 5553 rasser
2527 5497 2636 5534 usu
2642 5499 2694 5553 _rn
2721 5480 2979 5534 duarum
3021 5480 3442 5552 particularum
3473 5483 3601 5553 conj
3615 5487 3896 5538 auctarum

2334 5553 2452 5604 ἔνθα
2482 5552 2562 5622 οἶν,
2600 5551 2960 5624 ubicunque.
