4140 6198
326 334 443 390 529
1388 329 1484 384 AD
1523 277 2070 383 AMPHIILOCHIUM
2111 320 2433 390 QUAESTIO
2473 321 2691 376 LXXX.
3597 318 3703 373 530

319 456 452 533 τιδῇ
486 463 720 532 περιέχει
757 459 948 523 ἄτομα,
982 457 1065 511 ἰπὶ
1097 453 1156 510 δε
1199 462 1436 531 Χριστοῦ
1476 455 1694 527 φυσικὸν
1716 449 1934 538 ampla.

2065 465 2316 538 :jusdem
2348 464 2584 537 speciei,
2613 464 2672 520 in
2699 462 2924 520 Christo
2961 465 3162 520 autem
3215 459 3552 517 naturalem
3601 475 3700 517 vo-

320 569 474 602 πινον
521 549 718 622 θελημα
762 548 993 620 λέγομεν,
1025 549 1212 600 τούτου
1262 542 1328 604 δὴ
1375 552 1466 598 τοῦ
1516 537 1739 616 φυσικοῦ
1792 539 1932 596 θελή-

2069 559 2332 611 untatem
2354 555 2684 611 humanam
2715 554 2992 617 dicimus,
3025 557 3180 608 certe
3204 550 3385 622 hujus
3415 549 3701 606 naturalis

320 657 488 711 ματος
518 642 608 690 καὶ
637 639 986 689 ὑποστατικὸν
1013 640 1101 688 καὶ
1128 639 1387 709 γνωμικὸν
1420 633 1616 704 θέλημα
1640 631 1848 689 εἰκότως
1873 626 1933 679 ἂν

2065 645 2389 710 voluntatis,
2450 651 2506 700 et
2560 644 2934 716 hypostatica
2979 647 3036 698 et
3091 640 3373 712 gnomica
3419 639 3700 696 voluntas

318 725 530 798 λέγοιτο
544 769 558 782 .

2045 738 2449 790 consentanee
2481 733 2723 790 dicetur.

401 821 515 868 Ἔτι
555 811 615 868 δε
653 814 697 868 εἰ
732 817 791 867 τό
833 817 1090 888 γνωμικὸν
1122 812 1320 886 θέλημα
1366 808 1517 865 οὐδὲν
1560 811 1727 881 ἕτερόν
1773 805 1931 871 ἐστιν,

2114 823 2403 879 Praeterea
2448 823 2497 878 si
2526 822 2804 878 voluntas
2859 819 3140 892 gnomica
3194 818 3341 874 nihil
3392 818 3553 877 aliud
3585 821 3695 882 est,

323 900 445 954 ἀλλ’
468 905 498 963 ἦ
533 908 752 976 φυσικὸν
773 907 942 970 ποιὸν,
969 907 1196 976 Χριστὸς
1224 900 1282 956 δὲ
1309 905 1366 955 τὸ
1397 903 1616 974 φυσικὸν
1642 901 1798 970 ἔχων,
1829 894 1936 966 οὐχ

2062 927 2227 984 ruam
2283 911 2573 968 naturalis
2614 913 2762 977 ποιὰ,
2808 910 2868 966 id
2917 915 3024 974 est,
3075 910 3358 982 qualitate
3406 907 3697 980 quapiam

325 991 504 1053 ἁπλῶς
533 998 689 1066 μόνον
727 991 950 1067 ἐνήργει,
992 992 1119 1045 ἀλλὰ
1163 996 1250 1044 καὶ
1289 994 1358 1052 ὡς
1403 986 1525 1043 τόδε
1561 1007 1614 1041 τι
1655 987 1892 1060 πράττων
1918 1000 1931 1013 ·

2064 998 2276 1065 tﬂ‘ecta,
2312 1000 2578 1056 Christus
2612 1005 2812 1056 autem
2844 997 3176 1055 naturalem
3202 996 3570 1052 voluntatem
3593 995 3699 1051 ha-

323 1083 476 1134 ἔστιν
501 1083 605 1156 οῖρα
633 1087 724 1135 καὶ
753 1082 803 1135 ἐν
833 1087 974 1155 αὐτῷ
1001 1081 1172 1136 λαϐεῖν
1201 1084 1457 1154 γνωμικὸν
1485 1077 1698 1148 θέλημα.

2061 1104 2210 1154 nens,
2230 1105 2352 1146 non
2380 1089 2724 1161 simpliciter
2750 1094 2981 1145 tantum
3004 1103 3137 1143 eam
3169 1085 3532 1158 operabatur
3559 1084 3696 1156 (84),

2045 1177 2153 1233 sed
2187 1182 2246 1234 ut
2266 1179 2380 1234 hoc
2409 1178 2637 1251 aliquid
2658 1193 2842 1250 agens
2867 1181 2984 1233 :est
3015 1177 3196 1247 igitur
3225 1173 3609 1245 intelligenda
3634 1172 3698 1229 in

2043 1282 2115 1324 ea
2144 1269 2421 1324 voluntas
2449 1269 2751 1338 gnomica.

403 1350 541 1406 Ἀλλ’
584 1351 822 1427 ἑκάτερον
879 1358 980 1404 τῶν
1027 1351 1304 1425 εἰρημένων
1356 1356 1662 1422 σοφιστικῆς
1708 1351 1934 1419 ἤρτηται

2114 1356 2330 1412 Verum
2363 1360 2682 1429 utrumque
2722 1356 2959 1420 horum,
3017 1371 3153 1427 quae
3211 1353 3372 1410 dicta
3421 1356 3562 1408 sunt
3599 1365 3693 1415 ex,

320 1441 546 1504 πλοκῆς.
597 1445 666 1493 Τὸ
709 1445 798 1513 μεν
860 1448 1062 1516 πρῶτον
1123 1441 1204 1493 ὃτι
1255 1435 1355 1492 ἀπὸ
1410 1447 1508 1491 τῶν
1565 1445 1794 1510 φυσικῶν
1847 1438 1933 1488 ἐπὶ

2062 1443 2240 1501 ’allaci
2255 1445 2472 1517 pendet
2488 1445 2802 1502 tendicula.
2818 1447 2899 1500 Ac
2917 1445 3181 1517 primum
3198 1443 3444 1516 quidem
3465 1440 3697 1513 captio-

319 1534 397 1584 τὰ
441 1533 769 1584 ὑποστατικά
814 1529 1032 1583 ἐποιεῖτο
1063 1534 1156 1588 τὴν
1198 1525 1445 1586 κάθοδον.
1477 1532 1672 1600 τέμνων
1699 1531 1793 1584 τήν
1841 1527 1931 1598 φύ-

2062 1551 2174 1589 sum
2223 1541 2329 1598 est,
2380 1535 2519 1606 quia
2570 1552 2606 1591 a
2644 1534 3016 1590 naturalibus
3060 1534 3137 1589 ad
3189 1531 3576 1605 hypostatica
3633 1529 3697 1586 tit

323 1640 414 1674 σιν
454 1621 527 1682 εἰς
562 1622 628 1673 τὰ
651 1620 767 1672 καθ’
799 1621 998 1672 ἕκαστα
1028 1637 1040 1649 ·
1070 1621 1095 1671 6
1142 1615 1201 1672 δὲ
1244 1626 1339 1679 τῆς
1368 1617 1628 1679 εὐσεϐείας
1672 1616 1818 1686 λόγος
1848 1613 1932 1667 ἐπὶ

2061 1622 2389 1691 lescensus,
2439 1624 2759 1680 dividendo
2799 1628 3076 1679 naturam
3108 1624 3168 1678 in
3199 1622 3514 1678 individua
3549 1639 3562 1688 ;
3595 1620 3696 1693 pia

317 1718 565 1785 Χριστοῦ
597 1710 694 1762 οὐκ
732 1708 832 1761 ἀπὸ
862 1715 985 1781 μιᾶς
1017 1729 1153 1771 τινος
1189 1711 1386 1780 φύσεως
1428 1706 1511 1760 ἐπὶ
1540 1709 1607 1760 τὰ
1633 1707 1932 1758 καθέκαστα

2058 1729 2183 1768 vero
2221 1713 2495 1769 doctrina
2541 1712 2616 1768 de
2656 1713 2907 1779 Christo,
2943 1727 3062 1768 non
3112 1711 3254 1767 facit
3283 1711 3361 1767 ab
3393 1727 3515 1766 una
3545 1727 3693 1783 qua-

320 1807 559 1853 ποιεῖται
595 1803 689 1858 τὴν
721 1803 884 1871 τομὴν
922 1803 1012 1851 καὶ
1053 1803 1148 1856 τὴν
1177 1793 1425 1862 κάθοδον,
1457 1796 1516 1848 οὑ
1555 1799 1652 1869 γάρ
1703 1794 1817 1848 ἐστί
1854 1814 1933 1855 τις

2062 1801 2202 1857 iiam
2228 1807 2442 1857 natura
2470 1801 2548 1857 ad
2579 1801 2906 1872 singularia
2952 1801 3330 1866 divisionem,
3359 1804 3416 1854 et
3451 1799 3697 1854 descen-

322 1891 358 1948 ἡ
406 1892 684 1961 τεμνομένη
717 1891 874 1960 φύσις
911 1888 1135 1941 ἐνταῦθα
1175 1892 1294 1960 μία,
1330 1885 1430 1938 ὰπὸ
1481 1883 1540 1939 δὲ
1574 1893 1670 1946 τῆς
1707 1885 1934 1936 ὑποστά-

2058 1907 2177 1946 sum
2216 1907 2228 1946 :
2260 1907 2382 1946 non
2414 1891 2574 1946 enim
2603 1890 2699 1946 hic
2729 1897 2818 1946 est
2848 1890 3047 1961 aliqua
3077 1895 3290 1945 natura
3331 1905 3451 1945 una
3480 1888 3693 1953 divisa,

328 1997 482 2044 σεως,
513 1978 702 2050 μᾶλλον
745 1978 814 2039 εἰς
855 1981 943 2036 τὴν
975 1985 1065 2038 τῆς
1113 1979 1315 2049 φύσεως
1352 1975 1668 2028 ἁναπλοῠται
1709 1970 1889 2026 δυάδα
1912 1985 1931 2003 ⁶

2060 1979 2148 2034 sed
2178 1981 2377 2050 potius
2417 1980 2482 2036 tit
2508 1980 2853 2052 hypostasis
2875 1980 2994 2034 sive
3021 1994 3291 2050 personas
3319 1977 3380 2033 in
3412 1978 3566 2033 duas
3592 1992 3695 2034 na-

322 2065 482 2120 κᾶικεῖ
517 2071 607 2140 μὲν
655 2070 712 2119 τὸ
753 2069 972 2139 φυσικὸν
1019 2067 1350 2118 ὑποστατικὰ
1397 2064 1517 2130 ἕξει,
1551 2065 1632 2117 ὄτι
1677 2069 1766 2116 καὶ
1812 2061 1932 2114 πολ-

2060 2084 2205 2124 υτεε
2243 2068 2576 2140 explicatio,
2603 2069 2720 2124 illic
2750 2068 2912 2124 enim
2935 2067 3206 2124 naturale
3232 2067 3478 2123 habebit
3505 2066 3695 2138 hypo-

323 2156 418 2210 λαὶ
481 2159 772 2228 πεφύκασιν
827 2157 912 2208 ὑπ’
971 2155 1130 2208 αὐτην
1187 2157 1502 2216 ὑποστάσεις
1533 2171 1545 2182 ⁸
1588 2152 1672 2206 ἐπὶ
1727 2149 1785 2206 δε
1841 2159 1932 2205 τοῦ

2056 2157 2274 2228 statica,
2307 2159 2407 2213 ubi
2438 2158 2636 2214 multae
2663 2157 3022 2229 hypostases
3054 2156 3166 2212 sub
3197 2156 3294 2211 illa
3323 2161 3536 2211 natura
3570 2155 3691 2210 fue-

323 2245 449 2298 καθ⁹
493 2248 629 2317 ἡμᾶς
659 2249 953 2317 μυστηρίου
984 2243 1091 2297 ἕπεὶ
1120 2243 1169 2296 ἓν
1208 2248 1359 2315 μόνον
1408 2246 1468 2294 τὸ
1506 2246 1674 2295 κοινὸν
1704 2244 1804 2294 ὑπὸ
1847 2245 1932 2294 τόν

2061 2247 2158 2302 'int
2185 2264 2197 2302 :
2230 2247 2289 2302 in
2321 2252 2610 2318 mysterio
2640 2252 2842 2302 autem
2874 2251 3094 2301 nostra;
3113 2245 3519 2315 humanitatis,
3558 2243 3696 2316 quia

325 2334 475 2394 ἣλιον
503 2337 672 2407 ὤφθη,
705 2339 796 2386 καὶ
823 2339 921 2406 μία
951 2332 1090 2386 ἐστὶν
1121 2336 1150 2392 ἡ
1181 2341 1272 2386 τοῦ
1304 2340 1536 2407 Χριστοῦ
1567 2336 1656 2384 καὶ
1683 2328 1928 2402 ἀδιαίρε-

2060 2352 2232 2392 inum
2251 2342 2482 2393 tantum
2509 2352 2736 2392 novum
2769 2336 2880 2390 sub
2908 2334 3029 2390 sole
3060 2334 3359 2406 apparuit,
3380 2340 3437 2389 et
3468 2349 3587 2389 una
3609 2337 3695 2389 est

323 2443 416 2486 τος
446 2425 740 2486 ὑπόστασις
766 2441 777 2453 '
803 2426 920 2476 οὔτε
942 2425 1292 2476 ὑποστατικὸν
1322 2421 1446 2482 ὅλως
1470 2424 1499 2480 ἠ
1536 2425 1684 2493 φύσις
1711 2417 1932 2474 δύναται

2058 2425 2270 2492 3hristi,
2352 2431 2407 2481 et
2481 2422 2779 2500 ἀδιαίρετος
2846 2424 3213 2496 bypostasis,
3283 2428 3496 2478 natura
3571 2437 3693 2478 non

322 2517 611 2585 περιέχειν,
644 2515 758 2566 οὔτε
785 2514 942 2585 φύσις
967 2513 1095 2574 ὅλως
1123 2513 1440 2564 ἑπινοεῖσθαι
1465 2515 1581 2583 μία.

2058 2519 2234 2585 potest
2247 2515 2495 2570 omnino
2509 2514 2807 2570 continere
2820 2513 3218 2584 hypostatica,
3237 2527 3432 2584 neque
3444 2511 3693 2568 omnino

2039 2603 2284 2673 cogitari
2319 2619 2460 2660 una.

397 2694 467 2744 T6
499 2686 559 2743 δε
600 2687 839 2763 δεύτερον
869 2699 968 2744 τῶν
1011 2693 1369 2766 αἰρετιζόντων
1410 2693 1648 2762 σόφισμα
1684 2690 1830 2760 παρὰ
1872 2691 1930 2740 τὸ

2113 2694 2454 2750 Secundum
2469 2708 2608 2749 vero
2623 2692 2939 2764 sophisma
2949 2691 3380 2757 haereticorum,
3399 2689 3695 2746 fallaciam

323 2779 569 2852 ἑπόμενον
653 2782 1032 2842 κατασκευάζει
1119 2779 1177 2832 τὸ
1257 2781 1620 2854 κακούργημα.
1703 2781 1772 2830 Τὸ
1841 2781 1930 2850 μεν

2061 2783 2457 2854 :onsequentis
2475 2781 2872 2838 machinatur.
2906 2781 3190 2836 Voluntas
3222 2781 3381 2836 enim
3413 2781 3696 2850 guomica

321 2873 428 2945 γὰρ
483 2873 744 2942 γνωμικὸν
790 2869 987 2942 θέλημα
1031 2873 1122 2921 καὶ
1175 2870 1523 2921 ὑποστατικόν
1575 2870 1779 2928 πάντως
1821 2866 1932 2918 ἐστὶ

2059 2871 2500 2942 athypostatica,
2520 2870 2767 2926 omnino
2784 2875 2871 2925 est
2896 2869 3396 2940 hypostatica(85)
3429 2885 3441 2922 :
3475 2869 3694 2922 etenim

322 2964 420 3011 καὶ
471 2963 638 3011 ποιόν.
680 2961 749 3012 T6
803 2955 862 3011 δε
913 2962 1060 3012 ποιὸν
1113 2958 1173 3010 οὑ
1226 2960 1429 3020 πάντως
1470 2957 1612 3010 ἐστὶν
1651 2958 1931 3008 ὑποστατι-

2060 2976 2390 3016 :ommunes
2429 2960 2728 3015 naturales
2753 2959 3089 3014 voluntates
3118 2957 3405 3030 qualitate
3435 2955 3695 3012 naturali

327 3051 436 3100 κόν.
500 3053 599 3100 Καὶ
643 3049 746 3122 γὰρ
804 3052 894 3100 καὶ
931 3050 996 3100 τὰ
1045 3049 1193 3099 κοινὰ
1243 3049 1442 3119 φυσικὰ
1501 3045 1764 3117 θελήματα
1811 3063 1932 3096 ποι-

2057 3048 2416 3104 liﬂeruntab
2445 3048 2876 3118 heterogeneis,
2909 3048 2968 3102 id
2996 3052 3087 3103 est
3112 3063 3148 3103 a
3172 3046 3424 3102 diversis
3454 3059 3692 3115 genere,

330 3141 485 3194 ότητι
552 3145 747 3210 φυσικῇ
829 3145 928 3190 τῶν
1007 3135 1305 3210 ἑτερογενῶν
1384 3132 1706 3206 διενήνοχεν.
1774 3133 1933 3185 Ἀλλὰ

2058 3153 2248 3194 rerum
2262 3137 2420 3210 quali
2431 3142 2543 3192 tate
2556 3136 2811 3192 naturali
2825 3135 3050 3192 affectis
3065 3152 3186 3191 non
3202 3134 3693 3190 suntvoluntates

330 3228 460 3278 ποιὰ
509 3229 632 3278 ὄντα
686 3225 781 3277 οὑκ
837 3225 940 3278 εἰσὶ
998 3225 1264 3297 θελήματα
1315 3226 1571 3296 γνωμικά.
1628 3222 1784 3276 Ἀλλὰ
1827 3224 1928 3295 γὰρ

2062 3226 2353 3296 gnomicas.
2372 3225 2484 3281 Sed
2503 3230 2702 3280 tamen
2717 3225 2989 3296 quamvis
3012 3225 3453 3296 paralogismus
3469 3239 3541 3278 ex
3557 3238 3697 3278 con-

331 3315 378 3368 εἰ
429 3319 518 3367 καὶ
569 3313 928 3386 συνεφέλκεται
1005 3317 1064 3366 τό
1134 3317 1374 3386 ἑπόμενον
1435 3315 1461 3365 6
1514 3311 1926 3384 παραλογισμός,

2059 3322 2325 3388 sequente
2370 3314 2628 3379 ducitur,
2656 3329 2778 3370 non
2810 3319 3012 3369 tamen
3048 3317 3292 3385 propter
3321 3327 3694 3385 consequens

329 3405 466 3477 ὅμως
511 3403 571 3456 οὑ
615 3405 760 3477 παρὰ
795 3410 948 3456 τοῦτο
985 3406 1044 3456 1'6
1083 3399 1275 3474 ψεῦδος
1313 3401 1720 3475 ἐσχηματίζετο.
1777 3399 1930 3454 ’Ἐστι

2060 3403 2406 3474 igurabatur
2416 3402 2817 3469 mendacium,
2832 3401 3147 3474 siquidem,
3167 3406 3361 3473 potest
3373 3400 3512 3467 dici,
3528 3398 3695 3472 quod

324 3495 427 3566 γὰρ
482 3493 659 3559 εἰπεῖν,
708 3495 776 3555 ὡς
832 3494 875 3544 εῖ
923 3496 1013 3545 καὶ
1052 3496 1109 3544 τὸ
1147 3495 1293 3545 ποιὸν
1339 3494 1595 3566 θεωρῆται
1638 3487 1838 3556 διττὸν,
1869 3493 1927 3543 τὸ

2060 3495 2086 3549 tl
2112 3497 2170 3546 1'6
2200 3497 2365 3565 ποιὸν,
2415 3493 2472 3548 id
2515 3498 2622 3557 est,
2656 3491 2932 3548 affectum
2965 3492 3250 3564 qualitate
3282 3491 3416 3562 (86),
3471 3488 3695 3562 duplex

325 3585 418 3655 μὲν
445 3581 526 3636 επὶ
570 3590 663 3635 τοῦ
707 3589 932 3654 φυσικοῦ
986 3581 1292 3654 θελήματος,
1321 3585 1380 3634 τὸ
1429 3577 1488 3634 δε
1537 3581 1620 3634 ἐπὶ
1667 3588 1759 3633 τοῦ
1802 3581 1926 3634 ὑπο-

2058 3587 2357 3654 ιρθοιειιυτ,
2389 3582 2636 3638 alterum
2665 3581 2722 3636 in
2773 3580 3028 3636 naturali
3063 3579 3388 3645 voluntate,
3442 3578 3693 3634 alterum

326 3679 598 3740 στατικοῠ,
648 3668 801 3725 οὐδὲν
849 3670 1035 3724 κωλύει
1082 3671 1264 3743 λέγειν,
1321 3669 1510 3743 μᾶλλον
1559 3667 1619 3723 δε
1655 3676 1744 3723 καὶ
1781 3689 1927 3746 χειρ-

2058 3687 2175 3728 tero
2205 3671 2266 3727 in
2312 3671 2711 3744 hypostatica,
2763 3669 2910 3725 nihil
2939 3669 3217 3742 prohibet
3267 3669 3486 3734 dicere,
3526 3666 3693 3740 quod

327 3765 608 3833 αγωγήσει,
643 3763 711 3822 ὡς
739 3757 922 3814 διττοῦ
953 3762 1310 3833 τυγχάνοντος
1352 3766 1442 3812 τοῦ
1481 3767 1654 3824 ποιοῦ,
1687 3757 1795 3812 ἐπεὶ
1833 3759 1927 3812 οὑκ

2061 3778 2169 3816 :um
2185 3761 2406 3833 duplex
2422 3761 2493 3816 sit
2509 3763 2654 3814 ποιὸν
2685 3760 2822 3832 (87),
2852 3759 2996 3832 quia
3010 3773 3129 3814 non
3155 3762 3242 3814 est
3259 3756 3568 3821 naturalis,
3595 3755 3696 3812 illa

326 3852 442 3903 ἔστι
493 3852 733 3922 φυσικὸν,
793 3847 950 3902 ἐκεῖνο
1010 3851 1112 3923 γὰρ
1191 3851 1380 3914 κοινὸν,
1454 3850 1805 3901 ύποστατικὸν
1867 3847 1926 3899 ἂν

2061 3855 2196 3906 anim
2226 3851 2563 3906 communis
2604 3853 2712 3917 est,
2758 3849 2865 3904 erit
2916 3847 3189 3904 voluntas
3240 3846 3615 3919 hypostatica
3639 3848 3696 3900 et

328 3942 407 3997 εἴη
469 3938 666 4011 θέλημα
715 3942 804 3990 καὶ
859 3941 1139 4011 γνωμικὸν,
1193 3940 1323 3991 ὥστε
1367 3938 1436 4000 εἰς
1484 3941 1672 3991 ταυτὸν
1734 3937 1794 3989 ἂν
1847 3941 1923 3994 ε’ίη

2056 3940 2329 4009 ζοοωίαθ..
2367 3940 2558 4005 Quare
2605 3938 2666 3995 in
2701 3939 2860 3994 idem
2906 3938 3075 4001 redit,
3109 3937 3277 4008 quod
3311 3935 3545 3991 efﬁcere
3573 3932 3691 3988 vull

328 4031 794 4104 περιενηνεγμένον,
851 4028 892 4080 εί
932 4033 1022 4080 καὶ
1065 4032 1136 4100 μὴ
1192 4030 1335 4101 παρὰ
1375 4031 1434 4080 τὸ
1484 4027 1726 4099 ἑπόμενον
1765 4029 1795 4086 ἡ
1836 4033 1926 4079 τοῦ

2052 4029 2372 4093 itereticus,
2407 4028 2509 4083 etsi
2541 4043 2662 4083 non
2702 4027 2984 4099 procedat
3021 4030 3310 4080 structura
3340 4023 3568 4079 fallacis
3597 4037 3687 4077 ar-

326 4115 484 4188 λόγου
541 4115 742 4188 προῦϐη
825 4118 1087 4180 σύνθεσις,
1144 4121 1200 4169 τὸ
1288 4124 1382 4178 τῆς
1453 4119 1696 4188 αἱρέσεως
1771 4135 1926 4168 καταο

2055 4116 2501 4189 ςυηιοοιειιίοηὶε
2519 4122 2759 4187 propter
2771 4130 3163 4187 consequens.
3186 4113 3336 4179 Quid
3355 4126 3495 4180 ergo
3510 4125 3690 4182 opor-

331 4209 627 4278 σκεύασμα.
673 4210 735 4258 Τί
782 4202 869 4258 οὖν
913 4203 998 4259 δεῖ
1028 4206 1230 4277 λέγειν;
1264 4207 1342 4258 ὅτι
1387 4207 1412 4258 6
1463 4207 1686 4279 Χριστὸς
1728 4205 1770 4257 εί
1838 4211 1927 4258 καὶ

2061 4211 2118 4262 et
2145 4207 2335 4260 dicere
2364 4207 2392 4262 ?
2416 4206 2636 4277 Nempe
2666 4205 2829 4277 quod
2861 4203 3144 4268 Christus,
3181 4201 3284 4258 etsi
3312 4207 3398 4256 est
3434 4215 3555 4254 una
3582 4199 3691 4268 hy-

327 4299 428 4366 μία
477 4291 539 4353 ἧν
587 4296 894 4360 ὑπόστασις,
939 4296 1067 4368 οὐχι
1103 4303 1236 4365 ποιῷ
1288 4315 1388 4346 τινι
1431 4299 1753 4367 κεχρημένος
1804 4296 1925 4347 ὑπο-

2052 4293 2318 4366 postasis,
2346 4309 2465 4349 non
2502 4300 2702 4349 tamen
2747 4310 2890 4348 usus
2934 4298 3024 4348 est
3053 4291 3422 4363 hypostatica
3478 4287 3687 4343 volun-

330 4391 564 4455 στατικῷ
619 4382 870 4456 θελήματι
935 4389 1184 4457 φαίνεται.
1247 4383 1402 4437 Ἀλλά
1456 4392 1650 4458 τροφῆς
1712 4387 1802 4456 μὲν
1863 4387 1927 4444 ὡς

2055 4389 2170 4449 ate,
2208 4383 2486 4455 qualitate
2517 4380 2749 4448 affecta,
2785 4382 2892 4437 sed
2923 4381 3117 4454 potius
3151 4385 3212 4436 ut
3242 4379 3488 4451 explens
3516 4382 3690 4432 natu-

324 4475 546 4545 φυσικὸν
651 4472 858 4548 πληρῶν
967 4472 1182 4545 θέλημα,
1287 4480 1570 4545 μετασχεῖν
1657 4473 1921 4531 ὴθελησεν.

2047 4471 2220 4528 ralem
2256 4472 2645 4537 voluntatem,
2695 4471 2894 4527 cibum
2943 4470 3127 4526 voluit
3173 4485 3408 4540 capere,
3439 4467 3682 4524 dulcem

322 4561 694 4624 Γλυκαζούσης
751 4558 810 4616 δε
873 4563 902 4622 ἢ
961 4565 1258 4635 στυφούσης
1312 4564 1342 4622 ἣ
1411 4562 1574 4625 ἄλλως
1622 4558 1926 4625 ἡδυνούσης

2049 4578 2175 4619 vero
2201 4569 2303 4618 aut
2326 4561 2631 4626 acerbum,
2654 4560 2750 4618 vel
2774 4560 2938 4618 aliter
2953 4559 3367 4624 delectantem,
3396 4556 3640 4613 minime
3671 4572 3684 4621 ;

1896 4742 2122 4798 NOTAE.

397 4893 512 4977 (84)
543 4891 678 4977 Non
723 4893 1093 4977 simpliciter.
1116 4898 1350 4977 tantum
1380 4909 1503 4976 eam
1543 4893 1918 4977 operabatur.
2040 4893 2201 4977 tiuuo
2227 4900 2308 4977 est
2342 4894 2727 4977 hypostatiga.
2757 4894 2995 4977 Etenim
3013 4908 3353 4977 mocmtnuues
3381 4893 3691 4977 naturales

323 4963 450 5038 οὐχ
475 4963 647 5025 ἁπλῶς
665 4983 818 5036 μονον
839 4963 1047 5038 ἐνεργεῖ.
1073 4965 1135 5020 Id
1150 4972 1237 5022 est
1253 4984 1264 5022 :
1280 4966 1406 5021 Non
1431 4963 1775 5037 simpliciter
1796 4970 1920 5020 tan-

2054 4963 2520 5038 iolunta'tes,’etc.
2552 4997 2618 5006 —
2645 4966 2708 5021 ln
2733 4968 2996 5022 versione
3013 4965 3280 5020 Turriani
3303 4969 3426 5020 erat
3444 4964 3689 5020 omissio

323 5017 453 5095 (at;
481 5017 777 5108 operatur.
805 5068 873 5076 —
904 5017 1038 5092 ὺὲιθ
1068 5017 1406 5093 ἇᾶἦιῖ””’”
1802 5017 1896 5020 ἠ
2032 5017 2316 5092 nam};

401 5107 533 5179 (85)
553 5108 840 5179 Voluntas
865 5111 1019 5163 enim
1037 5110 1310 5179 gnomica
1329 5114 1380 5163 et
1401 5108 1922 5178 hypostatica,om-
2107 5109 2220 5179 (86)
2256 5111 2448 5164 Potest
2474 5108 2594 5164 dici
2615 5109 2774 5179 quod
2814 5109 2866 5165 si
2893 5111 2951 5161 τὸ
2982 5111 3150 5178 ποιὸν,
3195 5107 3258 5162 id
3308 5113 3391 5164 est
3421 5108 3690 5176 affectum

321 5180 468 5236 nino
494 5178 576 5234 est
601 5178 1010 5248 hypostatica;
1038 5178 1250 5236 etenim
1275 5195 1603 5235 communes
1618 5181 1924 5235 naturales

2052 5178 2339 5249 yttalilale.
2373 5180 2556 5232 Ἔστιν
2583 5178 2761 5245 εἰπεῖν,
2813 5184 2880 5242 ὡς
2912 5180 2956 5232 εἰ
3005 5184 3094 5232 καὶ
3143 5183 3200 5231 τὸ
3246 5182 3412 5233 ποιὸν.
3443 5179 3508 5233 Id
3552 5184 3642 5234 est
3675 5197 3687 5232 :

324 5253 678 5325 voluntates,
718 5253 787 5301 T6
825 5253 916 5325 μὲν
962 5253 1061 5325 γὰρ
1112 5254 1371 5322 γνωμικὸν
1419 5251 1634 5325 ρέλημα,
1676 5257 1764 5325 καὶ,
1805 5253 1926 5325 ὑποο

2053 5252 2381 5325 9otestdici
2433 5252 2596 5323 quod
2647 5252 2757 5306 etsi
2810 5256 2868 5304 τό
2923 5255 3091 5321 ποιὸν,
3124 5251 3184 5306 id
3241 5257 3350 5317 est,
3409 5250 3688 5306 allectum

325 5325 571 5376 στατικὸν
602 5323 799 5382 πάντως
826 5319 978 5373 ἔστὶν
1002 5319 1091 5374 κάἱ
1119 5319 1281 5375 ποιόν.
1311 5325 1380 5375 Τὸ
1422 5319 1480 5375 δὲ
1509 5319 1674 5388 ποιὸν,
1709 5322 1767 5374 ού
1795 5324 1925 5375 πάν·
2036 5323 2344 5394 qualitate.

321 5415 422 5456 τως
452 5394 594 5467 ἐστίν
625 5394 1003 5467 ὑποστπτικόν.
1037 5399 1136 5447 Καὶ
1157 5397 1258 5466 γὰρ
1287 5397 1351 5446 τὰ
1381 5397 1529 5467 κοινὰ
1559 5396 1756 5467 φυσικὰ
1783 5394 1925 5452 θελή-

2056 5391 2073 5394 ’
2109 5394 2220 5465 (87)
2253 5394 2423 5467 Nihil
2447 5393 2709 5459 prohibet
2741 5393 2950 5459 dicere,
2983 5394 3146 5467 quod,
3173 5409 3311 5467 pum
3344 5391 3570 5467 duplex
3613 5391 3687 5448 sit

321 5465 569 5540 para._ld
588 5471 705 5519 est:
745 5465 1022 5540 Voluntas
1038 5461 1190 5522 enim
1221 5461 1489 5540 gnomica
1510 5461 1596 5540 est
1617 5467 1794 5540 etiam
1813 5482 1927 5522 om-

2048 5461 2209 5540 ποιὸν,
2255 5464 2394 5540 quia
2443 5481 2562 5520 non
2595 5469 2675 5521 est
2723 5461 3048 5540 naturalis.
3079 5461 3246 5540 Ορὃὲν
3277 5461 3460 5516 κωλύει
3501 5463 3683 5540 λέγειν,

321 5533 470 5593 hino
485 5536 860 5610 hypostatica
873 5548 924 5592 et
943 5543 1105 5610 certa
1121 5533 1366 5608 quadam
1381 5538 1663 5610 qualitate
1679 5539 1772 5607 a/f
1769 5543 1894 5594 ecta
1912 5553 1925 5602 ;

2052 5536 2227 5587 κᾶλλον
2265 5533 2326 5588 δὲ
2377 5541 2466 5610 καὶ
2531 5543 2942 5610 χειραγωγήσει,
2999 5539 3068 5599 ὡς
3112 5533 3293 5610 διττοῦ
3339 5533 3687 5610 τυγχάνοντος

320 5609 421 5666 sed
443 5608 494 5665 si
517 5605 653 5684 qua
673 5608 943 5666 voluntas
959 5605 1250 5684 qualitate
1268 5605 1524 5686 praedita
1551 5615 1634 5667 est
1655 5605 1769 5671 non
1795 5624 1928 5666 con—

2048 5614 2128 5660 τοῦ
2184 5614 2356 5674 ποιοῦ,
2389 5605 2497 5662 ἐπεὶ
2531 5605 2633 5661 οὑκ
2672 5605 2787 5661 ἕττι
2809 5605 3048 5682 φυσικόν.
3103 5607 3147 5668 Il
3176 5613 3262 5664 est
3294 5623 3306 5664 ε
3342 5605 3492 5663 Nihil
3554 5621 3683 5685 pro-
