4140 6198
378 328 477 383 531

1605 321 1839 377 ΡΗΟΤΙΙ
1882 319 2370 375 ΡΑΤΗῘΑΗΟΗᾹΞ
2410 320 2515 377 CP.

3636 319 3747 373 532

378 456 433 508 et
461 453 671 523 potum
703 446 946 519 quidem
970 445 1249 502 eamdem
1272 446 1566 502 rationem
1600 447 1882 502 humanae
1914 461 2025 500 na-

2143 445 2233 497 οὐχ
2282 448 2375 497 ἔτι.
2431 450 2529 498 Καὶ
2577 448 2733 497 ποτὸν
2773 445 2861 516 μεν
2905 445 3039 495 κατὰ
3086 444 3171 494 τὸν
3215 440 3371 493 αὐτὸν
3414 450 3508 504 τῆς
3550 441 3747 516 ἀνθρω-

378 548 519 597 turze
546 539 830 595 adhibere
861 536 973 591 sibi
1008 536 1340 606 voluit(88),
1377 537 1453 591 ad
1481 536 1686 591 vinum
1718 552 1859 591 vero
1886 535 2027 591 boni

377 631 595 695 odoris,
619 632 719 684 aut
751 627 1023 690 siceram,
1045 631 1146 680 aut
1175 625 1251 680 ad
1270 625 1431 680 aliud
1450 626 1795 695 hujusmodi
1825 625 2029 680 volun-

381 724 558 776 tatem
588 716 933 773 invitantem
951 758 960 781 ,
977 721 1079 769 aut
1107 715 1461 770 excitantem
1480 731 1597 770 non
1615 715 1898 778 habebat,
1925 714 2030 768 sed

379 807 721 880 simpliciter
763 804 1108 859 alimentum
1140 808 1199 858 et
1251 802 1555 874 potionem
1617 804 2033 859 convenienter

378 898 657 953 humanae
701 898 946 957 naturae,
984 892 1129 947 sicut
1158 891 1383 947 dictum
1416 897 1530 960 est,
1580 908 1701 947 una
1736 892 1945 947 Christi
1978 896 2034 946 et

380 987 477 1042 Dei
500 984 680 1041 nostri
698 998 950 1055 persona
973 982 1083 1036 sibi
1102 981 1422 1038 adhibebat
1442 999 1455 1047 ;
1477 982 1553 1037 ad
1578 983 1876 1053 privatum
1893 997 2033 1035 vero

379 1073 857 1131 etblandientem
897 1086 1138 1125 sensum
1183 1075 1401 1142 praeter
1436 1071 1871 1136 necessitatem,
1899 1085 2035 1141 pro-

380 1163 691 1237 prietatem
720 1160 834 1215 cibi
870 1164 972 1214 aut
1013 1159 1269 1230 potionis
1318 1175 1702 1231 nequaquam
1746 1158 2033 1214 voluntati

380 1269 497 1307 sua:
526 1250 776 1321 subjecit
800 1250 934 1319 (89).
955 1247 1349 1313 Quamobrem
1380 1253 1513 1320 post
1530 1248 2033 1303 resurrectionem

376 1341 740 1397 conﬁrmans
788 1340 1075 1393 humanae
1125 1342 1349 1392 natura:
1393 1339 1722 1402 veritatem,
1770 1342 1827 1393 et
1869 1336 2035 1409 quod

380 1430 535 1485 hanc
561 1443 683 1483 non
727 1425 1021 1481 refutabat
1050 1428 1181 1496 (90),
1221 1442 1339 1481 non
1368 1426 1478 1482 hos
1525 1432 1627 1481 aut
1680 1426 1807 1481 illos
1865 1425 2034 1480 cibos

376 1517 683 1589 appetivit,
718 1515 823 1571 sed
856 1514 1201 1585 simpliciter
1246 1516 1439 1585 inquit
1471 1532 1484 1569 :
1520 1515 1769 1571 Habetis
1798 1514 1893 1570 hic
1924 1515 2034 1568 ali-

378 1608 523 1679 quid
570 1606 649 1662 ad
704 1604 1177 1661 manducandum
1223 1603 1251 1658 ‘t
1288 1609 1361 1657 At
1411 1604 1678 1659 fortassis
1730 1604 1906 1658 aliam
1940 1603 2036 1657 hic

380 1712 576 1751 sermo
603 1693 1171 1765 contemplationem
1222 1692 1389 1747 affert
1424 1709 1542 1747 non
1601 1694 1792 1747 minus
1824 1708 1951 1759 nos,
1986 1692 2031 1745 si

378 1801 499 1839 non
516 1784 723 1853 magis,
744 1783 1081 1848 docentem,
1102 1782 1266 1854 quod
1291 1781 1554 1837 Christus
1576 1798 1696 1836 una
1709 1798 1847 1836 cum
1874 1785 2032 1837 esset

379 1872 719 1945 bypostasis
751 1870 1127 1925 indivisibilis
1158 1874 1214 1924 et
1258 1870 1711 1941 inseparabillis,
1768 1870 2033 1925 humana

379 1961 623 2033 quidem
651 1960 933 2024 habebat,
958 1965 1015 2014 et
1045 1960 1442 2015 conservabat
1468 1960 1831 2014 voluntatem
1861 1960 1979 2029 (91)
2019 1976 2032 2023 ;

378 2050 722 2123 gnomicam
750 2065 885 2103 vero
912 2049 1271 2104 voluntatem
1314 2064 1702 2121 nequaquam
1733 2048 2035 2120 accepisse

379 2140 841 2202 demonstratur,
862 2138 1127 2209 nullique
1154 2138 1398 2193 cordato
1423 2138 1765 2210 etprudenti
1791 2137 2035 2192 molesta

379 2230 484 2285 erit
507 2229 565 2283 in
592 2228 701 2283 hac
727 2244 786 2283 re
818 2227 1111 2282 dubitatio
1142 2246 1153 2286 :
1180 2227 1478 2298 siquidem
1515 2227 1679 2281 multi
1706 2226 1899 2282 sancti
1927 2226 2033 2280 viri

378 2318 438 2373 in
488 2317 757 2373 asceticis
810 2317 1257 2379 certaminibus,
1302 2316 1361 2371 id
1414 2322 1522 2380 est,
1558 2316 1719 2370 duris
1768 2316 2034 2387 corporis

380 2405 896 2461 exercitationibus
928 2406 1209 2474 insignes,
1242 2421 1362 2459 non
1410 2410 1687 2459 recusant
1736 2404 2034 2459 voluntate

384 2494 639 2549 naturali
660 2492 987 2548 naturalem
1011 2493 1276 2563 corporis
1305 2493 1602 2548 deﬂuxum
1632 2492 1759 2547 cibo
1790 2493 2036 2563 quidem

381 2588 611 2637 naturae
629 2587 858 2637 tantum
876 2584 1262 2636 conveniente
1279 2583 1608 2636 secundum
1628 2587 1901 2636 naturam
1918 2581 2037 2635 vin-

382 2688 546 2739 cere;
579 2672 653 2725 de
683 2671 936 2726 conditis
963 2687 1101 2725 vero
1127 2671 1277 2725 cibis
1307 2676 1361 2725 et
1388 2676 1589 2738 guttur
1616 2672 1907 2725 suavitate
1938 2671 2035 2726 de-

379 2760 746 2825 linientibus,
781 2760 1031 2831 aliisque
1066 2760 1361 2830 ejusmodi
1405 2760 1867 2828 curiositatibus,
1898 2777 2035 2833 quae

381 2865 454 2905 ex
478 2850 780 2906 voluntate
822 2850 1102 2919 gnomica
1140 2849 1432 2912 oriuntur,
1468 2865 1586 2904 non
1635 2849 1885 2904 multam
1939 2866 2037 2904 cu-

382 2954 510 2994 ram
533 2938 758 2993 habent
784 2954 798 3002 ;
822 2954 941 2992 non
967 2943 1165 2993 tamen
1192 2939 1424 3009 penitus
1447 2943 1838 2993 contemnunt
1875 2938 1989 3010 (92)
2019 2955 2033 3006 ;

381 3032 438 3083 et
474 3028 604 3083 haec
625 3030 830 3083 contra
861 3028 1264 3083 cifticultatem
1306 3028 1605 3100 appetitus
1637 3027 1942 3099 objiciunt.

454 3206 671 3261 Verum
698 3205 795 3261 alii
840 3206 1077 3277 quidem
1111 3207 1255 3261 citra
1303 3206 1546 3277 culpam
1606 3206 1779 3263 vitam
1821 3206 2036 3276 degere

385 3293 603 3358 volunt,
646 3300 700 3348 et
732 3298 875 3349 citra
906 3296 1147 3367 culpam
1211 3295 1362 3349 cibis
1418 3301 1667 3351 utuntur
1701 3315 1713 3363 ;
1755 3296 1852 3352 alii
1898 3313 2035 3354 vero

382 3389 703 3454 utrumque
726 3385 930 3438 vitiose
961 3390 1015 3439 et
1044 3400 1224 3455 prave
1246 3384 1496 3441 faciunt.
1534 3386 1726 3441 Habes
1757 3386 1813 3441 in
1844 3387 2035 3457 priore

385 3472 719 3542 exemplum
766 3476 948 3537 Isaac,
984 3490 1122 3527 cum
1170 3475 1539 3528 venationem
1589 3476 1948 3546 concupivit,
1983 3480 2039 3531 et

384 3560 612 3626 habuit,
644 3566 700 3615 et
725 3562 816 3629 pie
840 3560 1010 3614 valde
1030 3577 1098 3614 ac
1132 3566 1454 3630 temperate
1488 3562 1747 3617 comedit
1777 3581 1788 3629 ;
1822 3578 1892 3617 ex
1915 3579 2037 3635 quo

385 3648 519 3703 cibo
547 3654 787 3719 sumpto
819 3656 1019 3702 secuta
1050 3649 1382 3704 benedictio
1410 3664 1597 3718 genus
1628 3650 1940 3705 hominum
1978 3652 2037 3705 in

382 3737 684 3793 inﬁnitum
715 3752 901 3809 prope
941 3739 1127 3807 auxit,
1168 3744 1224 3794 et
1271 3754 1538 3808 magnam
1584 3745 1806 3811 partem
1882 3740 2039 3794 orbis

2138 541 2293 597 πίνης
2348 538 2549 607 φύσεως
2608 535 2757 605 λόγον
2816 534 3064 593 ἠθέλησεν
3120 534 3591 603 προσενέγκασθαι,
3648 535 3746 585 ἀν-

2142 626 2363 693 θοσμίαν
2415 622 2473 677 δὲ
2526 622 2656 677 οἶνον
2686 629 2776 675 καὶ
2828 629 3009 695 σίκερα
3052 626 3081 680 ἦ
3139 641 3187 672 τι
3220 628 3451 673 τοιοῦτον
3482 622 3572 673 οὐκ
3602 620 3745 694 εἶχεν

3635 712 3747 764 ἀλλ’

2142 802 2315 862 ἁπλῶς
2373 806 2460 875 μεν
2510 810 2699 876 τροφῆς
2748 821 2801 853 τε
2852 806 2940 852 καὶ
2979 806 3138 852 πότου
3191 803 3328 851 κατὰ
3375 804 3461 852 τὸν
3508 809 3604 861 τῆς
3656 802 3750 853 ἁν-

2138 718 2196 765 τὸ
2276 713 2501 787 ἐρεθίζον
2581 711 2704 765 οὐδὲ
2774 721 3051 787 παρορμῶν
3118 711 3267 762 αὐτόν
3335 711 3577 783 θελημα’

2144 894 2399 963 θρωπίνης
2454 896 2648 963 φύσεως
2698 892 2868 963 λόγον,
2916 893 3088 961 ὥσπερ
3144 893 3366 963 εἴρηται,
3418 891 3443 940 6
3507 892 3577 951 εἰς
3628 892 3749 944 καθ’

2146 982 2433 1032 ὑπόστασιν
2474 985 2703 1051 Χριστός
2750 982 2773 1031 6
2807 982 2933 1039 Θεὸς
2976 982 3121 1050 ἡμῶν
3160 983 3502 1051 προσεφέρετο
3562 980 3656 1041 ἐἰς
3691 980 3750 1022 Τί

2146 1067 2458 1131 ἰδιάζουσαν
2506 1067 2563 1122 δὲ
2607 1076 2697 1121 καὶ
2747 1069 3129 1121 κολακεύουσαν
3174 1071 3318 1139 παρὰ
3356 1071 3415 1119 τὸ
3464 1066 3749 1139 ἀναγκαῖον

2141 1164 2232 1215 τὴν
2292 1161 2542 1217 αἴσθησιν
2600 1166 2789 1231 τροφῆς
2847 1158 2876 1216 ἣ
2953 1162 3152 1218 πόσεως
3214 1154 3456 1214 ἰδιότητα
3520 1157 3578 1207 οὐ
3642 1162 3748 1228 μὴν

2144 1245 2391 1319 οὐδαμῶς
2451 1253 2887 1306 συναπενήνεκται
2944 1255 3012 1317 τῷ
3066 1246 3333 1317 θελήματι.
3378 1249 3463 1297 Διό
3516 1252 3605 1298 καὶ
3654 1255 3751 1307 τῆς

2146 1338 2470 1409 ἀνθρωπίνης
2550 1340 2746 1409 φύσεως
2827 1339 2957 1408 μετὰ
3026 1339 3118 1393 τὴν
3186 1334 3469 1387 ἁνάσνασιν
3527 1339 3748 1387 πιστούς

2148 1445 2289 1497 μενος
2342 1431 2436 1484 τὴν
2493 1425 2755 1484 ἀληθειαν.
2808 1430 2909 1477 Καὶ
2961 1427 3041 1476 ὅτι
3088 1427 3283 1481 ταύτην
3320 1424 3412 1475 οὐκ
3454 1423 3752 1477 ἀπεσκευά-

2146 1535 2292 1586 σατο,
2354 1516 2411 1568 οὐ
2466 1511 2585 1567 τόδε
2637 1535 2687 1567 τι
2740 1523 2839 1566 τῶν
2904 1513 3194 1586 βρωμάτων
3248 1512 3581 1577 ἐπεζήτησεν,
3639 1512 3749 1564 ἀλλ’

2146 1603 2318 1665 ἁπλῶς
2349 1608 2496 1676 ἔχετέ
2528 1624 2579 1655 τι
2621 1602 2891 1676 βρώσιμον
2936 1602 3174 1667 ἐνταῦθα,
3222 1608 3401 1674 φησὶν,
3450 1608 3539 1655 καὶ
3587 1602 3750 1659 ἄλλην

2144 1697 2233 1765 μὲν
2290 1701 2381 1745 τοῦ
2445 1693 2600 1765 λόγου
2669 1695 2883 1767 θεωρίαν
2948 1694 3079 1753 ἴσως
3138 1694 3550 1762 συνεισάγοντος,
3594 1688 3751 1743 οὐδὲν

2072 1784 2319 1851 Βῆττον,
2382 1783 2423 1834 εἰ
2480 1787 2550 1854 μὴ
2606 1786 2690 1833 καὶ
2749 1782 2958 1851 μᾶλλον,
3018 1786 3111 1839 τὴν
3171 1776 3537 1832 διδάσκουσαν
3583 1782 3748 1851 ἡμᾶς,

2147 1874 2226 1924 ὅτι
2266 1876 2361 1943 μία
2407 1872 2474 1923 ὡν
2514 1874 2539 1923 6
2585 1874 2812 1944 Χριστός
2861 1872 3175 1935 ὑπόστασις,
3226 1866 3521 1941 ἀδιαίρετός
3568 1889 3624 1921 τε
3658 1875 3753 1922 καὶ

2148 1960 2464 2033 ἀχώριστος,
2510 1964 2565 2013 τό
2616 1964 2704 2032 μὲν
2753 1959 3070 2031 ἀνθρώπινον
3119 1962 3340 2031 φυσικὸν
3384 1956 3523 2029 εἶχέν
3566 1977 3620 2010 τε
3658 1962 3754 2009 καὶ

2150 2056 2417 2123 συνετήρει
2504 2050 2745 2121 θελημαο
2828 2052 2884 2099 τό
2965 2045 3024 2099 δὲ
3098 2051 3357 2118 γνωμικὸν
3440 2043 3755 2118 δεδεγμένος

2144 2136 2372 2211 οὐδεμού
2427 2138 2622 2209 θέλημα
2675 2134 3055 2199 ἐπιδέδεικται,
3109 2141 3198 2187 καὶ
3260 2133 3596 2196 διστάζονσα
3649 2144 3753 2185 τῶν

2144 2236 2260 2279 νοῦν
2316 2228 2543 2299 ἐχόντων
2596 2229 2762 2277 ἔννοια
2814 2224 3197 2298 παρενοχλήσει
3259 2221 3452 2288 οὐδενὶ,
3504 2226 3634 2275 ὅπου
3692 2242 3756 2293 γε

2144 2321 2231 2368 καὶ
2295 2325 2392 2368 τῶν
2459 2318 2601 2386 ἱερῶν
2652 2311 2851 2386 ἀνδρῶν
2901 2314 3073 2366 πολλοὶ
3126 2313 3375 2375 πολλάκις
3445 2312 3756 2372 ἁστιητικοίς

2148 2405 2342 2477 ἀγῶσιν
2394 2401 2815 2477 ἓνδιαπρέποντες
2863 2412 2953 2463 τῆς
3004 2406 3093 2475 μεν
3156 2402 3379 2475 ἐμφύτου
3424 2410 3517 2454 τοῦ
3568 2407 3752 2471 σῶμα-

2144 2515 2226 2556 τος
2278 2493 2538 2568 ἀπορροῆς
2612 2497 2705 2550 τὴν
2788 2496 2919 2544 κατὰ
2977 2494 3130 2563 φύσιν
3189 2490 3595 2565 ἀναπλήρωσιν]
3630 2486 3755 2543 διαο

2147 2586 2447 2655 πρεπούσης
2504 2581 2677 2641 ἁπλῶς
2726 2589 2785 2653 τῇ
2844 2584 2995 2653 φύσει
3059 2588 3254 2655 τροφῆς
3306 2579 3604 2652 προσελθεῖν
3656 2578 3755 2630 οὐκ

2148 2671 2452 2723 ἁνανεύουσι
2498 2671 2765 2742 θελήματι.
2812 2673 3093 2744 Καρυκίαις
3140 2666 3198 2721 δε
3236 2674 3324 2720 καὶ
3363 2668 3546 2740 λαιμὸν
3594 2687 3756 2719 κατα-

2145 2764 2524 2833 γοητευούσαις
2579 2768 2813 2833 τροφαῖς,
2871 2764 2958 2811 καὶ
3029 2761 3293 2818 τοιαύταις
3361 2758 3537 2817 ἄλλαις
3599 2776 3757 2829 περι-

2148 2856 2359 2923 εργίαις,
2422 2849 2455 2901 ἃ
2510 2856 2602 2901 τού
2675 2856 2938 2920 γνωμικοῦ
3006 2848 3292 2919 θελήματος
3371 2846 3757 2898 ἁποϐλαστεὶνει

3674 2935 3756 2987 Οὐ

2146 3034 2248 3101 μὴν
2280 3026 2403 3080 οὐδὲ
2427 3028 2688 3089 παντελῶς
2708 3028 2737 3070 1(
2760 3028 3048 3101 ύπερορᾶσι
3067 3034 3251 3091 ταῦτα,
3282 3030 3371 3078 καὶ
3396 3034 3467 3096 τῷ
3496 3023 3757 3099 ἀνορέκτῳ

2146 2946 2234 2991 καὶ
2306 2943 2506 3010 φύεται,
2576 2937 2635 2989 οὐ
2716 2937 2907 2995 πολλὴν
2983 2940 3300 3011 ἑπιστροφήν
3362 2939 3597 3007 ἔχουσιν.

2071 3140 2109 3194 C
2146 3138 2238 3191 περ
2248 3117 2591 3170 ιστέλλουσιν.

2219 3206 2359 3261 Ἀλλ’
2414 3208 2461 3258 οἱ
2514 3210 2603 3277 μὲν
2661 3204 2938 3277 ἀμέμπτως
2985 3224 3038 3257 τε
3090 3205 3185 3276 ζῇν
3225 3203 3238 3245 1
3281 3202 3607 3274 θεολογοῦσιν
3663 3208 3758 3255 καὶ

2146 3299 2425 3369 ἀμέμπτως
2481 3299 2795 3366 μετέχουσιν
2826 3313 2837 3323 ·
2873 3296 2921 3346 οἱ
2971 3291 3029 3346 δὲ
3075 3293 3313 3365 ἑκάτερον
3366 3292 3533 3344 αὐτῶν
3578 3294 3756 3363 ἡμαρ-

2147 3390 2376 3457 τημένως
2433 3389 2521 3435 καὶ
2576 3383 2866 3455 ἐπισφαλῶς
2928 3380 3359 3457 διαπράττονται.
3429 3381 3611 3452 ’Ἔχεις
3664 3384 3755 3432 τὸν

2144 3457 2324 3528 Ἰσαὰκ
2390 3481 2481 3524 τοῦ
2542 3477 2791 3547 προτέρου
2861 3468 3284 3546 παραδείγματος
3351 3468 3757 3541 ἐπιθυμήσαντα

2147 3564 2312 3635 ἄγραν
2352 3568 2439 3614 καὶ
2485 3566 2719 3631 τυχόντα
2765 3566 2853 3613 καὶ
2902 3566 3239 3633 μετασχόντα
3283 3557 3615 3617 πανευλαϐὠς
3662 3562 3757 3611 καὶ

2152 3658 2444 3723 σωφρόνως.
2497 3650 2587 3713 Ἐξ
2643 3652 2706 3711 ἧς
2760 3649 3008 3722 βρώσεως
3063 3670 3116 3701 τε
3181 3654 3270 3701 καὶ
3327 3648 3665 3709 ἀπολαύσεως
3719 3650 3751 3707 ἠ

2150 3740 2359 3811 εὐλογία
2402 3743 2549 3811 γένος
2594 3738 2877 3811 ἀνθρώπων
2920 3743 3015 3791 οὐκ
3062 3738 3409 3811 εὐαρίθμητον
3457 3734 3755 3799 ἐπηύξησεν

1734 3873 1965 3928 VARI/E
2006 3872 2299 3929 LECTION
2312 3874 2412 3928 ES.

456 3995 523 4037 ⁸’ί
554 4000 642 4051 An
672 3992 972 4055 ἡδύνουσαν
1004 3995 1097 4052 vel
1124 3992 1504 4058 ἠδυλίζουσαν.
1576 3997 1595 4051 j
1628 3996 1667 4052 Ι.
1702 3993 1796 4050 διὰ
1834 4001 2150 4071 πρεπούσης.
2227 4001 2256 4041 Ιί
2292 4000 2605 4073 ὑπερορῶσι.
2685 3996 2697 4038 Ῑ
2730 3999 2836 4052 An.
2871 3996 3129 4050 ἐθέλουσιν
3156 3997 3184 4053 Ῡ

1953 4124 2177 4180 NOT/E.

387 4262 549 4317 hibet
591 4260 810 4333 dicere,
860 4260 987 4333 imo
1007 4276 1100 4333 res
1132 4260 1263 4333 ipsa
1293 4276 1364 4317 eo
1408 4277 1521 4317 nos
1568 4262 1746 4317 ducet
1793 4266 1857 4319 ut
1886 4262 2044 4319 dica-

390 4350 547 4397 mus,
580 4332 743 4405 quod
770 4349 906 4388 cum
956 4332 1175 4405 duplex
1206 4332 1281 4388 sit
1308 4337 1474 4397 ποιὸν,
1509 4334 1707 4405 quale,
1740 4334 1881 4405 quia
1920 4350 2041 4389 non

388 4410 475 4460 est
500 4403 807 4478 naturalis.
828 4436 895 4443 —
922 4404 1019 4459 Hic
1036 4403 1213 4461 etiam
1245 4403 1735 4461 omiserat'verba
1759 4403 2041 4478 quaedam

397 4476 753 4532 Turrianus.

460 4548 572 4617 (88)
597 4548 672 4601 Et
689 4553 892 4614 potum
922 4546 1148 4617 quidem
1177 4548 1434 4601 eamdem
1454 4548 1739 4603 rationem
1763 4548 2043 4603 humanm

388 4625 629 4673 natura
669 4618 953 4673 adhibere
982 4619 1091 4672 sibi
1123 4620 1322 4685 voluit,
1361 4624 1459 4671 Καὶ
1489 4624 1642 4670 ποτόν
1676 4623 1764 4688 μεν
1791 4621 1925 4670 κατὰ
1955 4623 2041 4670 τὸν

388 4690 543 4741 αὐτὸν
594 4697 682 4749 τῆς
746 4688 1069 4762 ἀνθρωπίνης
1124 4694 1322 4761 φύσεως
1378 4691 1528 4759 λόγον
1596 4690 1819 4748 ἠθέλησε
1884 4710 2041 4762 προσ·

388 4763 689 4813 ενέθκασθαι
719 4779 731 4822 ;
766 4761 956 4813 idest
1009 4777 1021 4813 :
1056 4763 1117 4813 Et
1169 4769 1374 4830 potum
1431 4761 1675 4831 quidem
1718 4761 2040 4817 secundum

388 4833 665 4956 earlndtem
698 4832 978 4886 humanae
1010 4838 1235 4887 natura:
1262 4832 1558 4888 rationem
1606 4833 1889 4889 adhibere
1930 4834 2040 4889 sibi

392 4920 463 4956 vo
494 4920 544 4956 Ill
584 4948 595 4956 .

392 4904 595 4959 voluit.

459 4975 575 5044 (89)
608 4974 703 5027 Ad
743 4976 1049 5041 privatum
1108 4990 1238 5029 vero
1270 4981 1319 5029 et
1368 4974 1757 5030 blandientem
1807 4990 2037 5030 sensum

383 5053 611 5115 praeter
642 5046 1053 5112 necessitatem,
1083 5046 1503 5111 praprietatem
1537 5046 1769 5115 cibiaut
1789 5047 2040 5114 potionis

387 5114 765 5188 nequaquam
812 5118 1103 5171 voluntati
1130 5132 1248 5171 sum
1291 5118 1557 5185 subjecit.
1588 5118 1691 5188 ⁸Εἰς
1728 5114 2040 5177 ἰδιάζουσαν

392 5183 615 5258 [malini
648 5183 948 5261 ἡδύνουσαν
1004 5194 1064 5240 ut
1109 5188 1287 5258 paulo
1331 5183 1537 5261 supra]
1576 5185 1632 5240 δὲ
1673 5193 1761 5259 καὶ
1800 5189 2040 5241 κολακεύ-

388 5278 549 5311 ουσαν
606 5260 749 5332 παρά
811 5262 868 5309 τό
927 5260 1204 5332 αναγκαῖον
1268 5264 1361 5332 την
1435 5260 1684 5317 αἴσθησιν
1748 5270 1936 5332 τροφῆς
2005 5262 2033 5318 ἦ

388 5336 590 5390 πόσεως
659 5328 903 5387 ιδιοτητα
965 5330 1021 5381 οὐ
1101 5336 1201 5401 μὴν
1268 5328 1509 5401 οὐδαμῶς
1606 5328 2039 5389 συναπενῆνεκται

388 5412 459 5473 τῷ
494 5401 760 5473 θελήματι.
802 5403 956 5457 [dest
988 5420 999 5454 :
1052 5403 1161 5457 Sed
1196 5401 1494 5457 voluntate
1528 5419 1641 5458 sua
1668 5420 1786 5458 non
1816 5403 2039 5458 fereba-

388 5480 481 5529 tur
499 5473 573 5528 ad
607 5489 740 5528 eam
783 5473 897 5527 cibi
915 5473 1007 5530 vel
1026 5479 1193 5544 potus
1210 5475 1630 5543 pr0prietatem
1650 5490 1777 5545 quae
1794 5492 2037 5529 sensum

387 5551 599 5615 praeter
632 5545 1079 5600 neccessitatem
1122 5545 1444 5599 oblectaret
1487 5552 1543 5598 et
1571 5546 1933 5600 adularetur.
1970 5579 2037 5585 ——

391 5616 726 5672 Turrianus
758 5618 1069 5690 supposuit
1101 5622 1527 5674 συναπενήνεχται
1557 5632 1685 5672 esse
1726 5618 1982 5678 activum
2022 5637 2035 5685 ;

2154 4266 2206 4317 2.
2240 4263 2497 4335 Θέληματι
2523 4279 2651 4319 esse
2682 4263 2881 4319 dativo
2906 4279 2920 4329 ;
2944 4267 2995 4320 3.
3021 4265 3389 4334 Συναποφέρειν
3419 4260 3759 4332 signiﬁcare

2153 4335 2464 4404 subjicere.

2228 4406 2337 4477 (90)
2373 4407 2746 4473 Conﬁrmans
2778 4407 3054 4462 humanae
3100 4411 3337 4477 natura
3366 4405 3665 4460 veritatem
3700 4410 3758 4460 et

2156 4476 2500 4549 quod'hanc
2528 4494 2647 4533 non
2688 4478 3016 4549 refutabat.
3050 4484 3155 4538 Τῆς
3198 4476 3758 4549 ἀνθρωπίνηςλφύσεως

2153 4546 2493 4619 πιστούμενος
2536 4555 2629 4607 τὴν
2686 4548 2925 4607 ἀληθειαν
2974 4554 3063 4600 καὶ
3113 4550 3193 4600 ὅτι
3242 4546 3431 4605 ταύτην
3484 4546 3577 4599 οὐὴ
3632 4546 3757 4599 ἁπε-

2155 4624 2466 4673 σκευάσατο.
2513 4622 2571 4675 ld
2621 4625 2743 4675 est:
2778 4620 3150 4675 Contirmans
3199 4620 3478 4674 humanae
3523 4622 3758 4674 naturas

2078 4376 2120 4429 D

2157 4693 2456 4746 veritatem
2502 4698 2553 4746 et
2595 4692 2755 4761 quod
2808 4708 2940 4746 eam
2993 4699 3267 4747 naturam
3313 4706 3432 4745 non
3491 4695 3755 4755 exuerat,

2152 4764 2532 4831 deposuerat,
2564 4764 2879 4822 ab'ecerat.
2906 4770 3012 4818 etc.
3047 4794 3107 4802 —
3136 4763 3241 4816 Vix
3263 4762 3530 4816 divinare
3557 4763 3756 4832 possis

2152 4835 2297 4889 quid
2342 4835 2587 4889 voluerit
2630 4782 2953 4889 'i‘urrianus
3002 4850 3105 4889 per
3152 4834 3423 4889 refutare
3468 4839 3756 4889 naturam

2152 4835 2297 4905 quid
2342 4835 2587 4890 voluerit
2630 4834 2953 4889 'l‘urrianus
3002 4850 3105 4906 per
3152 4834 3423 4903 refutare
3468 4839 3756 4889 naturam

2153 4906 2501 4961 humanam.

2224 4978 2335 5047 (9t)
2382 4979 2665 5031 Humana
2701 4976 2936 5047 quidem
2984 4976 3235 5031 habebat
3278 4982 3329 5030 et
3363 4973 3754 5047 conservabat

2153 5044 2531 5120 voluntatem.
2565 5051 2633 5099 T6
2665 5044 2753 5119 μεν
2786 5046 3100 5120 ἀνθρώπινον
3144 5050 3361 5119 φυσικὸν
3390 5044 3517 5120 Δείχέ
3567 5064 3617 5098 τε
3666 5052 3759 5098 καὶ

2155 5125 2420 5193 συνετήρει
2454 5119 2668 5189 θέλημα.
2700 5118 2907 5193 ld‘est‘:
2925 5118 3264 5193 Humanam
3298 5118 3540 5193 quidem
3579 5124 3758 5171 natu-

2153 5190 2730 5245 ralem'voluntatem
2764 5190 3023 5245 habebat
3056 5196 3109 5244 et
3141 5190 3552 5245 conservabat.

2223 5264 2337 5329 (92)
2370 5264 2502 5317 Non
2555 5268 2749 5317 tamen
2795 5263 3024 5329 penitus
3071 5267 3497 5317 contemnunt:
3531 5263 3583 5314 et
3629 5258 3759 5314 haec

2152 5340 2361 5388 contra
2404 5333 2819 5399 difﬁcultatem
2853 5334 3152 5401 appetitus
3183 5332 3495 5401 objiciunt.
3528 5334 3603 5381 Οὐ
3652 5335 3758 5403 μὴν

2152 5403 2285 5488 οὐδὲ,
2318 5405 2575 5467 παντελῶς
2606 5406 2890 5491 ὑπερορᾱσι
2928 5403 3079 5477 [lege
3116 5406 3408 5476 ὑπερορῶσι
3458 5410 3622 5454 ταῦτα
3667 5407 3759 5454 καὶ

2150 5484 2221 5544 τῷ
2265 5474 2517 5547 ἀνορέκτῳ
2547 5474 2963 5548 περιστέλλουσῇ
2998 5476 3058 5530 Id
3091 5474 3219 5531 esti
3249 5480 3388 5548 Non,
3418 5480 3618 5529 tamen
3652 5489 3761 5544 pe-

2151 5550 2307 5623 nitus
2334 5546 2459 5602 haec
2483 5546 2875 5605 contemnunt
2901 5567 2911 5607 :
2947 5553 3003 5605 et
3027 5546 3433 5623 inappetentia
3459 5550 3757 5610 coercent,

2153 5620 2510 5692 reprimunt,
2543 5625 2649 5673 etc.
