  <div class='ocr_page' id='page_1' title='image "/cluster/home/n/w/nwhite01/storage/ocr_20150623/101/hvd.32044054112305/287.png"; bbox 0 0 3906 6186; ppageno 0'>
   <div class='ocr_carea' id='block_1_1' title="bbox 384 332 490 387">
    <p class='ocr_par' dir='ltr' id='par_1_1' title="bbox 384 332 490 387">
     <span class='ocr_line' id='line_1_1' title="bbox 384 332 490 387; baseline 0 0"><span class='ocrx_word' id='word_1_1' title='bbox 384 332 490 387; x_wconf 83' lang='grc'>535</span> 
     </span>
    </p>
   </div>
   <div class='ocr_carea' id='block_1_2' title="bbox 1591 330 2044 395">
    <p class='ocr_par' dir='ltr' id='par_1_2' title="bbox 1591 331 2044 388">
     <span class='ocr_line' id='line_1_2' title="bbox 1591 331 2044 388; baseline 0 -2"><span class='ocrx_word' id='word_1_2' title='bbox 1591 331 1829 387; x_wconf 87' lang='grc' dir='ltr'>ΡΗΟΤῙΙ</span> <span class='ocrx_word' id='word_1_3' title='bbox 1868 331 2044 388; x_wconf 83' lang='lat' dir='ltr'>PATF</span> 
     </span>
    </p>
   </div>
   <div class='ocr_carea' id='block_1_3' title="bbox 2162 330 3683 395">
    <p class='ocr_par' dir='ltr' id='par_1_3' title="bbox 2162 330 3683 395">
     <span class='ocr_line' id='line_1_3' title="bbox 2162 330 3683 395; baseline 0.005 -7"><span class='ocrx_word' id='word_1_4' title='bbox 2162 330 2352 388; x_wconf 62' lang='lat' dir='ltr'>{CH/l3</span> <span class='ocrx_word' id='word_1_5' title='bbox 2390 331 2497 387; x_wconf 75' lang='grc' dir='ltr'>ΟΡ.</span> <span class='ocrx_word' id='word_1_6' title='bbox 3602 338 3683 395; x_wconf 85' lang='grc'>536</span> 
     </span>
    </p>
   </div>
   <div class='ocr_carea' id='block_1_4' title="bbox 386 455 2044 535">
    <p class='ocr_par' dir='ltr' id='par_1_4' title="bbox 386 455 2044 530">
     <span class='ocr_line' id='line_1_4' title="bbox 386 455 2044 530; baseline 0 -17"><span class='ocrx_word' id='word_1_7' title='bbox 386 458 578 524; x_wconf 82' lang='lat' dir='ltr'>Patre,</span> <span class='ocrx_word' id='word_1_8' title='bbox 618 472 729 513; x_wconf 92' lang='lat' dir='ltr'>nec</span> <span class='ocrx_word' id='word_1_9' title='bbox 781 455 841 513; x_wconf 90' lang='lat' dir='ltr'>in</span> <span class='ocrx_word' id='word_1_10' title='bbox 884 455 1105 529; x_wconf 83' lang='lat' dir='ltr'>Spiritu</span> <span class='ocrx_word' id='word_1_11' title='bbox 1148 460 1374 522; x_wconf 86' lang='lat' dir='ltr'>sancto,</span> <span class='ocrx_word' id='word_1_12' title='bbox 1411 472 1482 515; x_wconf 88' lang='lat' dir='ltr'>ac</span> <span class='ocrx_word' id='word_1_13' title='bbox 1528 458 1781 530; x_wconf 83' lang='lat' dir='ltr'>proinde</span> <span class='ocrx_word' id='word_1_14' title='bbox 1832 473 1941 515; x_wconf 90' lang='lat' dir='ltr'>nec</span> <span class='ocrx_word' id='word_1_15' title='bbox 1990 476 2044 513; x_wconf 79' lang='lat' dir='ltr'>1n</span> 
     </span>
    </p>
   </div>
   <div class='ocr_carea' id='block_1_5' title="bbox 2162 455 3690 535">
    <p class='ocr_par' dir='ltr' id='par_1_5' title="bbox 2162 456 3690 535">
     <span class='ocr_line' id='line_1_5' title="bbox 2162 456 3690 535; baseline 0.005 -25"><span class='ocrx_word' id='word_1_16' title='bbox 2162 461 2259 530; x_wconf 81' lang='grc' dir='ltr'>Υἱῳ</span> <span class='ocrx_word' id='word_1_17' title='bbox 2325 463 2415 511; x_wconf 81' lang='grc' dir='ltr'>καὶ</span> <span class='ocrx_word' id='word_1_18' title='bbox 2466 462 2620 531; x_wconf 78' lang='grc' dir='ltr'>Λόγῳ</span> <span class='ocrx_word' id='word_1_19' title='bbox 2657 456 3045 535; x_wconf 76' lang='grc' dir='ltr'>διακεκριμένον</span> <span class='ocrx_word' id='word_1_20' title='bbox 3089 479 3140 512; x_wconf 92' lang='grc' dir='ltr'>τι</span> <span class='ocrx_word' id='word_1_21' title='bbox 3187 463 3435 532; x_wconf 79' lang='grc' dir='ltr'>ποιότητι,</span> <span class='ocrx_word' id='word_1_22' title='bbox 3484 466 3557 516; x_wconf 76' lang='grc' dir='ltr'>καὶ</span> <span class='ocrx_word' id='word_1_23' title='bbox 3601 461 3690 518; x_wconf 79' lang='grc' dir='ltr'>δια-</span> 
     </span>
    </p>
   </div>
   <div class='ocr_carea' id='block_1_6' title="bbox 385 546 2045 618">
    <p class='ocr_par' dir='ltr' id='par_1_6' title="bbox 385 546 2045 618">
     <span class='ocr_line' id='line_1_6' title="bbox 385 546 2045 618; baseline 0.001 -17"><span class='ocrx_word' id='word_1_24' title='bbox 385 546 533 602; x_wconf 88' lang='lat' dir='ltr'>Filio</span> <span class='ocrx_word' id='word_1_25' title='bbox 563 562 598 601; x_wconf 92' lang='lat' dir='ltr'>a</span> <span class='ocrx_word' id='word_1_26' title='bbox 632 546 837 601; x_wconf 87' lang='lat' dir='ltr'>Verbo.</span> <span class='ocrx_word' id='word_1_27' title='bbox 869 548 1021 602; x_wconf 83' lang='lat' dir='ltr'>Sane</span> <span class='ocrx_word' id='word_1_28' title='bbox 1049 546 1293 618; x_wconf 86' lang='lat' dir='ltr'>quidem</span> <span class='ocrx_word' id='word_1_29' title='bbox 1309 546 1672 603; x_wconf 81' lang='lat' dir='ltr'>voluntatem</span> <span class='ocrx_word' id='word_1_30' title='bbox 1703 549 2045 618; x_wconf 88' lang='lat' dir='ltr'>gnomicam</span> 
     </span>
    </p>
   </div>
   <div class='ocr_carea' id='block_1_7' title="bbox 384 633 2045 707">
    <p class='ocr_par' dir='ltr' id='par_1_7' title="bbox 384 633 2045 707">
     <span class='ocr_line' id='line_1_7' title="bbox 384 633 2045 707; baseline 0.002 -18"><span class='ocrx_word' id='word_1_31' title='bbox 384 633 670 707; x_wconf 84' lang='lat' dir='ltr'>qualitate</span> <span class='ocrx_word' id='word_1_32' title='bbox 691 634 1033 690; x_wconf 76' lang='lat' dir='ltr'>distinctam</span> <span class='ocrx_word' id='word_1_33' title='bbox 1049 640 1105 690; x_wconf 89' lang='lat' dir='ltr'>et</span> <span class='ocrx_word' id='word_1_34' title='bbox 1120 635 1481 706; x_wconf 80' lang='lat' dir='ltr'>proprietate</span> <span class='ocrx_word' id='word_1_35' title='bbox 1502 636 1840 701; x_wconf 85' lang='lat' dir='ltr'>discretam,</span> <span class='ocrx_word' id='word_1_36' title='bbox 1869 652 2045 692; x_wconf 92' lang='lat' dir='ltr'>nemo</span> 
     </span>
    </p>
   </div>
   <div class='ocr_carea' id='block_1_8' title="bbox 386 723 2042 794">
    <p class='ocr_par' dir='ltr' id='par_1_8' title="bbox 386 723 2042 794">
     <span class='ocr_line' id='line_1_8' title="bbox 386 723 2042 794; baseline 0.001 -15"><span class='ocrx_word' id='word_1_37' title='bbox 386 740 523 779; x_wconf 91' lang='lat' dir='ltr'>cum</span> <span class='ocrx_word' id='word_1_38' title='bbox 552 723 651 794; x_wconf 90' lang='lat' dir='ltr'>pia</span> <span class='ocrx_word' id='word_1_39' title='bbox 672 725 922 789; x_wconf 81' lang='lat' dir='ltr'>ratione,</span> <span class='ocrx_word' id='word_1_40' title='bbox 947 724 1160 780; x_wconf 65' lang='lat' dir='ltr'>divina:</span> <span class='ocrx_word' id='word_1_41' title='bbox 1186 729 1413 781; x_wconf 69' lang='lat' dir='ltr'>naturas</span> <span class='ocrx_word' id='word_1_42' title='bbox 1434 725 1752 781; x_wconf 89' lang='lat' dir='ltr'>attribuere</span> <span class='ocrx_word' id='word_1_43' title='bbox 1779 726 2042 791; x_wconf 75' lang='lat' dir='ltr'>audebit,</span> 
     </span>
    </p>
   </div>
   <div class='ocr_carea' id='block_1_9' title="bbox 458 814 2044 882">
    <p class='ocr_par' dir='ltr' id='par_1_9' title="bbox 458 814 2044 882">
     <span class='ocr_line' id='line_1_9' title="bbox 458 814 2044 882; baseline 0.002 -15"><span class='ocrx_word' id='word_1_44' title='bbox 458 814 745 868; x_wconf 83' lang='lat' dir='ltr'>Fortassis</span> <span class='ocrx_word' id='word_1_45' title='bbox 766 819 962 868; x_wconf 89' lang='lat' dir='ltr'>autem</span> <span class='ocrx_word' id='word_1_46' title='bbox 987 814 1164 869; x_wconf 84' lang='lat' dir='ltr'>alicui</span> <span class='ocrx_word' id='word_1_47' title='bbox 1194 814 1253 869; x_wconf 92' lang='lat' dir='ltr'>in</span> <span class='ocrx_word' id='word_1_48' title='bbox 1280 820 1531 869; x_wconf 86' lang='lat' dir='ltr'>mentem</span> <span class='ocrx_word' id='word_1_49' title='bbox 1551 815 1764 879; x_wconf 87' lang='lat' dir='ltr'>veniet,</span> <span class='ocrx_word' id='word_1_50' title='bbox 1792 815 2044 882; x_wconf 90' lang='lat' dir='ltr'>utdicat,</span> 
     </span>
    </p>
   </div>
   <div class='ocr_carea' id='block_1_10' title="bbox 385 902 2043 976">
    <p class='ocr_par' dir='ltr' id='par_1_10' title="bbox 385 902 2043 976">
     <span class='ocr_line' id='line_1_10' title="bbox 385 902 2043 976; baseline 0.001 -19"><span class='ocrx_word' id='word_1_51' title='bbox 385 918 509 957; x_wconf 92' lang='lat' dir='ltr'>non</span> <span class='ocrx_word' id='word_1_52' title='bbox 537 918 669 959; x_wconf 88' lang='lat' dir='ltr'>esse</span> <span class='ocrx_word' id='word_1_53' title='bbox 690 903 1057 973; x_wconf 85' lang='lat' dir='ltr'>impossibile</span> <span class='ocrx_word' id='word_1_54' title='bbox 1088 902 1283 959; x_wconf 87' lang='lat' dir='ltr'>dicere</span> <span class='ocrx_word' id='word_1_55' title='bbox 1312 904 1633 959; x_wconf 91' lang='lat' dir='ltr'>violentum</span> <span class='ocrx_word' id='word_1_56' title='bbox 1666 904 1896 976; x_wconf 85' lang='lat' dir='ltr'>absque</span> <span class='ocrx_word' id='word_1_57' title='bbox 1922 905 2043 959; x_wconf 87' lang='lat' dir='ltr'>vio-</span> 
     </span>
    </p>
   </div>
   <div class='ocr_carea' id='block_1_11' title="bbox 382 990 2046 1064">
    <p class='ocr_par' dir='ltr' id='par_1_11' title="bbox 382 990 2046 1064">
     <span class='ocr_line' id='line_1_11' title="bbox 382 990 2046 1064; baseline 0.001 -17"><span class='ocrx_word' id='word_1_58' title='bbox 382 990 583 1059; x_wconf 81' lang='lat' dir='ltr'>lentia,</span> <span class='ocrx_word' id='word_1_59' title='bbox 605 998 660 1047; x_wconf 92' lang='lat' dir='ltr'>et</span> <span class='ocrx_word' id='word_1_60' title='bbox 690 991 837 1047; x_wconf 92' lang='lat' dir='ltr'>velle</span> <span class='ocrx_word' id='word_1_61' title='bbox 860 991 1143 1064; x_wconf 83' lang='lat' dir='ltr'>aliquem,</span> <span class='ocrx_word' id='word_1_62' title='bbox 1179 992 1341 1063; x_wconf 86' lang='lat' dir='ltr'>quod</span> <span class='ocrx_word' id='word_1_63' title='bbox 1370 1009 1491 1049; x_wconf 93' lang='lat' dir='ltr'>non</span> <span class='ocrx_word' id='word_1_64' title='bbox 1528 993 1647 1049; x_wconf 87' lang='lat' dir='ltr'>vult</span> <span class='ocrx_word' id='word_1_65' title='bbox 1675 1010 1689 1060; x_wconf 91' lang='lat'>;</span> <span class='ocrx_word' id='word_1_66' title='bbox 1714 994 1821 1048; x_wconf 92' lang='lat' dir='ltr'>iste</span> <span class='ocrx_word' id='word_1_67' title='bbox 1845 998 2046 1049; x_wconf 90' lang='lat' dir='ltr'>autem</span> 
     </span>
    </p>
   </div>
   <div class='ocr_carea' id='block_1_12' title="bbox 385 1080 2048 1154">
    <p class='ocr_par' dir='ltr' id='par_1_12' title="bbox 385 1080 2048 1154">
     <span class='ocr_line' id='line_1_12' title="bbox 385 1080 2048 1154; baseline 0.002 -19"><span class='ocrx_word' id='word_1_68' title='bbox 385 1080 557 1137; x_wconf 86' lang='lat' dir='ltr'>fuerit</span> <span class='ocrx_word' id='word_1_69' title='bbox 606 1082 679 1146; x_wconf 88' lang='lat' dir='ltr'>is,</span> <span class='ocrx_word' id='word_1_70' title='bbox 730 1080 835 1153; x_wconf 92' lang='lat' dir='ltr'>qui</span> <span class='ocrx_word' id='word_1_71' title='bbox 878 1081 1113 1153; x_wconf 83' lang='lat' dir='ltr'>ignorat</span> <span class='ocrx_word' id='word_1_72' title='bbox 1155 1082 1547 1154; x_wconf 88' lang='lat' dir='ltr'>impossibile.</span> <span class='ocrx_word' id='word_1_73' title='bbox 1603 1082 1657 1137; x_wconf 91' lang='lat' dir='ltr'>Si</span> <span class='ocrx_word' id='word_1_74' title='bbox 1714 1081 1873 1138; x_wconf 89' lang='lat' dir='ltr'>enim</span> <span class='ocrx_word' id='word_1_75' title='bbox 1931 1082 2048 1138; x_wconf 88' lang='lat' dir='ltr'>alia</span> 
     </span>
    </p>
   </div>
   <div class='ocr_carea' id='block_1_13' title="bbox 383 1171 2050 1237">
    <p class='ocr_par' dir='ltr' id='par_1_13' title="bbox 383 1171 2050 1237">
     <span class='ocr_line' id='line_1_13' title="bbox 383 1171 2050 1237; baseline 0.001 -12"><span class='ocrx_word' id='word_1_76' title='bbox 383 1171 612 1226; x_wconf 83' lang='lat' dir='ltr'>ratione</span> <span class='ocrx_word' id='word_1_77' title='bbox 641 1175 729 1227; x_wconf 90' lang='lat' dir='ltr'>est</span> <span class='ocrx_word' id='word_1_78' title='bbox 759 1171 1103 1237; x_wconf 90' lang='lat' dir='ltr'>violentum,</span> <span class='ocrx_word' id='word_1_79' title='bbox 1132 1176 1188 1227; x_wconf 88' lang='lat' dir='ltr'>et</span> <span class='ocrx_word' id='word_1_80' title='bbox 1210 1171 1329 1227; x_wconf 91' lang='lat' dir='ltr'>alia</span> <span class='ocrx_word' id='word_1_81' title='bbox 1359 1187 1481 1227; x_wconf 92' lang='lat' dir='ltr'>non</span> <span class='ocrx_word' id='word_1_82' title='bbox 1510 1171 1864 1237; x_wconf 92' lang='lat' dir='ltr'>violentum,</span> <span class='ocrx_word' id='word_1_83' title='bbox 1893 1176 1950 1227; x_wconf 91' lang='lat' dir='ltr'>et</span> <span class='ocrx_word' id='word_1_84' title='bbox 1978 1172 2050 1227; x_wconf 92' lang='lat' dir='ltr'>si-</span> 
     </span>
    </p>
   </div>
   <div class='ocr_carea' id='block_1_14' title="bbox 385 1259 2044 1326">
    <p class='ocr_par' dir='ltr' id='par_1_14' title="bbox 385 1259 2044 1326">
     <span class='ocr_line' id='line_1_14' title="bbox 385 1259 2044 1326; baseline -0.001 -11"><span class='ocrx_word' id='word_1_85' title='bbox 385 1259 599 1315; x_wconf 89' lang='lat' dir='ltr'>militer</span> <span class='ocrx_word' id='word_1_86' title='bbox 629 1259 745 1316; x_wconf 91' lang='lat' dir='ltr'>alia</span> <span class='ocrx_word' id='word_1_87' title='bbox 780 1261 1004 1315; x_wconf 83' lang='lat' dir='ltr'>ratione</span> <span class='ocrx_word' id='word_1_88' title='bbox 1043 1260 1169 1315; x_wconf 89' lang='lat' dir='ltr'>vult</span> <span class='ocrx_word' id='word_1_89' title='bbox 1206 1260 1339 1326; x_wconf 83' lang='lat' dir='ltr'>hoc,</span> <span class='ocrx_word' id='word_1_90' title='bbox 1384 1260 1502 1316; x_wconf 88' lang='lat' dir='ltr'>alia</span> <span class='ocrx_word' id='word_1_91' title='bbox 1539 1276 1681 1316; x_wconf 90' lang='lat' dir='ltr'>vero</span> <span class='ocrx_word' id='word_1_92' title='bbox 1711 1276 1833 1316; x_wconf 92' lang='lat' dir='ltr'>non</span> <span class='ocrx_word' id='word_1_93' title='bbox 1864 1260 1990 1316; x_wconf 87' lang='lat' dir='ltr'>vult</span> <span class='ocrx_word' id='word_1_94' title='bbox 2031 1276 2044 1315; x_wconf 91' lang='lat'>:</span> 
     </span>
    </p>
   </div>
   <div class='ocr_carea' id='block_1_15' title="bbox 384 1348 2048 1419">
    <p class='ocr_par' dir='ltr' id='par_1_15' title="bbox 384 1348 2048 1419">
     <span class='ocr_line' id='line_1_15' title="bbox 384 1348 2048 1419; baseline 0.001 -15"><span class='ocrx_word' id='word_1_95' title='bbox 384 1348 689 1419; x_wconf 90' lang='lat' dir='ltr'>quomodo</span> <span class='ocrx_word' id='word_1_96' title='bbox 744 1349 859 1404; x_wconf 87' lang='lat' dir='ltr'>hoc</span> <span class='ocrx_word' id='word_1_97' title='bbox 915 1350 1023 1405; x_wconf 91' lang='lat' dir='ltr'>erit</span> <span class='ocrx_word' id='word_1_98' title='bbox 1074 1348 1464 1405; x_wconf 81' lang='lat' dir='ltr'>absurdum?</span> <span class='ocrx_word' id='word_1_99' title='bbox 1502 1349 1750 1415; x_wconf 89' lang='lat' dir='ltr'>Etenim,</span> <span class='ocrx_word' id='word_1_100' title='bbox 1809 1354 1869 1404; x_wconf 92' lang='lat' dir='ltr'>ut</span> <span class='ocrx_word' id='word_1_101' title='bbox 1932 1348 2048 1406; x_wconf 89' lang='lat' dir='ltr'>alia</span> 
     </span>
    </p>
   </div>
   <div class='ocr_carea' id='block_1_16' title="bbox 383 1437 2049 1510">
    <p class='ocr_par' dir='ltr' id='par_1_16' title="bbox 383 1437 2049 1510">
     <span class='ocr_line' id='line_1_16' title="bbox 383 1437 2049 1510; baseline 0.001 -18"><span class='ocrx_word' id='word_1_102' title='bbox 383 1439 679 1493; x_wconf 91' lang='lat' dir='ltr'>omittam.</span> <span class='ocrx_word' id='word_1_103' title='bbox 728 1440 1007 1509; x_wconf 82' lang='lat' dir='ltr'>Martyres</span> <span class='ocrx_word' id='word_1_104' title='bbox 1051 1454 1189 1494; x_wconf 90' lang='lat' dir='ltr'>cum</span> <span class='ocrx_word' id='word_1_105' title='bbox 1234 1438 1619 1510; x_wconf 90' lang='lat' dir='ltr'>patiebantur</span> <span class='ocrx_word' id='word_1_106' title='bbox 1658 1437 2049 1494; x_wconf 87' lang='lat' dir='ltr'>acerbissima</span> 
     </span>
    </p>
   </div>
   <div class='ocr_carea' id='block_1_17' title="bbox 384 1526 2046 1598">
    <p class='ocr_par' dir='ltr' id='par_1_17' title="bbox 384 1526 2046 1598">
     <span class='ocr_line' id='line_1_17' title="bbox 384 1526 2046 1598; baseline 0.001 -18"><span class='ocrx_word' id='word_1_107' title='bbox 384 1526 697 1597; x_wconf 89' lang='lat' dir='ltr'>supplicia,</span> <span class='ocrx_word' id='word_1_108' title='bbox 728 1534 1026 1598; x_wconf 88' lang='lat' dir='ltr'>quatenus</span> <span class='ocrx_word' id='word_1_109' title='bbox 1054 1527 1359 1592; x_wconf 88' lang='lat' dir='ltr'>dolebant,</span> <span class='ocrx_word' id='word_1_110' title='bbox 1402 1533 1459 1582; x_wconf 90' lang='lat' dir='ltr'>et</span> <span class='ocrx_word' id='word_1_111' title='bbox 1496 1527 1843 1582; x_wconf 86' lang='lat' dir='ltr'>violentiam</span> <span class='ocrx_word' id='word_1_112' title='bbox 1886 1526 2046 1582; x_wconf 86' lang='lat' dir='ltr'>illam</span> 
     </span>
    </p>
   </div>
   <div class='ocr_carea' id='block_1_18' title="bbox 380 1614 2049 1687">
    <p class='ocr_par' dir='ltr' id='par_1_18' title="bbox 380 1614 2049 1687">
     <span class='ocr_line' id='line_1_18' title="bbox 380 1614 2049 1687; baseline 0.001 -18"><span class='ocrx_word' id='word_1_113' title='bbox 380 1614 812 1671; x_wconf 87' lang='lat' dir='ltr'>intolerabilem</span> <span class='ocrx_word' id='word_1_114' title='bbox 860 1617 1254 1682; x_wconf 88' lang='lat' dir='ltr'>sustinebant,</span> <span class='ocrx_word' id='word_1_115' title='bbox 1321 1616 1573 1672; x_wconf 89' lang='lat' dir='ltr'>violente</span> <span class='ocrx_word' id='word_1_116' title='bbox 1626 1616 2049 1687; x_wconf 86' lang='lat' dir='ltr'>premebantur</span> 
     </span>
    </p>
   </div>
   <div class='ocr_carea' id='block_1_19' title="bbox 380 1704 2045 1777">
    <p class='ocr_par' dir='ltr' id='par_1_19' title="bbox 380 1704 2045 1777">
     <span class='ocr_line' id='line_1_19' title="bbox 380 1704 2045 1777; baseline 0.001 -20"><span class='ocrx_word' id='word_1_117' title='bbox 380 1709 678 1775; x_wconf 89' lang='lat' dir='ltr'>quatenus</span> <span class='ocrx_word' id='word_1_118' title='bbox 712 1721 847 1759; x_wconf 88' lang='lat' dir='ltr'>vero</span> <span class='ocrx_word' id='word_1_119' title='bbox 889 1710 1180 1760; x_wconf 90' lang='lat' dir='ltr'>tormenta</span> <span class='ocrx_word' id='word_1_120' title='bbox 1209 1704 1508 1760; x_wconf 88' lang='lat' dir='ltr'>declinare</span> <span class='ocrx_word' id='word_1_121' title='bbox 1550 1708 1850 1777; x_wconf 87' lang='lat' dir='ltr'>poterant,</span> <span class='ocrx_word' id='word_1_122' title='bbox 1894 1710 1949 1759; x_wconf 93' lang='lat' dir='ltr'>et</span> <span class='ocrx_word' id='word_1_123' title='bbox 1985 1704 2045 1758; x_wconf 92' lang='lat' dir='ltr'>in</span> 
     </span>
    </p>
   </div>
   <div class='ocr_carea' id='block_1_20' title="bbox 3277 547 3693 611">
    <p class='ocr_par' dir='ltr' id='par_1_20' title="bbox 3277 547 3693 611">
     <span class='ocr_line' id='line_1_20' title="bbox 3277 547 3693 611; baseline 0.01 -9"><span class='ocrx_word' id='word_1_124' title='bbox 3277 547 3439 611; x_wconf 71' lang='grc' dir='ltr'>οὐδεὶς</span> <span class='ocrx_word' id='word_1_125' title='bbox 3520 552 3693 606; x_wconf 73' lang='grc' dir='ltr'>εὐσεϐῶν</span> 
     </span>
    </p>
   </div>
   <div class='ocr_carea' id='block_1_21' title="bbox 2155 637 3553 711">
    <p class='ocr_par' dir='ltr' id='par_1_21' title="bbox 2155 637 3553 711">
     <span class='ocr_line' id='line_1_21' title="bbox 2155 637 3553 711; baseline 0.003 -23"><span class='ocrx_word' id='word_1_126' title='bbox 2155 637 2401 709; x_wconf 73' lang='grc' dir='ltr'>λογισμὸς</span> <span class='ocrx_word' id='word_1_127' title='bbox 2431 640 2729 711; x_wconf 72' lang='grc' dir='ltr'>περιάπτειν</span> <span class='ocrx_word' id='word_1_128' title='bbox 2760 637 2819 689; x_wconf 81' lang='grc' dir='ltr'>ἂν</span> <span class='ocrx_word' id='word_1_129' title='bbox 2846 639 2945 701; x_wconf 82' lang='grc' dir='ltr'>ἓξει</span> <span class='ocrx_word' id='word_1_130' title='bbox 2985 642 3041 690; x_wconf 82' lang='grc' dir='ltr'>τὸ</span> <span class='ocrx_word' id='word_1_131' title='bbox 3067 642 3327 711; x_wconf 75' lang='grc' dir='ltr'>γνωμικὸν</span> <span class='ocrx_word' id='word_1_132' title='bbox 3358 640 3553 711; x_wconf 76' lang='grc' dir='ltr'>θέλημα.</span> 
     </span>
    </p>
   </div>
   <div class='ocr_carea' id='block_1_22' title="bbox 2160 546 3176 621">
    <p class='ocr_par' dir='ltr' id='par_1_22' title="bbox 2160 546 3176 621">
     <span class='ocr_line' id='line_1_22' title="bbox 2160 546 3176 621; baseline -0.001 -20"><span class='ocrx_word' id='word_1_133' title='bbox 2160 548 2485 620; x_wconf 75' lang='grc' dir='ltr'>στελλόμενον</span> <span class='ocrx_word' id='word_1_134' title='bbox 2580 546 2831 618; x_wconf 77' lang='grc' dir='ltr'>ἱδιοτητι,</span> <span class='ocrx_word' id='word_1_135' title='bbox 2932 553 3176 621; x_wconf 71' lang='grc' dir='ltr'>οὕμενουν</span> 
     </span>
    </p>
   </div>
   <div class='ocr_carea' id='block_1_23' title="bbox 2226 723 3698 797">
    <p class='ocr_par' dir='ltr' id='par_1_23' title="bbox 2226 723 3698 797">
     <span class='ocr_line' id='line_1_23' title="bbox 2226 723 3698 797; baseline 0.004 -20"><span class='ocrx_word' id='word_1_136' title='bbox 2226 725 2379 786; x_wconf 86' lang='grc' dir='ltr'>Ἱσως</span> <span class='ocrx_word' id='word_1_137' title='bbox 2420 723 2469 779; x_wconf 78' lang='grc' dir='ltr'>δ’</span> <span class='ocrx_word' id='word_1_138' title='bbox 2511 729 2570 777; x_wconf 80' lang='grc' dir='ltr'>οἷν</span> <span class='ocrx_word' id='word_1_139' title='bbox 2620 747 2760 779; x_wconf 88' lang='grc' dir='ltr'>τισιν</span> <span class='ocrx_word' id='word_1_140' title='bbox 2818 727 3019 780; x_wconf 78' lang='grc' dir='ltr'>ἐπέλθοι</span> <span class='ocrx_word' id='word_1_141' title='bbox 3075 728 3235 797; x_wconf 77' lang='grc' dir='ltr'>λέγειν</span> <span class='ocrx_word' id='word_1_142' title='bbox 3295 732 3359 789; x_wconf 84' lang='grc' dir='ltr'>ὡς</span> <span class='ocrx_word' id='word_1_143' title='bbox 3409 726 3544 781; x_wconf 68' lang='grc' dir='ltr'>οὐδέν</span> <span class='ocrx_word' id='word_1_144' title='bbox 3592 730 3698 784; x_wconf 75' lang='grc' dir='ltr'>ἔστιν</span> 
     </span>
    </p>
   </div>
   <div class='ocr_carea' id='block_1_24' title="bbox 2158 810 3698 889">
    <p class='ocr_par' dir='ltr' id='par_1_24' title="bbox 2158 810 3698 889">
     <span class='ocr_line' id='line_1_24' title="bbox 2158 810 3698 889; baseline 0.005 -24"><span class='ocrx_word' id='word_1_145' title='bbox 2158 810 2412 867; x_wconf 76' lang='grc' dir='ltr'>ἀδύνατον</span> <span class='ocrx_word' id='word_1_146' title='bbox 2462 814 2710 868; x_wconf 75' lang='grc' dir='ltr'>ἀϐίαστον</span> <span class='ocrx_word' id='word_1_147' title='bbox 2766 816 2940 889; x_wconf 83' lang='grc' dir='ltr'>βίαιον</span> <span class='ocrx_word' id='word_1_148' title='bbox 2988 816 3145 887; x_wconf 73' lang='grc' dir='ltr'>λέγειν</span> <span class='ocrx_word' id='word_1_149' title='bbox 3195 823 3284 869; x_wconf 87' lang='grc' dir='ltr'>καὶ</span> <span class='ocrx_word' id='word_1_150' title='bbox 3327 816 3551 875; x_wconf 82' lang='grc' dir='ltr'>ἁθέλητον</span> <span class='ocrx_word' id='word_1_151' title='bbox 3588 820 3698 878; x_wconf 72' lang='grc' dir='ltr'>θέλη-</span> 
     </span>
    </p>
   </div>
   <div class='ocr_carea' id='block_1_25' title="bbox 2156 904 3691 978">
    <p class='ocr_par' dir='ltr' id='par_1_25' title="bbox 2156 904 3691 978">
     <span class='ocr_line' id='line_1_25' title="bbox 2156 904 3691 978; baseline 0.011 -25"><span class='ocrx_word' id='word_1_152' title='bbox 2156 925 2229 975; x_wconf 81' lang='grc' dir='ltr'>μα</span> <span class='ocrx_word' id='word_1_153' title='bbox 2249 915 2279 959; x_wconf 88' lang='lat' dir='ltr'>q</span> <span class='ocrx_word' id='word_1_154' title='bbox 2306 924 2317 936; x_wconf 91' lang='lat'><strong><em>-</em></strong></span> <span class='ocrx_word' id='word_1_155' title='bbox 2344 917 2365 945; x_wconf 83' lang='grc' dir='ltr'>ι-</span> <span class='ocrx_word' id='word_1_156' title='bbox 2401 946 2414 961; x_wconf 91' lang='grc'><strong>.</strong></span> <span class='ocrx_word' id='word_1_157' title='bbox 2448 904 2615 965; x_wconf 74' lang='grc' dir='ltr'>Οὓτος</span> <span class='ocrx_word' id='word_1_158' title='bbox 2644 907 2705 957; x_wconf 81' lang='grc' dir='ltr'>ἄν</span> <span class='ocrx_word' id='word_1_159' title='bbox 2728 909 2804 963; x_wconf 83' lang='grc' dir='ltr'>εἴη</span> <span class='ocrx_word' id='word_1_160' title='bbox 2837 907 2861 957; x_wconf 86' lang='grc' dir='ltr'>ὁ</span> <span class='ocrx_word' id='word_1_161' title='bbox 2889 910 2961 977; x_wconf 77' lang='grc' dir='ltr'>μὴ</span> <span class='ocrx_word' id='word_1_162' title='bbox 2997 908 3382 978; x_wconf 72' lang='grc' dir='ltr'>συνῃσθημένος</span> <span class='ocrx_word' id='word_1_163' title='bbox 3406 919 3428 948; x_wconf 75' lang='grc' dir='ltr'>ε</span> <span class='ocrx_word' id='word_1_164' title='bbox 3458 904 3691 965; x_wconf 78' lang='grc' dir='ltr'>ἀδύνατον.</span> 
     </span>
    </p>
   </div>
   <div class='ocr_carea' id='block_1_26' title="bbox 2157 990 3701 1069">
    <p class='ocr_par' dir='ltr' id='par_1_26' title="bbox 2157 990 3701 1069">
     <span class='ocr_line' id='line_1_26' title="bbox 2157 990 3701 1069; baseline 0.003 -24"><span class='ocrx_word' id='word_1_165' title='bbox 2157 993 2216 1045; x_wconf 80' lang='grc' dir='ltr'>Εἰ</span> <span class='ocrx_word' id='word_1_166' title='bbox 2275 990 2333 1046; x_wconf 72' lang='grc' dir='ltr'>δὲ</span> <span class='ocrx_word' id='word_1_167' title='bbox 2372 995 2486 1046; x_wconf 84' lang='grc' dir='ltr'>καθ’</span> <span class='ocrx_word' id='word_1_168' title='bbox 2538 994 2704 1067; x_wconf 79' lang='grc' dir='ltr'>ἓτερον</span> <span class='ocrx_word' id='word_1_169' title='bbox 2744 998 2832 1061; x_wconf 73' lang='grc' dir='ltr'>μεν</span> <span class='ocrx_word' id='word_1_170' title='bbox 2874 994 3069 1067; x_wconf 81' lang='grc' dir='ltr'>βίαιον,</span> <span class='ocrx_word' id='word_1_171' title='bbox 3111 996 3228 1047; x_wconf 84' lang='grc' dir='ltr'>καθ’</span> <span class='ocrx_word' id='word_1_172' title='bbox 3287 994 3447 1069; x_wconf 83' lang='grc' dir='ltr'>ἓτερον</span> <span class='ocrx_word' id='word_1_173' title='bbox 3486 993 3537 1049; x_wconf 74' lang='grc' dir='ltr'>δὲ</span> <span class='ocrx_word' id='word_1_174' title='bbox 3584 996 3701 1049; x_wconf 74' lang='grc' dir='ltr'>ἀϐία-</span> 
     </span>
    </p>
   </div>
   <div class='ocr_carea' id='block_1_27' title="bbox 2160 1082 3705 1158">
    <p class='ocr_par' dir='ltr' id='par_1_27' title="bbox 2160 1082 3705 1158">
     <span class='ocr_line' id='line_1_27' title="bbox 2160 1082 3705 1158; baseline 0.002 -23"><span class='ocrx_word' id='word_1_175' title='bbox 2160 1101 2299 1147; x_wconf 86' lang='grc' dir='ltr'>στον,</span> <span class='ocrx_word' id='word_1_176' title='bbox 2359 1087 2446 1134; x_wconf 83' lang='grc' dir='ltr'>καὶ</span> <span class='ocrx_word' id='word_1_177' title='bbox 2516 1085 2631 1135; x_wconf 83' lang='grc' dir='ltr'>καθ’</span> <span class='ocrx_word' id='word_1_178' title='bbox 2708 1083 2871 1158; x_wconf 83' lang='grc' dir='ltr'>ἓτερον</span> <span class='ocrx_word' id='word_1_179' title='bbox 2932 1087 3022 1155; x_wconf 74' lang='grc' dir='ltr'>μὲν</span> <span class='ocrx_word' id='word_1_180' title='bbox 3081 1082 3348 1147; x_wconf 78' lang='grc' dir='ltr'>ἀθέλητον,</span> <span class='ocrx_word' id='word_1_181' title='bbox 3404 1084 3509 1137; x_wconf 80' lang='grc' dir='ltr'>καθ’</span> <span class='ocrx_word' id='word_1_182' title='bbox 3573 1087 3705 1157; x_wconf 82' lang='grc' dir='ltr'>ἕτερον</span> 
     </span>
    </p>
   </div>
   <div class='ocr_carea' id='block_1_28' title="bbox 2158 1167 3704 1247">
    <p class='ocr_par' dir='ltr' id='par_1_28' title="bbox 2158 1167 3704 1247">
     <span class='ocr_line' id='line_1_28' title="bbox 2158 1167 3704 1247; baseline 0.001 -24"><span class='ocrx_word' id='word_1_183' title='bbox 2158 1167 2217 1223; x_wconf 75' lang='grc' dir='ltr'>δὲ</span> <span class='ocrx_word' id='word_1_184' title='bbox 2248 1172 2463 1243; x_wconf 56' lang='grc' dir='ltr'>θελημα.</span> <span class='ocrx_word' id='word_1_185' title='bbox 2500 1178 2611 1232; x_wconf 87' lang='grc' dir='ltr'>Πῶς</span> <span class='ocrx_word' id='word_1_186' title='bbox 2641 1171 2700 1223; x_wconf 86' lang='grc' dir='ltr'>ἂν</span> <span class='ocrx_word' id='word_1_187' title='bbox 2740 1176 2819 1230; x_wconf 78' lang='grc' dir='ltr'>εἴη</span> <span class='ocrx_word' id='word_1_188' title='bbox 2864 1168 3215 1247; x_wconf 78' lang='grc' dir='ltr'>παρείσδυσιν</span> <span class='ocrx_word' id='word_1_189' title='bbox 3266 1175 3387 1244; x_wconf 85' lang='grc' dir='ltr'>ἔχον</span> <span class='ocrx_word' id='word_1_190' title='bbox 3419 1176 3473 1224; x_wconf 85' lang='grc' dir='ltr'>τό</span> <span class='ocrx_word' id='word_1_191' title='bbox 3502 1175 3661 1225; x_wconf 84' lang='grc' dir='ltr'>ἄτοπον</span> <span class='ocrx_word' id='word_1_192' title='bbox 3694 1190 3704 1239; x_wconf 91' lang='lat'><strong>;</strong></span> 
     </span>
    </p>
   </div>
   <div class='ocr_carea' id='block_1_29' title="bbox 2157 1259 3709 1336">
    <p class='ocr_par' dir='ltr' id='par_1_29' title="bbox 2157 1259 3709 1336">
     <span class='ocr_line' id='line_1_29' title="bbox 2157 1259 3709 1336; baseline 0.002 -25"><span class='ocrx_word' id='word_1_193' title='bbox 2157 1264 2242 1311; x_wconf 74' lang='grc' dir='ltr'>καὶ</span> <span class='ocrx_word' id='word_1_194' title='bbox 2295 1264 2396 1333; x_wconf 72' lang='grc' dir='ltr'>γὰρ</span> <span class='ocrx_word' id='word_1_195' title='bbox 2453 1260 2537 1311; x_wconf 81' lang='grc' dir='ltr'>ἱνα</span> <span class='ocrx_word' id='word_1_196' title='bbox 2585 1269 2674 1312; x_wconf 80' lang='grc' dir='ltr'>νῦν</span> <span class='ocrx_word' id='word_1_197' title='bbox 2731 1270 2881 1334; x_wconf 88' lang='grc' dir='ltr'>παρῶ</span> <span class='ocrx_word' id='word_1_198' title='bbox 2936 1263 3004 1313; x_wconf 81' lang='grc' dir='ltr'>τὰ</span> <span class='ocrx_word' id='word_1_199' title='bbox 3060 1259 3208 1329; x_wconf 78' lang='grc' dir='ltr'>ἄλλα,</span> <span class='ocrx_word' id='word_1_200' title='bbox 3266 1262 3291 1312; x_wconf 87' lang='lat'>6</span> <span class='ocrx_word' id='word_1_201' title='bbox 3345 1269 3440 1313; x_wconf 83' lang='grc' dir='ltr'>τῶν</span> <span class='ocrx_word' id='word_1_202' title='bbox 3481 1266 3709 1336; x_wconf 72' lang='grc' dir='ltr'>μαρτύρων</span> 
     </span>
    </p>
   </div>
   <div class='ocr_carea' id='block_1_30' title="bbox 2156 1349 3708 1421">
    <p class='ocr_par' dir='ltr' id='par_1_30' title="bbox 2156 1349 3708 1421">
     <span class='ocr_line' id='line_1_30' title="bbox 2156 1349 3708 1421; baseline 0.001 -20"><span class='ocrx_word' id='word_1_203' title='bbox 2156 1353 2319 1421; x_wconf 84' lang='grc' dir='ltr'>χορός</span> <span class='ocrx_word' id='word_1_204' title='bbox 2372 1352 2497 1421; x_wconf 67' lang='grc' dir='ltr'>ὑπὲρ</span> <span class='ocrx_word' id='word_1_205' title='bbox 2556 1349 2820 1411; x_wconf 76' lang='grc' dir='ltr'>εὐσεϐείας</span> <span class='ocrx_word' id='word_1_206' title='bbox 2872 1353 3101 1421; x_wconf 77' lang='grc' dir='ltr'>πάσχων</span> <span class='ocrx_word' id='word_1_207' title='bbox 3159 1354 3224 1401; x_wconf 84' lang='grc' dir='ltr'>τὰ</span> <span class='ocrx_word' id='word_1_208' title='bbox 3288 1349 3553 1414; x_wconf 79' lang='grc' dir='ltr'>ἀνήκεστα,</span> <span class='ocrx_word' id='word_1_209' title='bbox 3608 1352 3708 1402; x_wconf 80' lang='grc' dir='ltr'>καθὸ</span> 
     </span>
    </p>
   </div>
   <div class='ocr_carea' id='block_1_31' title="bbox 2156 1438 3709 1514">
    <p class='ocr_par' dir='ltr' id='par_1_31' title="bbox 2156 1438 3709 1514">
     <span class='ocr_line' id='line_1_31' title="bbox 2156 1438 3709 1514; baseline 0.001 -25"><span class='ocrx_word' id='word_1_210' title='bbox 2156 1442 2245 1510; x_wconf 72' lang='grc' dir='ltr'>μὲν</span> <span class='ocrx_word' id='word_1_211' title='bbox 2323 1438 2586 1510; x_wconf 75' lang='grc' dir='ltr'>ἠλγύνετο,</span> <span class='ocrx_word' id='word_1_212' title='bbox 2676 1444 2763 1491; x_wconf 82' lang='grc' dir='ltr'>καὶ</span> <span class='ocrx_word' id='word_1_213' title='bbox 2820 1444 2914 1498; x_wconf 79' lang='grc' dir='ltr'>τὴν</span> <span class='ocrx_word' id='word_1_214' title='bbox 2973 1438 3323 1514; x_wconf 80' lang='grc' dir='ltr'>ἀκαρτέρητον</span> <span class='ocrx_word' id='word_1_215' title='bbox 3378 1438 3557 1498; x_wconf 74' lang='grc' dir='ltr'>ἐκείνην</span> <span class='ocrx_word' id='word_1_216' title='bbox 3616 1438 3709 1512; x_wconf 70' lang='grc' dir='ltr'>βίαν</span> 
     </span>
    </p>
   </div>
   <div class='ocr_carea' id='block_1_32' title="bbox 2156 1527 3703 1602">
    <p class='ocr_par' dir='ltr' id='par_1_32' title="bbox 2156 1527 3703 1602">
     <span class='ocr_line' id='line_1_32' title="bbox 2156 1527 3703 1602; baseline 0 -23"><span class='ocrx_word' id='word_1_217' title='bbox 2156 1530 2429 1599; x_wconf 75' lang='grc' dir='ltr'>ὑφίστατο,</span> <span class='ocrx_word' id='word_1_218' title='bbox 2478 1536 2550 1598; x_wconf 82' lang='grc' dir='ltr'>τῷ</span> <span class='ocrx_word' id='word_1_219' title='bbox 2603 1527 2763 1601; x_wconf 80' lang='grc' dir='ltr'>βιαίῳ</span> <span class='ocrx_word' id='word_1_220' title='bbox 2802 1530 2864 1580; x_wconf 83' lang='grc' dir='ltr'>οἶν</span> <span class='ocrx_word' id='word_1_221' title='bbox 2913 1532 2989 1587; x_wconf 80' lang='grc' dir='ltr'>εἴη</span> <span class='ocrx_word' id='word_1_222' title='bbox 3044 1536 3534 1602; x_wconf 76' lang='grc' dir='ltr'>στενοχωροῡμενος.</span> <span class='ocrx_word' id='word_1_223' title='bbox 3589 1531 3703 1581; x_wconf 81' lang='grc' dir='ltr'>Καθὸ</span> 
     </span>
    </p>
   </div>
   <div class='ocr_carea' id='block_1_33' title="bbox 2158 1613 3710 1692">
    <p class='ocr_par' dir='ltr' id='par_1_33' title="bbox 2158 1613 3710 1692">
     <span class='ocr_line' id='line_1_33' title="bbox 2158 1613 3710 1692; baseline -0.001 -23"><span class='ocrx_word' id='word_1_224' title='bbox 2158 1613 2217 1669; x_wconf 73' lang='grc' dir='ltr'>δὲ</span> <span class='ocrx_word' id='word_1_225' title='bbox 2275 1617 2385 1679; x_wconf 83' lang='grc' dir='ltr'>ἐξόν</span> <span class='ocrx_word' id='word_1_226' title='bbox 2424 1620 2514 1678; x_wconf 83' lang='grc' dir='ltr'>τὰς</span> <span class='ocrx_word' id='word_1_227' title='bbox 2562 1617 2832 1690; x_wconf 81' lang='grc' dir='ltr'>βασάνους</span> <span class='ocrx_word' id='word_1_228' title='bbox 2883 1616 3120 1670; x_wconf 72' lang='grc' dir='ltr'>ἐκκλίνειν</span> <span class='ocrx_word' id='word_1_229' title='bbox 3172 1621 3298 1692; x_wconf 84' lang='grc' dir='ltr'>πρός</span> <span class='ocrx_word' id='word_1_230' title='bbox 3350 1623 3439 1675; x_wconf 85' lang='grc' dir='ltr'>τήν</span> <span class='ocrx_word' id='word_1_231' title='bbox 3481 1615 3710 1675; x_wconf 70' lang='grc' dir='ltr'>εἰδωλικήν</span> 
     </span>
    </p>
   </div>
   <div class='ocr_carea' id='block_1_34' title="bbox 2158 1704 3715 1779">
    <p class='ocr_par' dir='ltr' id='par_1_34' title="bbox 2158 1704 3715 1779">
     <span class='ocr_line' id='line_1_34' title="bbox 2158 1704 3715 1779; baseline 0 -22"><span class='ocrx_word' id='word_1_232' title='bbox 2158 1704 2516 1759; x_wconf 81' lang='grc' dir='ltr'>ἁπονεύσαντα</span> <span class='ocrx_word' id='word_1_233' title='bbox 2592 1707 2809 1772; x_wconf 76' lang='grc' dir='ltr'>πλάνην,</span> <span class='ocrx_word' id='word_1_234' title='bbox 2871 1706 2964 1759; x_wconf 75' lang='grc' dir='ltr'>οὐκ</span> <span class='ocrx_word' id='word_1_235' title='bbox 3030 1708 3305 1779; x_wconf 73' lang='grc' dir='ltr'>ἠνέσχετο,</span> <span class='ocrx_word' id='word_1_236' title='bbox 3388 1706 3613 1759; x_wconf 76' lang='grc' dir='ltr'>ἁϐίαστόν</span> <span class='ocrx_word' id='word_1_237' title='bbox 3672 1724 3715 1757; x_wconf 88' lang='grc' dir='ltr'>τε</span> 
     </span>
    </p>
   </div>
   <div class='ocr_carea' id='block_1_35' title="bbox 382 1789 2044 1868">
    <p class='ocr_par' dir='ltr' id='par_1_35' title="bbox 382 1791 2039 1864">
     <span class='ocr_line' id='line_1_35' title="bbox 382 1791 2039 1864; baseline 0.002 -19"><span class='ocrx_word' id='word_1_238' title='bbox 382 1807 577 1846; x_wconf 89' lang='lat' dir='ltr'>errore</span> <span class='ocrx_word' id='word_1_239' title='bbox 617 1791 810 1846; x_wconf 89' lang='lat' dir='ltr'>cultus</span> <span class='ocrx_word' id='word_1_240' title='bbox 844 1792 1138 1849; x_wconf 88' lang='lat' dir='ltr'>idolorum</span> <span class='ocrx_word' id='word_1_241' title='bbox 1178 1794 1577 1858; x_wconf 87' lang='lat' dir='ltr'>conniventes,</span> <span class='ocrx_word' id='word_1_242' title='bbox 1613 1809 1733 1848; x_wconf 93' lang='lat' dir='ltr'>non</span> <span class='ocrx_word' id='word_1_243' title='bbox 1766 1794 1889 1864; x_wconf 86' lang='lat' dir='ltr'>pati</span> <span class='ocrx_word' id='word_1_244' title='bbox 1922 1808 1993 1848; x_wconf 88' lang='lat' dir='ltr'>ea</span> <span class='ocrx_word' id='word_1_245' title='bbox 2022 1812 2039 1864; x_wconf 82' lang='lat'><em>;</em></span> 
     </span>
    </p>
   </div>
   <div class='ocr_carea' id='block_1_36' title="bbox 2162 1789 3713 1868">
    <p class='ocr_par' dir='ltr' id='par_1_36' title="bbox 2162 1789 3713 1868">
     <span class='ocr_line' id='line_1_36' title="bbox 2162 1789 3713 1868; baseline -0.001 -22"><span class='ocrx_word' id='word_1_246' title='bbox 2162 1794 2285 1846; x_wconf 69' lang='grc' dir='ltr'>αὐτὸ</span> <span class='ocrx_word' id='word_1_247' title='bbox 2336 1794 2494 1847; x_wconf 79' lang='grc' dir='ltr'>ἐποίει</span> <span class='ocrx_word' id='word_1_248' title='bbox 2548 1799 2605 1847; x_wconf 85' lang='grc' dir='ltr'>τὸ</span> <span class='ocrx_word' id='word_1_249' title='bbox 2661 1798 2924 1854; x_wconf 79' lang='grc' dir='ltr'>τοσαύτην</span> <span class='ocrx_word' id='word_1_250' title='bbox 2984 1794 3106 1868; x_wconf 82' lang='grc' dir='ltr'>βίαν</span> <span class='ocrx_word' id='word_1_251' title='bbox 3156 1795 3483 1867; x_wconf 75' lang='grc' dir='ltr'>ἐπαγόμενον.</span> <span class='ocrx_word' id='word_1_252' title='bbox 3540 1794 3615 1847; x_wconf 81' lang='grc' dir='ltr'>Ἐκ</span> <span class='ocrx_word' id='word_1_253' title='bbox 3667 1789 3713 1845; x_wconf 68' lang='grc' dir='ltr'>δε</span> 
     </span>
    </p>
   </div>
   <div class='ocr_carea' id='block_1_37' title="bbox 379 1879 2046 1954">
    <p class='ocr_par' dir='ltr' id='par_1_37' title="bbox 379 1879 2046 1954">
     <span class='ocr_line' id='line_1_37' title="bbox 379 1879 2046 1954; baseline 0.001 -19"><span class='ocrx_word' id='word_1_254' title='bbox 379 1879 525 1935; x_wconf 91' lang='lat' dir='ltr'>illud</span> <span class='ocrx_word' id='word_1_255' title='bbox 542 1880 706 1951; x_wconf 91' lang='lat' dir='ltr'>quod</span> <span class='ocrx_word' id='word_1_256' title='bbox 728 1887 948 1936; x_wconf 87' lang='lat' dir='ltr'>tantam</span> <span class='ocrx_word' id='word_1_257' title='bbox 978 1882 1320 1937; x_wconf 89' lang='lat' dir='ltr'>violentiam</span> <span class='ocrx_word' id='word_1_258' title='bbox 1349 1882 1570 1954; x_wconf 91' lang='lat' dir='ltr'>alioqui</span> <span class='ocrx_word' id='word_1_259' title='bbox 1592 1882 1904 1947; x_wconf 80' lang='lat' dir='ltr'>inferebat,</span> <span class='ocrx_word' id='word_1_260' title='bbox 1930 1897 2046 1938; x_wconf 92' lang='lat' dir='ltr'>non</span> 
     </span>
    </p>
   </div>
   <div class='ocr_carea' id='block_1_38' title="bbox 381 1968 2047 2042">
    <p class='ocr_par' dir='ltr' id='par_1_38' title="bbox 381 1968 2047 2042">
     <span class='ocr_line' id='line_1_38' title="bbox 381 1968 2047 2042; baseline 0.002 -20"><span class='ocrx_word' id='word_1_261' title='bbox 381 1968 711 2024; x_wconf 91' lang='lat' dir='ltr'>violentum</span> <span class='ocrx_word' id='word_1_262' title='bbox 735 1969 1125 2026; x_wconf 84' lang='lat' dir='ltr'>efﬁciebatur.</span> <span class='ocrx_word' id='word_1_263' title='bbox 1150 1971 1370 2026; x_wconf 88' lang='lat' dir='ltr'>Eodem</span> <span class='ocrx_word' id='word_1_264' title='bbox 1390 1972 1666 2042; x_wconf 85' lang='lat' dir='ltr'>exempto</span> <span class='ocrx_word' id='word_1_265' title='bbox 1689 1970 2047 2027; x_wconf 86' lang='lat' dir='ltr'>discernitur</span> 
     </span>
    </p>
   </div>
   <div class='ocr_carea' id='block_1_39' title="bbox 380 2056 1576 2131">
    <p class='ocr_par' dir='ltr' id='par_1_39' title="bbox 380 2056 1576 2131">
     <span class='ocr_line' id='line_1_39' title="bbox 380 2056 1576 2131; baseline 0 -18"><span class='ocrx_word' id='word_1_266' title='bbox 380 2056 548 2123; x_wconf 89' lang='lat' dir='ltr'>illud,</span> <span class='ocrx_word' id='word_1_267' title='bbox 582 2057 732 2113; x_wconf 87' lang='lat' dir='ltr'>velle</span> <span class='ocrx_word' id='word_1_268' title='bbox 762 2058 1045 2131; x_wconf 88' lang='lat' dir='ltr'>aliquem,</span> <span class='ocrx_word' id='word_1_269' title='bbox 1078 2060 1245 2131; x_wconf 91' lang='lat' dir='ltr'>quod</span> <span class='ocrx_word' id='word_1_270' title='bbox 1279 2076 1398 2115; x_wconf 91' lang='lat' dir='ltr'>non</span> <span class='ocrx_word' id='word_1_271' title='bbox 1431 2060 1576 2115; x_wconf 86' lang='lat' dir='ltr'>vult.</span> 
     </span>
    </p>
   </div>
   <div class='ocr_carea' id='block_1_40' title="bbox 456 2147 2048 2221">
    <p class='ocr_par' dir='ltr' id='par_1_40' title="bbox 456 2147 2048 2221">
     <span class='ocr_line' id='line_1_40' title="bbox 456 2147 2048 2221; baseline 0.003 -20"><span class='ocrx_word' id='word_1_272' title='bbox 456 2147 1007 2218; x_wconf 69' lang='lat' dir='ltr'>HaacesteXplicatio</span> <span class='ocrx_word' id='word_1_273' title='bbox 1025 2152 1081 2204; x_wconf 92' lang='lat' dir='ltr'>et</span> <span class='ocrx_word' id='word_1_274' title='bbox 1106 2149 1384 2206; x_wconf 91' lang='lat' dir='ltr'>enodatio</span> <span class='ocrx_word' id='word_1_275' title='bbox 1415 2148 1738 2204; x_wconf 86' lang='lat' dir='ltr'>verborum</span> <span class='ocrx_word' id='word_1_276' title='bbox 1774 2163 2048 2221; x_wconf 88' lang='lat' dir='ltr'>pugnan-</span> 
     </span>
    </p>
   </div>
   <div class='ocr_carea' id='block_1_41' title="bbox 381 2235 2042 2310">
    <p class='ocr_par' dir='ltr' id='par_1_41' title="bbox 381 2235 2042 2310">
     <span class='ocr_line' id='line_1_41' title="bbox 381 2235 2042 2310; baseline 0.002 -21"><span class='ocrx_word' id='word_1_277' title='bbox 381 2235 547 2301; x_wconf 87' lang='lat' dir='ltr'>tium,</span> <span class='ocrx_word' id='word_1_278' title='bbox 567 2251 701 2306; x_wconf 72' lang='lat' dir='ltr'>quaa</span> <span class='ocrx_word' id='word_1_279' title='bbox 718 2236 1031 2303; x_wconf 90' lang='lat' dir='ltr'>rationem,</span> <span class='ocrx_word' id='word_1_280' title='bbox 1052 2252 1186 2310; x_wconf 62' lang='lat' dir='ltr'>quae</span> <span class='ocrx_word' id='word_1_281' title='bbox 1210 2237 1406 2305; x_wconf 85' lang='lat' dir='ltr'>efﬁcit,</span> <span class='ocrx_word' id='word_1_282' title='bbox 1426 2253 1547 2293; x_wconf 91' lang='lat' dir='ltr'>non</span> <span class='ocrx_word' id='word_1_283' title='bbox 1571 2254 1699 2292; x_wconf 91' lang='lat' dir='ltr'>esse</span> <span class='ocrx_word' id='word_1_284' title='bbox 1726 2237 1786 2291; x_wconf 90' lang='lat' dir='ltr'>in</span> <span class='ocrx_word' id='word_1_285' title='bbox 1812 2236 2042 2293; x_wconf 90' lang='lat' dir='ltr'>Christo</span> 
     </span>
    </p>
   </div>
   <div class='ocr_carea' id='block_1_42' title="bbox 381 2323 2035 2399">
    <p class='ocr_par' dir='ltr' id='par_1_42' title="bbox 381 2323 2035 2399">
     <span class='ocr_line' id='line_1_42' title="bbox 381 2323 2035 2399; baseline 0.002 -21"><span class='ocrx_word' id='word_1_286' title='bbox 381 2323 745 2379; x_wconf 90' lang='lat' dir='ltr'>voluntatem</span> <span class='ocrx_word' id='word_1_287' title='bbox 796 2327 1160 2394; x_wconf 85' lang='lat' dir='ltr'>gnomicam,</span> <span class='ocrx_word' id='word_1_288' title='bbox 1225 2343 1340 2382; x_wconf 92' lang='lat' dir='ltr'>non</span> <span class='ocrx_word' id='word_1_289' title='bbox 1396 2331 1592 2399; x_wconf 88' lang='lat' dir='ltr'>potest</span> <span class='ocrx_word' id='word_1_290' title='bbox 1635 2342 2035 2392; x_wconf 89' lang='lat' dir='ltr'>commovere,</span> 
     </span>
    </p>
   </div>
   <div class='ocr_carea' id='block_1_43' title="bbox 382 2413 2043 2487">
    <p class='ocr_par' dir='ltr' id='par_1_43' title="bbox 382 2413 2043 2487">
     <span class='ocr_line' id='line_1_43' title="bbox 382 2413 2043 2487; baseline 0.002 -20"><span class='ocrx_word' id='word_1_291' title='bbox 382 2413 504 2468; x_wconf 90' lang='lat' dir='ltr'>imo</span> <span class='ocrx_word' id='word_1_292' title='bbox 554 2414 747 2483; x_wconf 89' lang='lat' dir='ltr'>potius</span> <span class='ocrx_word' id='word_1_293' title='bbox 789 2417 1153 2470; x_wconf 82' lang='lat' dir='ltr'>contrarium</span> <span class='ocrx_word' id='word_1_294' title='bbox 1206 2416 1501 2470; x_wconf 87' lang='lat' dir='ltr'>concludit</span> <span class='ocrx_word' id='word_1_295' title='bbox 1544 2415 1657 2486; x_wconf 90' lang='lat'>(96)</span> <span class='ocrx_word' id='word_1_296' title='bbox 1693 2431 1706 2470; x_wconf 88' lang='lat'>:</span> <span class='ocrx_word' id='word_1_297' title='bbox 1744 2415 2043 2487; x_wconf 90' lang='lat' dir='ltr'>siquidem</span> 
     </span>
    </p>
   </div>
   <div class='ocr_carea' id='block_1_44' title="bbox 382 2501 2040 2573">
    <p class='ocr_par' dir='ltr' id='par_1_44' title="bbox 382 2501 2040 2573">
     <span class='ocr_line' id='line_1_44' title="bbox 382 2501 2040 2573; baseline 0.002 -19"><span class='ocrx_word' id='word_1_298' title='bbox 382 2516 514 2555; x_wconf 84' lang='lat' dir='ltr'>esse</span> <span class='ocrx_word' id='word_1_299' title='bbox 543 2516 614 2555; x_wconf 86' lang='lat' dir='ltr'>ex</span> <span class='ocrx_word' id='word_1_300' title='bbox 646 2501 764 2556; x_wconf 89' lang='lat' dir='ltr'>alia</span> <span class='ocrx_word' id='word_1_301' title='bbox 793 2504 1037 2573; x_wconf 89' lang='lat' dir='ltr'>quidem</span> <span class='ocrx_word' id='word_1_302' title='bbox 1080 2509 1237 2573; x_wconf 87' lang='lat' dir='ltr'>parte</span> <span class='ocrx_word' id='word_1_303' title='bbox 1270 2504 1615 2570; x_wconf 89' lang='lat' dir='ltr'>violentum,</span> <span class='ocrx_word' id='word_1_304' title='bbox 1648 2519 1720 2558; x_wconf 85' lang='lat' dir='ltr'>ex</span> <span class='ocrx_word' id='word_1_305' title='bbox 1751 2504 1867 2558; x_wconf 87' lang='lat' dir='ltr'>alia</span> <span class='ocrx_word' id='word_1_306' title='bbox 1899 2519 2040 2558; x_wconf 87' lang='lat' dir='ltr'>vero</span> 
     </span>
    </p>
   </div>
   <div class='ocr_carea' id='block_1_45' title="bbox 382 2590 2041 2657">
    <p class='ocr_par' dir='ltr' id='par_1_45' title="bbox 382 2590 2041 2657">
     <span class='ocr_line' id='line_1_45' title="bbox 382 2590 2041 2657; baseline 0.002 -12"><span class='ocrx_word' id='word_1_307' title='bbox 382 2606 501 2645; x_wconf 93' lang='lat' dir='ltr'>non</span> <span class='ocrx_word' id='word_1_308' title='bbox 527 2590 874 2657; x_wconf 91' lang='lat' dir='ltr'>violentum,</span> <span class='ocrx_word' id='word_1_309' title='bbox 916 2598 973 2647; x_wconf 91' lang='lat' dir='ltr'>et</span> <span class='ocrx_word' id='word_1_310' title='bbox 1004 2593 1271 2649; x_wconf 88' lang='lat' dir='ltr'>similiter</span> <span class='ocrx_word' id='word_1_311' title='bbox 1295 2594 1411 2650; x_wconf 89' lang='lat' dir='ltr'>alia</span> <span class='ocrx_word' id='word_1_312' title='bbox 1441 2595 1669 2649; x_wconf 88' lang='lat' dir='ltr'>ratione</span> <span class='ocrx_word' id='word_1_313' title='bbox 1711 2593 1879 2657; x_wconf 92' lang='lat' dir='ltr'>velle,</span> <span class='ocrx_word' id='word_1_314' title='bbox 1923 2594 2041 2649; x_wconf 91' lang='lat' dir='ltr'>alia</span> 
     </span>
    </p>
   </div>
   <div class='ocr_carea' id='block_1_46' title="bbox 380 2678 2042 2751">
    <p class='ocr_par' dir='ltr' id='par_1_46' title="bbox 380 2678 2042 2751">
     <span class='ocr_line' id='line_1_46' title="bbox 380 2678 2042 2751; baseline 0.001 -17"><span class='ocrx_word' id='word_1_315' title='bbox 380 2694 503 2734; x_wconf 91' lang='lat' dir='ltr'>non</span> <span class='ocrx_word' id='word_1_316' title='bbox 517 2678 681 2743; x_wconf 90' lang='lat' dir='ltr'>velle,</span> <span class='ocrx_word' id='word_1_317' title='bbox 700 2695 867 2735; x_wconf 89' lang='lat' dir='ltr'>nemo</span> <span class='ocrx_word' id='word_1_318' title='bbox 883 2681 1170 2736; x_wconf 87' lang='lat' dir='ltr'>hactenus</span> <span class='ocrx_word' id='word_1_319' title='bbox 1185 2682 1470 2737; x_wconf 88' lang='lat' dir='ltr'>voluntati</span> <span class='ocrx_word' id='word_1_320' title='bbox 1498 2682 1791 2751; x_wconf 69' lang='lat' dir='ltr'>gnomicaa</span> <span class='ocrx_word' id='word_1_321' title='bbox 1810 2681 2042 2737; x_wconf 84' lang='lat' dir='ltr'>afﬁnxit</span> 
     </span>
    </p>
   </div>
   <div class='ocr_carea' id='block_1_47' title="bbox 380 2770 2035 2843">
    <p class='ocr_par' dir='ltr' id='par_1_47' title="bbox 380 2770 2035 2843">
     <span class='ocr_line' id='line_1_47' title="bbox 380 2770 2035 2843; baseline 0.002 -20"><span class='ocrx_word' id='word_1_322' title='bbox 380 2773 738 2824; x_wconf 87' lang='lat' dir='ltr'>monstrose.</span> <span class='ocrx_word' id='word_1_323' title='bbox 788 2772 959 2841; x_wconf 86' lang='lat' dir='ltr'>Atqui</span> <span class='ocrx_word' id='word_1_324' title='bbox 1012 2786 1131 2825; x_wconf 95' lang='lat' dir='ltr'>non</span> <span class='ocrx_word' id='word_1_325' title='bbox 1201 2787 1278 2826; x_wconf 92' lang='lat' dir='ltr'>an</span> <span class='ocrx_word' id='word_1_326' title='bbox 1331 2770 1559 2843; x_wconf 89' lang='lat' dir='ltr'>aliquid</span> <span class='ocrx_word' id='word_1_327' title='bbox 1608 2787 1730 2826; x_wconf 94' lang='lat' dir='ltr'>non</span> <span class='ocrx_word' id='word_1_328' title='bbox 1783 2776 1870 2826; x_wconf 90' lang='lat' dir='ltr'>est</span> <span class='ocrx_word' id='word_1_329' title='bbox 1927 2787 2035 2826; x_wconf 93' lang='lat' dir='ltr'>un-</span> 
     </span>
    </p>
   </div>
   <div class='ocr_carea' id='block_1_48' title="bbox 382 2858 2043 2932">
    <p class='ocr_par' dir='ltr' id='par_1_48' title="bbox 382 2858 2043 2932">
     <span class='ocr_line' id='line_1_48' title="bbox 382 2858 2043 2932; baseline 0.002 -20"><span class='ocrx_word' id='word_1_330' title='bbox 382 2873 568 2929; x_wconf 89' lang='lat' dir='ltr'>quam</span> <span class='ocrx_word' id='word_1_331' title='bbox 595 2858 820 2914; x_wconf 91' lang='lat' dir='ltr'>dictum</span> <span class='ocrx_word' id='word_1_332' title='bbox 865 2860 998 2931; x_wconf 81' lang='lat'>(97),</span> <span class='ocrx_word' id='word_1_333' title='bbox 1042 2867 1263 2932; x_wconf 89' lang='lat' dir='ltr'>sportet</span> <span class='ocrx_word' id='word_1_334' title='bbox 1310 2860 1687 2916; x_wconf 90' lang='lat' dir='ltr'>considerare</span> <span class='ocrx_word' id='word_1_335' title='bbox 1732 2876 1891 2925; x_wconf 90' lang='lat' dir='ltr'>eum,</span> <span class='ocrx_word' id='word_1_336' title='bbox 1940 2860 2043 2932; x_wconf 90' lang='lat' dir='ltr'>qui</span> 
     </span>
    </p>
   </div>
   <div class='ocr_carea' id='block_1_49' title="bbox 384 2946 2043 3022">
    <p class='ocr_par' dir='ltr' id='par_1_49' title="bbox 384 2946 2043 3022">
     <span class='ocr_line' id='line_1_49' title="bbox 384 2946 2043 3022; baseline 0.002 -22"><span class='ocrx_word' id='word_1_337' title='bbox 384 2946 725 3020; x_wconf 83' lang='lat' dir='ltr'>scitintegre</span> <span class='ocrx_word' id='word_1_338' title='bbox 739 2954 795 3004; x_wconf 91' lang='lat' dir='ltr'>et</span> <span class='ocrx_word' id='word_1_339' title='bbox 816 2948 1151 3021; x_wconf 89' lang='lat' dir='ltr'>incorrupte</span> <span class='ocrx_word' id='word_1_340' title='bbox 1174 2950 1605 3022; x_wconf 89' lang='lat' dir='ltr'>philosophari,</span> <span class='ocrx_word' id='word_1_341' title='bbox 1636 2949 1739 3005; x_wconf 91' lang='lat' dir='ltr'>sed</span> <span class='ocrx_word' id='word_1_342' title='bbox 1762 2965 1860 3015; x_wconf 92' lang='lat' dir='ltr'>an,</span> <span class='ocrx_word' id='word_1_343' title='bbox 1880 2949 2043 3022; x_wconf 90' lang='lat' dir='ltr'>quod</span> 
     </span>
    </p>
   </div>
   <div class='ocr_carea' id='block_1_50' title="bbox 382 3040 2040 3112">
    <p class='ocr_par' dir='ltr' id='par_1_50' title="bbox 382 3040 2040 3112">
     <span class='ocr_line' id='line_1_50' title="bbox 382 3040 2040 3112; baseline 0.002 -20"><span class='ocrx_word' id='word_1_344' title='bbox 382 3042 596 3094; x_wconf 88' lang='lat' dir='ltr'>natura</span> <span class='ocrx_word' id='word_1_345' title='bbox 616 3046 722 3107; x_wconf 90' lang='lat' dir='ltr'>est,</span> <span class='ocrx_word' id='word_1_346' title='bbox 750 3043 1030 3112; x_wconf 89' lang='lat' dir='ltr'>tanquam</span> <span class='ocrx_word' id='word_1_347' title='bbox 1060 3056 1181 3096; x_wconf 93' lang='lat' dir='ltr'>non</span> <span class='ocrx_word' id='word_1_348' title='bbox 1212 3040 1301 3110; x_wconf 87' lang='lat' dir='ltr'>sit,</span> <span class='ocrx_word' id='word_1_349' title='bbox 1337 3040 1671 3110; x_wconf 82' lang='lat' dir='ltr'>negligatur</span> <span class='ocrx_word' id='word_1_350' title='bbox 1692 3040 1824 3111; x_wconf 90' lang='lat'>(98).</span> <span class='ocrx_word' id='word_1_351' title='bbox 1855 3040 2040 3095; x_wconf 90' lang='lat' dir='ltr'>Simul</span> 
     </span>
    </p>
   </div>
   <div class='ocr_carea' id='block_1_51' title="bbox 2156 1881 3714 1957">
    <p class='ocr_par' dir='ltr' id='par_1_51' title="bbox 2156 1881 3714 1957">
     <span class='ocr_line' id='line_1_51' title="bbox 2156 1881 3714 1957; baseline -0.002 -21"><span class='ocrx_word' id='word_1_352' title='bbox 2156 1892 2250 1945; x_wconf 80' lang='grc' dir='ltr'>τῆς</span> <span class='ocrx_word' id='word_1_353' title='bbox 2310 1885 2473 1946; x_wconf 75' lang='grc' dir='ltr'>αὐτῆς</span> <span class='ocrx_word' id='word_1_354' title='bbox 2534 1883 2726 1947; x_wconf 80' lang='grc' dir='ltr'>εἰκόνος</span> <span class='ocrx_word' id='word_1_355' title='bbox 2806 1889 2895 1937; x_wconf 85' lang='grc' dir='ltr'>καὶ</span> <span class='ocrx_word' id='word_1_356' title='bbox 2959 1888 3014 1937; x_wconf 86' lang='grc' dir='ltr'>τό</span> <span class='ocrx_word' id='word_1_357' title='bbox 3096 1883 3345 1942; x_wconf 70' lang='grc' dir='ltr'>ἁθέλητον</span> <span class='ocrx_word' id='word_1_358' title='bbox 3420 1881 3714 1957; x_wconf 81' lang='grc' dir='ltr'>διευκρίνεται</span> 
     </span>
    </p>
   </div>
   <div class='ocr_carea' id='block_1_52' title="bbox 2161 1974 2376 2045">
    <p class='ocr_par' dir='ltr' id='par_1_52' title="bbox 2161 1974 2376 2045">
     <span class='ocr_line' id='line_1_52' title="bbox 2161 1974 2376 2045; baseline -0.014 -18"><span class='ocrx_word' id='word_1_359' title='bbox 2161 1974 2376 2045; x_wconf 76' lang='grc' dir='ltr'>θέλημα.</span> 
     </span>
    </p>
   </div>
   <div class='ocr_carea' id='block_1_53' title="bbox 2232 2150 3714 2225">
    <p class='ocr_par' dir='ltr' id='par_1_53' title="bbox 2232 2150 3714 2225">
     <span class='ocr_line' id='line_1_53' title="bbox 2232 2150 3714 2225; baseline -0.003 -20"><span class='ocrx_word' id='word_1_360' title='bbox 2232 2152 2300 2206; x_wconf 85' lang='grc' dir='ltr'><strong>Ἦ</strong></span> <span class='ocrx_word' id='word_1_361' title='bbox 2359 2153 2505 2213; x_wconf 78' lang='grc' dir='ltr'>οὗτος</span> <span class='ocrx_word' id='word_1_362' title='bbox 2561 2154 2586 2205; x_wconf 88' lang='grc' dir='ltr'><strong>ὁ</strong></span> <span class='ocrx_word' id='word_1_363' title='bbox 2649 2152 2797 2224; x_wconf 74' lang='grc' dir='ltr'>λόγος</span> <span class='ocrx_word' id='word_1_364' title='bbox 2845 2150 3129 2214; x_wconf 66' lang='grc' dir='ltr'>ἀνάπτυξις</span> <span class='ocrx_word' id='word_1_365' title='bbox 3192 2156 3281 2225; x_wconf 84' lang='grc' dir='ltr'>μέν</span> <span class='ocrx_word' id='word_1_366' title='bbox 3342 2150 3452 2204; x_wconf 81' lang='grc' dir='ltr'>ἐστι</span> <span class='ocrx_word' id='word_1_367' title='bbox 3508 2150 3714 2225; x_wconf 71' lang='grc' dir='ltr'>ῥημάτων</span> 
     </span>
    </p>
   </div>
   <div class='ocr_carea' id='block_1_54' title="bbox 2154 2240 3717 2315">
    <p class='ocr_par' dir='ltr' id='par_1_54' title="bbox 2154 2240 3717 2315">
     <span class='ocr_line' id='line_1_54' title="bbox 2154 2240 3717 2315; baseline -0.004 -20"><span class='ocrx_word' id='word_1_368' title='bbox 2154 2246 2465 2315; x_wconf 80' lang='grc' dir='ltr'>μαχομένων</span> <span class='ocrx_word' id='word_1_369' title='bbox 2496 2246 2583 2294; x_wconf 86' lang='grc' dir='ltr'>καὶ</span> <span class='ocrx_word' id='word_1_370' title='bbox 2618 2246 2888 2313; x_wconf 66' lang='grc' dir='ltr'>σαφήνεια,</span> <span class='ocrx_word' id='word_1_371' title='bbox 2940 2240 2997 2293; x_wconf 74' lang='grc' dir='ltr'>οὐ</span> <span class='ocrx_word' id='word_1_372' title='bbox 3047 2245 3148 2312; x_wconf 76' lang='grc' dir='ltr'>μὴν</span> <span class='ocrx_word' id='word_1_373' title='bbox 3179 2242 3290 2311; x_wconf 68' lang='grc' dir='ltr'>ζτὴν</span> <span class='ocrx_word' id='word_1_374' title='bbox 3337 2240 3717 2299; x_wconf 59' lang='grc' dir='ltr'>κατασκευάζον.</span> 
     </span>
    </p>
   </div>
   <div class='ocr_carea' id='block_1_55' title="bbox 2156 2328 3713 2403">
    <p class='ocr_par' dir='ltr' id='par_1_55' title="bbox 2156 2328 3713 2403">
     <span class='ocr_line' id='line_1_55' title="bbox 2156 2328 3713 2403; baseline -0.004 -18"><span class='ocrx_word' id='word_1_375' title='bbox 2156 2352 2250 2385; x_wconf 88' lang='grc' dir='ltr'>σαν</span> <span class='ocrx_word' id='word_1_376' title='bbox 2300 2328 2590 2395; x_wconf 74' lang='grc' dir='ltr'>ἀπόδειξιν,</span> <span class='ocrx_word' id='word_1_377' title='bbox 2636 2334 2706 2391; x_wconf 83' lang='grc' dir='ltr'>ὡς</span> <span class='ocrx_word' id='word_1_378' title='bbox 2756 2331 2850 2382; x_wconf 70' lang='grc' dir='ltr'>οὐκ</span> <span class='ocrx_word' id='word_1_379' title='bbox 2905 2333 3044 2382; x_wconf 80' lang='grc' dir='ltr'>ἔστιν</span> <span class='ocrx_word' id='word_1_380' title='bbox 3098 2328 3181 2381; x_wconf 80' lang='grc' dir='ltr'>ἐπὶ</span> <span class='ocrx_word' id='word_1_381' title='bbox 3222 2337 3457 2403; x_wconf 76' lang='grc' dir='ltr'>Χριστοῦ</span> <span class='ocrx_word' id='word_1_382' title='bbox 3500 2330 3713 2401; x_wconf 73' lang='grc' dir='ltr'>γνωμικὸν</span> 
     </span>
    </p>
   </div>
   <div class='ocr_carea' id='block_1_56' title="bbox 2155 2418 3716 2493">
    <p class='ocr_par' dir='ltr' id='par_1_56' title="bbox 2155 2418 3716 2493">
     <span class='ocr_line' id='line_1_56' title="bbox 2155 2418 3716 2493; baseline -0.003 -20"><span class='ocrx_word' id='word_1_383' title='bbox 2155 2420 2472 2493; x_wconf 78' lang='grc' dir='ltr'>ἀνθρώπινον</span> <span class='ocrx_word' id='word_1_384' title='bbox 2539 2419 2757 2491; x_wconf 68' lang='grc' dir='ltr'>θελημα,</span> <span class='ocrx_word' id='word_1_385' title='bbox 2828 2418 3205 2493; x_wconf 79' lang='grc' dir='ltr'>παρασαλεύειν</span> <span class='ocrx_word' id='word_1_386' title='bbox 3270 2418 3473 2490; x_wconf 78' lang='grc' dir='ltr'>ἰσχύει,</span> <span class='ocrx_word' id='word_1_387' title='bbox 3534 2419 3562 2476; x_wconf 78' lang='grc' dir='ltr'>ἡ</span> <span class='ocrx_word' id='word_1_388' title='bbox 3621 2435 3716 2469; x_wconf 85' lang='grc' dir='ltr'>τοσ-</span> 
     </span>
    </p>
   </div>
   <div class='ocr_carea' id='block_1_57' title="bbox 2153 2506 3713 2581">
    <p class='ocr_par' dir='ltr' id='par_1_57' title="bbox 2153 2506 3713 2581">
     <span class='ocr_line' id='line_1_57' title="bbox 2153 2506 3713 2581; baseline -0.004 -19"><span class='ocrx_word' id='word_1_389' title='bbox 2153 2514 2319 2571; x_wconf 73' lang='grc' dir='ltr'>αύτης</span> <span class='ocrx_word' id='word_1_390' title='bbox 2358 2515 2377 2551; x_wconf 71' lang='grc' dir='ltr'><strong>ι</strong></span> <span class='ocrx_word' id='word_1_391' title='bbox 2409 2512 2632 2562; x_wconf 71' lang='grc' dir='ltr'>ἐναντίον</span> <span class='ocrx_word' id='word_1_392' title='bbox 2654 2513 2899 2580; x_wconf 83' lang='grc' dir='ltr'>περαίνει,</span> <span class='ocrx_word' id='word_1_393' title='bbox 2922 2513 3012 2560; x_wconf 81' lang='grc' dir='ltr'>καὶ</span> <span class='ocrx_word' id='word_1_394' title='bbox 3038 2511 3139 2581; x_wconf 72' lang='grc' dir='ltr'>γὰρ</span> <span class='ocrx_word' id='word_1_395' title='bbox 3168 2511 3225 2559; x_wconf 86' lang='grc' dir='ltr'>τό</span> <span class='ocrx_word' id='word_1_396' title='bbox 3246 2511 3384 2560; x_wconf 79' lang='grc' dir='ltr'>κατά</span> <span class='ocrx_word' id='word_1_397' title='bbox 3407 2528 3456 2559; x_wconf 87' lang='grc' dir='ltr'>τι</span> <span class='ocrx_word' id='word_1_398' title='bbox 3480 2506 3633 2579; x_wconf 85' lang='grc' dir='ltr'>βίαιον</span> <span class='ocrx_word' id='word_1_399' title='bbox 3655 2516 3678 2544; x_wconf 80' lang='grc' dir='ltr'>ιι</span> <span class='ocrx_word' id='word_1_400' title='bbox 3702 2546 3713 2570; x_wconf 95' lang='grc'>,</span> 
     </span>
    </p>
   </div>
   <div class='ocr_carea' id='block_1_58' title="bbox 2152 2594 3714 2669">
    <p class='ocr_par' dir='ltr' id='par_1_58' title="bbox 2152 2594 3714 2669">
     <span class='ocr_line' id='line_1_58' title="bbox 2152 2594 3714 2669; baseline -0.006 -17"><span class='ocrx_word' id='word_1_401' title='bbox 2152 2602 2287 2652; x_wconf 77' lang='grc' dir='ltr'>κατά</span> <span class='ocrx_word' id='word_1_402' title='bbox 2333 2619 2381 2652; x_wconf 89' lang='grc' dir='ltr'>τι</span> <span class='ocrx_word' id='word_1_403' title='bbox 2442 2596 2500 2651; x_wconf 76' lang='grc' dir='ltr'>δὲ</span> <span class='ocrx_word' id='word_1_404' title='bbox 2557 2597 2824 2663; x_wconf 79' lang='grc' dir='ltr'>ἀϐίαστον,</span> <span class='ocrx_word' id='word_1_405' title='bbox 2876 2602 2964 2649; x_wconf 83' lang='grc' dir='ltr'>καὶ</span> <span class='ocrx_word' id='word_1_406' title='bbox 3006 2600 3063 2649; x_wconf 86' lang='grc' dir='ltr'>τό</span> <span class='ocrx_word' id='word_1_407' title='bbox 3101 2598 3233 2649; x_wconf 81' lang='grc' dir='ltr'>κατά</span> <span class='ocrx_word' id='word_1_408' title='bbox 3271 2617 3327 2649; x_wconf 88' lang='grc' dir='ltr'>τι</span> <span class='ocrx_word' id='word_1_409' title='bbox 3375 2600 3461 2669; x_wconf 68' lang='grc' dir='ltr'>μὲν</span> <span class='ocrx_word' id='word_1_410' title='bbox 3491 2594 3714 2657; x_wconf 71' lang='grc' dir='ltr'>ἁθελητον,</span> 
     </span>
    </p>
   </div>
   <div class='ocr_carea' id='block_1_59' title="bbox 2151 2682 3715 2761">
    <p class='ocr_par' dir='ltr' id='par_1_59' title="bbox 2151 2682 3715 2761">
     <span class='ocr_line' id='line_1_59' title="bbox 2151 2682 3715 2761; baseline -0.006 -19"><span class='ocrx_word' id='word_1_411' title='bbox 2151 2692 2286 2742; x_wconf 79' lang='grc' dir='ltr'>κατά</span> <span class='ocrx_word' id='word_1_412' title='bbox 2322 2708 2370 2741; x_wconf 89' lang='grc' dir='ltr'>τι</span> <span class='ocrx_word' id='word_1_413' title='bbox 2425 2684 2483 2740; x_wconf 71' lang='grc' dir='ltr'>δὲ</span> <span class='ocrx_word' id='word_1_414' title='bbox 2517 2686 2731 2759; x_wconf 76' lang='grc' dir='ltr'>θέλημα.</span> <span class='ocrx_word' id='word_1_415' title='bbox 2779 2682 3041 2757; x_wconf 66' lang='grc' dir='ltr'>Οὐδαμῶς</span> <span class='ocrx_word' id='word_1_416' title='bbox 3084 2690 3248 2761; x_wconf 78' lang='grc' dir='ltr'>μέχρι</span> <span class='ocrx_word' id='word_1_417' title='bbox 3286 2694 3381 2739; x_wconf 78' lang='grc' dir='ltr'>τοῦ</span> <span class='ocrx_word' id='word_1_418' title='bbox 3419 2694 3502 2737; x_wconf 76' lang='grc' dir='ltr'>νῦν</span> <span class='ocrx_word' id='word_1_419' title='bbox 3529 2692 3593 2753; x_wconf 82' lang='grc' dir='ltr'>τῷ</span> <span class='ocrx_word' id='word_1_420' title='bbox 3613 2704 3715 2755; x_wconf 70' lang='lat' dir='ltr'>7w-</span> 
     </span>
    </p>
   </div>
   <div class='ocr_carea' id='block_1_60' title="bbox 2152 2769 3714 2851">
    <p class='ocr_par' dir='ltr' id='par_1_60' title="bbox 2152 2769 3714 2851">
     <span class='ocr_line' id='line_1_60' title="bbox 2152 2769 3714 2851; baseline -0.005 -22"><span class='ocrx_word' id='word_1_421' title='bbox 2152 2787 2289 2851; x_wconf 84' lang='grc' dir='ltr'>μικῷ</span> <span class='ocrx_word' id='word_1_422' title='bbox 2362 2774 2632 2849; x_wconf 71' lang='grc' dir='ltr'>περιάψειν</span> <span class='ocrx_word' id='word_1_423' title='bbox 2710 2774 3084 2849; x_wconf 76' lang='grc' dir='ltr'>ἐτερατεύσατο</span> <span class='ocrx_word' id='word_1_424' title='bbox 3165 2774 3436 2847; x_wconf 76' lang='grc' dir='ltr'>θελήματι.</span> <span class='ocrx_word' id='word_1_425' title='bbox 3515 2773 3575 2824; x_wconf 81' lang='grc' dir='ltr'><strong>Ἠ</strong></span> <span class='ocrx_word' id='word_1_426' title='bbox 3642 2769 3714 2821; x_wconf 71' lang='grc' dir='ltr'>οὐκ</span> 
     </span>
    </p>
   </div>
   <div class='ocr_carea' id='block_1_61' title="bbox 2155 2859 3715 2939">
    <p class='ocr_par' dir='ltr' id='par_1_61' title="bbox 2155 2859 3715 2939">
     <span class='ocr_line' id='line_1_61' title="bbox 2155 2859 3715 2939; baseline -0.006 -19"><span class='ocrx_word' id='word_1_427' title='bbox 2155 2868 2259 2939; x_wconf 79' lang='grc' dir='ltr'>εἰμὶ</span> <span class='ocrx_word' id='word_1_428' title='bbox 2313 2869 2569 2938; x_wconf 68' lang='grc' dir='ltr'>νεῖρηται</span> <span class='ocrx_word' id='word_1_429' title='bbox 2626 2867 2713 2916; x_wconf 84' lang='grc' dir='ltr'>τὸν</span> <span class='ocrx_word' id='word_1_430' title='bbox 2766 2865 3008 2936; x_wconf 84' lang='grc' dir='ltr'>καθαρῶς</span> <span class='ocrx_word' id='word_1_431' title='bbox 3064 2860 3242 2916; x_wconf 81' lang='grc' dir='ltr'>εἰδότα</span> <span class='ocrx_word' id='word_1_432' title='bbox 3294 2868 3387 2916; x_wconf 82' lang='grc' dir='ltr'>καὶ</span> <span class='ocrx_word' id='word_1_433' title='bbox 3454 2859 3715 2919; x_wconf 67' lang='grc' dir='ltr'>ἀδεκάστοις</span> 
     </span>
    </p>
   </div>
   <div class='ocr_carea' id='block_1_62' title="bbox 2155 2950 3716 3029">
    <p class='ocr_par' dir='ltr' id='par_1_62' title="bbox 2155 2950 3716 3029">
     <span class='ocr_line' id='line_1_62' title="bbox 2155 2950 3716 3029; baseline -0.006 -22"><span class='ocrx_word' id='word_1_434' title='bbox 2155 2956 2465 3029; x_wconf 73' lang='grc' dir='ltr'>φιλοσοφεῖν,</span> <span class='ocrx_word' id='word_1_435' title='bbox 2523 2957 2779 3027; x_wconf 81' lang='grc' dir='ltr'>προσήκει</span> <span class='ocrx_word' id='word_1_436' title='bbox 2839 2960 3067 3007; x_wconf 85' lang='grc' dir='ltr'>σκοπεῖν.</span> <span class='ocrx_word' id='word_1_437' title='bbox 3120 2952 3250 3006; x_wconf 84' lang='grc' dir='ltr'>Ἀλλ’</span> <span class='ocrx_word' id='word_1_438' title='bbox 3319 2953 3364 3005; x_wconf 83' lang='grc' dir='ltr'>εἰ</span> <span class='ocrx_word' id='word_1_439' title='bbox 3420 2955 3476 3003; x_wconf 84' lang='grc' dir='ltr'>τὸ</span> <span class='ocrx_word' id='word_1_440' title='bbox 3529 2950 3716 3021; x_wconf 72' lang='grc' dir='ltr'>πεφυκός</span> 
     </span>
    </p>
   </div>
   <div class='ocr_carea' id='block_1_63' title="bbox 2155 3041 3716 3116">
    <p class='ocr_par' dir='ltr' id='par_1_63' title="bbox 2155 3041 3716 3116">
     <span class='ocr_line' id='line_1_63' title="bbox 2155 3041 3716 3116; baseline -0.006 -19"><span class='ocrx_word' id='word_1_441' title='bbox 2155 3044 2283 3098; x_wconf 85' lang='grc' dir='ltr'>εἶναι</span> <span class='ocrx_word' id='word_1_442' title='bbox 2328 3047 2392 3104; x_wconf 79' lang='grc' dir='ltr'>ὡς</span> <span class='ocrx_word' id='word_1_443' title='bbox 2434 3049 2505 3116; x_wconf 76' lang='grc' dir='ltr'>μὴ</span> <span class='ocrx_word' id='word_1_444' title='bbox 2540 3046 2591 3094; x_wconf 80' lang='grc' dir='ltr'>ὄν</span> <span class='ocrx_word' id='word_1_445' title='bbox 2623 3047 2973 3116; x_wconf 87' lang='grc' dir='ltr'>παρεώραται,</span> <span class='ocrx_word' id='word_1_446' title='bbox 3023 3046 3113 3094; x_wconf 83' lang='grc' dir='ltr'>καὶ</span> <span class='ocrx_word' id='word_1_447' title='bbox 3157 3041 3271 3114; x_wconf 79' lang='grc' dir='ltr'>ἅμα</span> <span class='ocrx_word' id='word_1_448' title='bbox 3309 3050 3382 3112; x_wconf 81' lang='grc' dir='ltr'>τῷ</span> <span class='ocrx_word' id='word_1_449' title='bbox 3430 3041 3499 3113; x_wconf 77' lang='grc' dir='ltr'>μὴ</span> <span class='ocrx_word' id='word_1_450' title='bbox 3535 3042 3716 3109; x_wconf 75' lang='grc' dir='ltr'>συνορᾷν</span> 
     </span>
    </p>
   </div>
   <div class='ocr_carea' id='block_1_64' title="bbox 380 3127 2044 3214">
    <p class='ocr_par' dir='ltr' id='par_1_64' title="bbox 380 3127 2043 3202">
     <span class='ocr_line' id='line_1_64' title="bbox 380 3127 2043 3202; baseline 0.002 -21"><span class='ocrx_word' id='word_1_451' title='bbox 380 3127 559 3183; x_wconf 89' lang='lat' dir='ltr'>etiam</span> <span class='ocrx_word' id='word_1_452' title='bbox 611 3143 813 3184; x_wconf 90' lang='lat' dir='ltr'>annon</span> <span class='ocrx_word' id='word_1_453' title='bbox 854 3131 1186 3202; x_wconf 89' lang='lat' dir='ltr'>perspicere</span> <span class='ocrx_word' id='word_1_454' title='bbox 1236 3134 1533 3197; x_wconf 90' lang='lat' dir='ltr'>naturam,</span> <span class='ocrx_word' id='word_1_455' title='bbox 1584 3146 1770 3202; x_wconf 91' lang='lat' dir='ltr'>quam</span> <span class='ocrx_word' id='word_1_456' title='bbox 1814 3130 2043 3186; x_wconf 90' lang='lat' dir='ltr'>ratione</span> 
     </span>
    </p>
   </div>
   <div class='ocr_carea' id='block_1_65' title="bbox 2162 3127 3716 3214">
    <p class='ocr_par' dir='ltr' id='par_1_65' title="bbox 2162 3129 3716 3205">
     <span class='ocr_line' id='line_1_65' title="bbox 2162 3129 3716 3205; baseline -0.004 -18"><span class='ocrx_word' id='word_1_457' title='bbox 2162 3138 2243 3192; x_wconf 79' lang='grc' dir='ltr'>τὴν</span> <span class='ocrx_word' id='word_1_458' title='bbox 2298 3136 2451 3197; x_wconf 81' lang='grc' dir='ltr'>φύσιν</span> <span class='ocrx_word' id='word_1_459' title='bbox 2526 3139 2596 3201; x_wconf 85' lang='grc' dir='ltr'>τῷ</span> <span class='ocrx_word' id='word_1_460' title='bbox 2667 3129 2806 3202; x_wconf 73' lang='grc' dir='ltr'>λόγῳ</span> <span class='ocrx_word' id='word_1_461' title='bbox 2864 3132 3235 3205; x_wconf 72' lang='grc' dir='ltr'>θεωρουμένην,</span> <span class='ocrx_word' id='word_1_462' title='bbox 3298 3134 3390 3182; x_wconf 85' lang='grc' dir='ltr'>καὶ</span> <span class='ocrx_word' id='word_1_463' title='bbox 3472 3132 3591 3203; x_wconf 82' lang='grc' dir='ltr'>πρὸς</span> <span class='ocrx_word' id='word_1_464' title='bbox 3642 3129 3716 3181; x_wconf 71' lang='grc' dir='ltr'>τὴν</span> 
     </span>
    </p>
   </div>
   <div class='ocr_carea' id='block_1_66' title="bbox 381 3216 2041 3292">
    <p class='ocr_par' dir='ltr' id='par_1_66' title="bbox 381 3216 2041 3292">
     <span class='ocr_line' id='line_1_66' title="bbox 381 3216 2041 3292; baseline 0.002 -21"><span class='ocrx_word' id='word_1_465' title='bbox 381 3216 865 3288; x_wconf 88' lang='lat' dir='ltr'>contemplamur,</span> <span class='ocrx_word' id='word_1_466' title='bbox 900 3225 955 3275; x_wconf 92' lang='lat' dir='ltr'>et</span> <span class='ocrx_word' id='word_1_467' title='bbox 992 3236 1130 3275; x_wconf 91' lang='lat' dir='ltr'>cum</span> <span class='ocrx_word' id='word_1_468' title='bbox 1167 3220 1567 3292; x_wconf 88' lang='lat' dir='ltr'>appellatione</span> <span class='ocrx_word' id='word_1_469' title='bbox 1604 3220 1706 3284; x_wconf 87' lang='lat' dir='ltr'>rei,</span> <span class='ocrx_word' id='word_1_470' title='bbox 1751 3224 2041 3290; x_wconf 89' lang='lat' dir='ltr'>tanquam</span> 
     </span>
    </p>
   </div>
   <div class='ocr_carea' id='block_1_67' title="bbox 384 3305 2044 3383">
    <p class='ocr_par' dir='ltr' id='par_1_67' title="bbox 384 3305 2044 3383">
     <span class='ocr_line' id='line_1_67' title="bbox 384 3305 2044 3383; baseline 0.004 -25"><span class='ocrx_word' id='word_1_471' title='bbox 384 3305 473 3371; x_wconf 85' lang='lat' dir='ltr'>sit,</span> <span class='ocrx_word' id='word_1_472' title='bbox 504 3312 744 3376; x_wconf 83' lang='lat' dir='ltr'>pugnet,</span> <span class='ocrx_word' id='word_1_473' title='bbox 767 3324 887 3364; x_wconf 93' lang='lat' dir='ltr'>non</span> <span class='ocrx_word' id='word_1_474' title='bbox 906 3314 991 3365; x_wconf 89' lang='lat' dir='ltr'>est</span> <span class='ocrx_word' id='word_1_475' title='bbox 1013 3309 1239 3366; x_wconf 89' lang='lat' dir='ltr'>dictum</span> <span class='ocrx_word' id='word_1_476' title='bbox 1272 3327 1285 3377; x_wconf 92' lang='lat'><strong>;</strong></span> <span class='ocrx_word' id='word_1_477' title='bbox 1321 3312 1422 3367; x_wconf 87' lang='lat' dir='ltr'>sed</span> <span class='ocrx_word' id='word_1_478' title='bbox 1456 3310 1723 3375; x_wconf 90' lang='lat' dir='ltr'>minime,</span> <span class='ocrx_word' id='word_1_479' title='bbox 1752 3310 1855 3383; x_wconf 90' lang='lat' dir='ltr'>qui</span> <span class='ocrx_word' id='word_1_480' title='bbox 1886 3326 2044 3366; x_wconf 90' lang='lat' dir='ltr'>scru-</span> 
     </span>
    </p>
   </div>
   <div class='ocr_carea' id='block_1_68' title="bbox 384 3396 1257 3466">
    <p class='ocr_par' dir='ltr' id='par_1_68' title="bbox 384 3396 1257 3466">
     <span class='ocr_line' id='line_1_68' title="bbox 384 3396 1257 3466; baseline 0.006 -20"><span class='ocrx_word' id='word_1_481' title='bbox 384 3396 541 3448; x_wconf 89' lang='lat' dir='ltr'>tatur</span> <span class='ocrx_word' id='word_1_482' title='bbox 580 3398 922 3466; x_wconf 88' lang='lat' dir='ltr'>essentiam,</span> <span class='ocrx_word' id='word_1_483' title='bbox 956 3400 1257 3454; x_wconf 89' lang='lat' dir='ltr'>mentitur.</span> 
     </span>
    </p>
   </div>
   <div class='ocr_carea' id='block_1_69' title="bbox 453 3482 2041 3560">
    <p class='ocr_par' dir='ltr' id='par_1_69' title="bbox 453 3482 2041 3560">
     <span class='ocr_line' id='line_1_69' title="bbox 453 3482 2041 3560; baseline 0.006 -25"><span class='ocrx_word' id='word_1_484' title='bbox 453 3482 632 3553; x_wconf 86' lang='lat' dir='ltr'>Igitur</span> <span class='ocrx_word' id='word_1_485' title='bbox 669 3484 864 3541; x_wconf 89' lang='lat' dir='ltr'>dicere</span> <span class='ocrx_word' id='word_1_486' title='bbox 896 3491 1149 3557; x_wconf 89' lang='lat' dir='ltr'>oportet,</span> <span class='ocrx_word' id='word_1_487' title='bbox 1176 3503 1361 3560; x_wconf 89' lang='lat' dir='ltr'>quare</span> <span class='ocrx_word' id='word_1_488' title='bbox 1388 3488 1616 3560; x_wconf 90' lang='lat' dir='ltr'>aliquid</span> <span class='ocrx_word' id='word_1_489' title='bbox 1656 3493 1761 3555; x_wconf 90' lang='lat' dir='ltr'>est,</span> <span class='ocrx_word' id='word_1_490' title='bbox 1804 3493 1859 3544; x_wconf 91' lang='lat' dir='ltr'>et</span> <span class='ocrx_word' id='word_1_491' title='bbox 1892 3505 2041 3545; x_wconf 91' lang='lat' dir='ltr'>num</span> 
     </span>
    </p>
   </div>
   <div class='ocr_carea' id='block_1_70' title="bbox 384 3570 2039 3649">
    <p class='ocr_par' dir='ltr' id='par_1_70' title="bbox 384 3570 2039 3649">
     <span class='ocr_line' id='line_1_70' title="bbox 384 3570 2039 3649; baseline 0.005 -24"><span class='ocrx_word' id='word_1_492' title='bbox 384 3584 491 3626; x_wconf 88' lang='lat' dir='ltr'>cur</span> <span class='ocrx_word' id='word_1_493' title='bbox 529 3570 751 3643; x_wconf 89' lang='lat' dir='ltr'>aliquid</span> <span class='ocrx_word' id='word_1_494' title='bbox 784 3590 819 3629; x_wconf 91' lang='lat' dir='ltr'>a</span> <span class='ocrx_word' id='word_1_495' title='bbox 874 3574 1071 3630; x_wconf 90' lang='lat' dir='ltr'>multis</span> <span class='ocrx_word' id='word_1_496' title='bbox 1129 3580 1372 3646; x_wconf 86' lang='lat' dir='ltr'>tacetur,</span> <span class='ocrx_word' id='word_1_497' title='bbox 1437 3583 1492 3631; x_wconf 93' lang='lat' dir='ltr'>et</span> <span class='ocrx_word' id='word_1_498' title='bbox 1544 3576 1850 3633; x_wconf 79' lang='lat' dir='ltr'>fraudetur</span> <span class='ocrx_word' id='word_1_499' title='bbox 1910 3579 2039 3649; x_wconf 89' lang='lat' dir='ltr'>ejus</span> 
     </span>
    </p>
   </div>
   <div class='ocr_carea' id='block_1_71' title="bbox 384 3660 2034 3738">
    <p class='ocr_par' dir='ltr' id='par_1_71' title="bbox 384 3660 2034 3738">
     <span class='ocr_line' id='line_1_71' title="bbox 384 3660 2034 3738; baseline 0.004 -22"><span class='ocrx_word' id='word_1_500' title='bbox 384 3660 639 3716; x_wconf 86' lang='lat' dir='ltr'>essentia</span> <span class='ocrx_word' id='word_1_501' title='bbox 659 3661 768 3733; x_wconf 88' lang='grc'>(99)</span> <span class='ocrx_word' id='word_1_502' title='bbox 782 3662 1010 3720; x_wconf 84' lang='lat' dir='ltr'>?multa</span> <span class='ocrx_word' id='word_1_503' title='bbox 1028 3664 1186 3719; x_wconf 92' lang='lat' dir='ltr'>enim</span> <span class='ocrx_word' id='word_1_504' title='bbox 1204 3666 1547 3737; x_wconf 88' lang='lat' dir='ltr'>priusquam</span> <span class='ocrx_word' id='word_1_505' title='bbox 1560 3666 1891 3738; x_wconf 86' lang='lat' dir='ltr'>perfectiori</span> <span class='ocrx_word' id='word_1_506' title='bbox 1922 3667 2034 3722; x_wconf 88' lang='lat' dir='ltr'>dis-</span> 
     </span>
    </p>
   </div>
   <div class='ocr_carea' id='block_1_72' title="bbox 2152 3218 3717 3293">
    <p class='ocr_par' dir='ltr' id='par_1_72' title="bbox 2152 3218 3717 3293">
     <span class='ocr_line' id='line_1_72' title="bbox 2152 3218 3717 3293; baseline -0.003 -17"><span class='ocrx_word' id='word_1_507' title='bbox 2152 3222 2339 3283; x_wconf 78' lang='grc' dir='ltr'>κλῆσιν</span> <span class='ocrx_word' id='word_1_508' title='bbox 2387 3218 2774 3293; x_wconf 74' lang='grc' dir='ltr'>διαμάχεσθαι,</span> <span class='ocrx_word' id='word_1_509' title='bbox 2820 3219 2913 3271; x_wconf 72' lang='grc' dir='ltr'>οὐκ</span> <span class='ocrx_word' id='word_1_510' title='bbox 2962 3222 3185 3293; x_wconf 81' lang='grc' dir='ltr'>εἴρηται,</span> <span class='ocrx_word' id='word_1_511' title='bbox 3229 3218 3341 3271; x_wconf 80' lang='grc' dir='ltr'>ἀλλ’</span> <span class='ocrx_word' id='word_1_512' title='bbox 3371 3218 3495 3291; x_wconf 68' lang='grc' dir='ltr'>οὐχὶ</span> <span class='ocrx_word' id='word_1_513' title='bbox 3534 3220 3613 3269; x_wconf 80' lang='grc' dir='ltr'>καὶ</span> <span class='ocrx_word' id='word_1_514' title='bbox 3644 3218 3717 3271; x_wconf 74' lang='grc' dir='ltr'>τὴν</span> 
     </span>
    </p>
   </div>
   <div class='ocr_carea' id='block_1_73' title="bbox 2153 3306 3033 3388">
    <p class='ocr_par' dir='ltr' id='par_1_73' title="bbox 2153 3306 3033 3388">
     <span class='ocr_line' id='line_1_73' title="bbox 2153 3306 3033 3388; baseline -0.005 -21"><span class='ocrx_word' id='word_1_515' title='bbox 2153 3312 2367 3388; x_wconf 81' lang='grc' dir='ltr'>ὒραρξιν</span> <span class='ocrx_word' id='word_1_516' title='bbox 2399 3310 2733 3386; x_wconf 76' lang='grc' dir='ltr'>ἐρευνώμενον</span> <span class='ocrx_word' id='word_1_517' title='bbox 2762 3306 3033 3380; x_wconf 77' lang='grc' dir='ltr'>ψεύδεται.</span> 
     </span>
    </p>
   </div>
   <div class='ocr_carea' id='block_1_74' title="bbox 2223 3480 3718 3562">
    <p class='ocr_par' dir='ltr' id='par_1_74' title="bbox 2223 3480 3718 3562">
     <span class='ocr_line' id='line_1_74' title="bbox 2223 3480 3718 3562; baseline -0.006 -22"><span class='ocrx_word' id='word_1_518' title='bbox 2223 3486 2334 3540; x_wconf 68' lang='grc' dir='ltr'>Οὐκ</span> <span class='ocrx_word' id='word_1_519' title='bbox 2392 3485 2478 3540; x_wconf 77' lang='grc' dir='ltr'>οὖν</span> <span class='ocrx_word' id='word_1_520' title='bbox 2521 3487 2782 3562; x_wconf 82' lang='grc' dir='ltr'>εἰρῆσθαι,</span> <span class='ocrx_word' id='word_1_521' title='bbox 2845 3483 2987 3538; x_wconf 83' lang='grc' dir='ltr'>διότι</span> <span class='ocrx_word' id='word_1_522' title='bbox 3038 3492 3136 3538; x_wconf 85' lang='grc' dir='ltr'>τῶν</span> <span class='ocrx_word' id='word_1_523' title='bbox 3198 3486 3358 3539; x_wconf 73' lang='grc' dir='ltr'>ὄντων</span> <span class='ocrx_word' id='word_1_524' title='bbox 3422 3486 3573 3552; x_wconf 80' lang='grc' dir='ltr'>ἐστὶν,</span> <span class='ocrx_word' id='word_1_525' title='bbox 3616 3480 3718 3534; x_wconf 76' lang='grc' dir='ltr'>ἀλλὰ</span> 
     </span>
    </p>
   </div>
   <div class='ocr_carea' id='block_1_75' title="bbox 2148 3569 3716 3647">
    <p class='ocr_par' dir='ltr' id='par_1_75' title="bbox 2148 3569 3716 3647">
     <span class='ocr_line' id='line_1_75' title="bbox 2148 3569 3716 3647; baseline -0.005 -18"><span class='ocrx_word' id='word_1_526' title='bbox 2148 3580 2219 3647; x_wconf 76' lang='grc' dir='ltr'>μὴ</span> <span class='ocrx_word' id='word_1_527' title='bbox 2276 3573 2416 3629; x_wconf 69' lang='grc' dir='ltr'>διότι</span> <span class='ocrx_word' id='word_1_528' title='bbox 2472 3584 2583 3637; x_wconf 84' lang='grc' dir='ltr'>τοῖς</span> <span class='ocrx_word' id='word_1_529' title='bbox 2658 3574 2863 3637; x_wconf 84' lang='grc' dir='ltr'>πολλοῖς</span> <span class='ocrx_word' id='word_1_530' title='bbox 2931 3580 3169 3647; x_wconf 78' lang='grc' dir='ltr'>σιγᾶται,</span> <span class='ocrx_word' id='word_1_531' title='bbox 3229 3580 3321 3627; x_wconf 88' lang='grc' dir='ltr'>καὶ</span> <span class='ocrx_word' id='word_1_532' title='bbox 3388 3580 3479 3633; x_wconf 78' lang='grc' dir='ltr'>τὴν</span> <span class='ocrx_word' id='word_1_533' title='bbox 3532 3569 3716 3645; x_wconf 76' lang='grc' dir='ltr'>ὓπαρξιν</span> 
     </span>
    </p>
   </div>
   <div class='ocr_carea' id='block_1_76' title="bbox 2149 3663 3717 3742">
    <p class='ocr_par' dir='ltr' id='par_1_76' title="bbox 2149 3663 3717 3742">
     <span class='ocr_line' id='line_1_76' title="bbox 2149 3663 3717 3742; baseline -0.005 -23"><span class='ocrx_word' id='word_1_534' title='bbox 2149 3669 2569 3742; x_wconf 64' lang='grc' dir='ltr'>παραγράφεται.</span> <span class='ocrx_word' id='word_1_535' title='bbox 2642 3665 2812 3719; x_wconf 86' lang='grc' dir='ltr'>Πολλὰ</span> <span class='ocrx_word' id='word_1_536' title='bbox 2867 3669 2965 3738; x_wconf 74' lang='grc' dir='ltr'>γὰρ</span> <span class='ocrx_word' id='word_1_537' title='bbox 3032 3670 3186 3739; x_wconf 87' lang='grc' dir='ltr'>πρινὴ</span> <span class='ocrx_word' id='word_1_538' title='bbox 3250 3669 3342 3737; x_wconf 68' lang='grc' dir='ltr'>μὲν</span> <span class='ocrx_word' id='word_1_539' title='bbox 3416 3663 3717 3740; x_wconf 76' lang='grc' dir='ltr'>ἀκριϐεστέρα</span> 
     </span>
    </p>
   </div>
   <div class='ocr_carea' id='block_1_77' title="bbox 1730 3774 2401 3831">
    <p class='ocr_par' dir='ltr' id='par_1_77' title="bbox 1730 3774 2401 3831">
     <span class='ocr_line' id='line_1_77' title="bbox 1730 3774 2401 3831; baseline 0 -3"><span class='ocrx_word' id='word_1_540' title='bbox 1730 3775 1962 3829; x_wconf 65' lang='lat' dir='ltr'>VARI/l1]</span> <span class='ocrx_word' id='word_1_541' title='bbox 1997 3774 2401 3831; x_wconf 80' lang='lat' dir='ltr'>LECTIONES.</span> 
     </span>
    </p>
   </div>
   <div class='ocr_carea' id='block_1_78' title="bbox 456 3867 1479 3942">
    <p class='ocr_par' dir='ltr' id='par_1_78' title="bbox 456 3867 1479 3942">
     <span class='ocr_line' id='line_1_78' title="bbox 456 3867 1479 3942; baseline 0.004 -21"><span class='ocrx_word' id='word_1_542' title='bbox 456 3874 534 3942; x_wconf 59' lang='lat' dir='ltr'>ft&#39;f</span> <span class='ocrx_word' id='word_1_543' title='bbox 576 3867 780 3924; x_wconf 88' lang='lat' dir='ltr'>deesse</span> <span class='ocrx_word' id='word_1_544' title='bbox 823 3868 925 3942; x_wconf 78' lang='lat' dir='ltr'>hic</span> <span class='ocrx_word' id='word_1_545' title='bbox 965 3868 1186 3942; x_wconf 90' lang='lat' dir='ltr'>aliquid</span> <span class='ocrx_word' id='word_1_546' title='bbox 1230 3869 1479 3925; x_wconf 89' lang='lat' dir='ltr'>videtur.</span> 
     </span>
    </p>
   </div>
   <div class='ocr_carea' id='block_1_79' title="bbox 390 3937 1402 4015">
    <p class='ocr_par' dir='ltr' id='par_1_79' title="bbox 390 3937 1402 4015">
     <span class='ocr_line' id='line_1_79' title="bbox 390 3937 1402 4015; baseline 0 -22"><span class='ocrx_word' id='word_1_547' title='bbox 390 3948 419 3978; x_wconf 75' lang='grc' dir='ltr'>ιι</span> <span class='ocrx_word' id='word_1_548' title='bbox 453 3937 613 3996; x_wconf 91' lang='lat' dir='ltr'>idem</span> <span class='ocrx_word' id='word_1_549' title='bbox 653 3942 787 3993; x_wconf 76' lang='grc' dir='ltr'>κατά</span> <span class='ocrx_word' id='word_1_550' title='bbox 819 3960 867 3993; x_wconf 90' lang='grc' dir='ltr'>τι</span> <span class='ocrx_word' id='word_1_551' title='bbox 895 3937 1077 4014; x_wconf 61' lang='grc' dir='ltr'>βαιόνξ</span> <span class='ocrx_word' id='word_1_552' title='bbox 1102 3953 1132 3983; x_wconf 75' lang='grc' dir='ltr'><strong>ν</strong></span> <span class='ocrx_word' id='word_1_553' title='bbox 1160 3942 1198 3995; x_wconf 90' lang='grc' dir='ltr'>Ι.</span> <span class='ocrx_word' id='word_1_554' title='bbox 1235 3942 1277 3994; x_wconf 84' lang='grc' dir='ltr'>εὶ</span> <span class='ocrx_word' id='word_1_555' title='bbox 1306 3946 1402 4015; x_wconf 81' lang='grc' dir='ltr'>μή.</span> 
     </span>
    </p>
   </div>
   <div class='ocr_carea' id='block_1_80' title="bbox 1579 3868 2949 3944">
    <p class='ocr_par' dir='ltr' id='par_1_80' title="bbox 1579 3868 2949 3944">
     <span class='ocr_line' id='line_1_80' title="bbox 1579 3868 2949 3944; baseline -0.001 -18"><span class='ocrx_word' id='word_1_556' title='bbox 1579 3884 1603 3915; x_wconf 72' lang='grc' dir='ltr'>ε</span> <span class='ocrx_word' id='word_1_557' title='bbox 1668 3872 1885 3928; x_wconf 86' lang='lat' dir='ltr'>rectius</span> <span class='ocrx_word' id='word_1_558' title='bbox 1947 3873 2007 3928; x_wconf 92' lang='lat' dir='ltr'>in</span> <span class='ocrx_word' id='word_1_559' title='bbox 2056 3873 2191 3928; x_wconf 92' lang='lat' dir='ltr'>cod.</span> <span class='ocrx_word' id='word_1_560' title='bbox 2249 3872 2503 3929; x_wconf 89' lang='lat' dir='ltr'>Colbert.</span> <span class='ocrx_word' id='word_1_561' title='bbox 2557 3868 2949 3944; x_wconf 74' lang='grc' dir='ltr'>συναιδόμενος.</span> 
     </span>
    </p>
   </div>
   <div class='ocr_carea' id='block_1_81' title="bbox 3026 3868 3717 3927">
    <p class='ocr_par' dir='ltr' id='par_1_81' title="bbox 3026 3868 3717 3927">
     <span class='ocr_line' id='line_1_81' title="bbox 3026 3868 3717 3927; baseline -0.007 1"><span class='ocrx_word' id='word_1_562' title='bbox 3026 3874 3044 3913; x_wconf 74' lang='grc' dir='ltr'>ι</span> <span class='ocrx_word' id='word_1_563' title='bbox 3086 3869 3219 3927; x_wconf 91' lang='lat' dir='ltr'>cod.</span> <span class='ocrx_word' id='word_1_564' title='bbox 3255 3870 3422 3927; x_wconf 90' lang='lat' dir='ltr'>Colb.</span> <span class='ocrx_word' id='word_1_565' title='bbox 3464 3872 3518 3923; x_wconf 83' lang='grc' dir='ltr'>τό</span> <span class='ocrx_word' id='word_1_566' title='bbox 3558 3868 3717 3923; x_wconf 71' lang='grc' dir='ltr'>ταύτης</span> 
     </span>
    </p>
   </div>
   <div class='ocr_carea' id='block_1_82' title="bbox 1947 4016 2177 4072">
    <p class='ocr_par' dir='ltr' id='par_1_82' title="bbox 1947 4016 2177 4072">
     <span class='ocr_line' id='line_1_82' title="bbox 1947 4016 2177 4072; baseline 0.004 -1"><span class='ocrx_word' id='word_1_567' title='bbox 1947 4016 2149 4072; x_wconf 71' lang='lat' dir='ltr'>NOTAE</span> <span class='ocrx_word' id='word_1_568' title='bbox 2166 4060 2177 4072; x_wconf 92' lang='lat'>.</span> 
     </span>
    </p>
   </div>
   <div class='ocr_carea' id='block_1_83' title="bbox 385 4110 2040 4183">
    <p class='ocr_par' dir='ltr' id='par_1_83' title="bbox 385 4110 2040 4183">
     <span class='ocr_line' id='line_1_83' title="bbox 385 4110 2040 4183; baseline 0.004 -22"><span class='ocrx_word' id='word_1_569' title='bbox 385 4113 535 4183; x_wconf 59' lang='grc' dir='ltr'>μικόν</span> <span class='ocrx_word' id='word_1_570' title='bbox 575 4110 790 4183; x_wconf 83' lang='grc' dir='ltr'>θέλημα.</span> <span class='ocrx_word' id='word_1_571' title='bbox 848 4110 908 4165; x_wconf 87' lang='lat' dir='ltr'>Id</span> <span class='ocrx_word' id='word_1_572' title='bbox 970 4116 1057 4166; x_wconf 90' lang='lat' dir='ltr'>est</span> <span class='ocrx_word' id='word_1_573' title='bbox 1090 4128 1103 4166; x_wconf 89' lang='lat'><strong>:</strong></span> <span class='ocrx_word' id='word_1_574' title='bbox 1136 4112 1320 4168; x_wconf 90' lang='lat' dir='ltr'>Multo</span> <span class='ocrx_word' id='word_1_575' title='bbox 1380 4112 1581 4168; x_wconf 89' lang='lat' dir='ltr'>minus</span> <span class='ocrx_word' id='word_1_576' title='bbox 1633 4113 1745 4168; x_wconf 88' lang='lat' dir='ltr'>hoc</span> <span class='ocrx_word' id='word_1_577' title='bbox 1802 4112 1935 4169; x_wconf 89' lang='lat' dir='ltr'>licet</span> <span class='ocrx_word' id='word_1_578' title='bbox 1980 4114 2040 4168; x_wconf 92' lang='lat' dir='ltr'>in</span> 
     </span>
    </p>
   </div>
   <div class='ocr_carea' id='block_1_84' title="bbox 384 4178 2043 4256">
    <p class='ocr_par' dir='ltr' id='par_1_84' title="bbox 384 4178 2043 4256">
     <span class='ocr_line' id='line_1_84' title="bbox 384 4178 2043 4256; baseline 0.004 -23"><span class='ocrx_word' id='word_1_579' title='bbox 384 4178 591 4256; x_wconf 67' lang='lat' dir='ltr'>divina</span> <span class='ocrx_word' id='word_1_580' title='bbox 635 4178 803 4238; x_wconf 86' lang='lat' dir='ltr'>Verbi</span> <span class='ocrx_word' id='word_1_581' title='bbox 833 4188 1044 4238; x_wconf 88' lang='lat' dir='ltr'>natura</span> <span class='ocrx_word' id='word_1_582' title='bbox 1069 4185 1347 4253; x_wconf 85' lang='lat' dir='ltr'>cogitare.</span> <span class='ocrx_word' id='word_1_583' title='bbox 1388 4185 1636 4240; x_wconf 85' lang='lat' dir='ltr'>Maxime</span> <span class='ocrx_word' id='word_1_584' title='bbox 1665 4185 1809 4256; x_wconf 91' lang='lat' dir='ltr'>quia</span> <span class='ocrx_word' id='word_1_585' title='bbox 1848 4200 2043 4256; x_wconf 90' lang='lat' dir='ltr'>neque</span> 
     </span>
    </p>
   </div>
   <div class='ocr_carea' id='block_1_85' title="bbox 384 4253 2047 4381">
    <p class='ocr_par' dir='ltr' id='par_1_85' title="bbox 384 4253 2047 4381">
     <span class='ocr_line' id='line_1_85' title="bbox 384 4253 2047 4381; baseline -0.001 -68"><span class='ocrx_word' id='word_1_586' title='bbox 384 4253 545 4313; x_wconf 88' lang='lat' dir='ltr'>Patri</span> <span class='ocrx_word' id='word_1_587' title='bbox 585 4271 778 4327; x_wconf 90' lang='lat' dir='ltr'>neque</span> <span class='ocrx_word' id='word_1_588' title='bbox 809 4261 1014 4336; x_wconf 75' lang='lat' dir='ltr'>sancto</span> <span class='ocrx_word' id='word_1_589' title='bbox 1056 4256 1291 4381; x_wconf 76' lang='lat' dir='ltr'>Spiritui</span> <span class='ocrx_word' id='word_1_590' title='bbox 1325 4256 1598 4337; x_wconf 83' lang='lat' dir='ltr'>(proinde</span> <span class='ocrx_word' id='word_1_591' title='bbox 1630 4253 1738 4311; x_wconf 81' lang='lat' dir='ltr'>nec</span> <span class='ocrx_word' id='word_1_592' title='bbox 1774 4253 1963 4337; x_wconf 34' lang='lat' dir='ltr'>.Filio_</span> <span class='ocrx_word' id='word_1_593' title='bbox 1990 4260 2047 4312; x_wconf 85' lang='lat' dir='ltr'>et</span> 
     </span>
     <span class='ocr_line' id='line_1_86' title="bbox 387 4327 2045 4381; baseline 0 0"><span class='ocrx_word' id='word_1_594' title='bbox 387 4328 599 4381; x_wconf 79' lang='lat' dir='ltr'>Verbo)</span> <span class='ocrx_word' id='word_1_595' title='bbox 630 4342 970 4381; x_wconf 73' lang='lat' dir='ltr'>anomicam</span> <span class='ocrx_word' id='word_1_596' title='bbox 1020 4342 1095 4380; x_wconf 92' lang='lat' dir='ltr'>vo</span> <span class='ocrx_word' id='word_1_597' title='bbox 1125 4332 1384 4381; x_wconf 85' lang='lat' dir='ltr'>untatem</span> <span class='ocrx_word' id='word_1_598' title='bbox 1412 4327 1696 4381; x_wconf 78' lang='lat' dir='ltr'>qualitate</span> <span class='ocrx_word' id='word_1_599' title='bbox 1727 4327 2045 4381; x_wconf 77' lang='lat' dir='ltr'>discretam</span> 
     </span>
    </p>
   </div>
   <div class='ocr_carea' id='block_1_86' title="bbox 387 4326 2045 4399">
    <p class='ocr_par' dir='ltr' id='par_1_86' title="bbox 387 4326 2045 4399">
     <span class='ocr_line' id='line_1_87' title="bbox 387 4326 2045 4399; baseline -0.002 -14"><span class='ocrx_word' id='word_1_600' title='bbox 387 4328 599 4397; x_wconf 87' lang='lat' dir='ltr'>Verbo)</span> <span class='ocrx_word' id='word_1_601' title='bbox 630 4326 970 4399; x_wconf 83' lang='lat' dir='ltr'>gnomicam</span> <span class='ocrx_word' id='word_1_602' title='bbox 1020 4326 1384 4399; x_wconf 85' lang='lat' dir='ltr'>voluntatem</span> <span class='ocrx_word' id='word_1_603' title='bbox 1412 4327 1696 4399; x_wconf 86' lang='lat' dir='ltr'>qualitate</span> <span class='ocrx_word' id='word_1_604' title='bbox 1727 4327 2045 4399; x_wconf 79' lang='lat' dir='ltr'>discretam</span> 
     </span>
    </p>
   </div>
   <div class='ocr_carea' id='block_1_87' title="bbox 383 4398 2048 4480">
    <p class='ocr_par' dir='ltr' id='par_1_87' title="bbox 383 4398 2048 4480">
     <span class='ocr_line' id='line_1_88' title="bbox 383 4398 2048 4480; baseline -0.002 -23"><span class='ocrx_word' id='word_1_605' title='bbox 383 4407 438 4457; x_wconf 91' lang='lat' dir='ltr'>et</span> <span class='ocrx_word' id='word_1_606' title='bbox 460 4401 818 4480; x_wconf 78' lang='lat' dir='ltr'>proprietate</span> <span class='ocrx_word' id='word_1_607' title='bbox 840 4398 1182 4453; x_wconf 88' lang='lat' dir='ltr'>distinctam</span> <span class='ocrx_word' id='word_1_608' title='bbox 1209 4398 1523 4455; x_wconf 88' lang='lat' dir='ltr'>attribuere</span> <span class='ocrx_word' id='word_1_609' title='bbox 1556 4399 1763 4471; x_wconf 91' lang='lat' dir='ltr'>poterit</span> <span class='ocrx_word' id='word_1_610' title='bbox 1801 4398 1920 4454; x_wconf 89' lang='lat' dir='ltr'>ulla</span> <span class='ocrx_word' id='word_1_611' title='bbox 1946 4399 2048 4471; x_wconf 89' lang='lat' dir='ltr'>pia</span> 
     </span>
    </p>
   </div>
   <div class='ocr_carea' id='block_1_88' title="bbox 381 4470 778 4528">
    <p class='ocr_par' dir='ltr' id='par_1_88' title="bbox 381 4470 778 4528">
     <span class='ocr_line' id='line_1_89' title="bbox 381 4470 778 4528; baseline -0.01 0"><span class='ocrx_word' id='word_1_612' title='bbox 381 4470 778 4528; x_wconf 90' lang='lat' dir='ltr'>ratiocinatio.</span> 
     </span>
    </p>
   </div>
   <div class='ocr_carea' id='block_1_89' title="bbox 455 4540 2046 4611">
    <p class='ocr_par' dir='ltr' id='par_1_89' title="bbox 455 4540 2046 4611">
     <span class='ocr_line' id='line_1_90' title="bbox 455 4540 2046 4611; baseline 0 -16"><span class='ocrx_word' id='word_1_613' title='bbox 455 4542 569 4611; x_wconf 87' lang='lat'>(96)</span> <span class='ocrx_word' id='word_1_614' title='bbox 622 4542 765 4596; x_wconf 66' lang='lat' dir='ltr'>Haec</span> <span class='ocrx_word' id='word_1_615' title='bbox 818 4545 903 4597; x_wconf 82' lang='lat' dir='ltr'>est</span> <span class='ocrx_word' id='word_1_616' title='bbox 942 4540 1335 4610; x_wconf 73' lang='lat' dir='ltr'>explicatio...</span> <span class='ocrx_word' id='word_1_617' title='bbox 1370 4555 1503 4611; x_wconf 69' lang='lat' dir='ltr'>quae</span> <span class='ocrx_word' id='word_1_618' title='bbox 1534 4542 1891 4596; x_wconf 82' lang='lat' dir='ltr'>rationem...</span> <span class='ocrx_word' id='word_1_619' title='bbox 1925 4557 2046 4595; x_wconf 84' lang='lat' dir='ltr'>non</span> 
     </span>
    </p>
   </div>
   <div class='ocr_carea' id='block_1_90' title="bbox 384 4612 2043 4682">
    <p class='ocr_par' dir='ltr' id='par_1_90' title="bbox 384 4612 2043 4682">
     <span class='ocr_line' id='line_1_91' title="bbox 384 4612 2043 4682; baseline 0 -14"><span class='ocrx_word' id='word_1_620' title='bbox 384 4628 499 4669; x_wconf 81' lang='lat' dir='ltr'>esse</span> <span class='ocrx_word' id='word_1_621' title='bbox 532 4613 593 4667; x_wconf 79' lang='lat' dir='ltr'>in</span> <span class='ocrx_word' id='word_1_622' title='bbox 638 4612 871 4668; x_wconf 79' lang='lat' dir='ltr'>Christo</span> <span class='ocrx_word' id='word_1_623' title='bbox 914 4614 1279 4667; x_wconf 82' lang='lat' dir='ltr'>voluntatem</span> <span class='ocrx_word' id='word_1_624' title='bbox 1312 4613 1663 4682; x_wconf 84' lang='lat' dir='ltr'>gnomicam,</span> <span class='ocrx_word' id='word_1_625' title='bbox 1714 4628 1829 4667; x_wconf 85' lang='lat' dir='ltr'>non</span> <span class='ocrx_word' id='word_1_626' title='bbox 1859 4618 2043 4678; x_wconf 77' lang='lat' dir='ltr'>potest</span> 
     </span>
    </p>
   </div>
   <div class='ocr_carea' id='block_1_91' title="bbox 384 4683 2044 4755">
    <p class='ocr_par' dir='ltr' id='par_1_91' title="bbox 384 4683 2044 4755">
     <span class='ocr_line' id='line_1_92' title="bbox 384 4683 2044 4755; baseline -0.001 -16"><span class='ocrx_word' id='word_1_627' title='bbox 384 4684 883 4755; x_wconf 68' lang='lat' dir='ltr'>commovere,imo</span> <span class='ocrx_word' id='word_1_628' title='bbox 904 4685 1086 4755; x_wconf 76' lang='lat' dir='ltr'>potius</span> <span class='ocrx_word' id='word_1_629' title='bbox 1099 4684 1469 4755; x_wconf 72' lang='lat' dir='ltr'>contrarium</span> <span class='ocrx_word' id='word_1_630' title='bbox 1486 4683 1881 4755; x_wconf 70' lang='lat' dir='ltr'>concludit.‘ll</span> <span class='ocrx_word' id='word_1_631' title='bbox 1899 4684 2044 4755; x_wconf 90' lang='lat' dir='ltr'>[ma-</span> 
     </span>
    </p>
   </div>
   <div class='ocr_carea' id='block_1_92' title="bbox 385 4752 2041 4827">
    <p class='ocr_par' dir='ltr' id='par_1_92' title="bbox 385 4752 2041 4827">
     <span class='ocr_line' id='line_1_93' title="bbox 385 4752 2041 4827; baseline -0.002 -20"><span class='ocrx_word' id='word_1_632' title='bbox 385 4754 489 4809; x_wconf 86' lang='lat' dir='ltr'>lim</span> <span class='ocrx_word' id='word_1_633' title='bbox 540 4752 793 4827; x_wconf 60' lang='lat' dir='ltr'>leg&#39;JrO;</span> <span class='ocrx_word' id='word_1_634' title='bbox 840 4757 865 4806; x_wconf 88' lang='lat'>6</span> <span class='ocrx_word' id='word_1_635' title='bbox 906 4752 1059 4827; x_wconf 74' lang='grc' dir='ltr'>λόγος</span> <span class='ocrx_word' id='word_1_636' title='bbox 1106 4753 1381 4827; x_wconf 78' lang='grc' dir='ltr'>ἀνάπτυξις</span> <span class='ocrx_word' id='word_1_637' title='bbox 1424 4759 1512 4826; x_wconf 82' lang='grc' dir='ltr'>μέν</span> <span class='ocrx_word' id='word_1_638' title='bbox 1562 4754 1767 4809; x_wconf 81' lang='grc' dir='ltr'>ἐστιν...</span> <span class='ocrx_word' id='word_1_639' title='bbox 1832 4752 2041 4826; x_wconf 47' lang='grc' dir='ltr'>οἶμὴν</span> 
     </span>
    </p>
   </div>
   <div class='ocr_carea' id='block_1_93' title="bbox 384 4814 2041 4899">
    <p class='ocr_par' dir='ltr' id='par_1_93' title="bbox 384 4814 2041 4899">
     <span class='ocr_line' id='line_1_94' title="bbox 384 4814 2041 4899; baseline 0 -22"><span class='ocrx_word' id='word_1_640' title='bbox 384 4830 478 4883; x_wconf 77' lang='grc' dir='ltr'>τὴν</span> <span class='ocrx_word' id='word_1_641' title='bbox 530 4814 816 4890; x_wconf 63' lang='grc' dir='ltr'>ἀπόδειξιν,</span> <span class='ocrx_word' id='word_1_642' title='bbox 872 4828 940 4887; x_wconf 84' lang='grc' dir='ltr'>ὡς</span> <span class='ocrx_word' id='word_1_643' title='bbox 974 4814 1087 4878; x_wconf 61' lang='grc' dir='ltr'>ὀὐκ</span> <span class='ocrx_word' id='word_1_644' title='bbox 1146 4828 1282 4878; x_wconf 82' lang='grc' dir='ltr'>ἔστιν</span> <span class='ocrx_word' id='word_1_645' title='bbox 1342 4814 1433 4878; x_wconf 74' lang='grc' dir='ltr'>ἐπὶ¹</span> <span class='ocrx_word' id='word_1_646' title='bbox 1490 4834 1720 4899; x_wconf 72' lang='grc' dir='ltr'>Χριστοῦ</span> <span class='ocrx_word' id='word_1_647' title='bbox 1783 4814 2041 4899; x_wconf 67' lang='grc' dir='ltr'>γνωμικὸν</span> 
     </span>
    </p>
   </div>
   <div class='ocr_carea' id='block_1_94' title="bbox 387 4896 2043 4971">
    <p class='ocr_par' dir='ltr' id='par_1_94' title="bbox 387 4896 2043 4971">
     <span class='ocr_line' id='line_1_95' title="bbox 387 4896 2043 4971; baseline 0.001 -23"><span class='ocrx_word' id='word_1_648' title='bbox 387 4898 701 4971; x_wconf 81' lang='grc' dir='ltr'>ἀνθρώπινον</span> <span class='ocrx_word' id='word_1_649' title='bbox 778 4896 974 4967; x_wconf 76' lang='grc' dir='ltr'>θέλημα</span> <span class='ocrx_word' id='word_1_650' title='bbox 1057 4898 1432 4971; x_wconf 79' lang='grc' dir='ltr'>παρασαλεύειν</span> <span class='ocrx_word' id='word_1_651' title='bbox 1502 4896 1798 4971; x_wconf 52' lang='grc' dir='ltr'>ἰσχύεηῆ</span> <span class='ocrx_word' id='word_1_652' title='bbox 1853 4896 2043 4949; x_wconf 80' lang='grc' dir='ltr'>τοσαύ-</span> 
     </span>
    </p>
   </div>
   <div class='ocr_carea' id='block_1_95' title="bbox 385 4967 2041 5043">
    <p class='ocr_par' dir='ltr' id='par_1_95' title="bbox 385 4967 2041 5043">
     <span class='ocr_line' id='line_1_96' title="bbox 385 4967 2041 5043; baseline 0.003 -24"><span class='ocrx_word' id='word_1_653' title='bbox 385 4967 490 5043; x_wconf 70' lang='grc' dir='ltr'>της</span> <span class='ocrx_word' id='word_1_654' title='bbox 536 4967 682 5037; x_wconf 82' lang='lat' dir='ltr'>[lege</span> <span class='ocrx_word' id='word_1_655' title='bbox 732 4971 789 5043; x_wconf 69' lang='grc' dir='ltr'>τό</span> <span class='ocrx_word' id='word_1_656' title='bbox 820 4967 1286 5043; x_wconf 41' lang='grc' dir='ltr'>ταότηςλέναντίον</span> <span class='ocrx_word' id='word_1_657' title='bbox 1342 4967 1595 5043; x_wconf 62' lang='grc' dir='ltr'>περαίνειξ</span> <span class='ocrx_word' id='word_1_658' title='bbox 1638 4969 1698 5024; x_wconf 85' lang='lat' dir='ltr'>Id</span> <span class='ocrx_word' id='word_1_659' title='bbox 1730 4974 1859 5043; x_wconf 85' lang='lat' dir='ltr'>est:</span> <span class='ocrx_word' id='word_1_660' title='bbox 1892 4972 2041 5024; x_wconf 89' lang='lat' dir='ltr'>Num</span> 
     </span>
    </p>
   </div>
   <div class='ocr_carea' id='block_1_96' title="bbox 384 5038 2039 5113">
    <p class='ocr_par' dir='ltr' id='par_1_96' title="bbox 384 5038 2039 5113">
     <span class='ocr_line' id='line_1_97' title="bbox 384 5038 2039 5113; baseline -0.002 -18"><span class='ocrx_word' id='word_1_661' title='bbox 384 5040 513 5095; x_wconf 66' lang='lat' dir='ltr'>hmo</span> <span class='ocrx_word' id='word_1_662' title='bbox 533 5038 2039 5113; x_wconf 61' lang='lat' dir='ltr'>estexplicatioquidem..qute&#39;demonstrationem...</span> 
     </span>
    </p>
   </div>
   <div class='ocr_carea' id='block_1_97' title="bbox 386 5109 2037 5179">
    <p class='ocr_par' dir='ltr' id='par_1_97' title="bbox 386 5109 2037 5179">
     <span class='ocr_line' id='line_1_98' title="bbox 386 5109 2037 5179; baseline 0.001 -14"><span class='ocrx_word' id='word_1_663' title='bbox 386 5125 507 5165; x_wconf 92' lang='lat' dir='ltr'>non</span> <span class='ocrx_word' id='word_1_664' title='bbox 538 5124 663 5163; x_wconf 90' lang='lat' dir='ltr'>esse</span> <span class='ocrx_word' id='word_1_665' title='bbox 696 5110 754 5163; x_wconf 94' lang='lat' dir='ltr'>in</span> <span class='ocrx_word' id='word_1_666' title='bbox 788 5109 1014 5165; x_wconf 85' lang='lat' dir='ltr'>Christo</span> <span class='ocrx_word' id='word_1_667' title='bbox 1046 5109 1387 5179; x_wconf 75' lang='lat' dir='ltr'>gnomicam</span> <span class='ocrx_word' id='word_1_668' title='bbox 1432 5114 1796 5168; x_wconf 86' lang='lat' dir='ltr'>voluntatem</span> <span class='ocrx_word' id='word_1_669' title='bbox 1830 5112 2037 5166; x_wconf 89' lang='lat' dir='ltr'>huma-</span> 
     </span>
    </p>
   </div>
   <div class='ocr_carea' id='block_1_98' title="bbox 385 5182 2039 5255">
    <p class='ocr_par' dir='ltr' id='par_1_98' title="bbox 385 5182 2039 5255">
     <span class='ocr_line' id='line_1_99' title="bbox 385 5182 2039 5255; baseline -0.001 -18"><span class='ocrx_word' id='word_1_670' title='bbox 385 5197 551 5255; x_wconf 78' lang='lat' dir='ltr'>nam,</span> <span class='ocrx_word' id='word_1_671' title='bbox 580 5195 721 5255; x_wconf 88' lang='lat' dir='ltr'>n_o_n_</span> <span class='ocrx_word' id='word_1_672' title='bbox 742 5187 938 5255; x_wconf 76' lang='lat' dir='ltr'>potest</span> <span class='ocrx_word' id='word_1_673' title='bbox 962 5189 1225 5255; x_wconf 86' lang='lat' dir='ltr'>evertere</span> <span class='ocrx_word' id='word_1_674' title='bbox 1252 5184 1278 5237; x_wconf 86' lang='lat'><strong>?</strong></span> <span class='ocrx_word' id='word_1_675' title='bbox 1319 5200 1393 5238; x_wconf 86' lang='lat' dir='ltr'>an</span> <span class='ocrx_word' id='word_1_676' title='bbox 1446 5186 1641 5255; x_wconf 90' lang='lat' dir='ltr'>potius</span> <span class='ocrx_word' id='word_1_677' title='bbox 1676 5182 2039 5255; x_wconf 81' lang='lat' dir='ltr'>contrarium</span> 
     </span>
    </p>
   </div>
   <div class='ocr_carea' id='block_1_99' title="bbox 387 5250 2036 5326">
    <p class='ocr_par' dir='ltr' id='par_1_99' title="bbox 387 5250 2036 5326">
     <span class='ocr_line' id='line_1_100' title="bbox 387 5250 2036 5326; baseline -0.001 -18"><span class='ocrx_word' id='word_1_678' title='bbox 387 5250 727 5326; x_wconf 79' lang='lat' dir='ltr'>concludit?</span> <span class='ocrx_word' id='word_1_679' title='bbox 742 5250 1128 5326; x_wconf 64' lang='lat' dir='ltr'>é—&#39;_I‘_urrian_us</span> <span class='ocrx_word' id='word_1_680' title='bbox 1144 5270 1260 5309; x_wconf 92' lang='lat' dir='ltr'>non</span> <span class='ocrx_word' id='word_1_681' title='bbox 1278 5250 1649 5326; x_wconf 75' lang='lat' dir='ltr'>expresserat</span> <span class='ocrx_word' id='word_1_682' title='bbox 1666 5254 1983 5326; x_wconf 84' lang='lat' dir='ltr'>particulas</span> <span class='ocrx_word' id='word_1_683' title='bbox 2007 5250 2036 5326; x_wconf 74' lang='grc' dir='ltr'><em>ἦ</em></span> 
     </span>
    </p>
   </div>
   <div class='ocr_carea' id='block_1_100' title="bbox 385 5323 2040 5395">
    <p class='ocr_par' dir='ltr' id='par_1_100' title="bbox 385 5323 2040 5395">
     <span class='ocr_line' id='line_1_101' title="bbox 385 5323 2040 5395; baseline 0.001 -16"><span class='ocrx_word' id='word_1_684' title='bbox 385 5324 572 5381; x_wconf 80' lang='lat' dir='ltr'>num?</span> <span class='ocrx_word' id='word_1_685' title='bbox 601 5326 690 5395; x_wconf 77' lang='grc' dir='ltr'>μὲν</span> <span class='ocrx_word' id='word_1_686' title='bbox 717 5323 977 5395; x_wconf 64' lang='lat' dir='ltr'>quidem,</span> <span class='ocrx_word' id='word_1_687' title='bbox 1012 5324 1067 5374; x_wconf 74' lang='grc' dir='ltr'>οὑ</span> <span class='ocrx_word' id='word_1_688' title='bbox 1102 5330 1201 5395; x_wconf 77' lang='grc' dir='ltr'>μὴν</span> <span class='ocrx_word' id='word_1_689' title='bbox 1233 5323 1587 5390; x_wconf 70' lang='lat' dir='ltr'>nontamen,</span> <span class='ocrx_word' id='word_1_690' title='bbox 1622 5323 1759 5384; x_wconf 78' lang='grc' dir='ltr'>ἢάη</span> <span class='ocrx_word' id='word_1_691' title='bbox 1789 5327 1986 5394; x_wconf 81' lang='lat' dir='ltr'>potius</span> <span class='ocrx_word' id='word_1_692' title='bbox 2011 5324 2040 5381; x_wconf 70' lang='lat'><strong>7</strong></span> 
     </span>
    </p>
   </div>
   <div class='ocr_carea' id='block_1_101' title="bbox 386 5394 2042 5467">
    <p class='ocr_par' dir='ltr' id='par_1_101' title="bbox 386 5394 2042 5467">
     <span class='ocr_line' id='line_1_102' title="bbox 386 5394 2042 5467; baseline 0.001 -17"><span class='ocrx_word' id='word_1_693' title='bbox 386 5394 663 5452; x_wconf 84' lang='lat' dir='ltr'>Attamen</span> <span class='ocrx_word' id='word_1_694' title='bbox 684 5394 742 5450; x_wconf 92' lang='lat' dir='ltr'>id</span> <span class='ocrx_word' id='word_1_695' title='bbox 775 5394 899 5467; x_wconf 74' lang='lat' dir='ltr'>fieri</span> <span class='ocrx_word' id='word_1_696' title='bbox 924 5394 1199 5467; x_wconf 86' lang='lat' dir='ltr'>debebat,</span> <span class='ocrx_word' id='word_1_697' title='bbox 1236 5402 1297 5451; x_wconf 88' lang='lat' dir='ltr'>ut</span> <span class='ocrx_word' id='word_1_698' title='bbox 1317 5398 1706 5467; x_wconf 85' lang='lat' dir='ltr'>distingueret</span> <span class='ocrx_word' id='word_1_699' title='bbox 1734 5397 1917 5451; x_wconf 88' lang='lat' dir='ltr'>lector</span> <span class='ocrx_word' id='word_1_700' title='bbox 1938 5396 2042 5452; x_wconf 87' lang='lat' dir='ltr'>ad-</span> 
     </span>
    </p>
   </div>
   <div class='ocr_carea' id='block_1_102' title="bbox 386 5465 2037 5538">
    <p class='ocr_par' dir='ltr' id='par_1_102' title="bbox 386 5465 2037 5538">
     <span class='ocr_line' id='line_1_103' title="bbox 386 5465 2037 5538; baseline 0.001 -16"><span class='ocrx_word' id='word_1_701' title='bbox 386 5467 719 5523; x_wconf 89' lang='lat' dir='ltr'>versarium</span> <span class='ocrx_word' id='word_1_702' title='bbox 765 5465 1101 5538; x_wconf 87' lang='lat' dir='ltr'>Photii,_illa</span> <span class='ocrx_word' id='word_1_703' title='bbox 1155 5466 1265 5521; x_wconf 91' lang='lat' dir='ltr'>ibsi</span> <span class='ocrx_word' id='word_1_704' title='bbox 1303 5465 1705 5538; x_wconf 22' lang='lat' dir='ltr'>objicie’ntem,</span> <span class='ocrx_word' id='word_1_705' title='bbox 1742 5484 1778 5523; x_wconf 91' lang='lat' dir='ltr'>a</span> <span class='ocrx_word' id='word_1_706' title='bbox 1806 5468 2037 5538; x_wconf 88' lang='lat' dir='ltr'>Photio,</span> 
     </span>
    </p>
   </div>
   <div class='ocr_carea' id='block_1_103' title="bbox 387 5536 1526 5609">
    <p class='ocr_par' dir='ltr' id='par_1_103' title="bbox 387 5536 1526 5609">
     <span class='ocr_line' id='line_1_104' title="bbox 387 5536 1526 5609; baseline -0.002 -14"><span class='ocrx_word' id='word_1_707' title='bbox 387 5540 555 5609; x_wconf 89' lang='lat' dir='ltr'>cujus</span> <span class='ocrx_word' id='word_1_708' title='bbox 585 5554 945 5608; x_wconf 86' lang='lat' dir='ltr'>responsum</span> <span class='ocrx_word' id='word_1_709' title='bbox 978 5536 1201 5607; x_wconf 90' lang='lat' dir='ltr'>incipit.</span> <span class='ocrx_word' id='word_1_710' title='bbox 1236 5554 1293 5608; x_wconf 91' lang='lat' dir='ltr'>p.</span> <span class='ocrx_word' id='word_1_711' title='bbox 1332 5536 1454 5604; x_wconf 66' lang='grc'>456,</span> <span class='ocrx_word' id='word_1_712' title='bbox 1490 5543 1526 5593; x_wconf 91' lang='lat' dir='ltr'>l.</span> 
     </span>
    </p>
   </div>
   <div class='ocr_carea' id='block_1_104' title="bbox 458 5609 2040 5682">
    <p class='ocr_par' dir='ltr' id='par_1_104' title="bbox 458 5609 2040 5682">
     <span class='ocr_line' id='line_1_105' title="bbox 458 5609 2040 5682; baseline -0.001 -16"><span class='ocrx_word' id='word_1_713' title='bbox 458 5610 569 5682; x_wconf 82' lang='lat'>(97)</span> <span class='ocrx_word' id='word_1_714' title='bbox 604 5613 784 5682; x_wconf 74' lang='lat' dir='ltr'>Atqui</span> <span class='ocrx_word' id='word_1_715' title='bbox 814 5625 932 5665; x_wconf 88' lang='lat' dir='ltr'>non</span> <span class='ocrx_word' id='word_1_716' title='bbox 956 5609 1283 5682; x_wconf 69' lang='lat' dir='ltr'>analiquid</span> <span class='ocrx_word' id='word_1_717' title='bbox 1300 5624 1415 5665; x_wconf 85' lang='lat' dir='ltr'>non</span> <span class='ocrx_word' id='word_1_718' title='bbox 1430 5616 1511 5665; x_wconf 86' lang='lat' dir='ltr'>est</span> <span class='ocrx_word' id='word_1_719' title='bbox 1530 5624 1791 5682; x_wconf 68' lang='lat' dir='ltr'>unquam</span> <span class='ocrx_word' id='word_1_720' title='bbox 1816 5610 2040 5665; x_wconf 81' lang='lat' dir='ltr'>dictum</span> 
     </span>
    </p>
   </div>
   <div class='ocr_carea' id='block_1_105' title="bbox 386 5678 2041 5756">
    <p class='ocr_par' dir='ltr' id='par_1_105' title="bbox 386 5678 2041 5756">
     <span class='ocr_line' id='line_1_106' title="bbox 386 5678 2041 5756; baseline 0.001 -21"><span class='ocrx_word' id='word_1_721' title='bbox 386 5678 601 5753; x_wconf 12' lang='lat' dir='ltr'>&quot;Hlodx,</span> <span class='ocrx_word' id='word_1_722' title='bbox 649 5678 755 5756; x_wconf 68' lang='grc' dir='ltr'>εἰριὶ</span> <span class='ocrx_word' id='word_1_723' title='bbox 809 5682 962 5756; x_wconf 80' lang='lat' dir='ltr'>(lege</span> <span class='ocrx_word' id='word_1_724' title='bbox 992 5681 1034 5756; x_wconf 75' lang='grc' dir='ltr'>εἰ</span> <span class='ocrx_word' id='word_1_725' title='bbox 1090 5678 1187 5754; x_wconf 72' lang='grc' dir='ltr'>μῆ)</span> <span class='ocrx_word' id='word_1_726' title='bbox 1242 5684 1465 5756; x_wconf 77' lang='grc' dir='ltr'>εἴρηται.</span> <span class='ocrx_word' id='word_1_727' title='bbox 1500 5678 1561 5733; x_wconf 90' lang='lat' dir='ltr'>Id</span> <span class='ocrx_word' id='word_1_728' title='bbox 1592 5678 1683 5756; x_wconf 59' lang='lat' dir='ltr'>es}</span> <span class='ocrx_word' id='word_1_729' title='bbox 1712 5702 1725 5736; x_wconf 90' lang='lat'><strong>:</strong></span> <span class='ocrx_word' id='word_1_730' title='bbox 1759 5685 1844 5756; x_wconf 73' lang='lat' dir='ltr'>An</span> <span class='ocrx_word' id='word_1_731' title='bbox 1903 5697 2041 5756; x_wconf 79' lang='lat' dir='ltr'>vero</span> 
     </span>
    </p>
   </div>
   <div class='ocr_carea' id='block_1_106' title="bbox 386 5751 2038 5829">
    <p class='ocr_par' dir='ltr' id='par_1_106' title="bbox 386 5751 2038 5829">
     <span class='ocr_line' id='line_1_107' title="bbox 386 5751 2038 5829; baseline 0 -18"><span class='ocrx_word' id='word_1_732' title='bbox 386 5769 530 5826; x_wconf 85' lang='lat' dir='ltr'>non,</span> <span class='ocrx_word' id='word_1_733' title='bbox 555 5751 755 5812; x_wconf 81' lang='lat' dir='ltr'>utrum</span> <span class='ocrx_word' id='word_1_734' title='bbox 786 5751 1013 5828; x_wconf 75' lang='lat' dir='ltr'>aliquid</span> <span class='ocrx_word' id='word_1_735' title='bbox 1042 5751 1353 5829; x_wconf 81' lang='lat' dir='ltr'>nunquam</span> <span class='ocrx_word' id='word_1_736' title='bbox 1386 5752 1612 5811; x_wconf 84' lang='lat' dir='ltr'>dictum</span> <span class='ocrx_word' id='word_1_737' title='bbox 1646 5751 1881 5809; x_wconf 89' lang='lat' dir='ltr'>fuerit...</span> <span class='ocrx_word' id='word_1_738' title='bbox 1914 5753 1942 5811; x_wconf 87' lang='lat'><strong>?</strong></span> <span class='ocrx_word' id='word_1_739' title='bbox 1985 5782 2038 5795; x_wconf 88' lang='lat'><strong>-</strong></span> 
     </span>
    </p>
   </div>
   <div class='ocr_carea' id='block_1_107' title="bbox 2082 4460 3006 4541">
    <p class='ocr_par' dir='ltr' id='par_1_107' title="bbox 2082 4460 3006 4541">
     <span class='ocr_line' id='line_1_108' title="bbox 2082 4460 3006 4541; baseline -0.002 -19"><span class='ocrx_word' id='word_1_740' title='bbox 2082 4460 2123 4514; x_wconf 75' lang='grc' dir='ltr'>ί)</span> <span class='ocrx_word' id='word_1_741' title='bbox 2156 4460 2238 4541; x_wconf 62' lang='grc' dir='ltr'>μὴ’</span> <span class='ocrx_word' id='word_1_742' title='bbox 2287 4460 2653 4541; x_wconf 14' lang='grc' dir='ltr'>συνορᾴνῗτὴν</span> <span class='ocrx_word' id='word_1_743' title='bbox 2728 4460 2881 4541; x_wconf 56' lang='grc' dir='ltr'>φυσιν</span> <span class='ocrx_word' id='word_1_744' title='bbox 2934 4476 3006 4538; x_wconf 82' lang='grc' dir='ltr'>τῷ</span> 
     </span>
    </p>
   </div>
   <div class='ocr_carea' id='block_1_108' title="bbox 2156 4108 3722 4184">
    <p class='ocr_par' dir='ltr' id='par_1_108' title="bbox 2156 4108 3722 4184">
     <span class='ocr_line' id='line_1_109' title="bbox 2156 4108 3722 4184; baseline -0.006 -16"><span class='ocrx_word' id='word_1_745' title='bbox 2156 4117 2216 4168; x_wconf 82' lang='grc' dir='ltr'>ιιι</span> <span class='ocrx_word' id='word_1_746' title='bbox 2275 4111 2559 4168; x_wconf 90' lang='lat' dir='ltr'>eumdem</span> <span class='ocrx_word' id='word_1_747' title='bbox 2629 4111 2895 4184; x_wconf 89' lang='lat' dir='ltr'>lapidem</span> <span class='ocrx_word' id='word_1_748' title='bbox 2956 4127 3076 4184; x_wconf 87' lang='lat' dir='ltr'>quo</span> <span class='ocrx_word' id='word_1_749' title='bbox 3118 4110 3393 4184; x_wconf 89' lang='lat' dir='ltr'>superius</span> <span class='ocrx_word' id='word_1_750' title='bbox 3429 4108 3722 4182; x_wconf 87' lang='lat' dir='ltr'>impegerat</span> 
     </span>
    </p>
   </div>
   <div class='ocr_carea' id='block_1_109' title="bbox 2153 4184 2873 4241">
    <p class='ocr_par' dir='ltr' id='par_1_109' title="bbox 2153 4184 2873 4241">
     <span class='ocr_line' id='line_1_110' title="bbox 2153 4184 2873 4241; baseline -0.006 0"><span class='ocrx_word' id='word_1_751' title='bbox 2153 4184 2472 4241; x_wconf 87' lang='lat' dir='ltr'>Turrianus</span> <span class='ocrx_word' id='word_1_752' title='bbox 2505 4184 2785 4239; x_wconf 88' lang='lat' dir='ltr'>omittens</span> <span class='ocrx_word' id='word_1_753' title='bbox 2820 4187 2873 4240; x_wconf 80' lang='grc' dir='ltr'><strong>ἣ.</strong></span> 
     </span>
    </p>
   </div>
   <div class='ocr_carea' id='block_1_110' title="bbox 2227 4256 3723 4329">
    <p class='ocr_par' dir='ltr' id='par_1_110' title="bbox 2227 4256 3723 4329">
     <span class='ocr_line' id='line_1_111' title="bbox 2227 4256 3723 4329; baseline -0.003 -18"><span class='ocrx_word' id='word_1_754' title='bbox 2227 4256 2341 4325; x_wconf 88' lang='lat'>(98)</span> <span class='ocrx_word' id='word_1_755' title='bbox 2390 4256 2509 4311; x_wconf 88' lang='lat' dir='ltr'>Sed</span> <span class='ocrx_word' id='word_1_756' title='bbox 2559 4271 2639 4310; x_wconf 86' lang='lat' dir='ltr'>an</span> <span class='ocrx_word' id='word_1_757' title='bbox 2688 4256 2847 4326; x_wconf 83' lang='lat' dir='ltr'>quod</span> <span class='ocrx_word' id='word_1_758' title='bbox 2889 4260 3113 4329; x_wconf 75' lang='lat' dir='ltr'>natura</span> <span class='ocrx_word' id='word_1_759' title='bbox 3164 4260 3266 4321; x_wconf 81' lang='lat' dir='ltr'>est,</span> <span class='ocrx_word' id='word_1_760' title='bbox 3306 4262 3594 4329; x_wconf 54' lang='lat' dir='ltr'>tanquam</span> <span class='ocrx_word' id='word_1_761' title='bbox 3627 4263 3723 4329; x_wconf 54' lang='lat' dir='ltr'>non</span> 
     </span>
    </p>
   </div>
   <div class='ocr_carea' id='block_1_111' title="bbox 2155 4322 3723 4396">
    <p class='ocr_par' dir='ltr' id='par_1_111' title="bbox 2155 4322 3723 4396">
     <span class='ocr_line' id='line_1_112' title="bbox 2155 4322 3723 4396; baseline -0.008 -15"><span class='ocrx_word' id='word_1_762' title='bbox 2155 4322 2249 4396; x_wconf 70' lang='lat' dir='ltr'>sit,</span> <span class='ocrx_word' id='word_1_763' title='bbox 2281 4322 2413 4391; x_wconf 85' lang='lat' dir='ltr'>etc.,</span> <span class='ocrx_word' id='word_1_764' title='bbox 2437 4322 2743 4381; x_wconf 61' lang='lat' dir='ltr'>scrutatur</span> <span class='ocrx_word' id='word_1_765' title='bbox 2772 4327 3105 4391; x_wconf 75' lang='lat' dir='ltr'>essentiam,</span> <span class='ocrx_word' id='word_1_766' title='bbox 3133 4322 3447 4381; x_wconf 49' lang='lat' dir='ltr'>mentitur:</span> <span class='ocrx_word' id='word_1_767' title='bbox 3467 4322 3595 4396; x_wconf 60' lang='grc' dir='ltr'>Ἀλλ’</span> <span class='ocrx_word' id='word_1_768' title='bbox 3621 4322 3657 4373; x_wconf 80' lang='grc' dir='ltr'>εἱ</span> <span class='ocrx_word' id='word_1_769' title='bbox 3678 4322 3723 4369; x_wconf 81' lang='grc' dir='ltr'>τό</span> 
     </span>
    </p>
   </div>
   <div class='ocr_carea' id='block_1_112' title="bbox 2156 4394 3725 4470">
    <p class='ocr_par' dir='ltr' id='par_1_112' title="bbox 2156 4394 3725 4470">
     <span class='ocr_line' id='line_1_113' title="bbox 2156 4394 3725 4470; baseline -0.003 -20"><span class='ocrx_word' id='word_1_770' title='bbox 2156 4394 2383 4470; x_wconf 61' lang='grc' dir='ltr'>πεφυκὸς</span> <span class='ocrx_word' id='word_1_771' title='bbox 2430 4396 2578 4463; x_wconf 83' lang='grc' dir='ltr'>εἶναι,</span> <span class='ocrx_word' id='word_1_772' title='bbox 2629 4400 2693 4459; x_wconf 79' lang='grc' dir='ltr'>ὡς</span> <span class='ocrx_word' id='word_1_773' title='bbox 2741 4401 2811 4465; x_wconf 80' lang='grc' dir='ltr'>μὴ</span> <span class='ocrx_word' id='word_1_774' title='bbox 2874 4402 2924 4448; x_wconf 82' lang='grc' dir='ltr'>ὅν</span> <span class='ocrx_word' id='word_1_775' title='bbox 2991 4402 3323 4470; x_wconf 85' lang='grc' dir='ltr'>παρεώραται</span> <span class='ocrx_word' id='word_1_776' title='bbox 3380 4401 3471 4449; x_wconf 83' lang='grc' dir='ltr'>καὶ</span> <span class='ocrx_word' id='word_1_777' title='bbox 3523 4394 3623 4467; x_wconf 73' lang='grc' dir='ltr'>ἅμα</span> <span class='ocrx_word' id='word_1_778' title='bbox 3668 4398 3725 4470; x_wconf 64' lang='grc' dir='ltr'>τῷ</span> 
     </span>
    </p>
   </div>
   <div class='ocr_carea' id='block_1_113' title="bbox 3065 4416 3724 4543">
    <p class='ocr_par' dir='ltr' id='par_1_113' title="bbox 3065 4416 3724 4543">
     <span class='ocr_line' id='line_1_114' title="bbox 3065 4416 3724 4519; baseline -0.003 -71"><span class='ocrx_word' id='word_1_779' title='bbox 3065 4416 3323 4519; x_wconf 60' lang='grc' dir='ltr'>ςεωραται</span> <span class='ocrx_word' id='word_1_780' title='bbox 3380 4417 3471 4449; x_wconf 82' lang='grc' dir='ltr'>και</span> <span class='ocrx_word' id='word_1_781' title='bbox 3523 4416 3623 4467; x_wconf 74' lang='grc' dir='ltr'>αμα</span> <span class='ocrx_word' id='word_1_782' title='bbox 3668 4416 3724 4473; x_wconf 55' lang='grc' dir='ltr'>τῳ</span> 
     </span>
     <span class='ocr_line' id='line_1_115' title="bbox 3091 4470 3724 4543; baseline -0.003 -25"><span class='ocrx_word' id='word_1_783' title='bbox 3091 4472 3207 4539; x_wconf 65' lang='grc' dir='ltr'>,ὀγῳ</span> <span class='ocrx_word' id='word_1_784' title='bbox 3235 4470 3607 4543; x_wconf 63' lang='grc' dir='ltr'>⁸θεοιιρουμὲνιῦν</span> 
     </span>
    </p>
   </div>
   <div class='ocr_carea' id='block_1_114' title="bbox 2155 4531 3723 4629">
    <p class='ocr_par' dir='ltr' id='par_1_114' title="bbox 2155 4531 3723 4629">
     <span class='ocr_line' id='line_1_116' title="bbox 2155 4531 3723 4629; baseline -0.006 -36"><span class='ocrx_word' id='word_1_785' title='bbox 2155 4531 2284 4629; x_wconf 77' lang='grc' dir='ltr'>πρὸς</span> <span class='ocrx_word' id='word_1_786' title='bbox 2341 4531 2434 4598; x_wconf 77' lang='grc' dir='ltr'>τὴν</span> <span class='ocrx_word' id='word_1_787' title='bbox 2462 4531 2471 4539; x_wconf 63' lang='grc'><em>’</em></span> <span class='ocrx_word' id='word_1_788' title='bbox 2500 4540 2685 4627; x_wconf 53' lang='grc' dir='ltr'>κλῆσιν</span> <span class='ocrx_word' id='word_1_789' title='bbox 2719 4531 3149 4629; x_wconf 37' lang='grc' dir='ltr'>ζδιαξιοίχέσθαιξ</span> <span class='ocrx_word' id='word_1_790' title='bbox 3179 4531 3296 4629; x_wconf 47' lang='grc' dir='ltr'>ὀξᾶκ,</span> <span class='ocrx_word' id='word_1_791' title='bbox 3321 4531 3575 4629; x_wconf 35' lang='grc' dir='ltr'>ῃὲἶρῐέτῗεο</span> <span class='ocrx_word' id='word_1_792' title='bbox 3633 4531 3723 4629; x_wconf 56' lang='grc' dir='ltr'>ὰΞΥ</span> 
     </span>
    </p>
   </div>
   <div class='ocr_carea' id='block_1_115' title="bbox 2156 4607 3721 4684">
    <p class='ocr_par' dir='ltr' id='par_1_115' title="bbox 2156 4607 3721 4684">
     <span class='ocr_line' id='line_1_117' title="bbox 2156 4607 3721 4684; baseline -0.004 -18"><span class='ocrx_word' id='word_1_793' title='bbox 2156 4607 2283 4684; x_wconf 69' lang='grc' dir='ltr'>οὖχὶ</span> <span class='ocrx_word' id='word_1_794' title='bbox 2324 4617 2414 4664; x_wconf 77' lang='grc' dir='ltr'>καὶ</span> <span class='ocrx_word' id='word_1_795' title='bbox 2450 4616 2541 4670; x_wconf 79' lang='grc' dir='ltr'>τὴν</span> <span class='ocrx_word' id='word_1_796' title='bbox 2573 4610 2792 4684; x_wconf 75' lang='grc' dir='ltr'>ὓπαρξιν</span> <span class='ocrx_word' id='word_1_797' title='bbox 2833 4607 3161 4684; x_wconf 67' lang='grc' dir='ltr'>ἐρευνώμενον</span> <span class='ocrx_word' id='word_1_798' title='bbox 3204 4607 3478 4684; x_wconf 73' lang='grc' dir='ltr'>ψεύδεται.</span> <span class='ocrx_word' id='word_1_799' title='bbox 3512 4609 3677 4684; x_wconf 62' lang='lat' dir='ltr'>[dest</span> <span class='ocrx_word' id='word_1_800' title='bbox 3711 4620 3721 4655; x_wconf 71' lang='grc' dir='ltr'><strong>Ξ</strong></span> 
     </span>
    </p>
   </div>
   <div class='ocr_carea' id='block_1_116' title="bbox 2157 4634 3723 4755">
    <p class='ocr_par' dir='ltr' id='par_1_116' title="bbox 2157 4634 3723 4755">
     <span class='ocr_line' id='line_1_118' title="bbox 2157 4634 3721 4684; baseline -0.003 -18"><span class='ocrx_word' id='word_1_801' title='bbox 2157 4634 2213 4666; x_wconf 79' lang='grc' dir='ltr'>ου</span> <span class='ocrx_word' id='word_1_802' title='bbox 2267 4634 2283 4665; x_wconf 89' lang='grc' dir='ltr'>ι</span> <span class='ocrx_word' id='word_1_803' title='bbox 2324 4634 2414 4664; x_wconf 86' lang='grc' dir='ltr'>και</span> <span class='ocrx_word' id='word_1_804' title='bbox 2450 4634 2541 4670; x_wconf 81' lang='grc' dir='ltr'>την</span> <span class='ocrx_word' id='word_1_805' title='bbox 2573 4634 2792 4684; x_wconf 83' lang='grc' dir='ltr'>υπαρςιν</span> <span class='ocrx_word' id='word_1_806' title='bbox 2833 4634 3161 4684; x_wconf 74' lang='grc' dir='ltr'>ερευνωμενον</span> <span class='ocrx_word' id='word_1_807' title='bbox 3204 4634 3478 4682; x_wconf 77' lang='grc' dir='ltr'>ψευσεται.</span> <span class='ocrx_word' id='word_1_808' title='bbox 3512 4634 3571 4665; x_wconf 73' lang='grc' dir='ltr'>ευ</span> <span class='ocrx_word' id='word_1_809' title='bbox 3599 4634 3677 4662; x_wconf 70' lang='grc' dir='ltr'>υδι</span> <span class='ocrx_word' id='word_1_810' title='bbox 3711 4642 3721 4655; x_wconf 78' lang='grc' dir='ltr'>ι</span> 
     </span>
     <span class='ocr_line' id='line_1_119' title="bbox 2157 4634 3723 4755; baseline -0.008 -14"><span class='ocrx_word' id='word_1_811' title='bbox 2157 4634 2268 4741; x_wconf 63' lang='grc' dir='ltr'>8θέ</span> <span class='ocrx_word' id='word_1_812' title='bbox 2320 4684 2597 4755; x_wconf 62' lang='grc' dir='ltr'>ειηηυοά</span> <span class='ocrx_word' id='word_1_813' title='bbox 2638 4698 2711 4755; x_wconf 76' lang='lat' dir='ltr'>ex</span> <span class='ocrx_word' id='word_1_814' title='bbox 2740 4689 2956 4738; x_wconf 89' lang='lat' dir='ltr'>natura</span> <span class='ocrx_word' id='word_1_815' title='bbox 2987 4698 3094 4738; x_wconf 89' lang='lat' dir='ltr'>sua</span> <span class='ocrx_word' id='word_1_816' title='bbox 3128 4683 3379 4755; x_wconf 84' lang='lat' dir='ltr'>exsistit,</span> <span class='ocrx_word' id='word_1_817' title='bbox 3426 4677 3594 4754; x_wconf 87' lang='lat' dir='ltr'>quasi</span> <span class='ocrx_word' id='word_1_818' title='bbox 3620 4689 3723 4732; x_wconf 91' lang='lat' dir='ltr'>non</span> 
     </span>
    </p>
   </div>
   <div class='ocr_carea' id='block_1_117' title="bbox 2154 4753 3723 4825">
    <p class='ocr_par' dir='ltr' id='par_1_117' title="bbox 2154 4753 3723 4825">
     <span class='ocr_line' id='line_1_120' title="bbox 2154 4753 3723 4825; baseline -0.005 -17"><span class='ocrx_word' id='word_1_819' title='bbox 2154 4756 2247 4819; x_wconf 88' lang='lat' dir='ltr'>sit,</span> <span class='ocrx_word' id='word_1_820' title='bbox 2296 4753 2627 4824; x_wconf 86' lang='lat' dir='ltr'>neglectum</span> <span class='ocrx_word' id='word_1_821' title='bbox 2676 4754 2845 4810; x_wconf 88' lang='lat' dir='ltr'>fuerit</span> <span class='ocrx_word' id='word_1_822' title='bbox 2888 4769 3080 4825; x_wconf 89' lang='lat' dir='ltr'>neque</span> <span class='ocrx_word' id='word_1_823' title='bbox 3124 4753 3723 4825; x_wconf 39' lang='lat' dir='ltr'>hominum’sermone</span> 
     </span>
    </p>
   </div>
   <div class='ocr_carea' id='block_1_118' title="bbox 2154 4824 3722 4896">
    <p class='ocr_par' dir='ltr' id='par_1_118' title="bbox 2154 4824 3722 4896">
     <span class='ocr_line' id='line_1_121' title="bbox 2154 4824 3722 4896; baseline -0.006 -14"><span class='ocrx_word' id='word_1_824' title='bbox 2154 4828 2351 4882; x_wconf 88' lang='lat' dir='ltr'>tritum</span> <span class='ocrx_word' id='word_1_825' title='bbox 2404 4825 2575 4881; x_wconf 89' lang='lat' dir='ltr'>fuerit</span> <span class='ocrx_word' id='word_1_826' title='bbox 2622 4824 3033 4896; x_wconf 81' lang='lat' dir='ltr'>statimatque</span> <span class='ocrx_word' id='word_1_827' title='bbox 3063 4824 3722 4896; x_wconf 12' lang='lat' dir='ltr'>ipsiusrnatut&#39;am,qua§</span> 
     </span>
    </p>
   </div>
   <div class='ocr_carea' id='block_1_119' title="bbox 2152 4892 3724 4967">
    <p class='ocr_par' dir='ltr' id='par_1_119' title="bbox 2152 4892 3724 4967">
     <span class='ocr_line' id='line_1_122' title="bbox 2152 4892 3724 4967; baseline -0.004 -14"><span class='ocrx_word' id='word_1_828' title='bbox 2152 4898 2376 4953; x_wconf 88' lang='lat' dir='ltr'>ratione</span> <span class='ocrx_word' id='word_1_829' title='bbox 2406 4896 2767 4952; x_wconf 88' lang='lat' dir='ltr'>considerari</span> <span class='ocrx_word' id='word_1_830' title='bbox 2809 4892 3003 4962; x_wconf 75' lang='lat' dir='ltr'>debet,</span> <span class='ocrx_word' id='word_1_831' title='bbox 3037 4892 3155 4951; x_wconf 84' lang='lat' dir='ltr'>non</span> <span class='ocrx_word' id='word_1_832' title='bbox 3184 4895 3328 4951; x_wconf 85' lang='lat' dir='ltr'>vidit</span> <span class='ocrx_word' id='word_1_833' title='bbox 3358 4894 3642 4967; x_wconf 70' lang='lat' dir='ltr'>quispiam</span> <span class='ocrx_word' id='word_1_834' title='bbox 3678 4892 3724 4967; x_wconf 54' lang='lat' dir='ltr'>et</span> 
     </span>
    </p>
   </div>
   <div class='ocr_carea' id='block_1_120' title="bbox 2152 4958 3720 5045">
    <p class='ocr_par' dir='ltr' id='par_1_120' title="bbox 2152 4958 3720 5045">
     <span class='ocr_line' id='line_1_123' title="bbox 2152 4958 3720 5045; baseline -0.001 -21"><span class='ocrx_word' id='word_1_835' title='bbox 2152 4969 2413 5045; x_wconf 83' lang='lat' dir='ltr'>ejusdem</span> <span class='ocrx_word' id='word_1_836' title='bbox 2440 4968 2830 5045; x_wconf 80' lang='lat' dir='ltr'>appellationi</span> <span class='ocrx_word' id='word_1_837' title='bbox 2854 4958 3247 5045; x_wconf 73' lang='lat' dir='ltr'>repugnavit:</span> <span class='ocrx_word' id='word_1_838' title='bbox 3276 4958 3552 5045; x_wconf 75' lang='lat' dir='ltr'>quamvis</span> <span class='ocrx_word' id='word_1_839' title='bbox 3580 4958 3720 5045; x_wconf 70' lang='lat' dir='ltr'>illud.</span> 
     </span>
    </p>
   </div>
   <div class='ocr_carea' id='block_1_121' title="bbox 2152 5038 3726 5111">
    <p class='ocr_par' dir='ltr' id='par_1_121' title="bbox 2152 5038 3726 5111">
     <span class='ocr_line' id='line_1_124' title="bbox 2152 5038 3726 5111; baseline -0.006 -16"><span class='ocrx_word' id='word_1_840' title='bbox 2152 5038 2198 5095; x_wconf 86' lang='lat' dir='ltr'>si</span> <span class='ocrx_word' id='word_1_841' title='bbox 2238 5041 2372 5111; x_wconf 92' lang='lat' dir='ltr'>quis</span> <span class='ocrx_word' id='word_1_842' title='bbox 2400 5040 2450 5110; x_wconf 92' lang='lat' dir='ltr'>ej</span> <span class='ocrx_word' id='word_1_843' title='bbox 2464 5038 2836 5111; x_wconf 30' lang='lat' dir='ltr'>us‘naturam</span> <span class='ocrx_word' id='word_1_844' title='bbox 2855 5038 3115 5094; x_wconf 89' lang='lat' dir='ltr'>studiose</span> <span class='ocrx_word' id='word_1_845' title='bbox 3138 5038 3450 5102; x_wconf 89' lang='lat' dir='ltr'>scrutetur,</span> <span class='ocrx_word' id='word_1_846' title='bbox 3479 5038 3726 5093; x_wconf 73' lang='lat' dir='ltr'>exsistan-</span> 
     </span>
    </p>
   </div>
   <div class='ocr_carea' id='block_1_122' title="bbox 2152 5110 2824 5166">
    <p class='ocr_par' dir='ltr' id='par_1_122' title="bbox 2152 5110 2824 5166">
     <span class='ocr_line' id='line_1_125' title="bbox 2152 5110 2824 5166; baseline -0.007 0"><span class='ocrx_word' id='word_1_847' title='bbox 2152 5110 2295 5166; x_wconf 88' lang='lat' dir='ltr'>tiam</span> <span class='ocrx_word' id='word_1_848' title='bbox 2329 5127 2445 5165; x_wconf 87' lang='lat' dir='ltr'>non</span> <span class='ocrx_word' id='word_1_849' title='bbox 2484 5110 2824 5165; x_wconf 88' lang='lat' dir='ltr'>mentiatur.</span> 
     </span>
    </p>
   </div>
   <div class='ocr_carea' id='block_1_123' title="bbox 2224 5178 3726 5253">
    <p class='ocr_par' dir='ltr' id='par_1_123' title="bbox 2224 5178 3726 5253">
     <span class='ocr_line' id='line_1_126' title="bbox 2224 5178 3726 5253; baseline -0.006 -16"><span class='ocrx_word' id='word_1_850' title='bbox 2224 5182 2333 5253; x_wconf 85' lang='lat'>(99)</span> <span class='ocrx_word' id='word_1_851' title='bbox 2368 5182 2565 5252; x_wconf 81' lang='lat' dir='ltr'>Igitur</span> <span class='ocrx_word' id='word_1_852' title='bbox 2590 5182 2783 5238; x_wconf 86' lang='lat' dir='ltr'>dicere</span> <span class='ocrx_word' id='word_1_853' title='bbox 2811 5185 3059 5247; x_wconf 83' lang='lat' dir='ltr'>Oportet,</span> <span class='ocrx_word' id='word_1_854' title='bbox 3089 5195 3277 5252; x_wconf 81' lang='lat' dir='ltr'>quare</span> <span class='ocrx_word' id='word_1_855' title='bbox 3304 5178 3535 5253; x_wconf 69' lang='lat' dir='ltr'>aliquid</span> <span class='ocrx_word' id='word_1_856' title='bbox 3562 5183 3659 5253; x_wconf 72' lang='lat' dir='ltr'>est,</span> <span class='ocrx_word' id='word_1_857' title='bbox 3684 5178 3726 5228; x_wconf 81' lang='lat' dir='ltr'>et</span> 
     </span>
    </p>
   </div>
   <div class='ocr_carea' id='block_1_124' title="bbox 2149 5250 3728 5324">
    <p class='ocr_par' dir='ltr' id='par_1_124' title="bbox 2149 5250 3728 5324">
     <span class='ocr_line' id='line_1_127' title="bbox 2149 5250 3728 5324; baseline -0.005 -16"><span class='ocrx_word' id='word_1_858' title='bbox 2149 5250 2288 5309; x_wconf 71' lang='lat' dir='ltr'>nam</span> <span class='ocrx_word' id='word_1_859' title='bbox 2317 5250 2430 5309; x_wconf 64' lang='lat' dir='ltr'>cur</span> <span class='ocrx_word' id='word_1_860' title='bbox 2457 5253 2693 5324; x_wconf 78' lang='lat' dir='ltr'>aliquid</span> <span class='ocrx_word' id='word_1_861' title='bbox 2737 5252 3001 5324; x_wconf 82' lang='lat' dir='ltr'>a_muttis</span> <span class='ocrx_word' id='word_1_862' title='bbox 3050 5250 3276 5324; x_wconf 71' lang='lat' dir='ltr'>tacetur</span> <span class='ocrx_word' id='word_1_863' title='bbox 3310 5259 3376 5324; x_wconf 25' lang='lat' dir='ltr'>Aet</span> <span class='ocrx_word' id='word_1_864' title='bbox 3410 5250 3728 5324; x_wconf 70' lang='lat' dir='ltr'>fraudetur</span> 
     </span>
    </p>
   </div>
   <div class='ocr_carea' id='block_1_125' title="bbox 2151 5320 3725 5396">
    <p class='ocr_par' dir='ltr' id='par_1_125' title="bbox 2151 5320 3725 5396">
     <span class='ocr_line' id='line_1_128' title="bbox 2151 5320 3725 5396; baseline -0.01 -15"><span class='ocrx_word' id='word_1_865' title='bbox 2151 5328 2274 5393; x_wconf 80' lang='lat' dir='ltr'>ejus</span> <span class='ocrx_word' id='word_1_866' title='bbox 2307 5320 2570 5396; x_wconf 54' lang='lat' dir='ltr'>essentia:</span> <span class='ocrx_word' id='word_1_867' title='bbox 2606 5324 2714 5396; x_wconf 69' lang='grc' dir='ltr'>Οὐκ</span> <span class='ocrx_word' id='word_1_868' title='bbox 2742 5321 2828 5377; x_wconf 78' lang='grc' dir='ltr'>οὖν</span> <span class='ocrx_word' id='word_1_869' title='bbox 2861 5320 3254 5396; x_wconf 73' lang='grc' dir='ltr'>εἰρῆσθαι(δεί)</span> <span class='ocrx_word' id='word_1_870' title='bbox 3298 5320 3437 5375; x_wconf 80' lang='grc' dir='ltr'>διότι</span> <span class='ocrx_word' id='word_1_871' title='bbox 3470 5330 3565 5374; x_wconf 79' lang='grc' dir='ltr'>τῶν</span> <span class='ocrx_word' id='word_1_872' title='bbox 3595 5323 3725 5396; x_wconf 65' lang='grc' dir='ltr'>ὄντων</span> 
     </span>
    </p>
   </div>
   <div class='ocr_carea' id='block_1_126' title="bbox 2152 5390 3726 5468">
    <p class='ocr_par' dir='ltr' id='par_1_126' title="bbox 2152 5390 3726 5468">
     <span class='ocr_line' id='line_1_129' title="bbox 2152 5390 3726 5468; baseline -0.003 -21"><span class='ocrx_word' id='word_1_873' title='bbox 2152 5390 2312 5468; x_wconf 67' lang='grc' dir='ltr'>ἐστὶν,</span> <span class='ocrx_word' id='word_1_874' title='bbox 2369 5395 2495 5447; x_wconf 79' lang='grc' dir='ltr'>ἀλλὰ</span> <span class='ocrx_word' id='word_1_875' title='bbox 2541 5400 2637 5468; x_wconf 79' lang='grc' dir='ltr'>μὴ,</span> <span class='ocrx_word' id='word_1_876' title='bbox 2685 5392 2835 5467; x_wconf 78' lang='grc' dir='ltr'>διόμι</span> <span class='ocrx_word' id='word_1_877' title='bbox 2864 5390 3614 5468; x_wconf 30' lang='grc' dir='ltr'>τοίς-πολλοῖς’σιγᾶταιλκαὶ</span> <span class='ocrx_word' id='word_1_878' title='bbox 3648 5390 3726 5468; x_wconf 54' lang='grc' dir='ltr'>τξῖξ</span> 
     </span>
    </p>
   </div>
   <div class='ocr_carea' id='block_1_127' title="bbox 2150 5456 3725 5542">
    <p class='ocr_par' dir='ltr' id='par_1_127' title="bbox 2150 5456 3725 5542">
     <span class='ocr_line' id='line_1_130' title="bbox 2150 5456 3725 5542; baseline -0.006 1"><span class='ocrx_word' id='word_1_879' title='bbox 2150 5456 2369 5542; x_wconf 51' lang='grc' dir='ltr'>ὓπαρξιν</span> <span class='ocrx_word' id='word_1_880' title='bbox 2426 5456 2822 5542; x_wconf 63' lang='grc' dir='ltr'>πᾳρὲιγρεέφετᾷι</span> <span class='ocrx_word' id='word_1_881' title='bbox 2862 5456 3105 5542; x_wconf 61' lang='lat' dir='ltr'>(malim</span> <span class='ocrx_word' id='word_1_882' title='bbox 3147 5456 3620 5542; x_wconf 52' lang='lat' dir='ltr'>mmmeoao-</span> <span class='ocrx_word' id='word_1_883' title='bbox 3673 5456 3725 5512; x_wconf 72' lang='grc' dir='ltr'>Ιά</span> 
     </span>
    </p>
   </div>
   <div class='ocr_carea' id='block_1_128' title="bbox 2149 5536 3729 5609">
    <p class='ocr_par' dir='ltr' id='par_1_128' title="bbox 2149 5536 3729 5609">
     <span class='ocr_line' id='line_1_131' title="bbox 2149 5536 3729 5609; baseline -0.008 -14"><span class='ocrx_word' id='word_1_884' title='bbox 2149 5536 2271 5595; x_wconf 73' lang='lat' dir='ltr'>esti</span> <span class='ocrx_word' id='word_1_885' title='bbox 2302 5539 2448 5594; x_wconf 90' lang='lat' dir='ltr'>Illud</span> <span class='ocrx_word' id='word_1_886' title='bbox 2480 5536 2823 5609; x_wconf 81' lang='lat' dir='ltr'>igitur&quot;quia</span> <span class='ocrx_word' id='word_1_887' title='bbox 2848 5536 2953 5593; x_wconf 82' lang='lat' dir='ltr'>ens</span> <span class='ocrx_word' id='word_1_888' title='bbox 2989 5536 3144 5593; x_wconf 85' lang='lat' dir='ltr'>reale</span> <span class='ocrx_word' id='word_1_889' title='bbox 3169 5536 3275 5601; x_wconf 83' lang='lat' dir='ltr'>est,</span> <span class='ocrx_word' id='word_1_890' title='bbox 3299 5536 3613 5592; x_wconf 73' lang='lat' dir='ltr'>hominum</span> <span class='ocrx_word' id='word_1_891' title='bbox 3629 5544 3729 5609; x_wconf 76' lang='lat' dir='ltr'>ser-</span> 
     </span>
    </p>
   </div>
   <div class='ocr_carea' id='block_1_129' title="bbox 2154 5602 3726 5682">
    <p class='ocr_par' dir='ltr' id='par_1_129' title="bbox 2154 5602 3726 5682">
     <span class='ocr_line' id='line_1_132' title="bbox 2154 5602 3726 5682; baseline -0.006 -17"><span class='ocrx_word' id='word_1_892' title='bbox 2154 5626 2329 5666; x_wconf 92' lang='lat' dir='ltr'>mone</span> <span class='ocrx_word' id='word_1_893' title='bbox 2368 5602 2545 5666; x_wconf 61' lang='lat' dir='ltr'>debét</span> <span class='ocrx_word' id='word_1_894' title='bbox 2592 5602 2909 5682; x_wconf 70' lang='lat' dir='ltr'>usurpari:</span> <span class='ocrx_word' id='word_1_895' title='bbox 2955 5624 3081 5682; x_wconf 84' lang='lat' dir='ltr'>non</span> <span class='ocrx_word' id='word_1_896' title='bbox 3119 5614 3370 5682; x_wconf 21' lang='lat' dir='ltr'>autem,</span> <span class='ocrx_word' id='word_1_897' title='bbox 3394 5609 3538 5681; x_wconf 88' lang='lat' dir='ltr'>quia</span> <span class='ocrx_word' id='word_1_898' title='bbox 3572 5602 3726 5671; x_wconf 89' lang='lat' dir='ltr'>vulgo</span> 
     </span>
    </p>
   </div>
   <div class='ocr_carea' id='block_1_130' title="bbox 2151 5678 3395 5755">
    <p class='ocr_par' dir='ltr' id='par_1_130' title="bbox 2151 5678 3395 5755">
     <span class='ocr_line' id='line_1_133' title="bbox 2151 5678 3395 5755; baseline -0.004 -16"><span class='ocrx_word' id='word_1_899' title='bbox 2151 5687 2396 5749; x_wconf 88' lang='lat' dir='ltr'>tacetur,</span> <span class='ocrx_word' id='word_1_900' title='bbox 2429 5682 2674 5755; x_wconf 88' lang='lat' dir='ltr'>propria</span> <span class='ocrx_word' id='word_1_901' title='bbox 2699 5678 3009 5739; x_wconf 75' lang='lat' dir='ltr'>existentia</span> <span class='ocrx_word' id='word_1_902' title='bbox 3032 5678 3395 5737; x_wconf 81' lang='lat' dir='ltr'>defraudari.</span> 
     </span>
    </p>
   </div>
  </div>
