3906 6186
195 237 288 296 537

1138 233 1233 290 AD
1269 230 1833 292 AMPHILOCHIUM
1875 235 2199 303 QUjESTIO
2239 237 2461 292 LXXX.

3407 244 3512 299 538

193 360 423 419 ὖποϐληθῆ
475 358 640 432 ἐρεύνῃ
702 357 878 420 ἁπλῶς
933 377 986 412 τε
1039 358 1264 430 λέγεται,
1327 364 1416 413 καὶ
1463 363 1522 413 τὸ
1577 364 1738 434 ὄνομα

1929 361 2116 417 ssioni
2156 377 2263 418 seu
2304 360 2533 418 notioni
2572 359 2986 432 subjiciuntur,
3029 361 3377 436 simpliciter
3423 368 3511 424 di-

988 448 1445 522 Ἀναπτισσόμενα
1523 446 1581 502 δὲ
1651 454 1742 502 καὶ

1639 543 1738 591 Καὶ

1537 626 1743 681 Αὐτίκα

187 721 233 768 τό
282 734 476 787 φυσικον
539 713 857 788 ἀνθρώπινον
923 720 1012 767 καὶ
1072 715 1477 788 ὁμολογούμενον
1545 715 1741 788 θᾶημα

187 457 302 503 πᾶσι
376 446 518 508 δῆλον
598 452 911 520 παρέχεται.

187 538 578 610 λεπτολογούμενα
653 537 958 609 συμπλοκὴν
1021 557 1138 590 τινα
1195 537 1562 610 προϐάλλεται.

185 627 346 687 κλῆσιν
387 625 608 686 ἐπιζητεῖ
663 625 980 683 κατάλληλον
1038 634 1130 678 τοῦ
1180 629 1456 699 νοήματος.

185 803 747 878 πολυπραγμονούμενον,
813 800 1067 879 διαφορᾶς
1119 803 1180 856 ἂν
1242 804 1420 877 ὀφθείη
1483 809 1742 880 προίσχό-

182 912 325 965 μενον.
371 900 432 946 Δί
488 897 575 945 καὶ
633 897 728 951 τήν
799 892 1074 966 ἑτερότητα
1140 903 1452 959 συνιστώσι,
1523 899 1614 947 καὶ
1682 897 1740 946 τό

179 985 325 1034 κοινὸν
366 979 497 1043 εἶδος
547 982 616 1042 εἰς
657 981 832 1054 ἑτέρας
861 987 1168 1044 καινότητας
1207 995 1235 1025 ι
1261 984 1320 1036 οὐ
1353 980 1386 1036 δ
1393 987 1737 1056 ιατέμνονσιν,

1215 1071 1322 1124 ἀλλ’
1353 1073 1379 1125 ό
1406 1077 1497 1146 μὲν
1526 1072 1737 1146 μᾶλλον,

177 1155 274 1212 ὁδε
315 1160 458 1217 ἧττον
482 1164 575 1218 τήν
612 1162 858 1218 τοιαύτην
909 1163 1080 1233 ἔφεσιν
1138 1157 1232 1214 διὰ
1289 1159 1411 1234 βίον
1468 1166 1736 1217 κέκτηται.

177 1253 260 1300 Καὶ
306 1252 358 1301 τό
398 1248 586 1320 μᾶλλον
630 1253 721 1301 καὶ
777 1253 836 1302 τὸ
867 1246 1016 1308 ἧττον
1065 1253 1124 1302 τὸ
1157 1255 1378 1322 φυσικὸν
1429 1251 1488 1303 οὐ
1540 1251 1741 1326 μερίζει

172 1340 244 1388 καὶ
279 1336 531 1390 συστέλλει
584 1341 714 1408 πρὸς
770 1334 1096 1412 εῖδικώτερον
1143 1338 1360 1411 θέλημα.
1409 1343 1551 1393 Διότι
1601 1336 1739 1412 μηδὲ

170 1429 336 1497 πέφυκε
379 1430 433 1478 τὸ
462 1424 657 1497 μᾶλλον
707 1431 796 1478 καὶ
843 1427 994 1484 ἧττον
1041 1424 1214 1488 εἴδους
1242 1431 1376 1490 τινός
1427 1428 1456 1487 ἣ
1499 1433 1741 1487 κοινότη-

170 1533 242 1575 τος
268 1517 520 1586 σύμφυτον
549 1515 838 1587 ἐξαλλαγήν
872 1515 1286 1590 ἀπεργάζεσθαι.

177 1067 264 1123 οἷον
309 1070 428 1123 θέλει
471 1090 550 1133 τις
605 1079 785 1142 φαγεῖν
839 1075 930 1124 καὶ
984 1079 1120 1124 πιεῖν
1153 1092 1165 1105 ·

1851 454 2065 505 cuntur
2098 466 2112 516 ;
2154 455 2210 506 et
2235 465 2457 506 nomen
2490 449 2774 505 omnibus
2802 449 3189 507 manifestum
3212 453 3508 512 tribuitur.

1851 537 2154 610 Explicata
2166 555 2306 595 vero
2320 544 2374 595 et
2391 538 2682 595 subtiliter
2696 553 2968 604 excussa,
2987 540 3510 612 complicationem

1849 628 2179 700 quamdam
2205 645 2326 700 prae
2343 645 2402 683 se
2422 627 2632 694 ferunt,
2651 632 2704 684 et
2720 628 3024 700 requirunt
3047 630 3512 703 appellationem

1849 715 2073 771 notioni
2123 718 2566 773 convenientem
2618 721 2720 785 ;et
2763 722 2826 772 ut
2857 718 3054 774 statim
3095 720 3170 774 de
3213 720 3514 778 voluntate

1849 803 2138 869 dicamus,
2170 805 2453 862 naturalis
2476 805 2748 862 voluntas
2775 806 3051 874 hominis,
3073 823 3261 880 quam
3296 825 3513 867 omnes

1849 893 2206 963 concedunt,
2219 895 2267 950 si
2283 901 2559 951 accurate
2576 895 2932 967 inquiratur,
2950 897 3276 968 reperietur
3287 897 3513 956 habere

1848 979 2230 1047 differentias,
2287 999 2416 1055 quae
2473 989 2529 1039 et
2575 983 2984 1041 diversitatem
3023 986 3414 1054 constituunt,
3453 992 3511 1044 et
3583 1005 3586 1010 ·

1849 1086 2231 1128 communem
2262 1073 2518 1145 speciem
2572 1073 2632 1128 in
2676 1073 2826 1129 alias
2858 1075 3317 1131 communitates
3362 1076 3514 1133 divi-

1848 1159 2112 1232 dunt(t),
2139 1177 2194 1216 v.
2215 1162 2439 1230 gr.vult
2458 1163 2770 1218 comedere
2788 1167 2846 1217 et
2867 1163 3068 1219 bibere
3104 1181 3119 1227 ;
3145 1164 3252 1220 sed
3273 1165 3368 1222 hic
3392 1182 3509 1221 ma-

1850 1247 2071 1317 gis,ille
2099 1249 2296 1303 minus
2316 1250 2610 1320 ejusmodi
2639 1250 3002 1306 desiderium
3024 1251 3228 1315 habet,
3261 1255 3408 1309 dum
3441 1255 3504 1310 in

1848 1338 1966 1394 vita
2003 1344 2106 1402 est,
2139 1344 2194 1393 et
2232 1339 2425 1408 magis
2456 1344 2512 1395 et
2541 1339 2742 1395 minus
2772 1340 3110 1396 naturalem
3140 1341 3505 1399 voluntatem

1849 1441 1972 1481 non
1989 1426 2262 1497 partitur,
2295 1433 2352 1482 et
2388 1426 2683 1483 contrahit
2713 1427 2793 1484 ad
2833 1429 3026 1498 magis
3061 1430 3502 1501 particularem,

1849 1515 1991 1587 quia
2011 1515 2204 1584 magis
2219 1515 2491 1571 etminus
2518 1532 2633 1571 non
2657 1522 2853 1588 potest
2875 1525 3089 1574 natura
3113 1517 3507 1575 variationem

1848 1605 2183 1661 naturalem
2205 1605 2421 1677 speciei
2452 1605 2545 1661 vel
2574 1608 3023 1664 communitatis
3053 1608 3308 1665 efﬁcere.

226 1694 351 1767 Ἐρεῖ
402 1689 488 1746 οὖν
559 1713 640 1756 τις
706 1693 832 1767 ὀρθῇ
892 1689 1300 1768 διακοπτόμενος
1349 1707 1381 1750 y
1421 1699 1615 1770 κρίσει,
1672 1697 1740 1758 ὡς

1927 1694 2082 1750 Dicet
2110 1709 2251 1763 ergo
2282 1694 2496 1766 aliquis
2523 1699 2684 1750 recto
2706 1695 2930 1766 judicio
2958 1711 3084 1752 rem
3108 1697 3503 1769 perpendens,

167 1789 292 1833 τοῦτο
319 1778 384 1840 δὴ
433 1786 491 1835 τό
549 1787 772 1854 φυσικόν
818 1782 1036 1856 θέλημα,
1090 1785 1221 1836 καθὸ
1273 1787 1363 1856 μὲν
1419 1782 1504 1837 ἐπὶ
1549 1785 1740 1846 πάντας

165 1869 432 1943 ἀνθρώπους
509 1873 778 1944 ὁμοτίμως
865 1868 1144 1942 διαϐαίνει,
1231 1878 1302 1936 εὶς
1379 1872 1742 1931 ὑπὸϐεϐηκότα

165 1962 226 2016 εἰη
251 1991 273 2021 ι
299 1960 353 2012 οὗ
387 1965 648 2032 τέμνεται·
705 1963 836 2014 καθὸ
870 1958 930 2014 δε
972 1965 1062 2023 τὰς
1116 1960 1216 2014 ἀπὸ
1269 1969 1362 2015 τοῦ
1409 1962 1602 2034 μᾶλλον
1649 1967 1736 2016 καὶ

163 2047 292 2104 ἦττον
336 2046 650 2122 ἐπιδέχεται
680 2050 1035 2125 παραλλαγὰς,
1093 2049 1368 2122 ἀναλογίαν
1417 2055 1534 2103 τινὰ
1581 2054 1740 2114 σώζει

162 2140 270 2206 πρὸς
321 2140 384 2190 τὰ
435 2136 786 2212 διαιρούμενα
831 2145 919 2192 καὶ
971 2145 1065 2198 τήν
1123 2138 1385 2215 διαίρεσιν
1440 2141 1514 2202 εἰς
1570 2138 1740 2202 εῖδους

161 2224 383 2299 προϐολήν
439 2229 538 2281 οὐκ
606 2225 925 2300 ἐπιδέχεται.
984 2226 1150 2282 Οὐδὲν
1205 2226 1294 2282 οὖν
1359 2229 1584 2283 ἐκώλυσε
1647 2235 1738 2283 καὶ

161 2318 210 2365 τὸ
242 2321 446 2387 φυσικόν
494 2317 678 2379 ἁπλῶς
735 2318 998 2390 ὁμολογεῖν
1061 2317 1335 2392 ἀνθρώπου
1390 2319 1608 2392 θέλημα,
1649 2324 1741 2372 καὶ

162 2412 287 2458 τοῦτο
361 2407 956 2481 πολυπραγμονούμενον
1034 2413 1124 2461 καὶ
1203 2405 1478 2484 διαφοραῖς
1565 2411 1737 2484 ὥσπερ

161 2494 263 2546 αὐτὸ
315 2492 748 2568 διαστελλόμενον
813 2497 1158 2572 ποικιλωτέρᾳ
1209 2494 1418 2571 διανοίᾳ
1473 2502 1563 2551 καὶ
1627 2518 1741 2551 ποι⁸

160 2583 423 2657 κιλωτίροις
471 2589 733 2658 ὀνόμασιν
785 2585 1190 2640 ὑποϐάλλεσθαι·
1240 2589 1297 2640 τὸ
1359 2587 1487 2640 αὐτό
1538 2583 1597 2641 δε
1652 2593 1743 2640 καὶ

161 2670 225 2724 ἐπ’
270 2673 424 2727 ἄλλων
473 2681 684 2749 μυρίων
757 2674 1138 2751 προϐλημάτων
1208 2677 1416 2750 εὑρήσει
1485 2695 1563 2738 τις
1625 2679 1743 2730 θεω-

159 2763 236 2835 ροὺ
239 2781 393 2835 μενον.

222 2850 364 2904 Ἀλλὰ
431 2855 501 2906 τὰ
569 2850 877 2928 πορρωτέρω
939 2853 1088 2926 λέγω,
1150 2854 1258 2906 ἐνόν
1333 2852 1594 2928 ἕγγυτίρω
1657 2858 1743 2908 τόν

161 2935 285 3009 λόγον
333 2944 722 2995 πιστώσασθαι
772 2940 1168 3016 παραδείγματι
1213 2961 1226 3010 ;
1276 2944 1477 3006 Παῦλος
1525 2944 1744 3020 ξυρᾶται

159 3033 231 3080 καὶ
311 3029 607 3101 ἁγνίζετοιι,
693 3036 784 3083 καὶ
867 3037 1156 3106 περιτέμνει
1251 3035 1517 3106 Τιμόθεον.
1605 3032 1745 3108 Ἀρα

157 3119 364 3191 καθαρῶς
416 3124 512 3172 καὶ
595 3118 796 3193 ἁμιγῶς
851 3120 1018 3174 θελωνκ
1053 3126 1144 3174 καὶ
1190 3118 1355 3194 μηδὲν
1412 3121 1743 3195 ἐφιστάμενος

156 3213 236 3257 τῶν
293 3205 556 3268 ἀθελήτων
625 3207 1010 3283 ἐπιπλεκόμενοι
1054 3223 1082 3254 ι
1138 3219 1210 3282 τῷ
1263 3213 1513 3283 θελήματι
1564 3228 1578 3279 ;
1644 3218 1744 3265 Καὶ

156 3302 247 3356 πῶς
276 3299 460 3368 ζημίαν
517 3300 736 3369 ἡγεῖται
783 3301 848 3352 τὰ
895 3307 987 3353 τοῦ
1031 3305 1190 3373 νόμον
1229 3305 1320 3353 καὶ
1370 3300 1604 3354 σκύϐαλα
1655 3307 1744 3354 καὶ

153 3386 201 3435 τὸ
272 3389 673 3460 περιτέμνεσθαι
744 3397 819 3460 τῷ
885 3397 976 3442 τοῦ
1053 3397 1287 3462 Χριστοῦ
1364 3393 1744 3465 καταργεῖσθαι

153 3478 416 3547 “ivx/pa;
451 3482 576 3530 Οὐκ
606 3473 694 3529 οὖν
725 3476 949 3531 ἀκούσια
996 3486 1164 3531 ταῦτα
1200 3484 1290 3532 καὶ
1332 3478 1558 3538 ἆθέλητα
1599 3480 1744 3553 λόγος

153 3559 306 3626 ουδεὶς
383 3563 786 3638 ἀντιφθέγξοιτο
861 3572 952 3620 καὶ
1027 3573 1213 3641 τρόπος
1285 3569 1583 3642 οἰκονομίας
1672 3579 1744 3641 τῷ

155 3649 349 3727 ἀπρεπεῖ
399 3655 648 3728 μάλιστα
693 3659 784 3708 καὶ
837 3654 1067 3728 ἀθελήτῳ
1137 3657 1506 3731 στηριζόμενός
1556 3678 1612 3711 τε
1655 3664 1745 3712 καὶ

156 3738 525 3816 ἓπιπλεκόμενος
582 3752 654 3814 τῷ
708 3744 976 3818 θελήματι.
1033 3745 1148 3821 Ἆρ’
1194 3743 1281 3799 οὖν
1329 3767 1406 3808 τις
1453 3749 1578 3820 ἡμῖν
1627 3750 1745 3820 φθοο

152 3836 278 3888 νήσει
349 3843 448 3885 τῶν
519 3833 814 3905 ὀνομάτων,
888 3836 1016 3910 ὁρῶν
1095 3838 1158 3888 τὰ
1230 3839 1366 3888 κατὰ
1443 3835 1747 3909 συμπλοκὴν

155 3922 416 3992 πράγματα
467 3931 764 3998 προσφυῶν
818 3930 909 3977 καὶ
956 3923 1289 3983 καταλλήλων
1340 3925 1588 3999 ῥημάτων
1637 3923 1749 3979 δεό-

152 4028 259 4079 μενα
285 4028 297 4076 ;
326 4015 391 4065 Τί
436 4008 536 4066 δαὶ
591 4012 804 4078 ἄτοπον,
855 4013 1044 4086 μᾶλλον
1086 4011 1144 4067 δὲ
1187 4023 1293 4076 πῶς
1341 4015 1436 4067 οὐκ
1468 4013 1747 4087 ἀναγκαῖον

154 4094 399 4169 ὀνομάζειν
469 4100 688 4175 ἐπείπερ
759 4103 999 4175 ὑπάρχον
1077 4104 1261 4177 ὁρᾶται
1336 4107 1424 4156 καὶ
1503 4103 1747 4163 ἁθέλητον

152 4182 346 4260 θέλημα,
394 4193 489 4242 καὶ
537 4187 642 4263 βίᾳ
688 4187 1016 4264 ὑποδυομένη
1072 4195 1130 4245 τὸ
1178 4191 1414 4246 ἑκούσιον
1437 4207 1452 4260 ;
1489 4197 1590 4247 Καὶ
1640 4202 1744 4256 τοῖς

1848 1781 2004 1838 hanc
2026 1783 2386 1838 voluntatem
2407 1783 2739 1840 naturalem
2762 1791 3059 1857 quatenus
3077 1785 3156 1842 ad
3170 1803 3381 1842 omnes
3396 1787 3508 1844 ho-

1850 1871 2040 1926 mines
2064 1871 2372 1944 mqualiter
2397 1877 2622 1937 manat,
2657 1877 2714 1929 et
2751 1875 3023 1945 pertinet,
3071 1891 3194 1931 non
3237 1875 3417 1932 dividi
3447 1875 3509 1932 in

1850 1961 2074 2032 species
2107 1960 2748 2034 subjectas;quatenus
2767 1978 2908 2018 vero
2929 1963 3289 2020 variationes
3313 1981 3386 2020 ex
3414 1981 3502 2034 eo,

1847 2049 2013 2122 quod
2044 2049 2234 2118 magis
2269 2054 2371 2104 aut
2403 2049 2598 2105 minus
2639 2050 2807 2115 inest,
2843 2051 3070 2106 recidit.
3101 2068 3339 2109 servare
3367 2069 3508 2125 pro-

1849 2138 2178 2210 portionem
2202 2137 2529 2210 quamdam
2553 2137 2630 2194 ad
2643 2138 2836 2194 divisa
2853 2139 3271 2211 pertinentem,
3289 2145 3344 2196 et
3361 2141 3512 2198 divi-

1849 2227 2077 2282 sionem
2109 2226 2186 2282 ad
2238 2227 2690 2299 producendam
2722 2229 2981 2299 speciem
3033 2244 3154 2285 non
3185 2229 3504 2301 suscipere.

1851 2315 1998 2371 Nihil
2030 2316 2209 2386 igitur
2238 2315 2537 2387 prohibuit
2575 2315 2842 2372 conﬁteri
2886 2317 3234 2389 simpliciter
3261 2323 3506 2376 natura-

1849 2405 1966 2461 lem
2006 2405 2370 2461 voluntatem
2403 2404 2686 2470 hominis,
2718 2411 2772 2462 et
2803 2406 2958 2463 hanc
2989 2412 3264 2464 accurate
3297 2424 3512 2464 excus-

1853 2511 2003 2559 sam,
2029 2500 2086 2550 et
2114 2493 2462 2552 diﬂerentiis
2492 2495 2671 2551 veluti
2701 2495 3257 2562 distinctam,variaa
3279 2498 3510 2554 notioni

1853 2589 1908 2639 et
1932 2585 2108 2640 variis
2139 2584 2477 2640 nominibus
2507 2583 2802 2654 subjicere
2836 2601 2850 2650 ;
2885 2585 3042 2641 idem
3071 2586 3251 2643 etiam
3282 2585 3342 2642 in
3379 2586 3511 2643 inti-

1853 2673 1989 2728 nitis
2019 2673 2146 2729 aliis
2165 2673 2598 2746 questionibus
2618 2673 2987 2745 reperiemus
3013 2674 3290 2746 spectari.

1927 2851 2037 2908 Sed
2061 2850 2202 2922 quid
2223 2867 2377 2923 opus
2394 2855 2482 2907 est
2503 2867 2968 2908 commemorare
2989 2852 3345 2924 longinqua,
3370 2868 3510 2909 cum

1853 2955 2037 3012 prope
2059 2941 2574 3007 habeamus,unde
2586 2941 2747 3012 quod
2763 2940 3464 3005 dicimus,contirmemus
3483 2942 3510 2996 Τ

1853 3030 2074 3086 Paulus
2113 3029 2411 3093 tondetur,
2443 3034 2501 3084 et
2533 3029 2897 3101 purificatur,
2927 3046 2996 3085 ac
3023 3030 3390 3086 circumcidit
3415 3031 3508 3086 Ti-

1857 3119 2182 3174 motheum.
2217 3118 2499 3191 Nunquid
2535 3133 2676 3188 pure
2707 3121 2762 3172 et
2786 3118 3159 3188 impermixte
3190 3119 3415 3183 volens,
3457 3123 3514 3176 et

1853 3207 2001 3263 nihil
2025 3223 2252 3273 eorum,
2276 3224 2406 3278 quae
2431 3206 2665 3262 volebat
2695 3207 2793 3278 (2),
2818 3223 2956 3263 cum
2989 3207 3290 3263 voluntate
3313 3207 3511 3280 impli-

1853 3302 2045 3353 catum
2075 3297 2375 3352 sustinens
2400 3295 2429 3351 ‘I
2459 3301 2514 3351 et
2533 3295 2841 3368 quomodo
2857 3311 2990 3368 quae
3019 3293 3161 3367 legis
3184 3301 3320 3352 sunt
3341 3297 3512 3353 detri-

1856 3390 2125 3441 mentum
2173 3389 2409 3457 reputat
2453 3385 2553 3456 (3),
2587 3387 2645 3438 et
2681 3388 2942 3440 stercora
2979 3382 3009 3438 7
3044 3389 3098 3440 et
3139 3384 3510 3453 circumcidi,

1854 3475 2128 3532 evacuari
2155 3475 2364 3531 Christi
2387 3473 2864 3546 prietlicationem
2885 3474 2914 3529 ἱ)
2941 3473 3147 3529 Nullus
3173 3473 3351 3544 igitur
3376 3490 3516 3530 con-

1857 3566 2122 3632 tradicet,
2147 3566 2292 3638 quin
2315 3565 2441 3619 haac
2463 3569 2709 3619 essenta
2725 3563 3026 3620 voluntate
3047 3563 3174 3635 ejus
3202 3563 3392 3620 aliena
3411 3563 3512 3635 (4),

1855 3662 2101 3729 eratque
2133 3655 2352 3710 modus
2385 3654 2754 3717 oeconomia,
2788 3653 2846 3708 id
2880 3658 2987 3717 est,
3036 3652 3516 3723 gubernationis,

1855 3747 1917 3802 in
1951 3745 2257 3800 voluntate
2284 3743 2544 3799 maxime
2567 3742 2760 3798 aliena
2777 3747 2834 3798 et
2854 3742 3040 3797 invita
3068 3741 3307 3797 fulcitus
3331 3745 3390 3798 et
3413 3742 3519 3798 im-

1858 3835 2130 3908 plicatus.
2187 3836 2335 3889 Num
2369 3833 2548 3902 igitur
2579 3831 2791 3902 aliquis
2845 3831 3146 3886 invidebat
3198 3830 3374 3887 nobis
3411 3846 3520 3886 no-

1860 3925 2023 3980 mina
2051 3923 2152 3995 (5),
2187 3922 2237 3976 si
2273 3920 2470 3977 videat
2499 3937 2590 3976 res
2639 3920 2974 3992 implicatas
3031 3919 3220 3975 verbis
3251 3920 3427 3991 aptis,
3458 3923 3520 3975 et

1858 4010 2318 4084 congruentibus
2360 4009 2618 4078 indigere
2647 4009 2674 4066 ?
2707 4007 2855 4073 Quid
2887 4012 3088 4062 autem
3118 4006 3367 4062 absurdi
3407 4011 3514 4072 est,

1858 4102 2000 4174 quin
2030 4100 2228 4174 potius
2259 4098 2568 4170 quomodo
2598 4113 2721 4152 non
2759 4095 3170 4152 necessarium
3203 4100 3292 4150 est
3319 4093 3518 4150 nomi-

1859 4207 2003 4248 nare
2023 4191 2052 4246 ?
2083 4187 2402 4262 (siquidem
2425 4185 2679 4243 cernitur
2703 4201 2830 4242 esse
2848 4189 2904 4241 et
2923 4183 3203 4240 voluntas
3231 4182 3431 4249 invita,
3459 4187 3516 4240 et

1505 4373 1735 4430 VARle
1777 4371 2068 4430 LECTION
2077 4371 2178 4426 ES.

213 4481 240 4512 ι
265 4478 597 4537 κοινοτήτας.
673 4487 707 4530 7
736 4475 777 4531 Ι.
819 4472 1280 4551 διασκεπτόμενος.
1359 4489 1385 4520 ⁸
1407 4475 1546 4538 εἴδη.
1623 4492 1651 4523 ι
1680 4482 1769 4536 An
1801 4479 2192 4551 ἔπιπλεκόμενον
2214 4475 2242 4531 ?

1716 4580 1941 4635 NOTAE.

211 4670 395 4757 (1)”E‘t
426 4688 808 4757 com‘mu‘neriz‘
829 4675 1072 4743 speciem
1091 4675 1363 4732 dividunt
1388 4692 1410 4732 .'
1434 4681 1533 4757 Καὶ
1559 4680 1616 4730 τὸ
1640 4696 1745 4729 κοι·
1782 4679 1825 4732 D
1857 4677 2122 4751 reputat,
2146 4667 2698 4757 etmcirc-umcisiope
2715 4681 2970 4757 semper
2999 4663 3516 4757 Eircum‘cisip‘n‘em

150 4743 224 4793 νον
245 4739 452 4805 εἶδος...
500 4745 568 4800 ld
599 4748 736 4800 est:
772 4739 1259 4802 Et'communem
1311 4749 1571 4805 speciem
1628 4764 1746 4803 non

152 4812 427 4870 dividunt.
455 4847 518 4856 —
552 4815 840 4872 Particula
866 4816 923 4869 οὐ
950 4818 1149 4873 deerat
1171 4819 1230 4872 in
1251 4812 1455 4874 codice
1479 4837 1587 4874 ms.
1613 4823 1749 4875 'l‘ur-

154 4885 307 4962 riam,
342 4892 627 4962 attamen
650 4894 734 4942 est
766 4888 1118 4962 necessaria,
1153 4889 1376 4962 quippe
1414 4891 1627 4962 legitur
1660 4891 1750 4962 in-

149 4953 318 5033 ferius
368 4957 428 5033 οὗ
482 4959 758 5031 μερίζει...
813 4956 952 5031 μηδὲ
989 4953 1278 5032 πέφνκὲν..ῖ
1306 4953 1600 5033 ’ἐξαλλαγὴν
1649 4960 1752 5014 ἁπ-

155 5029 481 5100 εργάζεσθαι.

217 5099 292 5168 (2)
326 5100 512 5172 Nihil
537 5115 742 5157 eorum
772 5117 898 5172 quae
937 5103 1168 5159 volebat
1199 5100 1416 5161 :Mml‘kv
1439 5113 1538 5158 τῶν
1566 5103 1752 5162 ἀθελή-

151 5171 350 5245 τωντλιᾴ
378 5179 470 5227 est
497 5192 510 5229 :
551 5171 702 5245 Nihil
731 5171 938 5228 ecrum
971 5189 1109 5245 quae
1151 5175 1411 5230 nolebat.

213 5243 288 5310 l3)
313 5243 621 5307 Quomodo
645 5261 761 5314 quia
790 5245 926 5314 legis
955 5243 1110 5309 simi,
1136 5247 1553 5302 detrimentum
1584 5262 1754 5315 repu-

153 5312 242 5374 tat,
257 5319 309 5388 ct
321 5312 705 5388 circumcidi,
721 5312 998 5372 evacuari
1024 5317 1239 5372 Christi
1250 5312 1712 5388 praedicationem
1724 5317 1752 5372 ?

154 5388 256 5444 Πῶς
285 5387 487 5460 ζημίαν
519 5387 729 5457 ἡγεῖται
759 5389 822 5438 τὰ
852 5395 945 5439 τοῦ
973 5393 1132 5460 νόμον
1165 5387 1259 5442 καί
1288 5393 1345 5442 τό
1385 5389 1619 5459 (malim
1662 5394 1752 5460 τῷ)

153 5459 538 5536 περιτέμνεονθαι
598 5461 778 5536 τὸ-τοῦ
805 5463 1445 5536 Χριστοῦ-καταργεῖσ-θαι
1467 5459 1748 5536 κήρυγμα.

152 5511 356 5586 Ιᾶθείε
391 5529 720 5597 Quomodo
766 5511 904 5603 quive
942 5529 1086 5603 legis
1114 5511 1754 5610 spat'aéiﬁuiéhiﬁm

1858 4736 2128 4802 evacuari
2197 4741 2406 4799 Christi
2481 4738 2969 4810 praedicationem
2999 4737 3028 4792 ‘I
3061 4736 3516 4810 —-47Turrianus

1860 4817 2166 4872 reddendo
2192 4823 2263 4886 τῷ
2292 4808 2683 4886 περιτέμνεσθαι
2709 4825 2814 4886 per
2838 4808 3203 4886 circumcidi,
3248 4809 3516 4886 inserue-

1859 4894 1951 4944 rat
1983 4879 2242 4942 versioni
2299 4879 2517 4939 Latinas
2568 4879 2979 4944 Graecismum,
3037 4880 3137 4950 qui
3175 4895 3294 4935 non
3349 4879 3518 4935 intel-

1858 4960 1959 5028 ligi
1991 4959 2180 5029 potuit
2215 4957 2317 5029 ab‘
2345 4955 2414 5010 iis
2445 4954 2547 5029 qui
2596 4953 2795 5029 Latine
2841 4956 3071 5029 tantum
3114 4951 3375 5029 sapiunt,
3407 4967 3518 5029 nec

1861 5023 2114 5103 possunt
2146 5026 2422 5100 supplere
2443 5023 2756 5081 articulum
2775 5031 2844 5093 τῷ
2861 5038 3032 5094 quem
3053 5023 3346 5095 interpres
3368 5023 3519 5078 omi-

1863 5109 2046 5158 serat.

1934 5174 2007 5245 (4)
2040 5174 2113 5245 1ηΔ
2144 5171 2438 5245 voluntate
2472 5168 2729 5245 maxime
2751 5165 2955 5245 aliena
2983 5182 2996 5220 :
3030 5171 3113 5236 Τῷ
3160 5163 3378 5245 ὄιπρεπεῖ
3420 5166 3521 5245 μά-

1860 5236 2019 5298 λιστα
2049 5243 2320 5315 θελήματι.
2379 5239 2442 5295 ld
2492 5245 2577 5294 est
2615 5255 2628 5293 :
2665 5237 2973 5294 Voluntate
3035 5236 3297 5293 maxime
3354 5236 3520 5291 inde-

1863 5317 2041 5373 ceuti.

1936 5390 1953 5458 (
1961 5392 1990 5442 ὅ
2000 5398 2012 5454 )
2025 5387 2086 5442 Ν
2085 5403 2181 5442 um
2196 5385 2296 5455 igit
2304 5400 2376 5458 ur
2393 5381 2612 5452 aliquis
2627 5381 2926 5458 invidebat
2943 5379 3104 5458 nobis
3117 5379 3355 5458 nomina
3365 5376 3518 5458 ξῑζΑρν

1863 5450 1952 5511 οὖν
1996 5450 2074 5521 τις
2131 5450 2256 5529 ἡμῖν
2295 5450 3025 5529 φθονήσεΔιΑτῶν-όνομάτων.
3076 5450 3141 5529 [fi
3191 5453 3328 5506 est:
3363 5450 3516 5508 Num

1863 5530 2043 5601 igitur
2070 5521 2601 5603 aliquis'invidebit
2627 5525 2796 5583 nobis
2819 5521 3060 5581 nomina
3086 5521 3116 5578 ?
