4136 6198
423 253 527 309 539
1758 236 1995 294 ΙἮΟΤΙΙ
2038 228 2303 288 ΡΑΊἪΙΑ
2315 228 2525 285 ΒΟΗᾹῖ
2562 227 2672 285 CP.
3685 219 3789 277 540

428 375 829 434 voluntarium
862 388 969 445 per
996 372 1117 427 vim
1150 369 1418 440 subiens)
1441 374 1498 425 et
1522 369 1645 424 haec
1677 367 1873 424 verbis
1898 360 2061 430 signi-

2190 360 2534 423 σημαίνουσιν
2602 350 2941 425 ἀπαγγέλλειν
2994 356 3161 402 ταῦτα
3228 350 3465 419 γνώριμά
3521 366 3575 399 τε
3627 355 3787 400 ποιεῖν

425 465 741 522 ﬁcantibus
759 436 1065 518 enuntiare
1082 477 1149 515 ac
1175 436 1510 531 patefacere
1529 457 1557 512 ‘1’
1577 458 1867 529 Reputare
1899 454 2058 522 igitur

2184 450 2273 497 xui
2321 453 2426 505 τοῖς
2466 443 2699 517 ῥήμασιν
2730 459 2743 507 ;
2772 442 3106 511 Ἀναθεωρείν
3156 441 3327 489 τοίνυν
3380 445 3645 507 προσῆκεν
3686 436 3788 507 οὐχ

426 554 762 627 oportebat,
792 568 911 607 non
945 550 1109 623 quod
1150 524 1398 604 nomina
1446 563 1565 602 non
1614 524 1848 601 fuerunt
1881 543 1982 599 tibi
2015 543 2059 596 ir

2185 540 2265 585 ὅτι
2296 538 2367 605 μὴ
2423 535 2685 607 πρόχειρά
2736 550 2817 583 σοι
2859 532 3151 585 καθέστηκε
3190 528 3254 577 τά
3295 529 3525 597 ὀνόματα
3568 542 3580 554 '
3611 524 3719 576 ἀλλ’
3750 526 3792 577 εἰ

426 650 731 717 promptu,
760 642 862 695 sed
886 656 963 696 an
995 645 1207 694 natura
1228 654 1426 693 rerum
1454 637 1734 708 requirat,
1761 640 1821 689 ut
1843 633 1995 705 aptis
2020 647 2059 686 e‘

2186 622 2414 683 ἐπιςητεῖ
2465 631 2563 674 τῶν
2608 624 2930 695 πραγμάτων
2962 620 2991 675 ἡ
3023 618 3179 689 φὺσις
3230 612 3324 668 διὰ
3369 623 3467 666 τῶν
3512 622 3791 689 προσφυῶν

428 712 658 789 idoneis
684 730 875 785 verbis
906 728 1331 799 signiﬁcentur.

1229 743 1331 781 ;ur.
2189 712 2451 783 ὀνομάτων
2490 712 2862 782 σημαίνεσθαι.

501 820 615 879 Sed
643 820 765 876 haec
790 818 1029 891 quidem
1076 833 1284 872 rursus
1331 815 1479 871 dicet
1523 813 1738 886 aliquis
1764 812 1823 866 in
1851 815 2079 867 contra-

2257 800 2410 853 Ἀλλά
2461 808 2629 852 ταῦτα
2679 802 2767 871 μεν
2822 798 2887 858 εἰς
2940 795 3238 849 τούναντίον
3287 792 3441 845 πάλιν
3494 791 3598 867 ἐρεῖ
3647 811 3796 867 περι-

426 912 579 967 riam
605 914 827 981 partem
858 908 933 963 ad
956 905 1338 962 evertendum
1380 904 1686 971 rationem,
1716 919 1845 974 qua
1875 900 2053 955 efﬁcit

2184 894 2381 966 τρέπων
2429 894 2522 947 τὴν
2564 885 2831 950 ἀπόδειξιν
2883 884 2955 939 δι’
3004 888 3063 946 ἧς
3104 887 3362 957 γνωμικὸν
3415 882 3498 935 ἐπὶ
3559 890 3797 956 Χριστοῦ

427 1001 529 1072 qui
560 998 919 1054 contrariam
955 1001 1173 1067 partem
1203 994 1486 1057 defendit,
1519 1009 1636 1047 non
1671 997 1962 1062 oportere,
1993 988 2053 1043 di

2187 984 2254 1051 μὴ
2336 976 2442 1031 δεῖν
2516 977 2759 1049 λέγεσθαι
2830 974 3242 1034 κατεσκευάζετο
3302 972 3518 1043 θελημα,
3598 972 3625 1022 6
3705 978 3798 1030 τῆς

428 1055 555 1144 dere
588 1088 645 1142 in
680 1087 909 1143 Christo
940 1055 1302 1138 voluntatem
1344 1055 1683 1152 gnomicam
1714 1055 1815 1147 (6).
1854 1086 1917 1133 At
1950 1078 2061 1132 nul-

2188 1068 2538 1138 ἀντικειμένης
2622 1068 2998 1138 προίστάμενος
3072 1059 3315 1136 μερίδος,
3406 1060 3543 1112 Ἀλλ’
3620 1055 3799 1120 οὐδεὶς

426 1160 519 1215 lus
547 1159 853 1229 requisivit
897 1156 1122 1227 (objicit
1166 1145 1397 1224 veritas)
1434 1170 1540 1207 nec
1589 1160 1645 1205 ut
1693 1145 2059 1222 indagaretui

2189 1157 2478 1230 ἀπῄτησεν,
2536 1154 2881 1227 ἀνθυποφέροι
2937 1153 2997 1204 ἂν
3049 1155 3079 1210 ἡ
3140 1151 3374 1214 ἀλήθεια,
3426 1153 3543 1202 οὔτε
3598 1145 3802 1222 διερευ-

427 1256 641 1303 natura
676 1247 757 1299 rei
807 1246 1127 1315 propositae
1160 1246 1260 1311 (7),
1303 1258 1408 1295 nec
1443 1248 1503 1294 ut
1560 1241 1800 1294 inventa
1846 1237 2060 1292 silentic

2186 1249 2378 1299 νᾶσθαι
2426 1250 2520 1303 τὴν
2566 1247 2720 1315 φύσιν
2765 1251 2859 1295 τοῦ
2909 1243 3240 1316 προτεθέντος
3282 1241 3611 1313 πράγματος,
3665 1240 3804 1289 Οὔτε

425 1337 717 1391 deleretur
747 1340 803 1388 et
833 1334 1118 1387 celaretur
1151 1350 1165 1400 ;
1196 1347 1387 1402 neque
1426 1335 1665 1400 propter
1698 1344 1883 1382 rarum
1911 1343 2058 1380 usun

2190 1339 2481 1411 εὑρεθεῖσαν
2549 1342 2722 1406 σιωπῇ
2790 1336 2983 1389 ταύτην
3048 1329 3351 1403 ἀφηνιάζειν
3417 1334 3507 1381 καὶ
3565 1327 3807 1402 ἀποκρύ-

428 1426 738 1481 nominum
766 1422 1105 1476 substantia
1123 1436 1323 1475 rerum
1354 1419 1735 1473 dilaberetur.
1771 1420 1943 1471 Nemo
1976 1415 2057 1487 igi

2188 1428 2429 1477 πτεσθαι·
2496 1420 2614 1476 οὐδ’
2668 1422 2768 1475 ἀπὸ
2829 1430 2925 1482 τῆς
2974 1428 3075 1473 τῶν
3142 1419 3405 1491 ὀνομάτων
3470 1418 3806 1477 πανιζούσης

428 1520 517 1569 tur
542 1512 864 1585 quidquam
895 1510 1111 1565 horum
1152 1524 1345 1578 neque
1387 1506 1716 1577 proposuit,
1745 1521 1853 1560 nec
1885 1505 2061 1558 crimi-

2191 1519 2437 1587 χρήσεως
2486 1518 2579 1571 τὴν
2633 1521 2732 1564 τῶν
2780 1512 3102 1584 πραγμάτων
3152 1504 3525 1568 διασκεδάζειν
3565 1508 3804 1558 ὑπόστα-

427 1609 600 1659 natus
622 1607 728 1668 est,
753 1600 856 1654 sed
887 1598 1044 1669 quod
1068 1596 1348 1665 gnomica
1377 1596 1655 1650 voluntas
1679 1611 1839 1665 pure,
1871 1599 1926 1648 et
1958 1594 2060 1647 Sint

2194 1622 2295 1653 σιν.
2344 1606 2602 1673 Οῦμενουν
2650 1598 2820 1661 οὐδεὶς
2852 1600 3048 1651 τούτων
3077 1594 3230 1650 οὐδέν
3262 1600 3377 1649 οὔτε
3410 1598 3654 1671 προέθετο
3680 1598 3805 1647 οὔτε

428 1694 554 1747 ulla
575 1692 774 1745 aliena
800 1688 1201 1760 implicatione
1226 1687 1282 1740 in
1306 1687 1632 1756 quaestione
1657 1685 1847 1754 posita
1875 1682 2057 1752 est(8)

2192 1693 2467 1765 ᾐτιάσατό,
2502 1690 2607 1741 ἀλλ’
2645 1692 2724 1742 ὃτι
2754 1694 2811 1742 τὸ
2852 1691 3111 1761 γνωμικὸν
3172 1686 3369 1758 θελημα
3414 1688 3649 1758 καθαρῶς
3706 1688 3806 1736 καὶ

428 1782 542 1837 hoc
574 1780 817 1851 quidem
851 1784 1135 1847 tauquam
1170 1791 1242 1829 ne
1278 1774 1525 1828 omnino
1573 1773 1807 1843 quidem
1855 1772 2061 1826 dicturi

2192 1786 2355 1853 χωρίς
2419 1800 2557 1841 τινος
2605 1778 2883 1839 ἐπιπλοκῆς
2952 1777 3220 1849 ἀλλοτρίας
3267 1777 3509 1848 προτεθὲν
3579 1774 3652 1836 εἰς
3704 1774 3807 1835 ζὴ-

428 1876 601 1932 esset,
636 1884 741 1923 nec
766 1866 1092 1934 cognitum,
1126 1862 1454 1934 praeterivit,
1498 1868 1553 1917 et
1582 1863 1870 1933 despexit,
1915 1878 2061 1916 com-

2192 1890 2363 1938 τησιν,
2413 1877 2563 1920 τοῦτο
2612 1872 2699 1939 μεν
2745 1872 2917 1942 ὥσπερ
2969 1863 3107 1939 μηδέ
3154 1866 3307 1939 ῥηθὲν
3338 1864 3465 1924 ὅλως
3496 1860 3635 1935 μηδε
3678 1882 3808 1920 νοη-

433 1958 687 2013 miscens
718 1961 916 2010 autem
945 1952 1344 2007 voluntarium
1380 1967 1515 2005 cum
1558 1951 1757 2015 invito,
1790 1957 1845 2004 et
1868 1949 2066 2005 violent

2195 1960 2273 2009 θεν
2338 1954 2666 2031 παρέδραμεν
2732 1976 2785 2009 τε
2837 1961 2926 2008 καὶ
2985 1953 3367 2027 παρεϐλέψατο,
3443 1958 3807 2025 συμφωνήσας

433 2053 557 2102 tum
591 2062 727 2100 cum
758 2059 878 2097 non
910 2041 1185 2105 violento,
1221 2045 1273 2094 et
1297 2040 1409 2094 hoc
1436 2038 1739 2109 multiplici
1772 2038 1954 2093 verbo
1982 2053 2066 2092 no-

2195 2043 2253 2098 δὲ
2282 2050 2339 2098 τὸ
2371 2046 2604 2099 ἑκουσίον
2641 2066 2692 2099 τε
2740 2051 2830 2098 καὶ
2870 2048 2928 2098 τὸ
2985 2043 3329 2115 βεϐιασμένον
3375 2046 3463 2095 καὶ
3521 2041 3801 2108 ἀϐίαστον,

431 2135 656 2191 tionem
687 2131 973 2203 simplicis
1003 2130 1084 2184 rei
1117 2131 1453 2199 imponens,
1485 2128 1781 2182 existimat
1814 2144 1873 2181 se
1902 2127 2064 2182 lateri

2192 2140 2281 2188 xui
2342 2138 2508 2206 τούτῳ
2565 2144 2636 2206 τῷ
2690 2135 2999 2204 πολυπλοκῳ
3052 2138 3276 2205 νοήματι
3328 2137 3423 2189 τὴν
3482 2138 3573 2183 τοῦ
3631 2130 3806 2183 ἁπλοῦ

432 2223 754 2287 auditores,
804 2220 899 2291 qui
968 2218 1146 2273 vitam
1200 2218 1338 2272 facit
1395 2217 1930 2272 contradictionem
1981 2216 2058 2288 (9)

2193 2226 2517 2298 περιθέμενος
2585 2222 2841 2289 διάνοιαν,
2902 2226 3057 2275 οἴεταί
3120 2226 3242 2282 τοὺς
3305 2220 3566 2294 ἀκροατὰς
3611 2218 3808 2270 λανθά-⁵

432 2312 710 2383 Alioquin
728 2325 921 2380 neque
934 2309 1169 2380 penitus
1183 2307 1524 2375 gnomicam
1547 2309 1903 2361 voluntatem
1918 2322 2062 2360 sane

2193 2333 2292 2365 νειν
2342 2315 2367 2364 ὁ
2400 2319 2495 2371 τὴν
2543 2314 2837 2384 ἀντιλογίαν
2894 2311 3007 2385 βίον
3040 2314 3359 2382 ποιούμενος.
3401 2308 3600 2370 ’Ἄλλως
3643 2327 3698 2360 τε
3739 2304 3806 2359 δε

433 2402 506 2455 tis
534 2400 675 2454 viris
698 2397 1007 2467 demimus,
1032 2396 1205 2451 absit.
1232 2395 1515 2450 Homines
1531 2395 1689 2449 enim
1708 2411 1843 2449 cum
1861 2402 2066 2459 essent.

2194 2399 2317 2454 οῦδὲ
2379 2402 2601 2455 καθόλου
2673 2409 3041 2476 περιαιροῦμεν
3102 2408 3202 2452 τῶν
3264 2399 3423 2470 ἁγίων
3480 2394 3682 2470 ἀνδρῶν
3738 2398 3804 2448 1'6

434 2494 488 2543 et
503 2488 773 2542 nondum
789 2486 1087 2540 sarcinam
1102 2483 1441 2538 carunculae
1455 2482 1873 2553 deposuissent
1889 2500 2067 2553 ;szepe.

2192 2494 2453 2561 γνωμικὸν
2529 2491 2741 2563 θέλημα,
2826 2492 2956 2562 μήτί
3029 2493 3262 2561 γένηται.
3309 2488 3612 2561 Ἀνόρωποι
3693 2488 3804 2559 γὰρ

434 2592 687 2632 numero
716 2574 992 2628 humanis
1016 2572 1419 2627 voluntatibus
1437 2571 1728 2637 gnornicis
1751 2572 2063 2628 utebantur

2196 2582 2349 2643 ὄντες,
2390 2584 2479 2630 καὶ
2511 2585 2667 2651 μήπω
2717 2588 2808 2631 τοῦ
2865 2582 3084 2652 σαρκίον
3130 2580 3189 2628 τὸ
3221 2580 3426 2648 φορτίον
3468 2573 3802 2645 ἀποθέμενον

437 2666 547 2723 Sed
578 2664 721 2719 illud
764 2664 1045 2725 dicimus,
1088 2662 1135 2715 si
1166 2662 1219 2715 in
1252 2661 1361 2715 illis
1404 2676 1575 2730 saepe,
1607 2663 1764 2715 carni
1807 2662 1999 2717 adhuc
2030 2671 2070 2718 e1

2195 2672 2283 2719 καὶ
2328 2667 2668 2742 ἀνθρωπίνοις
2724 2668 2968 2728 πολλάκις
3019 2674 3299 2738 γνωμικοίς
3353 2663 3584 2737 ἐχρῶντο
3650 2663 3804 2722 θελή-

434 2754 709 2823 sanguini
738 2752 991 2821 alligatis
1022 2751 1301 2819 gnomica
1320 2749 1591 2804 voluntas
1621 2752 2067 2807 contraliebatui

2195 2775 2374 2827 μασιν.
2434 2756 2567 2808 Ἀλλ’
2627 2756 2782 2809 ἐκεῖνο
2838 2760 3019 2828 φαμὲν,
3077 2759 3146 2817 ὡς
3214 2754 3257 2806 εἰ
3309 2752 3357 2805 ἐν
3421 2751 3631 2813 Exitum;
3678 2750 3808 2802 πολ-

434 2844 493 2899 in
521 2847 863 2911 angustam,
891 2840 1028 2911 quis
1058 2854 1173 2893 non
1206 2838 1456 2907 refugiat
1486 2840 1698 2893 sentire
1723 2840 1857 2911 (10),
1882 2848 1983 2896 aut
2003 2842 2067 2896 di

2195 2844 2337 2905 λάκις
2381 2848 2454 2897 ἔτι
2501 2852 2657 2919 σαρκὶ
2713 2842 3110 2917 συνδεδεμένοις
3164 2848 3254 2895 xui
3312 2844 3515 2914 αἵματι,
3568 2844 3626 2892 1'6
3665 2860 3802 2910 γνω-

434 2947 563 2987 cere
594 2930 773 2987 fuisse
808 2930 865 2983 in
893 2928 1116 2983 Christo
1151 2928 1515 2982 voluntatem
1543 2929 1878 2995 gnomicam
1902 2929 1928 2983 ?
1949 2946 2067 2985 con

2195 2939 2347 3006 μικὸν
2420 2935 2736 2987 συνετέλλετο
2808 2935 3022 3005 θέλημα.
3104 2931 3427 2985 Ἐπιλελύπει
3480 2930 3509 2971 b
3557 2948 3611 2981 τε
3660 2948 3805 3001 παρ-

435 3023 598 3076 tinua
630 3025 827 3075 autem
872 3017 1143 3072 refutatio
1184 3016 1523 3085 argumenti
1564 3024 1619 3070 et
1660 3018 1922 3083 rationis,
1965 3035 2068 3089 qua

2196 3031 2324 3075 εῖναι
2353 3028 2423 3094 μὴ
2460 3024 2795 3095 κωλυόμενον.
2847 3024 2943 3083 Τίς
2974 3022 3034 3074 ἆν
3082 3022 3176 3073 οὐκ
3207 3019 3558 3092 ἐγκαλύψαιτο
3600 3025 3807 3090 φρονεῖν

432 3116 595 3165 recta
624 3108 825 3179 opinio
852 3108 1264 3169 conﬁrmatur,
1287 3122 1408 3161 non
1431 3105 1625 3161 solum
1649 3122 1767 3161 non
1787 3108 1975 3162 reddit
2003 3110 2065 3162 in

2196 3114 2225 3171 ἦ
2274 3112 2433 3183 λέγειν
2488 3112 2574 3164 ἐπὶ
2630 3120 2864 3187 Χριστοῦ
2923 3115 3183 3183 γνωμικὸν
3232 3112 3492 3183 ὑπάρχειν
3543 3108 3742 3179 θέλημα
3785 3125 3802 3178 ;

432 3198 761 3254 ﬁrmiorem
804 3197 1095 3251 rationem
1129 3195 1527 3250 conclusionis
1576 3195 1648 3250 de
1679 3198 1916 3251 veritate
1949 3198 2060 3269 (11)

2195 3200 2253 3252 οὐ
2285 3205 2386 3272 μὴν
2410 3197 2531 3253 οὐδε
2574 3202 2604 3259 ἡ
2653 3204 2884 3271 συνεχὴς
2926 3198 3195 3269 ἀντιλογία
3232 3204 3324 3249 τοῦ
3374 3195 3809 3255 κατασκευάζον-

436 3288 539 3344 sed
570 3292 776 3343 contra
796 3286 985 3357 potius
1003 3284 1524 3355 inexpugnabilem
1548 3300 1678 3339 esse
1710 3284 2063 3342 demonstrat

2194 3309 2276 3349 τος
2318 3294 2412 3347 τὴν
2464 3289 2623 3363 ὀρθὴν
2685 3288 2845 3351 δόξαν
2903 3287 3309 3360 ἐπιχειρήματος
3358 3285 3612 3358 ἀνωτίραν
3653 3287 3806 3340 οτὴν

436 3378 781 3447 Excogitare
825 3377 973 3431 enim
1006 3380 1211 3429 contra
1241 3390 1375 3428 eam
1428 3389 1639 3427 omnes
1670 3372 1851 3438 λαϐὰς,
1887 3375 1946 3429 id
1978 3381 2062 3431 est

2194 3384 2309 3451 περὶ
2367 3388 2460 3438 τῆς
2521 3378 2759 3438 ἀληθείας
2817 3374 3087 3440 ἀπόδειξιν
3154 3375 3570 3445 ἀπεργάζεσθαι·
3646 3371 3808 3425 Ἀλλὰ

436 3466 759 3537 captiones,
791 3472 846 3519 et
885 3480 1093 3518 omnes
1138 3479 1239 3518 eas
1270 3462 1435 3517 facile
1487 3462 1564 3516 ab
1610 3478 1681 3517 ea
1718 3463 1983 3528 dissolvi,
2030 3481 2060 3519 e

2194 3466 2487 3519 τούναντίον
2550 3472 2640 3519 καὶ
2696 3466 3063 3541 ἀναντίρρητον
3112 3461 3485 3518 ἐπιδείκνυσιν.
3550 3465 3620 3514 Τὸ
3696 3463 3804 3533 γὰρ

437 3560 603 3612 extra
629 3569 883 3619 omnem,
910 3551 1266 3607 calumniam
1294 3557 1449 3606 stare
1474 3551 1933 3622 (‘12),quomodo
1963 3568 2070 3607 nor

2198 3558 2365 3615 πάσας
2418 3576 2507 3628 μεν
2570 3556 2731 3618 λαϐὰς
2784 3558 2898 3608 κατ’
2966 3555 3126 3615 αὐτῆς
3195 3553 3433 3613 ἕπινοείν,
3501 3554 3679 3612 πάσας
3740 3546 3806 3604 δι

1786 3659 2015 3715 VARle
2060 3662 2456 3719 LECTIONES.

511 3768 541 3812 ³⁵
570 3770 704 3841 lego
744 3768 1069 3823 ἕπιλελοίπει.
1150 3780 1175 3810 ο
1208 3770 1314 3823 An.
1341 3764 1670 3841 ἀνετωτέραν,

2011 3868 2056 3923 Ν
2063 3869 2243 3925 OT/E.

512 3975 587 4048 (6)
616 3975 729 4031 Sed
748 3974 876 4031 haec
903 3975 1146 4047 quidem
1178 3992 1409 4048 rursus,
1434 3982 1537 4031 etc.
1569 3974 1927 4048 voluntatem
1952 3990 2089 4045 gno-
2200 3976 2489 4032 ctionibus
2516 3992 2620 4031 seu
2652 3975 3226 4031 contradictionibus
3264 3975 3481 4030 victum
3506 3973 3804 4048 quaeritat.

440 4044 677 4104 micam.
713 4078 775 4088 -
808 4048 905 4119 Hic
921 4044 1043 4101 erat
1070 4045 1471 4119 transpositio,
1512 4063 1645 4119 quce
1674 4047 1753 4101 sic
1781 4044 1975 4117 potest
2001 4064 2087 4102 re-
2271 4050 2384 4119 (10)
2416 4048 2484 4103 Si
2514 4050 2572 4103 in
2594 4048 2785 4103 illis...
2818 4048 3079 4117 gnomica
3112 4048 3381 4102 voluntas
3409 4044 3809 4119 contrahebat

441 4119 682 4175 formari
718 4142 730 4173 :
774 4118 883 4175 Sed
928 4119 1050 4173 haec
1089 4115 1331 4189 quidem
1374 4115 1577 4171 rursus
1618 4118 1674 4171 in
1722 4115 2088 4174 contrarium
2202 4126 2302 4174 tur
2332 4115 2391 4174 in
2424 4126 2760 4189 angustum,
2790 4115 2913 4189 quis
2940 4135 3059 4174 non
3086 4119 3334 4187 refugiat
3361 4115 3714 4189 sentiﬁre....?_
3747 4116 3809 4169 Εἰ

440 4192 616 4253 dicet,
650 4191 698 4245 is
728 4191 829 4262 qui
864 4186 1222 4245 contrariam
1258 4195 1475 4260 partem
1509 4189 1791 4262 defendit,
1826 4191 1903 4244 ad
1934 4206 2090 4244 ever-
2200 4189 2247 4242 ἐν
2302 4186 2577 4262 ἐκείνοις...
2633 4194 2690 4242 τὸ
2737 4186 2996 4262 γνωμικὸν
3048 4186 3401 4262 συνεστέλλετο
3451 4188 3648 4259 θέλημα
3696 4186 3809 4262 ἐπι-

440 4257 2087 4352 ten’dLamdemonstrationemquaeastruebat,gnomicam
2121 4299 2165 4352 Β
2200 4262 2419 4314 λελοίπει
2455 4261 2606 4352 [erat
2634 4263 2693 4352 in
2727 4257 2858 4315 meo
2901 4278 3009 4317 ms.
3046 4260 3333 4347 ἐπελελύτξει
3364 4276 3379 4345 ξ
3406 4257 3720 4352 δείξίξιθιο]
3751 4278 3809 4311 τε

439 4334 499 4389 in
521 4333 751 4407 Christo
778 4330 1433 4407 voluntatemdicinon
1466 4340 1770 4407 oportere.
2015 4404 2024 4407 _
2121 4330 2165 4352 υ
2201 4330 2544 4407 παρεῖναιξμῂ
2595 4333 2931 4407 κωλυόμενον,
2977 4338 3056 4392 τίς
3108 4331 3165 4382 ἆν
3220 4332 3313 4383 οὐκ
3357 4330 3805 4407 ἐγκαλύψαιτο....

510 4404 587 4475 (7)
614 4406 693 4458 At
724 4404 929 4460 nullus
957 4404 1254 4474 requisivit
1274 4400 1521 4475 (objicit,
1543 4404 1906 4475 veritaslnec
1930 4404 2091 4475 utjn-
2203 4405 2265 4458 Id
2285 4400 2411 4459 'est:
2436 4400 2493 4458 Si
2512 4404 2569 4457 in
2597 4400 2773 4459 illis...
2800 4405 3081 4472 gnomica
3100 4400 3806 4475 voluntas'contrabeba-

439 4472 762 4545 dagaretur
870 4472 1094 4530 natura
1180 4472 1293 4530 rei"
1353 4474 1823 4543 propasitzefAll'
1905 4472 2093 4545 οὐδεὶς
2206 4480 2301 4529 tur
2339 4476 2395 4529 in
2432 4481 2753 4544 angustum
2799 4498 2809 4528 :
2846 4482 2898 4529 et
2920 4483 3114 4530 tamen
3145 4477 3471 4545 supererat,
3513 4474 3806 4545 quoniam

442 4542 726 4617 ἀπῇτησεν,
785 4545 1126 4619 ἀνθυποφέροι
1192 4548 1251 4598 ἄν
1314 4542 1364 4603 ἠέ
1411 4545 1643 4603 ἀλήθεια.
1703 4550 1818 4596 οὔτε
1892 4542 2090 4619 dispar:
2204 4547 2416 4601 adesse
2458 4542 2577 4601 non
2609 4542 3234 4619 prohibebatu_r,_qnis
3268 4542 3809 4619 n_on_erubesc_eret

440 4614 633 4670 νᾶσθαι
700 4623 799 4690 τὴν
855 4614 1008 4689 φύσιν
1044 4614 1161 4690 ’τοῦ
1194 4689 1198 4690 7
1232 4620 1559 4690 προτεθέντος
1625 4614 1982 4690 πράγματοςς
2028 4617 2093 4671 ld
2204 4621 2439 4686 sentire,
2467 4624 2575 4673 etc.
2613 4614 2686 4657 ‘—
2732 4620 2864 4673 Erat
2894 4614 3145 4673 omissio
3186 4617 3243 4671 in
3292 4615 3497 4672 Latina
3536 4614 3808 4671 versione

440 4696 532 4745 est
563 4706 577 4745 :
607 4694 673 4744 At
704 4688 895 4744 nullus
923 4688 1228 4760 requisivit
1254 4688 1361 4757 (ait
1392 4690 1605 4742 veritas
1630 4688 1706 4742 ad
1741 4688 2090 4743 solvendam
2203 4690 2495 4745 Turriani.

441 4760 768 4816 adversarii
795 4757 1220 4831 objecti'onem)
1246 4766 1307 4815 ut
1336 4774 1457 4814 non
1481 4760 1860 4828 indagaretur
1882 4766 2096 4815 natura
2277 4760 2387 4831 (11)
2422 4760 2711 4815 Continuo
2741 4766 2936 4815 autem
2969 4759 3250 4826 refutatio
3280 4757 3610 4831 argumenti
3632 4762 3690 4831 et_
3711 4772 3810 4813 ra-

444 4833 526 4887 rei
553 4825 890 4903 propositae?
1202 4825 1211 4831 ’
1344 4900 1357 4903 _
1629 4825 1650 4828 '
1812 4900 1821 4903 Α
2206 4825 2395 4895 tionis,
2431 4836 2537 4886 etc.
2578 4832 2656 4885 De
2685 4833 2945 4887 veritate.
2979 4825 3053 4883 Οὐ
3103 4834 3204 4901 μὴν
3244 4825 3369 4881 osa;
3408 4832 3639 4903 συνεχὴς
3670 4826 3809 4879 ἀντι-

514 4897 595 4973 (8)
630 4897 938 4982 Sedhquod
966 4902 1239 4982 gnognica
1265 4900 1541 4982 voluntas
1568 4916 1783 4972 pure...
1811 4900 1869 4955 in
1900 4917 2094 4982 quaas-
2204 4902 2356 4973 λογία
2394 4897 3147 4982 τοῆκατασκευάιζοντοςιτῆν
3198 4902 3355 4982 ὀρθὴν
3401 4897 3566 4963 δόξαν
3606 4898 3807 4970 ἐπιχει-

444 4971 825 5057 ςίίξυειροβὶμὶ
850 4971 1296 5057 estC—“Sensus
1323 4979 1376 5057 of
1399 4971 1578 5057 series
1602 4971 2095 5053 argumentipos-
2205 4971 2434 5057 ρρματος
2484 4973 2737 5057 ἀνωῖὲραν
2794 4973 2946 5057 [lego
3016 4971 3341 5045 ἀνετωτέραν]
3405 4977 3493 5029 τὴν
3546 4976 3662 5045 περὶ
3717 4980 3809 5031 τῆς

446 5042 724 5117 ῐυιιιηιύῐ
761 5045 991 5113 legatur
1009 5059 1035 5117 Δε
1064 5044 1173 5098 Sed
1195 5043 1379 5117 quod,
1407 5051 1724 5113 postquam
1754 5042 2095 5112 gnomi'cam
2205 5042 2449 5107 ἀληθείας
2482 5042 2749 5107 ἀπόδειξιν
2782 5042 3151 5117 ἀπεργάζεται.
3194 5042 3269 5117 Id
3298 5042 3386 5097 est
3418 5060 3430 5097 :
3476 5042 3674 5113 Neque
3723 5047 3809 5117 ta:

445 5116 721 5171 voluntas
755 5131 968 5186 pure...
1006 5114 1061 5169 in
1087 5114 1417 5185 quaestione
1450 5117 1642 5184 posita
1671 5130 1774 5169 est.
1893 5185 1896 5186 ν
2208 5134 2331 5171 men
2350 5118 2627 5171 Continua
2644 5114 3030 5171 contradicuo
3051 5117 3205 5171 facta
3223 5115 3271 5169 ei
3290 5120 3632 5186 argumento
3652 5114 3805 5182 quod

518 5188 687 5257 (9)Et
720 5184 821 5241 hoc
848 5184 1168 5259 multiplici
1202 5188 1392 5249 verba,
1423 5185 2093 5259 etc.cr_mtradit’ti0nem:
2207 5196 2426 5243 rectam
2447 5188 2789 5259 opinionem
2811 5188 3036 5259 astruit,
3055 5186 3441 5259 inﬁrmiorem
3462 5184 3809 5256 redditproo

446 5256 547 5312 Καὶ
608 5261 777 5330 ,τούτῳ
831 5266 904 5308 τῶ
960 5257 1264 5330 πολυπλόκῳ
1303 5262 1524 5329 νοήματι
1582 5256 1680 5329 [αι.
1742 5257 1962 5330 ῥήματι]
2006 5262 2098 5314 τὴν
2211 5260 2462 5330 positam
2488 5256 2578 5312 —de
2608 5261 2840 5313 veritate
2873 5257 3465 5313 demonstrationem.

442 5338 532 5382 τοῦ
590 5326 758 5403 ἁπλοῦ
816 5330 1151 5403 πείρεθ’έμιενοςΔ
1199 5326 1454 5403 διάνοιάν,
1507 5326 1672 5403 ρῖεὲαι
1737 5326 1855 5389 τοὺς
1914 5326 2099 5403 expuat;
2211 5326 2227 5330 ’
2280 5332 2392 5403 (12.)
2436 5332 2631 5403 Extra
2658 5345 2872 5403 omnem
2906 5330 3262 5403 calumniam
3286 5335 3476 5383 stare:
3516 5326 3809 5386 Πάσηςέκ·

442 5405 535 5462 τὰς
589 5401 849 5453 λανθάνειν
881 5399 927 5452 ’ὸ
970 5406 1063 5458 τὴν
1131 5399 1423 5472 ἀντιλογίαν
1494 5400 1607 5471 βίον
1658 5399 1988 5472 ποιουμένοςζ
2037 5400 2100 5454 Id
2208 5406 2295 5463 τὸς
2351 5400 2602 5463 διαϐολῆς
2649 5408 2737 5453 καὶ
2792 5401 3029 5471 ἐπηρείας
3077 5399 3310 5455 ἑστάναι.
3358 5400 3414 5453 Id
3466 5406 3592 5453 est:
3636 5400 3809 5452 Extra

444 5478 569 5554 est:
610 5476 681 5554 _Et
704 5474 816 5554 hoc
837 5472 1009 5554 valde
1029 5472 1283 5554 implexo
1308 5468 1519 5553 mentis
1543 5468 1965 5554 conceptu_(al.
2001 5488 2101 5527 vo-
2209 5490 2452 5554 omnem
2493 5474 2859 5554 calumniam
2887 5468 2943 5529 et
2972 5472 3485 5545 oppugnationem
3518 5486 3621 5525 seu
3646 5468 3805 5525 labe-

446 5544 689 5624 cabulo)
732 5543 1018 5624 simplicis
1049 5543 1131 5624 rei
1154 5543 1467 5624 notionem
1499 5544 2021 5624 involvens_l_ater_e
2038 5559 2101 5599 se
2210 5545 2592 5603 iactationem
2633 5551 2812 5603 stare.

445 5614 748 5675 auditores
788 5614 1119 5671 ex’sistimat
1152 5614 1202 5671 is
1234 5615 1338 5686 qui
1379 5632 1449 5672 ex
1480 5615 1894 5687 proponendis
1935 5615 2103 5687 obje-
