4136 6198
324 220 427 278 541

1361 226 1456 283 AD
1496 218 2049 317 AMPHILOClllUM
2091 222 2420 291 QUIESTIO
2465 224 2681 284 LXXX.

3583 236 3686 295 542

326 346 523 407 ἓκείνην
568 344 772 422 ῥᾳδίως
821 342 1072 418 διαλύειν,
1124 354 1214 402 καὶ
1264 353 1437 412 πάσης
1487 354 1628 412 ἐκτός
1676 348 1923 412 διαϐολῆς

2040 349 2314 406 omnibus
2344 350 2631 408 invictum
2661 351 2849 409 robur
2875 351 3005 423 ejus
3036 353 3319 425 patefacit
3347 358 3381 412 ?
3410 362 3540 415 tum
3571 361 3683 418 etsi

324 441 418 489 καὶ
468 435 713 510 ἐπηρείας
759 434 993 503 ἑστάναι,
1043 446 1150 500 πῶς
1202 439 1296 491 οὐκ
1337 440 1716 514 ἀνυπέρϐλητον
1764 439 1929 499 αὐτῆς

325 527 385 577 τό
434 527 623 599 κράτος
678 523 1131 593 ἀνακαλύπτεται;
1169 533 1351 581 Καίτοι
1393 549 1451 600 γε
1489 530 1533 582 εἰ
1575 534 1664 582 καὶ
1718 532 1776 581 τό
1821 528 1927 581 ἐπι-

324 619 567 686 χείρημα
619 621 770 667 τοῦτο
844 612 1137 686 ἀντιλογίαν
1186 617 1244 668 οὗ
1314 619 1438 693 ῥᾷον
1495 614 1654 671 οὖσαν
1715 615 1926 691 ἐδέχετο

327 700 660 769 διαλύεσθαι,
714 700 831 755 οὐδ’
885 703 1044 764 οὕτως
1092 705 1118 755 ό
1176 704 1403 769 ἐναντίος
1457 706 1610 780 λόγος
1655 706 1922 784 ὶρώννυτο.

323 794 403 845 Τά
474 794 577 864 γάρ
633 791 791 843 λοιπά
856 800 953 844 τῶν
1029 790 1455 867 ἕπιχειρημάτων
1524 799 1609 850 ἐπὶ
1683 804 1926 849 τοσοῦτον

326 879 716 953 ἕμφανεστάτην
791 885 1082 953 παρέχεται
1153 887 1246 943 τὴν
1321 883 1584 952 ἀλήθειαν,
1646 889 1714 947 ὡς
1787 883 1926 958 μηδὲ

325 970 674 1044 ἐπιχειρῆσαι
721 968 849 1031 ὅλως
891 973 1020 1044 πρός
1064 972 1222 1031 αὐτὴν
1268 972 1572 1045 ἀντιϐλέψαι
1618 980 1703 1027 τόν
1753 975 1925 1033 πάσας

322 1058 514 1131 τόλμας
560 1061 764 1131 ἕτοιμον
816 1063 937 1112 ὄντα
991 1059 1206 1133 τολμᾷν,
1267 1063 1309 1115 εἰ
1364 1069 1453 1116 καὶ
1504 1069 1597 1123 τὴν
1661 1063 1923 1136 αἰσχύνην

326 1144 421 1200 διὰ
466 1156 649 1200 πασῶν
690 1146 1019 1223 ἀποφέρεται.
1062 1151 1153 1212 Οἷς
1184 1153 1273 1223 μὲν
1319 1154 1421 1225 γὰρ
1466 1155 1513 1204 οἱ
1551 1154 1926 1228 προσενεχθέν-

324 1257 403 1298 τες
459 1237 604 1308 λόγοι
652 1239 710 1289 τό
756 1237 910 1296 ἧττον
963 1239 1263 1309 ἠνέγκαντο,
1305 1246 1398 1300 τὴν
1439 1246 1585 1300 νίκην
1636 1247 1923 1315 κυρὴττου-

327 1346 411 1378 σιν
472 1328 707 1399 ἄμαχον,
758 1327 834 1388 οἷς
901 1323 961 1379 δὲ
1026 1332 1116 1380 καὶ
1178 1329 1345 1382 αὐτῶν
1410 1338 1481 1402 τῷ
1555 1330 1924 1403 συμπλακῆναι

324 1416 601 1480 τεθήπασι,
633 1418 690 1467 τὸ
721 1417 908 1490 κράτος
936 1424 1035 1468 τῶν
1066 1416 1457 1494 ἀριστευμάτων
1488 1416 1603 1473 οὐδ’
1645 1418 1924 1491 ἀμφίϐολον

325 1502 715 1578 ἔμαρτύρησαν.

394 1591 594 1655 Ἀλλως
649 1612 703 1645 τε
757 1589 835 1659 δὲ,
882 1593 926 1646 εἰ
972 1595 1188 1668 ἄριστος
1232 1598 1322 1669 μὲν
1365 1595 1516 1669 λόγος
1560 1597 1620 1651 οὗ
1666 1605 1762 1659 τῆς
1801 1596 1922 1656 ἀλη-

2035 440 2317 510 quamvis
2344 440 2457 498 hoc
2477 448 2897 513 argumentum
2916 457 3038 497 non
3057 441 3225 499 facile
3240 443 3531 504 rationem
3549 465 3689 508 con-

2040 522 2374 585 lradicentis
2396 530 2745 587 dissolveret
2765 530 2875 602 (13)
2892 573 2905 597 ,
2927 546 3036 586 nec
3049 531 3129 586 sic
3148 537 3344 589 tamen
3363 535 3689 594 adversarii

2036 615 2348 688 disputatio
2381 618 2637 686 valeret;
2682 619 2912 692 reliqua
2951 622 3110 675 enim
3140 620 3319 692 hujus
3351 627 3689 694 argumenti

2037 708 2091 761 et
2114 706 2361 763 rationis
2391 707 2523 780 (14),
2561 725 2748 782 usque
2780 708 2933 765 adeo
2967 710 3369 782 perspicuam,
3404 716 3461 768 et
3485 713 3690 771 diluci-

2035 793 2170 850 dam
2204 795 2487 854 exhibent
2531 799 2858 863 veritatem,
2892 803 2956 855 ut
2986 814 3181 872 neque
3225 801 3327 872 qui
3369 809 3584 874 praesto
3616 804 3691 861 sit

2035 881 2112 937 ad
2139 883 2488 941 audendum
2520 886 2742 953 omnia,
2771 892 2976 942 contra
2998 903 3131 942 eam
3156 887 3421 961 aspicere
3446 890 3683 964 nitatur,

2034 974 2307 1043 quamvis
2334 973 2390 1029 in
2418 975 2697 1031 omnibus
2731 975 3022 1048 pudorem
3060 979 3345 1033 amandet
3375 979 3600 1051 procul,
3634 986 3691 1038 et

2034 1060 2278 1132 quidem
2299 1078 2449 1135 quos
2471 1080 2775 1120 sermones
2795 1064 2930 1122 facti
2958 1080 2993 1119 a
3017 1066 3481 1123 contradicendo
3502 1068 3690 1125 deter-

2033 1159 2301 1216 ruerunt,
2326 1151 2448 1206 sine
2477 1168 2680 1223 pugna
2701 1153 2830 1207 illos
2848 1153 3089 1224 quidem
3108 1154 3294 1209 victos
3314 1156 3641 1226 praedicant
3672 1175 3686 1226 ;

2032 1239 2250 1310 quibus
2282 1246 2483 1296 autem
2514 1241 2975 1298 admirationem
3012 1248 3339 1310 moverunt,
3366 1246 3691 1303 commissa

2033 1343 2260 1399 pugna,
2319 1329 2443 1385 istis
2513 1331 2667 1387 vires
2715 1346 2837 1387 non
2909 1330 3126 1388 dubias
3185 1338 3424 1389 strenue
3495 1337 3689 1393 testati

2035 1420 2175 1472 sunt
2203 1417 2339 1489 (15).

2102 1591 2235 1646 Jam
2256 1608 2397 1648 vero
2428 1594 2475 1646 si
2495 1594 2758 1666 optimus
2786 1593 3025 1665 quidem
3050 1611 3247 1652 sermo
3268 1601 3370 1661 est,
3397 1598 3569 1670 cujus
3593 1614 3691 1656 ve-

329 1683 467 1743 θείας
525 1679 608 1734 ἕπὶ
655 1690 901 1735 τοσοῦτον
952 1684 978 1742 ὁ
1036 1684 1170 1755 αὐγὴ
1233 1683 1616 1760 ἀπαστράπτει,
1671 1690 1739 1750 ὡς
1791 1684 1923 1760 μηδ’

2040 1680 2172 1736 ritas
2205 1686 2365 1737 tanto
2397 1682 2712 1754 splendore
2758 1682 2960 1754 fulget,
3001 1688 3063 1739 ut
3093 1701 3200 1740 nec
3228 1703 3300 1741 ex
3330 1686 3587 1744 adverso
3626 1688 3688 1744 in

327 1768 630 1841 ἀντιϐλέψαι
679 1774 809 1843 πρὸς
857 1771 1007 1824 αὐτὸν
1064 1777 1157 1832 τὴν
1207 1776 1356 1846 εριν·
1407 1772 1547 1848 μηδὲ
1748 1776 1922 1851 ἀρχὴν

318 1858 634 1933 προσϐαλεῖν
688 1857 1010 1921 ἐπισκιάζειν
1063 1862 1221 1924 αὐτῆς
1273 1872 1383 1925 ταῖς
1437 1864 1764 1937 φιλονεικίαις
1830 1869 1922 1924 τὴν

322 1946 684 2022 λαμπρότητα.
740 1951 1025 2023 Κράτιστος
1078 1947 1137 2003 δὲ
1190 1952 1341 2004 πάλιν
1385 1952 1571 2025 λόγων,
1617 1954 1671 2016 ὃς
1714 1953 1925 2017 ἁπάσας

321 2040 416 2099 τάς
466 2046 564 2089 τῶν
622 2036 908 2090 ἀντιπάλων
963 2037 1122 2102 λαϐὰς
1185 2039 1240 2093 αἱ
1298 2044 1502 2103 τούτοις
1569 2041 1924 2101 ἐπενοήθησαν

326 2122 595 2198 διαφυγὼν
633 2131 722 2179 καὶ
770 2130 903 2179 κατά
950 2130 1146 2190 πάντας
1199 2129 1403 2201 ἀγῶνας
1459 2136 1552 2191 τὴν
1608 2137 1755 2190 νίκην
1806 2131 1924 2185 ἀνα-

325 2211 624 2288 δησάμενος
679 2214 751 2277 είς
800 2215 941 2278 τέλος
994 2216 1416 2276 καταϐληθέντων
1480 2228 1579 2272 τῶν
1646 2219 1921 2292 ἀνταγωνι-

327 2312 462 2356 στῶν
497 2322 507 2332 ·
537 2304 562 2355 ό
592 2305 746 2377 ἄμφω
795 2303 1059 2357 συλλαϐὼν
1102 2304 1150 2358 ἐν
1191 2308 1380 2376 ἐαυτῷ,
1426 2316 1516 2360 τοῦ
1545 2311 1635 2381 μὲν
1680 2313 1739 2362 τὸ
1791 2311 1921 2382 οἶμαι

322 2413 428 2465 χον
471 2395 680 2467 κράτος,
712 2401 804 2445 τοῦ
849 2389 909 2446 δὲ
939 2397 996 2447 τό
1041 2393 1374 2469 ἀναφαίρετον
1406 2395 1685 2471 ἀριστεῖον,
1716 2404 1806 2450 καὶ
1836 2403 1924 2457 τὴν

324 2479 643 2556 ἇξηρημένην
729 2487 818 2534 καὶ
909 2481 1332 2558 ἀπαραμίλλητον
1415 2485 1598 2561 ἀρετὴν
1682 2487 1923 2561 ἐκατέρου

320 2573 471 2642 μόνος
529 2572 665 2642 ἔχων
717 2569 1202 2645 ὶλλαμπρύνεσθαι·
1254 2583 1365 2636 πῶς
1426 2575 1517 2627 οὐκ
1577 2575 1637 2627 ἂν
1700 2577 1725 2628 ό
1774 2575 1925 2649 λόγος

323 2658 488 2726 οὗτος,
521 2659 626 2721 οἶος
670 2660 695 2711 ό
734 2664 910 2732 παρὼν
947 2660 1258 2720 τελεωτάτην
1303 2683 1357 2716 τε
1410 2670 1499 2717 καὶ
1543 2662 1922 2740 ἀνυπέρϐλητον

322 2752 419 2806 τὴν
448 2756 542 2810 τῆς
586 2748 833 2811 ἀληθείας
874 2749 1035 2823 ἰσχὺν
1078 2748 1470 2822 ἐπιδείκνυσιν;
1504 2753 1659 2806 Ἀλλά
1688 2757 1788 2827 γὰρ
1831 2751 1926 2807 διὰ

322 2843 478 2888 τοῦτο
516 2840 682 2889 ταῦτά
728 2857 782 2890 τε
823 2843 912 2891 καὶ
961 2842 1049 2901 τὰς
1090 2838 1382 2913 ἀντιλογίας
1434 2847 1740 2917 προήνεγκεν
1770 2845 1799 2902 ἡ
1833 2850 1924 2905 τῆς

324 2925 617 2986 ὑποθέσεως
647 2928 843 2999 ἔρευνα,
878 2929 959 2980 ἵνα
1005 2938 1178 3001 σαφῶς
1224 2929 1443 3002 ἐπιγνῷς
1491 2934 1555 2992 ὡς
1593 2931 1637 2983 εἰ
1683 2935 1772 2985 καὶ
1807 2952 1925 2984 συν-

2033 1786 2170 1825 eum
2208 1770 2421 1826 intueri
2462 1772 2591 1842 ipsa
2622 1773 2923 1827 contentio
2955 1772 3177 1845 possit;
3216 1790 3407 1847 neque
3443 1781 3687 1831 conten-

2033 1858 2221 1912 tiosus
2241 1858 2487 1915 intentet
2506 1858 2722 1930 fulgori
2744 1860 2867 1932 ejus
2886 1859 3428 1935 inumbrationem;
3449 1863 3692 1919 fortissi-

2034 1962 2165 2001 mus
2206 1961 2343 2002 vero
2373 1963 2576 2001 rursus
2607 1962 2803 2003 sermo
2833 1954 2939 2013 est,
2982 1949 3083 2021 qui
3116 1965 3326 2005 omnes
3354 1951 3689 2008 tendiculas

2032 2035 2534 2101 adversariorum,
2566 2052 2719 2108 quas
2746 2038 3243 2109 excogitaverunt,
3289 2038 3509 2110 effugit,
3546 2044 3601 2096 et
3627 2040 3686 2096 in

2032 2123 2198 2179 omni
2238 2123 2562 2179 certamine
2600 2124 2909 2181 victoriam
2936 2126 3211 2198 adeptus,
3251 2134 3553 2199 postremo
3584 2144 3691 2201 pu-

2034 2217 2307 2283 gnantem
2324 2213 2643 2284 prosternit
2669 2229 2683 2279 ;
2705 2230 2902 2269 sermo
2927 2214 3029 2286 qui
3054 2222 3375 2288 utrumque
3394 2216 3609 2273 horum
3627 2217 3690 2273 in

2034 2318 2094 2358 se
2137 2303 2489 2375 complexus
2540 2306 2648 2366 est,
2697 2301 2853 2358 illius
2900 2302 3143 2374 quidem
3193 2304 3500 2360 victoriam
3559 2306 3688 2362 sine

2034 2407 2261 2463 pugna,
2306 2391 2485 2462 hujus
2530 2407 2667 2447 vero
2714 2391 3032 2464 prmmium
3088 2393 3312 2449 strenui
3364 2393 3686 2462 bellatoris,

2033 2480 2195 2552 quod
2227 2496 2539 2553 nunquam
2577 2481 2717 2552 eripi
2753 2481 2954 2551 possit,
2989 2497 3060 2537 ac
3092 2481 3367 2538 virtutem
3397 2483 3685 2539 excellen-

2037 2573 2249 2636 tem,et
2271 2574 2439 2624 extra
2460 2574 2760 2625 certamen
2782 2570 3033 2641 positam
3063 2587 3077 2637 ;
3101 2572 3429 2642 quomodo,
3453 2577 3518 2628 ut
3538 2572 3687 2629 ratio

2033 2657 2296 2731 postulot
2314 2657 2410 2712 hic
2437 2673 2653 2722 sermo,
2680 2659 2877 2732 qualis
2902 2664 2989 2714 est
3009 2659 3105 2714 hic
3125 2676 3405 2733 praesens,
3435 2676 3554 2717 non
3580 2663 3687 2717 ab-

2034 2747 2463 2803 solutissimam
2512 2752 2568 2803 et
2611 2748 2895 2804 invictam
2936 2749 3201 2804 veritatis
3258 2748 3688 2805 ﬁrmitudinem

2033 2836 2340 2893 ostendit?
2371 2838 2591 2891 Verum
2623 2852 2691 2892 ea
2719 2836 2791 2892 de
2824 2852 3005 2892 causa
3044 2836 3193 2904 haec,
3226 2843 3281 2893 et
3310 2854 3442 2908 quae
3483 2838 3542 2893 in
3574 2841 3686 2895 hac

2033 2943 2094 2982 re
2134 2924 2641 2991 contradicuntur,
2689 2925 3019 2990 attulimus,
3071 2932 3127 2982 et
3165 2928 3407 2982 scrutati
3448 2943 3680 2993 sumus,

322 3019 513 3087 τόμως,
546 3015 678 3074 πλὴν
730 3016 788 3068 οὗ
839 3022 1111 3091 παρέργως
1157 3023 1250 3077 τὴν
1292 3027 1390 3071 τῶν
1420 3022 1738 3093 πραγμάτων
1770 3024 1923 3095 φύσιν

2040 3020 2098 3071 ut
2118 3014 2425 3087 perspicue
2454 3020 2507 3069 et
2538 3014 2793 3069 breviter
2822 3030 3187 3085 cognoscas;
3218 3015 3339 3069 imo
3364 3030 3471 3071 nec
3496 3016 3685 3071 otiose

325 3103 391 3165 εἰς
425 3111 524 3175 φῶς
548 3103 934 3179 προϐαλλομένη
967 3113 1297 3181 προήνεγκεν.

396 3197 438 3247 U
496 3196 586 3267 μεν
632 3189 721 3246 οὖν
758 3200 934 3270 παρὼν
987 3195 1135 3267 λόγος
1189 3196 1247 3248 οὗ
1318 3199 1454 3250 κατά
1528 3196 1659 3250 πολὺ
1716 3198 1924 3252 ἔλαττον

320 3288 417 3344 τῆς
466 3287 865 3354 συγγυμνασίας
910 3284 1318 3358 στοχαζόμενος,
1354 3289 1383 3345 ἦ
1424 3294 1520 3347 τῆς
1565 3285 1613 3338 ἐν
1658 3296 1718 3361 τῇ
1764 3281 1925 3361 φύσει

322 3380 424 3422 τῶν
475 3374 791 3446 πραγμάτων
843 3370 1186 3445 ἐπιγνώσεως,
1244 3372 1500 3447 ἔπιτόμως
1550 3375 1711 3439 οὕτως
1757 3385 1926 3430 ταῦτα

325 3454 644 3518 διελήλυθεν.
690 3466 749 3514 Ei
794 3457 854 3513 δέ
896 3481 973 3524 τις
1018 3459 1119 3514 ἀπὸ
1157 3471 1255 3515 τῶν
1291 3463 1436 3537 ἱερῶν
1487 3469 1709 3536 Λογίων,
1747 3466 1776 3525 ἢ
1824 3474 1923 3519 τῶν

326 3548 580 3624 θεοφόρων
628 3550 775 3622 ἡμῶν
852 3553 1092 3624 Πατάρων
1157 3551 1556 3627 γλαφυρῷτέραν
1617 3557 1732 3606 τινὰ
1805 3557 1925 3608 θεω-

321 3641 442 3711 ρίαν
491 3637 682 3710 μᾶλλον
739 3642 830 3691 καὶ
905 3643 1036 3713 πρὸς
1092 3638 1330 3699 ἀλήθειαν
1387 3640 1678 3715 ἀνηγμένην
1744 3647 1924 3716 μαθὼν

324 3725 719 3798 ἀποκαλύψειεν,
757 3729 937 3781 θᾶττον
967 3726 1027 3780 ἂν
1056 3729 1187 3801 ἣμᾶς
1213 3728 1398 3800 ἅψαιτο
1428 3734 1521 3789 τὴν
1552 3740 1650 3783 τῶν
1677 3735 1924 3803 μαθητῶν

321 3814 814 3889 καταλαμϐάνοντας
845 3816 987 3881 τάξιν
1034 3819 1150 3871 ἀντὶ
1195 3826 1287 3871 τοῦ
1339 3822 1511 3883 ζητεῖν
1564 3817 1925 3885 διδασκάλους

320 3906 650 3979 νομίζεσθαι.

2031 3106 2310 3159 naturam
2344 3118 2539 3158 rerum
2571 3102 2628 3156 in
2658 3101 2853 3158 lucem
2884 3103 3370 3174 deprompsimus
3399 3103 3540 3175 (t6).

2107 3196 2235 3249 Haec
2269 3192 2445 3263 igitur
2469 3208 2628 3248 nunc
2676 3192 2965 3249 hactenus
3017 3192 3292 3259 breviter,
3335 3209 3405 3249 ac
3448 3192 3686 3250 concise

2034 3281 2534 3348 tactractavimus,
2583 3285 2644 3337 ut
2682 3297 2803 3337 non
2845 3280 3032 3337 multo
3079 3282 3271 3336 minus
3310 3280 3368 3336 in
3409 3281 3686 3339 exercita-

2033 3372 2275 3441 tionem,
2306 3387 2490 3444 quam
2522 3370 2579 3425 in
2611 3370 3012 3442 cognitionem
3049 3376 3273 3427 natura;
3305 3387 3503 3427 rerum
3535 3371 3690 3444 aspi-

2033 3478 2329 3519 ceremus.
2372 3458 2431 3514 Si
2470 3459 2607 3532 quis
2651 3476 2793 3515 vero
2830 3460 2925 3516 vel
2957 3476 3027 3515 ex
3080 3459 3300 3516 sanctis
3345 3458 3681 3533 Scripturis,

2034 3551 2126 3608 vel
2168 3567 2239 3605 ex
2282 3549 2505 3605 sanctis
2565 3548 2833 3605 Patribus
2897 3548 3124 3621 aliquid
3165 3549 3360 3620 magis
3411 3549 3686 3606 dolatum

2033 3646 2090 3697 et
2120 3638 2366 3713 gratius,
2397 3654 2465 3693 ac
2498 3638 2690 3708 magis
2722 3638 2799 3693 ad
2830 3637 3131 3693 veritatem
3158 3637 3688 3694 accommodatum

2033 3729 2323 3794 didicerit,
2356 3735 2410 3784 et
2431 3726 2606 3783 nobis
2635 3726 2938 3796 detexerit,
2966 3726 3082 3782 cito
3132 3725 3364 3782 videbit
3388 3742 3501 3783 nos
3527 3744 3557 3783 e
3582 3742 3692 3782 nu-

2033 3835 2200 3877 mero
2232 3816 2510 3874 etordine
2526 3816 2957 3888 discipulorum
2980 3816 3186 3882 factos,
3213 3814 3434 3872 habere
3455 3831 3689 3872 eosma-

2035 3911 2248 3982 gistros
2282 3906 2422 3979 (l7).

1890 4024 2118 4086 NOTAE.

397 4128 514 4202 (13)
551 4128 694 4202 Tum
722 4130 830 4185 etsi
856 4130 1144 4200 quamvis,
1169 4136 1279 4187 etc.
1314 4135 1498 4183 Καίτοι
1525 4149 1607 4200 γι,
1640 4130 1685 4183 εἰ
1712 4137 1824 4188 καί.
1859 4134 1923 4188 Id

321 4201 451 4274 est}:
487 4201 659 4273 Atqui
700 4207 919 4274 tamen,
946 4204 1247 4274 quamvis,
1294 4208 1404 4258 etc.
1440 4232 1504 4242 —
1538 4203 1707 4260 Forte
1744 4205 1914 4262 Turr.

321 4271 639 4342 scripserat
669 4272 924 4328 tametsi.

397 4335 511 4423 (fl)
543 4343 786 4423 Reliqua
814 4342 971 4423 enim
1000 4342 1175 4415 hujus
1208 4345 1542 4423 argumenti
1569 4345 1918 4423 etrationis:
1959 4335 2001 4390 Ι)
2106 4335 2228 4416 qua
2269 4347 2434 4423 parte

321 4417 527 4490 Τόιγάρ
575 4414 731 4467 λοιπά
768 4422 868 4465 τῶν
912 4414 1357 4490 ἐπιχειρημάτων.
1406 4418 1469 4471 Id
1512 4424 1640 4472 est:
1672 4417 1923 4488 Reliqua

323 4488 482 4541 enim
510 4490 884 4551 argumenta.

395 4557 508 4627 (t5)
537 4556 613 4612 Et
642 4557 873 4627 quidem
898 4573 1037 4628 quos
1066 4573 1356 4614 sermones
1379 4557 1531 4625 facti
1560 4573 1599 4614 a
1624 4560 1923 4616 contradi-

324 4628 962 4701 cendodeterruerunt,
977 4629 1104 4684 sine
1116 4644 1313 4700 pugna
1333 4631 1468 4685 illos
1486 4630 1721 4701 quidem
1741 4632 1921 4687 victas

321 4700 656 4770 przdicant
674 4714 688 4766 ;
704 4699 915 4771 quibus
932 4699 1124 4755 autem
1138 4699 1577 4756 admirationem
1596 4710 1920 4770 moverunt,

323 4771 625 4827 commissa
642 4770 854 4842 pugna,
870 4770 998 4826 illis
1020 4773 1174 4827 vires
1197 4788 1308 4827 non
1331 4772 1543 4827 dubias
1563 4778 1803 4829 strenue
1819 4777 1924 4829 tes-

324 4842 439 4898 tati
457 4849 613 4897 sunt.
643 4843 735 4902 Οἷς
874 4845 977 4914 γάρ
1000 4844 1050 4894 οἱ
1068 4844 1493 4915 προσενεχθέντες
1517 4842 1661 4914 λόγοι
1686 4847 1744 4896 τό
1770 4845 1926 4915 οῦῆτ-

322 4932 411 4966 τον
440 4914 740 4987 ἠνέγκαντο,
763 4912 865 4972 τὴν
885 4912 1050 4987 ξνίκην
1081 4912 1428 4987 κηρύττουσιν
1471 4912 1704 4987 ἄμαχον.
1739 4916 1834 4976 Οἷς
1864 4912 1923 4968 δὲ

322 4990 413 5037 καὶ
450 4984 619 5036 αὐτῶν
650 4985 805 5057 (tego
836 4985 996 5057 αὐτῷ)
1028 4993 1099 5055 τῷ
1142 4984 1516 5057 συμπλακῆναι
1555 4984 1832 5055 τεθήπασί,
1863 4991 1921 5039 τό

321 5058 512 5127 κράτος
540 5064 639 5107 τῶν
660 5053 1077 5130 Ἵάριστευμάτων
1106 5053 1222 5108 οὐδ’
1254 5056 1599 5129 ἀναμφίϐολον
1633 5053 1921 5132 ἐμάρτυρη-

324 5147 444 5185 σοοο.
477 5128 537 5182 Id
576 5133 662 5183 est
686 5128 712 5182 τῇ
746 5131 887 5183 Nam
936 5133 1230 5199 quatenus
1269 5128 1513 5200 quidem
1556 5128 1921 5185 adversario-

319 5216 455 5272 rum
488 5206 831 5272 nostrorum
873 5200 1351 5255 ratiocinationes
1394 5201 1718 5255 commissa
1749 5201 1922 5272 quasi

324 5268 628 5326 inferiores
649 5271 1068 5343 discesserunt,
1095 5277 1357 5325 nostram
1391 5272 1690 5343 victoriam
1713 5268 1925 5343 praedi-

324 5348 456 5397 cant
501 5357 628 5397 esse
674 5341 1041 5413 hujusmodi,
1090 5348 1151 5397 ut
1204 5342 1667 5411 redintegrando
1715 5341 1924 5413 prtelio

322 5414 519 5486 locum
569 5428 701 5486 non,
729 5412 1055 5486 relinquat:
1091 5420 1385 5484 quatenus
1436 5417 1644 5486 autem
1690 5412 1746 5467 in
1794 5415 1924 5486 ipso

320 5485 499 5541 veluti
530 5482 808 5540 conﬂictu
837 5482 1288 5554 obstupuerunt,
1317 5484 1683 5540 strenuitatis
1710 5482 1924 5541 nostra;

320 5555 508 5612 robur
530 5570 653 5612 non
683 5570 814 5612 esse
840 5554 1096 5611 dubium
1120 5559 1349 5612 testatae
1375 5560 1532 5612 sunt.

393 5625 719 5684 Turrianus
765 5624 1015 5685 credidit
1040 5625 1154 5684 hos
1178 5624 1493 5699 ablatiyos,
1525 5627 1604 5690 οἷς
1634 5628 1819 5701 μὶννη
1848 5627 1927 5693 οἷς

2036 4130 2116 4198 δέ,
2145 4127 2486 4197 signiﬁcare
2514 4142 2808 4198 personas
2841 4143 2854 4181 :
2895 4125 3001 4182 sed
3032 4125 3324 4182 debemus
3357 4123 3688 4181 subintelli-

2035 4218 2170 4274 gere
2193 4202 2519 4274 πράγμασιν,
2552 4204 2610 4254 et
2638 4198 2721 4254 sic
2744 4198 2991 4253 reddere
3025 4216 3038 4253 :

2104 4279 2434 4375 ἓξέῗίῗξζῖῗ.
2476 4279 2500 4375 )
2664 4374 2667 4375 ,
3024 4305 3320 4375 quatenus

2150 4374 2434 4470 agng’ﬂn‘“
2471 4374 2495 4470 ξ
2569 4374 2832 4447 quidem,
2862 4375 2975 4438 vel,
3005 4379 3308 4470 qua-parte
3342 4374 3359 4470 ξ
3402 4388 3559 4442 vero,

2104 4432 2494 4556 avitas
2588 4432 2608 4447 ‘
2816 4432 2831 4442 '
2960 4432 3305 4517 ἐιυοίιίεω

2106 4550 2326 4634 (16)”ῑ]ι
2352 4550 2654 4623 perspicue
2681 4557 2733 4608 et
2755 4552 3019 4634 _breviter
3045 4563 3401 4634 cognoscas;
3422 4550 3539 4608 imo
3577 4566 3686 4634 nec

2032 4622 2211 4684 otiose
2231 4622 2500 4681 naturam
2521 4638 2719 4680 rerum
2743 4624 2804 4678 in
2835 4624 3020 4678 lucem
3049 4622 3511 4692 deprompsimus
3541 4638 3555 4678 :
3582 4623 3687 4677 Ἰνα

2035 4708 2211 4770 σαφῷς
2259 4698 2472 4770 ἐπιγνῷς
2511 4697 2593 4758 ὡς,
2647 4695 2690 4747 εἰ
2718 4700 2820 4770 καὶἒ
2858 4697 3141 4770 συντόμως.
3191 4693 3385 4752 πλήνού
3409 4700 3687 4770 Δττοιέργως

2030 4757 2161 4830 τῆν’
2194 4757 2295 4823 τῶν
2350 4757 2689 4843 ’πραγμάτων
2760 4768 2914 4838 φύσιν
2948 4837 2957 4843 _
2992 4757 3058 4825 ε’ἰς
3130 4773 3231 4837 φῶς
3294 4757 3680 4838 προϐαλλὸμῖνη

2029 4848 2341 4916 προήνεγκε.
2374 4837 2437 4898 Id
2479 4837 2606 4896 est:
2649 4841 2717 4916 Ut
2760 4837 3091 4916 perspicua
3113 4851 3514 4916 cognosceres
3550 4837 3684 4905 nos,

2032 4907 2142 4970 etsi
2182 4907 2458 4979 breviter,
2500 4918 2558 4966 at
2606 4907 2775 4965 certe
2801 4907 2920 4964 non
2959 4907 3356 4979 perfunctorie
3397 4908 3458 4963 in
3497 4907 3684 4966 haece

2078 4986 2359 5040 uaastione
2390 4980 2825 5056 perscrutanda
2860 4986 3132 5034 naturam
3168 4996 3365 5035 rerum
3394 4981 3455 5036 in
3489 4980 3685 5036 lucem

2030 5003 2359 5112 ἓιιεὲδιιῡῐὶθ
2390 5003 2825 5056 perscrmauua
2860 5003 3132 5034 llﬂllll'illu
3168 5003 3322 5034 τιτι-αι

2076 5072 2505 5132 epromApmsse:
2549 5123 2561 5132 _
2588 5123 2619 5132 Ἀ
3145 5128 3154 5132 _
3286 5120 3322 5132 η

2104 5120 2219 5198 (t7)
2251 5120 2380 5183 Cito
2411 5123 2620 5198 videbit
2647 5139 2752 5177 nos
2776 5137 2808 5177 e
2835 5136 3076 5198 numero
3101 5128 3154 5176 et
3186 5120 3396 5178 ordine
3424 5122 3686 5198 discipu-

2036 5192 2227 5255 lorum
2258 5200 2470 5267 factos,
2504 5196 2722 5251 habere
2743 5210 2837 5249 eos
2865 5194 3166 5267 magistros
3199 5199 3435 5267 εβᾶττον
3460 5192 3519 5245 ἆν
3546 5195 3685 5267 una;

2035 5270 2221 5340 ἅψαιτο
2258 5262 2267 5267 ⁷
2300 5273 2391 5326 την
2474 5276 2573 5319 τῶν
2626 5267 2897 5340 ,μαθητᾱξν
2966 5262 3485 5340 καταλαμϐάνοντας-
3538 5262 3685 5327 τάξιν

2037 5333 2149 5393 ἀντὶ
2209 5349 2300 5392 τοῦ
2369 5339 2542 5400 ζητεῖν
2614 5333 2971 5397 διδάσκαλους
3028 5333 3353 5407 νομίζεσθαι.
3386 5406 3393 5407 7
3427 5335 3501 5407 ldi
3548 5343 3680 5391 est:

2033 5412 2156 5469 Cito
2189 5412 2402 5466 videbit
2433 5426 2542 5465 nos
2571 5426 2601 5462 e
2627 5424 2881 5462 numero
2915 5416 2972 5462 et
3010 5406 3217 5461 ordine
3252 5406 3680 5477 discipulorum

2037 5482 2233 5555 potius
2280 5481 2421 5555 ﬁeri,
2474 5495 2661 5555 quam
2711 5494 2978 5552 qurerere
3024 5484 3086 5534 ut
3134 5478 3195 5533 in
3251 5478 3680 5552 magistrorum

2037 5552 2170 5612 loco
2196 5552 2512 5627 graduque
2531 5552 2888 5611 habeamur.
