3906 6186
524 217 627 272 5,3
1748 208 1982 265 PHOTll
2022 207 2493 267 PATRIARCHAE
2532 212 2645 271 cr.
3691 226 3760 283 se

1633 333 2327 393 DISSERTATIUNCULA
2380 336 2773 395 STEWARTII

593 457 680 512 De
709 452 1029 523 scriptione
1050 451 1350 509 Photiana
1378 459 1429 509 et
1463 452 1670 525 quanti
1697 451 1971 523 ponderis
2002 451 2121 504 sint
2151 458 2529 519 argumenta,
2561 469 2692 524 quae
2722 453 2898 523 aﬂ'ert
2920 468 3030 523 pro
3057 468 3166 511 sua
3191 459 3460 514 sententia
3487 460 3769 520 stabilienda.

530 554 569 601 A
591 543 841 601 diversis
867 542 1093 599 actibus
1123 541 1440 597 voluntatis
1466 540 1733 596 dividunt
1756 539 2002 613 quidam
2037 539 2217 593 Graeci
2245 540 2631 607 voluntatem,
2666 543 2726 599 in
2756 543 3122 600 voluntatem
3156 545 3486 618 naturalem,
3516 564 3603 603 seu
3626 566 3770 607 essen-

524 636 722 691 tialem
758 651 771 701 ;
818 637 872 688 et
911 633 970 687 in
1010 631 1377 687 voluntatem
1412 631 1775 700 gnomicam,
1810 628 2099 682 divisione
2132 628 2369 697 Latinis,
2405 636 2465 685 ut
2504 632 2735 702 opinor,
2782 632 3084 703 inusitata,
3120 638 3176 688 et
3205 633 3474 691 inaudita.
3508 636 3770 697 Naturalem

520 730 757 789 vocant,
792 738 921 794 qua:
948 719 1177 776 homini
1196 720 1468 775 convenit
1490 720 1732 791 praecise
1764 718 1991 774 ratione
2024 722 2248 772 naturas
2282 718 2576 790 speciﬁcae
2602 739 2614 775 :
2645 728 2700 777 et
2720 738 2856 794 quae
2886 723 2946 777 in
2973 722 3253 778 omnibus
3280 723 3589 781 hominibus
3614 728 3769 786 eadem

517 820 628 881 est,
663 814 812 869 sicut
843 816 899 866 et
926 810 1058 881 ipsa
1089 810 1315 881 species
1345 809 1615 864 humana
1640 808 1852 863 eadem
1884 812 1939 861 et
1961 804 2207 878 praecise
2239 813 2523 878 spectata,
2547 812 2605 864 et
2619 810 2697 866 ab
2724 810 3005 866 omnibus
3044 811 3454 867 conditionibus
3483 814 3769 872 individnan-

514 904 673 960 tibus
705 901 1022 956 abstracta.
1060 920 1088 947 «
1119 897 1409 953 Naturalis
1441 897 1711 952 voluntas
1728 896 1987 952 hominis
2014 899 2118 965 est,
2146 914 2173 945 »
2202 894 2397 966 inquit
2425 912 2495 952 ex
2522 898 2621 953 SS.
2654 899 2887 963 Basilio.
2917 905 2974 955 et
2992 899 3231 972 Cyrillo,
3252 900 3568 957 Anastasius
3589 903 3766 967 Sinaita,

514 998 721 1049 contra
746 989 1112 1053 Severianos,
1141 1007 1169 1037 «
1190 1003 1395 1042 amare
1426 986 1631 1053 vitam,
1663 992 1720 1041 et
1740 1002 1876 1059 quae
1907 983 2249 1039 necessario
2270 983 2348 1039 ad
2370 986 2550 1041 vitam
2580 989 2893 1059 pertinent.
2921 989 3128 1045 Omnis
3155 989 3310 1044 enim
3339 989 3527 1060 homo,
3554 991 3647 1046 hoc
3662 991 3767 1064 ipso,

518 1082 683 1156 quod
720 1080 857 1136 talis
887 1084 991 1142 est,
1023 1076 1364 1132 naturaliter
1393 1081 1556 1132 amat
1599 1077 1801 1131 vitam.
1838 1098 1864 1123 ››
1893 1073 2178 1130 Gnomica
2204 1072 2476 1129 voluntas
2505 1082 2757 1132 vocatur
2782 1078 3182 1149 hypostatica,
3214 1079 3541 1150 personalis,
3571 1079 3767 1137 electiva.

515 1193 541 1223 α
576 1171 897 1227 Gnomicas
921 1167 1276 1234 voluntates,
1311 1186 1339 1216 »
1368 1166 1560 1237 inquit
1589 1166 1746 1221 idem
1781 1161 2153 1225 Anastasius,
2173 1161 2305 1216 loco
2324 1162 2521 1229 citato,
2544 1187 2569 1214 «
2602 1165 2797 1222 varias
2822 1166 2996 1223 habet
3024 1174 3228 1223 nostra
3256 1172 3474 1224 natura.
3502 1168 3635 1223 Alius
3659 1169 3770 1225 enim

512 1260 637 1316 vult
664 1260 925 1331 privatus
955 1273 1106 1323 esse,
1151 1256 1301 1310 alius
1350 1254 1660 1319 aediﬁcare,
1693 1254 1843 1310 alius
1879 1251 2306 1322 agriculturam
2342 1267 2638 1319 exercere,
2673 1254 2823 1311 alius
2854 1255 3020 1313 aliud
3061 1272 3258 1327 agere,
3292 1261 3458 1329 prout
3486 1262 3605 1315 sunt
3630 1259 3772 1321 varia,

507 1349 856 1422 peculiares,
890 1351 945 1401 et
974 1344 1144 1417 quasi
1178 1343 1577 1399 individuales
1603 1359 1862 1414 gnomae,
1891 1344 2013 1397 sive
2045 1340 2369 1407 sententiae,
2404 1358 2507 1398 seu
2540 1344 2795 1401 decreta.

580 1441 832 1495 Sanctus
863 1436 1149 1490 Maximus
1176 1435 1234 1488 in
1262 1434 1386 1487 suis
1418 1433 1864 1488 deﬁnitionibus
1894 1433 1974 1486 ita
2001 1430 2237 1485 deﬁnit:
2274 1429 2566 1489 Voluntas
2597 1434 2880 1505 gnomica
2910 1457 2937 1483 «
2973 1438 3065 1491 est
3087 1435 3453 1492 voluntarius
3478 1434 3687 1491 rationis
3701 1435 3776 1490 im-

506 1531 699 1600 petus,
732 1531 786 1581 et
811 1530 1009 1581 motus
1037 1523 1097 1577 in
1126 1527 1441 1594 utramque
1468 1527 1692 1593 partem
1727 1520 1996 1576 rationis.
2023 1542 2049 1568 υ
2085 1521 2213 1584 Qua
2237 1518 2583 1579 deﬁnitione
2604 1524 2886 1580 describit
2912 1530 3192 1581 naturam
3213 1526 3341 1600 ejus
3371 1530 3546 1591 actus,
3575 1526 3658 1596 qui
3675 1523 3776 1579 dici-

506 1622 599 1677 tur
628 1615 855 1679 electio,
884 1612 968 1667 vel
1000 1612 1195 1683 potius
1222 1611 1411 1679 illum,
1443 1612 1544 1683 qui
1578 1627 1647 1665 ex
1680 1615 1846 1682 parte
1887 1609 2130 1663 rationis
2162 1609 2221 1663 in
2256 1607 2650 1679 discussione,
2683 1618 2738 1668 et
2767 1613 3038 1669 examine
3069 1629 3269 1669 rerum
3299 1615 3487 1686 ipsam
3507 1613 3778 1669 electionem

505 1704 817 1760 antecedit.
851 1702 1007 1756 Idem
1042 1706 1242 1755 tamen
1273 1699 1331 1754 in
1360 1699 1608 1771 epistola
1630 1701 1704 1754 ad
1732 1699 2042 1765 Marinum,
2071 1706 2251 1767 negat
2280 1714 2555 1771 gnomen,
2579 1714 2682 1755 seu
2709 1698 3064 1755 sententiam
3104 1715 3234 1754 esse
3265 1699 3455 1772 ipsam
3485 1699 3775 1759 electionem,

504 1793 609 1847 sed
655 1792 795 1848 dicit
824 1788 1171 1845 electionem
1204 1788 1397 1860 potius
1443 1804 1569 1843 esse
1600 1788 1873 1843 etfectum
1908 1803 2161 1858 gnomae,
2191 1790 2508 1846 sententiae.
2552 1790 2616 1842 Et
2645 1788 2759 1843 hoc
2787 1786 3048 1842 maxime
3088 1788 3364 1844 convenit
3388 1803 3513 1842 cum
3550 1786 3659 1853 illis,
3680 1801 3777 1857 qua

504 1882 815 1937 traduntur
846 1882 955 1949 1.2,
987 1895 1046 1950 q.
1074 1878 1159 1943 13,
1186 1884 1296 1932 art.
1320 1882 1366 1944 Ι,
1391 1876 1491 1931 ubi
1514 1877 1778 1943 docetur,
1800 1892 1909 1933 nos
1926 1881 2066 1932 tunc
2089 1876 2323 1947 eligere.
2342 1894 2481 1935 cum
2500 1876 2932 1934 animadversis
2950 1876 3124 1932 variis
3141 1877 3376 1941 mediis,
3401 1877 3469 1933 ad
3495 1874 3779 1945 ﬁnemjudi-

502 1973 593 2027 cio
610 1971 856 2026 rationis
886 1967 1303 2024 concludimus
1326 1983 1510 2021 unum
1536 1983 1655 2038 prae
1674 1967 1803 2023 aliis
1830 1983 1959 2021 esse
1974 1966 2485 2036 amplectendum,
2519 1974 2697 2038 atque
2722 1967 2875 2022 adeo
2896 1965 3194 2022 voluntate
3216 1966 3364 2021 illud
3386 1964 3777 2037 complectimur.

573 2060 860 2127 Quaeritur
890 2062 1112 2125 autem,
1155 2062 1282 2112 uter
1322 2057 1521 2128 potius
1563 2060 1728 2112 actus
1761 2056 2081 2112 formaliter
2109 2056 2181 2112 sit
2212 2057 2419 2113 electio
2443 2057 2471 2113 ‘l
2494 2056 2657 2111 Prior
2682 2071 2754 2110 ne
2780 2054 2875 2110 ille
2904 2054 3173 2123 rationis,
3205 2072 3389 2128 quem
3422 2060 3636 2111 sanctus
3654 2052 3781 2110 Maxi-

498 2167 636 2207 mus
658 2150 737 2205 ad
768 2148 1056 2205 Marinum
1076 2146 1309 2201 videtur
1330 2161 1541 2201 vocare
1570 2161 1829 2215 gnomen
1854 2162 1868 2213 ;
1899 2162 1974 2201 an
2007 2147 2101 2201 ille
2119 2149 2409 2224 posterior
2425 2145 2762 2209 voluntatis,
2786 2161 2903 2216 quo
2928 2161 3116 2200 unum
3142 2145 3406 2200 medium
3432 2161 3542 2217 prae
3561 2143 3671 2201 aliis
3692 2157 3779 2196 am-

499 2238 840 2313 plectimur.
883 2239 949 2292 Et
988 2235 1388 2291 communiter
1428 2234 1840 2305 respondetur,
1881 2236 1940 2290 in
1981 2237 2095 2295 hoc
2134 2237 2451 2313 posteriore
2492 2243 2627 2291 actu
2668 2233 2989 2290 formaliter
3027 2239 3081 2289 et
3122 2233 3500 2290 essentialiter
3534 2231 3783 2289 consistere

499 2329 847 2384 electionem
883 2342 893 2379 :
924 2326 1203 2397 quamvis
1228 2325 1406 2379 etiam
1438 2323 1605 2378 illum
1637 2324 1886 2379 alterum
1910 2331 2109 2384 actum
2136 2326 2380 2386 rationis
2397 2328 2852 2398 prmsupponat,
2879 2326 2937 2379 et
2963 2327 3265 2380 connotet.
3288 2324 3372 2380 Ita
3398 2322 3563 2379 ferme
3586 2332 3783 2392 gnomen

501 2416 756 2487 explicat
775 2430 1017 2486 quoque
1037 2412 1301 2479 Photius,
1335 2420 1395 2465 ut
1416 2410 1696 2467 vidimus.

568 2506 647 2559 De
668 2505 879 2560 eadem
902 2502 1201 2557 voluntate
1233 2500 1507 2570 gnomica
1536 2501 1617 2555 ita
1646 2506 1887 2557 sanctus
1922 2504 2441 2564 Damascenuslib.
2470 2503 2632 2560 mDe
2659 2503 2779 2571 ﬁde
2810 2500 3166 2567 orthodoxa,
3192 2517 3329 2575 cap.
3365 2503 3430 2557 14
3453 2518 3464 2556 :
3490 2521 3512 2552 η
3536 2498 3786 2557 Sciendum

496 2598 603 2662 est,
638 2608 758 2647 non
790 2592 946 2646 idem
973 2606 1126 2647 esse.
1158 2588 1325 2653 velle,
1351 2593 1405 2644 et
1432 2596 1539 2648 πῶς
1569 2589 1745 2656 ama,
1774 2590 1887 2647 hoc
1927 2599 2032 2660 est,
2061 2612 2198 2652 cum
2241 2595 2444 2660 modo,
2479 2609 2583 2649 seu
2621 2591 2929 2647 modaliter
2953 2590 3117 2647 velle.
3151 2594 3304 2648 Nam
3331 2590 3475 2647 velle
3500 2595 3693 2646 natura:
3711 2591 3788 2647 est,

498 2681 648 2737 sicut
684 2686 741 2735 et
780 2679 1002 2734 videre.
1045 2676 1335 2734 Omnibus
1366 2676 1526 2731 enim
1567 2677 1911 2735 hominibus
1941 2681 2109 2739 inest.
2139 2686 2211 2741 At
2239 2700 2400 2754 vero,
2434 2683 2547 2737 hoc
2574 2680 2662 2736 vel
2703 2680 2802 2735 illo
2833 2679 3015 2736 modo
3035 2679 3197 2745 velle,
3222 2696 3347 2737 non
3378 2686 3461 2735 est
3487 2685 3694 2740 naturae,
3714 2673 3789 2729 sed

491 2775 710 2827 nostrae
734 2784 989 2841 gnomaa,
1033 2783 1137 2822 seu
1169 2767 1471 2822 sententiae
1506 2767 1912 2835 :sicutetiam,
1940 2771 2071 2837 hoc,
2098 2773 2187 2829 vel
2217 2774 2317 2829 illo
2350 2772 2526 2827 modo
2557 2769 2778 2834 videre,
2816 2773 2960 2839 puta
2998 2768 3170 2835 bene,
3204 2774 3315 2825 aut
3337 2768 3506 2825 male.
3538 2771 3645 2824 Non
3668 2763 3786 2820 enim

492 2876 702 2917 omnes
732 2857 1000 2913 homines
1021 2855 1233 2911 eodem
1257 2855 1438 2911 modo
1461 2854 1685 2910 volunt.
1714 2859 1912 2929 Neque
1939 2862 2150 2917 eodem
2174 2862 2356 2918 modo
2379 2860 2593 2924 vident,
2618 2858 2783 2932 quod
2804 2858 2982 2913 etiam
3002 2858 3062 2913 in
3079 2858 3419 2914 actionibus
3434 2857 3785 2929 apparetNam

488 2950 625 3013 hoc,
658 2948 750 3004 vel
790 2946 887 3002 illo
920 2946 1099 3001 modo
1130 2944 1298 3008 velle,
1332 2944 1554 3013 videre,
1592 2947 1843 3015 operari,
1872 2954 1957 3003 est
1988 2948 2241 3016 affeclio,
2276 2956 2332 3007 et
2361 2948 2723 3005 modiﬁcatio
2752 2963 2897 3002 usus
2920 2946 3177 3013 ,actualis
3209 2948 3475 3011 volendi,
3508 2942 3725 3005 videndi,
3746 2948 3785 2994 et

488 3038 800 3111 operandi,
830 3036 890 3091 in
922 3036 1051 3091 solo
1080 3040 1277 3090 utente
1304 3034 1583 3102 existens,
1628 3051 1885 3108 eumque
1912 3037 1988 3093 ab
2017 3039 2146 3094 aliis
2178 3055 2485 3112 separans.
2520 3036 2872 3108 Simpliciter
2908 3035 3089 3105 igitur
3113 3036 3347 3107 aliquid
3376 3034 3537 3103 velle,
3559 3032 3781 3089 nimirum

488 3126 894 3185 abstrahendo
925 3125 1002 3180 ab
1033 3123 1198 3180 omni
1225 3123 1426 3187 modo,
1460 3128 1517 3178 et
1546 3122 1841 3189 voluntas,
1870 3126 1964 3181 vel
1991 3130 2255 3198 potentia
2283 3127 2555 3184 volendi:
2589 3142 2725 3198 quae
2753 3126 2834 3180 nil
2863 3130 2953 3181 est
2983 3125 3166 3196 aliud,
3195 3142 3385 3198 quam
3418 3122 3690 3182 rationalis
3712 3135 3782 3190 ap-

489 3216 713 3289 petitio,
752 3222 809 3271 et
838 3214 1109 3269 voluntas
1152 3212 1457 3268 naturalis.
1505 3217 1575 3266 At
1602 3228 1764 3279 vero,
1803 3213 1917 3269 hoc
1958 3216 2048 3271 vel
2092 3217 2193 3274 illo
2234 3217 2415 3273 modo
2461 3215 2629 3279 velle,
2673 3218 2760 3270 est
2794 3214 3061 3269 voluntas
3102 3216 3423 3285 gnomica;
3454 3220 3508 3269 et
3537 3212 3783 3285 objectum

487 3306 664 3377 hujus
692 3304 1008 3360 voluntatis
1040 3308 1126 3359 est
1147 3302 1388 3358 volitum
1422 3304 1785 3387 gnomicum.
1832 3326 1851 3353 ι
1886 3307 1952 3359 Et
1982 3311 2043 3361 ut
2081 3323 2173 3362 res
2203 3306 2479 3378 exemplo
2505 3304 2869 3360 declaretur:
2904 3302 3191 3358 Voluntas
3231 3302 3579 3360 comedendi
3611 3296 3783 3369 simpli-

489 3396 648 3458 citer,
678 3398 764 3449 est
791 3392 1067 3447 voluntas
1101 3391 1385 3446 naturalis
1416 3391 1475 3445 in
1504 3384 1752 3461 singulis
1781 3393 2006 3449 ratione
2034 3395 2563 3466 specialiexistens.
2593 3394 2664 3447 At
2685 3392 2961 3447 voluntas
2992 3392 3356 3449 comedendi
3387 3391 3599 3465 aliquid
3614 3384 3786 3446 hacvel

483 3482 586 3538 illa
615 3481 897 3554 qualitate
937 3479 1235 3543 affectum,
1271 3484 1334 3535 ut
1361 3478 1551 3545 dulce,
1595 3480 1898 3547 acerbum,
1932 3483 2209 3549 multum,
2236 3500 2472 3556 parum,
2514 3482 2729 3537 dicitur
2766 3480 3034 3536 voluntas
3074 3483 3383 3550 gnomica,
3424 3498 3521 3537 seu
3561 3482 3680 3548 ποιὰ,
3712 3490 3785 3529 seu

487 3580 612 3637 πῶς,
644 3570 703 3625 id
734 3574 839 3637 est,
872 3568 1146 3623 voluntas
1174 3567 1385 3623 affecta
1424 3568 1624 3640 aliqua
1664 3570 1967 3641 qualitate,
2010 3578 2111 3627 aut
2140 3572 2511 3636 conditione;
2553 3576 2607 3626 et
2637 3586 2758 3625 non
2780 3575 2867 3625 est
2892 3574 3142 3634 naturae,
3176 3575 3241 3627 ut
3273 3571 3484 3627 dicunt
3509 3561 3785 3635 Graeci,sed

485 3674 778 3733 personae.
812 3660 877 3713 Et
901 3657 1044 3729 quia
1074 3672 1341 3728 personae
1376 3657 1549 3711 variae
1579 3664 1732 3724 sunt,
1764 3660 1896 3715 ideo
1924 3666 1979 3717 et
2004 3661 2131 3717 Ι]ωο
2149 3662 2425 3717 voluntas
2450 3664 2538 3716 est
2562 3660 2738 3715 varia.

553 3749 647 3804 Sic
670 3746 965 3819 explicata
988 3746 1287 3800 voluntate
1319 3746 1617 3814 gnomica,
1652 3748 1901 3819 qurestio
1928 3755 2034 3817 est,
2062 3755 2258 3805 utrum
2290 3748 2565 3805 voluntas
2595 3748 2874 3819 gnomica
2906 3746 3076 3803 fuerit
3118 3747 3177 3803 in
3205 3745 3486 3805 Christo?
3511 3750 3572 3803 Et
3598 3742 3784 3802 Photius

480 3838 725 3911 quidem
759 3852 939 3908 supra
968 3835 1178 3890 diserte
1208 3840 1403 3905 negat.
1429 3836 1589 3890 Idem
1622 3837 1892 3892 videntur
1922 3854 2141 3908 negare
2167 3842 2586 3902 Damascenus,
2612 3843 2668 3893 et
2700 3837 2990 3892 Maximus
3022 3853 3229 3909 supra.
3261 3842 3617 3908 Argumenta
3640 3831 3784 3890 multa

479 3928 649 3984 affert
679 3927 940 3991 Photius,
971 3928 1035 3979 ut
1053 3924 1325 3979 vidimus.
1359 3924 1666 3993 Praecipua
1698 3931 1930 3982 tantum
1959 3927 2053 3983 hic
2077 3936 2363 4001 repetam,
2394 3933 2450 3983 et
2475 3927 2692 3983 clarius
2724 3942 3084 3999 proponam.

549 4017 837 4072 Primum.
874 4014 1156 4070 Voluntas
1179 4013 1476 4083 gnomica,
1512 4020 1591 4069 est
1625 4014 1899 4070 voluntas
1933 4031 2204 4087 personae
2236 4018 2517 4073 humanae
2556 4021 2612 4071 et
2645 4022 2874 4071 crealre.
2918 4016 2982 4069 In
3022 4015 3255 4073 Christo
3290 4034 3418 4075 non
3449 4016 3551 4073 fuit
3579 4023 3784 4087 persona

474 4107 744 4164 humana
765 4110 817 4160 et
838 4109 1035 4160 creata
1068 4120 1081 4171 ;
1115 4104 1283 4172 Ergo.
1329 4102 1505 4173 Major
1545 4107 1706 4174 patet
1736 4120 1747 4157 :
1773 4104 1915 4174 quia
1948 4105 2096 4160 velle
2126 4111 2358 4162 tantum
2398 4105 2488 4161 vel
2529 4110 2779 4169 tantum,
2813 4103 2987 4159 dulce
3026 4105 3113 4160 vel
3145 4122 3453 4172 amarum,
3496 4120 3606 4161 non
3636 4100 3783 4172 potest

474 4212 607 4254 esse
640 4199 885 4261 naturae,
918 4193 1062 4265 quia
1102 4192 1199 4247 illa
1231 4196 1315 4248 est
1345 4191 1555 4247 eadem
1582 4193 1640 4247 in
1670 4192 1985 4248 omnibus:
2012 4199 2068 4250 et
2093 4198 2528 4268 consequenter
2557 4194 2716 4249 idem
2754 4193 2899 4248 vult.
2941 4195 3091 4263 Ergo
3124 4195 3409 4253 voluntas
3437 4192 3690 4268 gnomica
3720 4188 3783 4240 est

471 4300 744 4360 personae
769 4300 783 4339 :
814 4299 971 4355 quae,
999 4298 1134 4336 cum
1158 4280 1598 4352 multiplicetur,
1624 4296 1743 4336 non
1773 4286 1860 4337 est
1880 4283 2116 4349 mirum,
2140 4284 2306 4357 quod
2336 4283 2517 4340 etiam
2558 4288 2723 4339 actus
2750 4281 2986 4338 volendi
3020 4282 3471 4356 multiplicetur,
3495 4284 3572 4339 ita
3590 4287 3645 4335 nt
3670 4276 3784 4333 alius

470 4374 586 4432 hoc
610 4372 765 4439 velit,
794 4371 949 4428 alius
988 4369 1158 4426 illud.

544 4463 883 4521 Secundum
909 4463 1351 4530 argumentum.
1385 4458 1600 4514 Etectio
1636 4475 1750 4515 non
1780 4464 1865 4515 est
1889 4461 1949 4517 in
1981 4461 2227 4527 Christo,
2268 4476 2410 4531 ergo
2438 4476 2547 4516 nec
2577 4459 2853 4517 voluntas
2884 4461 3183 4531 gnomica.
3217 4461 3595 4522 Antecedens
3621 4457 3784 4529 patet:

468 4553 611 4626 quia
638 4552 841 4608 electio
868 4555 954 4605 est
975 4566 1200 4615 eorum,
1227 4564 1361 4620 quae
1379 4547 1439 4603 in
1458 4553 1771 4621 utramque
1799 4555 2027 4617 partem
2050 4556 2307 4616 movent,
2328 4551 2442 4606 hoc
2468 4555 2577 4615 est,
2608 4550 2686 4605 ad
2712 4549 2873 4606 bona
2894 4555 2950 4606 et
2968 4551 3045 4606 ad
3077 4549 3259 4619 mala,
3283 4558 3355 4609 ut
3382 4550 3573 4625 inquit
3591 4543 3787 4604 Photins

469 4659 542 4700 ex
580 4647 785 4699 sancto
812 4640 1091 4696 Maximo.
1133 4638 1421 4694 Probatur
1451 4638 1899 4710 consequentia.
1935 4640 2083 4705 Quia
2104 4640 2373 4696 voluntas
2396 4638 2676 4709 gnomica
2705 4644 2761 4694 et
2790 4639 3031 4696 electiva
3061 4646 3148 4695 est
3178 4656 3304 4697 una
3330 4647 3391 4697 et
3416 4640 3637 4696 eadem.

537 4731 791 4787 Tertium
814 4732 1252 4799 argumentum.
1284 4727 1339 4783 Si
1370 4728 1431 4781 in
1462 4726 1693 4782 Christo
1719 4735 1871 4782 esset
1901 4729 2172 4786 voluntas
2198 4730 2497 4799 gnomica,
2543 4734 2681 4784 tunc
2719 4728 2982 4785 diﬂerret
3018 4745 3054 4785 a
3078 4729 3497 4787 voluntatibus
3522 4721 3787 4799 gnomicis,

466 4835 601 4892 quae
630 4821 692 4876 in
720 4834 1083 4891 unoquoque
1109 4818 1353 4873 homine
1386 4821 1748 4888 spectantur.
1780 4817 2044 4874 Differret
2070 4820 2247 4875 etiam
2282 4834 2317 4874 a
2345 4818 2644 4874 voluntate
2670 4818 2925 4889 Spiritus
2949 4819 3161 4883 sancti,
3196 4824 3252 4874 et
3305 4820 3513 4875 Patris.
3542 4816 3644 4873 Sed
3665 4826 3787 4885 qua?

465 4924 610 4965 nam
641 4912 729 4963 est
756 4908 867 4962 ista
893 4908 1191 4977 voluntas,
1226 4923 1359 4978 quas
1390 4922 1500 4960 nec
1524 4912 1608 4961 est
1636 4906 1905 4962 humana
1945 4908 2244 4977 gnomica,
2280 4923 2388 4963 nec
2428 4906 2677 4963 omnino
2703 4906 2917 4962 dicitur
2950 4906 3228 4963 voluntas
3253 4908 3284 4963 ?
3327 4911 3447 4965 Nec
3476 4906 3585 4963 dici
3612 4904 3787 4979 potest.

464 4998 643 5053 istam
672 4995 1036 5051 voluntatem
1064 4996 1409 5065 gnomicam
1434 4995 1492 5050 in
1527 4995 1777 5061 Christo,
1807 5012 1936 5050 esse
1964 4996 2360 5068 compositam
2388 4995 2604 5067 partim
2632 5012 2702 5051 ex
2733 4995 2957 5062 divina,
2992 4997 3204 5068 partim
3235 5012 3307 5052 ex
3335 4997 3605 5054 humana
3628 4993 3790 5048 volun-

467 5090 614 5143 tate:
649 5084 812 5157 quia,
833 5090 895 5139 ut
924 5086 1005 5140 ait
1032 5084 1292 5151 Photius,
1324 5100 1396 5139 ne
1426 5084 1674 5153 cogitari
1704 5084 1948 5156 quidem
1984 5090 2175 5157 potest
2200 5084 2558 5157 compositio
2594 5084 2936 5150 voluntatis,
2969 5086 3125 5142 sicut
3158 5101 3499 5158 possumus
3518 5082 3788 5152 intelligere

462 5173 817 5249 hypostasin
844 5173 1240 5243 compositam
1266 5188 1335 5227 ex
1359 5177 1573 5228 natura
1597 5173 1865 5229 humana
1894 5181 1949 5228 et
1978 5173 2196 5230 divina.

534 5266 824 5331 Quartum
856 5268 1296 5331 argumentum.
1322 5262 1377 5315 Si
1408 5261 1579 5317 detur
1618 5261 1677 5316 in
1701 5261 1927 5317 Christo
1958 5262 2230 5318 voluntas
2262 5261 2562 5332 gnomica,
2597 5261 2771 5319 faciet
2799 5261 3305 5335 compositionem
3347 5280 3494 5322 cum
3532 5258 3791 5319 voluntate

465 5352 719 5411 naturali
735 5350 967 5408 Christi.
984 5351 1103 5405 Hoc
1120 5350 1237 5405 dici
1253 5366 1375 5405 non
1398 5354 1618 5422 potest:
1639 5354 1783 5423 quia
1794 5352 1842 5407 si
1860 5351 2133 5408 voluntas
2153 5351 2368 5407 Christi
2382 5351 2907 5423 essetcomposita,
2930 5352 3110 5408 etiam
3127 5357 3347 5411 natura
3364 5355 3496 5425 ejus
3510 5346 3796 5423 composita

463 5448 636 5501 esset.
693 5440 806 5497 Sed
853 5440 967 5495 hoc
1015 5438 1130 5494 dici
1156 5454 1275 5493 non
1298 5443 1507 5511 potest.
1540 5442 1666 5496 Una
1689 5441 1848 5496 enim
1872 5447 1959 5496 est
1982 5446 2197 5497 natura
2217 5439 2489 5496 humana
2532 5440 2594 5496 in
2636 5439 2863 5498 Christo
2896 5441 3150 5514 simplex
3177 5458 3190 5498 :
3236 5446 3299 5499 et
3322 5443 3483 5501 inter
3505 5444 3793 5500 humanam

460 5531 691 5599 Christi,
719 5534 775 5587 et
804 5528 1063 5584 divinam
1089 5530 1389 5596 naturam,
1420 5542 1543 5582 non
1575 5527 1752 5584 datur
1772 5529 1897 5586 ulla
1911 5529 2265 5602 compositio
2294 5530 2353 5584 in
2382 5533 2618 5586 natura.

534 5622 820 5695 Quintum
860 5621 1303 5692 argumentum.
1332 5616 1389 5673 Si
1408 5614 1686 5674 voluntas
1715 5618 1994 5691 gnomica
2021 5618 2290 5677 nascitur
2320 5633 2393 5675 ex
2432 5617 2683 5677 consilio
2711 5623 2771 5677 et
2799 5618 3054 5692 judicio,
3094 5635 3199 5679 seu
3230 5635 3308 5679 ex
3337 5618 3794 5681 determinatione
