  <div class='ocr_page' id='page_1' title='image "/cluster/home/n/w/nwhite01/storage/ocr_20150623/101/hvd.32044054112305/292.png"; bbox 0 0 3906 6186; ppageno 0'>
   <div class='ocr_carea' id='block_1_1' title="bbox 93 256 3372 327">
    <p class='ocr_par' dir='ltr' id='par_1_1' title="bbox 93 256 3372 327">
     <span class='ocr_line' id='line_1_1' title="bbox 93 256 3372 327; baseline 0.001 -12"><span class='ocrx_word' id='word_1_1' title='bbox 93 261 175 315; x_wconf 61' lang='grc'>545</span> <span class='ocrx_word' id='word_1_2' title='bbox 1017 256 1111 312; x_wconf 84' lang='lat' dir='ltr'>AD</span> <span class='ocrx_word' id='word_1_3' title='bbox 1153 256 1701 317; x_wconf 80' lang='lat' dir='ltr'>AMPHILOCHIUM</span> <span class='ocrx_word' id='word_1_4' title='bbox 1742 257 2070 325; x_wconf 67' lang='lat' dir='ltr'>QUIESTIO</span> <span class='ocrx_word' id='word_1_5' title='bbox 2108 259 2319 315; x_wconf 86' lang='lat' dir='ltr'>LXXX.</span> <span class='ocrx_word' id='word_1_6' title='bbox 3264 262 3372 327; x_wconf 76' lang='grc'>546</span> 
     </span>
    </p>
   </div>
   <div class='ocr_carea' id='block_1_2' title="bbox 94 380 3370 455">
    <p class='ocr_par' dir='ltr' id='par_1_2' title="bbox 94 380 3370 455">
     <span class='ocr_line' id='line_1_2' title="bbox 94 380 3370 455; baseline 0 -14"><span class='ocrx_word' id='word_1_7' title='bbox 94 384 288 441; x_wconf 79' lang='lat' dir='ltr'>rationis</span> <span class='ocrx_word' id='word_1_8' title='bbox 314 381 378 438; x_wconf 80' lang='lat' dir='ltr'>ad</span> <span class='ocrx_word' id='word_1_9' title='bbox 405 395 595 446; x_wconf 87' lang='lat' dir='ltr'>unum,</span> <span class='ocrx_word' id='word_1_10' title='bbox 622 380 714 438; x_wconf 86' lang='lat' dir='ltr'>vel</span> <span class='ocrx_word' id='word_1_11' title='bbox 755 380 927 453; x_wconf 88' lang='lat' dir='ltr'>plura</span> <span class='ocrx_word' id='word_1_12' title='bbox 953 383 1153 439; x_wconf 90' lang='lat' dir='ltr'>media</span> <span class='ocrx_word' id='word_1_13' title='bbox 1183 398 1254 440; x_wconf 84' lang='lat' dir='ltr'>ex</span> <span class='ocrx_word' id='word_1_14' title='bbox 1285 383 1415 439; x_wconf 91' lang='lat' dir='ltr'>aliis</span> <span class='ocrx_word' id='word_1_15' title='bbox 1444 382 1738 452; x_wconf 86' lang='lat' dir='ltr'>eligenda,</span> <span class='ocrx_word' id='word_1_16' title='bbox 1774 385 2043 455; x_wconf 79' lang='lat' dir='ltr'>sequitur</span> <span class='ocrx_word' id='word_1_17' title='bbox 2079 399 2215 443; x_wconf 91' lang='lat' dir='ltr'>eam</span> <span class='ocrx_word' id='word_1_18' title='bbox 2253 384 2313 440; x_wconf 91' lang='lat' dir='ltr'>in</span> <span class='ocrx_word' id='word_1_19' title='bbox 2344 383 2572 441; x_wconf 80' lang='lat' dir='ltr'>Christo</span> <span class='ocrx_word' id='word_1_20' title='bbox 2600 398 2721 439; x_wconf 90' lang='lat' dir='ltr'>non</span> <span class='ocrx_word' id='word_1_21' title='bbox 2743 382 2965 439; x_wconf 89' lang='lat' dir='ltr'>habere</span> <span class='ocrx_word' id='word_1_22' title='bbox 2993 383 3196 447; x_wconf 88' lang='lat' dir='ltr'>locum</span> <span class='ocrx_word' id='word_1_23' title='bbox 3222 402 3237 450; x_wconf 90' lang='lat'><strong>;</strong></span> <span class='ocrx_word' id='word_1_24' title='bbox 3264 387 3370 442; x_wconf 88' lang='lat' dir='ltr'>sed</span> 
     </span>
    </p>
   </div>
   <div class='ocr_carea' id='block_1_3' title="bbox 92 470 3372 545">
    <p class='ocr_par' dir='ltr' id='par_1_3' title="bbox 92 470 3372 545">
     <span class='ocr_line' id='line_1_3' title="bbox 92 470 3372 545; baseline -0.001 -16"><span class='ocrx_word' id='word_1_25' title='bbox 92 472 297 529; x_wconf 82' lang='lat' dir='ltr'>nascitur</span> <span class='ocrx_word' id='word_1_26' title='bbox 325 470 446 527; x_wconf 90' lang='lat' dir='ltr'>inde</span> <span class='ocrx_word' id='word_1_27' title='bbox 473 486 487 526; x_wconf 91' lang='lat'><strong>:</strong></span> <span class='ocrx_word' id='word_1_28' title='bbox 517 473 684 541; x_wconf 85' lang='lat' dir='ltr'>Ergo.</span> <span class='ocrx_word' id='word_1_29' title='bbox 727 470 1019 528; x_wconf 80' lang='lat' dir='ltr'>Probatur</span> <span class='ocrx_word' id='word_1_30' title='bbox 1064 471 1305 545; x_wconf 89' lang='lat' dir='ltr'>sequela</span> <span class='ocrx_word' id='word_1_31' title='bbox 1337 490 1351 528; x_wconf 89' lang='lat'><strong>:</strong></span> <span class='ocrx_word' id='word_1_32' title='bbox 1393 472 1540 545; x_wconf 84' lang='lat' dir='ltr'>quia</span> <span class='ocrx_word' id='word_1_33' title='bbox 1568 472 1905 542; x_wconf 80' lang='lat' dir='ltr'>ignorantia</span> <span class='ocrx_word' id='word_1_34' title='bbox 1934 488 2055 530; x_wconf 91' lang='lat' dir='ltr'>non</span> <span class='ocrx_word' id='word_1_35' title='bbox 2086 473 2270 529; x_wconf 92' lang='lat' dir='ltr'>habet</span> <span class='ocrx_word' id='word_1_36' title='bbox 2307 472 2504 531; x_wconf 91' lang='lat' dir='ltr'>locum</span> <span class='ocrx_word' id='word_1_37' title='bbox 2536 473 2596 529; x_wconf 93' lang='lat' dir='ltr'>in</span> <span class='ocrx_word' id='word_1_38' title='bbox 2638 472 2884 537; x_wconf 87' lang='lat' dir='ltr'>Christo,</span> <span class='ocrx_word' id='word_1_39' title='bbox 2916 488 3025 529; x_wconf 88' lang='lat' dir='ltr'>nec</span> <span class='ocrx_word' id='word_1_40' title='bbox 3056 472 3372 533; x_wconf 73' lang='lat' dir='ltr'>dubitatio.</span> 
     </span>
    </p>
   </div>
   <div class='ocr_carea' id='block_1_4' title="bbox 94 560 3369 641">
    <p class='ocr_par' dir='ltr' id='par_1_4' title="bbox 94 560 3369 641">
     <span class='ocr_line' id='line_1_4' title="bbox 94 560 3369 641; baseline 0 -23"><span class='ocrx_word' id='word_1_41' title='bbox 94 562 291 619; x_wconf 84' lang='lat' dir='ltr'>Haberet</span> <span class='ocrx_word' id='word_1_42' title='bbox 313 565 508 626; x_wconf 90' lang='lat' dir='ltr'>autem,</span> <span class='ocrx_word' id='word_1_43' title='bbox 539 560 586 615; x_wconf 87' lang='lat' dir='ltr'>si</span> <span class='ocrx_word' id='word_1_44' title='bbox 626 566 785 618; x_wconf 84' lang='lat' dir='ltr'>esset</span> <span class='ocrx_word' id='word_1_45' title='bbox 813 561 875 617; x_wconf 90' lang='lat' dir='ltr'>in</span> <span class='ocrx_word' id='word_1_46' title='bbox 914 561 1015 617; x_wconf 90' lang='lat' dir='ltr'>illo</span> <span class='ocrx_word' id='word_1_47' title='bbox 1041 564 1320 641; x_wconf 84' lang='lat' dir='ltr'>voluntas</span> <span class='ocrx_word' id='word_1_48' title='bbox 1347 563 1647 633; x_wconf 92' lang='lat' dir='ltr'>gnomica,</span> <span class='ocrx_word' id='word_1_49' title='bbox 1676 564 1737 619; x_wconf 92' lang='lat' dir='ltr'>in</span> <span class='ocrx_word' id='word_1_50' title='bbox 1778 578 1918 634; x_wconf 89' lang='lat' dir='ltr'>qua,</span> <span class='ocrx_word' id='word_1_51' title='bbox 1952 578 2058 635; x_wconf 92' lang='lat' dir='ltr'>per</span> <span class='ocrx_word' id='word_1_52' title='bbox 2095 562 2414 621; x_wconf 80' lang='lat' dir='ltr'>consilium</span> <span class='ocrx_word' id='word_1_53' title='bbox 2437 565 2493 619; x_wconf 90' lang='lat' dir='ltr'>et</span> <span class='ocrx_word' id='word_1_54' title='bbox 2521 561 3069 619; x_wconf 89' lang='lat' dir='ltr'>determinationem</span> <span class='ocrx_word' id='word_1_55' title='bbox 3102 562 3369 631; x_wconf 86' lang='lat' dir='ltr'>rationis,</span> 
     </span>
    </p>
   </div>
   <div class='ocr_carea' id='block_1_5' title="bbox 94 649 3373 723">
    <p class='ocr_par' dir='ltr' id='par_1_5' title="bbox 94 649 3373 723">
     <span class='ocr_line' id='line_1_5' title="bbox 94 649 3373 723; baseline 0.001 -16"><span class='ocrx_word' id='word_1_56' title='bbox 94 656 156 707; x_wconf 87' lang='lat' dir='ltr'>est</span> <span class='ocrx_word' id='word_1_57' title='bbox 180 651 415 707; x_wconf 87' lang='lat' dir='ltr'>transitus</span> <span class='ocrx_word' id='word_1_58' title='bbox 448 649 518 706; x_wconf 89' lang='lat' dir='ltr'>ab</span> <span class='ocrx_word' id='word_1_59' title='bbox 555 650 888 720; x_wconf 89' lang='lat' dir='ltr'>ignorantia</span> <span class='ocrx_word' id='word_1_60' title='bbox 948 650 1027 706; x_wconf 90' lang='lat' dir='ltr'>ad</span> <span class='ocrx_word' id='word_1_61' title='bbox 1079 652 1481 723; x_wconf 81' lang='lat' dir='ltr'>cognitionem</span> <span class='ocrx_word' id='word_1_62' title='bbox 1521 656 1577 708; x_wconf 90' lang='lat' dir='ltr'>et</span> <span class='ocrx_word' id='word_1_63' title='bbox 1616 651 1695 709; x_wconf 91' lang='lat' dir='ltr'>ab</span> <span class='ocrx_word' id='word_1_64' title='bbox 1733 652 1957 709; x_wconf 90' lang='lat' dir='ltr'>incerto</span> <span class='ocrx_word' id='word_1_65' title='bbox 2004 651 2085 708; x_wconf 90' lang='lat' dir='ltr'>ad</span> <span class='ocrx_word' id='word_1_66' title='bbox 2114 656 2364 715; x_wconf 88' lang='lat' dir='ltr'>certum,</span> <span class='ocrx_word' id='word_1_67' title='bbox 2418 655 2477 708; x_wconf 88' lang='lat' dir='ltr'>et</span> <span class='ocrx_word' id='word_1_68' title='bbox 2517 650 2769 708; x_wconf 84' lang='lat' dir='ltr'>mutatio</span> <span class='ocrx_word' id='word_1_69' title='bbox 2815 665 2936 707; x_wconf 91' lang='lat' dir='ltr'>non</span> <span class='ocrx_word' id='word_1_70' title='bbox 2986 650 3247 709; x_wconf 87' lang='lat' dir='ltr'>amantis</span> <span class='ocrx_word' id='word_1_71' title='bbox 3293 650 3373 709; x_wconf 87' lang='lat' dir='ltr'>ad</span> 
     </span>
    </p>
   </div>
   <div class='ocr_carea' id='block_1_6' title="bbox 96 754 317 795">
    <p class='ocr_par' dir='ltr' id='par_1_6' title="bbox 96 754 317 795">
     <span class='ocr_line' id='line_1_6' title="bbox 96 754 317 795; baseline -0.009 0"><span class='ocrx_word' id='word_1_72' title='bbox 96 754 317 795; x_wconf 80' lang='lat' dir='ltr'>amorem.</span> 
     </span>
    </p>
   </div>
   <div class='ocr_carea' id='block_1_7' title="bbox 144 828 3371 899">
    <p class='ocr_par' dir='ltr' id='par_1_7' title="bbox 144 828 3371 899">
     <span class='ocr_line' id='line_1_7' title="bbox 144 828 3371 899; baseline 0 -16"><span class='ocrx_word' id='word_1_73' title='bbox 144 828 338 883; x_wconf 79' lang='lat' dir='ltr'>Sextum</span> <span class='ocrx_word' id='word_1_74' title='bbox 364 831 789 897; x_wconf 79' lang='lat' dir='ltr'>argumentum.</span> <span class='ocrx_word' id='word_1_75' title='bbox 820 828 1101 885; x_wconf 85' lang='lat' dir='ltr'>Homines</span> <span class='ocrx_word' id='word_1_76' title='bbox 1133 832 1362 885; x_wconf 90' lang='lat' dir='ltr'>utentes</span> <span class='ocrx_word' id='word_1_77' title='bbox 1387 829 1697 885; x_wconf 78' lang='lat' dir='ltr'>voluntate</span> <span class='ocrx_word' id='word_1_78' title='bbox 1720 828 2020 899; x_wconf 89' lang='lat' dir='ltr'>gnomica,</span> <span class='ocrx_word' id='word_1_79' title='bbox 2048 833 2391 899; x_wconf 81' lang='lat' dir='ltr'>repugnant</span> <span class='ocrx_word' id='word_1_80' title='bbox 2412 830 2532 886; x_wconf 92' lang='lat' dir='ltr'>Deo</span> <span class='ocrx_word' id='word_1_81' title='bbox 2558 845 2570 884; x_wconf 89' lang='lat'><strong>:</strong></span> <span class='ocrx_word' id='word_1_82' title='bbox 2606 844 2748 899; x_wconf 82' lang='lat' dir='ltr'>ergo</span> <span class='ocrx_word' id='word_1_83' title='bbox 2776 843 2895 891; x_wconf 86' lang='lat' dir='ltr'>non</span> <span class='ocrx_word' id='word_1_84' title='bbox 2919 832 3008 885; x_wconf 90' lang='lat' dir='ltr'>est</span> <span class='ocrx_word' id='word_1_85' title='bbox 3032 828 3093 885; x_wconf 91' lang='lat' dir='ltr'>in</span> <span class='ocrx_word' id='word_1_86' title='bbox 3124 828 3371 888; x_wconf 85' lang='lat' dir='ltr'>Christo.</span> 
     </span>
    </p>
   </div>
   <div class='ocr_carea' id='block_1_8' title="bbox 146 916 3375 992">
    <p class='ocr_par' dir='ltr' id='par_1_8' title="bbox 146 916 3375 992">
     <span class='ocr_line' id='line_1_8' title="bbox 146 916 3375 992; baseline 0.001 -19"><span class='ocrx_word' id='word_1_87' title='bbox 146 916 413 989; x_wconf 82' lang='lat' dir='ltr'>Septimum</span> <span class='ocrx_word' id='word_1_88' title='bbox 424 924 859 988; x_wconf 87' lang='lat' dir='ltr'>argumentum.</span> <span class='ocrx_word' id='word_1_89' title='bbox 889 918 1172 976; x_wconf 87' lang='lat' dir='ltr'>Voluntas</span> <span class='ocrx_word' id='word_1_90' title='bbox 1199 920 1479 990; x_wconf 90' lang='lat' dir='ltr'>gnomica</span> <span class='ocrx_word' id='word_1_91' title='bbox 1503 924 1593 975; x_wconf 89' lang='lat' dir='ltr'>est</span> <span class='ocrx_word' id='word_1_92' title='bbox 1607 934 1908 992; x_wconf 89' lang='lat' dir='ltr'>propensa</span> <span class='ocrx_word' id='word_1_93' title='bbox 1933 918 2012 976; x_wconf 90' lang='lat' dir='ltr'>ad</span> <span class='ocrx_word' id='word_1_94' title='bbox 2028 925 2344 991; x_wconf 86' lang='lat' dir='ltr'>utramque</span> <span class='ocrx_word' id='word_1_95' title='bbox 2368 918 3017 985; x_wconf 87' lang='lat' dir='ltr'>actionem,honestam</span> <span class='ocrx_word' id='word_1_96' title='bbox 3036 918 3277 990; x_wconf 84' lang='lat' dir='ltr'>scilicet,</span> <span class='ocrx_word' id='word_1_97' title='bbox 3302 934 3375 979; x_wconf 82' lang='lat' dir='ltr'>ac</span> 
     </span>
    </p>
   </div>
   <div class='ocr_carea' id='block_1_9' title="bbox 96 1021 496 1078">
    <p class='ocr_par' dir='ltr' id='par_1_9' title="bbox 96 1021 496 1078">
     <span class='ocr_line' id='line_1_9' title="bbox 96 1021 496 1078; baseline -0.005 -15"><span class='ocrx_word' id='word_1_98' title='bbox 96 1022 284 1078; x_wconf 80' lang='lat' dir='ltr'>pravam</span> <span class='ocrx_word' id='word_1_99' title='bbox 311 1021 323 1073; x_wconf 94' lang='lat'>;</span> <span class='ocrx_word' id='word_1_100' title='bbox 351 1022 496 1077; x_wconf 88' lang='lat' dir='ltr'>ergo.</span> 
     </span>
    </p>
   </div>
   <div class='ocr_carea' id='block_1_10' title="bbox 142 1096 3374 1168">
    <p class='ocr_par' dir='ltr' id='par_1_10' title="bbox 142 1096 3374 1168">
     <span class='ocr_line' id='line_1_10' title="bbox 142 1096 3374 1168; baseline 0 -17"><span class='ocrx_word' id='word_1_101' title='bbox 142 1097 333 1168; x_wconf 83' lang='lat' dir='ltr'>Propter</span> <span class='ocrx_word' id='word_1_102' title='bbox 354 1097 468 1153; x_wconf 65' lang='lat' dir='ltr'>haec</span> <span class='ocrx_word' id='word_1_103' title='bbox 495 1101 873 1167; x_wconf 85' lang='lat' dir='ltr'>argumenta,</span> <span class='ocrx_word' id='word_1_104' title='bbox 906 1099 1149 1155; x_wconf 86' lang='lat' dir='ltr'>Photius</span> <span class='ocrx_word' id='word_1_105' title='bbox 1179 1103 1238 1155; x_wconf 90' lang='lat' dir='ltr'>et</span> <span class='ocrx_word' id='word_1_106' title='bbox 1261 1098 1355 1155; x_wconf 85' lang='lat' dir='ltr'>alii</span> <span class='ocrx_word' id='word_1_107' title='bbox 1387 1114 1461 1154; x_wconf 91' lang='lat' dir='ltr'>ne</span> <span class='ocrx_word' id='word_1_108' title='bbox 1492 1097 1837 1168; x_wconf 90' lang='lat' dir='ltr'>gnomicam</span> <span class='ocrx_word' id='word_1_109' title='bbox 1868 1096 2115 1168; x_wconf 87' lang='lat' dir='ltr'>quidem</span> <span class='ocrx_word' id='word_1_110' title='bbox 2138 1097 2398 1155; x_wconf 86' lang='lat' dir='ltr'>divinam</span> <span class='ocrx_word' id='word_1_111' title='bbox 2430 1098 2791 1155; x_wconf 85' lang='lat' dir='ltr'>voluntatem</span> <span class='ocrx_word' id='word_1_112' title='bbox 2822 1100 3094 1155; x_wconf 89' lang='lat' dir='ltr'>statuunt</span> <span class='ocrx_word' id='word_1_113' title='bbox 3121 1096 3181 1155; x_wconf 91' lang='lat' dir='ltr'>in</span> <span class='ocrx_word' id='word_1_114' title='bbox 3214 1096 3374 1154; x_wconf 85' lang='lat' dir='ltr'>Chri-</span> 
     </span>
    </p>
   </div>
   <div class='ocr_carea' id='block_1_11' title="bbox 96 1186 3365 1254">
    <p class='ocr_par' dir='ltr' id='par_1_11' title="bbox 96 1186 3365 1254">
     <span class='ocr_line' id='line_1_11' title="bbox 96 1186 3365 1254; baseline 0.001 -16"><span class='ocrx_word' id='word_1_115' title='bbox 96 1189 173 1238; x_wconf 88' lang='lat' dir='ltr'>sto.</span> <span class='ocrx_word' id='word_1_116' title='bbox 196 1187 331 1248; x_wconf 87' lang='lat' dir='ltr'>Nam,</span> <span class='ocrx_word' id='word_1_117' title='bbox 352 1186 394 1240; x_wconf 91' lang='lat' dir='ltr'>si</span> <span class='ocrx_word' id='word_1_118' title='bbox 415 1186 537 1241; x_wconf 90' lang='lat' dir='ltr'>talis</span> <span class='ocrx_word' id='word_1_119' title='bbox 563 1192 653 1243; x_wconf 88' lang='lat' dir='ltr'>est</span> <span class='ocrx_word' id='word_1_120' title='bbox 682 1186 743 1242; x_wconf 92' lang='lat' dir='ltr'>in</span> <span class='ocrx_word' id='word_1_121' title='bbox 761 1187 1010 1253; x_wconf 86' lang='lat' dir='ltr'>Christo,</span> <span class='ocrx_word' id='word_1_122' title='bbox 1038 1187 1139 1243; x_wconf 92' lang='lat' dir='ltr'>illa</span> <span class='ocrx_word' id='word_1_123' title='bbox 1159 1193 1260 1243; x_wconf 90' lang='lat' dir='ltr'>aut</span> <span class='ocrx_word' id='word_1_124' title='bbox 1282 1187 1495 1243; x_wconf 89' lang='lat' dir='ltr'>eadem</span> <span class='ocrx_word' id='word_1_125' title='bbox 1515 1191 1606 1242; x_wconf 90' lang='lat' dir='ltr'>est</span> <span class='ocrx_word' id='word_1_126' title='bbox 1623 1203 1761 1242; x_wconf 91' lang='lat' dir='ltr'>cum</span> <span class='ocrx_word' id='word_1_127' title='bbox 1780 1186 2082 1242; x_wconf 75' lang='lat' dir='ltr'>voluntate</span> <span class='ocrx_word' id='word_1_128' title='bbox 2101 1187 2308 1243; x_wconf 90' lang='lat' dir='ltr'>divina</span> <span class='ocrx_word' id='word_1_129' title='bbox 2332 1188 2607 1253; x_wconf 86' lang='lat' dir='ltr'>naturali,</span> <span class='ocrx_word' id='word_1_130' title='bbox 2626 1191 2728 1243; x_wconf 90' lang='lat' dir='ltr'>ant</span> <span class='ocrx_word' id='word_1_131' title='bbox 2750 1187 3009 1242; x_wconf 89' lang='lat' dir='ltr'>diversa.</span> <span class='ocrx_word' id='word_1_132' title='bbox 3046 1188 3103 1244; x_wconf 89' lang='lat' dir='ltr'>Si</span> <span class='ocrx_word' id='word_1_133' title='bbox 3130 1186 3365 1254; x_wconf 88' lang='lat' dir='ltr'>eadem,</span> 
     </span>
    </p>
   </div>
   <div class='ocr_carea' id='block_1_12' title="bbox 94 1272 3373 1348">
    <p class='ocr_par' dir='ltr' id='par_1_12' title="bbox 94 1272 3373 1348">
     <span class='ocr_line' id='line_1_12' title="bbox 94 1272 3373 1348; baseline 0.002 -22"><span class='ocrx_word' id='word_1_134' title='bbox 94 1272 317 1328; x_wconf 76' lang='lat' dir='ltr'>habemus</span> <span class='ocrx_word' id='word_1_135' title='bbox 336 1289 465 1344; x_wconf 89' lang='lat' dir='ltr'>ergo</span> <span class='ocrx_word' id='word_1_136' title='bbox 480 1275 796 1341; x_wconf 89' lang='lat' dir='ltr'>intentum,</span> <span class='ocrx_word' id='word_1_137' title='bbox 815 1292 939 1332; x_wconf 92' lang='lat' dir='ltr'>non</span> <span class='ocrx_word' id='word_1_138' title='bbox 954 1292 1085 1332; x_wconf 84' lang='lat' dir='ltr'>esse</span> <span class='ocrx_word' id='word_1_139' title='bbox 1109 1276 1525 1332; x_wconf 89' lang='lat' dir='ltr'>scilicetaliam</span> <span class='ocrx_word' id='word_1_140' title='bbox 1545 1275 1814 1332; x_wconf 84' lang='lat' dir='ltr'>divinam</span> <span class='ocrx_word' id='word_1_141' title='bbox 1840 1275 2220 1338; x_wconf 87' lang='lat' dir='ltr'>voluntatem.</span> <span class='ocrx_word' id='word_1_142' title='bbox 2245 1282 2457 1348; x_wconf 79' lang='lat' dir='ltr'>praeter</span> <span class='ocrx_word' id='word_1_143' title='bbox 2499 1276 2663 1332; x_wconf 87' lang='lat' dir='ltr'>illam</span> <span class='ocrx_word' id='word_1_144' title='bbox 2686 1275 3040 1342; x_wconf 88' lang='lat' dir='ltr'>naturalem,</span> <span class='ocrx_word' id='word_1_145' title='bbox 3068 1275 3373 1347; x_wconf 88' lang='lat' dir='ltr'>tribusque</span> 
     </span>
    </p>
   </div>
   <div class='ocr_carea' id='block_1_13' title="bbox 93 1362 3371 1435">
    <p class='ocr_par' dir='ltr' id='par_1_13' title="bbox 93 1362 3371 1435">
     <span class='ocr_line' id='line_1_13' title="bbox 93 1362 3371 1435; baseline 0.002 -20"><span class='ocrx_word' id='word_1_146' title='bbox 93 1362 295 1431; x_wconf 87' lang='lat' dir='ltr'>personis</span> <span class='ocrx_word' id='word_1_147' title='bbox 320 1378 698 1420; x_wconf 88' lang='lat' dir='ltr'>communem.</span> <span class='ocrx_word' id='word_1_148' title='bbox 731 1364 791 1419; x_wconf 90' lang='lat' dir='ltr'>Si</span> <span class='ocrx_word' id='word_1_149' title='bbox 829 1380 970 1421; x_wconf 89' lang='lat' dir='ltr'>vero</span> <span class='ocrx_word' id='word_1_150' title='bbox 985 1364 1189 1421; x_wconf 90' lang='lat' dir='ltr'>divina</span> <span class='ocrx_word' id='word_1_151' title='bbox 1217 1364 1496 1421; x_wconf 86' lang='lat' dir='ltr'>voluntas</span> <span class='ocrx_word' id='word_1_152' title='bbox 1522 1366 1805 1435; x_wconf 88' lang='lat' dir='ltr'>gnomica</span> <span class='ocrx_word' id='word_1_153' title='bbox 1835 1365 1895 1421; x_wconf 90' lang='lat' dir='ltr'>in</span> <span class='ocrx_word' id='word_1_154' title='bbox 1925 1365 2157 1422; x_wconf 88' lang='lat' dir='ltr'>Christo</span> <span class='ocrx_word' id='word_1_155' title='bbox 2178 1372 2268 1423; x_wconf 87' lang='lat' dir='ltr'>est</span> <span class='ocrx_word' id='word_1_156' title='bbox 2302 1366 2416 1423; x_wconf 88' lang='lat' dir='ltr'>alia</span> <span class='ocrx_word' id='word_1_157' title='bbox 2447 1382 2483 1423; x_wconf 91' lang='lat' dir='ltr'>a</span> <span class='ocrx_word' id='word_1_158' title='bbox 2513 1365 2770 1422; x_wconf 85' lang='lat' dir='ltr'>naturali</span> <span class='ocrx_word' id='word_1_159' title='bbox 2790 1365 2995 1422; x_wconf 91' lang='lat' dir='ltr'>divina</span> <span class='ocrx_word' id='word_1_160' title='bbox 3023 1364 3330 1423; x_wconf 87' lang='lat' dir='ltr'>voluntate</span> <span class='ocrx_word' id='word_1_161' title='bbox 3357 1374 3371 1428; x_wconf 83' lang='lat'><strong>;</strong></span> 
     </span>
    </p>
   </div>
   <div class='ocr_carea' id='block_1_14' title="bbox 93 1452 3371 1527">
    <p class='ocr_par' dir='ltr' id='par_1_14' title="bbox 93 1452 3371 1527">
     <span class='ocr_line' id='line_1_14' title="bbox 93 1452 3371 1527; baseline 0.002 -23"><span class='ocrx_word' id='word_1_162' title='bbox 93 1456 191 1505; x_wconf 89' lang='lat' dir='ltr'>tunc</span> <span class='ocrx_word' id='word_1_163' title='bbox 214 1452 551 1518; x_wconf 87' lang='lat' dir='ltr'>eritdiversa,</span> <span class='ocrx_word' id='word_1_164' title='bbox 571 1458 810 1525; x_wconf 72' lang='lat' dir='ltr'>quaeest</span> <span class='ocrx_word' id='word_1_165' title='bbox 839 1454 897 1508; x_wconf 92' lang='lat' dir='ltr'>in</span> <span class='ocrx_word' id='word_1_166' title='bbox 918 1454 1111 1518; x_wconf 88' lang='lat' dir='ltr'>Patre,</span> <span class='ocrx_word' id='word_1_167' title='bbox 1142 1460 1196 1509; x_wconf 89' lang='lat' dir='ltr'>et</span> <span class='ocrx_word' id='word_1_168' title='bbox 1222 1454 1444 1526; x_wconf 87' lang='lat' dir='ltr'>Spiritu</span> <span class='ocrx_word' id='word_1_169' title='bbox 1476 1459 1704 1511; x_wconf 91' lang='lat' dir='ltr'>sancto.</span> <span class='ocrx_word' id='word_1_170' title='bbox 1741 1454 1852 1511; x_wconf 89' lang='lat' dir='ltr'>Sed</span> <span class='ocrx_word' id='word_1_171' title='bbox 1870 1454 1984 1511; x_wconf 91' lang='lat' dir='ltr'>hoc</span> <span class='ocrx_word' id='word_1_172' title='bbox 2010 1460 2097 1510; x_wconf 91' lang='lat' dir='ltr'>est</span> <span class='ocrx_word' id='word_1_173' title='bbox 2126 1455 2481 1520; x_wconf 90' lang='lat' dir='ltr'>absurdum,</span> <span class='ocrx_word' id='word_1_174' title='bbox 2504 1456 2647 1527; x_wconf 87' lang='lat' dir='ltr'>quia</span> <span class='ocrx_word' id='word_1_175' title='bbox 2671 1455 2944 1511; x_wconf 91' lang='lat' dir='ltr'>omnium</span> <span class='ocrx_word' id='word_1_176' title='bbox 2974 1469 3371 1525; x_wconf 90' lang='lat' dir='ltr'>personarum</span> 
     </span>
    </p>
   </div>
   <div class='ocr_carea' id='block_1_15' title="bbox 90 1538 3368 1615">
    <p class='ocr_par' dir='ltr' id='par_1_15' title="bbox 90 1538 3368 1615">
     <span class='ocr_line' id='line_1_15' title="bbox 90 1538 3368 1615; baseline 0.002 -24"><span class='ocrx_word' id='word_1_177' title='bbox 90 1538 353 1596; x_wconf 87' lang='lat' dir='ltr'>divinarum</span> <span class='ocrx_word' id='word_1_178' title='bbox 376 1547 456 1597; x_wconf 89' lang='lat' dir='ltr'>est</span> <span class='ocrx_word' id='word_1_179' title='bbox 478 1542 693 1599; x_wconf 89' lang='lat' dir='ltr'>eadem</span> <span class='ocrx_word' id='word_1_180' title='bbox 729 1542 1027 1598; x_wconf 86' lang='lat' dir='ltr'>voluntas.</span> <span class='ocrx_word' id='word_1_181' title='bbox 1062 1545 1347 1600; x_wconf 88' lang='lat' dir='ltr'>Gnomica</span> <span class='ocrx_word' id='word_1_182' title='bbox 1373 1549 1573 1600; x_wconf 89' lang='lat' dir='ltr'>autem</span> <span class='ocrx_word' id='word_1_183' title='bbox 1619 1559 1742 1601; x_wconf 89' lang='lat' dir='ltr'>non</span> <span class='ocrx_word' id='word_1_184' title='bbox 1773 1548 1863 1599; x_wconf 91' lang='lat' dir='ltr'>est</span> <span class='ocrx_word' id='word_1_185' title='bbox 1886 1544 2120 1609; x_wconf 88' lang='lat' dir='ltr'>eadem,</span> <span class='ocrx_word' id='word_1_186' title='bbox 2150 1544 2257 1601; x_wconf 92' lang='lat' dir='ltr'>sed</span> <span class='ocrx_word' id='word_1_187' title='bbox 2287 1544 2523 1601; x_wconf 89' lang='lat' dir='ltr'>diversa</span> <span class='ocrx_word' id='word_1_188' title='bbox 2548 1544 2607 1600; x_wconf 93' lang='lat' dir='ltr'>in</span> <span class='ocrx_word' id='word_1_189' title='bbox 2636 1544 2886 1599; x_wconf 85' lang='lat' dir='ltr'>diversis</span> <span class='ocrx_word' id='word_1_190' title='bbox 2916 1542 3368 1615; x_wconf 87' lang='lat' dir='ltr'>hypostasibus.</span> 
     </span>
    </p>
   </div>
   <div class='ocr_carea' id='block_1_16' title="bbox 92 1625 3373 1706">
    <p class='ocr_par' dir='ltr' id='par_1_16' title="bbox 92 1625 3373 1706">
     <span class='ocr_line' id='line_1_16' title="bbox 92 1625 3373 1706; baseline 0.001 -23"><span class='ocrx_word' id='word_1_191' title='bbox 92 1625 231 1694; x_wconf 81' lang='lat' dir='ltr'>Quare</span> <span class='ocrx_word' id='word_1_192' title='bbox 252 1629 331 1684; x_wconf 82' lang='lat' dir='ltr'>isti</span> <span class='ocrx_word' id='word_1_193' title='bbox 354 1636 620 1687; x_wconf 85' lang='lat' dir='ltr'>auctores</span> <span class='ocrx_word' id='word_1_194' title='bbox 635 1647 747 1688; x_wconf 91' lang='lat' dir='ltr'>nec</span> <span class='ocrx_word' id='word_1_195' title='bbox 776 1632 837 1687; x_wconf 92' lang='lat' dir='ltr'>in</span> <span class='ocrx_word' id='word_1_196' title='bbox 860 1630 1137 1688; x_wconf 87' lang='lat' dir='ltr'>Trinitate</span> <span class='ocrx_word' id='word_1_197' title='bbox 1166 1634 1510 1702; x_wconf 88' lang='lat' dir='ltr'>gnomicam</span> <span class='ocrx_word' id='word_1_198' title='bbox 1532 1632 1903 1689; x_wconf 88' lang='lat' dir='ltr'>voluntatem</span> <span class='ocrx_word' id='word_1_199' title='bbox 1933 1638 2186 1704; x_wconf 90' lang='lat' dir='ltr'>ponunt,</span> <span class='ocrx_word' id='word_1_200' title='bbox 2219 1633 2480 1690; x_wconf 80' lang='lat' dir='ltr'>maxime</span> <span class='ocrx_word' id='word_1_201' title='bbox 2506 1639 2748 1705; x_wconf 88' lang='lat' dir='ltr'>propter</span> <span class='ocrx_word' id='word_1_202' title='bbox 2778 1638 3202 1706; x_wconf 84' lang='lat' dir='ltr'>argumentum</span> <span class='ocrx_word' id='word_1_203' title='bbox 3246 1636 3296 1698; x_wconf 82' lang='grc'>5,</span> <span class='ocrx_word' id='word_1_204' title='bbox 3337 1632 3373 1685; x_wconf 89' lang='grc'>6</span> 
     </span>
    </p>
   </div>
   <div class='ocr_carea' id='block_1_17' title="bbox 92 1717 3217 1793">
    <p class='ocr_par' dir='ltr' id='par_1_17' title="bbox 92 1717 3217 1793">
     <span class='ocr_line' id='line_1_17' title="bbox 92 1717 3217 1793; baseline 0.001 -23"><span class='ocrx_word' id='word_1_205' title='bbox 92 1721 129 1771; x_wconf 85' lang='lat' dir='ltr'>et</span> <span class='ocrx_word' id='word_1_206' title='bbox 156 1721 194 1771; x_wconf 87' lang='lat'>7.</span> <span class='ocrx_word' id='word_1_207' title='bbox 222 1717 275 1773; x_wconf 90' lang='lat' dir='ltr'>In</span> <span class='ocrx_word' id='word_1_208' title='bbox 299 1718 536 1775; x_wconf 83' lang='lat' dir='ltr'>trinitate</span> <span class='ocrx_word' id='word_1_209' title='bbox 566 1721 730 1776; x_wconf 92' lang='lat' dir='ltr'>enim</span> <span class='ocrx_word' id='word_1_210' title='bbox 761 1720 896 1776; x_wconf 91' lang='lat' dir='ltr'>licet</span> <span class='ocrx_word' id='word_1_211' title='bbox 934 1721 1053 1777; x_wconf 93' lang='lat' dir='ltr'>sint</span> <span class='ocrx_word' id='word_1_212' title='bbox 1078 1726 1192 1777; x_wconf 90' lang='lat' dir='ltr'>tres</span> <span class='ocrx_word' id='word_1_213' title='bbox 1217 1736 1515 1793; x_wconf 82' lang='lat' dir='ltr'>personae,</span> <span class='ocrx_word' id='word_1_214' title='bbox 1548 1725 1634 1777; x_wconf 88' lang='lat' dir='ltr'>est</span> <span class='ocrx_word' id='word_1_215' title='bbox 1665 1725 1864 1777; x_wconf 92' lang='lat' dir='ltr'>tamen</span> <span class='ocrx_word' id='word_1_216' title='bbox 1896 1721 2237 1793; x_wconf 88' lang='lat' dir='ltr'>simpliciter</span> <span class='ocrx_word' id='word_1_217' title='bbox 2266 1738 2455 1779; x_wconf 91' lang='lat' dir='ltr'>unum</span> <span class='ocrx_word' id='word_1_218' title='bbox 2483 1726 2539 1778; x_wconf 91' lang='lat' dir='ltr'>et</span> <span class='ocrx_word' id='word_1_219' title='bbox 2569 1721 2729 1781; x_wconf 85' lang='lat' dir='ltr'>idem</span> <span class='ocrx_word' id='word_1_220' title='bbox 2762 1720 2910 1776; x_wconf 84' lang='lat' dir='ltr'>velle</span> <span class='ocrx_word' id='word_1_221' title='bbox 2941 1736 3011 1776; x_wconf 90' lang='lat' dir='ltr'>ac</span> <span class='ocrx_word' id='word_1_222' title='bbox 3042 1720 3217 1777; x_wconf 90' lang='lat' dir='ltr'>nolle.</span> 
     </span>
    </p>
   </div>
   <div class='ocr_carea' id='block_1_18' title="bbox 142 1805 3371 1883">
    <p class='ocr_par' dir='ltr' id='par_1_18' title="bbox 142 1805 3371 1883">
     <span class='ocr_line' id='line_1_18' title="bbox 142 1805 3371 1883; baseline 0.002 -22"><span class='ocrx_word' id='word_1_223' title='bbox 142 1805 513 1866; x_wconf 79' lang='lat' dir='ltr'>Observationes</span> <span class='ocrx_word' id='word_1_224' title='bbox 543 1808 871 1867; x_wconf 77' lang='lat' dir='ltr'>Stewartii.</span> <span class='ocrx_word' id='word_1_225' title='bbox 910 1842 979 1850; x_wconf 97' lang='lat'>â€”</span> <span class='ocrx_word' id='word_1_226' title='bbox 1010 1811 1144 1866; x_wconf 60' lang='lat' dir='ltr'>Haec</span> <span class='ocrx_word' id='word_1_227' title='bbox 1181 1816 1383 1866; x_wconf 91' lang='lat' dir='ltr'>tamen</span> <span class='ocrx_word' id='word_1_228' title='bbox 1438 1816 1495 1866; x_wconf 92' lang='lat' dir='ltr'>et</span> <span class='ocrx_word' id='word_1_229' title='bbox 1521 1811 1657 1874; x_wconf 87' lang='lat' dir='ltr'>alia.</span> <span class='ocrx_word' id='word_1_230' title='bbox 1689 1827 1825 1883; x_wconf 70' lang='lat' dir='ltr'>quas</span> <span class='ocrx_word' id='word_1_231' title='bbox 1884 1811 2130 1867; x_wconf 89' lang='lat' dir='ltr'>Photius</span> <span class='ocrx_word' id='word_1_232' title='bbox 2184 1811 2467 1883; x_wconf 89' lang='lat' dir='ltr'>disputat,</span> <span class='ocrx_word' id='word_1_233' title='bbox 2511 1827 2634 1867; x_wconf 90' lang='lat' dir='ltr'>non</span> <span class='ocrx_word' id='word_1_234' title='bbox 2689 1811 2951 1869; x_wconf 88' lang='lat' dir='ltr'>videntur</span> <span class='ocrx_word' id='word_1_235' title='bbox 2993 1808 3371 1867; x_wconf 88' lang='lat' dir='ltr'>concludere.</span> 
     </span>
    </p>
   </div>
   <div class='ocr_carea' id='block_1_19' title="bbox 92 1894 3373 1969">
    <p class='ocr_par' dir='ltr' id='par_1_19' title="bbox 92 1894 3373 1969">
     <span class='ocr_line' id='line_1_19' title="bbox 92 1894 3373 1969; baseline 0.002 -23"><span class='ocrx_word' id='word_1_236' title='bbox 92 1894 222 1964; x_wconf 85' lang='lat' dir='ltr'>Cujus</span> <span class='ocrx_word' id='word_1_237' title='bbox 269 1902 606 1969; x_wconf 89' lang='lat' dir='ltr'>argumenta</span> <span class='ocrx_word' id='word_1_238' title='bbox 671 1903 736 1955; x_wconf 89' lang='lat' dir='ltr'>ut</span> <span class='ocrx_word' id='word_1_239' title='bbox 778 1898 1107 1965; x_wconf 89' lang='lat' dir='ltr'>solvantur,</span> <span class='ocrx_word' id='word_1_240' title='bbox 1174 1899 1489 1955; x_wconf 86' lang='lat' dir='ltr'>fatendum</span> <span class='ocrx_word' id='word_1_241' title='bbox 1554 1904 1664 1964; x_wconf 89' lang='lat' dir='ltr'>est,</span> <span class='ocrx_word' id='word_1_242' title='bbox 1746 1901 1802 1956; x_wconf 91' lang='lat' dir='ltr'>in</span> <span class='ocrx_word' id='word_1_243' title='bbox 1885 1900 2114 1958; x_wconf 89' lang='lat' dir='ltr'>Christo</span> <span class='ocrx_word' id='word_1_244' title='bbox 2175 1916 2299 1957; x_wconf 90' lang='lat' dir='ltr'>non</span> <span class='ocrx_word' id='word_1_245' title='bbox 2357 1900 2537 1958; x_wconf 88' lang='lat' dir='ltr'>fuisse</span> <span class='ocrx_word' id='word_1_246' title='bbox 2600 1900 2987 1964; x_wconf 87' lang='lat' dir='ltr'>voluntatem,</span> <span class='ocrx_word' id='word_1_247' title='bbox 3041 1899 3135 1955; x_wconf 88' lang='lat' dir='ltr'>vel</span> <span class='ocrx_word' id='word_1_248' title='bbox 3172 1903 3373 1961; x_wconf 83' lang='lat' dir='ltr'>actum</span> 
     </span>
    </p>
   </div>
   <div class='ocr_carea' id='block_1_20' title="bbox 94 1983 3375 2061">
    <p class='ocr_par' dir='ltr' id='par_1_20' title="bbox 94 1983 3375 2061">
     <span class='ocr_line' id='line_1_20' title="bbox 94 1983 3375 2061; baseline 0.002 -24"><span class='ocrx_word' id='word_1_249' title='bbox 94 1983 354 2051; x_wconf 83' lang='lat' dir='ltr'>voluntatis,</span> <span class='ocrx_word' id='word_1_250' title='bbox 379 2003 509 2058; x_wconf 69' lang='lat' dir='ltr'>quae</span> <span class='ocrx_word' id='word_1_251' title='bbox 538 1988 714 2044; x_wconf 79' lang='lat' dir='ltr'>fuerit</span> <span class='ocrx_word' id='word_1_252' title='bbox 738 1992 928 2058; x_wconf 90' lang='lat' dir='ltr'>actus,</span> <span class='ocrx_word' id='word_1_253' title='bbox 962 1989 1050 2043; x_wconf 92' lang='lat' dir='ltr'>vel</span> <span class='ocrx_word' id='word_1_254' title='bbox 1083 1988 1341 2059; x_wconf 89' lang='lat' dir='ltr'>potentia</span> <span class='ocrx_word' id='word_1_255' title='bbox 1370 2005 1645 2061; x_wconf 64' lang='lat' dir='ltr'>personae</span> <span class='ocrx_word' id='word_1_256' title='bbox 1676 1996 1908 2045; x_wconf 59' lang='lat' dir='ltr'>create.</span> <span class='ocrx_word' id='word_1_257' title='bbox 1951 1990 2187 2045; x_wconf 89' lang='lat' dir='ltr'>Clarum</span> <span class='ocrx_word' id='word_1_258' title='bbox 2220 1989 2379 2049; x_wconf 91' lang='lat' dir='ltr'>enim</span> <span class='ocrx_word' id='word_1_259' title='bbox 2406 1995 2493 2045; x_wconf 91' lang='lat' dir='ltr'>est</span> <span class='ocrx_word' id='word_1_260' title='bbox 2523 1990 2582 2045; x_wconf 90' lang='lat' dir='ltr'>in</span> <span class='ocrx_word' id='word_1_261' title='bbox 2616 1988 2845 2046; x_wconf 89' lang='lat' dir='ltr'>Christo</span> <span class='ocrx_word' id='word_1_262' title='bbox 2870 2004 3187 2061; x_wconf 87' lang='lat' dir='ltr'>personam</span> <span class='ocrx_word' id='word_1_263' title='bbox 3214 2004 3375 2045; x_wconf 82' lang='lat' dir='ltr'>crea-</span> 
     </span>
    </p>
   </div>
   <div class='ocr_carea' id='block_1_21' title="bbox 92 2075 3371 2150">
    <p class='ocr_par' dir='ltr' id='par_1_21' title="bbox 92 2075 3371 2150">
     <span class='ocr_line' id='line_1_21' title="bbox 92 2075 3371 2150; baseline 0.002 -23"><span class='ocrx_word' id='word_1_264' title='bbox 92 2078 177 2128; x_wconf 85' lang='lat' dir='ltr'>tam</span> <span class='ocrx_word' id='word_1_265' title='bbox 192 2089 291 2130; x_wconf 91' lang='lat' dir='ltr'>non</span> <span class='ocrx_word' id='word_1_266' title='bbox 307 2075 497 2133; x_wconf 83' lang='lat' dir='ltr'>fuisse.</span> <span class='ocrx_word' id='word_1_267' title='bbox 529 2078 772 2134; x_wconf 87' lang='lat' dir='ltr'>Interim</span> <span class='ocrx_word' id='word_1_268' title='bbox 800 2082 1000 2134; x_wconf 89' lang='lat' dir='ltr'>tamen</span> <span class='ocrx_word' id='word_1_269' title='bbox 1020 2079 1217 2148; x_wconf 90' lang='lat' dir='ltr'>negari</span> <span class='ocrx_word' id='word_1_270' title='bbox 1246 2094 1367 2134; x_wconf 91' lang='lat' dir='ltr'>non</span> <span class='ocrx_word' id='word_1_271' title='bbox 1394 2083 1589 2150; x_wconf 89' lang='lat' dir='ltr'>potest</span> <span class='ocrx_word' id='word_1_272' title='bbox 1617 2078 1679 2134; x_wconf 90' lang='lat' dir='ltr'>iu</span> <span class='ocrx_word' id='word_1_273' title='bbox 1711 2078 1939 2135; x_wconf 89' lang='lat' dir='ltr'>Christo</span> <span class='ocrx_word' id='word_1_274' title='bbox 1966 2078 2148 2133; x_wconf 85' lang='lat' dir='ltr'>fuisse</span> <span class='ocrx_word' id='word_1_275' title='bbox 2166 2077 2533 2134; x_wconf 87' lang='lat' dir='ltr'>voluntatem</span> <span class='ocrx_word' id='word_1_276' title='bbox 2554 2078 2998 2134; x_wconf 87' lang='lat' dir='ltr'>individualiter</span> <span class='ocrx_word' id='word_1_277' title='bbox 3024 2076 3371 2135; x_wconf 87' lang='lat' dir='ltr'>distinctam</span> 
     </span>
    </p>
   </div>
   <div class='ocr_carea' id='block_1_22' title="bbox 93 2161 3374 2239">
    <p class='ocr_par' dir='ltr' id='par_1_22' title="bbox 93 2161 3374 2239">
     <span class='ocr_line' id='line_1_22' title="bbox 93 2161 3374 2239; baseline 0.002 -24"><span class='ocrx_word' id='word_1_278' title='bbox 93 2161 363 2220; x_wconf 76' lang='lat' dir='ltr'>uoluntate</span> <span class='ocrx_word' id='word_1_279' title='bbox 386 2166 738 2223; x_wconf 90' lang='lat' dir='ltr'>individuali</span> <span class='ocrx_word' id='word_1_280' title='bbox 762 2168 1176 2239; x_wconf 89' lang='lat' dir='ltr'>cujuscunque</span> <span class='ocrx_word' id='word_1_281' title='bbox 1206 2168 1449 2224; x_wconf 90' lang='lat' dir='ltr'>alterius</span> <span class='ocrx_word' id='word_1_282' title='bbox 1471 2167 1759 2232; x_wconf 87' lang='lat' dir='ltr'>hominis,</span> <span class='ocrx_word' id='word_1_283' title='bbox 1784 2167 2190 2224; x_wconf 87' lang='lat' dir='ltr'>abstrahendo</span> <span class='ocrx_word' id='word_1_284' title='bbox 2214 2166 2292 2224; x_wconf 88' lang='lat' dir='ltr'>ab</span> <span class='ocrx_word' id='word_1_285' title='bbox 2317 2166 2695 2238; x_wconf 87' lang='lat' dir='ltr'>hypostatica</span> <span class='ocrx_word' id='word_1_286' title='bbox 2725 2166 3172 2238; x_wconf 87' lang='lat' dir='ltr'>personalitate.</span> <span class='ocrx_word' id='word_1_287' title='bbox 3207 2166 3374 2223; x_wconf 88' lang='lat' dir='ltr'>Sicut</span> 
     </span>
    </p>
   </div>
   <div class='ocr_carea' id='block_1_23' title="bbox 92 2250 3371 2323">
    <p class='ocr_par' dir='ltr' id='par_1_23' title="bbox 92 2250 3371 2323">
     <span class='ocr_line' id='line_1_23' title="bbox 92 2250 3371 2323; baseline 0.002 -18"><span class='ocrx_word' id='word_1_288' title='bbox 92 2250 215 2307; x_wconf 87' lang='lat' dir='ltr'>etiam</span> <span class='ocrx_word' id='word_1_289' title='bbox 227 2253 609 2311; x_wconf 81' lang='lat' dir='ltr'>abstrahendo</span> <span class='ocrx_word' id='word_1_290' title='bbox 632 2256 711 2312; x_wconf 92' lang='lat' dir='ltr'>ab</span> <span class='ocrx_word' id='word_1_291' title='bbox 733 2256 1045 2323; x_wconf 90' lang='lat' dir='ltr'>eadem,in</span> <span class='ocrx_word' id='word_1_292' title='bbox 1063 2258 1299 2316; x_wconf 90' lang='lat' dir='ltr'>Christo</span> <span class='ocrx_word' id='word_1_293' title='bbox 1328 2262 1418 2313; x_wconf 92' lang='lat' dir='ltr'>est</span> <span class='ocrx_word' id='word_1_294' title='bbox 1442 2255 1827 2313; x_wconf 88' lang='lat' dir='ltr'>individualis</span> <span class='ocrx_word' id='word_1_295' title='bbox 1841 2262 2057 2313; x_wconf 86' lang='lat' dir='ltr'>natura</span> <span class='ocrx_word' id='word_1_296' title='bbox 2082 2256 2373 2319; x_wconf 90' lang='lat' dir='ltr'>humana,</span> <span class='ocrx_word' id='word_1_297' title='bbox 2393 2254 2672 2310; x_wconf 88' lang='lat' dir='ltr'>distincta</span> <span class='ocrx_word' id='word_1_298' title='bbox 2696 2255 2774 2311; x_wconf 91' lang='lat' dir='ltr'>ab</span> <span class='ocrx_word' id='word_1_299' title='bbox 2795 2254 2961 2311; x_wconf 89' lang='lat' dir='ltr'>omni</span> <span class='ocrx_word' id='word_1_300' title='bbox 3000 2254 3137 2318; x_wconf 88' lang='lat' dir='ltr'>alia,</span> <span class='ocrx_word' id='word_1_301' title='bbox 3170 2259 3225 2310; x_wconf 90' lang='lat' dir='ltr'>et</span> <span class='ocrx_word' id='word_1_302' title='bbox 3255 2253 3371 2310; x_wconf 88' lang='lat' dir='ltr'>sub</span> 
     </span>
    </p>
   </div>
   <div class='ocr_carea' id='block_1_24' title="bbox 93 2339 3369 2419">
    <p class='ocr_par' dir='ltr' id='par_1_24' title="bbox 93 2339 3369 2419">
     <span class='ocr_line' id='line_1_24' title="bbox 93 2339 3369 2419; baseline 0.002 -26"><span class='ocrx_word' id='word_1_303' title='bbox 93 2339 161 2393; x_wconf 87' lang='lat' dir='ltr'>illa</span> <span class='ocrx_word' id='word_1_304' title='bbox 181 2341 227 2397; x_wconf 90' lang='lat' dir='ltr'>in</span> <span class='ocrx_word' id='word_1_305' title='bbox 248 2345 529 2400; x_wconf 91' lang='lat' dir='ltr'>communi</span> <span class='ocrx_word' id='word_1_306' title='bbox 562 2345 1023 2417; x_wconf 88' lang='lat' dir='ltr'>comprehensa,</span> <span class='ocrx_word' id='word_1_307' title='bbox 1063 2352 1350 2419; x_wconf 90' lang='lat' dir='ltr'>tanquam</span> <span class='ocrx_word' id='word_1_308' title='bbox 1392 2345 1706 2418; x_wconf 90' lang='lat' dir='ltr'>quoddam</span> <span class='ocrx_word' id='word_1_309' title='bbox 1734 2344 1891 2400; x_wconf 90' lang='lat' dir='ltr'>illius</span> <span class='ocrx_word' id='word_1_310' title='bbox 1923 2344 2303 2401; x_wconf 87' lang='lat' dir='ltr'>individuum</span> <span class='ocrx_word' id='word_1_311' title='bbox 2337 2360 2350 2401; x_wconf 92' lang='lat'><strong>:</strong></span> <span class='ocrx_word' id='word_1_312' title='bbox 2381 2344 2550 2414; x_wconf 87' lang='lat' dir='ltr'>cujus</span> <span class='ocrx_word' id='word_1_313' title='bbox 2580 2342 2970 2401; x_wconf 89' lang='lat' dir='ltr'>individualis</span> <span class='ocrx_word' id='word_1_314' title='bbox 3000 2348 3231 2400; x_wconf 69' lang='lat' dir='ltr'>natura)</span> <span class='ocrx_word' id='word_1_315' title='bbox 3262 2347 3369 2410; x_wconf 87' lang='lat' dir='ltr'>est,</span> 
     </span>
    </p>
   </div>
   <div class='ocr_carea' id='block_1_25' title="bbox 92 2427 3369 2508">
    <p class='ocr_par' dir='ltr' id='par_1_25' title="bbox 92 2427 3369 2508">
     <span class='ocr_line' id='line_1_25' title="bbox 92 2427 3369 2508; baseline 0.001 -27"><span class='ocrx_word' id='word_1_316' title='bbox 92 2427 406 2489; x_wconf 85' lang='lat' dir='ltr'>individuales</span> <span class='ocrx_word' id='word_1_317' title='bbox 432 2438 486 2490; x_wconf 90' lang='lat' dir='ltr'>et</span> <span class='ocrx_word' id='word_1_318' title='bbox 506 2433 846 2504; x_wconf 88' lang='lat' dir='ltr'>singulares</span> <span class='ocrx_word' id='word_1_319' title='bbox 870 2435 1137 2492; x_wconf 89' lang='lat' dir='ltr'>actiones</span> <span class='ocrx_word' id='word_1_320' title='bbox 1165 2436 1517 2508; x_wconf 87' lang='lat' dir='ltr'>producere,</span> <span class='ocrx_word' id='word_1_321' title='bbox 1548 2440 1669 2492; x_wconf 90' lang='lat' dir='ltr'>tam</span> <span class='ocrx_word' id='word_1_322' title='bbox 1698 2434 2048 2504; x_wconf 89' lang='lat' dir='ltr'>intellectus,</span> <span class='ocrx_word' id='word_1_323' title='bbox 2080 2450 2264 2505; x_wconf 89' lang='lat' dir='ltr'>quam</span> <span class='ocrx_word' id='word_1_324' title='bbox 2289 2434 2632 2499; x_wconf 87' lang='lat' dir='ltr'>voluntatis,</span> <span class='ocrx_word' id='word_1_325' title='bbox 2654 2449 2792 2505; x_wconf 74' lang='lat' dir='ltr'>quia</span> <span class='ocrx_word' id='word_1_326' title='bbox 2819 2433 2878 2488; x_wconf 94' lang='lat' dir='ltr'>in</span> <span class='ocrx_word' id='word_1_327' title='bbox 2912 2431 3225 2493; x_wconf 85' lang='lat' dir='ltr'>individuo</span> <span class='ocrx_word' id='word_1_328' title='bbox 3255 2432 3369 2497; x_wconf 88' lang='lat' dir='ltr'>dis-</span> 
     </span>
    </p>
   </div>
   <div class='ocr_carea' id='block_1_26' title="bbox 92 2518 3371 2594">
    <p class='ocr_par' dir='ltr' id='par_1_26' title="bbox 92 2518 3371 2594">
     <span class='ocr_line' id='line_1_26' title="bbox 92 2518 3371 2594; baseline 0.002 -24"><span class='ocrx_word' id='word_1_329' title='bbox 92 2518 364 2587; x_wconf 78' lang='lat' dir='ltr'>tinguuntur</span> <span class='ocrx_word' id='word_1_330' title='bbox 382 2522 456 2579; x_wconf 90' lang='lat' dir='ltr'>ab</span> <span class='ocrx_word' id='word_1_331' title='bbox 485 2524 826 2580; x_wconf 89' lang='lat' dir='ltr'>actionibus</span> <span class='ocrx_word' id='word_1_332' title='bbox 844 2525 1099 2582; x_wconf 89' lang='lat' dir='ltr'>aliarum</span> <span class='ocrx_word' id='word_1_333' title='bbox 1113 2530 1463 2581; x_wconf 87' lang='lat' dir='ltr'>naturarum</span> <span class='ocrx_word' id='word_1_334' title='bbox 1482 2523 1966 2580; x_wconf 89' lang='lat' dir='ltr'>individualium.</span> <span class='ocrx_word' id='word_1_335' title='bbox 1986 2523 2267 2589; x_wconf 89' lang='lat' dir='ltr'>Quamvis</span> <span class='ocrx_word' id='word_1_336' title='bbox 2284 2522 2895 2580; x_wconf 87' lang='lat' dir='ltr'>naturaindividualis</span> <span class='ocrx_word' id='word_1_337' title='bbox 2914 2520 3210 2594; x_wconf 88' lang='lat' dir='ltr'>producat</span> <span class='ocrx_word' id='word_1_338' title='bbox 3228 2520 3371 2578; x_wconf 88' lang='lat' dir='ltr'>istas</span> 
     </span>
    </p>
   </div>
   <div class='ocr_carea' id='block_1_27' title="bbox 90 2609 3374 2686">
    <p class='ocr_par' dir='ltr' id='par_1_27' title="bbox 90 2609 3374 2686">
     <span class='ocr_line' id='line_1_27' title="bbox 90 2609 3374 2686; baseline 0.002 -23"><span class='ocrx_word' id='word_1_339' title='bbox 90 2609 285 2666; x_wconf 76' lang='lat' dir='ltr'>actiones</span> <span class='ocrx_word' id='word_1_340' title='bbox 300 2611 351 2667; x_wconf 93' lang='lat' dir='ltr'>in</span> <span class='ocrx_word' id='word_1_341' title='bbox 366 2612 495 2668; x_wconf 89' lang='lat' dir='ltr'>aliis</span> <span class='ocrx_word' id='word_1_342' title='bbox 506 2612 759 2686; x_wconf 90' lang='lat' dir='ltr'>quidem</span> <span class='ocrx_word' id='word_1_343' title='bbox 784 2613 1159 2680; x_wconf 89' lang='lat' dir='ltr'>hominibus,</span> <span class='ocrx_word' id='word_1_344' title='bbox 1187 2620 1252 2670; x_wconf 91' lang='lat' dir='ltr'>ut</span> <span class='ocrx_word' id='word_1_345' title='bbox 1275 2619 1506 2670; x_wconf 69' lang='lat' dir='ltr'>naturas</span> <span class='ocrx_word' id='word_1_346' title='bbox 1528 2612 1925 2669; x_wconf 89' lang='lat' dir='ltr'>individuales</span> <span class='ocrx_word' id='word_1_347' title='bbox 1943 2612 2276 2669; x_wconf 89' lang='lat' dir='ltr'>subsistunt</span> <span class='ocrx_word' id='word_1_348' title='bbox 2295 2612 2354 2668; x_wconf 90' lang='lat' dir='ltr'>in</span> <span class='ocrx_word' id='word_1_349' title='bbox 2374 2611 2795 2684; x_wconf 87' lang='lat' dir='ltr'>personalitate</span> <span class='ocrx_word' id='word_1_350' title='bbox 2816 2615 3036 2677; x_wconf 87' lang='lat' dir='ltr'>creata,</span> <span class='ocrx_word' id='word_1_351' title='bbox 3052 2612 3115 2669; x_wconf 87' lang='lat' dir='ltr'>In</span> <span class='ocrx_word' id='word_1_352' title='bbox 3143 2610 3374 2669; x_wconf 85' lang='lat' dir='ltr'>Christo</span> 
     </span>
    </p>
   </div>
   <div class='ocr_carea' id='block_1_28' title="bbox 89 2698 3372 2774">
    <p class='ocr_par' dir='ltr' id='par_1_28' title="bbox 89 2698 3372 2774">
     <span class='ocr_line' id='line_1_28' title="bbox 89 2698 3372 2774; baseline 0.003 -26"><span class='ocrx_word' id='word_1_353' title='bbox 89 2710 186 2752; x_wconf 83' lang='lat' dir='ltr'>vero</span> <span class='ocrx_word' id='word_1_354' title='bbox 211 2705 261 2755; x_wconf 87' lang='lat' dir='ltr'>nt</span> <span class='ocrx_word' id='word_1_355' title='bbox 282 2706 484 2758; x_wconf 89' lang='lat' dir='ltr'>natura</span> <span class='ocrx_word' id='word_1_356' title='bbox 496 2702 632 2773; x_wconf 89' lang='lat' dir='ltr'>ejus</span> <span class='ocrx_word' id='word_1_357' title='bbox 653 2702 928 2759; x_wconf 90' lang='lat' dir='ltr'>humana</span> <span class='ocrx_word' id='word_1_358' title='bbox 945 2702 1213 2759; x_wconf 90' lang='lat' dir='ltr'>subsistit</span> <span class='ocrx_word' id='word_1_359' title='bbox 1228 2704 1288 2759; x_wconf 91' lang='lat' dir='ltr'>in</span> <span class='ocrx_word' id='word_1_360' title='bbox 1304 2703 1506 2759; x_wconf 90' lang='lat' dir='ltr'>divino</span> <span class='ocrx_word' id='word_1_361' title='bbox 1538 2701 1852 2774; x_wconf 89' lang='lat' dir='ltr'>supposito</span> <span class='ocrx_word' id='word_1_362' title='bbox 1876 2718 1889 2767; x_wconf 91' lang='lat'><strong>;</strong></span> <span class='ocrx_word' id='word_1_363' title='bbox 1922 2701 2085 2772; x_wconf 91' lang='lat' dir='ltr'>quod</span> <span class='ocrx_word' id='word_1_364' title='bbox 2104 2706 2302 2757; x_wconf 90' lang='lat' dir='ltr'>tamen</span> <span class='ocrx_word' id='word_1_365' title='bbox 2327 2701 2707 2773; x_wconf 89' lang='lat' dir='ltr'>suppositum</span> <span class='ocrx_word' id='word_1_366' title='bbox 2739 2715 2844 2771; x_wconf 90' lang='lat' dir='ltr'>per</span> <span class='ocrx_word' id='word_1_367' title='bbox 2867 2715 2931 2755; x_wconf 89' lang='lat' dir='ltr'>se</span> <span class='ocrx_word' id='word_1_368' title='bbox 2949 2714 3069 2755; x_wconf 90' lang='lat' dir='ltr'>non</span> <span class='ocrx_word' id='word_1_369' title='bbox 3097 2698 3291 2756; x_wconf 91' lang='lat' dir='ltr'>inï¬‚uit</span> <span class='ocrx_word' id='word_1_370' title='bbox 3312 2701 3372 2757; x_wconf 88' lang='lat' dir='ltr'>in</span> 
     </span>
    </p>
   </div>
   <div class='ocr_carea' id='block_1_29' title="bbox 90 2787 3375 2865">
    <p class='ocr_par' dir='ltr' id='par_1_29' title="bbox 90 2787 3375 2865">
     <span class='ocr_line' id='line_1_29' title="bbox 90 2787 3375 2865; baseline 0.001 -25"><span class='ocrx_word' id='word_1_371' title='bbox 90 2788 313 2844; x_wconf 84' lang='lat' dir='ltr'>actionem</span> <span class='ocrx_word' id='word_1_372' title='bbox 341 2789 494 2847; x_wconf 86' lang='lat' dir='ltr'>illam</span> <span class='ocrx_word' id='word_1_373' title='bbox 525 2791 916 2847; x_wconf 87' lang='lat' dir='ltr'>individualis</span> <span class='ocrx_word' id='word_1_374' title='bbox 945 2792 1263 2848; x_wconf 86' lang='lat' dir='ltr'>voluntatis</span> <span class='ocrx_word' id='word_1_375' title='bbox 1310 2808 1323 2847; x_wconf 92' lang='lat'>:</span> <span class='ocrx_word' id='word_1_376' title='bbox 1364 2792 1643 2865; x_wconf 91' lang='lat' dir='ltr'>quamvis</span> <span class='ocrx_word' id='word_1_377' title='bbox 1674 2807 1784 2847; x_wconf 90' lang='lat' dir='ltr'>nec</span> <span class='ocrx_word' id='word_1_378' title='bbox 1813 2806 1975 2846; x_wconf 89' lang='lat' dir='ltr'>mere</span> <span class='ocrx_word' id='word_1_379' title='bbox 2022 2806 2127 2862; x_wconf 91' lang='lat' dir='ltr'>per</span> <span class='ocrx_word' id='word_1_380' title='bbox 2153 2790 2419 2858; x_wconf 86' lang='lat' dir='ltr'>acideus,</span> <span class='ocrx_word' id='word_1_381' title='bbox 2451 2795 2508 2846; x_wconf 92' lang='lat' dir='ltr'>et</span> <span class='ocrx_word' id='word_1_382' title='bbox 2536 2789 3008 2846; x_wconf 90' lang='lat' dir='ltr'>concomitanter</span> <span class='ocrx_word' id='word_1_383' title='bbox 3036 2804 3163 2843; x_wconf 91' lang='lat' dir='ltr'>sese</span> <span class='ocrx_word' id='word_1_384' title='bbox 3192 2787 3375 2847; x_wconf 85' lang='lat' dir='ltr'>habet</span> 
     </span>
    </p>
   </div>
   <div class='ocr_carea' id='block_1_30' title="bbox 90 2876 3373 2951">
    <p class='ocr_par' dir='ltr' id='par_1_30' title="bbox 90 2876 3373 2951">
     <span class='ocr_line' id='line_1_30' title="bbox 90 2876 3373 2951; baseline 0.002 -22"><span class='ocrx_word' id='word_1_385' title='bbox 90 2877 393 2946; x_wconf 83' lang='lat' dir='ltr'>suppositum</span> <span class='ocrx_word' id='word_1_386' title='bbox 421 2879 498 2935; x_wconf 88' lang='lat' dir='ltr'>ad</span> <span class='ocrx_word' id='word_1_387' title='bbox 529 2879 834 2936; x_wconf 87' lang='lat' dir='ltr'>actionem</span> <span class='ocrx_word' id='word_1_388' title='bbox 863 2879 1028 2935; x_wconf 90' lang='lat' dir='ltr'>illam</span> <span class='ocrx_word' id='word_1_389' title='bbox 1057 2878 1382 2936; x_wconf 89' lang='lat' dir='ltr'>voluntatis</span> <span class='ocrx_word' id='word_1_390' title='bbox 1412 2876 1819 2943; x_wconf 90' lang='lat' dir='ltr'>individualis,</span> <span class='ocrx_word' id='word_1_391' title='bbox 1852 2880 1958 2935; x_wconf 90' lang='lat' dir='ltr'>sed</span> <span class='ocrx_word' id='word_1_392' title='bbox 1991 2884 2077 2935; x_wconf 92' lang='lat' dir='ltr'>est</span> <span class='ocrx_word' id='word_1_393' title='bbox 2105 2879 2368 2936; x_wconf 90' lang='lat' dir='ltr'>conditio</span> <span class='ocrx_word' id='word_1_394' title='bbox 2407 2877 2818 2951; x_wconf 80' lang='lat' dir='ltr'>praerequisita</span> <span class='ocrx_word' id='word_1_395' title='bbox 2850 2878 2928 2934; x_wconf 92' lang='lat' dir='ltr'>ad</span> <span class='ocrx_word' id='word_1_396' title='bbox 2962 2876 3267 2948; x_wconf 90' lang='lat' dir='ltr'>agendum</span> <span class='ocrx_word' id='word_1_397' title='bbox 3299 2891 3373 2934; x_wconf 79' lang='lat' dir='ltr'>ex</span> 
     </span>
    </p>
   </div>
   <div class='ocr_carea' id='block_1_31' title="bbox 89 2965 3371 3042">
    <p class='ocr_par' dir='ltr' id='par_1_31' title="bbox 89 2965 3371 3042">
     <span class='ocr_line' id='line_1_31' title="bbox 89 2965 3371 3042; baseline 0 -22"><span class='ocrx_word' id='word_1_398' title='bbox 89 2968 206 3031; x_wconf 75' lang='lat' dir='ltr'>parte</span> <span class='ocrx_word' id='word_1_399' title='bbox 222 2967 455 3036; x_wconf 82' lang='lat' dir='ltr'>agentis:</span> <span class='ocrx_word' id='word_1_400' title='bbox 477 2973 781 3042; x_wconf 88' lang='lat' dir='ltr'>quatenus</span> <span class='ocrx_word' id='word_1_401' title='bbox 793 2968 1022 3024; x_wconf 91' lang='lat' dir='ltr'>nullum</span> <span class='ocrx_word' id='word_1_402' title='bbox 1038 2984 1224 3039; x_wconf 91' lang='lat' dir='ltr'>agens</span> <span class='ocrx_word' id='word_1_403' title='bbox 1250 2967 1520 3024; x_wconf 88' lang='lat' dir='ltr'>naturale</span> <span class='ocrx_word' id='word_1_404' title='bbox 1541 2983 1715 3039; x_wconf 91' lang='lat' dir='ltr'>agere</span> <span class='ocrx_word' id='word_1_405' title='bbox 1733 2972 1933 3041; x_wconf 90' lang='lat' dir='ltr'>potest</span> <span class='ocrx_word' id='word_1_406' title='bbox 1950 2967 2301 3025; x_wconf 88' lang='lat' dir='ltr'>naturaliter</span> <span class='ocrx_word' id='word_1_407' title='bbox 2323 2967 2655 3039; x_wconf 89' lang='lat' dir='ltr'>loquendo,</span> <span class='ocrx_word' id='word_1_408' title='bbox 2674 2966 2787 3023; x_wconf 89' lang='lat' dir='ltr'>nisi</span> <span class='ocrx_word' id='word_1_409' title='bbox 2805 2965 3049 3024; x_wconf 83' lang='lat' dir='ltr'>exsistat</span> <span class='ocrx_word' id='word_1_410' title='bbox 3070 2966 3130 3021; x_wconf 90' lang='lat' dir='ltr'>in</span> <span class='ocrx_word' id='word_1_411' title='bbox 3151 2979 3371 3037; x_wconf 91' lang='lat' dir='ltr'>suppo-</span> 
     </span>
    </p>
   </div>
   <div class='ocr_carea' id='block_1_32' title="bbox 89 3050 1731 3130">
    <p class='ocr_par' dir='ltr' id='par_1_32' title="bbox 89 3050 1731 3130">
     <span class='ocr_line' id='line_1_32' title="bbox 89 3050 1731 3130; baseline 0.006 -27"><span class='ocrx_word' id='word_1_412' title='bbox 89 3050 184 3106; x_wconf 84' lang='lat' dir='ltr'>sito.</span> <span class='ocrx_word' id='word_1_413' title='bbox 208 3055 269 3109; x_wconf 88' lang='lat' dir='ltr'>De</span> <span class='ocrx_word' id='word_1_414' title='bbox 293 3072 405 3128; x_wconf 90' lang='lat' dir='ltr'>quo</span> <span class='ocrx_word' id='word_1_415' title='bbox 425 3057 610 3114; x_wconf 89' lang='lat' dir='ltr'>latius</span> <span class='ocrx_word' id='word_1_416' title='bbox 636 3058 869 3126; x_wconf 77' lang='lat' dir='ltr'>Suarez,</span> <span class='ocrx_word' id='word_1_417' title='bbox 897 3057 1054 3130; x_wconf 91' lang='lat' dir='ltr'>disp.</span> <span class='ocrx_word' id='word_1_418' title='bbox 1098 3056 1159 3112; x_wconf 91' lang='lat' dir='ltr'>in</span> <span class='ocrx_word' id='word_1_419' title='bbox 1189 3056 1459 3127; x_wconf 84' lang='lat' dir='ltr'>Metaph.</span> <span class='ocrx_word' id='word_1_420' title='bbox 1501 3062 1648 3113; x_wconf 89' lang='lat' dir='ltr'>sect.</span> <span class='ocrx_word' id='word_1_421' title='bbox 1676 3063 1731 3113; x_wconf 87' lang='lat'>7.</span> 
     </span>
    </p>
   </div>
   <div class='ocr_carea' id='block_1_33' title="bbox 132 3140 3371 3218">
    <p class='ocr_par' dir='ltr' id='par_1_33' title="bbox 132 3140 3371 3218">
     <span class='ocr_line' id='line_1_33' title="bbox 132 3140 3371 3218; baseline 0.003 -23"><span class='ocrx_word' id='word_1_422' title='bbox 132 3140 229 3196; x_wconf 81' lang='lat' dir='ltr'>lam</span> <span class='ocrx_word' id='word_1_423' title='bbox 250 3158 393 3211; x_wconf 88' lang='lat' dir='ltr'>vero,</span> <span class='ocrx_word' id='word_1_424' title='bbox 424 3145 579 3203; x_wconf 87' lang='lat' dir='ltr'>sicut</span> <span class='ocrx_word' id='word_1_425' title='bbox 608 3148 834 3211; x_wconf 89' lang='lat' dir='ltr'>Petrus,</span> <span class='ocrx_word' id='word_1_426' title='bbox 865 3146 1031 3201; x_wconf 83' lang='lat' dir='ltr'>verbi</span> <span class='ocrx_word' id='word_1_427' title='bbox 1081 3145 1289 3218; x_wconf 87' lang='lat' dir='ltr'>gratia,</span> <span class='ocrx_word' id='word_1_428' title='bbox 1322 3162 1424 3217; x_wconf 88' lang='lat' dir='ltr'>per</span> <span class='ocrx_word' id='word_1_429' title='bbox 1452 3145 1824 3203; x_wconf 89' lang='lat' dir='ltr'>voluntatem</span> <span class='ocrx_word' id='word_1_430' title='bbox 1851 3162 2021 3202; x_wconf 89' lang='lat' dir='ltr'>suam</span> <span class='ocrx_word' id='word_1_431' title='bbox 2072 3144 2501 3203; x_wconf 90' lang='lat' dir='ltr'>individualem</span> <span class='ocrx_word' id='word_1_432' title='bbox 2554 3146 2934 3202; x_wconf 83' lang='lat' dir='ltr'>exsistentem</span> <span class='ocrx_word' id='word_1_433' title='bbox 2966 3144 3025 3199; x_wconf 93' lang='lat' dir='ltr'>in</span> <span class='ocrx_word' id='word_1_434' title='bbox 3057 3142 3371 3217; x_wconf 86' lang='lat' dir='ltr'>supposito</span> 
     </span>
    </p>
   </div>
   <div class='ocr_carea' id='block_1_34' title="bbox 85 3233 3371 3308">
    <p class='ocr_par' dir='ltr' id='par_1_34' title="bbox 85 3233 3371 3308">
     <span class='ocr_line' id='line_1_34' title="bbox 85 3233 3371 3308; baseline 0.002 -25"><span class='ocrx_word' id='word_1_435' title='bbox 85 3235 243 3295; x_wconf 83' lang='lat' dir='ltr'>creato,</span> <span class='ocrx_word' id='word_1_436' title='bbox 264 3234 488 3292; x_wconf 90' lang='lat' dir='ltr'>tendere</span> <span class='ocrx_word' id='word_1_437' title='bbox 518 3239 719 3308; x_wconf 75' lang='lat' dir='ltr'>potost</span> <span class='ocrx_word' id='word_1_438' title='bbox 741 3240 861 3291; x_wconf 89' lang='lat' dir='ltr'>tam</span> <span class='ocrx_word' id='word_1_439' title='bbox 882 3234 1148 3301; x_wconf 89' lang='lat' dir='ltr'>indulce,</span> <span class='ocrx_word' id='word_1_440' title='bbox 1180 3250 1367 3306; x_wconf 92' lang='lat' dir='ltr'>quam</span> <span class='ocrx_word' id='word_1_441' title='bbox 1396 3235 1458 3291; x_wconf 90' lang='lat' dir='ltr'>in</span> <span class='ocrx_word' id='word_1_442' title='bbox 1488 3250 1787 3299; x_wconf 88' lang='lat' dir='ltr'>amarum,</span> <span class='ocrx_word' id='word_1_443' title='bbox 1820 3240 1943 3291; x_wconf 91' lang='lat' dir='ltr'>tam</span> <span class='ocrx_word' id='word_1_444' title='bbox 1969 3234 2029 3290; x_wconf 92' lang='lat' dir='ltr'>in</span> <span class='ocrx_word' id='word_1_445' title='bbox 2055 3250 2367 3305; x_wconf 87' lang='lat' dir='ltr'>magnum,</span> <span class='ocrx_word' id='word_1_446' title='bbox 2387 3250 2574 3306; x_wconf 91' lang='lat' dir='ltr'>quam</span> <span class='ocrx_word' id='word_1_447' title='bbox 2597 3234 2655 3288; x_wconf 91' lang='lat' dir='ltr'>in</span> <span class='ocrx_word' id='word_1_448' title='bbox 2680 3249 2956 3306; x_wconf 88' lang='lat' dir='ltr'>parvum.</span> <span class='ocrx_word' id='word_1_449' title='bbox 2992 3237 3049 3288; x_wconf 88' lang='lat' dir='ltr'>et</span> <span class='ocrx_word' id='word_1_450' title='bbox 3075 3233 3133 3289; x_wconf 89' lang='lat' dir='ltr'>in</span> <span class='ocrx_word' id='word_1_451' title='bbox 3161 3239 3371 3290; x_wconf 78' lang='lat' dir='ltr'>caetera</span> 
     </span>
    </p>
   </div>
   <div class='ocr_carea' id='block_1_35' title="bbox 85 3314 3371 3397">
    <p class='ocr_par' dir='ltr' id='par_1_35' title="bbox 85 3314 3371 3397">
     <span class='ocr_line' id='line_1_35' title="bbox 85 3314 3371 3397; baseline 0.002 -27"><span class='ocrx_word' id='word_1_452' title='bbox 85 3314 262 3385; x_wconf 84' lang='lat' dir='ltr'>objecta</span> <span class='ocrx_word' id='word_1_453' title='bbox 278 3324 715 3381; x_wconf 85' lang='lat' dir='ltr'>conditionibus</span> <span class='ocrx_word' id='word_1_454' title='bbox 729 3324 1036 3396; x_wconf 89' lang='lat' dir='ltr'>aliquibus</span> <span class='ocrx_word' id='word_1_455' title='bbox 1049 3323 1263 3380; x_wconf 66' lang='lat' dir='ltr'>aï¬â€˜ecta</span> <span class='ocrx_word' id='word_1_456' title='bbox 1290 3340 1304 3389; x_wconf 90' lang='lat'><strong>;</strong></span> <span class='ocrx_word' id='word_1_457' title='bbox 1327 3325 1407 3381; x_wconf 90' lang='lat' dir='ltr'>ita</span> <span class='ocrx_word' id='word_1_458' title='bbox 1419 3329 1613 3397; x_wconf 92' lang='lat' dir='ltr'>potest</span> <span class='ocrx_word' id='word_1_459' title='bbox 1627 3324 1805 3381; x_wconf 89' lang='lat' dir='ltr'>etiam</span> <span class='ocrx_word' id='word_1_460' title='bbox 1824 3323 2017 3389; x_wconf 92' lang='lat' dir='ltr'>dulce,</span> <span class='ocrx_word' id='word_1_461' title='bbox 2042 3328 2098 3378; x_wconf 91' lang='lat' dir='ltr'>et</span> <span class='ocrx_word' id='word_1_462' title='bbox 2124 3338 2422 3391; x_wconf 91' lang='lat' dir='ltr'>amarum,</span> <span class='ocrx_word' id='word_1_463' title='bbox 2446 3327 2555 3379; x_wconf 91' lang='lat' dir='ltr'>etc.</span> <span class='ocrx_word' id='word_1_464' title='bbox 2567 3366 2582 3391; x_wconf 90' lang='lat'>,</span> <span class='ocrx_word' id='word_1_465' title='bbox 2595 3326 2875 3393; x_wconf 87' lang='lat' dir='ltr'>appetere</span> <span class='ocrx_word' id='word_1_466' title='bbox 2894 3336 3000 3393; x_wconf 89' lang='lat' dir='ltr'>per</span> <span class='ocrx_word' id='word_1_467' title='bbox 3022 3337 3193 3379; x_wconf 90' lang='lat' dir='ltr'>suam</span> <span class='ocrx_word' id='word_1_468' title='bbox 3219 3320 3371 3379; x_wconf 89' lang='lat' dir='ltr'>indi-</span> 
     </span>
    </p>
   </div>
   <div class='ocr_carea' id='block_1_36' title="bbox 84 3405 3367 3485">
    <p class='ocr_par' dir='ltr' id='par_1_36' title="bbox 84 3405 3367 3485">
     <span class='ocr_line' id='line_1_36' title="bbox 84 3405 3367 3485; baseline 0.002 -24"><span class='ocrx_word' id='word_1_469' title='bbox 84 3405 314 3467; x_wconf 73' lang='lat' dir='ltr'>vidualem</span> <span class='ocrx_word' id='word_1_470' title='bbox 343 3413 710 3469; x_wconf 88' lang='lat' dir='ltr'>voluntatem</span> <span class='ocrx_word' id='word_1_471' title='bbox 738 3412 978 3481; x_wconf 89' lang='lat' dir='ltr'>Paulus,</span> <span class='ocrx_word' id='word_1_472' title='bbox 1011 3416 1121 3468; x_wconf 89' lang='lat' dir='ltr'>etc.</span> <span class='ocrx_word' id='word_1_473' title='bbox 1151 3412 1208 3469; x_wconf 91' lang='lat' dir='ltr'>Si</span> <span class='ocrx_word' id='word_1_474' title='bbox 1238 3428 1380 3483; x_wconf 89' lang='lat' dir='ltr'>ergo</span> <span class='ocrx_word' id='word_1_475' title='bbox 1396 3414 1589 3485; x_wconf 91' lang='lat' dir='ltr'>quivis</span> <span class='ocrx_word' id='word_1_476' title='bbox 1612 3413 1797 3470; x_wconf 91' lang='lat' dir='ltr'>homo</span> <span class='ocrx_word' id='word_1_477' title='bbox 1818 3411 2137 3482; x_wconf 90' lang='lat' dir='ltr'>singularis</span> <span class='ocrx_word' id='word_1_478' title='bbox 2162 3418 2458 3483; x_wconf 91' lang='lat' dir='ltr'>quatenus</span> <span class='ocrx_word' id='word_1_479' title='bbox 2480 3411 2661 3467; x_wconf 89' lang='lat' dir='ltr'>habet</span> <span class='ocrx_word' id='word_1_480' title='bbox 2679 3410 3047 3479; x_wconf 90' lang='lat' dir='ltr'>singularem</span> <span class='ocrx_word' id='word_1_481' title='bbox 3064 3414 3367 3476; x_wconf 86' lang='lat' dir='ltr'>naturam,</span> 
     </span>
    </p>
   </div>
   <div class='ocr_carea' id='block_1_37' title="bbox 84 3490 3367 3575">
    <p class='ocr_par' dir='ltr' id='par_1_37' title="bbox 84 3490 3367 3575">
     <span class='ocr_line' id='line_1_37' title="bbox 84 3490 3367 3575; baseline 0 -22"><span class='ocrx_word' id='word_1_482' title='bbox 84 3490 163 3549; x_wconf 84' lang='lat' dir='ltr'>hoc</span> <span class='ocrx_word' id='word_1_483' title='bbox 183 3504 363 3568; x_wconf 87' lang='lat' dir='ltr'>potest,</span> <span class='ocrx_word' id='word_1_484' title='bbox 388 3502 801 3560; x_wconf 86' lang='lat' dir='ltr'>abstrahendo</span> <span class='ocrx_word' id='word_1_485' title='bbox 831 3517 869 3557; x_wconf 92' lang='lat' dir='ltr'>a</span> <span class='ocrx_word' id='word_1_486' title='bbox 897 3502 1337 3575; x_wconf 88' lang='lat' dir='ltr'>personalitate,</span> <span class='ocrx_word' id='word_1_487' title='bbox 1367 3508 1657 3575; x_wconf 89' lang='lat' dir='ltr'>tanquam</span> <span class='ocrx_word' id='word_1_488' title='bbox 1686 3518 1722 3559; x_wconf 91' lang='lat' dir='ltr'>a</span> <span class='ocrx_word' id='word_1_489' title='bbox 1752 3502 2039 3574; x_wconf 90' lang='lat' dir='ltr'>principio</span> <span class='ocrx_word' id='word_1_490' title='bbox 2069 3500 2355 3558; x_wconf 86' lang='lat' dir='ltr'>inï¬‚uente</span> <span class='ocrx_word' id='word_1_491' title='bbox 2383 3501 2444 3555; x_wconf 91' lang='lat' dir='ltr'>in</span> <span class='ocrx_word' id='word_1_492' title='bbox 2475 3501 2773 3557; x_wconf 89' lang='lat' dir='ltr'>actionem</span> <span class='ocrx_word' id='word_1_493' title='bbox 2799 3498 2961 3556; x_wconf 87' lang='lat' dir='ltr'>illam</span> <span class='ocrx_word' id='word_1_494' title='bbox 2992 3498 3311 3556; x_wconf 78' lang='lat' dir='ltr'>voluntatis</span> <span class='ocrx_word' id='word_1_495' title='bbox 3353 3518 3367 3567; x_wconf 88' lang='lat'><strong>;</strong></span> 
     </span>
    </p>
   </div>
   <div class='ocr_carea' id='block_1_38' title="bbox 83 3587 3370 3664">
    <p class='ocr_par' dir='ltr' id='par_1_38' title="bbox 83 3587 3370 3664">
     <span class='ocr_line' id='line_1_38' title="bbox 83 3587 3370 3664; baseline 0.002 -25"><span class='ocrx_word' id='word_1_496' title='bbox 83 3587 291 3651; x_wconf 81' lang='lat' dir='ltr'>quamvis</span> <span class='ocrx_word' id='word_1_497' title='bbox 316 3604 430 3647; x_wconf 91' lang='lat' dir='ltr'>non</span> <span class='ocrx_word' id='word_1_498' title='bbox 458 3590 866 3648; x_wconf 88' lang='lat' dir='ltr'>abstrahendo</span> <span class='ocrx_word' id='word_1_499' title='bbox 890 3606 927 3648; x_wconf 87' lang='lat' dir='ltr'>a</span> <span class='ocrx_word' id='word_1_500' title='bbox 963 3591 1403 3664; x_wconf 88' lang='lat' dir='ltr'>personalitate,</span> <span class='ocrx_word' id='word_1_501' title='bbox 1456 3597 1518 3648; x_wconf 89' lang='lat' dir='ltr'>ut</span> <span class='ocrx_word' id='word_1_502' title='bbox 1564 3597 1652 3649; x_wconf 91' lang='lat' dir='ltr'>est</span> <span class='ocrx_word' id='word_1_503' title='bbox 1682 3592 1943 3649; x_wconf 91' lang='lat' dir='ltr'>conditio</span> <span class='ocrx_word' id='word_1_504' title='bbox 1978 3590 2197 3660; x_wconf 88' lang='lat' dir='ltr'>agendi</span> <span class='ocrx_word' id='word_1_505' title='bbox 2236 3589 2583 3646; x_wconf 89' lang='lat' dir='ltr'>naturaliter</span> <span class='ocrx_word' id='word_1_506' title='bbox 2630 3587 2922 3660; x_wconf 89' lang='lat' dir='ltr'>requisita</span> <span class='ocrx_word' id='word_1_507' title='bbox 2967 3605 2979 3644; x_wconf 93' lang='lat'>:</span> <span class='ocrx_word' id='word_1_508' title='bbox 3032 3587 3370 3646; x_wconf 90' lang='lat' dir='ltr'>absurdum</span> 
     </span>
    </p>
   </div>
   <div class='ocr_carea' id='block_1_39' title="bbox 83 3672 3370 3754">
    <p class='ocr_par' dir='ltr' id='par_1_39' title="bbox 83 3672 3370 3754">
     <span class='ocr_line' id='line_1_39' title="bbox 83 3672 3370 3754; baseline 0 -22"><span class='ocrx_word' id='word_1_509' title='bbox 83 3672 246 3732; x_wconf 59' lang='lat' dir='ltr'>videtur</span> <span class='ocrx_word' id='word_1_510' title='bbox 264 3678 443 3736; x_wconf 84' lang='lat' dir='ltr'>dicere</span> <span class='ocrx_word' id='word_1_511' title='bbox 472 3681 533 3738; x_wconf 89' lang='lat' dir='ltr'>id</span> <span class='ocrx_word' id='word_1_512' title='bbox 555 3680 855 3737; x_wconf 86' lang='lat' dir='ltr'>Christum</span> <span class='ocrx_word' id='word_1_513' title='bbox 906 3696 1027 3738; x_wconf 91' lang='lat' dir='ltr'>non</span> <span class='ocrx_word' id='word_1_514' title='bbox 1058 3684 1343 3753; x_wconf 87' lang='lat' dir='ltr'>potuisse,</span> <span class='ocrx_word' id='word_1_515' title='bbox 1398 3686 1457 3737; x_wconf 89' lang='lat' dir='ltr'>et</span> <span class='ocrx_word' id='word_1_516' title='bbox 1492 3682 1724 3754; x_wconf 91' lang='lat' dir='ltr'>quoties</span> <span class='ocrx_word' id='word_1_517' title='bbox 1757 3680 1985 3753; x_wconf 88' lang='lat' dir='ltr'>aliquid</span> <span class='ocrx_word' id='word_1_518' title='bbox 2030 3680 2235 3748; x_wconf 89' lang='lat' dir='ltr'>voluit,</span> <span class='ocrx_word' id='word_1_519' title='bbox 2272 3684 2375 3736; x_wconf 91' lang='lat' dir='ltr'>aut</span> <span class='ocrx_word' id='word_1_520' title='bbox 2401 3678 2703 3751; x_wconf 82' lang='lat' dir='ltr'>appetivit,</span> <span class='ocrx_word' id='word_1_521' title='bbox 2743 3678 2803 3735; x_wconf 92' lang='lat' dir='ltr'>id</span> <span class='ocrx_word' id='word_1_522' title='bbox 2835 3682 3067 3735; x_wconf 90' lang='lat' dir='ltr'>tantum</span> <span class='ocrx_word' id='word_1_523' title='bbox 3115 3677 3370 3734; x_wconf 90' lang='lat' dir='ltr'>voluisse</span> 
     </span>
    </p>
   </div>
   <div class='ocr_carea' id='block_1_40' title="bbox 83 3766 3365 3899">
    <p class='ocr_par' dir='ltr' id='par_1_40' title="bbox 83 3766 3365 3899">
     <span class='ocr_line' id='line_1_40' title="bbox 83 3766 3365 3899; baseline 0.001 -78"><span class='ocrx_word' id='word_1_524' title='bbox 83 3770 551 3899; x_wconf 40' lang='lat' dir='ltr'>icimuniratione</span> <span class='ocrx_word' id='word_1_525' title='bbox 567 3770 734 3841; x_wconf 90' lang='lat' dir='ltr'>boni,</span> <span class='ocrx_word' id='word_1_526' title='bbox 756 3777 811 3827; x_wconf 89' lang='lat' dir='ltr'>et</span> <span class='ocrx_word' id='word_1_527' title='bbox 827 3771 887 3827; x_wconf 91' lang='lat' dir='ltr'>in</span> <span class='ocrx_word' id='word_1_528' title='bbox 898 3769 1533 3841; x_wconf 88' lang='lat' dir='ltr'>objectumtetendisse</span> <span class='ocrx_word' id='word_1_529' title='bbox 1560 3772 1820 3844; x_wconf 68' lang='lat' dir='ltr'>prmoisis</span> <span class='ocrx_word' id='word_1_530' title='bbox 1849 3770 2130 3828; x_wconf 86' lang='lat' dir='ltr'>omnibus</span> <span class='ocrx_word' id='word_1_531' title='bbox 2153 3768 2566 3842; x_wconf 87' lang='lat' dir='ltr'>qualitatibus,</span> <span class='ocrx_word' id='word_1_532' title='bbox 2582 3773 2637 3825; x_wconf 91' lang='lat' dir='ltr'>et</span> <span class='ocrx_word' id='word_1_533' title='bbox 2654 3766 3095 3824; x_wconf 88' lang='lat' dir='ltr'>conditionibus</span> <span class='ocrx_word' id='word_1_534' title='bbox 3110 3767 3365 3839; x_wconf 86' lang='lat' dir='ltr'>particu-</span> 
     </span>
     <span class='ocr_line' id='line_1_41' title="bbox 98 3863 259 3899; baseline 0 0"><span class='ocrx_word' id='word_1_535' title='bbox 98 3863 155 3899; x_wconf 81' lang='lat' dir='ltr'>ari</span> <span class='ocrx_word' id='word_1_536' title='bbox 191 3871 259 3899; x_wconf 72' lang='lat' dir='ltr'>ns-</span> 
     </span>
    </p>
   </div>
   <div class='ocr_carea' id='block_1_41' title="bbox 98 3850 259 3908">
    <p class='ocr_par' dir='ltr' id='par_1_41' title="bbox 98 3850 259 3908">
     <span class='ocr_line' id='line_1_42' title="bbox 98 3850 259 3908; baseline 0.019 -5"><span class='ocrx_word' id='word_1_537' title='bbox 98 3850 259 3908; x_wconf 76' lang='lat' dir='ltr'>aribus.</span> 
     </span>
    </p>
   </div>
   <div class='ocr_carea' id='block_1_42' title="bbox 129 3936 3369 4020">
    <p class='ocr_par' dir='ltr' id='par_1_42' title="bbox 129 3936 3369 4020">
     <span class='ocr_line' id='line_1_43' title="bbox 129 3936 3369 4020; baseline -0.002 -15"><span class='ocrx_word' id='word_1_538' title='bbox 129 3936 452 4018; x_wconf 78' lang='lat' dir='ltr'>Quodsiquis</span> <span class='ocrx_word' id='word_1_539' title='bbox 465 3948 826 4006; x_wconf 89' lang='lat' dir='ltr'>sententiam</span> <span class='ocrx_word' id='word_1_540' title='bbox 847 3948 1191 4006; x_wconf 79' lang='lat' dir='ltr'>Graecorum</span> <span class='ocrx_word' id='word_1_541' title='bbox 1215 3949 1556 4005; x_wconf 90' lang='lat' dir='ltr'>accuratius</span> <span class='ocrx_word' id='word_1_542' title='bbox 1578 3949 1929 4015; x_wconf 90' lang='lat' dir='ltr'>consideret,</span> <span class='ocrx_word' id='word_1_543' title='bbox 1954 3948 2134 4020; x_wconf 91' lang='lat' dir='ltr'>plane</span> <span class='ocrx_word' id='word_1_544' title='bbox 2154 3949 2429 4005; x_wconf 88' lang='lat' dir='ltr'>videntur</span> <span class='ocrx_word' id='word_1_545' title='bbox 2447 3947 2605 4005; x_wconf 91' lang='lat' dir='ltr'>hanc</span> <span class='ocrx_word' id='word_1_546' title='bbox 2630 3946 3000 4004; x_wconf 90' lang='lat' dir='ltr'>voluntatem</span> <span class='ocrx_word' id='word_1_547' title='bbox 3024 3946 3369 4016; x_wconf 90' lang='lat' dir='ltr'>gnomicam</span> 
     </span>
    </p>
   </div>
   <div class='ocr_carea' id='block_1_43' title="bbox 82 4025 3367 4111">
    <p class='ocr_par' dir='ltr' id='par_1_43' title="bbox 82 4025 3367 4111">
     <span class='ocr_line' id='line_1_44' title="bbox 82 4025 3367 4111; baseline 0.004 -34"><span class='ocrx_word' id='word_1_548' title='bbox 82 4025 348 4089; x_wconf 85' lang='lat' dir='ltr'>distinxisse</span> <span class='ocrx_word' id='word_1_549' title='bbox 371 4037 655 4093; x_wconf 90' lang='lat' dir='ltr'>realitera</span> <span class='ocrx_word' id='word_1_550' title='bbox 672 4041 935 4109; x_wconf 89' lang='lat' dir='ltr'>potentia</span> <span class='ocrx_word' id='word_1_551' title='bbox 962 4038 1283 4110; x_wconf 91' lang='lat' dir='ltr'>illa,quam</span> <span class='ocrx_word' id='word_1_552' title='bbox 1310 4038 1652 4109; x_wconf 90' lang='lat' dir='ltr'>vocantipsi</span> <span class='ocrx_word' id='word_1_553' title='bbox 1679 4038 2034 4103; x_wconf 89' lang='lat' dir='ltr'>naturalem,</span> <span class='ocrx_word' id='word_1_554' title='bbox 2065 4054 2323 4111; x_wconf 75' lang='lat' dir='ltr'>quaeque</span> <span class='ocrx_word' id='word_1_555' title='bbox 2349 4037 2535 4093; x_wconf 89' lang='lat' dir='ltr'>oritur</span> <span class='ocrx_word' id='word_1_556' title='bbox 2560 4053 2635 4093; x_wconf 83' lang='lat' dir='ltr'>ex</span> <span class='ocrx_word' id='word_1_557' title='bbox 2665 4036 2797 4108; x_wconf 89' lang='lat' dir='ltr'>ipsa</span> <span class='ocrx_word' id='word_1_558' title='bbox 2828 4040 3043 4092; x_wconf 89' lang='lat' dir='ltr'>natura</span> <span class='ocrx_word' id='word_1_559' title='bbox 3068 4033 3367 4105; x_wconf 77' lang='lat' dir='ltr'>speciï¬ca.</span> 
     </span>
    </p>
   </div>
   <div class='ocr_carea' id='block_1_44' title="bbox 84 4111 3365 4199">
    <p class='ocr_par' dir='ltr' id='par_1_44' title="bbox 84 4111 3365 4199">
     <span class='ocr_line' id='line_1_45' title="bbox 84 4111 3365 4199; baseline 0.001 -28"><span class='ocrx_word' id='word_1_560' title='bbox 84 4111 299 4176; x_wconf 69' lang='lat' dir='ltr'>Videntur</span> <span class='ocrx_word' id='word_1_561' title='bbox 321 4125 491 4183; x_wconf 88' lang='lat' dir='ltr'>etiam</span> <span class='ocrx_word' id='word_1_562' title='bbox 522 4127 894 4183; x_wconf 79' lang='lat' dir='ltr'>existimasse</span> <span class='ocrx_word' id='word_1_563' title='bbox 923 4128 1078 4183; x_wconf 90' lang='lat' dir='ltr'>hanc</span> <span class='ocrx_word' id='word_1_564' title='bbox 1108 4126 1475 4182; x_wconf 88' lang='lat' dir='ltr'>voluntatem</span> <span class='ocrx_word' id='word_1_565' title='bbox 1507 4128 1871 4199; x_wconf 89' lang='lat' dir='ltr'>gnomicam,</span> <span class='ocrx_word' id='word_1_566' title='bbox 1912 4134 1968 4184; x_wconf 90' lang='lat' dir='ltr'>et</span> <span class='ocrx_word' id='word_1_567' title='bbox 1994 4133 2160 4183; x_wconf 89' lang='lat' dir='ltr'>actus</span> <span class='ocrx_word' id='word_1_568' title='bbox 2190 4127 2319 4198; x_wconf 91' lang='lat' dir='ltr'>ejus</span> <span class='ocrx_word' id='word_1_569' title='bbox 2346 4125 2606 4183; x_wconf 76' lang='lat' dir='ltr'>eï¬‚ective</span> <span class='ocrx_word' id='word_1_570' title='bbox 2645 4142 2775 4182; x_wconf 88' lang='lat' dir='ltr'>esse</span> <span class='ocrx_word' id='word_1_571' title='bbox 2807 4125 2885 4181; x_wconf 89' lang='lat' dir='ltr'>ab</span> <span class='ocrx_word' id='word_1_572' title='bbox 2927 4126 3055 4196; x_wconf 91' lang='lat' dir='ltr'>ipsa</span> <span class='ocrx_word' id='word_1_573' title='bbox 3084 4138 3365 4196; x_wconf 89' lang='lat' dir='ltr'>persona.</span> 
     </span>
    </p>
   </div>
   <div class='ocr_carea' id='block_1_45' title="bbox 78 4204 3364 4289">
    <p class='ocr_par' dir='ltr' id='par_1_45' title="bbox 78 4204 3364 4289">
     <span class='ocr_line' id='line_1_46' title="bbox 78 4204 3364 4289; baseline 0.001 -24"><span class='ocrx_word' id='word_1_574' title='bbox 78 4204 196 4265; x_wconf 74' lang='lat' dir='ltr'>Quod</span> <span class='ocrx_word' id='word_1_575' title='bbox 216 4210 255 4265; x_wconf 83' lang='lat' dir='ltr'>si</span> <span class='ocrx_word' id='word_1_576' title='bbox 280 4211 354 4269; x_wconf 91' lang='lat' dir='ltr'>ita</span> <span class='ocrx_word' id='word_1_577' title='bbox 374 4221 551 4281; x_wconf 89' lang='lat' dir='ltr'>esset,</span> <span class='ocrx_word' id='word_1_578' title='bbox 569 4220 715 4273; x_wconf 88' lang='lat' dir='ltr'>tunc</span> <span class='ocrx_word' id='word_1_579' title='bbox 735 4216 966 4273; x_wconf 90' lang='lat' dir='ltr'>clarum</span> <span class='ocrx_word' id='word_1_580' title='bbox 992 4222 1146 4274; x_wconf 88' lang='lat' dir='ltr'>esset</span> <span class='ocrx_word' id='word_1_581' title='bbox 1166 4216 1225 4271; x_wconf 92' lang='lat' dir='ltr'>in</span> <span class='ocrx_word' id='word_1_582' title='bbox 1248 4217 1477 4272; x_wconf 89' lang='lat' dir='ltr'>Christo</span> <span class='ocrx_word' id='word_1_583' title='bbox 1506 4233 1629 4273; x_wconf 91' lang='lat' dir='ltr'>non</span> <span class='ocrx_word' id='word_1_584' title='bbox 1659 4234 1834 4289; x_wconf 86' lang='lat' dir='ltr'>posse</span> <span class='ocrx_word' id='word_1_585' title='bbox 1863 4218 2005 4289; x_wconf 91' lang='lat' dir='ltr'>poni</span> <span class='ocrx_word' id='word_1_586' title='bbox 2036 4216 2404 4273; x_wconf 86' lang='lat' dir='ltr'>voluntatem</span> <span class='ocrx_word' id='word_1_587' title='bbox 2435 4215 2781 4286; x_wconf 87' lang='lat' dir='ltr'>gnomicam</span> <span class='ocrx_word' id='word_1_588' title='bbox 2803 4218 3089 4279; x_wconf 89' lang='lat' dir='ltr'>creatam,</span> <span class='ocrx_word' id='word_1_589' title='bbox 3128 4228 3269 4269; x_wconf 92' lang='lat' dir='ltr'>cum</span> <span class='ocrx_word' id='word_1_590' title='bbox 3301 4210 3364 4267; x_wconf 88' lang='lat' dir='ltr'>in</span> 
     </span>
    </p>
   </div>
   <div class='ocr_carea' id='block_1_46' title="bbox 81 4290 2796 4378">
    <p class='ocr_par' dir='ltr' id='par_1_46' title="bbox 81 4290 2796 4378">
     <span class='ocr_line' id='line_1_47' title="bbox 81 4290 2796 4378; baseline -0 -19"><span class='ocrx_word' id='word_1_591' title='bbox 81 4290 172 4359; x_wconf 51' lang='lat' dir='ltr'>ipso</span> <span class='ocrx_word' id='word_1_592' title='bbox 191 4312 290 4355; x_wconf 87' lang='lat' dir='ltr'>non</span> <span class='ocrx_word' id='word_1_593' title='bbox 307 4300 472 4359; x_wconf 83' lang='lat' dir='ltr'>fuerit</span> <span class='ocrx_word' id='word_1_594' title='bbox 499 4320 760 4377; x_wconf 86' lang='lat' dir='ltr'>persona</span> <span class='ocrx_word' id='word_1_595' title='bbox 788 4313 1007 4373; x_wconf 88' lang='lat' dir='ltr'>creata,</span> <span class='ocrx_word' id='word_1_596' title='bbox 1038 4322 1110 4361; x_wconf 82' lang='lat' dir='ltr'>ex</span> <span class='ocrx_word' id='word_1_597' title='bbox 1136 4322 1258 4378; x_wconf 89' lang='lat' dir='ltr'>qua</span> <span class='ocrx_word' id='word_1_598' title='bbox 1284 4305 1633 4376; x_wconf 89' lang='lat' dir='ltr'>hujusmodi</span> <span class='ocrx_word' id='word_1_599' title='bbox 1661 4306 1936 4364; x_wconf 91' lang='lat' dir='ltr'>voluntas</span> <span class='ocrx_word' id='word_1_600' title='bbox 1966 4306 2235 4362; x_wconf 90' lang='lat' dir='ltr'>humana</span> <span class='ocrx_word' id='word_1_601' title='bbox 2258 4305 2540 4375; x_wconf 84' lang='lat' dir='ltr'>gnomica</span> <span class='ocrx_word' id='word_1_602' title='bbox 2569 4304 2796 4361; x_wconf 88' lang='lat' dir='ltr'>ï¬‚ueret.</span> 
     </span>
    </p>
   </div>
   <div class='ocr_carea' id='block_1_47' title="bbox 129 4384 3371 4467">
    <p class='ocr_par' dir='ltr' id='par_1_47' title="bbox 129 4384 3371 4467">
     <span class='ocr_line' id='line_1_48' title="bbox 129 4384 3371 4467; baseline 0 -20"><span class='ocrx_word' id='word_1_603' title='bbox 129 4384 211 4442; x_wconf 79' lang='lat' dir='ltr'>Sed</span> <span class='ocrx_word' id='word_1_604' title='bbox 238 4388 351 4447; x_wconf 69' lang='lat' dir='ltr'>haec</span> <span class='ocrx_word' id='word_1_605' title='bbox 376 4392 770 4451; x_wconf 78' lang='lat' dir='ltr'>fundamenta</span> <span class='ocrx_word' id='word_1_606' title='bbox 800 4400 941 4451; x_wconf 90' lang='lat' dir='ltr'>sunt</span> <span class='ocrx_word' id='word_1_607' title='bbox 968 4394 1142 4452; x_wconf 85' lang='lat' dir='ltr'>falsa.</span> <span class='ocrx_word' id='word_1_608' title='bbox 1176 4395 1326 4461; x_wconf 84' lang='lat' dir='ltr'>Quia</span> <span class='ocrx_word' id='word_1_609' title='bbox 1355 4396 1552 4452; x_wconf 90' lang='lat' dir='ltr'>omnis</span> <span class='ocrx_word' id='word_1_610' title='bbox 1580 4392 1747 4453; x_wconf 66' lang='lat' dir='ltr'>actus</span> <span class='ocrx_word' id='word_1_611' title='bbox 1776 4394 2116 4461; x_wconf 88' lang='lat' dir='ltr'>voluntatis,</span> <span class='ocrx_word' id='word_1_612' title='bbox 2150 4394 2579 4467; x_wconf 89' lang='lat' dir='ltr'>qualiscunque</span> <span class='ocrx_word' id='word_1_613' title='bbox 2621 4394 2713 4457; x_wconf 91' lang='lat' dir='ltr'>sit,</span> <span class='ocrx_word' id='word_1_614' title='bbox 2748 4391 3013 4448; x_wconf 83' lang='lat' dir='ltr'>eï¬‚&#39;ective</span> <span class='ocrx_word' id='word_1_615' title='bbox 3043 4394 3131 4446; x_wconf 90' lang='lat' dir='ltr'>est</span> <span class='ocrx_word' id='word_1_616' title='bbox 3159 4388 3237 4446; x_wconf 90' lang='lat' dir='ltr'>ab</span> <span class='ocrx_word' id='word_1_617' title='bbox 3269 4388 3371 4448; x_wconf 78' lang='lat' dir='ltr'>illa</span> 
     </span>
    </p>
   </div>
   <div class='ocr_carea' id='block_1_48' title="bbox 78 4476 3367 4557">
    <p class='ocr_par' dir='ltr' id='par_1_48' title="bbox 78 4476 3367 4557">
     <span class='ocr_line' id='line_1_49' title="bbox 78 4476 3367 4557; baseline -0.001 -21"><span class='ocrx_word' id='word_1_618' title='bbox 78 4476 274 4536; x_wconf 51' lang='lat' dir='ltr'>Potentia</span> <span class='ocrx_word' id='word_1_619' title='bbox 289 4480 521 4539; x_wconf 79' lang='lat' dir='ltr'>valendi</span> <span class='ocrx_word' id='word_1_620' title='bbox 550 4498 685 4555; x_wconf 66' lang='lat' dir='ltr'>quae</span> <span class='ocrx_word' id='word_1_621' title='bbox 716 4483 846 4540; x_wconf 90' lang='lat' dir='ltr'>ï¬‚uit</span> <span class='ocrx_word' id='word_1_622' title='bbox 874 4501 948 4541; x_wconf 88' lang='lat' dir='ltr'>ex</span> <span class='ocrx_word' id='word_1_623' title='bbox 976 4484 1313 4541; x_wconf 89' lang='lat' dir='ltr'>intrinsecis</span> <span class='ocrx_word' id='word_1_624' title='bbox 1338 4485 1642 4557; x_wconf 87' lang='lat' dir='ltr'>principiis</span> <span class='ocrx_word' id='word_1_625' title='bbox 1675 4486 1959 4541; x_wconf 83' lang='lat' dir='ltr'>humanae</span> <span class='ocrx_word' id='word_1_626' title='bbox 1989 4491 2236 4540; x_wconf 83' lang='lat' dir='ltr'>naturae.</span> <span class='ocrx_word' id='word_1_627' title='bbox 2268 4485 2332 4539; x_wconf 89' lang='lat' dir='ltr'>Et</span> <span class='ocrx_word' id='word_1_628' title='bbox 2362 4482 2739 4553; x_wconf 90' lang='lat' dir='ltr'>suppositum</span> <span class='ocrx_word' id='word_1_629' title='bbox 2770 4482 2865 4538; x_wconf 92' lang='lat' dir='ltr'>hic</span> <span class='ocrx_word' id='word_1_630' title='bbox 2894 4480 2973 4536; x_wconf 91' lang='lat' dir='ltr'>nil</span> <span class='ocrx_word' id='word_1_631' title='bbox 3016 4478 3178 4536; x_wconf 91' lang='lat' dir='ltr'>aliud</span> <span class='ocrx_word' id='word_1_632' title='bbox 3205 4478 3367 4545; x_wconf 89' lang='lat' dir='ltr'>facit,</span> 
     </span>
    </p>
   </div>
   <div class='ocr_carea' id='block_1_49' title="bbox 78 4567 3372 4647">
    <p class='ocr_par' dir='ltr' id='par_1_49' title="bbox 78 4567 3372 4647">
     <span class='ocr_line' id='line_1_50' title="bbox 78 4567 3372 4647; baseline -0.002 -17"><span class='ocrx_word' id='word_1_633' title='bbox 78 4572 212 4630; x_wconf 65' lang='lat' dir='ltr'>quam</span> <span class='ocrx_word' id='word_1_634' title='bbox 236 4569 384 4639; x_wconf 88' lang='lat' dir='ltr'>quod</span> <span class='ocrx_word' id='word_1_635' title='bbox 410 4577 502 4629; x_wconf 89' lang='lat' dir='ltr'>est</span> <span class='ocrx_word' id='word_1_636' title='bbox 529 4573 819 4639; x_wconf 88' lang='lat' dir='ltr'>conditio,</span> <span class='ocrx_word' id='word_1_637' title='bbox 854 4574 979 4629; x_wconf 90' lang='lat' dir='ltr'>sine</span> <span class='ocrx_word' id='word_1_638' title='bbox 1007 4590 1132 4646; x_wconf 91' lang='lat' dir='ltr'>qua</span> <span class='ocrx_word' id='word_1_639' title='bbox 1159 4574 1503 4630; x_wconf 88' lang='lat' dir='ltr'>naturaliter</span> <span class='ocrx_word' id='word_1_640' title='bbox 1532 4574 1853 4647; x_wconf 89' lang='lat' dir='ltr'>loquendo,</span> <span class='ocrx_word' id='word_1_641' title='bbox 1907 4573 2181 4629; x_wconf 87' lang='lat' dir='ltr'>voluntas</span> <span class='ocrx_word' id='word_1_642' title='bbox 2212 4572 2442 4628; x_wconf 90' lang='lat' dir='ltr'>nullum</span> <span class='ocrx_word' id='word_1_643' title='bbox 2475 4577 2677 4628; x_wconf 88' lang='lat' dir='ltr'>actum</span> <span class='ocrx_word' id='word_1_644' title='bbox 2712 4571 2896 4643; x_wconf 87' lang='lat' dir='ltr'>possit</span> <span class='ocrx_word' id='word_1_645' title='bbox 2945 4569 3176 4633; x_wconf 88' lang='lat' dir='ltr'>elicere,</span> <span class='ocrx_word' id='word_1_646' title='bbox 3218 4567 3372 4625; x_wconf 83' lang='lat' dir='ltr'>sicut</span> 
     </span>
    </p>
   </div>
   <div class='ocr_carea' id='block_1_50' title="bbox 80 4654 3372 4735">
    <p class='ocr_par' dir='ltr' id='par_1_50' title="bbox 80 4654 3372 4735">
     <span class='ocr_line' id='line_1_51' title="bbox 80 4654 3372 4735; baseline 0.004 -35"><span class='ocrx_word' id='word_1_647' title='bbox 80 4654 355 4714; x_wconf 84' lang='lat' dir='ltr'>naturaliter</span> <span class='ocrx_word' id='word_1_648' title='bbox 380 4675 502 4717; x_wconf 88' lang='lat' dir='ltr'>non</span> <span class='ocrx_word' id='word_1_649' title='bbox 534 4667 729 4734; x_wconf 91' lang='lat' dir='ltr'>potest</span> <span class='ocrx_word' id='word_1_650' title='bbox 748 4662 1023 4719; x_wconf 80' lang='lat' dir='ltr'>exsistere</span> <span class='ocrx_word' id='word_1_651' title='bbox 1054 4667 1223 4718; x_wconf 84' lang='lat' dir='ltr'>extra</span> <span class='ocrx_word' id='word_1_652' title='bbox 1250 4664 1654 4735; x_wconf 89' lang='lat' dir='ltr'>suppositum.</span> <span class='ocrx_word' id='word_1_653' title='bbox 1685 4663 1742 4719; x_wconf 92' lang='lat' dir='ltr'>Si</span> <span class='ocrx_word' id='word_1_654' title='bbox 1774 4669 1976 4719; x_wconf 89' lang='lat' dir='ltr'>tamen</span> <span class='ocrx_word' id='word_1_655' title='bbox 2008 4667 2174 4718; x_wconf 85' lang='lat' dir='ltr'>extra</span> <span class='ocrx_word' id='word_1_656' title='bbox 2203 4667 2356 4717; x_wconf 89' lang='lat' dir='ltr'>esset</span> <span class='ocrx_word' id='word_1_657' title='bbox 2383 4677 2488 4732; x_wconf 89' lang='lat' dir='ltr'>per</span> <span class='ocrx_word' id='word_1_658' title='bbox 2514 4660 2780 4716; x_wconf 89' lang='lat' dir='ltr'>divinam</span> <span class='ocrx_word' id='word_1_659' title='bbox 2814 4656 3161 4731; x_wconf 89' lang='lat' dir='ltr'>potentiam,</span> <span class='ocrx_word' id='word_1_660' title='bbox 3192 4672 3372 4728; x_wconf 88' lang='lat' dir='ltr'>posse</span> 
     </span>
    </p>
   </div>
   <div class='ocr_carea' id='block_1_51' title="bbox 81 4736 3296 4824">
    <p class='ocr_par' dir='ltr' id='par_1_51' title="bbox 81 4736 3296 4824">
     <span class='ocr_line' id='line_1_52' title="bbox 81 4736 3296 4824; baseline -0.001 -21"><span class='ocrx_word' id='word_1_661' title='bbox 81 4736 211 4797; x_wconf 61' lang='lat' dir='ltr'>etiam</span> <span class='ocrx_word' id='word_1_662' title='bbox 242 4752 392 4804; x_wconf 82' lang='lat' dir='ltr'>extra</span> <span class='ocrx_word' id='word_1_663' title='bbox 425 4752 685 4822; x_wconf 87' lang='lat' dir='ltr'>operari,</span> <span class='ocrx_word' id='word_1_664' title='bbox 729 4767 840 4807; x_wconf 91' lang='lat' dir='ltr'>nec</span> <span class='ocrx_word' id='word_1_665' title='bbox 867 4753 1189 4824; x_wconf 89' lang='lat' dir='ltr'>requireret</span> <span class='ocrx_word' id='word_1_666' title='bbox 1215 4751 1373 4807; x_wconf 91' lang='lat' dir='ltr'>hanc</span> <span class='ocrx_word' id='word_1_667' title='bbox 1411 4753 1814 4809; x_wconf 89' lang='lat' dir='ltr'>conditionem</span> <span class='ocrx_word' id='word_1_668' title='bbox 1849 4750 2154 4823; x_wconf 90' lang='lat' dir='ltr'>suppositi,</span> <span class='ocrx_word' id='word_1_669' title='bbox 2189 4755 2251 4805; x_wconf 92' lang='lat' dir='ltr'>ut</span> <span class='ocrx_word' id='word_1_670' title='bbox 2278 4750 2451 4805; x_wconf 91' lang='lat' dir='ltr'>docet</span> <span class='ocrx_word' id='word_1_671' title='bbox 2481 4750 2658 4806; x_wconf 89' lang='lat' dir='ltr'>etiam</span> <span class='ocrx_word' id='word_1_672' title='bbox 2694 4750 2911 4806; x_wconf 91' lang='lat' dir='ltr'>Suarez</span> <span class='ocrx_word' id='word_1_673' title='bbox 2936 4748 3065 4805; x_wconf 92' lang='lat' dir='ltr'>loco</span> <span class='ocrx_word' id='word_1_674' title='bbox 3097 4745 3296 4803; x_wconf 91' lang='lat' dir='ltr'>citato.</span> 
     </span>
    </p>
   </div>
   <div class='ocr_carea' id='block_1_52' title="bbox 128 4829 3373 4912">
    <p class='ocr_par' dir='ltr' id='par_1_52' title="bbox 128 4829 3373 4912">
     <span class='ocr_line' id='line_1_53' title="bbox 128 4829 3373 4912; baseline -0 -19"><span class='ocrx_word' id='word_1_675' title='bbox 128 4829 195 4885; x_wconf 67' lang='lat' dir='ltr'>Ad</span> <span class='ocrx_word' id='word_1_676' title='bbox 208 4834 443 4902; x_wconf 82' lang='lat' dir='ltr'>primum</span> <span class='ocrx_word' id='word_1_677' title='bbox 455 4846 877 4911; x_wconf 90' lang='lat' dir='ltr'>argumentum</span> <span class='ocrx_word' id='word_1_678' title='bbox 891 4840 1089 4904; x_wconf 87' lang='lat' dir='ltr'>Photii,</span> <span class='ocrx_word' id='word_1_679' title='bbox 1109 4845 1358 4910; x_wconf 89' lang='lat' dir='ltr'>negatur</span> <span class='ocrx_word' id='word_1_680' title='bbox 1386 4842 1595 4912; x_wconf 89' lang='lat' dir='ltr'>major.</span> <span class='ocrx_word' id='word_1_681' title='bbox 1616 4842 1765 4907; x_wconf 89' lang='lat' dir='ltr'>Quia</span> <span class='ocrx_word' id='word_1_682' title='bbox 1786 4841 2059 4897; x_wconf 90' lang='lat' dir='ltr'>voluntas</span> <span class='ocrx_word' id='word_1_683' title='bbox 2086 4839 2367 4911; x_wconf 91' lang='lat' dir='ltr'>gnomica</span> <span class='ocrx_word' id='word_1_684' title='bbox 2392 4844 2479 4894; x_wconf 89' lang='lat' dir='ltr'>est</span> <span class='ocrx_word' id='word_1_685' title='bbox 2511 4844 2759 4899; x_wconf 69' lang='lat' dir='ltr'>naturae.</span> <span class='ocrx_word' id='word_1_686' title='bbox 2796 4852 2918 4893; x_wconf 91' lang='lat' dir='ltr'>non</span> <span class='ocrx_word' id='word_1_687' title='bbox 2944 4850 3239 4908; x_wconf 81' lang='lat' dir='ltr'>personae,</span> <span class='ocrx_word' id='word_1_688' title='bbox 3257 4834 3373 4894; x_wconf 89' lang='lat' dir='ltr'>nisi</span> 
     </span>
    </p>
   </div>
   <div class='ocr_carea' id='block_1_53' title="bbox 79 4923 3369 5001">
    <p class='ocr_par' dir='ltr' id='par_1_53' title="bbox 79 4923 3369 5001">
     <span class='ocr_line' id='line_1_54' title="bbox 79 4923 3369 5001; baseline -0.002 -17"><span class='ocrx_word' id='word_1_689' title='bbox 79 4923 310 4984; x_wconf 63' lang='lat' dir='ltr'>Was</span> <span class='ocrx_word' id='word_1_690' title='bbox 333 4941 593 4998; x_wconf 88' lang='lat' dir='ltr'>persona</span> <span class='ocrx_word' id='word_1_691' title='bbox 620 4935 709 4985; x_wconf 89' lang='lat' dir='ltr'>est</span> <span class='ocrx_word' id='word_1_692' title='bbox 734 4929 1019 4996; x_wconf 89' lang='lat' dir='ltr'>conditio,</span> <span class='ocrx_word' id='word_1_693' title='bbox 1038 4928 1163 4985; x_wconf 91' lang='lat' dir='ltr'>sine</span> <span class='ocrx_word' id='word_1_694' title='bbox 1177 4945 1298 5001; x_wconf 91' lang='lat' dir='ltr'>qua</span> <span class='ocrx_word' id='word_1_695' title='bbox 1315 4930 1593 4987; x_wconf 90' lang='lat' dir='ltr'>voluntas</span> <span class='ocrx_word' id='word_1_696' title='bbox 1621 4930 1967 4986; x_wconf 88' lang='lat' dir='ltr'>naturaliter</span> <span class='ocrx_word' id='word_1_697' title='bbox 1996 4934 2199 4985; x_wconf 90' lang='lat' dir='ltr'>actum</span> <span class='ocrx_word' id='word_1_698' title='bbox 2222 4944 2346 4984; x_wconf 90' lang='lat' dir='ltr'>non</span> <span class='ocrx_word' id='word_1_699' title='bbox 2359 4927 2612 4983; x_wconf 88' lang='lat' dir='ltr'>eliceret.</span> <span class='ocrx_word' id='word_1_700' title='bbox 2634 4927 2720 4982; x_wconf 79' lang='lat' dir='ltr'>Ad</span> <span class='ocrx_word' id='word_1_701' title='bbox 2740 4924 3163 4999; x_wconf 88' lang='lat' dir='ltr'>probationem</span> <span class='ocrx_word' id='word_1_702' title='bbox 3192 4924 3331 4982; x_wconf 92' lang='lat' dir='ltr'>dico</span> <span class='ocrx_word' id='word_1_703' title='bbox 3354 4940 3369 4978; x_wconf 87' lang='lat'><strong>:</strong></span> 
     </span>
    </p>
   </div>
   <div class='ocr_carea' id='block_1_54' title="bbox 83 5003 3365 5097">
    <p class='ocr_par' dir='ltr' id='par_1_54' title="bbox 83 5003 3365 5097">
     <span class='ocr_line' id='line_1_55' title="bbox 83 5003 3365 5097; baseline 0.003 -33"><span class='ocrx_word' id='word_1_704' title='bbox 83 5003 252 5097; x_wconf 56' lang='lat' dir='ltr'>Wtin</span> <span class='ocrx_word' id='word_1_705' title='bbox 263 5013 501 5086; x_wconf 85' lang='lat' dir='ltr'>singulis</span> <span class='ocrx_word' id='word_1_706' title='bbox 525 5019 866 5075; x_wconf 90' lang='lat' dir='ltr'>hominibus</span> <span class='ocrx_word' id='word_1_707' title='bbox 880 5019 954 5075; x_wconf 87' lang='lat' dir='ltr'>sit</span> <span class='ocrx_word' id='word_1_708' title='bbox 972 5018 1185 5075; x_wconf 90' lang='lat' dir='ltr'>eadem</span> <span class='ocrx_word' id='word_1_709' title='bbox 1211 5018 1487 5075; x_wconf 89' lang='lat' dir='ltr'>voluntas</span> <span class='ocrx_word' id='word_1_710' title='bbox 1506 5019 1839 5077; x_wconf 86' lang='lat' dir='ltr'>secundum</span> <span class='ocrx_word' id='word_1_711' title='bbox 1858 5019 2141 5090; x_wconf 90' lang='lat' dir='ltr'>speciem,</span> <span class='ocrx_word' id='word_1_712' title='bbox 2167 5016 2588 5090; x_wconf 90' lang='lat' dir='ltr'>multiplicatur</span> <span class='ocrx_word' id='word_1_713' title='bbox 2613 5020 2815 5071; x_wconf 90' lang='lat' dir='ltr'>tamen</span> <span class='ocrx_word' id='word_1_714' title='bbox 2835 5013 3282 5072; x_wconf 85' lang='lat' dir='ltr'>individualiter</span> <span class='ocrx_word' id='word_1_715' title='bbox 3302 5013 3365 5073; x_wconf 82' lang='lat' dir='ltr'>in</span> 
     </span>
    </p>
   </div>
   <div class='ocr_carea' id='block_1_55' title="bbox 81 5097 3376 5175">
    <p class='ocr_par' dir='ltr' id='par_1_55' title="bbox 81 5097 3376 5175">
     <span class='ocr_line' id='line_1_56' title="bbox 81 5097 3376 5175; baseline -0.001 -13"><span class='ocrx_word' id='word_1_716' title='bbox 81 5097 380 5165; x_wconf 59' lang='lat' dir='ltr'>â€œNam,</span> <span class='ocrx_word' id='word_1_717' title='bbox 406 5104 541 5162; x_wconf 85' lang='lat' dir='ltr'>licet</span> <span class='ocrx_word' id='word_1_718' title='bbox 565 5106 843 5163; x_wconf 88' lang='lat' dir='ltr'>voluntas</span> <span class='ocrx_word' id='word_1_719' title='bbox 869 5106 930 5163; x_wconf 89' lang='lat' dir='ltr'>in</span> <span class='ocrx_word' id='word_1_720' title='bbox 958 5107 1265 5164; x_wconf 89' lang='lat' dir='ltr'>communi</span> <span class='ocrx_word' id='word_1_721' title='bbox 1288 5106 1596 5163; x_wconf 89' lang='lat' dir='ltr'>abstrahat</span> <span class='ocrx_word' id='word_1_722' title='bbox 1621 5112 1658 5164; x_wconf 84' lang='lat' dir='ltr'>a</span> <span class='ocrx_word' id='word_1_723' title='bbox 1676 5113 1865 5172; x_wconf 87' lang='lat' dir='ltr'>tanto,</span> <span class='ocrx_word' id='word_1_724' title='bbox 1899 5108 1992 5164; x_wconf 90' lang='lat' dir='ltr'>vel</span> <span class='ocrx_word' id='word_1_725' title='bbox 2019 5114 2205 5175; x_wconf 90' lang='lat' dir='ltr'>tanto,</span> <span class='ocrx_word' id='word_1_726' title='bbox 2227 5113 2362 5174; x_wconf 90' lang='lat' dir='ltr'>etc.,</span> <span class='ocrx_word' id='word_1_727' title='bbox 2383 5112 2441 5162; x_wconf 91' lang='lat' dir='ltr'>et</span> <span class='ocrx_word' id='word_1_728' title='bbox 2466 5106 2544 5162; x_wconf 88' lang='lat' dir='ltr'>ab</span> <span class='ocrx_word' id='word_1_729' title='bbox 2567 5105 2698 5161; x_wconf 90' lang='lat' dir='ltr'>aliis</span> <span class='ocrx_word' id='word_1_730' title='bbox 2723 5103 3172 5161; x_wconf 90' lang='lat' dir='ltr'>conditionibus</span> <span class='ocrx_word' id='word_1_731' title='bbox 3190 5102 3376 5175; x_wconf 85' lang='lat' dir='ltr'>parti-</span> 
     </span>
    </p>
   </div>
   <div class='ocr_carea' id='block_1_56' title="bbox 80 5180 3371 5269">
    <p class='ocr_par' dir='ltr' id='par_1_56' title="bbox 80 5180 3371 5269">
     <span class='ocr_line' id='line_1_57' title="bbox 80 5180 3371 5269; baseline 0.001 -26"><span class='ocrx_word' id='word_1_732' title='bbox 80 5180 320 5246; x_wconf 69' lang='lat' dir='ltr'>cularibus</span> <span class='ocrx_word' id='word_1_733' title='bbox 339 5193 706 5264; x_wconf 74' lang='lat' dir='ltr'>obiectorum</span> <span class='ocrx_word' id='word_1_734' title='bbox 740 5212 753 5252; x_wconf 90' lang='lat'><strong>:</strong></span> <span class='ocrx_word' id='word_1_735' title='bbox 782 5201 1215 5269; x_wconf 87' lang='lat' dir='ltr'>nonrepugnat</span> <span class='ocrx_word' id='word_1_736' title='bbox 1236 5196 1530 5252; x_wconf 90' lang='lat' dir='ltr'>tamenilli</span> <span class='ocrx_word' id='word_1_737' title='bbox 1549 5196 1691 5253; x_wconf 90' lang='lat' dir='ltr'>velle</span> <span class='ocrx_word' id='word_1_738' title='bbox 1724 5202 1976 5266; x_wconf 89' lang='lat' dir='ltr'>tantum,</span> <span class='ocrx_word' id='word_1_739' title='bbox 2020 5196 2112 5251; x_wconf 91' lang='lat' dir='ltr'>vel</span> <span class='ocrx_word' id='word_1_740' title='bbox 2144 5200 2395 5260; x_wconf 92' lang='lat' dir='ltr'>tantum,</span> <span class='ocrx_word' id='word_1_741' title='bbox 2420 5200 2554 5261; x_wconf 88' lang='lat' dir='ltr'>etc.;</span> <span class='ocrx_word' id='word_1_742' title='bbox 2578 5194 2698 5249; x_wconf 91' lang='lat' dir='ltr'>imo</span> <span class='ocrx_word' id='word_1_743' title='bbox 2731 5194 2846 5250; x_wconf 89' lang='lat' dir='ltr'>hoc</span> <span class='ocrx_word' id='word_1_744' title='bbox 2874 5193 2924 5251; x_wconf 92' lang='lat' dir='ltr'>ei</span> <span class='ocrx_word' id='word_1_745' title='bbox 2957 5198 3045 5249; x_wconf 89' lang='lat' dir='ltr'>est</span> <span class='ocrx_word' id='word_1_746' title='bbox 3078 5191 3371 5257; x_wconf 88' lang='lat' dir='ltr'>naturale,</span> 
     </span>
    </p>
   </div>
   <div class='ocr_carea' id='block_1_57' title="bbox 83 5272 3375 5362">
    <p class='ocr_par' dir='ltr' id='par_1_57' title="bbox 83 5272 3375 5362">
     <span class='ocr_line' id='line_1_58' title="bbox 83 5272 3375 5362; baseline -0.001 -20"><span class='ocrx_word' id='word_1_747' title='bbox 83 5282 131 5362; x_wconf 50' lang='grc' dir='ltr'>á¼‘Î¿</span> <span class='ocrx_word' id='word_1_748' title='bbox 150 5272 271 5342; x_wconf 71' lang='grc' dir='ltr'><strong>á½·Î²Î¹Î¿,</strong></span> <span class='ocrx_word' id='word_1_749' title='bbox 292 5282 447 5351; x_wconf 85' lang='lat' dir='ltr'>quod</span> <span class='ocrx_word' id='word_1_750' title='bbox 463 5285 671 5342; x_wconf 86' lang='lat' dir='ltr'>omnia</span> <span class='ocrx_word' id='word_1_751' title='bbox 684 5284 1741 5343; x_wconf 85' lang='lat' dir='ltr'>istacontinenturintralatitudinem</span> <span class='ocrx_word' id='word_1_752' title='bbox 1769 5286 1860 5341; x_wconf 91' lang='lat' dir='ltr'>sui</span> <span class='ocrx_word' id='word_1_753' title='bbox 1880 5285 2113 5356; x_wconf 87' lang='lat' dir='ltr'>objecti,</span> <span class='ocrx_word' id='word_1_754' title='bbox 2143 5284 2309 5356; x_wconf 92' lang='lat' dir='ltr'>quod</span> <span class='ocrx_word' id='word_1_755' title='bbox 2331 5290 2421 5341; x_wconf 89' lang='lat' dir='ltr'>est</span> <span class='ocrx_word' id='word_1_756' title='bbox 2443 5284 2675 5340; x_wconf 90' lang='lat' dir='ltr'>bonum</span> <span class='ocrx_word' id='word_1_757' title='bbox 2701 5300 2715 5339; x_wconf 91' lang='lat'><strong>:</strong></span> <span class='ocrx_word' id='word_1_758' title='bbox 2739 5284 2888 5340; x_wconf 81' lang='lat' dir='ltr'>sicut</span> <span class='ocrx_word' id='word_1_759' title='bbox 2908 5283 3085 5339; x_wconf 88' lang='lat' dir='ltr'>etiam</span> <span class='ocrx_word' id='word_1_760' title='bbox 3110 5281 3375 5354; x_wconf 71' lang='lat' dir='ltr'>potentia</span> 
     </span>
    </p>
   </div>
   <div class='ocr_carea' id='block_1_58' title="bbox 82 5362 3372 5448">
    <p class='ocr_par' dir='ltr' id='par_1_58' title="bbox 82 5362 3372 5448">
     <span class='ocr_line' id='line_1_59' title="bbox 82 5362 3372 5448; baseline 0 -20"><span class='ocrx_word' id='word_1_761' title='bbox 398 5389 521 5430; x_wconf 84' lang='lat' dir='ltr'>non</span> <span class='ocrx_word' id='word_1_762' title='bbox 535 5379 766 5432; x_wconf 84' lang='lat' dir='ltr'>tantum</span> <span class='ocrx_word' id='word_1_763' title='bbox 783 5380 978 5448; x_wconf 85' lang='lat' dir='ltr'>potest</span> <span class='ocrx_word' id='word_1_764' title='bbox 990 5375 1228 5435; x_wconf 80' lang='lat' dir='ltr'>tendere</span> <span class='ocrx_word' id='word_1_765' title='bbox 1242 5374 1309 5430; x_wconf 84' lang='lat' dir='ltr'>in</span> <span class='ocrx_word' id='word_1_766' title='bbox 1327 5390 1533 5431; x_wconf 88' lang='lat' dir='ltr'>verum</span> <span class='ocrx_word' id='word_1_767' title='bbox 1548 5375 1607 5431; x_wconf 89' lang='lat' dir='ltr'>in</span> <span class='ocrx_word' id='word_1_768' title='bbox 1622 5375 1934 5440; x_wconf 90' lang='lat' dir='ltr'>communi,</span> <span class='ocrx_word' id='word_1_769' title='bbox 1958 5374 2067 5431; x_wconf 88' lang='lat' dir='ltr'>sed</span> <span class='ocrx_word' id='word_1_770' title='bbox 2080 5375 2260 5430; x_wconf 90' lang='lat' dir='ltr'>etiam</span> <span class='ocrx_word' id='word_1_771' title='bbox 2278 5374 2339 5429; x_wconf 90' lang='lat' dir='ltr'>in</span> <span class='ocrx_word' id='word_1_772' title='bbox 2353 5373 2468 5431; x_wconf 91' lang='lat' dir='ltr'>hoc</span> <span class='ocrx_word' id='word_1_773' title='bbox 2496 5372 2588 5430; x_wconf 89' lang='lat' dir='ltr'>vel</span> <span class='ocrx_word' id='word_1_774' title='bbox 2600 5372 2749 5429; x_wconf 90' lang='lat' dir='ltr'>illud</span> <span class='ocrx_word' id='word_1_775' title='bbox 2772 5388 2977 5429; x_wconf 90' lang='lat' dir='ltr'>verum</span> <span class='ocrx_word' id='word_1_776' title='bbox 2992 5371 3372 5444; x_wconf 87' lang='lat' dir='ltr'>particulare,</span> 
     </span>
    </p>
   </div>
   <div class='ocr_carea' id='block_1_59' title="bbox 78 5442 3374 5533">
    <p class='ocr_par' dir='ltr' id='par_1_59' title="bbox 78 5442 3374 5533">
     <span class='ocr_line' id='line_1_60' title="bbox 78 5442 3374 5533; baseline 0 -16"><span class='ocrx_word' id='word_1_777' title='bbox 78 5442 159 5533; x_wconf 57' lang='lat' dir='ltr'>hÂ°Â¢</span> <span class='ocrx_word' id='word_1_778' title='bbox 181 5454 256 5511; x_wconf 78' lang='grc' dir='ltr'>Î·Î¹</span> <span class='ocrx_word' id='word_1_779' title='bbox 274 5457 369 5517; x_wconf 64' lang='lat' dir='ltr'>illo</span> <span class='ocrx_word' id='word_1_780' title='bbox 391 5463 514 5520; x_wconf 76' lang='lat' dir='ltr'>veri</span> <span class='ocrx_word' id='word_1_781' title='bbox 531 5464 715 5522; x_wconf 78' lang='lat' dir='ltr'>modo</span> <span class='ocrx_word' id='word_1_782' title='bbox 726 5442 1025 5522; x_wconf 60' lang='lat' dir='ltr'>adactum.</span> <span class='ocrx_word' id='word_1_783' title='bbox 1052 5467 1246 5532; x_wconf 87' lang='lat' dir='ltr'>Quare</span> <span class='ocrx_word' id='word_1_784' title='bbox 1263 5467 1436 5522; x_wconf 83' lang='lat' dir='ltr'>etiam</span> <span class='ocrx_word' id='word_1_785' title='bbox 1458 5465 1744 5522; x_wconf 90' lang='lat' dir='ltr'>voluntati</span> <span class='ocrx_word' id='word_1_786' title='bbox 1770 5465 2075 5530; x_wconf 82' lang='lat' dir='ltr'>humanae,</span> <span class='ocrx_word' id='word_1_787' title='bbox 2101 5468 2167 5520; x_wconf 90' lang='lat' dir='ltr'>ut</span> <span class='ocrx_word' id='word_1_788' title='bbox 2189 5462 2465 5521; x_wconf 87' lang='lat' dir='ltr'>voluntas</span> <span class='ocrx_word' id='word_1_789' title='bbox 2478 5466 2587 5528; x_wconf 88' lang='lat' dir='ltr'>est,</span> <span class='ocrx_word' id='word_1_790' title='bbox 2614 5462 2913 5527; x_wconf 89' lang='lat' dir='ltr'>convenit,</span> <span class='ocrx_word' id='word_1_791' title='bbox 2938 5442 3374 5533; x_wconf 67' lang='lat' dir='ltr'>utpossitvelle</span> 
     </span>
    </p>
   </div>
   <div class='ocr_carea' id='block_1_60' title="bbox 76 5532 3376 5629">
    <p class='ocr_par' dir='ltr' id='par_1_60' title="bbox 76 5532 3376 5629">
     <span class='ocr_line' id='line_1_61' title="bbox 76 5532 3376 5629; baseline 0.001 -23"><span class='ocrx_word' id='word_1_792' title='bbox 76 5532 271 5611; x_wconf 57' lang='lat' dir='ltr'>bonum.</span> <span class='ocrx_word' id='word_1_793' title='bbox 290 5552 346 5605; x_wconf 82' lang='lat' dir='ltr'>et</span> <span class='ocrx_word' id='word_1_794' title='bbox 363 5566 575 5610; x_wconf 79' lang='lat' dir='ltr'>omnes</span> <span class='ocrx_word' id='word_1_795' title='bbox 602 5552 969 5615; x_wconf 77' lang='lat' dir='ltr'>differentias</span> <span class='ocrx_word' id='word_1_796' title='bbox 986 5554 1125 5614; x_wconf 85' lang='lat' dir='ltr'>boni</span> <span class='ocrx_word' id='word_1_797' title='bbox 1148 5571 1163 5612; x_wconf 87' lang='lat'><strong>:</strong></span> <span class='ocrx_word' id='word_1_798' title='bbox 1186 5556 1349 5625; x_wconf 87' lang='lat' dir='ltr'>item,</span> <span class='ocrx_word' id='word_1_799' title='bbox 1375 5560 1439 5613; x_wconf 89' lang='lat' dir='ltr'>ut</span> <span class='ocrx_word' id='word_1_800' title='bbox 1461 5555 1653 5629; x_wconf 79' lang='lat' dir='ltr'>possit</span> <span class='ocrx_word' id='word_1_801' title='bbox 1670 5553 1873 5625; x_wconf 77' lang='lat' dir='ltr'>fugere</span> <span class='ocrx_word' id='word_1_802' title='bbox 1898 5552 2146 5621; x_wconf 88' lang='lat' dir='ltr'>malum,</span> <span class='ocrx_word' id='word_1_803' title='bbox 2162 5558 2219 5611; x_wconf 90' lang='lat' dir='ltr'>et</span> <span class='ocrx_word' id='word_1_804' title='bbox 2238 5566 2450 5611; x_wconf 87' lang='lat' dir='ltr'>omnes</span> <span class='ocrx_word' id='word_1_805' title='bbox 2474 5550 2839 5612; x_wconf 74' lang='lat' dir='ltr'>differentias</span> <span class='ocrx_word' id='word_1_806' title='bbox 2855 5532 3187 5611; x_wconf 15' lang='lat' dir='ltr'>mali.iNam</span> <span class='ocrx_word' id='word_1_807' title='bbox 3207 5546 3376 5621; x_wconf 76' lang='lat' dir='ltr'>quod</span> 
     </span>
    </p>
   </div>
   <div class='ocr_carea' id='block_1_61' title="bbox 304 5656 3092 5721">
    <p class='ocr_par' dir='ltr' id='par_1_61' title="bbox 304 5656 3092 5721">
     <span class='ocr_line' id='line_1_62' title="bbox 304 5656 3092 5721; baseline 0.013 -9"><span class='ocrx_word' id='word_1_808' title='bbox 304 5656 542 5719; x_wconf 64' lang='lat' dir='ltr'>Peraea.</span> <span class='ocrx_word' id='word_1_809' title='bbox 578 5661 683 5721; x_wconf 75' lang='lat' dir='ltr'>(ira.</span> <span class='ocrx_word' id='word_1_810' title='bbox 724 5661 814 5719; x_wconf 82' lang='lat' dir='ltr'>CI.</span> <span class='ocrx_word' id='word_1_811' title='bbox 3026 5656 3092 5712; x_wconf 51' lang='lat'><strong>18</strong></span> 
     </span>
    </p>
   </div>
  </div>
