4136 6198
509 249 616 323 547
1737 248 1975 308 PHOTII
2016 251 2142 306 PA'I

2257 248 2499 305 tBCHIE
2538 247 2656 308 ΟΡ.
3780 248 3890 303 548

509 391 718 462 postea
734 381 1161 442 actualiteriste
1187 380 1280 437 vel
1308 379 1415 437 iste
1444 395 1566 436 non
1595 383 1885 443 versatur,
1909 377 2065 432 circa
2095 374 2517 446 appetitionem
2540 374 2722 445 hujus
2744 374 2834 430 vel
2862 372 3020 429 illius
3040 373 3109 462 in
3136 372 3464 438 individuo,
3494 389 3630 430 cum
3656 374 3764 430 tali
3792 375 3887 430 vel

512 461 609 533 tali
637 475 838 538 modo,
863 488 968 545 per
989 470 1269 527 accidens
1296 474 1382 525 est
1407 485 1421 525 :
1447 474 1669 541 posset,
1694 468 1743 522 si
1776 466 1965 531 vellet,
1998 470 2289 537 quantum
2320 468 2412 519 est
2438 464 2681 536 praecise
2701 480 2774 519 ex
2796 462 2930 535 ipsa
2958 461 3284 526 voluntate,
3316 479 3445 533 quas
3474 463 3557 519 ita
3586 469 3679 519 est
3705 479 3887 520 com-

508 570 742 638 parata,
764 569 823 618 ut
850 564 1033 618 homo
1051 575 1155 632 per
1178 558 1343 615 illam
1370 560 1551 630 possit
1571 557 1810 614 tendere
1836 556 1894 610 in
1921 554 2325 627 quodcunque
2354 553 2712 624 particulare
2733 552 2983 617 bonum,
3017 552 3127 608 sub
3153 567 3516 623 quocunque
3537 551 3749 621 modo,
3783 552 3894 624 qui

512 655 588 711 sit
610 655 765 709 intra
791 651 1159 708 latitudinem
1183 648 1404 720 objecti
1440 646 1754 703 voluntatis
1780 646 1839 701 in
1871 641 2199 700 communi.

584 745 660 798 Ex
683 740 904 814 quibus
933 736 1850 810 apparetetiaminChristohanc
1870 732 2234 789 voluntatem
2264 747 2442 802 posse
2465 731 2627 804 poni,
2647 745 2769 786 non
2792 735 3013 787 tantum
3046 730 3105 785 in
3128 734 3285 795 actu,
3314 729 3492 801 quasi
3522 730 3742 801 primo,
3779 730 3891 786 sed

510 833 687 888 etiam
714 831 772 886 in
806 828 1090 884 secundo.
1110 830 1310 897 Neque
1342 827 1499 882 enim
1529 824 1711 880 ullam
1738 821 2249 894 imperfectionem
2280 820 2525 876 includit
2546 819 2697 875 velle
2724 825 2956 875 tantum
2985 819 3079 876 vel
3112 824 3364 884 tantum,
3388 818 3563 875 dulce
3590 819 3686 875 vel
3713 835 3888 876 ama-

508 923 661 987 rum,
681 922 790 976 etc.
825 920 889 974 Et
918 933 1055 972 cum
1088 915 1362 972 voluntas
1388 915 1517 971 haec
1539 913 1815 986 gnomica
1836 927 1957 967 non
1985 911 2057 965 sit
2082 926 2116 965 a
2146 925 2423 981 persona,
2457 915 2747 981 tanquam
2774 924 2809 964 a
2836 908 3127 980 principio
3150 909 3571 975 emanationis,
3605 913 3715 965 aut
3744 908 3888 964 effe-

511 1011 680 1075 ctivo,
700 1007 993 1071 nilrefert,
1024 1022 1168 1060 num
1201 1004 1441 1060 exsistat
1472 1004 1530 1058 in
1564 1000 1875 1073 hypostasi
1896 1000 2163 1056 humana
2188 1002 2243 1053 et
2272 1004 2489 1063 creata,
2518 1003 2578 1053 ut
2602 997 2666 1052 ﬁt
2695 998 2755 1053 in
2772 997 2901 1054 aliis
2919 997 3269 1053 hominibus
3298 1013 3403 1053 :an
3436 998 3662 1053 veroin
3683 998 3888 1069 hypo-

509 1098 654 1155 stasi
680 1098 960 1159 increata,
994 1099 1051 1150 et
1078 1092 1301 1159 divina,
1335 1098 1397 1148 ut
1418 1092 1704 1162 contingit
1732 1090 1791 1145 in
1824 1089 2084 1154 Christo;
2109 1102 2246 1143 cum
2274 1085 2610 1158 hypostasis
2633 1086 2704 1142 sit
2733 1085 3026 1142 voluntati
3048 1092 3278 1142 tantum
3303 1086 3568 1143 conditio
3594 1087 3725 1142 sine
3757 1102 3884 1159 qua

507 1203 630 1244 non
659 1185 899 1257 agendi.

578 1276 668 1331 Ad
698 1273 1030 1330 secundum
1063 1274 1482 1341 argumentum
1512 1270 1694 1325 Photii
1724 1272 1977 1339 negatur
2007 1265 2391 1323 antecedens.
2422 1268 2568 1321 Nam
2599 1265 2948 1321 electionem
2975 1281 3102 1320 esse
3133 1265 3195 1321 in
3222 1264 3454 1322 Christo
3483 1268 3649 1336 patet
3672 1283 3749 1322 ex
3780 1266 3885 1322 illo

505 1362 805 1436 Isaiae(vu,
843 1364 923 1434 15)
960 1381 972 1417 :
1000 1362 1290 1431 Butyrum
1311 1367 1363 1416 et
1384 1362 1497 1415 mel
1526 1361 1797 1424 comedet,
1825 1364 1889 1412 ut
1919 1357 2069 1412 sciat
2094 1355 2408 1425 reprobare
2424 1355 2673 1421 malum,
2698 1362 2749 1411 et
2777 1355 2989 1425 eligere
3016 1356 3254 1410 bonum.
3284 1358 3398 1410 Nec
3428 1360 3516 1410 est
3540 1355 3615 1409 de
3646 1356 3885 1411 ratione

506 1454 826 1518 electionis,
863 1458 927 1506 ut
959 1452 1148 1521 possit
1186 1451 1362 1506 etiam
1397 1449 1607 1504 malum
1642 1447 1877 1517 eligere.
1904 1446 2049 1502 Satis
2076 1450 2185 1510 est,
2216 1450 2280 1499 ut
2302 1444 2520 1498 habeat
2546 1442 3009 1500 indiﬂ‘erentiam
3048 1448 3321 1516 respectu
3350 1443 3678 1500 bonorum.
3716 1447 3785 1500 Et
3822 1445 3887 1500 in

508 1542 737 1598 Christo
768 1548 855 1596 est
883 1539 1137 1594 liberum
1166 1538 1497 1603 arbitrium,
1526 1542 1588 1591 ut
1611 1540 1819 1607 postea
1852 1533 2192 1589 videbimus
2222 1549 2240 1587 :
2281 1548 2422 1602 ergo
2453 1533 2632 1588 etiam
2663 1532 2890 1588 electio.

576 1631 667 1687 Ad
680 1630 916 1685 tertium
938 1632 1357 1699 argumentum
1375 1626 1787 1697 respondetur,
1811 1623 2173 1679 voluntatem
2195 1622 2529 1678 humanam
2555 1622 2899 1692 gnomicam
2912 1622 3126 1677 Christi
3146 1620 3574 1678 individualem
3590 1621 3887 1681 differres.

504 1718 913 1777 voluntatibus
958 1716 1246 1787 gnomicis
1292 1715 1665 1785 singulorum
1718 1713 2057 1775 hominum,
2084 1717 2139 1767 et
2159 1711 2395 1767 differre
2420 1711 2598 1767 etiam
2629 1711 2866 1768 realiter
2894 1727 2931 1767 a
2958 1711 3262 1768 voluntate
3302 1711 3487 1768 Patris
3531 1715 3589 1767 et
3620 1711 3883 1783 Spiritus

505 1810 713 1874 sancti,
758 1808 879 1862 sive
913 1811 1210 1878 spectetur
1240 1811 1302 1860 ut
1326 1810 1412 1858 est
1436 1803 1720 1875 potentia,
1751 1803 1868 1856 sive
1903 1807 2073 1857 utest
2098 1804 2281 1856 actus.
3012 1848 3015 1849 ν

576 1901 866 1965 Quartum
881 1902 1301 1966 argumentum
1329 1893 1410 1949 nil
1439 1894 1613 1949 valet.
1648 1896 1795 1948 Nam
1818 1892 2093 1946 voluntas
2110 1890 2391 1961 gnomica
2407 1894 2496 1945 est
2517 1893 2700 1955 actus,
2736 1904 2855 1945 non
2882 1888 3168 1961 potentia.
3192 1892 3254 1945 Et
3277 1890 3322 1943 si
3356 1892 3442 1944 est
3473 1888 3765 1961 potentia,
3792 1893 3885 1946 est

503 1988 715 2045 eadem
745 1987 1011 2059 potentia
1032 1985 1359 2041 secundum
1385 1984 1833 2039 entitatemcum
1857 1980 2161 2036 voluntate
2192 1978 2466 2048 naturali,
2502 1984 2556 2033 et
2577 1979 2889 2050 speciﬁca;
2918 1978 3072 2034 etsic
3103 1978 3266 2033 nulla
3285 1977 3751 2050 estcompositio
3785 1994 3883 2034 vo-

501 2079 799 2134 luntatum
827 2075 957 2131 :sed
982 2079 1357 2130 sunttantum
1388 2073 1637 2128 diversas
1660 2073 1937 2127 rationes:
1968 2070 2230 2124 fundatas
2250 2067 2311 2123 in
2341 2067 2553 2123 eadem
2578 2068 2815 2124 entitate
2836 2067 3174 2123 voluntatis.
3192 2070 3257 2123 Et
3279 2074 3735 2139 consequenter,
3767 2084 3881 2124 nec

502 2166 608 2222 erit
634 2165 980 2236 compositio
1011 2168 1375 2219 naturarum.
1406 2165 1469 2218 Et
1501 2163 1569 2228 si,
1594 2165 2013 2230 argumentum
2043 2158 2281 2223 valeret,
2313 2156 2591 2227 probaret
2613 2157 2790 2211 etiam
2816 2156 2876 2210 in
2907 2156 3160 2225 singulis
3188 2155 3528 2211 hominibus
3553 2171 3684 2212 esse
3716 2172 3880 2212 com-

497 2256 755 2328 positam
773 2254 1163 2320 voluntatem,
1196 2258 1696 2323 etconsequenter
1720 2248 2116 2320 compositam
2136 2250 2415 2302 naturam
2442 2261 2513 2301 ex
2526 2246 2765 2301 duabus
2789 2246 3017 2301 naturis
3042 2244 3341 2317 perfectis,
3364 2249 3421 2301 et
3451 2244 3699 2316 integris
3736 2261 3880 2302 :na-

498 2349 688 2399 turam
720 2342 881 2397 enim
904 2358 975 2397 ex
997 2340 1353 2412 imperfectis
1384 2340 1609 2395 naturis
1634 2339 1914 2409 componi
1943 2337 2023 2391 nil
2052 2342 2141 2391 est
2165 2336 2433 2391 absurdi.

570 2431 652 2486 Ad
684 2431 956 2501 quintum
982 2434 1256 2498 negatur,
1288 2430 1363 2483 de
1394 2428 1620 2483 ratione
1646 2426 1869 2481 consilii
1900 2441 2027 2480 esse
2056 2426 2474 2494 ignorantiam,
2494 2425 2586 2481 vel
2618 2425 3078 2481 dubitationem.
3120 2425 3275 2480 Licet
3310 2425 3473 2480 enim
3506 2426 3566 2481 in
3605 2426 3788 2481 nobis
3818 2425 3880 2481 id

499 2518 580 2574 ita
606 2519 855 2585 accidat,
888 2534 958 2571 eo
987 2517 1151 2589 quod
1174 2532 1294 2571 non
1319 2516 1652 2572 habeamus
1699 2514 2098 2583 cognitionem
2131 2516 2405 2570 omnium
2444 2530 2663 2583 rerum,
2714 2516 2862 2570 sicut
2902 2515 3168 2570 Christus
3206 2514 3471 2570 habebat
3506 2530 3519 2580 ;
3552 2516 3878 2571 consilium

499 2611 700 2662 tamen
732 2622 839 2676 per
870 2622 953 2671 se,
978 2621 1096 2661 non
1123 2604 1373 2659 includit
1400 2604 1802 2673 ignorantiam
1831 2607 1887 2657 et
1916 2602 2374 2658 dubitationem.
2408 2603 2580 2669 Quod
2606 2608 2832 2659 certum
2855 2608 2960 2668 est,
2994 2603 3043 2658 si
3074 2602 3391 2659 consilium
3412 2604 3743 2676 accipiatur
3768 2621 3878 2676 pro

498 2695 887 2772 ipsojudicio,
914 2710 1021 2749 seu
1051 2694 1497 2765 sententia,qua
1521 2708 1622 2763 per
1652 2694 1940 2747 rationem
1964 2692 2356 2747 concluditur'
2383 2692 2528 2764 quid
2545 2693 2620 2747 sit
2642 2694 2965 2763 agendum.
2989 2694 3113 2757 Quo
3138 2698 3316 2764 pacto
3340 2692 3657 2748 consilium
3690 2693 3874 2749 etiam

498 2789 558 2842 in
572 2784 690 2839 Deo
718 2783 1087 2855 ponipotest.
1122 2783 1175 2838 Si
1207 2798 1349 2837 vero
1375 2780 1684 2837 consilium
1704 2780 2030 2851 accipiatur
2060 2796 2169 2852 pro
2193 2781 2578 2853 inquisitione
2612 2781 2686 2836 de
2707 2797 2798 2847 eo,
2828 2781 2993 2854 quod
3014 2786 3106 2836 est
3132 2782 3436 2850 agendum
3464 2798 3477 2835 :
3512 2783 3596 2837 sic
3621 2782 3875 2854 quidem

496 2862 557 2927 in
587 2873 766 2928 nobis
782 2871 1049 2943 procedit
1077 2871 1391 2926 consilium
1416 2870 1834 2939 exignorantia
1857 2874 1910 2924 et
1931 2868 2301 2925 dubitatione
2331 2871 2422 2937 ;in
2455 2871 2681 2927 Christo
2706 2876 2907 2926 tamen
2936 2875 3171 2926 tantum
3196 2870 3574 2927 connotabat
3600 2887 3879 2942 progres-

498 2978 631 3016 sum
646 2962 723 3017 ab
746 2977 867 3016 uno
880 2960 957 3016 ad
985 2960 1253 3025 alterum,
1282 2960 1512 3031 absque
1532 2959 1870 3029 ignorantia
1883 2958 1970 3012 vel
1992 2958 2195 3013 dubio.
2229 2963 2343 3015 Nec
2364 2961 2477 3015 hoc
2504 2961 2698 3030 magis
2712 2966 2800 3015 est
2826 2960 3186 3025 absurdum,
3206 2976 3398 3032 quam
3419 2961 3584 3030 quod
3604 2960 3877 3017 Christus

496 3050 890 3106 discurrendo
911 3066 1017 3121 per
1041 3049 1420 3115 intellectum,
1440 3048 1802 3119 procedebat
1831 3064 1866 3102 a
1897 3046 2216 3118 praemissis
2250 3050 2420 3119 notis,
2448 3050 2519 3104 ad
2551 3049 3001 3105 conclusionem
3030 3054 3274 3115 notam;
3302 3049 3440 3104 licet
3462 3049 3778 3109 discursus
3797 3051 3878 3106 di-

495 3144 665 3195 catur
681 3155 812 3194 esse
833 3155 869 3194 a
890 3144 1033 3194 noto
1059 3139 1133 3193 ad
1164 3138 1473 3207 ignotum:
1498 3136 1601 3192 sed
1628 3138 1739 3192 hoc
1769 3153 1875 3209 per
1906 3137 2196 3200 accidens,
2222 3143 2283 3192 ut
2316 3143 2473 3209 patet
2501 3138 2679 3194 etiam
2703 3140 2763 3193 in
2786 3140 2907 3194 viro
2933 3139 3129 3203 docto,
3161 3154 3301 3193 cum
3333 3137 3710 3210 syllogismos
3735 3139 3879 3197 facit

495 3229 571 3283 de
600 3228 985 3284 conclusione
1014 3227 1126 3283 sibi
1152 3243 1273 3282 non
1302 3226 1524 3296 ignota.
1573 3229 1746 3296 Ergo,
1780 3226 1930 3279 sicut
1978 3225 2245 3281 Christus
2274 3226 2383 3281 fuit
2424 3226 2791 3282 discursivus
2844 3228 2970 3282 sine
3001 3226 3414 3293 dubitatione;
3443 3227 3523 3284 ita
3553 3228 3664 3283 fuit
3690 3230 3875 3286 etiam

496 3316 906 3372 consiliativus
926 3314 1427 3386 sineignorantia,
1444 3314 1687 3371 etc.Nisi
1716 3315 1851 3386 quis
1874 3314 2207 3369 secundum
2226 3316 2751 3387 sententiam,quae
2776 3320 2949 3385 negat
2981 3316 3277 3371 Christum
3306 3316 3528 3372 habere
3554 3317 3874 3374 scientiam

496 3406 851 3477 acquisitam
884 3422 917 3459 a
947 3406 1142 3476 primo
1163 3404 1404 3458 instanti
1432 3402 1880 3468 incarnationis,
1906 3403 2103 3458 dicere
2134 3403 2288 3469 velit,
2313 3404 2541 3459 ratione
2569 3403 2825 3459 scientiae
2848 3404 3091 3475 praticas
3109 3404 3413 3475 acquisita
3431 3421 3569 3460 eum
3584 3405 3875 3463 habuisse

496 3494 811 3549 consilium
838 3494 1102 3548 secundo
1122 3492 1306 3547 modo
1323 3498 1635 3562 sumptum
1661 3494 1734 3547 de
1756 3507 1847 3557 eo,
1862 3492 2027 3564 quod
2047 3492 2496 3556 nesciebat,non
2519 3491 2884 3563 simpliciter,
2905 3492 3010 3548 sed
3034 3509 3141 3565 per
3159 3494 3466 3549 scientiam
3482 3496 3871 3566 acquisitam.

496 3582 613 3637 Etsi
645 3582 938 3638 dubitatio
952 3582 1127 3637 etiam
1143 3582 1238 3636 hic
1255 3582 1547 3636 removeri
1571 3581 1981 3652 debet.Neque
2006 3582 2154 3636 enim
2175 3581 2235 3636 in
2255 3580 2482 3637 Christo
2502 3581 2654 3636 ullus
2686 3581 2791 3636 fuit
2824 3587 2993 3637 actus
3024 3582 3443 3638 intellectualis
3472 3583 3869 3641 dubitativus.

567 3673 709 3725 Esse
739 3674 939 3726 autem
966 3670 1024 3724 in
1054 3671 1280 3725 Christo
1312 3669 1648 3735 consilium,
1683 3669 1915 3724 videtur
1943 3669 2121 3724 etiam
2150 3670 2397 3741 planum
2428 3669 2553 3725 ﬁeri
2585 3686 2655 3725 ex
2682 3686 2770 3737 eo,
2800 3670 2957 3743 quod
2988 3671 3065 3726 ab
3092 3672 3249 3727 Isaia
3291 3672 3391 3741 (1x,
3433 3673 3489 3744 6)
3528 3673 3876 3745 appellatur

493 3760 700 3831 magni
725 3760 959 3815 consilii
970 3760 1239 3830 angelus.
1268 3758 1375 3814 Ubi
1403 3774 1622 3815 nomen
1653 3759 1882 3815 consilii
1905 3775 2023 3814 non
2055 3763 2273 3815 tantum
2300 3760 2644 3832 improprie,
2670 3775 2775 3831 pro
2799 3775 3043 3831 gnome,
3072 3778 3178 3817 seu
3210 3762 3525 3830 sententia,
3555 3764 3663 3819 sed
3685 3765 3873 3821 etiam

493 3865 604 3921 pro
630 3850 761 3920 ipsa
790 3848 1167 3920 inquisitione
1196 3848 1565 3918 agendorum
1593 3849 1780 3920 accipi
1814 3852 2024 3920 potest.

563 3938 653 3993 Ad
672 3942 900 3993 sextum
922 3942 1344 4008 argumentum
1364 3937 1549 3991 Photii
1565 3940 1977 4009 respondetur,
2002 3937 2083 3992 nil
2101 3929 2263 3993 aliud
2284 3936 2547 4008 probari,
2570 3954 2758 4010 quam
2781 3938 3152 3994 voluntatem
3168 3941 3512 4009 gnomicam
3532 3956 3657 3997 non
3686 3942 3875 4001 fuisse

487 4026 552 4084 in
588 4025 811 4085 Christo
840 4042 979 4081 cum
1009 4025 1422 4098 peccabilitate
1452 4042 1463 4080 :
1496 4042 1631 4097 quae
1663 4041 1779 4081 non
1805 4032 1891 4082 est
1921 4026 2221 4100 perfectio,
2259 4026 2366 4081 sed
2412 4026 2797 4097 imperfectio.

516 4148 519 4153 ν
560 4117 646 4171 Ad
666 4116 991 4188 septimum
1008 4115 1628 4186 respondetureodem
1649 4116 1850 4171 modo.
1879 4119 2002 4171 Non
2024 4116 2180 4171 enim
2199 4120 2285 4170 est
2306 4115 2380 4169 de
2398 4115 2623 4171 ratione
2644 4115 2960 4172 voluntatis
2983 4118 3299 4187 gnomicas,
3326 4123 3391 4174 ut
3412 4120 3603 4190 possit
3621 4121 3874 4179 tendere

489 4206 548 4261 in
580 4207 805 4260 bonum
836 4210 890 4260 et
921 4205 979 4259 in
1015 4204 1237 4259 malum
1273 4222 1285 4259 :
1321 4204 1469 4259 sicut
1492 4221 1687 4276 neque
1714 4210 1797 4258 est
1826 4205 1901 4259 de
1928 4206 2155 4260 ratione
2186 4203 2353 4257 liberi
2382 4203 2629 4271 arbitrii,
2665 4208 2727 4258 ut
2758 4208 2921 4275 patet
2952 4205 3012 4259 in
3044 4206 3183 4269 Deo,
3217 4210 3327 4261 ctc.

559 4294 647 4349 Ad
677 4293 758 4357 id,
801 4293 965 4364 quod
996 4294 1235 4349 Photius
1268 4293 1434 4349 addit
1465 4294 1538 4348 de
1568 4296 1867 4349 voluntate
1893 4293 2091 4348 divina
2122 4293 2417 4363 gnomica,
2449 4292 2845 4363 respondetur
2888 4309 2903 4348 :
2936 4293 3307 4349 voluntatem
3339 4294 3608 4352 divinam
3655 4297 3873 4361 Christi

489 4382 833 4454 gnomicam
864 4383 1105 4439 entitate
1136 4398 1267 4438 esse
1301 4398 1485 4437 unam
1513 4382 1910 4452 eamdemque
1940 4399 2073 4437 cum
2106 4381 2409 4438 voluntate
2440 4382 2642 4445 Patris,
2676 4384 2734 4436 et
2764 4381 3011 4452 Spiritus
3039 4384 3249 4438 sancti.
3276 4383 3433 4439 Sicut
3459 4386 3641 4442 etiam
3665 4403 3796 4443 una
3815 4394 3874 4443 et

489 4471 699 4527 eadem
731 4476 839 4536 est,
862 4471 1065 4541 quoad
1080 4477 1301 4526 actum.
1326 4473 1381 4527 Si
1407 4472 1567 4527 enim
1580 4472 1860 4526 voluntas
1877 4471 2159 4539 gnomica
2173 4472 2490 4526 hominum
2522 4485 2644 4524 non
2672 4470 3059 4540 distinguitur
3087 4487 3123 4526 a
3150 4471 3451 4529 voluntate
3481 4476 3749 4531 naturali
3783 4493 3872 4532 se-

486 4559 751 4615 cundum
774 4559 1092 4629 entitatem,
1133 4559 1320 4615 multo
1344 4560 1541 4614 minus
1567 4560 1960 4629 distinguetur
1978 4560 2035 4615 in
2048 4560 2284 4615 divinis.
2304 4563 2367 4614 Et
2390 4559 2661 4631 quamvis
2680 4558 2739 4613 in
2761 4558 3351 4632 hominibus,quoad
3371 4567 3595 4627 actum,
3630 4564 3874 4621 diﬂ‘erat

484 4648 762 4705 voluntas
821 4649 1119 4719 gnomica,
1163 4664 1283 4704 non
1325 4650 1521 4711 modo,
1584 4655 1884 4720 quatenus
1956 4648 2341 4705 individualis
2406 4657 2571 4705 actus
2641 4648 2815 4704 unius
2883 4664 3006 4705 non
3061 4654 3150 4705 est
3221 4650 3607 4708 individualis
3696 4661 3869 4710 actus

485 4738 729 4795 alterius
775 4755 787 4791 :
858 4738 962 4793 sed
1028 4738 1229 4806 etiam,
1271 4745 1569 4809 quatenus
1627 4754 1783 4793 unus
1852 4738 1992 4804 vult,
2055 4739 2204 4794 alter
2251 4755 2368 4794 non
2416 4738 2559 4803 vult,
2620 4743 2684 4792 ut
2746 4743 3046 4809 quatenus
3100 4738 3207 4794 iste
3263 4738 3391 4796 vult
3446 4741 3643 4809 dulce,
3719 4745 3873 4801 alter

484 4843 783 4891 amarum,
816 4833 870 4882 et
892 4827 975 4882 sic
1006 4827 1121 4881 sibi
1154 4832 1361 4881 mutuo
1387 4827 1466 4881 ob
1499 4828 1694 4883 varias
1745 4828 2067 4884 sententias
2098 4835 2477 4900 repugnant:
2511 4833 2713 4882 tamen
2744 4826 2803 4881 in
2834 4826 3053 4882 divinis
3083 4828 3196 4883 hoc
3221 4844 3345 4884 non
3377 4828 3440 4883 ﬁt
3490 4846 3504 4885 :
3545 4832 3654 4887 sed
3692 4840 3869 4890 actus

482 4914 803 4970 voluntatis
837 4916 1012 4970 unius
1042 4931 1337 4986 personm,
1371 4922 1458 4971 est
1491 4916 1834 4987 simpliciter
1860 4918 2039 4972 etiam
2073 4923 2240 4972 actus
2271 4916 2513 4971 alterius
2544 4915 2877 4971 secundum
2920 4916 3252 4972 entitatem.
3294 4921 3409 4973 Nec
3441 4935 3562 4975 una
3602 4936 3869 4991 persona

482 5002 604 5058 vult
622 5005 753 5067 hoc,
769 5004 885 5059 alia
912 5004 1073 5066 illud,
1098 5010 1337 5074 propter
1353 5004 1626 5075 ejusdem
1642 5021 1895 5062 numero
1918 5013 2165 5071 naturas,
2197 5011 2255 5061 et
2278 5012 2715 5076 consequenter
2736 5004 3053 5060 voluntatis
3081 5009 3693 5066 communicationem
3718 5030 3731 5067 :
3759 5013 3868 5068 sed

479 5093 787 5148 numerica
812 5093 937 5148 haec
963 5093 1263 5148 distinctio
1283 5100 1543 5158 actuum,
1578 5101 1633 5149 et
1663 5097 2060 5165 repugnantia
2090 5096 2244 5150 circa
2261 5095 2509 5164 objecta,
2527 5110 2648 5149 non
2678 5098 2768 5148 est
2794 5093 3140 5165 simpliciter
3170 5094 3243 5149 de
3277 5095 3506 5152 ratione
3534 5099 3865 5157 voluntatis

482 5181 793 5250 gnomicas,
815 5181 892 5235 ad
922 5181 1090 5252 cujus
1110 5182 1400 5237 rationem
1415 5183 1527 5237 hoc
1554 5188 1785 5238 tantum
1801 5183 2079 5254 pertinet,
2106 5188 2172 5239 ut
2202 5180 2942 5253 sitalicujusindividui,et
2961 5182 3376 5254 proﬁciscatur
3391 5200 3461 5240 ex
3485 5201 3730 5255 gnome,
3756 5205 3863 5245 seu

481 5269 772 5325 sententia
788 5268 1145 5341 decretoque
1160 5271 1411 5326 rationis
1432 5272 1589 5328 circa
1601 5271 1838 5341 agibile,
1872 5276 1929 5328 et
1949 5277 2013 5327 ut
2029 5276 2293 5329 versetur
2318 5273 2474 5327 circa
2491 5272 2796 5341 objectum
2818 5271 3143 5327 voluntatis
3158 5272 3518 5339 conditione,
3543 5276 3638 5332 vel
3661 5279 3866 5349 quali-

480 5355 595 5414 late
620 5357 819 5429 aliqua
849 5357 1149 5426 aﬂ‘ectum,
1184 5363 1349 5415 utest
1380 5364 1631 5426 tantum,
1663 5361 1753 5416 vel
1774 5367 2008 5416 tantum
2032 5360 2202 5417 dulce
2225 5361 2315 5416 vel
2339 5376 2636 5417 amarum.
2655 5360 2900 5432 thuod
2933 5361 2992 5415 in
3007 5360 3227 5417 divinis
3257 5377 3380 5419 non
3408 5364 3485 5419 sit
3507 5380 3855 5436 repugnan-

476 5449 555 5505 tia
585 5447 924 5515 voluntatis,
958 5464 1065 5503 nec
1095 5456 1299 5521 quoad
1326 5456 1544 5515 actum,
1578 5466 1688 5506 nec
1716 5452 1920 5523 quoad
1950 5452 2197 5508 velitum
2225 5450 2492 5516 tormale,
2528 5450 2624 5508 vel
2656 5449 2981 5517 materiale,
3016 5450 3078 5506 id
3106 5450 3171 5507 ﬁt.
3200 5456 3446 5524 propter
3475 5452 3856 5516 identitatem

473 5537 743 5610 ejusdem
770 5543 1015 5595 naturas.
1042 5539 1243 5594 Etsiin
1274 5540 1570 5606 humanis,
1599 5541 1762 5601 verbi
1792 5542 2001 5613 gratia,
2023 5546 2135 5597 tres
2150 5556 2417 5613 personae
2448 5538 2982 5606 communicarent,
3000 5546 3056 5595 et
3082 5541 3531 5613 suppositarent
3556 5546 3846 5605 eamdem

473 5630 915 5696 naturam,non
944 5631 1097 5684 esset
1111 5627 1290 5685 etiam
1307 5627 1431 5684 ulla
1441 5628 1754 5687 diversitas
1784 5630 1847 5687 in
1861 5630 2161 5687 voluntate
2186 5647 2199 5698 ;
2233 5635 2289 5687 et
2318 5636 2524 5686 tamen
2549 5628 2772 5702 optime
2788 5643 3109 5703 possemus
3129 5629 3221 5688 ibi
3238 5630 3594 5706 constituere
3618 5633 3836 5695 volun-

476 5720 659 5778 tatem
692 5716 1056 5792 gnomicam,
1092 5732 1162 5773 eo
1185 5717 1386 5783 modo,
1419 5734 1540 5791 quo
1571 5719 1847 5777 voluntas
1872 5720 1986 5777 ista
2009 5720 2298 5777 hactenus
2328 5718 2626 5798 explicata
2668 5722 2778 5777 est.
