4136 6198
229 269 344 328 549
1251 267 1346 328 AD
1385 264 1936 330 AMPHILOCHIUM
1977 267 2304 340 QUIESTIO
2345 267 2586 332 LXXXI.
3494 277 3600 339 530

303 397 444 451 Haec
459 395 534 452 de
567 394 936 466 argumentis
961 395 1169 461 Photii,
1191 396 1294 468 qui
1315 397 1616 470 opinionis
1642 415 1768 454 suae
1801 402 1996 460 tenax,
2025 399 2370 469 gnomicam
2397 401 2759 458 voluntatem
2781 418 2818 458 a
2835 402 3059 458 Christo
3087 403 3388 460 mordicus
3409 421 3601 462 remo-

226 485 433 542 vebat.
460 484 750 551 Quocirca
770 484 974 557 plures
995 485 1234 558 reperit,
1261 488 1363 558 qui
1394 503 1456 542 se
1479 491 1887 560 opponerent;
1910 491 1975 542 ut
1994 494 2246 560 apparet
2268 506 2340 545 ex
2367 491 2612 562 Epilogo
2637 491 2931 564 opusculi,
2950 496 3005 548 et
3035 509 3104 548 ex
3131 494 3342 549 Graecis
3361 510 3603 566 quoque

230 574 496 640 scholiis,
529 591 662 647 quae
689 575 926 646 adjecta
955 579 1124 631 erant
1155 575 1234 632 ad
1275 576 1610 647 marginem
1643 575 1822 633 Graeci
1861 577 2235 650 exemplaris,
2269 594 2391 651 quo
2423 581 2745 637 Turrianus
2778 580 2857 638 ad
2889 582 3221 638 versionem
3255 599 3428 639 suam
3459 599 3605 639 usus

232 667 331 720 est
357 679 502 720 nam
535 679 568 720 a
600 663 805 721 codice
843 663 1132 720 Bavarico
1171 666 1438 722 aberant.

811 793 1126 842 Epnrnxlz
1167 787 1275 842 ΠΑ¹
1875 790 1920 844 Α
2096 791 2422 856 QU/ESTIO
2463 792 2661 850 LXXXI
2694 794 2896 868 [CoisL
2936 795 3111 853 Taur.
3147 795 3460 870 CCLIXIX].

233 899 303 948 Τί
364 893 480 947 ἔστι
526 896 610 970 τό,
640 896 784 967 παρά
834 901 1180 970 τῷᾲΛουκᾴς
1232 915 1260 970 ι(
1310 900 1586 968 Γενομένης
1640 891 1710 970 δε
1749 904 1846 958 τῆς

1976 896 2106 962 Quid
2129 903 2210 952 est
2225 899 2380 955 illud
2394 902 2560 970 apud
2583 903 2832 958 Lucam:
2863 926 2888 952 ‹‹
2919 903 3106 959 Facta
3129 910 3323 960 autem
3341 905 3454 961 hac
3475 920 3609 963 voce

312 968 716 1090 φῳνῆςλταύτης
758 966 977 1026 συνῆλθε
1010 969 1068 1019 τό
1117 967 1311 1030 πλῆθος
1353 966 1442 1020 καὶ
1492 969 1777 1040 συνεχύθη,
1815 987 1840 1018 n

312 1057 365 1090 κ.
397 1056 447 1090 τ.
517 1055 566 1090 .;

1989 971 2251 1026 convenit
2281 966 2609 1030 multitudo
2643 982 2698 1030 et
2722 981 2914 1030 mente
2949 976 3201 1045 confusa
3233 983 3313 1032 est
3341 977 3368 1031 ?
3398 996 3425 1027 »
3459 983 3570 1032 etc.

312 1057 365 1094 κ.
397 1056 447 1092 τ.
482 1055 566 1105 Α.;

302 1163 460 1213 Edita
482 1167 614 1214 esta
637 1163 698 1212 R.
725 1164 1050 1214 Montacutio
1085 1164 1222 1213 inter
1252 1163 1424 1214 Photii
1451 1163 1704 1227 epistolas
1731 1163 1814 1212 ed.
1847 1161 2074 1212 Londin.
2102 1163 2219 1214 1651
2257 1165 2291 1213 f.
2329 1179 2412 1229 ep.
2440 1167 2546 1224 145,
2576 1167 2758 1231 Sergio
2781 1169 2960 1231 fratri,
2991 1185 3042 1233 p.
3074 1172 3182 1227 202,
3214 1173 3324 1220 203.

311 1269 535 1339 Πότερον
567 1266 614 1317 οἱ
661 1264 1008 1337 χλευάζοντες
1050 1269 1293 1318 συνίεσαν
1335 1264 1628 1316 λαλούντων
1667 1263 1844 1335 γλώσ-

2031 1265 2234 1320 Utrum
2273 1265 2374 1338 qui
2413 1266 2738 1322 irridebant
2775 1269 3082 1339 apostolos
3115 1269 3333 1338 linguis
3366 1269 3610 1341 loquen-

239 1373 364 1426 σᾳις
395 1362 498 1406 τῶν
540 1352 863 1423 ἀποστόλων,
898 1355 928 1413 ἢ
963 1357 1024 1406 οὗ
1048 1373 1061 1422 ;
1088 1354 1147 1406 Εἰ
1196 1356 1286 1426 μὲν
1322 1352 1421 1426 γάρ
1474 1353 1532 1405 οὐ
1579 1357 1842 1420 συνίεσαν,

1981 1369 2062 1418 es,
2105 1369 2206 1410 eos
2242 1355 2667 1425 intelligebant,
2703 1357 2794 1412 vel
2840 1373 2959 1412 non
2991 1358 3021 1410 ‘?
3059 1357 3118 1413 Si
3157 1375 3278 1414 non
3324 1359 3608 1430 intellige-

234 1452 352 1505 πῶς
401 1442 632 1505 ἁπάσαις
685 1441 928 1515 [ἅπασιν]
976 1441 1183 1494 ἐλάλουν
1241 1444 1289 1495 οἱ
1341 1441 1658 1509 ἀπόστολοι;
1703 1441 1748 1494 εἰ
1787 1437 1846 1493 δὲ

1978 1447 2121 1509 iant,
2155 1444 2456 1514 quomodo
2495 1445 2710 1514 linguis
2749 1447 3032 1501 omnibus
3071 1447 3250 1503 locuti
3292 1453 3428 1504 sunt
3469 1464 3611 1520 apo-

239 1535 511 1598 συνίεσάν,
567 1540 672 1592 πῶς
719 1529 1012 1606 έθάῤῥησαν
1064 1534 1226 1603 μέθην
1282 1531 1645 1596 αἰτιάσασθαι,
1705 1532 1849 1604 παρά

1980 1531 2092 1586 ιιοιί
2105 1532 2134 1586 ?
2147 1532 2240 1586 sin
2258 1533 2684 1604 intelligebant,
2702 1534 2859 1589 unde
2877 1535 3296 1592 audebanteos
3315 1537 3613 1593 ebrietatis

235 1617 415 1682 πόδας
462 1624 548 1672 τόν
605 1621 841 1693 ἔλεγχον⁸
878 1623 1100 1692 ἔχοντες,
1156 1619 1324 1672 αὐτῶν
1391 1630 1487 1672 τῶν
1559 1619 1846 1672 ἀκουόντων

1979 1637 2262 1686 iccusare,
2297 1638 2431 1677 cum
2479 1622 2540 1678 in
2583 1629 2871 1696 promptu
2915 1625 3188 1680 convinci
3234 1633 3484 1698 possent
3535 1626 3612 1682 ab

237 1715 334 1762 καὶ
380 1712 652 1762 συνιέντων
709 1714 802 1768 την
843 1711 1091 1768 αἴσθησιν
1122 1727 1135 1777 ;
1170 1712 1320 1761 Οὕτω
1372 1712 1460 1783 μὲν
1506 1711 1566 1761 ἄν
1609 1729 1685 1770 τις
1716 1712 1849 1761 εἴποι

1980 1710 2342 1780 ntelligentia
2399 1712 2785 1780 audientium,
2819 1719 2876 1768 et
2936 1715 3424 1785 cognoscentium
3481 1731 3613 1787 quae

237 1803 338 1857 τήν
386 1803 483 1857 σὴν
533 1797 752 1871 ἀπορίαν
818 1799 887 1860 εἰς
939 1802 997 1850 τό
1053 1795 1363 1874 δριμύτερον
1419 1799 1850 1872 μεταχειριζόμε-

1981 1799 2356 1871 oquebantur
2380 1800 2407 1855 ?
2435 1803 2499 1855 Et
2523 1800 2636 1857 hoc
2669 1801 2850 1858 modo
2879 1802 3044 1874 loqui
3071 1804 3280 1874 potuit,
3313 1804 3412 1874 qui
3447 1807 3613 1859 tuam

239 1908 343 1948 νος.
379 1887 510 1959 Ἐγὼ
563 1883 622 1940 δὲ
671 1890 830 1960 φαίην
879 1885 938 1939 ἂν
992 1888 1286 1940 τούναντίον
1319 1905 1333 1918 ⁸
1362 1891 1446 1955 ὡς,
1479 1889 1523 1940 εἰ
1569 1891 1640 1960 μὴ
1685 1892 1850 1940 συνίε-

1983 1888 2351 1959 [utestionem
2395 1890 2668 1946 acerbius
2700 1896 2973 1947 excutere
3004 1891 3161 1947 velit.
3203 1895 3272 1948 At
3305 1893 3447 1948 mihi
3477 1909 3616 1949 con-

244 1997 364 2042 σαν,
399 1973 514 2029 οὐδ’
569 1975 630 2028 ἂν
678 1976 752 2038 εἰς
793 1979 954 2050 μέθην
1005 1980 1064 2029 τὸ
1114 1979 1290 2050 θαῦμα
1338 1973 1625 2031 διέϐαλλον.
1656 1981 1720 2029 Τί
1747 1978 1848 2048 γὰρ

1986 1976 2211 2033 rarium
2254 1977 2450 2034 dicere
2489 1979 2687 2034 visum
2721 1996 2734 2034 :
2765 1981 3050 2036 nimirum
3088 1981 3136 2036 si
3183 1997 3302 2036 non
3335 1982 3616 2052 intellige-

242 2068 308 2120 οἷν
335 2087 415 2129 τις
461 2070 548 2119 καὶ
593 2063 890 2119 διαϐάλλειν
930 2065 1224 2141 ἐπιχειροίη
1277 2069 1398 2142 ὅπερ
1449 2065 1573 2119 οὐδὲ
1620 2075 1720 2119 τῶν
1759 2065 1849 2118 λυ-

1982 2070 2108 2122 )ant
2143 2066 2474 2138 loquentes,
2508 2068 2670 2124 haud
2702 2069 2990 2125 miracula
3033 2075 3302 2126 taxarent
3327 2071 3400 2126 de
3430 2071 3615 2126 ebrie-

240 2159 478 2209 πούντων
546 2155 699 2208 αύτόν
771 2159 848 2215 εἴη
879 2174 896 2227 ;
930 2155 1089 2208 Ἀλλά
1165 2161 1406 2208 συνίεσαν
1483 2159 1594 2228 μὲν,
1650 2155 1850 2229 ἀπηρέ-

1985 2159 2096 2210 ate.
2136 2156 2433 2220 Quorsum
2464 2157 2621 2212 enim
2659 2157 2792 2229 quis
2825 2163 3029 2213 taxare
3073 2158 3210 2216 velit
3255 2159 3401 2214 illud
3455 2159 3615 2230 quod

246 2265 433 2299 σκοντο
465 2241 524 2298 δέ
552 2262 564 2275 ⁸
598 2247 666 2298 τά
693 2248 791 2319 γὰρ
842 2245 1088 2317 μεγαλεῖα
1130 2245 1298 2317 ἔλεγον
1329 2244 1508 2299 ἐγεῖνοε
1547 2253 1638 2297 τοῦ
1671 2253 1803 2299 Θεοῦ
1833 2261 1846 2275 ·

1986 2243 2077 2316 psi
2109 2244 2445 2300 molestiam
2469 2260 2589 2300 non
2612 2245 2848 2301 fecisset
2873 2245 2902 2300 7
2924 2246 3146 2302 Verum
3169 2263 3302 2302 cum
3334 2248 3615 2318 intellige-

244 2333 325 2408 ἐφ’
387 2331 483 2400 οἷς,
543 2335 593 2386 οἱ
650 2332 1063 2407 ἀγνωμονοῦντες
1122 2339 1442 2406 νυττόμενοι,
1495 2335 1689 2407 χλεύην
1756 2334 1850 2387 έπ-

1981 2337 2110 2398 -ent,
2152 2333 2454 2404 displicuit
2501 2333 2610 2389 illis
2648 2334 2813 2406 quod
2863 2335 3169 2404 magnalia
3211 2335 3314 2390 Dei
3364 2336 3614 2408 apostoli

244 2428 488 2499 εχεῖρόυν
543 2427 602 2476 τό
654 2425 830 2485 θαῦμα
880 2425 1222 2498 ἐργάζεσθαι.
1279 2428 1365 2476 Διὸ
1412 2428 1500 2476 καὶ
1543 2425 1568 2476 ό
1599 2425 1851 2497 μακάριος

1986 2422 2376 2486 praedicarent;
2405 2422 2624 2493 quibus
2650 2439 2788 2478 cum
2830 2423 3106 2480 malevoli
3145 2439 3619 2495 compungeren-

245 2520 475 2577 Λουκᾶς,
518 2531 547 2564 ‹‹
588 2512 960 2578 Χλευάζοντες,
1002 2517 1180 2585 φησὶν,
1225 2513 1430 2584 ἔλεγον·
1478 2535 1505 2562 »
1539 2515 1690 2566 οἱονεὶ
1732 2510 1850 2564 δια-

1987 2527 2074 2577 ur,
2108 2511 2304 2567 conati
2353 2516 2490 2567 sunt
2533 2512 2890 2568 miraculum
2937 2513 3056 2567 risu
3104 2512 3431 2569 traducere.
3482 2513 3617 2570 ldeo

247 2606 511 2672 σύροντες,
566 2598 1004 2667 ένδιαϐάλλοντες,
1076 2601 1384 2654 ἐπισκιάσαι
1453 2607 1546 2660 τὴν
1619 2605 1848 2673 θαυματ-

1980 2604 2173 2656 )eatus
2219 2602 2405 2656 Lucas
2447 2602 2546 2671 ait,
2578 2620 2608 2653 «
2640 2601 2953 2657 Irridentes
2995 2601 3276 2658 dicebant
3316 2604 3384 2668 9’,
3420 2622 3447 2654 »
3481 2608 3613 2668 etc.,

246 2696 472 2766 τυργίαν
521 2696 914 2764 μηχανώμενοι.
980 2696 1098 2752 Πῶς
1154 2686 1240 2741 οὖν
1297 2694 1571 2756 συνιέντες,
1630 2691 1701 2752 εἰς
1766 2695 1853 2764 μέ-

1985 2706 2075 2746 ιοο
2106 2695 2190 2745 est
2221 2690 2618 2757 traducentes,
2655 2696 3019 2754 accusantes,
3047 2691 3324 2764 obtegere
3359 2691 3618 2748 volentes

248 2783 346 2838 θην
401 2779 635 2852 ἀνέφερον
699 2782 765 2832 τά
804 2779 1091 2852 λεγόμενα;
1124 2778 1253 2834 Ἀπὸ
1330 2779 1523 2840 πολλῆς
1575 2779 1848 2840 ἀπονοίας’

1985 2778 2368 2851 iperationem
2416 2779 2852 2835 miraculosam.
2905 2781 3209 2845 Quomodo
3248 2781 3441 2851 igitur,
3481 2798 3618 2837 cum

244 2869 301 2933 ἒξ
367 2868 791 2944 ὑπερϐαλλούσης
847 2866 1020 2930 ἀνοίας
1049 2889 1062 2902 ο
1092 2870 1200 2928 ἔθος
1255 2871 1355 2941 γὰρ
1411 2876 1519 2930 τοῖς
1575 2870 1850 2935 τοιούτοις,

1987 2866 2371 2936 ntelligebant
2393 2885 2527 2941 quae
2558 2869 2927 2940 dicebantur,
2948 2869 3213 2924 ebrietati
3241 2869 3569 2942 ascripsere
3591 2870 3618 2925 ?

245 2960 371 3012 ὅταν
484 2963 556 3030 μὴ
602 2960 903 3030 καταθύμια
952 2961 1018 3010 τὰ
1061 2957 1325 3030 λεγόμενα,
1367 2956 1460 3009 κᾶν
1509 2957 1672 3018 ἄλλως
1723 2957 1852 3009 πολύ

1986 2957 2053 3011 tb
2079 2956 2301 3027 ingenti
2330 2957 2545 3023 furore,
2572 2957 2648 3012 ab
2671 2957 3004 3028 ignorantia
3025 2973 3307 3028 suprema
3330 2974 3343 3023 ;
3372 2958 3432 3012 in
3455 2974 3619 3014 more

243 3052 308 3101 τό
352 3044 685 3120 σωτηριῶδες
728 3050 826 3122 ἔχῃ
858 3051 950 3100 καὶ
995 3046 1266 3121 ὠφέλιμον,
1299 3049 1603 3122 παραφορὰν
1645 3056 1741 3099 τῶν
1785 3047 1852 3099 εἰ-

1985 3045 2124 3100 ιηὶω
2170 3044 2405 3115 ponitur
2455 3045 2620 3117 apud
2670 3045 2970 3116 ejusmodi
3030 3046 3327 3111 homines,
3362 3050 3424 3102 ut
3479 3062 3618 3102 cum

246 3141 506 3212 ρημένων,
540 3138 569 3196 ἣ
597 3139 758 3209 μέθην
790 3138 818 3196 ἡ
847 3141 937 3188 καὶ
969 3132 1239 3208 δαιμόνιον
1265 3137 1540 3189 αἰτιᾶσθαι
1566 3144 1658 3189 τοῦ
1687 3135 1856 3207 λέγον-

1986 3135 2166 3190 ninus
2217 3135 2362 3206 ipsis
2419 3134 2740 3198 arrideant,
2785 3151 2920 3206 quae
2965 3134 3284 3199 .dicuntur,
3321 3142 3619 3207 utcunque

246 3245 374 3288 τος·
429 3231 521 3278 καὶ
590 3231 722 3298 μήτε
792 3225 947 3277 αὐτόν
1013 3224 1219 3295 ἐκεῖνον,
1273 3225 1308 3278 ἃ
1357 3225 1518 3297 λέγοι,
1581 3229 1808 3277 συνιέναι
1837 3244 1850 3259 ο

1989 3223 2274 3280 ίοιυῐίίθεει
2326 3228 2382 3279 et
2407 3223 2681 3296 perutilia
2710 3224 2846 3288 sint,
2879 3223 3148 3292 insaniae,
3199 3223 3496 3280 ebrietatis
3535 3223 3622 3279 di-

248 3322 382 3391 μήτε
411 3319 514 3387 μὴν
557 3318 645 3367 τόν
690 3313 964 3379 ἀκούοντα,
997 3319 1088 3366 καί
1135 3334 1216 3367 τοι
1261 3319 1353 3366 καί
1381 3321 1472 3366 τοῦ
1511 3313 1746 3384 λέγοντος
1773 3312 1856 3365 ἐπὶ

1988 3317 2160 3368 :entes
2190 3317 2513 3378 accusent;
2541 3317 2645 3368 aut
2675 3313 2853 3368 etiam
2884 3313 3254 3384 arreptitium
3295 3329 3428 3368 esse
3461 3329 3621 3380 eum,

248 3410 310 3459 τό
358 3406 650 3457 ἄπταιστον
698 3405 1066 3476 φθεγγομένου,
1119 3408 1208 3456 καὶ
1247 3411 1339 3456 τοῦ
1383 3403 1730 3476 χλευάζοντος
1767 3406 1858 3454 καὶ

1991 3401 2074 3475 [ui
2103 3401 2380 3474 loquitur,
2416 3401 2603 3458 solent
2633 3417 2912 3458 accusare
2939 3418 2953 3468 ;
2980 3417 3090 3457 nec
3120 3402 3320 3474 ipsum
3351 3418 3411 3458 se
3458 3401 3624 3458 intel-

251 3495 586 3566 αἰτιωμένου,
627 3497 792 3568 μέχρι
847 3500 938 3545 τοῦ
987 3491 1189 3545 ἀκούειν
1242 3498 1332 3546 καὶ
1393 3497 1642 3562 συνιέναι,
1696 3494 1859 3563 ὑγιῶς

1992 3493 2172 3562 igere,
2217 3491 2442 3546 nedum
2501 3491 2826 3564 perciperet
2867 3491 3475 3564 auditor;utcunque
3522 3491 3625 3564 qui

254 3588 490 3657 ἔχοντος.
523 3584 742 3635 Ἐκεῖνοι
773 3578 832 3634 δὲ
866 3586 955 3634 καὶ
985 3581 1174 3654 μᾶλλον
1218 3581 1465 3657 έθάρῥουν
1494 3585 1656 3655 μέθην
1698 3580 1858 3654 έγκα-

1992 3582 2245 3653 oquitur,
2281 3579 2406 3636 sine
2448 3581 2624 3652 lapsu
2669 3581 2988 3654 loquatur;
3020 3586 3076 3636 et
3123 3581 3226 3653 qui
3281 3585 3523 3637 accusat
3569 3584 3625 3636 et

252 3671 378 3739 λεῖν,
412 3673 494 3723 ότι
520 3679 583 3744 τῇ
621 3667 735 3743 ἰδίᾳ
759 3669 974 3744 γλώσσῃ
1005 3669 1294 3738 ἀκούοντες,
1322 3675 1439 3732 τοὺς
1468 3670 1647 3732 ἄλλους
1677 3667 1737 3724 δὲ
1768 3667 1862 3723 διὰ

1994 3670 2193 3740 rridet,
2223 3669 2388 3741 quod
2420 3669 2687 3725 auditum
2711 3674 2938 3741 spectat
2959 3673 3015 3724 et
3039 3669 3414 3735 intellectum,
3444 3686 3627 3725 sanus

252 3764 312 3813 τό
350 3759 730 3835 ἕτερόγλωσσον
759 3765 832 3832 μὴ
868 3764 1095 3813 συνιέναι
1133 3764 1452 3832 νομίζοντες,
1494 3757 1610 3813 οὐδ’
1647 3760 1861 3832 ἔλεγχον

1992 3759 2162 3814 'uerit.
2200 3759 2311 3814 Sed
2341 3757 2435 3813 isti
2467 3758 2817 3816 ebrietatem
2846 3758 3101 3828 objicere
3131 3775 3201 3814 eo
3225 3757 3420 3828 magis
3447 3757 3625 3813 aude-

256 3857 349 3910 τῆς
423 3853 772 3921 συκοφαντίας
843 3850 1006 3921 εὑρεῖν
1077 3848 1131 3912 ἐξ
1206 3849 1413 3922 ἑτοίμου
1483 3849 1860 3922 ὑπελάμϐανον.

1993 3853 2136 3912 )ant,
2169 3848 2312 3918 quia
2343 3863 2481 3903 cum
2511 3847 2825 3918 loquentes
2876 3848 2998 3902 suis
3047 3848 3318 3919 ipsorum
3368 3846 3626 3902 dialectis

256 3939 418 3991 Αὐτοὶ
459 3941 550 4010 μὲν
596 3941 696 4012 γὰρ
751 3941 993 3990 συνίεσαν
1029 3955 1042 3968 ⁸
1070 3941 1188 3999 τοὺς
1247 3935 1305 3992 δὲ
1360 3942 1747 4013 συμπαρόντας,
1789 3935 1862 3990 δι’

1996 3935 2383 4006 ntelligerent,
2417 3941 2472 3991 et
2503 3935 2648 3992 alios
2693 3936 3122 3993 arbitrarentur
3151 3952 3270 3991 non
3302 3935 3626 4006 intelligere

257 4029 351 4090 οὓς
403 4031 496 4080 καὶ
531 4030 659 4100 πρὸς
704 4029 865 4099 μέθην
910 4031 969 4079 τό
1016 4029 1190 4100 θαῦμα
1228 4031 1520 4102 κατέφερον,
1553 4027 1729 4103 πόρῥω
1772 4034 1864 4080 τοῦ

1993 4029 2217 4097 propter
2242 4025 2508 4094 linguam
2537 4025 2819 4093 alienam,
2853 4041 2916 4080 se
2966 4042 3086 4081 non
3132 4025 3302 4080 facile
3334 4024 3403 4080 de
3453 4040 3626 4096 syco-

258 4121 488 4171 συνιέναι
561 4114 832 4176 ἐτόπαζον.
897 4120 997 4168 Καὶ
1075 4118 1376 4190 θαυμαστόν
1435 4113 1607 4170 οὐδέν.
1663 4114 1863 4187 Ὠσπερ

1994 4115 2222 4187 ρῒιδοιὶδ.
2259 4113 2562 4169 convictos
2592 4114 2659 4170 iri
2700 4119 2996 4186 putarent.
3032 4113 3446 4184 Intelligebant
3493 4113 3627 4184 ipsi,

253 4209 358 4279 γὰρ
405 4213 497 4266 τῆς
549 4211 870 4265 Δεσποτικῆς
915 4205 1180 4275 ἐξουσίας,
1226 4205 1542 4268 ἐλαυνούσης
1572 4208 1636 4258 τὰ
1680 4202 1867 4278 δαιμό-

1995 4206 2080 4262 sed
2107 4205 2270 4269 alios,
2305 4205 2406 4275 qui
2453 4220 2576 4259 una
2636 4204 2905 4270 aderant,
2957 4219 3216 4275 quorum
3266 4219 3448 4258 causa
3502 4218 3628 4256 rem

255 4315 362 4361 νια,
399 4298 641 4346 συνίεσαν
691 4297 782 4366 μὲν
825 4298 914 4346 καὶ
950 4293 1155 4347 ἔϐλεπον
1202 4297 1264 4346 τὰ
1310 4292 1610 4368 παράδοξα,
1654 4292 1769 4347 δέον
1809 4291 1868 4348 δὲ

2003 4293 2473 4365 ranscripserant
2502 4292 2787 4357 ebrietati,
2815 4293 2991 4362 longe
3025 4298 3284 4348 remotos
3315 4291 3392 4348 ab
3425 4290 3635 4346 intelli-

259 4385 436 4456 ὑμνεῖν
489 4388 578 4436 καὶ
647 4390 979 4457 προσκυνεῖν,
1031 4383 1102 4445 εἰς
1156 4381 1493 4456 βλασφημίας
1555 4383 1819 4456 ἀπήγοντο
1850 4403 1864 4415 ·

1998 4383 2177 4456 gentia
2217 4381 2682 4438 arbitrabantur.
2717 4385 2831 4437 Nec
2871 4398 3015 4436 sane
3064 4381 3306 4436 mirum.
3341 4379 3631 4445 Quemad-

261 4477 354 4526 καὶ
399 4476 588 4533 νόσους
643 4474 815 4534 πάσας
874 4477 965 4524 καὶ
1016 4474 1158 4531 πάθη
1212 4475 1383 4526 πάντα
1434 4475 1650 4545 ὁρῶντες
1707 4493 1870 4545 φυγα-

2002 4473 2217 4528 nodum
2247 4471 2403 4526 enim
2432 4487 2566 4525 cum
2592 4487 2696 4542 per
2725 4470 2957 4526 Domini
2984 4469 3313 4543 potentiam
3332 4469 3635 4526 dmmonia

266 4559 539 4634 δευόμενα,
592 4570 694 4614 τῶν
779 4563 1056 4634 θαυμάτων
1125 4565 1219 4621 τὴν
1290 4561 1576 4636 ὑπερϐολὴν
1630 4567 1718 4614 καὶ
1775 4571 1869 4624 τῆς

2002 4560 2352 4633 ’ᾕρει-θυίαν,
2386 4564 2441 4614 et
2485 4559 2789 4624 videbant,
2825 4564 2878 4614 et
2907 4558 3316 4629 agnoscebant
3360 4574 3488 4614 rem
3529 4559 3635 4612 mi-

268 4651 587 4726 εὐεργεσίας,
636 4653 823 4724 φθόνου
872 4656 962 4705 καὶ
1007 4656 1352 4724 συκοφαντίας
1403 4656 1489 4703 καὶ
1545 4656 1698 4724 φόνου
1745 4651 1870 4709 ὕλην

2000 4649 2342 4714 'aculosam,
2369 4647 2476 4703 sed
2502 4663 2638 4703 cum
2670 4647 2916 4703 laudare
2947 4647 3426 4720 etdepraadicare
3457 4647 3633 4702 debe-

270 4742 575 4813 εἰργάζοντο
605 4755 621 4771 ⁸
674 4741 810 4794 οὕτω
879 4745 970 4794 καὶ
1021 4748 1108 4793 νῦν
1170 4741 1264 4793 ούκ
1329 4745 1532 4814 ἔχοντες
1590 4741 1872 4813 ἐξαρνησα-

2005 4745 2128 4804 'ent,
2174 4737 2252 4793 ad
2299 4735 2826 4808 blasphemandum
2877 4737 3375 4807 abducebantur;
3404 4740 3462 4792 et
3499 4752 3638 4792 cum

273 4832 400 4884 σθαι
476 4833 534 4882 τό
617 4831 865 4904 ὑπερφυὲς
925 4838 1025 4882 τῶν
1097 4829 1350 4902 γλωσσῶν
1415 4835 1504 4883 καὶ
1551 4827 1869 4904 παράδοξον,

2007 4828 2227 4885 norbos
2258 4831 2314 4882 et
2341 4825 2722 4896 (egritudines
2763 4825 2976 4897 curari,
3011 4825 3298 4891 viderent,
3346 4826 3640 4896 magnitu-

270 4921 464 4993 ὁμοίως
534 4917 717 4992 [ὁμῶς]
774 4927 836 4992 τῇ
899 4917 1168 4992 βασκανίᾳ
1222 4919 1650 4993 ἀνερεθιζόμενοι,
1713 4921 1874 4992 μέθην

2010 4919 2181 4974 linem
2213 4933 2349 4973 cum
2381 4915 2675 4980 miraculi,
2707 4922 2834 4970 tum
2875 4915 3148 4981 beneﬁci,
3185 4914 3422 4970 invidiae
3465 4920 3643 4972 mate-

269 5004 687 5069 κατασκεδάζειν
729 5016 821 5061 τοῦ
869 5010 1128 5080 θαύματος
1170 5009 1264 5062 οὐκ
1313 5007 1730 5063 ένεκαλύπτοντο.
1776 5014 1876 5063 Καὶ

2009 5009 2130 5062 iam
2179 5011 2235 5063 et
2297 5004 2738 5062 calumniarum
2792 5004 3208 5061 fecerunt:ita
3271 5020 3454 5069 nunc,
3503 5020 3642 5060 cum

270 5101 458 5152 σκόπει
534 5102 848 5173 κακουργίας
918 5097 1227 5172 ὑπερϐολὴν,
1279 5098 1328 5150 έν
1387 5102 1487 5170 ἴσῳ
1556 5105 1651 5159 τὴν
1699 5100 1876 5154 ἄνοιαν

2014 5096 2264 5166 negando
2303 5110 2426 5150 non
2464 5099 2664 5150 essent
2699 5093 3042 5162 linguarum
3093 5093 3542 5165 supernaturale
3589 5097 3647 5148 et

268 5189 522 5260 ἔχουσαν.
555 5185 696 5240 Έπεὶ
743 5189 844 5261 γὰρ
894 5185 1145 5240 ἀπίθανον
1186 5183 1268 5252 ἦν,
1302 5189 1421 5240 καθ’
1466 5190 1601 5262 ὥραν
1648 5189 1880 5261 μάλιστα

2012 5185 2406 5256 ποάὶεἱοειιω
2461 5183 2713 5248 donum,
2759 5181 2934 5237 simili
2985 5181 3208 5238 invidia
3249 5181 3479 5252 irritati,
3521 5183 3645 5239 sine

266 5280 473 5351 τρίτην,
531 5278 660 5350 μέθη
723 5273 932 5329 διδόναι
987 5280 1106 5338 τούς
1176 5276 1515 5346 ἀποστόλους,
1579 5277 1882 5352 ἀνθρώπους

2017 5275 2242 5340 rudore,
2287 5272 2465 5345 pleno
2509 5287 2610 5328 ore
2658 5271 3005 5330 ebrietatem
3046 5271 3336 5327 miraculo
3383 5286 3650 5344 asperse-

268 5365 459 5440 ἀρετῆς
503 5384 558 5418 τε
609 5369 865 5440 κήρυκας,
920 5371 1011 5419 καὶ
1067 5365 1117 5419 ἓν
1164 5371 1343 5439 μέσοις
1391 5365 1565 5440 φόϐοις
1627 5372 1716 5420 καὶ
1765 5387 1879 5420 κιν-

2016 5369 2146 5421 'unt.
2181 5363 2434 5420 Adverte
2473 5366 2674 5419 autem
2703 5361 3058 5434 nequitiam,
3090 5368 3420 5418 extremam
3461 5360 3649 5417 stulti-

270 5450 450 5518 δύνοις
504 5453 992 5529 έναπειλημμένους,
1053 5454 1138 5510 ἐπὶ
1184 5459 1244 5510 τό
1294 5462 1385 5511 τοῦ
1429 5460 1664 5530 πόματος
1715 5461 1881 5530 πρόσ-

2022 5455 2144 5511 iam
2198 5467 2408 5526 parem
2455 5452 2517 5508 in
2564 5467 2626 5508 se
2691 5450 3036 5510 habentem.
3088 5454 3238 5509 Nam
3305 5467 3445 5508 cum
3500 5453 3655 5509 esset

344 5581 550 5638 "'Act.
575 5593 641 5648 11,
671 5579 761 5637 13.
