4136 6198
535 271 635 325 551

1776 266 2008 323 ΡΗΟΤΙΙ
2050 264 2309 321 PATBIA
2321 264 2536 321 BCHIE
2577 264 2683 321 ΟΡ.

3793 269 3898 322 552

534 392 899 459 incredibile,
933 390 1091 448 circa
1113 390 1325 449 horam
1358 391 1607 458 tertiam,
1642 394 1707 449 ut
1735 391 2009 447 ebrietate
2039 406 2172 463 apo-

2291 410 2450 461 φατον
2486 392 2603 460 (καί
2639 409 2717 443 τοι
2766 398 2865 442 τῶν
2917 389 3151 463 βοτρύων
3194 393 3337 445 οὔπω
3367 395 3496 465 πρὸς
3540 397 3677 465 ὡραν
3719 396 3896 463 ὄντων,

536 483 668 541 stoli
732 487 1085 547 tenerentur,
1136 480 1409 537 homines
1462 480 1689 536 virtutis
1750 496 2081 553 praecones,
2128 484 2183 535 et

534 572 685 631 inter
732 574 1003 628 timorem
1043 575 1101 626 et
1147 569 1407 642 pericula
1457 570 1738 625 continuo
1790 575 2073 640 agentes;
2105 567 2183 624 ad

531 661 852 735 potationis
890 660 1216 715 novitatem
1265 658 1617 729 confugiunt
1667 660 1827 731 (cum
1866 675 1997 713 uvae
2037 673 2185 713 non-

532 752 673 806 dum
695 755 1127 812 maturuerant,
1151 749 1254 804 sed
1276 753 1572 804 terrenum
1590 749 1905 804 humorem
1926 747 1983 803 in
2008 747 2185 803 ﬂores

531 839 907 911 eliquarent),
940 844 995 895 et
1026 854 1061 894 a
1090 838 1368 909 qualitate
1408 837 1754 909 complicant
1794 837 2178 908 calumniam,

535 947 563 981 ι(
602 928 795 993 Musti,
829 928 1113 997 dicentes,
1146 926 1304 999 pleni
1348 931 1505 982 sunt.
1548 950 1577 976 η
1612 926 1719 983 Ubi
1760 927 1918 983 enim
1959 926 2183 981 violens

530 1024 587 1075 et
620 1034 878 1091 praeceps
919 1018 1159 1073 animus
1204 1017 1369 1071 haud
1417 1016 1738 1082 inhibetur,
1769 1016 1827 1071 id
1881 1015 2075 1072 solum
2121 1014 2182 1070 in

529 1108 830 1179 proposito
859 1107 1131 1170 habetur,
1162 1121 1282 1160 non
1311 1110 1374 1159 ut
1402 1105 1568 1176 quod
1590 1120 1923 1175 congruum
1954 1108 2043 1159 est
2072 1120 2182 1159 nec

527 1196 923 1253 deridendum
972 1194 1224 1258 dicatur,
1256 1194 1355 1250 sed
1396 1193 1495 1249 illa
1541 1194 1737 1265 potius
1782 1192 2178 1265 proferantur,

525 1300 633 1358 per
660 1301 818 1357 quae,
846 1283 1028 1339 animi
1056 1282 1281 1339 furores
1304 1288 1358 1338 et
1378 1283 1779 1338 absurditates
1808 1281 2179 1353 adimplean-

2294 479 2398 531 ἀλλ’
2443 482 2562 553 οἷρτι
2610 484 2703 538 τὴν
2742 482 2933 551 γεηρὰν
2977 477 3180 552 ἰκμάδα
3227 482 3299 543 εἰς
3350 483 3505 545 ἄνθος
3556 481 3901 556 ἀποτριϐομέ-

2292 568 2409 638 νων)
2454 571 2857 640 καταφεύγουσι,
2904 574 2993 621 καὶ
3040 578 3102 642 τῇ
3152 575 3395 627 ποιότητι
3442 576 3537 630 τὴν
3578 571 3725 646 ὕϐριν
3780 592 3901 624 συν-

2295 654 2657 720 διαπλέκόυσι,
2740 680 2759 707 ι
2816 658 3084 723 Γλεύκους,
3164 659 3416 730 λέγοντες,
3508 680 3903 733 μεμεστωμενοι

2294 746 2443 798 εἰσιν.
2491 769 2512 795 ι
2563 748 2643 799 Ἐν
2694 748 2771 808 οἷς
2810 750 2907 819 γὰρ
2958 751 3016 799 τό
3060 748 3241 820 ἰταμὸν
3289 757 3384 811 τῆς
3434 756 3647 821 γνώμης
3701 749 3901 803 ἀκατά-

2296 855 2499 907 σχετον,
2563 841 2710 907 μόνος
2762 841 3027 909 πρόκειται
3070 840 3282 904 σκοπός,
3334 838 3439 909 οὐχ
3493 841 3626 899 ὅπως
3674 859 3725 891 τι
3782 837 3900 893 δέον

2740 680 2759 707 ε
2816 658 3084 723 Γλεύκους,

2291 930 2381 977 καὶ
2424 929 2495 997 μὴ
2526 926 2909 996 καταγέλαστον
2954 926 3130 993 εἰπεῖν,
3175 926 3302 978 ἀλλὰ
3332 925 3366 980 δ
3373 928 3405 978 ι’
3436 927 3503 978 ὧν
3535 931 3595 979 οἷν
3624 948 3708 990 τις
3736 933 3900 1001 τύχοι

2290 1016 2346 1065 τό
2372 1010 2629 1085 μανιῶδες
2653 1019 2741 1066 καὶ
2774 1014 3015 1067 ἁλόκοτον
3048 1015 3313 1086 ἐμπλῆσαι
3341 1024 3437 1077 τῆς
3462 1016 3615 1089 ψυχῆ
3628 1038 3666 1085 ς,
3695 1024 3786 1071 καὶ
3813 1025 3899 1077 τὴν

2291 1104 2373 1154 ἐπὶ
2419 1111 2525 1164 τοῖς
2566 1105 2843 1176 ὁρωμένοις
2886 1103 3188 1176 ἀμηχανίαν
3241 1108 3759 1180 παραμυθήσασθαι.
3811 1113 3899 1160 Διὸ

2289 1196 2379 1243 καὶ
2427 1194 2547 1264 ὅπερ
2580 1189 2761 1255 ἔδοξαν
2789 1191 2842 1244 ἐκ
2868 1198 3130 1268 περινοίας
3172 1194 3349 1261 εἰπεῖν,
3384 1195 3450 1256 εἰς
3490 1195 3682 1255 πολλὴν
3730 1197 3899 1249 αὐτῶν

2289 1282 2464 1333 ἄνοιαν
2489 1284 2578 1332 καὶ
2606 1281 2849 1334 ἀπόνοιαν
2880 1282 3109 1353 τελευτᾷ.

525 1382 637 1443 tur,
671 1380 723 1430 et
762 1372 1085 1429 difﬁcultas
1116 1373 1173 1426 in
1208 1374 1291 1427 eis
1318 1388 1453 1443 quae
1486 1372 1675 1427 oculis
1717 1374 2058 1435 cernuntur,
2085 1369 2417 1426 amoliatur.
2450 1372 2739 1435 Quocirca
2786 1372 2950 1444 quod
2995 1371 3321 1445 prudenter
3348 1373 3573 1429 dixisse
3604 1375 3903 1431 videban-

522 1470 638 1532 tur,
679 1464 976 1534 insignem
1011 1462 1317 1518 stultitiam
1351 1466 1407 1518 et
1435 1462 1770 1518 fatuitatem
1806 1461 2078 1532 ipsorum
2105 1460 2164 1514 in
2195 1459 2314 1513 ﬁne
2345 1458 2627 1515 ostendit.

631 1586 945 1655 ΟΗίΕΞΤΙΟ
990 1585 1835 1725 LXXXéIC£g§ils£JCCXLVIIL
1892 1586 2070 1640 Taur.

527 1766 820 1836 Quomodo
837 1782 954 1821 non
978 1770 1059 1821 est
1083 1764 1449 1821 contrarium
1471 1778 1693 1820 sumere
1717 1779 1925 1820 nomen
1945 1762 2185 1819 Domini

1092 1837 1201 1893 Dei
1236 1836 1300 1891 in
1341 1851 1559 1892 vanum
1590 1837 1619 1893 ?

2851 1591 3162 1638 ΕΡΩΤΙΙΣΙΣ
3201 1592 3242 1638 Π
3252 1585 3322 1641 Β’.

2294 1770 2410 1824 Πῶς
2450 1762 2542 1816 ούκ
2573 1766 2711 1816 ἔστιν
2744 1762 2958 1817 ἐναντίον
2990 1768 3047 1817 τό
3085 1764 3255 1817 λαϐεῖν
3299 1769 3354 1817 τὸ
3388 1769 3547 1840 ὄνομα
3574 1774 3664 1820 τοῦ
3698 1773 3901 1843 Κυρίου

2774 1842 2863 1888 καὶ
2895 1842 3020 1889 Θεοῦ
3051 1836 3134 1889 ἐπὶ
3163 1842 3398 1909 ματαίῳς

841 1973 996 2022 Edita
1020 1985 1052 2021 a
1080 1969 1227 2020 Rich.
1254 1970 1581 2019 Montacutio
1612 1970 1753 2019 inter
1783 1968 1955 2018 Photii
1985 1968 2256 2031 epistolas,
2303 1967 2367 2017 ed
2399 1968 2625 2027 Londin,
2664 1984 2745 2033 ep.
2779 1971 2890 2028 147,
2923 1972 2989 2019 ad
3028 1972 3270 2026 Theodot.
3307 1987 3358 2036 p.
3384 1974 3493 2029 204,
3529 1974 3638 2026 205.

594 2102 848 2158 Sumunt
880 2120 906 2149 ‹‹
942 2097 1036 2152 Dei
1069 2112 1291 2153 nomen
1315 2096 1375 2151 in
1401 2111 1627 2152 vanum
1650 2097 1718 2160 9',
1748 2114 1771 2146 ι
1798 2093 1962 2165 apud
1982 2095 2172 2149 Testa-

2360 2096 2703 2169 Λαμϐάνουσι
2744 2115 2773 2145 (ι
2800 2099 2857 2147 τὸ
2902 2100 3061 2169 ὄνομα
3092 2098 3290 2170 Κυρίου
3320 2105 3411 2149 τοῦ
3439 2105 3572 2150 Θεοῦ
3605 2098 3777 2150 αύτῶν
3809 2096 3895 2151 ἐπὶ

519 2196 790 2247 mentum
830 2189 1029 2253 Vetus,
1061 2187 1164 2259 qui
1204 2185 1378 2241 idolis
1416 2184 1565 2240 illud
1603 2183 2085 2239 transcribebant
2122 2186 2178 2238 et

518 2278 889 2351 adaptabant
913 2293 927 2343 ;
960 2282 1082 2331 tum
1106 2275 1210 2348 qui
1236 2275 1384 2330 falso
1399 2275 1740 2346 juramento
1762 2273 2134 2328 temerabant
2159 2288 2173 2338 ;

519 2373 645 2425 tum
676 2367 854 2423 etiam
888 2366 990 2437 qui
1021 2365 1097 2419 ad
1141 2363 1515 2419 scurrilitates
1543 2367 1646 2418 aut
1683 2377 1838 2417 vana
1878 2360 2177 2433 colloquia

516 2458 576 2513 id
608 2456 963 2513 tractabant.
1006 2456 1256 2509 Istorum
1299 2452 1539 2522 singuli,
1583 2451 1781 2506 divino
1814 2450 2078 2517 nomine,
2112 2453 2175 2504 ut

517 2562 580 2602 re
611 2546 942 2601 frustranea
982 2543 1300 2598 utebantur
1333 2557 1344 2596 :
1381 2546 1441 2596 ln
1484 2543 1648 2596 Novo
1694 2539 1772 2593 illi
1820 2538 2169 2609 abutuntur,

518 2650 654 2690 cum
671 2640 877 2689 contra
894 2632 1056 2704 quod
1082 2631 1346 2686 sancitur
1370 2630 1519 2699 lege,
1539 2627 1932 2699 jurejurando
1955 2644 2172 2682 nomen

518 2724 648 2796 ejus
681 2722 1025 2792 subjiciunt.
1069 2722 1310 2791 Oportet
1352 2720 1509 2773 enim
1555 2718 1659 2789 qui
1700 2717 1812 2771 sub
1856 2716 2045 2785 gratia
2085 2716 2171 2771 vi-

514 2816 682 2878 vunt,
717 2811 1030 2884 perfectius
1065 2809 1211 2883 quid
1246 2808 1548 2881 prioribus
1587 2806 1913 2879 possidere.
1947 2807 2078 2860 Tum
2119 2810 2175 2861 et

514 2902 595 2959 illi
648 2901 752 2974 qui
792 2900 994 2955 Filium
1031 2916 1067 2955 a
1105 2903 1355 2970 paterna
1405 2895 1741 2951 substantia
1793 2895 2076 2951 alienant.
2119 2900 2176 2951 et

516 3007 645 3048 cum
670 2989 954 3047 creaturis
1000 2988 1242 3054 locant;
1275 3002 1344 3043 ac
1373 2991 1575 3043 tamen
1610 2985 1770 3041 velut
1796 2984 2171 3057 paenitentes,

513 3082 681 3139 titulo
724 3079 960 3136 deitatis
1000 3095 1139 3134 eum
1180 3078 1535 3149 adoptatum
1577 3081 1829 3131 ornant:
1862 3075 1971 3141 Qui
2012 3076 2172 3129 enim

515 3171 599 3226 sic
634 3171 919 3226 creaturis
952 3167 1050 3223 Dei
1083 3183 1296 3223 nomen
1332 3166 1655 3239 applicant,
1691 3164 2031 3236 prodigiose
2066 3185 2085 3213 ε
2112 3164 2170 3218 in

511 3276 737 3316 vanum
770 3279 796 3311 ι
826 3261 1088 3313 sumunt.
1128 3256 1241 3313 Sed
1272 3261 1326 3311 et
1365 3256 1468 3328 qui
1506 3271 1612 3326 per
1657 3253 2087 3309 controversias
2120 3258 2175 3308 et

514 3348 1001 3412 concertationes,
1037 3351 1329 3417 tanquam
1376 3361 1406 3399 e
1448 3345 1614 3399 trivio
1655 3343 1799 3415 quid
1848 3347 2172 3414 arreptum,

510 3439 649 3503 huc,
679 3438 834 3503 illuc,
865 3440 927 3491 ut
975 3435 1116 3491 aleis
1176 3435 1469 3501 ludentes,
1517 3433 1766 3503 agitant,
1812 3437 2035 3487 etcum
2086 3448 2176 3486 so-

511 3526 641 3584 nitu
673 3525 1035 3582 transfcrunt
1061 3540 1072 3579 :
1098 3524 1213 3578 hoc
1245 3527 1444 3579 autem
1478 3526 1763 3594 praestant
1794 3524 2050 3584 strenue,
2076 3522 2176 3590 qui

510 3614 799 3672 haereticis
851 3612 1068 3667 scholis
1116 3615 1498 3667 evanescunt.
1545 3611 1881 3665 Etiamnum
1933 3624 2175 3681 quoque

511 3706 626 3759 «in
676 3719 891 3759 vanum
929 3725 948 3751 ι
983 3706 1228 3756 sumunt
1255 3716 1467 3755 nomen
1522 3699 1755 3754 Domini
1802 3698 2021 3770 Deique
2074 3714 2176 3752 no-

507 3794 629 3859 stri,
666 3809 770 3865 qui
802 3791 1023 3847 audent
1068 3790 1214 3844 tueri
1258 3786 1693 3843 indifferentem
1744 3804 1867 3842 rem
1900 3798 2028 3842 esse
2070 3803 2174 3842 seu

508 3882 737 3951 Christi,
767 3882 886 3935 sive
912 3878 1246 3935 AntichriSti
1280 3876 1602 3946 imaginem
1631 3876 1844 3941 facere,
1879 3880 1981 3931 aut
2013 3874 2173 3932 idola

505 3969 762 4045 paganis
826 3969 966 4025 olim
1027 3967 1197 4023 culta.
1251 3966 1345 4021 isti
1414 3981 1644 4026 omnes.
1706 3970 2000 4037 quantum
2070 3983 2175 4037 per

506 4061 825 4116 audaciam
882 4058 1151 4129 ipsorum
1208 4060 1476 4127 possunt,
1544 4055 1777 4110 Domini
1835 4070 2055 4110 nomen
2116 4061 2172 4113 et

504 4149 967 4223 appellationem
1018 4146 1411 4201 frustraneam
1480 4145 1740 4199 reddunt
1790 4148 1844 4199 et
1886 4144 2165 4200 inutilem.

503 4240 612 4296 Par
636 4244 726 4294 est
769 4254 924 4293 enim
970 4234 1215 4290 omnino
1262 4234 1357 4289 Dei
1404 4248 1623 4289 nomen
1664 4233 2073 4289 venerandum
2117 4238 2171 4291 et

502 4327 876 4386 adorandum
896 4322 1254 4387 existimare,
1271 4338 1464 4394 neque
1482 4323 1838 4392 juramentis
1860 4322 2162 4389 oblectari,

502 4433 611 4474 nec
660 4416 907 4489 pejuriis
960 4414 1080 4485 (Dei
1134 4412 1376 4483 nomen)
1434 4409 1775 4483 profanare,
1832 4427 1940 4467 nec
1991 4412 2166 4468 idolis

500 4508 1009 4579 adaptareznon,
1079 4507 1142 4557 ut
1201 4500 1482 4556 insanivit
1560 4500 1753 4564 Arius,
1837 4506 2163 4557 creaturam

500 4598 778 4653 deiﬁcare
808 4594 867 4648 in
907 4590 1299 4664 opprobrium
1334 4589 1643 4655 Creatoris,
1679 4606 1874 4662 neque
1916 4606 2040 4645 rem
2080 4591 2166 4646 in-

499 4685 854 4742 diﬂ‘erentem
879 4687 1111 4754 putare,
1133 4678 1321 4751 ei,qui
1348 4679 1566 4733 meruit
1587 4678 1699 4734 hoc
1719 4694 1962 4746 nomen,
1988 4685 2041 4734 et
2060 4681 2163 4751 qui

2287 2192 2492 2257 ματαίῳ
2526 2206 2537 2217 ·
2573 2206 2600 2238 »
2650 2188 2697 2237 οἱ
2748 2188 2837 2251 μὲν
2867 2193 2961 2247 τῆς
3011 2186 3258 2254 Παλαιᾶς,
3302 2184 3533 2247 εἰδώλοις
3570 2188 3697 2240 αύτό
3746 2206 3896 2260 περι-

2287 2277 2528 2335 άπτοντες
2607 2280 2695 2327 καὶ
2773 2278 3135 2348 περιτιθέντες,
3193 2281 3282 2328 καὶ
3353 2280 3401 2329 οἱ
3456 2278 3677 2350 ἐπιόρκῳ
3765 2278 3896 2328 καθ-

2285 2363 2579 2438 υϐρίζοντες
2632 2366 2787 2436 ὄρκῷ,
2850 2370 2938 2417 καὶ
2993 2361 3059 2423 δὴ
3112 2370 3198 2417 καὶ
3259 2365 3631 2436 εὐτραπελίαις,
3678 2368 3709 2423 ἦ
3753 2385 3899 2417 τισιν

2285 2453 2463 2514 ἄλλαις
2534 2454 2918 2525 συνεφέλκοντες
3006 2454 3132 2506 «ora
3224 2453 3574 2527 ἆργολογίαις.
3660 2455 3897 2525 (Τούτων

2283 2544 2383 2615 γὰρ
2428 2544 2659 2605 ἕκαστος,
2695 2547 2762 2603 ὡς
2800 2549 2998 2615 ματαίᾳ
3026 2547 3287 2617 κέχρηται
3319 2553 3378 2616 τῇ
3427 2552 3518 2596 τοῦ
3560 2552 3693 2596 Θεοῦ
3730 2563 3899 2616 προσ-

2285 2633 2517 2704 ηγορίᾳ.)
2565 2633 2629 2683 Oi
2680 2630 2738 2684 δὲ
2791 2642 2885 2694 τῆς
2925 2637 3058 2694 Νέας
3095 2650 3105 2662 ·
3142 2630 3306 2686 ἐπειδ⁹
3356 2632 3434 2701 ἂν,
3482 2637 3625 2706 παρά
3670 2637 3760 2685 τόν
3813 2652 3900 2687 τε..

2286 2723 2433 2772 θέντα
2484 2726 2655 2793 νόμον,
2714 2724 2849 2794 ὅρκῳ
2901 2726 2993 2780 τὴν
3053 2723 3213 2774 αὐτοῦ
3267 2722 3709 2775 καθυποϐάλλωσι
3764 2722 3896 2781 κλῆ-

2286 2830 2386 2861 σιν.
2422 2816 2507 2862 Δεῖ
2550 2814 2649 2883 γάρ
2698 2830 2749 2862 τι
2804 2810 3108 2885 τελειότερον
3153 2815 3273 2873 τοὺς
3331 2812 3381 2863 ἐν
3425 2821 3485 2884 τῇ
3533 2814 3741 2886 χάριτι,
3792 2820 3895 2864 τῶν

2283 2901 2381 2971 πρὸ
2413 2901 2620 2965 ταύτης,
2664 2901 2821 2969 ἔχειν.
2856 2898 3071 2953 Ἔπειτα
3120 2897 3197 2965 δὲ,
3243 2906 3331 2952 καὶ
3375 2903 3422 2953 οἱ
3462 2901 3549 2953 τόν
3586 2904 3705 2953 Υἰόν
3739 2900 3895 2953 ἁλλο-

2282 2996 2543 3061 τριοῦντες
2593 2996 2689 3049 τῆς
2740 2996 2999 3061 πατρικῆς
3053 2990 3259 3054 ούσίας,
3319 2995 3407 3042 καὶ
3460 2994 3590 3062 μετὰ
3636 2999 3740 3042 τῶν
3783 3008 3897 3043 κτι-

2287 3079 2497 3148 σμάτων
2544 3079 2776 3137 τιθέντες.
2828 3075 2949 3130 Εἶτα
2990 3077 3167 3147 παλιν,
3218 3081 3391 3153 ὥσπερ
3451 3079 3505 3130 ἐκ
3558 3079 3896 3152 μεταμελείας

2286 3165 2351 3225 εἰς
2407 3170 2494 3223 τὴν
2556 3175 2652 3226 τῆς
2724 3169 2960 3227 θεότητος
3033 3167 3185 3219 αύτόν
3261 3168 3607 3230 εἰσποιοῦντες
3678 3169 3893 3228 κλῆσιν.

2287 3256 2553 3326 κτίσματι
2613 3258 2713 3326 γὰρ
2778 3257 2922 3308 οὗτοι
2992 3260 3051 3308 τό
3115 3258 3244 3310 θεῖον
3307 3261 3466 3329 ὄνομα
3526 3259 3890 3330 περιτιθέντες,

2287 3342 2509 3404 ἐκτόπως
2564 3345 2689 3396 αὐτὸ
2741 3354 3167 3417 ματαιοποιοῦσι.
3225 3351 3324 3399 Καὶ
3380 3344 3471 3412 δὴ,
3533 3352 3619 3399 καὶ
3676 3348 3728 3399 οἱ
3776 3356 3895 3408 ταῖς

2209 3446 2251 3503 C
2288 3432 2568 3505 ἐριστικαῖς
2607 3433 2868 3505 ἁμίλλαις,
2916 3438 3088 3509 ὥσπερ
3149 3454 3201 3487 τι
3258 3445 3356 3487 τῶν
3410 3441 3699 3507 τυχόντων,
3761 3438 3892 3490 αύτό

2286 3520 2389 3573 ὧδε
2444 3521 2673 3586 κάκεῖσε,
2731 3525 2814 3575 οἷα
2887 3520 2952 3582 δὴ
3009 3523 3191 3586 κύϐοις
3258 3526 3552 3593 παίζοντες,
3611 3530 3894 3600 περιστρέ-

2287 3630 2459 3683 φοντες
2513 3617 2603 3663 καὶ
2652 3610 3107 3675 διακωδωνιῶντες
3137 3630 3151 3643 ⁸
3194 3615 3313 3687 ὅπερ
3358 3614 3594 3687 μάλιστα
3641 3622 3892 3667 ποιοῦσιν

2286 3703 2333 3753 οἱ
2376 3709 2487 3761 ταῖς
2542 3703 2826 3775 αἰρετικαῖς
2882 3700 3284 3775 ἐμματαίζοντες
3344 3702 3585 3775 λέσχαις.
3646 3704 3765 3755 Ἔτι
3831 3701 3891 3757 δε

2282 3790 2607 3861 λαμϐάνουσι
2653 3796 2741 3843 καὶ
2779 3799 2866 3842 νῦν
2899 3812 2921 3841 α
2957 3791 3038 3843 ἐπὶ
3071 3796 3279 3864 ματαίῳ
3315 3816 3334 3842 n
3376 3796 3432 3844 τό
3482 3797 3642 3865 ὄνομα
3688 3799 3888 3867 Κυρίου

2283 3885 2373 3929 τοῦ
2420 3886 2552 3929 Θεοῦ
2605 3879 2769 3950 ἡμῶν,
2816 3882 2865 3931 οἱ
2921 3878 3204 3955 ἀδιάφορον
3258 3880 3533 3953 τολμῶντες
3578 3881 3742 3952 λέγειν
3791 3888 3888 3940 τήν

2282 3986 2335 4018 τε
2370 3975 2598 4041 Χριστοῦ
2630 3967 2818 4034 εἰκόνα,
2853 3974 2941 4021 καὶ
2986 3975 3079 4028 τὴν
3130 3977 3219 4021 ro)
3247 3970 3624 4042 Ἀντιχρίστου
3656 3974 3777 4028 ἤτοι
3823 3975 3888 4024 τὰ

2282 4052 2469 4107 εἴδωλα
2520 4066 2619 4107 τῶν
2675 4056 2975 4115 Ἑλληνικῶν
3028 4058 3389 4131 σεϐασμάτων.
3440 4062 3627 4120 Πάντες
3673 4063 3776 4133 γὰρ
3839 4063 3889 4114 οἰ

2279 4152 2525 4208 τοιοῦτοι,
2583 4152 2808 4217 ματαίαν
2892 4153 2981 4199 καὶ
3063 4146 3287 4220 ἀνωφελῆ
3386 4154 3479 4206 τὴν
3560 4156 3887 4209 Δεσποτικὴν

2277 4238 2657 4308 προσηγορίαν,
2708 4240 2766 4287 τό
2814 4254 2874 4307 γε
2930 4237 3054 4294 ἧκον
3105 4239 3175 4297 εἱς
3231 4243 3323 4294 τὴν
3373 4236 3542 4289 αὐτῶν
3568 4237 3615 4302 ἀ,
3657 4236 3892 4310 ἀποφαί-

2276 4340 2443 4387 νουσι,
2490 4322 2697 4395 τόλμαν.
2746 4329 2830 4375 Δεῖ
2863 4326 2963 4399 γὰρ
3010 4330 3163 4377 παντὶ
3212 4330 3385 4400 τρόπω
3429 4330 3522 4384 τὴν
3573 4327 3712 4378 θείαν
3752 4328 3887 4386 κλῆ-

2279 4416 2379 4480 σιν,
2441 4418 2658 4487 φρικτήν
2708 4432 2763 4464 τε
2807 4418 2897 4464 καὶ
2950 4414 3238 4486 σεϐασμίαν
3285 4416 3532 4485 ἡγεῖσθαι
3562 4435 3573 4447 ο
3608 4421 3697 4468 καὶ
3751 4421 3887 4489 μήτε

2276 4504 2443 4575 ὅρκοις
2512 4501 2639 4562 ὅλως
2710 4506 2937 4575 χαίρειν,
2996 4508 3127 4575 μήτε
3188 4502 3523 4580 καθυϐρίζειν
3584 4505 3832 4578 ἐπιορκία
3869 4522 3882 4535 '

2275 4589 2401 4642 ἀλλὰ
2464 4587 2602 4663 μηδὲ
2678 4593 2975 4665 περιάπτειν
3047 4589 3325 4655 εἰδώλοις·
3381 4590 3521 4666 μηδὲ
3591 4598 3723 4667 μετά
3788 4600 3885 4655 τὴν

2269 4684 2473 4754 ’Δρείου
2521 4684 2669 4732 νόσον
2717 4682 2941 4733 θεοποεῖν
2995 4686 3081 4739 τὴν
3128 4686 3321 4749 κτίσιν,
3354 4686 3490 4735 κατὰ
3531 4692 3622 4735 τοῦ
3656 4688 3884 4737 Κτίσαν-

498 4774 865 4831 contrarium
911 4770 1151 4825 sortitus
1202 4772 1308 4832 est,
1351 4766 1835 4838 applicare;non
1874 4768 2161 4823 haereticis

2281 4789 2356 4831 τος
2387 4787 2399 4799 ·
2430 4775 2556 4842 μήτε
2608 4773 2695 4842 μὲν
2748 4767 3031 4845 ἀδιάφορον
3074 4773 3316 4842 ἡγεῖσθαι
3372 4776 3429 4824 τό
3475 4776 3673 4833 ταύτης
3725 4774 3884 4837 ἠξιω-

497 4859 905 4933 logomachiis,
926 4856 1086 4912 velut
1112 4856 1260 4918 alea,
1294 4854 1496 4910 ludere
1521 4871 1533 4921 ;
1561 4871 1681 4910 non
1706 4856 2015 4928 superﬂuis
2039 4873 2161 4913 ma-

496 4949 809 5019 taeologiis,
844 4943 1206 5019 quibuslibet
1240 4944 1594 5011 immiscere,
1628 4950 1729 4999 aut
1758 4961 2154 5017 componere:

498 5038 603 5095 sed
630 5036 1048 5094 tantummodo
1080 5032 1446 5089 salutiferum
1471 5033 1918 5089 etadorandum
1938 5051 2159 5091 nomen

496 5128 574 5184 ad
606 5140 992 5183 communem
1019 5138 1304 5193 usurpare
1334 5122 1656 5186 utilitatem,
1684 5122 1741 5177 in
1771 5123 1955 5178 sacris
1979 5124 2160 5194 preci-

493 5217 630 5287 bus,
682 5213 997 5287 mysteriis,
1047 5216 1101 5266 et
1148 5211 1425 5281 congruis
1463 5210 1764 5267 doctrinis.
1810 5214 1940 5267 Haec
1987 5217 2066 5271 tu.
2110 5213 2157 5268 si

495 5304 741 5371 caveris,
774 5300 1151 5360 observando
1195 5300 1372 5357 simul
1419 5298 1550 5368 eris,
1580 5306 1735 5357 recte
1766 5300 1846 5357 ita
1886 5305 2152 5357 statuens

2268 4862 2414 4931 μένον
2464 4866 2557 4920 τῆς
2608 4859 2858 4925 κλήσεως,
2907 4863 3089 4912 καὶτὸ
3140 4859 3537 4933 κληρωσάμενον
3591 4866 3684 4920 τὴν
3741 4866 3881 4915 ἐναν-

2267 4945 2576 5020 τίανομηὸ“
2644 4950 2927 5023 αἰρετικαῖς
2986 4952 3239 5001 πεττεύειν
3295 4948 3421 5002 αύτό
3472 4948 3881 5023 λογομαχίαις⁸

2269 5034 2395 5088 ἀλλὰ
2464 5033 2602 5107 μηδὲ
2671 5045 2938 5112 περιτταῖς
2984 5057 3095 5091 τισι
3154 5045 3529 5113 συνανακιρνᾶν
3591 5044 3681 5093 καὶ
3760 5060 3879 5094 συν·

2268 5129 2537 5200 αναφύρειν
2605 5127 3001 5199 ματαιολογίαις
3066 5127 3113 5179 ἐν
3180 5132 3357 5200 μόναις
3419 5125 3479 5181 δε
3534 5136 3648 5189 ταῖς
3723 5128 3881 5206 ἱεραῖς

2266 5216 2412 5286 ἡμῶν
2457 5214 2645 5286 εὐχαῖς
2684 5235 2738 5268 τε
2786 5221 2873 5269 καὶ
2922 5217 3147 5279 τελεταῖς
3186 5222 3274 5269 καὶ
3323 5225 3437 5280 ταῖς
3476 5223 3882 5286 προσηκούσαις

2268 5300 2645 5367 διδασκαλίαις
2688 5318 2734 5373 ο,
2766 5308 2824 5358 τὸ
2881 5311 3139 5379 σωτήριον
3198 5305 3357 5359 ἐκεῖνο
3420 5312 3511 5360 καὶ
3570 5310 3879 5381 θαυμαστὸν

1125 5507 1128 5511 ι
1851 5424 2085 5480 VARI/13
2137 5425 2546 5484 LECTIONES.
2848 5508 2849 5513 γ

562 5551 594 5604 ἀ
625 5550 767 5614 Cod.
802 5552 951 5611 MOI).
989 5552 1087 5606 553
1120 5548 1161 5606 ἰ.
1200 5547 1299 5605 114
1332 5546 1511 5605 habet
1542 5547 1609 5609 εἰς
1638 5551 1732 5607 τὴν
1763 5547 1942 5607 αὐτὴν.
2024 5560 2049 5593 e
2076 5548 2172 5607 ρο(

2281 5554 2399 5609 ton.
2418 5554 2827 5640 ,προσηκούσαις
2854 5572 2908 5607 τι
2940 5553 3213 5629 θεολογίαις
3242 5557 3332 5609 καὶ
3360 5550 3770 5637 διδασκαλίαις.
