3906 6186
94 309 178 364 553
871 303 968 359 AD
1005 299 1555 361 AMPHILOCHIUM
1593 297 1918 371 QUAESTIO
1960 298 2533 358 LXXXII-LXXXIV.

3273 295 3379 357 554

97 440 242 507 ὄνομα,
293 432 356 494 εἰς
419 435 582 491 κοινὴν
647 430 887 504 ὠφέλειαν
952 429 1396 504 παραλαμϐάνειν.
1461 435 1502 483 Α
1557 431 1610 482 σί

1773 428 1878 484 lud
1896 432 2264 500 praeceptum
2280 427 2659 501 praeclarum,
2677 445 2705 475 «
2717 427 2846 482 Non
2864 437 3138 482 assumes
3153 435 3381 482 nomen

95 523 554 598 παραφυλαττόμενος,
609 521 849 594 φυλάξεις
891 539 944 576 τε
993 520 1123 593 ἃμα,
1171 524 1260 572 καὶ
1298 518 1468 581 καλῶς
1499 522 1624 576 νοή-

96 634 195 674 σεις,
217 620 298 672 τὴν
322 615 446 666 θείαν
475 611 661 670 ἐκείνην
689 614 1018 683 νομοθεσίαν,
1054 614 1148 668 τὴν
1173 609 1446 680 λέγουσαν,
1485 628 1509 658 (ι
1543 608 1619 660 Οὐ

91 704 202 776 λήψῃ
229 707 279 755 τό
305 707 449 775 ὄνομα
487 705 677 776 Κυρίου
716 708 809 753 τοῦ
841 705 976 754 Θεοῦ
1009 719 1102 753 σου
1135 698 1215 753 ἐπὶ
1247 701 1474 773 ματαίῳ.
1518 719 1548 748 »

589 813 903 862 ΕΡΩΤΗΣΙΣ
943 806 1064 864 III“.

447 989 508 1038 Τί
532 984 644 1037 ἐστι
667 990 871 1057 πνεῦμα
895 984 1133 1044 Πύθωνος
1173 997 1187 1049 ;

1733 519 1966 576 Domini
1998 519 2098 574 Dei
2127 518 2212 574 tui
2235 518 2297 573 in
2321 529 2539 574 vanum
2560 517 2636 576 ’3.
2679 535 2703 567 ν

1995 799 2314 867 ΟΠᾸΞΞΤΙΟ
2351 799 2597 857 LXXXIII
2623 797 2823 870 [CoisL
2861 797 3121 865 CCXLIX,

2332 870 2514 928 Tdur.
2558 871 2783 945 CCLX],

2120 979 2277 1048 Quid
2301 985 2380 1036 est
2411 979 2648 1050 spiritus
2675 975 2922 1050 Pytom‘s
2946 979 2974 1032 ?

135 1109 255 1158 Edita
283 1123 308 1158 a
342 1110 674 1165 Montacutio,
703 1121 786 1173 ep.
823 1108 931 1165 151,
963 1109 1031 1156 ad
1067 1107 1327 1164 Theodot.,
1361 1122 1414 1172 p.
1441 1108 1664 1159 206-207.
1688 1106 1760 1156 De
1783 1105 2206 1170 engastrimytbo
2236 1105 2257 1153 Ι
2285 1105 2412 1168 Reg.
2441 1106 2615 1161 xxvui,
2637 1106 2665 1155 7
2693 1117 2824 1168 seq.;
2850 1104 2948 1153 Act
2975 1115 3076 1160 xw,
3109 1103 3168 1152 16
3192 1115 3311 1169 seq.

138 1229 192 1278 Τὸ
235 1223 494 1297 ἐμφωλεῦον
540 1233 602 1298 τῇ
659 1224 952 1299 ἀνθρωπεία
996 1229 1190 1298 γαστρὶ
1233 1226 1474 1298 πονηρὸν,
1525 1228 1616 1276 καὶ

87 1316 195 1376 ἄξιον
229 1319 310 1372 τήν
351 1311 678 1387 κοπροδόχον
726 1314 906 1380 οἰκεῖν,
959 1313 1252 1389 ἀκάθαρτον
1297 1321 1518 1386 πνεῦμα,
1567 1313 1618 1365 οἰ

87 1408 152 1474 μὲν
190 1412 270 1465 τῆς
323 1402 594 1467 εὐσεϐείας,
663 1403 776 1456 λίαν
839 1401 1064 1476 ἐμφερῶς
1141 1406 1615 1478 προσωνομάκασιν

85 1493 456 1564 ἐγγαστρίμυθόν·
517 1502 621 1545 τῶν
673 1490 733 1546 δὲ
774 1494 898 1564 παρ’
963 1492 1204 1552 Ἕλλησιν
1244 1495 1292 1546 οἱ
1345 1496 1433 1556 μεν
1481 1493 1617 1545 πλεῖ-

87 1599 187 1644 στοι,
244 1582 602 1654 ἐντερόμαντιν·
684 1581 848 1655 ἕτεροι
918 1578 976 1635 δὲ
1036 1581 1477 1655 ἐγγαστρίμαντιν
1537 1582 1614 1653 (ί)

1800 1223 2017 1279 Malum
2031 1222 2197 1278 illum
2210 1222 2311 1294 qui
2329 1222 2628 1278 humanos
2643 1227 2878 1279 ventres
2891 1221 3110 1287 incolit,
3126 1221 3380 1291 dignum

1725 1317 1878 1367 certe
1926 1311 2202 1367 latrinam
2249 1325 2558 1382 occupare,
2602 1311 2907 1381 impurum
2952 1324 3168 1380 nempe
3203 1306 3382 1380 spiri-

1723 1406 1871 1470 tum,
1901 1400 1982 1455 illi
2017 1399 2122 1472 qui
2154 1399 2432 1471 pietatem
2465 1399 2669 1455 colunt
2696 1399 2961 1471 apposite
2991 1397 3381 1454 nominarunt

1723 1489 2276 1560 engastrimylhum.
2334 1489 2510 1560 Apud
2557 1487 2788 1544 Graecos
2839 1487 3107 1558 plerique
3154 1493 3380 1542 entero-

1722 1579 1972 1644 mantia,
2005 1577 2233 1649 aliquid
2263 1578 2764 1648 engastrimantin
2794 1581 3027 1633 vocant.
3051 1574 3379 1646 Sophocles

83 1668 356 1739 ἀκμάζουσι.
408 1670 667 1742 Σοφοκλῆς
704 1667 764 1722 δέ
797 1673 901 1743 ἄρα
951 1676 1039 1722 καὶ
1085 1670 1315 1737 Πλάτων,
1349 1673 1474 1746 ὑπὲρ
1523 1677 1610 1723 τοῦ

1769 1674 1780 1724 t
1807 1668 1965 1723 Plato
1991 1667 2268 1723 daemonii
2300 1667 2360 1723 in
2386 1667 2660 1737 gratiam,
2694 1682 2832 1722 cum
2879 1666 2954 1721 de
2980 1666 3198 1721 ventris
3223 1664 3380 1720 illius

86 1754 320 1830 δαιμονίου,
356 1767 447 1821 τῆς
481 1763 716 1834 γαστρός
758 1765 852 1818 τὴν
887 1763 1092 1818 οἰκησιν
1139 1761 1534 1832 αἰσχυνόμενοι,
1588 1762 1614 1812 ὁ

83 1853 144 1916 μὲν
181 1847 277 1915 (ἁτε
322 1855 587 1910 ποιητικός
631 1852 712 1911 τίς
757 1850 844 1913 ὢν,
885 1853 972 1901 καὶ
1018 1849 1148 1902 πολὺ
1195 1854 1253 1902 τό
1291 1852 1474 1922 ἄφετον
1533 1849 1615 1902 ἐπὶ

81 1936 380 2004 τξςγλώσσης
411 1940 572 2009 ἔχων,
617 1943 707 1990 καὶ
754 1939 1059 2011 αὐτόνομον)
1101 1937 1216 1992 ἀντὶ
1259 1943 1487 2012 γαστρός
1525 1940 1614 1991 αῦ-

82 2032 132 2092 τῷ
174 2029 227 2078 τὰ
288 2033 463 2102 στέρνα
512 2030 898 2101 χαρισάμενον,
974 2034 1336 2102 στερνόμαντιν
1397 2047 1610 2100 μετωνο.

82 2131 216 2182 μασιν·
265 2117 288 2167 ὁ
338 2113 411 2186 δὲ,
472 2120 531 2169 τό
593 2116 812 2188 ἐμφανες
861 2120 987 2178 ἴσως
1039 2126 1130 2170 τοῦ
1176 2115 1402 2188 ψεύδους
1450 2117 1615 2170 ἐκκλί-

81 2222 160 2262 νων,
201 2203 325 2279 ἑτέρᾳ
373 2202 430 2258 δὲ
473 2203 688 2278 μεθόδῳ
740 2206 954 2258 κλέπτον
1001 2212 1095 2265 την
1141 2207 1306 2281 ὓϐριν.
1350 2207 1614 2281 Εὐρυκλέα

80 2290 185 2342 καλεῖ
223 2297 273 2344 τό
310 2300 670 2365 γαστρίοικον.
732 2296 905 2363 Οὕτω,
947 2301 1095 2368 φασὶ,
1138 2296 1410 2358 κληθέντος
1452 2295 1613 2350 πάλαι

83 2383 191 2443 τινος,
236 2380 308 2433 ἐπὶ
351 2391 420 2453 τῷ
469 2385 630 2437 πάθει
659 2391 708 2423 ⁸*
739 2380 1121 2446 διαϐοηθέντος·
1167 2384 1251 2453 ἀφ’
1285 2384 1344 2438 οὗ
1372 2391 1461 2438 καὶ
1503 2394 1612 2447 τοῖς

81 2465 210 2537 issit;
263 2476 346 2529 τήν
416 2477 782 2546 προσηγορίαν
839 2477 1101 2545 νέμουσιν.
1157 2473 1330 2526 Ἐοικε
1383 2478 1485 2546 γὰρ
1552 2479 1610 2526 τὸ

83 2552 288 2626 δαιμόνων
331 2569 481 2615 τοῦτο
525 2562 706 2634 φῦλον,
747 2563 805 2614 οῦ
847 2567 1072 2633 γυναίων
1119 2567 1292 2635 μόνον,
1349 2563 1476 2616 ἀλλὰ
1523 2570 1611 2616 καὶ

79 2644 227 2720 ἀνδρῶν
262 2660 317 2723 τῇ
373 2657 551 2726 κόπρῳ
596 2653 754 2723 φιλεῖν
794 2650 1255 2723 ἔγγαστρίζεσθαι.
1308 2654 1610 2706 Λαοπλάνον

80 2729 120 2784 σ”ε
140 2745 277 2803 τοῦτο,
318 2747 400 2793 καὶ
437 2750 534 2803 τῆς
589 2739 823 2812 ἐσχάτης
857 2739 1132 2806 ἀπωλ⁸ίας’
1185 2749 1293 2803 τοῖς
1330 2747 1610 2816 προσέχειν

78 2821 176 2892 crit?)
224 2823 687 2900 ἀναπεπεισμένοις,
751 2827 1010 2902 πρόξενον.
1076 2828 1305 2881 Καλοῦσι
1371 2826 1431 2881 δε
1487 2830 1609 2882 αὐτὸ

78 2911 204 2964 πολλοὶ
251 2925 338 2966 τῶν
386 2917 642 2976 Ἑλλήνων
700 2922 788 2968 καὶ
847 2919 1082 2968 Πύθωναο
1142 2917 1261 2991 ὅπερ
1321 2916 1465 2990 οἶμαι
1521 2925 1610 2972 καὶ

1722 1756 1985 1813 incolatu
2017 1755 2410 1830 pudeﬁerent,
2447 1755 2540 1812 ille
2570 1756 2815 1828 quidem
2848 1756 3075 1827 (utpote
3113 1754 3380 1827 poeticus

1724 1846 2043 1912 exsistens,
2103 1850 2160 1901 et
2208 1845 2420 1917 linguae
2474 1845 2744 1901 libertate
2813 1845 3112 1917 praeditus,
3167 1843 3380 1915 suique

1716 1935 1889 2008 juris)
1910 1935 2041 1991 loco
2069 1935 2284 1990 ventris
2311 1938 2519 2006 pectus
2547 1935 2599 1990 ei
2640 1950 2778 1990 cum
2804 1933 3194 2003 assignasset,
3235 1939 3381 1989 ster-

1723 2025 2024 2081 nomantin
2049 2023 2420 2087 nominavit;
2445 2023 2608 2088 alter,
2639 2039 2798 2088 cum,
2833 2027 2895 2078 ut
2926 2022 3241 2077 verisimile
3271 2027 3374 2087 est,

1723 2119 1995 2187 apertum
2035 2119 2275 2184 cuperet
2312 2114 2497 2168 vitare
2538 2112 2940 2177 mendacium,
2984 2111 3165 2167 aliam
3213 2109 3381 2165 inivit

1722 2205 1902 2270 viam,
1935 2209 1989 2259 et
2012 2203 2270 2259 dedecus
2298 2202 2634 2268 declinavit,
2658 2208 2714 2257 et
2737 2201 3175 2257 inbabitantem
3196 2201 3377 2255 Euri-

1722 2295 1850 2350 clea
1880 2292 2172 2348 nominat.
2192 2293 2319 2358 Quo
2342 2291 2607 2356 nomine,
2629 2296 2694 2346 ut
2711 2290 3033 2356 afﬁrmant,
3054 2289 3380 2345 vocabatur

1720 2381 1990 2454 quidam,
2052 2381 2154 2453 qui
2208 2381 2350 2436 olim
2379 2380 2492 2435 hoc
2519 2379 2734 2436 affectu
2778 2379 3149 2443 inclaruerat,
3183 2392 3218 2434 a
3256 2393 3378 2450 quo

1720 2471 2002 2543 deinceps
2033 2469 2166 2526 aliis
2198 2468 2432 2525 titulum
2463 2469 2826 2525 indiderunt.
2879 2467 3037 2524 Solet
3075 2467 3233 2523 enim
3265 2467 3379 2522 hoc

1721 2575 1910 2631 genus
1962 2559 2308 2614 daemonum
2358 2563 2616 2615 stercore
2665 2573 2787 2614 non
2820 2557 3137 2612 mulierum
3171 2555 3377 2621 modo,

1721 2649 1824 2705 sed
1865 2653 1921 2704 et
1962 2649 2222 2704 virorum
2267 2647 2576 2712 oblectari,
2618 2653 2674 2703 et
2703 2646 2838 2703 ideo
2867 2650 3130 2702 ventrem
3158 2645 3372 2701 subire.

1722 2741 1818 2794 Est
1848 2742 2048 2795 autem
2085 2736 2296 2809 populi
2327 2737 2608 2808 deceptor
2645 2736 2908 2809 spiritus,
2941 2741 2996 2792 et
3027 2735 3257 2791 ruinam
3289 2750 3379 2790 ex-

1719 2833 1973 2884 tremam
2022 2831 2300 2899 procurat
2329 2827 2433 2892 eis,
2483 2826 2586 2897 qui
2616 2833 2676 2881 ut
2703 2825 2891 2881 ﬁdem
2932 2825 2983 2881 ei
3010 2823 3380 2880 babeantin-

1719 2918 1851 2972 duci
1870 2916 2142 2988 poterint.
2163 2915 2316 2972 Multi
2341 2930 2520 2986 porro
2543 2931 2575 2971 e
2603 2915 2816 2969 Graecis
2849 2914 3164 2983 Pythonem
3189 2909 3380 2967 nomi-

76 3006 116 3069 τῇ
155 3009 232 3053 τῶν
266 3004 622 3065 Φιλιππησίων
673 3003 936 3078 παιδίσκη
994 3004 1482 3079 ἐγγαστριζόμενον,
1523 3013 1609 3060 τόν

1769 3011 1868 3063 ant
1885 3023 1896 3061 :
1915 3005 2006 3077 cuj
2019 3003 2517 3076 usmodi,opinor,
2535 3003 2696 3075 apud
2713 2999 3378 3074 Philippenses,ancillte

74 3086 112 3136 έι
133 3099 206 3151 τὲς
243 3094 424 3157 πλάνης
475 3099 680 3168 ἔρανον,
724 3103 826 3154 τοίς
856 3099 1057 3169 κυρίοις
1090 3095 1270 3160 αὐτῆς,
1305 3098 1390 3148 οἷα
1421 3094 1487 3156 δὴ
1521 3104 1609 3151 καὶ

75 3178 188 3231 trimi
229 3179 290 3234 δι’
326 3183 519 3246 ἐκείνης
572 3181 923 3247 δεσπόζουσι,
977 3186 1368 3239 κατατίθεσθαι.
1414 3185 1479 3237 ⁸0
1538 3184 1604 3245 δὴ

72 3276 361 3344 ιηομηχςίνῳ
409 3282 596 3347 γνώμη
664 3278 753 3325 καὶ
809 3277 896 3325 τὸν
953 3275 1225 3326 θεσπέσιον
1268 3275 1466 3327 Παῦλον
1521 3275 1605 3328 ἐπ-

74 3361 183 3408 αίνων
229 3360 480 3435 ἐγκωμίοις
533 3362 826 3437 μελετῆσαν
885 3365 1231 3435 ὑπέρχεσθαι,
1283 3366 1472 3436 μισθὸν
1514 3373 1608 3427 τῆς

71 3446 291 3516 κολακιίας,
340 3458 430 3512 τὴν
468 3455 774 3527 ὑπερορίαν,
827 3453 959 3526 εὗρε,
1010 3460 1105 3514 τῆς
1159 3449 1347 3505 ἀδίκου
1395 3459 1483 3506 καὶ
1533 3460 1607 3526 φί-

72 3532 136 3595 ἳξς
158 3537 394 3604 οἰκήσεως.

564 3645 882 3693 ΕΡΩΤΠΣῙΣ
923 3638 1052 3694 IlA'.

1718 3099 1980 3151 ventrem
2039 3093 2322 3160 subierat,
2376 3109 2511 3165 quae
2576 3107 2681 3165 per
2746 3091 2908 3146 illam
2975 3090 3378 3160 imposturam

1717 3185 1861 3240 hero
1897 3199 2004 3238 suo
2033 3181 2314 3254 symbola
2340 3180 2678 3251 colligebat,
2709 3179 2938 3252 quiPer
2973 3175 3250 3234 ancillam
3269 3175 3374 3231 do-

1719 3272 2065 3330 minabatur
2090 3271 2412 3327 dzemonio.
2442 3269 2539 3324 Ille
2575 3269 2814 3342 spiritus
2839 3267 2998 3324 mala
3025 3271 3220 3322 mente
3249 3265 3380 3320 lau-

1718 3363 1898 3419 dabat
1927 3361 2200 3424 Paulum,
2233 3365 2289 3416 et
2331 3376 2436 3432 per
2466 3360 2736 3415 encomia
2765 3357 3162 3414 meditabatur
3207 3354 3378 3411 illum

1719 3451 1940 3516 subire,
1968 3449 2071 3505 sed
2090 3448 2452 3506 adulationis
2474 3447 2792 3521 praemium
2816 3446 3242 3516 relegationem
3260 3458 3380 3500 me-

1715 3541 1853 3604 ruit,
1887 3539 1964 3596 ab
2005 3539 2228 3611 injusta
2255 3542 2312 3594 et
2339 3537 2560 3594 dilecta
2584 3536 2950 3593 habitatione
2981 3540 3268 3592 semotus.

1722 3639 2037 3707 QUIESTIO
2097 3638 2342 3693 LXXXIV
2383 3635 2592 3710 [CoisL
2644 3637 2793 3700 CCL,
2859 3637 3044 3692 Taur.
3094 3631 3370 3707 CCXLl.].

715 3762 871 3812 Edita
892 3776 925 3812 a
948 3763 1292 3820 Montacutio,
1327 3776 1409 3826 ep.
1445 3763 1552 3819 152,
1581 3764 1648 3812 ad
1692 3761 1874 3812 Taras.
1902 3777 1952 3824 p.
1985 3761 2095 3817 207,
2128 3760 2239 3816 208,
2276 3760 2330 3808 in
2361 3759 2514 3810 Rom.
2541 3773 2590 3817 ν,
2617 3759 2694 3808 12.

117 3877 186 3939 τὸ,
227 3899 251 3925 ιι
281 3878 380 3949 Ἐφ’
506 3880 700 3938 πάντες
739 3877 992 3952 ἥμαρτον,
1048 3900 1070 3928 ι
1115 3879 1237 3951 ὅπερ
1272 3877 1475 3939 Παῦλος
1520 3882 1608 3951 μὲν

71 3962 211 4026 Mais;
251 3969 418 4039 ἔφησε,
466 3971 534 4020 σὺ
575 3964 639 4020 δὲ
681 3969 864 4040 μαθειν
906 3967 1126 4041 ᾔτησας,
1157 3970 1342 4020 τούτου
1397 3965 1465 4026 δὴ
1515 3972 1609 4026 τὴν

70 4047 268 4121 διάνοιαν,
310 4060 359 4110 οὶ
420 4060 536 4128 μὲν,
597 4055 676 4128 ἔφ’
735 4054 796 4127 ᾧ,
850 4065 920 4128 τῷ
979 4053 1179 4128 Ἀδοίμο
1235 4059 1283 4108 οἱ
1317 4053 1394 4123 δὲ,
1443 4056 1516 4129 ἐφ’

1792 3875 1957 3932 Pauli
1991 3875 2137 3931 illud
2186 3875 2454 3940 effatum,
2491 3896 2518 3928 α
2545 3876 2607 3931 In
2659 3889 2778 3948 quo
2819 3888 3034 3930 omnes
3091 3889 3382 3946 peccave-

1718 3971 1858 4021 runt
1883 3968 1951 4030 οδ,
1986 3986 2013 4017 ››
2043 3964 2189 4038 quid
2235 3965 2346 4020 sibi
2378 3965 2532 4030 velit,
2583 3964 2784 4020 doceri
2833 3963 3020 4036 cupis.
3059 3964 3224 4020 Istius
3267 3963 3382 4021 loci

1721 4055 2076 4109 sententiam
2103 4053 2350 4126 quidam
2378 4053 2456 4108 ita
2485 4053 2760 4120 reddunt,
2790 4056 2853 4108 ut
2877 4051 3042 4107 illud.
3068 4053 3129 4106 in
3155 4068 3285 4122 quo,
3302 4052 3382 4108 ad

70 4148 117 4207 τῷ
155 4144 345 4216 θανάτῳ,
401 4149 854 4208 συνυπακούοντες
909 4142 1284 4199 ἀποδιδόασιν.
1349 4145 1497 4218 Ἐμοὶ
1551 4142 1609 4198 δὲ

1769 4143 2017 4198 damum
2051 4141 2341 4207 referant;
2372 4142 2468 4197 alii
2500 4142 2576 4198 ad
2604 4141 2770 4206 illud;
2806 4164 2832 4192 ‹‹
2865 4142 2925 4196 in
2956 4155 3079 4212 qua
3109 4145 3316 4196 morte.
3348 4161 3378 4194 »

69 4224 277 4305 εὶδὲτερον
356 4231 521 4291 δοκεῖ.
605 4231 748 4287 Οὐδὲ
803 4237 904 4307 γάρ
957 4255 1007 4287 τι
1074 4237 1446 4287 συνυπακούειν
1507 4232 1606 4301 δεῖ,

72 4315 232 4370 αὐτόθεν
271 4325 479 4392 ἔχοντος
533 4330 629 4375 τοῦ
679 4323 844 4397 ῥητοῦ
897 4327 990 4381 τὴν
1048 4322 1312 4376 ἐντελειαν.
1359 4327 1428 4376 Τό
1483 4327 1606 4399 γὰρ,

73 4406 191 4478 ’Ἐξ
295 4417 479 4476 πάντες
509 4418 770 4485 ἥμαρτον,
815 4435 843 4462 »
887 4421 975 4464 νῦν
1018 4413 1076 4465 οῦ
1121 4420 1404 4487 προσώπου
1454 4418 1605 4483 τινός,

72 4490 154 4543 οὐδ’
192 4501 280 4552 οἷον
305 4510 613 4574 προσώπου,
659 4498 919 4554 δεικτικὸν
969 4501 1128 4554 ἔστιν’
1164 4501 1268 4554 ἀλλ’
1298 4503 1466 4563 αἰτίας
1514 4505 1610 4574 μοί-

72 4587 182 4636 λιετα
223 4596 624 4662 παραστατικὸν·
675 4591 803 4659 οἷον,
873 4609 900 4640 (ι
959 4590 1066 4662 Ἐφ’
1206 4593 1385 4651 πάντες
1436 4593 1610 4664 ἡμαρ-

70 4686 148 4728 T01.
177 4695 200 4726 η
241 4675 368 4730 διότι
415 4684 609 4740 πάντες
663 4680 914 4754 ἣμαρτον.
969 4685 1068 4732 Καὶ
1108 4681 1318 4754 μυρίαι
1365 4684 1470 4752 μὲν,
1519 4685 1609 4732 καὶ

70 4765 174 4813 πνοὰ
205 4774 294 4826 τοῖς
326 4769 442 4833 ἔξω,
489 4771 519 4827 ἡ
574 4771 794 4826 τοιαύτη
851 4771 1084 4827 συνθήκη
1138 4778 1238 4821 τῶν
1285 4769 1468 4840 λόγων·
1521 4772 1610 4842 ἁρ-

71 4855 172 4902 ιιςει
198 4851 240 4904 δ’
265 4855 346 4908 οὖν
384 4859 409 4909 ὁ
439 4861 579 4920 Θείος
613 4857 833 4925 Παῦλος,
883 4857 1038 4920 αὐτὸς
1090 4858 1274 4911 ἑαυτοῦ
1321 4861 1413 4920 τὰς
1452 4858 1610 4921 λέξεις

72 4944 318 5006 ’ἒβηπΰιικ
364 4951 519 5018 Λέγει
568 4949 672 5021 γὰρ
726 4946 979 5017 ἀλλαχοῦ,
1034 4969 1061 4996 ‹‹
1106 4953 1205 5000 Καὶ
1240 4949 1342 5020 γὰρ
1374 4949 1422 5000 οἱ
1472 4951 1608 5010 ὄντες

71 5041 105 5072 εδ
141 5039 199 5097 τῷ
237 5041 419 5099 σκήνει,
474 5037 787 5108 στενάζομεν
819 5034 1150 5108 βαρούμενοι,
1186 5056 1214 5087 »
1247 5033 1374 5099 εἶτα,
1427 5058 1453 5085 ‹‹
1499 5037 1608 5108 Ἐφ’

74 5120 101 5177 ’ᾖ
143 5117 190 5167 οὗ
237 5121 425 5196 θέλομεν
469 5122 798 5177 ἐνδύσασθαι
835 5134 867 5178 Β
897 5166 912 5190 ,
947 5123 1053 5176 ἀλλ’
1111 5122 1516 5177 ἐπενδύσασθαι.
1581 5148 1606 5174 ›)

73 5203 305 5276 Περίδηλον
341 5217 438 5288 76¢
484 5213 544 5266 ἂι
577 5218 784 5280 τούτου,
837 5215 902 5274 ὡς
932 5217 1011 5280 τὸ,
1053 5212 1124 5286 ἐφ’
1174 5212 1234 5284 ᾧ,
1266 5213 1441 5276 αἰτίας
1471 5213 1609 5284 αὐτῷ

78 5302 336 5363 πμαντικόν
394 5302 745 5376 παρειλὴφθη’
796 5306 1053 5365 τουτέστι,
1124 5305 1220 5356 Διά
1287 5310 1440 5356 τοῦτο
1498 5321 1607 5355 στε-

127 5393 163 5425 ⁹⁸
183 5393 348 5456 Exod.
375 5417 471 5456 xx.
497 5406 557 5457 7.
658 5401 706 5436 ⁹⁴
733 5402 903 5458 Rom.
935 5417 994 5467 v,
1023 5403 1110 5458 12.

1217 5403 1266 5437 ⁸⁵
1297 5401 1341 5454 ll
1368 5402 1508 5459 Cor.
1545 5416 1602 5456 v.
1647 5403 1700 5456 4.

1720 4232 1853 4287 Mihi
1881 4237 2158 4287 neutrum
2183 4231 2394 4303 placet.
2425 4233 2624 4302 Neque
2643 4231 2801 4286 enim
2827 4229 3154 4302 quidquam
3173 4229 3379 4284 subin-

1721 4321 2100 4390 telligendum
2127 4321 2401 4387 occurrit,
2426 4336 2562 4375 cum
2609 4335 2712 4391 per
2733 4335 2794 4374 se
2827 4323 3057 4374 constet
3088 4317 3198 4373 sibi
3238 4317 3379 4373 dicti

1718 4410 1873 4466 illius
1907 4409 2168 4481 perfecta
2212 4409 2575 4465 constitutio.
2623 4412 2793 4476 Nam,
2825 4428 2851 4459 «
2886 4408 2950 4462 ln
2999 4423 3118 4480 quo
3167 4421 3379 4462 omnes

1718 4504 2135 4572 peccaverunt,
2166 4519 2193 4548 »
2217 4499 2275 4554 in
2309 4499 2584 4570 praesenti
2611 4513 2718 4552 nec
2745 4512 3059 4569 personam
3087 4494 3376 4568 aliquam,

1718 4605 1827 4644 nec
1864 4593 2152 4658 tanquam
2204 4602 2524 4658 personam
2581 4589 3011 4657 repraesentat:
3047 4585 3151 4640 sed
3181 4585 3377 4656 potius

1718 4693 1955 4734 causam
1985 4677 2228 4740 indicat,
2252 4676 2421 4748 quasi
2441 4675 2679 4739 diceret,
2712 4694 2739 4727 α
2769 4675 2829 4729 In
2861 4690 2981 4746 quo
3008 4689 3217 4730 omnes
3249 4689 3378 4744 pec-

1717 4771 2023 4830 caverunt,
2062 4787 2083 4814 ι
2119 4765 2179 4820 id
2195 4765 2690 4836 est,inquantum
2724 4771 3374 4836 peccaveruntomnes.

1716 4859 1904 4929 Atque
1935 4859 2089 4911 certe
2120 4858 2360 4910 exstant
2393 4854 2557 4925 apud
2589 4859 2863 4910 externos
2897 4854 3212 4924 scriptores
3247 4867 3375 4908 sex-

1717 4950 1892 5002 centa
1915 4943 2252 5000 istiusmodi
2289 4943 2605 4998 locutionis
2637 4942 2910 5015 exempla
2942 4958 2955 5008 ;
2987 4941 3092 4998 sed
3125 4941 3378 4999 sufﬁciet

1719 5034 1894 5089 nobis
1935 5032 2173 5088 divinus
2204 5031 2423 5088 Paulus
2471 5032 2574 5104 qui
2603 5049 2772 5088 suam
2802 5031 2976 5087 nobis
3018 5033 3371 5089 sententiam

1719 5123 1988 5195 explicet.
2013 5123 2104 5178 Ait
2134 5122 2227 5177 ille
2256 5121 2394 5178 alibi
2428 5138 2440 5176 :
2480 5141 2508 5175 ι(
2552 5121 2778 5178 Etenim
2803 5121 2904 5194 qui
2944 5122 3002 5178 in
3029 5121 3145 5178 hoc
3175 5121 3376 5180 taber-

1717 5212 1935 5269 naculo
1966 5227 2196 5278 sumus,
2249 5211 2698 5282 ingemiscimus
2736 5210 3109 5283 praegravati.
3162 5216 3223 5268 ln
3255 5227 3375 5285 quo

1720 5301 2005 5358 nolumus
2037 5301 2304 5367 induere,
2338 5301 2440 5360 sed
2477 5300 2827 5373 superindui
2857 5303 2930 5358 ".
2959 5323 2988 5352 κ
3021 5300 3186 5362 Patet
3214 5301 3376 5359 enim

1337 5491 1580 5555 VABIAS
1649 5497 2051 5554 LECTIONES.
2482 5564 2490 5572 ,
3231 5557 3236 5562 ,

127 5597 148 5626 ο
173 5590 295 5650 Cod.
323 5595 474 5654 Mon.
505 5580 612 5654 ωε
639 5597 680 5654 ε.
713 5601 812 5656 115
834 5578 977 5670 tegit
1005 5597 1089 5652 ἐπὶ
1113 5598 1174 5652 τὸ
1201 5577 1388 5660 πάθος.
1464 5595 1490 5638 τ
1529 5613 1610 5670 μυί

1776 5639 1787 5650 .
1823 5598 1881 5652 C.
1911 5591 1984 5650 Μ.
2023 5598 2206 5669 μυρία.
2283 5606 2315 5650 ε
2344 5589 2694 5652 ἐκδύσασθαι.
2729 5595 2786 5651 C.
2819 5597 2888 5652 Μ.
2921 5589 3265 5647 ἐνδύσασθαι.
