4136 6198
547 302 656 359 555

1799 293 2027 350 ΡΗΟΤΙΙ
2066 292 2542 351 ΡΑΤΠΙΑΒΟΗᾹΞ
2581 294 2696 354 CP.

3818 296 3935 352 556

548 429 609 483 in
639 426 754 482 hoc
782 424 936 493 loco,
982 422 1125 478 illud
1172 421 1234 479 in
1260 437 1396 494 quo,
1428 420 1606 494 quasi
1652 421 2023 477 causativum
2054 418 2198 492 quid

2320 420 2564 491 νάζομεν,
2618 420 2725 492 οὐχ
2780 419 2861 473 ὃτι
2896 415 3532 491 ἐνδύσασθαιῒιθέλομεν,
3583 418 3718 475 ἀλλὰ
3779 418 3937 476 διότι

544 515 732 585 accipi
759 514 996 569 debeat.
1032 512 1301 567 Estenim
1330 527 1558 568 sensus.
1585 511 1673 568 0b
1700 509 2201 579 illudingemisci—

546 621 677 660 mus
690 619 809 658 non
824 601 988 673 quod
1010 600 1180 655 indui
1197 600 1494 666 volumus,
1515 600 1619 656 sed
1638 599 1796 672 quod
1822 598 2196 670 superindui.

549 697 619 750 Ut
646 692 996 766 explicatius
1025 690 1381 754 dicam,loci
1399 691 1749 746 sententiam
1767 689 1878 744 ista
1899 694 2013 743 est:
2039 691 2202 760 Inge-

547 786 858 848 miscimus,
876 781 1021 837 dum
1037 780 1095 835 in
1122 780 1507 836 tabernaculo
1522 780 1931 846 consistimus,
1952 795 2022 833 eo
2036 780 2200 851 quod

547 886 1150 946 superaggravamur.
1192 870 1343 935 Quid
1382 871 1565 939 ergo?
1591 870 1757 925 visne
1801 885 2019 940 corpus
2065 868 2200 923 ideo

546 968 716 1019 tuum
744 976 979 1027 exuere,
1003 959 1168 1032 quod
1198 959 1294 1013 Dei
1327 974 1544 1014 manus
1568 958 1999 1027 efﬁgiaverunt,
2025 961 2080 1012 et
2107 956 2202 1012 cui

546 1053 812 1109 animam
863 1048 1159 1121 coaptavit
1205 1048 1470 1103 divinum
1526 1047 1891 1119 spiraculum
1924 1046 2200 1118 ?Nequa-

545 1154 752 1214 quam,
786 1139 1041 1211 inquies,
1072 1137 1227 1192 absit
1256 1138 1315 1193 id
1348 1137 1583 1201 faciam,
1629 1140 1827 1208 Neque
1851 1135 2009 1190 enim
2041 1136 2201 1205 inge-

545 1231 753 1297 misco,
770 1244 840 1283 ea
857 1229 1097 1299 propter
1117 1225 1276 1296 quod
1296 1241 1413 1280 non
1441 1240 1625 1280 exuar
1653 1244 1665 1282 :
1700 1225 1802 1279 sed
1824 1224 2200 1296 quandoqui-

545 1319 684 1375 dem
708 1333 825 1372 non
849 1316 1084 1371 induar.
1108 1315 1271 1369 [ndui
1294 1330 1434 1370 vero
1456 1312 1737 1385 appellat,
1757 1312 2198 1368 immortalitate

546 1404 1026 1469 circumamiciri,
1060 1409 1115 1459 et
1145 1408 1361 1459 statum
1388 1403 1660 1474 adipisci,
1689 1404 1746 1457 in
1780 1418 1900 1473 quo
1923 1403 2000 1457 ab
2030 1401 2198 1456 initio

546 1495 930 1551 formabatur.
982 1491 1273 1556 Quocirca
1313 1491 1510 1546 statim
1562 1491 1733 1546 infert
1766 1507 1776 1545 :
1810 1510 1836 1542 «
1877 1492 1947 1545 Ut
1996 1489 2199 1545 absor-

545 1586 756 1640 beatur
784 1581 1109 1636 mortalitas
1137 1596 1170 1635 a
1200 1582 1347 1635 vita.
1379 1600 1402 1629 ι)
1439 1583 1563 1635 Non
1586 1580 1915 1649 ingemisco
1935 1583 2199 1651 propter-

545 1690 615 1730 ea
645 1671 811 1744 quod
842 1685 1060 1740 corpus
1093 1669 1251 1724 istud
1291 1683 1412 1722 non
1444 1668 1701 1739 depono,
1733 1668 1832 1721 sed
1866 1666 2029 1739 quod
2052 1682 2197 1722 non-

2313 509 2726 565 ἐπενδύσασθαι.
2773 510 2925 562 Ἔστι
2968 512 3091 585 γὰρ,
3144 508 3457 582 πλατύτερον
3506 510 3683 573 εἰπεῖν,
3745 513 3773 564 6
3812 520 3939 574 νοῦς

2310 608 2401 652 τοῦ
2454 602 2617 674 ῥητοῦ
2665 607 2916 661 τοιοῦτος’
2983 601 3293 666 Στενάζομεν
3348 596 3397 649 ἐν
3446 606 3515 668 τῷ
3567 605 3749 659 σκήνει
3791 606 3937 662 ὄντες

2312 689 2646 765 βαρούμενοι.
2700 695 2763 742 Τί
2815 685 2949 755 οὖν;
2993 683 3372 739 ἀποδύσασθαι
3410 692 3468 740 τὸ
3509 698 3663 761 σῶμα
3696 691 3859 752 θέλεις
3905 694 3933 744 ὃ

2309 785 2480 851 χεῖρες
2529 778 2754 830 ἔπλασαν
2810 784 2964 839 Θεοῦ,
3018 796 3107 827 και
3143 775 3331 847 ψυχὴν
3380 776 3519 847 αὐτῷ
3566 779 3699 830 θεῖον
3755 782 3931 852 ἐμφύ-

2313 886 2459 938 σημα
2492 871 2897 941 συνηρμόσατο;
2933 869 3098 936 Οὐχὶ,
3138 868 3288 936 φησί·
3333 870 3403 937 μὴ
3458 870 3679 937 γένοιτο*
3722 868 3783 919 ού
3818 872 3928 944 γὰρ

2311 951 2453 1007 διότι
2496 955 2589 1007 οὐκ
2640 952 2941 1027 ἀποδύομαι
2996 954 3249 1023 στενάζω,
3305 952 3435 1006 ἀλλὰ
3486 951 3628 1007 διότι
3691 956 3790 1009 οὐκ
3836 957 3929 1011 ἐπ-

2310 1040 2578 1116 ενδύομαι·
2649 1040 2923 1096 ἐπένδυσιν
3003 1042 3191 1106 καλῶν,
3246 1046 3304 1094 τὸ
3364 1046 3495 1115 μετὰ
3541 1053 3638 1106 τῆς
3723 1045 3929 1119 ἀφθαρ-

2310 1138 2430 1195 σίας
2485 1133 2663 1204 αύτῷί
2711 1131 3103 1207 περιϐαλέσθαι,
3157 1136 3248 1184 καὶ
3279 1132 3384 1184 οἷον
3441 1131 3691 1208 ἀπαρχῆς
3744 1133 3931 1189 διεπέ-

2305 1222 2507 1276 λαστοί
2562 1264 2573 1276 ,
2605 1225 2691 1273 Διό
2744 1226 2832 1273 καὶ
2886 1221 3037 1282 εὐθὺς
3085 1220 3282 1293 ἐπάγει·
3320 1241 3349 1273 ι(
3391 1220 3505 1275 Ἰνα
3550 1227 3832 1298 καταποθῇ
3869 1230 3929 1278 τό

2309 1312 2489 1369 θνητὸν
2541 1312 2639 1362 ὑπὸ
2671 1320 2760 1371 τῆς
2792 1311 2946 1371 ζωῆς.
2998 1331 3021 1361 υ
3061 1311 3135 1363 Ού
3168 1307 3312 1363 διότι
3359 1307 3446 1362 οὖν
3478 1312 3570 1363 οὐκ
3603 1311 3933 1387 ἀποτίθεμαι

2306 1404 2363 1453 τὸ
2414 1409 2586 1473 σῶμα,
2636 1401 2885 1466 στενάζω,
2934 1399 3061 1451 ἀλλὰ
3105 1397 3247 1451 διότι
3290 1400 3348 1452 ού
3403 1404 3741 1474 περιτίθεμαι
3798 1403 3931 1455 αὐτὸ

2306 1492 2437 1562 μετὰ
2497 1488 2786 1561 ἀφθαρσίας
2833 1493 2921 1541 καὶ
2974 1485 3151 1541 ἀϊδίου
3204 1489 3364 1550 ζωῆς.
3410 1490 3485 1541 Ού
3540 1496 3697 1562 μόνον
3752 1489 3818 1544 δὲ
3860 1492 3936 1543 ἐν-

2307 1581 2477 1631 τεῦθεν
2539 1575 2716 1642 δῆλον,
2775 1580 2844 1639 ὡς
2908 1580 2985 1645 τὸ,
3053 1577 3125 1649 ἐφ’
3203 1576 3262 1649 ᾧ,
3319 1578 3494 1639 αἰτίας
3546 1578 3690 1632 ἐστὶν
3780 1580 3933 1651 αύτῷ

2307 1665 2615 1725 δηλωτικόν
2670 1665 2795 1718 ἀλλὰ
2841 1672 2931 1719 καὶ
2987 1666 3038 1728 ἐξ
3093 1667 3259 1728 αὐτῆς
3311 1675 3407 1728 τῆς
3452 1672 3543 1720 τὸυ
3583 1674 3932 1743 προκειμένου

546 1762 693 1817 dum
739 1774 987 1830 corpore
1029 1757 1366 1813 circumdor
1405 1773 1496 1825 eo,
1549 1757 1713 1828 quod
1769 1756 2195 1828 incorruptioni

2319 1758 2466 1813 Ξητοῦ
2513 1753 2764 1816 διανοίας.
2824 1760 2979 1826 Λέγει
3022 1758 3153 1830 γὰρ,
3208 1758 3288 1808 ὅτι
3328 1764 3420 1808 τοῦ
3472 1755 3644 1830 Ἀδὰμ
3681 1761 3933 1831 ἡμαρτη·

546 1848 949 1920 conjungitur,
980 1851 1034 1902 et
1060 1847 1194 1900 vitae
1220 1851 1467 1901 aeternae.
1512 1846 1655 1900 Hinc
1698 1846 1819 1916 jam
1868 1845 2009 1900 satis
2058 1861 2195 1900 con-

544 1942 682 2003 stat,
724 1936 884 2001 illud,
908 1936 971 1989 in
996 1951 1125 2006 quo,
1158 1935 1437 1990 causativi
1468 1934 1720 1989 formam
1752 1934 2017 1989 obtinere
2045 1950 2059 1999 ;
2095 1934 2198 1989 sed

546 2026 816 2090 ulterius,
855 2041 885 2079 e
934 2024 1074 2079 dicti
1118 2024 1308 2095 ipsius
1365 2039 1566 2087 sensu,
1616 2027 1797 2095 patet.
1848 2024 1993 2078 Dicit
2036 2023 2199 2078 enim

546 2114 859 2187 Apostolus
895 2113 1044 2185 quod
1076 2128 1213 2167 cum
1260 2117 1530 2183 peccaret
1576 2112 1785 2177 Adam,
1841 2116 2018 2185 atque
2066 2112 2200 2167 ideo

549 2204 724 2260 morti
746 2202 1226 2273 adjudicabatur,
1252 2203 1325 2257 ab
1348 2218 1418 2257 eo
1446 2206 1845 2273 propagatum
1864 2202 2201 2258 humanum

549 2308 737 2363 genus
770 2296 1013 2345 mortem
1042 2306 1285 2362 quoque
1309 2290 1417 2344 sibi
1440 2290 1802 2360 procuravit.
1829 2294 2027 2362 Neque
2057 2290 2204 2345 illud

551 2380 916 2452 simpliciier,
945 2385 999 2434 et
1019 2378 1145 2433 sine
1181 2378 1449 2450 judiciali
1472 2379 1783 2445 sententia,
1808 2379 1912 2433 sed
1944 2398 1973 2432 ‹
2003 2380 2059 2433 in
2084 2395 2205 2451 quo

551 2484 764 2525 omnes
796 2472 1193 2538 peccaverunt
1224 2487 1235 2525 :
1273 2490 1299 2515 »
1328 2466 1440 2522 hoc
1468 2471 1575 2531 est,
1605 2467 1707 2522 sed
1740 2489 1768 2515 ‹‹
1808 2466 1971 2538 quod
2002 2483 2205 2523 omnes

2306 1851 2476 1915 κότος,
2524 1844 2634 1897 εἶτα
2687 1847 2890 1917 θανάτῳ
2946 1846 3369 1917 κατακριθέντος,
3412 1852 3501 1898 καὶ
3548 1850 3605 1898 τὸ
3657 1847 3713 1910 ἐξ
3761 1848 3933 1900 αὐτοῦ

2305 1934 2443 2007 γένος
2502 1934 2826 2006 εἰσεπράχθη
2903 1935 2989 1985 τὸν
3069 1934 3310 1987 θάνατον.
3369 1933 3502 1986 ’Δλλ⁹
3568 1935 3674 2007 οὐχ
3751 1935 3934 1991 ἁπλῶς

2310 2044 2488 2096 φησιν,
2548 2020 2671 2075 οὐδὲ
2729 2021 2923 2096 ἀκρίτῳ
2985 2021 3140 2093 λόγῳ·
3200 2021 3306 2074 ἀλλ’
3384 2042 3411 2073 (ι
3474 2024 3580 2096 Ἐφ’
3734 2026 3933 2085 πάντες

2312 2113 2560 2185 ἥμαρτον·
2614 2130 2641 2163 »
2698 2115 2987 2178 τουτέστιν,
3044 2109 3171 2163 ἀλλὰ
3232 2131 3259 2163 ι(
3312 2117 3455 2164 Διότι
3509 2115 3719 2181 πάντες,
3781 2115 3858 2175 ὡς
3905 2114 3932 2164 6

2310 2202 2705 2273 γεννησάμενος,
2752 2204 3006 2273 ἥμαρτον.
3062 2222 3090 2249 ››
3148 2202 3314 2255 Τοῦτο
3364 2204 3466 2276 γὰρ
3499 2202 3689 2263 αὐτούς
3741 2221 3936 2254 κοινω-

2313 2292 2432 2351 νούς
2460 2294 2549 2341 καὶ
2596 2296 2693 2351 τῆς
2731 2294 2985 2363 τιμωρίας
3038 2288 3280 2361 ἀπέφηνε.
3327 2295 3427 2343 Καὶ
3467 2294 3569 2366 γὰρ
3611 2293 3641 2349 ἡ
3684 2296 3937 2343 κοινωνία

2314 2388 2410 2440 τῆς
2459 2379 2690 2449 πράξεως
2750 2378 2825 2439 εἰς
2876 2382 2969 2437 τὴν
3022 2380 3290 2431 κοινωνίαν
3348 2380 3541 2441 αὐτούς
3594 2388 3694 2443 τῆς
3764 2400 3938 2433 κατα-

2321 2464 2475 2527 δίκης
2508 2467 2813 2525 συνήλασεν.

553 2560 978 2628 peccaverunt,
1010 2576 1038 2606 »
1080 2572 1203 2610 non
1236 2556 1403 2610 aliter
1441 2571 1622 2626 quam
1661 2555 1767 2627 qui
1805 2560 2037 2610 creatus
2075 2556 2202 2611 fuit.
2234 2557 2399 2612 Hanc
2430 2557 2508 2611 ob
2549 2572 2797 2611 causam
2839 2559 2893 2612 et
2950 2556 3011 2611 in
3065 2555 3361 2629 supplicio
3396 2562 3700 2615 consortes
3733 2558 3909 2623 ﬁunt,

556 2645 785 2714 Agendi
819 2646 957 2699 item
989 2645 1357 2699 consortium
1406 2644 1466 2699 in
1498 2646 1775 2699 eamdem
1825 2645 2341 2701 condemnationis
2369 2644 2716 2702 societatem
2750 2644 2987 2716 impulit
3019 2645 3176 2701 illos.

629 2750 951 2817 QU/ESTIO
989 2752 1206 2805 LXXXV
1236 2750 1411 2821 [Οοίδ.
1447 2750 1626 2815 CCLI,
1664 2752 1845 2807 Taur.
1881 2750 2144 2824 CCXLll].

561 2857 714 2927 Quid
742 2857 1030 2928 signiﬁcat
1051 2858 1261 2927 iugum
1290 2872 1410 2911 non
1436 2856 1648 2913 ducere
1674 2872 1804 2913 cum
1827 2857 2168 2926 inﬁdelibus
2187 2862 2214 2913 ?

2890 2759 3203 2807 ΕΡΩΤΗΣΙΣ
3235 2754 3357 2809 ΠΕ’.

2536 2864 2598 2912 Τί
2631 2864 2874 2932 σημαίνει
2901 2863 2958 2911 τό
2986 2864 3057 2932 μὴ
3085 2859 3403 2934 ἐτεροζυγεῖν
3435 2860 3714 2927 ἁπίστοις;

1156 2962 1355 3011 Editaa
1383 2963 1727 3018 Montacutio,
1761 2977 1842 3026 ep.
1877 2964 1983 3020 155,
2013 2964 2079 3011 ad
2107 2963 2210 3011 ,Ιοαι

2328 2969 2469 3028 patr.
2506 2978 2558 3026 p.
2585 2965 2694 3021 209,
2721 2966 2836 3018 210.
2874 2965 2931 3013 In
2954 2965 2997 3012 II
3024 2965 3139 3013 Cor.
3168 2979 3234 3021 γι,
3267 2966 3349 3014 14.

630 3061 795 3127 Quod
831 3060 1162 3129 interrogas
1201 3059 1347 3132 quid
1384 3059 1536 3123 velit,
1569 3078 1597 3109 «
1640 3064 1718 3115 Ne
1753 3060 1967 3131 jugum
2008 3061 2211 3116 ducito
2244 3061 2284 3115 C

561 3167 700 3207 cum
738 3148 1079 3205 inﬁdelibus
1112 3151 1182 3202 9°.
1220 3170 1246 3198 »
1281 3149 1575 3219 duplicem
1612 3150 1885 3214 admittit,
1928 3150 2011 3204 uti
2056 3167 2209 3216 reor,

563 3240 956 3295 sensum.Aut
972 3238 1134 3309 quod
1149 3253 1264 3293 non
1283 3243 1555 3310 oporteat
1570 3239 1644 3293 ad
1662 3238 1931 3293 infideles
1952 3255 2213 3311 propen-

562 3329 718 3393 dere,
748 3328 829 3382 ita
855 3333 911 3381 ut
941 3327 1017 3382 ad
1045 3326 1279 3381 illorum
1305 3326 1538 3382 fabulas
1570 3327 1770 3398 potius
1801 3327 2210 3391 attendamus,

563 3433 748 3489 quam
773 3415 1036 3470 fidelium
1070 3416 1438 3482 doctrinam;
1472 3422 1574 3471 aut
1602 3416 1767 3487 quod
1798 3432 1917 3471 non
1949 3422 2216 3488 oporteat

565 3523 672 3561 vos
710 3505 874 3578 quasi
914 3502 1304 3559 familiaribus
1338 3512 1393 3559 et
1432 3504 1741 3560 sodalibus
1785 3505 2047 3576 copulari
2077 3522 2211 3560 cum

564 3595 925 3661 inﬁdelibus,
961 3601 1017 3649 et
1043 3594 1318 3649 eumdem
1350 3593 1583 3649 sulcum
1616 3609 1827 3649 serere.
1852 3594 1969 3649 Hoc
1991 3599 2046 3651 et
2067 3595 2216 3650 anti-

563 3700 686 3755 qua
726 3684 1004 3755 praecepit
1052 3683 1164 3737 lex.
1200 3702 1228 3734 «
1267 3686 1610 3737 Jumentum
1659 3689 1825 3737 tuum
1874 3699 1993 3737 non
2036 3684 2215 3739 facies

566 3773 723 3828 coire
743 3789 877 3827 cum
905 3771 1144 3827 alterius
1170 3771 1402 3839 generis
1422 3770 1786 3825 animalibus
1807 3790 1859 3826 :»
1895 3778 2015 3841 aut,
2033 3791 2062 3824 ‹
2088 3773 2216 3827 Non

568 3861 1107 3931 admittesjumenta
1122 3866 1217 3914 tua
1230 3860 1649 3929 alienigena".
1665 3881 1684 3907 ι
1707 3858 1984 3930 Ρτωοερὶι
1998 3860 2054 3914 in
2070 3860 2214 3926 istis,

566 3957 632 4005 ut
677 3966 785 4004 nec
825 3950 903 4004 ad
934 3949 1200 4004 sobolem
1242 3948 1703 4020 procreandam,
1746 3954 1847 4003 aut
1876 3949 2035 4004 aliud
2067 3966 2218 4021 opus

564 4038 1024 4105 instituendum,
1040 4038 1445 4107 heterogeneis
1459 4036 2097 4109 animalibusjumenta
2112 4055 2220 4094 sua

567 4127 846 4197 subjiciat
879 4142 891 4181 :
925 4127 1037 4181 hoc
1064 4125 1225 4180 enim
1260 4126 1393 4179 usui
1426 4141 1545 4180 non
1578 4125 1820 4197 expedit
1852 4142 1865 4191 ;
1910 4125 2051 4181 illud
2083 4142 2220 4181 con-

566 4222 655 4273 tra
680 4217 836 4286 leges
862 4215 1162 4271 naturales
1208 4216 1310 4270 ﬁt:
1348 4214 1545 4287 potius
1596 4231 1698 4285 per
1742 4214 2098 4271 mandatum
2145 4215 2219 4271 de

566 4304 1008 4362 irrationalibus
1039 4304 1316 4369 insinuat,
1366 4303 1530 4375 quod
1562 4304 1789 4359 ratione
1838 4305 2066 4376 prmditi
2116 4305 2223 4361 ho-

564 4392 758 4447 minos
789 4392 1267 4447 commuuionem
1302 4391 1540 4447 illorum
1575 4391 1761 4447 vitare
1804 4392 2084 4457 debeant,
2115 4397 2210 4466 qui

2330 4398 2650 4466 νομοθεσίας,

566 4480 740 4537 alieni
772 4486 825 4535 et
856 4480 1199 4553 alienigenae
1246 4486 1386 4536 sunt
1434 4497 1469 4537 a
1506 4481 1662 4545 ﬁde;
1697 4496 1818 4536 non
1869 4483 2219 4540 contrahere

566 4587 702 4626 cum
731 4572 813 4626 eis
833 4572 1303 4635 matrimonium,
1323 4571 1549 4626 nedum
1571 4572 1627 4626 in
1663 4571 1918 4641 negotiis
1946 4573 2222 4643 spiritua-

562 4661 718 4717 libus
751 4676 1056 4717 assumere
1079 4660 1208 4717 illos
1222 4660 1623 4733 cooperarios.
1656 4663 1900 4717 Corrum
1907 4667 2002 4733 pet
2020 4661 2218 4733 potius

563 4752 665 4823 qui
702 4750 835 4806 talis
877 4754 965 4806 est
991 4767 1140 4817 mos,
1183 4766 1367 4822 quam
1408 4749 1733 4819 adaugebit
1761 4755 1893 4804 tuos
1932 4750 2167 4805 labores
2202 4768 2215 4816 ;

566 4844 623 4894 et
653 4840 1043 4910 quamobrem
1073 4855 1315 4893 necesse
1346 4843 1449 4901 est,
1486 4842 1548 4893 ut
1587 4838 1819 4909 pietatis
1852 4843 1967 4894 tute
2001 4839 2218 4895 nobili-

569 4933 747 4983 tatem
766 4927 961 4983 nothis
984 4926 1461 5000 generationibus
1479 4928 1869 4982 commisceas
1894 4927 1921 4981 ?
1953 4929 2063 4984 Sed
2080 4945 2217 5005 cum

569 5032 783 5071 sensus
809 5016 992 5086 hujus
1023 5017 1177 5082 dicti,
1214 5022 1273 5072 ut
1298 5016 1635 5080 aiebamus,
1678 5016 1899 5089 duplex
1931 5017 2021 5084 sit,
2054 5033 2217 5073 eum-

567 5106 705 5161 dem
755 5107 1208 5178 progerminant
1256 5106 1518 5161 utilitatis
1574 5105 1853 5161 fructum.
1910 5108 2218 5163 Sententia:

568 5210 747 5268 porro
772 5211 906 5268 quae
925 5201 1011 5251 est
1037 5196 1371 5262 diversitas,
1391 5196 1696 5267 scripturae
1723 5211 1960 5268 quoque
1984 5194 2219 5265 ﬂagita-

641 5318 689 5354 ⁹⁶
714 5319 759 5374 ΙΙ
782 5318 915 5375 Cor.
944 5334 1020 5384 v1,
1060 5321 1143 5374 14.
1169 5320 1213 5354 ⁰⁷
1243 5320 1426 5376 Levit.
1455 5335 1573 5385 xxx,
1604 5321 1694 5376 19.

2395 3066 2554 3124 Ὅπερ
2616 3064 2897 3132 ἠρώτησας
2953 3068 3004 3115 τί
3058 3062 3221 3127 ἐστιν,
3279 3083 3307 3116 ι(
3366 3068 3450 3122 Μὴ
3516 3063 3942 3135 ἑτεροζυγοῦντες

2324 3150 2583 3211 ἁπιστοις,
2640 3172 2668 3203 ))
2707 3147 2909 3218 διττὴν,
2951 3149 3115 3222 οἶμαι,
3169 3157 3260 3209 τὴν
3318 3155 3510 3205 ἔννοιαν
3542 3156 3683 3224 ἔχει.
3725 3152 3813 3219 Ἠ,
3863 3156 3941 3207 ὅτι

2324 3239 2381 3290 ού
2414 3236 2497 3290 δεῖ
2524 3239 2659 3311 ὑμᾶς
2688 3245 2717 3287 k
2743 3239 3079 3314 ἑτερορῥεπῶς
3125 3240 3267 3311 ἒχειν
3312 3244 3441 3313 πρὸς
3481 3245 3604 3302 τούς
3656 3240 3935 3307 ἀπίστους,

2323 3328 2569 3379 κάκείνων
2636 3329 2823 3401 μᾶλλον
2883 3337 2992 3391 τοῖς
3044 3332 3231 3401 μύθοις
3301 3334 3605 3404 προσέχειν,
3662 3334 3796 3405 ἤπερ
3873 3341 3934 3404 τῇ

2325 3426 2422 3468 τῶν
2477 3426 2674 3468 πιστῶν
2708 3414 3063 3490 διδασκαλίου
3121 3422 3150 3476 ἦ
3211 3418 3292 3470 ὃτι
3337 3418 3394 3470 ού
3451 3415 3532 3471 δεῖ
3586 3420 3765 3491 ὑμεῖςι
3818 3462 3832 3484 ,
3880 3424 3943 3482 ὡς

2325 3505 2535 3567 οἰκείοις
2578 3511 2667 3557 καὶ
2719 3506 2909 3577 ἑτέροις
2943 3520 2983 3549 m
3018 3509 3232 3568 ἑαυτούς
3286 3514 3390 3567 τοῖς
3439 3506 3685 3569 ἀπίστοις
3739 3509 3937 3570 συζευ-

2323 3596 2521 3665 γνύναι,
2574 3598 2663 3645 καὶ
2716 3599 2802 3652 τὴν
2856 3594 3019 3652 αὐτὴν
3062 3603 3158 3657 τῆς
3208 3595 3447 3657 ἀσεϐείας
3487 3595 3687 3648 αὔλακα
3717 3602 3937 3669 τέμνειν.

2324 3689 2488 3734 Τούτο
2548 3679 2605 3734 δὲ
2661 3688 2751 3734 καὶ
2806 3684 2830 3734 ὁ
2886 3684 3103 3743 παλαιὸς
3155 3683 3499 3745 ἀποθεσπίςει
3544 3689 3716 3757 νόμος,
3774 3706 3803 3736 (ι
3866 3686 3939 3739 Οὔ

2327 3775 2666 3842 κατοχεύσεις
2712 3774 2777 3823 τὰ
2814 3777 2977 3830 κτὴνη
3041 3792 3157 3839 σου,
3212 3774 3395 3844 λέγων,
3449 3773 3760 3847 ἐτιροζύγῳ*
3808 3796 3837 3825 )›
3882 3777 3938 3841 ἡ,

2329 3882 2357 3910 ‹‹
2402 3860 2522 3931 Οὐχ
2577 3860 2852 3922 ύποϐαλεῖς
2898 3864 2964 3912 τὰ
2994 3866 3152 3920 κτήνη
3186 3881 3280 3913 σου
3330 3860 3655 3934 ἀνομοφύλῳ.
3691 3885 3719 3912 ι»
3771 3870 3939 3936 Προσ-

2328 3952 2499 4001 τάττει
2542 3952 2631 4021 μὲν
2678 3952 2779 4023 γὰρ
2829 3946 2922 4002 διὰ
2964 3953 3182 4011 τούτων,
3232 3955 3365 4022 μήτε
3417 3952 3489 4013 εἰς
3530 3956 3754 4023 γένεσιν,
3812 3958 3939 4024 μήτε

2330 4037 2401 4099 εἰς
2431 4038 2587 4095 ἄλλην
2622 4041 2738 4089 τινὰ
2783 4042 3047 4111 ἐργασίαν,
3106 4036 3213 4092 δεῖν
3262 4047 3369 4100 τοῖς
3422 4040 3741 4114 ἑτερογενέσι
3782 4042 3935 4105 ζώοις

2327 4130 2392 4179 τὰ
2421 4127 2586 4179 οἰκεῖα
2633 4132 2794 4185 κτήνη
2848 4130 3142 4180 συνάπτειν·
3175 4132 3232 4181 τὸ
3413 4132 3512 4202 γὰρ
3554 4126 3905 4204 δύσχρηστον

2333 4220 2387 4268 τὸ
2454 4213 2513 4268 δὲ
2567 4220 2687 4277 τούς
2734 4219 2956 4288 θεσμούς
3014 4216 3152 4270 ἐστιν
3207 4216 3504 4290 ἀνατρέπειν
3566 4227 3657 4279 τῆς
3716 4223 3934 4291 φύσεως,

2334 4312 2688 4379 παρεγγυάται
2752 4303 2809 4358 δὲ
2867 4305 3079 4377 μᾶλλον,
3155 4303 3249 4359 διὰ
3304 4315 3395 4368 τῆς
3454 4306 3538 4359 ἐπὶ
3584 4317 3682 4360 τῶν
3742 4308 3937 4381 ἀλόγων

2734 4398 2802 4456 ὡς
2859 4400 3011 4448 παντὶ
3090 4399 3263 4470 τρόπῳ
3314 4401 3571 4470 προσήκει
3627 4400 3749 4458 τοὺς
3804 4397 3935 4469 λογιο

2332 4488 2471 4550 χούς,
2538 4486 2741 4555 φεύγειν
2822 4488 2910 4541 τὴν
2977 4486 3100 4558 πρὸς
3176 4489 3298 4547 τοὺς
3355 4488 3491 4537 κατὰ
3542 4490 3722 4538 πίστιν
3780 4487 3936 4562 ἑτερο-

2332 4574 2520 4646 φύλους
2601 4578 2887 4625 κοινωνίαν
2948 4579 3038 4626 καὶ
3108 4579 3240 4646 μήτε
3297 4573 3370 4636 εἰς
3422 4579 3654 4646 γαμικὴν
3735 4576 3935 4648 ὁμιλίαν

2330 4663 2503 4723 αὐτοῖς
2565 4666 2812 4727 συνιέναι,
2889 4667 3021 4733 μήτε
3082 4667 3378 4734 συνεργούς,
3447 4663 3520 4723 εἰς
3580 4670 3935 4736 πνευματικὴν

2330 4751 2575 4825 ἐργασίαν
2624 4750 3063 4822 παραλαμϐάνειν.
3145 4754 3416 4826 Διαφθερεῖ
3466 4755 3568 4824 γὰρ
3625 4754 3651 4804 6
3709 4762 3936 4816 τοιοῦτος

2329 4846 2417 4892 καὶ
2471 4844 2557 4892 τὸν
2611 4843 2698 4891 σὸν
2750 4845 2900 4891 πόνον
2946 4841 3154 4912 μᾶλλον,
3216 4840 3323 4892 ἀλλ’
3357 4842 3416 4893 οὗ
3450 4842 3711 4904 συναύξει.
3769 4850 3835 4895 Τί
3882 4842 3936 4897 δὲ

2331 4927 2411 4982 δεῖ
2468 4935 2557 4982 καὶ
2600 4932 2657 4980 τὸ
2707 4929 2900 4999 εὐγενὲς
2945 4938 3034 4990 τῆς
3083 4938 3177 4990 σῆς
3221 4930 3479 4991 εὐσεϐείας
3536 4932 3706 4993 νόθοις
3762 4938 3932 5002 γένεσι

2332 5020 2827 5091 συναναφύρεσθαι;
2872 5018 3005 5069 Ἀλλ’
3076 5020 3102 5070 6
3160 5021 3250 5092 μεν
3298 5027 3437 5087 νοῦς,
3497 5019 3671 5094 ὥσπερ
3724 5022 3931 5093 ἔφημεν,

2328 5116 2416 5159 τοῦ
2464 5109 2647 5182 ῥητοῦ,
2702 5104 2869 5168 διττὸς
2926 5111 3015 5171 ὢν,
3068 5111 3153 5160 τόν
3210 5108 3367 5161 αὐτὸν
3405 5116 3500 5171 τῆς
3540 5108 3788 5181 ὠφελείας
3819 5130 3937 5184 καρ·

2328 5200 2422 5248 πὸν
2474 5196 2830 5251 ἐκϐλαστάνει.
2891 5199 2960 5249 Τὸ
3016 5199 3109 5269 μὲν
3160 5217 3240 5250 τοι
3273 5195 3525 5272 διάφορον
3577 5205 3674 5261 τῆς
3717 5198 3931 5261 ἐννοίας,

1918 5446 2149 5502 VARle
2182 5444 2583 5502 LECTIONES.

640 5570 667 5612 h
698 5566 1049 5625 ἐκδύσασθαι.
1148 5568 1161 5610 ί
1206 5570 1262 5625 C.
1297 5572 1369 5627 M.
1405 5568 1555 5626 αύτό.
1650 5568 1670 5624 5
1719 5566 2090 5625 διεπέπλαστο.

2196 5570 2226 5612 κ
2255 5570 2413 5645 ἡμᾶς.
2448 5572 2509 5629 C.
2543 5570 2617 5627 M.
2646 5570 2801 5645 ὖμας.

3219 5581 3263 5612 ω
3316 5569 3555 5647 ἑταίροις.

2894 5569 2909 5613 ¹
2960 5571 3118 5644 ἡμᾶςο
