4136 6198
251 299 364 356 557

1101 301 1198 355 AD
1237 299 1787 358 AMPHILOCHIUM
1829 297 2152 366 QUAESTIO
2191 297 2764 357 LXXXV—LXXXVII.

3515 299 3620 356 558

255 421 508 498 διάφορον
539 421 782 484 δηλονότι
829 430 918 480 καὶ
967 429 1062 486 τὴν
1090 431 1290 500 γραφὴν
1329 427 1614 486 ἀπαιτήσει
1644 446 1660 462 ·
1711 428 1740 484 ἡ
1769 427 1859 498 μὲν

1969 423 2074 482 bat
2094 423 2490 482 differentiam
2513 441 2526 492 ;
2550 423 2708 497 prior
2719 420 2879 479 enim
2896 417 3192 495 syllabam
3206 421 3414 495 primae
3426 423 3626 496 praxis,

248 518 351 590 γὰρ
418 519 666 590 προτέρα,
729 513 992 588 βραχεῖαν
1049 522 1142 575 τὴν
1210 521 1342 590 μετὰ
1411 521 1506 576 τὴν
1577 519 1860 590 ἄρχουσαν

252 603 536 662 συλλαϐήν·
593 606 624 662 ἡ
683 601 742 657 δὲ
799 601 1034 680 δευτέρα,
1091 611 1450 680 μηκυνομένην
1509 605 1578 668 εἰς
1635 607 1860 677 φθόγγον

249 693 350 756 ἔξει
377 705 406 734 η
435 735 448 748 .
475 697 540 746 Σὺ
569 690 629 747 δέ
657 713 746 766 μοι
777 693 825 746 ἐν
859 699 1032 768 Κυρίῳ
1063 695 1280 770 ἓρῥωσο.

823 809 1136 856 ΕΡΩΤΗΣΙΣ
1167 795 1296 868 [ις.

1973 529 2134 570 mam
2160 513 2403 570 brexem
2429 513 2630 578 habet,
2663 511 2926 568 secunda
2952 516 3155 568 autem
3187 527 3336 569 sono
3373 512 3620 586 longam

1967 603 2260 676 producit.
2285 606 2368 660 Tu
2399 607 2600 660 autem
2625 603 2686 660 in
2715 602 2968 658 Domino
2997 601 3143 658 vale.

1969 799 2282 865 QUESTIO
2325 801 2586 856 LXXXVI
2619 799 2820 873 [ϐοίςι.
2867 801 3066 866 CCLII,
3115 801 3295 856 Taur.
3341 799 3616 875 CCXLII].

499 909 654 959 Edita
681 923 714 959 δ,
743 910 1084 967 Montacutio,
1109 926 1196 976 ep.
1229 913 1338 967 156,
1369 911 1436 960 ad
1464 909 1740 972 Georgium
1763 907 1858 958 Nic

1951 921 1984 954 φ.
2007 908 2118 967 210,
2145 909 2252 955 211.
2285 907 2356 957 De
2392 923 2520 958 voce
2550 907 2994 981 ἐγκομϐώσασθαι
3019 907 3038 956 I
3073 907 3210 956 Petri
3239 923 3289 964 ν,
3321 908 3366 958 5.

323 1017 598 1087 Θαυμάζω
642 1017 892 1090 μάλιστα,
944 1018 987 1070 εἰ
1033 1023 1122 1070 καί
1174 1038 1256 1070 σοι
1299 1018 1854 1091 γραμματικευομένῳ,

242 1112 338 1158 καὶ
363 1115 476 1170 ταῖς
504 1115 605 1160 τῶν
636 1116 862 1166 ποιητῶν
899 1107 1272 1180 λεσχηνεύοντι
1297 1108 1552 1180 μελέταις,
1583 1111 1642 1159 τὸ
1670 1106 1854 1178 ἐγκομ-

242 1193 528 1248 ϐώσασθαι
559 1195 832 1271 βαρϐάρου
877 1206 1061 1270 φωνῆς,
1095 1197 1205 1249 ἀλλ’
1237 1197 1342 1268 ούχ
1389 1197 1659 1255 Ἐλληνικὴ
1700 1197 1848 1266 λέξις,

239 1281 439 1348 ἔδοξεν.
490 1285 550 1338 Ὀ
601 1288 821 1359 μὲνγὰρ
871 1289 1122 1360 μακάριος
1170 1292 1259 1338 καὶ
1298 1294 1578 1360 κορυφαῖος
1636 1290 1847 1360 Πέτρος,

237 1371 398 1426 οὐδὲν
455 1379 573 1449 περὶ
629 1379 722 1433 τὴν
770 1374 984 1446 ἐκλογὴν
1053 1384 1150 1427 τῶν
1217 1375 1518 1434 Ἑλληνικῶν
1587 1375 1849 1446 ὀνοματων

240 1459 588 1528 σπουδάζων,
637 1466 831 1521 ταύτην
884 1471 1006 1528 τοῖς·
1043 1467 1227 1517 ἑαυτοῦ
1278 1465 1558 1537 παρείληφε
1605 1465 1850 1538 γράμμα-

239 1571 350 1604 σιν.
401 1552 476 1604 Ού
527 1555 628 1627 γὰρ
690 1553 811 1624 ἠχώ
859 1573 972 1606 τινα
1025 1557 1115 1605 καὶ
1169 1557 1360 1625 τέχνην
1406 1554 1672 1628 ῥημάτων,
1724 1547 1848 1603 οὐδὲ

235 1638 482 1704 λεξιδίων
533 1641 720 1714 ψόφον,
777 1647 866 1694 καὶ
918 1645 1110 1694 κτύπον
1166 1644 1432 1718 ῥημάτων,
1488 1638 1562 1694 δι’
1609 1641 1676 1692 ὧν
1715 1660 1848 1702 τινες

235 1733 310 1783 τὰ
339 1741 438 1783 τῶν
468 1737 750 1806 μειρακίων
801 1731 1316 1805 ύπογαργαλίςουσιν
1355 1729 1482 1796 ὦτα,
1533 1734 1616 1782 καὶ
1663 1731 1846 1802 κρότον

237 1819 446 1882 ἑαυτοῖς
522 1819 811 1894 ἐγείρουσιν
881 1819 1090 1890 ἐκεῖθεν,
1150 1819 1274 1872 ἀλλὰ
1333 1821 1524 1892 ψυχῶν
1581 1824 1846 1892 σωτηρίαν

237 1917 348 1970 τοῖς
376 1909 659 1983 ἀκροαταῖς
702 1909 918 1962 ἐνθεῖναι
966 1907 1192 1984 φορτίδα
1229 1911 1280 1951 η’
1320 1909 1532 1963 ἐτίθετο.
1568 1913 1624 1961 Σὲ
1667 1905 1716 1960 δ’
1758 1904 1844 1960 οὖν

237 1999 580 2072 Ἐπιχάρμου
654 1999 906 2071 μάλιστα,
977 2004 1068 2052 καὶ
1135 1996 1528 2072 Ἀπολλοδώρου
1595 2005 1688 2051 τοῦ
1742 2004 1846 2051 Κα-

231 2093 480 2164 ρυστίου,
541 2097 638 2140 τῶν
717 2097 842 2154 σῶν,
910 2094 1245 2162 μεμνημένον,
1309 2089 1475 2164 ἐχρῆν
1537 2089 1846 2160 περιπτύσε-

237 2179 370 2230 σθαι
407 2176 618 2249 μᾶλλον,
657 2177 688 2238 ἣ
741 2175 1128 2253 δυσχεραίνειν,
1186 2185 1246 2250 τῇ
1294 2177 1442 2240 λέξει.
1498 2176 1555 2228 Ὀ
1595 2180 1684 2248 μὲν
1740 2179 1841 2250 γὰρ

231 2266 530 2339 πολλαχοῦ,
562 2272 650 2319 καὶ
698 2270 832 2318 κατά
863 2265 1148 2342 διαφορους
1191 2266 1448 2340 ἐγκλίσεις
1491 2265 1843 2338 σχηματίζων

231 2359 332 2414 τὴν
401 2355 554 2420 λέξιν,
623 2359 892 2431 ἐχρήσατο
961 2359 1148 2428 ταύτῃ,
1219 2354 1637 2427 Ἐγκεκὸμϐωται
1715 2357 1838 2427 γὰρ,

233 2450 390 2517 φησὶ,
433 2451 523 2497 καὶ
581 2445 968 2520 ἀπερεμφάτως,
1004 2445 1460 2517 ἐγκομϐώσασθαι.
1507 2443 1567 2496 Ὀ
1621 2441 1680 2496 δέ
1739 2450 1839 2496 Κα-

229 2537 470 2610 ρύστιος,
551 2533 598 2586 ἐν
687 2533 1066 2606 Ἀπολειπούσῃ
1157 2551 1168 2564 ⁶
1265 2534 1510 2608 (εἰρήσθω
1588 2535 1688 2607 γὰρ
1771 2532 1842 2592 εἰς

230 2627 328 2681 τὴν
373 2628 470 2680 σὴν
516 2625 678 2696 χάριν
729 2628 818 2690 καὶ
849 2625 876 2681 ἡ
911 2631 1112 2698 χρῆσις
1235 2627 1328 2681 τὴν
1387 2623 1634 2694 ἑπωμίαν,
1687 2626 1838 2694 φησὶ,

229 2713 482 2775 πτύξασα
535 2710 746 2778 διπλῆν,
803 2715 992 2766 ἄνωθεν
1033 2711 1484 2784 ἐνεκομϐωσοὶμην.
1520 2712 1626 2773 Οὓς
1674 2711 1839 2784 ἐχρῆν

231 2799 682 2874 ἀναλαμϐάνοντα,
715 2807 786 2874 μὴ
831 2801 1264 2876 βαρϐαροφωνίας
1315 2805 1402 2853 τὸν
1451 2808 1546 2862 τῆς
1595 2800 1839 2862 ἀληθείας

228 2898 444 2966 κήρυκα
503 2891 775 2944 αἰτιᾶσθαι
833 2909 846 2922 ⁸
907 2894 1326 2963 ύπερθαυμάζεῐν
1384 2888 1442 2942 δὲ
1491 2890 1700 2962 μᾶλλον,
1760 2893 1837 2943 ὅτι

227 2985 322 3033 καὶ
374 2988 468 3040 τῆς
517 2983 763 3044 τοιαύτης
832 2978 1093 3042 σπουδῆς,
1154 2983 1218 3042 ὡς
1280 2977 1504 3041 παιδιᾶς
1552 2981 1834 3052 ὑπερορῶν

227 3071 372 3141 ὅμως
437 3071 569 3121 κατὰ
639 3073 756 3130 τούς
823 3077 921 3122 τῶν
985 3069 1286 3126 Ἑλληνικῶν
1340 3072 1518 3142 κριτὰς
1576 3067 1836 3140 ὀνομάτων
1872 3109 1912 3165 C

227 3161 373 3211 ἔστιν
405 3158 484 3224 οὖ,
522 3161 613 3220 τὰς
659 3159 842 3212 ἑαυτοῦ
898 3157 1168 3218 ἐπιστολὰς
1208 3153 1473 3220 ὲξεδίὸου’
1539 3153 1727 3218 διδοὺς
1779 3157 1834 3209 ἐκ

227 3257 332 3300 τῶν
389 3250 635 3301 τοιούτων
684 3247 884 3314 ἐννοεῖν,
935 3251 1000 3308 ὡς
1047 3251 1185 3322 εἰπερ
1239 3246 1436 3320 ἔμελλεν
1489 3246 1630 3317 αύτῷ
1676 3247 1832 3309 λεξει-

227 3333 358 3388 δίων
399 3333 536 3408 ἦχος
583 3341 674 3388 καὶ
731 3337 926 3410 τέρψις,
979 3333 1164 3412 ῥᾴδιον
1217 3333 1276 3394 ἦν
1325 3335 1464 3407 αύτῷ
1493 3334 1588 3387 κάν
1631 3338 1832 3398 τούτοις

225 3426 728 3499 ύπερθαυμάζεσθαι
761 3442 774 3454 ⁸
816 3431 904 3478 καὶ
944 3430 1046 3498 εἴγε
1095 3425 1285 3498 ψυχῶν
1337 3445 1486 3478 τινων
1547 3430 1829 3498 σωτηρίαν,

225 3514 284 3567 ἐκ
327 3525 424 3576 τῆς
477 3519 720 3576 τοιαύτης
783 3513 1022 3576 σπουδῆς
1074 3522 1360 3590 προϊοῦσαν
1419 3520 1666 3588 συνεώρα,
1705 3511 1832 3588 ἴδῃς

224 3603 288 3656 ἂν
341 3605 502 3657 αὑτοῦ
556 3609 674 3667 τοὺς
741 3605 945 3676 λόγους,
1001 3612 1072 3674 τῷ
1125 3604 1330 3676 ἐμφύτῳ
1383 3603 1576 3667 κάλλει,
1625 3603 1686 3656 οὗ
1741 3609 1830 3656 καὶ

221 3700 314 3745 νῦν
370 3698 612 3767 μέτοχοι,
671 3702 917 3748 τοσοῦτον
971 3701 1069 3744 τῶν
1137 3693 1474 3745 Πλατωνικῶν
1537 3695 1830 3764 γοητευμοί-

225 3803 348 3848 των,
383 3789 472 3836 καὶ
521 3793 616 3846 τῆς
664 3785 1048 3856 Δημοσθενικῆς
1093 3781 1363 3854 κομψείας,
1415 3787 1504 3834 καὶ
1550 3791 1641 3844 τῆς
1696 3790 1830 3835 Θον-

215 3869 451 3924 κυδίδου
517 3873 1068 3948 μεγαλορρημοσύνης,
1146 3875 1361 3942 ἔχοντας
1434 3873 1492 3923 τὸ
1549 3872 1825 3945 ὑπερέχον,

215 3963 344 4014 ὅσον
373 3970 476 4014 τῶν
534 3963 582 4014 Ἀ
599 3971 792 4014 σιακῶν
838 3958 988 4031 (οὐδὲ
1039 3963 1139 4032 γὰρ
1172 3961 1231 4012 ἂν
1273 3957 1442 4022 ἡδέως
1486 3962 1683 4031 εἴποιμι
1728 3969 1824 4012 τῶν

213 4050 525 4111 κακοζήλων
565 4047 660 4104 διὰ
703 4051 814 4121 σε],’
848 4053 1066 4112 τούτους
1111 4055 1267 4122 γασὶν
1311 4051 1668 4123 ὑπερκεῖσθαι.
1724 4054 1823 4101 Καὶ

216 4137 382 4200 δῆλον
412 4139 656 4194 ἐντεῦθεν.
705 4141 766 4192 Ὀ
813 4143 914 4214 γὰρ
954 4143 1020 4192 τὰ
1049 4139 1218 4209 πολλῷ
1270 4139 1486 4210 μείζονα
1530 4143 1618 4190 καὶ
1671 4139 1824 4210 ὑπερ-

217 4249 324 4304 φυη
377 4228 566 4300 λαϐὼν,
619 4229 702 4282 ἐπὶ
766 4235 1003 4303 σωτηρίᾳ
1041 4237 1138 4281 τῶν
1189 4227 1492 4300 ἀνθρώπων,
1547 4227 1590 4280 εἰ
1639 4224 1822 4300 κέρδος

213 4339 270 4372 τι
319 4327 552 4372 τοιοῦτον
583 4318 758 4392 ἐφύετο
811 4319 1018 4384 ἐκεῖθεν,
1079 4318 1171 4370 οὒκ
1211 4317 1270 4369 ἂν
1320 4313 1444 4370 οὐδὲ
1495 4325 1586 4378 τῆς
1637 4336 1820 4391 μειρα-

211 4405 450 4471 κιώδους
503 4411 696 4470 ταύτης
752 4411 888 4480 ἔχων
940 4411 998 4460 τὸ
1053 4409 1206 4466 ἧττον
1261 4405 1416 4480 ἐφάνη
1481 4407 1817 4480 φιλοτιμίας’

215 4498 350 4552 ἀλλὰ
395 4500 490 4550 κοίν
521 4501 742 4562 τούτοις,
773 4501 832 4550 τὸ
859 4500 992 4550 κατὰ
1021 4499 1225 4550 πάντων
1255 4499 1465 4570 κράτος,
1509 4501 1598 4548 καὶ
1649 4501 1820 4570 χωρὶς

216 4587 436 4660 ἀγῶνος,
463 4583 686 4661 ἐδείχθη
717 4585 778 4639 ἂν
813 4583 1263 4658 ἁναδεδειγμένος.

779 4717 1093 4766 ΕΡΩΤΗΣΙΣ
1127 4709 1248 4763 ΠΖ’.

2035 1013 2208 1070 Miror
2222 1028 2385 1083 sane,
2411 1031 2548 1070 cum
2573 1013 3089 1086 grammaticaster
3107 1014 3206 1084 sis,
3234 1017 3286 1068 et
3304 1017 3616 1085 poetarum

1965 1102 2162 1158 studio
2213 1119 2409 1172 vaces,
2465 1103 2570 1159 tibi
2623 1102 2819 1176 ἐγκομϐ
2876 1104 3118 1154 ώσασθαι
3165 1101 3349 1158 videri
3405 1118 3616 1158 vocem

1961 1190 2302 1256 barbaram,
2331 1195 2388 1247 et
2427 1207 2548 1247 non
2590 1195 2872 1248 Graecam.
2932 1193 3140 1246 Beatus
3199 1190 3292 1246 ille
3349 1195 3405 1246 et
3447 1207 3617 1262 cory-

1961 1281 2172 1352 phaeus
2224 1281 2451 1349 Petrus,
2506 1282 2610 1353 qui
2658 1279 2884 1336 nullum
2927 1280 2988 1334 in
3022 1280 3354 1335 Graecarum
3393 1296 3612 1336 vocum

1960 1368 2242 1425 electione
2271 1371 2470 1442 posuit
2525 1369 2812 1434 studium,
2853 1368 3012 1424 hanc
3043 1385 3165 1423 suae
3195 1367 3440 1423 inseruit
3493 1368 3618 1440 epi-

1961 1457 2147 1512 stolae.
2182 1461 2306 1512 Non
2334 1457 2429 1512 ille
2459 1458 2625 1528 echo,
2654 1461 2756 1513 aut
2786 1457 3101 1513 artiﬁcium
3132 1457 3476 1524 verborum,
3503 1472 3614 1513 nec

1959 1545 2330 1618 syllabarum
2359 1563 2598 1613 sonum,
2629 1551 2731 1602 aut
2754 1547 3039 1612 sonitum,
3069 1546 3230 1601 unde
3252 1546 3494 1618 quidam
3516 1547 3613 1618 ju-

1959 1636 2211 1689 ventutis
2250 1635 2664 1690 lenocinantur
2689 1634 2954 1700 auribus,
2987 1638 3043 1689 et
3092 1633 3454 1706 applausum
3498 1633 3612 1689 sibi

1957 1724 2273 1790 concitant,
2307 1723 2408 1778 sed
2443 1723 2693 1778 salutem
2735 1723 3077 1778 animarum
3118 1722 3492 1778 auditoribus
3519 1722 3614 1777 in-

1957 1827 2148 1868 serere
2200 1829 2396 1868 curam
2427 1813 2650 1868 habuit.
2682 1815 2757 1867 Te
2804 1815 3006 1867 autem
3051 1811 3249 1867 decuit
3287 1811 3372 1866 tui
3405 1811 3613 1868 memi-

1953 1901 2116 1956 nisse
2143 1901 2498 1973 Epicharmi,
2517 1905 2573 1955 et
2589 1900 2970 1973 Appollodori
2999 1899 3266 1971 Carystii,
3287 1915 3477 1971 eoque
3497 1916 3613 1955 am-

1954 1989 2122 2062 plecti
2144 1990 2340 2062 potius
2357 1990 2698 2056 dictionem,
2723 2005 2910 2060 quam
2933 1988 3036 2044 illa
3067 1987 3309 2044 offendi.
3337 1987 3437 2044 Ille
3460 1987 3611 2044 mul-

1953 2079 2146 2143 toties,
2179 2085 2234 2134 et
2267 2078 2600 2135 secundum
2639 2077 2836 2133 varias
2879 2077 3266 2132 formationes
3305 2077 3608 2133 declinata

1950 2183 2097 2223 voce
2127 2168 2323 2222 utitur.
2361 2167 2450 2222 Ait
2474 2168 2628 2222 enim
2660 2165 3064 2239 ἐγκεκόμϐωται,
3099 2171 3155 2221 et
3200 2165 3261 2220 in
3314 2165 3608 2220 inﬁnitivo

1953 2255 2411 2329 ἐγκομϐώσασθαι,
2446 2257 2745 2327 Carystius
2776 2261 2976 2310 autem
3025 2255 3086 2309 in
3127 2255 3606 2323 Apolipusa,seu

1954 2345 2296 2412 Desertrice,
2323 2345 2646 2420 [comoedia
2667 2345 2750 2400 sic
2775 2343 2976 2416 dicta,]
3002 2343 3082 2416 (in
3103 2351 3266 2399 tuam
3293 2343 3449 2398 enim
3470 2357 3609 2413 gra-

1953 2434 2094 2489 tiam
2151 2434 2383 2490 dicatur
2431 2433 2699 2489 lectionis
2765 2432 2958 2505 usus,)
3019 2435 3112 2490 τὴν
3175 2431 3404 2502 ἐπωμίαν
3465 2431 3608 2486 dicit

1949 2523 2194 2586 πτύξασα
2220 2519 2430 2586 διπλὴν,
2470 2524 2660 2574 ἄνωθεν
2695 2520 3148 2593 ἐνεκομϐωσάμην.
3203 2521 3322 2574 Hos
3381 2519 3443 2574 in
3489 2535 3609 2574 me-

1951 2613 2204 2668 moriam
2233 2612 2541 2676 reducens,
2571 2625 2692 2666 non
2725 2609 2988 2682 Oportuit
3021 2615 3070 2664 te
3103 2607 3363 2664 veritatis
3389 2623 3609 2680 praeco-

1949 2717 2087 2757 nem
2134 2701 2208 2756 de
2249 2716 2394 2757 voce
2429 2700 2686 2756 barbara
2715 2697 3066 2754 insimulare
3099 2717 3113 2769 ;
3149 2698 3346 2770 potius
3381 2697 3603 2762 mirari,

1947 2789 2110 2863 quod
2141 2807 2278 2845 cum
2310 2789 2421 2845 tale
2453 2788 2715 2844 studium
2749 2787 2973 2860 puerile
3001 2787 3428 2858 contempserit
3456 2801 3606 2856 apo-

1948 2879 2153 2947 stolus,
2179 2879 2565 2934 nihilominus
2580 2879 2755 2949 juxta
2782 2876 3012 2931 criticos
3026 2875 3355 2930 dictionum
3380 2875 3606 2930 Graeca-

1945 2983 2079 3022 rum
2126 2983 2285 3032 suas,
2331 2967 2528 3022 nescio
2559 2981 2680 3038 quo
2727 2969 2909 3035 pacto,
2965 2963 3256 3036 Epistolas
3309 2963 3600 3018 exaravit.

1947 3055 2089 3110 Hinc
2120 3061 2318 3112 autem
2345 3054 2672 3124 intelligere
2703 3053 2883 3116 dedit,
2917 3052 3082 3125 quod
3111 3051 3158 3108 si
3187 3051 3346 3107 vocis
3375 3050 3604 3106 sonitus

1873 3137 1912 3168 "‘
1945 3147 2002 3198 et
2042 3143 2359 3198 oblectatio
2410 3143 2710 3206 arrideret,
2771 3141 2939 3196 facile
3003 3139 3130 3212 ipse
3187 3140 3333 3195 feret
3394 3137 3484 3194 vel
3541 3137 3603 3192 in

1943 3231 2072 3286 istis
2098 3232 2406 3305 acquirere
2434 3229 2894 3287 admirationem
2925 3247 2939 3282 :
2971 3236 3026 3284 et
3054 3229 3102 3283 si
3142 3245 3211 3284 ex
3253 3227 3366 3283 isto
3403 3227 3601 3284 studio

1943 3309 2154 3376 curave
2186 3320 2439 3375 salutem
2484 3319 2824 3375 animarum
2879 3318 3170 3372 resultare
3221 3317 3480 3379 vidisset,
3517 3314 3602 3369 vi-

1941 3409 2131 3464 disses
2171 3409 2352 3481 ipsius
2400 3423 2706 3464 sermones
2757 3407 2933 3462 insita
2977 3405 3242 3479 quadam
3285 3404 3602 3476 pulchritu-

1941 3499 2100 3568 dine,
2128 3499 2302 3569 cujus
2331 3503 2386 3554 et
2416 3513 2576 3553 nunc
2605 3495 2986 3568 participant,
3028 3495 3089 3550 in
3137 3499 3366 3550 tantum
3411 3499 3600 3549 trans-

1941 3589 2208 3644 cendisse
2243 3587 2504 3643 Platonis
2542 3586 3014 3648 incantamenta,
3051 3583 3462 3639 Demosthenis
3478 3583 3597 3638 cin-

1939 3678 2169 3745 cinnos,
2212 3674 2788 3747 magniloquentiam
2836 3672 3258 3746 Tucydideam,
3303 3672 3363 3726 in
3408 3685 3597 3744 quan-

1939 3771 2062 3823 tum
2117 3765 2200 3821 illi
2251 3765 2542 3821 Asiaticos
2601 3765 2744 3820 istos
2791 3767 3058 3818 oratores
3111 3765 3393 3834 superant
3425 3777 3438 3815 :
3473 3775 3594 3816 non

1937 3857 2086 3912 enim
2107 3856 2168 3911 in
2201 3859 2364 3911 tuam
2391 3855 2644 3924 gratiam
2667 3852 2866 3907 licebit
2885 3867 3098 3907 vocare
3126 3867 3228 3906 eos
3259 3849 3586 3906 aﬂectatos.

1936 3947 2101 4001 Patet
2131 3949 2332 4000 autem
2352 3942 2508 4016 quod
2540 3941 2775 3998 aﬂirmo
2801 3959 2818 4012 ;
2861 3957 3002 3996 nam
3026 3940 3127 4013 qui
3157 3938 3334 4010 longe
3361 3938 3595 4009 majora

1934 4039 1990 4090 et
2020 4033 2370 4090 sublimiora
2400 4031 2473 4086 ad
2501 4031 2819 4086 hominum
2851 4029 3102 4085 salutem
3133 4027 3590 4099 procurandam

1935 4120 2522 4194 suscepit,siquidem
2547 4119 2758 4174 exinde
2778 4117 3163 4174 commodum
3192 4119 3580 4180 accresceret,

1931 4211 2096 4268 haud
2127 4211 2282 4266 certe
2303 4213 2638 4265 recusasset
2667 4207 2894 4278 aliquid
2928 4205 3002 4261 de
3029 4204 3240 4278 puerili
3265 4204 3378 4258 hac
3399 4201 3588 4258 ambi-

1934 4302 2088 4356 tione
2101 4299 2440 4372 possidere;
2469 4313 2672 4353 verum
2688 4303 2742 4352 et
2769 4296 2830 4350 in
2857 4293 3180 4350 illiusmodi
3205 4292 3358 4349 ultra
3377 4307 3588 4348 omnes

1931 4388 2283 4454 obtinuisse,
2299 4391 2356 4444 et
2366 4386 2610 4459 quidem
2629 4385 2755 4442 sine
2773 4384 3094 4441 certamine
3109 4381 3430 4438 videretur.

2081 4705 2400 4773 QUESTIO
2433 4702 2942 4848 Lxxxggkgﬁz.
2987 4701 3211 4758 CCLIII.
3244 4701 3426 4757 Taur.

743 4881 894 4932 Edita
923 4895 954 4930 a
983 4880 1324 4935 Montacutio,
1357 4893 1438 4942 ep.
1473 4879 1579 4935 157,
1612 4878 1680 4926 ad
1703 4877 1986 4935 Euschem.,
2017 4891 2070 4942 p.
2103 4877 2324 4924 Sit-212.
2359 4877 2416 4924 In
2447 4873 2729 4924 Ezechielis
2759 4885 2876 4936 cap.
2911 4884 2945 4929 ι,
2979 4871 3055 4920 ιο.

285 4987 351 5036 Τί
404 4977 620 5046 δήποτε,
674 4977 1023 5053 διαπυνθάνη,
1072 4979 1208 5053 βοῶν
1258 4985 1346 5032 καὶ
1396 4979 1625 5044 λεόντων,
1662 4977 1818 5030 ἀετῶν

211 5092 270 5136 τε
294 5076 384 5124 καὶ
417 5069 697 5143 ἀνθρώπων
727 5077 946 5144 μορφαῖς
983 5071 1037 5122 αἰ
1067 5077 1166 5121 τῶν
1197 5067 1460 5142 Χερουϐὶμ
1513 5067 1654 5138 ὄψεις
1706 5076 1813 5130 τοῖς

213 5164 376 5222 θείοις
419 5163 714 5233 προφήταις
769 5156 1396 5231 ἐνεφανίσθησαν;Ἀλλὰ
1432 5159 1522 5218 τὰς
1553 5161 1664 5228 μὲν,
1709 5164 1814 5217 τοίς

1999 4979 2386 5048 thuorsum,
2407 4975 2651 5046 rogitas,
2672 4971 3206 5030 cherubinaat'acies
3219 4969 3436 5026 divinis
3450 4985 3580 5042 pro-

1922 5062 2672 5140 phetisrevelebantur,sub
2687 5062 2893 5118 formis
2909 5061 3118 5124 boum,
3135 5059 3398 5128 leonum,
3414 5059 3582 5132 aqui-

1923 5155 2106 5212 larum
2117 5198 2130 5221 ,
2144 5151 2471 5210 hominum?
2489 5153 2760 5209 Rationes
2776 5151 2852 5208 ab
2867 5149 3128 5224 antiquis
3140 5149 3404 5206 redditas
3413 5149 3578 5207 haud

1552 5335 1778 5390 νΑΒΙτΕ
1816 5331 2220 5390 LECTIONES.

281 5527 312 5588 ll
338 5516 414 5588 iC.
459 5514 532 5570 Μ.
575 5512 836 5588 βραχεῖαν
893 5514 1022 5586 μετὰ
1078 5517 1172 5571 τὴν
1228 5513 1504 5586 ἄρχουσαν
1545 5511 1800 5571 συλλαϐὴν
1845 5513 1910 5573 εἰς
1961 5509 2250 5585 δίφθογγον
2296 5511 2418 5575 ἕξει.

209 5587 393 5645 editio
406 5630 420 5645 .

2523 5511 2573 5552 η’
2611 5525 2768 5584 pone
2809 5505 3082 5585 φροντίδα,
3115 5511 3171 5566 et
3231 5507 3317 5564 sic
3363 5506 3574 5564 Hmsch
