4136 6198
326 276 427 336 561

1137 274 1233 331 AD
1272 266 1827 333 AMPHILOCHIUM
1866 266 2197 338 QUﬂSTlO
2239 271 2587 341 LXXXVIII,
2626 275 2926 331 LXXXIX.

3595 278 3706 335 562

327 393 438 459 ῧνὸν
507 410 618 466 τοῖς
670 401 935 476 ἀρχαίοις,
994 404 1085 454 καὶ
1157 400 1211 465 ἐξ
1287 399 1520 475 ἑτοίμου,
1571 401 1932 476 προσομιλεῖν.

2054 411 2256 466 neum,
2303 416 2437 458 cum
2491 401 2680 458 cuivis
2725 401 2902 459 obvia
2940 402 3059 459 sint
3108 402 3275 473 apud
3339 403 3703 475 antiquiores

326 499 397 548 Σὺ
452 491 513 547 δὲ
556 493 638 566 (οὐ
679 496 780 567 ’γὰρ
830 494 938 563 ἔχω
978 499 1089 552 πῶς
1138 489 1586 566 ἁνεπαχθέστερον
1630 492 1777 562 εἴπω)
1828 490 1942 543 ἀντὶ

326 592 431 637 τῶν
515 583 676 635 πάλαι
749 580 917 643 καλῶς
991 585 1381 654 γεγραμμένων,
1448 590 1634 633 καινῶν
1704 576 1938 655 προσδέῃ

326 676 587 747 γραφέων,
646 668 1009 743 ἐξιδιουμένων
1053 671 1120 722 τὰ
1165 673 1265 743 πρὸ
1325 670 1493 723 αὐτῶν
1545 675 1632 723 καὶ
1678 670 1938 743 ἀλλότρια.

328 763 489 816 Ἀλλὰ
536 765 707 837 χωρὶς
768 758 986 825 ἐκείνων,
1042 763 1101 812 τό
1165 762 1417 832 σύντομον
1477 764 1565 812 καὶ
1630 762 1803 832 σαφὲς,
1852 763 1941 811 καὶ

326 848 457 905 οὐδε
508 856 676 925 χωρὶς
722 856 814 902 τοῦ
864 850 1185 921 συμπείθειν,
1240 852 1372 922 μετά
1412 858 1686 925 προσοχῆς
1743 850 1939 901 ἄκουε*

326 942 447 1013 ἔχει
504 937 563 993 δὲ
628 936 733 992 ὧδε
767 956 779 969 ⁸
846 941 969 992 Θεὸν
1024 937 1199 1001 καλεῖς
1259 942 1347 991 τόν
1423 940 1627 1013 Πατέρα
1660 953 1673 969 ·
1726 942 1940 1011 πότερον

324 1034 496 1102 τεμὼν
547 1033 644 1088 τὴν
681 1030 997 1097 ὑπόστασιν,
1050 1032 1140 1080 καὶ
1187 1025 1541 1102 ἀλλοτριῶσας
1582 1035 1674 1101 τῇς
1712 1026 1761 1079 ἐν
1800 1027 1939 1097 αὐτῷ

324 1123 421 1171 καὶ
467 1125 645 1179 κοινῆς
703 1120 964 1183 θεότητος,
1018 1117 1049 1175 ἡ
1118 1117 1214 1169 οὐκ
1271 1113 1331 1168 ἂν
1382 1116 1673 1189 τολμήσαις
1735 1119 1895 1170 εἰπεῖν
1920 1132 1939 1187 ;

324 1208 469 1260 οὕτω
516 1211 618 1282 γὰρ
669 1206 731 1259 ἂν
774 1210 850 1265 εἴη
904 1210 965 1258 τὸ
1014 1212 1170 1279 τιμᾷν
1214 1210 1303 1259 καὶ
1359 1205 1629 1279 ὀνομάζειν
1678 1209 1806 1260 Θεὸν
1852 1208 1940 1258 τὸν

325 1302 560 1370 Πατέρα,
596 1304 690 1359 τῆς
743 1294 982 1368 ἰσχάς-ης
1029 1293 1317 1369 βαρύτερον
1380 1294 1593 1368 ὕϐρεως,
1652 1291 1942 1348 ἁποσποίδα

322 1389 449 1439 τινὰ
473 1391 564 1438 καὶ
606 1382 933 1458 παραφυάδα
960 1392 1088 1437 νοεῖν
1128 1392 1225 1447 τῆς
1270 1384 1450 1447 όλικῆς
1493 1389 1583 1437 καὶ
1625 1386 1938 1457 ὑπερουσίου

326 1480 592 1535 Θεότητος
630 1473 683 1537 ἕξ
729 1474 789 1526 οὗ
834 1480 982 1526 πᾶσα
1024 1475 1157 1537 θεία,
1188 1478 1279 1526 καὶ
1319 1480 1428 1535 τοῖς
1466 1471 1514 1525 έν
1553 1470 1813 1547 διαιρέσει
1850 1478 1940 1525 καὶ

321 1566 507 1641 ῥεύσει
558 1566 617 1616 τό
661 1558 791 1616 εἶναι
832 1563 1112 1635 λαχοῦσιν,
1146 1564 1328 1625 ἓνωσίς
1374 1580 1430 1615 τε
1474 1567 1563 1614 καὶ
1603 1567 1806 1634 συνοχὴ
1850 1566 1940 1614 καὶ

325 1656 607 1725 συνάφεια.
664 1652 820 1725 Ὁρᾷς
896 1660 1007 1713 πῶς
1059 1650 1120 1702 ἂν
1180 1652 1343 1725 ὀρθῶς
1400 1650 1694 1711 ἕννοηθείης
1744 1668 1799 1704 τε
1850 1656 1939 1704 καὶ

2052 488 2276 546 lectori.
2293 490 2375 547 Tu
2397 497 2597 547 autem
2621 493 2839 565 (neque
2865 494 3022 548 enim
3041 492 3238 548 habeo
3265 492 3427 565 quod
3459 495 3703 564 gravius

2050 578 2275 650 dicam)
2295 595 2405 652 pro
2433 581 2575 637 olim
2602 582 2827 653 optime
2843 581 3043 637 relatis
3066 583 3129 637 in
3147 580 3391 646 litteras,
3406 596 3703 640 novorum

2050 667 2294 739 indigus
2351 670 2709 743 scriptorum
2754 687 2837 736 es,
2890 673 2996 743 qui
3036 671 3152 726 sibi
3207 670 3401 728 aliena
3454 676 3510 728 et
3557 671 3706 729 anti-

2050 758 2265 829 quiora
2292 759 2700 831 appropriant.
2725 761 2971 833 Absque
3001 759 3115 816 illis
3142 764 3342 816 autem
3370 760 3629 817 breviter
3648 766 3706 818 et

2051 848 2388 919 perspicue,
2411 864 2550 904 cum
2589 849 2935 918 attentione,
2966 855 3031 906 ut
3068 849 3507 921 persuadearis,
3539 850 3703 921 audi,

2050 936 2217 1008 quod
2234 937 2317 993 sic
2330 952 2391 993 se
2409 937 2623 994 habet:
2640 940 2874 995 Patrem
2890 938 3157 1012 appellas
3184 942 3389 1004 Deum,
3420 944 3702 997 utrumne

2048 1024 2403 1097 hypostasin
2430 1028 2801 1084 difﬁndendo
2836 1032 2894 1084 et
2922 1028 3240 1085 alienando
3279 1028 3447 1084 illum
3476 1045 3513 1085 a
3535 1044 3704 1086 eom-

2052 1114 2241 1184 muni,
2269 1131 2405 1187 qua
2432 1116 2547 1189 ipsi
2570 1116 2740 1183 inest,
2772 1117 3011 1184 deitate,
3036 1133 3239 1174 annon
3261 1118 3450 1174 audes
3478 1118 3648 1175 eifari
3669 1118 3701 1175 ?

2048 1202 2163 1260 hoc
2193 1206 2351 1260 enim
2390 1206 2574 1261 modo
2612 1206 2905 1262 honorare
2932 1212 2990 1263 et
3019 1206 3330 1263 nominare
3355 1208 3541 1263 Deum
3586 1208 3700 1266 Pa-

2050 1298 2199 1348 trem
2231 1295 2463 1349 extremi
2495 1295 2736 1351 convitii
2773 1296 3121 1365 gravitatem
3166 1296 3479 1352 excederet
3512 1314 3532 1363 ;
3562 1297 3702 1353 abs-

2050 1386 2399 1441 tractionem
2468 1387 2624 1441 enim
2699 1386 3033 1459 quamdam
3107 1389 3162 1443 et
3235 1388 3699 1444 excrescentiam

2048 1471 2395 1543 imaginaris
2434 1475 2633 1530 totalis
2687 1481 2745 1531 et
2783 1475 3380 1546 supersubstantialis
3430 1475 3694 1542 Deitatis,

2051 1576 2087 1617 a
2123 1577 2248 1633 qua
2284 1563 2481 1617 omnis
2511 1563 2715 1619 divina
2756 1564 2919 1627 unio,
2950 1565 3291 1633 conjunctio
3331 1569 3388 1619 et
3416 1564 3696 1628 eoheesio,

2049 1649 2226 1705 etiam
2265 1650 2379 1705 illis
2417 1652 2565 1707 inest
2612 1667 2872 1723 quorum
2930 1653 3187 1707 essentia
3224 1652 3284 1707 in
3322 1652 3613 1708 divisione
3645 1654 3702 1708 et

324 1747 526 1816 φήσαις
561 1745 692 1795 Θεὸν
721 1744 809 1793 τὸν
850 1746 1079 1813 Πατέρα.
1129 1740 1331 1793 Οὐκοῦν
1371 1737 1495 1793 οὐδὲ
1538 1744 1624 1792 τὸν
1655 1742 1775 1792 Υὶόν
1809 1744 1932 1793 Θεὸν

2048 1737 2215 1795 ﬂuxu
2234 1741 2517 1796 consistit.
2538 1741 2712 1796 Vides
2728 1746 2793 1796 ut
2816 1746 2974 1797 recte
3000 1741 3163 1813 apud
3181 1742 3453 1797 animum
3471 1746 3698 1798 statuas

322 1832 620 1905 ὀνομάζων,
674 1829 901 1904 ἀφοριεῖς
962 1838 1061 1891 τῆς
1110 1832 1270 1890 αὐτῆς
1318 1834 1579 1891 Θεότητος
1611 1849 1624 1862 ’
1679 1833 1818 1904 εἴπερ
1863 1834 1935 1901 μὴ

321 1921 444 1973 κατ’
488 1920 645 1978 ἄλλην
695 1923 786 1992 μεν
828 1922 1021 1972 ἔννοιαν
1066 1922 1152 1971 τὸν
1191 1921 1333 1986 Υἱὸν,
1378 1919 1494 1971 κατ’
1539 1918 1699 1976 ἄλλην
1746 1915 1809 1971 δε
1851 1921 1939 1971 τὸν

322 2014 540 2082 Πατέρα
583 2012 712 2063 Θεὸν
742 2011 1000 2083 ὑπεκρίνω
1041 2006 1415 2080 ἀποφαίνεσθαι
1439 2028 1451 2040 ·
1487 2005 1610 2060 οὐδὲ
1640 2011 1699 2059 τὸ
1731 2014 1939 2080 Πνεῦμα

322 2096 391 2153 δι
439 2096 682 2157 δηλονότι
714 2118 729 2132 ο
778 2100 809 2157 ἠ
861 2098 994 2156 αὐτὴ
1047 2100 1149 2172 γὰρ
1197 2095 1257 2149 ἄν
1302 2096 1746 2172 παρακολουθήσῃ
1783 2102 1937 2149 χακό·

317 2204 461 2243 νοια.
524 2188 581 2242 Εἰ
626 2192 797 2240 τοίνυν
854 2190 1070 2239 ἕκαστον
1122 2194 1220 2239 τῶν
1277 2195 1447 2259 τριῶν,
1501 2187 1619 2239 καθ’
1668 2186 1820 2238 ἑαυτὸ
1862 2192 1936 2256 τῷ

317 2284 398 2349 νῷ
462 2276 863 2350 λαμϐανόμενον,
918 2281 1008 2329 καὶ
1079 2278 1227 2344 Θεὸς,
1291 2280 1381 2327 καὶ
1453 2278 1599 2346 Θεὸς,
1660 2280 1751 2328 καὶ
1811 2278 1937 2336 Θεὸς

320 2367 726 2439 ὀνομαζόμενον,
784 2361 994 2438 οὐδαμῆ
1059 2361 1306 2437 οὐδαμῶς
1368 2373 1465 2427 τῆς
1530 2363 1937 2439 ἕνθεωρουμένης

318 2462 418 2509 καὶ
464 2460 585 2528 μίᾶς
641 2454 916 2527 ἀπετμήθη
972 2458 1267 2515 Θεότητος’
1298 2453 1509 2516 εἰκότως
1559 2455 1662 2526 ἄρα
1708 2458 1798 2507 καὶ
1842 2458 1935 2506 σὺν

320 2541 565 2604 ἀλλήλοις
606 2543 987 2616 λαμϐανόμενα,
1046 2545 1105 2596 οὗ
1160 2550 1297 2617 τρεῖς
1351 2549 1495 2607 eset,
1541 2542 1647 2595 ἀλλ’
1691 2543 1765 2604 εἰς
1793 2554 1823 2597 (ῐ
1870 2546 1936 2595 τὰ

316 2639 449 2707 τρία
490 2636 622 2695 Θεὸς
674 2629 1079 2696 δοξασθήσεται.
1141 2633 1200 2686 Εἰ
1252 2634 1348 2704 μὲν
1382 2635 1484 2706 γὰρ
1537 2635 1659 2692 Θεὸς
1716 2630 1932 2703 ἐλέγετο,

316 2723 445 2775 καθ’
512 2722 665 2775 ἑαυτὸ
737 2725 1005 2795 νοούμενον
1082 2724 1319 2789 ἕκαστον,
1378 2724 1451 2783 ὡς
1501 2721 1573 2782 εἰς
1624 2718 1766 2774 ἰδίαν
1842 2724 1934 2773 καὶ

319 2810 541 2883 ἔκφυλον
598 2816 837 2869 Θεότητα
891 2810 1225 2884 ἀναγόμενον,
1285 2811 1493 2873 εἰκότως
1563 2810 1643 2877 ἂν,
1695 2814 1790 2863 σὺν
1847 2810 1934 2862 ἆ).-

316 2900 521 2965 λήλοις,
575 2906 667 2954 καὶ
714 2908 853 2975 τρεῖς
900 2907 1022 2955 Θεοὶ
1073 2902 1421 2974 ὠνομάζοντο.
1472 2900 1532 2953 Εἰ
1576 2897 1654 2966 δὲ,
1716 2902 1787 2962 ὡς
1835 2903 1931 2959 τὴν

318 2989 488 3048 αὐτὴν
555 2992 816 3063 ὁμοτίμως
884 2996 974 3043 καὶ
1040 2995 1163 3063 μίαν
1239 2994 1476 3048 Θεὸτητα
1562 2993 1926 3061 συναγόμενον,

318 3083 456 3142 Θεὸς
497 3088 598 3132 τῶν
638 3088 791 3154 τριῶν
838 3078 1062 3132 ἐκαλεῖτο
1106 3080 1323 3133 ἕκαστον
1359 3097 1372 3110 ·
1406 3084 1487 3141 τίς
1532 3080 1556 3130 ό
1597 3078 1924 3152 βιαζόμενος,
1962 3104 2003 3161 C

312 3171 387 3221 τὰ
428 3166 651 3242 μηδαμῆ
704 3165 967 3242 μηδαμῶς
1014 3177 1105 3229 τῆς
1156 3167 1564 3243 ένθεωρουμίνης
1617 3167 1791 3228 αὐτοῖς
1837 3172 1928 3219 καὶ

318 3260 771 3332 συμπληρωτικῆς
844 3254 1174 3330 διαιρεθέντα
1224 3262 1502 3322 Θεότητος,
1559 3264 1693 3329 τρεῖς
1764 3256 1926 3327 λέγειν

316 3350 487 3409 Θεούς
518 3363 531 3411 ;
564 3345 753 3420 μᾶλλον
803 3344 880 3412 δε,
928 3355 1037 3409 πῶς
1086 3347 1180 3399 οὐκ
1471 3352 1642 3415 πᾶσα,
1690 3346 1759 3397 τὰ
1805 3350 1929 3420 τρία

313 3435 483 3507 λέγειν
570 3437 657 3488 ἕνα
738 3440 888 3501 Θεὸν,
958 3432 1197 3508 οὐδαμοῦ
1292 3431 1640 3509 διαιρεθέντος
1720 3431 1929 3496 οὐδενὸς

313 3532 421 3576 τῶν
477 3533 634 3599 τριῶν
689 3533 788 3588 τῆς
829 3522 1024 3586 inata;
1066 3529 1155 3577 καὶ
1203 3523 1437 3598 ἀτμήτου
1484 3529 1575 3577 καὶ
1621 3520 1926 3599 ἀδιαιρέτου

317 3618 571 3677 Θεότητος
596 3630 611 3683 ;

884 3814 1200 3864 ΕΡΩΤΗΣῘΣ
1242 3808 1372 3864 ΠΘ’.

314 3920 469 3972 Πόσα
500 3936 853 3990 σημαινομενα
892 3919 1031 3970 ἔστιν
1076 3919 1237 3991 εὑρεῖν
1276 3915 1324 3969 ἐν
1352 3924 1412 3990 τῇ
1448 3922 1623 3993 Γραφῇ
1658 3935 1752 3990 της
1794 3919 1920 3970 Θεοῦ

1020 3996 1184 4061 φωνῆς
1206 4005 1220 4057 ;

2048 1833 2104 1883 et
2116 1829 2447 1900 proﬁtearis
2466 1832 2651 1885 Deum
2666 1831 2911 1886 Patrem.
2930 1832 2972 1895 Ο
2983 1831 3218 1886 uocirca
3233 1846 3343 1886 nec
3356 1846 3495 1886 cum
3510 1831 3699 1886 Deum

2046 1917 2214 1973 dicas
2241 1918 2473 1984 Filium,
2504 1918 2581 1975 ab
2607 1920 2816 1975 eadem
2841 1920 3144 1992 separabis
3160 1920 3402 1984 Deitate,
3420 1920 3533 1976 nisi
3551 1919 3698 1975 forte

2049 2021 2168 2061 uno
2186 2005 2547 2076 intelligendi
2563 2007 2745 2064 modo
2758 2008 2993 2076 Filium,
3009 2008 3127 2064 alio
3141 2011 3371 2064 Patrem
3386 2008 3700 2080 perhiben—

2046 2095 2192 2150 dum
2207 2096 2458 2161 sentias;
2475 2096 2579 2151 sed
2593 2112 2701 2152 nec
2716 2111 2853 2152 cum
2868 2097 3154 2167 Spiritum
3169 2103 3468 2163 sanctum;
3493 2097 3696 2153 eadem

2046 2184 2206 2239 enim
2234 2189 2520 2257 sequetur
2547 2185 2736 2257 impia
2765 2185 3173 2256 intelligentia.
3208 2186 3514 2258 Siquidem
3554 2200 3697 2256 ergo

2044 2273 2261 2329 horum
2303 2274 2479 2330 trium
2520 2274 2769 2347 quilibet
2819 2274 3142 2349 separatim
3191 2279 3248 2331 et
3289 2290 3397 2347 per
3438 2290 3499 2331 se
3529 2290 3696 2331 com-

2045 2363 2371 2434 prehensus
2402 2363 2606 2419 animo
2636 2370 2691 2419 et
2722 2363 2894 2434 Deus,
2926 2365 3101 2429 Deus,
3135 2367 3308 2429 Deus,
3340 2364 3448 2419 erit
3484 2363 3695 2430 dictus,

2044 2451 2384 2508 nullatenus
2413 2452 2737 2524 aliquando
2766 2452 2845 2509 ab
2871 2454 3045 2509 unica
3081 2459 3138 2509 et
3176 2460 3373 2509 mente
3419 2452 3695 2509 conslde~

2042 2544 2176 2597 rata
2220 2540 2445 2597 Deitate
2494 2541 2869 2597 abscinditur
2917 2558 2931 2610 ;
2973 2547 3125 2597 certe
3165 2557 3274 2597 nec
3313 2542 3551 2613 injuria,
3593 2540 3697 2596 ubi

2044 2630 2177 2702 conj
2191 2631 2413 2686 unctim
2434 2631 2856 2703 praedicantur,
2884 2644 3004 2687 non
3036 2634 3152 2687 tres
3180 2632 3287 2702 Dii,
3318 2633 3425 2687 sed
3451 2636 3516 2687 ut
3540 2645 3697 2686 unus

2043 2723 2220 2784 Deus,
2261 2724 2380 2775 tres
2409 2719 2491 2775 illi
2535 2720 3051 2790 gloriﬁcabuntur.
3094 2720 3152 2776 Si
3203 2720 3422 2776 horum
3472 2718 3693 2790 singuli

2042 2809 2358 2880 separatim
2387 2808 2617 2880 prolati,
2646 2810 2800 2865 Deus
2821 2809 3136 2865 diceretur.
3170 2809 3349 2865 veluti
3386 2811 3448 2865 in
3472 2824 3695 2881 appro—

2041 2897 2294 2969 priatam
2324 2898 2610 2954 Deitatem
2640 2902 2698 2953 et
2723 2898 3117 2970 alienigenam
3146 2897 3404 2961 abducti,
3444 2898 3693 2953 omnino

2038 2993 2193 3042 certe
2235 2987 2385 3042 inter
2442 3002 2506 3041 se
2554 2991 2669 3043 tres
2700 2988 2788 3042 Dii
2830 2987 3182 3043 dicerentur.
3224 2987 3319 3041 Sin
3375 2992 3578 3042 autem
3630 2985 3695 3041 in

2038 3090 2224 3131 unam
2265 3082 2318 3130 et
2356 3076 2581 3131 honore
2609 3074 2906 3148 aequalem
2935 3076 3219 3131 Deitatem
3245 3074 3509 3141 adducti,
3540 3075 3693 3130 Deus

2038 3164 2214 3220 trium
2247 3164 2491 3237 quilibet
2526 3170 2772 3220 vocetur
2804 3184 2817 3224 :
2860 3164 3064 3237 ecquis
3098 3169 3204 3228 est,
3245 3164 3350 3237 Qui
3401 3167 3577 3232 coget
3620 3180 3693 3220 ea

2036 3270 2174 3327 quae
2197 3254 2362 3311 nullo
2379 3254 2563 3310 modo
2592 3255 2806 3309 alicubi
2827 3254 3094 3325 separari
3125 3257 3371 3325 possunt
3398 3268 3435 3309 a
3468 3255 3692 3309 Deitate

2036 3344 2259 3399 interna
2297 3342 2694 3408 considerate,
2727 3347 2784 3398 et
2822 3342 3106 3398 omnibus
3131 3342 3259 3398 suis
3285 3343 3552 3398 numeris
3590 3341 3692 3398 ab-

2037 3432 2249 3498 soluta,
2283 3437 2399 3487 tres
2446 3433 2598 3486 Deos
2646 3431 2960 3488 nominare
2989 3432 3016 3485 ?
3058 3433 3193 3487 Jam
3240 3448 3383 3489 vero
3438 3431 3692 3489 omnino

2036 3536 2279 3577 necesse
2307 3520 2436 3586 erit,
2469 3522 2606 3576 Tres
2636 3516 2833 3576 dicere
2864 3536 3051 3576 unum
3084 3523 3287 3585 Deum,
3320 3537 3461 3577 cum
3499 3521 3693 3578 nulla-

2036 3618 2209 3667 tenus
2235 3610 2451 3683 aliquis
2494 3625 2525 3665 e
2555 3610 2748 3666 tribus
2780 3609 3101 3676 dividatur,
3127 3609 3219 3666 vel
3249 3609 3537 3667 alienatur
3567 3616 3691 3667 una

2033 3699 2291 3756 indivisa
2321 3705 2378 3756 et
2404 3699 2706 3756 insecabili
2746 3701 2992 3756 Deitate.

2069 3805 2395 3872 QUESTIO
2429 3809 2664 3863 LXXXIX
2695 3805 2902 3880 [CoisL
2935 3807 3169 3871 CCLXX,
3204 3808 3372 3873 Taur,
3408 3805 3651 3879 CCLXl].

2034 3913 2185 3982 Quot
2214 3914 2663 3985 signiﬁcationes
2692 3917 2842 3970 vocis
2860 3914 3012 4041 Dein;
3023 3912 3086 3969 in
3102 3914 3426 3984 Scripturis
3438 3913 3693 3985 reperiri

2707 4001 2923 4041 nossun

2706 4001 2923 4054 possun

719 4103 873 4154 Edita
900 4117 933 4153 a
964 4104 1308 4161 Montacutio,
1345 4118 1428 4169 ep.
1457 4104 1564 4162 162,
1614 4104 1700 4153 Ad
1726 4104 1984 4166 Amphil.,
2012 4118 2065 4168 p.
2113 4101 2337 4151 215-216.
2365 4101 2439 4151 De
2471 4101 2860 4165 signiﬁcatione
2890 4100 3124 4151 nominis
3154 4099 3266 4150 Dei.

381 4212 451 4267 a'.
510 4214 644 4286 Τρία
695 4229 1052 4285 σημαινομενα
1114 4218 1229 4277 τοῦ,
1284 4215 1430 4282 Θεὸς,
1493 4210 1759 4283 ὀνόματος,
1812 4213 1914 4264 ὅσα

306 4320 369 4375 γε
399 4300 471 4363 εἰς
508 4306 716 4374 μνήμην
745 4304 881 4354 κατὰ
907 4298 1064 4364 δόξαν
1107 4297 1232 4353 οἶδα
1273 4309 1367 4363 τῆς
1407 4303 1547 4364 θείας
1576 4307 1784 4375 Γραφῆς
1818 4318 1830 4330 ⁸
1864 4300 1913 4353 έν

308 4393 401 4463 μὲν
430 4394 489 4442 τὸ
518 4395 711 4464 κυρίως
738 4395 828 4442 καὶ
868 4396 1086 4465 πρώτως
1114 4389 1226 4459 Ὀν,
1259 4390 1320 4442 οὗ
1360 4389 1409 4441 ἐν
1440 4398 1500 4462 τῇ
1547 4396 1693 4464 χειρὶ
1722 4409 1909 4455 παντα,

308 4484 401 4532 καὶ
430 4478 487 4543 ὃς
513 4479 751 4532 ἁπάντων
783 4476 1031 4541 δεσπόζει
1064 4497 1075 4509 ⁸
1106 4498 1135 4530 α
1167 4483 1245 4532 Τὰ
1286 4481 1388 4551 γὰρ
1424 4481 1702 4551 σύμπαντα
1750 4475 1915 4531 δοῦλα

314 4571 403 4625 σά.
437 4589 465 4622 »

386 4656 459 4730 β’.
511 4660 731 4730 Δευτέρᾳ
777 4654 838 4711 δὲ
888 4657 1051 4724 τάξει,
1093 4661 1182 4710 καὶ
1220 4656 1418 4729 μεθέξει
1462 4663 1552 4717 τῆς
1588 4661 1800 4730 πρώτης
1831 4657 1915 4710 αἰ-

310 4752 449 4813 τίας,
499 4747 690 4818 λέγοιτ’
750 4746 811 4798 ἂν
880 4752 970 4800 καὶ
1022 4755 1122 4799 τῶν
1190 4745 1469 4818 ἀνθρώπων
1527 4744 1715 4807 ἐκεῖνος
1777 4747 1909 4811 θεὸς,

311 4836 387 4901 ὃς,
441 4835 515 4909 ἔφ’
564 4839 683 4889 ὅσον
726 4835 841 4888 ἐστὶ
905 4833 1164 4889 δυνατόν’
1205 4843 1422 4907 γεννητῇ
1479 4838 1651 4907 φύσει,
1705 4836 1775 4897 εἰς
1827 4842 1913 4909 μί-

310 4944 476 4997 μησιν
543 4925 744 4991 ἑαυτὸν,
801 4925 991 5001 ἀρετῶν
1062 4924 1319 4997 ἀσχὰσει,
1382 4921 1693 4977 διαπλάττοι
1755 4932 1909 4981 Θεοῦ.

312 5019 413 5069 Καὶ
462 5017 589 5089 γὰρ,
644 5015 816 5088 ὥσπερ
874 5019 1067 5088 κυρίως
1115 5018 1204 5086 μέν
1261 5013 1405 5067 ἐστὶν
1454 5012 1650 5086 ἀγαθὸν
1706 5016 1737 5073 ἠ
1800 5017 1915 5067 θεία

306 5110 396 5157 καὶ
466 5107 762 5178 πανουργός
823 5107 1016 5177 φύσιςο
1050 5106 1186 5156 κατά
1244 5103 1445 5175 μέθεξιν
1520 5100 1600 5172 δὲ,
1659 5108 1746 5156 καὶ
1813 5112 1910 5156 τῶν

305 5192 609 5272 ἀνθρώπων,
688 5195 807 5246 ὅσοι
895 5190 1243 5269 διακαθάρσει
1319 5191 1441 5265 βίον
1539 5200 1634 5256 τῆς
1720 5193 1911 5247 ἐκεῖθεν

375 5370 501 5408 ⁸⁸⁸⁸⁸
535 5369 697 5429 Psal.
730 5385 924 5438 cxvm,
958 5370 1050 5430 91.

2105 4214 2151 4264 l.
2171 4209 2440 4265 Nominis
2467 4209 2569 4265 Dei
2597 4209 2707 4264 tria
2734 4213 2872 4264 sunt
2903 4208 3259 4278 signiﬁcata,
3280 4212 3579 4280 quantum
3596 4222 3689 4263 re-

2026 4298 2259 4355 cordari
2292 4315 2554 4371 possum,
2583 4298 2755 4368 juxta
2787 4296 3103 4368 Scriptura:
3131 4313 3368 4353 sensum
3410 4316 3424 4356 :
3472 4312 3686 4362 unum,

2025 4388 2193 4461 quod
2219 4388 2293 4444 sit
2331 4388 2569 4461 proprie
2611 4391 2668 4442 et
2697 4385 2985 4458 primario
3021 4388 3152 4449 Ens,
3189 4386 3358 4456 cujus
3413 4386 3473 4442 in
3500 4401 3688 4441 manu

2024 4478 2230 4534 omnia
2260 4483 2417 4546 sunt,
2451 4482 2506 4533 et
2534 4476 2639 4549 qui
2679 4476 2964 4532 omnibus
2994 4476 3375 4532 dominatur:
3407 4497 3435 4527 ιι
3469 4474 3687 4533 Omnia

2025 4568 2181 4625 enim
2210 4566 2478 4622 serviunt
2518 4565 2621 4621 tibi
2653 4568 2798 4620 “"9.

2095 4662 2127 4712 2
2157 4657 2373 4715 Ordine
2392 4655 2659 4712 secundo
2681 4660 2739 4711 et
2767 4655 3006 4711 relative
3027 4654 3104 4712 ad
3128 4670 3378 4711 causam
3398 4656 3680 4728 primam,

2023 4746 2251 4803 dicetur
2279 4746 2595 4802 hominum
2624 4746 2781 4801 Deus
2811 4744 2928 4811 ille,
2955 4745 3058 4816 qui
3084 4745 3142 4799 in
3173 4752 3470 4816 quantum
3497 4744 3688 4816 possi-

2022 4835 2138 4891 bile
2168 4840 2256 4890 est
2288 4838 2517 4890 natura;
2544 4842 2769 4900 creatae,
2805 4849 2869 4888 se
2922 4848 3028 4905 per
3066 4832 3301 4889 virtutis
3340 4833 3683 4890 exercitium

2022 4926 2099 5000 ad
2115 4924 2508 4981 imitationem
2542 4924 2639 4978 Dei
2657 4922 3013 4979 conformat.
3035 4922 3267 4978 Etenim
3288 4924 3681 4995 quemadmo-

2020 5014 2168 5070 dum
2216 5012 2619 5087 principaliter
2662 5012 2895 5069 honum
2939 5018 3031 5069 est
3068 5016 3282 5069 natura
3331 5013 3433 5070 illa
3475 5014 3681 5072 divina

2020 5103 2293 5161 omnium
2370 5119 2569 5158 rerum
2645 5101 2916 5167 creatrix,
2995 5119 3094 5175 per
3168 5102 3681 5175 participationem

2021 5207 2164 5251 vero
2219 5197 2277 5250 et
2321 5190 2406 5249 illi
2459 5191 2760 5262 homines,
2812 5190 2922 5265 qui
2966 5191 3044 5249 de
3096 5190 3224 5249 vita
3287 5190 3680 5251 mundiﬁcata

2838 4586 2867 4616 ))

1650 5495 1887 5553 unus
1932 5484 2333 5555 LECTIONES.

378 5689 421 5748 q
453 5671 734 5733 Mendose
764 5687 876 5749 pro
913 5672 989 5741 εἷς
1015 5672 1081 5730 C.
1112 5670 1270 5732 Mon.
1302 5674 1372 5737 εἷς
1399 5676 1531 5737 Θεὸς
1558 5674 1623 5727 τὰ
1653 5676 1779 5748 τρία
