3906 6186
472 281 581 339 563

1696 279 1935 335 rnorn
1976 274 2462 333 PATRIARCHE
2499 276 2604 331 cp.
3703 283 3787 339 554

470 404 779 462 radiorum
809 402 941 460 inde
981 406 1390 462 emanantium
1430 406 1657 479 fulgore
1695 406 2044 463 illustrantm

2232 401 2435 465 ἀκτῖνος
2489 404 2891 474 ἓνηυγοὲσθησαν
2948 404 3032 465 τάς
3086 406 3429 478 μαρμαρυγὰς
3459 417 3502 474 ι’,
3555 409 3678 459 οὕτω
3719 413 3795 463 καὶ

471 496 552 551 ita
580 499 639 549 et
667 495 819 549 Deus
858 510 976 549 non
1012 500 1240 551 tantum
1281 502 1372 551 est
1408 496 1508 551 illa
1537 501 1772 561 natura,
1812 513 1948 570 qua:
1979 512 2119 551 cun-

472 584 579 639 ctis
623 584 991 651 dominatur,
1019 591 1075 639 et
1101 600 1208 656 pro
1249 590 1535 657 potestate
1564 587 1821 658 imperat
1871 603 1885 651 ;
1931 586 2035 641 sed
2066 592 2123 641 et

470 672 745 728 homines
775 673 977 728 videre
1018 680 1073 729 et
1115 676 1283 730 istius
1330 676 1750 747 appellationis
1780 676 2118 748 participes.

469 761 626 816 Sethi
648 763 806 817 enim
834 762 989 817 ﬁlius
1014 763 1165 819 Enos
1187 765 1365 835 hujus
1395 765 1656 820 nominis
1693 765 1925 821 titulum
1958 781 2121 820 asse-

470 858 644 907 cutus
668 859 753 906 est
780 868 794 907 :
825 852 911 907 vir
941 852 1016 907 ob
1044 858 1422 925 potestatem,
1457 860 1513 910 et
1541 854 1621 910 ob
1655 871 1891 910 morum
1924 855 2121 926 probi-

470 946 651 997 tatem
694 942 1044 1006 honoratus,
1074 959 1175 1015 per
1205 944 1337 999 illos
1377 945 1479 1016 qui
1510 949 1647 999 tunc
1671 944 1973 1008 vivebant,
2018 944 2121 999 Dei

469 1030 732 1086 nominis
761 1032 1158 1102 appellatione
1193 1049 1205 1098 ;
1248 1050 1283 1088 a
1311 1049 1428 1104 quo
1454 1034 1673 1105 posteri
1704 1050 1913 1089 omnes
1944 1033 2025 1088 dii
2065 1038 2121 1089 et

469 1120 720 1175 deorum
751 1120 854 1174 ﬁlii
881 1120 1251 1187 dicebantur,
1282 1126 1345 1178 ut
1376 1122 1591 1178 alicubi
1622 1123 1867 1179 habetur
1908 1142 1921 1179 :
1961 1146 1982 1172 ε
2026 1123 2121 1178 Vi-

468 1209 674 1265 dentes
699 1214 897 1265 autem
926 1210 1026 1265 ﬁlii
1061 1211 1159 1266 Dei
1202 1211 1356 1268 ﬁlias
1399 1212 1733 1277 hominum,
1785 1212 1948 1284 quod
1989 1213 2121 1284 pul-

468 1298 625 1354 chrae
644 1303 862 1364 essent,
892 1306 1345 1371 assumpserunt
1364 1317 1578 1357 uxores
1601 1302 1711 1357 sibi
1742 1302 1819 1357 ab
1837 1303 2118 1358 omnibus

467 1405 617 1461 quas
662 1388 963 1455 elegerant
1008 1390 1050 1441 1.
1104 1412 1130 1439 ››
1171 1390 1341 1446 Filios
1373 1391 1473 1446 Dei
1526 1407 1628 1447 eos
1675 1392 1893 1447 scilicet
1920 1397 2114 1456 vocat,

467 1477 571 1549 qui
619 1477 692 1532 de
744 1480 896 1533 Enos
936 1480 1423 1549 propagabantur
1472 1498 1486 1545 ;
1527 1482 1626 1553 qui
1657 1498 1762 1553 per
1800 1483 2118 1537 coitionem

468 1584 605 1623 cum
647 1568 901 1638 posteris
951 1567 1095 1623 Cain
1144 1585 1332 1638 genus
1386 1571 1823 1639 adulterabant,
1884 1578 1939 1626 et
1978 1588 2115 1625 cum

467 1656 580 1711 illis
632 1657 691 1711 in
743 1657 1109 1727 impietatem
1165 1664 1220 1714 et
1276 1659 1718 1731 improbitatem
1769 1662 2116 1717 commisce-

2231 496 2367 557 θεὸς,
2416 493 2472 543 οὗ
2528 498 2681 565 μόνον
2727 496 2754 551 ἡ
2816 496 3016 546 πάντων
3069 491 3406 555 δεσπόζουσα
3450 501 3540 547 καὶ
3590 498 3796 560 acarticu-

2233 583 2499 643 σιάζουσα
2552 586 2726 654 φύσις,
2797 581 2923 634 ἀλλά
2993 590 3083 636 καὶ
3154 589 3275 645 τοὺς
3332 584 3628 660 ἀνθρωπους
3678 590 3795 639 ἔστιν

2234 666 2362 721 ἰδεῖν
2420 675 2605 731 ταύτης
2655 672 2966 743 ἠξιωμένους
3019 681 3114 734 τῆς
3171 674 3475 746 ὀνομασίας.
3524 682 3718 748 Πρῶτος
3750 674 3799 729 ri":

2230 766 2325 821 τῆς
2380 761 2611 823 κλήσεως
2654 764 2908 833 τυγχάνει
2956 763 2982 813 ό
3032 771 3123 814 τοῦ
3163 766 3265 822 Σὴθ
3310 772 3432 823 παῖς
3478 764 3629 826 Ἐνως
3672 765 3796 837 ἀνὴρ,

2232 844 2306 900 δι’
2356 850 2611 903 εὐσέϐειαν
2657 856 2747 903 καὶ
2789 856 3134 924 χρηστότητα
3180 856 3398 925 τρόπων,
3435 855 3535 905 ὑπὸ
3580 863 3670 905 τῶν
3703 859 3800 907 τότε

2232 939 2528 1014 ἀνθρώπων,
2571 948 2629 1013 τῇ
2681 949 2773 993 τοῦ
2826 943 2962 993 θείου
3017 942 3200 1001 κλήσει
3247 948 3584 1015 τετιμημένος
3616 964 3629 975 ·
3667 945 3713 1007 ἐξ
3753 945 3799 995 οὗ

2229 1034 2319 1081 καὶ
2367 1034 2424 1081 τό
2485 1033 2629 1101 γένος
2680 1031 2815 1082 ἅπαν
2870 1033 2975 1083 θεοί
3030 1050 3085 1083 τε
3149 1037 3238 1084 καὶ
3295 1035 3418 1085 θεῶν
3476 1029 3657 1093 παῖδες
3701 1033 3803 1085 ὠνο-

2228 1121 2512 1189 μασθησαν
2541 1121 2597 1184 τ’,
2628 1122 2766 1172 καθά
2794 1123 2894 1172 πού
2924 1140 3103 1192 φησιν,
3133 1144 3159 1169 ι(
3196 1119 3407 1182 Ἰδόντες
3439 1118 3501 1174 δὲ
3532 1125 3581 1175 οἱ
3608 1125 3705 1175 υἱοὶ
3731 1120 3802 1175 τοῦ

2228 1212 2355 1261 Θεοῦ
2448 1210 2536 1267 τὰς
2622 1210 2906 1283 θυγατέρας
2985 1218 3083 1262 τῶν
3162 1208 3463 1285 ἀνθρώπων,
3537 1213 3616 1263 ὅτι
3676 1212 3805 1263 καλαί

2229 1296 2379 1359 εἰσιν,
2462 1296 2639 1349 ἔλαϐον
2712 1298 2917 1360 ἑαυτοῖς
2991 1306 3260 1369 γυναῖκας,
3344 1299 3446 1351 ἀπὸ
3523 1308 3696 1353 πᾶσων
3753 1302 3805 1351 ὧν

2227 1383 2508 1461 ξξελεξαντο
2541 1401 2555 1417 ’
2594 1410 2621 1437 ›)
2653 1390 2805 1449 Υἱοὺς
2853 1391 2953 1461 γὰρ
2995 1396 3129 1440 Θεοῦ
3178 1386 3420 1446 δηλονότι
3466 1393 3587 1450 τοὺς
3632 1389 3683 1441 ἐκ
3732 1398 3807 1441 τοῦ

2226 1457 2379 1536 Ἐνὼς
2432 1479 2621 1547 φύντας
2666 1476 2899 1530 ἐκάλεσεν
2930 1494 2940 1506 ·
2971 1478 3017 1529 οἳ
3070 1485 3185 1539 ταῖς
3236 1476 3291 1529 ἐκ
3335 1486 3426 1530 τοῦ
3476 1481 3606 1531 Κάῐν
3643 1478 3809 1551 ὡμιλη-

2224 1569 2385 1631 κότες,
2435 1570 2490 1618 τό
2548 1585 2601 1618 τε
2652 1570 2795 1637 γένος
2852 1566 3145 1634 ἐνόθευσαν,
3192 1572 3284 1619 καὶ
3332 1567 3404 1629 εἰς
3457 1566 3690 1620 ἀσέϐειαν
3738 1574 3807 1618 καὶ

2226 1658 2431 1723 κακίαν,
2491 1655 2881 1712 συναλίσθησαν
2937 1670 2987 1714 ε,
3049 1660 3117 1708 Τὸ
3188 1659 3289 1729 γὰρ
3347 1656 3516 1728 λέγειν
3592 1656 3809 1728 mem;

465 1746 705 1801 bantur.
748 1746 1069 1803 Afﬁrmare
1116 1748 1275 1802 enim
1327 1750 1489 1820 quod
1530 1749 1721 1817 angeli
1754 1750 2044 1822 incorpore

2229 1750 2417 1810 πεσεῖν,
2473 1750 2566 1803 τὴν
2617 1744 2891 1817 ἀσώματον
2945 1748 3121 1816 φύσιν,
3172 1746 3237 1806 εἰς
3296 1749 3492 1819 ἔρωτας
3554 1754 3804 1816 γυναικῶν,

466 1834 731 1889 essentia;
763 1836 821 1889 in
857 1835 1171 1891 mulierum
1198 1854 1458 1893 amorem
1493 1838 1823 1908 inciderint,
1842 1845 1929 1895 est
1952 1857 2118 1896 exor-

463 1922 653 1977 bitare
693 1923 751 1977 in
784 1923 1085 1980 fabulosas
1120 1926 1419 1997 quasdam
1452 1927 1856 1996 cogitationes,
1890 1946 1999 1985 nec
2038 1929 2115 1985 ab

467 2012 633 2067 omni
706 2012 1001 2084 impietate
1074 2020 1353 2071 remotas.
1413 2016 1699 2083 Quocirca
1773 2018 2011 2074 deducti
2038 2019 2115 2075 ab

468 2102 642 2157 Enosi
673 2117 910 2173 genere,
946 2107 1003 2158 et
1032 2103 1130 2159 alii
1162 2104 1458 2176 aliquibet,
1500 2108 1605 2179 qui
1665 2112 1725 2163 ut
1749 2108 2019 2163 moribus
2060 2114 2117 2163 et

466 2192 913 2247 conversatione
959 2196 1076 2249 Deo
1120 2196 1366 2267 propius
1418 2197 1783 2263 accederent,
1826 2199 2117 2255 dederunt

465 2297 706 2354 Operam
749 2299 762 2337 :
796 2283 941 2354 quin
972 2283 1214 2339 ulterius
1237 2289 1293 2339 et
1322 2286 1688 2358 quicumque
1718 2288 1795 2342 ad
1827 2288 2115 2343 honorem

459 2371 756 2441 justorum
784 2372 1080 2441 judicum,
1109 2379 1211 2429 aut
1255 2374 1590 2445 principum
1629 2375 1978 2445 dignitatem
2011 2376 2116 2432 ad-

466 2461 873 2523 mittebantur,
896 2460 1199 2517 illiomnes
1222 2465 1319 2517 Dei
1345 2464 1577 2518 titulum
1606 2466 2113 2537 assequebantur:

471 2570 493 2598 ε
528 2550 681 2603 Deus
711 2550 983 2612 deorum,
1037 2551 1247 2619 inquit,
1287 2552 1519 2606 locutus
1570 2559 1700 2608 est:
1736 2575 1763 2605 »
1798 2561 1874 2619 et,
1919 2578 1944 2603 (ε
1994 2557 2115 2628 Ego

466 2636 587 2691 dixi
619 2637 781 2708 quod
816 2637 894 2691 dii
927 2639 1088 2702 estis,
1132 2645 1184 2694 et
1215 2640 1337 2694 Filii
1372 2640 1649 2696 Altissimi
1690 2658 1901 2698 omnes
1932 2660 1946 2699 ε
1978 2668 2005 2693 ››
2036 2650 2109 2711 et,

465 2746 495 2779 ‹
514 2729 665 2781 Deus
679 2725 903 2781 stetitin
918 2730 1377 2795 congregatione
1391 2730 1626 2786 deorum
1645 2754 1655 2798 ;
1674 2752 1699 2781 ››
1715 2736 1790 2799 et,
1806 2752 1834 2783 «
1852 2734 1914 2787 In
1933 2733 2116 2788 medio

464 2815 615 2870 inter
636 2814 780 2870 deos
812 2815 1169 2887 disceptabit
1194 2820 1215 2852 ²
1249 2833 1312 2872 ;››
1341 2823 1415 2883 et,
1440 2840 1463 2870 »
1492 2820 1605 2874 Diis
1628 2837 1748 2876 non
1781 2821 2110 2888 maledices,

464 2920 573 2960 nec
595 2905 669 2960 de
699 2904 968 2977 principe
998 2906 1204 2977 populi
1232 2907 1315 2961 tui
1347 2906 1619 2979 improbe
1645 2910 1904 2983 loqueris
1930 2916 1972 2965 ³.
2016 2933 2039 2963 ››
2077 2915 2115 2967 E

463 2995 679 3067 quibus
700 2994 873 3050 dictis
903 3001 1169 3067 apparet,
1199 2999 1361 3069 quod
1390 2998 1533 3053 deos
1572 2999 1777 3055 divina
1815 3001 2116 3073 Scriptura

463 3083 698 3139 virtutis
729 3090 994 3139 amantes
1025 3090 1079 3140 et
1107 3086 1349 3155 justiﬁes
1378 3087 1761 3143 administros
1784 3095 1973 3146 vocat.

533 3178 587 3228 2.
632 3173 729 3228 Est
769 3178 825 3227 et
870 3172 1105 3229 tertium
1147 3174 1224 3229 ad
1278 3174 1404 3229 haec
1459 3174 1880 3246 signiﬁcatum,
1933 3178 2115 3233 modo

462 3262 728 3334 quodam
747 3278 883 3316 cum
900 3264 1165 3319 secundo
1179 3268 1565 3334 conjunctum
1578 3306 1590 3329 ,
1608 3266 2115 3337 etquodammodo

461 3350 641 3405 latius
716 3356 1079 3421 separatum,
1145 3353 1314 3424 juxta
1389 3356 1552 3425 quod
1628 3355 1828 3411 Moses
1904 3356 2117 3413 dicitur

464 3460 492 3488 α
526 3439 852 3494 Pharaonis
886 3441 1035 3495 Deus
1059 3443 1081 3476 ⁴
1124 3459 1135 3496 :
1172 3464 1199 3491 »
1226 3442 1329 3512 qui
1360 3443 1595 3499 dicendi
1621 3446 1835 3499 modus
1867 3446 1945 3500 ab
1976 3463 2117 3502 ana-

461 3527 626 3596 logia
649 3528 919 3599 procedit
948 3547 960 3583 :
1003 3545 1145 3584 nam
1179 3534 1242 3585 ut
1272 3533 1423 3585 Deus
1448 3532 1595 3589 dixit
1624 3534 1765 3588 Mosi
1795 3552 1807 3588 :
1834 3558 1861 3584 ‹‹
1898 3536 2115 3606 Projice

462 3616 719 3687 virgam,
740 3618 796 3671 in
816 3618 1332 3674 conﬁrmationem
1352 3636 1558 3677 eorum
1585 3638 1719 3695 qute
1741 3623 2115 3680 mandaban-

464 3711 643 3778 tur,»
658 3708 740 3761 sic
773 3708 984 3762 Aaroni
1008 3709 1195 3763 Moses
1225 3710 1829 3783 imperavitprojicere
1860 3714 2110 3783 virgam,

463 3800 528 3851 ut
555 3796 1055 3852 conﬁrmarentur
1101 3814 1233 3869 qnaa
1268 3798 1527 3855 minatus
1557 3800 1745 3857 fuerat
1778 3819 1789 3856 :
1835 3810 1890 3859 et
1920 3804 2110 3858 Moses

461 3885 681 3941 divinis
707 3886 1020 3958 praeceptis
1048 3887 1332 3958 parebat;
1370 3896 1556 3945 Aaron
1582 3891 1871 3947 Mosaicas
1899 3892 2114 3962 jussio-

461 3990 568 4031 nes
616 3975 975 4048 adimplebat
1030 3993 1235 4032 versus
1293 3978 1687 4047 Pharaonem,
1752 3982 2113 4053 ﬂagellando

462 4080 678 4137 nempe
706 4070 1049 4137 Egyptum,
1076 4072 1130 4122 et
1162 4068 1463 4139 prophetae
1492 4074 1687 4141 partes
1720 4086 1859 4139 erga
1891 4074 2109 4156 Mosen,

460 4154 980 4228 quemadmodum
1034 4156 1127 4211 ille
1178 4172 1320 4226 erga
1375 4159 1579 4213 Deum.
1644 4161 1931 4225 Quocirca
1991 4154 2111 4217 non

460 4244 730 4302 absolute
757 4244 910 4299 Deus
950 4244 1163 4300 dicitur
1194 4248 1398 4316 Moses,
1436 4247 1535 4301 sed
1576 4248 1910 4304 Pharaonis
1941 4252 2108 4307 Deus.

461 4330 675 4386 Omnia
706 4328 863 4384 enim
915 4329 1050 4384 fecit
1102 4331 1160 4385 in
1204 4347 1332 4385 eum
1385 4336 1665 4403 tanquam
1720 4334 1794 4389 de
1834 4335 2112 4391 absoluta

457 4423 766 4492 potestate,
829 4419 1285 4476 administrante
1334 4421 1383 4475 ei
1443 4425 1691 4477 Aarone.
1762 4423 1873 4479 Sed
1926 4424 2108 4495 hujus

457 4508 872 4580 appellationis
932 4509 1147 4564 modus
1201 4510 1493 4581 particeps
1538 4520 1629 4565 est
1669 4512 1797 4583 ejus
1828 4513 1929 4584 qui
1970 4519 2105 4568 ante

453 4596 591 4651 fuit:
610 4598 838 4669 etquod
855 4597 925 4651 de
944 4598 1186 4653 homine
1203 4603 1541 4671 nsurpetur,
1558 4600 1784 4671 etquod
1801 4602 1869 4656 de
1890 4601 2101 4658 virtute

452 4685 758 4757 prmditis;
812 4686 1180 4743 multimodis
1213 4694 1412 4745 autem
1461 4689 1658 4745 differt
1709 4707 1721 4741 :
1769 4690 1827 4745 in
1886 4691 2096 4763 primis

449 4774 611 4845 quod
637 4776 1052 4847 appropriatus
1087 4777 1253 4843 Mosi,
1286 4779 1465 4849 ipsius
1494 4778 1559 4833 ﬁt
1594 4795 1605 4843 ;
1636 4796 1743 4834 nec
1774 4784 1879 4849 est,
1909 4784 1972 4835 ut
2000 4780 2094 4837 ille

450 4861 614 4925 alter,
635 4866 973 4919 communis
1009 4887 1021 4931 ;
1053 4872 1107 4921 et
1133 4870 1289 4940 quod
1313 4868 1391 4923 ibi
1420 4869 1571 4923 Deus
1590 4868 1868 4931 absolute,
1898 4874 1951 4925 et
1973 4886 2093 4926 non

452 4949 705 5020 alicujus
740 4953 891 5007 Deus
923 4954 1149 5022 dicitur,
1175 4959 1336 5029 quod
1372 4958 1607 5013 titulum
1641 4958 1751 5013 sibi
1782 4959 2039 5015 vindicet
2080 4976 2095 5015 :

450 5038 546 5096 hic
570 5042 770 5095 autem
790 5056 818 5095 e
848 5044 1143 5100 contrario
1166 5046 1312 5100 Deus
1343 5048 1679 5105 Pharaonis
1709 5049 2055 5105 nominatur
2086 5066 2100 5102 :

530 5192 549 5229 ί
592 5190 739 5249 Gen.
769 5210 840 5263 vr,
866 5193 917 5248 2.
996 5197 1016 5230 ³
1056 5196 1203 5253 Psal.
1237 5213 1449 5266 Lxxxn,
1484 5202 1510 5256 1
1553 5200 1606 5255 6.

1686 5202 1706 5236 ³
1739 5200 1920 5257 Exod.
1945 5216 2089 5269 xxu,
2129 5200 2217 5256 28.

2225 1838 2482 1885 πεσόντων
2533 1832 2688 1905 ἐστὶν,
2741 1837 2810 1894 ως
2861 1834 3081 1901 ἀληθῶς,
3135 1835 3206 1896 εἰς
3262 1831 3529 1906 μυθώδεις
3583 1840 3665 1887 καὶ
3703 1834 3805 1887 οὐδὲ

2224 1928 2646 1996 κεχωρισμένους
2702 1932 2793 1976 τοῦ
2856 1922 3058 1976 ἀσεϐεῖν
3128 1924 3429 1995 λογισμούς.
3490 1924 3576 1987 Ἐξ
3639 1924 3803 1975 ἐκείνου

2224 2020 2501 2085 τοιγαροῦν
2569 2020 2660 2065 τοῦ
2729 2016 2923 2083 γένους,
2982 2018 3073 2065 καὶ
3130 2022 3226 2065 τῶν
3289 2013 3455 2065 ἄλλων
3527 2012 3802 2088 ἀνθρώπων,

2226 2103 2341 2153 ὅσοι
2417 2099 2492 2153 δι’
2562 2101 2848 2173 ἐπιμελείας
2932 2104 3067 2161 ἠθῶν
3130 2111 3200 2172 τῷ
3285 2108 3390 2172 Θεῷ
3442 2102 3803 2175 προσεγγίζειν

2226 2189 2535 2262 ἐμελέτησαν
2568 2208 2580 2219 ·

2228 2276 2447 2332 δικαίων
2502 2288 2691 2353 κριτῶν
2742 2280 2961 2332 ἀνελθεῖν
3014 2286 3102 2332 καὶ
3151 2280 3419 2353 ἀρχόντων
3468 2280 3618 2343 τάξιν
3664 2280 3805 2349 55:75-

2637 2196 2721 2243 ναὶ
2798 2188 2865 2249 δὴ
2942 2196 3032 2243 καὶ
3098 2192 3241 2251 ὅσοις
3315 2191 3387 2252 εἰς
3461 2192 3667 2263 ἀξίωμα
3723 2199 3803 2241 τῶν

2225 2389 2355 2434 νετο,
2408 2371 2552 2422 οὗτοι
2608 2373 2791 2432 πάντες
2840 2379 2936 2430 τῆς
2994 2372 3128 2430 Θείας
3176 2370 3402 2430 κλήσεως
3453 2374 3801 2441 τετυχήκασι⁸

2226 2482 2253 2510 ι(
2297 2463 2421 2519 Θεὸς
2451 2463 2572 2533 γάρ,
2607 2464 2757 2531 φησὶ,
2799 2461 2921 2512 θεῶν
2956 2462 3138 2530 Κύριος
3165 2457 3397 2516 ἑλάλησε·
3437 2480 3464 2506 ιδ
3495 2464 3610 2524 καὶ,
3646 2481 3671 2509 ιι
3698 2459 3807 2527 Ἐγὼ

2226 2545 2363 2614 εἶπα,
2400 2550 2503 2601 θεοί
2535 2549 2670 2613 ἐστι,
2703 2554 2793 2601 καὶ
2824 2548 2926 2600 υἱοὶ
2964 2548 3212 2617 Ὑψίστου
3254 2549 3439 2609 πάντες
3470 2565 3480 2576 ·
3524 2572 3551 2596 ››
3581 2553 3680 2610 καὶ,
3716 2572 3738 2596 ι(
3762 2546 3805 2598 Ὀ

2227 2642 2354 2699 Θεὸς
2404 2640 2527 2695 ἔστη
2580 2637 2627 2689 ἓν
2662 2645 2939 2709 συναγωγῇ
2991 2639 3111 2689 θεῶν
3143 2655 3153 2665 ·
3190 2659 3219 2690 ››
3250 2643 3359 2701 και,
3398 2660 3428 2687 ‹‹
3462 2637 3546 2689 Ἐν
3591 2642 3722 2707 μσς)
3758 2631 3804 2687 δὲ

2227 2728 2370 2789 θεοὺς
2429 2724 2686 2801 διακρινεῖ
2718 2742 2731 2756 ⁸
2766 2747 2792 2779 )›
2838 2731 2947 2791 καὶ,
2999 2749 3027 2776 ι(
3079 2730 3230 2785 Θεους
3304 2726 3362 2777 οὐ
3433 2726 3801 2797 κακολογήσας,

2224 2822 2313 2869 καὶ
2370 2819 2608 2891 ἄρχοντα
2646 2825 2737 2868 τοῦ
2787 2815 2913 2868 λαου
2971 2835 3063 2867 σου
3119 2815 3211 2866 οὐκ
3266 2815 3393 2887 ἐρεῖς
3440 2824 3632 2875 κακῶς.
3668 2814 3803 2873 Δῆλον

2223 2909 2323 2979 γάρ
2395 2906 2450 2958 ἐκ
2508 2914 2604 2958 τῶν
2656 2906 2951 2979 εἰρημένων,
3009 2907 3088 2957 ὅτι
3165 2906 3309 2966 θεοὺς
3372 2906 3400 2962 ἡ
3473 2906 3589 2957 Θεία
3648 2907 3800 2975 Γραφή

2226 2999 2341 3055 τούς
2379 3015 2431 3047 τε
2479 3003 2574 3057 τῆς
2617 2994 2803 3067 ἀρετῆς
2834 2995 3031 3066 φίλους,
3064 2998 3153 3045 καὶ
3187 2997 3304 3055 τοὺς
3349 3002 3443 3054 τῆς
3482 2990 3637 3052 δίκης
3680 2991 3803 3043 καλεῖ

2224 3086 2502 3159 ὑπηρέτας.

2293 3175 2361 3246 γ’.
2396 3174 2547 3227 ’Ἐστι
2579 3170 2637 3226 δι
2680 3178 2768 3227 καὶ
2806 3177 2998 3245 τρίτον,
3034 3175 3173 3247 παρὰ
3221 3179 3408 3239 ταῦτα,
3446 3176 3800 3244 σημαινόμενον

2222 3269 2416 3336 τρόπῳ,
2477 3268 2566 3335 μέν
2642 3283 2743 3315 τινι
2821 3268 3222 3333 συναπτόμενον,
3274 3267 3449 3333 τρόπῳ
3516 3259 3576 3314 δε
3632 3262 3801 3313 πλείονι

2224 3350 2584 3425 διαιρούμενον
2634 3349 2876 3426 δευτέρου
2909 3371 2920 3383 ·
2960 3352 3079 3403 καθ’
3121 3350 3147 3403 ὃ
3203 3346 3418 3402 δίδοται
3472 3358 3667 3410 Μωσῆς
3712 3352 3801 3409 Θεὸς

2224 3442 2351 3495 εἶναι
2398 3449 2604 3516 Φαραώ,
2664 3445 2760 3499 Εἰη
2810 3438 2861 3493 δ’
2916 3440 2973 3491 ἂν
3024 3443 3047 3492 ό
3093 3444 3277 3513 τρόπος
3322 3440 3488 3507 οὗτος,
3538 3449 3628 3501 τῆς
3665 3459 3800 3510 προσ·

2223 3538 2459 3604 ηγορίας,
2511 3531 2564 3594 ἐξ
2613 3531 2881 3603 ἀναλογίας
2939 3531 3257 3601 εἴλημμένος.
3303 3535 3403 3582 Καὶ
3456 3534 3583 3603 γὰρ,
3645 3532 3795 3599 ὥσπερ

2224 3626 2351 3683 Θεὸς
2409 3620 2734 3695 ἐχρημάτιζε
2788 3628 2973 3690 Μωσῇ,
3028 3641 3055 3668 ‹‹
3104 3618 3278 3689 Ῥίψαι
3330 3623 3424 3676 τὴν
3480 3614 3696 3693 ῥάϐδον,
3743 3617 3801 3678 εἰς

2221 3717 2478 3764 πίστωσιν
2530 3720 2628 3762 τῶν
2675 3709 3060 3781 ἐπηγγελμένων
3096 3726 3107 3737 ·
3142 3731 3168 3755 ››
3210 3712 3344 3760 οὕτω
3382 3715 3581 3768 Μωσῆς
3622 3710 3799 3778 Ἀαρὼν

2996 3792 3215 3870 ῥάϐδον,
3285 3796 3351 3855 εἰς
3426 3795 3640 3847 ἔκϐασιν
3715 3802 3799 3845 τῶν

2222 3799 2451 3852 ἐκέλευσε
2525 3800 2721 3872 ῥίπτειν
2807 3801 2902 3854 τὴν

2222 3888 2614 3960 ἀπειλουμένων.
2698 3891 2796 3939 Καὶ
2864 3894 3061 3947 Μωσῆς
3136 3889 3225 3957 μὲν
3297 3887 3603 3952 ὑπηρετεῖτο
3666 3902 3801 3958 προσο

2221 3980 2455 4049 τάγμασι
2511 3982 2657 4029 θεον
2716 3976 2913 4046 Ἀαρὼν
2975 3972 3031 4027 δὲ
3099 3975 3330 4036 Μωσέως
3390 3973 3667 4048 ἐξεπλήρου
3724 3974 3798 4029 τὰς

2222 4067 2421 4128 ἐντολὰς
2498 4066 2567 4127 εἰς
2628 4069 2837 4137 Φαραὼ,
2887 4064 3159 4136 μαστίζων
3234 4068 3326 4121 τὴν
3393 4067 3674 4133 Αἴγυπτον,
3726 4065 3801 4111 καὶ

2220 4161 2484 4228 προφήτης
2537 4159 2555 4195 ι
2603 4160 2862 4225 γινόμενος
2944 4156 3220 4224 τάδελφοῦ,
3312 4156 3364 4203 όν
3447 4156 3632 4211 ἐκεῖνος
3702 4156 3797 4221 τρο-

2220 4265 2312 4297 πον
2358 4244 2547 4317 ἐγίνετο
2592 4251 2681 4295 τοῦ
2728 4249 2879 4295 Θεοῦ.
2918 4242 2988 4293 Δι’
3022 4241 3047 4291 ὂ
3087 4237 3209 4293 οὐδὲ
3242 4243 3355 4301 θεὸς
3399 4248 3595 4300 Μωσῆς
3624 4239 3796 4299 ἁπλῶς,

2221 4335 2347 4387 ἀλλά
2419 4336 2529 4395 θεὸς
2601 4337 2809 4389 εἶπηται
2888 4336 3094 4405 Φαραώ,
3153 4332 3329 4382 Πςὶντα
3400 4333 3500 4403 γὰρ
3574 4332 3797 4403 ἔπραττεν

2944 4149 3220 4224 τάδελφοῦ,
3312 4152 3364 4203 όν
3447 4152 3632 4211 ἐκεῖνος

2220 4425 2290 4486 εἰς
2340 4424 2510 4489 αὑτὸν,
2570 4424 2738 4494 ὥσπερ
2797 4420 3116 4490 αὖτεξουσίῳ
3167 4421 3343 4493 κράτει
3399 4420 3798 4492 ὑπηρετουμένον

2218 4522 2309 4566 τοῦ
2361 4513 2577 4586 Ἀαρών.
2627 4508 2781 4564 Ἀλλά
2826 4516 3054 4561 κοινωνεί
3103 4512 3191 4581 μεν
3242 4509 3388 4569 οὗτος
3442 4518 3535 4568 τῆς
3587 4507 3800 4564 κλήσεως

2215 4605 2239 4656 ό
2294 4607 2480 4678 τρόπος
2542 4610 2607 4671 τῷ
2654 4604 2753 4671 πρό
2805 4600 2998 4651 αὐτοῦ’
3034 4606 3104 4669 τῷ
3149 4617 3201 4649 τε
3256 4598 3336 4649 ἐπ’
3394 4597 3663 4671 ἀνθρώπου
3720 4600 3797 4645 καὶ

2209 4696 2401 4750 ταύτην
2443 4692 2727 4755 τεθεῖσθαι,
2767 4695 2856 4740 καὶ
2906 4696 2998 4758 τῷ,
3054 4690 3267 4758 ἔχοντος
3313 4686 3497 4761 ἀρετήν
3528 4705 3541 4717 ·
3582 4682 3797 4757 διαφέρει

2206 4780 2264 4835 δε
2306 4782 2475 4842 ἄλλοις
2519 4800 2571 4832 τε
2618 4779 2820 4839 πολλοῖς
2847 4793 2861 4809 ’
2892 4783 3021 4829 καὶ·
3070 4778 3168 4842 ότι,
3199 4778 3228 4834 ἠ
3264 4780 3354 4847 μὲν
3398 4772 3795 4846 ἐξιδιαωσαμένη

2209 4880 2427 4937 Μωσῆν,
2459 4870 2616 4921 αὐτοῦ
2661 4874 2860 4938 γίνεται
2895 4884 2907 4896 ⁸
2940 4872 3027 4918 καὶ
3069 4866 3161 4916 οὐκ
3208 4868 3373 4930 ἔστιν,
3410 4868 3581 4938 ὥσπερ
3624 4862 3796 4924 ἐκείνη,

2210 4966 2353 5017 κοινὴ
2388 4980 2400 4992 ·
2435 4964 2522 5010 καὶ
2566 4960 2664 5021 ὅτι,
2710 4956 2812 5009 ἐκεῖ
2850 4960 2937 5028 μὲν
2971 4958 3083 5016 θεὸς
3114 4954 3309 5021 ἁπλῶς,
3358 4960 3449 5005 καὶ
3488 4953 3615 5023 οὐχί
3655 4969 3792 5011 τινος,

2217 5050 2241 5100 ό
2318 5052 2410 5105 τὴν
2484 5046 2669 5104 κλῆσιν
2752 5046 3002 5108 ὑπελθὼν,
3072 5038 3407 5095 ἀπεδίδοτο·
3470 5042 3687 5094 ἐνταῦθα
3749 5036 3799 5090 δι

2296 5202 2317 5234 ⁴
2351 5198 2534 5255 Exod.
2569 5214 2668 5263 vn,
2706 5198 2757 5253 1.

1797 5345 2034 5399 VARIJE
2086 5342 2495 5399 LECTIONES.

531 5448 569 5515 I'_
630 5442 1213 5515 faigupappapuyezi’e
1258 5440 1317 5493 (ἶ.
1387 5443 1453 5496 Μ.
1524 5442 1619 5501 τάς
1668 5445 2027 5515 ,μαρμαρυγάς
2099 5445 2142 5485 ι’·
2199 5442 2317 5515 ῌᾶο
2384 5440 2457 5494 de
2524 5454 2586 5495 re

1664 5502 1949 5585 ἳποξίὴτῆςξ
2090 5530 2144 5571 c.
2172 5558 2179 5563 .
2212 5510 2590 5585 διερμηνευτής
2640 5502 2745 5567 nili
2780 5502 3237 5580 ὑποτεταγμένοςί
3278 5505 3415 5562 Cod.
3474 5505 3627 5560 Mon.
3684 5502 3793 5571 leg-

530 5507 673 5564 Cod.
735 5507 927 5564 M011.“
963 5507 1379 5567 a’inwlt'crﬁna'aw.

458 5584 730 5654 προφήτης

1459 5517 1477 5567 ι
1528 5515 1604 5565 ἲσ.
1656 5515 1893 5585 {Inopem
1908 5536 1946 5577 ς,

2678 5436 3047 5510 peculiariter
3120 5430 3547 5510 dispu_tat_ur__d
3613 5432 3791 5510 (ἶριν.
