4136 6198
325 281 438 337 565

1269 278 1366 333 AD
1402 272 1958 333 AMPHILOCHIUM
1998 271 2328 340 QUESTIO
2368 275 2662 331 LXXXIX.

3581 280 3690 337 566

327 405 646 471 τὸῦναντίον,
709 405 818 465 θεὸς
859 407 1063 477 Φαραώ.
1131 401 1255 456 Ὀτι
1324 400 1376 456 δ’
1431 401 1490 456 οὗ
1559 401 1676 455 κατ’
1742 400 1922 453 ἐκεῖνον

2040 399 2206 471 quod
2221 415 2606 473 nequaquam
2627 400 2727 458 illo
2751 416 2954 468 sensu,
2980 401 3086 459 sed
3105 418 3177 460 eo
3201 418 3381 475 quem
3401 403 3689 475 diximus,

328 500 416 549 τὸν
463 502 602 561 νοῦν,
656 493 784 546 ἀλλὰ
831 495 948 546 καθ’
1005 498 1060 545 ὅν
1126 495 1330 567 ἔφαμεν,
1398 495 1424 546 ὁ
1489 494 1682 552 Μωσῆς
1729 494 1929 564 εῖρηται

332 587 446 647 θεὸς
517 587 726 656 Φαραὼ,
802 588 1063 658 γνώριμον
1155 586 1244 655 μεν
1318 581 1373 635 ἐκ
1450 590 1549 634 τῶν
1629 582 1925 655 εἰρημένων.

329 670 498 727 Οὐδὲν
548 669 607 725 δε
658 672 885 738 ἔλαττον,
934 679 1210 746 τεκμηριοῖ
1248 677 1338 724 καὶ
1395 675 1454 724 τὸ
1503 680 1603 722 τῶν
1662 682 1691 712 ιι
1727 671 1930 742 Ἀαρὼν

327 765 598 839 ἄνθρωπόν
648 781 702 815 τε
743 765 886 826 ὄντα,
943 766 1034 814 καὶ
1095 759 1280 834 ἀρετὴν
1322 761 1604 824 ἀσκοῦντα,
1656 759 1700 812 εἰ
1753 757 1932 831 βούλει

330 849 408 920 δὲ,
472 857 563 904 καὶ
622 859 739 913 ταῖς
818 854 1207 926 τερατουργίαις
1257 849 1600 923 ἐφεστηκότα,
1675 844 1929 922 μηδαμοῦ

327 941 586 1001 κληθῆναι
627 943 737 994 θεὸν
777 945 984 1012 Φαραώ.

401 1027 471 1084 δ’.
505 1031 622 1084 Ἐπὶ
645 1036 768 1103 γοῦν
787 1037 943 1102 τριῶν
971 1025 1234 1102 διαφόρων
1261 1029 1604 1101 ὑποκειμένων
1626 1036 1717 1088 τῆς
1739 1028 1880 1086 θείας
1900 1036 1930 1066 ν

325 1122 596 1193 τιθεμένης
642 1122 1020 1192 προσηγορίας,
1067 1122 1156 1171 καὶ
1204 1125 1294 1170 τοῦ
1343 1120 1433 1191 μεν
1471 1122 1682 1192 κυρίως,
1729 1122 1830 1167 τῶν
1869 1111 1930 1166 δὶ

324 1210 444 1262 καθ’
501 1210 799 1282 ὁμωνυμίαν
859 1207 1160 1279 λεγομένων·
1219 1210 1359 1261 ἔστιν
1431 1209 1592 1282 εὑρεῖν
1652 1210 1742 1258 καὶ
1806 1204 1929 1256 ἄλλο

321 1319 373 1352 τι
415 1308 508 1360 τῆς
559 1306 730 1372 φωνῆς
778 1301 1175 1369 σημαινόμενον,
1224 1296 1393 1350 οὐκέτι
1435 1299 1526 1367 μὲν
1565 1298 1699 1347 κατὰ
1747 1290 1927 1362 δόξαν,

323 1392 524 1462 χρήσει
572 1384 630 1440 δε
668 1391 796 1460 μόνη
847 1385 1228 1458 λαμϐανόμενον
1259 1393 1350 1446 τῆς
1395 1387 1532 1447 θείας
1581 1391 1806 1460 Γραφῆς.
1853 1385 1930 1435 Τὰ

322 1481 423 1550 γὰρ
463 1486 558 1538 τῆς
597 1476 896 1538 Ἑλληνικῆς
942 1477 1223 1544 θρησκείας
1275 1474 1601 1547 σεϐάσματα,
1659 1476 1802 1534 θεοὺς
1839 1477 1929 1524 καὶ

323 1567 458 1625 αῦτη
518 1578 547 1608 ι
599 1566 847 1627 πολλάκις
937 1568 1027 1637 μὲν
1102 1569 1589 1638 κατειρωνευομένη,
1673 1567 1763 1616 καὶ
1845 1561 1928 1613 ἐπὶ

323 1654 524 1727 ἐλέγχῳ
581 1663 680 1708 τῶν
736 1659 1252 1726 προσκεκυιρηκὸτων·
1291 1675 1314 1704 ι)
1366 1650 1616 1714 Βαδίζετε
1655 1655 1779 1725 γὰρ,
1821 1671 1926 1724 φη-

326 1749 431 1810 σὶν,
485 1749 576 1796 και
615 1742 774 1816 βοᾶτε
819 1747 948 1816 πρὸς
994 1747 1116 1805 τοὺς
1148 1745 1312 1810 θεοὺς,
1346 1743 1435 1804 οὖς
1482 1741 1776 1805 ἐξελέξασθε
1807 1741 1922 1793 ἐαυ-

2040 1737 2234 1801 vobis,
2257 1745 2312 1794 et
2345 1739 2456 1811 ipsi
2488 1756 2594 1795 vos
2629 1741 2827 1797 salvos
2857 1741 3075 1798 facient
3099 1743 3150 1808 5;

320 1839 451 1898 τοῖς,
501 1835 586 1884 καὶ
616 1832 767 1884 αὐτοὶ
800 1833 1121 1884 σωσάτωσαν
1171 1833 1320 1904 ὑμᾶς’
1371 1853 1398 1882 ‹‹
1433 1831 1676 1892 πολλάκις
1722 1827 1800 1898 δε,
1839 1834 1929 1882 καὶ

325 1920 400 1982 εἰς
449 1925 610 1993 μόνην
671 1917 904 1979 δήλωσιν
962 1928 1054 1973 τοῦ
1123 1924 1477 1995 προκειμένου,
1537 1922 1681 1973 εἴωθε
1734 1918 1922 1972 καλεῖν·

325 2028 356 2062 (ι
416 2011 527 2063 Οὐκ
581 2013 792 2064 ἔσονταί
863 2030 946 2063 σοι
1001 2012 1123 2083 γὰρ,
1183 2015 1363 2082 φησὶν,
1420 2012 1526 2062 θεοὶ
1580 2009 1742 2082 ἓτεροι
1795 2008 1926 2066 πλὴν

323 2097 469 2172 ἕμοῦ·
506 2120 534 2152 ι)
582 2105 694 2169 καὶ,
751 2121 774 2150 ε
832 2099 942 2152 Οὐκ
990 2097 1271 2157 ἐποιήσατε
1317 2101 1438 2172 ὑμῖν
1485 2101 1629 2162 θεοὺς
1667 2097 1927 2172 ἀργυροῦς

322 2193 415 2241 καὶ
438 2195 680 2262 χρυσοῦς
713 2205 727 2255 ;
765 2211 792 2238 ››
818 2193 908 2241 καὶ
934 2193 1100 2261 μυρία
1127 2189 1157 2247 ἡ
1186 2196 1408 2260 χρῆσις.

397 2277 455 2334 ε’.
490 2278 629 2330 Ἐπεὶ
660 2273 719 2330 δε
748 2281 983 2350 τέσσαρα
1011 2289 1044 2334 Υ
1073 2285 1135 2336 τῆ
1148 2299 1188 2342 ς,
1223 2280 1369 2343 Θεὸς,
1397 2284 1563 2349 φωνῆς
1595 2273 1832 2351 διεκρίθη
1863 2279 1928 2330 τὰ

324 2363 639 2439 δηλούμενα⁹
705 2363 896 2420 εἰδέναι
956 2364 1039 2420 δεῖ
1087 2369 1159 2430 ὡς
1213 2365 1262 2418 ἐν
1318 2375 1390 2438 τῷ
1454 2370 1770 2439 προκειμένῳ
1843 2385 1926 2419 σοι

322 2458 456 2528 πρὸς
533 2457 767 2527 μάθησιν
842 2457 1007 2530 ῥητῷ,
1083 2475 1112 2507 δ)
1184 2458 1485 2529 Ἄνθρωπος
1560 2455 1616 2516 ὃς
1696 2458 1926 2528 καταρά-

323 2563 486 2600 σηται
533 2548 683 2609 Θεὸν,
742 2543 1001 2618 ἁμαρτίαν
1051 2543 1291 2616 λήψεται,
1350 2566 1378 2594 ι)
1424 2549 1512 2596 καὶ
1558 2544 1695 2612 ἑξῆς,
1744 2547 1794 2597 οἱ
1834 2548 1925 2618 μεν

323 2637 454 2687 Θεὸν
507 2632 746 2699 ἐνταῦθα,
801 2637 887 2686 τὸν
961 2633 1168 2696 ἀληθῶς
1231 2637 1320 2686 καὶ
1394 2639 1586 2709 κυρίως
1657 2637 1786 2687 Θεὸν
1847 2633 1921 2697 ἐξ·

321 2725 628 2775 ακούουσιν·
683 2725 732 2776 οἱ
794 2719 872 2793 δὲ,
933 2731 1032 2775 τῶν
1096 2719 1453 2796 ψευδωνύμως
1509 2723 1926 2797 ἐπονομασθέντα

317 2810 697 2884 λαμϐάνουσιν
749 2810 924 2885 ἀρχὴν
968 2808 1028 2865 δε
1080 2809 1328 2884 διάφορον
1377 2812 1574 2874 ἑαυτοῖς
1622 2814 1924 2886 ὑποθέμενοι

318 2906 414 2954 καὶ
459 2904 524 2953 τὰ
566 2900 684 2964 ἑξῆς
736 2898 995 2976 διαφόρως
1052 2907 1405 2976 περαίνουσιν.
1459 2904 1525 2953 Οἱ
1561 2904 1660 2975 γὰρ
1709 2901 1926 2959 ὑπειλη-

321 2996 474 3064 φότες
514 2994 642 3045 Θεὸν
671 2991 912 3066 εἰρῆσθαι
965 2999 1072 3062 νῦν,
1107 2992 1160 3043 ὃν
1191 2994 1410 3053 ἕκαστος
1456 3000 1557 3044 τῶν
1606 2988 1926 3043 δυσσεϐούν-

2041 490 2229 544 Moses
2267 489 2483 547 dicitur
2511 492 2668 546 Deus
2699 492 3053 562 Pharaonis,
3076 508 3108 548 e
3146 493 3320 549 dictis
3343 493 3544 550 scitur.
3573 493 3691 551 Sed

2040 579 2357 650 conjectari
2388 585 2672 651 printerea
2711 581 2860 648 licet,
2892 582 3058 651 quod
3087 586 3304 648 Aaron,
3345 583 3530 640 homo
3557 599 3688 640 cum

2039 672 2210 738 esset,
2245 669 2349 740 qui
2381 669 2656 726 virtutem
2676 677 2990 736 exerceret,
3016 677 3072 727 et
3099 672 3369 729 fortassis
3397 673 3690 732 miracula

2039 762 2404 829 operaretur,
2439 759 2646 816 nullibi
2678 760 3012 833 appelletur
3041 763 3199 820 Deus
3224 762 3582 820 Pharaonis.

2108 1028 2161 1081 4.
2195 1025 2316 1082 Ista
2341 1026 2451 1082 tria
2476 1042 2609 1082 cum
2631 1027 2898 1099 subjecta
2918 1029 3287 1101 reperiantur
3307 1029 3524 1086 divinae
3555 1045 3690 1102 pro-

2038 1114 2246 1187 positae
2271 1115 2737 1184 nominationis;
2770 1134 3023 1188 quorum
3064 1134 3250 1175 unum
3282 1120 3540 1192 proprie,
3569 1120 3692 1178 duo

2038 1204 2408 1276 homonyme
2429 1205 2708 1261 dicuntur
2740 1207 2894 1264 :alia
2930 1208 3092 1264 vocis
3131 1209 3486 1279 signiﬁcatio
3525 1225 3692 1282 repe-

2037 1295 2135 1350 riri
2161 1298 2373 1366 potest,
2406 1310 2526 1350 non
2557 1295 2814 1352 formata
2839 1296 3142 1369 opinione,
3179 1314 3289 1353 usu
3321 1303 3550 1354 tantum
3583 1298 3695 1355 ob-

2040 1384 2260 1439 tinente
2290 1385 2627 1440 divinarum
2661 1387 3120 1458 Scripturarum.
3165 1390 3308 1453 Qum
3334 1389 3493 1445 enim
3516 1405 3551 1443 a
3582 1404 3688 1460 pa-

2038 1471 2210 1542 ganis
2242 1473 2590 1529 colebantur
2610 1475 2877 1540 numina,
2909 1475 3040 1532 deos
3062 1476 3361 1532 interdum
3394 1483 3564 1533 vocat
3586 1493 3691 1549 per

2036 1561 2310 1626 ironiam,
2366 1563 2425 1617 in
2479 1563 2916 1620 convictionem
2963 1581 3171 1621 eorum
3221 1567 3321 1638 qui
3369 1567 3684 1623 colebant:

2039 1672 2066 1700 «
2098 1651 2194 1720 Ite,
2224 1651 2437 1723 inquit,
2470 1657 2527 1708 et
2560 1653 2876 1709 inclamata
2898 1655 3060 1726 apud
3081 1656 3227 1710 deos
3256 1672 3410 1727 quos
3432 1656 3688 1726 elegistis

3185 1763 3214 1794 «
3233 1759 3390 1816 saepe
3421 1744 3598 1800 etiam
3626 1750 3690 1800 ut

2037 1828 2456 1884 tantummodo
2486 1829 2704 1886 indicet
2734 1847 2914 1902 quem
2942 1832 3234 1901 designat,
3275 1833 3357 1889 ita
3385 1833 3687 1906 appellare

2038 1916 2184 1972 solet
2227 1935 2302 1973 :«
2357 1921 2481 1974 Non
2525 1923 2716 1985 erunt,
2771 1920 2984 1992 inquit,
3041 1921 3147 1976 tibi
3200 1921 3280 1978 dii
3315 1922 3414 1978 alii
3475 1927 3689 1994 praeter

2039 2022 2133 2062 me
2159 2010 2200 2063 ⁵.
2239 2029 2268 2061 ››
2310 2009 2375 2062 Et
2408 2025 2422 2062 :
2453 2029 2481 2058 ‹‹
2516 2009 2728 2064 Annon
2761 2009 2978 2065 fecistis
3009 2010 3180 2066 vobis
3210 2010 3357 2066 deos
3385 2017 3689 2082 argenteos

2036 2101 2093 2154 et
2123 2099 2375 2154 aui-eos"
2408 2098 2436 2154 ‘2
2467 2120 2496 2148 »
2528 2098 2640 2154 Sed
2668 2098 2975 2169 multiplex
3001 2099 3107 2155 iste
3131 2116 3293 2155 usus.

2108 2280 2160 2332 5.
2197 2276 2313 2332 Ista
2338 2279 2590 2347 quatuor
2609 2275 2772 2332 vocis
2788 2276 2944 2332 Deus
2966 2276 3300 2347 signiﬁcata
3325 2293 3464 2334 cum
3481 2277 3686 2334 distin-

2036 2370 2312 2436 guantur,
2339 2365 2652 2420 sciendum
2683 2369 2790 2434 est,
2811 2365 3140 2421 utdubium
3173 2381 3209 2420 a
3240 2370 3294 2421 te
3312 2367 3688 2438 propositum

2036 2454 2420 2526 explicemus,
2449 2473 2481 2508 ‹
2513 2455 2703 2510 Homo
2732 2453 2836 2526 qui
2863 2454 2983 2510 Deo
3013 2454 3342 2524 maledicet,
3371 2459 3688 2527 peccatum

2035 2543 2225 2616 capiet
2243 2546 2285 2610 ⁸,
2317 2567 2341 2593 λ
2371 2547 2479 2600 etc.

2105 2633 2257 2689 Sunt
2301 2633 2405 2706 qui
2435 2648 2568 2688 vere
2600 2638 2656 2688 et
2683 2631 2920 2704 proprie
2950 2632 3193 2702 intelligi
3221 2635 3406 2688 Deum
3431 2633 3644 2690 volunt
3669 2649 3685 2690 :

2034 2722 2132 2778 alii
2164 2722 2315 2778 falso
2341 2722 2586 2778 nomine
2611 2722 2803 2778 dictos
2829 2741 2843 2776 :
2878 2722 3235 2794 principium
3257 2738 3398 2779 vero
3425 2722 3540 2778 sibi
3571 2722 3692 2779 dis-

2034 2827 2286 2884 crepans
2309 2811 2693 2867 substernunl
2709 2811 2821 2879 isti,
2853 2818 2908 2866 et
2927 2811 3326 2868 diversimode
3347 2812 3421 2868 de
3438 2827 3691 2885 sequen-

2033 2901 2191 2958 tibus
2232 2900 2650 2956 determinant.
2689 2903 2834 2957 Nam
2866 2900 2970 2971 qui
2997 2905 3341 2972 supponunt
3374 2902 3560 2957 Deum
3593 2901 3688 2958 hic

2034 2989 2299 3059 intelligi,
2333 3005 2512 3061 quem
2531 3005 2639 3060 pro
2665 2989 2910 3044 numine
2931 2989 3236 3060 quispiam
3255 2989 3467 3045 adorat
3484 2989 3684 3062 impie,

319 3099 425 3133 των
479 3079 594 3152 ἄγει
652 3079 911 3153 σέϐασμα,
986 3082 1119 3133 οὕτω
1167 3084 1252 3133 τὸν
1300 3087 1417 3133 νοῦν
1475 3079 1919 3133 ἀναπτύσσουσιν·

2037 3094 2280 3134 sensum
2314 3079 2392 3134 ita
2424 3079 2677 3133 reddunt
2711 3095 2722 3133 ε
2757 3081 2883 3133 Non
2914 3083 3147 3149 oportet
3177 3093 3252 3132 ne
3295 3078 3543 3150 quidem
3582 3093 3688 3150 pa-

321 3169 399 3222 Οὐ
436 3167 536 3232 δεῖ,
570 3174 748 3241 φησὶν,
781 3167 906 3222 οὐδὲ
935 3172 1021 3222 τὸν
1061 3169 1382 3232 Ἑλληνικαῖς
1430 3172 1732 3244 θρησκείαις
1763 3189 1922 3244 προσ-

318 3263 648 3332 ανακείμενον
701 3258 987 3332 ἐξυϐρίζειν
1040 3258 1162 3332 ὅπερ
1217 3258 1438 3313 σέϐεται.
1483 3259 1542 3312 Εἰ
1569 3261 1668 3333 γὰρ
1717 3257 1922 3310 κάκεῖνο

319 3343 628 3420 δυσφημίας
682 3347 822 3400 ἐστὶν
881 3348 1092 3410 ἀπάσης
1141 3348 1304 3412 ἄξιον·
1373 3353 1462 3400 καὶ
1518 3357 1617 3401 τῶν
1661 3347 1922 3401 εὐσεϐούνο

315 3456 419 3489 των
477 3437 679 3508 ἑκάστῳ
734 3433 1014 3510 βδέλυγμα
1071 3443 1161 3490 καὶ
1203 3439 1512 3510 νομίζεσθαι
1558 3443 1648 3490 καὶ
1679 3437 1922 3508 ὀνομάζε-

319 3528 446 3578 σθαι
497 3522 722 3579 δίκαιον·
771 3525 876 3578 ἀλλ’
923 3523 1011 3579 οὖν
1060 3527 1087 3578 ὃ
1133 3546 1193 3599 γε
1242 3530 1369 3579 Θεὸν
1400 3531 1644 3599 νομίζων,
1680 3528 1810 3580 εἶτα.
1863 3523 1922 3580 δὲ

318 3611 635 3688 δυσφημῶν,
695 3615 955 3689 ἁμαρτίας
1009 3615 1152 3669 ἐστὶν
1199 3618 1402 3688 ἔνοχος.
1454 3624 1528 3689 Τῇ
1577 3619 1680 3690 γὰρ
1735 3616 1920 3669 ἑαυτοῦ

314 3709 496 3777 γνώμη
547 3708 636 3757 καὶ
675 3709 867 3778 κρίσει,
903 3707 1030 3759 Θεὸν
1061 3707 1086 3758 ὁ
1116 3713 1350 3766 τοιοῦτος
1382 3705 1651 3759 ἁλίσκεται
1682 3704 1920 3779 βλασφη-

315 3802 447 3866 μῶν,
488 3798 578 3846 καὶ
619 3789 931 3856 δυσσεϐείας
977 3796 1260 3847 ὑπεύθυνον
1305 3794 1482 3847 ἑαυτὸν
1530 3797 1805 3858 καθιστάς.
1856 3799 1920 3848 Τί

313 3886 442 3955 γὰρ,
496 3881 604 3935 ἐνὸν
655 3883 685 3942 ἡ
740 3888 810 3955 μὴ
869 3883 1055 3948 σέϐειν,
1089 3885 1119 3942 ἣ
1153 3887 1224 3955 μὴ
1260 3880 1555 3956 δυσφημεῖν
1591 3888 1700 3951 ;Σὺ
1733 3881 1792 3936 δὲ
1831 3905 1918 3956 μι-

311 3976 436 4044 γνὺς
483 3975 550 4024 τὰ
598 3971 900 4044 ἀσύμϐατα,
950 3973 1073 4046 ὅπερ
1127 3971 1292 4034 σέϐεις
1338 3981 1491 4026 τοῦτο
1538 3969 1832 4045 δυσφημεῖν
1871 3985 1912 4014 ι’

311 4065 591 4133 κατέγνως,
645 4060 931 4119 ἀπὸστηθι.
996 4061 1132 4115 Ἀλλ’
1189 4064 1266 4114 ἔτι
1321 4066 1597 4137 προσέρχῃ
1655 4065 1722 4124 ὡς
1780 4071 1912 4133 Θεῷ,

311 4158 424 4211 πῶς
475 4149 536 4202 οῦ
576 4154 828 4223 πέφρικας
882 4147 1195 4224 δυσφημεῖν,
1244 4155 1334 4204 καὶ
1387 4150 1535 4226 ἀραῖς
1574 4153 1790 4222 ὑπάγειν
1829 4155 1915 4204 τὸν

312 4241 389 4291 ἔτι
438 4258 524 4292 σοι
579 4239 944 4314 λατρευὸμενον
979 4257 992 4307 ;
1032 4262 1060 4289 »
1115 4238 1420 4312 Ἀνθρωπος
1474 4248 1770 4314 τοιγαροῦν,
1825 4241 1918 4292 οἶν-

314 4328 540 4400 θρωπος,
625 4329 676 4388 ὃς
739 4331 1108 4403 καταράσηται
1175 4332 1304 4382 Θεὸν
1371 4329 1548 4393 αὐτοῦ,
1609 4326 1703 4381 διὰ
1763 4337 1914 4382 τοῦτο

311 4415 572 4490 ἁμαρτίαν
627 4416 867 4488 λήψει-σι’
903 4438 933 4470 ››
978 4417 1083 4488 οὐχ
1138 4419 1215 4469 ὅτι
1265 4420 1394 4471 Θεὸν
1439 4417 1758 4492 ἐπηράσατο·
1808 4418 1918 4470 ἀλλ’

309 4505 384 4557 ὅτι
452 4508 602 4579 ὥσπερ
660 4509 725 4566 ὡς
776 4509 904 4559 Θεὸν
958 4506 1119 4558 αὐτοῦ
1180 4505 1402 4578 σέϐεται,
1454 4508 1566 4560 κατ’
1623 4507 1784 4560 αὐτοῦ
1826 4513 1916 4560 καὶ

307 4593 559 4666 γλῶσσαν
611 4593 778 4667 ἀφῆκε
816 4592 1112 4668 δύσφημον.
1168 4593 1316 4648 Εἵτα’
1349 4618 1378 4647 ‹‹
1431 4596 1736 4668 Ὀνομάζων
1768 4594 1826 4650 δὲ
1856 4601 1914 4650 τὸ

309 4687 474 4755 ὄνομα
525 4688 740 4757 Κυρίου,
793 4687 996 4756 θανατῳ
1041 4687 1397 4740 θανατούσθω.
1432 4706 1460 4738 »
1496 4684 1598 4740 Ἀν
1631 4683 1691 4738 δέ
1723 4705 1799 4747 τις
1827 4690 1914 4739 τὸν

310 4771 478 4831 ἀληθῆ
541 4777 691 4838 Θεὸν,
758 4778 847 4826 καὶ
898 4776 1102 4826 πάντων
1155 4778 1442 4840 Δεσπότην,
1496 4774 1584 4826 ὑπ’
1643 4773 1770 4847 ἀρὰν
1827 4779 1916 4827 καὶ

311 4859 656 4935 βλασφημίαν
706 4861 920 4934 ἀγαγεῖν
964 4861 1241 4934 τολμήσοι,
1286 4864 1498 4923 θάνατος
1547 4862 1686 4933 αὐτῷ
1716 4867 1773 4915 τὸ
1804 4862 1912 4915 ἐπι-

307 4955 504 5023 τίμιον.
555 4958 755 5013 Διττοίς
800 4955 899 5026 γὰρ
939 4951 1085 5013 οὗτος
1132 4953 1324 5014 οἷτοπος
1371 4952 1722 5010 συνείληπται.
1762 4958 1832 5005 Τὸ
1863 4971 1916 5004 τε

307 5042 412 5115 γὰρ
466 5040 650 5094 οἰκεῖον
717 5038 1065 5115 ἐδυσφὴμησε
1138 5040 1398 5114 σέϐασμα,
1456 5047 1543 5095 καὶ
1606 5045 1700 5102 τὴν
1765 5041 1914 5114 ὕϐριν

309 5132 445 5182 κατά
472 5137 566 5182 τοῦ
616 5138 850 5207 Σωτῆρος
891 5136 980 5184 καὶ
1033 5137 1366 5206 Δημιουργοῦ
1404 5139 1502 5184 τῶν
1541 5130 1687 5196 ὅλων,
1730 5131 1780 5193 ὃς
1818 5134 1915 5184 πά-

391 5264 415 5299 ⁸
450 5264 648 5322 Judic.
686 5281 747 5332 x,
799 5268 883 5322 14.
996 5267 1018 5301 ⁸
1058 5264 1240 5322 Exod.
1282 5281 1380 5334 xx,
1418 5269 1470 5322 3.

1949 4462 1996 4518 D

1545 5266 1567 5300 ⁷
1614 5267 1757 5321 Dan.
1801 5281 1858 5333 ν,
1902 5269 1988 5323 23.

2033 3168 2260 3240 ganicaa
2299 3166 2601 3237 religionis
2641 3167 2964 3234 addictum,
3007 3167 3382 3223 contumeliis
3424 3167 3482 3222 id
3522 3169 3686 3239 quod

2034 3257 2170 3313 colit
2200 3255 2470 3312 afﬁcere:
2514 3272 2656 3313 nam
2688 3255 2822 3311 licet
2859 3255 2916 3310 id
2950 3262 3245 3312 mereatur
3281 3257 3496 3328 quavis
3529 3255 3686 3312 aﬂici

2034 3345 2418 3410 contumelia,
2447 3349 2503 3401 et
2532 3361 2568 3402 a
2608 3345 2748 3400 viris
2789 3345 3080 3415 religiosis
3119 3361 3229 3417 pro
3269 3345 3685 3403 abominanda

2034 3435 2240 3491 haberi
2286 3433 2495 3490 debeat
2535 3440 2590 3491 et
2627 3433 2962 3500 nominari;
3005 3435 3053 3490 is
3098 3439 3294 3490 tamen
3335 3435 3438 3506 qui
3476 3434 3537 3490 id
3575 3451 3686 3506 pro

2033 3527 2153 3580 Deo
2191 3524 2394 3592 habet,
2449 3529 2506 3580 et
2544 3529 2665 3579 tum
2716 3523 3114 3596 blasphemat,
3166 3528 3399 3580 reatum
3446 3523 3690 3581 incurrit

2032 3613 2280 3685 peccati.
2312 3616 2458 3670 Nam
2492 3629 2559 3669 ex
2589 3613 2773 3670 animi
2805 3613 2895 3668 sui
2926 3613 3237 3682 sententia,
3271 3614 3461 3668 Deum
3492 3611 3688 3669 mani-

2031 3700 2175 3756 feste
2213 3701 2616 3773 blasphemat,
2657 3706 2714 3757 et
2750 3700 3069 3773 impietatis
3109 3716 3173 3755 se
3212 3717 3374 3756 reum
3421 3705 3682 3772 prestat.

2031 3792 2194 3846 Certe
2213 3794 2316 3846 aut
2339 3806 2457 3845 non
2479 3790 2750 3856 coluisse,
2779 3795 2881 3845 aut
2898 3805 3017 3844 non
3037 3789 3490 3862 blasphemasse
3512 3804 3688 3861 Opor-

2029 3879 2157 3936 tuit.
2223 3882 2306 3934 Tu
2366 3880 2722 3935 commisces
2791 3879 3264 3951 incongruentia,
3320 3878 3466 3934 dum
3519 3879 3682 3951 quod

2028 3967 2195 4032 colis,
2247 3967 2634 4038 blasphemas
2681 3966 2846 4022 illud.
2887 3967 2942 4022 Si
2997 3967 3388 4032 condemnas,
3433 3966 3512 4023 ab
3551 3967 3683 4038 ejus

2027 4055 2181 4111 cultu
2206 4055 2437 4111 recede.
2474 4055 2529 4110 Si
2561 4060 2759 4111 tamen
2785 4055 3020 4112 accedis
3052 4059 3344 4128 tanquam
3361 4055 3440 4111 ad
3473 4058 3679 4122 Deum,

2026 4161 2212 4216 quare
2239 4160 2359 4200 non
2386 4145 2669 4200 formidas
2700 4144 2854 4200 male
2877 4144 3070 4199 verbis
3098 4145 3410 4211 incessere,
3440 4149 3498 4200 et
3517 4160 3686 4202 exse-

2026 4233 2270 4288 crationi
2303 4233 2610 4304 subjicere,
2655 4249 2832 4305 quem
2871 4232 3059 4290 colis?
3101 4232 3390 4300 Quocirca
3424 4255 3445 4283 ε
3487 4236 3678 4290 Homo

2025 4322 2120 4378 ille
2160 4323 2263 4394 qui
2288 4327 2628 4378 exsecratur
2647 4324 2829 4377 Deum
2854 4338 3054 4392 suum,
3079 4322 3158 4378 ob
3184 4321 3445 4392 idipsum
3477 4337 3679 4394 pecca-

2026 4418 2154 4470 tum
2197 4412 2482 4468 incurrit:
2521 4432 2550 4465 »
2596 4427 2717 4468 non
2756 4411 2922 4484 quod
2972 4411 3092 4468 Deo
3133 4411 3528 4479 maledixerit,
3580 4412 3684 4468 sed

2026 4502 2179 4576 quod
2218 4503 2280 4558 in
2318 4517 2458 4558 eum
2487 4519 2668 4576 quem
2699 4503 2879 4557 deum
2905 4517 3082 4557 suum
3108 4500 3362 4571 colebat,
3402 4500 3676 4571 linguam

2026 4594 2278 4651 immisit
2327 4591 2704 4648 maledicam.
2754 4590 2932 4646 Addit
2969 4607 2982 4646 :
3040 4611 3070 4640 ‹‹
3108 4590 3436 4646 Nominans
3480 4594 3683 4648 autem

2026 4699 2244 4741 nomen
2293 4683 2549 4747 Domini,
2597 4686 2787 4737 morte
2828 4679 3118 4736 moriatur
3144 4681 3164 4714 θ
3197 4695 3211 4732 :
3247 4700 3274 4729 »
3309 4680 3419 4736 hoc
3459 4686 3545 4736 est
3577 4701 3590 4737 :
3617 4679 3676 4736 Si

2025 4773 2162 4846 quis
2179 4788 2385 4828 verum
2410 4771 2618 4835 Deum,
2637 4770 3054 4824 universorum
3075 4768 3415 4834 Dominum,
3439 4768 3553 4824 sub
3576 4769 3685 4824 im-

2024 4863 2368 4935 precatione
2411 4867 2466 4916 et
2500 4857 2876 4932 blasphemia
2913 4857 3212 4914 adducere
3260 4874 3446 4912 ausus
3483 4857 3680 4926 fuerit,

2026 4967 2189 5008 mors
2220 4951 2299 5008 illi
2321 4951 2606 5020 inﬂigitur
2626 4963 2830 5021 paena.
2861 4947 3086 5019 Duplici
3108 4946 3272 5002 enim
3301 4947 3678 5005 absurditate

2024 5041 2344 5114 premitur;
2364 5043 2592 5095 Numen
2614 5038 2774 5094 enim
2802 5037 3111 5109 proprium
3138 5035 3603 5109 blasphemavit,
3623 5042 3681 5094 et

2024 5129 2398 5188 contumeliis
2427 5128 2622 5186 affecit
2651 5131 2858 5191 Deum,
2885 5125 2986 5198 qui
3027 5126 3291 5184 Salvator
3319 5126 3593 5184 omnium
3622 5140 3682 5192 et

2066 5266 2088 5302 ³
2127 5264 2308 5322 Levit.
2349 5265 2511 5331 xxiv,
2560 5267 2640 5320 l5.
2719 5262 2742 5298 ’
2779 5261 2928 5318 ibid.

1649 5383 1879 5437 VARIE
1927 5381 2332 5439 LECTIONES.

393 5499 591 5557 nCod.
637 5501 789 5556 Mon.
830 5499 918 5550 τὸν
992 5499 1114 5560 νίς.
1160 5499 1286 5560 θεὸς.
1336 5500 1397 5556 C.
1437 5499 1508 5554 M.
1560 5499 1720 5558 θείας.

392 5565 544 5629 Non.
589 5568 894 5645 δνσφημεῖς.

1821 5509 1851 5540 ι
1881 5500 1956 5554 ῖσ.
1983 5498 2186 5559 αὐτούς.
2232 5499 2292 5554 C.
2331 5499 2397 5554 Μ.
2449 5496 2606 5554 αὐτή.
2699 5506 2732 5550 Y
2780 5493 2874 5552 Sic
2913 5497 2969 5552 et
3011 5492 3154 5550 Cod.
3195 5494 3350 5549 Mon.

3461 5503 3487 5535 ι
3553 5491 3680 5548 Cod
