4136 6198
459 296 565 352 567

1631 291 1869 348 PHOTll
1908 282 2399 348 PATRIARCHIE
2438 290 2551 351 CP.

3723 293 3832 351 568

458 422 703 480 Creator
739 425 847 489 est,
888 420 993 493 qui
1041 422 1283 492 superat
1320 432 1563 477 omnem
1602 417 2008 475 laudationem
2050 420 2102 471 et

2218 434 2313 476 σης
2365 417 2504 469 ἐστὶν
2553 417 2810 490 εὐφημίας
2852 421 2943 470 καὶ
2990 412 3147 479 δόξης
3193 416 3449 488 ὑπεράνω,
3499 417 3836 475 κατεσκέδα-

461 512 713 583 gloriam
749 527 762 566 :
804 510 1032 582 peccati
1070 515 1236 565 reatu
1277 514 1523 572 tenetur,
1560 509 1674 565 hoc
1713 513 1822 573 est,
1863 521 2103 579 pmnam

456 600 791 657 insolentias
822 603 878 655 et
914 598 1153 655 convitii
1185 598 1427 654 subibit.
1454 598 1561 664 Qui
1583 598 1641 653 id
1672 596 1837 669 quod
1867 611 2104 650 venera-

456 694 573 753 tur,
605 689 731 761 ipse
760 693 1119 752 exsecratur,
1144 694 1455 758 utramque
1486 691 1838 758 usurpatam
1868 683 2101 740 deitatis

457 779 835 835 vocationem
868 779 973 833 sibi
1012 778 1400 849 assumpserit
1430 793 1444 832 :
1486 776 1711 848 duplici
1748 788 1947 846 poena,
1981 774 2103 829 imo

457 867 769 940 multiplici
797 866 1072 923 subditus
1107 868 1315 922 merito
1346 866 1469 931 erit,
1505 866 1607 937 qui
1641 864 1903 920 universi
1929 863 2105 918 facto-

456 973 605 1023 rem,
633 963 688 1013 et
713 960 899 1012 Deum
917 956 1243 1012 maledictis
1260 955 1496 1028 proluit,
1524 960 1580 1010 et
1601 952 2102 1009 exsecrationibus

448 1047 636 1103 audet
648 1046 1210 1119 supponere.Qnare
1232 1045 1482 1114 dignum
1512 1043 1657 1099 illud
1678 1042 2102 1114 blasphemnm

456 1141 641 1209 caput
671 1141 781 1202 est,
822 1139 887 1190 ut
922 1134 1223 1207 lapidibus
1264 1134 1386 1189 vita
1421 1133 1699 1205 privetur,
1740 1129 2101 1187 lascivientis

446 1224 675 1294 linguae
698 1224 869 1280 luens
892 1223 1273 1295 supplicium.

528 1319 559 1370 6
588 1317 772 1385 Atque
803 1313 885 1368 ita
914 1313 1029 1368 hoc
1056 1313 1285 1368 dictum
1326 1312 1788 1385 interpretantur
1826 1308 2104 1365 vetustio-

453 1416 573 1459 res.
601 1403 955 1459 Posteriores
974 1405 1043 1458 ad
1070 1404 1231 1459 hunc
1262 1404 1506 1459 modum
1536 1402 1891 1458 sententiam
1923 1398 2105 1469 expli-

456 1498 594 1549 eant
620 1512 680 1547 :«
710 1495 917 1563 Homo,
955 1493 1227 1565 inquam,
1268 1492 1369 1564 qui
1401 1492 1514 1547 diis
1554 1492 1676 1546 suis
1712 1488 2101 1551 maledixerit,

456 1587 770 1655 peccatum
801 1583 1092 1648 incurret;
1126 1604 1153 1632 »
1182 1587 1270 1637 est
1291 1582 1439 1651 haec,
1470 1581 1552 1636 illi
1583 1581 1879 1653 inquiunt,
1905 1595 2012 1651 per
2042 1594 2103 1634 se

452 1672 636 1745 plana
667 1672 975 1728 sententia.
1017 1671 1125 1737 Qui
1156 1672 1440 1727 nimirum
1481 1687 1682 1726 verum
1720 1672 1904 1725 Deum
1937 1684 2103 1725 exse-

2217 523 2300 557 σεν
2334 526 2346 537 ·
2380 506 2637 581 ἁμαρτίας
2717 512 2807 579 μὲν
2884 508 2986 577 γάρ
3064 504 3200 557 ἐστιν
3269 508 3467 577 ἔνοχος,
3536 514 3832 576 τουτέστιν,

2212 600 2484 669 παροινίας
2527 602 2615 649 καὶ
2667 596 2862 669 ὕϐρεως
2920 592 3074 653 δίκην
3131 594 3360 667 ὀφείλων.
3398 601 3498 649 Καὶ
3528 599 3553 648 ό
3583 602 3642 650 τό
3691 596 3835 653 ἴδιον

2213 683 2531 759 ἐπαρώμενος
2582 688 2907 761 θρησκευμα,
2944 685 2987 737 εἰ
3033 689 3121 736 καὶ
3159 681 3519 757 ψευδωνύμως
3556 692 3655 745 τὴν
3706 688 3837 749 κλῆ-

2215 791 2297 825 σιν
2347 772 2601 845 ἐφέλκοιτο
2632 782 2726 836 τῆς
2760 776 3009 839 θεότητος,
3054 770 3247 833 διπλῆς
3291 770 3352 826 δὲ
3389 780 3479 827 καὶ
3523 776 3836 840 πολλαπλῆς

2210 868 2465 936 τιμωρίας
2520 865 2815 936 ὑπόχρεως,
2874 865 2899 915 ὁ
2957 866 3043 915 τόν
3100 870 3191 914 τοῦ
3245 867 3434 924 παντὸς
3495 871 3833 940 Δημιουργόν

2210 956 2299 1003 καὶ
2350 956 2478 1005 Θεὸν
2529 952 2738 1025 ὕϐρεσιν
2767 952 2987 1018 πλύνων,
3041 957 3130 1004 καὶ
3174 953 3323 1027 ἀραῖς
3359 953 3695 1027 τετολμηκὼς
3733 958 3833 1010 ὑπ-

2212 1042 2373 1111 άγειν.
2430 1041 2505 1093 Δι’
2543 1041 2569 1094 ὃ
2608 1042 2773 1103 λίθοις
2823 1048 2915 1093 τοῦ
2957 1042 3052 1111 ζῇν
3091 1044 3120 1100 ἡ
3173 1040 3485 1113 βλάσφημος
3536 1046 3706 1103 ἑ-ιιείνη
3750 1066 3832 1100 κε-

2211 1128 2343 1201 φαλὴ
2387 1128 2509 1192 ἀξία
2560 1128 2919 1197 ἔκκόπτεσθαι,
2960 1139 3056 1191 τῆς
3104 1129 3393 1183 ἀκολάστου
3440 1132 3695 1204 γλώσσης
3732 1140 3832 1193 τὴν

2212 1215 2368 1277 δίκην
2398 1221 2697 1291 ὑπέχουσα.

2286 1307 2355 1371 ς’.
2400 1309 2550 1360 Οὕτω
2597 1312 2686 1381 μὲν
2727 1311 2775 1360 οἱ
2823 1312 3065 1381 πρότεροι
3102 1311 3161 1361 τὸ
3209 1310 3367 1383 ῥητὸν
3414 1307 3783 1384 διασαφοῦσιν
3815 1334 3831 1349 ο

2212 1398 2261 1449 οἱ
2315 1394 2373 1449 δὲ
2407 1399 2516 1470 μετ’
2558 1397 2797 1463 ἐκείνους,
2831 1395 2935 1450 ὧδε
2984 1394 3296 1469 διηγοῦνται
3342 1402 3429 1451 τόν
3475 1408 3615 1452 νοῦν⁹
3648 1422 3679 1454 ι(
3712 1401 3839 1455 Ἀν-

2524 1488 2579 1549 ὂς
2650 1490 3017 1560 καταράσηται
3097 1490 3225 1540 Θεὸν
3306 1488 3483 1553 αὐτοῦ,
3562 1490 3836 1563 ἁμαρτίαν

2211 1572 2447 1645 λήψεται,
2489 1598 2509 1625 ι
2551 1576 2762 1628 αὐτόθεν
2814 1574 2947 1641 ἐστὶ,
3000 1580 3147 1647 φασὶ,
3204 1582 3372 1648 σαφὴς
3422 1580 3454 1635 ἡ
3504 1575 3743 1637 διάνοια.
3774 1581 3837 1634 Ὁ

2210 1666 2312 1735 γὰρ
2370 1668 2454 1716 τὸν
2512 1663 2675 1724 ἁληθῆ
2728 1667 2857 1717 Θεὸν
2916 1664 3265 1736 ἐπαρώμενος,
3321 1668 3352 1725 ἣ
3412 1667 3580 1729 ἄλλως
3630 1668 3839 1743 ἂμπαρ-

2215 1487 2437 1559 θρωπος,

453 1766 674 1825 oratur,
706 1764 810 1816 aut
837 1760 1105 1830 alioquin
1144 1760 1203 1815 in
1235 1776 1371 1815 eum
1419 1760 1656 1823 insanit,
1702 1759 1928 1831 peccati
1971 1774 2102 1813 reus

2214 1762 2360 1805 οινῶν
2411 1754 2571 1824 αὐτῷ,
2624 1756 2806 1825 ἔνοχός
2854 1753 2995 1805 ἐστιν
3043 1753 3306 1829 ἁμαρτίας
3339 1772 3352 1785 ⁸
3394 1759 3424 1814 ἡ
3461 1753 3521 1809 δε
3552 1758 3624 1819 εἰς
3667 1780 3838 1829 τιμω-

456 1854 563 1918 est,
597 1849 762 1921 quod
790 1849 848 1904 in
872 1849 1234 1905 ineluctabili
1264 1849 1559 1921 supplicio
1582 1849 1949 1904 terminatur.
1983 1848 2103 1903 Hoc

456 1944 656 1995 autem
688 1938 913 1993 dictum
943 1955 957 1993 :
989 1958 1012 1989 «
1043 1942 1266 1994 Nomen
1300 1938 1400 1993 Dei
1431 1938 1664 1993 Domini
1694 1937 2036 2007 nominans,
2075 1958 2099 1987 »

453 2028 571 2085 tale
596 2028 944 2100 prohibetur
973 2042 1100 2082 esse
1129 2026 1341 2082 Judmis
1365 2043 1583 2082 nomen
1619 2026 1738 2092 Dei,
1772 2030 1873 2081 aut
1902 2042 2008 2098 per
2029 2025 2104 2080 la-

454 2116 548 2173 bia
574 2116 842 2188 proferri,
877 2116 978 2170 sed
1008 2116 1318 2184 indictum,
1351 2120 1405 2170 et
1426 2115 1586 2170 haud
1614 2113 1946 2185 cuicunque
1973 2131 2105 2186 pro-

453 2206 643 2261 latum
674 2204 978 2269 custodiri,
1016 2204 1128 2259 nisi
1168 2204 1306 2260 solis
1336 2204 1740 2276 pontiﬁcibus,
1785 2204 1846 2260 in
1880 2202 2103 2259 cultum

454 2294 553 2351 Dei
584 2299 643 2351 et
674 2294 1085 2349 reverentiam.
1114 2296 1401 2359 Quocirca
1420 2310 1528 2348 nec
1549 2294 1755 2349 litteris
1784 2293 1948 2365 apud
1973 2293 2103 2348 illos

452 2384 685 2440 usitatis
738 2383 1032 2447 scribitur,
1072 2383 1177 2438 sed
1228 2383 1554 2455 peregrinis
1594 2389 1649 2438 et
1686 2383 1929 2438 exoticis
1969 2383 2106 2439 cha-

450 2473 781 2529 racteribns
801 2472 1021 2527 litteras
1042 2471 1324 2541 ﬁgurant,
1344 2472 1516 2544 quasi
1544 2471 1831 2543 symbolis
1856 2471 2104 2544 quibus-

453 2560 596 2615 dam
622 2561 886 2631 mysticis
914 2566 1089 2626 ;sunt
1110 2565 1308 2616 autem
1337 2561 1540 2616 litteras
1562 2565 1838 2632 quatuor,
1864 2560 2022 2615 unde
2050 2565 2106 2616 et

453 2652 986 2719 tetragrammaton
1017 2649 1179 2721 apud
1215 2666 1315 2704 eos
1357 2654 1698 2720 usurpatur.
1741 2650 1900 2704 Idem
1940 2665 2100 2721 ergo,

452 2738 748 2810 inquiunt,
776 2738 937 2809 apud
955 2738 1194 2793 Iudaeos
1217 2744 1357 2801 erat,
1389 2738 1690 2795 exsecrari
1715 2745 1770 2794 et
1800 2738 2104 2794 nominare

456 2828 663 2891 Deum,
686 2826 798 2881 hoc
826 2830 930 2892 est,
960 2841 1178 2881 nomen
1209 2825 1339 2897 ejus
1373 2825 1667 2881 ineffabile
1698 2839 1802 2897 per
1830 2825 1990 2881 labia
2026 2828 2103 2881 ad

451 2913 735 2987 profanas
747 2930 923 2970 aures
935 2916 1330 2972 transmittere
1347 2932 1359 2970 :
1378 2915 1663 2988 quocirca
1678 2919 1861 2971 morte
1877 2921 2100 2971 utrum-

450 3016 569 3077 que
594 3003 891 3061 luebatur.

521 3275 577 3328 7.
610 3271 799 3342 Atque
818 3270 1109 3326 hactenus
1134 3269 1247 3325 isti.
1275 3270 1463 3328 Porro
1481 3274 1677 3326 autem
1705 3287 1923 3326 nomen
1943 3271 2101 3327 istud

454 3374 637 3415 aureo
667 3358 929 3414 folliculo
961 3359 1330 3431 inscriptum,
1362 3365 1417 3414 et
1452 3360 1701 3415 vinculis
1734 3360 2099 3432 quibusdam

454 3447 532 3503 ad
550 3446 794 3502 ﬁlamen
823 3462 1124 3503 annexum
1150 3448 1508 3520 pontiﬁcale,
1531 3450 1751 3504 summi
1778 3451 2101 3505 sacerdotis

452 3536 706 3593 frontem
738 3538 995 3592 ornabat
1018 3542 1073 3592 et
1110 3538 1478 3593 custodiebat
1510 3560 1521 3591 :
1550 3554 1692 3594 nam
1726 3539 2102 3595 tremendum

451 3631 510 3683 et
532 3622 940 3682 venerandum
972 3626 1336 3681 intuentibus
1367 3627 1717 3683 videbatur:
1754 3628 1934 3683 simul
1969 3629 2106 3685 inti-

452 3714 681 3779 mabat,
714 3720 986 3785 oportere
1012 3715 1356 3786 pontiﬁcem
1390 3720 1585 3771 mente
1607 3722 1896 3788 perpetuo
1923 3733 2105 3789 copu-

451 3803 560 3860 iari
584 3805 721 3870 Deo,
753 3819 863 3859 nec
888 3804 965 3858 ab
989 3803 1088 3859 illa
1107 3803 1285 3860 beata
1312 3806 1675 3861 connexione
1701 3806 2000 3861 divulsum
2026 3806 2103 3863 ad

452 3894 750 3949 terrestria
776 3896 833 3947 et
862 3893 1118 3949 evanida
1141 3893 1371 3949 deferri.
1399 3896 1588 3967 Atque
1626 3896 1707 3951 ita
1740 3896 1887 3968 quid
1920 3897 2105 3952 inten-

452 3983 556 4038 dat
579 3982 693 4038 hoc
724 3998 964 4048 nomen,
995 3984 1149 4039 Dens
1171 3983 1297 4055 ipse
1318 3985 1486 4040 docet
1515 4000 1528 4040 :
1553 4001 1687 4041 cum
1715 3985 2106 4056 interrogaret

454 4071 690 4143 Moyses
724 4086 736 4127 :
776 4094 795 4121 ι
835 4072 1005 4137 Quod
1041 4077 1129 4128 est
1159 4088 1378 4129 nomen
1426 4079 1590 4129 tuum
1624 4074 1652 4129 ‘i
1684 4094 1710 4126 »
1743 4075 2055 4147 respondit
2086 4091 2099 4130 :

454 4180 483 4214 ι(
516 4163 638 4231 Ego
666 4174 819 4227 sum,
855 4160 957 4233 qui
982 4177 1114 4217 sum
1145 4178 1159 4216 :
1187 4182 1213 4211 η
1243 4167 1366 4217 tum
1396 4163 1566 4234 quasi
1597 4168 1963 4218 asseveraret
1990 4163 2104 4218 hoc

451 4250 580 4321 ejus
620 4264 750 4304 esse
788 4263 1008 4305 nomen
1044 4250 1203 4322 quod
1254 4252 1598 4322 protulerat,
1634 4272 1661 4302 ‹‹
1712 4254 1831 4319 Ego
1890 4252 2100 4323 inquit,

452 4338 744 4394 Dominus
786 4337 952 4393 visus
993 4354 1127 4394 sum
1179 4338 1454 4409 Abrahae,
1492 4339 1715 4406 Isaaco,
1754 4340 1974 4394 Jacobo
2017 4355 2028 4394 :
2074 4362 2101 4388 »

451 4431 601 4493 tum,
639 4447 665 4476 α
705 4430 929 4483 Nomen
960 4444 1159 4483 meum
1192 4444 1311 4483 non
1340 4428 1593 4484 revelavi
1622 4428 1736 4483 illis
1769 4430 1816 4464 ¹⁰
1847 4448 1860 4496 ;
1899 4448 1920 4476 ι
1952 4434 2015 4483 ut
2044 4434 2102 4484 tu

452 4517 623 4573 dicas
649 4530 743 4572 me
773 4524 823 4573 te
851 4518 1060 4588 majori
1084 4519 1311 4573 honore
1334 4524 1735 4590 prosecutum,
1763 4535 1950 4590 quam
1978 4534 2101 4574 ma-

446 4606 607 4677 jores
637 4611 769 4662 tuos
792 4607 1419 4678 patriarchas,nomen
1436 4608 1595 4663 enim
1622 4624 1819 4663 meum
1848 4608 2007 4679 quod
2034 4608 2104 4663 iis

452 4710 574 4751 non
605 4695 884 4762 indlcavi,
923 4708 995 4750 ne
1041 4696 1281 4768 quidem
1312 4696 1553 4766 Jacobo,
1611 4714 1748 4752 cum
1787 4697 2103 4753 instantius

450 4788 711 4854 rogaret,
753 4785 867 4840 hoc
917 4784 1017 4839 tibi
1068 4785 1321 4850 innotui,
1381 4802 1489 4856 per
1538 4805 1564 4837 «
1616 4789 1735 4855 Ego
1793 4802 1945 4852 sum,
1996 4786 2103 4858 qui

453 4889 589 4929 sum
624 4890 638 4940 ;
663 4894 690 4923 »
720 4879 772 4927 et
800 4874 915 4929 hoc
944 4874 1164 4930 homen
1195 4875 1455 4930 Hebraeis
1494 4877 1601 4931 Aia
1630 4876 1863 4942 dicitur,
1898 4877 2103 4932 Sama-

451 4961 658 5018 ritanis
724 4962 859 5017 labe
916 4963 1203 5019 scribitur.
1260 4964 1435 5019 Porro
1491 4964 1652 5019 hisce
1707 4965 1908 5020 litteris
1963 4964 2104 5020 Ἰώθ.

453 5050 602 5124 ’Δλφ.
650 5052 835 5109 etiam.
876 5054 963 5111 se.
1015 5053 1235 5125 quibus
1276 5054 1593 5122 indicatur,
1640 5054 1765 5111 sine
1798 5054 1934 5122 ﬁne,
1981 5055 2105 5111 sine

529 5255 577 5293 ¹⁰
620 5254 799 5311 Exod.
835 5270 916 5326 ιιι,
956 5260 1041 5313 14.

2211 1847 2329 1916 ρίαν
2386 1842 2745 1915 ἀπαραίτητον
2800 1842 3029 1913 τελευτᾷ.
3066 1847 3135 1895 Τό
3182 1840 3241 1896 δῖε
3269 1855 3317 1909 ι,
3353 1863 3382 1895 (ι
3423 1845 3731 1918 Ὀνομάζων
3769 1853 3834 1901 τὸ

2214 1935 2373 2004 ὄνομα
2431 1933 2628 2005 Κυρίου
2679 1939 2772 1984 τοῦ
2826 1940 2959 1985 Θεοῦ
2996 1949 3009 1961 ⁸
3043 1953 3071 1984 ))
3106 1941 3340 1985 τοιοῦτον
3394 1930 3522 1987 εἶναι
3575 1935 3834 2011 ἀπείρητο

2213 2029 2321 2083 τοῖς
2351 2018 2635 2083 Ἰουδαίοις
2661 2024 2719 2073 τὸ
2750 2028 2840 2074 τοῦ
2867 2029 2998 2074 Θεοῦ
3032 2026 3192 2094 ὄνομα
3225 2040 3236 2051 ·
3270 2021 3377 2074 ἀλλ’
3405 2025 3484 2075 ὅτι
3521 2028 3669 2099 παρὰ
3709 2032 3827 2095 τὴν,

2214 2114 2364 2175 Θεὸς,
2417 2115 2585 2183 φωνὴν
2646 2112 2980 2182 νομιζόμενον
3035 2108 3128 2163 διὰ
3192 2112 3406 2182 χειλέων
3449 2113 3578 2175 ὅλως
3636 2120 3833 2188 προφέο

2213 2203 2434 2273 ρεσθαι·
2468 2202 2733 2273 ἄφραστον
2780 2197 2839 2252 δὲ
2891 2205 2980 2251 καὶ
3038 2201 3312 2275 ἀνέκφορον
3361 2202 3644 2269 παντελῶς,
3698 2210 3831 2263 πλὴν

2214 2291 2316 2341 ὅσα
2359 2308 2419 2360 γε
2456 2296 2565 2350 τοῖς
2616 2288 2923 2363 ἀρχιερεῦσι
2965 2293 3161 2360 μόνοις,
3212 2290 3293 2342 ἐπὶ
3352 2299 3476 2362 τιμῇ
3528 2297 3619 2344 καὶ
3673 2292 3833 2346 σεϐα-

2217 2383 2463 2449 σμιότητι
2509 2385 2603 2429 τοῦ
2646 2383 2816 2447 Θείου,
2866 2374 3216 2441 διετετήρητο.
3256 2382 3343 2431 Διό
3386 2376 3511 2432 οὐδὲ
3540 2383 3831 2454 γράμμασι

2213 2474 2323 2528 τοῖς
2357 2468 2477 2540 παρ’
2513 2466 2689 2528 αὐτοῖς
2719 2464 3046 2541 διεγράφετο,
3078 2467 3235 2530 ξένοις
3277 2465 3337 2522 δέ
3373 2488 3485 2521 τισι
3538 2475 3629 2522 καὶ
3686 2491 3828 2544 παρ-

3316 2560 3826 2631 χαρακτηρίζοντες,

2212 2646 2296 2697 οἷα
2345 2641 2411 2702 δὴ
2468 2650 2875 2717 μυπικωτέροις
2916 2643 3211 2716 συμϐόλοις,
3256 2645 3381 2697 αὐτὸ
3437 2653 3827 2721 παρυπέφαινον

2213 2556 2551 2628 ηλλαγμένοις
2633 2558 2955 2628 γραμμάτων
3030 2559 3215 2618 τύποις

2211 2738 2446 2806 τέσσαρα
2477 2731 2536 2786 δε
2578 2737 2644 2785 τὰ
2684 2736 2970 2805 γράμματα
3009 2730 3069 2792 ἧν
3110 2733 3162 2796 ἐξ
3205 2734 3265 2786 οὗ
3303 2739 3391 2787 καὶ
3421 2739 3826 2810 τετράγραμμον

2212 2822 2387 2885 αὐτοῖς
2444 2821 2825 2894 ἐπωνομάζετο.
2859 2824 2942 2873 Ἐν
2982 2826 3081 2893 ἴσῳ
3125 2828 3313 2886 τοίνυν,
3370 2829 3548 2895 φασιν,
3584 2827 3824 2900 ὑπῆρχε,

2210 2911 2334 2987 παρ’
2375 2909 2658 2973 ’ἰουδαίοις
2716 2911 3020 2985 ἀράσασθαι
3066 2930 3117 2963 τε
3165 2915 3253 2963 τόν
3300 2917 3447 2977 Θεὸν,
3498 2918 3590 2965 καὶ
3635 2914 3827 2987 ὀνομά-

2214 3020 2305 3052 σαι
2335 3021 2348 3033 ο
2376 3004 2666 3068 τουτέστιν,
2719 3004 2775 3053 τό
2831 3000 3093 3073 ἄφραστον
3142 3005 3302 3073 ὄνομα
3355 3002 3512 3055 αὐτοῦ
3556 3000 3651 3055 διὰ
3695 3023 3824 3075 χει-

2135 3123 2175 3179 C
2209 3089 2352 3155 λέων,
2403 3095 2491 3141 καὶ
2548 3090 2779 3162 μάλιστα
2826 3098 3026 3151 κοιναῖς
3066 3100 3424 3163 προσενεγκεῖν
3473 3090 3676 3154 ἀκοαῖς.
3732 3098 3821 3147 Διό

2210 3184 2299 3232 καὶ
2330 3180 2549 3253 ἐκατέρῳ
2582 3181 2799 3241 θάνατος
2829 3179 3051 3231 ἐπέκειτο
3081 3181 3110 3236 η
3147 3179 3333 3251 ζημία.

2285 3268 2347 3331 ζ’.
2383 3267 2541 3321 Ἀλλὰ
2582 3270 2745 3340 ταύτῃ
2778 3270 2867 3340 μὲν
2919 3274 3008 3320 καὶ
3047 3264 3210 3320 οὗτοι.
3253 3275 3416 3321 Τοῦτο
3450 3265 3509 3321 δὲ
3544 3273 3603 3322 τὸ
3634 3275 3819 3344 ὄνομα,

2211 3363 2300 3410 καὶ
2339 3364 2547 3431 χρυσοῦ
2591 3356 2786 3428 πετάλῳ
2833 3360 3303 3430 ἓγχαραττόμενον,
3335 3364 3425 3411 καὶ
3457 3367 3520 3431 τῇ
3564 3359 3827 3434 ἀρχιερα-

2211 3456 2329 3519 τικῇ
2390 3451 2563 3518 ταινίᾳ
2607 3442 2823 3518 δεσμοῖς
2875 3446 3244 3519 ἁρμοζόμενον,
3286 3450 3345 3499 τό
3388 3455 3480 3500 τοῦ
3526 3448 3829 3525 ἀρχιερέως

2213 3533 2445 3609 ἇφρούρει
2491 3555 2544 3587 τε
2591 3540 2680 3587 καὶ
2731 3534 2939 3607 ἐκόσμει
2980 3540 3213 3607 μέτωπον
3246 3553 3258 3565 ⁸
3296 3536 3408 3607 ἅμα
3463 3540 3553 3609 μὲν
3612 3538 3827 3613 φοϐερόν

2212 3630 2299 3676 καὶ
2355 3624 2637 3696 σεϐάσμιον
2681 3632 2792 3685 τοῖς
2841 3626 3005 3696 ὁρῶσι
3042 3621 3243 3684 δεικνύς
3272 3641 3285 3655 ⁸
3318 3625 3429 3696 ἅμα
3468 3622 3528 3678 δὲ
3565 3632 3655 3679 καὶ
3694 3649 3830 3704 παρ⁴⁵

2214 3720 2531 3786 εγγυώμενον
2580 3716 2656 3765 άεί
2717 3710 2824 3765 δεῖν
2870 3718 2956 3764 τόν
3004 3712 3375 3786 ἁρχιερατὸνὶ)
3434 3722 3551 3766 νοῦν
3597 3728 3829 3775 συνηνῶ-

2216 3806 2339 3856 σθαι
2390 3811 2461 3872 τῷ
2520 3810 2653 3873 Θεῷ,
2705 3807 2793 3854 καὶ
2847 3799 3111 3874 μηδέποτε
3159 3812 3257 3864 τῆς
3308 3801 3497 3856 ἐκεῖθεν
3545 3810 3829 3877 συναφείας

2212 3898 2302 3945 καὶ
2355 3896 2735 3966 μακαριότητος
2786 3888 3169 3963 διασπώμενον,
3231 3892 3316 3944 ἐπὶ
3376 3896 3443 3945 τὰ
3493 3898 3673 3965 γὴῐνα,
3739 3900 3827 3947 καὶ

2213 3983 2341 4053 ἅπερ
2411 3984 2523 4033 ἐστὶ
2600 3990 2691 4042 τῆς
2758 3985 3122 4052 ματαιότητος,
3178 3984 3577 4054 καταφέρεσθαι.
3634 3988 3701 4035 Τί
3754 3981 3824 4042 δή

2213 4071 2326 4125 ποτ’
2377 4072 2464 4123 οὖν
2505 4069 2616 4122 ἐστι
2667 4078 2820 4122 τοῦτο
2865 4074 2922 4122 τό
2955 4074 3135 4142 ὄνομα,
3168 4070 3320 4131 αὐτὸς
3346 4073 3371 4122 ό
3398 4080 3497 4123 τῶν
3540 4071 3665 4123 ὅλων
3700 4076 3828 4134 Θεὸς

2215 4158 2482 4213 διδάσκει.
2528 4161 2947 4233 Ἐπερωτήσαντι
2985 4162 3086 4233 γὰρ
3133 4167 3206 4229 τῷ
3251 4166 3449 4223 Μωσεῖ,
3491 4165 3631 4213 τίτό
3663 4166 3828 4234 ὄνομα

2215 4251 2395 4314 αὐτοῦ,
2447 4252 2562 4321 ἔφη,
2600 4268 2627 4299 «
2668 4249 2802 4320 Ἐγώ
2850 4248 2954 4320 εἰμι
2994 4249 3019 4299 ό
3064 4253 3130 4299 ὥν
3164 4268 3175 4280 ·
3212 4270 3239 4298 »
3276 4253 3365 4300 καὶ
3412 4249 3586 4312 πάλιν,
3650 4250 3825 4304 ἐπιϐε-

2215 4340 2373 4393 ϐαιῶν
2426 4342 2490 4400 ὡς
2556 4346 2707 4392 τοῦτο
2770 4338 2929 4390 αὐτοῦ
2989 4342 3067 4396 εἴη
3132 4342 3310 4409 ὄνομα,
3373 4339 3399 4390 ὃ
3465 4340 3824 4412 προεξέφηνεν,

2220 4452 2246 4481 (ι
2315 4430 2469 4500 Ἐγὼ,
2526 4433 2677 4501 φησὶ,
2750 4431 2936 4501 Κύριος
3000 4430 3176 4500 ὤφθην
3242 4432 3370 4500 πρὸς
3436 4427 3679 4501 Ἀϐραὰμ
3738 4432 3831 4482 καί

2216 4522 2398 4573 Ἰσαὰκ
2444 4524 2533 4570 καὶ
2563 4517 2785 4571 Ἰακώϐ·
2823 4540 2842 4566 ι
2880 4514 3007 4585 εἶτα,
3058 4537 3085 4569 ‹‹
3119 4522 3219 4569 Καὶ
3269 4521 3328 4568 τό
3378 4519 3537 4589 ὄνομά
3579 4537 3682 4589 μον
3733 4520 3831 4573 οῦκ

2215 4605 2458 4665 ἐδήλωσα
2506 4607 2683 4669 αὐτοῖς
2717 4624 2729 4637 ’
2767 4610 2904 4658 »ἶνα
2955 4610 3102 4679 εἴπης
3128 4618 3173 4670 c,
3233 4608 3466 4677 μείζονάς
3521 4626 3579 4658 σε
3631 4608 3831 4679 φιλοτι-

2214 4702 2354 4770 μίας,
2426 4698 2456 4755 η
2515 4700 2635 4759 τοὺς
2693 4696 3050 4769 πατριάρχας,
3118 4699 3235 4755 τοὺς
3318 4698 3443 4755 σοὺς
3512 4701 3827 4769 προγόνους,

2214 4788 2455 4849 ἡξίωσα’
2488 4790 2546 4838 τό
2586 4788 2687 4861 γὰρ
2736 4788 2895 4857 ὄνομά
2952 4805 3073 4857 μου,
3135 4787 3256 4857 ὅπερ
3308 4783 3514 4843 ἐκείνοις
3553 4784 3648 4836 οῦκ
3697 4782 3829 4844 ἐδή-

2213 4876 2377 4946 λωσα,
2463 4880 2635 4927 καίτοι
2717 4883 2789 4945 τῷ
2868 4874 3073 4941 Ἰακὼϐ,
3138 4878 3223 4925 καὶ
3307 4872 3827 4946 προσλιπαρήσαντι,

2215 4969 2364 5018 τοῦτό
2421 4984 2507 5017 σοι
2565 4962 2869 5037 διεσάφησα
2917 4962 3324 5035 ἀποφηνάμενος,
3379 4981 3401 5012 ιι
3461 4962 3594 5032 Ἐγώ
3643 4963 3752 5035 εἰμι
3800 4966 3828 5016 ό

2217 5060 2302 5111 ὤν.
2347 5076 2375 5107 »
2426 5062 2588 5107 Τοῦτο
2656 5052 2715 5107 δὲ
2769 5056 2915 5126 παρὰ
2979 5056 3068 5125 μὲν
3135 5052 3386 5127 Ἑϐραίοις
3439 5050 3642 5122 λέγεται
3701 5053 3824 5106 Αἱά’

1790 5382 2031 5439 νΑιιιλΕ
2070 5382 2476 5441 LECTIONES.

540 5587 569 5622 ι
597 5579 637 5635 C
666 5580 734 5635 Μ.
769 5582 821 5632 τί
850 5575 929 5637 δέ.
1006 5580 1037 5623 b
1087 5578 1205 5649 leg.
1238 5578 1491 5657 ἀρχιερέα
1514 5582 1623 5634 τόν.
1652 5582 1713 5637 C.
1754 5580 1827 5636 M.
1852 5579 2222 5657 ἀρχιερατικὸν
2248 5585 2385 5635 νοῦν.
2462 5590 2489 5623 ο
2543 5547 2686 5655 εἴπῃ.
