4136 6198
293 257 402 312 569
1285 255 1381 314 AD
1423 257 1926 318 AMPHILOCHIU]

2030 257 2344 330 ὶυλΕΞΤῐΟ
2383 261 2503 326 xc,
2532 259 2668 318 XCI.
3553 267 3663 324 570

289 383 440 456 παρὰ
470 377 530 434 δε
585 385 948 455 Σαμαρείταις,
979 380 1131 436 Ἰαϐἑ.
1193 385 1452 457 Γράφει-αι
1511 381 1569 438 δὲ
1598 390 1688 438 καὶ
1733 387 1902 457 γράμ-

2028 386 2308 458 principio
2353 402 2486 444 esse
2517 389 2724 444 Deum.
2757 387 2824 442 Et
2877 384 2994 448 hoc
3033 385 3350 456 signiﬁcat,
3391 391 3496 459 qui
3533 399 3661 452 est:

289 489 428 542 μασι
457 471 660 530 τούτοις
693 486 706 500 ·
739 470 852 524 ἰώθ.
886 470 1006 542 ἅλῳ.
1037 470 1218 524 οῦαύθ.
1253 474 1342 530 ἤθ.
1369 469 1440 524 δι’
1471 473 1540 524 ὧν
1572 469 1826 532 δηλοῦται
1847 477 1906 526 τὸ

2030 491 2142 532 meo
2173 476 2332 532 enim
2363 491 2476 532 vox
2519 491 2710 548 neque
2737 480 2875 536 ante
2905 491 3064 541 eum,
3099 491 3210 532 nec
3236 481 3370 548 post
3393 493 3533 534 eum
3559 478 3663 536 ali-

291 561 528 631 οἶναρχόν
581 578 636 611 τε
692 564 782 612 καὶ
833 557 1168 620 ἀτελεύτητον
1218 568 1310 612 τοῦ
1369 569 1530 619 Θεοῦ.
1591 569 1755 616 Τοῦτο
1801 565 1904 637 γὰρ

2036 565 2162 636 [uid
2184 565 2431 622 omnino
2444 565 2748 633 exsistere,
2763 563 3002 636 proprie
3019 569 3184 626 notat
3203 565 3414 638 ;idquc
3429 583 3669 640 semper

291 652 620 720 παρίστησιν
655 653 747 700 καὶ
798 653 856 700 τὸ
883 649 932 714 (ί,
965 651 991 702 ὁ
1031 655 1124 706 ὢν.
1163 649 1304 708 Αὕτη
1354 653 1451 723 γὰρ
1501 653 1530 710 ἡ
1581 655 1742 722 φωνὴ,
1776 656 1908 722 μήτε

2034 655 2292 712 assistere
2330 659 2388 710 et
2415 655 2768 711 aeternaliter
2806 654 3130 710 subsistere
3165 654 3418 712 intimat.
3457 659 3667 716 Utrivi

291 741 394 812 πρὸ
455 737 637 804 αὐτοῦ,
693 743 827 809 μήτε
875 739 984 810 μετ’
1039 739 1193 790 αὐτὸν
1251 736 1381 792 εἶναί
1435 760 1486 792 τι
1536 744 1752 815 κυρίως,
1819 745 1909 792 καὶ

2026 744 2268 802 istarum
2284 745 2729 816 expositionum
2750 744 2798 799 si
2815 749 2865 800 te
2879 743 3325 813 accommodes,
3341 745 3504 803 haud
3524 748 3624 820 opi
3637 777 3659 794 -

295 827 557 900 ὑπάρχειν
616 826 760 892 ὅλως,
817 824 1136 880 ἐνδείκνυται
1169 845 1180 856 '
1215 830 1336 903 ὅπερ
1387 833 1444 880 τὸ
1493 827 1570 882 ἀεὶ
1623 827 1772 894 εἶναι,
1820 833 1910 880 καὶ

2032 849 2130 890 nor
2149 834 2328 890 aliam
2345 833 2682 905 indagabis,
2717 851 2852 890 cum
2875 849 2982 890 nec
3004 833 3332 890 obscuritas
3353 835 3468 894 ulla
3485 837 3665 904 adsit,

295 911 484 976 αῑόίως
537 912 690 979 εἶναι,
753 923 1088 976 συνίστησιν.
1127 916 1376 988 Ἐκατέρᾳ
1426 923 1596 970 τοίνυν
1651 937 1910 991 προσομι-

2030 929 2074 978 et
2093 928 2408 995 utrumque
2423 923 2648 981 dictam
2670 923 3020 982 sententiam
3042 921 3317 982 exhibeat
3332 927 3663 998 procinctu.

299 1003 398 1056 λῶν
447 1003 712 1079 ἑρμηνείᾳ,
747 1003 862 1058 οὐδ’
901 1005 1096 1080 ἑτέραν.
1155 1003 1322 1078 οἶμαι,
1371 1004 1598 1074 διώξεις,
1631 1011 1750 1060 οὔτε
1779 1005 1910 1059 ασα-
2021 1010 2177 1068 Vale,

296 1097 464 1165 φείας,
505 1097 622 1146 οὔτε
666 1103 758 1146 τοῦ
809 1099 882 1166 μὴ
937 1101 1055 1170 περὶ
1113 1092 1256 1148 πόδα
1301 1092 1430 1149 εἶναι
1485 1101 1578 1156 τὴν
1625 1095 1909 1170 ἑκατέρωθε

299 1178 536 1236 διάνοιαν
653 1184 818 1258 ῥητῷ.
863 1183 1122 1260 Ἔῤῥωσο.

895 1297 1210 1346 sparum
1239 1277 1307 1352 θ’.
2157 1290 2474 1360 QUESTIO
2517 1292 2600 1348 xc
2653 1291 2949 1365 [CCLXXL
2996 1293 3178 1350 Taur.
3227 1295 3522 1368 CCXLVI].

289 1419 452 1472 Edita
475 1436 506 1472 a
539 1423 883 1482 Montacutio,
911 1439 992 1488 ep.
1023 1427 1131 1482 163,
1158 1426 1224 1474 ad
1247 1425 1500 1488 Amphil.,
1523 1441 1575 1490 p.
1607 1425 1716 1473 220.
1741 1423 1814 1474 De
1849 1438 2008 1488 pmna
2041 1427 2090 1474 in
2123 1426 2538 1490 pronuntiantes
2573 1439 2770 1476 nomen
2801 1425 2893 1474 Dei
2917 1425 3199 1477 ineffabile.
3231 1428 3393 1477 Levit.
3415 1443 3556 1488 xxxv,
3579 1431 3670 1484 16.

365 1520 454 1583 Ὠς
499 1522 627 1582 καλή
695 1543 790 1576 σου
843 1526 871 1582 ἡ
931 1523 1124 1600 ἀπορία
1157 1524 1167 1578 !
1205 1527 1418 1598 Γράφεις
1465 1525 1586 1596 γὰρ,
1633 1527 1697 1586 ὡς
1739 1523 1783 1575 εἰ
1821 1527 1911 1598 μὲν
1945 1523 1988 1577 Β

2093 1527 2279 1590 Quam
2308 1523 2539 1580 erudita
2569 1529 2656 1580 est
2688 1531 2788 1580 tua
2812 1525 3060 1598 quaestio
3085 1527 3096 1580 i
3129 1529 3214 1584 Ita
3241 1528 3400 1582 enim
3435 1527 3663 1598 scribis,

289 1609 520 1686 ἄρρητον
576 1617 740 1686 ὄνομα
792 1619 851 1666 τὸ
912 1617 1066 1680 θεῖον,
1115 1619 1204 1667 καὶ
1267 1621 1501 1688 γνώσεως
1552 1617 1750 1686 μεῖζον,
1805 1623 1912 1672 πῶς

2029 1616 2064 1669 si
2085 1613 2379 1670 ineffabile
2402 1629 2622 1668 nomen
2657 1614 2752 1668 Dei
2783 1614 2876 1676 sit.
2900 1621 2954 1670 et
2971 1615 3390 1688 cogitationem
3410 1616 3662 1686 excedit,

289 1702 524 1754 ἐπέκειτο
571 1705 791 1764 θάνατος
829 1713 900 1775 τῷ
953 1703 1282 1776 φθεγξαμένῳ
1330 1705 1359 1762 ἡ
1395 1704 1604 1774 Capiet;
1639 1699 1778 1756 Οῦδε
1807 1705 1908 1776 γὰρ

2035 1721 2120 1760 :ur
2143 1707 2329 1759 morte
2358 1702 2622 1768 luebant,
2647 1704 2749 1776 qui
2781 1703 3146 1762 efferebant?
3163 1721 3356 1778 neque
3378 1706 3536 1762 enim
3561 1721 3668 1780 po-

293 1790 432 1854 ἑνῆν,
488 1787 609 1843 οὐδὲ
661 1792 824 1844 πολλὰ
865 1793 1161 1858 θελήσαντι,
1218 1792 1542 1864 φθέγξασθαι
1573 1809 1584 1820 ·
1613 1792 1656 1844 εἰ
1701 1789 1752 1844 δ’
1793 1791 1907 1850 ἐνῆν

2034 1799 2168 1850 ;erat
2197 1793 2351 1865 quis,
2385 1791 2516 1848 licet
2540 1791 2710 1848 valde
2737 1799 2996 1866 cuperet,
3020 1793 3164 1848 illud
3184 1793 3442 1866 proferre
3469 1796 3667 1867 ;quod

295 1873 394 1928 διὰ
443 1879 656 1952 χειλέων
704 1889 1043 1954 προενεγκεῖν,
1101 1890 1208 1944 πῶς
1255 1881 1478 1956 ἄρρητον
1530 1885 1620 1932 καὶ
1659 1879 1906 1956 ἀνέκφρα-

2032 1883 2068 1938 si
2095 1881 2269 1938 labiis
2309 1883 2558 1954 proferri
2589 1883 2802 1953 potuit,
2833 1883 3144 1956 quomodo
3187 1890 3311 1940 erat
3341 1883 3665 1954 ineffabile,

296 1985 420 2019 στον
470 1987 482 2032 ;
527 1968 662 2022 Ἀλλ’
713 1973 873 2042 ἔχεις,
937 1969 1104 2042 οἶμαι,
1163 1973 1622 2044 προγεγραμμένην
1680 1989 1764 2022 σοι
1819 1972 1910 2021 καὶ

2036 1978 2116 2027 tut
2144 1970 2556 2042 inexplicabile
2580 1973 2607 2027 ?
2635 1971 2746 2028 Sed
2777 1971 2962 2028 habes
2980 1971 3106 2044 jam
3137 1971 3568 2046 praascriptam,
3605 1972 3669 2036 ni

295 2056 543 2131 λαμπρῶς
599 2063 694 2118 τὴν
747 2059 922 2116 λύσιν.
979 2067 1061 2130 Τῷ
1108 2061 1210 2136 γὰρ
1265 2060 1420 2112 εἰπεῖν
1450 2064 1536 2111 τὸν
1585 2061 1907 2134 ὑπερουσίως

2028 2059 2202 2126 fallor,
2237 2058 2594 2114 luculentam
2635 2060 3012 2128 solutionem,
3043 2061 3190 2116 Cum
3235 2062 3394 2116 enim
3431 2061 3661 2130 dixerit,

293 2150 418 2198 ὄντα
451 2151 601 2213 Θεὸν,
636 2167 664 2198 ‹‹
707 2147 840 2219 Ἐγὼ
890 2149 995 2221 εἰμι
1025 2150 1050 2200 ὀ
1081 2153 1148 2199 ὤν
1183 2165 1194 2178 ·
1226 2170 1254 2202 ››
1287 2151 1448 2220 ὄνομά
1491 2168 1544 2201 τε
1592 2148 1750 2200 αὐτοῦ
1778 2145 1905 2200 εἶναι

2030 2148 2118 2222 Ini
2165 2149 2318 2204 Deus
2360 2154 2446 2204 est
2486 2148 3102 2218 suprasubstantialis,
3132 2169 3160 2200 «
3193 2149 3316 2222 Ego
3357 2167 3514 2216 sum,
3559 2151 3663 2223 qui

293 2244 450 2288 τοῦτο
507 2235 567 2288 ἂν
625 2237 804 2302 εἰπεῖν,
852 2243 941 2290 καὶ
988 2246 1060 2308 τῷ
1109 2241 1305 2300 ταύτης
1355 2247 1446 2298 τῆς
1495 2245 1664 2310 φωνῆς
1715 2243 1906 2290 Μωσέα

2028 2255 2168 2303 sum,
2207 2259 2233 2286 »
2263 2236 2579 2292 dicendum
2602 2253 2844 2310 quoque
2870 2245 2955 2293 est
2977 2237 3093 2294 hoc
3111 2255 3240 2294 esse
3263 2255 3485 2296 nomen
3511 2240 3661 2312 ejus,

297 2321 584 2378 διακοῦσαι
620 2342 632 2355 '
666 2327 760 2378 οῦκ
827 2327 1053 2379 ἀκοῦσαι
1106 2324 1163 2380 δε
1233 2333 1406 2400 μόνον,
1467 2325 1593 2378 ἀλλὰ
1645 2331 1728 2378 καὶ
1793 2335 1904 2390 τοῖς

2030 2343 2082 2382 ιο
2111 2325 2276 2399 quod
2302 2327 2460 2382 hanc
2483 2342 2689 2382 vocem
2711 2325 2896 2383 fando
2913 2327 3489 2400 accipiebatMoyses
3515 2344 3530 2394 ;
3558 2328 3663 2384 sed

295 2414 634 2490 ἀρχιερεῦσιν
685 2414 998 2488 ἀπαγγεῖλαι
1039 2434 1050 2445 ⁸
1104 2417 1196 2470 οὐκ
1251 2415 1563 2487 ἀπαγγεῖλαι
1612 2412 1671 2468 δὲ
1725 2421 1900 2488 μόνον,

2026 2431 2120 2472 nec
2149 2417 2273 2486 ipse
2302 2414 2456 2470 solus
2478 2414 2684 2484 audiit,
2715 2431 2916 2471 verum
2942 2416 3393 2488 etpontiﬁcibus
3424 2432 3659 2472 annun-

293 2502 424 2556 ἀλλὰ
473 2510 562 2556 καὶ
609 2515 800 2577 χρυσῷ
868 2505 1069 2578 πετάλῳ
1125 2509 1338 2580 γράφειν
1406 2503 1736 2578 παραδοῦναι
1770 2523 1781 2536 ·
1825 2509 1902 2560 ὃτι

2026 2503 2177 2562 .iavit
2200 2521 2212 2570 ;
2237 2520 2341 2558 nec
2371 2503 3018 2572 annuntiavittantum,
3049 2504 3156 2560 sed
3182 2505 3532 2578 inscriptum
3555 2521 3659 2562 au-

291 2596 385 2666 μεν
544 2594 728 2646 ἑαυτοῦ
769 2598 920 2668 φύσει
964 2601 1053 2646 καὶ
1079 2599 1312 2667 γνωστὸν
1345 2592 1425 2664 ἦν,
1458 2601 1547 2648 καὶ
1575 2597 1732 2671 ῥητόν
1769 2614 1779 2626 ⁸
1814 2602 1902 2650 καὶ

2032 2608 2124 2648 'eaa
2149 2592 2378 2648 laminae
2407 2593 2569 2648 dedit
2600 2609 2614 2648 :
2645 2597 2824 2666 atque
2851 2594 2985 2650 ideo
3023 2593 3289 2650 insinuat
3329 2599 3384 2650 et
3417 2593 3665 2664 intelligi

293 2685 377 2735 ὅτι
413 2689 520 2735 τισὶ
569 2687 658 2755 μεν
699 2682 1012 2756 ἐπέψωστο,
1059 2689 1148 2736 καὶ
1194 2685 1286 2736 οῦκ
1325 2686 1590 2758 ἄφραστον
1637 2690 1766 2758 πρὸς
1811 2685 1897 2738 αλ-

2031 2687 2064 2740 ιε
2103 2681 2400 2738 nominari
2439 2683 2628 2738 Deum
2667 2697 2880 2754 posse;
2914 2687 2971 2738 et
3008 2687 3162 2738 certe
3200 2682 3366 2756 quod
3405 2699 3526 2740 non
3565 2698 3664 2740 ne-

291 2769 486 2832 λήλους
525 2773 606 2840 ἦν,
655 2769 750 2824 διὰ
795 2775 998 2825 πάντων
1045 2775 1276 2847 ὑπάρχει
1309 2779 1650 2846 σαφέστατον.
1689 2773 1812 2828 ’Ὁτι
1843 2772 1901 2828 δὲ

2030 2769 2154 2826 nini
2190 2771 2684 2840 cognoscebatur,
2716 2778 2772 2826 et
2799 2772 2966 2844 quod
2995 2788 3117 2828 non
3149 2771 3324 2844 plane
3353 2771 3506 2828 inter
3529 2771 3663 2830 illos

296 2855 372 2912 δι’
401 2857 468 2911 ὧν
507 2869 616 2924 τοῖς
667 2861 873 2924 πολλοῖς
928 2865 1044 2915 οὔτε
1090 2863 1160 2926 εἰς
1208 2861 1382 2927 ἀκοὰς,
1437 2867 1550 2916 οὔτε
1597 2864 1668 2924 εἰς
1710 2873 1900 2936 γνῶσιν

2034 2859 2352 2929 ndicibilis,
2383 2876 2414 2916 e
2441 2859 2642 2916 multis
2671 2865 2832 2932 patet
2861 2861 2952 2916 vel
2983 2861 3328 2916 clarissime.
3355 2861 3527 2926 Quod
3558 2877 3661 2918 au-

294 2947 504 3020 ἑιφίκτο,
567 2950 694 3002 ἀλλὰ
745 2957 834 3003 καὶ
887 2951 964 3012 οἷς
1001 2950 1306 3023 ἐγινώσκετο
1351 2951 1550 3023 φυλακή
1598 2960 1799 3026 προσῆν
1829 2953 1900 3015 εἰς

2033 2964 2146 3013 em,
2181 2953 2237 3004 et
2261 2965 2368 3022 per
2396 2964 2530 3020 qum
2561 2949 3043 3022 quamplurimis,
3077 2965 3186 3004 nec
3211 2948 3289 3005 ad
3319 2965 3518 3014 aures,
3554 2965 3663 3006 nec

293 3039 478 3099 ἄλλους
529 3044 600 3112 μὴ
657 3038 850 3112 ἐξάγειν
881 3058 893 3070 ·
926 3045 1016 3092 καὶ
1062 3047 1214 3092 τοῦτο
1259 3037 1416 3099 δῆλον
1457 3043 1524 3102 ὡς
1554 3040 1776 3114 ἆρῥητον
1807 3042 1903 3094 αῦ-

2026 3037 2084 3092 td
2125 3037 2568 3109 intelligentiam
2609 3038 2900 3104 ascendit,
2929 3037 3032 3094 sed
3063 3043 3118 3094 et
3155 3038 3399 3110 insuper
3435 3040 3494 3094 in
3535 3054 3659 3104 eos,

291 3130 354 3180 τὸ
389 3133 478 3179 καὶ
527 3126 877 3204 ἁνέκφραστον
930 3125 1113 3182 ἐδίδου
1162 3129 1473 3182 καλεῖσθαι·
1503 3132 1765 3202 ἄφραστος
1814 3131 1900 3182 οῦν

2030 3126 2228 3196 [uibus
2267 3127 2620 3194 innotuerat,
2665 3128 2936 3182 custodia
2983 3125 3410 3198 apponebatur,
3469 3143 3543 3184 ne
3582 3127 3663 3184 ad

292 3221 386 3268 καὶ
435 3215 704 3290 ἀνέκφορος
731 3220 760 3276 ἡ
795 3221 906 3270 θεία
948 3218 1154 3282 κλῆσις,
1196 3218 1302 3289 οὐχ
1351 3220 1428 3270 ὅτι
1477 3222 1630 3290 φύσιν
1667 3219 1758 3271 οὐκ
1790 3217 1903 3292 εἶχε

2026 3222 2320 3271 ΒΧΠἮΠΘΟΒ
2352 3215 2693 3280 effarentur,
2725 3215 2912 3288 liquet
2935 3216 3095 3282 inde,
3127 3217 3291 3288 quod
3321 3216 3659 3274 innomina-

289 3305 498 3378 ῥήμασι
551 3311 641 3358 καὶ
695 3305 911 3379 γλώσσῃ
970 3309 1196 3382 ῥηθῆναι
1254 3305 1434 3378 (δῆλον
1491 3309 1613 3380 γὰρ,
1682 3306 1782 3371 κάξ
1835 3309 1902 3360 ὧν

2025 3304 2124 3360 )ile
2154 3311 2211 3360 ct
2250 3304 2552 3360 incidibile
2592 3305 2774 3360 voluit
2803 3303 3114 3376 appellari.
3149 3307 3214 3360 Et
3252 3319 3395 3375 ergo
3435 3320 3658 3362 nomen

291 3403 382 3446 νῦν
430 3407 456 3438 θ
510 3401 662 3448 παντὶ
695 3405 766 3467 τῷ
809 3395 1104 3470 βουλομένῳ
1132 3397 1290 3471 ῥητός
1321 3395 1504 3469 ἐστιν),
1539 3395 1644 3448 ἀλλ’
1677 3397 1756 3448 ὃτι
1786 3398 1902 3448 οὔτε

2029 3393 2110 3448 )ei
2131 3393 2432 3450 ineffabile
2454 3400 2510 3450 et
2533 3393 2876 3450 inetft'eribile
2901 3409 2915 3460 ;
2945 3407 3064 3448 non
3084 3393 3242 3466 quod
3273 3397 3490 3450 natura
3512 3409 3662 3466 pra:-

291 3491 428 3536 πᾶσι
475 3484 688 3558 ῥητὸνῆ
721 3489 966 3558 γνωστὸν,
1023 3482 1140 3537 οὐδ’
1179 3487 1258 3538 ὅτι
1307 3487 1384 3548 οἷς
1441 3486 1777 3538 ἐπεπίστευτο
1825 3485 1902 3537 εἰ-

2023 3482 2164 3538 iitus
2194 3488 2279 3538 est
2311 3486 2484 3548 Deus,
2510 3497 2640 3554 quae
2673 3481 2862 3538 verbis
2893 3488 2948 3540 et
2977 3481 3182 3552 lingua
3212 3481 3328 3538 dici
3359 3487 3656 3556 nequeat:

293 3569 464 3640 δέναι,
519 3571 642 3626 οῦδὲ
671 3573 882 3636 ἐκείνοις
925 3575 986 3632 ἧν
1028 3571 1266 3639 δυνατὸν,
1321 3573 1460 3648 φόϐῳ
1512 3583 1603 3626 τοῦ
1655 3576 1896 3639 θανάτου,

2024 3576 2166 3644 patet
2191 3572 2350 3628 enim
2376 3571 2536 3644 quod
2565 3571 2892 3626 etiamnum
2921 3571 3068 3627 illud
3085 3571 3362 3646 quisquis
3385 3570 3657 3638 voluerit,

291 3667 420 3738 πρὸς
481 3663 664 3726 ἄλλους
735 3662 918 3734 λέγειν,
981 3664 1009 3722 ἣ
1064 3669 1252 3738 τρόπον
1328 3666 1495 3738 ἕτερον
1563 3664 1634 3726 εἰς
1707 3672 1900 3736 γνῶσιν

2030 3661 2266 3718 ηιοίθιονθ
2297 3665 2476 3733 queat
2505 3679 2518 3718 :
2553 3660 2658 3716 sed
2689 3661 2852 3734 quod
2879 3660 3152 3716 omnibus
3183 3660 3409 3734 passim
3437 3676 3545 3716 nec
3567 3661 3663 3718 in-

293 3753 460 3824 οῐγειν.
541 3751 723 3824 Ἔχεις
793 3760 1088 3824 τοιγαροῦν,
1145 3751 1184 3804 ὦ
1235 3751 1496 3826 βέλτιστε,
1569 3753 1702 3814 ὅπως
1779 3755 1900 3826 παρ’

2025 3739 2208 3822 ζθΙΙὶςί,
2239 3750 2326 3806 vel
2361 3749 2510 3806 edici
2537 3755 2738 3822 queat,
2766 3750 2872 3806 sed
2895 3765 3000 3806 nec
3029 3749 3120 3816 iis,
3148 3749 3370 3822 quibus
3403 3749 3658 3820 cognitio

294 3838 577 3901 Ἰουδαίοις
629 3843 896 3912 ἄγνωστον
943 3860 996 3894 τε
1041 3846 1130 3894 καὶ
1175 3840 1523 3915 ἀνέκφραστον
1565 3846 1621 3893 τὸ
1649 3850 1738 3894 τοῦ
1766 3849 1898 3896 Θεοῦ

2024 3840 2134 3912 ajus
2156 3838 2648 3905 concredebatur,
2672 3839 2896 3896 licitum
2920 3843 3046 3896 erat
3065 3839 3178 3894 sub
3196 3855 3376 3912 pmna
3397 3837 3657 3911 capitali,

294 3933 458 4003 ὄνομα
487 3932 699 4004 ὑπῆρχε
729 3949 739 3960 ·
773 3936 862 3982 καὶ
913 3932 1050 3991 ὅπως
1090 3931 1204 3990 ἐνῆν
1254 3930 1588 4005 βουλομένοις
1616 3930 1766 3992 ἐνίοις
1807 3931 1902 3983 αῦ-

2020 3929 2137 3984 illis
2175 3945 2472 3994 enarrare,
2501 3933 2606 3983 aut
2633 3927 2766 3984 aliis
2800 3927 3015 4000 quovis
3047 3927 3230 3984 modo
3263 3926 3653 3997 cognifacere,

293 4027 414 4082 τῶν,
471 4023 560 4070 καὶ
625 4018 810 4079 αὐτοὺς
867 4019 1020 4071 εἰπεῖν
1075 4025 1164 4070 καὶ
1213 4019 1413 4094 ἑτέρους
1471 4015 1662 4071 εἰδέναι
1711 4038 1764 4071 τε
1815 4023 1901 4072 καὶ

2026 4018 2201 4074 labes
2231 4018 2328 4082 ita,
2363 4033 2399 4072 ο
2431 4017 2610 4087 bone,
2637 4016 2946 4088 quomodo
2981 4015 3080 4070 Dei
3118 4031 3334 4072 nomen
3370 4015 3534 4088 apud
3562 4017 3659 4072 Ju-

299 4105 716 4180 ἀναφθέγγεσθαι
763 4109 1142 4184 παραπλησίως
1194 4109 1389 4176 αὐτοῖς,
1443 4105 1778 4161 ἐκδιδάσκειν
1813 4126 1823 4137 ·
1859 4108 1902 4161 εἰ

2026 4107 2171 4164 iaeos
2215 4105 2484 4176 ignotum
2525 4111 2580 4160 et
2623 4103 2924 4160 ineffabile
2963 4103 3094 4173 fuit,
3135 4109 3190 4160 et
3233 4103 3398 4176 quod
3440 4103 3659 4160 licebat.

297 4202 370 4270 μὴ
427 4205 524 4260 τῆς
569 4203 823 4273 τιμωρίας
879 4197 1197 4271 ἐπικείμενος
1253 4200 1278 4250 ὁ
1337 4196 1506 4270 φόϐος,
1567 4198 1756 4269 μείζων
1798 4197 1898 4270 ἐγί-

2024 4195 2310 4252 Jonnullis
2337 4195 2488 4250 inter
2509 4209 2628 4258 eos,
2659 4209 2792 4248 cum
2817 4191 3124 4248 enuntiare
3149 4192 3314 4264 ipsis,
3347 4197 3469 4246 tum
3491 4190 3657 4264 apud

297 4305 412 4338 νετο
455 4295 545 4348 τῆς
591 4285 868 4358 ἐπιθυμίας
921 4295 1014 4338 τῶν
1063 4291 1126 4338 τὰ
1167 4294 1387 4339 τοιαῦτα
1435 4287 1722 4347 ζητούντων
1761 4295 1904 4359 μυεῖ-

2028 4285 2156 4340 tlios
2201 4283 2482 4358 proferre,
2514 4287 2571 4338 et
2623 4297 2726 4338 eos
2771 4281 3004 4348 docere,
3038 4297 3173 4354 quae
3222 4279 3661 4352 cognoscebant

298 4379 450 4431 σθαι.
505 4381 600 4429 Καὶ
639 4371 806 4442 οὐδὲν,
850 4379 917 4438 ὡς
968 4379 1108 4450 ὁρᾷς,
1157 4378 1440 4450 καθορᾶται
1488 4379 1603 4428 οὔτε
1649 4371 1902 4428 δύσκολον

2036 4375 2164 4448 psi:
2197 4374 2308 4428 nisi
2343 4372 2548 4428 mortis
2587 4377 2779 4427 metus
2815 4371 3009 4441 major
3051 4369 3416 4426 desiderium
3454 4385 3663 4426 eorum

297 4465 410 4517 οὔτ’
441 4465 510 4528 εἰς
541 4465 760 4540 ἀπορίαν
788 4468 903 4517 τινα
935 4473 1240 4540 περιστῆναι
1273 4463 1609 4537 βιαζόμενον.

2028 4467 2373 4536 superasset,
2409 4461 2512 4533 qui
2543 4459 2814 4516 volebant
2843 4459 2971 4514 haec
3010 4459 3294 4532 mysteria
3332 4457 3661 4516 addiscere.

297 4557 496 4626 Atque
524 4556 604 4611 ita
631 4555 796 4611 vides
822 4554 963 4610 nihil
1007 4554 1202 4610 videre
1241 4555 1394 4620 licet,
1431 4554 1526 4610 vel
1565 4551 1824 4620 difﬁcile,
1857 4557 1962 4612 aut
1997 4551 2158 4626 quod
2201 4551 2497 4624 impingat
2524 4549 2585 4605 in
2615 4549 2882 4624 aliquam
2911 4547 3386 4606 inextricandam
3420 4545 3661 4606 dubita-

299 4643 516 4700 tionem
529 4689 542 4702 .

868 4757 1184 4806 Epn'ruzlz
1220 4736 1332 4814 πῆλ’.
2225 4745 2496 4815 ουιλΕδΤΙ

2225 4745 2548 4815 ΟυιΕδτΙΟ
2585 4747 2692 4804 XCI
2735 4743 2938 4820 [Οοίει.
2981 4743 3202 4800 CCLVI.
3252 4745 3435 4804 Taur.

2675 4817 2993 4888 CCXLVII].

297 4935 364 4985 Τί
407 4929 596 4984 ἓστινα
635 4931 887 4993 Πολλάκις
935 4933 1224 5004 προεθέμην
1275 4929 1433 4984 ἐλθεῖν
1477 4933 1604 5000 πρὸς
1649 4930 1782 5003 ὑμᾶς
1817 4946 1831 4997 ;
1867 4951 1896 4981 ››

2028 4927 2282 4996 ρυίάειὸί
2303 4927 2428 4984 vult
2450 4925 2636 4983 illud:
2662 4945 2690 4977 ‹‹
2703 4925 3150 4997 SwpeprOposui
3166 4926 3365 4984 venire
3377 4923 3458 4982 ad
3469 4939 3562 4982 vos
3583 4923 3612 4981 ?
3627 4944 3661 4980 η

859 5073 1014 5124 Edita
1043 5088 1073 5124 a
1098 5075 1441 5128 Montacutio,
1481 5087 1564 5137 ep.
1600 5073 1708 5130 164,
1749 5071 1815 5121 ad
1839 5072 2023 5136 Georg.
2053 5071 2269 5132 Nicom.,
2305 5085 2358 5134 p,
2390 5069 2614 5121 221-229.
2647 5069 2706 5118 In
2735 5067 2888 5118 Rom.
2919 5083 2954 5125 ι,
2989 5068 3066 5117 13.

375 5200 404 5233 α
446 5181 520 5236 Οὐ
554 5183 680 5236 θέλω
730 5179 788 5236 δὲ
819 5185 956 5256 ὑμᾶς
999 5181 1190 5256 ἀγοεῖν,
1238 5179 1474 5256 ἀδελφοὶ,
1523 5183 1603 5234 ὃτι
1652 5181 1900 5236 παλλοὲκώ

2081 5179 2262 5238 «Nolo
2303 5195 2410 5236 vos
2459 5178 2749 5252 ignorare,
2787 5175 3018 5246 fratres,
3057 5175 3220 5254 quod
3256 5191 3396 5234 cum
3437 5173 3661 5252 sapius

1653 5359 1880 5415 vitam;
1917 5355 2316 5440 LECTIONES.

372 5541 404 5584 ἀ
435 5541 498 5599 C.
540 5543 612 5599 Μ.
649 5538 868 5599 omittit
883 5540 966 5595 τὸ.
1044 5548 1070 5581 θ
1097 5539 1176 5593 ίσ.
1205 5537 1346 5592 εἶπον
1372 5539 1472 5594 ὅτι.
