4136 6198
442 276 541 331 571
1464 314 1465 317 η
1705 276 1791 331 ΡΗ
1802 273 1944 331 ΟΤΙΙ
1986 274 2075 329 PA

2185 270 2466 331 [ARCHAE
2506 276 2613 332 ΟΡ.
3711 277 3818 333 572

440 418 552 459 vos
584 400 749 457 adire
776 401 1217 473 proposuerim,
1252 404 1318 457 ut
1354 402 1614 475 aliquem
1654 401 1915 457 fructum
1958 399 2073 455 indi

2213 403 2500 474 προεθέμην
2562 400 2721 453 ἐλθεῖν
2782 404 2910 473 πρὸς
2976 399 3129 472 ὑμᾶς,
3198 403 3288 453 καὶ
3346 398 3607 460 ἐκωλύθην
3683 404 3822 477 ἄχρι

446 491 786 564 pereipiam,
815 491 1101 547 hactenus
1122 490 1334 546 fuerim
1357 492 1678 564 impeditus
1706 492 1773 556 11,
1798 496 1908 546 etc.
1938 511 1965 540 ››
2000 489 2079 545 Lo

2212 498 2302 542 τοῦ
2358 487 2533 563 δεῦρο,
2580 493 2662 543 ἱνα
2709 492 2823 542 τινὰ
2878 494 3076 563 καρπόν
3109 499 3250 562 σχῶ,
3286 512 3314 539 ι)
3350 495 3440 542 καὶ
3486 491 3618 554 ἑξῆς.
3650 496 3820 544 Τοῦτό

446 596 575 637 cum
607 581 787 651 hunc,
822 581 993 651 cujus
1022 586 1085 637 tu
1118 581 1475 637 sententiam
1507 587 1562 637 et
1591 596 1836 637 sensum
1875 579 2079 634 deside

2214 575 2281 637 δὴ
2309 584 2367 631 τό
2408 585 2606 654 χωρίον
2633 576 2692 633 οὗ
2722 584 2818 638 τὴν
2867 577 3104 632 διάνοιαν
3141 578 3424 651 ἀναμαθείν
3464 578 3819 647 ἐπεζήτησας,

441 686 560 737 ras,
590 686 696 742 per
720 670 1092 743 hyperbaton
1120 686 1417 742 exponere
1443 686 1782 741 possumus,
1809 673 1872 725 ut
1895 684 2074 724 conse

2212 671 2324 721 ἔστι
2378 673 2465 739 μὲν
2504 674 2595 721 καὶ
2646 670 2765 721 καθ’
2822 668 3110 743 ὑπερϐατὸν
3164 667 3414 735 ἐκλαϐεῖν,
3459 670 3503 721 ῖν
3534 671 3564 742 ᾖ
3598 673 3657 722 τό
3700 669 3824 723 ἀκό-

445 761 689 833 quentia
721 759 850 815 talis
882 760 952 814 sit
987 759 1173 815 :Nolo
1202 775 1312 815 vos
1338 761 1613 830 ignorare
1635 759 1798 831 quod
1824 774 2078 829 saepenu'

2208 757 2390 811 λουθον
2438 766 2690 811 τοιοῦτον·
2748 757 2824 810 Ού
2858 758 2981 810 θέλω
3038 760 3175 830 ὑμᾶς
3214 756 3413 828 ἀγνοεῖν
3456 760 3533 811 ὅτι
3570 759 3826 822 πολλάκις

443 865 608 906 mero
635 849 693 904 in
726 850 932 905 animo
963 848 1147 904 habui
1180 849 1255 904 ad
1289 865 1397 905 vos
1426 848 1728 914 accedere,
1758 853 1820 904 ut
1852 848 2076 903 fructuu

2207 849 2495 921 προεθέμην
2557 847 2715 900 ἐλθεῖν
2763 849 2891 920 πρός
2948 848 3098 917 ὑμᾶς,
3155 847 3237 898 ἵνα
3289 852 3486 919 καρπόν
3527 867 3643 900 τινα
3698 857 3824 920 σχῶ

442 938 705 1011 aliquem
733 939 908 994 etiam
942 955 978 994 a
1001 938 1173 994 vobis
1202 940 1552 1011 percipiam,
1577 938 1685 995 sed
1710 938 1785 994 ad
1811 939 1973 994 hunc
2006 953 2075 991 us

2208 942 2297 989 καὶ
2353 936 2403 988 ἐν
2448 937 2589 1008 ύμῖν,
2651 934 2756 987 ἀλλ’
2802 934 3063 993 ἐκωλύθην
3106 936 3240 1009 ἄρχι
3286 943 3378 987 τοῦ
3426 932 3602 1012 δεῦρο.
3652 943 3756 990 Καὶ
3788 939 3819 997 ἡ

447 1044 564 1100 que
604 1029 759 1085 diem
794 1027 1115 1099 impeditus
1145 1027 1247 1082 fui.
1274 1028 1549 1098 Syutaxis
1575 1027 1741 1083 istius
1767 1025 1901 1083 dicti
1922 1025 2080 1098 plent

2209 1029 2300 1098 μὲν
2366 1024 2727 1098 ἀπηρτισμένη
2794 1031 2887 1077 τοῦ
2955 1024 3119 1099 ῥητοῦ
3186 1025 3431 1087 σύνταξις
3485 1028 3704 1083 τοιαύτη
3760 1025 3824 1076 ἂν

445 1124 532 1175 est
563 1119 712 1184 haec,
746 1133 881 1189 quae
921 1121 977 1171 et
1011 1116 1327 1188 perspicua
1366 1121 1474 1183 est,
1500 1122 1555 1171 et
1594 1116 1819 1188 periodi
1860 1131 2078 1171 sensun

2210 1118 2287 1173 εἴη
2346 1118 2516 1187 σαφὴς
2566 1119 2657 1166 καὶ
2698 1117 2786 1166 τόν
2834 1121 2952 1165 νοῦν
3009 1123 3105 1174 τῆς
3181 1111 3432 1186 περιόδου
3479 1119 3820 1189 παρέχουσα.

446 1206 719 1280 explicat.
750 1208 1021 1262 Attamen
1050 1206 1203 1261 dicet
1225 1206 1436 1278 aliquis
1462 1222 1473 1259 :
1508 1207 1561 1261 Si
1592 1205 1740 1261 ﬁdes
1771 1205 2007 1261 illorum
2038 1204 2079 1258 ἱι

2210 1203 2345 1259 Ἀλλ’
2379 1207 2513 1257 εἴποι
2560 1223 2636 1263 τις
2680 1202 2760 1268 ἂν,
2814 1204 2892 1254 ὃτι
2939 1202 2982 1254 εἰ
3024 1204 3055 1260 ἠ
3097 1206 3278 1265 πίστις
3313 1203 3481 1254 αύτῶν
3530 1201 3576 1254 ἐν
3610 1203 3711 1275 ὅλῳ
3746 1212 3824 1273 τῷ

445 1302 570 1353 toto
610 1298 751 1357 orbe
790 1294 1261 1351 annuntiabatur
1310 1294 1445 1366 (hoc
1494 1295 1652 1350 enim
1702 1294 1884 1366 paulo
1932 1292 2078 1365 prius

2208 1299 2391 1365 κόσμῳ
2446 1292 2821 1364 κατηγγέλλετο
2893 1291 3067 1363 (τοῦτο
3138 1294 3236 1364 γὰρ
3296 1291 3474 1353 αύτοῖς
3524 1291 3824 1364 ἐμαρτύρη-

445 1386 848 1443 testimonium
892 1385 961 1439 iis
1009 1384 1430 1456 perhibuerat),
1472 1400 1653 1456 quem
1698 1384 1941 1440 tandem
1982 1381 2078 1438 fru-

2212 1402 2295 1435 σεν
2348 1384 2687 1457 προμικροῦ),
2754 1386 2867 1433 τίνα
2923 1384 3117 1454 καρπὸν
3200 1380 3347 1439 ἤθελε
3412 1386 3827 1456 παραγενόμενος

445 1471 606 1531 étum
640 1474 872 1530 volebat
902 1474 1027 1545 ipse
1058 1490 1346 1545 praesens,
1381 1474 1427 1528 si
1461 1475 1699 1529 adesset
1730 1473 2042 1544 perhibere
2072 1473 2078 1492 ‘

2211 1471 2367 1533 αὐτὸς
2422 1478 2720 1544 παρασχεῖν
2753 1487 2767 1538 ;
2799 1470 2957 1523 Ἀλλὰ
3006 1468 3164 1522 πολὺν
3209 1472 3299 1542 μὲν
3352 1467 3439 1521 οὖν
3484 1468 3715 1543 ἐροῦμεν.
3763 1469 3828 1523 Εἰ

448 1563 831 1636 Multiplicem
864 1562 1258 1619 afﬁrmamus.
1288 1562 1347 1617 Si
1384 1564 1543 1618 enim
1569 1562 1649 1618 illi
1677 1562 2016 1626 credebant,
2046 1577 2077 1617 e

2208 1563 2310 1634 γὰρ
2368 1565 2457 1612 καὶ
2515 1560 2949 1612 ἐπεπιστεύκασιν
3001 1561 3203 1624 ἐκεῖνοι,
3270 1563 3359 1610 καὶ
3414 1555 3507 1611 διὰ
3570 1563 3628 1611 τό
3686 1559 3828 1631 λαμ-

447 1659 687 1726 propter
718 1653 877 1707 urbis
908 1651 1363 1722 amplitudinem
1386 1652 1525 1706 ﬁdei
1545 1653 1814 1723 ipsorum
1836 1651 2000 1707 fama
2023 1666 2080 1705 ac

2211 1654 2337 1725 πρόν
2367 1658 2458 1710 τῆς
2488 1648 2677 1709 πόλεως
2708 1648 2780 1709 εἰς
2831 1650 3023 1708 πάντας
3052 1647 3221 1719 ἐχύθη
3270 1655 3360 1708 τῆς
3394 1647 3563 1699 αὐτῶν
3595 1652 3825 1711 πίστεως

448 1742 661 1799 Omnes
711 1740 1177 1812 propagabatur,
1221 1740 1609 1796 nihilominus
1660 1739 1854 1795 multis
1907 1739 2081 1795 adhui

2212 1742 2241 1797 ἠ
2302 1745 2469 1811 φήμη,
2526 1738 2839 1811 παμπόλλων
2895 1740 3020 1809 ὄμος
3076 1734 3298 1791 ἐδέοντο.
3367 1741 3467 1791 Καὶ
3516 1745 3667 1790 τοῦτο
3726 1734 3827 1797 δῆ-

448 1830 811 1903 indigebant.
856 1833 1014 1885 Patet
1068 1829 1184 1884 hoc
1236 1845 1307 1884 ex
1360 1845 1451 1893 eo,
1493 1829 1657 1901 quod
1710 1829 1891 1901 paulo
1938 1830 2081 1901 priu:

2209 1828 2294 1881 λον
2319 1832 2372 1881 ἔκ
2408 1849 2460 1881 τε
2487 1836 2578 1881 τοῦ
2610 1831 2707 1901 πρὸ
2748 1827 2922 1898 ὀλίγου
2954 1826 3110 1878 εἰπεῖν
3145 1844 3157 1857 ν
3201 1848 3229 1876 ι(
3259 1826 3342 1887 Εἰς
3368 1830 3426 1878 τὸ
3459 1829 3827 1899 στηριχθῆναι

448 1919 593 1975 dixit
627 1936 637 1973 :
671 1943 697 1970 «
732 1921 798 1974 Ut
828 1918 1071 1974 stabiles
1101 1917 1459 1974 efficiamini.
1491 1941 1519 1968 ››
1553 1923 1700 1975 Nam
1741 1918 1990 1975 stabiliri
2027 1935 2081 1974 ac

2212 1920 2361 1991 ὑμᾶς.
2409 1939 2435 1967 ››
2474 1921 2543 1970 Τὸ
2589 1920 2691 1988 γὰρ
2740 1917 3095 1989 στηριχθῆναι
3141 1921 3292 1968 τίνων
3331 1915 3495 1967 ἄλλων
3525 1916 3554 1974 ἣ
3586 1925 3688 1968 τῶν
3730 1935 3827 1969 σα-

447 2024 602 2081 quos
632 2013 877 2080 spectat,
897 2006 1009 2061 nisi
1035 2005 1112 2063 ad
1134 2024 1234 2063 eos
1264 2007 1368 2078 qui
1390 2008 1809 2063 concutiuntur
1834 2007 1862 2061 εἰ
1889 2012 2080 2064 lterun

2211 2008 2489 2079 λευομένων
2575 2005 2757 2073 ἐστίν;
2791 2010 2891 2058 Καὶ
2971 2004 3123 2057 πάλιν
3199 2004 3246 2056 ἐν
3315 2012 3423 2066 τοῖς
3506 2008 3822 2077 ἔμπροσθεν,

447 2103 734 2171 prmterea
759 2113 895 2152 cum
922 2098 981 2151 in
1005 2097 1479 2168 praecedentibus
1511 2098 1816 2163 admonet,
1848 2102 1912 2152 ut
1941 2113 2015 2152 ne
2043 2114 2080 2150 si

2214 2099 2369 2155 ἡνίκα
2416 2100 2485 2167 μὴ
2546 2099 2736 2169 κρίνειν
2792 2092 3056 2159 ἀλλήλους,
3115 2092 3241 2146 ἀλλὰ
3282 2100 3371 2146 καὶ
3414 2096 3508 2155 τὰς
3550 2091 3822 2166 διχοστα-

448 2186 703 2243 invicem
728 2186 1145 2250 condemnent,
1162 2190 1222 2240 ut
1243 2185 1567 2242 divisiones
1587 2186 1901 2251 declinent,
1928 2190 2081 2258 atqui

2218 2191 2337 2247 σίας
2383 2184 2625 2236 ἐκκλίνειν
2664 2188 2749 2235 καὶ
2792 2185 2859 2235 τὰ
2903 2179 3174 2235 σκάνδαλα
3210 2192 3450 2256 παραινεῖ
3491 2203 3503 2215 ·
3538 2188 3627 2235 καὶ
3656 2188 3830 2257 μυρία

447 2275 754 2332 scandala.
796 2275 1057 2332 Plurima
1098 2274 1279 2346 hujus
1317 2276 1550 2348 generis
1589 2291 1689 2347 per
1719 2281 1903 2331 totam
1944 2290 2080 2347 spar

2218 2295 2296 2333 τις
2342 2281 2557 2327 τοιαῦτα
2601 2269 2673 2325 δι’
2726 2271 2848 2334 ὅλης
2901 2268 3012 2323 ἴδοι
3065 2280 3161 2334 τῆς
3214 2270 3505 2343 ἐπιστολῆς,
3548 2268 3621 2324 δι’
3657 2272 3726 2323 ὧν
3766 2276 3828 2325 τὸ

450 2365 563 2420 sim
601 2364 916 2435 epistolam
946 2381 1187 2421 cernere
1226 2364 1376 2431 licet,
1421 2365 1579 2419 unde
1613 2369 1972 2420 monstratur
2010 2380 2083 2419 eo

2217 2363 2387 2425 ἀτελὲς
2470 2362 2634 2414 αὐτῶν
2709 2366 2798 2413 καὶ
2868 2364 3113 2432 νεοπαγὲς
3193 2359 3566 2413 ἐπιδείκνυται.
3654 2358 3829 2414 Ούδὲν

449 2470 583 2510 rum
616 2453 980 2525 imperfectio
1021 2459 1076 2509 et
1106 2469 1331 2525 nupera
1369 2453 1831 2525 compaginatio.
1865 2454 1949 2508 Ita
1987 2469 2082 2508 no:

2220 2448 2306 2504 οὖν
2358 2451 2562 2512 ἀπεικὸς
2620 2455 2709 2502 καὶ
2765 2454 2854 2508 τὴν
2897 2454 3074 2502 πίστιν
3120 2453 3287 2502 αύτὼν
3322 2452 3341 2494 ί
3381 2448 3829 2522 καταγγέλλεσθαι

452 2542 701 2606 abludit,
732 2548 796 2597 ut
824 2542 957 2597 licet
995 2558 1203 2597 eorum
1242 2542 1392 2597 ﬁdes
1431 2543 1881 2613 depraadicetur,
1920 2542 2085 2597 multi

2219 2546 2309 2592 καὶ
2361 2541 2545 2600 αύτούς
2601 2542 2675 2592 ἔτι
2730 2538 2919 2600 πολλῆς
2971 2535 3181 2592 δεῖσθαι
3220 2547 3311 2591 τοῦ
3356 2539 3656 2614 ἐπικουρίας
3688 2542 3831 2593 Παύ-

452 2631 592 2703 plici
625 2637 823 2687 tamen
850 2647 998 2703 opus
1030 2630 1297 2686 subsidio
1326 2630 1589 2686 habeant
1619 2648 1652 2685 a
1683 2631 1863 2686 Paulo
1889 2632 2078 2702 (verbi

2219 2630 2307 2682 λου
2358 2634 2448 2681 καὶ
2504 2638 2592 2689 τῆς
2645 2626 2738 2681 διὰ
2788 2637 2886 2681 τῶν
2944 2627 3103 2680 αὐτοῦ
3155 2629 3400 2703 ῥημάτων
3453 2625 3669 2703 ἀρδείας
3736 2634 3827 2681 καὶ

454 2727 517 2776 ut
557 2720 747 2775 dicam
788 2721 1000 2791 ipsius)
1035 2743 1063 2771 ‹‹
1096 2719 1405 2789 irrigandi,
1447 2725 1511 2775 ut
1552 2720 1805 2775 fructum
1846 2720 2087 2776 ferant:

2219 2724 2588 2794 καρποφορίας.
2645 2718 2781 2790 Ὀρα
2840 2714 2898 2770 δὲ
2944 2726 3055 2780 πῶς
3085 2738 3241 2790 φησιν
3277 2734 3291 2747 ·
3335 2742 3354 2768 ι
3386 2717 3496 2772 Ἵνα
3540 2721 3657 2771 τινὰ
3703 2739 3832 2792 καρ-

454 2809 681 2866 Videsis
712 2813 911 2865 autem
947 2814 1011 2864 ut
1039 2808 1216 2875 dicat,
1253 2830 1277 2859 α
1309 2811 1376 2865 Ut
1405 2809 1664 2864 fructum
1695 2809 1949 2881 aliquem
1985 2827 2087 2881 per

2219 2814 2313 2863 πόν
2347 2817 2466 2881 σχῶ
2497 2814 2585 2861 καὶ
2639 2807 2685 2859 ἐν
2724 2809 2863 2879 ὑμῖν.
2902 2828 2929 2861 »
2965 2815 3129 2861 Τοῦτο
3158 2810 3248 2881 μὶν
3293 2804 3496 2870 δεικνύς
3528 2811 3591 2869 ὡς
3622 2811 3829 2861 ἓκείνων

455 2898 674 2970 cipiam
710 2904 766 2952 et
811 2914 845 2954 a
884 2897 1072 2953 vobis.
1125 2918 1149 2948 ι
1187 2899 1362 2952 Docet
1405 2898 1560 2969 quod
1600 2898 1829 2953 illorum
1888 2898 2088 2953 fructu:

2219 2902 2432 2970 καρπὸς,
2488 2897 2672 2959 οἰκεῖος
2744 2895 3003 2968 ἐλογίζετο
3065 2906 3137 2968 τῷ
3197 2897 3383 2969 Παύλῳ
3447 2904 3683 2974 καρπός·
3738 2904 3831 2951 καὶ

455 2986 613 3042 Pauli
637 2987 912 3058 proprius
930 2986 1154 3041 fructus
1175 2986 1226 3040 ei
1254 2986 1658 3057 reputabatur,
1683 2991 1739 3041 et
1762 2988 1921 3058 quod
1946 2987 2088 3042 hanc

2221 2988 2385 3048 οὕτως
2442 2990 2650 3060 ἔχαιρεν
2704 2997 2732 3038 8
2789 2984 2836 3036 ἐν
2904 2994 3012 3048 τοῖς
3079 2995 3179 3037 τῶν
3240 2986 3483 3053 πλησίον,
3553 2990 3680 3040 ὡσεί
3748 3007 3832 3050 τις

456 3075 625 3131 aliter
654 3077 727 3130 de
757 3075 1089 3130 vicinorum
1122 3074 1452 3131 rectefactis
1483 3075 1789 3144 gauderet,
1821 3092 2006 3147 quam
2038 3075 2089 3130 d4

2221 3077 2373 3138 ἄλλος
2440 3075 2487 3128 ἐν
2568 3082 2675 3137 τοῖς
2759 3072 2916 3137 ἰδίοις
2990 3078 3413 3149 κατορθώμασιν.
3493 3076 3603 3130 Ἵνα
3687 3080 3828 3145 τινὰ,

454 3164 711 3237 propriis
763 3164 1078 3220 laetaretur.
1135 3166 1429 3228 Fructum,
1493 3180 1673 3236 quem
1733 3163 1948 3219 ferrent
2006 3163 2087 3217 illi

2223 3172 2401 3241 φησὶν,
2478 3170 2674 3239 καρπόν
2758 3175 2898 3237 σχῶ,
2986 3170 3072 3218 τὸν
3158 3166 3356 3219 ἐκείνων
3434 3172 3631 3242 καρπόν
3703 3187 3829 3240 καρ-

454 3269 630 3311 suum
666 3253 923 3309 fructum
956 3253 1261 3324 proprium
1295 3251 1488 3324 ducit,
1514 3253 1694 3324 idque
1724 3253 1868 3316 vult,
1900 3258 1962 3308 ut
1994 3252 2083 3307 fru

2222 3261 2317 3311 πόν
2391 3255 2576 3308 οἰκεῖον
2656 3257 2934 3327 τιθέμενος.
2997 3262 3159 3308 Τοῦτο
3224 3253 3283 3308 δὲ
3347 3256 3498 3308 πάλιν
3565 3260 3833 3332 παριστὰς

454 3347 617 3397 ctum
656 3342 1005 3414 percipiam.
1050 3344 1175 3406 Quo
1216 3342 1375 3396 dicto
1414 3342 1661 3396 demum
1701 3346 1756 3396 et
1793 3342 1935 3397 illud
1975 3342 2087 3397 insi

2224 3349 2299 3399 ὅτι
2370 3354 2465 3407 τῆς
2534 3344 2700 3395 αὐτῶν
2757 3345 2916 3396 ἕνεκεν
2987 3344 3225 3417 ὠφελείας
3289 3350 3382 3404 τὴν
3452 3342 3584 3405 πδὸς
3643 3346 3833 3407 αὐτούς

454 3436 621 3513 nuat,
657 3430 955 3486 distulisse
987 3446 1048 3485 se
1089 3431 1223 3485 ideo
1262 3430 1688 3500 profectionem
1730 3432 1807 3486 ad
1838 3432 2019 3503 ipsos,
2054 3448 2087 3485 u

2223 3439 2431 3510 πορείαν
2487 3433 2761 3486 ἐστέλλετο.
2822 3432 3017 3495 Ἄλλως
3065 3453 3115 3486 τε
3173 3431 3232 3486 δὲ
3279 3439 3368 3486 καὶ
3406 3438 3563 3496 εἴτις
3603 3433 3834 3503 ἀκριϐῶς

455 3520 791 3578 commodis
850 3520 1117 3591 ipsorum
1188 3518 1539 3573 consuleret.
1581 3519 1852 3591 Alioquin
1915 3525 2088 3575 auten

2224 3525 2564 3587 ἐπισκοποίη,
2608 3521 2813 3574 Παύλου
2859 3526 3055 3594 καρπός
3104 3521 3304 3584 ἀληθῶς
3361 3526 3497 3576 ἐστιν
3552 3526 3576 3575 ὁ
3630 3522 3831 3576 ἐκείνων

454 3609 617 3666 Pauli
660 3610 901 3671 fructus,
934 3608 980 3662 si
1020 3607 1155 3678 quis
1194 3612 1465 3663 accurate
1507 3608 1988 3672 cousideraverit,
2031 3626 2087 3665 re

2224 3633 2436 3687 καρπος.
2497 3610 2684 3684 Ἔργον
2755 3614 2855 3683 γὰρ
2915 3613 2976 3669 ἧν
3034 3611 3206 3684 ἐκείνῳ
3289 3618 3377 3665 καὶ
3454 3610 3664 3670 σπουδὴ
3742 3616 3832 3664 καὶ

453 3699 597 3757 Vera
618 3704 705 3753 est
736 3697 969 3752 illorum
993 3696 1235 3751 fructus.
1261 3695 1424 3752 Illius
1449 3697 1605 3750 enim
1625 3713 1799 3768 opus,
1833 3697 2086 3752 studium

2223 3708 2471 3775 γεώργιον
2522 3702 2551 3758 ἡ
2604 3708 2701 3751 τῶν
2762 3698 3041 3775 ἀνθρώπων
3091 3706 3344 3776 σωτηρία,
3398 3706 3581 3755 καὶτὸ
3636 3720 3833 3777 καρπο-

455 3786 823 3857 agricolatio,
855 3790 981 3839 erat
1007 3785 1326 3840 hominum
1350 3784 1527 3849 salus,
1562 3792 1617 3839 et
1649 3790 1709 3839 ut
1740 3784 1996 3841 fructum
2015 3802 2085 3842 eo

2226 3797 2506 3864 φοροῦντας
2558 3788 2745 3850 αύτούς
2799 3799 3143 3862 παραστῆσαι
3178 3795 3270 3848 τὴν
3314 3789 3575 3842 εύσέϐειαν
3612 3796 3703 3843 καὶ
3740 3794 3835 3853 τὰς

454 3876 711 3933 ferentes
743 3874 1016 3930 redderet
1049 3873 1281 3945 pietatis
1306 3878 1360 3928 et
1390 3873 1693 3928 virtutum.
1721 3874 1950 3946 Optime
1977 3891 2087 3945 ergi

2227 3878 2425 3951 ἀρετάς.
2463 3878 2642 3939 Καλῶς
2686 3875 2773 3930 οὖν
2806 3898 2983 3950 φησιν,
3021 3900 3045 3929 «
3086 3878 3197 3931 Ἰνα
3234 3882 3350 3931 τινὰ
3386 3884 3583 3953 καρπόν
3625 3888 3767 3950 σχῶ,
3808 3902 3827 3930 ι

453 3964 668 4037 inquit,
708 3964 835 4018 «Ut
896 3962 1154 4017 fructum
1213 3962 1475 4034 aliquem
1538 3962 1745 4027 feram,
1780 3984 1807 4013 »
1842 3965 2086 4020 Breviter

2223 3970 2489 4042 Ἑκάτερον
2547 3972 2814 4040 συντόμως
2870 3967 3061 4020 τελείαν
3101 3972 3190 4019 καὶ
3251 3971 3343 4021 σὺν
3394 3976 3465 4039 τῷ
3508 3968 3682 4040 εύφυεί
3719 3972 3837 4021 ἐπί-

454 4060 777 4125 utrumque
828 4052 1177 4124 perfectum,
1224 4058 1279 4107 et
1334 4053 1539 4107 nativo
1586 4052 1779 4107 colore
1828 4059 2084 4123 praestan

2228 4053 2385 4114 δηλον
2443 4064 2623 4121 ποιῶν,
2688 4061 2777 4107 καὶ
2826 4059 2882 4108 τὸ
2939 4060 3157 4117 ἐκείνους
3212 4061 3304 4115 τὴν
3362 4056 3409 4108 ἐν
3458 4058 3834 4132 κατορθώμασί

456 4143 795 4199 manifestat
827 4159 843 4196 :
872 4158 1105 4213 nempe,
1137 4146 1293 4197 recte
1326 4147 1387 4196 ut
1416 4142 1495 4195 illi
1524 4142 1690 4196 factis
1719 4142 1841 4196 suis
1872 4142 2089 4198 fructum

2225 4150 2404 4196 πίστιν
2452 4153 2816 4217 καρποφορεῖν,
2875 4150 2964 4197 καὶ
3021 4150 3079 4196 τὸ
3143 4146 3296 4197 αὐτόν
3350 4146 3539 4208 αύτούς
3592 4145 3832 4207 ἐκείνους.

454 4231 670 4301 ferant,
704 4237 759 4286 et
790 4230 914 4302 ipse
948 4230 1074 4285 illos
1114 4246 1222 4301 pro
1268 4229 1461 4285 fructu
1501 4230 1718 4284 habeat
1746 4246 1759 4284 :
1785 4232 2017 4286 nam‘in
2048 4248 2087 4286 et

2226 4236 2309 4285 Ἐν
2358 4236 2457 4307 γὰρ
2506 4242 2568 4305 τῇ
2620 4234 2819 4286 ἐκείνων
2871 4239 3197 4308 καρποφορίᾳ
3244 4238 3272 4292 ἡ
3320 4242 3411 4287 τοῦ
3461 4235 3667 4287 Παύλου
3708 4235 3836 4307 λαμ-

453 4320 619 4392 quod
650 4318 911 4390 frugiferi
942 4323 1155 4385 essent,
1190 4318 1354 4373 Pauli
1387 4318 1617 4374 cultura
1646 4320 1884 4375 illustris
1914 4320 2086 4375 redde

2225 4331 2368 4396 πρώς
2400 4319 2659 4374 ἐδείκνυτο
2708 4328 2956 4395 γεωργία.
3011 4324 3148 4377 Ἀλλ’
3200 4324 3241 4376 εἰ
3270 4328 3359 4397 μὲν
3397 4324 3515 4376 καθ’
3546 4324 3836 4399 ὑπερϐατόν

451 4410 649 4465 batur.
668 4408 834 4474 Quod
858 4409 904 4462 si
931 4424 1033 4479 per
1056 4408 1431 4480 hyperbaton
1448 4407 1643 4463 locum
1662 4408 2084 4478 intelligendum

2228 4431 2301 4471 τις
2353 4411 2596 4485 εἰρῆσθαι
2652 4414 2709 4463 τό
2764 4417 2961 4485 χωρίον
3014 4412 3240 4478 ἐκλάϐοι,
3296 4415 3411 4484 ἐχει
3456 4418 3549 4471 τὴν
3597 4409 3836 4465 διάνοιαν

454 4497 584 4571 quis
614 4502 800 4569 putet,
834 4514 1078 4552 sensum
1109 4497 1252 4553 feret
1284 4497 1391 4551 iste
1418 4497 1747 4568 simplicem
1782 4521 1792 4550 :
1823 4514 1959 4553 cum
1988 4498 2087 4569 plu

2227 4500 2386 4560 οὕτως
2421 4498 2778 4572 ἐξηπλωμένην
2812 4520 2824 4532 ·
2858 4506 2949 4553 καὶ
2978 4504 3077 4575 γὰρ
3134 4501 3293 4560 πολλὴ
3344 4522 3419 4562 τις
3463 4510 3555 4554 τοῦ
3593 4506 3835 4555 τοιούτου

454 4587 675 4643 rimum
715 4586 829 4642 hac
881 4588 1077 4655 ﬁgura
1114 4590 1313 4642 utatur
1362 4602 1618 4656 magnus
1658 4587 1897 4652 Paulus,
1944 4588 2024 4643 uti
2064 4604 2087 4641 ε

2232 4592 2509 4660 σχήματος
2562 4597 2633 4659 τῷ
2691 4589 2896 4661 μεγάλῳ
2960 4590 3146 4661 Παύλῳ
3203 4593 3229 4649 ὁ
3282 4599 3501 4666 χρῆσις,
3533 4593 3709 4664 ὥσπερ
3747 4596 3838 4643 καὶ

457 4675 650 4747 ellipsi
697 4680 754 4730 et
806 4675 1347 4740 circumlocutione,
1401 4681 1456 4731 et
1508 4675 1607 4728 ἀπὸ
1656 4684 1854 4740 κοινοῦ,
1899 4680 1955 4731 et
2002 4676 2090 4731 feri

2232 4686 2323 4740 τῆς
2371 4677 2658 4748 ἐλλείψεως,
2703 4683 2792 4730 καὶ
2848 4688 2947 4730 τῶν
3002 4679 3299 4753 περιϐολών,
3354 4686 3445 4733 καὶ
3489 4678 3557 4738 δὴ
3615 4685 3706 4733 καὶ
3746 4688 3837 4732 τοῦ

458 4763 730 4821 omnibus
785 4764 915 4818 aliis
960 4763 1184 4833 ﬁguris.
1235 4765 1457 4819 Tamen
1500 4763 1627 4819 ﬁeri
1683 4769 1879 4836 potest
1926 4769 1989 4819 ut
2016 4780 2091 4836 qu

2230 4767 2329 4819 ἀπό
2378 4776 2573 4833 κοινοῦ,
2630 4772 2718 4819 καὶ
2766 4771 2901 4820 κατὰ
2944 4775 3117 4821 πᾶσαν
3173 4766 3314 4822 ἰδέαν
3360 4772 3389 4828 ἠ
3429 4774 3836 4844 μεταχείρησις.

457 4853 624 4910 haud
662 4853 881 4925 ceperit
918 4868 1024 4923 per
1057 4853 1452 4924 hyperbaton,
1492 4854 1595 4908 sed
1641 4870 1712 4909 eo
1753 4854 1963 4909 ordine
1998 4870 2090 4925 qui

2233 4857 2365 4908 Ἀλλ’
2406 4852 2492 4909 οὖν
2544 4853 2762 4909 δυνατὸν
2812 4862 2901 4910 καὶ
2949 4863 3019 4930 μὴ
3071 4858 3187 4911 καθ’
3242 4858 3530 4931 ὑπερϐατὸν
3568 4859 3836 4931 εἰληφότα,

458 4954 638 4998 voces
668 4942 1086 5013 disponuntur,
1116 4940 1449 4997 istiusmodi
1477 4941 1618 4997 inde
1645 4943 1995 4999 sententiam
2025 4959 2091 4998 ve

2233 4945 2338 4996 ἀλλ’
2371 4948 2440 5007 ὡς
2490 4949 2603 5016 ἔχει
2663 4945 2852 5008 τάξεως
2908 4954 3307 5019 συντηρὴσαντα
3337 4956 3565 5000 τοιοῦτον
3606 4946 3656 4999 ἑν
3696 4949 3839 5018 αύτῷ

460 5035 670 5088 netur:
701 5051 730 5083 ι(
766 5031 1189 5103 Saepenumero
1238 5031 1514 5101 pr0posui
1564 5031 1639 5086 ad
1689 5047 1790 5087 vos
1839 5034 2061 5089 venire.

2235 5037 2465 5109 θηρᾶσαι
2504 5038 2589 5087 τόν
2638 5044 2754 5087 νοῦν
2789 5053 2800 5064 ·
2833 5056 2862 5088 ι(
2896 5035 3145 5097 Πολλάκις
3188 5039 3474 5110 προεθέμην
3506 5036 3666 5090 ἐλθεῖν
3712 5041 3841 5112 πρὸς

462 5125 534 5177 At
572 5136 849 5192 quorsum
887 5136 1009 5176 nou
1038 5120 1294 5177 venisti?
1321 5138 1350 5170 «
1381 5120 1707 5192 lmpeditus
1746 5121 1849 5185 fui,
1882 5137 2095 5194 respon

2233 5126 2382 5197 ὑμᾶς.
2418 5147 2446 5174 ‹‹
2480 5116 2581 5176 Διά·
2618 5129 2670 5177 τί
2721 5124 2809 5177 οὖν
2866 5126 2959 5177 ούκ
3008 5126 3155 5187 ἦλθες
3188 5143 3201 5194 ;
3237 5145 3265 5177 ι(
3304 5127 3620 5192 Ἐκωλύθην,
3656 5131 3838 5199 φησὶν,

464 5210 583 5274 det,
614 5224 800 5281 usque
843 5225 1019 5265 nunc.
1052 5228 1083 5262 »
1114 5209 1263 5275 Quid
1304 5208 1665 5281 impediebat
1697 5214 1895 5267 autem
1924 5209 1953 5265 ?
1997 5233 2026 5262 «
2057 5214 2097 5269 U

2233 5214 2368 5285 ἄχρι
2406 5221 2502 5265 τοῦ
2542 5209 2714 5287 δεῦρο.
2751 5234 2778 5267 )›
2810 5219 2959 5277 Τίνος
3006 5216 3166 5269 ἕνεκεν
3197 5236 3210 5285 ς
3245 5237 3273 5267 ι(
3313 5215 3427 5270 Ἵνα
3478 5218 3594 5269 τινὰ
3642 5219 3842 5290 καρπὸν

540 5334 586 5373 ¹¹
617 5336 788 5391 Rom.
822 5334 865 5403 l,
904 5338 989 5391 13.

1822 5402 2052 5492 vitam
2094 5436 2494 5495 LECTIONES.

540 5560 603 5618 C.
648 5561 802 5618 Mon.
829 5559 1019 5617 minus
1047 5562 1202 5617 recte
1233 5558 1412 5624 αὐτοῖς
1483 5571 1508 5614 ε
1538 5561 1594 5617 C.
1627 5562 2021 5637 Μοηοῖχαιρον.
