  <div class='ocr_page' id='page_1' title='image "/cluster/home/n/w/nwhite01/storage/ocr_20150623/101/hvd.32044054112305/306.png"; bbox 0 0 3906 6186; ppageno 0'>
   <div class='ocr_carea' id='block_1_1' title="bbox 115 260 2332 332">
    <p class='ocr_par' dir='ltr' id='par_1_1' title="bbox 115 260 2332 332">
     <span class='ocr_line' id='line_1_1' title="bbox 115 260 2332 332; baseline -0.004 -2"><span class='ocrx_word' id='word_1_1' title='bbox 115 273 201 331; x_wconf 82' lang='lat'><strong>573</strong></span> <span class='ocrx_word' id='word_1_2' title='bbox 1101 267 1195 322; x_wconf 87' lang='lat' dir='ltr'><strong>AD</strong></span> <span class='ocrx_word' id='word_1_3' title='bbox 1237 260 1777 321; x_wconf 78' lang='lat' dir='ltr'><strong>AMPHILOCHIUM</strong></span> <span class='ocrx_word' id='word_1_4' title='bbox 1822 260 2148 332; x_wconf 68' lang='lat' dir='ltr'><strong>QUASSTIO</strong></span> <span class='ocrx_word' id='word_1_5' title='bbox 2188 265 2332 323; x_wconf 90' lang='lat' dir='ltr'><strong>XCI.</strong></span> 
     </span>
    </p>
   </div>
   <div class='ocr_carea' id='block_1_2' title="bbox 3291 276 3394 332">
    <p class='ocr_par' dir='ltr' id='par_1_2' title="bbox 3291 276 3394 332">
     <span class='ocr_line' id='line_1_2' title="bbox 3291 276 3394 332; baseline 0.019 -3"><span class='ocrx_word' id='word_1_6' title='bbox 3291 276 3394 332; x_wconf 71' lang='grc'><strong>574</strong></span> 
     </span>
    </p>
   </div>
   <div class='ocr_carea' id='block_1_3' title="bbox 114 389 1656 470">
    <p class='ocr_par' dir='ltr' id='par_1_3' title="bbox 114 390 1636 470">
     <span class='ocr_line' id='line_1_3' title="bbox 114 390 1636 470; baseline -0.006 -21"><span class='ocrx_word' id='word_1_7' title='bbox 114 406 211 470; x_wconf 81' lang='grc' dir='ltr'><strong>σχῶ</strong></span> <span class='ocrx_word' id='word_1_8' title='bbox 246 401 322 448; x_wconf 78' lang='grc' dir='ltr'><strong>καὶ</strong></span> <span class='ocrx_word' id='word_1_9' title='bbox 362 394 404 446; x_wconf 80' lang='grc' dir='ltr'>ἓν</span> <span class='ocrx_word' id='word_1_10' title='bbox 450 393 583 465; x_wconf 87' lang='grc' dir='ltr'>ύμῖν,</span> <span class='ocrx_word' id='word_1_11' title='bbox 623 415 652 443; x_wconf 90' lang='grc'><strong>››</strong></span> <span class='ocrx_word' id='word_1_12' title='bbox 686 395 984 458; x_wconf 82' lang='grc' dir='ltr'>Τουτέστιν,</span> <span class='ocrx_word' id='word_1_13' title='bbox 1031 390 1123 445; x_wconf 73' lang='grc' dir='ltr'><strong>διὰ</strong></span> <span class='ocrx_word' id='word_1_14' title='bbox 1154 399 1307 444; x_wconf 81' lang='grc' dir='ltr'>τοῦτο</span> <span class='ocrx_word' id='word_1_15' title='bbox 1357 390 1636 455; x_wconf 79' lang='grc' dir='ltr'><strong>ἐκωλύθην,</strong></span> 
     </span>
    </p>
   </div>
   <div class='ocr_carea' id='block_1_4' title="bbox 1854 389 3396 470">
    <p class='ocr_par' dir='ltr' id='par_1_4' title="bbox 1854 390 3396 466">
     <span class='ocr_line' id='line_1_4' title="bbox 1854 390 3396 466; baseline 0.007 -21"><span class='ocrx_word' id='word_1_16' title='bbox 1854 395 2005 445; x_wconf 79' lang='lat' dir='ltr'><strong>ctum</strong></span> <span class='ocrx_word' id='word_1_17' title='bbox 2037 390 2298 463; x_wconf 85' lang='lat' dir='ltr'><strong>aliquem</strong></span> <span class='ocrx_word' id='word_1_18' title='bbox 2326 407 2363 448; x_wconf 88' lang='lat' dir='ltr'><strong>a</strong></span> <span class='ocrx_word' id='word_1_19' title='bbox 2391 391 2558 448; x_wconf 82' lang='lat' dir='ltr'><strong>vobis</strong></span> <span class='ocrx_word' id='word_1_20' title='bbox 2586 393 2934 466; x_wconf 89' lang='lat' dir='ltr'><strong>percipiam.</strong></span> <span class='ocrx_word' id='word_1_21' title='bbox 2965 415 2994 450; x_wconf 88' lang='lat'>»</span> <span class='ocrx_word' id='word_1_22' title='bbox 3022 397 3086 454; x_wconf 88' lang='lat' dir='ltr'><strong>Id</strong></span> <span class='ocrx_word' id='word_1_23' title='bbox 3115 403 3222 464; x_wconf 88' lang='lat' dir='ltr'><strong>est,</strong></span> <span class='ocrx_word' id='word_1_24' title='bbox 3261 415 3396 456; x_wconf 88' lang='lat' dir='ltr'><strong>eam</strong></span> 
     </span>
    </p>
   </div>
   <div class='ocr_carea' id='block_1_5' title="bbox 111 479 1636 559">
    <p class='ocr_par' dir='ltr' id='par_1_5' title="bbox 111 479 1636 559">
     <span class='ocr_line' id='line_1_5' title="bbox 111 479 1636 559; baseline -0.006 -20"><span class='ocrx_word' id='word_1_25' title='bbox 111 491 175 539; x_wconf 84' lang='grc' dir='ltr'>ἱνα</span> <span class='ocrx_word' id='word_1_26' title='bbox 205 491 266 559; x_wconf 80' lang='grc' dir='ltr'>μὴ</span> <span class='ocrx_word' id='word_1_27' title='bbox 307 488 472 538; x_wconf 84' lang='grc' dir='ltr'>θᾶττον</span> <span class='ocrx_word' id='word_1_28' title='bbox 525 482 673 535; x_wconf 76' lang='grc' dir='ltr'>ἐλθὼν</span> <span class='ocrx_word' id='word_1_29' title='bbox 728 481 988 555; x_wconf 73' lang='grc' dir='ltr'><strong>ἀκάρπους</strong></span> <span class='ocrx_word' id='word_1_30' title='bbox 1041 484 1175 554; x_wconf 86' lang='grc' dir='ltr'>ύμᾶς</span> <span class='ocrx_word' id='word_1_31' title='bbox 1222 485 1298 534; x_wconf 82' lang='grc' dir='ltr'>ἔτι</span> <span class='ocrx_word' id='word_1_32' title='bbox 1342 479 1636 533; x_wconf 68' lang='grc' dir='ltr'>καταλάϐω·</span> 
     </span>
    </p>
   </div>
   <div class='ocr_carea' id='block_1_6' title="bbox 110 571 1642 646">
    <p class='ocr_par' dir='ltr' id='par_1_6' title="bbox 110 571 1642 646">
     <span class='ocr_line' id='line_1_6' title="bbox 110 571 1642 646; baseline -0.005 -18"><span class='ocrx_word' id='word_1_33' title='bbox 110 574 360 628; x_wconf 80' lang='grc' dir='ltr'>καταλαϐὼν</span> <span class='ocrx_word' id='word_1_34' title='bbox 407 575 498 646; x_wconf 73' lang='grc' dir='ltr'><strong>γὰρ</strong></span> <span class='ocrx_word' id='word_1_35' title='bbox 556 572 748 645; x_wconf 75' lang='grc' dir='ltr'>ἀώρους</span> <span class='ocrx_word' id='word_1_36' title='bbox 801 572 1112 645; x_wconf 73' lang='grc' dir='ltr'><strong>ἐμεμψάμην</strong></span> <span class='ocrx_word' id='word_1_37' title='bbox 1168 571 1229 622; x_wconf 81' lang='grc' dir='ltr'>ἂν</span> <span class='ocrx_word' id='word_1_38' title='bbox 1286 571 1494 642; x_wconf 78' lang='grc' dir='ltr'><strong>ἐμαυτῷ</strong></span> <span class='ocrx_word' id='word_1_39' title='bbox 1553 572 1642 640; x_wconf 75' lang='grc' dir='ltr'>μὲν</span> 
     </span>
    </p>
   </div>
   <div class='ocr_carea' id='block_1_7' title="bbox 111 657 1642 735">
    <p class='ocr_par' dir='ltr' id='par_1_7' title="bbox 111 657 1642 735">
     <span class='ocr_line' id='line_1_7' title="bbox 111 657 1642 735; baseline -0.005 -19"><span class='ocrx_word' id='word_1_40' title='bbox 111 674 183 726; x_wconf 74' lang='grc' dir='ltr'>τῆς</span> <span class='ocrx_word' id='word_1_41' title='bbox 225 663 417 735; x_wconf 75' lang='grc' dir='ltr'><strong>ἀκαίρου</strong></span> <span class='ocrx_word' id='word_1_42' title='bbox 468 665 774 732; x_wconf 82' lang='grc' dir='ltr'>ταχύτητος,</span> <span class='ocrx_word' id='word_1_43' title='bbox 821 667 910 713; x_wconf 84' lang='grc' dir='ltr'>καὶ</span> <span class='ocrx_word' id='word_1_44' title='bbox 953 663 1074 732; x_wconf 82' lang='grc' dir='ltr'>ύμῖν</span> <span class='ocrx_word' id='word_1_45' title='bbox 1123 657 1181 713; x_wconf 79' lang='grc' dir='ltr'>δε</span> <span class='ocrx_word' id='word_1_46' title='bbox 1230 669 1322 721; x_wconf 86' lang='grc' dir='ltr'>τῆς</span> <span class='ocrx_word' id='word_1_47' title='bbox 1354 659 1401 710; x_wconf 86' lang='grc' dir='ltr'>ἐν</span> <span class='ocrx_word' id='word_1_48' title='bbox 1447 661 1518 718; x_wconf 81' lang='grc' dir='ltr'>οἷς</span> <span class='ocrx_word' id='word_1_49' title='bbox 1548 658 1642 710; x_wconf 81' lang='grc' dir='ltr'><strong>ούκ</strong></span> 
     </span>
    </p>
   </div>
   <div class='ocr_carea' id='block_1_8' title="bbox 113 748 1638 823">
    <p class='ocr_par' dir='ltr' id='par_1_8' title="bbox 113 748 1638 823">
     <span class='ocr_line' id='line_1_8' title="bbox 113 748 1638 823; baseline -0.004 -19"><span class='ocrx_word' id='word_1_50' title='bbox 113 749 192 804; x_wconf 69' lang='grc' dir='ltr'>ἔδει</span> <span class='ocrx_word' id='word_1_51' title='bbox 258 748 575 823; x_wconf 80' lang='grc' dir='ltr'>βραδύτητος.</span> <span class='ocrx_word' id='word_1_52' title='bbox 649 754 737 802; x_wconf 85' lang='grc' dir='ltr'>Διό</span> <span class='ocrx_word' id='word_1_53' title='bbox 792 749 1110 822; x_wconf 77' lang='grc' dir='ltr'>ἁνεϐαλόμην</span> <span class='ocrx_word' id='word_1_54' title='bbox 1165 753 1260 807; x_wconf 74' lang='grc' dir='ltr'>τὴν</span> <span class='ocrx_word' id='word_1_55' title='bbox 1325 752 1638 820; x_wconf 77' lang='grc' dir='ltr'><strong>παρουσίαν,</strong></span> 
     </span>
    </p>
   </div>
   <div class='ocr_carea' id='block_1_9' title="bbox 110 835 1642 913">
    <p class='ocr_par' dir='ltr' id='par_1_9' title="bbox 110 835 1642 913">
     <span class='ocr_line' id='line_1_9' title="bbox 110 835 1642 913; baseline -0.005 -20"><span class='ocrx_word' id='word_1_56' title='bbox 110 840 284 903; x_wconf 77' lang='grc' dir='ltr'>ὶλπίζων</span> <span class='ocrx_word' id='word_1_57' title='bbox 317 845 402 898; x_wconf 73' lang='grc' dir='ltr'>τὴν</span> <span class='ocrx_word' id='word_1_58' title='bbox 450 846 716 913; x_wconf 67' lang='grc' dir='ltr'>γεωργίαν,</span> <span class='ocrx_word' id='word_1_59' title='bbox 751 841 813 901; x_wconf 79' lang='grc' dir='ltr'>ἧς</span> <span class='ocrx_word' id='word_1_60' title='bbox 861 840 988 911; x_wconf 83' lang='grc' dir='ltr'>ούχὶ</span> <span class='ocrx_word' id='word_1_61' title='bbox 1041 845 1198 911; x_wconf 77' lang='grc' dir='ltr'>μήπω</span> <span class='ocrx_word' id='word_1_62' title='bbox 1227 841 1355 912; x_wconf 83' lang='grc' dir='ltr'>πρὸς</span> <span class='ocrx_word' id='word_1_63' title='bbox 1407 835 1642 910; x_wconf 76' lang='grc' dir='ltr'><strong>βλάστην</strong></span> 
     </span>
    </p>
   </div>
   <div class='ocr_carea' id='block_1_10' title="bbox 110 926 1639 1001">
    <p class='ocr_par' dir='ltr' id='par_1_10' title="bbox 110 926 1639 1001">
     <span class='ocr_line' id='line_1_10' title="bbox 110 926 1639 1001; baseline -0.003 -21"><span class='ocrx_word' id='word_1_64' title='bbox 110 931 287 1001; x_wconf 72' lang='grc' dir='ltr'>ὁρώσης,</span> <span class='ocrx_word' id='word_1_65' title='bbox 332 928 430 980; x_wconf 81' lang='grc' dir='ltr'>ἀλλ’</span> <span class='ocrx_word' id='word_1_66' title='bbox 481 926 585 986; x_wconf 71' lang='grc' dir='ltr'><strong>ἤδη</strong></span> <span class='ocrx_word' id='word_1_67' title='bbox 661 934 750 980; x_wconf 87' lang='grc' dir='ltr'><strong>καὶ</strong></span> <span class='ocrx_word' id='word_1_68' title='bbox 814 937 924 990; x_wconf 87' lang='grc' dir='ltr'>τοῖς</span> <span class='ocrx_word' id='word_1_69' title='bbox 980 930 1187 980; x_wconf 76' lang='grc' dir='ltr'>ἄνθεσιν</span> <span class='ocrx_word' id='word_1_70' title='bbox 1245 929 1639 1000; x_wconf 80' lang='grc' dir='ltr'>ἑνυστερούσης,</span> 
     </span>
    </p>
   </div>
   <div class='ocr_carea' id='block_1_11' title="bbox 110 1016 1640 1092">
    <p class='ocr_par' dir='ltr' id='par_1_11' title="bbox 110 1016 1640 1092">
     <span class='ocr_line' id='line_1_11' title="bbox 110 1016 1640 1092; baseline -0.004 -22"><span class='ocrx_word' id='word_1_71' title='bbox 110 1019 219 1079; x_wconf 78' lang='grc' dir='ltr'>ὀκνος</span> <span class='ocrx_word' id='word_1_72' title='bbox 260 1023 357 1090; x_wconf 80' lang='grc' dir='ltr'>ἔχει</span> <span class='ocrx_word' id='word_1_73' title='bbox 384 1027 613 1092; x_wconf 84' lang='grc' dir='ltr'>παρεῖναι</span> <span class='ocrx_word' id='word_1_74' title='bbox 660 1023 749 1075; x_wconf 78' lang='grc' dir='ltr'>τὴν</span> <span class='ocrx_word' id='word_1_75' title='bbox 778 1021 974 1080; x_wconf 86' lang='grc' dir='ltr'>ταύτης</span> <span class='ocrx_word' id='word_1_76' title='bbox 1013 1016 1060 1069; x_wconf 82' lang='grc' dir='ltr'>ἐν</span> <span class='ocrx_word' id='word_1_77' title='bbox 1096 1016 1376 1068; x_wconf 73' lang='grc' dir='ltr'><strong>ἀπολαύσει</strong></span> <span class='ocrx_word' id='word_1_78' title='bbox 1399 1018 1640 1086; x_wconf 68' lang='grc' dir='ltr'>’γενέσθαι</span> 
     </span>
    </p>
   </div>
   <div class='ocr_carea' id='block_1_12' title="bbox 107 1103 1644 1180">
    <p class='ocr_par' dir='ltr' id='par_1_12' title="bbox 107 1103 1644 1180">
     <span class='ocr_line' id='line_1_12' title="bbox 107 1103 1644 1180; baseline -0.003 -22"><span class='ocrx_word' id='word_1_79' title='bbox 107 1110 330 1162; x_wconf 75' lang='grc' dir='ltr'>ποθοῦντα,</span> <span class='ocrx_word' id='word_1_80' title='bbox 387 1104 573 1160; x_wconf 76' lang='grc' dir='ltr'>Ἐπειδ’</span> <span class='ocrx_word' id='word_1_81' title='bbox 631 1106 691 1158; x_wconf 84' lang='grc' dir='ltr'>ἆν</span> <span class='ocrx_word' id='word_1_82' title='bbox 743 1103 802 1159; x_wconf 69' lang='grc' dir='ltr'><strong>δὲ</strong></span> <span class='ocrx_word' id='word_1_83' title='bbox 863 1109 992 1180; x_wconf 82' lang='grc' dir='ltr'>μετὰ</span> <span class='ocrx_word' id='word_1_84' title='bbox 1035 1111 1122 1163; x_wconf 79' lang='grc' dir='ltr'>τὴν</span> <span class='ocrx_word' id='word_1_85' title='bbox 1173 1103 1409 1177; x_wconf 77' lang='grc' dir='ltr'>βλάστην</span> <span class='ocrx_word' id='word_1_86' title='bbox 1461 1106 1644 1155; x_wconf 83' lang='grc' dir='ltr'><strong>καὶτὰ</strong></span> 
     </span>
    </p>
   </div>
   <div class='ocr_carea' id='block_1_13' title="bbox 106 1195 1644 1270">
    <p class='ocr_par' dir='ltr' id='par_1_13' title="bbox 106 1195 1644 1270">
     <span class='ocr_line' id='line_1_13' title="bbox 106 1195 1644 1270; baseline -0.001 -25"><span class='ocrx_word' id='word_1_87' title='bbox 106 1198 222 1261; x_wconf 70' lang='grc' dir='ltr'>ἄνθη,</span> <span class='ocrx_word' id='word_1_88' title='bbox 276 1195 585 1268; x_wconf 63' lang='grc' dir='ltr'>ἐπιραίνηται</span> <span class='ocrx_word' id='word_1_89' title='bbox 639 1202 727 1249; x_wconf 82' lang='grc' dir='ltr'><strong>καὶ</strong></span> <span class='ocrx_word' id='word_1_90' title='bbox 780 1196 1215 1270; x_wconf 73' lang='grc' dir='ltr'>τελεσφορουμένη</span> <span class='ocrx_word' id='word_1_91' title='bbox 1251 1212 1262 1224; x_wconf 73' lang='grc'><strong>⁸</strong></span> <span class='ocrx_word' id='word_1_92' title='bbox 1297 1199 1413 1246; x_wconf 86' lang='grc' dir='ltr'>τότε</span> <span class='ocrx_word' id='word_1_93' title='bbox 1468 1199 1644 1265; x_wconf 82' lang='grc' dir='ltr'>χαρᾶς</span> 
     </span>
    </p>
   </div>
   <div class='ocr_carea' id='block_1_14' title="bbox 105 1279 1633 1358">
    <p class='ocr_par' dir='ltr' id='par_1_14' title="bbox 105 1279 1633 1358">
     <span class='ocr_line' id='line_1_14' title="bbox 105 1279 1633 1358; baseline 0 -24"><span class='ocrx_word' id='word_1_94' title='bbox 105 1290 168 1336; x_wconf 70' lang='grc' dir='ltr'><strong>καὶ</strong></span> <span class='ocrx_word' id='word_1_95' title='bbox 210 1285 490 1358; x_wconf 63' lang='grc' dir='ltr'>εὐφροσύνης</span> <span class='ocrx_word' id='word_1_96' title='bbox 542 1288 568 1337; x_wconf 99' lang='lat'><strong>6</strong></span> <span class='ocrx_word' id='word_1_97' title='bbox 612 1290 738 1358; x_wconf 82' lang='grc' dir='ltr'>πρὸς</span> <span class='ocrx_word' id='word_1_98' title='bbox 790 1286 952 1343; x_wconf 81' lang='grc' dir='ltr'>αύτην</span> <span class='ocrx_word' id='word_1_99' title='bbox 1006 1285 1352 1356; x_wconf 81' lang='grc' dir='ltr'><strong>πληρούμενος</strong></span> <span class='ocrx_word' id='word_1_100' title='bbox 1410 1279 1633 1355; x_wconf 76' lang='grc' dir='ltr'>δρόμος.</span> 
     </span>
    </p>
   </div>
   <div class='ocr_carea' id='block_1_15' title="bbox 105 1370 1640 1446">
    <p class='ocr_par' dir='ltr' id='par_1_15' title="bbox 105 1370 1640 1446">
     <span class='ocr_line' id='line_1_15' title="bbox 105 1370 1640 1446; baseline -0.001 -22"><span class='ocrx_word' id='word_1_101' title='bbox 105 1374 186 1424; x_wconf 75' lang='grc' dir='ltr'>υύκ</span> <span class='ocrx_word' id='word_1_102' title='bbox 225 1372 344 1426; x_wconf 76' lang='grc' dir='ltr'>οἶδεν</span> <span class='ocrx_word' id='word_1_103' title='bbox 390 1375 690 1446; x_wconf 70' lang='grc' dir='ltr'>λογίζεσθαι</span> <span class='ocrx_word' id='word_1_104' title='bbox 741 1379 948 1436; x_wconf 85' lang='grc' dir='ltr'>πόνους,</span> <span class='ocrx_word' id='word_1_105' title='bbox 1005 1370 1128 1426; x_wconf 73' lang='grc' dir='ltr'><strong>οὐδὲ</strong></span> <span class='ocrx_word' id='word_1_106' title='bbox 1178 1376 1310 1446; x_wconf 84' lang='grc' dir='ltr'>πρὸς</span> <span class='ocrx_word' id='word_1_107' title='bbox 1362 1371 1493 1424; x_wconf 76' lang='grc' dir='ltr'>ἄλλα</span> <span class='ocrx_word' id='word_1_108' title='bbox 1548 1377 1640 1430; x_wconf 76' lang='grc' dir='ltr'>τὴν</span> 
     </span>
    </p>
   </div>
   <div class='ocr_carea' id='block_1_16' title="bbox 103 1459 1637 1538">
    <p class='ocr_par' dir='ltr' id='par_1_16' title="bbox 103 1459 1637 1538">
     <span class='ocr_line' id='line_1_16' title="bbox 103 1459 1637 1538; baseline -0.001 -25"><span class='ocrx_word' id='word_1_109' title='bbox 103 1459 292 1520; x_wconf 73' lang='grc' dir='ltr'>σπονδήν</span> <span class='ocrx_word' id='word_1_110' title='bbox 323 1465 699 1538; x_wconf 77' lang='grc' dir='ltr'>καταμερίζειν.</span> <span class='ocrx_word' id='word_1_111' title='bbox 730 1465 793 1518; x_wconf 91' lang='grc' dir='ltr'>Τί</span> <span class='ocrx_word' id='word_1_112' title='bbox 836 1459 922 1515; x_wconf 83' lang='grc' dir='ltr'>οὖν</span> <span class='ocrx_word' id='word_1_113' title='bbox 961 1462 1020 1514; x_wconf 84' lang='grc' dir='ltr'><strong>ἃν</strong></span> <span class='ocrx_word' id='word_1_114' title='bbox 1051 1467 1140 1515; x_wconf 81' lang='grc' dir='ltr'><strong>καὶ</strong></span> <span class='ocrx_word' id='word_1_115' title='bbox 1183 1469 1582 1537; x_wconf 65' lang='grc' dir='ltr'>καρποφοροῦσιν</span> <span class='ocrx_word' id='word_1_116' title='bbox 1625 1479 1637 1529; x_wconf 86' lang='lat'><strong>;</strong></span> 
     </span>
    </p>
   </div>
   <div class='ocr_carea' id='block_1_17' title="bbox 103 1547 1636 1625">
    <p class='ocr_par' dir='ltr' id='par_1_17' title="bbox 103 1547 1636 1625">
     <span class='ocr_line' id='line_1_17' title="bbox 103 1547 1636 1625; baseline 0 -23"><span class='ocrx_word' id='word_1_117' title='bbox 103 1554 372 1623; x_wconf 74' lang='grc' dir='ltr'>τίςὴχρεία</span> <span class='ocrx_word' id='word_1_118' title='bbox 415 1563 504 1614; x_wconf 84' lang='grc' dir='ltr'>τῆς</span> <span class='ocrx_word' id='word_1_119' title='bbox 554 1557 852 1625; x_wconf 86' lang='grc' dir='ltr'>παρουσίας</span> <span class='ocrx_word' id='word_1_120' title='bbox 902 1552 1106 1605; x_wconf 78' lang='grc' dir='ltr'>Παύλου</span> <span class='ocrx_word' id='word_1_121' title='bbox 1137 1569 1150 1619; x_wconf 88' lang='grc'><strong>;</strong></span> <span class='ocrx_word' id='word_1_122' title='bbox 1187 1551 1354 1609; x_wconf 85' lang='grc' dir='ltr'>Πολλὴ</span> <span class='ocrx_word' id='word_1_123' title='bbox 1387 1557 1489 1623; x_wconf 79' lang='grc' dir='ltr'>μὴν</span> <span class='ocrx_word' id='word_1_124' title='bbox 1530 1547 1636 1602; x_wconf 78' lang='grc' dir='ltr'>οὖν.</span> 
     </span>
    </p>
   </div>
   <div class='ocr_carea' id='block_1_18' title="bbox 103 1639 1636 1717">
    <p class='ocr_par' dir='ltr' id='par_1_18' title="bbox 103 1639 1636 1717">
     <span class='ocr_line' id='line_1_18' title="bbox 103 1639 1636 1717; baseline 0.002 -25"><span class='ocrx_word' id='word_1_125' title='bbox 103 1642 156 1692; x_wconf 66' lang='lat'><strong>05</strong></span> <span class='ocrx_word' id='word_1_126' title='bbox 203 1646 287 1714; x_wconf 70' lang='grc' dir='ltr'><strong>γὰρ</strong></span> <span class='ocrx_word' id='word_1_127' title='bbox 348 1646 508 1696; x_wconf 87' lang='grc' dir='ltr'>πάντα</span> <span class='ocrx_word' id='word_1_128' title='bbox 570 1644 802 1715; x_wconf 73' lang='grc' dir='ltr'><strong>ἀνέμενεν</strong></span> <span class='ocrx_word' id='word_1_129' title='bbox 871 1646 955 1694; x_wconf 85' lang='grc' dir='ltr'><strong>τόν</strong></span> <span class='ocrx_word' id='word_1_130' title='bbox 1031 1646 1249 1717; x_wconf 86' lang='grc' dir='ltr'>καρπόν,</span> <span class='ocrx_word' id='word_1_131' title='bbox 1317 1639 1445 1692; x_wconf 79' lang='grc' dir='ltr'><strong>ἀλλὰ</strong></span> <span class='ocrx_word' id='word_1_132' title='bbox 1502 1644 1636 1695; x_wconf 81' lang='grc' dir='ltr'>τινά.</span> 
     </span>
    </p>
   </div>
   <div class='ocr_carea' id='block_1_19' title="bbox 102 1729 1714 1805">
    <p class='ocr_par' dir='ltr' id='par_1_19' title="bbox 102 1729 1714 1805">
     <span class='ocr_line' id='line_1_19' title="bbox 102 1729 1714 1805; baseline -0.002 -22"><span class='ocrx_word' id='word_1_133' title='bbox 102 1750 120 1778; x_wconf 82' lang='grc' dir='ltr'>α</span> <span class='ocrx_word' id='word_1_134' title='bbox 151 1730 235 1783; x_wconf 84' lang='grc' dir='ltr'><strong>Ἰνα</strong></span> <span class='ocrx_word' id='word_1_135' title='bbox 275 1735 362 1805; x_wconf 66' lang='lat' dir='ltr'><strong>yrip</strong></span> <span class='ocrx_word' id='word_1_136' title='bbox 413 1752 524 1784; x_wconf 85' lang='grc' dir='ltr'>τινα</span> <span class='ocrx_word' id='word_1_137' title='bbox 566 1736 768 1805; x_wconf 86' lang='grc' dir='ltr'>καρπόν</span> <span class='ocrx_word' id='word_1_138' title='bbox 825 1741 964 1804; x_wconf 79' lang='grc' dir='ltr'>σχῶ,</span> <span class='ocrx_word' id='word_1_139' title='bbox 1017 1737 1168 1804; x_wconf 66' lang='grc' dir='ltr'>φησι,</span> <span class='ocrx_word' id='word_1_140' title='bbox 1217 1729 1384 1783; x_wconf 83' lang='grc' dir='ltr'>καὶέν</span> <span class='ocrx_word' id='word_1_141' title='bbox 1426 1732 1564 1802; x_wconf 82' lang='grc' dir='ltr'>ὑμῖν,</span> <span class='ocrx_word' id='word_1_142' title='bbox 1609 1753 1637 1779; x_wconf 89' lang='grc'><strong>››</strong></span> <span class='ocrx_word' id='word_1_143' title='bbox 1669 1742 1714 1794; x_wconf 81' lang='grc' dir='ltr'>Β</span> 
     </span>
    </p>
   </div>
   <div class='ocr_carea' id='block_1_20' title="bbox 101 1817 1642 1897">
    <p class='ocr_par' dir='ltr' id='par_1_20' title="bbox 101 1817 1642 1897">
     <span class='ocr_line' id='line_1_20' title="bbox 101 1817 1642 1897; baseline 0.001 -28"><span class='ocrx_word' id='word_1_144' title='bbox 101 1817 251 1893; x_wconf 76' lang='grc' dir='ltr'>Ὠσπερ</span> <span class='ocrx_word' id='word_1_145' title='bbox 297 1817 350 1874; x_wconf 75' lang='grc' dir='ltr'><strong>δὲ</strong></span> <span class='ocrx_word' id='word_1_146' title='bbox 394 1826 632 1897; x_wconf 77' lang='grc' dir='ltr'>περιττόν</span> <span class='ocrx_word' id='word_1_147' title='bbox 678 1825 766 1874; x_wconf 81' lang='grc' dir='ltr'><strong>καὶ</strong></span> <span class='ocrx_word' id='word_1_148' title='bbox 813 1823 1032 1891; x_wconf 85' lang='grc' dir='ltr'>μάταιον</span> <span class='ocrx_word' id='word_1_149' title='bbox 1077 1825 1162 1872; x_wconf 87' lang='grc' dir='ltr'>τὸν</span> <span class='ocrx_word' id='word_1_150' title='bbox 1209 1820 1410 1881; x_wconf 82' lang='grc' dir='ltr'>τελείως</span> <span class='ocrx_word' id='word_1_151' title='bbox 1447 1839 1642 1893; x_wconf 73' lang='grc' dir='ltr'>καρπο-</span> 
     </span>
    </p>
   </div>
   <div class='ocr_carea' id='block_1_21' title="bbox 102 1907 1640 1985">
    <p class='ocr_par' dir='ltr' id='par_1_21' title="bbox 102 1907 1640 1985">
     <span class='ocr_line' id='line_1_21' title="bbox 102 1907 1640 1985; baseline 0.001 -26"><span class='ocrx_word' id='word_1_152' title='bbox 102 1918 300 1982; x_wconf 56' lang='grc' dir='ltr'>φοροῦντα</span> <span class='ocrx_word' id='word_1_153' title='bbox 360 1911 427 1972; x_wconf 86' lang='grc' dir='ltr'><strong>εἰς</strong></span> <span class='ocrx_word' id='word_1_154' title='bbox 490 1916 849 1985; x_wconf 78' lang='grc' dir='ltr'>καρποφορίαν</span> <span class='ocrx_word' id='word_1_155' title='bbox 925 1909 1260 1983; x_wconf 77' lang='grc' dir='ltr'>παρακαλεῖν,</span> <span class='ocrx_word' id='word_1_156' title='bbox 1318 1910 1481 1969; x_wconf 77' lang='grc' dir='ltr'>οὑτως</span> <span class='ocrx_word' id='word_1_157' title='bbox 1534 1907 1640 1960; x_wconf 85' lang='grc' dir='ltr'>ἐπί-</span> 
     </span>
    </p>
   </div>
   <div class='ocr_carea' id='block_1_22' title="bbox 102 1995 1635 2073">
    <p class='ocr_par' dir='ltr' id='par_1_22' title="bbox 102 1995 1635 2073">
     <span class='ocr_line' id='line_1_22' title="bbox 102 1995 1635 2073; baseline 0.01 -27"><span class='ocrx_word' id='word_1_158' title='bbox 102 2015 212 2048; x_wconf 73' lang='grc' dir='ltr'>πονον</span> <span class='ocrx_word' id='word_1_159' title='bbox 240 2005 315 2051; x_wconf 83' lang='grc' dir='ltr'><strong>καὶ</strong></span> <span class='ocrx_word' id='word_1_160' title='bbox 355 2000 588 2072; x_wconf 76' lang='grc' dir='ltr'>ὀκνηρὸν,</span> <span class='ocrx_word' id='word_1_161' title='bbox 632 2000 692 2051; x_wconf 81' lang='grc' dir='ltr'>ἂν</span> <span class='ocrx_word' id='word_1_162' title='bbox 723 1997 862 2071; x_wconf 75' lang='grc' dir='ltr'>μηδὲ</span> <span class='ocrx_word' id='word_1_163' title='bbox 895 2002 1144 2073; x_wconf 82' lang='grc' dir='ltr'>χρηστὰς</span> <span class='ocrx_word' id='word_1_164' title='bbox 1170 1995 1381 2058; x_wconf 75' lang='grc' dir='ltr'>ἐλπίδας</span> <span class='ocrx_word' id='word_1_165' title='bbox 1418 2000 1635 2071; x_wconf 60' lang='grc' dir='ltr'>ὑπάρχῃ</span> 
     </span>
    </p>
   </div>
   <div class='ocr_carea' id='block_1_23' title="bbox 98 2084 1637 2162">
    <p class='ocr_par' dir='ltr' id='par_1_23' title="bbox 98 2084 1637 2162">
     <span class='ocr_line' id='line_1_23' title="bbox 98 2084 1637 2162; baseline 0.002 -27"><span class='ocrx_word' id='word_1_166' title='bbox 98 2085 241 2152; x_wconf 69' lang='grc' dir='ltr'>λαϐεῖν,</span> <span class='ocrx_word' id='word_1_167' title='bbox 265 2089 340 2141; x_wconf 77' lang='grc' dir='ltr'><strong>ἐπὶ</strong></span> <span class='ocrx_word' id='word_1_168' title='bbox 382 2093 443 2141; x_wconf 80' lang='grc' dir='ltr'>τὰ</span> <span class='ocrx_word' id='word_1_169' title='bbox 471 2090 644 2142; x_wconf 74' lang='grc' dir='ltr'>τελεία</span> <span class='ocrx_word' id='word_1_170' title='bbox 670 2097 956 2162; x_wconf 86' lang='grc' dir='ltr'>παραινεῖν.</span> <span class='ocrx_word' id='word_1_171' title='bbox 986 2089 1042 2141; x_wconf 74' lang='grc' dir='ltr'><strong>Εἰ</strong></span> <span class='ocrx_word' id='word_1_172' title='bbox 1075 2086 1133 2140; x_wconf 66' lang='grc' dir='ltr'>δι</span> <span class='ocrx_word' id='word_1_173' title='bbox 1157 2089 1188 2131; x_wconf 74' lang='lat' dir='ltr'><strong>h</strong></span> <span class='ocrx_word' id='word_1_174' title='bbox 1217 2093 1414 2160; x_wconf 86' lang='grc' dir='ltr'>καρπός</span> <span class='ocrx_word' id='word_1_175' title='bbox 1447 2108 1524 2150; x_wconf 89' lang='grc' dir='ltr'><strong>τις</strong></span> <span class='ocrx_word' id='word_1_176' title='bbox 1556 2084 1637 2154; x_wconf 71' lang='grc' dir='ltr'>ἦν,</span> 
     </span>
    </p>
   </div>
   <div class='ocr_carea' id='block_1_24' title="bbox 101 2174 1640 2243">
    <p class='ocr_par' dir='ltr' id='par_1_24' title="bbox 101 2174 1640 2243">
     <span class='ocr_line' id='line_1_24' title="bbox 101 2174 1640 2243; baseline 0.003 -19"><span class='ocrx_word' id='word_1_177' title='bbox 101 2181 163 2226; x_wconf 78' lang='grc' dir='ltr'><strong>καὶ</strong></span> <span class='ocrx_word' id='word_1_178' title='bbox 206 2177 331 2240; x_wconf 73' lang='grc' dir='ltr'>οὗτος</span> <span class='ocrx_word' id='word_1_179' title='bbox 379 2179 562 2242; x_wconf 72' lang='grc' dir='ltr'>τέλειος</span> <span class='ocrx_word' id='word_1_180' title='bbox 618 2179 666 2231; x_wconf 83' lang='grc' dir='ltr'>ἐν</span> <span class='ocrx_word' id='word_1_181' title='bbox 715 2180 910 2243; x_wconf 72' lang='grc' dir='ltr'>αὐτοῖς,</span> <span class='ocrx_word' id='word_1_182' title='bbox 957 2174 1072 2230; x_wconf 68' lang='grc' dir='ltr'><strong>οὐδ’</strong></span> <span class='ocrx_word' id='word_1_183' title='bbox 1127 2178 1290 2238; x_wconf 73' lang='grc' dir='ltr'>οὕτως</span> <span class='ocrx_word' id='word_1_184' title='bbox 1347 2177 1519 2239; x_wconf 75' lang='grc' dir='ltr'>ἁπλῶς</span> <span class='ocrx_word' id='word_1_185' title='bbox 1569 2176 1640 2228; x_wconf 81' lang='grc' dir='ltr'><strong>ἐν·</strong></span> 
     </span>
    </p>
   </div>
   <div class='ocr_carea' id='block_1_25' title="bbox 99 2265 1637 2343">
    <p class='ocr_par' dir='ltr' id='par_1_25' title="bbox 99 2265 1637 2343">
     <span class='ocr_line' id='line_1_25' title="bbox 99 2265 1637 2343; baseline 0.003 -30"><span class='ocrx_word' id='word_1_186' title='bbox 99 2270 283 2319; x_wconf 74' lang='grc' dir='ltr'>αόπτετο</span> <span class='ocrx_word' id='word_1_187' title='bbox 329 2274 417 2327; x_wconf 77' lang='grc' dir='ltr'>τὴν</span> <span class='ocrx_word' id='word_1_188' title='bbox 463 2274 765 2343; x_wconf 85' lang='grc' dir='ltr'>παρουσίαν</span> <span class='ocrx_word' id='word_1_189' title='bbox 795 2268 846 2311; x_wconf 74' lang='lat' dir='ltr'><strong>h&#39;</strong></span> <span class='ocrx_word' id='word_1_190' title='bbox 873 2270 898 2320; x_wconf 89' lang='lat'><strong>6</strong></span> <span class='ocrx_word' id='word_1_191' title='bbox 946 2271 1140 2328; x_wconf 85' lang='grc' dir='ltr'>πτηνὸς</span> <span class='ocrx_word' id='word_1_192' title='bbox 1188 2265 1374 2330; x_wconf 84' lang='grc' dir='ltr'>ἐκεῖνος</span> <span class='ocrx_word' id='word_1_193' title='bbox 1422 2273 1511 2318; x_wconf 88' lang='grc' dir='ltr'><strong>καὶ</strong></span> <span class='ocrx_word' id='word_1_194' title='bbox 1547 2287 1637 2338; x_wconf 82' lang='grc' dir='ltr'>με·</span> 
     </span>
    </p>
   </div>
   <div class='ocr_carea' id='block_1_26' title="bbox 101 2353 1642 2432">
    <p class='ocr_par' dir='ltr' id='par_1_26' title="bbox 101 2353 1642 2432">
     <span class='ocr_line' id='line_1_26' title="bbox 101 2353 1642 2432; baseline 0.005 -31"><span class='ocrx_word' id='word_1_195' title='bbox 101 2357 258 2426; x_wconf 73' lang='grc' dir='ltr'>τάρσιος</span> <span class='ocrx_word' id='word_1_196' title='bbox 291 2360 543 2432; x_wconf 72' lang='grc' dir='ltr'>ἅνθρωπος</span> <span class='ocrx_word' id='word_1_197' title='bbox 573 2378 585 2388; x_wconf 91' lang='grc'><strong>·</strong></span> <span class='ocrx_word' id='word_1_198' title='bbox 628 2378 655 2411; x_wconf 75' lang='grc' dir='ltr'>ι(</span> <span class='ocrx_word' id='word_1_199' title='bbox 689 2357 950 2431; x_wconf 75' lang='grc' dir='ltr'>ὀφειλέτην</span> <span class='ocrx_word' id='word_1_200' title='bbox 983 2379 1012 2407; x_wconf 88' lang='grc'><strong>››</strong></span> <span class='ocrx_word' id='word_1_201' title='bbox 1039 2359 1139 2430; x_wconf 71' lang='grc' dir='ltr'>γὰρ</span> <span class='ocrx_word' id='word_1_202' title='bbox 1173 2356 1352 2409; x_wconf 76' lang='grc' dir='ltr'>ἑαυτὸν</span> <span class='ocrx_word' id='word_1_203' title='bbox 1395 2362 1483 2408; x_wconf 85' lang='grc' dir='ltr'><strong>καὶ</strong></span> <span class='ocrx_word' id='word_1_204' title='bbox 1531 2353 1616 2408; x_wconf 65' lang='lat' dir='ltr'><strong>old</strong></span> <span class='ocrx_word' id='word_1_205' title='bbox 1622 2375 1642 2408; x_wconf 92' lang='grc' dir='ltr'><strong>ε</strong></span> 
     </span>
    </p>
   </div>
   <div class='ocr_carea' id='block_1_27' title="bbox 99 2442 1640 2520">
    <p class='ocr_par' dir='ltr' id='par_1_27' title="bbox 99 2442 1640 2520">
     <span class='ocr_line' id='line_1_27' title="bbox 99 2442 1640 2520; baseline 0.016 -29"><span class='ocrx_word' id='word_1_206' title='bbox 99 2447 160 2493; x_wconf 72' lang='lat' dir='ltr'><strong>ut</strong></span> <span class='ocrx_word' id='word_1_207' title='bbox 183 2442 410 2516; x_wconf 77' lang='grc' dir='ltr'>ἀποκαλεῖ,</span> <span class='ocrx_word' id='word_1_208' title='bbox 462 2469 489 2500; x_wconf 84' lang='grc' dir='ltr'>ι(</span> <span class='ocrx_word' id='word_1_209' title='bbox 534 2449 647 2520; x_wconf 72' lang='grc' dir='ltr'>οὐχ</span> <span class='ocrx_word' id='word_1_210' title='bbox 673 2447 925 2505; x_wconf 68' lang='grc' dir='ltr'>Ἑλλήνων</span> <span class='ocrx_word' id='word_1_211' title='bbox 978 2451 1144 2519; x_wconf 76' lang='grc' dir='ltr'>μόνων</span> <span class='ocrx_word' id='word_1_212' title='bbox 1195 2451 1286 2498; x_wconf 71' lang='grc' dir='ltr'><strong>καὶ</strong></span> <span class='ocrx_word' id='word_1_213' title='bbox 1338 2444 1640 2520; x_wconf 74' lang='grc' dir='ltr'>βαρϐάρων,</span> 
     </span>
    </p>
   </div>
   <div class='ocr_carea' id='block_1_28' title="bbox 102 2531 1643 2608">
    <p class='ocr_par' dir='ltr' id='par_1_28' title="bbox 102 2531 1643 2608">
     <span class='ocr_line' id='line_1_28' title="bbox 102 2531 1643 2608; baseline 0.003 -27"><span class='ocrx_word' id='word_1_214' title='bbox 102 2531 191 2583; x_wconf 63' lang='grc' dir='ltr'><strong>αὑ.ὶὰ</strong></span> <span class='ocrx_word' id='word_1_215' title='bbox 216 2541 288 2587; x_wconf 74' lang='grc' dir='ltr'>καὶ</span> <span class='ocrx_word' id='word_1_216' title='bbox 339 2547 501 2608; x_wconf 72' lang='grc' dir='ltr'>σοφῶν</span> <span class='ocrx_word' id='word_1_217' title='bbox 539 2545 630 2590; x_wconf 80' lang='grc' dir='ltr'>καὶ</span> <span class='ocrx_word' id='word_1_218' title='bbox 685 2536 914 2595; x_wconf 77' lang='grc' dir='ltr'>ἀνοήτων</span> <span class='ocrx_word' id='word_1_219' title='bbox 941 2556 952 2568; x_wconf 90' lang='grc'>·</span> <span class='ocrx_word' id='word_1_220' title='bbox 983 2558 1012 2590; x_wconf 88' lang='grc'><strong>››</strong></span> <span class='ocrx_word' id='word_1_221' title='bbox 1043 2541 1132 2589; x_wconf 85' lang='grc' dir='ltr'><strong>καὶ</strong></span> <span class='ocrx_word' id='word_1_222' title='bbox 1178 2543 1247 2605; x_wconf 85' lang='grc' dir='ltr'>τῷ</span> <span class='ocrx_word' id='word_1_223' title='bbox 1300 2535 1417 2587; x_wconf 87' lang='grc' dir='ltr'>καθ’</span> <span class='ocrx_word' id='word_1_224' title='bbox 1462 2535 1643 2587; x_wconf 75' lang='grc' dir='ltr'>ἑαυτὸν</span> 
     </span>
    </p>
   </div>
   <div class='ocr_carea' id='block_1_29' title="bbox 99 2623 1644 2705">
    <p class='ocr_par' dir='ltr' id='par_1_29' title="bbox 99 2623 1644 2705">
     <span class='ocr_line' id='line_1_29' title="bbox 99 2623 1644 2705; baseline -0.001 -30"><span class='ocrx_word' id='word_1_225' title='bbox 99 2623 432 2696; x_wconf 67' lang='grc' dir='ltr'>προθύμῳ,οὗχ</span> <span class='ocrx_word' id='word_1_226' title='bbox 463 2628 656 2678; x_wconf 80' lang='grc' dir='ltr'>ἵστατο</span> <span class='ocrx_word' id='word_1_227' title='bbox 686 2630 758 2698; x_wconf 79' lang='grc' dir='ltr'>μὴ</span> <span class='ocrx_word' id='word_1_228' title='bbox 805 2625 960 2677; x_wconf 85' lang='grc' dir='ltr'>πλείω</span> <span class='ocrx_word' id='word_1_229' title='bbox 1011 2632 1110 2677; x_wconf 84' lang='grc' dir='ltr'>τῶν</span> <span class='ocrx_word' id='word_1_230' title='bbox 1155 2629 1309 2676; x_wconf 81' lang='grc' dir='ltr'>ὄντων</span> <span class='ocrx_word' id='word_1_231' title='bbox 1358 2623 1644 2705; x_wconf 65' lang='grc' dir='ltr'>ἐπιζητεῖν,</span> 
     </span>
    </p>
   </div>
   <div class='ocr_carea' id='block_1_30' title="bbox 101 2711 1644 2790">
    <p class='ocr_par' dir='ltr' id='par_1_30' title="bbox 101 2711 1644 2790">
     <span class='ocr_line' id='line_1_30' title="bbox 101 2711 1644 2790; baseline 0.003 -31"><span class='ocrx_word' id='word_1_232' title='bbox 101 2711 199 2762; x_wconf 76' lang='grc' dir='ltr'>ὥστε</span> <span class='ocrx_word' id='word_1_233' title='bbox 236 2715 353 2766; x_wconf 70' lang='lat' dir='ltr'><strong>xuii</strong></span> <span class='ocrx_word' id='word_1_234' title='bbox 401 2723 508 2778; x_wconf 85' lang='grc' dir='ltr'>τοῖς</span> <span class='ocrx_word' id='word_1_235' title='bbox 551 2719 728 2790; x_wconf 76' lang='grc' dir='ltr'>ἔργοις</span> <span class='ocrx_word' id='word_1_236' title='bbox 771 2713 986 2786; x_wconf 74' lang='grc' dir='ltr'>ἐκόμων,</span> <span class='ocrx_word' id='word_1_237' title='bbox 1039 2713 1189 2774; x_wconf 73' lang='grc' dir='ltr'>αὐτὸς</span> <span class='ocrx_word' id='word_1_238' title='bbox 1245 2712 1304 2765; x_wconf 75' lang='grc' dir='ltr'>ἂν</span> <span class='ocrx_word' id='word_1_239' title='bbox 1366 2717 1424 2765; x_wconf 88' lang='grc' dir='ltr'>τὸ</span> <span class='ocrx_word' id='word_1_240' title='bbox 1483 2713 1644 2765; x_wconf 74' lang='grc' dir='ltr'>αὐτοῦ</span> 
     </span>
    </p>
   </div>
   <div class='ocr_carea' id='block_1_31' title="bbox 99 2798 1644 2877">
    <p class='ocr_par' dir='ltr' id='par_1_31' title="bbox 99 2798 1644 2877">
     <span class='ocr_line' id='line_1_31' title="bbox 99 2798 1644 2877; baseline 0.005 -31"><span class='ocrx_word' id='word_1_241' title='bbox 99 2798 165 2848; x_wconf 67' lang='grc' dir='ltr'>οὐκ</span> <span class='ocrx_word' id='word_1_242' title='bbox 201 2799 368 2861; x_wconf 81' lang='grc' dir='ltr'>ἀπέστη</span> <span class='ocrx_word' id='word_1_243' title='bbox 421 2814 580 2857; x_wconf 80' lang='grc' dir='ltr'>ποιῶν</span> <span class='ocrx_word' id='word_1_244' title='bbox 613 2821 627 2833; x_wconf 85' lang='grc'><strong>·</strong></span> <span class='ocrx_word' id='word_1_245' title='bbox 663 2803 771 2856; x_wconf 74' lang='grc' dir='ltr'>ἀλλ’</span> <span class='ocrx_word' id='word_1_246' title='bbox 827 2802 1050 2856; x_wconf 70' lang='grc' dir='ltr'>ἐπέκειτο</span> <span class='ocrx_word' id='word_1_247' title='bbox 1105 2804 1412 2877; x_wconf 78' lang='grc' dir='ltr'>προσθήκην</span> <span class='ocrx_word' id='word_1_248' title='bbox 1469 2804 1644 2875; x_wconf 75' lang='grc' dir='ltr'>μειζό-</span> 
     </span>
    </p>
   </div>
   <div class='ocr_carea' id='block_1_32' title="bbox 97 2889 1641 2965">
    <p class='ocr_par' dir='ltr' id='par_1_32' title="bbox 97 2889 1641 2965">
     <span class='ocr_line' id='line_1_32' title="bbox 97 2889 1641 2965; baseline 0.006 -31"><span class='ocrx_word' id='word_1_249' title='bbox 97 2906 166 2936; x_wconf 76' lang='grc' dir='ltr'><strong>νων</strong></span> <span class='ocrx_word' id='word_1_250' title='bbox 203 2889 452 2952; x_wconf 73' lang='grc' dir='ltr'>ἐπιζητῶν,</span> <span class='ocrx_word' id='word_1_251' title='bbox 515 2893 658 2948; x_wconf 80' lang='grc' dir='ltr'>Ἀλλ’</span> <span class='ocrx_word' id='word_1_252' title='bbox 715 2894 850 2945; x_wconf 75' lang='grc' dir='ltr'>οὕτω</span> <span class='ocrx_word' id='word_1_253' title='bbox 897 2897 988 2965; x_wconf 72' lang='grc' dir='ltr'>μὲν</span> <span class='ocrx_word' id='word_1_254' title='bbox 1040 2896 1130 2944; x_wconf 84' lang='grc' dir='ltr'><strong>καὶ</strong></span> <span class='ocrx_word' id='word_1_255' title='bbox 1187 2894 1218 2950; x_wconf 78' lang='grc' dir='ltr'><em>ἡ</em></span> <span class='ocrx_word' id='word_1_256' title='bbox 1273 2895 1487 2949; x_wconf 91' lang='grc' dir='ltr'>τοιαύτη</span> <span class='ocrx_word' id='word_1_257' title='bbox 1551 2899 1641 2944; x_wconf 85' lang='grc' dir='ltr'>τοῦ</span> 
     </span>
    </p>
   </div>
   <div class='ocr_carea' id='block_1_33' title="bbox 94 2977 1644 3055">
    <p class='ocr_par' dir='ltr' id='par_1_33' title="bbox 94 2977 1644 3055">
     <span class='ocr_line' id='line_1_33' title="bbox 94 2977 1644 3055; baseline 0 -23"><span class='ocrx_word' id='word_1_258' title='bbox 94 2977 217 3047; x_wconf 59' lang='grc' dir='ltr'>ῥητοῦ</span> <span class='ocrx_word' id='word_1_259' title='bbox 257 2977 595 3055; x_wconf 70' lang='grc' dir='ltr'>διασάφησις,</span> <span class='ocrx_word' id='word_1_260' title='bbox 652 2983 806 3036; x_wconf 80' lang='grc' dir='ltr'>’Ἐστι</span> <span class='ocrx_word' id='word_1_261' title='bbox 867 2979 926 3036; x_wconf 75' lang='grc' dir='ltr'><strong>δὲ</strong></span> <span class='ocrx_word' id='word_1_262' title='bbox 991 2988 1080 3035; x_wconf 81' lang='grc' dir='ltr'>καὶ</span> <span class='ocrx_word' id='word_1_263' title='bbox 1139 2982 1303 3044; x_wconf 69' lang='grc' dir='ltr'>ἄλλως</span> <span class='ocrx_word' id='word_1_264' title='bbox 1361 2985 1416 3033; x_wconf 87' lang='grc' dir='ltr'>τὸ</span> <span class='ocrx_word' id='word_1_265' title='bbox 1473 2986 1644 3053; x_wconf 87' lang='grc' dir='ltr'>νόημα</span> 
     </span>
    </p>
   </div>
   <div class='ocr_carea' id='block_1_34' title="bbox 97 3065 1642 3147">
    <p class='ocr_par' dir='ltr' id='par_1_34' title="bbox 97 3065 1642 3147">
     <span class='ocr_line' id='line_1_34' title="bbox 97 3065 1642 3147; baseline 0.004 -31"><span class='ocrx_word' id='word_1_266' title='bbox 97 3065 293 3135; x_wconf 75' lang='grc' dir='ltr'>συνιδεῖν,</span> <span class='ocrx_word' id='word_1_267' title='bbox 343 3073 702 3147; x_wconf 82' lang='grc' dir='ltr'>ἁπλουστέραν</span> <span class='ocrx_word' id='word_1_268' title='bbox 764 3074 854 3145; x_wconf 68' lang='grc' dir='ltr'><strong>μεν</strong></span> <span class='ocrx_word' id='word_1_269' title='bbox 909 3075 1039 3133; x_wconf 86' lang='grc' dir='ltr'>ἴσως</span> <span class='ocrx_word' id='word_1_270' title='bbox 1076 3075 1170 3130; x_wconf 83' lang='grc' dir='ltr'>τὴν</span> <span class='ocrx_word' id='word_1_271' title='bbox 1218 3071 1459 3143; x_wconf 71' lang='grc' dir='ltr'>ἐξήγησιν</span> <span class='ocrx_word' id='word_1_272' title='bbox 1499 3067 1642 3123; x_wconf 77' lang='grc' dir='ltr'>ἐκδε-</span> 
     </span>
    </p>
   </div>
   <div class='ocr_carea' id='block_1_35' title="bbox 93 3156 1644 3236">
    <p class='ocr_par' dir='ltr' id='par_1_35' title="bbox 93 3156 1644 3236">
     <span class='ocr_line' id='line_1_35' title="bbox 93 3156 1644 3236; baseline 0.003 -28"><span class='ocrx_word' id='word_1_273' title='bbox 93 3160 284 3225; x_wconf 71' lang='grc' dir='ltr'>χόμενον,</span> <span class='ocrx_word' id='word_1_274' title='bbox 329 3161 658 3236; x_wconf 84' lang='grc' dir='ltr'>οἰκειωτέραν</span> <span class='ocrx_word' id='word_1_275' title='bbox 712 3159 783 3228; x_wconf 81' lang='grc' dir='ltr'><strong>δ’,</strong></span> <span class='ocrx_word' id='word_1_276' title='bbox 831 3158 997 3234; x_wconf 84' lang='grc' dir='ltr'>οἶμαι,</span> <span class='ocrx_word' id='word_1_277' title='bbox 1029 3166 1118 3213; x_wconf 84' lang='grc' dir='ltr'>καὶ</span> <span class='ocrx_word' id='word_1_278' title='bbox 1155 3169 1253 3223; x_wconf 82' lang='grc' dir='ltr'>τῆς</span> <span class='ocrx_word' id='word_1_279' title='bbox 1294 3160 1496 3213; x_wconf 87' lang='grc' dir='ltr'>Παύλου</span> <span class='ocrx_word' id='word_1_280' title='bbox 1530 3156 1644 3213; x_wconf 71' lang='grc' dir='ltr'><strong>δια⁸</strong></span> 
     </span>
    </p>
   </div>
   <div class='ocr_carea' id='block_1_36' title="bbox 93 3250 1644 3323">
    <p class='ocr_par' dir='ltr' id='par_1_36' title="bbox 93 3250 1644 3323">
     <span class='ocr_line' id='line_1_36' title="bbox 93 3250 1644 3323; baseline 0.02 -31"><span class='ocrx_word' id='word_1_281' title='bbox 93 3252 192 3305; x_wconf 69' lang='grc' dir='ltr'>νοίας</span> <span class='ocrx_word' id='word_1_282' title='bbox 237 3255 316 3302; x_wconf 83' lang='grc' dir='ltr'><strong>καὶ</strong></span> <span class='ocrx_word' id='word_1_283' title='bbox 361 3260 451 3314; x_wconf 78' lang='grc' dir='ltr'>τῆς</span> <span class='ocrx_word' id='word_1_284' title='bbox 498 3252 704 3314; x_wconf 79' lang='grc' dir='ltr'>λέξεως.</span> <span class='ocrx_word' id='word_1_285' title='bbox 753 3274 778 3301; x_wconf 83' lang='grc'><strong>‹‹</strong></span> <span class='ocrx_word' id='word_1_286' title='bbox 834 3250 1104 3316; x_wconf 76' lang='grc' dir='ltr'>Πολλάκις,</span> <span class='ocrx_word' id='word_1_287' title='bbox 1155 3255 1307 3322; x_wconf 70' lang='grc' dir='ltr'><strong>φησὶ»</strong></span> <span class='ocrx_word' id='word_1_288' title='bbox 1356 3251 1644 3323; x_wconf 73' lang='grc' dir='ltr'>προεθέμην</span> 
     </span>
    </p>
   </div>
   <div class='ocr_carea' id='block_1_37' title="bbox 95 3331 1640 3413">
    <p class='ocr_par' dir='ltr' id='par_1_37' title="bbox 95 3331 1640 3413">
     <span class='ocr_line' id='line_1_37' title="bbox 95 3331 1640 3413; baseline 0.004 -29"><span class='ocrx_word' id='word_1_289' title='bbox 95 3331 212 3386; x_wconf 71' lang='grc' dir='ltr'>ἶιθεῐν</span> <span class='ocrx_word' id='word_1_290' title='bbox 252 3344 365 3413; x_wconf 83' lang='grc' dir='ltr'>πρὸς</span> <span class='ocrx_word' id='word_1_291' title='bbox 413 3343 569 3413; x_wconf 71' lang='grc' dir='ltr'>ὑμᾶς,</span> <span class='ocrx_word' id='word_1_292' title='bbox 623 3339 735 3390; x_wconf 78' lang='grc' dir='ltr'>ἀλλ’</span> <span class='ocrx_word' id='word_1_293' title='bbox 783 3338 1042 3396; x_wconf 70' lang='grc' dir='ltr'>ἐκωλύθην</span> <span class='ocrx_word' id='word_1_294' title='bbox 1089 3341 1225 3412; x_wconf 82' lang='grc' dir='ltr'>ἄχρι</span> <span class='ocrx_word' id='word_1_295' title='bbox 1273 3347 1362 3392; x_wconf 85' lang='grc' dir='ltr'>τοῦ</span> <span class='ocrx_word' id='word_1_296' title='bbox 1409 3337 1584 3413; x_wconf 74' lang='grc' dir='ltr'>δεῦρο.</span> <span class='ocrx_word' id='word_1_297' title='bbox 1618 3360 1640 3389; x_wconf 76' lang='grc' dir='ltr'><strong>ι</strong></span> 
     </span>
    </p>
   </div>
   <div class='ocr_carea' id='block_1_38' title="bbox 93 3427 1645 3502">
    <p class='ocr_par' dir='ltr' id='par_1_38' title="bbox 93 3427 1645 3502">
     <span class='ocr_line' id='line_1_38' title="bbox 93 3427 1645 3502; baseline -0.001 -21"><span class='ocrx_word' id='word_1_298' title='bbox 93 3427 160 3472; x_wconf 67' lang='grc' dir='ltr'><strong>Διά</strong></span> <span class='ocrx_word' id='word_1_299' title='bbox 185 3431 262 3493; x_wconf 75' lang='grc' dir='ltr'><strong>τίς</strong></span> <span class='ocrx_word' id='word_1_300' title='bbox 294 3452 318 3479; x_wconf 75' lang='grc' dir='ltr'>(ι</span> <span class='ocrx_word' id='word_1_301' title='bbox 353 3428 460 3484; x_wconf 86' lang='grc' dir='ltr'><strong>Ὶνα</strong></span> <span class='ocrx_word' id='word_1_302' title='bbox 497 3433 622 3483; x_wconf 82' lang='grc' dir='ltr'>τινὰ</span> <span class='ocrx_word' id='word_1_303' title='bbox 679 3433 874 3502; x_wconf 84' lang='grc' dir='ltr'>καρπόν</span> <span class='ocrx_word' id='word_1_304' title='bbox 917 3437 1059 3500; x_wconf 85' lang='grc' dir='ltr'>σχῶ,</span> <span class='ocrx_word' id='word_1_305' title='bbox 1111 3451 1139 3478; x_wconf 85' lang='grc'><strong><em>››</em></strong></span> <span class='ocrx_word' id='word_1_306' title='bbox 1171 3431 1256 3480; x_wconf 82' lang='grc' dir='ltr'>ἵνα</span> <span class='ocrx_word' id='word_1_307' title='bbox 1303 3432 1450 3501; x_wconf 81' lang='grc' dir='ltr'>εῖπῃς</span> <span class='ocrx_word' id='word_1_308' title='bbox 1495 3430 1533 3494; x_wconf 76' lang='lat' dir='ltr'><strong>l,</strong></span> <span class='ocrx_word' id='word_1_309' title='bbox 1574 3427 1645 3480; x_wconf 80' lang='grc' dir='ltr'><strong>ἐν·</strong></span> 
     </span>
    </p>
   </div>
   <div class='ocr_carea' id='block_1_39' title="bbox 95 3509 1642 3596">
    <p class='ocr_par' dir='ltr' id='par_1_39' title="bbox 95 3509 1642 3596">
     <span class='ocr_line' id='line_1_39' title="bbox 95 3509 1642 3596; baseline 0.005 -34"><span class='ocrx_word' id='word_1_310' title='bbox 95 3509 263 3568; x_wconf 68' lang='grc' dir='ltr'>ὑείτετό</span> <span class='ocrx_word' id='word_1_311' title='bbox 315 3540 399 3590; x_wconf 85' lang='grc' dir='ltr'><strong>μοι</strong></span> <span class='ocrx_word' id='word_1_312' title='bbox 453 3525 656 3596; x_wconf 85' lang='grc' dir='ltr'>καρπός</span> <span class='ocrx_word' id='word_1_313' title='bbox 712 3539 791 3579; x_wconf 91' lang='grc' dir='ltr'><strong>τις</strong></span> <span class='ocrx_word' id='word_1_314' title='bbox 839 3519 892 3570; x_wconf 87' lang='grc' dir='ltr'>ὃν</span> <span class='ocrx_word' id='word_1_315' title='bbox 941 3515 1046 3570; x_wconf 78' lang='grc' dir='ltr'>ἔδει</span> <span class='ocrx_word' id='word_1_316' title='bbox 1097 3517 1335 3581; x_wconf 85' lang='grc' dir='ltr'>συλλέξαι</span> <span class='ocrx_word' id='word_1_317' title='bbox 1375 3523 1642 3593; x_wconf 82' lang='grc' dir='ltr'>πρότερον,</span> 
     </span>
    </p>
   </div>
   <div class='ocr_carea' id='block_1_40' title="bbox 94 3596 1645 3684">
    <p class='ocr_par' dir='ltr' id='par_1_40' title="bbox 94 3596 1645 3684">
     <span class='ocr_line' id='line_1_40' title="bbox 94 3596 1645 3684; baseline 0.008 -35"><span class='ocrx_word' id='word_1_318' title='bbox 94 3596 174 3653; x_wconf 79' lang='grc' dir='ltr'>εἶτα</span> <span class='ocrx_word' id='word_1_319' title='bbox 195 3609 306 3677; x_wconf 75' lang='grc' dir='ltr'>πρὸς</span> <span class='ocrx_word' id='word_1_320' title='bbox 354 3611 487 3681; x_wconf 76' lang='grc' dir='ltr'>ὑμᾶς</span> <span class='ocrx_word' id='word_1_321' title='bbox 540 3610 954 3684; x_wconf 72' lang='grc' dir='ltr'>παραγενέσθαι.</span> <span class='ocrx_word' id='word_1_322' title='bbox 1000 3613 1092 3670; x_wconf 86' lang='grc' dir='ltr'>Τίς</span> <span class='ocrx_word' id='word_1_323' title='bbox 1140 3607 1227 3659; x_wconf 81' lang='grc' dir='ltr'>οὖν</span> <span class='ocrx_word' id='word_1_324' title='bbox 1274 3605 1333 3666; x_wconf 73' lang='grc' dir='ltr'>ἦν</span> <span class='ocrx_word' id='word_1_325' title='bbox 1380 3609 1405 3659; x_wconf 91' lang='lat'><strong>6</strong></span> <span class='ocrx_word' id='word_1_326' title='bbox 1445 3611 1645 3681; x_wconf 85' lang='grc' dir='ltr'>καρπός</span> 
     </span>
    </p>
   </div>
   <div class='ocr_carea' id='block_1_41' title="bbox 95 3687 1638 3770">
    <p class='ocr_par' dir='ltr' id='par_1_41' title="bbox 95 3687 1638 3770">
     <span class='ocr_line' id='line_1_41' title="bbox 95 3687 1638 3770; baseline 0.007 -33"><span class='ocrx_word' id='word_1_327' title='bbox 95 3687 252 3760; x_wconf 71' lang='grc' dir='ltr'>ἐκεῖνος,</span> <span class='ocrx_word' id='word_1_328' title='bbox 292 3705 371 3750; x_wconf 75' lang='grc' dir='ltr'>καὶ</span> <span class='ocrx_word' id='word_1_329' title='bbox 428 3699 474 3750; x_wconf 78' lang='grc' dir='ltr'>ἐν</span> <span class='ocrx_word' id='word_1_330' title='bbox 525 3703 641 3750; x_wconf 82' lang='grc' dir='ltr'>τίσι</span> <span class='ocrx_word' id='word_1_331' title='bbox 694 3697 988 3768; x_wconf 76' lang='grc' dir='ltr'>συνελέγετο</span> <span class='ocrx_word' id='word_1_332' title='bbox 1023 3713 1036 3763; x_wconf 90' lang='grc'><strong>;</strong></span> <span class='ocrx_word' id='word_1_333' title='bbox 1066 3697 1230 3759; x_wconf 77' lang='grc' dir='ltr'>Αὐτὸς</span> <span class='ocrx_word' id='word_1_334' title='bbox 1279 3697 1465 3759; x_wconf 79' lang='grc' dir='ltr'>ἐκεῖνος</span> <span class='ocrx_word' id='word_1_335' title='bbox 1520 3697 1638 3770; x_wconf 81' lang='grc' dir='ltr'>ἐρεῖ·</span> 
     </span>
    </p>
   </div>
   <div class='ocr_carea' id='block_1_42' title="bbox 93 3775 1641 3859">
    <p class='ocr_par' dir='ltr' id='par_1_42' title="bbox 93 3775 1641 3859">
     <span class='ocr_line' id='line_1_42' title="bbox 93 3775 1641 3859; baseline 0.003 -24"><span class='ocrx_word' id='word_1_336' title='bbox 93 3775 152 3831; x_wconf 70' lang='grc' dir='ltr'><strong>ἐπὶ</strong></span> <span class='ocrx_word' id='word_1_337' title='bbox 195 3787 280 3856; x_wconf 65' lang='grc' dir='ltr'><strong>γὰρ</strong></span> <span class='ocrx_word' id='word_1_338' title='bbox 321 3789 387 3858; x_wconf 76' lang='grc' dir='ltr'>τῷ</span> <span class='ocrx_word' id='word_1_339' title='bbox 441 3787 576 3842; x_wconf 71' lang='grc' dir='ltr'>τέλει</span> <span class='ocrx_word' id='word_1_340' title='bbox 623 3795 717 3848; x_wconf 82' lang='grc' dir='ltr'>τῆς</span> <span class='ocrx_word' id='word_1_341' title='bbox 775 3785 1070 3851; x_wconf 73' lang='grc' dir='ltr'>ἐπιστολῆς,</span> <span class='ocrx_word' id='word_1_342' title='bbox 1122 3787 1295 3859; x_wconf 81' lang='grc' dir='ltr'>ὥσπερ</span> <span class='ocrx_word' id='word_1_343' title='bbox 1349 3785 1641 3858; x_wconf 73' lang='grc' dir='ltr'>ἐπιλογιζό-</span> 
     </span>
    </p>
   </div>
   <div class='ocr_carea' id='block_1_43' title="bbox 91 3876 1642 3950">
    <p class='ocr_par' dir='ltr' id='par_1_43' title="bbox 91 3876 1642 3950">
     <span class='ocr_line' id='line_1_43' title="bbox 91 3876 1642 3950; baseline -0.001 -20"><span class='ocrx_word' id='word_1_344' title='bbox 91 3888 197 3934; x_wconf 67' lang='grc' dir='ltr'>μενος</span> <span class='ocrx_word' id='word_1_345' title='bbox 241 3876 368 3946; x_wconf 77' lang='grc' dir='ltr'><strong>αύτῷ</strong></span> <span class='ocrx_word' id='word_1_346' title='bbox 423 3882 490 3930; x_wconf 82' lang='grc' dir='ltr'>τὰ</span> <span class='ocrx_word' id='word_1_347' title='bbox 547 3879 1015 3950; x_wconf 78' lang='grc' dir='ltr'>προοιμιασθέντα,</span> <span class='ocrx_word' id='word_1_348' title='bbox 1071 3876 1206 3927; x_wconf 85' lang='grc' dir='ltr'>ούτω</span> <span class='ocrx_word' id='word_1_349' title='bbox 1250 3881 1408 3948; x_wconf 78' lang='grc' dir='ltr'>φησίν</span> <span class='ocrx_word' id='word_1_350' title='bbox 1443 3893 1453 3905; x_wconf 91' lang='grc'>·</span> <span class='ocrx_word' id='word_1_351' title='bbox 1485 3899 1512 3925; x_wconf 83' lang='grc' dir='ltr'>ι(</span> <span class='ocrx_word' id='word_1_352' title='bbox 1556 3880 1642 3928; x_wconf 90' lang='grc' dir='ltr'><strong>Διὸ</strong></span> 
     </span>
    </p>
   </div>
   <div class='ocr_carea' id='block_1_44' title="bbox 91 3963 1644 4040">
    <p class='ocr_par' dir='ltr' id='par_1_44' title="bbox 91 3963 1644 4040">
     <span class='ocr_line' id='line_1_44' title="bbox 91 3963 1644 4040; baseline 0.008 -34"><span class='ocrx_word' id='word_1_353' title='bbox 91 3963 154 4008; x_wconf 78' lang='lat' dir='ltr'><strong>ui</strong></span> <span class='ocrx_word' id='word_1_354' title='bbox 217 3963 542 4039; x_wconf 80' lang='grc' dir='ltr'>ἐνεκοπτόμην</span> <span class='ocrx_word' id='word_1_355' title='bbox 629 3965 788 4018; x_wconf 82' lang='grc' dir='ltr'>ἐλθεῖν</span> <span class='ocrx_word' id='word_1_356' title='bbox 869 3968 995 4040; x_wconf 85' lang='grc' dir='ltr'>πρὸς</span> <span class='ocrx_word' id='word_1_357' title='bbox 1070 3966 1223 4036; x_wconf 78' lang='grc' dir='ltr'>ὑμᾶς,</span> <span class='ocrx_word' id='word_1_358' title='bbox 1291 3986 1319 4013; x_wconf 88' lang='grc'><strong>››</strong></span> <span class='ocrx_word' id='word_1_359' title='bbox 1381 3967 1501 4038; x_wconf 83' lang='grc' dir='ltr'>ὅπερ</span> <span class='ocrx_word' id='word_1_360' title='bbox 1578 3965 1644 4026; x_wconf 85' lang='grc' dir='ltr'><strong>εἰς</strong></span> 
     </span>
    </p>
   </div>
   <div class='ocr_carea' id='block_1_45' title="bbox 90 4048 1640 4128">
    <p class='ocr_par' dir='ltr' id='par_1_45' title="bbox 90 4048 1640 4128">
     <span class='ocr_line' id='line_1_45' title="bbox 90 4048 1640 4128; baseline 0.007 -32"><span class='ocrx_word' id='word_1_361' title='bbox 90 4048 232 4102; x_wconf 63' lang='grc' dir='ltr'>ταύτόν</span> <span class='ocrx_word' id='word_1_362' title='bbox 263 4056 367 4112; x_wconf 66' lang='grc' dir='ltr'><strong>ἣκει</strong></span> <span class='ocrx_word' id='word_1_363' title='bbox 403 4061 459 4108; x_wconf 74' lang='grc' dir='ltr'><strong>τὸ</strong></span> <span class='ocrx_word' id='word_1_364' title='bbox 492 4058 522 4100; x_wconf 68' lang='lat' dir='ltr'><strong>lt</strong></span> <span class='ocrx_word' id='word_1_365' title='bbox 556 4060 650 4107; x_wconf 81' lang='grc' dir='ltr'><strong>καὶ</strong></span> <span class='ocrx_word' id='word_1_366' title='bbox 682 4078 708 4103; x_wconf 86' lang='grc' dir='ltr'><strong>ιι</strong></span> <span class='ocrx_word' id='word_1_367' title='bbox 739 4054 1038 4112; x_wconf 86' lang='grc' dir='ltr'>Ἐκωλύθην</span> <span class='ocrx_word' id='word_1_368' title='bbox 1090 4055 1226 4128; x_wconf 76' lang='grc' dir='ltr'>ἄχρι</span> <span class='ocrx_word' id='word_1_369' title='bbox 1266 4061 1359 4106; x_wconf 84' lang='grc' dir='ltr'>τοῦ</span> <span class='ocrx_word' id='word_1_370' title='bbox 1407 4051 1578 4127; x_wconf 75' lang='grc' dir='ltr'>δεῦρο’</span> <span class='ocrx_word' id='word_1_371' title='bbox 1613 4075 1640 4107; x_wconf 88' lang='grc'><strong>)›</strong></span> 
     </span>
    </p>
   </div>
   <div class='ocr_carea' id='block_1_46' title="bbox 90 4136 1648 4218">
    <p class='ocr_par' dir='ltr' id='par_1_46' title="bbox 90 4136 1648 4218">
     <span class='ocr_line' id='line_1_46' title="bbox 90 4136 1648 4218; baseline 0.008 -34"><span class='ocrx_word' id='word_1_372' title='bbox 90 4136 233 4204; x_wconf 74' lang='grc' dir='ltr'>εἶτα,α</span> <span class='ocrx_word' id='word_1_373' title='bbox 263 4149 383 4196; x_wconf 77' lang='grc' dir='ltr'><strong>Νυνὶ</strong></span> <span class='ocrx_word' id='word_1_374' title='bbox 433 4142 493 4198; x_wconf 73' lang='grc' dir='ltr'>δε</span> <span class='ocrx_word' id='word_1_375' title='bbox 539 4148 733 4218; x_wconf 77' lang='grc' dir='ltr'>μηκέτι</span> <span class='ocrx_word' id='word_1_376' title='bbox 775 4147 913 4216; x_wconf 75' lang='grc' dir='ltr'>ἔχων</span> <span class='ocrx_word' id='word_1_377' title='bbox 969 4147 1122 4196; x_wconf 84' lang='grc' dir='ltr'>τόπον</span> <span class='ocrx_word' id='word_1_378' title='bbox 1175 4142 1224 4197; x_wconf 86' lang='grc' dir='ltr'>ἐν</span> <span class='ocrx_word' id='word_1_379' title='bbox 1270 4150 1379 4204; x_wconf 86' lang='grc' dir='ltr'>τοῖς</span> <span class='ocrx_word' id='word_1_380' title='bbox 1429 4143 1648 4216; x_wconf 88' lang='grc' dir='ltr'>κλίμασι</span> 
     </span>
    </p>
   </div>
   <div class='ocr_carea' id='block_1_47' title="bbox 88 4229 1648 4308">
    <p class='ocr_par' dir='ltr' id='par_1_47' title="bbox 88 4229 1648 4308">
     <span class='ocr_line' id='line_1_47' title="bbox 88 4229 1648 4308; baseline 0.004 -29"><span class='ocrx_word' id='word_1_381' title='bbox 88 4243 262 4296; x_wconf 64' lang='grc' dir='ltr'>τουτοις,</span> <span class='ocrx_word' id='word_1_382' title='bbox 311 4254 338 4283; x_wconf 79' lang='grc' dir='ltr'><strong>ν</strong></span> <span class='ocrx_word' id='word_1_383' title='bbox 399 4235 532 4286; x_wconf 81' lang='grc' dir='ltr'><strong>ἀλλὰ</strong></span> <span class='ocrx_word' id='word_1_384' title='bbox 607 4233 962 4308; x_wconf 78' lang='grc' dir='ltr'>πεπληρωκὼς</span> <span class='ocrx_word' id='word_1_385' title='bbox 1023 4229 1266 4291; x_wconf 75' lang='grc' dir='ltr'>δηλονότι</span> <span class='ocrx_word' id='word_1_386' title='bbox 1336 4235 1394 4284; x_wconf 87' lang='grc' dir='ltr'><strong>τό</strong></span> <span class='ocrx_word' id='word_1_387' title='bbox 1477 4235 1648 4304; x_wconf 80' lang='grc' dir='ltr'>ἔργον,</span> 
     </span>
    </p>
   </div>
   <div class='ocr_carea' id='block_1_48' title="bbox 91 4316 1647 4398">
    <p class='ocr_par' dir='ltr' id='par_1_48' title="bbox 91 4316 1647 4398">
     <span class='ocr_line' id='line_1_48' title="bbox 91 4316 1647 4398; baseline 0.002 -28"><span class='ocrx_word' id='word_1_388' title='bbox 91 4335 106 4356; x_wconf 84' lang='grc' dir='ltr'><strong>ι</strong></span> <span class='ocrx_word' id='word_1_389' title='bbox 143 4316 417 4393; x_wconf 62' lang='grc' dir='ltr'>’ΰεύσομαι</span> <span class='ocrx_word' id='word_1_390' title='bbox 461 4326 599 4398; x_wconf 84' lang='grc' dir='ltr'>πρὸς</span> <span class='ocrx_word' id='word_1_391' title='bbox 653 4324 804 4394; x_wconf 81' lang='grc' dir='ltr'>ὑμᾶς.</span> <span class='ocrx_word' id='word_1_392' title='bbox 836 4344 863 4374; x_wconf 89' lang='grc'><strong>)›</strong></span> <span class='ocrx_word' id='word_1_393' title='bbox 895 4322 1051 4393; x_wconf 80' lang='grc' dir='ltr'>Ὀρᾴς</span> <span class='ocrx_word' id='word_1_394' title='bbox 1100 4325 1177 4374; x_wconf 82' lang='grc' dir='ltr'>ὅτι</span> <span class='ocrx_word' id='word_1_395' title='bbox 1206 4324 1286 4391; x_wconf 90' lang='grc' dir='ltr'>τὸ,</span> <span class='ocrx_word' id='word_1_396' title='bbox 1325 4322 1414 4382; x_wconf 79' lang='grc' dir='ltr'>ἕως</span> <span class='ocrx_word' id='word_1_397' title='bbox 1440 4329 1530 4374; x_wconf 83' lang='grc' dir='ltr'>τοῦ</span> <span class='ocrx_word' id='word_1_398' title='bbox 1561 4331 1647 4374; x_wconf 84' lang='grc' dir='ltr'><strong>νυν</strong></span> 
     </span>
    </p>
   </div>
   <div class='ocr_carea' id='block_1_49' title="bbox 86 4405 1647 4484">
    <p class='ocr_par' dir='ltr' id='par_1_49' title="bbox 86 4405 1647 4484">
     <span class='ocr_line' id='line_1_49' title="bbox 86 4405 1647 4484; baseline 0.003 -24"><span class='ocrx_word' id='word_1_399' title='bbox 86 4411 137 4471; x_wconf 65' lang='grc' dir='ltr'>μὴ</span> <span class='ocrx_word' id='word_1_400' title='bbox 171 4405 324 4474; x_wconf 71' lang='grc' dir='ltr'>ἐλθεῖν,</span> <span class='ocrx_word' id='word_1_401' title='bbox 379 4415 404 4464; x_wconf 88' lang='lat'><strong>6</strong></span> <span class='ocrx_word' id='word_1_402' title='bbox 455 4411 505 4464; x_wconf 83' lang='grc' dir='ltr'>ἐν</span> <span class='ocrx_word' id='word_1_403' title='bbox 567 4420 677 4473; x_wconf 85' lang='grc' dir='ltr'>τοῖς</span> <span class='ocrx_word' id='word_1_404' title='bbox 732 4411 982 4484; x_wconf 86' lang='grc' dir='ltr'>κλίμασιν</span> <span class='ocrx_word' id='word_1_405' title='bbox 1041 4410 1251 4473; x_wconf 75' lang='grc' dir='ltr'>ἐκείνοις</span> <span class='ocrx_word' id='word_1_406' title='bbox 1283 4411 1647 4484; x_wconf 75' lang='grc' dir='ltr'>συλλεγόμενος</span> 
     </span>
    </p>
   </div>
   <div class='ocr_carea' id='block_1_50' title="bbox 89 4492 1648 4576">
    <p class='ocr_par' dir='ltr' id='par_1_50' title="bbox 89 4492 1648 4576">
     <span class='ocr_line' id='line_1_50' title="bbox 89 4492 1648 4576; baseline 0.008 -36"><span class='ocrx_word' id='word_1_407' title='bbox 89 4492 227 4565; x_wconf 53' lang='lat' dir='ltr'><strong>mir:</strong></span> <span class='ocrx_word' id='word_1_408' title='bbox 267 4507 457 4574; x_wconf 80' lang='grc' dir='ltr'>καρπός</span> <span class='ocrx_word' id='word_1_409' title='bbox 491 4520 502 4530; x_wconf 80' lang='grc'><strong>”</strong></span> <span class='ocrx_word' id='word_1_410' title='bbox 538 4500 811 4554; x_wconf 72' lang='grc' dir='ltr'>ἁτελεστον</span> <span class='ocrx_word' id='word_1_411' title='bbox 863 4503 964 4576; x_wconf 74' lang='grc' dir='ltr'>γὰρ</span> <span class='ocrx_word' id='word_1_412' title='bbox 1013 4505 1099 4553; x_wconf 88' lang='grc' dir='ltr'>τὸν</span> <span class='ocrx_word' id='word_1_413' title='bbox 1144 4499 1192 4552; x_wconf 79' lang='grc' dir='ltr'>ἐν</span> <span class='ocrx_word' id='word_1_414' title='bbox 1255 4498 1459 4562; x_wconf 79' lang='grc' dir='ltr'>ἐκείνοις</span> <span class='ocrx_word' id='word_1_415' title='bbox 1497 4505 1648 4554; x_wconf 88' lang='grc' dir='ltr'>πόνον</span> 
     </span>
    </p>
   </div>
   <div class='ocr_carea' id='block_1_51' title="bbox 87 4579 1646 4661">
    <p class='ocr_par' dir='ltr' id='par_1_51' title="bbox 87 4579 1646 4661">
     <span class='ocr_line' id='line_1_51' title="bbox 87 4579 1646 4661; baseline 0.012 -28"><span class='ocrx_word' id='word_1_416' title='bbox 87 4579 212 4637; x_wconf 66' lang='grc' dir='ltr'>λιπεῖν</span> <span class='ocrx_word' id='word_1_417' title='bbox 252 4589 338 4641; x_wconf 72' lang='grc' dir='ltr'>οὐκ</span> <span class='ocrx_word' id='word_1_418' title='bbox 420 4587 480 4649; x_wconf 73' lang='grc' dir='ltr'>ἦν</span> <span class='ocrx_word' id='word_1_419' title='bbox 560 4599 659 4652; x_wconf 75' lang='grc' dir='ltr'>τῆς</span> <span class='ocrx_word' id='word_1_420' title='bbox 732 4590 933 4642; x_wconf 81' lang='grc' dir='ltr'>Παύλου</span> <span class='ocrx_word' id='word_1_421' title='bbox 1003 4589 1189 4661; x_wconf 73' lang='grc' dir='ltr'>ψυχῆς</span> <span class='ocrx_word' id='word_1_422' title='bbox 1241 4594 1332 4642; x_wconf 77' lang='grc' dir='ltr'><strong>καὶ</strong></span> <span class='ocrx_word' id='word_1_423' title='bbox 1390 4587 1646 4652; x_wconf 77' lang='grc' dir='ltr'>σπουδῆς.</span> 
     </span>
    </p>
   </div>
   <div class='ocr_carea' id='block_1_52' title="bbox 92 4675 1648 4754">
    <p class='ocr_par' dir='ltr' id='par_1_52' title="bbox 92 4675 1648 4754">
     <span class='ocr_line' id='line_1_52' title="bbox 92 4675 1648 4754; baseline 0.009 -35"><span class='ocrx_word' id='word_1_424' title='bbox 92 4675 166 4722; x_wconf 72' lang='grc' dir='ltr'><strong>Καὶ</strong></span> <span class='ocrx_word' id='word_1_425' title='bbox 212 4678 298 4749; x_wconf 79' lang='grc' dir='ltr'>ὅρα</span> <span class='ocrx_word' id='word_1_426' title='bbox 345 4681 416 4741; x_wconf 82' lang='grc' dir='ltr'>ὡς</span> <span class='ocrx_word' id='word_1_427' title='bbox 473 4683 501 4738; x_wconf 69' lang='grc' dir='ltr'>ἡ</span> <span class='ocrx_word' id='word_1_428' title='bbox 555 4683 770 4738; x_wconf 84' lang='grc' dir='ltr'>τοιαύτη</span> <span class='ocrx_word' id='word_1_429' title='bbox 827 4678 1106 4742; x_wconf 79' lang='grc' dir='ltr'>ἀνάπτυξις</span> <span class='ocrx_word' id='word_1_430' title='bbox 1157 4686 1249 4731; x_wconf 83' lang='grc' dir='ltr'>τοῦ</span> <span class='ocrx_word' id='word_1_431' title='bbox 1299 4680 1482 4754; x_wconf 80' lang='grc' dir='ltr'>ῥητοῦ,</span> <span class='ocrx_word' id='word_1_432' title='bbox 1531 4684 1648 4733; x_wconf 77' lang='grc' dir='ltr'>οὔτε</span> 
     </span>
    </p>
   </div>
   <div class='ocr_carea' id='block_1_53' title="bbox 90 4765 1647 4844">
    <p class='ocr_par' dir='ltr' id='par_1_53' title="bbox 90 4765 1647 4844">
     <span class='ocr_line' id='line_1_53' title="bbox 90 4765 1647 4844; baseline 0.008 -35"><span class='ocrx_word' id='word_1_433' title='bbox 90 4768 156 4810; x_wconf 71' lang='grc' dir='ltr'>τοῦ</span> <span class='ocrx_word' id='word_1_434' title='bbox 190 4769 306 4819; x_wconf 78' lang='grc' dir='ltr'>κατὰ</span> <span class='ocrx_word' id='word_1_435' title='bbox 349 4772 403 4820; x_wconf 80' lang='grc' dir='ltr'>τὸ</span> <span class='ocrx_word' id='word_1_436' title='bbox 457 4767 753 4844; x_wconf 71' lang='grc' dir='ltr'>ὑπερϐατὸν</span> <span class='ocrx_word' id='word_1_437' title='bbox 803 4765 992 4827; x_wconf 76' lang='grc' dir='ltr'>ὶδέηθη</span> <span class='ocrx_word' id='word_1_438' title='bbox 1047 4773 1347 4840; x_wconf 80' lang='grc' dir='ltr'>σχήματος,</span> <span class='ocrx_word' id='word_1_439' title='bbox 1393 4773 1507 4822; x_wconf 75' lang='grc' dir='ltr'>οὔτε</span> <span class='ocrx_word' id='word_1_440' title='bbox 1545 4775 1647 4840; x_wconf 73' lang='grc' dir='ltr'><strong>μην</strong></span> 
     </span>
    </p>
   </div>
   <div class='ocr_carea' id='block_1_54' title="bbox 90 4848 1649 4933">
    <p class='ocr_par' dir='ltr' id='par_1_54' title="bbox 90 4848 1649 4933">
     <span class='ocr_line' id='line_1_54' title="bbox 90 4848 1649 4933; baseline 0.006 -31"><span class='ocrx_word' id='word_1_441' title='bbox 90 4848 187 4918; x_wconf 76' lang='grc' dir='ltr'>ἔσχε</span> <span class='ocrx_word' id='word_1_442' title='bbox 224 4859 351 4917; x_wconf 82' lang='grc' dir='ltr'>τινὰς</span> <span class='ocrx_word' id='word_1_443' title='bbox 391 4857 800 4920; x_wconf 79' lang='grc' dir='ltr'>ἀντιπίπτοντας</span> <span class='ocrx_word' id='word_1_444' title='bbox 846 4858 1153 4929; x_wconf 71' lang='grc' dir='ltr'>λογισμούς,</span> <span class='ocrx_word' id='word_1_445' title='bbox 1203 4856 1332 4909; x_wconf 78' lang='grc' dir='ltr'>ἀλλὰ</span> <span class='ocrx_word' id='word_1_446' title='bbox 1358 4863 1448 4910; x_wconf 83' lang='grc' dir='ltr'><strong>καὶ</strong></span> <span class='ocrx_word' id='word_1_447' title='bbox 1485 4879 1649 4933; x_wconf 88' lang='grc' dir='ltr'>προσ-</span> 
     </span>
    </p>
   </div>
   <div class='ocr_carea' id='block_1_55' title="bbox 90 4940 1646 5018">
    <p class='ocr_par' dir='ltr' id='par_1_55' title="bbox 90 4940 1646 5018">
     <span class='ocr_line' id='line_1_55' title="bbox 90 4940 1646 5018; baseline 0.004 -24"><span class='ocrx_word' id='word_1_448' title='bbox 90 4940 304 5009; x_wconf 38' lang='grc' dir='ltr'>έλῡμοσται</span> <span class='ocrx_word' id='word_1_449' title='bbox 351 4945 543 5017; x_wconf 73' lang='grc' dir='ltr'>μᾶλλον</span> <span class='ocrx_word' id='word_1_450' title='bbox 589 4955 689 4997; x_wconf 84' lang='grc' dir='ltr'>τῶν</span> <span class='ocrx_word' id='word_1_451' title='bbox 735 4946 897 4998; x_wconf 65' lang='lat' dir='ltr'><strong>cf).le</strong></span> <span class='ocrx_word' id='word_1_452' title='bbox 949 4954 1064 5008; x_wconf 85' lang='grc' dir='ltr'>ταῖς</span> <span class='ocrx_word' id='word_1_453' title='bbox 1116 4965 1169 4998; x_wconf 89' lang='grc' dir='ltr'><strong>τε</strong></span> <span class='ocrx_word' id='word_1_454' title='bbox 1216 4945 1403 5011; x_wconf 82' lang='grc' dir='ltr'>λέξεσι,</span> <span class='ocrx_word' id='word_1_455' title='bbox 1459 4953 1548 4999; x_wconf 85' lang='grc' dir='ltr'><strong>καὶ</strong></span> <span class='ocrx_word' id='word_1_456' title='bbox 1575 4956 1646 5018; x_wconf 85' lang='grc' dir='ltr'>τῷ</span> 
     </span>
    </p>
   </div>
   <div class='ocr_carea' id='block_1_56' title="bbox 87 5034 1649 5107">
    <p class='ocr_par' dir='ltr' id='par_1_56' title="bbox 87 5034 1649 5107">
     <span class='ocr_line' id='line_1_56' title="bbox 87 5034 1649 5107; baseline 0.01 -33"><span class='ocrx_word' id='word_1_457' title='bbox 87 5036 155 5076; x_wconf 70' lang='grc' dir='ltr'><em>τοὺ</em></span> <span class='ocrx_word' id='word_1_458' title='bbox 196 5034 454 5088; x_wconf 82' lang='grc' dir='ltr'>θεσπεσίου</span> <span class='ocrx_word' id='word_1_459' title='bbox 514 5036 722 5088; x_wconf 85' lang='grc' dir='ltr'>Παύλου</span> <span class='ocrx_word' id='word_1_460' title='bbox 771 5044 969 5106; x_wconf 82' lang='grc' dir='ltr'>σκοπῷ.</span> <span class='ocrx_word' id='word_1_461' title='bbox 1037 5041 1136 5088; x_wconf 83' lang='grc' dir='ltr'><strong>Καὶ</strong></span> <span class='ocrx_word' id='word_1_462' title='bbox 1175 5039 1254 5102; x_wconf 85' lang='grc' dir='ltr'>τὸ,</span> <span class='ocrx_word' id='word_1_463' title='bbox 1305 5034 1352 5086; x_wconf 84' lang='grc' dir='ltr'>ἐν</span> <span class='ocrx_word' id='word_1_464' title='bbox 1415 5038 1555 5107; x_wconf 80' lang='grc' dir='ltr'>ὑμῖν,</span> <span class='ocrx_word' id='word_1_465' title='bbox 1590 5034 1649 5089; x_wconf 67' lang='lat'><strong>6&quot;:</strong></span> 
     </span>
    </p>
   </div>
   <div class='ocr_carea' id='block_1_57' title="bbox 86 5113 1646 5200">
    <p class='ocr_par' dir='ltr' id='par_1_57' title="bbox 86 5113 1646 5200">
     <span class='ocr_line' id='line_1_57' title="bbox 86 5113 1646 5200; baseline 0.01 -37"><span class='ocrx_word' id='word_1_466' title='bbox 86 5113 282 5191; x_wconf 58' lang='grc' dir='ltr'>οὐδαμῶς</span> <span class='ocrx_word' id='word_1_467' title='bbox 324 5125 647 5185; x_wconf 71' lang='grc' dir='ltr'>ἐναντιοῦται</span> <span class='ocrx_word' id='word_1_468' title='bbox 695 5142 708 5158; x_wconf 78' lang='grc' dir='ltr'><strong>ο</strong></span> <span class='ocrx_word' id='word_1_469' title='bbox 760 5124 904 5200; x_wconf 81' lang='grc' dir='ltr'>ἀρχὴ</span> <span class='ocrx_word' id='word_1_470' title='bbox 957 5127 1059 5199; x_wconf 72' lang='grc' dir='ltr'>γάρ</span> <span class='ocrx_word' id='word_1_471' title='bbox 1126 5124 1240 5178; x_wconf 73' lang='grc' dir='ltr'>ἐστι</span> <span class='ocrx_word' id='word_1_472' title='bbox 1287 5134 1386 5177; x_wconf 85' lang='grc' dir='ltr'>τῶν</span> <span class='ocrx_word' id='word_1_473' title='bbox 1450 5125 1646 5198; x_wconf 74' lang='grc' dir='ltr'>ἐφεξῆς,</span> 
     </span>
    </p>
   </div>
   <div class='ocr_carea' id='block_1_58' title="bbox 1748 479 3395 557">
    <p class='ocr_par' dir='ltr' id='par_1_58' title="bbox 1748 479 3395 557">
     <span class='ocr_line' id='line_1_58' title="bbox 1748 479 3395 557; baseline 0.007 -23"><span class='ocrx_word' id='word_1_474' title='bbox 1748 479 1828 534; x_wconf 92' lang='lat' dir='ltr'><strong>ob</strong></span> <span class='ocrx_word' id='word_1_475' title='bbox 1859 495 2103 535; x_wconf 84' lang='lat' dir='ltr'><strong>causam</strong></span> <span class='ocrx_word' id='word_1_476' title='bbox 2139 481 2472 551; x_wconf 75' lang='lat' dir='ltr'><strong>prohibitus</strong></span> <span class='ocrx_word' id='word_1_477' title='bbox 2503 499 2659 548; x_wconf 90' lang='lat' dir='ltr'><strong>sum,</strong></span> <span class='ocrx_word' id='word_1_478' title='bbox 2690 500 2764 539; x_wconf 91' lang='lat' dir='ltr'><strong>ne</strong></span> <span class='ocrx_word' id='word_1_479' title='bbox 2804 485 2850 539; x_wconf 89' lang='lat' dir='ltr'><strong>si</strong></span> <span class='ocrx_word' id='word_1_480' title='bbox 2879 486 3045 541; x_wconf 79' lang='lat' dir='ltr'><strong>citius</strong></span> <span class='ocrx_word' id='word_1_481' title='bbox 3078 488 3395 557; x_wconf 86' lang='lat' dir='ltr'><strong>venissem,</strong></span> 
     </span>
    </p>
   </div>
   <div class='ocr_carea' id='block_1_59' title="bbox 1750 566 3403 640">
    <p class='ocr_par' dir='ltr' id='par_1_59' title="bbox 1750 566 3403 640">
     <span class='ocr_line' id='line_1_59' title="bbox 1750 566 3403 640; baseline 0.008 -20"><span class='ocrx_word' id='word_1_482' title='bbox 1750 581 1858 621; x_wconf 86' lang='lat' dir='ltr'><strong>vos</strong></span> <span class='ocrx_word' id='word_1_483' title='bbox 1875 566 2248 636; x_wconf 81' lang='lat' dir='ltr'><strong>infrugiferos</strong></span> <span class='ocrx_word' id='word_1_484' title='bbox 2276 571 2628 640; x_wconf 88' lang='lat' dir='ltr'><strong>reperissem</strong></span> <span class='ocrx_word' id='word_1_485' title='bbox 2661 589 2674 634; x_wconf 89' lang='lat'><strong>;</strong></span> <span class='ocrx_word' id='word_1_486' title='bbox 2696 572 2742 626; x_wconf 91' lang='lat' dir='ltr'><strong>si</strong></span> <span class='ocrx_word' id='word_1_487' title='bbox 2762 574 2921 629; x_wconf 90' lang='lat' dir='ltr'><strong>enim</strong></span> <span class='ocrx_word' id='word_1_488' title='bbox 2938 574 3293 632; x_wconf 91' lang='lat' dir='ltr'><strong>immaturos</strong></span> <span class='ocrx_word' id='word_1_489' title='bbox 3314 576 3403 633; x_wconf 84' lang='lat' dir='ltr'><strong>in-</strong></span> 
     </span>
    </p>
   </div>
   <div class='ocr_carea' id='block_1_60' title="bbox 1751 656 3402 733">
    <p class='ocr_par' dir='ltr' id='par_1_60' title="bbox 1751 656 3402 733">
     <span class='ocr_line' id='line_1_60' title="bbox 1751 656 3402 733; baseline 0.008 -24"><span class='ocrx_word' id='word_1_490' title='bbox 1751 656 2069 722; x_wconf 86' lang='lat' dir='ltr'><strong>venissem,</strong></span> <span class='ocrx_word' id='word_1_491' title='bbox 2137 657 2473 729; x_wconf 89' lang='lat' dir='ltr'><strong>culpassem</strong></span> <span class='ocrx_word' id='word_1_492' title='bbox 2526 659 3010 733; x_wconf 85' lang='lat' dir='ltr'><strong>intempestivum</strong></span> <span class='ocrx_word' id='word_1_493' title='bbox 3077 665 3402 723; x_wconf 87' lang='lat' dir='ltr'><strong>adventum</strong></span> 
     </span>
    </p>
   </div>
   <div class='ocr_carea' id='block_1_61' title="bbox 1753 745 3399 821">
    <p class='ocr_par' dir='ltr' id='par_1_61' title="bbox 1753 745 3399 821">
     <span class='ocr_line' id='line_1_61' title="bbox 1753 745 3399 821; baseline 0.009 -23"><span class='ocrx_word' id='word_1_494' title='bbox 1753 759 1978 814; x_wconf 92' lang='lat' dir='ltr'><strong>meum,</strong></span> <span class='ocrx_word' id='word_1_495' title='bbox 2005 761 2101 800; x_wconf 92' lang='lat' dir='ltr'><strong>me</strong></span> <span class='ocrx_word' id='word_1_496' title='bbox 2131 745 2204 801; x_wconf 91' lang='lat' dir='ltr'><strong>de</strong></span> <span class='ocrx_word' id='word_1_497' title='bbox 2235 745 2608 804; x_wconf 82' lang='lat' dir='ltr'><strong>festinatione</strong></span> <span class='ocrx_word' id='word_1_498' title='bbox 2635 751 2840 816; x_wconf 86' lang='lat' dir='ltr'><strong>nimia,</strong></span> <span class='ocrx_word' id='word_1_499' title='bbox 2874 769 2978 808; x_wconf 93' lang='lat' dir='ltr'><strong>vos</strong></span> <span class='ocrx_word' id='word_1_500' title='bbox 3003 753 3077 808; x_wconf 91' lang='lat' dir='ltr'><strong>de</strong></span> <span class='ocrx_word' id='word_1_501' title='bbox 3103 755 3399 821; x_wconf 85' lang='lat' dir='ltr'><strong>tarditate,</strong></span> 
     </span>
    </p>
   </div>
   <div class='ocr_carea' id='block_1_62' title="bbox 1753 832 3404 917">
    <p class='ocr_par' dir='ltr' id='par_1_62' title="bbox 1753 832 3404 917">
     <span class='ocr_line' id='line_1_62' title="bbox 1753 832 3404 917; baseline 0.008 -30"><span class='ocrx_word' id='word_1_502' title='bbox 1753 832 1812 888; x_wconf 92' lang='lat' dir='ltr'><strong>in</strong></span> <span class='ocrx_word' id='word_1_503' title='bbox 1839 833 1909 888; x_wconf 89' lang='lat' dir='ltr'><strong>iis</strong></span> <span class='ocrx_word' id='word_1_504' title='bbox 1938 850 2074 905; x_wconf 60' lang='lat' dir='ltr'><strong>quae</strong></span> <span class='ocrx_word' id='word_1_505' title='bbox 2115 851 2234 891; x_wconf 90' lang='lat' dir='ltr'><strong>non</strong></span> <span class='ocrx_word' id='word_1_506' title='bbox 2265 836 2578 895; x_wconf 86' lang='lat' dir='ltr'><strong>decebant.</strong></span> <span class='ocrx_word' id='word_1_507' title='bbox 2629 841 2765 897; x_wconf 87' lang='lat' dir='ltr'><strong>Ideo</strong></span> <span class='ocrx_word' id='word_1_508' title='bbox 2805 841 3132 899; x_wconf 87' lang='lat' dir='ltr'><strong>adventum</strong></span> <span class='ocrx_word' id='word_1_509' title='bbox 3165 860 3404 917; x_wconf 85' lang='lat' dir='ltr'><strong>compe-</strong></span> 
     </span>
    </p>
   </div>
   <div class='ocr_carea' id='block_1_63' title="bbox 1751 921 3403 1005">
    <p class='ocr_par' dir='ltr' id='par_1_63' title="bbox 1751 921 3403 1005">
     <span class='ocr_line' id='line_1_63' title="bbox 1751 921 3403 1005; baseline 0.008 -30"><span class='ocrx_word' id='word_1_510' title='bbox 1751 921 2058 977; x_wconf 87' lang='lat' dir='ltr'><strong>rendinavi</strong></span> <span class='ocrx_word' id='word_1_511' title='bbox 2091 939 2314 988; x_wconf 90' lang='lat' dir='ltr'><strong>meum,</strong></span> <span class='ocrx_word' id='word_1_512' title='bbox 2344 933 2698 995; x_wconf 83' lang='lat' dir='ltr'><strong>proventum</strong></span> <span class='ocrx_word' id='word_1_513' title='bbox 2731 936 3105 1002; x_wconf 84' lang='lat' dir='ltr'><strong>exspectans,</strong></span> <span class='ocrx_word' id='word_1_514' title='bbox 3134 932 3237 1005; x_wconf 81' lang='lat' dir='ltr'><strong>qui</strong></span> <span class='ocrx_word' id='word_1_515' title='bbox 3262 949 3403 989; x_wconf 89' lang='lat' dir='ltr'><strong>cum</strong></span> 
     </span>
    </p>
   </div>
   <div class='ocr_carea' id='block_1_64' title="bbox 1753 1011 3404 1089">
    <p class='ocr_par' dir='ltr' id='par_1_64' title="bbox 1753 1011 3404 1089">
     <span class='ocr_line' id='line_1_64' title="bbox 1753 1011 3404 1089; baseline 0.009 -26"><span class='ocrx_word' id='word_1_516' title='bbox 1753 1011 2026 1066; x_wconf 90' lang='lat' dir='ltr'><strong>nondum</strong></span> <span class='ocrx_word' id='word_1_517' title='bbox 2046 1013 2574 1081; x_wconf 85' lang='lat' dir='ltr'><strong>egerminationem</strong></span> <span class='ocrx_word' id='word_1_518' title='bbox 2591 1019 2924 1089; x_wconf 82' lang='lat' dir='ltr'><strong>respiceret,</strong></span> <span class='ocrx_word' id='word_1_519' title='bbox 2948 1021 3056 1076; x_wconf 90' lang='lat' dir='ltr'><strong>sed</strong></span> <span class='ocrx_word' id='word_1_520' title='bbox 3083 1021 3311 1078; x_wconf 89' lang='lat' dir='ltr'><strong>tardius</strong></span> <span class='ocrx_word' id='word_1_521' title='bbox 3342 1022 3404 1078; x_wconf 91' lang='lat' dir='ltr'><strong>in</strong></span> 
     </span>
    </p>
   </div>
   <div class='ocr_carea' id='block_1_65' title="bbox 1750 1097 3407 1183">
    <p class='ocr_par' dir='ltr' id='par_1_65' title="bbox 1750 1097 3407 1183">
     <span class='ocr_line' id='line_1_65' title="bbox 1750 1097 3407 1183; baseline 0.008 -30"><span class='ocrx_word' id='word_1_522' title='bbox 1750 1097 1960 1155; x_wconf 90' lang='lat' dir='ltr'><strong>ﬂorem</strong></span> <span class='ocrx_word' id='word_1_523' title='bbox 1985 1101 2331 1167; x_wconf 86' lang='lat' dir='ltr'><strong>solveretur,</strong></span> <span class='ocrx_word' id='word_1_524' title='bbox 2351 1111 2700 1174; x_wconf 80' lang='lat' dir='ltr'><strong>gravaretur</strong></span> <span class='ocrx_word' id='word_1_525' title='bbox 2731 1107 2825 1163; x_wconf 91' lang='lat' dir='ltr'><strong>ille</strong></span> <span class='ocrx_word' id='word_1_526' title='bbox 2855 1110 3084 1177; x_wconf 90' lang='lat' dir='ltr'><strong>adesse,</strong></span> <span class='ocrx_word' id='word_1_527' title='bbox 3113 1111 3216 1183; x_wconf 88' lang='lat' dir='ltr'><strong>qui</strong></span> <span class='ocrx_word' id='word_1_528' title='bbox 3243 1111 3407 1167; x_wconf 87' lang='lat' dir='ltr'><strong>desi-</strong></span> 
     </span>
    </p>
   </div>
   <div class='ocr_carea' id='block_1_66' title="bbox 1751 1189 3400 1272">
    <p class='ocr_par' dir='ltr' id='par_1_66' title="bbox 1751 1189 3400 1272">
     <span class='ocr_line' id='line_1_66' title="bbox 1751 1189 3400 1272; baseline 0.008 -29"><span class='ocrx_word' id='word_1_529' title='bbox 1751 1189 1916 1244; x_wconf 90' lang='lat' dir='ltr'><strong>derio</strong></span> <span class='ocrx_word' id='word_1_530' title='bbox 1947 1192 2074 1261; x_wconf 88' lang='lat' dir='ltr'><strong>ejus</strong></span> <span class='ocrx_word' id='word_1_531' title='bbox 2105 1191 2373 1249; x_wconf 67' lang='lat' dir='ltr'><strong>fruenda:</strong></span> <span class='ocrx_word' id='word_1_532' title='bbox 2404 1199 2716 1252; x_wconf 89' lang='lat' dir='ltr'><strong>teneretur.</strong></span> <span class='ocrx_word' id='word_1_533' title='bbox 2747 1199 2818 1254; x_wconf 83' lang='lat' dir='ltr'><strong>At</strong></span> <span class='ocrx_word' id='word_1_534' title='bbox 2860 1215 2998 1255; x_wconf 91' lang='lat' dir='ltr'><strong>cum</strong></span> <span class='ocrx_word' id='word_1_535' title='bbox 3029 1207 3158 1272; x_wconf 93' lang='lat' dir='ltr'><strong>post</strong></span> <span class='ocrx_word' id='word_1_536' title='bbox 3186 1201 3400 1271; x_wconf 88' lang='lat' dir='ltr'><strong>germi-</strong></span> 
     </span>
    </p>
   </div>
   <div class='ocr_carea' id='block_1_67' title="bbox 1751 1279 3396 1359">
    <p class='ocr_par' dir='ltr' id='par_1_67' title="bbox 1751 1279 3396 1359">
     <span class='ocr_line' id='line_1_67' title="bbox 1751 1279 3396 1359; baseline 0.009 -26"><span class='ocrx_word' id='word_1_537' title='bbox 1751 1279 2053 1335; x_wconf 88' lang='lat' dir='ltr'><strong>nationem</strong></span> <span class='ocrx_word' id='word_1_538' title='bbox 2072 1286 2127 1336; x_wconf 92' lang='lat' dir='ltr'><strong>et</strong></span> <span class='ocrx_word' id='word_1_539' title='bbox 2151 1281 2327 1338; x_wconf 89' lang='lat' dir='ltr'><strong>ﬂores</strong></span> <span class='ocrx_word' id='word_1_540' title='bbox 2344 1283 2419 1339; x_wconf 91' lang='lat' dir='ltr'><strong>ad</strong></span> <span class='ocrx_word' id='word_1_541' title='bbox 2452 1284 2870 1356; x_wconf 79' lang='lat' dir='ltr'><strong>perfectionem</strong></span> <span class='ocrx_word' id='word_1_542' title='bbox 2893 1289 3155 1346; x_wconf 89' lang='lat' dir='ltr'><strong>adducta</strong></span> <span class='ocrx_word' id='word_1_543' title='bbox 3186 1291 3396 1359; x_wconf 82' lang='lat' dir='ltr'><strong>fuerat,</strong></span> 
     </span>
    </p>
   </div>
   <div class='ocr_carea' id='block_1_68' title="bbox 1753 1373 3404 1450">
    <p class='ocr_par' dir='ltr' id='par_1_68' title="bbox 1753 1373 3404 1450">
     <span class='ocr_line' id='line_1_68' title="bbox 1753 1373 3404 1450; baseline 0.009 -28"><span class='ocrx_word' id='word_1_544' title='bbox 1753 1373 1875 1423; x_wconf 88' lang='lat' dir='ltr'><strong>tum</strong></span> <span class='ocrx_word' id='word_1_545' title='bbox 1907 1385 2177 1425; x_wconf 88' lang='lat' dir='ltr'><strong>accessus</strong></span> <span class='ocrx_word' id='word_1_546' title='bbox 2217 1373 2296 1427; x_wconf 89' lang='lat' dir='ltr'><strong>ad</strong></span> <span class='ocrx_word' id='word_1_547' title='bbox 2343 1389 2445 1427; x_wconf 85' lang='lat' dir='ltr'><strong>eos</strong></span> <span class='ocrx_word' id='word_1_548' title='bbox 2485 1391 2659 1430; x_wconf 90' lang='lat' dir='ltr'><strong>cursu</strong></span> <span class='ocrx_word' id='word_1_549' title='bbox 2709 1376 3040 1450; x_wconf 83' lang='lat' dir='ltr'><strong>festinatus,</strong></span> <span class='ocrx_word' id='word_1_550' title='bbox 3085 1380 3307 1449; x_wconf 85' lang='lat' dir='ltr'><strong>gaudio</strong></span> <span class='ocrx_word' id='word_1_551' title='bbox 3347 1385 3404 1438; x_wconf 90' lang='lat' dir='ltr'><strong>et</strong></span> 
     </span>
    </p>
   </div>
   <div class='ocr_carea' id='block_1_69' title="bbox 1750 1457 3399 1540">
    <p class='ocr_par' dir='ltr' id='par_1_69' title="bbox 1750 1457 3399 1540">
     <span class='ocr_line' id='line_1_69' title="bbox 1750 1457 3399 1540; baseline 0.009 -30"><span class='ocrx_word' id='word_1_552' title='bbox 1750 1457 1949 1513; x_wconf 66' lang='lat' dir='ltr'><strong>laetitia</strong></span> <span class='ocrx_word' id='word_1_553' title='bbox 1973 1459 2324 1516; x_wconf 83' lang='lat' dir='ltr'><strong>abundabat</strong></span> <span class='ocrx_word' id='word_1_554' title='bbox 2355 1477 2370 1525; x_wconf 92' lang='lat'><strong>;</strong></span> <span class='ocrx_word' id='word_1_555' title='bbox 2400 1462 2636 1518; x_wconf 88' lang='lat' dir='ltr'><strong>labores</strong></span> <span class='ocrx_word' id='word_1_556' title='bbox 2661 1464 2823 1520; x_wconf 90' lang='lat' dir='ltr'><strong>haud</strong></span> <span class='ocrx_word' id='word_1_557' title='bbox 2842 1469 3004 1524; x_wconf 88' lang='lat' dir='ltr'><strong>novit</strong></span> <span class='ocrx_word' id='word_1_558' title='bbox 3029 1475 3399 1540; x_wconf 86' lang='lat' dir='ltr'><strong>computare,</strong></span> 
     </span>
    </p>
   </div>
   <div class='ocr_carea' id='block_1_70' title="bbox 1751 1549 3401 1625">
    <p class='ocr_par' dir='ltr' id='par_1_70' title="bbox 1751 1549 3401 1625">
     <span class='ocr_line' id='line_1_70' title="bbox 1751 1549 3401 1625; baseline 0.008 -25"><span class='ocrx_word' id='word_1_559' title='bbox 1751 1562 1872 1602; x_wconf 92' lang='lat' dir='ltr'><strong>non</strong></span> <span class='ocrx_word' id='word_1_560' title='bbox 1904 1563 2111 1604; x_wconf 89' lang='lat' dir='ltr'><strong>curam</strong></span> <span class='ocrx_word' id='word_1_561' title='bbox 2143 1549 2382 1606; x_wconf 89' lang='lat' dir='ltr'><strong>divisim</strong></span> <span class='ocrx_word' id='word_1_562' title='bbox 2422 1551 2552 1606; x_wconf 90' lang='lat' dir='ltr'><strong>aliis</strong></span> <span class='ocrx_word' id='word_1_563' title='bbox 2582 1552 2946 1625; x_wconf 89' lang='lat' dir='ltr'><strong>impendere.</strong></span> <span class='ocrx_word' id='word_1_564' title='bbox 2981 1558 3151 1622; x_wconf 87' lang='lat' dir='ltr'><strong>Quod</strong></span> <span class='ocrx_word' id='word_1_565' title='bbox 3193 1557 3241 1612; x_wconf 88' lang='lat' dir='ltr'><strong>si</strong></span> <span class='ocrx_word' id='word_1_566' title='bbox 3281 1557 3401 1614; x_wconf 82' lang='lat' dir='ltr'><strong>fru-</strong></span> 
     </span>
    </p>
   </div>
   <div class='ocr_carea' id='block_1_71' title="bbox 1751 1635 3404 1704">
    <p class='ocr_par' dir='ltr' id='par_1_71' title="bbox 1751 1635 3404 1704">
     <span class='ocr_line' id='line_1_71' title="bbox 1751 1635 3404 1704; baseline 0.008 -14"><span class='ocrx_word' id='word_1_567' title='bbox 1751 1635 2023 1704; x_wconf 86' lang='lat' dir='ltr'><strong>etiﬁcent,</strong></span> <span class='ocrx_word' id='word_1_568' title='bbox 2059 1637 2154 1692; x_wconf 88' lang='lat' dir='ltr'><strong>cui</strong></span> <span class='ocrx_word' id='word_1_569' title='bbox 2180 1638 2311 1693; x_wconf 91' lang='lat' dir='ltr'><strong>usui</strong></span> <span class='ocrx_word' id='word_1_570' title='bbox 2341 1639 2616 1697; x_wconf 90' lang='lat' dir='ltr'><strong>inserviet</strong></span> <span class='ocrx_word' id='word_1_571' title='bbox 2648 1643 2939 1699; x_wconf 89' lang='lat' dir='ltr'><strong>adventus</strong></span> <span class='ocrx_word' id='word_1_572' title='bbox 2970 1645 3187 1702; x_wconf 86' lang='lat' dir='ltr'><strong>Pauli?</strong></span> <span class='ocrx_word' id='word_1_573' title='bbox 3219 1647 3404 1703; x_wconf 84' lang='lat' dir='ltr'><strong>Multi-</strong></span> 
     </span>
    </p>
   </div>
   <div class='ocr_carea' id='block_1_72' title="bbox 1752 1725 3403 1806">
    <p class='ocr_par' dir='ltr' id='par_1_72' title="bbox 1752 1725 3403 1806">
     <span class='ocr_line' id='line_1_72' title="bbox 1752 1725 3403 1806; baseline 0.01 -29"><span class='ocrx_word' id='word_1_574' title='bbox 1752 1725 1888 1797; x_wconf 87' lang='lat' dir='ltr'><strong>plici</strong></span> <span class='ocrx_word' id='word_1_575' title='bbox 1919 1727 2204 1798; x_wconf 80' lang='lat' dir='ltr'><strong>profecto.</strong></span> <span class='ocrx_word' id='word_1_576' title='bbox 2237 1728 2364 1784; x_wconf 91' lang='lat' dir='ltr'><strong>Non</strong></span> <span class='ocrx_word' id='word_1_577' title='bbox 2395 1730 2557 1786; x_wconf 92' lang='lat' dir='ltr'><strong>enim</strong></span> <span class='ocrx_word' id='word_1_578' title='bbox 2589 1732 3008 1789; x_wconf 88' lang='lat' dir='ltr'><strong>omnimodum</strong></span> <span class='ocrx_word' id='word_1_579' title='bbox 3039 1737 3403 1806; x_wconf 85' lang='lat' dir='ltr'><strong>exspectavit</strong></span> 
     </span>
    </p>
   </div>
   <div class='ocr_carea' id='block_1_73' title="bbox 1753 1813 3406 1895">
    <p class='ocr_par' dir='ltr' id='par_1_73' title="bbox 1753 1813 3406 1895">
     <span class='ocr_line' id='line_1_73' title="bbox 1753 1813 3406 1895; baseline 0.006 -27"><span class='ocrx_word' id='word_1_580' title='bbox 1753 1813 2032 1880; x_wconf 88' lang='lat' dir='ltr'><strong>fructum,</strong></span> <span class='ocrx_word' id='word_1_581' title='bbox 2060 1817 2168 1872; x_wconf 89' lang='lat' dir='ltr'><strong>sed</strong></span> <span class='ocrx_word' id='word_1_582' title='bbox 2195 1819 2523 1890; x_wconf 88' lang='lat' dir='ltr'><strong>quemdam</strong></span> <span class='ocrx_word' id='word_1_583' title='bbox 2556 1826 2805 1877; x_wconf 87' lang='lat' dir='ltr'><strong>tantum.</strong></span> <span class='ocrx_word' id='word_1_584' title='bbox 2838 1823 3030 1895; x_wconf 89' lang='lat' dir='ltr'><strong>lnquit</strong></span> <span class='ocrx_word' id='word_1_585' title='bbox 3054 1825 3234 1890; x_wconf 89' lang='lat' dir='ltr'><strong>enim,</strong></span> <span class='ocrx_word' id='word_1_586' title='bbox 3269 1848 3290 1875; x_wconf 75' lang='grc' dir='ltr'><strong><em>ι</em></strong></span> <span class='ocrx_word' id='word_1_587' title='bbox 3337 1827 3406 1882; x_wconf 92' lang='lat' dir='ltr'><strong>Ut</strong></span> 
     </span>
    </p>
   </div>
   <div class='ocr_carea' id='block_1_74' title="bbox 1751 1903 3401 1976">
    <p class='ocr_par' dir='ltr' id='par_1_74' title="bbox 1751 1903 3401 1976">
     <span class='ocr_line' id='line_1_74' title="bbox 1751 1903 3401 1976; baseline 0.007 -18"><span class='ocrx_word' id='word_1_588' title='bbox 1751 1903 2005 1975; x_wconf 88' lang='lat' dir='ltr'><strong>aliquem</strong></span> <span class='ocrx_word' id='word_1_589' title='bbox 2031 1904 2092 1960; x_wconf 91' lang='lat' dir='ltr'><strong>in</strong></span> <span class='ocrx_word' id='word_1_590' title='bbox 2118 1906 2288 1961; x_wconf 89' lang='lat' dir='ltr'><strong>vobis</strong></span> <span class='ocrx_word' id='word_1_591' title='bbox 2309 1907 2565 1963; x_wconf 87' lang='lat' dir='ltr'><strong>fructum</strong></span> <span class='ocrx_word' id='word_1_592' title='bbox 2586 1909 2795 1965; x_wconf 83' lang='lat' dir='ltr'><strong>feram.</strong></span> <span class='ocrx_word' id='word_1_593' title='bbox 2824 1932 2851 1960; x_wconf 83' lang='lat'>»</span> <span class='ocrx_word' id='word_1_594' title='bbox 2882 1913 3401 1976; x_wconf 81' lang='lat' dir='ltr'><strong>Quemadmodum</strong></span> 
     </span>
    </p>
   </div>
   <div class='ocr_carea' id='block_1_75' title="bbox 1752 1994 3402 2066">
    <p class='ocr_par' dir='ltr' id='par_1_75' title="bbox 1752 1994 3402 2066">
     <span class='ocr_line' id='line_1_75' title="bbox 1752 1994 3402 2066; baseline 0.007 -20"><span class='ocrx_word' id='word_1_595' title='bbox 1752 1998 1951 2047; x_wconf 91' lang='lat' dir='ltr'><strong>autem</strong></span> <span class='ocrx_word' id='word_1_596' title='bbox 2006 1994 2377 2064; x_wconf 90' lang='lat' dir='ltr'><strong>superﬂuum</strong></span> <span class='ocrx_word' id='word_1_597' title='bbox 2416 2001 2471 2052; x_wconf 92' lang='lat' dir='ltr'><strong>et</strong></span> <span class='ocrx_word' id='word_1_598' title='bbox 2521 1996 2920 2055; x_wconf 81' lang='lat' dir='ltr'><strong>frustraneum</strong></span> <span class='ocrx_word' id='word_1_599' title='bbox 2966 2007 3072 2066; x_wconf 91' lang='lat' dir='ltr'><strong>est,</strong></span> <span class='ocrx_word' id='word_1_600' title='bbox 3118 2018 3256 2058; x_wconf 91' lang='lat' dir='ltr'><strong>eum</strong></span> <span class='ocrx_word' id='word_1_601' title='bbox 3321 2002 3402 2058; x_wconf 90' lang='lat' dir='ltr'><strong>ad</strong></span> 
     </span>
    </p>
   </div>
   <div class='ocr_carea' id='block_1_76' title="bbox 1750 2080 3404 2160">
    <p class='ocr_par' dir='ltr' id='par_1_76' title="bbox 1750 2080 3404 2160">
     <span class='ocr_line' id='line_1_76' title="bbox 1750 2080 3404 2160; baseline 0.007 -25"><span class='ocrx_word' id='word_1_602' title='bbox 1750 2080 2007 2137; x_wconf 81' lang='lat' dir='ltr'><strong>fructum</strong></span> <span class='ocrx_word' id='word_1_603' title='bbox 2049 2082 2359 2140; x_wconf 85' lang='lat' dir='ltr'><strong>ferendum</strong></span> <span class='ocrx_word' id='word_1_604' title='bbox 2389 2085 2590 2152; x_wconf 87' lang='lat' dir='ltr'><strong>citare,</strong></span> <span class='ocrx_word' id='word_1_605' title='bbox 2615 2087 2711 2158; x_wconf 90' lang='lat' dir='ltr'><strong>qui</strong></span> <span class='ocrx_word' id='word_1_606' title='bbox 2752 2088 2883 2158; x_wconf 88' lang='lat' dir='ltr'><strong>jam</strong></span> <span class='ocrx_word' id='word_1_607' title='bbox 2923 2089 3216 2160; x_wconf 84' lang='lat' dir='ltr'><strong>perfectos</strong></span> <span class='ocrx_word' id='word_1_608' title='bbox 3275 2091 3404 2147; x_wconf 87' lang='lat' dir='ltr'><strong>tulit</strong></span> 
     </span>
    </p>
   </div>
   <div class='ocr_carea' id='block_1_77' title="bbox 1751 2171 3405 2245">
    <p class='ocr_par' dir='ltr' id='par_1_77' title="bbox 1751 2171 3405 2245">
     <span class='ocr_line' id='line_1_77' title="bbox 1751 2171 3405 2245; baseline 0.007 -21"><span class='ocrx_word' id='word_1_609' title='bbox 1751 2171 1979 2225; x_wconf 83' lang='lat' dir='ltr'><strong>fructus</strong></span> <span class='ocrx_word' id='word_1_610' title='bbox 2011 2189 2029 2242; x_wconf 79' lang='grc'><strong>;</strong></span> <span class='ocrx_word' id='word_1_611' title='bbox 2063 2171 2145 2228; x_wconf 89' lang='lat' dir='ltr'><strong>ita</strong></span> <span class='ocrx_word' id='word_1_612' title='bbox 2174 2177 2231 2228; x_wconf 89' lang='lat' dir='ltr'><strong>et</strong></span> <span class='ocrx_word' id='word_1_613' title='bbox 2257 2172 2627 2229; x_wconf 87' lang='lat' dir='ltr'><strong>laboriosum</strong></span> <span class='ocrx_word' id='word_1_614' title='bbox 2653 2180 2708 2230; x_wconf 92' lang='lat' dir='ltr'><strong>et</strong></span> <span class='ocrx_word' id='word_1_615' title='bbox 2745 2192 2924 2245; x_wconf 86' lang='lat' dir='ltr'><strong>grave</strong></span> <span class='ocrx_word' id='word_1_616' title='bbox 2955 2177 3080 2244; x_wconf 89' lang='lat' dir='ltr'><strong>erit,</strong></span> <span class='ocrx_word' id='word_1_617' title='bbox 3115 2178 3212 2233; x_wconf 92' lang='lat' dir='ltr'><strong>ubi</strong></span> <span class='ocrx_word' id='word_1_618' title='bbox 3241 2179 3405 2235; x_wconf 89' lang='lat' dir='ltr'><strong>bona</strong></span> 
     </span>
    </p>
   </div>
   <div class='ocr_carea' id='block_1_78' title="bbox 1752 2261 3401 2335">
    <p class='ocr_par' dir='ltr' id='par_1_78' title="bbox 1752 2261 3401 2335">
     <span class='ocr_line' id='line_1_78' title="bbox 1752 2261 3401 2335; baseline 0.007 -22"><span class='ocrx_word' id='word_1_619' title='bbox 1752 2276 1887 2330; x_wconf 91' lang='lat' dir='ltr'><strong>spes</strong></span> <span class='ocrx_word' id='word_1_620' title='bbox 1909 2275 2032 2316; x_wconf 90' lang='lat' dir='ltr'><strong>non</strong></span> <span class='ocrx_word' id='word_1_621' title='bbox 2058 2262 2336 2333; x_wconf 88' lang='lat' dir='ltr'><strong>suppetit,</strong></span> <span class='ocrx_word' id='word_1_622' title='bbox 2363 2261 2438 2318; x_wconf 91' lang='lat' dir='ltr'><strong>ad</strong></span> <span class='ocrx_word' id='word_1_623' title='bbox 2460 2263 2876 2335; x_wconf 83' lang='lat' dir='ltr'><strong>perfectionem</strong></span> <span class='ocrx_word' id='word_1_624' title='bbox 2904 2265 3187 2323; x_wconf 88' lang='lat' dir='ltr'><strong>inducere</strong></span> <span class='ocrx_word' id='word_1_625' title='bbox 3216 2268 3363 2324; x_wconf 89' lang='lat' dir='ltr'><strong>velle</strong></span> <span class='ocrx_word' id='word_1_626' title='bbox 3387 2285 3401 2324; x_wconf 87' lang='lat'><strong>:</strong></span> 
     </span>
    </p>
   </div>
   <div class='ocr_carea' id='block_1_79' title="bbox 1751 2348 3404 2428">
    <p class='ocr_par' dir='ltr' id='par_1_79' title="bbox 1751 2348 3404 2428">
     <span class='ocr_line' id='line_1_79' title="bbox 1751 2348 3404 2428; baseline 0.007 -26"><span class='ocrx_word' id='word_1_627' title='bbox 1751 2349 1841 2403; x_wconf 88' lang='lat' dir='ltr'><strong>sin</strong></span> <span class='ocrx_word' id='word_1_628' title='bbox 1872 2348 2090 2405; x_wconf 86' lang='lat' dir='ltr'><strong>fructus</strong></span> <span class='ocrx_word' id='word_1_629' title='bbox 2121 2349 2181 2405; x_wconf 90' lang='lat' dir='ltr'><strong>in</strong></span> <span class='ocrx_word' id='word_1_630' title='bbox 2222 2350 2292 2405; x_wconf 92' lang='lat' dir='ltr'><strong>iis</strong></span> <span class='ocrx_word' id='word_1_631' title='bbox 2329 2351 2568 2425; x_wconf 89' lang='lat' dir='ltr'><strong>aliquis,</strong></span> <span class='ocrx_word' id='word_1_632' title='bbox 2611 2359 2668 2408; x_wconf 90' lang='lat' dir='ltr'><strong>et</strong></span> <span class='ocrx_word' id='word_1_633' title='bbox 2697 2353 2790 2409; x_wconf 89' lang='lat' dir='ltr'><strong>ille</strong></span> <span class='ocrx_word' id='word_1_634' title='bbox 2821 2355 3065 2427; x_wconf 88' lang='lat' dir='ltr'><strong>quidem</strong></span> <span class='ocrx_word' id='word_1_635' title='bbox 3108 2357 3404 2428; x_wconf 81' lang='lat' dir='ltr'><strong>perfectus</strong></span> 
     </span>
    </p>
   </div>
   <div class='ocr_carea' id='block_1_80' title="bbox 1750 2437 3404 2515">
    <p class='ocr_par' dir='ltr' id='par_1_80' title="bbox 1750 2437 3404 2515">
     <span class='ocr_line' id='line_1_80' title="bbox 1750 2437 3404 2515; baseline 0.007 -23"><span class='ocrx_word' id='word_1_636' title='bbox 1750 2437 1879 2503; x_wconf 87' lang='lat' dir='ltr'><strong>fuit,</strong></span> <span class='ocrx_word' id='word_1_637' title='bbox 1910 2455 1983 2493; x_wconf 88' lang='lat' dir='ltr'><strong>ne</strong></span> <span class='ocrx_word' id='word_1_638' title='bbox 2011 2438 2092 2494; x_wconf 89' lang='lat' dir='ltr'><strong>sic</strong></span> <span class='ocrx_word' id='word_1_639' title='bbox 2132 2439 2374 2511; x_wconf 89' lang='lat' dir='ltr'><strong>quidem</strong></span> <span class='ocrx_word' id='word_1_640' title='bbox 2404 2458 2573 2498; x_wconf 89' lang='lat' dir='ltr'><strong>suam</strong></span> <span class='ocrx_word' id='word_1_641' title='bbox 2606 2443 2990 2515; x_wconf 83' lang='lat' dir='ltr'><strong>praesentiam</strong></span> <span class='ocrx_word' id='word_1_642' title='bbox 3021 2444 3404 2505; x_wconf 85' lang='lat' dir='ltr'><strong>interﬁdisset</strong></span> 
     </span>
    </p>
   </div>
   <div class='ocr_carea' id='block_1_81' title="bbox 1753 2527 3400 2599">
    <p class='ocr_par' dir='ltr' id='par_1_81' title="bbox 1753 2527 3400 2599">
     <span class='ocr_line' id='line_1_81' title="bbox 1753 2527 3400 2599; baseline 0.004 -15"><span class='ocrx_word' id='word_1_643' title='bbox 1753 2527 1945 2584; x_wconf 87' lang='lat' dir='ltr'><strong>alatus</strong></span> <span class='ocrx_word' id='word_1_644' title='bbox 1976 2527 2070 2584; x_wconf 91' lang='lat' dir='ltr'><strong>ille</strong></span> <span class='ocrx_word' id='word_1_645' title='bbox 2100 2534 2157 2583; x_wconf 90' lang='lat' dir='ltr'><strong>et</strong></span> <span class='ocrx_word' id='word_1_646' title='bbox 2187 2529 2640 2587; x_wconf 86' lang='lat' dir='ltr'><strong>sublimivolans</strong></span> <span class='ocrx_word' id='word_1_647' title='bbox 2673 2532 2856 2590; x_wconf 92' lang='lat' dir='ltr'><strong>homo</strong></span> <span class='ocrx_word' id='word_1_648' title='bbox 2899 2551 2912 2599; x_wconf 89' lang='lat'><strong>;</strong></span> <span class='ocrx_word' id='word_1_649' title='bbox 2959 2555 2982 2585; x_wconf 83' lang='lat'>«</span> <span class='ocrx_word' id='word_1_650' title='bbox 3012 2535 3339 2591; x_wconf 88' lang='lat' dir='ltr'><strong>debitorem</strong></span> <span class='ocrx_word' id='word_1_651' title='bbox 3369 2558 3400 2590; x_wconf 87' lang='grc'><strong>››</strong></span> 
     </span>
    </p>
   </div>
   <div class='ocr_carea' id='block_1_82' title="bbox 1754 2617 3404 2693">
    <p class='ocr_par' dir='ltr' id='par_1_82' title="bbox 1754 2617 3404 2693">
     <span class='ocr_line' id='line_1_82' title="bbox 1754 2617 3404 2693; baseline 0.007 -22"><span class='ocrx_word' id='word_1_652' title='bbox 1754 2617 2052 2690; x_wconf 88' lang='lat' dir='ltr'><strong>siquidem</strong></span> <span class='ocrx_word' id='word_1_653' title='bbox 2082 2635 2145 2674; x_wconf 92' lang='lat' dir='ltr'><strong>se</strong></span> <span class='ocrx_word' id='word_1_654' title='bbox 2183 2625 2239 2674; x_wconf 92' lang='lat' dir='ltr'><strong>et</strong></span> <span class='ocrx_word' id='word_1_655' title='bbox 2278 2621 2518 2689; x_wconf 83' lang='lat' dir='ltr'><strong>agnovit</strong></span> <span class='ocrx_word' id='word_1_656' title='bbox 2566 2625 2623 2677; x_wconf 91' lang='lat' dir='ltr'><strong>et</strong></span> <span class='ocrx_word' id='word_1_657' title='bbox 2671 2624 2977 2693; x_wconf 84' lang='lat' dir='ltr'><strong>professus</strong></span> <span class='ocrx_word' id='word_1_658' title='bbox 3007 2630 3094 2680; x_wconf 89' lang='lat' dir='ltr'><strong>est</strong></span> <span class='ocrx_word' id='word_1_659' title='bbox 3139 2641 3153 2680; x_wconf 87' lang='lat'><strong>:</strong></span> <span class='ocrx_word' id='word_1_660' title='bbox 3207 2647 3234 2675; x_wconf 82' lang='grc' dir='ltr'><strong>ιι</strong></span> <span class='ocrx_word' id='word_1_661' title='bbox 3276 2629 3404 2682; x_wconf 86' lang='lat' dir='ltr'><strong>Non</strong></span> 
     </span>
    </p>
   </div>
   <div class='ocr_carea' id='block_1_83' title="bbox 1755 2707 3406 2784">
    <p class='ocr_par' dir='ltr' id='par_1_83' title="bbox 1755 2707 3406 2784">
     <span class='ocr_line' id='line_1_83' title="bbox 1755 2707 3406 2784; baseline 0.004 -21"><span class='ocrx_word' id='word_1_662' title='bbox 1755 2707 1969 2764; x_wconf 75' lang='lat' dir='ltr'><strong>Grmcis</strong></span> <span class='ocrx_word' id='word_1_663' title='bbox 2001 2712 2232 2764; x_wconf 91' lang='lat' dir='ltr'><strong>tantum</strong></span> <span class='ocrx_word' id='word_1_664' title='bbox 2273 2714 2370 2766; x_wconf 85' lang='lat' dir='ltr'><strong>aut</strong></span> <span class='ocrx_word' id='word_1_665' title='bbox 2399 2710 2694 2776; x_wconf 86' lang='lat' dir='ltr'><strong>barbaris,</strong></span> <span class='ocrx_word' id='word_1_666' title='bbox 2731 2712 2836 2767; x_wconf 92' lang='lat' dir='ltr'><strong>sed</strong></span> <span class='ocrx_word' id='word_1_667' title='bbox 2868 2713 3234 2784; x_wconf 88' lang='lat' dir='ltr'><strong>sapientibus</strong></span> <span class='ocrx_word' id='word_1_668' title='bbox 3266 2715 3406 2770; x_wconf 92' lang='lat' dir='ltr'><strong>insi-</strong></span> 
     </span>
    </p>
   </div>
   <div class='ocr_carea' id='block_1_84' title="bbox 1754 2798 3400 2872">
    <p class='ocr_par' dir='ltr' id='par_1_84' title="bbox 1754 2798 3400 2872">
     <span class='ocr_line' id='line_1_84' title="bbox 1754 2798 3400 2872; baseline 0.005 -20"><span class='ocrx_word' id='word_1_669' title='bbox 1754 2798 2174 2870; x_wconf 90' lang='lat' dir='ltr'><strong>pientibusque</strong></span> <span class='ocrx_word' id='word_1_670' title='bbox 2207 2817 2222 2865; x_wconf 89' lang='lat'><strong>;</strong></span> <span class='ocrx_word' id='word_1_671' title='bbox 2258 2820 2282 2849; x_wconf 70' lang='grc' dir='ltr'><strong><em>υ</em></strong></span> <span class='ocrx_word' id='word_1_672' title='bbox 2309 2805 2365 2854; x_wconf 90' lang='lat' dir='ltr'><strong>et</strong></span> <span class='ocrx_word' id='word_1_673' title='bbox 2389 2799 2554 2870; x_wconf 92' lang='lat' dir='ltr'><strong>quod</strong></span> <span class='ocrx_word' id='word_1_674' title='bbox 2580 2800 2766 2872; x_wconf 86' lang='lat' dir='ltr'><strong>ipsius</strong></span> <span class='ocrx_word' id='word_1_675' title='bbox 2791 2802 3057 2858; x_wconf 84' lang='lat' dir='ltr'><strong>studium</strong></span> <span class='ocrx_word' id='word_1_676' title='bbox 3092 2803 3400 2871; x_wconf 85' lang='lat' dir='ltr'><strong>attinebat,</strong></span> 
     </span>
    </p>
   </div>
   <div class='ocr_carea' id='block_1_85' title="bbox 1755 2888 3403 2964">
    <p class='ocr_par' dir='ltr' id='par_1_85' title="bbox 1755 2888 3403 2964">
     <span class='ocr_line' id='line_1_85' title="bbox 1755 2888 3403 2964; baseline 0.004 -22"><span class='ocrx_word' id='word_1_677' title='bbox 1755 2903 1876 2943; x_wconf 91' lang='lat' dir='ltr'><strong>non</strong></span> <span class='ocrx_word' id='word_1_678' title='bbox 1917 2905 1977 2944; x_wconf 90' lang='lat' dir='ltr'><strong>se</strong></span> <span class='ocrx_word' id='word_1_679' title='bbox 2017 2888 2326 2958; x_wconf 87' lang='lat' dir='ltr'><strong>continuit,</strong></span> <span class='ocrx_word' id='word_1_680' title='bbox 2369 2894 2431 2944; x_wconf 91' lang='lat' dir='ltr'><strong>ut</strong></span> <span class='ocrx_word' id='word_1_681' title='bbox 2472 2905 2547 2944; x_wconf 92' lang='lat' dir='ltr'><strong>ne</strong></span> <span class='ocrx_word' id='word_1_682' title='bbox 2576 2890 2723 2961; x_wconf 91' lang='lat' dir='ltr'><strong>quid</strong></span> <span class='ocrx_word' id='word_1_683' title='bbox 2771 2891 3028 2962; x_wconf 88' lang='lat' dir='ltr'><strong>amplius</strong></span> <span class='ocrx_word' id='word_1_684' title='bbox 3059 2893 3403 2964; x_wconf 88' lang='lat' dir='ltr'><strong>requireret,</strong></span> 
     </span>
    </p>
   </div>
   <div class='ocr_carea' id='block_1_86' title="bbox 1754 2977 3401 3050">
    <p class='ocr_par' dir='ltr' id='par_1_86' title="bbox 1754 2977 3401 3050">
     <span class='ocr_line' id='line_1_86' title="bbox 1754 2977 3401 3050; baseline 0.003 -19"><span class='ocrx_word' id='word_1_685' title='bbox 1754 2993 1935 3048; x_wconf 89' lang='lat' dir='ltr'><strong>quam</strong></span> <span class='ocrx_word' id='word_1_686' title='bbox 1953 2977 2114 3049; x_wconf 90' lang='lat' dir='ltr'><strong>quod</strong></span> <span class='ocrx_word' id='word_1_687' title='bbox 2133 2977 2393 3033; x_wconf 82' lang='lat' dir='ltr'><strong>habebat</strong></span> <span class='ocrx_word' id='word_1_688' title='bbox 2421 2995 2434 3042; x_wconf 90' lang='lat'><strong>;</strong></span> <span class='ocrx_word' id='word_1_689' title='bbox 2459 2978 2610 3033; x_wconf 89' lang='lat' dir='ltr'><strong>adeo</strong></span> <span class='ocrx_word' id='word_1_690' title='bbox 2635 2985 2696 3033; x_wconf 91' lang='lat' dir='ltr'><strong>ut</strong></span> <span class='ocrx_word' id='word_1_691' title='bbox 2719 2979 2766 3033; x_wconf 89' lang='lat' dir='ltr'><strong>si</strong></span> <span class='ocrx_word' id='word_1_692' title='bbox 2798 2979 3081 3050; x_wconf 87' lang='lat' dir='ltr'><strong>operibus</strong></span> <span class='ocrx_word' id='word_1_693' title='bbox 3107 2981 3401 3049; x_wconf 88' lang='lat' dir='ltr'><strong>ﬂorerent,</strong></span> 
     </span>
    </p>
   </div>
   <div class='ocr_carea' id='block_1_87' title="bbox 1755 3065 3404 3140">
    <p class='ocr_par' dir='ltr' id='par_1_87' title="bbox 1755 3065 3404 3140">
     <span class='ocr_line' id='line_1_87' title="bbox 1755 3065 3404 3140; baseline 0.004 -20"><span class='ocrx_word' id='word_1_694' title='bbox 1755 3066 1880 3138; x_wconf 90' lang='lat' dir='ltr'><strong>ipse</strong></span> <span class='ocrx_word' id='word_1_695' title='bbox 1901 3071 2104 3121; x_wconf 87' lang='lat' dir='ltr'><strong>tamen</strong></span> <span class='ocrx_word' id='word_1_696' title='bbox 2119 3065 2284 3122; x_wconf 89' lang='lat' dir='ltr'><strong>haud</strong></span> <span class='ocrx_word' id='word_1_697' title='bbox 2316 3065 2644 3136; x_wconf 84' lang='lat' dir='ltr'><strong>absisteret,</strong></span> <span class='ocrx_word' id='word_1_698' title='bbox 2671 3069 2836 3140; x_wconf 91' lang='lat' dir='ltr'><strong>quod</strong></span> <span class='ocrx_word' id='word_1_699' title='bbox 2862 3085 3037 3123; x_wconf 90' lang='lat' dir='ltr'><strong>suum</strong></span> <span class='ocrx_word' id='word_1_700' title='bbox 3056 3073 3177 3125; x_wconf 89' lang='lat' dir='ltr'><strong>erat</strong></span> <span class='ocrx_word' id='word_1_701' title='bbox 3209 3070 3404 3126; x_wconf 81' lang='lat' dir='ltr'><strong>facere</strong></span> 
     </span>
    </p>
   </div>
   <div class='ocr_carea' id='block_1_88' title="bbox 1757 3154 3405 3230">
    <p class='ocr_par' dir='ltr' id='par_1_88' title="bbox 1757 3154 3405 3230">
     <span class='ocr_line' id='line_1_88' title="bbox 1757 3154 3405 3230; baseline 0.003 -21"><span class='ocrx_word' id='word_1_702' title='bbox 1757 3155 1861 3210; x_wconf 91' lang='lat' dir='ltr'><strong>sed</strong></span> <span class='ocrx_word' id='word_1_703' title='bbox 1879 3155 2167 3226; x_wconf 85' lang='lat' dir='ltr'><strong>majorem</strong></span> <span class='ocrx_word' id='word_1_704' title='bbox 2189 3154 2312 3210; x_wconf 83' lang='lat' dir='ltr'><strong>ﬁeri</strong></span> <span class='ocrx_word' id='word_1_705' title='bbox 2343 3155 2708 3211; x_wconf 85' lang='lat' dir='ltr'><strong>additionem</strong></span> <span class='ocrx_word' id='word_1_706' title='bbox 2731 3156 2994 3212; x_wconf 88' lang='lat' dir='ltr'><strong>instaret.</strong></span> <span class='ocrx_word' id='word_1_707' title='bbox 3016 3160 3205 3230; x_wconf 79' lang='lat' dir='ltr'><strong>Atque</strong></span> <span class='ocrx_word' id='word_1_708' title='bbox 3231 3158 3312 3214; x_wconf 91' lang='lat' dir='ltr'><strong>ita</strong></span> <span class='ocrx_word' id='word_1_709' title='bbox 3331 3159 3405 3215; x_wconf 91' lang='lat' dir='ltr'><strong>sit</strong></span> 
     </span>
    </p>
   </div>
   <div class='ocr_carea' id='block_1_89' title="bbox 1754 3243 3406 3320">
    <p class='ocr_par' dir='ltr' id='par_1_89' title="bbox 1754 3243 3406 3320">
     <span class='ocr_line' id='line_1_89' title="bbox 1754 3243 3406 3320; baseline 0.002 -21"><span class='ocrx_word' id='word_1_710' title='bbox 1754 3244 1936 3314; x_wconf 86' lang='lat' dir='ltr'><strong>hujus</strong></span> <span class='ocrx_word' id='word_1_711' title='bbox 1961 3243 2099 3298; x_wconf 90' lang='lat' dir='ltr'><strong>dicti</strong></span> <span class='ocrx_word' id='word_1_712' title='bbox 2131 3243 2442 3315; x_wconf 82' lang='lat' dir='ltr'><strong>expositio.</strong></span> <span class='ocrx_word' id='word_1_713' title='bbox 2475 3247 2663 3300; x_wconf 87' lang='lat' dir='ltr'><strong>Potest</strong></span> <span class='ocrx_word' id='word_1_714' title='bbox 2694 3249 2750 3300; x_wconf 90' lang='lat' dir='ltr'><strong>et</strong></span> <span class='ocrx_word' id='word_1_715' title='bbox 2778 3244 2944 3300; x_wconf 88' lang='lat' dir='ltr'><strong>aliter</strong></span> <span class='ocrx_word' id='word_1_716' title='bbox 2974 3261 3183 3301; x_wconf 89' lang='lat' dir='ltr'><strong>sensus</strong></span> <span class='ocrx_word' id='word_1_717' title='bbox 3213 3247 3406 3320; x_wconf 82' lang='lat' dir='ltr'><strong>expli-</strong></span> 
     </span>
    </p>
   </div>
   <div class='ocr_carea' id='block_1_90' title="bbox 1757 3332 3410 3406">
    <p class='ocr_par' dir='ltr' id='par_1_90' title="bbox 1757 3332 3410 3406">
     <span class='ocr_line' id='line_1_90' title="bbox 1757 3332 3410 3406; baseline 0.003 -17"><span class='ocrx_word' id='word_1_718' title='bbox 1757 3333 1894 3403; x_wconf 80' lang='lat' dir='ltr'><strong>cari,</strong></span> <span class='ocrx_word' id='word_1_719' title='bbox 1937 3332 2280 3405; x_wconf 88' lang='lat' dir='ltr'><strong>simpliciori</strong></span> <span class='ocrx_word' id='word_1_720' title='bbox 2307 3333 2574 3404; x_wconf 89' lang='lat' dir='ltr'><strong>quadam</strong></span> <span class='ocrx_word' id='word_1_721' title='bbox 2624 3333 2772 3390; x_wconf 85' lang='lat' dir='ltr'><strong>forte</strong></span> <span class='ocrx_word' id='word_1_722' title='bbox 2820 3333 3319 3406; x_wconf 90' lang='lat' dir='ltr'><strong>interpretatione,</strong></span> <span class='ocrx_word' id='word_1_723' title='bbox 3348 3341 3410 3394; x_wconf 89' lang='lat' dir='ltr'><strong>at</strong></span> 
     </span>
    </p>
   </div>
   <div class='ocr_carea' id='block_1_91' title="bbox 1756 3422 3406 3496">
    <p class='ocr_par' dir='ltr' id='par_1_91' title="bbox 1756 3422 3406 3496">
     <span class='ocr_line' id='line_1_91' title="bbox 1756 3422 3406 3496; baseline 0.002 -19"><span class='ocrx_word' id='word_1_724' title='bbox 1756 3438 1889 3494; x_wconf 66' lang='lat' dir='ltr'><strong>qua:</strong></span> <span class='ocrx_word' id='word_1_725' title='bbox 1920 3422 2168 3494; x_wconf 88' lang='lat' dir='ltr'><strong>propius</strong></span> <span class='ocrx_word' id='word_1_726' title='bbox 2209 3423 2456 3478; x_wconf 89' lang='lat' dir='ltr'><strong>accedat</strong></span> <span class='ocrx_word' id='word_1_727' title='bbox 2495 3422 2572 3478; x_wconf 92' lang='lat' dir='ltr'><strong>ad</strong></span> <span class='ocrx_word' id='word_1_728' title='bbox 2605 3423 2770 3478; x_wconf 87' lang='lat' dir='ltr'><strong>Pauli</strong></span> <span class='ocrx_word' id='word_1_729' title='bbox 2802 3430 3063 3480; x_wconf 89' lang='lat' dir='ltr'><strong>mentem</strong></span> <span class='ocrx_word' id='word_1_730' title='bbox 3103 3429 3159 3481; x_wconf 94' lang='lat' dir='ltr'><strong>et</strong></span> <span class='ocrx_word' id='word_1_731' title='bbox 3205 3425 3406 3496; x_wconf 90' lang='lat' dir='ltr'><strong>ipsam</strong></span> 
     </span>
    </p>
   </div>
   <div class='ocr_carea' id='block_1_92' title="bbox 1755 3511 3404 3584">
    <p class='ocr_par' dir='ltr' id='par_1_92' title="bbox 1755 3511 3404 3584">
     <span class='ocr_line' id='line_1_92' title="bbox 1755 3511 3404 3584; baseline 0.002 -17"><span class='ocrx_word' id='word_1_732' title='bbox 1755 3511 2097 3567; x_wconf 89' lang='lat' dir='ltr'><strong>dictionem.</strong></span> <span class='ocrx_word' id='word_1_733' title='bbox 2114 3534 2140 3559; x_wconf 86' lang='grc'><em>‹‹</em></span> <span class='ocrx_word' id='word_1_734' title='bbox 2160 3511 2628 3583; x_wconf 68' lang='lat' dir='ltr'><strong>Saepius,inquit,</strong></span> <span class='ocrx_word' id='word_1_735' title='bbox 2649 3512 2940 3584; x_wconf 87' lang='lat' dir='ltr'><strong>proposui</strong></span> <span class='ocrx_word' id='word_1_736' title='bbox 2955 3513 3032 3568; x_wconf 88' lang='lat' dir='ltr'><strong>ad</strong></span> <span class='ocrx_word' id='word_1_737' title='bbox 3062 3530 3163 3569; x_wconf 89' lang='lat' dir='ltr'><strong>vos</strong></span> <span class='ocrx_word' id='word_1_738' title='bbox 3181 3517 3404 3582; x_wconf 89' lang='lat' dir='ltr'><strong>venire,</strong></span> 
     </span>
    </p>
   </div>
   <div class='ocr_carea' id='block_1_93' title="bbox 1756 3601 3409 3672">
    <p class='ocr_par' dir='ltr' id='par_1_93' title="bbox 1756 3601 3409 3672">
     <span class='ocr_line' id='line_1_93' title="bbox 1756 3601 3409 3672; baseline 0.004 -17"><span class='ocrx_word' id='word_1_739' title='bbox 1756 3602 1856 3656; x_wconf 89' lang='lat' dir='ltr'><strong>sed</strong></span> <span class='ocrx_word' id='word_1_740' title='bbox 1887 3601 2207 3672; x_wconf 87' lang='lat' dir='ltr'><strong>impeditus</strong></span> <span class='ocrx_word' id='word_1_741' title='bbox 2238 3601 2354 3656; x_wconf 89' lang='lat' dir='ltr'><strong>huc</strong></span> <span class='ocrx_word' id='word_1_742' title='bbox 2388 3617 2578 3672; x_wconf 92' lang='lat' dir='ltr'><strong>usque</strong></span> <span class='ocrx_word' id='word_1_743' title='bbox 2603 3601 2701 3656; x_wconf 81' lang='lat' dir='ltr'><strong>fui.</strong></span> <span class='ocrx_word' id='word_1_744' title='bbox 2733 3622 2762 3654; x_wconf 86' lang='lat'><strong>»</strong></span> <span class='ocrx_word' id='word_1_745' title='bbox 2791 3604 2904 3657; x_wconf 88' lang='lat' dir='ltr'><strong>Cur</strong></span> <span class='ocrx_word' id='word_1_746' title='bbox 2949 3609 3150 3660; x_wconf 89' lang='lat' dir='ltr'><strong>autem</strong></span> <span class='ocrx_word' id='word_1_747' title='bbox 3193 3603 3222 3658; x_wconf 71' lang='lat'><strong><em>7</em></strong></span> <span class='ocrx_word' id='word_1_748' title='bbox 3273 3627 3301 3654; x_wconf 80' lang='grc' dir='ltr'><strong>ιι</strong></span> <span class='ocrx_word' id='word_1_749' title='bbox 3341 3606 3409 3662; x_wconf 90' lang='lat' dir='ltr'><strong>Ut</strong></span> 
     </span>
    </p>
   </div>
   <div class='ocr_carea' id='block_1_94' title="bbox 1756 3690 3404 3763">
    <p class='ocr_par' dir='ltr' id='par_1_94' title="bbox 1756 3690 3404 3763">
     <span class='ocr_line' id='line_1_94' title="bbox 1756 3690 3404 3763; baseline 0.002 -17"><span class='ocrx_word' id='word_1_750' title='bbox 1756 3690 2017 3763; x_wconf 88' lang='lat' dir='ltr'><strong>aliquem</strong></span> <span class='ocrx_word' id='word_1_751' title='bbox 2031 3690 2092 3745; x_wconf 91' lang='lat' dir='ltr'><strong>in</strong></span> <span class='ocrx_word' id='word_1_752' title='bbox 2111 3690 2280 3746; x_wconf 87' lang='lat' dir='ltr'><strong>vobis</strong></span> <span class='ocrx_word' id='word_1_753' title='bbox 2298 3690 2554 3746; x_wconf 85' lang='lat' dir='ltr'><strong>fructum</strong></span> <span class='ocrx_word' id='word_1_754' title='bbox 2573 3692 2920 3763; x_wconf 89' lang='lat' dir='ltr'><strong>percipiam.</strong></span> <span class='ocrx_word' id='word_1_755' title='bbox 2941 3713 2968 3741; x_wconf 85' lang='lat'><em>»</em></span> <span class='ocrx_word' id='word_1_756' title='bbox 2989 3694 3071 3748; x_wconf 90' lang='lat' dir='ltr'><strong>Ac</strong></span> <span class='ocrx_word' id='word_1_757' title='bbox 3083 3695 3133 3748; x_wconf 89' lang='lat' dir='ltr'><strong>si</strong></span> <span class='ocrx_word' id='word_1_758' title='bbox 3150 3693 3404 3759; x_wconf 88' lang='lat' dir='ltr'><strong>diceres,</strong></span> 
     </span>
    </p>
   </div>
   <div class='ocr_carea' id='block_1_95' title="bbox 1753 3780 3410 3855">
    <p class='ocr_par' dir='ltr' id='par_1_95' title="bbox 1753 3780 3410 3855">
     <span class='ocr_line' id='line_1_95' title="bbox 1753 3780 3410 3855; baseline 0.001 -19"><span class='ocrx_word' id='word_1_759' title='bbox 1753 3781 2068 3837; x_wconf 81' lang='lat' dir='ltr'><strong>deﬁciebat</strong></span> <span class='ocrx_word' id='word_1_760' title='bbox 2093 3780 2238 3836; x_wconf 86' lang='lat' dir='ltr'><strong>mihi</strong></span> <span class='ocrx_word' id='word_1_761' title='bbox 2268 3780 2518 3846; x_wconf 84' lang='lat' dir='ltr'><strong>fructus,</strong></span> <span class='ocrx_word' id='word_1_762' title='bbox 2535 3797 2710 3852; x_wconf 89' lang='lat' dir='ltr'><strong>quem</strong></span> <span class='ocrx_word' id='word_1_763' title='bbox 2735 3781 2900 3854; x_wconf 90' lang='lat' dir='ltr'><strong>prius</strong></span> <span class='ocrx_word' id='word_1_764' title='bbox 2923 3782 3185 3854; x_wconf 87' lang='lat' dir='ltr'><strong>oportuit</strong></span> <span class='ocrx_word' id='word_1_765' title='bbox 3211 3799 3410 3855; x_wconf 85' lang='lat' dir='ltr'><strong>perce-</strong></span> 
     </span>
    </p>
   </div>
   <div class='ocr_carea' id='block_1_96' title="bbox 1754 3870 3402 3942">
    <p class='ocr_par' dir='ltr' id='par_1_96' title="bbox 1754 3870 3402 3942">
     <span class='ocr_line' id='line_1_96' title="bbox 1754 3870 3402 3942; baseline 0.002 -18"><span class='ocrx_word' id='word_1_766' title='bbox 1754 3870 1932 3942; x_wconf 90' lang='lat' dir='ltr'><strong>pisse,</strong></span> <span class='ocrx_word' id='word_1_767' title='bbox 1961 3877 2140 3942; x_wconf 89' lang='lat' dir='ltr'><strong>atque</strong></span> <span class='ocrx_word' id='word_1_768' title='bbox 2162 3870 2494 3925; x_wconf 89' lang='lat' dir='ltr'><strong>itademum</strong></span> <span class='ocrx_word' id='word_1_769' title='bbox 2527 3870 2858 3926; x_wconf 89' lang='lat' dir='ltr'><strong>advenisse.</strong></span> <span class='ocrx_word' id='word_1_770' title='bbox 2884 3872 3026 3936; x_wconf 82' lang='lat' dir='ltr'><strong>Quis</strong></span> <span class='ocrx_word' id='word_1_771' title='bbox 3056 3878 3258 3928; x_wconf 90' lang='lat' dir='ltr'><strong>autem</strong></span> <span class='ocrx_word' id='word_1_772' title='bbox 3289 3872 3402 3928; x_wconf 81' lang='lat' dir='ltr'><strong>fru-</strong></span> 
     </span>
    </p>
   </div>
   <div class='ocr_carea' id='block_1_97' title="bbox 1755 3960 3408 4033">
    <p class='ocr_par' dir='ltr' id='par_1_97' title="bbox 1755 3960 3408 4033">
     <span class='ocr_line' id='line_1_97' title="bbox 1755 3960 3408 4033; baseline 0.002 -17"><span class='ocrx_word' id='word_1_773' title='bbox 1755 3967 1884 4017; x_wconf 88' lang='lat' dir='ltr'><strong>ctus</strong></span> <span class='ocrx_word' id='word_1_774' title='bbox 1914 3961 2030 4030; x_wconf 90' lang='lat' dir='ltr'><strong>ille,</strong></span> <span class='ocrx_word' id='word_1_775' title='bbox 2063 3966 2119 4016; x_wconf 87' lang='lat' dir='ltr'><strong>et</strong></span> <span class='ocrx_word' id='word_1_776' title='bbox 2149 3961 2449 4033; x_wconf 90' lang='lat' dir='ltr'><strong>inquibus</strong></span> <span class='ocrx_word' id='word_1_777' title='bbox 2482 3960 2868 4030; x_wconf 86' lang='lat' dir='ltr'><strong>colligebatur</strong></span> <span class='ocrx_word' id='word_1_778' title='bbox 2893 3963 2920 4017; x_wconf 76' lang='lat' dir='ltr'><strong>‘I</strong></span> <span class='ocrx_word' id='word_1_779' title='bbox 2940 3963 3069 4033; x_wconf 84' lang='lat' dir='ltr'><strong>Ipse</strong></span> <span class='ocrx_word' id='word_1_780' title='bbox 3091 3962 3203 4017; x_wconf 87' lang='lat' dir='ltr'><strong>hoc</strong></span> <span class='ocrx_word' id='word_1_781' title='bbox 3233 3962 3408 4019; x_wconf 87' lang='lat' dir='ltr'><strong>doce-</strong></span> 
     </span>
    </p>
   </div>
   <div class='ocr_carea' id='block_1_98' title="bbox 1757 4049 3404 4122">
    <p class='ocr_par' dir='ltr' id='par_1_98' title="bbox 1757 4049 3404 4122">
     <span class='ocr_line' id='line_1_98' title="bbox 1757 4049 3404 4122; baseline 0.001 -16"><span class='ocrx_word' id='word_1_782' title='bbox 1757 4051 1841 4106; x_wconf 90' lang='lat' dir='ltr'><strong>bit</strong></span> <span class='ocrx_word' id='word_1_783' title='bbox 1875 4069 1886 4106; x_wconf 89' lang='lat'><strong>:</strong></span> <span class='ocrx_word' id='word_1_784' title='bbox 1922 4067 2065 4106; x_wconf 91' lang='lat' dir='ltr'><strong>nam</strong></span> <span class='ocrx_word' id='word_1_785' title='bbox 2092 4050 2169 4106; x_wconf 91' lang='lat' dir='ltr'><strong>ad</strong></span> <span class='ocrx_word' id='word_1_786' title='bbox 2199 4050 2381 4105; x_wconf 80' lang='lat' dir='ltr'><strong>finem</strong></span> <span class='ocrx_word' id='word_1_787' title='bbox 2434 4049 2717 4122; x_wconf 72' lang='lat' dir='ltr'><strong>epistolae,</strong></span> <span class='ocrx_word' id='word_1_788' title='bbox 2771 4051 2947 4122; x_wconf 89' lang='lat' dir='ltr'><strong>quasi</strong></span> <span class='ocrx_word' id='word_1_789' title='bbox 2978 4051 3404 4120; x_wconf 87' lang='lat' dir='ltr'><strong>recolligendo,</strong></span> 
     </span>
    </p>
   </div>
   <div class='ocr_carea' id='block_1_99' title="bbox 1756 4139 3404 4213">
    <p class='ocr_par' dir='ltr' id='par_1_99' title="bbox 1756 4139 3404 4213">
     <span class='ocr_line' id='line_1_99' title="bbox 1756 4139 3404 4213; baseline -0.001 -18"><span class='ocrx_word' id='word_1_790' title='bbox 1756 4157 1892 4213; x_wconf 76' lang='lat' dir='ltr'><strong>quae</strong></span> <span class='ocrx_word' id='word_1_791' title='bbox 1925 4139 2311 4212; x_wconf 65' lang='lat' dir='ltr'><strong>praemiserat,</strong></span> <span class='ocrx_word' id='word_1_792' title='bbox 2352 4139 2434 4195; x_wconf 89' lang='lat' dir='ltr'><strong>ait</strong></span> <span class='ocrx_word' id='word_1_793' title='bbox 2465 4159 2476 4198; x_wconf 92' lang='lat'><strong>:</strong></span> <span class='ocrx_word' id='word_1_794' title='bbox 2525 4158 2554 4191; x_wconf 85' lang='lat'>«</span> <span class='ocrx_word' id='word_1_795' title='bbox 2585 4139 2869 4204; x_wconf 84' lang='lat' dir='ltr'><strong>Quocirca</strong></span> <span class='ocrx_word' id='word_1_796' title='bbox 2898 4139 3222 4211; x_wconf 89' lang='lat' dir='ltr'><strong>impeditus</strong></span> <span class='ocrx_word' id='word_1_797' title='bbox 3248 4157 3404 4207; x_wconf 90' lang='lat' dir='ltr'><strong>sum,</strong></span> 
     </span>
    </p>
   </div>
   <div class='ocr_carea' id='block_1_100' title="bbox 1760 4227 3408 4300">
    <p class='ocr_par' dir='ltr' id='par_1_100' title="bbox 1760 4227 3408 4300">
     <span class='ocr_line' id='line_1_100' title="bbox 1760 4227 3408 4300; baseline -0.001 -16"><span class='ocrx_word' id='word_1_798' title='bbox 1760 4246 1833 4284; x_wconf 93' lang='lat' dir='ltr'><strong>ne</strong></span> <span class='ocrx_word' id='word_1_799' title='bbox 1865 4229 1943 4285; x_wconf 90' lang='lat' dir='ltr'><strong>ad</strong></span> <span class='ocrx_word' id='word_1_800' title='bbox 1973 4245 2080 4284; x_wconf 91' lang='lat' dir='ltr'><strong>vos</strong></span> <span class='ocrx_word' id='word_1_801' title='bbox 2098 4229 2386 4298; x_wconf 88' lang='lat' dir='ltr'><strong>venirem,</strong></span> <span class='ocrx_word' id='word_1_802' title='bbox 2415 4250 2439 4279; x_wconf 73' lang='grc' dir='ltr'>ι)</span> <span class='ocrx_word' id='word_1_803' title='bbox 2473 4229 2638 4300; x_wconf 87' lang='lat' dir='ltr'><strong>quod</strong></span> <span class='ocrx_word' id='word_1_804' title='bbox 2668 4228 2826 4283; x_wconf 90' lang='lat' dir='ltr'><strong>idem</strong></span> <span class='ocrx_word' id='word_1_805' title='bbox 2859 4234 2945 4284; x_wconf 82' lang='lat' dir='ltr'><strong>est</strong></span> <span class='ocrx_word' id='word_1_806' title='bbox 2966 4245 3124 4292; x_wconf 91' lang='lat' dir='ltr'><strong>cum,</strong></span> <span class='ocrx_word' id='word_1_807' title='bbox 3162 4248 3190 4280; x_wconf 89' lang='grc' dir='ltr'><strong>ιι</strong></span> <span class='ocrx_word' id='word_1_808' title='bbox 3211 4227 3408 4284; x_wconf 83' lang='lat' dir='ltr'><strong>Prohi-</strong></span> 
     </span>
    </p>
   </div>
   <div class='ocr_carea' id='block_1_101' title="bbox 1759 4315 3410 4374">
    <p class='ocr_par' dir='ltr' id='par_1_101' title="bbox 1759 4315 3410 4374">
     <span class='ocr_line' id='line_1_101' title="bbox 1759 4315 3410 4374; baseline -0.001 0"><span class='ocrx_word' id='word_1_809' title='bbox 1759 4318 1916 4374; x_wconf 90' lang='lat' dir='ltr'><strong>bitus</strong></span> <span class='ocrx_word' id='word_1_810' title='bbox 1947 4335 2083 4373; x_wconf 92' lang='lat' dir='ltr'><strong>sum</strong></span> <span class='ocrx_word' id='word_1_811' title='bbox 2122 4317 2434 4374; x_wconf 89' lang='lat' dir='ltr'><strong>hactenus.</strong></span> <span class='ocrx_word' id='word_1_812' title='bbox 2464 4315 2556 4370; x_wconf 85' lang='lat' dir='ltr'><strong>Ad</strong></span> <span class='ocrx_word' id='word_1_813' title='bbox 2590 4332 2751 4372; x_wconf 91' lang='lat' dir='ltr'><strong>nunc</strong></span> <span class='ocrx_word' id='word_1_814' title='bbox 2780 4333 2917 4372; x_wconf 91' lang='lat' dir='ltr'><strong>cum</strong></span> <span class='ocrx_word' id='word_1_815' title='bbox 2945 4316 3134 4372; x_wconf 92' lang='lat' dir='ltr'><strong>locum</strong></span> <span class='ocrx_word' id='word_1_816' title='bbox 3157 4315 3218 4371; x_wconf 91' lang='lat' dir='ltr'><strong>in</strong></span> <span class='ocrx_word' id='word_1_817' title='bbox 3243 4315 3410 4373; x_wconf 89' lang='lat' dir='ltr'><strong>hisce</strong></span> 
     </span>
    </p>
   </div>
   <div class='ocr_carea' id='block_1_102' title="bbox 1762 4405 3411 4479">
    <p class='ocr_par' dir='ltr' id='par_1_102' title="bbox 1762 4405 3411 4479">
     <span class='ocr_line' id='line_1_102' title="bbox 1762 4405 3411 4479; baseline -0.003 -14"><span class='ocrx_word' id='word_1_818' title='bbox 1762 4409 2106 4479; x_wconf 89' lang='lat' dir='ltr'><strong>regionibus</strong></span> <span class='ocrx_word' id='word_1_819' title='bbox 2124 4423 2244 4463; x_wconf 92' lang='lat' dir='ltr'><strong>non</strong></span> <span class='ocrx_word' id='word_1_820' title='bbox 2262 4406 2542 4476; x_wconf 86' lang='lat' dir='ltr'><strong>habeam,</strong></span> <span class='ocrx_word' id='word_1_821' title='bbox 2579 4427 2603 4456; x_wconf 76' lang='grc' dir='ltr'><strong>υ</strong></span> <span class='ocrx_word' id='word_1_822' title='bbox 2621 4406 2725 4461; x_wconf 88' lang='lat' dir='ltr'><strong>sed</strong></span> <span class='ocrx_word' id='word_1_823' title='bbox 2746 4421 2898 4478; x_wconf 84' lang='lat' dir='ltr'><strong>Opus</strong></span> <span class='ocrx_word' id='word_1_824' title='bbox 2911 4405 3197 4460; x_wconf 90' lang='lat' dir='ltr'><strong>nimirum</strong></span> <span class='ocrx_word' id='word_1_825' title='bbox 3214 4405 3411 4461; x_wconf 90' lang='lat' dir='ltr'><strong>absol-</strong></span> 
     </span>
    </p>
   </div>
   <div class='ocr_carea' id='block_1_103' title="bbox 1761 4494 3410 4563">
    <p class='ocr_par' dir='ltr' id='par_1_103' title="bbox 1761 4494 3410 4563">
     <span class='ocr_line' id='line_1_103' title="bbox 1761 4494 3410 4563; baseline -0.002 -9"><span class='ocrx_word' id='word_1_826' title='bbox 1761 4499 1962 4563; x_wconf 88' lang='lat' dir='ltr'><strong>verim,</strong></span> <span class='ocrx_word' id='word_1_827' title='bbox 1992 4521 2012 4547; x_wconf 76' lang='grc' dir='ltr'><strong>ι</strong></span> <span class='ocrx_word' id='word_1_828' title='bbox 2050 4497 2286 4554; x_wconf 90' lang='lat' dir='ltr'><strong>veniam</strong></span> <span class='ocrx_word' id='word_1_829' title='bbox 2320 4498 2396 4552; x_wconf 88' lang='lat' dir='ltr'><strong>ad</strong></span> <span class='ocrx_word' id='word_1_830' title='bbox 2430 4512 2556 4552; x_wconf 90' lang='lat' dir='ltr'><strong>vos.</strong></span> <span class='ocrx_word' id='word_1_831' title='bbox 2587 4516 2614 4547; x_wconf 92' lang='lat'>»</span> <span class='ocrx_word' id='word_1_832' title='bbox 2646 4494 2838 4562; x_wconf 91' lang='lat' dir='ltr'><strong>Vides,</strong></span> <span class='ocrx_word' id='word_1_833' title='bbox 2871 4501 2930 4549; x_wconf 91' lang='lat' dir='ltr'><strong>ut</strong></span> <span class='ocrx_word' id='word_1_834' title='bbox 2959 4495 3180 4550; x_wconf 80' lang='lat' dir='ltr'><strong>fructus</strong></span> <span class='ocrx_word' id='word_1_835' title='bbox 3210 4494 3270 4549; x_wconf 90' lang='lat' dir='ltr'><strong>in</strong></span> <span class='ocrx_word' id='word_1_836' title='bbox 3293 4494 3410 4551; x_wconf 89' lang='lat' dir='ltr'><strong>illis</strong></span> 
     </span>
    </p>
   </div>
   <div class='ocr_carea' id='block_1_104' title="bbox 1759 4583 3406 4657">
    <p class='ocr_par' dir='ltr' id='par_1_104' title="bbox 1759 4583 3406 4657">
     <span class='ocr_line' id='line_1_104' title="bbox 1759 4583 3406 4657; baseline -0.003 -13"><span class='ocrx_word' id='word_1_837' title='bbox 1759 4588 1903 4644; x_wconf 90' lang='lat' dir='ltr'><strong>locis</strong></span> <span class='ocrx_word' id='word_1_838' title='bbox 1921 4585 2290 4657; x_wconf 86' lang='lat' dir='ltr'><strong>colligendus</strong></span> <span class='ocrx_word' id='word_1_839' title='bbox 2314 4584 2431 4640; x_wconf 89' lang='lat' dir='ltr'><strong>huc</strong></span> <span class='ocrx_word' id='word_1_840' title='bbox 2449 4600 2640 4655; x_wconf 88' lang='lat' dir='ltr'><strong>usque</strong></span> <span class='ocrx_word' id='word_1_841' title='bbox 2659 4583 2981 4639; x_wconf 89' lang='lat' dir='ltr'><strong>adventum</strong></span> <span class='ocrx_word' id='word_1_842' title='bbox 3000 4583 3406 4641; x_wconf 89' lang='lat' dir='ltr'><strong>retardaverit.</strong></span> 
     </span>
    </p>
   </div>
   <div class='ocr_carea' id='block_1_105' title="bbox 1760 4672 3409 4748">
    <p class='ocr_par' dir='ltr' id='par_1_105' title="bbox 1760 4672 3409 4748">
     <span class='ocr_line' id='line_1_105' title="bbox 1760 4672 3409 4748; baseline -0.002 -15"><span class='ocrx_word' id='word_1_843' title='bbox 1760 4681 1958 4748; x_wconf 89' lang='lat' dir='ltr'><strong>Neque</strong></span> <span class='ocrx_word' id='word_1_844' title='bbox 1977 4676 2134 4731; x_wconf 91' lang='lat' dir='ltr'><strong>enim</strong></span> <span class='ocrx_word' id='word_1_845' title='bbox 2153 4673 2317 4730; x_wconf 86' lang='lat' dir='ltr'><strong>Pauli</strong></span> <span class='ocrx_word' id='word_1_846' title='bbox 2336 4675 2424 4730; x_wconf 89' lang='lat' dir='ltr'><strong>vel</strong></span> <span class='ocrx_word' id='word_1_847' title='bbox 2452 4672 2722 4728; x_wconf 90' lang='lat' dir='ltr'><strong>animum</strong></span> <span class='ocrx_word' id='word_1_848' title='bbox 2746 4672 2837 4728; x_wconf 86' lang='lat' dir='ltr'><strong>vel</strong></span> <span class='ocrx_word' id='word_1_849' title='bbox 2855 4672 3118 4728; x_wconf 90' lang='lat' dir='ltr'><strong>studium</strong></span> <span class='ocrx_word' id='word_1_850' title='bbox 3137 4672 3409 4740; x_wconf 89' lang='lat' dir='ltr'><strong>decebat,</strong></span> 
     </span>
    </p>
   </div>
   <div class='ocr_carea' id='block_1_106' title="bbox 1763 4762 3411 4836">
    <p class='ocr_par' dir='ltr' id='par_1_106' title="bbox 1763 4762 3411 4836">
     <span class='ocr_line' id='line_1_106' title="bbox 1763 4762 3411 4836; baseline -0.002 -13"><span class='ocrx_word' id='word_1_851' title='bbox 1763 4765 2242 4836; x_wconf 89' lang='lat' dir='ltr'><strong>semiperfectum</strong></span> <span class='ocrx_word' id='word_1_852' title='bbox 2285 4763 2345 4818; x_wconf 92' lang='lat' dir='ltr'><strong>in</strong></span> <span class='ocrx_word' id='word_1_853' title='bbox 2385 4763 2664 4819; x_wconf 86' lang='lat' dir='ltr'><strong>manibus</strong></span> <span class='ocrx_word' id='word_1_854' title='bbox 2703 4763 2973 4818; x_wconf 88' lang='lat' dir='ltr'><strong>laborem</strong></span> <span class='ocrx_word' id='word_1_855' title='bbox 3023 4762 3315 4819; x_wconf 88' lang='lat' dir='ltr'><strong>deserere.</strong></span> <span class='ocrx_word' id='word_1_856' title='bbox 3343 4764 3411 4820; x_wconf 88' lang='lat' dir='ltr'><strong>Et</strong></span> 
     </span>
    </p>
   </div>
   <div class='ocr_carea' id='block_1_107' title="bbox 1761 4850 3408 4924">
    <p class='ocr_par' dir='ltr' id='par_1_107' title="bbox 1761 4850 3408 4924">
     <span class='ocr_line' id='line_1_107' title="bbox 1761 4850 3408 4924; baseline -0.002 -13"><span class='ocrx_word' id='word_1_857' title='bbox 1761 4856 2019 4918; x_wconf 89' lang='lat' dir='ltr'><strong>adverte,</strong></span> <span class='ocrx_word' id='word_1_858' title='bbox 2065 4859 2124 4908; x_wconf 91' lang='lat' dir='ltr'><strong>ut</strong></span> <span class='ocrx_word' id='word_1_859' title='bbox 2153 4853 2281 4908; x_wconf 60' lang='lat' dir='ltr'><strong>haec</strong></span> <span class='ocrx_word' id='word_1_860' title='bbox 2306 4852 2444 4908; x_wconf 85' lang='lat' dir='ltr'><strong>dicti</strong></span> <span class='ocrx_word' id='word_1_861' title='bbox 2475 4851 2775 4917; x_wconf 88' lang='lat' dir='ltr'><strong>enodatio,</strong></span> <span class='ocrx_word' id='word_1_862' title='bbox 2809 4867 2917 4906; x_wconf 89' lang='lat' dir='ltr'><strong>nec</strong></span> <span class='ocrx_word' id='word_1_863' title='bbox 2955 4850 3151 4922; x_wconf 86' lang='lat' dir='ltr'><strong>ﬁgura</strong></span> <span class='ocrx_word' id='word_1_864' title='bbox 3186 4851 3408 4924; x_wconf 87' lang='lat' dir='ltr'><strong>hyper-</strong></span> 
     </span>
    </p>
   </div>
   <div class='ocr_carea' id='block_1_108' title="bbox 1760 4941 3410 5014">
    <p class='ocr_par' dir='ltr' id='par_1_108' title="bbox 1760 4941 3410 5014">
     <span class='ocr_line' id='line_1_108' title="bbox 1760 4941 3410 5014; baseline 0 -14"><span class='ocrx_word' id='word_1_865' title='bbox 1760 4947 1900 5001; x_wconf 90' lang='lat' dir='ltr'><strong>bato</strong></span> <span class='ocrx_word' id='word_1_866' title='bbox 1914 4943 2240 5013; x_wconf 89' lang='lat' dir='ltr'><strong>indigebat,</strong></span> <span class='ocrx_word' id='word_1_867' title='bbox 2257 4959 2366 4998; x_wconf 88' lang='lat' dir='ltr'><strong>nec</strong></span> <span class='ocrx_word' id='word_1_868' title='bbox 2378 4941 2687 4998; x_wconf 89' lang='lat' dir='ltr'><strong>ratiocinia</strong></span> <span class='ocrx_word' id='word_1_869' title='bbox 2700 4941 2978 5014; x_wconf 76' lang='lat' dir='ltr'><strong>quaedam</strong></span> <span class='ocrx_word' id='word_1_870' title='bbox 2995 4941 3410 5000; x_wconf 86' lang='lat' dir='ltr'><strong>intercidentia</strong></span> 
     </span>
    </p>
   </div>
   <div class='ocr_carea' id='block_1_109' title="bbox 1760 5030 3410 5104">
    <p class='ocr_par' dir='ltr' id='par_1_109' title="bbox 1760 5030 3410 5104">
     <span class='ocr_line' id='line_1_109' title="bbox 1760 5030 3410 5104; baseline -0.002 -14"><span class='ocrx_word' id='word_1_871' title='bbox 1760 5034 1970 5090; x_wconf 87' lang='lat' dir='ltr'><strong>habuit</strong></span> <span class='ocrx_word' id='word_1_872' title='bbox 2002 5051 2016 5100; x_wconf 89' lang='lat'><strong>;</strong></span> <span class='ocrx_word' id='word_1_873' title='bbox 2048 5033 2155 5088; x_wconf 87' lang='lat' dir='ltr'><strong>sed</strong></span> <span class='ocrx_word' id='word_1_874' title='bbox 2194 5032 2328 5104; x_wconf 87' lang='lat' dir='ltr'><strong>plus</strong></span> <span class='ocrx_word' id='word_1_875' title='bbox 2353 5047 2538 5103; x_wconf 87' lang='lat' dir='ltr'><strong>quam</strong></span> <span class='ocrx_word' id='word_1_876' title='bbox 2571 5030 2696 5087; x_wconf 73' lang='lat' dir='ltr'><strong>aliae</strong></span> <span class='ocrx_word' id='word_1_877' title='bbox 2722 5030 3239 5101; x_wconf 88' lang='lat' dir='ltr'><strong>interpretationes</strong></span> <span class='ocrx_word' id='word_1_878' title='bbox 3271 5046 3410 5087; x_wconf 89' lang='lat' dir='ltr'><strong>cum</strong></span> 
     </span>
    </p>
   </div>
   <div class='ocr_carea' id='block_1_110' title="bbox 1761 5118 3412 5196">
    <p class='ocr_par' dir='ltr' id='par_1_110' title="bbox 1761 5118 3412 5196">
     <span class='ocr_line' id='line_1_110' title="bbox 1761 5118 3412 5196; baseline -0.002 -16"><span class='ocrx_word' id='word_1_879' title='bbox 1761 5123 1957 5181; x_wconf 88' lang='lat' dir='ltr'><strong>verbis</strong></span> <span class='ocrx_word' id='word_1_880' title='bbox 1994 5123 2158 5196; x_wconf 89' lang='lat' dir='ltr'><strong>ipsis,</strong></span> <span class='ocrx_word' id='word_1_881' title='bbox 2193 5129 2318 5178; x_wconf 90' lang='lat' dir='ltr'><strong>tum</strong></span> <span class='ocrx_word' id='word_1_882' title='bbox 2362 5120 2529 5177; x_wconf 88' lang='lat' dir='ltr'><strong>Pauli</strong></span> <span class='ocrx_word' id='word_1_883' title='bbox 2567 5123 2906 5190; x_wconf 91' lang='lat' dir='ltr'><strong>congruant</strong></span> <span class='ocrx_word' id='word_1_884' title='bbox 2933 5118 3266 5177; x_wconf 88' lang='lat' dir='ltr'><strong>intentioni.</strong></span> <span class='ocrx_word' id='word_1_885' title='bbox 3289 5121 3412 5178; x_wconf 81' lang='lat' dir='ltr'><strong>Nec</strong></span> 
     </span>
    </p>
   </div>
   <div class='ocr_carea' id='block_1_111' title="bbox 1392 5340 2076 5398">
    <p class='ocr_par' dir='ltr' id='par_1_111' title="bbox 1392 5340 2076 5398">
     <span class='ocr_line' id='line_1_111' title="bbox 1392 5340 2076 5398; baseline -0.001 -3"><span class='ocrx_word' id='word_1_886' title='bbox 1392 5340 1630 5397; x_wconf 68' lang='lat' dir='ltr'><strong>VARIIE</strong></span> <span class='ocrx_word' id='word_1_887' title='bbox 1669 5340 2076 5398; x_wconf 84' lang='lat' dir='ltr'><strong>LECTIONES.</strong></span> 
     </span>
    </p>
   </div>
   <div class='ocr_carea' id='block_1_112' title="bbox 132 5548 413 5610">
    <p class='ocr_par' dir='ltr' id='par_1_112' title="bbox 132 5548 413 5610">
     <span class='ocr_line' id='line_1_112' title="bbox 132 5548 413 5610; baseline 0.011 -6"><span class='ocrx_word' id='word_1_888' title='bbox 132 5562 157 5604; x_wconf 83' lang='lat'>8</span> <span class='ocrx_word' id='word_1_889' title='bbox 181 5548 232 5606; x_wconf 91' lang='lat' dir='ltr'><strong>C.</strong></span> <span class='ocrx_word' id='word_1_890' title='bbox 270 5553 413 5610; x_wconf 68' lang='lat' dir='ltr'><strong>Ion.</strong></span> 
     </span>
    </p>
   </div>
   <div class='ocr_carea' id='block_1_113' title="bbox 493 5558 607 5611">
    <p class='ocr_par' dir='ltr' id='par_1_113' title="bbox 493 5558 607 5611">
     <span class='ocr_line' id='line_1_113' title="bbox 493 5558 607 5611; baseline 0.044 -6"><span class='ocrx_word' id='word_1_891' title='bbox 493 5558 588 5606; x_wconf 86' lang='grc' dir='ltr'><strong>καί</strong></span> <span class='ocrx_word' id='word_1_892' title='bbox 594 5596 607 5611; x_wconf 95' lang='grc'><strong>.</strong></span> 
     </span>
    </p>
   </div>
   <div class='ocr_carea' id='block_1_114' title="bbox 2668 5474 2777 5506">
    <p class='ocr_par' dir='ltr' id='par_1_114' title="bbox 2668 5474 2777 5506">
     <span class='ocr_line' id='line_1_114' title="bbox 2668 5474 2777 5506; baseline 0 -26"><span class='ocrx_word' id='word_1_893' title='bbox 2668 5474 2777 5506; x_wconf 31' lang='grc' dir='ltr'><strong>,ιι</strong></span> 
     </span>
    </p>
   </div>
   <div class='ocr_carea' id='block_1_115' title="bbox 681 5550 3396 5632">
    <p class='ocr_par' dir='ltr' id='par_1_115' title="bbox 681 5550 3396 5632">
     <span class='ocr_line' id='line_1_115' title="bbox 681 5550 3396 5632; baseline -0.001 -17"><span class='ocrx_word' id='word_1_894' title='bbox 681 5550 711 5594; x_wconf 70' lang='grc' dir='ltr'>δ</span> <span class='ocrx_word' id='word_1_895' title='bbox 746 5559 760 5573; x_wconf 87' lang='grc'><em>”</em></span> <span class='ocrx_word' id='word_1_896' title='bbox 791 5559 852 5615; x_wconf 86' lang='lat' dir='ltr'><strong>C.</strong></span> <span class='ocrx_word' id='word_1_897' title='bbox 897 5559 1048 5614; x_wconf 77' lang='lat' dir='ltr'><strong>M011.</strong></span> <span class='ocrx_word' id='word_1_898' title='bbox 1082 5563 1168 5617; x_wconf 79' lang='grc' dir='ltr'>τῆς</span> <span class='ocrx_word' id='word_1_899' title='bbox 1203 5561 1514 5631; x_wconf 78' lang='grc' dir='ltr'>παρουσίας.</span> <span class='ocrx_word' id='word_1_900' title='bbox 1595 5554 1606 5596; x_wconf 79' lang='grc' dir='ltr'><strong>ί</strong></span> <span class='ocrx_word' id='word_1_901' title='bbox 1656 5555 1770 5608; x_wconf 64' lang='lat' dir='ltr'><strong>xiv.</strong></span> <span class='ocrx_word' id='word_1_902' title='bbox 1828 5557 1889 5614; x_wconf 89' lang='lat' dir='ltr'><strong>C.</strong></span> <span class='ocrx_word' id='word_1_903' title='bbox 1924 5554 1990 5614; x_wconf 86' lang='lat' dir='ltr'><strong>M.</strong></span> <span class='ocrx_word' id='word_1_904' title='bbox 2023 5556 2131 5608; x_wconf 86' lang='grc' dir='ltr'>καί.</span> <span class='ocrx_word' id='word_1_905' title='bbox 2202 5550 2222 5606; x_wconf 69' lang='grc' dir='ltr'>,ἱ</span> <span class='ocrx_word' id='word_1_906' title='bbox 2258 5555 2397 5628; x_wconf 68' lang='grc' dir='ltr'>εἴπῃ.</span> <span class='ocrx_word' id='word_1_907' title='bbox 2429 5555 2488 5610; x_wconf 86' lang='lat' dir='ltr'><strong>C.</strong></span> <span class='ocrx_word' id='word_1_908' title='bbox 2521 5553 2592 5610; x_wconf 83' lang='grc' dir='ltr'><strong>Μ.</strong></span> <span class='ocrx_word' id='word_1_909' title='bbox 2637 5556 2805 5632; x_wconf 71' lang='grc' dir='ltr'>εἴπης.</span> <span class='ocrx_word' id='word_1_910' title='bbox 2883 5564 2916 5597; x_wconf 73' lang='grc' dir='ltr'><strong>ιι</strong></span> <span class='ocrx_word' id='word_1_911' title='bbox 2945 5561 3038 5627; x_wconf 80' lang='grc' dir='ltr'><strong>τῷ.</strong></span> <span class='ocrx_word' id='word_1_912' title='bbox 3099 5554 3158 5609; x_wconf 90' lang='lat' dir='ltr'><strong>C.</strong></span> <span class='ocrx_word' id='word_1_913' title='bbox 3203 5555 3274 5610; x_wconf 76' lang='grc' dir='ltr'><strong>Μ.</strong></span> <span class='ocrx_word' id='word_1_914' title='bbox 3313 5556 3396 5611; x_wconf 80' lang='grc' dir='ltr'>τό.</span> 
     </span>
    </p>
   </div>
  </div>
