4136 6198
506 236 614 292 575

1734 231 1969 288 puoru
2010 227 2489 289 PATRIARCHAS
2525 228 2638 286 ap.
2704 304 2705 311 Ν

3775 232 3878 291 576

507 359 656 419 illud
681 359 743 417 in
772 358 927 417 vobis
946 356 1444 431 impedimentum
1472 361 1594 425 est;
1628 357 1857 415 initium
1884 356 2041 414 enim
2075 370 2144 411 se

2269 359 2357 409 xui
2400 354 2458 408 ού
2514 357 2895 427 συναπτόμενον
2943 356 3075 428 πρὸς
3113 356 3189 419 τό,
3249 377 3278 409 κ
3334 353 3446 410 Ἵνα
3496 357 3614 408 τινὰ
3678 360 3877 429 καρπὸν

506 449 826 522 quentibus
854 448 975 513 dat,
1010 464 1116 505 nec
1146 449 1513 507 connectitur
1533 464 1671 504 cum
1704 464 1769 502 τοι
1803 449 1871 504 Ut
1899 446 2155 504 fructum

509 539 767 611 aliquem
790 538 849 597 in
876 538 1041 593 vobis
1072 538 1438 611 percipiam;
1474 558 1501 590 »
1534 542 1616 604 ut,
1651 560 1678 589 «
1713 536 1898 593 Vobis
1922 534 2159 591 debitor

507 645 663 694 sum,
691 627 1210 701 quemadmodum
1244 634 1301 683 ut
1327 629 1387 682 in
1417 627 1640 683 caeteris
1667 626 1963 696 gentibus,
1991 624 2151 680 Grie-

506 718 593 777 cis
624 723 681 775 et
707 716 1004 783 barbaris,
1034 716 1399 787 sapientibus
1421 721 1476 771 et
1499 715 1914 787 insipientibus
1942 730 2097 769 sum.
2122 734 2152 762 »

506 809 591 863 Ne
611 806 939 877 objicerent
971 821 983 859 :
1013 804 1165 869 Quid
1191 819 1333 875 ergo
1362 811 1523 860 tanto
1550 805 1747 861 studio
1778 803 1837 858 in
1865 802 2155 859 fructibus

506 894 854 964 colligendis
871 894 1029 965 apud
1054 899 1294 949 cteteras
1311 892 1868 962 gentesincubuisti,
1891 896 1951 947 at
1966 889 2152 947 nostri

505 983 732 1041 nullam
766 982 1019 1039 habuisti
1040 982 1330 1038 rationem
1352 980 1379 1036 ‘l
1410 984 1552 1046 Imo,
1582 981 1793 1052 inquit,
1825 1000 1853 1033 «
1875 980 1941 1036 Et
1961 980 2023 1035 in
2054 995 2155 1035 vo-

507 1074 595 1130 bis
620 1073 849 1129 debitor
880 1088 1037 1138 sum,
1078 1072 1595 1143 quemadmodum
1627 1071 1687 1125 in
1719 1071 1938 1126 caeteris
1968 1070 2151 1139 genti-

505 1162 640 1219 bus.
664 1184 689 1214 ι
723 1164 841 1219 Hoc
859 1160 1178 1227 contendo,
1209 1159 1324 1216 hoc
1344 1161 1601 1231 inquiro,
1625 1159 1910 1216 omnibus
1936 1158 2148 1223 debeo,

500 1266 612 1313 nec
651 1250 867 1322 aliquis
908 1254 1017 1319 est,
1058 1266 1167 1321 pro
1205 1266 1327 1321 quo
1355 1265 1476 1305 non
1514 1266 1755 1306 summa
1782 1248 2156 1319 constringor

506 1340 923 1397 sollicitudine.
946 1343 1135 1411 Atque
1160 1339 1288 1394 haec
1308 1338 1548 1410 quidem
1566 1340 1870 1394 hactenus.
1888 1336 2149 1409 Explica-

503 1428 680 1489 tionis
710 1428 869 1485 enim
902 1428 1093 1484 forma
1116 1427 1365 1484 alienior
1394 1432 1482 1483 est
1503 1427 1580 1487 ab
1601 1426 1912 1498 epistolica
1934 1426 2148 1495 ﬁgura.

502 1521 694 1585 Quare
724 1524 999 1575 neutrum
1030 1518 1163 1573 licet
1202 1518 1399 1589 plane,
1434 1524 1488 1575 et
1512 1523 1575 1573 ut
1613 1517 1753 1573 artis
1781 1516 1943 1588 leges
1960 1516 2155 1587 requi-

498 1613 658 1677 runt,
697 1608 1013 1665 observare
1044 1606 1142 1670 illi,
1183 1606 1285 1677 qui
1326 1622 1432 1677 per
1468 1605 1779 1676 epistolam
1809 1606 2155 1676 interpreta-

2270 453 2412 516 σχῶ,
2462 464 2490 497 »
2550 440 2655 503 οἷον
2712 450 2821 513 καὶ,
2870 465 2889 493 ι
2940 443 2989 496 ἐν
3045 446 3165 517 ὑμῖν
3211 442 3472 516 ὀφειλέτης
3524 444 3651 517 εἰμὶ,
3704 448 3879 508 καθὼς

2264 538 2353 586 καὶ
2381 533 2431 585 ἐν
2478 540 2583 593 τοῖς
2632 533 2827 595 λοιποῖς
2882 535 3097 598 ἔθνεσιν,
3148 532 3368 592 Ἐλλησί
3414 552 3469 586 τε
3530 538 3620 585 καὶ
3676 531 3880 607 βαρϐά·

2263 641 2394 694 ροις,
2448 629 2622 695 σοφοῖς
2660 641 2713 674 τε
2747 627 2837 674 καὶ
2884 621 3145 684 ἀνοήτοις.
3193 644 3224 676 n
3264 620 3376 676 ἰνα
3428 624 3532 695 γὰρ
3568 628 3641 695 μὴ
3688 622 3880 693 λέγωσι

2261 716 2325 765 Τί
2359 709 2446 765 οὖν
2501 715 2588 764 τὸν
2627 714 2758 784 μετά
2798 710 2845 764 ἐν
2888 719 2995 774 τοῖς
3045 712 3231 784 ἑτέροις
3273 712 3496 785 κλίμασι
3540 731 3741 787 καρπον
3784 708 3880 766 διὰ

2266 798 2503 862 σπουδῆς
2563 799 2703 874 εἶχες
2752 800 3033 873 συλλέγειν,
3082 803 3226 873 ἡμῶν
3282 798 3340 855 δὲ
3390 798 3579 854 οὐδένα
3632 800 3785 872 λόγον
3814 799 3877 868 ι;

2265 910 2291 939 ‹‹
2333 889 2454 959 Ναὶ,
2498 895 2649 961 φησὶ,
2686 894 2775 941 καὶ
2828 888 2879 941 ἐν
2916 891 3037 962 ὑμῖν
3093 888 3348 962 ὀφειλέτης
3395 890 3523 961 εἰμὶ,
3571 891 3748 948 καθὼς
3785 894 3878 942 καὶ

2262 977 2311 1030 ἄν
2363 987 2468 1039 τοῖς
2504 978 2707 1041 λοιποῖς
2761 981 2951 1032 ἔθνεσι.
2987 986 3206 1033 »Τοῦτο
3253 976 3486 1044 σπεύδω,
3541 987 3696 1032 τοῦτο
3760 977 3874 1032 ἑπι-

2264 1067 2426 1133 ζητῶ,
2459 1074 2593 1122 πᾶσι
2633 1077 2888 1141 χρεωστῶ
2919 1086 2931 1097 ·
2966 1073 3057 1120 καὶ
3112 1065 3286 1131 οὐδείς
3338 1068 3475 1121 ἐστιν
3530 1069 3658 1143 ὑπὲρ
3698 1068 3759 1121 οὗ
3798 1073 3871 1141 μὴ

2262 1156 2419 1229 πολλῇ
2486 1161 2780 1230 συνέχομαι
2840 1154 3097 1230 φροντίδι.
3159 1158 3314 1211 Ἀλλά
3369 1166 3537 1211 ταῦτα
3748 1162 3879 1220 τέως

2262 1245 2345 1298 ἐπὶ
2396 1254 2663 1303 τοσοῦτον.
2720 1254 2827 1309 Τῆς
2874 1249 2975 1321 γάρ
3034 1246 3357 1320 ἐρμηνείαςό
3386 1252 3569 1322 τρόπος
3623 1247 3877 1301 ἀλλοιότε-

2260 1354 2345 1409 ρος
2385 1347 2426 1377 ω
2462 1336 2490 1394 ἦ
2545 1336 2598 1387 ὃν
2634 1338 2659 1388 ό
2689 1344 2786 1397 τῆς
2839 1335 3116 1398 ἐπιστολῆς
3165 1336 3398 1398 ἐπιζητεῖ
3454 1340 3637 1400 τύπος.
3688 1342 3880 1410 Διόπερ

2262 1421 2530 1499 οὐδέτερον
2584 1427 2846 1499 καθαρῶς,
2888 1430 2977 1478 καὶ
3026 1428 3097 1488 ὡς
3125 1428 3174 1479 οἱ
3223 1435 3314 1487 τῆς
3336 1431 3526 1499 τέχνης
3564 1432 3734 1498 νόμοι,
3762 1426 3883 1479 κατ’

2263 1512 2531 1573 ἐπιστολὴν
2610 1515 2957 1587 ἑρμηνεύοντα
3033 1517 3299 1588 πράττειν.
3357 1513 3451 1568 ‘Av
3508 1512 3568 1571 δε
3632 1520 3725 1569 καὶ
3792 1522 3883 1568 τοῦ

2261 1604 2506 1677 καθαρῶς
2541 1601 2834 1675 ἑρμηνεύειν
2892 1605 2917 1655 ὁ
2968 1607 3149 1677 καιρός
3204 1608 3299 1663 τὴν
3352 1600 3534 1657 οἶδειαν
3582 1600 3683 1675 δῷ,
3726 1606 3882 1673 ἴσως,

498 1702 613 1753 tur.
648 1695 819 1762 Quod
850 1695 897 1749 si
928 1695 1211 1766 exquisite
1241 1694 1611 1765 interpretari
1635 1693 1875 1749 occasio
1906 1691 2144 1749 faculta-

2264 1698 2397 1744 Θεοῦ
2457 1690 2833 1765 βουλουμένου,
2877 1697 2968 1745 καὶ
3022 1692 3330 1767 τελειότερον
3388 1691 3502 1767 ἐμοὶ
3556 1697 3647 1767 μεν
3695 1693 3882 1762 εἰπεῖν,

500 1789 617 1845 tem
635 1784 878 1848 dederit,
893 1784 1165 1841 fortassis
1196 1799 1329 1839 cum
1346 1782 1504 1839 bono
1521 1783 1640 1839 Deo
1654 1781 1987 1838 absolutius
2006 1779 2151 1838 mihi

499 1873 857 1946 explicanda
883 1878 1073 1937 erunt,
1120 1878 1175 1928 et
1205 1870 1519 1941 gratiosius
1550 1871 1653 1928 tibi
1684 1869 2006 1927 audienda.

534 1979 853 2045 QUIESTIO
899 1980 1030 2035 XCII
1060 1979 1259 2052 [CoisL
1295 1979 1581 2046 CCLXXII,
1624 1979 1800 2034 Taur.
1844 1976 2109 2049 CCLXII].

2265 1784 2349 1834 σοὶ
2372 1776 2421 1833 δ’
2451 1779 2655 1834 ἀκούειν
2684 1787 2963 1855 γενήσοιτο
3000 1784 3183 1858 χάρις.

2830 1982 3148 2031 εΡΩΤΗΣιΣ
3186 1960 3297 2037 SB'.

561 2087 716 2137 Edita
738 2101 769 2136 a
798 2087 1142 2146 Montacutio,
1175 2100 1264 2150 ep.
1299 2087 1406 2144 165,
1434 2087 1501 2135 ad
1531 2086 1712 2150 Georg.
1759 2085 1857 2137 Nic
1888 2120 1947 2197 .,I
1977 2084 2388 2198 ἓὸὲξζξὲὅίϐῡθ
2418 2084 2659 2149 epistolis
2690 2084 2837 2135 Pauli
2868 2087 2920 2134 et
2960 2098 3058 2135 cur
3079 2098 3136 2134 se
3172 2084 3370 2134 Paulus
3391 2084 3617 2135 idiotam
3667 2090 3846 2146 vocet,

570 2262 800 2320 Miraris
829 2264 994 2320 Pauli
1034 2263 1322 2336 Epistolas
1381 2268 1464 2320 tot
1511 2264 1662 2319 ideis
1702 2263 1984 2333 variatas,
2028 2260 2156 2317 Noli

500 2351 579 2408 ob
604 2355 911 2409 veritatem
935 2352 1083 2409 mihi
1116 2369 1467 2408 succensere
1496 2370 1508 2407 :
1551 2359 1603 2408 et
1650 2368 1757 2422 ego
1786 2352 1969 2407 miror
2007 2366 2153 2406 non-

497 2441 645 2496 dum
666 2448 719 2497 te
747 2443 821 2498 ad
841 2442 1199 2514 profundam
1229 2442 1382 2497 illius
1404 2442 1760 2515 sapientiam
1789 2442 2149 2513 pervenisse.

499 2530 665 2595 Quod
695 2532 742 2586 si
776 2531 987 2601 majori
1016 2548 1154 2586 cura
1184 2536 1238 2587 et
1268 2531 1555 2587 industria
1598 2531 1751 2586 illius
1774 2530 1993 2601 scripta
2034 2545 2151 2584 me-

497 2618 793 2687 ditaberis,
827 2618 1143 2675 adhibente
1194 2618 1465 2674 nimirum
1497 2619 1718 2675 caelitus
1767 2618 2006 2689 auxilio,
2043 2618 2151 2673 mi-

494 2706 705 2764 rabere
736 2707 926 2779 magis
964 2707 1066 2781 qui
1098 2708 1288 2779 potuit
1318 2713 1373 2762 te
1401 2714 1574 2763 tantae
1615 2708 1920 2779 sapientiae
1961 2706 2151 2777 gratia

494 2794 691 2861 latere,
726 2802 781 2852 et
815 2797 953 2852 inde
982 2796 1366 2869 pulchritudo
1404 2796 1784 2852 sermonibus
1815 2795 1991 2851 insita
2021 2793 2149 2865 ejus

495 2884 785 2941 fervidum
813 2886 977 2941 haud
1010 2885 1237 2943 invenit
1265 2890 1618 2942 amatorem.
1650 2886 1769 2941 Nec
1800 2884 2006 2940 insisto
2041 2884 2151 2940 ad-

493 2974 611 3031 huc
642 2974 701 3030 in
735 2974 853 3041 illa,
874 2991 1009 3047 quae
1041 2976 1393 3045 dogmatum
1421 2980 1478 3030 et
1504 2974 1645 3031 ﬁdei
1676 2980 1763 3031 est
1806 2973 2097 3047 sapientia
2127 2990 2144 3039 ;

495 3063 569 3119 de
600 3061 701 3119 illo
739 3064 959 3120 videris
988 3065 1212 3136 quippe
1243 3064 1406 3120 haud
1438 3064 1712 3119 dubitare
1748 3080 1761 3121 :
1795 3063 1900 3119 sed
1930 3062 2050 3118 vim
2091 3067 2148 3118 et

494 3151 833 3209 facultatem
852 3153 1087 3209 dicendi
1112 3168 1294 3223 urgeo
1311 3152 1751 3209 admirabilem.
1768 3156 1971 3209 Attum
1999 3168 2145 3223 quo-

492 3242 675 3297 modo
697 3258 965 3297 sermone
988 3245 1096 3298 erit
1118 3242 1345 3299 idiota?
1368 3244 1557 3307 Certe,
1587 3260 1654 3299 eo
1676 3259 1797 3314 quo
1813 3264 1840 3292 ‹‹
1860 3243 2144 3313 Princeps

490 3336 786 3402 peccator,
803 3332 1181 3403 quointimus
1196 3332 1619 3403 apostolorum,
1639 3332 2141 3402 rejectamentum,

490 3424 957 3490 purgamentum
987 3420 1195 3475 mundi
1224 3436 1239 3485 ;
1278 3425 1359 3485 ut,
1404 3420 1808 3491 spectaculum
1840 3420 2063 3491 angelis
2090 3424 2146 3475 et

488 3506 860 3563 hominibus.
889 3530 915 3557 ››
940 3507 1127 3574 Quis?
1158 3508 1268 3574 Qui
1292 3514 1355 3563 ut
1386 3508 1695 3578 apostolus
1717 3508 1924 3563 Christi
1943 3509 2142 3578 gravis

490 3611 616 3651 esse
655 3599 852 3666 posset
883 3596 1246 3652 auditoribus
1289 3614 1301 3664 ;
1336 3596 1437 3669 qui
1478 3596 1885 3652 abundantius
1917 3596 2142 3653 caeteris

488 3683 786 3741 laboravit
810 3702 827 3756 ;
862 3685 963 3757 qui
996 3684 1353 3757 priusquam
1382 3686 1583 3741 matris
1612 3690 1818 3758 partus
1848 3684 2138 3752 ederetur,

489 3776 609 3830 Deo
640 3775 1141 3841 consecrabatur;
1161 3775 1263 3847 qui
1288 3790 1409 3831 non
1429 3775 1890 3847 spectandorum
1914 3780 2142 3847 specta-

487 3866 598 3928 tor,
624 3877 747 3917 non
780 3860 1209 3918 audiendorum
1244 3862 1482 3919 auditor
1510 3862 1618 3919 fuit
1652 3880 1665 3929 ;
1696 3864 1792 3919 Dei
1818 3863 1878 3918 in
1911 3864 2142 3920 Christo

489 3951 640 4007 odor
652 3950 846 4007 bonus
866 3968 883 4020 ;
903 3950 1005 4023 qui
1025 3950 1167 4007 Jesu
1192 3952 1727 4019 mortiﬁcationem,
1754 3953 1856 4008 sed
1879 3958 1935 4008 et
1955 3954 2139 4009 vitam

487 4039 547 4095 in
562 4055 807 4112 corpore
821 4038 1335 4110 circumgestabat,
1353 4041 1850 4108 Quemadmodum
1864 4042 2040 4112 igitur
2054 4058 2141 4098 re—

479 4129 935 4201 jectamentum,
960 4136 1441 4201 purgamentum,
1464 4131 1869 4202 spectaculum
1894 4131 2024 4188 talis
2049 4131 2140 4187 vir

485 4222 543 4274 et
567 4223 767 4275 tantus
783 4218 894 4273 fuit
918 4235 931 4273 :
947 4218 1023 4273 ita
1036 4219 1216 4291 plane
1238 4224 1294 4275 et
1309 4235 1582 4277 sermone
1604 4220 1788 4275 idiota
1805 4220 1930 4276 fuit.
1949 4221 2134 4290 Certe,

485 4306 709 4380 aliquid
724 4305 966 4363 istorum
982 4308 1360 4379 reputabatur
1370 4308 1447 4365 ab
1461 4308 1653 4381 iis,qui
1668 4309 1939 4381 praeconii
1952 4308 2137 4366 altitu-

484 4394 678 4452 dinem
694 4411 805 4451 non
822 4396 1397 4470 capiebant;aliquid
1410 4414 1539 4453 esse
1554 4398 1867 4463 volebat,et
1880 4398 2017 4471 quia
2029 4398 2136 4454 fuit

2338 2261 2639 2334 Θαυμάζεις
2676 2260 2722 2313 εἰ
2760 2264 3024 2322 τοιαύταις
3073 2258 3261 2323 εἰδέαις
3305 2274 3334 2305 ιι
3372 2264 3507 2315 θείου
3558 2262 3768 2316 Παύλου
3821 2267 3879 2318 ui

2266 2350 2569 2405 Ἐπιστολαὶ
2610 2352 3057 2423 σχηματίζονται.
3114 2355 3215 2404 Καί
3261 2371 3353 2423 μοι
3389 2348 3557 2424 μηδὲν
3615 2361 3709 2412 τῆς
3754 2350 3879 2411 ἀλη-

2265 2442 2400 2501 θείας
2462 2438 2756 2513 ἀχθεσθῇς,
2813 2442 2888 2492 ὅτι
2941 2443 3083 2493 οὔπω
3135 2436 3388 2511 διέκυψας
3430 2444 3556 2515 πρὸς
3598 2444 3654 2493 τό
3707 2440 3880 2513 paea;

2260 2536 2356 2589 τῆς
2394 2527 2605 2589 ἐνούσης
2632 2537 2705 2599 τῷ
2742 2526 2896 2603 ἀνδρὶ
2932 2533 3139 2601 σοφίας.
3188 2530 3248 2583 Εἰ
3295 2526 3356 2582 δε
3398 2549 3454 2583 σε
3493 2530 3879 2602 φιλοπονωτέρα

2258 2622 2377 2690 rapi
2426 2621 2549 2679 τοὺς
2599 2616 2791 2670 ἐκείνου
2831 2617 3019 2690 λόγους
3064 2617 3216 2670 λάϐοι
3271 2618 3479 2689 μελέτη,
3535 2626 3632 2681 τῆς
3680 2621 3877 2672 ἄνωθέν

2263 2725 2347 2758 σοι
2404 2703 2647 2765 δηλονότι
2695 2708 2859 2782 ῥοπῆς
2925 2707 2998 2769 εἰς
3054 2707 3310 2780 εὐμένειαν
3368 2710 3591 2781 ὁρώσης,
3668 2711 3875 2781 θαυμά-

2262 2814 2377 2855 σαις
2403 2794 2462 2847 ἄν
2511 2794 2720 2868 μᾶλλον,
2774 2797 2911 2858 ὅπως
2944 2816 3000 2849 σε
3050 2799 3282 2855 τοσαύτη
3336 2802 3518 2868 σοφίας
3573 2794 3877 2851 διελάνθανε

2257 2886 2440 2959 χάρις,
2504 2890 2593 2937 xui
2647 2885 2832 2946 κάλλος
2878 2885 3104 2958 ἐμφύτου
3165 2886 3321 2959 λόγου
3392 2889 3577 2961 θερμὸν
3642 2887 3875 2963 ἐραστὴν

2257 2974 2349 3026 ούκ
2406 2973 2538 3046 εἶχε.
2595 2980 2695 3027 Kui
2743 2978 2886 3027 οὔπω
2941 2994 3003 3046 γε
3058 2980 3151 3034 τὴν
3200 2976 3250 3028 ἓν
3286 2972 3524 3049 δόγμασι
3561 2982 3649 3029 xui
3696 2982 3873 3032 πίστει

2254 3063 2384 3135 λέγω
2426 3068 2610 3135 σοφίαν
2645 3081 2659 3094 ⁶
2692 3071 2844 3116 τοῦτο
2893 3066 2995 3137 γὰρ
3049 3062 3167 3117 οὐδ’
3220 3066 3377 3127 αύτός
3428 3068 3554 3138 ἡμῖν
3603 3065 3872 3139 ἀμφισϐη-

2254 3160 2353 3203 τῶν
2402 3154 2594 3223 ὥφθης,
2655 3151 2762 3204 ἀλλ’
2831 3155 2929 3211 ὅση
2983 3156 3172 3227 κράτος
3225 3174 3281 3207 τε
3332 3154 3497 3226 λόγων
3561 3162 3652 3209 καὶ
3706 3156 3871 3229 ἰσχύν

2258 3242 2624 3314 θαυμάζεσθαι
2674 3246 2916 3315 παρέχει.
2982 3248 3099 3303 Πῶς
3150 3239 3237 3295 οὖν
3290 3240 3510 3305 ἰδιώτης
3562 3244 3812 3318 τῷλόγῳ
3854 3263 3868 3314 ;

2255 3332 2429 3406 ὥσπερ
2478 3336 2571 3383 xui
2605 3350 2633 3383 ‹‹
2670 3340 2769 3383 τῶν
2808 3331 3125 3405 ἁμαρτωλῶν
3168 3341 3374 3405 πρῶτος
3406 3350 3419 3364 ·
3456 3355 3484 3383 ››
3524 3335 3596 3396 ὡς
3633 3356 3662 3385 ι(
3703 3338 3871 3406 ἓσχα·

2254 3439 2337 3480 τος
2365 3428 2464 3471 τῶν
2498 3419 2820 3487 ἀποστόλων,
2866 3423 3107 3495 ἔκτρωμα
3154 3424 3357 3474 πάντων
3386 3433 3415 3466 ο
3447 3444 3475 3471 υ
3509 3439 3522 3455 ’
3557 3426 3627 3485 ὡς
3659 3442 3689 3474 (ι
3727 3442 3870 3496 περι-

2252 3507 2500 3582 κοίθαρμα
2555 3517 2646 3561 τοῦ
2697 3514 2899 3582 κόσμου
2929 3527 2942 3541 ·
2979 3532 3000 3559 ν
3036 3512 3105 3571 ὡς
3155 3533 3183 3560 ‹‹
3235 3516 3306 3583 μὴ
3354 3512 3422 3564 ὢν
3451 3523 3483 3566 ρ
3511 3511 3655 3574 οἱξιος
3693 3512 3871 3565 καλεῖ-

2256 3601 2379 3651 σθαι
2443 3597 2732 3660 ἀπόστολος
2783 3616 2795 3629 ·
2851 3620 2879 3649 ››
2925 3601 2991 3660 ὡς
3040 3621 3069 3650 ‹‹
3110 3603 3314 3653 πάντων
3366 3601 3644 3675 περίψημα
3674 3617 3687 3630 ·
3728 3624 3757 3651 ››
3796 3605 3867 3665 ὡς

2253 3690 2524 3760 «θέατρον
2583 3686 2820 3760 ἀγγέλοις
2866 3694 2955 3741 xui
3006 3686 3314 3764 ἀνθρώποις,
3356 3710 3385 3742 ››
3434 3695 3521 3750 Τίς
3554 3707 3567 3756 ;
3599 3690 3658 3743 Ὀ
3708 3687 3869 3744 δυνά·-

2250 3797 2399 3849 μενος
2450 3776 2499 3829 ἄν
2554 3775 2708 3850 βάρει
2757 3775 2885 3830 εἶναι
2946 3781 3010 3839 ὡς
3062 3786 3296 3853 Χριστοῦ
3345 3778 3679 3841 ἀπόστολος’
3712 3782 3739 3832 ὁ
3777 3800 3865 3833 πε-

2250 3870 2552 3940 ρισσότερον
2604 3869 2809 3919 πάντων
2861 3870 3144 3932 κοπιώσας,
3200 3869 3225 3919 ὁ
3263 3873 3354 3920 xui
3400 3873 3522 3943 πρὶν
3551 3869 3581 3928 ἡ
3623 3871 3719 3932 τὰς
3760 3888 3865 3934 μη-

2249 3958 2429 4029 τρικάς
2486 3952 2681 4017 ὠδῖνας
2729 3955 2909 4023 λῦσαι,
2965 3963 3036 4009 τῶ
3092 3965 3205 4028 Θεῷ
3259 3956 3614 4032 ἀφωρισμένος
3644 3975 3659 3989 ·
3700 3960 3727 4010 ὁ
3756 3967 3863 4011 τῶν

2251 4042 2478 4096 ἀθεάτων
2537 4045 2736 4115 θεατής,
2789 4050 2877 4098 xui
2932 4054 3030 4098 τῶν
3097 4045 3402 4121 ἀπορρήτων
3471 4052 3727 4109 κατήκοος
3759 4064 3772 4078 ⁸
3823 4050 3856 4107 ἡ

2248 4141 2319 4203 τῷ
2352 4140 2464 4204 Θεῷ
2498 4140 2731 4205 Χριστοῦ
2762 4131 2959 4187 εὐωδία
2994 4152 3008 4167 θ
3037 4136 3063 4187 ὀ
3096 4140 3190 4194 τὴν
3236 4139 3485 4209 νέκρωσιν
3514 4143 3606 4188 τοῦ
3655 4136 3858 4205 Ἰησοῦ,

2247 4220 2374 4274 ἀλλὰ
2428 4227 2518 4273 xui
2574 4227 2666 4280 τὴν
2719 4224 2858 4283 ζωὴν
2916 4222 2964 4276 ἐν
3012 4232 3083 4294 τῷ
3131 4230 3337 4296 σώματι
3379 4229 3683 4299 περιφέρων.
3723 4225 3864 4278 Ὠσ-

2245 4329 2338 4384 περ
2398 4306 2485 4362 οὖν
2538 4313 2794 4385 ἓκτρωμα,
2849 4317 2940 4365 καὶ
2991 4312 3288 4388 περίψημα,
3340 4318 3431 4366 xui
3485 4315 3717 4388 θέατρον,
3768 4320 3861 4368 xui

2243 4402 2629 4474 περικαθαρμα,
2686 4402 2711 4453 ὁ
2770 4403 3019 4464 τοσοῦτὸς
3071 4407 3161 4455 xui
3214 4402 3532 4471 τηλικοῦτος,
3578 4404 3717 4455 οὕτω
3769 4410 3862 4457 xui

482 4484 895 4541 moderatione
908 4490 963 4541 et
977 4502 1212 4541 morum
1226 4484 1505 4543 facilitate
1526 4489 1891 4544 admittebat.
1908 4488 2132 4560 Atquid

2254 4485 2461 4552 ἰδιώτης
2503 4472 2591 4561 τῷ
2639 4489 2794 4561 λόγῳ.
2852 4496 2953 4543 Καὶ
3016 4495 3119 4564 γὰρ
3173 4493 3388 4557 τούτων,
3444 4495 3511 4543 τὰ
3701 4490 3765 4551 ἦν
3794 4502 3859 4567 τῇ

481 4576 609 4629 tum
621 4573 891 4630 ‘lNumne
905 4575 963 4629 in
976 4574 1239 4631 humana
1255 4575 1545 4648 sapientia
1562 4576 1709 4631 ﬁdes
1724 4576 1963 4633 nostra?
1978 4577 2132 4633 Deus

480 4662 730 4720 meliora
745 4679 758 4729 ;
775 4663 877 4719 sed
891 4664 949 4718 in
962 4664 1227 4735 potentia
1242 4665 1361 4730 Dei,
1376 4680 1675 4738 perquam
1691 4665 1885 4721 idiotas
1904 4666 2128 4739 sapien-

480 4751 943 4808 tiaimbuuntur.
958 4753 1045 4807 An
1062 4768 1203 4823 ergo
1217 4754 1315 4809 Dei
1330 4754 1625 4825 sapientia
1638 4754 1802 4825 ethuj
1816 4771 1884 4809 us
1899 4756 2127 4822 mundi,

480 4845 536 4896 et
560 4841 899 4912 principum
924 4840 1051 4911 ejus
1070 4842 1363 4914 sapientia
1388 4843 1417 4898 ?
1437 4844 1573 4908 Quis
1590 4844 1703 4899 hoc
1733 4843 1946 4899 dixerit
1975 4844 2003 4899 ?
2023 4843 2131 4900 Ta-

476 4927 552 4983 lis
582 4928 741 4984 enim
773 4929 1065 5000 sapientia
1095 4947 1201 5003 per
1226 4932 1417 4987 crucis
1442 4932 1750 4989 stultitiam
1781 4938 2126 4990 evacuatur.

480 5018 808 5091 Impiorum
856 5018 1208 5089 dogmatum
1266 5025 1475 5091 terror,
1528 5022 1744 5077 erroris
1792 5022 2131 5079 auxiliatrix

478 5106 879 5181 plausibilitas
917 5110 1228 5176 sermonis,
1258 5109 1545 5181 implexio
1584 5112 1903 5168 artiﬁciosa
1948 5113 2132 5169 male-

2242 4578 2494 4649 ύπολήψει
2541 4587 2640 4631 τῶν
2688 4587 2777 4632 τοῦ
2828 4583 3184 4654 κηρύγματος,
3228 4585 3299 4653 μὴ
3346 4585 3617 4634 συνιέντων
3661 4587 3721 4634 τὸ
3758 4581 3862 4655 βοί-

2244 4668 2325 4728 θος
2357 4682 2370 4698 ⁶
2403 4670 2467 4721 τά
2507 4664 2565 4720 δὲ
2621 4673 2711 4721 καὶ
2761 4668 2951 4731 αύτούς
2999 4665 3204 4733 ἐδίδου,
3256 4672 3419 4742 φέρων
3466 4677 3528 4742 τῇ
3570 4679 3673 4722 τῶν
3714 4671 3860 4729 ἠθῶν

2239 4762 2539 4830 μετριότητι
2590 4762 2680 4809 καὶ
2741 4757 3007 4831 ἕπιεικείᾳ,
3065 4763 3128 4811 Τί
3180 4754 3268 4810 οὖν
3315 4774 3330 4826 ;
3377 4758 3458 4812 Ἐν
3530 4763 3691 4832 σοφίᾳ
3766 4760 3857 4813 ἂν·

2241 4848 2456 4918 θρώπων
2494 4849 2525 4905 ἡ
2580 4851 2763 4909 πίστις
2809 4849 2954 4920 ἡμῶν
2989 4864 3003 4915 ;
3036 4852 3122 4906 Μὴ
3164 4851 3360 4919 γένοιτο
3394 4867 3407 4880 ·
3443 4846 3549 4900 ἀλλ’
3596 4847 3646 4900 ἄν
3687 4846 3859 4903 δυνά-

2237 4955 2322 5008 μει
2367 4944 2521 5005 Θεοῦ,
2571 4934 2644 4989 δι’
2690 4937 2751 4999 ἧς
2790 4942 2879 4990 καὶ
2932 4933 3140 4990 ἰδιῶται
3194 4937 3518 5010 σοφίζονται.
3562 4943 3723 5009 Σοφία
3763 4936 3857 4992 οὖν

2238 5032 2371 5077 Θεοῦ
2410 5027 2440 5083 ἠ
2473 5033 2565 5078 τοῦ
2611 5026 2795 5089 αἰῶνος
2844 5030 3055 5088 τούτου,
3093 5031 3185 5079 xui
3236 5034 3337 5079 τῶν
3379 5026 3539 5079 αὐτοῦ
3576 5024 3855 5100 ἀρχόντων

2241 5120 2398 5188 σοφία
2428 5131 2443 5183 ;
2480 5120 2581 5169 Καὶ
2628 5119 2708 5179 τίς
2764 5116 2823 5168 ἀν
2863 5121 2987 5188 φαίη
3019 5123 3170 5171 τοῦτο
3203 5133 3217 5184 ;
3248 5115 3309 5169 Ἠ
3345 5118 3449 5191 γὰρ
3481 5118 3701 5175 τοιαύτη
3754 5135 3855 5169 σο-

1817 5291 2057 5353 VABIE
2098 5293 2496 5359 LECTIONES.

553 5431 711 5514 l__iu_.
748 5430 1038 5514 βποίησας.
1116 5439 1163 5475 ιη
1218 5435 1295 5487 iu.
1364 5434 1528 5493 ἐστίν.
1602 5445 1633 5476 ιι
1688 5434 1746 5491 C.
1814 5438 1967 5493 Mon.
2024 5435 2129 5492 553
2171 5432 2352 5499 ἰδίαις.
2418 5449 2445 5480 ο
2512 5439 2571 5495 C.
2642 5439 2789 5495 Mon.
2844 5437 2905 5494 C.
2957 5439 3030 5503 ὡς
3092 5439 3334 5514 ἔκτρωμα
3409 5438 3614 5491 πάντων
3695 5440 3854 5496 non.

495 5503 711 5569 omittit
735 5506 823 5567 ὼν.
