4136 6198
217 252 329 309 577

1294 257 1388 312 AD
1429 250 1982 310 AMPHILOCHIUM
2026 253 2353 322 QUESTIO
2394 259 2552 315 XCII.

3485 267 3591 324 578

221 385 316 452 φία
363 387 427 438 τῆ
489 385 579 431 τοῦ
629 387 858 454 σταυροῦ
909 384 1084 456 μωρίᾳ
1125 381 1316 454 μᾶλλον
1370 386 1719 456 κατήργηται.
1769 378 1826 431 Ἡ

1958 377 2285 439 'eriatorum
2317 384 2780 457 sophismatum,
2814 385 3016 442 anima
3047 387 3340 456 mortalis,
3372 405 3506 462 quae
3538 396 3596 446 et

221 473 323 518 τῶν
375 464 648 520 δυσσεϐῶν
692 465 969 541 δογμάτων
999 470 1188 535 πλάνη,
1240 472 1269 529 ἠ
1314 473 1508 533 ταύτης
1559 473 1830 543 ἐπίκουρος

222 556 611 628 πειθανολογία,
672 559 702 615 ἡ
762 558 923 616 πλοκὴ
974 564 1064 611 καὶ
1121 564 1280 632 τέχνη
1334 569 1434 612 τῶν
1486 559 1831 632 κακοσχόλων

227 650 592 718 σοφισμάτων,
648 648 806 706 θνητὴ
867 649 896 705 ἡ
943 647 1122 719 ψυχὴ,
1177 652 1257 702 ὅτι
1315 651 1692 722 συμμερίξεται
1745 652 1830 700 καὶ

229 739 546 808 συμπάσχει
603 743 674 806 τῷ
737 742 977 808 σώματυ
1011 738 1101 789 οῦκ
1161 741 1274 810 ἔχει
1328 742 1648 814 Δημιουργόν
1690 740 1833 790 ὁκό-

230 843 362 896 σμος
398 843 410 855 ⁸
447 826 526 876 ὅτι
568 824 674 896 ούχ
721 827 893 899 ὥσπερ
936 829 995 879 τὸ
1025 834 1150 899 πῦρ,
1196 825 1350 879 ἐθέλει
1380 824 1504 880 οὐδὲ
1541 831 1598 879 τό
1630 824 1772 901 ὕδωρ
1804 839 1834 881 (1

229 915 478 987 φέρεσθαι
506 930 518 942 ·
563 918 728 975 κοινός
777 915 801 966 6
843 917 1032 988 γάμος,
1079 917 1158 968 ὅτι
1200 916 1392 988 μᾶλλον
1430 918 1591 978 οὕτως
1624 919 1653 975 ἡ
1687 916 1836 979 πόλις

230 1003 574 1074 φιλάλληλος·
608 1003 662 1055 ἐκ
715 1012 814 1055 τῶν
869 1014 1056 1080 νεκρῶν
1104 1008 1152 1057 οἱ
1210 1005 1396 1068 ζῶντες
1428 1024 1440 1036 ο
1475 1011 1561 1058 καὶ
1623 1009 1724 1081 γὰρ
1782 1009 1836 1058 ἐκ

227 1101 323 1144 τοῦ
366 1094 620 1145 ἱστασθαι
666 1094 992 1165 καθεζόμεθα
1019 1112 1030 1124 ·
1065 1094 1279 1157 πολλοὺς
1337 1093 1396 1147 δὲ
1440 1091 1523 1147 δεῖ
1564 1100 1652 1147 καὶ
1697 1097 1838 1155 θεοὺς

229 1179 383 1247 εἶναι,
441 1184 521 1234 ὅτι
581 1181 783 1234 πλείονα
837 1186 902 1235 τά
952 1187 1320 1256 προνοούμενοι,
1385 1189 1474 1236 καὶ
1518 1184 1686 1254 φόϐος,
1746 1205 1838 1236 κα-

229 1278 346 1342 μεῖν
386 1273 473 1323 τὸν
521 1272 624 1336 ἕνα,
667 1279 728 1344 τῇ
788 1280 932 1344 κοινῇ
984 1270 1221 1346 φροντίδι
1267 1271 1706 1345 ἐνασχολούμενον
1755 1289 1766 1300 ⁶
1804 1274 1833 1332 ἦ

230 1362 315 1412 ὅτι
368 1363 454 1412 τόν
512 1368 715 1433 πρῶτον
770 1359 964 1432 ἀνάγκη
1015 1365 1180 1415 πείθει
1217 1365 1471 1434 παράγειν
1499 1359 1839 1414 καταδεέστε-

231 1469 344 1522 ρον,
413 1450 494 1500 ἵνα
546 1454 617 1522 μὴ
673 1457 764 1510 τῆς
817 1449 992 1522 ἀρχῆς
1062 1454 1360 1525 περιαιρεθῇ
1426 1455 1483 1503 τὸ
1541 1455 1836 1522 προνόμιον.

234 1542 326 1590 καὶ
383 1541 469 1590 τὸν
520 1534 757 1612 δεύτερον
814 1539 968 1591 πάλιν
1020 1541 1281 1612 ὑφειμένον
1330 1539 1499 1605 ἄλλον,
1551 1546 1640 1592 καὶ
1688 1547 1840 1592 τοῦτο

237 1625 310 1688 εἰς
360 1626 570 1700 ἄπειρον
600 1643 613 1656 ·
643 1629 710 1678 τά
756 1630 906 1700 μωρά
958 1636 1123 1680 ταῦτα
1175 1633 1265 1680 καὶ
1327 1634 1614 1704 παρανοίας
1679 1627 1843 1700 ἰσχά-

1941 469 2279 541 dispertitur
2302 479 2358 528 et
2385 475 2746 546 compatitur
2763 491 2900 530 cum
2927 491 3176 547 corpore
3197 495 3215 548 ;
3239 477 3402 549 quod
3425 494 3597 534 mun-

1941 559 2046 612 dus
2076 559 2350 632 opiﬁcem
2378 579 2498 619 non
2529 563 2710 620 habet
2734 564 2901 636 quod
2930 580 3050 620 non
3082 566 3596 637 quemadmodum

1942 647 2115 717 ignis,
2153 648 2234 706 ita
2265 655 2320 706 et
2356 667 2516 724 aqua
2555 652 2690 708 ferri
2719 670 2958 709 sursum
2993 653 3151 718 velit,
3191 655 3355 725 quod
3398 657 3599 711 matri-

1943 739 2213 794 monium
2237 755 2557 796 commune
2583 741 2674 808 sit,
2699 758 2769 798 co
2797 743 2961 814 quod
2983 743 3096 799 hoc
3118 749 3294 815 pacto
3319 744 3512 814 magis
3536 759 3599 800 se

1944 833 2146 880 mutuo
2177 834 2378 884 ament
2403 829 2558 885 cives
2588 847 2602 884 :
2635 829 2797 902 quod
2831 847 2860 885 e
2885 831 3134 886 mortuis
3162 831 3298 899 vivi,
3332 847 3470 888 cum
3496 832 3601 904 qui

1945 913 2434 985 consistebamus,
2476 918 2832 984 sedeamus;
2863 919 3150 990 plurimos
3188 925 3420 992 oportet
3456 921 3602 977 deos

1945 1019 2093 1067 esse,
2118 1019 2247 1059 cum
2280 1004 2450 1076 plura
2476 1007 2591 1062 sint
2611 1023 2747 1080 quae
2773 1008 3250 1080 praevideantur:
3277 1015 3332 1064 et
3355 1015 3604 1065 metuen-

1946 1091 2092 1148 dum
2138 1093 2230 1158 sit,
2261 1111 2334 1149 ne
2381 1097 2630 1160 unus,si
2678 1097 2950 1153 omnium
2995 1099 3300 1153 communi
3345 1115 3488 1155 cura
3516 1099 3606 1154 in-

1947 1181 2171 1251 viliget,
2214 1182 2518 1239 defatiscat
2548 1201 2562 1250 ;
2597 1190 2698 1241 aut
2734 1185 2899 1257 quod
2941 1185 3216 1258 princeps
3257 1188 3604 1244 necessitate

1947 1269 2225 1339 adigitur,
2258 1287 2395 1327 cum
2426 1289 2548 1328 non
2581 1273 2835 1329 sufﬁciat
2864 1274 3012 1346 ipse,
3043 1275 3222 1331 alium
3255 1277 3605 1347 superindu-

1949 1373 2099 1427 cere,
2148 1375 2222 1414 ne
2266 1361 2604 1433 principatu
2649 1379 2758 1417 suo
2800 1363 3082 1435 privetur,
3111 1371 3167 1420 et
3215 1364 3607 1420 secundarius

1949 1447 2054 1503 iste
2083 1448 2366 1505 deficiens
2399 1451 2604 1515 alium,
2643 1457 2820 1524 atque
2850 1453 2931 1508 ita
2961 1451 3022 1508 in
3064 1452 3362 1509 inﬁnitum
3394 1454 3609 1510 :stulta

1950 1541 2087 1592 sunt
2111 1537 2191 1593 ita
2217 1543 2269 1592 et
2303 1539 2609 1596 stultitiam
2641 1557 2880 1596 omnem
2921 1542 3281 1606 excedentia,
3315 1559 3450 1615 quae
3479 1543 3605 1600 ani-

1951 1642 2116 1682 mam
2143 1627 2356 1683 decent
2393 1644 2600 1685 revera
2638 1629 2972 1699 mortalem,
3005 1635 3062 1687 et
3098 1632 3350 1687 cicutam
3383 1648 3611 1688 meren-

235 1733 336 1775 της
389 1713 637 1776 ἐπέκεινα,
679 1721 769 1768 καὶ
823 1715 1006 1788 ψυχῆς
1059 1721 1216 1779 ὅντως
1264 1719 1450 1779 θνητῆς
1478 1724 1568 1770 καὶ
1606 1725 1696 1770 τοῦ
1739 1738 1844 1769 κω-

1958 1719 2064 1771 tur.
2098 1717 2261 1772 Hanc
2289 1717 2499 1773 mundi
2519 1717 2689 1773 istius
2713 1719 3064 1791 sapientiam
3092 1720 3326 1788 Paulus,
3350 1720 3448 1792 qui
3476 1736 3611 1776 vere

233 1809 374 1856 νείου
423 1804 564 1866 ἄξια.
624 1807 828 1864 Ταύτην
888 1813 980 1857 τοῦ
1029 1806 1212 1867 αἰῶνος
1257 1811 1350 1864 τὴν
1401 1812 1603 1879 σοφίαν,
1643 1807 1844 1872 Παῦλος

235 1895 262 1944 6
290 1896 358 1944 τὰ
388 1894 499 1944 θεῖα
546 1901 618 1963 τῷ
664 1898 771 1946 ὄντι
826 1897 982 1964 σοφὸς
1029 1899 1118 1946 καὶ
1150 1898 1215 1947 τά
1262 1893 1579 1969 ἀνθρώπινα,
1621 1893 1715 1949 διὰ
1752 1905 1847 1955 τῆς

237 1980 288 2033 ἐν
341 1987 618 2055 μυστηρίῳ
667 1989 800 2036 Θεοῦ
855 1988 1038 2054 σοφίας
1084 1992 1175 2045 τῆς
1237 1984 1536 2057 οἰκουμένης
1592 1984 1842 2051 ἀπήλασε,

237 2075 330 2123 καὶ
379 2073 472 2131 τάς
528 2079 628 2122 τῶν
676 2079 872 2124 πιστῶν
914 2069 1152 2133 διανοίας
1200 2071 1424 2135 ἀϐάτους
1463 2073 1592 2146 αύτῇ
1634 2079 1844 2132 συνετή-

237 2179 426 2232 ρησεν.
462 2159 521 2212 Ἦ
554 2163 768 2218 τοιαύτη
823 2165 998 2233 σοφία,
1031 2165 1204 2235 μωρία
1250 2165 1394 2236 παρὰ
1432 2171 1502 2233 τῷ
1553 2171 1666 2234 Θεῷ
1697 2181 1708 2192 ·
1749 2172 1847 2214 τῶν

237 2252 407 2322 ταύτῃ
450 2258 620 2322 σοφῶν
669 2252 718 2302 οἱ
759 2249 1004 2322 λογισμοὶ
1057 2253 1291 2322 μάταιοι,
1348 2257 1436 2304 καὶ
1485 2260 1598 2314 ταῖς
1637 2253 1848 2313 οἰκείαις

241 2343 588 2413 πανουργίαις
645 2339 995 2408 ἁλισκόμενοι,
1052 2348 1122 2410 τῷ
1210 2340 1354 2411 ἁπλῷ
1428 2349 1524 2403 τῆς
1604 2340 1846 2404 ἀληθείας

239 2427 380 2498 λόγῳ
436 2424 903 2501 περιδράσσονται.
965 2432 1190 2494 Ταύτην,
1249 2431 1420 2504 ὥσπερ
1474 2430 1653 2501 πάλαι,
1715 2431 1849 2483 οὕτω

244 2513 314 2575 δή
369 2521 458 2568 καὶ
519 2537 626 2583 νυν,
678 2517 815 2580 ἄπας
854 2517 1072 2580 εὐσεϐὴς
1115 2514 1360 2571 διαπτύει
1398 2519 1646 2592 λογισμός
1686 2539 1698 2551 ·
1732 2524 1850 2581 τοὺς

243 2609 474 2679 μακρούς
503 2605 713 2678 λήρους,
766 2608 832 2658 τά
879 2605 1091 2678 ψυχικά
1130 2605 1398 2682 βάραθρα,
1450 2612 1515 2661 τά
1553 2617 1642 2661 τοῦ
1689 2616 1850 2667 [Ιονη-

241 2702 341 2766 ροῦ
409 2696 662 2769 θήρατρα,
724 2699 782 2747 τό
844 2699 978 2767 μέγα
1032 2704 1125 2757 τῆς
1178 2697 1433 2759 ἀπωλείας
1483 2697 1845 2772 ἐργαστήριον.

243 2790 358 2836 Τῶν
407 2779 469 2836 δέ
520 2803 580 2854 γε
625 2785 871 2859 ῥημάτων
919 2789 1008 2837 καὶ
1056 2794 1151 2846 τῆς
1204 2783 1278 2837 δι’
1326 2786 1493 2838 αύτων
1527 2789 1785 2848 συνθήκης
1814 2790 1844 2846 ἠ

245 2872 484 2945 ὀρθότης,
543 2877 596 2924 τί
667 2873 970 2945 λυμαίνεται
1026 2882 1087 2946 τῇ
1162 2873 1442 2947 εύσεϐείᾳ;
1483 2880 1596 2928 τίνα
1649 2875 1848 2948 βλάϐην

246 2966 388 3034 φέρει
439 2969 550 3023 τοῖς
603 2967 940 3035 χρωμένοις;
984 2967 1110 3035 πρὸς
1165 2967 1317 3015 ποίαν
1387 2963 1716 3025 ὑποσκελίζει
1765 2985 1851 3036 μι-

1954 1804 2228 1877 sapiebat
2255 1805 2480 1870 divina,
2508 1811 2562 1862 et
2587 1807 2885 1863 humanas
2906 1807 3046 1864 istas
3067 1809 3453 1880 cogitationes
3485 1825 3521 1864 a
3548 1825 3614 1866 se

1955 1893 2276 1961 alienabat,
2309 1898 2364 1950 et
2403 1896 2627 1950 mundo
2654 1895 2945 1966 ejiciebat,
2978 1901 3221 1968 propter
3253 1897 3613 1970 sapientiam

1958 1982 2054 2038 Dei
2080 1983 2136 2036 in
2160 1983 2462 2054 mysterio,
2493 1983 2758 2039 ﬁdelium
2781 1984 3167 2055 cogitationes
3188 1985 3265 2040 illi
3293 1986 3614 2058 impervius

1957 2069 2143 2126 voluit
2179 2071 2496 2126 custodire.
2527 2071 2681 2127 Talis
2724 2073 3017 2144 sapientia
3056 2074 3173 2129 Deo
3213 2075 3452 2130 stultitia
3486 2079 3610 2130 est:

1957 2159 2294 2230 sapientum
2320 2159 2712 2230 cogitationes
2738 2177 2927 2228 vanae,
2947 2162 3203 2234 propriis
3219 2163 3614 2235 apprehensus

1959 2248 2506 2304 machinationibus
2525 2265 2629 2321 per
2646 2249 2977 2322 simplicem
3000 2251 3260 2306 veritatis
3277 2267 3613 2307 sermonem

1957 2336 2372 2408 decerpantur.
2423 2339 2583 2394 Hanc
2631 2343 2695 2394 ut
2733 2338 2898 2405 olim,
2927 2340 3005 2395 ita
3043 2344 3097 2395 et
3141 2355 3299 2395 nunc
3334 2339 3617 2412 quaelibet

1959 2441 2094 2480 cum
2127 2426 2342 2498 pietate
2369 2427 2689 2498 conjuncta
2717 2428 2864 2483 ratio
2896 2429 3119 2500 respuit
3151 2428 3387 2484 :deliria
3412 2428 3611 2498 longa,

1960 2514 2298 2569 animarum
2313 2515 2614 2581 barathra,
2631 2516 2855 2572 diaboli
2872 2533 2979 2571 ven
2990 2517 3162 2586 atica,
3183 2532 3467 2587 magnam
3487 2531 3613 2571 ma-

1958 2601 2154 2658 lorum
2186 2602 2502 2660 ofﬁcinam.
2535 2605 2606 2660 At
2640 2605 2788 2676 quid
2828 2605 3150 2661 verborum
3191 2613 3349 2662 recta
3383 2621 3615 2677 compo-

1959 2690 2091 2747 sitio
2117 2692 2425 2748 veritatem
2455 2692 2617 2748 laedit
2645 2691 2674 2748 ?
2703 2694 2860 2765 quod
2900 2693 3194 2750 damnum
3239 2695 3412 2750 infert
3447 2694 3612 2750 adhi-

1957 2780 2257 2846 bentibus,
2285 2797 2465 2853 quem
2499 2781 2591 2837 vel
2621 2798 2909 2851 magnum
2937 2783 3030 2838 vel
3062 2799 3313 2855 parvum
3354 2799 3612 2839 errorem

1959 2869 2407 2941 supplantando
2433 2869 2707 2926 inducit?
2731 2871 2786 2928 Si
2821 2876 3095 2927 naturam
3129 2872 3231 2943 qui
3273 2871 3455 2938 finxit,
3488 2872 3615 2942 ipse

1958 2957 2299 3027 linguarum
2343 2958 2571 3025 artifex,
2617 2958 2773 3014 unde
2811 2959 2975 3014 haud
3009 2975 3377 3032 consequens
3403 2958 3529 3024 erit,
3554 2965 3616 3012 ut

243 3051 376 3124 κράν
408 3050 436 3108 ἦ
489 3050 717 3122 μεγάλην
749 3049 942 3108 πλάνην
977 3067 990 3118 ;
1026 3051 1083 3104 Εἰ
1137 3047 1186 3103 δ’
1246 3053 1271 3103 6
1319 3060 1415 3114 τῆς
1470 3055 1671 3124 φύσεως
1723 3053 1842 3106 πλά-

1961 3046 2063 3118 qui
2093 3045 2350 3118 potiores
2393 3045 2671 3118 discipuli
2703 3048 2995 3103 sermonis
3035 3053 3192 3113 sunt,
3238 3047 3614 3104 convenienti

248 3157 400 3202 στης,
453 3137 606 3200 αὐτὸς
657 3144 746 3191 καὶ
798 3148 897 3191 τῶν
947 3138 1256 3210 γλωσσῶνό
1302 3145 1563 3212 τεχνίτης,
1598 3150 1707 3204 πῶς
1757 3141 1850 3193 οὐκ

245 3229 391 3279 ἐστιν
423 3225 722 3294 ἀκόλουθον,
777 3227 968 3299 μᾶλλον
1015 3232 1133 3290 τούς
1185 3231 1422 3301 μαθητὰς
1468 3238 1565 3281 ταῦ
1595 3229 1750 3302 λόγου
1779 3239 1851 3302 τῷ

245 3318 535 3374 καθήκοντι
583 3319 883 3390 κεχρῆσθαι
937 3316 1075 3389 λόγῳ
1105 3335 1118 3385 ;
1152 3319 1354 3370 Ούκοῦν
1402 3319 1461 3372 ού
1509 3318 1852 3392 προσελάϐετο

245 3407 484 3477 μαθητὰς
523 3408 548 3458 6
589 3409 816 3479 Χριστός
866 3403 1099 3470 ἰδιώτας,
1152 3412 1241 3460 καὶ
1297 3408 1529 3475 μάλιστα
1576 3413 1731 3481 φαίην
1792 3408 1852 3461 ἂν

247 3497 423 3566 ἔγωγε,
482 3499 568 3546 καὶ
621 3494 664 3547 εί
703 3493 878 3567 βούλει
927 3515 1005 3566 γε,
1059 3501 1148 3548 καὶ
1196 3504 1294 3548 τῶν
1346 3497 1566 3568 ἰχθύων,
1600 3497 1689 3559 οῦς
1731 3497 1852 3556 ἐθή-

247 3602 374 3657 ρων,
435 3585 784 3656 ἀφωνοτέρους
831 3601 843 3614 ⁸
901 3583 1010 3636 ἀλλ’
1057 3588 1228 3657 ὥσπερ
1289 3583 1517 3651 ἰδιώτας,
1577 3587 1711 3638 οῦτω
1764 3591 1854 3638 καὶ

249 3671 490 3734 τελώνας,
555 3678 644 3725 καὶ
696 3672 877 3738 ἁλιεῖς,
931 3679 1059 3746 μήτι
1132 3674 1349 3735 τελώνας
1396 3676 1424 3734 ᾖ
1491 3675 1705 3727 ἁλιεύειν
1760 3673 1855 3726 ἀπ-

248 3761 411 3826 έλιπε,
445 3767 534 3814 καὶ
582 3770 682 3815 ποῦ
739 3770 890 3815 τοῦτο
951 3764 1264 3835 θαύματοςῆ
1295 3773 1387 3825 τῆς
1421 3771 1655 3838 Χριστοῦ
1700 3761 1855 3817 δυνά-

247 3871 386 3922 μεως
435 3850 578 3912 άξιον
624 3868 637 3918 ;
690 3858 807 3913 Πῶς
847 3848 897 3904 δ’
949 3854 1010 3903 ἄν
1053 3872 1133 3914 τις
1191 3849 1424 3926 διαδύση
1481 3857 1566 3905 τόν
1621 3852 1703 3905 ἐπὶ
1755 3862 1854 3904 τῶν

248 3939 414 4010 ἔργων
447 3939 614 3990 αὐτῶν
668 3941 880 4011 ἔλεγχον
922 3959 935 4008 ;
979 3940 1159 4001 Οὕτως
1206 3937 1292 3993 οὖν
1348 3938 1462 3993 οὐδ’
1509 3941 1581 4004 εἰς
1639 3939 1856 4003 ἰδιώτας

250 4025 468 4096 ἀφῆκεν,
547 4027 636 4088 οῦς
707 4028 892 4080 ἐκεῖθεν
949 4029 1288 4102 προσείληφεν
1334 4047 1345 4059 ’
1391 4029 1500 4082 ἀλλ’

250 4115 453 4181 ἀλιέων,
510 4116 668 4180 ἁλιεῖς
729 4116 1025 4170 ἀπετέλεσεν
1077 4117 1378 4193 ἀνθρώπων.
1434 4140 1456 4170 (ι
1501 4127 1670 4185 Δεῦτε,
1729 4123 1852 4194 γὰρ,

250 4212 435 4279 φησὶν,
485 4206 654 4260 ὀπίσω
705 4227 805 4280 μου
853 4213 942 4260 καὶ
993 4213 1200 4266 ποιήσω
1256 4211 1391 4282 ὑμᾶς
1446 4208 1601 4270 ἁλιεῖς
1653 4208 1856 4282 ἀνθρώ-

248 4315 362 4347 πων
396 4312 409 4324 ·
438 4315 465 4349 ))
512 4294 624 4349 ἀντὶ
671 4295 896 4348 τελωνῶν
942 4293 1020 4365 δὲ,
1069 4297 1261 4368 ψυχῶν
1314 4299 1707 4371 χειμαζομένων
1759 4318 1858 4350 σω-

1576 4029 1689 4082 ἀντὶ
1764 4035 1854 4103 μὲν

1961 3151 2234 3191 sermone
2284 3139 2540 3191 utantur.
2591 3135 2733 3191 ldeo
2781 3136 3108 3208 discipulos
3155 3136 3369 3192 idiotas
3407 3135 3617 3191 ascivit

1963 3225 2220 3282 Christus
2271 3224 2514 3280 omnino
2559 3225 2974 3289 concesserim,
3013 3230 3069 3281 et
3113 3226 3162 3280 si
3209 3225 3370 3290 velis,
3422 3225 3614 3295 magis

1961 3331 2146 3387 quam
2174 3319 2342 3369 erant
2367 3313 2584 3384 pisces,
2612 3329 2768 3385 quos
2795 3314 3131 3386 capiebant,
3153 3319 3344 3370 mutos
3369 3333 3380 3373 :
3406 3329 3616 3370 verum

1962 3410 2025 3459 ut
2062 3403 2296 3470 idiotas,
2338 3403 2418 3458 ita
2467 3402 2818 3474 publicanos
2865 3408 2921 3458 et
2960 3405 3301 3475 piscatores,
3345 3403 3452 3476 qui
3508 3418 3618 3458 nec

1963 3492 2267 3566 publicani
2297 3496 2512 3561 essent,
2549 3507 2654 3547 nec
2694 3491 3017 3563 piscatores
3047 3491 3414 3560 desinebant,
3449 3491 3618 3565 quod

1966 3582 2185 3638 mirum
2235 3585 2380 3650 erat,
2427 3580 2528 3636 sed
2585 3580 2848 3653 potentia
2897 3581 3102 3637 Christi
3151 3581 3425 3651 dignum.
3467 3583 3616 3647 Quo-

1965 3671 2147 3727 modo
2163 3669 2296 3742 quis
2313 3669 2390 3726 ab
2408 3669 2689 3741 operibus
2711 3670 3141 3726 convictionem
3155 3669 3401 3741 effugiat
3419 3671 3448 3727 ?
3466 3670 3619 3726 Inter

1963 3760 2181 3816 idiotas
2207 3775 2327 3814 non
2358 3758 2602 3830 dimisit,
2631 3775 2785 3830 quos
2815 3759 3035 3814 abinde
3065 3759 3330 3825 admisit,
3361 3759 3464 3814 sed
3508 3775 3618 3832 pro

1964 3848 2367 3922 piscatoribus
2422 3847 2748 3919 piscatores
2805 3847 2942 3904 fecit
2999 3848 3618 3920 hominum;nempe,

1967 3959 1996 3991 «
2027 3938 2248 4006 Venite,
2275 3937 2432 3992 enim
2455 3936 2660 4008 inquit,
2686 3941 2822 4007 post
2841 3953 2958 4002 me,
2983 3942 3040 3992 et
3060 3937 3274 3993 faciam
3294 3953 3396 3992 vos
3419 3937 3619 4009 pisca-

1965 4032 2120 4083 tores
2134 4025 2450 4080 hominum
2475 4027 2520 4060 ¹²
2545 4041 2558 4088 ;
2585 4044 2613 4076 ››
2630 4041 2737 4095 pro
2753 4025 3108 4097 publicanis,
3128 4027 3462 4081 animarum
3480 4031 3621 4080 tem-

1966 4113 2292 4188 pestatibus
2327 4114 2685 4184 jactatarum
2735 4117 3066 4170 servatores
3101 4119 3198 4182 ;et
3242 4130 3352 4184 pro
3400 4113 3617 4178 idiotis,

1969 4203 2176 4260 mundi
2204 4205 2496 4268 doctores,
2528 4202 2802 4274 impletos
2827 4203 3031 4258 divina
3055 4206 3113 4260 et
3143 4202 3359 4259 cmlesti
3387 4203 3620 4274 sapien-

1969 4294 2046 4349 tia
2075 4311 2092 4364 ;
2126 4308 2254 4358 nec,
2295 4291 2394 4346 ubi
2431 4297 2554 4347 erat
2589 4306 2764 4362 opus,
2800 4291 3070 4347 humana
3104 4291 3402 4364 sapientia
3443 4292 3624 4347 desti-

250 4391 417 4457 τῆρας
457 4401 469 4413 ⁶
503 4390 591 4438 καὶ
645 4383 759 4437 ἀντὶ
801 4381 1043 4452 ἰδιωτῶν,
1086 4394 1178 4448 τῆς
1237 4387 1540 4458 οἰκουμένης
1596 4384 1847 4440 διδασκά-

1968 4387 2146 4438 tutos.
2181 4384 2343 4438 Certe
2373 4379 2531 4434 enim
2583 4395 2720 4434 cum
2765 4379 2994 4446 Stoicis,
3038 4397 3174 4436 cum
3223 4380 3540 4451 Epicureis,
3568 4385 3624 4437 et

250 4473 391 4539 λους,
437 4481 532 4535 τῆς
580 4493 634 4527 τε
679 4476 820 4535 θείας
886 4480 974 4526 καὶ
1030 4479 1267 4548 οὐρανίου
1329 4481 1513 4548 σοφίας
1566 4476 1856 4548 ἐμπλήσας,

250 4565 345 4614 καὶ
386 4571 479 4624 τῆς
535 4561 876 4635 ἀνθρωπίνης,
924 4565 1053 4616 ὅπου
1104 4569 1262 4638 χρεία
1309 4565 1473 4630 καλεῖ,
1514 4562 1664 4618 οὐδὲν
1712 4568 1860 4618 ύστε-

251 4655 533 4725 ρουμένους
587 4649 869 4724 ἀποφήνας.
931 4656 1071 4705 Ἐπεὶ
1111 4663 1218 4716 πῶς
1267 4661 1520 4716 Στωϊκοῖς,
1562 4663 1669 4717 πῶς
1722 4654 1861 4708 Ἐπι-

253 4743 532 4813 κουριίοις,
591 4748 702 4802 πῶς
752 4745 968 4815 μυρίαις
1030 4742 1209 4804 οῦκλαις
1274 4742 1504 4805 πλάναις,
1553 4745 1636 4794 ἐπὶ
1691 4742 1860 4815 λόγοις

252 4833 395 4902 μέγα
459 4832 619 4902 ὄνομα
671 4829 970 4898 λιπούσαις,
1021 4834 1156 4884 κατά
1207 4831 1391 4903 λόγους
1445 4829 1856 4896 συνεπλέκοντο;

249 4925 367 4978 πῶς
405 4919 430 4969 6
456 4926 546 4970 τοῦ
575 4917 731 4991 λόγου
773 4916 988 4993 δρόμος,
1029 4926 1118 4973 καὶ
1169 4929 1267 4972 τῶν
1310 4921 1555 4996 ῥημάτων
1596 4922 1625 4978 ή
1661 4923 1855 4993 εὔροια,

254 5002 732 5081 συνδεδραμηκότα
805 5018 877 5080 τῷ
958 5011 1204 5082 θαύματι,
1278 5009 1474 5083 Ἑρμῆν
1547 5011 1856 5082 νομισθῆναι

257 5099 348 5148 τὸν
401 5096 600 5150 Παῦλον
658 5105 769 5160 τοῖς
824 5097 1105 5171 ἀκροαταῖς
1167 5101 1572 5172 παρεσκεύασε,
1605 5103 1693 5150 καὶ
1753 5101 1858 5170 εἴγε

253 5189 333 5258 μὴ
364 5187 566 5258 φθάσας
610 5186 786 5254 αὐτὸς,
831 5190 952 5251 τοὺς
996 5195 1229 5260 χιτῶνας
1267 5183 1536 5260 διέσχισε,
1563 5193 1652 5241 καὶ
1703 5191 1858 5261 γέρας

330 5356 378 5390 ¹²
412 5355 609 5414 Matth.
649 5373 727 5426 xv,
771 5359 857 5415 l9.

1970 4470 2257 4527 sexcentis
2306 4468 2436 4523 aliis
2484 4467 2783 4523 erroribus
2832 4469 3156 4537 congressi,
3207 4484 3346 4523 cum
3392 4469 3623 4524 celebre

1971 4574 2191 4615 nomen
2223 4558 2298 4614 ob
2327 4555 2722 4612 eruditionem
2751 4562 2916 4612 erant
2945 4557 3264 4627 consecuti,
3299 4557 3624 4612 verborum

1970 4665 2199 4712 cursus,
2241 4650 2296 4702 et
2333 4645 2663 4701 dictionum
2703 4645 2918 4701 ﬂuvius
2976 4645 3264 4702 miraculo
3304 4646 3625 4716 conjuncta

1970 4739 2344 4807 ferebantur;
2375 4740 2432 4792 et
2472 4735 2716 4791 Paulum
2759 4753 2868 4808 pro
2910 4735 3190 4792 Mercurio
3230 4737 3424 4808 putari
3465 4737 3626 4808 apud

1969 4828 2263 4884 auditores
2295 4825 2608 4888 faciebant,
2648 4826 2812 4897 quod
2845 4825 2893 4880 si
2926 4825 3053 4897 ipse
3097 4825 3420 4880 diloricatis
3461 4826 3628 4881 vesti-

1967 4919 2080 4974 bus
2106 4932 2209 4972 eos
2238 4931 2355 4970 non
2384 4914 2791 4987 praavenisset,
2822 4914 2880 4969 in
2905 4915 3197 4970 honorem
3227 4915 3358 4986 ejus
3385 4914 3630 4986 publica

1967 5005 2257 5062 sacriﬁcia
2286 5001 2486 5059 oblata
2512 5008 2726 5058 essent.
2767 5002 2921 5059 Mitto
2953 5003 3010 5058 in
3058 5003 3334 5074 praesenti
3365 5003 3485 5058 vim
3515 5003 3628 5058 sub

1965 5111 2152 5151 manu
2177 5103 2384 5150 natam
2416 5091 2726 5158 sermonis,
2758 5108 2893 5164 qum
2920 5092 2980 5146 in
3008 5091 3299 5158 Ecclesiis,
3335 5091 3495 5164 apud
3525 5107 3628 5164 po-

1964 5184 2197 5257 pulum,
2228 5197 2338 5256 pro
2362 5179 2682 5252 Tribunali,
2712 5181 2770 5236 in
2802 5179 3145 5237 Judaeorum
3179 5181 3532 5254 Synagogis,
3567 5179 3629 5239 in

1594 5464 1826 5520 VARLE
1875 5459 2277 5519 LECTIONES.

339 5581 368 5626 (1
397 5570 474 5624 ἶσ.
516 5565 658 5626 add.
701 5566 824 5619 ἄνω.
862 5559 926 5620 C.
967 5566 1036 5621 Μ.
1072 5565 1225 5621 sicut
1254 5565 1311 5620 in
1350 5569 1528 5621 textu.
1569 5642 1586 5648 α

562 5665 799 5721 Parnm“
842 5663 947 5721 Gn.
988 5663 1055 5719 Cl
1068 5703 1082 5720 .

3278 5657 3344 5720 ις)
