4136 6198
536 308 640 368 579

1870 301 2108 362 PHOTII
2150 303 2636 361 PATBIARCHXE
2675 303 2782 362 CP.

3784 305 3897 361 580

531 437 680 501 foro,
727 451 865 492 cum
895 433 1150 500 doceret,
1193 433 1529 505 corriperet,
1571 431 1941 498 admoneret,
1985 447 2048 486 se
2087 429 2172 485 de-

2293 429 2354 481 ἃν
2408 432 2460 482 αἱ
2517 432 2639 482 θεῶν
2700 431 2835 501 αύτῷ
2889 431 3070 482 θυσίαι
3137 425 3437 500 δημοτελῶς
3503 434 3912 504 προσεφέροντο,

530 526 814 590 fenderet,
870 523 1301 587 testificaretur,
1350 537 1486 593 quae
1539 521 1775 586 viritim,
1817 522 2180 585 catervatim,

531 614 689 685 apud
717 613 964 685 judices,
999 611 1421 684 sycophantas.
1456 611 1770 676 Quomodo
1802 611 2056 666 dicendo
2095 625 2182 664 re-

529 719 666 773 gem
717 705 1019 758 Juaaorum
1068 700 1302 765 allicuit,
1337 700 1418 756 ita
1466 704 1529 755 ut
1575 703 1807 755 tantum
1858 715 1979 754 non
2033 699 2184 753 inter

528 791 892 848 Christianos
933 794 1289 854 censeretur,
1342 789 1389 843 si
1429 803 1550 844 non
1603 789 1770 859 regni
1807 794 1863 843 et
1902 803 2184 860 purpurae

527 881 774 946 inflatio,
817 897 951 952 quae
993 879 1192 934 multis
1239 877 1541 934 multoties
1593 877 1805 933 lethale
1843 877 2060 932 vulnus
2100 876 2184 930 in-

525 970 748 1037 ﬂixere,
780 969 1211 1041 impedimento
1257 967 1463 1023 fuisset
1490 967 1565 1023 ad
1601 968 1875 1023 effectum
1915 967 2183 1038 operatio

523 1071 786 1130 nemque
812 1056 992 1112 verbi.
1020 1059 1088 1112 Ut
1115 1055 1532 1128 proloquendo
1572 1055 1940 1127 compescuit
1965 1054 2185 1109 clamo-

526 1159 623 1198 sos
649 1149 705 1198 et
730 1143 789 1198 in
821 1158 884 1197 se
911 1142 1261 1205 concitatos,
1292 1140 1395 1212 qui
1427 1141 1782 1211 sanguinem
1813 1140 1996 1212 ipsius
2025 1138 2182 1193 sitie-

523 1232 689 1298 bant,
731 1247 884 1303 quos
931 1231 1009 1286 ad
1052 1246 1224 1286 suam
1265 1231 1695 1302 protectionem
1738 1227 2181 1298 suscipiendum

523 1320 756 1376 induxit
789 1337 802 1374 :
833 1325 896 1376 ut
927 1319 1198 1375 ascendit
1227 1319 1285 1374 in
1325 1325 1729 1391 Areopagum,
1763 1318 1860 1373 ubi
1895 1318 2045 1373 inter
2081 1332 2182 1371 eos

521 1409 896 1478 versabatur,
936 1410 1039 1480 qui
1073 1408 1269 1464 verbis
1292 1409 1350 1464 in
1391 1409 1587 1480 ipsum
1617 1407 2131 1463 exacerbabantur
2165 1431 2178 1480 ;

521 1501 903 1570 Areopagum
927 1499 1234 1562 nimirum,
1260 1497 1382 1566 ubi,
1408 1503 1470 1552 ut
1490 1497 1710 1552 fabulis
1731 1497 2071 1552 Graecorum
2091 1510 2182 1549 so-

521 1588 792 1643 lemniter
839 1593 1128 1658 narratur,
1164 1592 1216 1641 et
1248 1586 1323 1641 dii
1355 1591 1410 1642 et
1435 1586 1712 1641 homines
1744 1585 1823 1640 rei
1858 1590 1914 1640 et
1947 1589 2176 1640 actores

522 1677 864 1733 ferebantur
891 1692 902 1729 :
933 1681 1115 1747 utque
1142 1676 1222 1730 ibi
1255 1676 1622 1746 constitutus,
1649 1691 1772 1731 non
1804 1675 1905 1729 uni
1933 1674 2166 1744 soliop-
2214 1742 2247 1760 η

2296 520 2391 572 Ἐῶ
2419 528 2506 571 νῦν
2537 525 2626 578 την
2658 520 2817 578 ἄλλην
2863 515 3213 590 αὐτοσχέδιον
3257 519 3416 590 ἰσχὺν
3457 527 3547 570 του
3593 519 3780 590 λόγου,
3811 526 3909 578 τὴν

2293 607 2340 660 ἐν
2393 609 2746 673 Ἐκκλησίαις,
2808 613 2900 667 τήν
2950 608 2998 660 ἐν
3041 605 3250 678 δήμοις,
3299 612 3390 664 τὴν
3441 606 3489 658 ἐν
3545 603 3910 682 δικαστηρίῳ,

2291 703 2382 754 την
2435 701 2570 750 κατά
2619 701 2917 769 συναγωγὰς
2967 693 3254 760 Ἰουδαίων,
3289 701 3382 753 τὴν
3426 699 3474 748 ὲν
3516 695 3699 771 ἀγορᾷ,
3742 695 3910 749 διδά-

2297 806 2523 853 σκοντος,
2577 785 2961 858 ὃιελέγχοντος,
3015 794 3407 859 παραινοῦντος,
3458 785 3906 858 ἀπολογουμένου,

2295 871 2797 950 διαμαρτυρομένου,
2832 878 2928 934 ὅση
2978 877 3092 926 κατ’
3147 871 3336 947 ἄνδρα,
3379 876 3475 931 ὅση
3508 878 3641 926 κατὰ
3685 875 3905 941 πλῆθος,

2293 966 2390 1022 ὅση
2443 969 2573 1037 πρὸς
2631 962 2907 1033 δικαστὰς,
2962 966 3058 1021 ὅση
3101 966 3228 1036 πρὸς
3282 965 3607 1034 συκοφάντας

2291 1052 2448 1123 λέγων
2514 1057 2598 1104 τόν
2657 1051 2880 1125 βασιλέα
2930 1061 3029 1104 τῶν
3083 1048 3372 1121 Ἰουδαίων,
3432 1055 3522 1102 καὶ
3585 1059 3782 1124 μικροῦ
3840 1051 3901 1102 ἂν

2293 1143 2441 1203 οὗτος
2475 1152 2494 1177 τ
2532 1142 2598 1201 εἰς
2655 1145 3000 1216 Χριστιανοὺς
3055 1139 3385 1212 μετετάξατο,
3439 1140 3481 1191 εἰ
3538 1145 3608 1210 μὴ
3670 1148 3764 1200 τῆς
3813 1139 3906 1213 ἀρ-

2292 1241 2401 1302 χῆς
2450 1236 2538 1282 καὶ
2586 1239 2676 1290 τῆς
2723 1227 3030 1303 ἀλουργίδος
3088 1233 3143 1280 τό
3183 1232 3402 1301 φύσημα
3441 1229 3485 1294 (ὃ
3517 1229 3721 1288 πολλοῖς
3776 1229 3902 1280 πολ-

3638 982 3648 992 ·
3683 967 3751 1025 ὡς
3806 965 3906 1016 εἷλε

2290 1319 2437 1381 λάκις
2473 1320 2544 1380 εἰς
2596 1321 2659 1370 τὰ
2704 1323 2885 1392 καίρια
2946 1317 3251 1390 ἐλυμήνατο)
3297 1313 3537 1388 ἐμποδὼν
3596 1317 3736 1388 αύτῴ
3782 1338 3907 1369 κατ-

2292 1413 2416 1466 έστη
2466 1412 2592 1482 πρὸς
2631 1412 2724 1465 την
2765 1406 3029 1478 ἀκρίϐειαν
3068 1415 3158 1459 τοῦ
3207 1409 3541 1478 κηρύγματος
3573 1420 3588 1435 ⁸
3617 1409 3682 1466 ως
3729 1409 3908 1478 ἔσχη-

2293 1517 2348 1549 σε
2389 1509 2409 1538 S
2451 1494 2832 1569 δημηγορήσας
2890 1500 3008 1558 τοὺς
3068 1497 3182 1548 κατ’
3247 1495 3406 1547 αὐτοῦ
3462 1503 3742 1567 φονῶντας,
3811 1503 3906 1547 καὶ

2289 1589 2408 1646 τούς
2461 1583 2729 1656 διψῶντας
2784 1593 2875 1637 τοῦ
2917 1587 3155 1657 αἳματος,
3212 1582 3479 1636 ἀναλαϐεῖν
3519 1586 3607 1644 τάς
3647 1585 3777 1656 ὑπὲρ
3809 1593 3904 1644 τῆς

2289 1675 2447 1726 αὐτοῦ
2512 1680 2778 1747 σωτηρίας
2837 1671 3116 1746 φροντίδας
3191 1673 3449 1725 ἀνέπεισεν
3483 1675 3595 1732 ’ὡς
3667 1671 3751 1724 ἐπὶ
3809 1677 3902 1724 τὸν

521 1764 776 1838 positus,
813 1765 917 1819 sed
970 1769 1176 1820 contra
1222 1780 1434 1820 omnes
1462 1764 1726 1819 ‘omnino
1749 1763 2172 1819 disertissimus

2286 1762 2488 1836 Ἀρειον
2552 1762 2703 1821 ἀνέϐη
2759 1766 2944 1834 πάγον,
2998 1760 3202 1834 ἀνδρῶν
3257 1760 3304 1813 ἐν
3372 1765 3513 1833 μέσῳ
3566 1769 3677 1821 τοῖς
3717 1760 3902 1832 λόγοις

521 1854 630 1910 fuit
648 1873 660 1922 ;
678 1853 724 1908 si
745 1853 925 1908 modo
948 1853 1216 1908 omnium
1239 1853 1556 1908 hominum
1580 1853 1985 1915 Athenienses,
2005 1851 2174 1906 Athe-

521 1943 1204 2014 niensiumAreopagitae
1217 1941 1897 2014 praestiteruntdicendo,
1913 1956 2170 2014 quorum

523 2030 767 2087 atfectus
798 2031 1149 2102 animosque
1173 2031 1254 2086 ita
1279 2030 1530 2086 dicendo
1560 2029 1888 2095 concussit,
1915 2035 1967 2084 et
1988 2035 2172 2084 trans-

523 2119 820 2185 formavit,
872 2125 936 2176 ut
983 2119 1149 2176 multi
1194 2119 1342 2175 inter
1388 2135 1490 2175 eos
1536 2120 1614 2175 ab
1658 2120 1843 2191 ipsius
1886 2118 2090 2188 lingua
2118 2122 2173 2172 et

521 2225 794 2265 sermone
835 2209 1108 2280 suspensi
1139 2209 1462 2279 abjicerent
1500 2224 1634 2280 quae
1675 2223 1779 2279 per
1819 2212 2006 2263 totum
2040 2205 2171 2260 vitae

520 2313 762 2354 cursum
803 2298 1124 2369 amplexati
1155 2297 1406 2363 fuerant,
1435 2303 1491 2353 et
1520 2298 1840 2353 transirent
1868 2297 1944 2352 ad
1985 2295 2174 2368 pieta-

517 2392 662 2453 tem,
704 2387 870 2443 illum
910 2387 1128 2443 imitari
1167 2387 1437 2454 studiosi,
1471 2387 1573 2459 qui
1605 2387 1768 2458 apud
1808 2385 2047 2440 intimas
2086 2385 2173 2455 ip-

519 2492 722 2531 sorum
751 2477 985 2532 animas
1012 2475 1240 2531 virtutis
1265 2483 1317 2530 et
1338 2491 1489 2531 verae
1515 2475 1747 2547 pietatis
1767 2475 2050 2545 dogmata
2071 2489 2171 2527 ex—

518 2570 813 2620 araverat.
853 2566 957 2620 Tot
995 2569 1050 2619 et
1090 2563 1231 2619 talia
1271 2565 1395 2619 siue
1430 2579 1702 2618 sermone
1742 2577 2009 2632 congruo
2049 2577 2169 2616 non

518 2652 972 2724 assequebatur.
989 2653 1200 2724 Ecquis
1221 2653 1379 2706 enim
1402 2651 1665 2706 barbaro
1683 2650 2028 2706 attendisset
2045 2649 2170 2704 ani-

521 2757 638 2804 mo,
664 2740 767 2811 qui
799 2755 906 2795 nec
933 2745 1094 2796 recta
1115 2741 1173 2795 in
1193 2739 1337 2812 ipsis
1360 2739 1611 2795 vocibus
1634 2738 1995 2794 incedebat?
2019 2740 2170 2804 Quo-

519 2829 704 2884 modo
732 2829 927 2899 igitur,
961 2846 1092 2901 qua
1122 2843 1195 2884 ne
1224 2828 1388 2901 loqui
1421 2833 1685 2892 noverat,
1720 2834 1873 2883 recte
1920 2842 2168 2883 consen-

517 2918 623 2974 tire
662 2916 793 2972 aliis
823 2918 1138 2974 videbatur
1169 2935 1181 2973 :
1215 2919 1440 2973 nedum
1473 2917 1619 2972 alios
1654 2916 1766 2972 sibi
1795 2917 2170 2972 consentien-

516 3009 604 3061 tes
620 3006 1080 3063 habere.Verum
1100 3007 1289 3078 gratia
1319 3006 1392 3062 de
1423 3005 1572 3062 caelo
1590 3005 1930 3078 perabatur,
1958 3005 2164 3075 gratia,

517 3095 788 3186 inquam,
808 3101 862 3150 et
892 3111 1013 3152 non
1036 3096 1373 3186 artificium.
1399 3098 1545 3186 Nam
1571 3096 1735 3186 quod
1767 3099 1888 3150 arte
1916 3098 2166 3186 constat,
2207 3121 2247 3186 ε

513 3183 852 3239 humanum
896 3191 986 3239 est
1028 3190 1083 3240 et
1131 3184 1282 3250 vile;
1314 3183 1480 3256 quod
1511 3199 1540 3238 e
1585 3184 1792 3253 gratia,
1835 3183 2070 3239 caaleste
2115 3187 2170 3238 et

515 3273 930 3344 apostolicum.
965 3275 1220 3345 Operata
1250 3279 1337 3327 est
1367 3275 1579 3343 gratia,
1613 3277 1670 3328 at
1699 3272 1759 3327 in
1791 3273 2000 3344 primis
2039 3273 2167 3327 haec

515 3365 816 3432 operatur,
832 3367 895 3416 ut
913 3360 1057 3416 nihil
1077 3377 1135 3416 se
1151 3361 1438 3416 dedecens
1458 3361 1774 3432 loquantur
1793 3361 1978 3432 ipsius
1999 3361 2168 3416 mini-

513 3448 635 3503 stri.
670 3451 794 3504 Non
826 3454 911 3503 est
941 3450 1098 3503 enim
1128 3449 1242 3504 hoc
1271 3448 1685 3512 leviusculum,
1722 3447 2005 3503 inducere
2038 3464 2164 3515 eos,

512 3537 616 3609 qui
648 3542 784 3592 sunt
813 3553 882 3592 ex
920 3537 1213 3609 opposito,
1246 3536 1307 3591 in
1341 3552 1584 3592 sensum
1625 3537 1751 3607 ejus
1784 3537 2165 3591 irresistibilis

513 3624 810 3696 potentiae,
844 3641 979 3697 quae
1025 3625 1084 3679 in
1116 3625 1259 3696 ipsis
1299 3629 1595 3696 Operatur:
1637 3623 1867 3679 Alicubi
1897 3625 2055 3678 enim
2090 3625 2170 3680 ait

511 3712 808 3784 Scriptura
836 3731 849 3768 :
885 3733 914 3764 (ι
946 3713 1222 3768 Videntes
1247 3712 1457 3779 Judaei,
1493 3712 1644 3768 Petri
1671 3717 1726 3767 et
1757 3711 1921 3766 Pauli
1948 3713 2165 3766 auden-

511 3801 675 3856 tiam.
706 3822 735 3853 »
767 3804 1102 3868 Quamnam
1128 3803 1156 3858 ?
1184 3805 1404 3872 Nempe
1432 3801 1492 3856 in
1524 3800 1827 3872 loquendo
1854 3816 1958 3872 per
1983 3817 2166 3872 quam

509 3890 921 3962 impudentem
963 3891 1357 3962 quaestionem
1397 3889 1760 3945 retuderunt.
1799 3890 1951 3955 Quid
1983 3894 2112 3945 tum
2143 3890 2171 3944 ‘I

513 3999 541 4029 ‹‹
562 3982 1065 4052 Etcognoscentes
1079 3980 1240 4052 quod
1261 3979 1483 4034 indocti
1509 3983 1758 4045 erant,et
1773 3979 1974 4049 idiota,
1998 3979 2171 4036 mira-

509 4069 728 4124 bantur
760 4070 824 4122 ¹³.
853 4089 881 4120 »
915 4069 1222 4124 Cerminus
1256 4068 1571 4140 piscatores
1597 4067 1878 4134 rhetores,
1913 4073 1966 4124 et
1997 4068 2170 4123 labiis

511 4157 869 4228 sapientiam
901 4157 1286 4229 proferentes,
1319 4157 1421 4228 qui
1448 4157 1756 4212 scientiam
1787 4156 1950 4212 haud
1989 4157 2166 4212 habe-

507 4245 655 4301 bant
680 4245 1030 4302 litterarum.
1064 4245 1213 4313 Quid
1244 4246 1355 4301 hoc
1383 4246 1412 4301 ‘?
1445 4246 1600 4301 unde
1632 4245 1744 4300 illis
1764 4247 1977 4302 accidit
2007 4247 2170 4319 quod

507 4335 836 4390 humanam
864 4335 1191 4391 excedebat
1222 4334 1623 4390 conditionem
1642 4336 1670 4391 7
1691 4351 1876 4390 unum
1906 4334 2128 4390 scimus
2153 4350 2165 4389 :

508 4443 537 4476 ‹‹
571 4425 740 4490 Quod
763 4440 899 4479 cum
930 4425 1068 4478 Jesu
1100 4423 1353 4482 fuerant.
1388 4445 1412 4474 υ
1446 4423 1617 4478 Vides
1647 4429 1707 4479 ut
1731 4425 1791 4479 in
1825 4424 2164 4480 admiratio-

505 4529 643 4569 nem
675 4529 796 4570 non
831 4513 1030 4569 minus
1062 4529 1247 4584 quam
1287 4518 1514 4584 patrata
1544 4513 1603 4568 in
1649 4513 1956 4585 procinctu
1988 4515 2170 4570 mira-

505 4601 660 4668 cula,
703 4603 880 4658 etiam
921 4603 1210 4657 sermonis
1251 4602 1339 4657 vis
1379 4607 1435 4658 et
1473 4603 1718 4658 facultas
1769 4601 1969 4659 hostes
2020 4605 2170 4660 exci-

505 4692 648 4747 tavit
681 4709 694 4759 ;
729 4695 784 4746 et
823 4691 1004 4746 modo
1048 4691 1257 4747 vellent
1306 4691 1650 4747 adhibuisse
1699 4707 2078 4757 consensum,
2114 4693 2166 4747 in

503 4780 761 4836 veritatis
811 4779 1155 4836 adduxisset
1194 4781 1617 4851 cognitionem.
1670 4781 1785 4835 Sed
1824 4786 1880 4835 et
1929 4782 2169 4838 aliunde

501 4869 831 4941 perspicias
875 4869 1005 4924 licet
1043 4869 1103 4924 in
1148 4875 1442 4940 quantum
1483 4869 1718 4924 dicendi
1745 4885 1953 4925 eorum
1985 4871 2166 4927 facul-

501 4960 684 5012 tatem
731 4958 1066 5021 metuerint,
1109 4957 1398 5012 indictum
1443 4957 1584 5029 ipsis
1628 4963 1753 5013 erat
1801 4974 1874 5013 ne
1921 4961 2169 5017 omnino

499 5045 910 5117 praedicarent.
944 5046 1095 5111 Quid
1125 5045 1284 5100 dices
1318 5047 1411 5101 hic
1433 5047 1569 5102 7An
1603 5046 1650 5100 si
1679 5047 1953 5102 indoctus
1975 5049 2066 5103 vel
2089 5049 2168 5105 la-

499 5134 603 5191 bia
641 5135 889 5190 moverit
927 5135 1032 5191 tibi
1071 5135 1267 5191 statim
1309 5134 1498 5205 gloria
1537 5135 1811 5202 concidit,
1857 5141 1912 5192 et
1944 5137 2168 5208 dogma

569 5279 616 5314 ¹³
653 5278 886 5344 Act..lv,
928 5276 1017 5344 13,

2286 1851 2692 1924 φλεγμαινόντων
2730 1851 2969 1924 ’Ἄρειον
3017 1853 3180 1922 πάγον
3227 1850 3431 1912 ἐκεῖνον,
3495 1851 3554 1902 οὗ
3603 1854 3692 1901 καὶ
3755 1852 3904 1910 θεοὺς

2283 1943 2406 2014 παρ’
2440 1940 2688 2006 ἀλλήλων,
2718 1946 2804 1993 καὶ
2854 1945 2986 2014 πρὸς
3040 1938 3342 2014 ἀνθρώπους
3387 1935 3536 1999 δίκας
3581 1945 3672 1990 καὶ
3719 1939 3901 1991 λαϐεῖν

2283 2035 2372 2081 καὶ
2405 2027 2585 2081 δουναι
2627 2031 2783 2101 μῦθοι
2829 2034 3116 2103 χαίρουσιν
3164 2027 3448 2085 Ἐλληνικοὶ
3492 2025 3843 2099 διηγούμενοι
3880 2048 3894 2059 ·

2285 2120 2417 2178 ὅπως
2474 2117 2636 2170 ἐκεῖσε
2683 2120 2970 2181 καταστὰς,
3023 2117 3080 2169 ού
3123 2120 3246 2192 πρὸς
3295 2118 3380 2168 ἕνα
3422 2116 3572 2187 λόγον
3610 2118 3897 2188 ὑποσχεῖν,

2285 2207 2411 2258 ἀλλά
2466 2211 2596 2281 πρὸς
2647 2207 2879 2267 ἅπαντας
2931 2210 3053 2268 τούς
3103 2205 3151 2257 ἐν
3207 2204 3492 2278 ἀνθρωποις
3541 2205 3768 2276 λογίους,
3819 2209 3899 2258 εῖ-

2284 2315 2374 2368 περ
2449 2296 2711 2352 Ἀθηναῖοι
2791 2300 2880 2368 μεν
2959 2300 3071 2348 τότε
3145 2303 3244 2346 τῶν
3318 2294 3480 2346 ἄλλων
3539 2293 3826 2368 ἀνθρώπων
3860 2299 3894 2359 ί,

2284 2386 2571 2442 Ἀθηναίων
2633 2383 2712 2453 δὲ,
2768 2383 2816 2436 οἳ
2874 2384 2921 2436 ἐν
2977 2385 3300 2457 Ἀρεῑοπάγῳ
3352 2387 3408 2435 τὸ
3468 2387 3659 2455 κράτος
3725 2385 3898 2456 εἶχον,

2283 2474 2416 2526 οὕτω
2466 2478 2763 2526 κατέσεισεν
2810 2474 2978 2525 αὐτῶν
3034 2481 3138 2534 τοῖς
3188 2473 3361 2544 λόγοις
3412 2493 3504 2534 τας
3549 2473 3756 2544 ψυχας,
3812 2478 3902 2524 καὶ

2941 2562 3152 2622 πολλοὺς
3257 2561 3423 2613 αὐτῶν
3521 2569 3614 2623 τῆς
3697 2560 3898 2613 ἐκείνου

2281 2565 2672 2634 μετεσκεύασεν,
2775 2565 2838 2622 ὡς
2941 2562 3152 2622 πολλοὺς
3257 2561 3423 2613 αὐτῶν

2281 2651 2519 2722 γλώττης
2571 2656 2660 2703 καὶ
2714 2660 2812 2703 τῶν
2868 2652 3114 2725 ῥημάτων
3187 2649 3648 2723 ἐκκρεμασθέντας,
3708 2650 3902 2724 pater..-

2281 2760 2375 2802 τας
2429 2740 2652 2802 ἅπαντα,
2714 2737 2806 2792 διὰ
2878 2739 2998 2812 βίου
3053 2743 3243 2801 παντὸς
3307 2743 3430 2812 πρὸς
3486 2745 3578 2798 τὴν
3631 2739 3898 2792 εὐσέϐειαν

2280 2831 2740 2902 μεθαρμόσασθαι,
2790 2835 2878 2880 καὶ
2932 2833 3167 2902 μιμητὰς
3223 2829 3445 2902 ὀφθῆναι
3497 2837 3589 2881 τοῦ
3644 2826 3739 2882 διὰ
3798 2829 3898 2901 βά-

2283 2921 2402 2980 θους
2453 2919 2619 2970 αὐτῶν
2654 2926 2763 2978 ταῖς
2793 2918 3000 2990 ψυχαῖς
3056 2922 3120 2970 τὰ
3173 2926 3267 2979 τῆς
3319 2911 3500 2991 ἀρετῆς
3538 2923 3627 2970 καὶ
3667 2926 3763 2979 τῆς
3809 2918 3896 2991 ὀρ-

2283 3010 2370 3068 θῆς
2425 3006 2663 3082 λατρείας
2747 3007 3141 3079 ἐγχαράξαντος
3211 3004 3471 3079 δόγματα.
3533 3006 3669 3079 Ἀρα
3727 3015 3901 3058 ταυτα

2279 3102 2368 3148 καὶ
2421 3099 2487 3148 τά
2540 3105 2759 3148 τοιαῦτα
2807 3102 2975 3170 χωρὶς
3030 3097 3185 3168 λόγου
3243 3105 3334 3148 τοῦ
3401 3098 3756 3163 καθήκοντος;
3806 3101 3898 3148 καὶ

2277 3191 2353 3247 τίς
2404 3185 2462 3237 ἂν
2517 3186 2658 3256 αύτῷ
2731 3189 2816 3238 τόν
2875 3194 2991 3237 νοῦν
3047 3184 3422 3258 βαρϐαρίζοντι
3473 3193 3748 3258 προσεῖχε,
3805 3190 3899 3238 καὶ

2277 3272 2407 3347 μηδ’
2459 3273 2505 3326 ἐν
2566 3275 2746 3336 αὐταῖς
2805 3274 2964 3346 ὀρθῶς
3018 3283 3133 3336 ταῖς
3186 3283 3370 3347 φωναῖς
3419 3280 3692 3348 φερομένου
3728 3292 3740 3340 ;
3779 3282 3899 3337 Πῶς

2279 3361 2328 3415 δ’
2374 3359 2459 3414 οὖν
2491 3362 2522 3414 ἃ
2555 3360 2693 3434 μηδὲ
2722 3362 2884 3434 λέγειν
2928 3360 3067 3435 ᾔδει,
3119 3372 3284 3415 ταῦτα
3338 3371 3534 3437 φρονεῖν
3574 3363 3740 3436 ὀρθῶς
3780 3361 3899 3416 ἔδο-

2278 3453 2355 3514 ξεν
2411 3452 2577 3512 ἄλλοις
2625 3464 2676 3513 υ,
2729 3458 2858 3524 μητι
2914 3471 2973 3523 γε
3025 3457 3113 3504 καὶ
3169 3460 3474 3528 συμφρονεῖν
3530 3452 3668 3523 αύτῷ
3721 3455 3900 3505 πειθοο

2277 3546 2454 3612 μένους
2505 3538 2642 3612 εἶχεν
2669 3553 2698 3583 ν
2733 3559 2746 3608 ;
2778 3538 2936 3593 Ἀλλὰ
2986 3543 3148 3616 χάρις
3202 3544 3392 3593 ἄνωθεν
3437 3541 3637 3616 ἐνήργει
3680 3558 3692 3569 ⁶
3723 3544 3898 3613 κᾶγωο

2276 3634 2332 3701 γέ
2383 3650 2534 3701 φημι,
2588 3632 2790 3680 πάντων
2849 3629 3099 3702 μάλιστα,
3147 3632 3311 3703 χάρις
3354 3632 3562 3695 ἄνωθεν,
3597 3630 3654 3682 οὗ
3699 3635 3889 3702 τέχνη·

2277 3722 2346 3770 Τό
2400 3721 2488 3790 μὲν
2537 3721 2636 3792 γὰρ
2696 3721 2749 3770 ἐκ
2803 3723 3011 3789 τέχνης,
3070 3716 3387 3794 ἀνθρωπινον
3436 3724 3525 3771 καὶ
3570 3724 3738 3770 κοινόν
3772 3735 3785 3748 ·
3832 3726 3890 3772 τό

2281 3803 2339 3859 δὲ
2391 3806 2445 3857 ἐκ
2483 3810 2721 3881 χάριτος,
2783 3807 3018 3879 οὐράνιον
3071 3812 3160 3860 καὶ
3214 3816 3312 3860 τῶν
3359 3807 3675 3860 ἀποστόλων.
3725 3811 3893 3884 Χάρις

2281 3895 2520 3969 ἐνήργει·
2553 3895 2661 3947 ἀλλ’
2721 3896 2846 3947 αύτό
2897 3916 2956 3967 γε
3013 3905 3166 3948 τοῦτο
3242 3905 3443 3969 πρῶτον
3497 3899 3776 3971 ἐνεργούσα
3831 3901 3890 3950 τό

2281 3982 2444 4048 μηδὲν
2513 3985 2672 4044 αὐτῆς
2743 3984 2947 4047 ἀνάξιον
3019 3987 3332 4057 φθέγγεσθαι
3405 3989 3520 4046 τοὺς
3598 3987 3887 4060 ὑπηρέτας.

2281 4071 2421 4126 Οὐδὲ
2470 4075 2570 4146 γὰρ
2639 4080 2792 4126 τοῦτο
2851 4079 3149 4148 μικρότερον
3189 4074 3379 4145 ἐνάγειν
3410 4080 3528 4136 τοὺς
3575 4073 3887 4133 ἀνθεστηκό-

2279 4182 2367 4222 τας
2413 4163 2482 4222 εἰς
2548 4165 2898 4220 συναίσθησιν
2951 4170 3042 4223 τῆς
3095 4163 3453 4236 ἐνισχυούσης
3509 4164 3695 4224 αὐτούς
3754 4163 3887 4236 ἀμάο

2279 4271 2382 4323 χου
2438 4248 2727 4322 δυνάμεως.
2784 4257 2883 4304 Καὶ
2925 4254 3026 4326 γάρ
3076 4255 3174 4304 πού
3217 4272 3364 4324 φησι,
3401 4274 3428 4302 ‹‹
3472 4260 3798 4324 Θεωροῦντες
3831 4251 3890 4306 δέ

2279 4343 2326 4392 οἱ
2373 4337 2626 4393 Ἰουδαῖοι
2680 4345 2773 4398 τὴν
2836 4347 2926 4392 τοῦ
2981 4345 3172 4412 Πέτρου
3230 4339 3528 4414 παρρησίαν
3576 4347 3667 4392 καὶ
3714 4342 3888 4395 Ἰωάνα

2277 4449 2384 4482 νου.
2425 4451 2448 4480 υ
2487 4433 2664 4495 Ποίαν,
2695 4430 2722 4487 ἦ
2757 4434 2850 4487 τὴν
2899 4428 2946 4480 ἐν
2973 4429 3144 4500 λόγοις
3185 4427 3447 4496 δηλονότι,
3478 4426 3551 4481 δι’
3590 4430 3659 4481 ὧν
3707 4431 3889 4493 αὐτοῖς

2278 4523 2367 4570 καὶ
2397 4521 2488 4576 τὴν
2536 4516 2886 4589 ἀναίσχυντον
2913 4517 3166 4591 ἐρώτησιν
3216 4519 3561 4590 ἐπεστόμισαν
3587 4537 3600 4587 ;
3634 4517 3762 4571 Εἶτα
3787 4525 3839 4572 τί
3872 4540 3885 4588 ;

2282 4627 2310 4658 ι(
2355 4612 2452 4659 Καὶ
2505 4607 2912 4678 καταλαϐόμενοι
2961 4609 3040 4658 ὅτι
3083 4609 3345 4680 ἄνθρωποι
3394 4606 3733 4680 ἀγράμματοί
3782 4609 3888 4660 εἰσι

2281 4701 2369 4746 καὶ
2425 4692 2651 4764 ἰδιῶται,
2711 4694 3019 4766 ἐθαύμαζον,
3057 4715 3084 4746 ››
3130 4694 3314 4756 Ἀλιεῖς
3365 4697 3560 4768 ὁρῶμεν
3611 4697 3755 4768 ἄφνω

2280 4804 2434 4857 τορας
2481 4787 2820 4856 γραμμάτων,
2871 4789 3062 4856 τέχνην
3107 4785 3200 4836 οὐκ
3256 4787 3497 4856 ἔχοντας,
3556 4791 3646 4837 καὶ
3696 4793 3886 4858 σοφίαν

2279 4874 2491 4945 χειλέων
2529 4878 2870 4948 προχέοντας.
2920 4880 2984 4926 Τί
3028 4882 3179 4927 τοῦτο
3213 4891 3226 4941 ;
3258 4876 3418 4927 Πόθεν
3449 4875 3622 4936 αὐτοῖς
3651 4878 3715 4928 τά
3755 4879 3884 4952 ὑπὲρ

2279 4965 2546 5035 ἄνθρωπον
2596 4968 2942 5036 παραγέγονεν
2968 4981 2980 5031 ;
3009 4963 3094 5017 Ἓν
3153 4967 3321 5036 ἴσμεν,
3354 4987 3381 5014 ‹‹
3429 4963 3549 5017 Ὀτι
3587 4972 3656 5034 τῷ
3698 4962 3884 5023 Ἰησού

2281 5061 2532 5111 συνῆσαν.
2563 5052 2769 5125 »Ὁρᾷς
2817 5055 2955 5115 ὅπως
3003 5053 3073 5115 εἰς
3132 5055 3307 5126 θαῦμα
3349 5057 3464 5114 τοὺς
3521 5053 3747 5125 ἐχθροὺς
3798 5055 3885 5106 ού-

2279 5138 2364 5194 δεν
2417 5142 2624 5194 ἔλαττον
2689 5149 2778 5194 τοῦ
2851 5145 2996 5218 παρὰ
3039 5138 3210 5204 πόδας
3281 5144 3798 5218 τερατουργηθέντος,
3848 5146 3877 5202 ἠ

1844 5387 2077 5443 VARl/E
2117 5387 2402 5446 LECTlON
2411 5390 2512 5446 ES.

565 5523 584 5588 ξ
615 5510 689 5562 ἷσ.
737 5505 908 5588 αρτ-όν.
945 5509 1212 5588 δ’ἕσχισε.
1243 5508 1300 5564 C.
1328 5509 1395 5565 Μ.
1427 5509 1653 5581 ἔσχησι.
1695 5511 1712 5552 ί
1750 5509 2103 5586 λογικώτεροι.
2149 5514 2207 5570 C.
2237 5516 2304 5571 Μ.
2351 5512 2490 5587 legit
2525 5513 2691 5588 quod
2732 5519 2820 5572 est
2857 5514 2917 5572 in
2966 5519 3147 5572 textu.
3190 5527 3218 5560 υ
3259 5516 3463 5580 ἄλλους.
3498 5518 3554 5574 C.
3580 5520 3646 5576 Μ.
3690 5518 3865 5582 ἄλλοις

492 5590 518 5624 ν
555 5583 713 5654 ἔχειν.
749 5582 808 5637 C.
846 5579 918 5634 M.
953 5575 1112 5652 εἶχεν.
