4136 6198
179 353 283 409 581

1249 347 1342 405 AD
1382 317 1927 404 AMPHILOCHIUM
1967 314 2290 413 QU/ES'I‘lo
2331 342 2499 407 xcn.

3438 341 3543 408 5'82

176 485 280 532 τῶν
328 477 493 548 λόγων
553 474 716 548 ἰσχύς
778 469 1080 542 ἐξεκαλεῖτο,
1143 481 1229 529 καὶ
1288 479 1413 549 πρὸς
1487 474 1784 545 ἐπίγνωσιν,

1917 470 2050 528 ideo
2080 475 2397 548 antiquum
2419 473 2652 544 alonge
2675 471 2917 530 obtenta
2939 474 3246 546 potestate,
3272 489 3377 547 per
3401 477 3546 533 idio-

183 570 326 640 εἴπερ
385 563 584 633 ἤθελον,
644 574 738 626 τῆς
793 563 1034 627 ἀληθείας
1091 564 1448 640 προεϐίϐαζεν.
1505 562 1644 636 Ὀρα
1697 561 1788 612 καὶ

180 656 427 727 ἑτέρωθεν
460 654 532 716 εἰς
569 656 688 706 ὅσον
745 654 912 706 αὑτῶν
961 650 1231 707 ἐδεδίεσαν
1262 659 1319 707 τό
1364 653 1411 706 ἓν
1446 653 1615 722 λόγοις
1657 651 1790 722 κρά-

180 764 288 805 τος.
337 743 697 816 Παρὴγγειλαν
729 743 907 806 αὐτοῖς
938 747 994 796 τὸ
1029 744 1142 796 καθ’
1188 745 1304 797 ὅλου
1337 748 1404 816 μὴ
1452 741 1790 814 φθέγγεσθαι.

178 839 249 886 Τί
302 833 466 904 λέγεις
500 849 513 898 ;
547 831 640 886 Ἀν
696 839 848 905 μόνον
903 832 1055 904 χείλη
1111 834 1135 885 ὁ
1185 833 1525 907 ἀγράμματος
1581 833 1790 900 κινήσῃ,

185 923 379 975 αὐτίκα
437 941 517 973 σοι
577 927 887 993 μεταπίπτει
939 925 1001 973 τὰ
1050 929 1144 982 τῆς
1197 920 1378 985 δόξης,
1437 925 1526 972 καὶ
1574 917 1794 969 παλαιόν

183 1011 312 1064 ούτο
390 1006 564 1082 δόγμα
631 1018 728 1071 τῆς
786 1016 986 1086 μακρᾶς
1060 1009 1386 1086 ἐπικρατείας
1453 1007 1796 1070 ὑπεξίσταται

180 1109 256 1170 τῷ
323 1095 506 1171 ἰδιώτῃ
563 1098 746 1170 λόγῳ·
791 1104 881 1150 καὶ
939 1100 1253 1170 μεθίσταται
1317 1098 1434 1158 λαός
1498 1099 1623 1170 πρὸς
1683 1097 1796 1144 νέαν

177 1189 442 1260 γλῶτταν,
504 1188 528 1240 ὁ
585 1193 891 1249 Μωσαῐκοῐς
953 1191 1160 1260 θεσμοῖς
1225 1187 1640 1262 ἐντεθραμμένος,
1709 1189 1798 1236 καὶ

181 1279 284 1350 ζῇν
330 1283 420 1329 καὶ
470 1279 706 1335 θνήσκειν
753 1281 882 1351 πρὸς
939 1281 1031 1335 τὴν
1091 1278 1288 1330 ἐκείνων
1343 1276 1674 1350 ἀρχαιότητα
1720 1291 1800 1324 κε-

181 1370 525 1442 κροτημένος.
568 1371 692 1431 Ναὶ,
736 1371 894 1437 φησίν
930 1383 942 1395 ·
972 1366 1032 1418 ού
1073 1369 1175 1438 γὰρ
1225 1362 1468 1418 ἰδιωτικὰ
1499 1366 1524 1416 ό
1557 1360 1795 1425 ἰδιώτης,

180 1454 319 1507 ἀλλά
373 1459 558 1527 σοφίας
617 1455 831 1530 ῥήματα
885 1457 1157 1528 φθέγγεται
1189 1473 1201 1484 '
1235 1453 1354 1507 οὐδ’
1404 1458 1471 1516 ὡς
1518 1453 1798 1524 ἀγράμμα-

180 1563 295 1610 τος,
333 1542 598 1618 βάρϐαρα,
655 1543 762 1596 ἀλλ’
792 1546 862 1606 ὡς
912 1540 1005 1596 διὰ
1047 1547 1220 1605 πάσης
1271 1549 1462 1616 τέχνης
1509 1542 1690 1600 ὶλάσας
1718 1559 1796 1592 κε⁸

181 1638 532 1706 χαριτωμένα
579 1638 669 1684 καὶ
718 1635 924 1705 εὔσημα
953 1648 966 1662 '
1000 1637 1113 1685 ἔστι
1155 1653 1236 1695 τις
1279 1633 1445 1685 αὑτῶν
1476 1631 1796 1705 ἐγκαθημένη

183 1731 300 1783 τοῖς
354 1723 586 1793 χείλεσιν
653 1725 872 1794 ἔμφυτος
921 1725 1098 1786 πειθὼ,
1162 1719 1238 1775 δι’
1288 1724 1351 1784 ἧς
1423 1727 1512 1773 καὶ
1566 1722 1798 1795 ῥητόρων

1897 566 1970 617 ιω
1993 578 2333 621 sermonem
2367 565 2715 621 deturbatur
2741 565 2769 620 ?
2807 569 2863 619 et
2893 563 3146 636 populus
3172 564 3438 620 Mosaicis
3463 567 3547 622 in-

1901 650 2117 708 stitutis
2147 654 2486 723 innutritus,
2530 654 2749 724 quique
2792 653 2988 709 vivere
3033 659 3089 709 et
3138 655 3288 712 mori
3342 672 3549 712 secun—

1900 739 2046 796 dum
2102 758 2309 799 eorum
2341 744 2753 816 antiquitatem
2803 741 3185 812 gloriabatur,
3218 743 3297 800 ad
3325 741 3549 801 novam

1902 827 2170 900 linguam
2227 831 2555 905 transfugit.
2611 831 2866 890 Omnino
2920 848 2933 887 :
2989 847 3111 888 non
3161 834 3317 890 enim
3368 834 3552 892 idiota

1902 917 2137 974 idiotice
2170 920 2451 993 loquitur,
2484 922 2587 978 sed
2620 921 2925 993 sapientiae
2967 921 3188 987 verba;
3222 939 3330 978 nec
3381 929 3445 980 ut
3493 923 3554 979 il-

1904 1005 2168 1063 literatus
2197 1009 2443 1066 barbare
2477 1009 2758 1084 loquitur,
2788 1010 2895 1065 sed
2946 1014 3008 1065 ut
3045 1011 3148 1082 qui
3197 1027 3302 1083 per
3342 1028 3554 1068 omnes

1907 1101 2063 1151 artes
2093 1098 2337 1167 meavit,
2361 1102 2622 1172 gratioso
2645 1105 2701 1155 et
2730 1097 2881 1154 facili
2913 1099 3212 1156 intellectu
3248 1118 3260 1155 :
3293 1118 3553 1173 quorum

1905 1183 2089 1241 labris
2127 1187 2340 1243 insidet
2369 1187 2658 1244 naturalis
2687 1189 2963 1260 quaedam
2995 1191 3155 1241 πειθὼ
3195 1189 3318 1262 (aut
3355 1208 3556 1248 suanm

1908 1275 2191 1348 medulla)
2219 1281 2274 1332 et
2298 1277 2601 1333 rhetorum
2629 1283 2851 1347 gentes,
2884 1293 2955 1334 ac
2975 1277 3292 1336 idiotarum
3324 1297 3555 1351 greges,

1906 1363 2159 1419 vinculis
2213 1365 2375 1422 velut
2432 1366 2840 1422 insolubilibus
2894 1367 3206 1434 constricti,
3257 1368 3329 1424 ad
3389 1369 3555 1440 illud,

1907 1451 2072 1524 quod
2092 1453 2231 1524 ipsis
2247 1454 2656 1521 annuutiatur,
2680 1454 3018 1510 trahuntur.
3053 1455 3266 1512 Obhoc
3287 1457 3561 1528 igiturdi-

1907 1556 2037 1595 cere
2078 1557 2213 1596 eum
2257 1543 2568 1614 prohibeo,
2602 1544 2767 1615 quod
2809 1543 3194 1615 paucissimis
3229 1546 3440 1611 verbis,
3474 1563 3560 1603 re-

1906 1628 2056 1685 lictis
2085 1631 2292 1702 patriis
2325 1631 2595 1687 moribus
2627 1632 2844 1687 multos
2875 1631 3049 1686 video
3080 1633 3159 1688 ad
3197 1649 3300 1689 eos
3335 1651 3396 1689 se
3427 1625 3562 1692 con-

1908 1716 2058 1773 ferre
2098 1719 2178 1776 ita
2208 1725 2270 1775 ut
2322 1721 2498 1775 unico
2549 1719 2847 1776 interdum
2897 1735 3241 1790 congressu,
3304 1723 3563 1779 subdito-

184 1809 334 1872 εθνη,
397 1815 486 1863 καὶ
551 1806 772 1862 ἰδιωτῶν
827 1808 1023 1882 ἀγέλαι,
1084 1813 1256 1884 ὥσπερ
1318 1807 1534 1883 δεσμοῖς
1595 1807 1800 1868 ἀλύτοις

1917 1822 2043 1862 rum
2070 1806 2266 1863 locum
2301 1813 2357 1864 et
2386 1807 2817 1880 discipulorum
2850 1784 3561 1882 optimorum-impleant,

184 1896 428 1962 δεθέντα,
489 1901 620 1973 πρὸς
671 1903 729 1951 τό
781 1905 1157 1974 κηρυττόμενον
1197 1899 1373 1960 αύτοίς
1420 1899 1642 1955 ἕλκεται.
1707 1899 1801 1950 Διά

183 1986 347 2041 τοῦτο
396 1991 715 2060 φθέγγεσθαι
761 1989 962 2053 κωλύω,
1014 1991 1090 2040 ὅτι
1145 1991 1376 2063 ῥήμασιν
1431 1988 1626 2059 ὀλίγοις
1682 1985 1804 2040 πολ-

182 2078 311 2139 λοὺς
367 2076 585 2149 ἀφέντας
631 2081 696 2129 τὰ
741 2079 955 2152 πάτρια,
1010 2076 1220 2138 ἐκείνοις
1257 2090 1284 2119 ι
1317 2079 1418 2145 ὁρῶ
1477 2081 1805 2150 προσχωρή-

189 2186 406 2232 σαντας,
449 2167 530 2219 ὅτι
587 2173 684 2238 μιᾷ
728 2163 972 2229 πολλάκις
1023 2167 1224 2239 ὁμιλίᾳ,
1269 2171 1504 2226 καὶτοὺς
1549 2170 1641 2218 σύν
1681 2167 1804 2238 ἡμῖν

190 2256 444 2308 ἑκάστοτε
500 2258 614 2307 κατ’
672 2256 838 2307 αὑτῶν
898 2258 1202 2328 ἱσταμένους
1251 2261 1340 2308 καὶ
1388 2255 1806 2327 πολεμιωτάτους

189 2347 367 2408 ὄντας,
427 2352 512 2396 νῦν
563 2346 805 2401 ὑπηκόων
862 2347 975 2416 ἔχει
1033 2350 1121 2396 καὶ
1177 2347 1423 2417 μαθητῶν
1477 2343 1804 2415 εύγνωμόνων

189 2433 363 2496 τάξις.
422 2437 584 2486 Τοῦτό
633 2453 694 2505 με
755 2439 908 2504 σιγᾷν
963 2433 1146 2494 αὑτούς
1203 2433 1488 2485 ἐπιτάττειν
1534 2437 1803 2508 περιίστη-

194 2542 282 2575 σιν
333 2522 404 2584 εἰς
436 2521 665 2594 ἀνάγκην
698 2518 830 2574 ’διὰ
868 2528 1020 2574 τοῦτο
1076 2519 1216 2594 μηδὲ
1276 2525 1447 2594 στόμα
1495 2524 1656 2595 αἰρειν
1711 2519 1805 2572 ούκ

193 2611 476 2685 ἐπιτρέπω,
514 2607 608 2665 διὰ
651 2616 743 2669 τὴν
794 2609 842 2662 ἓν
872 2611 1046 2682 λόγοις
1102 2611 1419 2686 παρρησίαν,
1476 2615 1570 2668 τὴν
1623 2608 1801 2680 ἰσχύν,

192 2706 292 2758 τὴν
339 2703 562 2771 ἔμφυτον
609 2702 976 2757 πειθανότητα.
1019 2697 1158 2761 ’Ἱδες
1194 2704 1313 2761 τοὺς
1349 2696 1640 2760 Ἰουδαίους
1685 2698 1805 2750 ὅσον

192 2791 220 2841 ὁ
255 2785 580 2849 διδάσκαλος
624 2798 722 2840 τῶν
767 2788 1065 2841 ἀποστόλων
1102 2788 1257 2862 λόγος
1307 2791 1664 2846 ὑποπτήσσειν
1717 2789 1806 2838 καὶ

192 2877 645 2949 καταπεπλῆχθαι
718 2880 1076 2950 παρεσκεύαζε
1123 2896 1134 2907 ⁸
1182 2881 1354 2930 καίτοι
1435 2876 1619 2948 Παύλῳ
1709 2895 1804 2926 πε·-

192 2972 501 3041 ρισσότερον
532 2968 560 3024 ἡ
605 2969 815 3024 τοιαύτη
868 2973 1256 3042 περιήστραπτε
1291 2969 1475 3040 χάρις.
1523 2963 1699 3018 Βούλει
1747 2960 1806 3016 δέ

196 3061 285 3108 σοι
318 3059 404 3107 τὸν
444 3062 720 3129 κορυφαῖον
768 3054 1000 3127 καλῶμεν
1063 3058 1303 3131 μάρτυρα
1345 3064 1435 3115 τῆς
1488 3053 1703 3115 ἐνούσης
1730 3060 1801 3122 τῷ

197 3141 359 3218 ἀνδρὶ
430 3148 612 3216 σοφίας
650 3159 662 3208 ;
699 3165 726 3195 ‹‹
783 3147 982 3206 Καθὼς,
1066 3150 1244 3215 φησὶν,
1305 3145 1329 3196 ὁ
1388 3140 1602 3215 ἀδελφὸς
1659 3145 1803 3214 ἡμῶν

198 3233 409 3294 Παὺλος
465 3235 601 3285 κατά
647 3238 739 3291 την
791 3229 1034 3285 δοθεῖσαν
1077 3233 1217 3303 αύτῷ
1270 3237 1452 3305 σοφίαν
1491 3231 1686 3306 ἔγραψε
1715 3247 1730 3261 ⁸
1776 3253 1803 3280 ››

199 3319 374 3396 δῶρον
416 3324 547 3374 θεῖον
599 3326 690 3380 τὴν
741 3322 946 3374 Παύλου
1002 3326 1185 3394 σοφίαν
1234 3327 1322 3374 καὶ
1372 3318 1525 3384 εἰδὼς
1553 3327 1642 3372 καὶ
1682 3317 1807 3372 δια-

198 3417 604 3485 μαρτυρόμενος.
661 3407 804 3475 Εἶτα,
855 3415 944 3462 καὶ
1001 3413 1058 3462 τό
1109 3409 1248 3482 βαθὺ
1305 3414 1392 3462 καὶ
1457 3413 1648 3463 πυκνὸν
1712 3418 1808 3461 τῶν

1421 3499 1757 3572 ἐξυμνούμενο
1767 3519 1807 3563 ς,

207 3616 234 3640 ι(
276 3594 360 3644 Ἐν
391 3591 464 3650 οἷς
485 3589 616 3661 ἐστι,
649 3595 798 3661 φησὶ,
829 3585 1097 3646 δυσνόητά
1127 3609 1260 3641 τινα.
1298 3612 1320 3640 υ
1352 3588 1558 3640 Ὠσανεί
1590 3607 1602 3618 ·
1629 3591 1809 3664 Φρενὸς

200 3505 572 3576 γεγραμμένων
652 3501 756 3552 οἷον
832 3498 1153 3560 ἀποθειάζων
1241 3504 1330 3552 καὶ

207 3679 379 3743 ὀξείας
441 3676 630 3744 δεῖται,
685 3679 852 3752 ῥοπῆς
909 3680 1068 3746 θείας,
1135 3686 1301 3750 σοφῶν
1365 3680 1629 3749 μαθητῶν,
1693 3696 1811 3729 συν-

208 3773 368 3830 έσεως
423 3769 692 3839 σταθερᾶς,
742 3768 768 3819 ὀ
817 3775 914 3818 τῶν
961 3769 1283 3841 γραμμάτων
1335 3766 1538 3818 Παύλου
1607 3768 1809 3837 θεωρός.

209 3862 304 3910 Διὰ
336 3864 488 3909 τοῦτο
520 3858 567 3908 οἱ
610 3853 822 3926 ἀμαθεῖς
873 3861 962 3907 καὶ
1013 3856 1337 3928 ἀστήρικτοι,
1388 3858 1516 3929 πρὸς
1545 3862 1617 3925 τῷ
1648 3851 1812 3926 μηδὲν

208 3943 499 4020 κερδαίνειν
557 3949 645 3996 καὶ
710 3951 837 4016 σφᾶς
903 3944 1088 4004 αύτούς
1161 3941 1578 4016 διασφάλλοντες,
1653 3963 1814 4015 προσ-

211 4031 551 4088 απόλλυνται.
581 4032 639 4086 Εἰ
692 4029 750 4085 δὲ
799 4037 887 4084 καὶ
929 4032 1200 4104 γλωσσῶν,
1235 4034 1260 4084 ὁ
1303 4031 1517 4098 Παυλος,
1573 4033 1654 4094 αἷς
1685 4028 1813 4104 μηδ’

209 4123 483 4186 ἐνείθιστο,
527 4117 656 4194 μηδ’
717 4121 789 4183 εἰς
835 4120 995 4182 ἀκοῆς
1044 4119 1224 4192 ἀφῖκτο
1275 4127 1473 4195 πεῖραν,
1523 4126 1616 4180 τὴν
1654 4123 1818 4194 χάριν

210 4213 451 4265 ἐπλούτει
485 4208 622 4261 ·κάν
697 4213 929 4275 ταύταις,
1004 4207 1176 4262 οὐδενὶ
1245 4219 1343 4261 τῶν
1417 4215 1678 4284 πρωτείων
1744 4209 1820 4272 ἐξ-

213 4307 439 4354 ίστατοο
475 4319 503 4349 (ι
531 4302 846 4370 Εύχαριστῶ
887 4301 989 4372 γὰρ
1036 4307 1107 4368 τῷ
1158 4306 1270 4352 Θεῶ
1319 4319 1440 4370 μου,
1495 4305 1644 4371 φησὶ,
1695 4302 1819 4351 πάν-

211 4410 317 4442 των
376 4388 564 4461 μᾶλλον
621 4387 889 4459 γλώσσαις
952 4387 1112 4439 λαλῶν
1147 4406 1158 4417 °
1190 4410 1211 4437 ι
1253 4387 1296 4440 εἰ
1349 4393 1518 4440 τοίνυν
1567 4389 1660 4439 κὰν
1718 4395 1821 4448 τοίς

1912 1896 2015 1968 qui
2047 1895 2415 1952 infestissimi
2464 1898 2632 1970 prius
2686 1898 2852 1969 ipsos
2907 1898 3398 1956 circumstabant.
3434 1903 3567 1956 Haec

1914 2000 2008 2039 me
2041 1985 2390 2040 necessitate
2414 2001 2485 2040 eo
2517 1985 2788 2056 adigunt,
2837 1990 2903 2040 ut
2942 1984 3239 2043 silentium
3280 1987 3421 2060 ipsis
3459 1989 3564 2045 im-

1914 2088 2139 2145 ponam
2169 2091 2180 2129 :
2217 2089 2288 2130 ea
2340 2078 2579 2146 propter
2610 2090 2731 2129 non
2775 2074 3071 2145 permitto,
3106 2076 3194 2131 vel
3221 2092 3287 2131 os
3314 2080 3565 2149 aperire,

1913 2162 2056 2234 quia
2084 2163 2200 2217 vim
2227 2162 2464 2218 dicendi
2492 2161 2762 2227 liberam,
2796 2165 2854 2218 et
2883 2165 3138 2232 gratiam
3166 2165 3566 2236 persuadendi

1914 2250 2307 2306 inhaerentem
2332 2251 2615 2306 habeant.
2645 2252 2820 2307 Vides
2851 2259 3143 2324 quantum
3174 2253 3568 2312 didascalicus

1915 2339 2322 2410 apostolorom
2355 2355 2550 2395 sermo
2578 2339 2816 2396 Judaeos
2847 2333 3068 2396 terrore
3094 2345 3152 2396 et
3185 2347 3345 2397 metu
3384 2342 3570 2414 reple-

1916 2429 2079 2493 verit,
2108 2426 2212 2500 qui
2255 2433 2458 2484 tamen
2489 2427 2736 2484 Paulum
2782 2428 3187 2485 abundantius
3237 2429 3571 2487 circumtul-

1916 2515 2111 2585 gebat.
2133 2519 2316 2572 Unum
2338 2518 2451 2572 huc
2468 2521 2672 2572 testem
2689 2517 2927 2572 citatum
2953 2519 3151 2574 sistam
3166 2513 3570 2592 coryphaeum,

1916 2605 2224 2677 sapientiae
2250 2621 2385 2678 qua:
2408 2606 2588 2662 Paulo
2610 2606 2819 2661 inerat.
2857 2627 2881 2656 ‹‹
2910 2606 3453 2676 Quemadmodum,
3487 2608 3572 2664 in-

1915 2695 2047 2768 quit
2077 2695 2304 2758 Petrus,
2338 2694 2520 2750 frater
2555 2699 2760 2751 nocter
2808 2694 3052 2766 Paulus,
3089 2696 3264 2768 juxta
3301 2687 3414 2770 ipsi
3436 2715 3574 2755 con-

1917 2800 2148 2840 cessam
2181 2784 2564 2855 sapientiam,
2601 2785 2838 2856 scripsit
2871 2786 2940 2843 1‘.
2973 2788 3040 2840 Et
3071 2776 3260 2851 scivit,
3295 2792 3353 2843 et
3390 2804 3575 2860 agno-

1914 2875 1992 2930 vit
2053 2874 2409 2945 sapientiam
2472 2873 2648 2942 Pauli,
2710 2873 2810 2929 Dei
2873 2873 3022 2930 fuise
3093 2871 3339 2931 donum.
3425 2879 3574 2934 Tum

1917 2962 2093 3018 veluti
2128 2963 2511 3028 canonizans,
2540 2966 2598 3017 et
2622 2963 2785 3018 omni
2818 2964 3114 3034 prmconio
3137 2955 3409 3030 eﬂerens,
3442 2983 3576 3037 pro-

1916 3050 2267 3106 funditatem
2289 3054 2346 3105 et
2370 3050 2724 3106 densitatem
2752 3049 2932 3123 ipsius
2959 3068 3331 3120 sermonum,
3368 3055 3535 3109 addit
3558 3072 3571 3110 :

1835 3137 1881 3226 ὰ
1919 3161 1946 3192 ‹‹
1961 3140 2022 3194 In
2037 3139 2256 3212 quibus
2271 3143 2411 3195 sunt
2424 3139 2691 3211 quaedam
2710 3140 2870 3194 haud
2885 3140 3049 3195 facile
3065 3141 3447 3212 intelligenda
3470 3145 3536 3198 ‘5.
3552 3166 3570 3192 θ

1917 3228 2091 3294 Quasi
2122 3227 2362 3283 diceret.
2405 3228 2608 3283 animo
2652 3243 2800 3299 opus
2840 3233 2929 3282 est
2979 3229 3150 3285 celeri
3195 3229 3577 3287 inclinatione

1915 3317 2138 3381 divina,
2173 3317 2480 3388 discipulis
2503 3316 2982 3388 intelligentibus,
3019 3315 3337 3389 prudentia
3380 3309 3578 3377 stabili

1919 3406 1964 3462 si
1995 3405 2130 3477 quis
2158 3404 2358 3460 rimari
2399 3420 2468 3460 ea
2508 3404 2662 3473 velit,
2698 3421 2833 3477 quae
2874 3405 3114 3478 scripsit
3144 3408 3378 3464 Paulus.
3425 3412 3578 3475 Quo—

1918 3496 2074 3552 circa
2099 3493 2372 3549 indoctos
2394 3498 2450 3549 et
2475 3493 2808 3562 instabiles,
2833 3511 2967 3549 cum
2994 3496 3138 3552 nihil
3171 3497 3580 3569 ejusmodiac-

1918 3584 2175 3657 quirant,
2208 3583 2434 3654 seipsos
2458 3581 2783 3654 decipiunt,
2813 3589 2868 3636 et
2896 3599 3001 3655 per
3040 3584 3273 3640 ruinam
3305 3591 3576 3658 pereunt.

1923 3673 1978 3730 Si
2001 3672 2342 3741 linguarum
2373 3671 2627 3742 requiris
2660 3671 2995 3736 scientiam,
3023 3672 3236 3728 Paulus
3269 3672 3366 3729 illa
3392 3676 3580 3743 gratia

1921 3761 2248 3818 ornabatur
2280 3775 2292 3814 :
2340 3760 2521 3815 etiam
2553 3759 2613 3814 in
2655 3759 2726 3814 iis
2763 3760 2984 3832 quibus
3017 3777 3125 3816 nec
3164 3762 3578 3830 assuefecerat,

1922 3867 2032 3908 nec
2061 3866 2194 3923 quae
2225 3848 2408 3904 fando
2435 3853 2748 3922 acceperat
2781 3867 2792 3904 :
2825 3873 2852 3900 ‹‹
2901 3850 3150 3916 Gratias,
3194 3850 3404 3923 inquit,
3463 3855 3581 3908 Deo

1924 3957 2060 3997 meo
2094 3955 2208 4009 ago
2239 3938 2458 4007 linguis
2482 3939 2674 4006 magis
2701 3939 2982 3994 omnibus
3003 3939 3219 4012 loquor
3246 3942 3312 3994 ¹⁶.
3343 3963 3363 3989 ι
3389 3941 3445 3995 Si
3475 3941 3580 4010 igi-

1923 4035 2019 4085 tur
2031 4033 2259 4085 tantam
2281 4026 2547 4082 habebat
2567 4025 2911 4082 facultatem
2936 4027 2993 4082 in
3016 4027 3232 4096 linguis
3252 4030 3580 4099 peregrinis

1927 4119 2061 4174 dum
2083 4116 2330 4190 Spiritus
2345 4111 2546 4171 afﬂatu
2568 4115 3283 4186 instrueretur,quomodo
3300 4118 3386 4171 vel
3407 4117 3581 4173 ratio-

1926 4203 2204 4260 nabiliter
2221 4201 2469 4271 cogitari
2487 4203 2758 4274 poterit,e
2770 4220 2864 4257 um
2882 4203 3150 4273 linguam
3171 4204 3578 4270 vernaculam,

1927 4309 2063 4366 quae
2088 4294 2288 4347 Graeca
2317 4291 2530 4355 fuerat,
2564 4291 2898 4364 corrupisse
2928 4311 2940 4349 :
2979 4297 3039 4346 ut
3071 4291 3130 4346 in
3161 4292 3378 4365 quibus
3416 4295 3580 4349 haud

1930 4399 2067 4437 sane
2094 4380 2310 4435 multos
2336 4379 2616 4435 inducere
2639 4384 2872 4452 poterat
2897 4379 2972 4435 ad
2992 4375 3294 4451 pietatem,
3324 4382 3403 4436 ibi
3425 4381 3581 4452 prin-

215 4478 456 4551 ἐκφύλοις
502 4476 773 4548 γλώσσαις
835 4477 1045 4548 ἄμαχον
1105 4473 1217 4547 εἶχε
1263 4479 1320 4528 τὸ
1351 4480 1560 4548 κράτος,
1603 4484 1697 4537 τῆς
1730 4485 1807 4528 τοί

1930 4471 2239 4543 cipitatum
2263 4465 2557 4524 obtineret
2591 4485 2602 4524 :
2639 4468 2737 4523 ubi
2762 4484 2898 4523 vero
2928 4484 3134 4523 omnes
3163 4470 3230 4523 fe:
3249 4485 3280 4525 e
3309 4469 3584 4526 homines

217 4569 520 4638 Πνεύματος
560 4565 714 4618 αὑτὸν
749 4566 1071 4638 σοφιςούσης
1111 4563 1337 4625 ἐπινοίας
1367 4577 1414 4628 1,
1447 4573 1555 4626 πῶς
1582 4564 1640 4615 ἂν
1669 4565 1821 4616 αὑτὸν

216 4655 542 4728 διαφθείρειν
587 4653 735 4726 λόγος
783 4659 873 4706 καὶ
929 4657 1043 4706 τότε
1098 4652 1258 4706 οὖσαν
1303 4649 1467 4706 ἑθάδα
1498 4650 1705 4714 δέξαιτο
1736 4655 1823 4707 τὴν

213 4741 484 4800 Ἐλλάδαο
514 4748 604 4796 καὶ
656 4741 728 4795 δι’
792 4744 859 4793 ὧν
921 4742 1140 4804 πολλοὺς
1192 4741 1392 4814 ἔμελλον
1448 4741 1514 4802 εἰς
1565 4738 1825 4793 εὐσέϐειαν

217 4839 485 4908 αἱρήσειν,
528 4835 576 4885 ἓν
630 4835 844 4894 ταύταις
890 4835 949 4884 τὸ
1007 4830 1267 4904 ἀριστεῖον
1316 4833 1454 4902 ἔχειν
1485 4849 1496 4862 ·
1533 4826 1607 4882 δι’
1654 4830 1718 4891 ἧς
1770 4825 1828 4880 δὲ

223 4919 428 4994 σχεδόν
492 4921 725 4982 ἅπαντας
809 4920 1129 4995 ἀνθρώπους,
1227 4918 1274 4972 ὶν
1355 4923 1517 4992 ταύτῃ

226 5013 396 5064 αἰτίαν
441 5016 531 5063 καὶ
579 5011 773 5082 χλεύης
821 5015 1074 5083 παρέχειν
1107 5013 1234 5075 ;καὶ
1289 5013 1392 5081 μὴν
1432 5008 1536 5078 ούχ
1566 5008 1728 5068 οὕτως
1756 5006 1830 5060 εύ-

223 5104 396 5175 χερὴς
438 5101 508 5161 είς
549 5099 754 5171 λόγους,
809 5095 934 5152 ούδε
981 5106 1088 5160 τοίς
1143 5097 1352 5172 ἐχθροῖς
1396 5097 1673 5169 ἐνομίζετο,
1705 5097 1739 5148 ἃ
1773 5093 1832 5149 δὲ

221 5198 336 5252 τοῖς
377 5189 589 5264 ἐχθροῖς
644 5189 714 5250 εἰς
762 5191 966 5242 ἔπαινον
1014 5189 1112 5260 όρᾴ
1167 5190 1478 5262 μαρτυρίας,
1538 5185 1632 5238 οὐκ
1694 5188 1832 5238 ἔστιν

218 5370 221 5372 ›
302 5335 350 5371 ¹⁴
381 5333 450 5389 Π.
490 5333 639 5390 Petr.
673 5347 748 5388 ιη.
781 5333 868 5388 15.
903 5332 951 5369 ³⁸
983 5329 1239 5388 11)ίὰ.16.
1271 5327 1320 5366 η
1351 5331 1393 5386 ι.
1427 5319 1555 5395 Οότ,
1583 5343 1708 5394 xxv,
1734 5330 1824 5386 18'.

1612 4919 1829 4989 γέλωτος

1933 4563 2298 4621 convertere,
2331 4557 2407 4611 ibi
2445 4556 2600 4612 risus
2643 4561 2698 4612 et
2738 4557 3023 4611 irrisionis
3065 4558 3372 4613 materiem
3422 4558 3586 4614 exhi-

1935 4649 2118 4705 beret.
2165 4649 2442 4710 Omnino,
2477 4660 2549 4699 ne
2580 4647 2825 4714 quidem
2861 4645 2934 4700 ab
2981 4645 3236 4700 inimicis
3267 4648 3390 4701 suis
3423 4649 3587 4704 haud

1938 4739 2019 4793 ita
2046 4750 2319 4791 sermone
2342 4733 2804 4806 contemptibilis
2827 4733 3181 4788 habebatur.
3213 4735 3354 4800 Quae
3385 4740 3585 4792 autem

1939 4823 2242 4897 quispiam
2273 4822 2595 4877 intuebitur
2621 4821 2678 4876 in
2736 4821 2976 4877 laudem
3031 4823 3299 4894 martyrii
3330 4826 3590 4898 tendere,

1940 4930 2060 4970 non
2106 4917 2196 4967 est
2251 4927 2356 4967 cur
2400 4911 2620 4983 aliquis
2680 4911 2956 4976 declinet,
3002 4910 3136 4966 licet
3176 4928 3429 4982 magnos
3477 4914 3591 4970 sibi

1943 5005 2214 5060 assumat
2254 5001 2523 5072 spiritus,
2557 5004 2612 5056 et
2643 5016 2746 5071 per
2777 5001 2979 5055 omnia
3010 4999 3148 5055 velit
3176 5017 3304 5056 esse
3349 4993 3590 5059 conten-

1943 5094 2251 5148 tiosuszet
2301 5090 2396 5145 hic
2438 5105 2638 5145 meum
2679 5087 2809 5144 vide
2868 5085 3315 5150 testimonium:
3348 5091 3594 5150 Sitiebat

1944 5182 2108 5240 Pauli
2134 5178 2495 5250 senguinem
2511 5178 2853 5234 Judaaorum
2875 5177 3040 5235 natio
3070 5195 3082 5234 :
3113 5177 3206 5234 ille
3232 5179 3456 5236 lumine
3477 5198 3592 5238 cce-

1587 5470 1816 5526 VARUE
1846 5467 2140 5526 [ΞΕ.τίοΝ
2149 5467 2250 5523 ES.

307 5633 338 5666 ι
370 5620 564 5695 ἒκείνῳ.
599 5623 659 5679 C.
694 5623 764 5678 M.
795 5617 1026 5682 ἐκείνοις.
1102 5629 1133 5672 1
1163 5615 1447 5678 ἐπιπνοίας.
1477 5616 1534 5672 C.
1563 5615 1632 5669 M.
1666 5613 1913 5676 ἐπινοίας.
