3906 6186
79 333 158 388 585

80 476 216 528 anno;
239 452 292 508 δὲ
326 449 409 508 διὰ
437 463 526 507 τῶν
581 464 842 527 συγγενῶν
889 459 1162 532 νοημάτων
1202 463 1292 518 την
1330 466 1430 511 τῶν
1471 476 1602 531 πρα-
1635 455 1682 510 Α

77 549 245 617 γμάτων
279 548 416 617 φύσιν
468 546 829 615 άναπτύσσειν,
869 552 960 600 καὶ
1020 552 1064 601 εἰ
1105 569 1205 601 που
1238 553 1396 623 χρεία
1439 546 1603 620 ἕμφά-

81 655 192 698 οπως,
249 641 493 706 μυστικῶς
543 632 594 687 εὖ
657 635 798 707 μάλα
847 642 938 688 καὶ
993 637 1298 698 τελεστικῶς
1346 635 1599 688 ἀνακαλύ-

77 744 184 776 πτειν
233 729 314 782 τὴν
365 732 454 775 τῶν
523 730 883 798 κεκρυμμένων
948 725 1203 786 ἀληθειαν.
1273 735 1452 780 Ταῦτα
1513 729 1602 798 μὲν

77 817 150 884 γὰρ
189 821 270 873 τῆς
315 811 542 884 ἐμφύτου,
586 819 675 866 καὶ
731 820 978 887 κοσμίοις,
1036 822 1125 868 καὶ
1184 815 1464 888 βιωφελούς
1513 821 1603 866 τοῦ

74 902 188 972 λογον
229 906 423 973 σοφίας’
456 900 619 954 ἐκεῖνα
672 899 732 955 δὲ
782 912 875 966 τῆς
925 907 1217 977 τερπούσης
1273 909 1364 962 τὴν
1418 903 1602 974 ἄλογον

79 992 290 1054 αῖεθησιν,
325 996 406 1042 καὶ
457 998 569 1053 ταῖς
619 1001 982 1067 παρατροπαῖς
1027 993 1216 1066 μᾶλλον
1246 997 1331 1045 καὶ
1372 1002 1444 1064 τῷ
1481 1013 1602 1044 νεω-

76 1083 275 1152 τιρίζοντι
299 1083 580 1154 χαιρούσης
613 1084 743 1146 ἤθει,
771 1088 862 1134 καὶ
900 1085 1028 1156 πρὸς
1067 1086 1154 1154 μὲν
1183 1082 1422 1154 ὠφέλειαν
1454 1078 1602 1134 οὐδὲν

75 1172 244 1239 ὁρώσης,
273 1169 334 1230 εἰς
375 1173 584 1244 κρότους
632 1166 692 1222 δε
734 1176 822 1222 καὶ
862 1171 1153 1238 κολακείας,
1204 1175 1292 1223 καὶ
1323 1171 1480 1223 πολύν
1509 1170 1603 1229 λῆ-

73 1279 150 1328 ρον,
173 1254 498 1328 διαλυομένης.
533 1259 644 1311 Ούκ
684 1257 744 1318 ἦν
782 1261 885 1334 ἄρα
931 1257 1024 1312 διὰ
1053 1269 1221 1312 ταῦτα
1261 1269 1354 1322 τῆς
1387 1259 1604 1331 μεγαλο-

74 1351 176 1407 mia;
213 1346 394 1398 Παύλου
441 1344 558 1400 οὐδ’
595 1346 748 1420 ἐγγύς
777 1347 1183 1421 ἀπομιμεῖσθαι,
1215 1350 1268 1400 ὃν
1311 1353 1376 1401 σύ
1415 1357 1510 1408 τῆς
1554 1348 1602 1399 ἐν

73 1435 166 1504 λόγῳ
188 1432 420 1508 δυνάμεως
451 1437 584 1508 (19),
618 1437 694 1489 ἐπ’
741 1439 901 1499 αὐτῆς
933 1443 1094 1511 φέρων
1142 1437 1384 1510 κεφαλῆς,
1413 1457 1603 1511 μονον-

72 1530 162 1593 ουχὶ
183 1532 475 1596 προσκυνεῖς,
494 1530 602 1588 τὸν,
628 1525 694 1579 Ἶῐ
725 1524 780 1579 δ’
805 1529 859 1588 ὃς
884 1543 898 1558 ⁸
927 1532 1037 1588 τὸν.
1058 1527 1156 1580 Ἦν
1179 1524 1229 1580 δ’
1247 1527 1475 1598 έ7ώ⁶”Ως
1503 1530 1600 1579 πού

72 1632 126 1674 τις
146 1618 216 1666 καὶ
247 1622 334 1665 τῶν
361 1615 430 1676 εἰς
458 1611 618 1677 δόξαν
651 1615 850 1668 οἰκείων
881 1616 1036 1669 αὐτὸν
1081 1615 1414 1688 ἀπεσέμνυνε,
1442 1635 1603 1690 προσ-

71 1704 168 1758 θείην
212 1699 254 1754 δ’
290 1702 344 1753 ἂν
377 1705 552 1774 ἔγωγε,
606 1709 698 1756 καὶ
747 1705 887 1777 μάλα
916 1706 1144 1770 εἰκότως,
1200 1709 1410 1757 καὶτὸν
1459 1706 1600 1758 Ἐπε-

1073 333 1172 390 AD
1211 327 1753 388 AMPHILOCHIUM
1794 331 2125 400 QUIESTIO
2166 335 2327 391 XCII.

3253 344 3361 401 586

1715 458 1789 513 sit
1812 460 2066 532 mystico
2080 477 2264 528 more,
2295 465 2354 517 et
2372 461 2797 519 sacramentali
2818 462 3039 521 revelat
3050 466 3358 524 veritatem

1713 547 2228 608 absconditorum.
2249 552 2392 609 Haec
2406 552 2565 607 enim
2580 551 2817 608 dicendi
2831 554 3166 624 prudentia,
3195 571 3369 613 exon-

1715 641 1811 692 nat
1841 639 2177 696 naturalem
2208 645 2488 696 ornatum
2518 645 2576 696 et
2616 641 2750 696 vitta
2791 642 2995 698 utilem
3027 661 3040 709 ;
3073 644 3193 709 illa,
3227 661 3365 701 cum

1712 727 1814 797 qui
1848 727 2107 784 oblectat
2135 729 2536 785 irrationalem
2569 745 2831 800 sensum,
2860 747 2993 803 quas
3022 733 3155 804 ipsa
3175 735 3366 806 potius

1713 817 2130 873 eversionibus
2153 824 2207 873 et
2232 818 2597 874 novitatibus
2628 819 2882 875 afﬁcitur
2911 838 2924 888 ;
2957 822 3104 878 dum
3131 823 3362 880 nullum

1713 906 2015 960 commodi
2043 911 2382 978 respectum
2400 908 2603 974 habet,
2630 908 2806 963 sedin
2833 909 3199 981 applausum
3221 913 3366 968 adu-

1713 993 1998 1050 lationem
2013 995 2336 1067 etineptias
2372 1012 2564 1052 meras
2595 996 2926 1053 resolvitur.
2943 999 3230 1064 Quocirca
3241 1016 3363 1057 non

1713 1083 1913 1138 decuit
1941 1083 2251 1139 Paulinam
2279 1084 2440 1140 illam
2468 1083 2786 1140 sublimem
2814 1086 3190 1156 prudentiam
3222 1104 3294 1144 ne
3325 1105 3361 1146 a

1713 1172 2049 1244 prOpinquo
2099 1173 2339 1238 imitari,
2388 1172 2549 1228 illam
2599 1172 2836 1229 dicendi
2870 1174 3216 1232 facultatem
3245 1179 3363 1251 (19)

1711 1277 1898 1333 quam
1929 1266 1993 1316 tu
2019 1266 2244 1317 tantum
2269 1277 2388 1316 non
2423 1261 2664 1318 adoras.
2697 1265 2939 1334 Nempe,
2963 1265 3203 1337 inquam
3229 1282 3363 1336 ego,

1712 1351 1771 1405 in
1784 1351 2024 1423 quiebat
2047 1351 2160 1416 ille,
2193 1355 2258 1407 ut
2284 1351 2500 1408 alicubi
2523 1351 2619 1407 ille
2644 1353 2746 1424 qui
2767 1352 3080 1423 gloriolam
3108 1371 3366 1428 aucupa-

1711 1439 1910 1504 batur,
1957 1441 2224 1512 seipsum
2264 1440 2486 1496 laudat.
2537 1441 2641 1496 Cui
2685 1458 2791 1496 cur
2829 1459 2944 1498 non
2993 1458 3104 1513 ego
3154 1444 3362 1500 merito

1711 1528 1990 1599 adjiciam
2027 1547 2040 1594 ;
2074 1534 2128 1584 et
2151 1530 2334 1596 Quem
2361 1529 2695 1586 desideravi
2718 1532 3188 1602 ego,et,Agnovi
3215 1549 3360 1603 ego;

1712 1621 1786 1683 et,
1817 1617 2028 1672 Audivi
2054 1633 2184 1687 ego.
2209 1621 2323 1673 Nec
2345 1632 2457 1687 ego
2475 1617 2646 1674 illum
2668 1619 2828 1685 novi,
2861 1620 2965 1692 qui
2994 1620 3175 1693 longo
3205 1621 3365 1678 fasti-

1711 1706 1811 1762 dio
1841 1705 2156 1776 laboraret,
2182 1706 2240 1761 in
2264 1705 2374 1761 illis
2397 1708 2830 1778 percensendis,
2860 1709 2964 1781 qui
2988 1709 3049 1764 in
3073 1715 3306 1766 tantum
3327 1726 3365 1766 a

70 1790 294 1861 πενθειὲγώ
319 1810 331 1821 ·
349 1796 454 1860 καὶ,
478 1789 638 1865 ’ᾙδει
664 1793 760 1865 ἐγώ
795 1811 806 1823 ·
836 1800 946 1858 καὶ,
970 1797 1213 1852 Ἥκηκόει
1236 1798 1334 1864 ἐγώ
1368 1813 1379 1823 ⁸
1405 1799 1494 1846 καὶ
1515 1798 1600 1846 τὸν

1819 1795 2031 1850 borum
2087 1795 2446 1852 novitatibus
2485 1797 2904 1870 corrumpitur,
2952 1802 3007 1853 et
3044 1799 3361 1868 emollitur,

69 1880 131 1929 οὐκ
166 1878 250 1932 οἶδ’
283 1884 411 1944 ὅπως
459 1885 520 1934 ἄν
575 1902 653 1944 τις
712 1883 804 1935 ούκ
857 1884 928 1946 εἰς
979 1887 1182 1959 μακρὰν
1221 1882 1414 1943 ἀηδίαν
1447 1885 1602 1947 αὐτὸς

70 1968 226 2036 ἐμπέσοι
257 1972 312 2022 τά
339 1969 525 2024 ἑκείνου
570 1967 606 2024 δ
613 1971 778 2034 ιεξιών
807 1990 820 2002 ·
855 1973 911 2034 ὃς
953 1972 1036 2026 ἐπὶ
1075 1982 1319 2026 τοσοῦτον
1349 1981 1462 2036 ταῖς
1502 1983 1599 2026 τῶν

69 2059 256 2128 ῥημάτων
299 2065 657 2132 καινοτομίαις
710 2059 1156 2135 διαθρυπτόμενος
1207 2062 1488 2128 ἔθηλύνετο,
1533 2066 1600 2124 ὡς

68 2143 163 2212 μηδὲ
192 2155 453 2221 προσώπων
494 2151 674 2210 αὐτοῖς
716 2154 962 2224 ἐμφάσεις
1011 2155 1087 2204 ἔτι
1132 2151 1415 2225 βούλεσθαι
1444 2172 1601 2204 κατα-

68 2232 200 2300 λιπεῖν,
251 2236 314 2298 εἰς
369 2241 690 2312 παράσημον
741 2236 800 2292 δὲ
864 2243 1019 2292 τύπον
1085 2240 1464 2316 ἀπαρεμφάτων
1515 2244 1599 2294 τὸν

67 2332 314 2398 χαρακτῆρα
361 2332 566 2390 τούτοις
621 2327 1049 2401 μεταϐιάζεσθαι.
1100 2329 1196 2384 Ἐῶ
1245 2328 1304 2383 δε
1368 2339 1453 2383 νῦν
1512 2334 1599 2383 τὸν

67 2413 109 2460 τὰ
142 2411 404 2487 Ennianum
450 2426 551 2468 τῶν
615 2418 906 2491 ὀφθαλμῶν,
960 2422 1097 2472 κατά
1160 2419 1345 2492 ψυχὴν
1410 2421 1599 2493 μᾶλλον

66 2503 300 2569 πεπονθότα,
331 2507 358 2563 ἦ
392 2506 744 2579 φθεγξάμενον
777 2523 791 2538 ’
825 2513 915 2560 καὶ
957 2511 1022 2561 τὰ
1067 2517 1156 2570 τῆς
1205 2513 1398 2581 σαρκὸς
1436 2513 1600 2562 πιστά

64 2587 252 2643 ἐλπίσατα
293 2605 332 2661 ο,
396 2601 484 2647 καὶ
558 2599 788 2655 εὐσταθῆ
857 2603 1241 2668 καταστήματα
1299 2597 1600 2671 ἀθλιώτερον

66 2680 328 2748 maintain
364 2683 750 2757 ἕκληρὴσαντα,
807 2691 896 2738 καὶ
945 2687 1156 2750 πολλαῖς
1210 2690 1474 2749 τοιαύταις
1517 2688 1597 2740 λέ-

64 2776 272 2835 ςίοιςκαὶ
321 2782 499 2834 κακαῖς
530 2776 683 2836 οἰταις
728 2774 1154 2847 ἐνασελγαίνοντα
1193 2792 1205 2803 '
1247 2776 1314 2827 ὧν
1354 2773 1468 2828 οὐδ’
1499 2776 1600 2830 ἐτέ-

60 2874 123 2920 ρῦν
148 2865 346 2929 μιμητὴν
398 2863 470 2925 εἰς
523 2863 738 2935 λόγους,
771 2861 886 2917 οὐδ’
935 2868 979 2916 εἶ
1024 2885 1103 2927 τις
1143 2873 1377 2926 τοιοῦτος
1408 2867 1593 2939 ἔτερος,

59 2948 119 2993 τεν
152 2949 404 3018 θαυμάσιον
451 2953 680 3018 Παῦλον,
725 2950 848 3006 ούδε
898 2953 1086 3006 πολλοῦ
1135 2951 1234 3020 δεῖ,
1275 2957 1448 3028 ὥσπερ
1481 2953 1596 3008 οὐδ’

59 3031 106 3092 είς
137 3038 350 3109 πράξεις·
379 3038 494 3094 οὐδ’
549 3042 622 3102 εἰς
672 3041 840 3108 σέϐας,
886 3045 1027 3102 θείην
1075 3042 1134 3094 ἂν
1165 3047 1344 3116 ἔγωγε.
1381 3045 1454 3097 0'3
1494 3051 1596 3118 μὴν

60 3121 132 3170 2λῖ
156 3123 297 3186 ούδ⁹ἠ
341 3135 580 3202 Γόργειος
631 3128 842 3197 παιδιὰ,
877 3137 966 3184 καὶ
1017 3141 1207 3204 μικροῦ
1237 3139 1594 3207 παρισουμένη
1628 3161 1672 3221 c

54 3219 128 3271 rei;
169 3212 236 3268 ἐπὶ
281 3228 466 3280 σκηνῆς
522 3229 630 3272 τῶν
675 3229 945 3294 χορευτῶν
998 3227 1326 3296 σκιρτήμασι
1374 3229 1464 3275 καὶ
1506 3223 1594 3275 λυ-

55 3309 249 3372 ςιίσμασιν
292 3306 656 3379 ἀπαγγέλλειν,
714 3308 835 3372 ἀξία
879 3314 936 3363 τὸ
995 3309 1135 3384 βαθύ
1181 3317 1266 3365 καὶ
1326 3311 1598 3384 βεϐηκὸς(

54 3399 119 3438 τὴν
155 3392 337 3464 ὑψηλῶν
389 3397 602 3451 Παύλου
658 3403 946 3469 νοημάτων.
999 3399 1133 3453 Ἀλλ’
1173 3402 1372 3454 ἐκείνων
1401 3422 1459 3474 γε
1496 3411 1594 3454 τῶν

56 3485 164 3546 δέγνδ
190 3491 269 3542 τὸν
314 3487 550 3557 γλῶτταν
613 3487 727 3560 εἶχε
769 3494 978 3554 κανόνα,
1020 3489 1068 3542 οἱ
1111 3490 1425 3549 τηλικούτων
1464 3512 1594 3566 πρα-

54 3571 203 3635 γμάτων
244 3578 321 3625 τὸν
373 3585 490 3628 νοῦν
542 3577 771 3652 ἐκφέρειν
819 3574 1064 3630 ἐδύναντο
1121 3580 1235 3632 κατ’
1285 3579 1453 3645 ἀξίαν)
1494 3601 1594 3654 μη⁶

54 3651 109 3705 δεῖ
150 3667 257 3729 μήτε
305 3661 578 3728 δολοῦντες
638 3671 770 3737 μήτε
837 3666 1213 3739 ἐξυϐρίζοντες.
1273 3693 1301 3720 ‹‹
1332 3669 1402 3722 ⁴Ω
1431 3669 1592 3742 βάθος

53 3743 214 3800 πλούτου
247 3758 326 3804 καὶ
358 3761 549 3826 σοφίας
600 3759 686 3807 καὶ
723 3763 964 3826 γνώσεως
1008 3765 1140 3810 Θεοῦ
1175 3757 1186 3811 l
1224 3761 1290 3820 ὡς
1340 3757 1589 3834 ἀνεξερεύ-

49 3853 135 3886 ὀττα
165 3842 217 3890 τὰ
262 3849 489 3915 κρίματα
548 3844 732 3909 αὐτού,
795 3851 883 3897 καὶ
935 3844 1320 3918 ἀνεξιχνίαστοι
1370 3851 1423 3900 αἱ
1473 3845 1586 3900 ὁδοὶ

51 3933 159 3974 Mc?)
183 3927 193 3979 ἶ
219 3935 317 3996 καὶ,
354 3956 379 3981 ιι
407 3938 502 3996 Τίς
545 3937 676 4005 ἔγνω
719 3942 836 3985 νοῦν
884 3939 1096 4009 Κυρίου,
1132 3937 1160 3994 ἦ
1197 3941 1269 3997 τίς
1303 3936 1588 4008 σύμϐουλος

47 4023 156 4065 τλτοὺ
205 4016 381 4088 ἐγένετο
423 4040 436 4089 ;
475 4043 501 4073 ν
561 4023 618 4084 ἡ,
669 4044 696 4072 ι(
756 4028 847 4084 Τίς
920 4021 1212 4099 προέδωκεν
1292 4025 1433 4096 αύτῴ
1497 4029 1586 4078 καὶ

48 4103 459 4166 αντιποδοθήσεται
526 4111 716 4181 αύτῷ;
759 4117 991 4184 Χριστὸς
1061 4115 1200 4185 ἡμᾶς
1272 4113 1585 4187 ἕξηγόρασεν

47 4205 82 4235 α
123 4200 194 4254 τῆς
248 4201 470 4271 κατάρας
525 4209 622 4252 τοῦ
688 4206 868 4272 νόμου,
931 4207 1197 4274 γενόμενος
1257 4205 1382 4278 ὑπὲρ
1440 4205 1584 4276 ἡμῶν

47 4285 205 4348 κατάρα.
237 4309 261 4336 n
293 4287 403 4341 Ἐπὶ
458 4294 631 4361 ταύτῃ
693 4298 754 4362 τῇ
808 4295 964 4362 σοφίᾳ
1007 4295 1094 4343 τὸν
1133 4289 1458 4345 διδάσκαλον
1485 4293 1583 4365 ἐγὼ

44 4373 107 4426 τὶς
147 4373 422 4446 οἰκουμένης
463 4381 683 4446 θειάζω,
748 4385 836 4432 καὶ
902 4382 1120 4441 θειάζειν
1173 4381 1232 4432 ἂν
1296 4381 1455 4444 ἀξίως
1509 4388 1580 4454 μὴ

41 4467 234 4530 τΰλμιςρὸν
286 4467 556 4538 εὐξαίμην,
596 4465 670 4520 δι’
715 4469 774 4540 ᾗς
821 4477 1040 4520 τοιαῦτα
1087 4470 1377 4542 ἐφθέγγετο,
1428 4471 1581 4530 εύση-

40 4553 186 4616 iurgi“:
227 4561 304 4606 καὶ
348 4559 579 4630 σταθερᾴ
628 4555 758 4618 λέξει
800 4561 856 4608 τὸ
905 4561 1076 4627 νόημα
1135 4569 1422 4630 παριστῶν,
1471 4581 1578 4613 κοι-
1612 4519 1658 4576 D

42 4651 95 4680 ιον
136 4635 182 4689 δε
226 4649 346 4695 πᾶσι
399 4650 458 4698 τὸ
521 4645 698 4717 ὄφελος
760 4649 1041 4720 προτιθεὶς.
1095 4652 1158 4700 Τί
1211 4646 1261 4700 δ’
1314 4649 1373 4700 ἆν
1422 4653 1584 4713 εἴποις

41 4722 288 4796 “iV-"Diam;
333 4734 495 4786 αὐτοῦ
546 4739 607 4786 τὸ
648 4737 874 4810 καθαρὸν
928 4745 1027 4787 τῶν
1084 4738 1351 4811 ῥημάτων,
1400 4739 1457 4790 ού
1485 4746 1583 4811 μό-

36 4825 93 4857 .m
133 4816 233 4868 ὅσον
287 4821 352 4881 εἰς
410 4821 678 4896 ὀρθότητα
732 4832 901 4895 φωνῆς
951 4830 1039 4877 καὶ
1096 4833 1418 4898 συμμετρίαν
1468 4831 1581 4886 ἣκει

41 4899 232 4969 tam!”
275 4909 586 4983 ἐναρμονὶως
638 4912 1057 4985 συστελλόμενον,
1117 4913 1243 4966 ἀλλὰ
1294 4921 1383 4968 καὶ
1442 4919 1485 4968 εί
1531 4936 1580 4968 τι

37 5003 124 5052 τλκς
183 5001 264 5053 τὴν
333 5010 431 5051 τῶν
492 5004 815 5075 πραγμάτων
883 5001 1149 5074 ἀφήγησιν
1216 5003 1576 5070 ἀπευθύνεται,

35 5075 156 5138 ἓῖδῖδ
198 5094 282 5136 τῶν
325 5087 619 5160 ἀναγκαίων
675 5091 857 5153 ἔξωθεν
905 5091 1293 5168 ἐπισυρόμενον,
1343 5093 1417 5165 ἐφ’
1458 5095 1578 5147 ὅσον

35 5179 69 5213 τε
120 5175 162 5220 τὸ
223 5183 559 5252 τετραμμένον
625 5188 726 5231 τῶν
797 5179 1079 5253 ὀνομάτων,
1138 5187 1228 5234 καὶ
1305 5183 1424 5234 ὅσον
1495 5181 1578 5236 ἐπὶ

85 5283 120 5314 ¹τ
151 5288 300 5349 Rom.
323 5309 400 5363 xx,
441 5299 535 5352 33.
637 5296 685 5332 "
707 5295 899 5352 Galat.
932 5311 1013 5362 ιιι,
1051 5296 1135 5354 i3.

1713 1889 1771 1939 ut
1814 1900 1922 1939 nec
1951 1884 2149 1939 vultus
2192 1885 2772 1956 repraesentationem
2806 1886 3071 1960 aliquam
3111 1887 3249 1943 velit
3278 1903 3365 1943 re-

1714 1989 1953 2029 manere
1978 1989 1991 2039 ;
2022 1973 2127 2028 sed
2142 1973 2199 2027 in
2213 1973 2470 2043 ﬁguram
2488 1973 2661 2029 nobis
2680 1975 3088 2044 conjunctam,
3106 1976 3232 2032 sine
3247 1976 3364 2032 ulla

1712 2061 2141 2131 signiﬁcatione
2197 2061 2600 2119 characterem
2668 2079 2874 2120 eorum
2940 2065 3353 2136 compingare.

1711 2151 1870 2206 Mitto
1900 2151 1960 2206 in
2000 2151 2274 2223 praesenti
2302 2151 2700 2208 oblinimenta
2721 2152 3054 2221 oculorum,
3085 2169 3219 2225 qua:
3242 2156 3364 2210 ani-

1711 2256 1879 2294 mum
1898 2240 2096 2311 potius
2115 2240 2390 2306 aﬂiciunt,
2412 2256 2594 2313 quam
2610 2241 2935 2314 loquuntur
2966 2258 2978 2298 :
3014 2242 3209 2298 carnis
3231 2259 3362 2314 spe-

1710 2334 1902 2384 ratam
1925 2329 2405 2386 constitutionem
2435 2330 2510 2385 ad
2533 2335 2828 2393 amantes,
2855 2331 2947 2388 vel
2974 2331 3034 2386 in
3063 2346 3133 2387 ea
3162 2332 3360 2404 potius

1709 2417 2042 2483 delirantes,
2076 2435 2145 2474 ac
2177 2418 2377 2474 multis
2404 2418 2740 2474 istiusmodi
2787 2419 3039 2489 negotiis
3069 2419 3267 2492 impiis
3307 2424 3362 2476 et

1709 2507 2075 2563 damnandis
2102 2507 2498 2574 lascivientes,
2520 2523 2780 2580 quorum
2808 2508 2867 2562 in
2889 2509 3145 2564 dicendo
3170 2508 3361 2565 imita-

1709 2598 1932 2652 tionem
1977 2595 2312 2652 mirabilem
2348 2597 2512 2652 illum
2554 2597 2832 2664 Paulum,
2866 2597 3089 2652 nedum
3121 2613 3361 2654 venera-

1710 2691 1897 2741 torem
1949 2686 2220 2753 dixerim,
2276 2690 2332 2742 et
2368 2686 2586 2755 agendi
2618 2685 2988 2757 participem.
3046 2687 3196 2752 Quin
3249 2703 3360 2742 nec

1709 2773 2184 2846 Gorgiaeludicra
2197 2773 2405 2839 oratio,
2424 2775 2539 2829 fere
2554 2789 2687 2830 cum
2705 2776 2940 2829 scenica
2953 2774 3356 2846 adaequanda,

1709 2869 1951 2936 propter
1980 2863 2318 2919 saltationes
2346 2863 2405 2917 in
2429 2863 2626 2918 choris
2658 2862 2992 2918 salientium
3020 2879 3033 2928 ;
3067 2870 3122 2918 et
3151 2863 3359 2919 molles

1708 2953 2072 3019 inﬂexiones,
2105 2957 2360 3007 meretur
2390 2967 2528 3007 cum
2560 2951 2844 3019 gravitate
2866 2957 2917 3006 et
2940 2951 3171 3006 incessu
3202 2952 3360 3009 Pau-

1708 3042 1811 3097 lini
1842 3058 2052 3098 sensus
2079 3040 2380 3111 componi,
2418 3039 2520 3095 sed
2552 3039 2824 3109 linguam
2865 3038 2958 3094 ille
2990 3056 3155 3095 suam
3187 3055 3356 3111 regu-

1706 3131 1828 3188 lam
1865 3130 2124 3186 habebat
2163 3129 2334 3202 quasi
2375 3144 2722 3184 sermonum
2755 3127 2992 3183 illorum
3017 3129 3112 3200 qui
3150 3128 3355 3184 efferre

1706 3223 1980 3292 poterant
2007 3235 2116 3291 pro
2146 3217 2430 3288 dignitate
2457 3222 2753 3274 tantarum
2801 3232 3000 3272 rerum
3032 3233 3278 3272 sensum
3301 3223 3358 3272 et

1706 3307 2082 3373 sententiam,
2126 3308 2250 3363 sine
2283 3306 2399 3362 ulla
2422 3306 2512 3361 sui
2539 3305 2922 3361 contumelia.
2947 3327 2974 3355 «
3011 3307 3053 3362 Ο
3107 3306 3355 3362 altitudo

1705 3399 2041 3454 divitiarum
2074 3396 2378 3469 sapientiae
2403 3400 2460 3452 et
2487 3394 2845 3465 cognitionis
2871 3394 3090 3450 divinas
3123 3394 3135 3449 l
3169 3411 3355 3467 quam

1703 3487 2106 3544 inscrutabilia
2135 3485 2363 3558 judicia
2393 3485 2521 3556 ejus
2553 3489 2610 3540 et
2647 3483 3220 3556 impervestigabiles
3246 3485 3356 3540 vias

1703 3579 1829 3648 ejus
1863 3578 1876 3633 ι
1915 3597 1942 3629 ››
1979 3579 2066 3646 Et,
2098 3598 2122 3626 (ι
2150 3575 2290 3641 Quis
2307 3575 2466 3630 novit
2495 3578 2754 3629 mentem
2781 3573 3072 3630 Domini?
3104 3573 3195 3629 vel
3221 3574 3356 3646 quis

1703 3667 1779 3722 illi
1807 3667 1915 3722 fuit
1943 3683 1978 3721 a
2005 3665 2264 3721 consiliis
2299 3665 2341 3699 ¹⁷
2367 3663 2396 3718 ‘i
2425 3683 2453 3715 »
2484 3664 2570 3728 Et,
2607 3685 2631 3713 α
2667 3662 2808 3728 Quis
2847 3663 3012 3735 prius
3053 3661 3213 3718 dedit
3242 3662 3356 3734 ipsi

1702 3763 1761 3812 ut
1805 3755 2164 3811 retribuatur
2191 3754 2241 3808 ei
2267 3752 2295 3807 ?
2353 3753 2618 3807 Christus
2659 3767 2768 3807 nos
2821 3753 3131 3807 redemita
3164 3750 3353 3806 male-

1698 3845 1952 3900 dictione
1976 3843 2145 3916 legis,
2170 3845 2358 3898 factus
2388 3841 2518 3913 ipse
2545 3857 2653 3912 pro
2675 3841 2850 3897 nobis
2879 3839 3220 3896 maledictio
3252 3840 3298 3875 1°
3323 3859 3351 3891 »

1699 3934 1785 3991 Ob
1812 3933 2165 4004 hancipsius
2198 3930 2574 4002 sapientiam,
2603 3929 2810 3984 mundi
2833 3929 3141 3985 doctorem
3165 3927 3353 3983 admi-

1697 4040 1795 4080 ror
1823 4039 1956 4091 ego,
1979 4037 2171 4094 neque
2195 4026 2280 4076 est
2307 4036 2444 4075 cum
2476 4019 2731 4074 audacia
2762 4018 3082 4088 conjuncta
3104 4017 3224 4072 haec
3249 4016 3352 4071 ad-

1698 4113 1933 4168 miratio
1967 4126 2098 4166 mea
2132 4129 2143 4165 :
2187 4109 2291 4182 qui
2322 4124 2459 4164 cum
2493 4107 2649 4163 istud
2685 4105 3114 4179 pronuntiabat
3142 4103 3351 4159 intelli-

1697 4201 1856 4271 gibili
1909 4205 1965 4255 et
2015 4199 2308 4255 constanti
2342 4213 2635 4261 sermone,
2692 4193 3145 4264 intelligendum
3177 4192 3348 4247 exhi-

1699 4292 1867 4355 bens,
1930 4305 2074 4361 quo,
2130 4288 2187 4342 id
2232 4287 2387 4360 quod
2417 4285 2702 4341 omnibus
2749 4283 3046 4348 conducit,
3085 4281 3344 4336 docetur.

1697 4381 1848 4447 Quid
1879 4380 2142 4434 dicturus
2173 4383 2259 4432 est
2290 4374 2567 4430 dictionis
2606 4373 2920 4445 puritatem
2953 4371 3202 4436 intuens,
3237 4385 3346 4425 nec

1697 4470 1855 4526 illam
1887 4485 2021 4539 quae
2044 4471 2267 4539 spectat
2295 4463 2704 4520 rectitudinem
2729 4461 2910 4525 vocis,
2942 4465 2998 4515 et
3017 4475 3348 4528 congruen-

1698 4568 1780 4616 ter
1810 4557 2103 4613 consentit
2153 4571 2290 4610 cum
2334 4551 2562 4625 periodi
2594 4549 2930 4617 harmonia,
2963 4549 3066 4602 sed
3101 4547 3346 4603 ulterius

1693 4650 1768 4705 ad
1800 4663 1997 4703 rerum
2031 4643 2431 4715 cognitionem
2463 4640 2732 4709 dirigitur
2762 4637 3200 4711 explicandam,
3236 4653 3344 4692 nec

1691 4737 2023 4812 quidquam
2049 4734 2454 4788 necessarium
2478 4731 2551 4786 de
2573 4729 2716 4786 foris
2734 4727 3001 4784 accersit.
3041 4726 3154 4782 Sed
3178 4727 3342 4798 quod

1693 4841 1905 4882 vocum
1939 4822 2334 4878 inversionem
2361 4824 2600 4892 spectat,
2624 4824 2679 4874 et
2709 4818 2927 4873 durum
2963 4815 3107 4890 quid
3141 4831 3259 4888 prie
3281 4831 3342 4870 se

1691 4916 1797 4970 fert
1826 4911 2173 4968 distinctum
2214 4909 2356 4964 scite
2387 4907 2662 4976 ablegat:
2711 4905 2951 4961 sublimi
2987 4903 3185 4977 generi
3219 4920 3342 4977 per-

1690 5001 2082 5074 spicuitatem,
2112 4999 2156 5054 si
2185 4997 2319 5070 quis
2342 4995 2513 5063 alius,
2549 5011 2752 5051 revera
2781 4994 2915 5068 plus
2953 5011 3134 5067 quam
3167 4993 3338 5059 alius,

1693 5091 1911 5163 ubique
1942 5089 2374 5144 intermiscens.
2409 5087 2523 5140 Nec
2555 5084 2650 5139 hic
2703 5098 3124 5149 commemoro,
3174 5083 3340 5155 quod

1688 5179 2088 5237 conciliatorio
2119 5182 2173 5233 et
2200 5173 2510 5231 dictatorio
2541 5172 2780 5230 dicendi
2813 5188 3029 5246 genere
3077 5171 3342 5228 variatur

1319 5403 1408 5458 VA
1419 5405 1551 5461 RI/E
1586 5401 1980 5460 LECTIONES.

83 5506 102 5534 ⁸
126 5498 176 5555 C-
197 5503 262 5558 Π.
280 5504 593 5580 ίλπίσματα.

705 5506 729 5549 f
753 5509 829 5566 ἶσ.
860 5507 1063 5582 [male]
1098 5507 1424 5574 ἐπιϐιϐηκός.
1446 5513 1506 5568 C.
1531 5513 1607 5570 Μ.
1643 5508 1884 5583 βεϐηκός.

1522 5615 1751 5676 NOTAE.

86 5700 188 5776 (19')
215 5705 508 5770 Platonem
543 5711 830 5786 intelligit.
