4136 6198
528 315 636 383 58.7

535 544 671 607 quae
710 524 963 581 maximo
1020 523 1245 579 honore
1286 521 1447 593 apud
1506 521 1782 576 homines
1838 518 2181 575 habentur:

535 605 643 673 nec
670 614 832 687 quod
866 612 1166 667 neminem
1189 610 1493 682 habetqui
1521 610 1713 683 possit
1745 609 1940 681 ipsum
1966 605 2183 661 imitari

536 706 597 760 in
620 701 1009 759 illuminanda
1036 706 1092 754 et
1119 699 1467 755 illustranda
1496 702 1780 755 oratione.
1816 718 1843 747 (ι
1878 698 2187 753 Certamen

536 793 762 849 bonum
792 789 1011 845 certavi
1046 809 1058 847 :
1102 804 1341 844 cursum
1385 786 1610 843 confeci
1646 804 1659 840 :
1694 786 1875 843 ﬁdem
1912 782 2140 838 servavi
2172 798 2185 846 ;

537 883 611 959 de
638 885 865 945 caetero,
898 878 1158 950 reposita
1185 882 1275 932 est
1312 877 1449 931 mihi
1500 876 1743 946 justitiaa
1788 889 2004 929 corona
2050 874 2117 921 ιθ.
2159 892 2186 919 ››

542 974 625 1035 Et,
655 989 682 1019 «
708 973 789 1039 Ita
818 983 1009 1031 curro,
1036 971 1094 1021 ut
1121 982 1241 1020 non
1264 965 1322 1019 in
1351 981 1573 1020 vanum
1612 981 1625 1018 :
1660 966 1739 1019 ita
1770 969 1949 1027 certo,
1983 966 2047 1015 ut
2068 974 2188 1015 non

540 1076 735 1116 aerem
764 1056 1072 1127 ﬂagellans
1094 1057 1161 1109 ²⁰.
1178 1073 1311 1103 ››-‹‹
1331 1054 1440 1119 Qui
1459 1053 1517 1108 in
1536 1054 1721 1109 forma
1736 1051 1886 1108 servi
1900 1050 2190 1105 exsistens

539 1164 660 1219 non
679 1145 971 1218 reputavit
995 1145 1262 1215 rapinam
1294 1159 1425 1198 esse
1456 1142 1750 1213 aequalem
1780 1143 1913 1205 Deo,
1937 1137 2041 1194 sed
2068 1136 2189 1193 exi-

540 1236 768 1292 nanivit
814 1234 1225 1305 semetipSUm,
1292 1231 1449 1287 servi
1517 1231 1771 1285 formam
1840 1242 2181 1283 assumens.

542 1328 920 1397 Quapropter
966 1326 1119 1378 Deus
1156 1322 1355 1393 ipsum
1396 1318 1874 1392 superexaltavit,
1926 1322 1983 1373 et
2031 1314 2194 1371 dedit

540 1414 622 1469 illi
648 1429 872 1470 nomen
905 1427 1083 1483 super
1113 1425 1292 1466 omne
1326 1424 1558 1474 nomen,
1596 1413 1658 1462 ut
1689 1408 1745 1462 in
1778 1406 2025 1462 nomine
2055 1405 2194 1458 Jesu

544 1519 721 1559 omne
768 1518 927 1573 genu
970 1500 1261 1561 ﬂectatur,
1303 1497 1655 1562 caelestium,
1705 1495 2093 1557 terrestrium,
2140 1498 2195 1546 et

543 1592 915 1648 infernorum
949 1608 961 1644 :
997 1595 1054 1644 ct
1103 1587 1301 1643 omnis
1352 1586 1559 1657 lingua
1599 1586 1979 1651 conﬁteatur,
2029 1580 2195 1654 quod

548 1682 837 1736 Dominus
866 1680 1031 1734 Jesus
1064 1677 1328 1733 Christus
1344 1681 1429 1730 est
1452 1674 1511 1728 in
1540 1674 1731 1745 gloria
1748 1672 2049 1728 DeiPatris
2074 1672 2141 1724 ²¹.
2167 1690 2191 1719 ι)

547 1777 603 1825 et
637 1786 648 1823 ε
691 1791 714 1819 α
750 1766 1129 1824 Conversatio
1160 1770 1364 1821 nostra
1393 1765 1451 1817 in
1483 1762 1645 1818 cmlis
1676 1767 1781 1826 est,
1824 1760 1983 1815 unde
2016 1765 2070 1814 et
2096 1775 2194 1814 ex-

547 1864 890 1931 spectamus
916 1859 1286 1912 Servatorem
1316 1853 1621 1908 Dominum
1647 1852 1853 1906 Jesum
1877 1850 2196 1916 Christum,

547 1948 650 2021 qui
690 1944 1140 2003 transformabit
1178 1959 1398 2014 corpus
1450 1940 1799 1995 humilitatis
1843 1944 2082 2003 nostrae,
2136 1941 2199 1991 ut

547 2036 905 2092 assimiletur
935 2033 1169 2106 corpori
1204 2032 1405 2103 gloriae
1445 2030 1634 2103 ipsius
1672 2032 1744 2086 ”.
1786 2053 1813 2079 »
1844 2028 2021 2084 Valde
2062 2031 2201 2081 sunt

547 2127 675 2182 haec
715 2124 1092 2181 admiranda.
1126 2121 1367 2191 (Quidni
1399 2120 1582 2190 enim)
1611 2136 1748 2174 cum
1792 2118 1870 2175 ob
1900 2117 2037 2183 alia,
2071 2121 2198 2171 tum

547 2220 793 2289 propter
813 2212 1294 2287 perspicuitatem
1314 2215 1369 2265 et
1398 2210 1720 2282 puritatem
1745 2223 2042 2262 summam
2060 2221 2197 2261 con-

550 2310 906 2362 currentem.
943 2302 1057 2357 Sed
1081 2300 1279 2374 qualis
1301 2300 1481 2354 fuitin
1515 2297 1843 2365 sententiis,
1881 2296 2015 2351 talis
2035 2294 2199 2352 vide-

549 2400 642 2452 tur
668 2396 729 2449 in
756 2393 1044 2448 sententia
1064 2390 1332 2456 ferenda,
1356 2388 1415 2441 in
1452 2385 1890 2453 convincendo,
1918 2386 1981 2441 in
2003 2400 2197 2455 repre—

547 2483 889 2549 hendendo,
925 2497 1061 2537 cum
1098 2484 1344 2549 oportet,
1378 2492 1429 2541 et
1456 2474 1764 2547 quomodo
1803 2478 2052 2546 oportet,
2095 2488 2201 2544 per

548 2572 1015 2643 declarationem
1044 2574 1100 2622 et
1129 2566 1599 2621 testificationem
1630 2579 1749 2618 non
1788 2563 2195 2618 ﬂuctuantem'

554 2684 579 2714 (ι
634 2663 697 2715 In
727 2676 849 2732 quo
896 2657 1033 2729 quis
1081 2655 1355 2719 vincitur,
1390 2652 1443 2709 ei
1475 2668 1681 2707 servus
1722 2650 2029 2722 subjicitur
2069 2651 2137 2704 ²³.
2175 2671 2202 2698 ››

552 2772 579 2804 ‹‹
636 2750 1030 2817 Corrumpunt
1076 2744 1269 2800 bonos
1301 2758 1497 2798 mores
1526 2739 1820 2812 colloquia
1856 2756 2043 2813 prava
2070 2741 2138 2795 ³⁸.
2176 2760 2203 2787 ››

551 2843 637 2911 Et,
672 2862 699 2888 ‹‹
734 2839 853 2893 Hoc
881 2834 1137 2899 afﬁrmo,
1196 2832 1359 2903 quod
1392 2846 1531 2885 caro
1561 2836 1616 2883 et
1648 2830 1916 2899 sanguis,
1944 2844 2202 2899 regnum

549 2930 648 2997 Dei
671 2943 793 2984 non
814 2922 1213 2999 possidebunt
1245 2941 1257 2979 :
1291 2936 1486 2993 neque
1506 2918 1664 2975 enim
1683 2918 1983 2991 corruptio
2008 2919 2199 2974 haare-

549 3018 762 3075 ditabit
790 3013 1298 3086 incorruptionem
1351 3011 1420 3065 ³⁵.
1456 3032 1482 3058 ι»
1514 3040 1583 3049 -
1640 3008 1971 3065 Currebatis
2026 3007 2200 3075 bene,

549 3110 685 3183 quis
722 3122 823 3162 vos
862 3101 1175 3160 fascinavit
1233 3104 1296 3156 ut
1350 3115 1425 3155 ne
1479 3098 1709 3154 veritati
1758 3098 2200 3170 obtemperare-

551 3200 623 3254 tis
652 3200 763 3252 ιδ.»
789 3195 854 3250 Et
886 3210 896 3247 :
934 3212 963 3244 ι(
994 3190 1175 3247 Nolite
1199 3204 1419 3254 errare,
1447 3190 1598 3243 Deus
1639 3203 1762 3244 non
1788 3187 2051 3243 illuditur
2076 3188 2147 3243 ³⁷.
2170 3208 2197 3236 ››

553 3289 618 3344 Ει
649 3306 661 3342 :
702 3310 721 3335 ι
778 3288 861 3340 En
891 3298 1001 3351 ego
1032 3279 1246 3336 Paulus
1293 3277 1460 3333 vobis
1500 3277 1787 3333 denuntio
1823 3276 1985 3349 quod
2020 3276 2067 3332 si
2098 3277 2205 3332 cir-

550 3371 991 3433 cumcidemini,
1032 3368 1298 3423 Christus
1336 3365 1506 3421 vobis
1546 3366 1690 3422 nihil
1738 3366 2000 3422 Proderit
2049 3366 2116 3418 ²⁸.
2176 3386 2199 3416 υ

550 3467 617 3521 Et
649 3482 661 3520 :
697 3486 718 3513 ι
750 3460 1055 3517 Testiticor
1076 3457 1243 3513 omni
1259 3453 1490 3511 homini
1512 3455 1889 3519 circumciso,
1914 3455 2079 3527 quod
2104 3454 2205 3510 de-

552 3554 710 3609 bitor
765 3555 853 3605 est
903 3547 1004 3604 toti
1068 3545 1182 3615 legi
1236 3542 1549 3599 servandae
1577 3546 1623 3577 ²⁹
1656 3566 1683 3595 ››
1718 3546 1780 3598 Et
1815 3560 1826 3598 :
1864 3564 1891 3595 (ι
1938 3543 2204 3599 Audetne

553 3642 689 3714 quis
714 3640 818 3712 qui
842 3634 1145 3705 negotium
1170 3649 1305 3687 cum
1339 3631 1455 3687 alio
1481 3631 1663 3687 habet
1684 3630 1757 3687 de
1783 3630 2015 3703 injuriis
2042 3632 2205 3703 apud

554 3724 1095 3799 exterosjudicium
1120 3720 1341 3789 subire,
1358 3725 1415 3775 et
1432 3736 1552 3775 non
1573 3736 1777 3775 coram
1804 3721 2025 3776 sanctis
2050 3724 2097 3755 ³ο
2122 3722 2149 3776 ?
2178 3745 2202 3771 ι)

556 3821 719 3888 Certe
744 3816 904 3872 idem
926 3819 1013 3869 est
1032 3809 1473 3880 magnitudines
1500 3825 1710 3865 omnes
1734 3810 1793 3864 in
1821 3826 2009 3866 unum
2042 3812 2205 3868 colli-

556 3924 714 3981 gere,
743 3912 799 3962 et
833 3904 963 3975 ejus
994 3915 1341 3956 sermonum
1369 3898 1837 3971 compositiones
1870 3915 1974 3971 per
2002 3903 2208 3958 omnia

555 3998 864 4067 relegere;
900 3991 1051 4047 adeo
1092 3987 1315 4058 ubique
1359 3986 1617 4057 dignitas
1666 3992 1722 4043 et
1767 3988 2051 4059 majestas
2102 4005 2207 4061 per

558 4084 825 4157 singulas
882 4080 1171 4136 dictiones
1224 4076 1629 4148 permiscetur.
1697 4077 1764 4130 At
1830 4092 2027 4132 mores
2078 4078 2206 4149 ejus

558 4174 767 4248 quales
800 4188 812 4227 :
850 4194 871 4222 ι
917 4168 1179 4225 Christus
1220 4164 1278 4219 in
1321 4163 1618 4219 mundum
1650 4164 1822 4229 venit,
1867 4171 2207 4236 peccatores

558 4266 753 4322 salvos
784 4262 997 4322 facere,
1037 4270 1301 4328 quorum
1340 4269 1451 4325 ego
1495 4253 1722 4322 primus
1754 4270 1887 4309 sum
1920 4255 1988 4310 δι,
2032 4278 2058 4303 ››
2095 4258 2158 4310 Et
2191 4274 2202 4313 ;

561 4375 589 4406 ‹‹
622 4356 743 4424 Ego
782 4348 1069 4406 minimus
1098 4360 1230 4399 sum
1258 4341 1693 4414 apostolorum,
1722 4342 1823 4413 qui
1850 4357 1959 4398 nec
1988 4343 2210 4415 dignus

562 4460 696 4499 sum
715 4439 915 4497 vocari
933 4433 1239 4508 apostolus
1261 4433 1329 4487 ³².
1360 4452 1389 4483 »
1418 4436 1473 4486 et
1514 4450 1526 4490 :
1574 4452 1597 4480 «
1624 4431 1902 4486 Desidero
1916 4436 1970 4487 te
1990 4434 2206 4497 videre,

562 4546 792 4589 memor
832 4534 1068 4583 tuarum
1115 4522 1543 4593 lacrymarum,
1603 4524 1665 4575 ut
1707 4520 1989 4590 gaudium
2027 4524 2213 4594 perci-

561 4623 727 4694 piam
758 4636 771 4684 ;
805 4612 1278 4673 recordationem
1312 4609 1541 4665 habens
1573 4608 1712 4665 ﬁdei
1742 4625 1876 4681 quae
1909 4609 1969 4664 in
2013 4616 2069 4666 te
2102 4616 2209 4679 est,

565 4714 689 4768 sine
715 4703 1038 4780 hypocrisi,
1083 4716 1219 4773 quae
1248 4700 1509 4770 primum
1539 4698 1832 4753 habitavit
1861 4700 1916 4753 in
1943 4700 2078 4755 avia
2116 4706 2217 4758 tua

564 4800 763 4864 Loide,
798 4803 854 4852 et
882 4798 1069 4849 matre
1096 4795 1197 4845 tua
1218 4788 1428 4842 Eunice
1460 4789 1524 4841 ³³.
1551 4810 1573 4837 »
1591 4819 1658 4827 -
1676 4808 1699 4837 ‹‹
1736 4787 1968 4843 Utinam
1991 4792 2215 4846 exscin-

566 4882 1102 4954 derentur,quivos
1132 4877 1575 4932 conturbant“.
1606 4897 1737 4927 υ-α
1758 4875 1894 4931 Sine
1925 4877 2100 4932 nobis
2131 4895 2217 4934 re-

569 4977 812 5048 gnastis,
859 4978 911 5026 et
975 4968 1198 5023 utinam
1259 4966 1515 5036 regnetis
1548 4967 1615 5030 ’5,
1650 4988 1677 5013 ››
1720 4970 1776 5021 et
1814 4973 2093 5023 sexcenta
2132 4974 2215 5024 ta-

567 5069 665 5124 lia.
699 5061 975 5135 Nunquid
1015 5073 1156 5127 ergo
1208 5058 1267 5111 in
1324 5056 1524 5129 aliquo
1566 5054 1806 5111 inferior
1844 5062 1932 5111 est
1990 5056 2060 5110 iis
2112 5059 2216 5129 qui

645 5214 688 5247 ¹⁹
714 5212 756 5264 ιι
784 5209 933 5263 Tim.
967 5225 1017 5271 v,
1044 5206 1135 5260 24.

572 5286 905 5344 "ICor.xv,
930 5282 1021 5333 33.
1123 5278 1169 5312 ’⁵
1188 5276 1208 5329 Ι
1229 5276 1356 5331 Cor.
1380 5290 1478 5336 xv,
1500 5276 1586 5327 50.

568 5374 642 5425 v1,
675 5358 713 5410 Ι.
819 5354 861 5388 ³¹
890 5355 911 5407 l
943 5351 1087 5407 Tim.
1121 5365 1157 5414 l,
1192 5347 1278 5401 15.
1383 5346 1429 5380 ⁸³
1462 5346 1485 5402 Ι
1522 5348 1647 5410 Cor,
1679 5360 1775 5407 xv,
1807 5345 1859 5397 9.

1248 5205 1297 5238 ²⁰
1333 5202 1377 5257 II
1409 5202 1537 5256 Cor.
1578 5216 1657 5266 lx,
1696 5202 1783 5254 26.
1896 5202 1939 5234 ²¹
1981 5202 2114 5254 Phili

1248 5276 1356 5331 lor.
1380 5290 1478 5335 xv,
1500 5276 1586 5327 50.
1686 5274 1733 5307 ²⁶
1756 5269 1943 5327 Galat.
1965 5287 2047 5335 ιιι,
2073 5277 2119 5325 1.

1737 303 1979 373 Ριιοτιι
2015 295 2499 371 ΡΑΤΒΙΑΒΟΗᾸΞ
2537 299 2645 357 CP.

536 443 653 511 Nec
698 435 862 511 quod
901 434 974 503 de
1023 432 1236 503 divinis
1293 432 1473 491 rebus
1507 431 1831 489 instituitur
1861 443 2094 497 sermo;
2129 429 2187 482 et

2306 426 2354 474 τὸ
2432 425 2655 497 σκληρὸν

1896 5201 1939 5234 ²¹
1981 5197 2223 5273 Philipp.
2258 5216 2315 5265 ιι,
2351 5201 2495 5256 6-11.
2607 5201 2650 5234 ²²

1896 5276 1943 5327 .t.
1965 5287 2047 5332 ιιι,
2073 5277 2119 5325 1.
2222 5274 2267 5307 ²⁷
2294 5271 2481 5328 Galat.
2507 5287 2581 5332 vr,
2602 5276 2650 5324 7.

1965 5343 2011 5377 ³³
2038 5343 2083 5397 ΙΙ
2114 5343 2260 5400 Tim.
2301 5360 2339 5410 ι,
2364 5346 2419 5399 4.

3802 301 3922 371 588

2746 424 2979 487 ἀπονεύει
3034 422 3302 500 διακρίνον
3373 424 3538 487 καλῶς
3606 423 3925 499 ἀποπέμπε-

2296 532 2403 579 ται,
2463 519 2629 565 καίτοι
2683 519 2882 586 μεγέθει
2936 520 2993 567 τὸ
3042 520 3214 586 σαφὲς,
3266 519 3336 577 ὡς
3370 519 3411 569 εἶ
3454 535 3532 578 τις
3574 515 3752 581 ἀλλος,
3786 516 3926 588 μάλ-

2299 614 2380 652 λον
2410 598 2459 652 δ’
2491 606 2554 663 ως
2585 600 2759 665 οὐδεὶς
2805 606 2990 675 ἔτερος,
3044 600 3116 657 δι’
3161 605 3285 656 ὅλων
3341 603 3777 676 ἐγκερασάμενος.
3818 611 3927 657 Καὶ

2298 694 2441 741 οὔπω
2498 698 2649 744 τοῦτὸ
2694 713 2823 764 φημι
2874 695 3049 767 ὅτιπερ
3109 702 3179 763 τῷ
3231 692 3657 766 συμϐουλευτικῴ
3698 699 3791 745 καὶ
3840 714 3927 746 νο-

2299 782 2554 851 μοθετικςῦ
2600 778 3011 833 διαποικῦλεται
3044 799 3056 812 ⁸
3090 779 3205 834 οὐδ’
3254 784 3335 834 ὅτι
3393 786 3511 856 περὶ
3575 784 3723 834 θείων
3771 784 3798 833 ὀ
3839 782 3928 834 λό-

2298 888 2389 939 γος
2436 868 2575 940 αὐτῷ
2606 874 2948 943 πραγμάτων,
2980 876 3069 923 καὶ
3118 880 3216 922 τών
3268 870 3315 921 ἐν
3357 868 3652 941 ἀνθρώποις
3681 870 3929 941 μάλιστα

2300 963 2483 1028 τιμίων
2518 978 2528 989 ·
2566 957 2671 1009 ἀλλ’
2704 956 2819 1011 οὐδ’
2875 962 2954 1011 ὅτι
2983 959 3379 1033 λαμπρύνεσθαι
3429 964 3516 1010 καὶ
3561 956 3806 1032 φαιδρῶς
3856 961 3928 1012 εἰ·

2300 1055 2410 1098 πεῖν
2459 1053 2693 1119 μιμητὴν
2745 1052 2837 1099 ούκ
2869 1052 3025 1119 ἔχων.
3062 1069 3089 1101 ((
3121 1053 3217 1102 Τὸν
3251 1047 3425 1120 ἀγῶνα
3455 1052 3541 1100 τόν
3573 1047 3731 1101 καλὸν
3776 1050 3928 1119 ἠγω-

2300 1155 2483 1206 νισμαι
2516 1154 2527 1164 ·
2563 1140 2649 1188 τὸν
2694 1134 2887 1210 δρόμον
2932 1137 3164 1190 τετέλεκα
3197 1155 3209 1166 ·
3243 1143 3333 1194 τὴν
3364 1143 3541 1189 πίστιν
3586 1144 3861 1212 τετήρηκα
3904 1154 3916 1163 ·

2300 1223 2477 1275 λοιπον
2535 1224 2805 1277 ἀπόκειταί
2862 1246 2947 1297 μοι
3012 1229 3036 1276 ό
3088 1236 3182 1287 τῆς
3241 1223 3581 1287 δικαιοσύνης
3637 1246 3922 1298 στεῖρα-νος.

2304 1315 2454 1365 Οὕτω
2494 1320 2687 1386 τρέχω,
2721 1320 2786 1377 ως
2820 1316 2912 1367 οῦκ
2944 1312 3173 1377 ἀδήλως.
3208 1318 3360 1369 Ούτω
3410 1320 3668 1385 πυκτεύω,
3709 1320 3786 1377 ὡς
3824 1318 3926 1368 οὐκ

2306 1403 2429 1475 ἀέρα
2470 1400 2649 1477 δέρων.
2684 1425 2711 1454 ››
2750 1410 2864 1467 Καὶ,
2900 1428 2927 1456 ‹‹
2963 1404 3057 1466 ⁸ος
3115 1404 3163 1456 ἐν
3211 1414 3380 1481 μορφῇ
3441 1414 3575 1458 Θεοῦ
3632 1407 3925 1479 ὑπάρχων,

2305 1494 2410 1563 οὐχ
2462 1492 2735 1566 ἁρπαγμόν
2782 1496 3021 1564 ἡγήσατο
3075 1500 3133 1545 τὸ
3166 1492 3292 1547 εἶναι
3337 1498 3430 1546 ἶσα
3462 1503 3576 1563 Θεῷ
3608 1515 3619 1525 ·
3806 1494 3928 1546 ἑαύ-

2302 1584 2387 1631 τὸν
2445 1584 2680 1643 ἓκένωσε,
2734 1588 2933 1656 μορφὴν
2988 1580 3175 1634 δούλου
3228 1582 3393 1636 λαϐών
3429 1601 3439 1612 ·
3476 1580 3562 1635 διὸ
3614 1585 3759 1636 καὶὸ
3789 1588 3927 1644 θεὸς

2308 1670 2458 1720 αὑτὸν
2517 1671 2847 1743 ύπερύψωσε,
2924 1678 3013 1723 καὶ
3069 1672 3363 1746 ἐχαρίσατο
3434 1672 3573 1742 αῦτῳ
3638 1678 3803 1744 ὄνομα
3863 1677 3925 1724 τὸ

2233 1771 2277 1827 Β
2308 1761 2432 1831 ὑπὲρ
2468 1766 2568 1810 πᾶν
2618 1764 2794 1832 ὄνομα,
2832 1763 2913 1812 ἱνα
2956 1761 3005 1813 ἐν
3048 1770 3120 1831 τῷ
3176 1762 3390 1833 ὀνόματι
3423 1762 3622 1830 Ἰησοῦ,
3656 1769 3759 1814 πᾶν
3791 1766 3924 1831 γόνυ

2307 1849 2491 1920 κάμψῃ
2548 1848 2880 1923 ἐπουρανίων,
2933 1856 3022 1902 καὶ
3086 1850 3342 1922 ἐπιγείων,
3392 1856 3478 1903 καὶ
3524 1854 3924 1922 καταχθονίων,

2308 1943 2396 1989 καὶ
2426 1944 2571 1989 πᾶσα
2600 1938 2818 2009 γλῶσσα
2844 1938 3309 2011 ἐξομολογήσηται,
3357 1943 3436 1992 ὅτι
3480 1944 3666 2014 Κύριος
3704 1943 3924 2002 Ἰησοῦς

2311 2033 2537 2099 Χριστὸς
2579 2028 2649 2088 εἰς
2682 2025 2837 2091 δοξαν
2888 2038 3019 2082 Θεοῦ
3068 2036 3265 2103 [ἰατρός
3298 2051 3309 2062 ·
3346 2051 3374 2083 ι)
3417 2036 3523 2101 καὶ,
3554 2049 3583 2081 ‹‹
3609 2032 3786 2102 Ἠμὼν
3812 2033 3920 2100 γὰρ

2309 2122 2366 2167 τὸ
2399 2118 2680 2187 πολίτευμα
2722 2116 2769 2168 ἐν
2821 2118 3057 2193 οῦρανοῐς
3088 2121 3337 2193 ὑπάρχει,
3373 2118 3424 2182 ἐξ
3473 2120 3531 2171 ού
3576 2127 3664 2171 καὶ
3696 2127 3924 2192 Σωτῆρα

2311 2203 2712 2277 ἀπεκδεχόμεθα
2746 2210 2929 2277 Κύριον
2970 2207 3174 2265 Ἰησοῦν
3208 2213 3456 2282 Χριστὸν,
3486 2208 3540 2270 ὃς
3564 2227 3925 2280 μετασχημαο

2310 2300 2447 2346 τίσει
2480 2299 2528 2346 τὸ
2561 2304 2712 2366 σῶμα
2765 2305 2859 2356 τῆς
2908 2303 3263 2359 ταπεινώσεως
3287 2300 3453 2369 ἡμῶν,
3483 2298 3555 2359 εἰς
3584 2301 3641 2349 τὸ
3670 2299 3924 2367 γενέσθαι

2310 2385 2433 2436 αύτὸ
2465 2387 2727 2457 σύμφορον
2767 2392 2839 2453 τῷ
2868 2390 3074 2456 σώματι
3099 2394 3193 2447 τῆς
3247 2383 3406 2448 δόξης
3436 2387 3616 2439 αὐτοῦ.
3642 2407 3669 2437 ι)
3702 2392 3923 2457 Θαύμα-

2314 2477 2413 2525 στά
2452 2477 2539 2545 μὲν
2569 2476 2669 2545 γὰρ
2711 2475 2840 2544 οἰγαν
2885 2479 2973 2525 καὶ
2999 2482 3165 2525 ταῦτα
3195 2476 3323 2544 (πώς
3356 2479 3457 2550 γὰρ
3494 2479 3553 2527 οῦ
3582 2476 3619 2545 ;)
3648 2479 3697 2527 ἓν
3727 2495 3782 2528 τε
3810 2483 3923 2536 τοῖς

2311 2564 2477 2623 οὖλοις
2524 2569 2613 2614 καὶ
2666 2571 2760 2625 τῆς
2807 2562 2883 2615 ἐπ’
2937 2566 3092 2635 ἄκρον
3140 2562 3441 2639 συνδρομης
3485 2563 3837 2638 φαιδρότητός
3868 2584 3925 2616 τε

2311 2658 2399 2703 καὶ
2429 2654 2804 2724 καθαρότητος.
2849 2652 2985 2705 Ἀλλ’
3038 2650 3139 2713 οἶος
3186 2652 3233 2704 ἐν
3280 2663 3350 2724 τῷ
3406 2654 3749 2725 γνωμολογεῖν
3782 2659 3924 2707 Βκαί

2314 2742 2569 2801 εὐσταθῶς
2614 2741 2990 2813 ἀποφαίνεσθαι
3039 2742 3269 2814 ἐλέγχειν
3308 2745 3427 2795 ἔνθα
3476 2740 3557 2795 δεῖ
3603 2750 3693 2795 καὶ
3742 2746 3808 2803 ως
3838 2739 3927 2795 δεῖ

2314 2829 2551 2902 ἐπιτιμᾷν
2602 2828 3051 2902 διαμαρτύρεσθαι
3105 2850 3117 2894 ;
3178 2852 3205 2881 ‹(
3248 2832 3318 2902 ⁷ῼ
3382 2834 3484 2903 γάρ
3532 2852 3613 2893 τις
3668 2836 3920 2895 ἣττηται,

2318 2924 2479 2989 τούτῳ
2508 2925 2595 2971 καὶ
2628 2917 2969 2973 δεδούλωται.
3002 2940 3028 2970 »
3063 2952 3130 2959 —
3166 2943 3186 2969 ι
3224 2922 3527 2993 Φθείρονσιν
3567 2924 3669 2979 ἤθη
3704 2926 3927 2995 χρηστά

2315 3009 2513 3081 ὁμιλίαι
2539 3013 2696 3060 κακαί
2726 3027 2737 3038 ·
2774 3030 2801 3061 ››
2829 3012 2937 3075 καὶ,
2976 3030 3001 3061 ‹‹
3034 3016 3198 3061 Τοῦτο
3247 3006 3305 3061 δέ
3354 3030 3507 3081 φημι,
3534 3011 3615 3063 ὃτι
3647 3010 3782 3085 σὰρξ
3829 3016 3925 3062 καὶ

2234 3128 2283 3183 α
2316 3099 2445 3170 αἷμα
2477 3097 2748 3171 βασιλείαν
2800 3104 2925 3152 Θεοῦ
2984 3098 3375 3171 κληρονομῆσαι
3412 3099 3469 3151 ού
3530 3096 3755 3151 δύναται
3798 3096 3925 3151 οῦδέ

2247 3196 2285 3215 "’
2314 3190 2343 3245 ἡ
2380 3190 2545 3260 φθορὰ
2589 3192 2682 3245 τὴν
2731 3186 3023 3260 ἀφθαρσίαν
3082 3188 3404 3260 κληρονομεῖ.
3441 3210 3468 3237 ››
3500 3220 3564 3227 -
3595 3210 3623 3239 (ι
3650 3188 3927 3261 Ἐτρέχετε

2313 3276 2627 3339 καλῶς’τίς
2681 3278 2811 3348 ὑμᾶς
2865 3275 3113 3328 ἐϐάσκανε
3187 3285 3248 3347 τῇ
3330 3275 3544 3349 ἀληθείᾳ
3617 3283 3689 3349 μη
3754 3280 3927 3330 πείθε-

2317 3367 2486 3431 σθαι;
2529 3386 2556 3417 »
2605 3371 2714 3429 καὶ,
2759 3387 2782 3415 ιι
2836 3371 2921 3423 Μὴ
2979 3366 3261 3423 πλανᾶσθε.
3316 3369 3438 3429 Θεὸς
3486 3367 3544 3418 οῦ
3603 3368 3925 3438 μυκτηρίζε-

2315 3476 2400 3506 ται
2435 3473 2445 3484 ·
2492 3477 2511 3502 ι
2566 3460 2677 3518 καὶ,
2727 3476 2752 3505 ‹‹
2800 3451 2923 3519 Ἰδὲ,
2973 3453 3069 3527 ἐγὼ
3120 3455 3321 3517 Παῦλος
3367 3456 3496 3527 λέγω
3542 3457 3663 3528 ύμῖν
3708 3458 3791 3509 ὅτι
3839 3456 3925 3508 ἐὰν

2314 3546 2708 3617 περιτέμνησθε,
2766 3547 2998 3617 Χριστὸς
3044 3546 3180 3615 ὑμᾶς
3225 3542 3374 3597 οὐδὲν
3418 3545 3665 3617 ὠφελήσει
3700 3563 3713 3575 °
3749 3566 3777 3597 (ι
3810 3550 3924 3610 καὶ,

2319 3657 2345 3682 ‹‹
2388 3636 2731 3708 Μαρτύρομαι
2780 3638 2934 3684 παντὶ
2990 3632 3241 3707 ἀνθρώπῳ
3299 3639 3723 3708 περιτεμνομένῳ,
3790 3634 3929 3706 ὀφει-

2314 3721 2464 3782 λέτης
2512 3724 2651 3773 ἐστὶν
2702 3721 2813 3773 ὅλον
2863 3726 2949 3773 τὸν
2998 3726 3149 3793 νόμον
3194 3732 3417 3782 ποιῆσαι
3443 3740 3453 3750 ·
3486 3743 3514 3774 ι)
3543 3728 3653 3788 καὶ,
3689 3746 3715 3773 ι(
3746 3723 3930 3795 Τολμᾲ

2316 3831 2391 3871 τις
2419 3816 2635 3883 πρᾶγμα
2677 3814 2812 3881 ἔχων
2860 3814 2986 3884 πρὸς
3026 3814 3111 3862 τὸν
3150 3812 3340 3885 ἕτερον,
3387 3815 3655 3883 κρίνεσθαι
3692 3811 3775 3864 ἐπὶ
3824 3823 3926 3865 τών

2318 3898 2535 3966 ἀδίκων,
2566 3905 2655 3951 καὶ
2696 3900 2822 3970 ούχὶ
2854 3898 2936 3951 ἐπὶ
2988 3908 3089 3951 τῶν
3139 3900 3318 3972 ἁγίων.
3356 3920 3383 3952 ι)
3430 3905 3529 3955 Καὶ
3572 3905 3686 3953 ἴσον
3720 3905 3832 3954 ἐστὶ
3861 3907 3929 3954 τὰ

2316 3998 2405 4042 τοῦ
2453 3991 2701 4061 μεγέθους
2767 3988 3027 4060 συλλέγειν
3080 3994 3169 4042 καὶ
3223 3992 3319 4050 τὰς
3390 3988 3580 4043 ἐκείνου
3656 3992 3930 4054 συντάξεις

2320 4081 2389 4141 εἰς
2438 4078 2714 4146 ὁλόκληρον
2765 4076 3155 4148 ἀναγινώσκειν,
3202 4082 3364 4141 οὕτως
3420 4079 3545 4131 αὐτὸ
3602 4083 3660 4132 τὸ
3716 4079 3930 4153 ἀξίωμα

2320 4165 2394 4220 δι’
2426 4167 2551 4219 ὅλων
2602 4172 2848 4240 κέκραται
2900 4175 2997 4218 τῶν
3027 4166 3209 4238 λόγων.
3259 4167 3413 4220 Ἀλλὰ
3438 4171 3495 4221 τὸ
3534 4165 3658 4230 ἦθος
3701 4171 3923 4236 όποῖονς

2321 4280 2347 4307 ‹‹
2402 4260 2630 4329 Χριστὸς
2694 4254 2840 4314 ἦλθεν
2901 4256 2972 4318 εἰς
3023 4260 3109 4309 τὸν
3179 4276 3373 4328 κοσμον
3444 4257 3781 4331 ἁμαρτωλούς
3827 4268 3926 4311 σῶ-

2323 4367 2433 4410 σαι,
2498 4346 2563 4395 ὧν
2634 4349 2838 4419 πρῶτος
2903 4344 3008 4417 εἰμι
3074 4344 3172 4416 ἐγώ
3218 4362 3230 4375 ο
3289 4365 3317 4394 ››
3382 4351 3491 4409 καὶ,
3548 4367 3570 4396 ιι
3624 4348 3756 4417 Ἐγὼ
3823 4351 3924 4419 γὰρ

2322 4435 2427 4508 εἰμι
2495 4436 2519 4485 ὁ
2603 4433 2876 4505 ἐλάχιστος
2950 4443 3049 4485 τῶν
3120 4433 3438 4501 ἀποστόλων,
3525 4440 3612 4487 καὶ
3692 4435 3745 4496 ὃς
3834 4436 3925 4487 οῦκ

2322 4473 2427 4508 μμ.
2495 4473 2518 4485 ν
2603 4473 2876 4505 .,.ν.χ.υ.ν,
2958 4473 3047 4485 ...η
3120 4473 3438 4501 ...ηνημωη
3526 4473 3612 4487 ην..
3693 4473 3745 4496 υ,
3834 4473 3925 4487 υ...

2242 4473 2288 4529 D
2324 4526 2427 4595 εἰμί
2487 4526 2655 4583 ἱκανὸς
2711 4522 2986 4574 καλεῖσθαι
3035 4521 3341 4584 ἀπόστολος.
3396 4544 3422 4575 »
3474 4555 3539 4564 —
3589 4544 3616 4574 ι(
3661 4526 3925 4577 Ἐπιποθὼ

2327 4631 2383 4664 σε
2442 4608 2569 4664 ἰδεῖν
2621 4616 2933 4682 μεμνημένος
2988 4631 3081 4664 σου
3136 4620 3234 4664 τῶν
3289 4608 3551 4687 δακρύων,
3615 4614 3699 4664 ἵνα
3755 4621 3929 4688 χαρᾶς

2324 4700 2599 4775 πληρωθῶ,
2666 4702 2956 4771 ὑπόμνησιν
3007 4700 3277 4773 λαμϐάνων
3330 4709 3420 4761 τῆς
3474 4700 3520 4752 ἐν
3584 4706 3669 4753 σοὶ
3739 4700 3928 4754 ἀνύποο

2324 4796 2504 4863 κρίτον
2536 4795 2779 4853 πίστεως,
2828 4792 2938 4849 ἣτις
2991 4792 3215 4859 ἐνῴκησε
3270 4799 3471 4863 πρῶτον
3525 4788 3571 4840 ἐν
3620 4798 3683 4862 τῇ
3734 4794 3923 4863 μάμμη

2328 4900 2421 4931 σου
2452 4876 2643 4943 Λωίδι,
2676 4884 2765 4930 καὶ
2809 4886 2867 4950 τῇ
2904 4884 3065 4951 μητρί
3098 4899 3189 4930 σου
3242 4879 3453 4951 Εὐνίκη.
3490 4900 3516 4927 ››
3550 4911 3616 4919 -—
3649 4900 3677 4929 (ι
3710 4880 3928 4952 Ὄφελον

2325 4975 2413 5020 καὶ
2495 4967 2847 5037 ἀποκόψονται
2925 4970 2973 5018 οἱ
3053 4966 3459 5028 ἀναστατοῦντες
3518 4969 3649 5039 ὑμᾶς
3696 4984 3709 4999 ·
3746 4991 3769 5019 υ
3819 4975 3928 5035 καὶ,

2331 5082 2349 5108 ι
2394 5063 2561 5130 Χωρις
2603 5058 2747 5128 ἡμῶν
2806 5054 3193 5123 ἐϐασιλεύσατε,
3262 5061 3351 5107 καὶ
3413 5055 3585 5128 ὄφελόν
3646 5076 3707 5127 γε
3754 5056 3930 5110 ἐϐασι·

3390 5200 3435 5232 ’³
3477 5198 3523 5252 II
3558 5199 3707 5253 Petr.
3752 5216 3810 5259 ιι,
3846 5204 3928 5256 19.

3288 5272 3333 5305 αθ
3359 5269 3505 5341 Ibid.
3535 5275 3585 5326 3.
3694 5270 3925 5327 "ICor.

3093 5341 3182 5394 ³³1
3216 5341 3346 5396 Cor.
3384 5358 3461 5411 iv,
3497 5346 3549 5397 8.

2258 5216 2315 5265 ιι,
2351 5201 2495 5256 6-11.
2607 5201 2653 5234 ²²
2689 5199 2931 5269 Philipp.
2968 5213 3045 5261 ιιι,
3080 5202 3169 5265 20,
3199 5202 3284 5253 2t.

2258 5274 2267 5307 τ
2294 5271 2481 5327 Galat.
2507 5287 2581 5327 vr.
2602 5276 2650 5324 7.
2766 5270 3013 5327 “Galat.
3044 5287 3097 5327 v.
3126 5274 3179 5324 2.

2874 5286 3013 5335 aiat.
3044 5287 3097 5335 v,
3126 5286 3179 5324 2.

2522 5344 2570 5377 ³⁸
2595 5340 2782 5398 Galat.
2814 5360 2865 5413 ν,
2904 5341 2989 5395 12.

1918 5484 2156 5541 unus
2194 5483 2597 5565 LecrloNEs.

648 5641 679 5686 Β
708 5604 769 5661 C.
812 5605 882 5660 M.
917 5600 965 5653 ἐν
996 5606 1067 5671 τῷ
1092 5599 1296 5673 κρίνειν.
