3906 6186
96 317 182 372 589
1093 314 1187 370 AD
1229 309 1772 370 AMPHILOCHIUM
1815 311 2140 380 QUESTIO
2179 315 2344 370 XCII.

3271 318 3378 374 590

97 441 110 454 ς
151 444 160 454 ,
431 443 440 452 .
596 442 606 456 .
867 439 888 458 ν
971 439 984 458 .
1059 435 1082 454 ν
1169 437 1182 454 ,
1279 445 1298 456 .
1559 443 1580 454 -

97 457 290 494 ιενσατεο
315 460 342 492 ι)
369 459 448 494 και
484 458 644 512 μυριοι
685 439 834 494 ἄλλα.
892 446 964 514 Δρ
1025 459 1112 494 ουν
1162 435 1296 492 ενδει
1337 457 1476 498 τινος
1518 457 1616 489 των

1837 455 1914 495 tm
1943 455 2118 498 suam
2141 440 2328 498 vitam
2353 439 2414 496 in
2439 438 2570 500 istis
2597 438 3022 513 impenderunt
3061 458 3074 494 :
3115 441 3242 514 qui,
3268 457 3379 498 nec

95 537 185 603 περὶ
219 538 364 584 ταῦτα
389 533 466 582 τὸν
507 527 617 601 βίον
652 528 766 582 ὤιον
810 529 1260 603 κατατριψιίντων,
1295 529 1320 580 ὁ
1356 524 1494 600 μηδὲ
1531 531 1618 598 μέ-

94 625 170 693 χρὶ
224 627 308 672 τῶν
373 618 634 690 ὀνομάτων,
695 617 862 689 οἶμαι,
923 627 1018 680 τῆς
1099 617 1382 689 ἐπιμελείας
1448 615 1616 668 αὐτῶν

95 707 406 780 ἀνασχόμενος,
463 706 562 759 ἀλλ’
629 704 984 780 αὐτοσχέδιον
1039 709 1177 779 ἔχων
1231 711 1324 764 τὴν
1385 705 1618 776 γλῶτταν

93 800 282 872 ῥήτορος
319 797 440 851 ’Δλγ
483 799 584 870 ἄρα
624 801 684 849 τὸ
735 800 825 870 μὲν
875 794 1002 860 ἦθος
1049 797 1188 866 αὐτῷ
1228 799 1314 848 καὶ
1359 798 1414 847 τὸ
1461 797 1618 865 σαφὲς

94 885 164 939 διὰ
197 895 272 940 τοῦ
311 889 546 958 μεγέθους
596 888 732 938 οὕτω
781 883 1060 960 διαπρέπει
1105 888 1486 960 κεραννύμενον,
1527 891 1617 936 τοῦ

96 979 250 1046 τάχους
289 973 332 1027 δ’
367 973 510 1028 ἐνδεί.
555 981 654 1030 Καὶ
693 981 774 1038 τίς
818 977 954 1028 οὕτω
995 979 1188 1047 πέφυκε
1225 975 1504 1046 συγκρατῳ
1537 993 1615 1026 κει

91 1067 280 1138 χρῆσθαι
305 1071 572 1138 γοργότητι
601 1082 616 1132 ;
646 1085 674 1116 ιι
707 1069 836 1127 Θεὸς
863 1066 888 1118 ὁ
920 1061 1158 1128 δικαιῶν,
1195 1069 1274 1125 τίς
1305 1065 1330 1114 ὁ
1369 1067 1618 1134 κατακρί-

91 1171 188 1220 mw;
219 1157 418 1226 Χριστὸς
461 1157 486 1206 ὁ
531 1155 822 1222 ἀποθανὼν,
853 1153 1043 1226 μᾶλλον
1093 1150 1152 1206 δὲ
1194 1159 1282 1204 καὶ
1313 1151 1555 1224 ἐγερθείς.
1587 1173 1615 1204 ›)

90 1246 364 1296 -ιίηεὶντα
409 1263 494 1315 μοι
547 1243 768 1308 ἔξεστιν,
823 1242 928 1294 ἀλλ’
988 1243 1046 1295 οὗ
1103 1245 1271 1295 πάντα
1321 1245 1566 1312 συμφέρε.
1601 1263 1612 1274 ·

89 1335 216 1384 πάντα
266 1353 346 1404 μοι
399 1333 612 1398 ἔξεστιν,
673 1331 778 1384 ἀλλ’
838 1333 897 1385 οὐ
946 1333 1117 1384 πάντα
1176 1327 1462 1402 οἰκοδομεῖ.
1493 1353 1520 1380 νι
1549 1361 1616 1371 -

93 1425 178 1474 ιΤί
211 1417 284 1474 οὖν
323 1425 376 1474 τὸ
420 1425 668 1496 περισσὸν
711 1429 802 1474 τοῦ
833 1419 1116 1488 Ἰουδαίου,
1150 1423 1180 1480 ἦ
1214 1424 1294 1482 τίς
1333 1423 1361 1476 ἠ
1403 1419 1616 1490 ὠφέλεια

87 1517 154 1570 τῆς
191 1519 472 1584 περιτομῆς;
523 1511 654 1562 πολὺ
721 1513 856 1562 κατὰ
915 1511 1084 1563 πάντα
1139 1515 1348 1582 τρόπον.
1405 1516 1613 1582 Πρῶτον

85 1601 148 1666 μὲν
171 1600 252 1672 γὰρ
279 1601 352 1650 ὅτι
395 1601 776 1658 ἐπιστεύθησαν
823 1602 886 1652 τὰ
922 1598 1076 1671 λόγια
1113 1606 1202 1650 τοῦ
1233 1605 1388 1652 Θεοῦ.
1419 1603 1482 1649 Τί
1510 1599 1612 1668 γὰρ

87 1705 114 1736 ει
145 1687 442 1754 ἠπίστησανς
470 1693 542 1760 μὴ
585 1691 616 1746 ἡ
668 1686 891 1740 ἀπιστία
939 1688 1104 1740 αὐτῶν
1147 1693 1241 1746 την
1293 1691 1466 1738 πίστιν
1519 1693 1610 1738 τοῦ

1727 529 2032 586 nominum
2055 533 2248 596 tenus,
2281 529 2440 601 quod
2465 545 2575 600 ego
2605 545 2740 586 reor
2777 529 3006 602 aliquid
3029 529 3088 586 in
3117 530 3187 586 iis
3227 546 3380 586 curas

1729 617 1944 688 posuit,
1987 618 2096 674 sed
2122 635 2258 676 cum
2290 618 2616 674 volubilem
2643 635 2672 674 e
2703 634 2766 674 re
2793 623 2922 675 rata
2951 619 3220 689 linguam
3277 620 3380 676 ha-

1727 705 1908 772 beret,
1959 707 2334 774 rhetoricam,
2374 707 2653 772 ethicam,
2707 713 2762 764 et
2817 709 3188 780 perspicuam
3247 723 3376 781 spe-

1726 795 1878 852 ciem
1898 796 1980 852 ita
1999 811 2136 852 cum
2157 797 2466 868 grandiloq
2475 795 2674 852 uentia
2691 797 2952 852 exercuit
2967 797 3100 868 conj
3111 801 3375 854 unctam.

1727 887 1795 940 At
1833 884 2124 942 celeritate
2163 885 2498 952 destuitur;
2541 886 2664 942 imo
2703 885 2836 957 quis
2883 901 3022 942 cum
3062 885 3162 942 illo
3217 901 3380 942 com-

1725 973 2036 1044 parandus
2065 974 2124 1030 in
2159 974 2466 1032 miscenda
2497 973 2830 1042 granditate
2865 991 2879 1030 :
2918 997 2936 1026 ι
2975 975 3130 1030 Deus
3155 979 3244 1030 est
3271 974 3378 1047 qui

1721 1061 2032 1132 justiﬁcat,
2085 1063 2222 1134 quis
2258 1063 2352 1118 ille
2401 1063 2510 1134 qui
2553 1063 2918 1120 condemnat
2953 1064 2981 1118 ?
3021 1063 3244 1120 Cristus
3275 1063 3380 1135 qui

1727 1155 2114 1220 mortuusest,
2139 1153 2335 1223 potius
2357 1152 2458 1222 qui
2479 1152 2816 1208 surrexit”.
2840 1173 2978 1204 »—«
2998 1153 3212 1210 omnia
3233 1153 3380 1208 mihi

1725 1239 1920 1304 licent,
1937 1241 2040 1295 ed
2055 1256 2172 1296 non
2193 1240 2540 1296 conducunt
2552 1241 2776 1296 omnia.
2795 1243 3006 1298 Omnia
3021 1241 3164 1296 mihi
3177 1241 3372 1306 licent,

1726 1335 1786 1382 at
1811 1343 1934 1384 non
1965 1328 2170 1384 omnia
2198 1327 2492 1384 aediﬁcant
2517 1331 2584 1383 ³⁷.
2611 1348 2746 1381 »-—«
2781 1331 2919 1395 Quae
2949 1333 3036 1385 est
3051 1345 3162 1402 ego
3185 1330 3378 1386 Judaei

1729 1417 2116 1488 superioritas
2173 1419 2199 1474 ?
2239 1421 2342 1472 aut
2389 1433 2524 1490 quis
2587 1418 2806 1474 utilitas
2854 1419 3379 1476 circumcisionis?

1723 1508 1918 1572 Multa,
1959 1524 2067 1580 per
2103 1523 2348 1564 omnem
2381 1508 2654 1564 modum.
2685 1513 2748 1564 In
2781 1509 3013 1580 primis,
3047 1509 3212 1582 quod
3237 1526 3378 1567 con-

1723 1597 2118 1654 credebantur
2159 1597 2298 1669 ipsis
2331 1597 2578 1654 oracula
2615 1597 2736 1654 Dei.
2781 1599 2930 1664 Quid
2969 1603 3172 1655 autem
3211 1600 3259 1654 si
3291 1599 3375 1656 in-

1721 1686 1946 1742 creduli
1975 1685 2212 1756 fuerint,
2237 1702 2385 1742 num
2407 1703 2618 1743 eorum
2647 1686 3032 1744 incredulitas
3063 1687 3162 1742 Dei
3189 1687 3374 1744 ﬁdeli-

85 1783 182 1826 Θεοῦ
218 1783 554 1850 autemnon;
585 1782 670 1836 Μή
719 1781 938 1848 γένοιτο.
984 1799 1006 1828 ν
1055 1777 1180 1840 Καὶ,
1232 1781 1294 1828 Τί
1346 1771 1432 1826 οὖν
1489 1795 1611 1846 προ-

1827 1791 1898 1832 εω
1925 1774 2284 1832 evacuabit?
2315 1775 2478 1832 Absit
2507 1777 2574 1828 ³⁸.
2602 1794 2630 1828 »
2662 1807 2730 1816 —-
2759 1797 2786 1826 ιι
2820 1775 3140 1832 Conviciati
3169 1781 3369 1832 autem

81 1867 288 1934 εχομεθας
317 1866 372 1918 οὗ
399 1869 606 1928 παντως
646 1872 735 1918 καὶ
765 1866 938 1918 πάλιν.
971 1888 998 1916 ιι
1035 1862 1442 1939 Λοιδορούμενοι
1473 1865 1608 1918 εὐλο-

79 1960 252 2022 γοῦμεν·
321 1951 626 2026 διωκόμενοι
723 1954 1016 2026 ἀνεχόμεθα
1049 1972 1060 1983 ·
1143 1953 1610 2026 βλασφημούμενοι

79 2042 422 2116 ταθεακαλοῦμεν.
457 2049 520 2098 Τί
559 2043 588 2084 h
619 2046 680 2095 οἷν
729 2063 808 2106 τις
847 2043 1044 2113 πελάγη
1093 2043 1364 2104 θαλάσσης
1411 2043 1608 2094 σταλα-

77 2137 190 2198 γμοῖς
232 2140 412 2202 μετρεῖν
469 2132 811 2208 ἐπιχειροίης
855 2135 966 2186 ἶσον
1013 2136 1114 2204 γὰρ
1164 2131 1328 2184 ἐκεῖνοί
1373 2151 1426 2184 τε
1471 2151 1605 2184 στα-

77 2215 230 2288 λαγμῶν
277 2220 540 2294 λογισμοῖς
599 2221 921 2288 ὑποϐάλλειν,
970 2226 1058 2273 καὶ
1107 2225 1198 2280 τὴν
1253 2221 1458 2274 Παύλου
1517 2239 1608 2272 σο-

76 2313 158 2374 pira
191 2313 446 2382 πειρᾶσθαι
493 2309 632 2382 λόγῳ
687 2307 961 2372 διεξελθεῖν
992 2327 1004 2339 ’
1046 2307 1168 2362 οὐδὲ
1214 2312 1314 2384 γὰρ
1373 2305 1497 2362 οὐδὲ
1547 2312 1604 2360 τὸ

77 2395 348 2462 mimus,
397 2404 632 2470 καίτοιγε
679 2407 931 2473 περιορῶν
985 2399 1112 2452 αὖτὸ
1165 2399 1234 2460 εἰς
1287 2398 1426 2460 τέλος
1475 2417 1602 2472 παρ·

75 2481 254 2556 ἔθρεψεν,
307 2487 426 2540 ἀλλά
496 2497 592 2552 τῆς
648 2487 922 2550 ἐπιϐουλῆς
973 2491 1064 2560 μὲν
1109 2493 1410 2560 γυμνώσας,
1469 2486 1518 2538 ἐν

77 2575 116 2620 ἑν
146 2593 206 2636 τις
245 2583 324 2630 καὶ
365 2577 778 2644 ἑκαλλωπίσατο,
819 2585 890 2648 τῷ
931 2577 1136 2650 ἐμφύτῳ
1188 2573 1246 2629 δὲ
1293 2575 1600 2648 περιϐαλὼν,

73 2663 156 2732 ὁπξο
201 2669 252 2716 οἷν
301 2687 372 2728 τις
429 2667 584 2738 μόλις
656 2665 924 2732 ἐλπίσειεν,
985 2666 1115 2718 οὕτω
1185 2669 1274 2717 καὶ
1334 2667 1604 2736 θαυμάσαι

73 2757 334 2824 agrariae/tau,
386 2759 454 2818 ὡς
507 2756 638 2808 αὐτὸ
697 2765 848 2808 τοῦτο
901 2759 1090 2808 κανόνα
1139 2759 1228 2806 καὶ
1277 2757 1434 2806 τύπον
1483 2753 1602 2806 καλ-

71 2839 152 2901 ira;
189 2841 404 2900 ἀληθινοῦ
457 2853 565 2906 τοῖς
615 2854 878 2918 συνορῶσι
929 2845 1258 2917 προκεῖσθαι,
1303 2843 1472 2914 πολλῷ
1511 2851 1600 2896 τοῦ

73 2935 376 3002 σετοοισμένου
432 2940 524 2986 καὶ
591 2933 708 2986 κατ’
780 2929 1116 2990 ἐπιτήδευσιν
1181 2933 1252 2994 εἰς
1305 2935 1605 3007 ὡραιότητα

69 3013 346 3092 ίιαοέροντος.
401 3023 542 3076 Ἀλλ’
600 3019 752 3076 οὐδέν
814 3023 954 3074 ἐστιν
1011 3023 1116 3074 οἷον
1165 3022 1323 3073 αὐτοῦ
1375 3023 1600 3077 ἀκούειν.

69 3129 86 3156 ι
113 3115 202 3170 lla);
237 3109 314 3162 οὖν
355 3111 749 3165 ἐπικαλέσονται
779 3111 848 3173 εἰς
897 3111 950 3162 ὃν
990 3110 1082 3162 οὐκ
1113 3109 1460 3176 ἐπίστευσαν;
1495 3119 1604 3172 πῶς
1645 3137 1688 3194 C

69 3191 108 3246 δε
133 3202 484 3266 πιστεύσουσιν,
515 3201 579 3253 οὗ
620 3201 714 3252 οὐκ
744 3203 976 3258 ἤκουσαν
1001 3216 1014 3266 ;
1044 3207 1148 3259 πῶς
1197 3195 1255 3251 δὲ
1287 3197 1606 3252 ἀκούσουσιν

69 3305 188 3352 per;
211 3293 590 3361 κηρύσσοντος
627 3297 732 3350 πῶς
782 3285 840 3340 δὲ
877 3288 1217 3359 κηρύξουσιν,
1249 3287 1332 3339 ἐὰν
1375 3293 1446 3358 μὴ
1482 3287 1606 3340 ἀπο-

71 3373 308 3428 σταλῶσιν·
353 3381 528 3440 καθὼς
579 3382 896 3449 γέγραπται,
950 3377 1038 3438 Ὠς
1093 3380 1276 3449 ὡραῖοι
1333 3380 1382 3430 οἱ
1446 3374 1608 3439 πόδες

69 3477 134 3510 τον
193 3465 644 3538 εὐαγγελιζομένων
707 3465 930 3538 εἰρήνην,
983 3473 1082 3516 τῶν
1140 3465 1604 3538 εὐαγγελιζομένων

69 3553 321 3622 thr-(1%;
359 3577 378 3604 ι
427 3555 608 3622 πάλιν,
645 3575 668 3604 α
715 3557 774 3606 Εἴ
811 3573 892 3614 τις
939 3549 1025 3604 οὖν
1075 3551 1124 3604 ἐν
1172 3561 1408 3626 Χριστῷ,
1459 3558 1503 3608 εἴ
1553 3575 1604 3608 τι

67 3645 326 3710 πσοαμύθιον
355 3643 588 3716 ἀγάπης,
635 3647 678 3694 εἳ
707 3663 824 3694 τινα
868 3642 1150 3714 σπλάγχνα
1193 3648 1280 3694 καὶ
1320 3645 1602 3718 οἰκτιρμοί,

69 3725 308 3798 πληρώσατέ
347 3753 444 3804 μου
477 3737 576 3792 τὴν
615 3735 792 3804 χαράν
822 3749 832 3760 ·
867 3753 894 3781 »
937 3731 1064 3794 εἶτα,
1097 3755 1124 3778 ι(
1151 3731 1210 3784 Ἠ
1259 3731 1432 3803 θλίψις
1482 3735 1604 3784 ὑπο-

67 3825 180 3882 μονὴν
205 3823 570 3896 κατεργάζεται
605 3841 617 3853 ·
653 3823 682 3879 ἡ
717 3817 776 3872 δὲ
805 3821 1034 3891 ὑπομονή
1071 3816 1288 3892 δοκιμήν
1314 3838 1324 3851 ’
1361 3823 1389 3879 ἡ
1427 3819 1486 3874 δὲ
1517 3819 1602 3874 δο-

69 3911 152 3970 ιι-ιή
181 3907 344 3962 ἐλπίδα
374 3931 386 3942 ·
421 3913 450 3970 ἡ
498 3907 558 3964 δὲ
601 3909 740 3970 ἐλπὶς
787 3911 846 3962 οὗ
885 3912 1254 3981 καταισχύνει,
1295 3931 1322 3962 »
1359 3911 1539 3973 Οὕτως
1577 3913 1602 3963 ὁ

65 4001 132 4042 τὴν
165 3997 446 4052 Ἐπιστολῶν
497 4007 592 4052 τοῦ
635 3999 860 4071 μεγάλου
911 3998 1115 4050 Παύλου
1162 4005 1444 4072 χαρακτὴρ
1491 3999 1603 4076 ἁρε-

65 4087 130 4138 τξς
167 4085 352 4150 ἀπάσης
403 4099 496 4150 τῆς
555 4087 604 4140 ἓν
653 4088 790 4159 λόγῳ
845 4089 933 4147 τὰς
988 4083 1132 4148 ἰδέας
1163 4086 1596 4162 ἐμμορφούμενος,

65 4173 125 4218 νκι
176 4181 266 4235 τοίς
323 4175 670 4237 καταλλὴλοις
743 4179 832 4226 καὶ
885 4175 1090 4234 οἰκείοις
1160 4175 1602 4250 ἐμποικιλλὸμενος

69 4265 299 4328 σχήμασιν,
345 4267 654 4340 ἀρχετύπου
697 4269 788 4316 καὶ
835 4261 1260 4339 παραδείγματος
1313 4265 1462 4336 λόγον
1516 4266 1602 4317 ἐπ’

67 4363 164 4414 ελειν
187 4357 262 4404 καὶ
303 4355 596 4416 ζηλοῦσθαι
644 4354 810 4420 ἄξιος,
842 4351 971 4404 ἀλλὰ
1011 4359 1082 4425 μὴ
1133 4357 1257 4428 πρὸς
1302 4353 1480 4424 ἐτέρων
1509 4360 1600 4426 μί-

65 4457 182 4498 μησιν
251 4441 638 4516 ἀναγεγράφθαι
727 4449 832 4502 τοῖς
915 4461 974 4512 γε
1049 4448 1403 4514 σωφρονοῦσίν
1492 4443 1680 4534 ἐστιΙ)

65 4519 238 4590 anno;
267 4531 398 4584 Οὐδὲ
425 4537 526 4607 γὰρ
579 4529 703 4585 οὐδὲ
739 4529 926 4606 ῥᾴδιον
957 4533 1138 4605 εὓρεῖν,
1173 4531 1226 4582 ὃν
1267 4531 1558 4585 εἰκονίσειεν
1584 4554 1595 4566 ⁸

65 4611 136 4664 έπεθ
183 4618 304 4686 5:130”:
365 4623 586 4693 μελέτης
641 4625 856 4694 καρπὸς,
923 4619 1027 4671 ἀλλ’
1083 4623 1307 4682 ἐπινοίας
1355 4621 1368 4660 ί
1449 4623 1598 4694 ὑπερ-

67 4713 176 4764 im:
325 4711 530 4762 ῐιαύλου
562 4711 776 4784 ῥήματα
821 4711 845 4760 ὁ
902 4717 995 4770 τῆς
1045 4715 1230 4781 σοφίας
1278 4709 1516 4772 πλοῦτος,
1568 4713 1596 4768 ἡ

63 4799 130 4850 τῆς
167 4795 376 4860 εὐηθείας
409 4801 622 4872 καθαρὰ
663 4803 746 4849 καὶ
797 4793 1024 4868 διαυγὴς
1067 4803 1156 4849 καὶ
1195 4795 1391 4860 ἡδονῆς
1433 4819 1604 4857 σωτη-

65 4885 148 4942 Pi”
205 4883 428 4958 βρύουσα
499 4894 646 4960 πηγή
683 4906 696 4916 ·
752 4895 904 4938 τοῦτο
974 4896 1068 4948 τῆς
1135 4889 1324 4940 ἄνωθεν
1386 4887 1602 4962 φοϐεροῖς

65 4983 300 5042 ητραπῆς,
331 4976 566 5050 βραχεῖά
609 4997 690 5036 τις
731 4972 1046 5047 λαμπηδὼν,
1096 4985 1196 5028 τῶν
1246 4976 1600 5029 ἀποστολικὼν

65 5057 224 5122 [Edim
265 5063 634 5118 ἀποπαλλουσα
657 5083 669 5094 ·
703 5071 856 5117 τοῦτο
887 5073 980 5124 τῆς
1020 5065 1066 5116 ἐν
1109 5063 1346 5138 ἀσθενείᾳ
1379 5065 1601 5119 τελειου-

65 5153 176 5208 μέτες
221 5153 346 5216 θείας
397 5152 672 5226 δυνάμεως
729 5153 962 5228 ἀπορῥθή
1021 5173 1096 5214 τις
1147 5159 1350 5228 μετρία,
1407 5159 1601 5228 κόσμον

115 5307 156 5387 ζῆ
177 5311 322 5387 apm.
351 5331 468 5383 vui,
492 5319 588 5384 33,
619 5321 711 5373 si.
809 5315 902 5369 ³τι
937 5316 1062 5371 Cor.
1099 5331 1152 5376 x.
1185 5319 1274 5387 22,
1307 5318 1394 5372 23-

67 5381 96 5408 ³⁵
117 5380 322 5457 Philipp.
353 5403 414 5452 η,
449 5380 500 5454 l,
542 5380 594 5442 2'.
695 5389 744 5422 η
767 5389 937 5444 Rom.
971 5402 1029 5450 v,
1059 5387 1171 5442 3-5.

1507 5319 1556 5354 ³³
1583 5321 1752 5374 Rom.
1777 5331 1856 5372 ιιι.
1891 5315 2002 5370 1-3.

1719 1863 2048 1920 benedicim
2060 1879 2158 1930 us;
2185 1864 2874 1936 persecuti,sustinemus
2907 1881 2920 1930 ;
2949 1864 3366 1936 blasphemati,

1719 1953 2118 2008 admonemus
2133 1955 2204 2020 ³³,
2247 1975 2275 2002 ››
2307 1952 2459 2020 Quid
2481 1957 2682 2008 autem
2701 1969 2866 2008 mare
2881 1967 3168 2022 magnum
3187 1955 3374 2022 guttis

1723 2041 1912 2098 metiri
1947 2041 2090 2098 velit
2139 2042 2278 2113 quis
2314 2057 2326 2094 :
2361 2042 2520 2098 idem
2559 2045 2652 2097 est
2695 2043 2855 2098 enim
2903 2057 3072 2098 mare
3125 2042 3370 2114 guttulis

1719 2129 2034 2200 subjicere,
2087 2135 2146 2186 et
2203 2129 2353 2186 velle
2396 2129 2592 2186 verbis
2630 2130 2962 2202 exprimere
3009 2131 3366 2202 sapientiam

1719 2219 1900 2286 Pauli,
1933 2219 2032 2290 qui
2057 2235 2188 2284 nec,
2217 2223 2493 2275 ornatum
2527 2219 2660 2275 licet
2697 2217 2937 2290 penitus
2963 2233 3084 2274 non
3127 2217 3370 2276 haberet

1715 2307 1988 2379 insuper,
2017 2308 2076 2364 in
2097 2313 2286 2364 totum
2301 2323 2422 2364 non
2435 2307 2652 2372 omisit,
2681 2307 2780 2362 sed
2819 2307 2968 2362 fucis
3006 2305 3362 2374 delibutum,

1717 2397 1776 2452 in
1801 2397 2022 2468 quibus
2053 2413 2168 2454 non
2199 2412 2379 2453 nemo
2411 2397 2774 2466 gloriabitur,
2803 2397 3060 2453 naturali
3093 2413 3238 2452 vero
3265 2397 3364 2453 de-

1716 2501 1852 2542 core
1903 2486 2226 2552 imbutum,
2287 2487 2447 2558 quod
2479 2487 2572 2542 vix
2620 2485 2922 2558 quispiam
2957 2491 3244 2559 speraret,
3283 2487 3366 2543 ita

1715 2576 1988 2646 provexit
2013 2575 2074 2630 in
2101 2574 2583 2640 admirationem,
2617 2579 2681 2630 ut
2709 2589 3008 2630 canonem
3029 2579 3086 2630 et
3103 2574 3362 2631 formam

1716 2679 1868 2720 verae
1907 2663 2368 2736 pulchritudinis
2405 2663 2776 2720 intuentibus
2832 2663 3130 2730 exhibeat,
3189 2663 3366 2734 longe

1713 2757 2012 2810 semotum
2043 2769 2080 2810 a
2109 2753 2436 2826 sophistica
2475 2755 2533 2808 et
2563 2751 2826 2808 studiose
2865 2753 3114 2823 quaesita
3151 2753 3364 2809 tloridi-

1713 2845 1852 2899 tate.
1895 2843 2008 2898 Sed
2047 2842 2196 2898 nihil
2235 2842 2354 2896 hoc
2399 2847 2524 2898 tam
2563 2841 2774 2912 probat
2819 2857 3000 2912 quam
3037 2842 3368 2914 ipsummet

1714 2931 1920 2990 audire
1951 2947 1962 2986 :
2000 2951 2028 2984 (ι
2061 2929 2778 2995 Quomodoinvocabunt,
2809 2930 2870 2984 in
2895 2945 3077 3001 quem
3095 2945 3218 2985 non
3237 2945 3364 2986 cre-

1715 3020 2038 3078 diderunt?
2075 3019 2388 3092 quomodo
2415 3019 2656 3074 credent
2685 3018 2746 3072 in
2789 3033 2947 3082 eum,
2979 3017 3054 3073 de
3093 3033 3216 3090 quo
3240 3033 3364 3074 non

1715 3109 2079 3166 audierunt?
2108 3107 2410 3178 quomodo
2441 3107 2684 3162 audient
2702 3106 2828 3162 sine
2856 3122 3132 3179 praecone
3155 3106 3184 3162 ?
3217 3123 3364 3179 quo-

1715 3197 1900 3256 modo
1938 3196 2372 3270 praedicabunt,
2415 3195 2532 3252 nisi
2583 3195 2891 3252 mittantur
2915 3195 2943 3250 ‘i
2977 3199 3038 3250 ut
3077 3197 3362 3267 scriptum

1714 3295 1819 3352 est,
1854 3289 2046 3352 Quam
2086 3285 2320 3358 pulchri
2345 3291 2528 3356 pedes
2559 3283 3099 3353 evangelizantium
3127 3301 3360 3356 pacem,

1714 3373 2250 3446 evangelizantium
2299 3373 2532 3430 bonum
2573 3373 2621 3408 ⁸ο
2653 3371 2666 3426 t
2699 3393 2726 3422 »
2759 3375 2976 3428 lterum
3013 3389 3026 3426 :
3063 3391 3088 3424 α
3131 3372 3186 3426 Si
3225 3387 3364 3444 quas

1713 3481 1856 3536 ergo
1887 3465 1948 3520 in
1973 3463 2174 3520 Chisto
2199 3461 2532 3518 consolatio
2566 3479 2578 3516 :
2613 3461 2658 3516 si
2701 3461 2922 3516 amoris
2945 3461 3218 3516 solamen
3261 3477 3274 3516 :
3317 3463 3364 3518 si

1713 3557 1942 3610 viscera
1987 3557 2042 3608 et
2093 3551 2533 3616 miserationes,
2593 3549 2912 3622 adimplete
2971 3563 3173 3606 meum
3227 3565 3366 3621 gau-

1713 3644 1880 3698 dium
1913 3645 1982 3694 ‘1.
2009 3663 2032 3693 υ
2069 3645 2132 3698 Et
2163 3659 2176 3696 :
2211 3657 2241 3694 <‹
2265 3639 2518 3696 Afﬂictio
2543 3639 2892 3712 patientiam
2921 3645 3224 3712 Operatur,
3265 3655 3366 3712 pa-

1713 3733 1912 3788 tientia
1931 3731 2366 3804 probationem,
2401 3727 2679 3800 probatio
2721 3744 2890 3800 spem
2935 3745 2948 3780 :
2994 3745 3128 3800 spes
3163 3733 3365 3784 autem

1713 3835 1834 3877 non
1857 3819 2162 3892 pudet’acit
2181 3821 2250 3874 ⁸³.
2287 3839 2310 3869 ι)
2343 3823 2528 3891 Atque
2551 3817 2633 3873 ita
2651 3817 3364 3890 characterEpistolarum

1713 3910 1874 3966 Pauli
1937 3908 2092 3964 illius
2153 3907 2358 3979 magni
2434 3907 2774 3962 omnimoda
2829 3905 3100 3962 dictionis
3157 3906 3364 3962 virtute

1712 3997 2122 4062 conﬁrmatus,
2151 3995 2435 4066 congruis
2461 4001 2638 4068 atque
2666 3995 2921 4068 propriis
2951 3993 3156 4064 ﬁguris
3178 3995 3362 4050 varie-

1712 4091 1912 4156 gatus,
1953 4085 2260 4157 archetypi
2301 4091 2358 4140 et
2415 4083 2772 4154 exemplaris
2809 4083 3102 4138 rationem
3143 4083 3360 4148 subire,

1711 4183 1890 4248 atque
1929 4173 2258 4230 imitatione
2291 4172 2544 4244 exprimi
2588 4172 2808 4242 dignus
2841 4177 2947 4242 est,
2997 4187 3120 4226 non
3163 4175 3362 4226 autem

1709 4265 1873 4334 refigi
1910 4269 2012 4320 aut
2044 4261 2286 4318 rescribi
2313 4275 2390 4316 ad
2422 4261 2670 4316 aliorum
2701 4259 3086 4315 imitationem
3130 4275 3166 4314 a
3223 4274 3361 4331 pru-

1711 4354 1991 4411 dentibus
2018 4353 2209 4414 debet,
2243 4353 2444 4422 Neque
2475 4351 2635 4405 enim
2658 4350 2765 4405 erit
2797 4349 2854 4404 in
2889 4353 3168 4420 promptu
3199 4349 3361 4402 inve-

1711 4445 1838 4500 nire
1867 4443 1940 4498 ad
1971 4457 2152 4514 quem
2193 4439 2378 4494 alium
2407 4439 2480 4494 sit
2536 4437 2936 4508 effigiandius.
2999 4439 3150 4492 Sunt
3201 4435 3362 4490 enim

1711 4533 1878 4588 Pauli
1907 4531 2114 4594 verba,
2147 4543 2266 4583 non
2297 4527 2698 4582 meditationis
2723 4527 2966 4590 fructus,
2997 4524 3100 4580 sed
3124 4525 3364 4596 inspira-

1713 4623 1922 4686 tiones,
1964 4625 2020 4675 et
2050 4615 2494 4674 excellentiores
2524 4615 2912 4688 cogitationes
2957 4631 2969 4668 :
3011 4613 3227 4668 divitiae
3270 4629 3363 4669 sa-

1713 4711 1972 4784 pientiae,
2047 4707 2180 4762 fons
2260 4705 2538 4761 virtutem
2617 4703 2990 4760 salutiferam
3053 4701 3358 4768 ebulliens,

1711 4799 1911 4856 brevis
1961 4797 2245 4870 quaedam
2303 4793 2660 4862 coruscatio,
2721 4809 2751 4848 e
2809 4791 2982 4847 labiis
3029 4791 3360 4862 apostolicis

1711 4889 2012 4952 exsiliens,
2059 4883 2336 4942 terribilis
2375 4899 2405 4938 e
2445 4881 2595 4938 caelo
2629 4881 3060 4952 fulgurationis,
3107 4879 3362 4936 etiluxus

1713 4977 1958 5050 quidam
1983 4977 2506 5032 commensuratus
2530 4971 2751 5026 divinae
2779 4969 2934 5024 illius
2959 4970 3233 5042 potentiae
3257 4987 3362 5042 per

1713 5066 2119 5122 inﬁrmitatem
2151 5062 2418 5134 perfectae
2444 5075 2566 5132 qua
2595 5065 2746 5115 totus
2779 5059 3040 5114 mundus
3066 5059 3357 5128 irrigatur.

1713 5155 1912 5210 Gratia
1941 5159 2028 5208 est
2047 5151 2174 5207 haec
2205 5165 2459 5222 operans
2481 5149 2540 5204 in
2569 5149 2838 5204 testaceis
2867 5149 3044 5217 vasis,
3077 5163 3360 5204 veneran-

2102 5317 2148 5349 ³³
2181 5315 2354 5378 ICor,
2387 5328 2466 5378 1v,
2503 5315 2586 5380 t2,
2615 5311 2694 5368 t3.
2800 5311 2848 5346 ⁴⁰
2879 5311 3053 5366 Rom.
3087 5325 3146 5374 x,
3171 5311 3354 5374 14,15.

1339 5487 1565 5542 VABUE
1597 5483 1998 5544 LECTIONES.

119 5585 142 5626 δ
167 5587 220 5642 Co
245 5591 314 5649 Π.
353 5595 451 5646 Καὶ
479 5595 536 5646 τί
627 5591 642 5634 ί
685 5593 746 5648 C.
776 5593 844 5648 Μ.
871 5589 1157 5654 ἐπιπνοίας.
