4136 6198
498 326 598 384 591

1713 322 1949 378 PHOTII
1987 319 2466 376 PATRIARCH/E
2505 322 2612 379 CP.

3756 320 3870 377 592

503 452 720 508 dorum
744 451 799 505 et
823 446 1275 521 paradoxorum
1295 450 1718 519 mysteriorum
1741 446 2151 504 testimonium

2290 445 2376 497 λον
2431 443 2729 519 ἁρδεύουσα
2761 464 2773 477 ·
2807 454 2959 499 τοῦτο
3017 454 3108 506 τῆς
3148 444 3195 497 ἐν
3249 444 3579 519 ὀστρακίνοις
3632 448 3880 499 σκεύεσιν

500 538 834 595 indelebile.
887 535 1187 608 Sapientia
1236 535 1531 591 distillans
1561 552 1592 591 e
1637 535 1844 607 lingua
1890 534 2153 598 idiotica,

503 627 712 698 regula
729 626 991 698 dirigens
1006 624 1410 696 eloquentiam
1427 640 1497 679 ex
1520 640 1620 679 ore
1649 624 2053 687 immeditato;
2087 638 2157 677 ex

505 716 814 773 illitteratis
842 714 1017 769 labiis
1067 729 1163 768 ars
1192 713 1501 769 rhetorica.
1562 714 1714 779 Quid
1761 718 1822 769 tu
1874 713 1950 768 ad
1997 711 2160 766 ista?

505 809 595 861 An
614 811 668 861 te
692 804 888 859 adhuc
905 803 1276 858 ratiocinatio
1302 801 1508 869 dubia,
1533 808 1589 857 et
1620 803 1901 871 ambigua
1933 800 2157 872 opinio,

508 895 582 951 de
611 894 775 949 Pauli
807 890 1096 964 sapientia
1126 891 1375 946 turbat?
1409 891 1607 946 Potius
1639 891 1740 946 tibi
1773 889 2165 962 imputabitur

507 983 883 1056 parcimonia
912 982 971 1035 in
995 980 1216 1050 figuras
1239 980 1369 1050 ejus
1408 979 1689 1051 epistolas
1717 981 1764 1034 si
1790 978 2164 1048 conﬁnxeris,

508 1072 603 1127 vel
635 1071 955 1143 plurimum
979 1073 1039 1124 tu
1068 1068 1325 1140 teipsum
1356 1068 1691 1135 accusabis,
1721 1068 1885 1141 quod
1913 1068 2166 1123 antehac

509 1166 567 1217 te
616 1165 916 1217 tantarum
972 1158 1300 1227 gratiarum
1357 1174 1607 1213 munera
1662 1158 1979 1214 latuerunt.
2014 1157 2166 1222 Quid

512 1264 691 1321 porro
722 1247 971 1312 diceres,
1001 1246 1052 1301 si
1082 1246 1439 1318 profundius
1472 1246 1803 1301 descendas
1830 1245 1889 1300 in
1922 1246 2168 1301 alteram

513 1341 744 1409 partem
777 1335 1070 1391 facultatis
1096 1334 1226 1404 ejus
1254 1336 1313 1389 in
1344 1335 1599 1390 dicendo
1634 1351 1647 1389 :
1685 1334 1885 1400 Qualis
1915 1334 2171 1389 cernitur

513 1425 573 1479 in
596 1423 894 1496 plerisque
926 1422 1222 1494 capitibus
1248 1422 1499 1477 summis
1527 1421 1936 1493 disponendis,
1967 1420 2171 1493 quoad

517 1512 808 1579 ordinem,
844 1511 1221 1582 prudentiam
1259 1526 1272 1576 ;
1313 1510 1459 1565 dum
1494 1510 1738 1573 inducit,
1781 1510 2044 1581 disponit
2068 1524 2172 1580 per

516 1602 897 1674 hypOpheras
920 1600 1407 1672 anthypopheras
1442 1616 1454 1653 :
1489 1599 1710 1671 quibus
1740 1598 2171 1654 ininveniendo

519 1690 912 1761 epichremasi
941 1704 955 1753 ',
993 1704 1177 1759 quam
1205 1688 1485 1759 copiosus
1507 1688 1566 1743 in
1590 1688 1897 1759 operando
1931 1704 1945 1754 ;
1987 1702 2172 1759 quam

2267 534 2624 609 ἐνεργουμένης
2680 538 2928 611 χάριτος.
3004 534 3073 587 Ὠ
3125 544 3344 609 φρικτῶν
3411 540 3501 587 καὶ
3562 532 3882 609 παραδόξων

2268 632 2571 701 μυστηρίων
2642 629 2927 700 μαρτύριον
2985 624 3433 698 ἀπαράγραπτονέ
3484 624 3535 688 ἐξ
3597 622 3882 688 ἰδιωτικῆς

2268 715 2497 787 γλώττης
2566 717 2839 776 στάζουσα
2893 720 3067 787 σοφία,
3125 713 3177 777 ἐξ
3244 713 3559 785 ἀμελετότου
3614 720 3884 786 στόματος

2270 809 2435 855 κανὼν
2488 804 2816 875 εὐγλωττίας,
2872 803 2927 866 ἐξ
2983 803 3195 875 ἀμαθῶν
3247 803 3460 875 χειλέων
3511 808 3671 875 τέχνη
3716 805 3887 877 ῥητο-

2271 897 2404 965 ρίας.
2439 897 2503 945 Σύ
2536 890 2594 944 δὲ
2624 897 2675 944 τί
2720 891 2915 963 λέγεις;
2948 891 3064 943 "Eri
3108 911 3164 943 σε
3205 891 3458 963 λογισμὸς
3490 888 3760 952 διστάζων
3789 902 3884 952 τῆς

2274 982 2321 1033 ἓν
2346 982 2483 1053 λόγῳ
2517 981 2721 1033 Παύλου
2758 986 2961 1052 σοφίας,
2987 982 3015 1039 ᾖ
3044 977 3365 1054 διαπόρησις
3396 980 3598 1052 ἐνοχλεῖ
3624 999 3637 1047 ;
3670 982 3884 1033 Μᾶλλον

2277 1068 2336 1124 δὲ
2374 1066 2437 1145 ἆρ
2488 1074 2559 1122 ἔτι
2590 1090 2675 1122 σοι
2702 1069 3214 1143 μικρολογηθὴσεται
3247 1068 3334 1141 [εἰ]
3366 1069 3436 1131 εἰς
3481 1074 3744 1141 σχήματα
3789 1074 3886 1131 τὰς

2278 1158 2582 1219 Ἐπιστολάς
2626 1159 2785 1211 αὐτοῦ
2822 1163 3226 1230 σχηματίσειεν,
3268 1159 3297 1217 ἦ
3351 1161 3529 1233 μακρὰ
3575 1158 3634 1209 ἂν
3683 1167 3888 1211 σαυτοῦ

2276 1257 2376 1298 τῶν
2419 1252 2679 1321 προτέρων
2727 1252 3059 1319 καταγνοίης,
3094 1249 3175 1299 ὅτι
3224 1266 3281 1299 σε
3335 1250 3594 1299 τοσούτων
3643 1253 3888 1322 χαρίτων

2282 1332 2452 1411 δωρεά
2493 1334 2789 1389 διελάνθανε
2814 1354 2827 1403 ;
2854 1342 2917 1389 Τί
2971 1334 3020 1388 δ’
3067 1335 3126 1388 ἂν
3170 1339 3333 1398 εἴποις
3373 1336 3773 1409 ἐμϐοθυνόμενος
3814 1346 3890 1407 τῷ

2280 1424 2430 1498 ἑτέρῳ
2471 1430 2611 1499 μέρει
2660 1434 2750 1486 τῆς
2802 1425 2988 1477 ἐκείνου
3038 1430 3155 1499 περὶ
3200 1429 3321 1486 τούς
3359 1425 3545 1495 λόγους
3591 1423 3889 1498 δυνάμεως,

2280 1516 2385 1576 οἶος
2433 1514 2480 1566 ἐν
2532 1522 2640 1575 τοῖς
2688 1514 2978 1588 κεφαλαίοις
3028 1519 3120 1573 τὴν
3168 1514 3334 1584 τάξιν,
3366 1520 3459 1572 τὴν
3520 1518 3726 1567 σύνεσιν
3779 1515 3894 1567 εἰσ-

2282 1608 2418 1676 άγων
2482 1606 2927 1677 οἰκονομούμενος,
2982 1607 3245 1677 ὑποφέρων
3321 1604 3701 1679 ἀνθυποφέρων,
3766 1607 3891 1664 ὅσος

2282 1703 2380 1746 τῶν
2424 1693 2846 1769 ἐπιχειρημάτων
2898 1698 2991 1751 τὴν
3045 1695 3282 1767 εύρεσιν·
3335 1698 3392 1746 τὸ
3448 1696 3498 1745 ἓν
3559 1701 3672 1755 ταῖς
3728 1693 3896 1767 ἐργα-

522 1783 836 1849 promptus
879 1777 956 1833 ad
1004 1777 1515 1849 persuadendum,
1570 1793 1755 1849 quam
1789 1777 2068 1849 frequens
2115 1776 2174 1831 in

2290 1789 2423 1844 σίαις
2473 1804 2683 1855 γόνιμον
2719 1805 2730 1816 ·
2765 1786 2898 1843 ὅπως
2958 1785 3259 1855 συμπείθειν
3318 1784 3520 1855 ἕτοιμος
3577 1789 3665 1835 καὶ
3725 1783 3897 1844 πολύς

518 1865 824 1938 parabolis
849 1866 1410 1922 etsimilitudinibus
1445 1883 1457 1932 ;
1498 1865 1840 1938 quantusin
1870 1866 2177 1938 enthyme-

521 1956 742 2020 masin,
775 1960 831 2010 et
875 1955 998 2010 istis
1051 1954 1364 2009 virtutibus
1403 1954 1839 2025 congeneribus
1868 1971 2019 2027 quas
2058 1959 2177 2010 stu-

521 2044 687 2101 diose
708 2044 1024 2115 complecti
1056 2044 1299 2116 poteris,
1323 2044 1456 2098 licet
1482 2044 1795 2101 nullialias
1829 2042 2176 2099 meditanda

522 2132 670 2188 velis
710 2138 1013 2205 praestare,
1056 2133 1133 2188 ad
1174 2148 1442 2188 amorem
1470 2149 1606 2188 vere
1638 2132 1910 2197 celerem,
1935 2137 1989 2187 et
2018 2132 2178 2187 oble-

525 2228 891 2278 ctamentum
910 2221 1255 2277 delectabile
1279 2222 1717 2277 conciliandum
1762 2240 1775 2277 :
1819 2221 2074 2277 Accedat
2100 2221 2177 2276 ad

524 2312 637 2367 ista
661 2311 842 2381 hujus
873 2310 1134 2365 hominis
1152 2311 1223 2364 de
1254 2309 1601 2382 idolothytis
1619 2310 2043 2366 commentatio
2079 2326 2090 2363 :
2122 2313 2178 2364 et

525 2401 626 2456 ubi
659 2401 712 2455 id
740 2400 864 2469 agit
904 2403 965 2454 ut
986 2398 1285 2470 deprimat
1314 2398 1534 2453 fastum
1576 2399 1811 2454 illorum
1844 2405 1900 2454 et
1930 2398 2177 2454 inﬂatio-

524 2504 684 2553 nem,
733 2488 834 2558 qui
865 2486 939 2541 de
958 2486 1195 2559 loquela
1225 2487 1565 2556 linguarum
1599 2487 1866 2559 ingentes
1906 2502 2178 2558 sumpse-

524 2580 660 2633 rant
684 2576 923 2646 spiritus
953 2592 964 2630 :
998 2581 1053 2629 et
1084 2575 1246 2646 quod
1272 2575 1366 2631 lex
1384 2576 1617 2631 debitor
1648 2581 1771 2632 erat
1800 2592 1935 2648 quas
1969 2590 2178 2630 conce-

526 2666 665 2720 dere
693 2670 749 2719 et
771 2664 967 2718 locum
994 2664 1136 2718 dare
1158 2664 1362 2735 gratiae
1393 2664 1650 2721 deberet.
1688 2664 1800 2721 Sed
1831 2664 2074 2719 abunde
2105 2664 2179 2720 de

525 2753 651 2809 istis
696 2752 925 2808 dictum
971 2762 1061 2809 est
1101 2768 1114 2806 :
1156 2768 1347 2824 eoque
1402 2753 1595 2823 magis
1641 2754 1807 2825 quod
1850 2753 2177 2808 litterarum

527 2842 888 2898 commercio
960 2841 1390 2909 insinuantur;
1434 2842 1483 2897 si
1546 2842 1870 2914 aliquando
1936 2841 2181 2898 insimul

528 2931 1031 2997 convenerimus;
1073 2931 1500 2987 conveniemus
1554 2936 1778 3001 autem,
1827 2931 1886 2987 id
1931 2931 2181 2987 Domino

528 3020 675 3076 mihi
699 3026 1073 3091 suggerente,
1090 3024 1214 3076 tum
1234 3020 1509 3077 ditiusius
1521 3036 1708 3094 quam
1730 3022 1789 3076 in
1807 3021 2092 3094 praesenti
2113 3022 2184 3076 de

525 3110 653 3165 istis
691 3108 855 3181 apud
884 3114 935 3165 te
961 3108 1279 3165 disseram.

530 3218 847 3282 QUES'I‘IO
949 3216 1119 3273 XCIII.
1234 3216 1453 3282 [CoisL

1246 3289 1463 3345 CLXIII.
1492 3292 1513 3358 ]

530 3378 793 3433 Diversa?
818 3379 1168 3448 quastione:
1199 3393 1273 3434 ea?
1293 3378 1337 3431 Α
1345 3380 1575 3446 postolo
1594 3393 1703 3448 per
1725 3378 1935 3449 viginti
1973 3385 2189 3448 septem

1112 3450 1312 3518 capita
1344 3451 1575 3506 solutae.

1574 3216 1886 3275 CCLXXIII.
2004 3219 2053 3273 T
2049 3233 2181 3275 aur.

2284 1873 2617 1948 παραϐολαῖς,
2650 1870 3076 1948 παραδείγμασιν
3102 1893 3113 1904 ·
3144 1871 3324 1933 ἡλίκος
3367 1880 3477 1933 τοῖς
3507 1872 3845 1944 ἐνθυμήμασι
3879 1894 3892 1904 ·

2285 1969 2373 2015 καὶ
2420 1967 2513 2020 τὴν
2571 1962 2726 2020 α’λλην
2780 1965 2981 2021 τούτοις
3037 1960 3244 2012 ἅπασαν
3295 1969 3518 2032 συγγενῆ
3564 1958 3809 2032 δύναμιν,
3859 1961 3897 2012 οἱ

2288 2071 2372 2103 σοι
2418 2054 2695 2125 παράσχοι
2738 2050 3036 2123 περιελθεῖν,
3089 2049 3182 2101 κᾶν
3230 2046 3418 2122 μηδενὶ
3468 2049 3690 2122 θελήσῃς
3731 2050 3892 2124 ἑτέρῳ

2285 2143 2419 2192 κατὰ
2465 2140 2675 2213 μελέτην
2728 2146 3003 2214 προσχεῖν,
3061 2139 3132 2199 εἰς
3178 2140 3246 2201 ὡς
3294 2138 3499 2200 ἀληθῶς
3553 2138 3671 2201 ὀξύν
3721 2142 3896 2211 ἔρωτα

2286 2235 2373 2282 καὶ
2425 2232 2598 2302 θαῦμα
2651 2229 2834 2300 γλυκύ,
2893 2231 2924 2287 ἦ
2978 2248 3030 2280 τε
3086 2233 3197 2302 περὶ
3248 2236 3347 2279 τῶν
3398 2224 3751 2279 εἰδωλοθύτων
3799 2237 3895 2279 τοῦ

2287 2316 2477 2393 ἀνδρὸς
2520 2319 2585 2379 εἰς
2632 2327 2796 2370 ταῦτα
2842 2323 3239 2389 μεταχείρησις,
3287 2321 3377 2369 καὶ
3431 2316 3477 2367 ἐν
3624 2319 3895 2392 καθαίρειν

2287 2407 2543 2481 ἐπιχειρεῖ
2614 2416 2712 2458 τῶν
2769 2406 3296 2480 μεγαλοφρονούντων,
3366 2404 3442 2477 ἐφ’
3618 2405 3897 2477 γλώσσαις

2288 2496 2491 2548 ἐλάλουν
2538 2500 2596 2547 τὸ
2633 2499 2869 2567 φύσημα,
2901 2500 2991 2547 καὶ
3034 2491 3101 2553 δὴ
3136 2499 3225 2546 καὶ
3278 2496 3343 2554 ὡς
3373 2495 3397 2545 ό
3447 2498 3601 2565 νόμος
3633 2494 3899 2566 ὀφειλέτης

2289 2582 2349 2643 ἧν
2401 2593 2795 2657 παραχωρῆσαι
2838 2592 2899 2656 τῇ
2934 2585 3119 2657 χάριτι
3149 2600 3162 2649 ;
3195 2582 3351 2634 Ἀλλὰ
3393 2589 3507 2657 περὶ
3562 2586 3651 2654 μὲν
3696 2586 3898 2635 τούτων

2291 2676 2440 2725 ἱκανά
2473 2696 2485 2707 -
2537 2678 2624 2725 xui.
2672 2682 2835 2726 ταῦτα
2886 2676 3020 2724 κατὰ
3082 2674 3393 2747 γράμματος
3442 2673 3666 2743 ὁμιλίαν.
3721 2672 3781 2724 Εἰ
3839 2669 3900 2724 δε

2289 2783 2411 2816 ποτε
2471 2765 2790 2835 συνεσόμεθα
2851 2763 3195 2833 (συνεσόμεθα
3252 2758 3355 2813 δέ·
3412 2763 3544 2813 θεῖον
3599 2781 3689 2833 μοι
3741 2770 3899 2813 τοῦτο

2290 2858 2503 2926 μήνυμα
2530 2854 2907 2926 προαγορεύει),
2938 2857 3049 2904 τότε
3073 2852 3386 2923 πλατύτερον
3418 2852 3446 2909 ἡ
3480 2860 3567 2903 νῦν
3612 2856 3728 2924 περὶ
3774 2855 3897 2903 τού-

2294 2963 2392 2995 των
2426 2962 2511 2994 σοι
2548 2939 2906 3013 διαλεξόμεθα.

2865 3214 3177 3261 ΕΡΩΤΗΣΙΣ
3214 3192 3325 3268 δι”.

2301 3378 2591 3445 Ζητήματα
2647 3368 2873 3445 διάφορα
2908 3378 3007 3445 ,τοῦ
3060 3370 3378 3445 ’ᾼποστόλου
3434 3367 3527 3423 διὰ
3585 3368 3628 3421 κ’
3690 3374 3780 3421 καὶ
3855 3368 3905 3430 ς’

2780 3441 3062 3515 κεφαλαίων
3092 3441 3419 3515 ἑπιλυόμενα.

1022 3572 1175 3622 Edita
1200 3586 1232 3622 a
1254 3573 1598 3631 Montacutio,
1628 3589 1711 3639 ep.
1744 3576 1851 3632 166,
1885 3574 1951 3623 ad
1974 3573 2154 3638 Georg.
2184 3572 2393 3626 Nisam.
2434 3584 2485 3633 p.
2518 3571 2608 3617 235
2637 3583 2747 3631 seq.
2782 3569 2852 3617 De
2887 3568 3048 3617 variis
3072 3567 3218 3617 Pauli
3251 3567 3398 3617 locis.

603 3686 1105 3759 Quandoquidem
1139 3688 1419 3757 agnoscis
1462 3699 1514 3745 te
1554 3705 1673 3746 non
1716 3690 1895 3746 modo
1938 3690 2183 3745 victum.

530 3779 799 3843 libenter,
855 3776 959 3831 sed
1008 3777 1254 3848 insuper
1302 3778 1387 3832 sic
1446 3778 1622 3846 vinci,
1662 3780 1813 3834 inter
1854 3777 2187 3835 festivitatis

533 3864 856 3923 commoda
889 3870 1144 3937 reputes,
1188 3866 1333 3937 quid
1374 3873 1465 3922 est
1511 3867 1675 3939 quod
1711 3867 1951 3923 ulterius
1991 3868 2192 3922 adhuc

533 3954 841 4011 desideres
864 3953 1137 4025 exempla
1165 3954 1624 4026 Scripturarum,
1656 3956 1713 4012 in
1729 3957 2027 4029 prioribus
2050 3956 2190 4011 litte-

533 4044 615 4101 ris
642 4044 789 4099 meis
828 4041 1141 4099 allatarum
1192 4044 1519 4114 figurarum
1554 4063 1567 4111 ;
1604 4045 1697 4099 cui
1726 4051 1826 4102 tuo
1878 4044 2190 4109 desiderio,

535 4133 797 4190 celeriter
853 4131 1021 4202 cupis
1073 4133 1583 4206 satisﬁerizquod
1635 4139 1688 4190 et
1756 4151 1996 4207 aequum
2065 4150 2194 4189 esse

539 4223 750 4286 sentio,
793 4220 944 4291 sapit
974 4221 1132 4275 enim
1165 4221 1451 4277 invidiam
1484 4223 1565 4277 illi
1606 4224 1910 4279 veritatem
1949 4239 2071 4278 non
2111 4240 2196 4278 re-

537 4315 916 4385 praesentare,
966 4310 1111 4382 quia
1146 4312 1386 4366 veritate
1417 4313 1605 4367 victus
1644 4312 1809 4384 quod
1850 4328 2056 4367 verum
2089 4319 2193 4376 est,

540 4400 766 4473 quaarit.
784 4399 1093 4465 Quocirca,
1121 4405 1380 4471 quatuor
1406 4400 1637 4456 illorum
1670 4402 1983 4456 modorum
2002 4417 2199 4455 exem-

543 4489 645 4560 pla
674 4488 873 4543 adhuc
892 4488 1179 4559 adjungo,
1210 4489 1362 4543 itaut
1386 4489 1547 4544 haud
1577 4489 1891 4545 difﬁculter
1914 4489 2200 4560 distingui

544 4582 601 4633 et
637 4576 892 4632 discerni
918 4578 1237 4647 possintex
1278 4576 1421 4641 istis,
1467 4577 1567 4633 tlla
1595 4594 1731 4650 quae
1772 4578 2001 4651 reliqua
2043 4583 2195 4643 sunt,

547 4672 670 4721 tum
713 4671 774 4720 ut
803 4682 877 4720 ne
908 4670 1075 4720 tuam
1116 4666 1497 4736 prudentiam
1542 4668 1907 4723 contumelia
1962 4667 2200 4723 afﬁcere

2370 3682 2687 3758 Ἐπειδὴπιρ
2742 3683 2799 3735 ού
2877 3688 3029 3755 μόνον
3097 3688 3301 3755 χαίρων
3354 3681 3681 3753 ἀνοπολογεῖς
3732 3683 3749 3736 ,ἱ
3809 3688 3907 3741 την

2302 3777 2480 3843 ἧτταν,
2536 3773 2663 3825 ἀλλὰ
2713 3793 2801 3823 και
2848 3772 2914 3832 εἰς
2968 3771 3143 3844 ἑορτὴν
3199 3772 3359 3829 αὐτὴν
3415 3770 3658 3843 ὠφελείας
3718 3770 3909 3843 ἁναφέ-

2302 3883 2425 3939 ρεις,
2468 3865 2603 3935 ὅμως
2650 3858 2699 3913 δ’
2749 3860 3008 3921 ἐπιζητεις
3054 3863 3132 3911 ἔτι
3175 3855 3583 3934 παραδείγματα
3623 3868 3721 3911 τῶν
3753 3858 3802 3911 ἐν
3835 3869 3907 3930 τῷ

2303 3959 2490 4026 πρώτῳ
2521 3954 2793 4023 γράμματι
2839 3949 3113 4023 εἰρημένων
3161 3953 3361 4023 τρόπων
3389 3969 3401 3982 ·
3444 3953 3533 3999 καὶ
3577 3952 3771 4005 ταύτην
3822 3968 3905 4001 σοι

2306 4047 2397 4100 τὴν
2438 4040 2701 4103 ἐξαίτησιν
2748 4044 2905 4112 πέρας
2956 4037 3127 4090 λαϐεῖν
3177 4038 3235 4089 ού
3292 4033 3557 4112 βραδύνον
3608 4036 3659 4105 ιι,
3698 4033 3909 4089 δίκαιον

2305 4131 2501 4202 νομίζω
2535 4150 2547 4162 ·
2598 4124 2751 4200 ἀνδρὶ
2830 4130 2931 4201 γὰρ
3004 4127 3248 4188 ἀληθείας
3304 4129 3605 4198 ἡττωμένῳ.
3664 4128 3907 4199 φθονερὸν

2307 4224 2376 4291 μή
2429 4222 2677 4291 παρέχειν
2727 4218 2905 4289 μαθεῖν
2954 4221 3045 4274 τὴν
3100 4216 3340 4274 ἀληθειαν
3385 4214 3740 4275 ἑπιζητοῦντι.
3778 4216 3909 4269 Καθ’

2307 4310 2520 4361 ἕκαστον
2578 4316 2849 4381 τοιγαρουν
2918 4308 3115 4359 ἐκείνων
3175 4326 3261 4358 σοι
3320 4314 3417 4357 τῶν
3466 4308 3735 4379 τεσσάρων
3793 4310 3913 4379 τρό-

2308 4419 2415 4451 πων
2496 4396 2650 4467 ὀλίγα
2720 4398 2838 4447 ma
2893 4397 3202 4468 παραθέντες
3273 4402 3372 4447 τῶν
3444 4390 3912 4466 παραδειγμάτων,

2310 4488 2398 4539 οἳτε
2425 4482 2617 4560 ῥᾳδίαν
2662 4481 2822 4536 οὖσαν
2867 4493 2965 4536 τῶν
3009 4484 3199 4535 λοιπῶν
3250 4486 3301 4536 ἐκ
3334 4486 3528 4535 τούτων
3573 4488 3666 4540 τὴν
3700 4485 3915 4555 θεωρίαν

2310 4582 2398 4627 καὶ
2450 4572 2737 4647 διάκρισιν,
2794 4575 2877 4625 ἵνα
2917 4577 2988 4644 μὴ
3050 4578 3139 4625 καὶ
3198 4577 3294 4631 σὴν
3338 4572 3622 4646 ἐξυϐρίζειν
3682 4568 3918 4644 δόξωμεν

2314 4668 2538 4726 σύνεσιν,
2589 4668 2678 4714 καὶ
2748 4660 2929 4734 βίϐλον
2997 4661 3117 4719 ὅλην
3181 4660 3286 4713 ἀντ’
3354 4660 3627 4721 ἐπιστολῆς
3697 4664 3919 4734 γράφειν

548 4755 804 4818 videam,
847 4769 955 4808 nec
1008 4769 1114 4825 pro
1172 4754 1423 4824 epistola
1469 4756 1764 4827 integrum
1827 4757 1932 4812 tibi
1980 4757 2180 4812 libruu

2315 4752 2731 4828 παραλείψωμεν.
2772 4750 2970 4825 ’Ὠσπερ
3020 4754 3117 4823 γὰρ
3159 4754 3215 4802 τό
3273 4750 3593 4822 λεπτολογεῖν
3651 4758 3723 4819 τῷ
3785 4747 3918 4801 δυσ-

548 4859 808 4901 exarem.
846 4841 1025 4897 Veluti
1045 4841 1205 4896 enim
1228 4842 1424 4914 inepte
1447 4861 1697 4917 quaque
1722 4845 1875 4901 levia
1901 4847 2200 4917 prosequi,

551 4934 814 4988 adhaeret
838 4929 955 4984 fere
1000 4930 1096 4984 ille
1136 4932 1299 5002 quod
1328 4932 1687 4988 obscuritate
1738 4933 2079 5000 involvitur,
2121 4934 2204 4989 ita

552 5020 719 5093 quod
744 5020 803 5074 in
840 5025 1045 5090 aperto
1073 5020 1335 5091 positum
1367 5029 1475 5085 est,
1510 5023 1559 5077 si
1591 5038 1712 5078 non
1744 5039 1883 5079 cum
1916 5023 2203 5079 brevitate

553 5109 859 5165 exibeatur
887 5108 949 5163 in
978 5108 1371 5181 opprobrium
1408 5111 1609 5177 tendit,
1645 5112 1737 5168 vel
1789 5112 2069 5177 doctoris,
2110 5112 2205 5167 vel

557 5196 859 5254 discentis.

2315 4846 2555 4915 θεωρὴτῳ
2665 4841 3111 4914 προσαρμόζεται,
3194 4840 3329 4891 οὕτω
3418 4843 3475 4891 τὸ
3589 4842 3743 4910 σαφὲς
3857 4838 3918 4890 ἂν

2313 4937 2383 5003 μὴ
2446 4928 2537 4983 διὰ
2589 4937 2678 4981 τοῦ
2740 4934 2995 5001 συντόμου
3051 4934 3276 5002 πρόεισι,
3335 4936 3423 4980 τοῦ
3478 4928 3828 5000 μανθάνοντος
3886 4936 3916 4985 ἦ

2314 5029 2405 5072 τοῦ
2460 5016 2803 5080 διδάσκοντός
2858 5037 2915 5089 γε
2982 5019 3181 5079 πάντως
3254 5018 3320 5078 εὶς
3387 5021 3703 5089 κατηγορίαν
3776 5036 3921 5090 περι-

2318 5115 2529 5162 ίσταται
2556 5110 2686 5181 (18).

1878 5300 2107 5355 νΑΒιιιΕ
2164 5297 2561 5355 LECTIONES.

629 5410 651 5467 J
685 5410 900 5481 corrig.
927 5424 999 5467 ex
1026 5411 1084 5467 C.
1125 5410 1196 5465 M.
1217 5406 1559 5481 ἁνομολογεῖς.

1665 5406 1701 5450 Ῐί
1725 5408 1784 5464 C.
1818 5408 1968 5463 M011.
2010 5406 2109 5461 551
2142 5404 2183 5460 f.
2232 5405 2327 5459 134
2372 5398 2656 5476 βραδύναι.

2130 5508 2367 5569 ΝΟΤΙΕ.

567 5628 682 5701 (18)
707 5627 914 5700 Capita
953 5642 1023 5683 ex
1048 5624 1251 5683 codice
1282 5625 1498 5680 Monac.
1528 5625 1625 5678 551
1662 5620 1992 5692 signantur.
2027 5618 2179 5675 EDIT.
