3906 6186
457 289 563 345 595

1678 289 1917 345 PHOTII
1960 288 2444 356 PATRIARCHE
2483 289 2591 346 LP.
3682 293 3769 347 596

457 415 597 486 ὑμῶν
628 421 688 485 τῇ
724 413 794 476 εἰς
836 416 894 466 τὸ
925 413 1260 486 Manilio».
1312 414 1555 484 Singula
1603 416 1760 472 enim
1805 415 2100 472 antedicta

2219 416 2356 486 ὑμῶν
2406 423 2467 488 τῇ
2522 415 2594 477 εἰς
2640 418 2696 468 τὸ
2737 415 3044 487 Εὐαγγέλιον
3076 438 3084 446 ·
3118 417 3380 468 τουτέστιν
3420 411 3503 466 ἐπὶ
3551 422 3605 486 τῇ
3636 415 3692 478 εἰς
3726 437 3767 470 το

456 517 562 574 per
601 508 922 574 utrumque
969 504 1216 558 modum
1262 503 1522 568 dicendi,
1569 521 1904 575 regressum
1942 506 1998 560 in
2047 506 2105 560 id

455 591 619 664 quod
650 597 738 664 est
757 596 811 644 τὸ
841 596 1009 644 κοινόν
1029 594 1346 664 recipiant:
1370 610 1473 664 per
1502 594 1876 665 hyperbaton
1904 599 2102 650 autem

455 679 818 751 simpliciter,
852 680 913 735 id
943 681 1106 752 quod
1147 682 1531 754 hyperthesin
1561 683 1787 739 dictum
1828 689 1935 748 est,
1969 699 2107 739 con-

455 770 692 826 texitur.

530 1036 611 1088 tO.
655 1033 801 1089 Illud
837 1053 849 1089 :
883 1035 1225 1105 Ἀσπάζομαι
1277 1036 1407 1106 ὑμᾶς
1440 1034 1540 1108 ἐγὼ
1582 1041 1793 1109 Τέρτιος
1832 1039 1856 1088 ό
1899 1038 2107 1112 γράψας

453 1126 544 1179 τὴν
612 1120 887 1180 ἐπιστολὴν
938 1121 985 1173 ἐν
1034 1127 1227 1197 κυρίῳ·
1282 1123 1384 1178 ubi
1434 1123 1597 1190 illud,
1655 1124 1702 1176 ἐν
1754 1131 1942 1199 Κυρίῳ,
2005 1143 2106 1182 an-

453 1227 674 1266 nexum
733 1217 821 1266 est
871 1211 976 1276 illi,
1032 1211 1340 1284 ἀσπάζομαι
1388 1215 1539 1284 ὑμᾶς,
1575 1214 1746 1284 juxta
1792 1232 1966 1269 usum
2023 1231 2109 1270 se-

451 1304 732 1371 quentem
758 1301 992 1355 dicendi
1015 1301 1091 1357 ad
1111 1302 1290 1357 ﬁnem
1309 1304 1608 1374 repetitur.
1636 1306 1698 1358 Et
1723 1304 1863 1359 illud
1890 1321 1902 1358 :
1930 1303 2108 1366 Ὅπως

453 1387 686 1451 ἐξέληται
755 1391 894 1461 ἡμᾶς
965 1389 1020 1442 ἐκ
1087 1399 1178 1442 τοῦ
1252 1391 1528 1452 ἐνεστῶτος
1609 1393 1787 1453 αἰῶνος
1856 1403 2102 1468 πονηροῦο

454 1478 631 1533 simili
684 1478 878 1548 ﬁgura
929 1479 1186 1535 effertur.
1242 1483 1387 1536 Nam
1446 1498 1563 1537 vox
1618 1490 1848 1555 πονηροῦ
1909 1483 2106 1538 locum

453 1567 732 1639 supplere
773 1569 950 1624 debet
993 1570 1120 1638 ejus
1175 1572 1340 1641 quod
1394 1572 1658 1643 sequitur
1710 1571 2004 1642 ἐνεστῶτος,
2053 1573 2110 1629 et

452 1661 820 1730 postremum
850 1657 1046 1713 locum
1080 1658 1347 1725 absolvit,

526 1839 608 1888 tt.
652 1835 864 1890 Iterum
901 1838 1137 1889 εΤούτου
1181 1838 1362 1910 χάριν⁹
1396 1838 1420 1888 ό
1454 1834 1670 1910 δέσμιος
1700 1836 1798 1910 ἐγὼ
1841 1848 1933 1892 τοῦ
1975 1848 2109 1914 Χρι-

451 1930 577 1975 στοῦ
635 1923 814 1980 Ἰησοῦ
863 1926 990 1998 ὑπὲρ
1049 1926 1189 1996 ὑμῶν
1249 1934 1348 1978 τῶν
1403 1927 1556 1978 ἐθνῶν
1588 1945 1600 1955 ·
1629 1929 1804 2000 quasi
1845 1929 2103 1990 diceret:

447 2015 644 2064 Τούτου
695 2015 878 2084 χάριν,
921 2015 945 2064 ό
995 2015 1119 2086 ὑπὲρ
1166 2016 1307 2086 ὑμῶν
1360 2024 1458 2068 τῶν
1509 2016 1660 2068 ἐθνῶν
1709 2013 1929 2090 δέσμιος
1985 2028 2109 2092 Χρι-

451 2109 592 2154 στοῦ.
617 2102 841 2172 Captivi
870 2103 1027 2158 enim
1051 2105 1185 2158 Jesu
1219 2104 1428 2160 Christi
1457 2105 1657 2171 plures
1690 2106 1925 2162 fuerant
1956 2125 2108 2164 mar-

447 2197 626 2262 tyres,
671 2191 775 2246 sed
808 2208 928 2248 non
956 2208 1064 2264 pro
1097 2193 1372 2264 gentibus
1403 2193 1460 2248 in
1494 2211 1794 2250 carcerem
1835 2198 2104 2268 conjecti.

449 2282 575 2336 Non
607 2280 765 2336 enim
790 2280 924 2336 ideo
950 2281 1366 2338 vinciebantur
1386 2288 1444 2338 et
1473 2282 1917 2350 occidebantur,
1943 2287 2106 2358 quod

446 2375 654 2440 gentes
687 2369 1054 2425 adducerent
1087 2371 1164 2425 ad
1197 2371 1514 2435 Christum,
1549 2372 1653 2428 sed
1683 2374 1846 2444 quod
1893 2375 2003 2447 ipsi
2045 2375 2108 2429 ﬁ-

447 2458 585 2513 dem
613 2458 673 2513 in
703 2457 996 2514 Christum
1026 2459 1310 2515 nolebant
1351 2460 1672 2525 abnegare.
1723 2463 1937 2517 Paulus
1984 2465 2110 2519 vin-

447 2552 577 2602 ctus
618 2549 754 2601 Iesu
787 2547 1013 2608 Christi,
1056 2547 1216 2602 haud
1264 2549 1429 2603 aliter
1454 2549 1585 2612 fuit,
1639 2567 1824 2621 quam
1866 2560 2107 2623 propter

449 2639 653 2704 gentes
683 2654 695 2700 ;
726 2650 942 2705 nempe
973 2635 1137 2707 quod
1171 2636 1284 2690 illis
1310 2638 1512 2691 Jesum
1544 2638 1864 2704 Christum,
1898 2647 1954 2696 et
1985 2658 2102 2698 non

451 2723 614 2780 hunc
645 2728 747 2778 aut
777 2723 939 2778 illum
973 2725 1390 2790 annuntiabat,
1433 2725 1662 2782 nullum
1688 2729 2102 2799 particularein

450 2813 780 2878 nominem,
811 2814 914 2869 sed
937 2813 1198 2883 integras
1237 2815 1508 2872 nationes
1535 2818 1610 2872 ad
1650 2819 1938 2875 Christum
1966 2838 2103 2877 con-

447 2904 1044 2974 verteret.Eapropter
1065 2903 1336 2974 captivus
1357 2905 1806 2963 tenebatur.Sed
1825 2910 1898 2964 de
1923 2925 2100 2966 sensu

446 2992 561 3048 loci
588 2991 868 3056 interiori,
898 2997 954 3048 et
973 2991 1291 3048 verborum
1321 2994 1770 3066 signiﬁcatione,
1791 2997 1933 3054 alibi
1966 3016 2099 3056 sum

444 3082 732 3138 dicturus.

518 3174 604 3227 12.
629 3172 712 3227 Ad
735 3189 872 3228 eum
906 3173 1254 3246 tropologiae
1275 3175 1519 3231 modum
1544 3180 1766 3248 spectat
1799 3196 1814 3231 :
1841 3181 1906 3230 Οἱ
1932 3176 1990 3232 δὲ
2017 3201 2100 3232 πι-

447 3263 603 3322 στοὺς
687 3263 894 3331 ἔχοντες
984 3259 1244 3325 δεσπότας
1313 3269 1382 3336 μὴ
1463 3270 1937 3339 καταφρονείτωσαν
2021 3271 2098 3320 ὅτι

447 3346 658 3420 ἀδελφοί
712 3350 861 3416 εἰσιν,
915 3349 1041 3402 ἀλλὰ
1095 3353 1283 3423 μαλλον
1341 3350 1750 3419 δουλευέτωσαν,
1799 3358 1879 3408 ὅτι
1917 3364 2099 3410 πιστοί

445 3435 548 3488 εἰσι
613 3443 704 3488 καὶ
760 3438 1040 3510 ἀγαπητοὶ,
1101 3443 1148 3492 οἱ
1210 3449 1303 3504 τῆς
1363 3443 1654 3514 εὐεργεσίας
1719 3443 2098 3517 ἀντιλαμϐανό-

444 3543 586 3596 μενοι
638 3527 667 3584 ἦ
723 3531 1052 3598 μετέχοντες.
1116 3532 1273 3585 Patet
1337 3538 1532 3586 autem
1601 3533 1764 3604 quod
1824 3534 2099 3606 εὗργεσίας

445 3611 935 3687 ἀντιλαμϐανόμενοι
961 3632 1066 3687 per
1094 3617 1464 3689 hyperbaton
1496 3621 1710 3676 dicitur
1742 3639 1754 3688 ;
1787 3624 2096 3694 proprium

442 3717 580 3757 vero
605 3703 804 3759 locum
833 3706 878 3758 si
905 3705 1257 3776 disponatur
1283 3713 1434 3764 recte
1461 3709 1545 3764 sic
1577 3711 1877 3783 supplebit
1903 3735 1913 3764 :
1948 3714 2098 3765 Ἀλλὰ

441 3791 630 3864 μᾶλλον
685 3795 734 3844 οἱ
801 3802 892 3855 τῆς
944 3795 1240 3868 εὐεργεσίας
1293 3796 1801 3872 ἀντιλαμϐανόμενοι,
1864 3799 2097 3855 δουλευέ-

439 3899 634 3946 τωσαν,
693 3884 772 3934 ὅτι
815 3888 996 3935 πιστοί
1054 3884 1155 3936 εἰσι
1195 3891 1283 3938 καὶ
1333 3885 1594 3958 ἀγαπητοί
1629 3909 1640 3920 ·
1676 3905 1886 3961 nempe
1937 3892 2096 3964 quod

439 3970 709 4042 ipsorum
740 3971 864 4026 heri
891 3971 1036 4028 tales
1068 3973 1204 4028 sint.

514 4063 596 4114 13.
640 4060 726 4114 Ad
757 4061 1038 4118 eumdem
1091 4062 1338 4120 modum
1388 4069 1443 4118 et
1482 4064 1594 4120 hoc
1629 4066 1897 4136 refertur,
1927 4067 2095 4140 Ὑμεῖς

439 4144 500 4200 δὲ
537 4147 643 4220 οὐχ
673 4149 832 4210 οὕτως
889 4149 1100 4222 ἐμάθετε
1156 4155 1242 4203 τὸν
1290 4156 1537 4224 Χριστόν,
1591 4158 1694 4224 εἴγε
1738 4155 1893 4207 αὐτὸν
1941 4159 2095 4215 ἡκού-

439 4255 584 4304 σατε,
626 4242 714 4289 καὶ
761 4236 808 4289 ἐν
863 4239 1002 4310 αὐτῷ
1061 4237 1390 4311 ἐδιδάχθητε
1427 4258 1438 4269 ⁸
1473 4244 1644 4303 καθώς
1703 4243 1841 4296 ἐστιν
1891 4248 1920 4304 ὴ
1964 4245 2091 4304 ἀλή-

440 4328 552 4379 θεια
598 4325 647 4378 ἐν
681 4336 754 4400 τῷ
797 4327 995 4395 Ἰησοῦ,
1049 4328 1339 4383 ἀποθέσθαῐ
1391 4332 1526 4403 ὑμᾶς
1581 4335 1716 4384 κατὰ
1771 4339 1864 4391 τὴν
1919 4340 2092 4407 προτέ-

435 4435 530 4490 ραν
593 4415 919 4491 ἀναστροφὴν
977 4423 1064 4472 τόν
1120 4420 1336 4472 παλαιὸν
1393 4423 1681 4493 ἄνθρωπον.
1749 4424 1863 4478 Nisi
1930 4425 2086 4481 enim

437 4504 646 4560 ordine
663 4513 893 4563 mutato
925 4508 1263 4564 diceremus
1299 4527 1311 4564 :
1338 4512 1654 4563 Ἀποθέσθαι
1688 4513 1819 4584 opai;
1849 4515 1934 4564 τόν
1956 4517 2091 4566 κατὰ

435 4597 530 4652 τὴν
581 4599 832 4670 προτέραν
884 4596 1210 4672 ἀναστροφὴν
1260 4599 1478 4652 παλαιόν
1536 4601 1798 4675 ἄντρωπον
1833 4619 1844 4630 ’
1889 4608 1992 4658 aut
2043 4603 2088 4656 si

435 4682 601 4738 velis.
655 4686 969 4739 Ἀποθέσθαι
1026 4689 1159 4760 ὑμᾶς
1218 4692 1302 4740 τόν
1369 4689 1586 4741 παλαιόν
1644 4692 1934 4762 ἄνθρωπον,
2003 4695 2088 4744 τόν

436 4775 572 4823 κατὰ
616 4778 707 4830 τὴν
758 4779 1011 4849 προτέραν
1079 4776 1406 4852 ἀναστροφήν
1445 4799 1456 4810 ⁸
1519 4778 1684 4834 locus
1746 4797 1927 4835 sensu
1988 4781 2086 4836 de-

439 4861 790 4919 stitueretur.

516 4952 595 5004 14.
641 4955 725 5006 lta
777 4958 833 5009 et
883 4956 938 5010 in
988 4957 1130 5023 istis,
1162 4957 1272 5011 Ἰνα
1303 4955 1399 5028 δῳ,
1446 4961 1579 5010 κατὰ
1625 4962 1708 5010 τόν
1740 4959 1958 5011 πλοῦτον
2001 4967 2090 5020 τῆς

442 5034 602 5112 δόξης
653 5041 812 5093 αὐτοῦ
867 5039 1085 5116 δυνάμει
1135 5049 1526 5120 κραταιωθῆναι
1584 5044 1677 5100 διὰ
1724 5057 1814 5099 τοῦ
1853 5051 2090 5120 Πνεῦμα-

440 5147 527 5190 τος
592 5130 750 5180 αὑτοῦ
823 5131 889 5191 εἰς
939 5137 1024 5184 τόν
1100 5137 1198 5187 ἔσω
1273 5139 1572 5209 ᾶνθρωπων,
1635 5146 1949 5196 κατοικῆσαι
2007 5141 2092 5190 τὸν

438 5220 670 5292 Χριστὸν
723 5214 819 5290 διᾲ
871 5227 961 5281 τῆς
1005 5226 1224 5283 πίστεως
1279 5225 1328 5276 ἐν
1385 5232 1496 5285 ταῖς
1544 5222 1793 5300 καρδίαις
1839 5228 2000 5297 ὑμῶν,
2046 5225 2094 5278 ἐν

2218 504 2520 575 Εὑαγγέλιον
2571 509 2812 577 κοινωνίᾳ
2859 506 2999 577 ὑμῶν
3045 522 3056 534 ·
3104 505 3131 562 ἡ
3192 509 3281 556 καὶ
3338 505 3498 563 οὕτως
3545 520 3556 531 ⁸
3605 504 3673 556 ἐπὶ
3723 515 3766 576 τῇ

2214 599 2455 663 κοινωνίᾳ
2509 595 2648 665 υμῶν
2714 602 2777 666 τῇ
2823 595 2890 654 εἰς
2949 599 3006 646 τό
3049 593 3359 664 Εὑαγγέλιον
3400 609 3412 619 ⁸
3452 597 3656 644 ἕκαστον
3693 600 3768 669 γὰρ

2215 692 2312 734 τῶν
2368 683 2641 755 εἰρημένων
2701 683 2784 754 ἀφ’
2841 683 3077 755 ἐκατέρου
3115 688 3306 755 τρόπου
3351 687 3442 739 τήν
3493 683 3564 742 εἰς
3602 685 3650 733 τό
3691 704 3772 735 κοι-

2214 776 2296 824 νόν
2387 769 2636 824 ἐπάνοδον
2721 771 3070 844 ἀπολαμϐάνει
3127 791 3140 805 ο
3200 771 3316 823 καθ’
3393 769 3666 842 ὑπερϐατόν
3729 771 3770 824 δε

2215 864 2475 936 καθαρῶς,
2557 862 2582 914 ὂ
2661 862 2778 914 καθ’
2869 863 3141 933 ὑπέρθεσιν
3241 860 3463 931 λέγεται,
3557 856 3771 912 διαπλέκε-

2218 971 2321 1004 ται.

2291 1039 2338 1094 ι’.
2379 1044 2470 1107 Τό,
2504 1040 2844 1101 Ἀσπάζοααι
2882 1041 3018 1112 ὑμᾶς
3060 1038 3158 1110 ἐγὼ
3183 1044 3387 1111 Τέρτιος
3423 1038 3669 1109 όγράψας
3706 1042 3770 1092 τήν

2218 1127 2491 1186 ἐπιστολὴν
2542 1128 2587 1180 ἐν
2639 1134 2814 1203 Κυρίῳ
2866 1149 2878 1161 ·
2911 1133 2968 1180 τό
3020 1131 3144 1200 γὰρ,
3196 1128 3244 1179 ἐν
3303 1132 3503 1201 Κυρίῳ,
3558 1145 3774 1178 συναπτοο

2216 1237 2382 1288 μενον,
2432 1221 2487 1270 τό
2541 1217 2578 1284 Ι,
2630 1217 2936 1289 ἀσπάζομαι
2995 1219 3148 1290 ὑμᾶς,
3203 1219 3337 1268 κατά
3389 1221 3482 1272 τὴν
3539 1215 3772 1266 dmin-190':

2217 1315 2307 1358 τοῦ
2333 1306 2486 1377 λόγου
2518 1316 2718 1378 χρῆσιν
2768 1310 2897 1379 πρός
2949 1315 3021 1376 τῷ
3051 1306 3181 1358 τέλει
3224 1313 3310 1356 νῦν
3343 1301 3675 1357 ἀποδέδοται.
3701 1310 3774 1355 Καὶ

2217 1398 2295 1460 τὸ,
2346 1394 2519 1455 Ὀπως
2576 1395 2806 1458 ἐξέληται
2865 1397 3003 1465 ἡμᾶς
3063 1393 3116 1446 ἐκ
3167 1401 3256 1446 τοῦ
3304 1393 3582 1453 ἐνεστῶτος
3633 1392 3774 1452 αἰῶνος

2217 1493 2465 1558 πονηροῦ,
2548 1485 2911 1558 παραπλήσιον
3005 1487 3132 1554 ἔσχε
3227 1489 3310 1534 τόν
3396 1485 3774 1554 σχηματισμόν·

2217 1576 2274 1625 τὸ
2322 1577 2442 1646 γάρ,
2499 1582 2746 1647 πονηροῦ,
2796 1579 2888 1632 τὴν
2958 1571 3138 1646 ἑφεξῆς
3209 1580 3298 1624 τοῦ
3382 1570 3653 1632 ἐνεστῶτος
3697 1579 3776 1640 χω.

2719 1661 2935 1733 ὀφεῖλον,
2997 1665 3088 1718 τὴν
3191 1662 3427 1731 ἐσχάτην
3532 1657 3780 1730 ἀνεπλήρω-

2548 1483 2790 1558 παραπλή
2801 1504 2911 1536 σιον

2218 1681 2310 1731 ραν
2413 1661 2616 1734 ἐπέχειν

2143 1771 2190 1837 Β
2221 1771 2323 1803 σεν.

2291 1839 2378 1893 ια’.
2426 1845 2525 1894 Καὶ
2561 1839 2730 1902 πάλιν,
2777 1843 2973 1892 Τούτου
3018 1841 3180 1914 χάριν
3225 1840 3250 1890 ό
3283 1834 3502 1910 δέσμιος
3551 1844 3639 1890 τοῦ
3679 1843 3776 1907 Χρι-

2221 1937 2347 1981 στοῦ
2391 1935 2568 1986 Ἰησοῦ
2601 1931 2725 2003 ὑπὲρ
2775 1930 2916 2000 ὑμῶν
2965 1938 3063 1980 τῶν
3122 1927 3294 1991 ἐθνῶν,
3329 1930 3456 1992 οἷον,
3487 1929 3674 1980 Τοῦτον
3699 1929 3782 1996 χά-

2217 2039 2297 2093 ριν
2330 2021 2354 2070 ό
2386 2022 2510 2093 ὑπὲρ
2545 2021 2686 2091 ὑμῶν
2718 2028 2815 2072 τῶν
2859 2017 3010 2072 ἐθνῶν
3064 2015 3277 2088 δέσμιος
3317 2025 3409 2069 τοῦ
3457 2024 3678 2090 Χριστοῦ
3707 2015 3779 2070 Ἰη-

2221 2116 2336 2163 σοῦ.
2373 2114 2584 2179 Δέσμιοι
2634 2112 2723 2180 μὲν
2775 2109 2876 2179 γὰρ
2925 2112 3174 2178 γεγόνασι
3221 2114 3311 2157 τοῦ
3366 2113 3594 2177 Χριστοῦ
3640 2105 3781 2160 Ἰῑσον

2218 2203 2306 2249 καὶ
2336 2197 2513 2249 πολλοὶ
2565 2206 2663 2248 τῶν
2712 2199 3007 2270 μαρτύρων,
3065 2194 3169 2246 ἀλλ’
3202 2195 3307 2267 οὐχ
3347 2196 3473 2267 ὑπὲρ
3500 2202 3595 2246 τῶν
3641 2193 3780 2244 ἐθνῶν.

2219 2287 2294 2339 0'3
2320 2290 2419 2361 γὰρ
2467 2289 2547 2339 δτι
2576 2288 2639 2338 τὰ
2687 2287 2801 2342 ἔθνη
2853 2292 3121 2359 προσῆγον
3161 2292 3232 2354 τῷ
3281 2291 3499 2355 Χριστῷ
3531 2280 3618 2334 διὰ
3663 2289 3782 2332 τοῦτο

2218 2373 2452 2428 ἐδέδεντο
2483 2380 2571 2426 καὶ
2603 2377 2928 2446 ἐσφάττοντο,
2969 2372 3075 2423 ἀλλ’
3131 2375 3208 2423 ότι
3270 2373 3421 2424 αὐτοὶ
3454 2371 3570 2422 καθ’
3609 2371 3782 2426 ἑαυτοὺς

2217 2471 2310 2524 τήν
2356 2466 2423 2526 εἰς
2478 2468 2706 2536 Χριστόν
2755 2463 2848 2515 οὐκ
2915 2463 3126 2520 ἠθέτουν
3173 2466 3371 2514 πίστιν.
3425 2457 3561 2513 Οὐδὲ
3617 2458 3782 2516 Παῦλος

2218 2551 2430 2626 δέσμιος
2486 2558 2573 2625 μὲν
2612 2550 2670 2610 ἧν
2723 2560 2813 2604 τοῦ
2867 2558 3101 2622 Χριστοῦ
3138 2551 3339 2614 Ἰησοῦ,
3374 2549 3501 2600 ἀλλὰ
3551 2554 3634 2600 καὶ
3678 2550 3777 2615 ὑπὲρ

2215 2653 2312 2694 τῶν
2371 2644 2543 2696 ἐθνῶν.
2573 2641 2692 2694 Ὅτι
2739 2644 2840 2715 γὰρ
2896 2640 3170 2712 ἐκήρυττεν
3228 2639 3405 2700 αὐτοῖς
3453 2643 3535 2690 τόν
3581 2641 3778 2710 Χροστον

2214 2738 2300 2785 καὶ
2351 2735 2430 2785 ότι
2482 2732 2606 2802 οὗχὶ
2659 2727 2809 2783 τόνδε
2840 2731 2868 2788 ἦ
2898 2726 3066 2793 τόνδε,
3120 2728 3244 2780 ἀλλὰ
3293 2734 3382 2781 καὶ
3419 2725 3616 2799 δήμους
3657 2726 3780 2782 ὢονς

2211 2823 2465 2893 μετετίθει
2496 2824 2625 2893 πρὸς
2657 2825 2879 2892 Χρισνόν
2911 2837 2920 2847 ·
2959 2816 3052 2871 διὰ
3081 2827 3232 2870 τοῦτο
3284 2823 3342 2868 τό
3394 2817 3539 2869 πλέον
3577 2812 3776 2868 ἐδέδετο.

2212 2905 2366 2963 Ἀλλά
2423 2915 2535 2983 περὶ
2584 2914 2672 2980 μὲν
2705 2917 2794 2969 τῆς
2845 2907 2892 2960 ἐν
2932 2916 2988 2981 τῇ
3045 2904 3252 2979 διανοίᾳ
3306 2909 3520 2981 θεωρίας
3568 2911 3651 2956 καὶ
3702 2912 3780 2963 τῆς

2210 3008 2308 3050 τῶν
2341 2999 2517 3061 λέξεων
2550 2997 2873 3061 ἀναπτύξεως
2904 2996 2951 3050 ἐν
2978 2996 3168 3060 οῐλλοις.

2283 3176 2374 3250 ιβ’.
2403 3185 2504 3238 Τῆς
2537 3177 2698 3238 αὐτῆς
2723 3181 2900 3248 μέντοι
2927 3175 3270 3247 τροπολογίας
3299 3177 3478 3246 ἔχεται
3515 3178 3596 3225 καὶ
3621 3178 3672 3224 τό
3695 3189 3704 3200 ·
3724 3173 3775 3221 Οὶ

2211 3263 2268 3318 δὲ
2294 3270 2510 3325 πιστοὺς
2552 3269 2760 3336 ἔχοντες
2797 3261 3059 3324 δεσπότας
3097 3269 3167 3335 μὴ
3201 3269 3682 3335 καταφρονείτωσαν,
3711 3261 3777 3311 ότι

2211 3352 2422 3426 ἀδελφοί
2462 3355 2591 3407 εἰσιν
2622 3372 2632 3382 ·
2665 3353 2794 3406 ἀλλὰ
2842 3353 3030 3426 μᾶλλον
3070 3350 3477 3420 δουλευέτωσαν,
3509 3355 3578 3404 ὅτι
3620 3352 3778 3401 πιστοί

2210 3445 2310 3497 εἰσι
2352 3450 2441 3495 καὶ
2499 3443 2783 3513 ἀγαπητοὶ,
2848 3446 2896 3494 οι
2949 3451 3045 3504 τῆς
3109 3444 3399 3514 εὐεργεσίας
3445 3439 3776 3511 ἀντιλαμϐανό-

2208 3554 2349 3606 μενοι
2399 3536 2427 3592 ἡ
2479 3539 2785 3605 μετέχοντες
2845 3551 2856 3562 ⁸
2923 3537 2980 3584 τό
3037 3536 3160 3607 γὰρ,
3243 3534 3290 3583 οἱ
3357 3540 3451 3592 τῆς
3516 3531 3777 3603 εὐεργεσίας

2210 3622 2717 3694 ἀντιλαμϐανόμενοι,
2787 3625 2997 3693 φανερόν
3069 3625 3137 3682 ὡς
3201 3623 3549 3695 ὑπερτέθειται
3603 3635 3615 3648 ·
3666 3617 3776 3669 ἀνα-

2210 3713 2472 3787 πληρώσει
2505 3709 2562 3764 δὲ
2593 3717 2684 3769 τὴν
2725 3712 2915 3764 οἰκείαν
2946 3716 3127 3782 χώραν
3160 3710 3294 3762 οὕτω
3329 3731 3433 3769 πως
3473 3707 3731 3778 διαταχθέν
3762 3722 3771 3731 ·

2209 3802 2364 3854 Ἀλλὰ
2433 3801 2620 3873 μᾶλλον
2686 3803 2733 3853 οἱ
2804 3809 2893 3860 τῆς
2964 3800 3258 3872 εὐεργεσίας
3325 3797 3774 3871 ἀντιλαμϐανόμενοι

2208 3889 2613 3957 δουλευέτωσαν,
2655 3892 2731 3941 ότι
2784 3893 2964 3941 πιστοί
3022 3889 3124 3940 εἱσι
3169 3893 3253 3940 καὶ
3302 3888 3599 3958 ἀγαπητοί·
3630 3887 3670 3937 οἱ
3698 3879 3773 3934 δε-

2209 3985 2401 4033 σπόται
2434 3976 2693 4036 δηλονότι.

2279 4068 2360 4140 ιγ’.
2405 4076 2490 4130 Εις
2541 4073 2626 4120 τὸν
2685 4067 2838 4120 αὐτόν
2891 4064 2948 4119 δὲ
3007 4071 3194 4141 τρόπον
3253 4064 3552 4138 ἀναφέρεται
3588 4069 3664 4115 καὶ
3703 4064 3770 4123 τό,

2202 4158 2372 4230 Ὑμεῖς
2418 4154 2477 4209 δὲ
2520 4157 2624 4229 οὐχ
2665 4158 2828 4218 οὕτως
2871 4157 3078 4227 ἐμάθετε
3107 4160 3193 4207 τὸν
3225 4161 3452 4226 Χριστόν
3476 4175 3488 4186 ο
3523 4159 3615 4223 εἴγε
3639 4151 3769 4202 αὐτὸν

2205 4248 2466 4305 ἠκούσατε
2497 4251 2585 4298 καὶ
2631 4245 2678 4298 ἐν
2712 4246 2852 4316 αὑτῲ
2884 4242 3230 4316 ἐδιδάχθητε,
3259 4246 3428 4305 καθώς
3454 4243 3630 4298 ἐστινὴ
3663 4239 3770 4294 ἀλὲν

2206 4337 2316 4387 θεια
2356 4335 2404 4387 ἐν
2442 4345 2511 4406 τῷ
2569 4330 2745 4392 Ἰησοῦ
2796 4334 3082 4386 ἀποθέσθαι
3125 4335 3259 4404 ὑμᾶς
3307 4336 3443 4385 κατὰ
3487 4338 3572 4390 τὴν
3612 4331 3767 4404 προτέ-

2201 4444 2294 4494 ραν
2354 4423 2676 4498 όιναστροφην
2725 4427 2809 4476 τόν
2861 4423 3076 4474 παλαιὸν
3137 4424 3425 4494 ἄνθρωπον.
3479 4421 3534 4474 Εἰ
3575 4423 3635 4491 μὴ
3679 4419 3765 4487 γὰρ

2201 4515 2499 4586 ὑπερθέντες
2548 4517 2679 4565 εἴποι
2730 4532 2840 4585 μεν,
2898 4513 3210 4564 Ἀποθέσθαι
3250 4513 3384 4577 ὑμᾶς
3425 4514 3510 4563 τὸν
3549 4510 3665 4560 κατὰ
3685 4511 3765 4561 τήν

2199 4607 2450 4676 προτέραν
2492 4602 2821 4678 ἀναστροφὴν
2879 4602 3093 4654 παλαιόν
3144 4603 3414 4672 ἄνθρωπον
3448 4619 3459 4630 ·
3489 4603 3540 4666 ἡ,
3587 4598 3625 4649 εἰ

2196 4691 2289 4755 λει,
2327 4692 2642 4745 Ἀποθέσθαι
2672 4693 2808 4764 υμᾶς
2849 4696 2935 4743 τόν
2987 4689 3204 4742 παλαιόν
3248 4691 3514 4764 ἄνθρωπον
3543 4691 3618 4738 τόν
3652 4685 3768 4734 κατὰ

2195 4787 2288 4839 τὴν
2328 4786 2578 4852 προτέραν
2642 4779 2972 4853 ἀναστροφὴν
3034 4778 3100 4837 εἰς
3167 4774 3478 4835 ἀδιανόητον
3533 4775 3587 4826 ἂν
3639 4789 3766 4844 περι-

2137 4889 2148 4896 ·
2201 4872 2486 4940 ενεχθέντες
2518 4872 2709 4940 εἴημεν.

2273 4956 2365 5012 ιδ’.
2413 4964 2511 5010 Καὶ
2544 4955 2609 5015 δὴ
2635 4962 2719 5009 καὶ
2754 4956 2800 5008 ἐν
2834 4966 2922 5026 τῶ,
2953 4957 3060 5008 Ἰνα
3087 4952 3162 5025 δῷ
3189 4957 3323 5006 κατὰ
3354 4958 3438 5006 τόν
3465 4953 3657 5006 πλοῦνον
3681 4953 3761 5004 τῆς

2203 5044 2361 5109 δόξης
2413 5049 2567 5098 αὑτοῦ
2610 5042 2830 5117 δυνάμει
2868 5046 3254 5117 κραταιωθῆναι
3303 5041 3398 5096 διὰ
3440 5051 3526 5094 τοῦ
3562 5041 3763 5105 [1293;11-

2205 5157 2287 5198 τος
2320 5138 2478 5188 αυτοῦ
2521 5136 2592 5196 εἰς
2621 5139 2707 5188 τὸν
2739 5138 2838 5187 ἔσω
2882 5136 3167 5206 ἄνθρωπον,
3214 5143 3529 5192 κατοικῆσαι
3559 5133 3633 5182 τόν
3663 5133 3767 5195 Χρι-

2211 5230 2333 5279 στὸν
2365 5222 2457 5278 διὸ.
2487 5235 2582 5287 τῆς
2611 5229 2833 5285 πίστεως
2863 5221 2910 5275 ἐν
2961 5230 3081 5282 ταῖς
3106 5218 3356 5293 καρδίαις
3405 5223 3555 5292 ὑμῶν,
3589 5217 3632 5268 ἐν
3672 5223 3760 5280 ἀγα

1787 5436 2034 5495 VARIE
2073 5436 2479 5496 LECTIONES.

516 5568 529 5611 ¹
568 5575 647 5627 ἶσ.
676 5579 770 5647 τῷ.
