3906 6186
161 298 250 356 391
1134 289 1230 345 AD
1269 287 1811 346 AMPHILOCHIUM
1853 289 2175 358 QU/ESTIO
2216 290 2411 347 XCIII.

162 441 218 498 η
257 419 540 496 ἐρριζωμένοι
579 419 666 480 xui
709 414 1124 489 τεθεμελιωμένοι
1152 432 1165 445 ⁸
1219 417 1302 467 ἱνα
1361 414 1684 486 ἐξισχύσητε
1717 419 1763 482 Α
1796 414 1971 489 ἀγάπη
2055 415 2384 490 ἐρριζωμένοι
2461 421 2550 469 καὶ

159 508 481 564 καταλαϐέσθαι
527 509 613 559 σὺν
652 512 784 558 πᾶσι
827 513 936 567 τοῖς
983 503 1154 576 ἁγίοις
1180 509 1233 556 τί
1264 508 1321 557 τὸ
1361 503 1552 564 πλάτος
1596 509 1683 557 xui

157 609 308 671 μῆκος,
347 602 424 648 καὶ
486 594 659 667 βάθος,
715 600 803 647 xui
857 595 1005 665 ὑψος.
1048 599 1130 646 Ἐν
1193 597 1355 664 τούτῳ
1407 600 1683 665 τοιγαροῦν

156 697 211 758 τῷ
239 691 414 760 χωρίῳ,
459 688 573 746 εἴτις
621 688 700 748 τό,
752 682 800 735 ἐν
844 683 1021 756 ἀγάπη
1080 682 1412 758 ἐρριζωμένοι
1463 688 1552 734 καὶ
1598 702 1683 734 τε-

157 775 470 846 θεμελιωμένοι,
518 781 574 844 τῇ
630 773 960 846 ὑπερτεθείση
995 771 1125 834 λέξει
1175 776 1246 844 μὴ
1299 771 1558 834 ὑποτάξας
1600 773 1684 823 οὖ-

154 882 207 914 τω
249 868 326 920 τήν
369 867 647 934 σύμφρασιν
701 861 772 922 εὶς
828 865 886 916 τὸ
934 863 1068 934 κατά
1116 865 1268 933 φύσιν
1317 863 1440 933 ἔχον
1490 859 1682 912 ἐπανα-

155 951 341 1023 στρέφει,
397 949 814 1025 βαρϐαρίζουσαν
894 950 1045 1012 οὗτος
1097 948 1356 1020 ὑπόληψιν
1427 957 1497 1019 τῷ
1566 950 1681 1020 θείῳ

154 1040 299 1112 Παᾶλῳ
344 1040 568 1114 περιάψει
600 1061 613 1074 ι
669 1045 726 1092 τὸ
779 1045 954 1112 μέντοι
1003 1037 1356 1112 διηρθωμένον
1405 1051 1446 1079 ιη
1491 1041 1566 1096 εἴη
1623 1038 1682 1090 ἂν

149 1137 352 1182 τοιοῦτον.
399 1129 500 1182 Ἰνα
548 1129 594 1180 ἐν
639 1131 819 1201 ἀγάπῃ
867 1129 1199 1204 ἐρριζωμένοι
1242 1133 1330 1181 καὶ
1381 1127 1685 1198 τεθεμελιω-

145 1223 257 1287 ardor
302 1217 596 1289 ἐξισχύσητε
645 1217 1030 1272 καταλαϐέσθαι
1059 1238 1071 1250 ε
1100 1223 1188 1269 xui
1242 1217 1378 1280 ἑξῆς.
1438 1222 1538 1270 Καὶ
1587 1219 1683 1291 ὅρα

143 1310 248 1367 ὅπως
292 1309 554 1379 ἔμπροσθεν
619 1311 710 1379 μεν
767 1315 870 1368 τοίς
922 1312 994 1379 μη
1064 1315 1328 1379 προορῶσι
1386 1309 1443 1358 τό
1497 1305 1680 1358 ἀνακε-

142 1400 394 1470 χωρημένον
435 1401 518 1448 καὶ
568 1401 724 1468 σοφὸν
771 1405 870 1448 τῶν
911 1397 1158 1470 ῥημάτων
1210 1392 1381 1448 ἐδόκει
1422 1399 1479 1447 τὸ
1522 1397 1678 1469 ῥητὸν

142 1483 358 1557 βάρϐαρον
376 1506 388 1518 θ
416 1483 754 1557 ἀναφανείσης
787 1482 846 1539 δὲ
870 1493 964 1547 τῆς
992 1492 1158 1559 τροπῆ
1173 1505 1211 1549 ς,
1244 1487 1561 1557 συνανεφάνη
1591 1489 1680 1537 καὶ

142 1576 183 1623 τὸ
204 1569 470 1645 ἐμμθοδον.

193 1660 256 1714 ιε’.
283 1665 344 1714 Τό
363 1662 480 1714 αὐτὸ
513 1659 571 1715 δε
599 1659 735 1723 εἶδος
764 1664 1051 1738 καθορᾶται
1081 1667 1170 1716 καὶ
1195 1664 1315 1715 ἔνθα
1346 1667 1524 1734 φησὶν,
1559 1669 1682 1724 Τοῖς

3348 413 3452 479 ἐξι-

1797 508 2039 577 σχύσητε
2088 504 2473 558 καταλαϐέσθαι
2534 511 2621 558 καὶ
2679 510 2770 558 σὺν
2828 510 2963 556 πᾶσι
3019 510 3127 564 τοῖς
3174 504 3342 575 ἁγίοις
3396 508 3449 556 τί

1794 598 1851 646 τό
1914 595 2122 661 πλάτος,
2179 600 2267 648 καὶ
2340 605 2523 666 μῆκος,
2569 600 2657 648 καὶ
2723 594 2902 668 βάθος,
2960 599 3048 646 καὶ
3115 593 3268 663 ὕψος.
3341 593 3448 649 Ubi

1795 685 1840 738 si
1886 683 2020 754 quis
2065 683 2256 740 illud:
2323 685 2401 738 Ἐν
2474 687 2651 757 άγάπη
2708 683 3037 758 ἐρριζωμένοι
3079 688 3168 734 καὶ
3237 684 3449 754 τεθεμε-

1791 771 2046 843 λιωμένόι,
2081 772 2716 846 dictionitranspositae
2742 788 2862 828 non
2896 771 3194 842 subjiciat,
3229 771 3277 825 is
3309 786 3448 827 con-

1793 861 2107 916 nexionem
2149 861 2261 917 loci
2303 862 2361 917 in
2401 862 2481 931 id,
2524 864 2688 934 quod
2729 867 2939 917 natura
2978 860 3261 932 postulat,
3306 875 3446 916 con«

1794 955 2047 1016 vertens,
2088 949 2408 1006 barbarum
2443 966 2682 1006 sensum
2715 950 2916 1006 divino
2939 950 3118 1005 Paulo
3149 948 3396 1018 aﬁinget
3429 964 3441 1004 :

1794 1038 2085 1094 sententia
2117 1039 2220 1094 rite
2278 1044 2332 1096 et
2361 1039 2666 1095 articulate
2714 1039 2965 1111 prolata,
3001 1039 3124 1094 haec
3159 1042 3246 1093 est
3285 1055 3297 1092 :
3333 1036 3446 1092 'Ivu

1791 1129 1839 1178 ἐν
1908 1126 2083 1200 ἀγάπη
2172 1127 2503 1203 ἐρριζωμένοί
2570 1148 2658 1181 και
2725 1127 3142 1200 τεθεμελιωμένοι
3225 1126 3444 1197 ἐξισχύ-

1795 1237 1919 1274 σητε
1957 1216 2362 1280 καταλαϐέσθαι,
2414 1225 2522 1272 etc.
2571 1217 2795 1272 Videsis
2835 1221 3034 1272 autem
3075 1215 3330 1288 qualiter
3368 1215 3442 1269 iis

1792 1308 1887 1378 qui
1921 1308 1998 1363 ab
2037 1314 2160 1362 arte
2194 1324 2312 1362 non
2343 1307 2672 1379 praevident
2710 1308 2768 1362 in
2809 1306 2970 1379 quod
3010 1305 3340 1368 resultabit,
3383 1309 3440 1361 et

1792 1412 1976 1468 quam
2008 1397 2330 1467 prudenter
2367 1397 2546 1452 verba
2585 1397 2701 1452 sint
2725 1397 3038 1468 disposita,
3071 1395 3324 1452 barbare
3352 1411 3442 1450 so-

1791 1500 1933 1540 nare
1974 1485 2268 1540 videbitur
2307 1486 2550 1550 dictum,
2595 1492 2658 1541 ut
2703 1485 2897 1555 ﬁgura
2937 1485 3039 1540 ubi
3078 1483 3436 1556 comparuit,

1793 1590 1912 1629 una
1953 1575 2178 1644 patebit
2201 1579 2258 1630 et
2288 1575 2523 1629 illustris
2554 1575 2724 1630 ordo.

1865 1665 1946 1716 15.
1993 1663 2209 1718 Eadem
2243 1663 2437 1719 forma
2469 1665 2728 1718 cernitur
2759 1668 2816 1719 et
2857 1663 2954 1718 ubi
2994 1663 3106 1718 ista
3150 1662 3228 1717 ait
3263 1680 3275 1716 :
3324 1668 3440 1721 Τοῖς

2639 415 3073 490 τεθεμελιωμένοι,
3171 416 3255 466 ἱνα

139 1751 206 1819 μὲν
248 1750 349 1802 καθ’
400 1752 657 1824 ὑπομονὴν
712 1755 862 1827 ἔργου
919 1751 1119 1824 ἀγαθοῦ
1167 1748 1324 1815 δόξαν
1377 1756 1466 1804 καὶ
1521 1756 1677 1823 τιμὴν
1714 1775 1758 1830 B
1789 1755 1877 1823 μεν
1932 1753 2047 1804 καθ’
2101 1755 2364 1823 ὑπομονὴν
2418 1756 2569 1826 ἔργον
2627 1751 2826 1823 ἀγαθοῦ
2899 1748 3056 1814 δόξαν
3106 1755 3195 1803 καὶ
3257 1755 3438 1822 τιμὴν,

136 1843 202 1890 καί
249 1836 518 1914 ἀφθαρσίαν
566 1842 819 1902 ζητοῦσιν
879 1844 1014 1904 ζωὴν
1074 1841 1278 1893 αἰώνιον
1309 1862 1321 1874 ’
1365 1839 1679 1914 ὑπερϐέϐηκε

137 1928 212 1998 γὰρ
258 1931 504 1980 κανταῦθα
554 1933 634 1994 τὸ,
679 1930 903 1990 ζητοῦσι
954 1933 1089 1992 ζωὴν
1142 1929 1344 1982 αἰώνιον
1380 1948 1392 1960 ·
1424 1935 1513 1981 καὶ
1566 1932 1678 1981 ἔστι

135 2018 176 2065 τό
217 2019 330 2068 κατὰ
377 2013 516 2069 πόδα
563 2026 658 2080 τῆς
717 2017 1006 2092 ἑρμηνείας.
1074 2021 1194 2079 Τοῖς
1241 2017 1358 2070 καθ’
1417 2019 1677 2089 ὑπομονὴν

1789 1839 2082 1915 ἀφθαρσίαν
2109 1838 2397 1896 ἀποδώσει.
2432 1841 2678 1900 Attende
2698 1847 2896 1896 autem
2924 1838 3439 1912 quemadmodum

1792 1945 1912 1984 una
1955 1947 2092 1985 cum
2135 1931 2461 2002 hyperbato
2512 1929 2611 1982 ἀπὸ
2641 1938 2732 1982 τοῦ
2776 1937 2950 1982 κοινοῦ
2994 1927 3262 2000 repetitio
3306 1932 3437 1984 est:

1791 2021 1937 2073 Nam
1968 2015 2237 2072 ἀποδώσει
2277 2021 2335 2074 in
2365 2019 2480 2074 ﬁne
2530 2019 2831 2088 adjectum
2863 2023 2917 2073 et
2961 2018 3056 2072 hic
3089 2016 3439 2073 assumitur.

135 2106 253 2176 ἔργου
291 2105 476 2177 ἀγαθοῦ
527 2108 752 2168 ζητοῦσι
799 2111 928 2172 ζωὴν
969 2107 1196 2173 αἰώνιον,
1240 2104 1396 2170 δόξαν
1444 2113 1532 2159 καὶ
1575 2112 1731 2178 τιμὴν
1781 2113 1869 2160 xui
1907 2109 2202 2183 ἀφθαρσίαν
2248 2105 2536 2161 ἀποδώσει.
2587 2114 2685 2160 Καὶ
2749 2112 2932 2160 σκόπει
2975 2125 3064 2178 μοι
3105 2105 3258 2158 πάλιν
3302 2107 3439 2166 ὅπως

139 2198 402 2267 σννανειράνη
432 2205 499 2268 τῷ
526 2196 796 2273 ὑπερϐατῷ
836 2199 866 2256 ἡ
900 2204 992 2249 τοῦ
1023 2194 1123 2249 ἀπὸ
1155 2205 1328 2248 κοινοῦ
1356 2200 1722 2269 μεταχείρισις
1750 2234 1760 2246 .
1795 2200 1853 2249 τὸ
1878 2200 2000 2272 γάρ,
2034 2195 2322 2264 ἀποδώσει,
2356 2199 2566 2250 ὄπισθεν
2595 2197 2748 2271 ῥηθὲν
2800 2202 2889 2248 xui
2930 2197 3149 2248 ἐνταῦθα
3194 2192 3436 2266 συνεφέλ-

132 2299 260 2334 κιται.

184 2370 258 2434 ις’.
301 2376 370 2425 Τά
415 2379 590 2446 μέντοι
645 2394 706 2446 γε
748 2381 839 2428 τοῦ
892 2378 1226 2447 προκειμένου
1285 2375 1445 2449 ῥητοῦ
1501 2373 1676 2446 ἐφεξῆς

129 2462 278 2530 ἔχουσι
301 2465 384 2534 μὲν
415 2469 504 2516 xui
544 2464 679 2516 αὐτὰ
707 2467 764 2515 τὸ
809 2463 910 2516 ἀπὸ
941 2471 1113 2516 κοινοῦ
1146 2482 1157 2493 ⁸
1193 2467 1382 2536 ἔχουσι
1422 2461 1473 2516 δ’
1519 2464 1587 2526 εἰς
1617 2467 1676 2516 τό

128 2549 382 2622 καλούμενον
429 2554 633 2624 ζεῦγμα
682 2551 1118 2624 ἀπομεριζόμενόν
1159 2573 1212 2605 τε
1261 2559 1349 2605 xui
1381 2549 1675 2606 εἰδοποιού-

126 2657 255 2705 μενον.
283 2645 345 2692 T6
380 2643 501 2716 γὰρ,
537 2644 870 2714 Πειθομένοις
918 2639 978 2695 δε
1025 2650 1086 2714 τῇ
1135 2639 1338 2714 ἀδικίᾳ,
1393 2644 1550 2715 θυμός
1589 2647 1677 2694 xui

127 2725 224 2796 ὀργὴ
267 2735 346 2781 καὶ
391 2730 561 2802 θλίψις
609 2736 701 2783 καὶ
751 2737 1077 2805 στενοχωρία
1134 2729 1217 2784 ἐπὶ
1267 2738 1439 2784 πᾶσαν
1490 2731 1676 2803 ψυχὴν

125 2811 347 2887 ἀνθρώπου
401 2828 491 2872 τοῦ
558 2820 1005 2894 κατεργαζομένου
1061 2823 1118 2874 τό
1175 2825 1352 2887 κακὸν,
1415 2819 1675 2874 Ἰουδαίου

123 2922 162 2954 τε
207 2916 383 2980 πρῶτον
436 2915 526 2984 xui
578 2909 842 2975 Ἕλληνος,
895 2909 989 2962 οὑκ
1042 2909 1101 2961 ἀν
1157 2909 1540 2984 ἀπηρτισμένον
1599 2913 1674 2968 εἴη

122 2992 154 3043 εἰ
195 2999 256 3064 μὴ
305 2996 566 3057 ἂκυσθείη
622 2998 778 3052 πάλιν
831 3001 910 3065 τὸ,
970 2995 1256 3065 ἀποδώσει,
1310 3001 1676 3071 σχηματισθὲν

122 3081 173 3142 εἰς
197 3086 262 3147 τὸ,
291 3083 700 3146 ἀποδοθήσεται.
733 3086 893 3162 Ὀπερ
939 3086 1198 3150 ἐξακούειν
1248 3085 1424 3146 δεήσει
1466 3093 1555 3140 καὶ
1595 3086 1677 3141 ἐπὶ

121 3179 204 3233 τοῦ,
245 3173 364 3236 Δόξα
406 3173 464 3227 δὲ
513 3182 605 3228 xui
664 3180 790 3248 τιμὴ
845 3181 933 3228 καὶ
977 3177 1152 3249 εἰρήνη
1197 3181 1352 3230 παντὶ
1404 3185 1474 3247 τῷ
1528 3176 1679 3250 ἐργα-

121 3262 274 3332 ζομένῳ
322 3268 376 3316 τὸ
447 3263 648 3336 ἀγαθὸν
709 3262 953 3336 Ἰουδαίῳ
1012 3285 1065 3318 τε
1135 3274 1338 3340 πρῶτον
1409 3270 1500 3318 xui
1563 3265 1679 3318 ’Έλ-

118 3361 220 3406 Arat.

170 3439 241 3497 ιζ’.
286 3447 382 3494 Ναὶ
426 3438 494 3501 δὴ
543 3451 609 3516 τῇ
654 3441 756 3496 ἀπὸ
799 3451 972 3496 κοινοῦ
1024 3452 1188 3519 τροπῆ
1224 3440 1674 3517 διαμεμόρφωται,

115 3531 181 3576 καὶ
217 3533 283 3582 τό.
335 3534 443 3584 Εἴτε
500 3531 808 3603 θλιϐόμεθα,
867 3534 991 3606 ὑπὲρ
1057 3543 1147 3594 τῆς
1220 3535 1362 3606 ὑμῶν
1412 3533 1676 3607 παρακλη-

116 3632 254 3677 σεωςο
305 3617 384 3672 δεῖ
428 3623 535 3696 γὰρ
594 3621 750 3674 πάλιν
789 3624 1329 3696 προσυπακοῦσθῆναι
1379 3626 1457 3687 τὸ,
1511 3621 1676 3675 θλιϐό-

114 3706 232 3770 μιθα.

167 3793 242 3854 ιη’.
284 3795 477 3875 Ὠσπερ
525 3805 619 3854 καὶ
659 3799 710 3852 ἐν
756 3809 848 3871 τῷ,
905 3803 1018 3854 Εἴτε
1061 3800 1500 3876 παρακαλούμεθα
1549 3803 1674 3874 ὑπὲρ

112 3888 178 3942 τῆς
215 3885 342 3956 ὑμῶν
388 3889 777 3962 παρακλήσεως
817 3894 906 3942 καὶ
954 3896 1213 3966 σωτηρίας
1242 3907 1254 3919 ·
1283 3890 1469 3963 ὀφείλει
1516 3911 1676 3964 προσ-

112 3977 413 4047 επισυνῆφθαι
438 3981 518 4042 τὸ,
556 3977 1017 4054 παρακαλούμεθα.

167 4061 239 4116 ιθ’,
277 4070 369 4117 Καὶ
399 4069 476 4136 τό,
513 4070 634 4119 Εἴτε
677 4070 778 4140 γὰρ
824 4067 1116 4140 ἐξέστημεν,
1151 4076 1264 4138 Θεῷ
1301 4086 1312 4098 ·
1347 4071 1444 4121 εἴτε
1477 4088 1675 4141 σωφρο·

111 4155 272 4222 νούμιν,
303 4153 418 4226 ὑμῖν
448 4175 462 4186 ·
495 4155 568 4218 εἰς
614 4159 703 4207 τόν
744 4156 896 4208 αὑτὸν
940 4160 1098 4209 τύπον
1143 4155 1542 4230 ἐσχημάτισται
1573 4178 1585 4190 ο
1615 4162 1673 4211 τὸ

107 4238 180 4309 'rip
207 4240 396 4308 ἐντελὲς,
433 4248 551 4298 Εἴτε
595 4249 698 4317 γὰρ
739 4243 1036 4317 ἐξέστημεν,
1074 4254 1188 4317 Θεῷ
1219 4246 1496 4318 ἐξέστημεν
1529 4265 1540 4276 ’
1576 4250 1674 4300 εἴτε

112 4337 441 4403 σωφρονοῦμεν,
473 4335 601 4406 ὑμῖν
635 4341 1014 4406 σωφρονοῦμεν.

163 4504 216 4558 κ’.
257 4507 497 4580 Μάλιστα
545 4508 608 4563 δὲ
656 4509 925 4572 πλεονάζει
972 4515 1036 4563 τά
1081 4512 1324 4584 εἰρημένα
1367 4512 1414 4565 ἐν
1459 4522 1530 4584 τῷ
1559 4535 1671 4585 χω⁹

1864 2380 1944 2430 16.
1963 2377 2104 2442 Quae
2117 2391 2259 2446 ergo
2281 2377 2338 2431 in
2360 2375 2630 2448 prtesenti
2647 2373 2940 2431 sentenita
2963 2376 3312 2446 sequuntur,
3329 2371 3438 2428 ha.

1789 2463 2035 2531 bentur;
2064 2465 2233 2521 etilla
2255 2481 2390 2536 qua;
2414 2464 2514 2516 ἀπὸ
2532 2471 2704 2516 κοινοῦ
2727 2463 3139 2532 intelliguntur
3174 2477 3187 2516 :
3213 2459 3445 2520 habent

1787 2559 1988 2609 autem
2006 2559 2059 2609 et
2082 2555 2140 2610 in
2163 2571 2230 2609 eo
2253 2555 2417 2626 quod
2439 2558 2699 2624 Zeugma
2720 2551 3056 2622 appellatur
3073 2551 3439 2606 abstractum

1787 2647 1844 2697 et
1863 2643 2295 2715 speciticatum.
2332 2643 2481 2698 Illud
2506 2643 2668 2700 enim
2701 2660 2714 2698 :
2745 2663 2774 2693 α
2798 2643 3126 2713 Πειθομένοις
3147 2636 3205 2693 δὲ
3233 2648 3292 2712 τῇ
3324 2636 3442 2693 ἀδι-

1786 2737 1895 2804 κίᾳ,
1958 2735 2119 2805 θυμὸς
2175 2739 2265 2785 xui
2315 2732 2465 2805 ὀργὴ,
2520 2737 2610 2785 xui
2695 2730 2893 2802 θλίψις,
2954 2735 3042 2783 καὶ
3116 2733 3443 2801 στενοχωρία

1787 2820 1869 2872 ἐπὶ
1929 2829 2102 2874 πᾶσαν
2173 2822 2358 2893 ψυχὴν
2451 2820 2746 2894 ἀνθρώπου,
2827 2828 2918 2872 τοῦ
2995 2819 3438 2891 κατεργαζομένου

1787 2914 1842 2962 τὸ
1882 2914 2063 2976 κακὸν,
2117 2908 2377 2964 Ἰουδαίου
2429 2930 2484 2964 τε
2539 2919 2744 2983 πρῶτον
2801 2914 2891 2962 xui
2936 2895 3194 2967 Ἕλληνος·
3248 2926 3275 2958 »
3317 2921 3438 2961 non

1787 3004 1943 3053 esset
1985 2998 2245 3070 perfecta
2289 2999 2599 3062 sententia,
2650 2998 2765 3052 nisi
2821 2998 3035 3052 iterum
3085 2994 3434 3061 attrahatur,

1789 3084 2054 3141 ἀποδώσει
2101 3088 2355 3144 formata
2404 3103 2508 3160 per
2553 3083 2940 3144 ἀποδοθήσεται
2971 3084 3135 3157 quod
3188 3081 3438 3140 omuino

1789 3177 2147 3247 subintelligi
2181 3177 2357 3233 debet
2381 3177 2439 3232 in
2465 3177 2555 3242 iis,
2591 3173 2724 3238 δόξα
2754 3171 2834 3241 δὲ,
2858 3179 2945 3226 καὶ
2967 3178 3120 3244 τιμὴ,
3147 3177 3236 3225 xui
3259 3175 3435 3246 ειρήνη

1788 3271 1942 3318 παντὶ
2011 3275 2082 3336 τῷ
2136 3265 2462 3338 ἐργαζομένῳ
2511 3263 2728 3336 ἀγαθόν,
2788 3259 3032 3334 Ἰουδαίῳ
3116 3280 3172 3314 τε
3232 3269 3436 3333 πρῶτον

1788 3360 1876 3407 καὶ
1896 3354 2122 3413 Ἕλληνι.

1863 3447 1943 3499 ΓΙ.
1967 3445 2153 3500 Etiam
2178 3451 2232 3500 et
2259 3460 2363 3516 per
2383 3442 2838 3500 conversionem
2853 3440 2952 3494 ἀπὸ
2983 3447 3075 3493 τοῦ
3113 3446 3288 3492 κοινοῦ
3319 3436 3436 3494 for-

1789 3540 2003 3589 matur.
2071 3537 2140 3590 Et
2201 3534 2358 3589 istud
2419 3550 2432 3588 :
2478 3537 2594 3586 Εἴτε
2661 3531 2938 3604 θλιϐόμεθα
2991 3533 3116 3602 ὑπὲρ
3149 3538 3246 3590 τῆς
3297 3529 3438 3600 ὑμῶν

1786 3623 2175 3696 παρακλήσεως·
2235 3639 2376 3678 nam
2454 3622 2657 3678 denuo
2730 3618 3303 3691 subintelligendum
3353 3620 3440 3672 est

1789 3710 2086 3780 θλιϐόμεθα.

1862 3804 1944 3856 18.
1982 3804 2051 3856 Ut
2088 3805 2142 3857 et
2191 3801 2248 3856 in
2303 3800 2429 3855 istis
2465 3818 2478 3856 :
2540 3803 2657 3852 Εἴτε
2707 3797 3150 3870 παρακαλούμεθα
3178 3796 3304 3867 ὑπὲρ
3339 3801 3436 3854 τῆς

1785 3890 1926 3961 ὑμῶν
2001 3889 2374 3964 παρακλήσεως
2456 3893 2546 3941 καὶ
2631 3893 2908 3960 σωτηρίας
2973 3900 3189 3956 nempe
3255 3897 3437 3942 anne-

1785 3979 2066 4034 ctendum
2104 3985 2192 4034 est.
2228 3978 2685 4053 παρακαλούμεθα.

1863 4069 1944 4122 19.
1974 4071 2117 4124 Item
2144 4073 2199 4124 et
2229 4068 2373 4123 illud
2408 4085 2421 4122 :
2455 4069 2684 4141 Εἵτεγὰρ
2701 4065 2998 4137 ἐξέστημεν,
3030 4071 3162 4134 Θεῷο
3205 4064 3303 4114 εἴτε
3335 4079 3436 4132 σωέ

1785 4166 2084 4230 φρονοῦμεν,
2142 4159 2282 4228 ὑμῖν
2320 4173 2423 4228 per
2478 4156 2756 4212 eamdem
2797 4155 3051 4223 ﬁguram
3092 4152 3377 4208 formatur
3420 4165 3433 4204 :

1785 4264 1918 4302 nam
1978 4247 2244 4302 absolute
2310 4246 2391 4301 ita
2451 4251 2537 4300 est
2595 4248 2762 4300 ζΕῖτε
2815 4246 2916 4318 γάρ
2978 4241 3271 4310 ἐξέστημεν,
3319 4245 3432 4309 Θεῷ

1784 4335 2078 4407 ἐξέστημενο
2177 4339 2275 4388 εἴτε
2377 4340 2757 4406 σωφρονοῦμεν,
2894 4332 3013 4403 ὑμῖν
3138 4331 3436 4401 σωφρονοῦ-

1826 4443 1892 4478 εν.

1826 4444 1892 4478 εν.

1782 4444 1820 4496 μ
1853 4517 2038 4570 20.1ta
2069 4513 2406 4569 redundant
2429 4510 2753 4568 omninoin
2774 4510 2891 4564 hoc
2917 4508 3046 4564 loco
3080 4524 3093 4571 ;
3126 4504 3433 4568 Δοξάζοντες

109 4595 181 4661 pip
202 4600 350 4668 τούτῳ
383 4617 394 4628 ο
426 4622 455 4648 ‹‹
481 4599 799 4662 Δοξάζοντες
830 4603 914 4652 τὸν
947 4603 1075 4653 Θεὸν
1108 4600 1190 4654 ἐπὶ
1221 4610 1281 4674 τῇ
1312 4604 1547 4676 ὑποταγῇ
1577 4613 1672 4664 τῆς
1705 4585 1749 4638 D
1784 4607 1910 4658 Θεὸν
1959 4603 2042 4656 ἐπὶ
2125 4611 2186 4675 τῇ
2253 4603 2487 4675 ὑποταγῇ
2549 4609 2641 4663 τῆς
2704 4599 2984 4671 ὁμολογίας
3041 4599 3202 4669 ὑμῶν,
3255 4595 3324 4657 εἰς
3376 4598 3434 4647 τὸ

109 4681 337 4754 ομολογίας
387 4689 531 4759 ὑμῶν
581 4687 648 4749 εἰς
686 4691 744 4740 τὸ
795 4688 1102 4761 Εὑαγγελιον
1146 4699 1236 4743 τοῦ
1280 4699 1532 4764 Χριστοῦ,
1583 4698 1668 4744 καί

109 4770 320 4832 απ).ότητι
369 4786 460 4838 τῆς
517 4781 788 4838 κοινωνίας
845 4778 911 4838 εἰς
960 4778 1144 4840 αὑτούς
1197 4783 1283 4830 xui
1335 4780 1400 4840 εἰς
1455 4783 1664 4848 πάντας,

108 4864 176 4909 ui
223 4864 376 4915 αὐτῶν
431 4863 620 4924 δεήσει
697 4867 818 4941 ὑπὲρ
887 4868 1028 4938 ὑμῶν
1100 4867 1473 4921 ἐπιποθούντων
1540 4871 1669 4941 ὑμᾶς

108 4942 180 4998 διὰ
219 4957 302 5010 τὴν
347 4953 777 5029 ὑπερϐάλλουσαν
826 4957 987 5029 χάριν
1036 4965 1126 5008 τοῦ
1177 4966 1310 5026 Θεοῦ
1356 4957 1429 5030 ἐφ’
1463 4959 1602 5030 ὑμῖν.
1640 4981 1664 5011 ν

105 5033 238 5111 Ἀπερ
289 5047 329 5094 εἰ
383 5063 463 5107 τις
511 5049 588 5115 μὴ
645 5041 1074 5117 προσαποδιδοὺς
1131 5055 1202 5116 τῷ
1254 5047 1397 5120 ῥητῷ
1458 5047 1524 5107 εἰς
1579 5053 1666 5106 τὴν

106 5126 197 5177 καθ’
244 5131 406 5202 εἱρμὸν
476 5130 802 5204 ἀπαγγελίαν
871 5133 1290 5208 καθαρρυθμίζοι
1346 5139 1433 5187 τόν
1494 5136 1666 5207 λόγον,

105 5215 156 5273 εἰς
193 5214 484 5296 ἀδιανόητον
536 5220 603 5272 ἂν
650 5227 929 5300 πῳισταίη
977 5223 1232 5294 παντελῶς
1339 5225 1606 5296 ὑφώγησις
1638 5239 1666 5267 ιι

105 5311 176 5354 τοῦ
208 5315 552 5384 προκειμένου.
593 5303 706 5364 Καὶ
737 5315 857 5383 τόγε
904 5315 1072 5365 αἴτιον
1110 5312 1169 5365 οὑ
1216 5321 1308 5365 τοῦ
1337 5316 1662 5387 γράμματος,

1782 4692 2090 4763 Εὑαγγέλιον
2134 4701 2224 4744 τοῦ
2279 4700 2432 4756 Θεοῦ,
2486 4696 2575 4743 xui
2628 4689 2883 4748 ἁπλότητι
2927 4696 3018 4748 τῆς
3057 4689 3320 4745 κοινωνίας
3360 4684 3434 4744 εἰς

1781 4782 1963 4842 αὐτούς
2013 4788 2102 4834 καὶ
2151 4782 2222 4842 εἰς
2274 4785 2485 4846 πάντας,
2535 4785 2624 4832 καὶ
2679 4779 2844 4831 αὐτῶν
2895 4775 3076 4835 δεήσει
3120 4777 3245 4849 ὑπερ
3287 4775 3431 4846 ὑμῶν

1779 4871 2158 4924 ἐπιποθούντων
2229 4873 2360 4942 ὑμᾶς
2437 4867 2528 4921 διὰ
2600 4874 2694 4927 τὴν
2773 4865 3196 4941 ὑπερϐάλλουσαν
3267 4866 3430 4937 χάριν

1780 4969 1868 5014 τοῦ
1902 4969 2032 5014 Θεοῦ
2092 4961 2164 5032 ἐφ’
2195 4962 2335 5029 ὑμῖν.
2387 4958 2528 5026 Quae
2569 4959 2681 5014 nisi
2712 4957 2848 5029 quis
2903 4955 3146 5010 indulta:
3187 4958 3429 5012 senten-

1780 5051 1870 5120 tiae
1901 5050 2151 5105 seriatim
2170 5049 2426 5104 deducta
2440 5046 2764 5120 prolatione
2790 5046 2850 5100 in
2873 5045 3148 5116 ordinem
3171 5041 3427 5112 redigat,

1779 5138 2178 5209 interpretatio
2232 5137 2340 5192 loci
2392 5139 2638 5192 omnino
2683 5137 2808 5191 sine
2840 5150 3016 5191 sensu
3057 5133 3425 5198 destituetur.

1777 5227 1955 5298 Cujus
1994 5243 2178 5284 causa
2207 5242 2329 5282 non
2369 5231 2457 5282 est
2499 5226 2816 5297 Scriptura:
2866 5223 3266 5290 attribuenda,
3317 5220 3424 5293 sed

1777 5316 2190 5386 ignorantibus
2234 5315 2452 5387 ﬁguras
2494 5315 2715 5388 quibus
2761 5313 3011 5388 scriptor
3042 5313 3241 5368 utitur.
3285 5310 3425 5364 Ver-

1400 5455 1630 5512 VABUE
1665 5457 2069 5514 LECTIONES.

160 5556 276 5608 ωἶσ.
307 5551 719 5634 διηρθρωμένον.
915 5555 1286 5636 διηρθωμένον.
1365 5575 1394 5604 ιι
1510 5564 1577 5632 Μ.
1611 5567 1765 5620 recte
1786 5562 1969 5619 habet
1997 5565 2280 5637 ὑφήγησις.
