4136 6198
411 313 513 369 599

1634 299 1871 357 PHOTII
1912 294 2394 353 PATRIABCHXE
2438 300 2547 354 CP.

3674 304 3784 359 600

410 436 627 493 borum
659 436 1117 489 consummatus
1155 431 1303 487 ordo
1332 431 1428 486 hic
1468 434 1554 486 est
1587 447 1599 485 :
1634 428 1947 490 Δοξάθοντές
1974 421 2070 474 εἰσι

2185 434 2280 477 τῶν
2312 423 2371 479 δε
2401 431 2472 498 μὴ
2522 430 2793 479 συνιέντων
2828 434 2927 478 τῶν
2960 427 3009 478 ἐν
3053 434 3125 496 τῷ
3154 427 3428 499 γράμματι
3459 428 3786 500 σχημάτων·

1246 528 1307 592 τῇ
1374 522 1606 591 ὑποταγῇ
1664 526 1757 578 τῆς
1798 513 2075 587 ὀψολογίας

414 616 576 685 ὑμῶν,
628 620 689 683 τῇ
734 612 807 673 εἰς
863 614 920 662 τό
970 609 1274 680 Εὑαγγέλιον
1336 616 1428 660 τοῦ
1489 615 1641 673 Θεοῦ,
1709 610 1798 657 καὶ
1852 602 1933 655 ἐπὶ
1986 608 2075 671 τῇι

414 528 463 578 οἱ
527 527 672 593 ἅγιοι
749 526 836 575 τὸν
900 525 1028 575 Θεὸν
1079 524 1161 573 ἐπὶ

414 705 650 774 ὑποταγῇ
683 710 741 773 τῇ
798 700 1049 757 ἁπλότητι
1104 708 1201 759 τῆς
1256 698 1328 758 εἰς
1387 698 1576 757 αὐτοὺς
1646 698 1933 761 κοινωνίας,
1982 695 2072 741 καὶ

413 800 475 865 τῇ
537 792 605 854 εἰς
680 792 898 851 πάντας.
950 792 1192 857 lterum,
1256 787 1566 849 Δοξάζοντές
1613 786 1715 837 εἰσι
1769 786 1916 847 Θεὸν,
1981 785 2069 831 καὶ

415 883 499 933 ἐπὶ
551 888 611 952 τῇ
668 880 794 952 ὑπερ
850 880 993 950 ὑμῶν
1048 874 1229 935 δεήσει
1289 876 1457 927 αὑτῶν
1512 874 1887 927 ἐπιποθούντων
1934 871 2070 941 ὑμᾶς

417 966 512 1022 διὰ
576 974 669 1026 τήν
735 966 1158 1041 ὑπερϐάλλουσαν
1233 965 1304 1025 εἰς
1359 967 1495 1036 ὑμᾶς
1549 966 1710 1036 χάριν
1767 968 1857 1013 τοῦ
1911 965 2064 1011 Θεοῦ.

416 1058 561 1113 Vide
590 1057 843 1129 qualiter
871 1056 966 1110 hic
1006 1054 1173 1109 locus
1230 1057 1619 1126 συνέστραπται
1651 1057 1706 1106 et.
1735 1048 2064 1112 ἐλλελειπται,

418 1163 488 1204 ac
533 1147 580 1202 si
615 1146 810 1218 placet
847 1143 1231 1218 περιϐέϐληταν
1268 1160 1303 1199 a
1352 1142 1491 1197 foris
1533 1141 1693 1197 haud
1733 1138 1921 1195 multa
1965 1137 2067 1190 de-

417 1240 602 1305 erant,
646 1235 749 1289 sed
808 1234 1015 1305 paucis
1066 1231 1315 1287 vocibus
1374 1246 1480 1302 per
1534 1228 1786 1301 ellipsin,
1849 1231 1906 1281 et
1964 1223 2063 1275 ἀπὸ

418 1331 592 1377 κοινοῦ
624 1322 963 1394 assumptis,
1006 1327 1058 1377 et
1096 1320 1427 1393 hyperbato
1459 1319 1630 1389 juxta
1656 1318 1865 1372 seriem
1894 1315 1951 1369 in
1985 1314 2067 1367 lo-

419 1429 555 1469 cum
589 1428 974 1467 communem
1001 1414 1260 1482 recepto,
1294 1407 1675 1481 apertissima
1696 1406 1824 1467 erit,
1852 1408 1910 1459 et
1938 1418 2067 1475 per-

421 1502 632 1575 spicua
658 1500 1073 1571 interpretatio.

494 1768 587 1821 2t.
650 1766 755 1817 Per
793 1760 1023 1832 ellipsin
1064 1764 1121 1815 et
1161 1760 1276 1815 hoc
1330 1760 1509 1815 etiam
1550 1758 1909 1824 enuntiatur,
1954 1759 2068 1811 Εῖτε
2109 1771 2147 1824 Β

422 1853 576 1907 ἐλθὼν
606 1857 696 1904 καὶ
728 1848 853 1904 ἰδὼν
905 1852 1055 1923 ὑμᾶς,
1111 1852 1210 1901 εἴτε
1262 1853 1350 1901 xui
1400 1848 1541 1900 ἀπὼν
1602 1847 1833 1901 ἀκούσω.
1897 1851 2067 1903 Deest

423 1942 577 1998 enim
609 1938 918 1997 manifeste
956 1939 1070 1994 hoc
1088 1938 1375 2010 εὐφρανθῶ,
1406 1942 1507 1993 aut
1536 1936 1683 2009 quid
1712 1936 1921 1991 simile-

495 2124 582 2175 22.
637 2118 749 2176 Sed
808 2123 864 2174 et
916 2117 1094 2183 istud,
1150 2116 1350 2190 “Ωσπερ
1414 2118 1443 2173 ή
1510 2115 1796 2173 Ἐκκλησία
1844 2117 2071 2168 ὑποτάσ-

424 2229 571 2262 σεται
628 2216 700 2279 τῷ
751 2212 947 2283 Κυρίῳ,
999 2206 1133 2259 οὑτω
1187 2210 1275 2257 καὶ
1331 2208 1385 2257 αἰ
1446 2213 1684 2276 γυναῖκες
1745 2212 1849 2265 τοῖς
1915 2202 2070 2266 ἰδίοις

423 2296 679 2374 ἀνδράσιν
748 2296 796 2349 ἐν
854 2301 1029 2366 παντί,
1111 2295 1351 2351 effertur
1426 2294 1867 2366 ἀσχηματίστως.
1958 2294 2073 2349 Sed

422 2392 509 2444 est
546 2387 709 2460 quod
766 2386 983 2450 deficit,
1035 2389 1125 2440 est
1156 2385 1320 2456 quod
1374 2399 1479 2453 per
1526 2383 1785 2445 ἐπίζευξιν
1830 2383 1929 2435 ἀπὸ
1968 2404 2073 2435 κοι-

420 2484 510 2529 νοῦ
537 2476 848 2549 subjicitur
862 2474 1111 2547 prolato,
1135 2474 1261 2528 sine
1287 2474 1483 2528 omnei
1506 2478 1675 2543 tropo
1707 2478 1762 2527 et
1782 2473 1975 2541 ﬁgura
1997 2474 2071 2528 ad

423 2566 585 2622 hunc
626 2565 869 2619 modum
925 2562 1350 2633 proferendum
1376 2566 1465 2617 est
1515 2581 1525 2618 :
1560 2560 1757 2635 ’Ὠσπερ
1800 2563 1828 2618 ἡ
1860 2562 2074 2619 Ἐκκλη-

428 2658 520 2705 σία
573 2652 928 2705 ὑποτάσσεται
984 2660 1053 2721 τῴ
1114 2654 1308 2724 Κυρίῳ,
1368 2649 1531 2710 οὑτως
1585 2652 1639 2701 αἰ
1691 2657 1931 2720 γυναῖκες
1970 2659 2075 2711 τοῖς

428 2739 585 2803 ἰδίοις
630 2738 885 2816 ἀνδράσιν
952 2738 998 2791 ἐν
1060 2744 1212 2791 παντί
1269 2742 1542 2812 πράγματι
1590 2740 2073 2792 ὑποτασσέσθωσαν

426 2838 530 2887 aut
568 2830 856 2903 ὀφείλουσιν
902 2830 1323 2882 ὑποτάσσεσθαι.

496 2920 582 2975 23.
607 2923 654 2976 Α
684 2919 856 2975 dictis
889 2934 1007 2974 non
1041 2918 1319 2973 abhorret
1350 2921 1405 2972 et
1436 2917 1599 2972 istud
1629 2936 1641 2976 :
1676 2914 1933 2990 Ἀδελφοί,
1977 2916 2074 2989 ἐγώ

425 3010 642 3084 ἐμαυτόν
715 3008 772 3061 οὑ
832 3008 1110 3080 λογίζομαι
1179 3005 1560 3079 κατειληφέναι,
1620 3006 1669 3058 ἓν
1719 3004 1797 3073 δὲ,
1849 3006 1915 3058 τά
1963 3006 2074 3060 ὀπί-

425 3121 501 3154 σω
562 3099 1036 3170 ἐπιλανθανόμενος,

423 3210 591 3262 μενος,
633 3190 767 3241 κατά
814 3191 1007 3240 σκοπόν
1056 3184 1232 3239 διώκω
1281 3185 1367 3238 ἐπὶ
1412 3189 1470 3237 τὸ
1525 3184 1768 3260 βραϐεῖον
1818 3195 1912 3247 τῆς
1970 3189 2073 3238 ἅνω

421 3280 515 3337 κλή
528 3298 667 3337 σεως.

1133 3105 1232 3147 τῶν
1304 3093 1363 3149 δὲ
1442 3098 1727 3169 ἔμπροσθεν
1794 3095 2140 3173 ἐπεκτεινόορ

2190 519 2275 573 Εῖη
2331 515 2390 566 ἂν
2444 518 2472 574 ἡ
2525 525 2622 567 τῶν
2665 517 2910 589 ῥημάτων
2965 515 3259 568 αῦτοτέλεια
3312 519 3528 574 τοιαύτη
3561 532 3575 547 ⁸
3620 518 3791 581 Δοξά-

2189 609 2357 667 ζοντές
2402 605 2530 657 εἰσιν
2578 607 2626 657 οἱ
2669 606 2811 675 άγιοι
2853 608 2938 657 τὸν
2984 608 3113 657 Θεὸν
3162 603 3245 656 ἐπὶ
3414 607 3650 678 ὑποταγῇ
3698 616 3792 668 τῆς

2182 694 2454 765 ὁμολογίας
2504 696 2644 765 ὑμῶν
2694 703 2754 767 τῇ
2798 696 2867 756 εἰς
2912 698 2969 745 τό
3014 694 3323 764 Εὑαγγέλιον
3379 704 3471 747 τοῦ
3524 703 3787 768 Χριστοῦ,

2180 789 2266 835 καὶ
2308 783 2387 835 ἐπὶ
2433 792 2493 855 τῇ
2550 783 2803 840 ἁπλότητι
2845 791 2939 843 τῆς
2985 782 3055 843 εἰς
3113 784 3302 843 αὐτους
3354 790 3646 849 κοινωνίας,
3693 791 3789 836 καὶ

2179 879 2239 943 τῇ
2292 884 2318 912 ο
2368 873 2437 933 εἰς
2488 876 2725 934 πάντας·
2774 871 2945 937 πάλιν,
3007 871 3313 933 Δοξάζοντές
3354 872 3457 923 εἰσι
3514 877 3599 924 τὸν
3656 878 3790 926 Θεὸν

2177 967 2266 1013 καὶ
2314 960 2395 1014 ἐπὶ
2443 971 2501 1034 τῇ
2552 963 2677 1033 ὑπὲρ
2726 964 2868 1033 ὑμῶν
2922 958 3106 1019 δεήσει
3137 960 3304 1012 αὐτῶν
3348 971 3447 1013 τῶν
3480 961 3792 1014 ἐπιποθούν-

2177 1070 2275 1100 των
2307 1052 2441 1122 ὑμᾶς
2482 1047 2573 1102 διὰ
2615 1055 2708 1108 τήν
2740 1048 3159 1123 ὑπερϐάλλουσαν
3205 1048 3277 1121 ἐφ’
3328 1050 3447 1119 ὑμῖν
3480 1052 3642 1122 χάριν
3692 1059 3791 1103 τοῦ

2178 1145 2323 1193 Θεοῦ.
2383 1144 2482 1192 Καὶ
2533 1142 2629 1211 ὅρα
2689 1141 2827 1199 ὅπως
2882 1142 3271 1211 συνέστραπται
3326 1143 3414 1210 μὲν
3467 1144 3523 1190 τό
3582 1144 3791 1212 χωρίον

2176 1234 2264 1280 καὶ
2319 1228 2647 1294 ἐλλέλειπται,
2701 1229 2742 1280 εἰ
2797 1227 2973 1301 βούλει
3020 1224 3078 1279 δὲ
3124 1233 3214 1279 xui
3265 1226 3634 1301 περιϐέϐληται
3669 1246 3683 1258 ·
3728 1230 3790 1281 οὗ

2177 1322 2279 1389 μήν
2311 1318 2490 1381 ἔξωθέν
2522 1337 2580 1389 γε
2611 1317 2805 1369 πολλῶν
2845 1314 3033 1375 ἐδεήθη
3070 1337 3082 1348 ·
3119 1316 3246 1368 ἀλλὰ
3275 1318 3479 1391 ῥήμασι
3513 1316 3788 1390 βραχέσιν

2176 1409 2309 1458 κατά
2338 1426 2391 1458 τε
2420 1406 2643 1477 ἔλλειψιν
2672 1410 2760 1457 καὶ
2784 1404 2883 1458 ἀπὸ
2913 1413 3085 1458 κοινοῦ
3118 1405 3661 1478 παραλαμϐανομένοις
3692 1412 3789 1460 καὶ

2177 1504 2266 1547 τοῦ
2314 1495 2604 1568 ὑπερϐατοῦ
2636 1502 2721 1547 τόν
2766 1495 2883 1548 καθ’
2929 1498 3102 1569 εἱρμὸν
3144 1494 3594 1566 ἀπολαμϐάνοντος
3623 1501 3787 1549 τόπον

2177 1586 2244 1646 εἰς
2265 1590 2321 1637 τὸ
2344 1589 2510 1637 κοινόν
2532 1590 2620 1637 καὶ
2640 1589 2962 1656 σαφέστατον
2985 1592 3079 1646 τῆς
3102 1584 3371 1657 ἑρμηνείας
3397 1582 3794 1660 διαμορφωθεὶς

2178 1672 2525 1746 ἐπανέδραμεν
2556 1675 2580 1725 ὁ
2609 1673 2775 1746 λόγος.

2249 1762 2348 1815 κα’.
2407 1763 2532 1815 Κατ’
2587 1762 2808 1833 ἔλλειψιν
2850 1758 2908 1814 δὲ
2961 1759 3351 1835 διαπέφρασται
3405 1768 3492 1815 καὶ
3535 1766 3615 1831 τὸ,
3668 1767 3790 1817 Εἴτε

2178 1850 2331 1903 ἐλθὼν
2381 1857 2468 1903 καὶ
2515 1849 2637 1903 ἰδὼν
2692 1854 2846 1923 ὑμᾶς,
2893 1855 2991 1903 εἴτε
3028 1856 3116 1903 καὶ
3172 1851 3333 1920 ἀπὼν,
3390 1851 3618 1907 ἀκούσω.
3672 1854 3787 1907 Ἐλο

2178 1941 2337 1993 λείπει
2404 1944 2503 2013 γὰρ
2580 1942 2836 2013 ἐπιφανῶς
2904 1944 2982 2004 τό,
3039 1940 3326 2015 εὐφρανθῶ,
3385 1943 3414 2001 ἦ
3500 1943 3668 2014 ἔτερόν
3733 1963 3789 1995 τι

2178 2037 2430 2081 τοιοῦτον.

2250 2118 2359 2190 κβ’.
2383 2123 2457 2170 Οὔ
2479 2123 2581 2191 μὴν
2614 2116 2735 2171 οὐδὲ
2764 2121 2845 2187 τὸ,
2870 2141 2896 2169 ‹‹
2926 2126 3103 2193 Ωσπερ
3128 2121 3156 2177 ή
3185 2118 3469 2176 Ἐκκλησία
3498 2121 3790 2172 ὑποτάσσεο

2180 2228 2266 2259 ται
2296 2216 2367 2277 τῷ
2401 2213 2593 2281 Κυρίῳ,
2629 2208 2792 2268 οὕτως
2822 2210 2875 2258 αἰ
2916 2214 3155 2279 γυναῖκες
3186 2216 3293 2270 τοῖς
3328 2205 3487 2269 ἰδίοις
3526 2206 3790 2282 ἀνδράσιν

2182 2296 2229 2349 ἐν
2274 2302 2427 2349 παντί
2456 2314 2468 2325 ⁸
2520 2298 2943 2367 ἀσχηματίστως
3000 2302 3364 2368 προενήνεκται
3397 2315 3409 2327 °
3455 2296 3581 2349 ἀλλά
3630 2306 3790 2350 τοῦτο

2182 2389 2270 2459 μεν
2304 2383 2457 2453 ἐνδεῖ,
2490 2392 2643 2437 τοῦτο
2676 2382 2734 2437 δε
2778 2394 2848 2455 τῷ
2897 2384 3014 2437 κατ’
3053 2385 3310 2448 ἐπίζευξιν
3356 2386 3457 2438 ἀπὸ
3506 2395 3680 2438 κοινοῦ
3710 2386 3790 2439 λεο

2181 2479 2380 2547 γομένῳ
2433 2474 2824 2532 ὑποϐέϐληται⁶
2888 2475 3233 2546 ἀπαγγελθείη
3293 2472 3344 2527 δ’
3411 2475 3469 2526 ἂν
3528 2476 3663 2527 οὑτω
3728 2497 3792 2547 γε

2182 2570 2355 2635 χωρὶς
2410 2573 2661 2638 τροπικῆς
2709 2563 3105 2635 ἐπιτεχνήσεως.
3157 2564 3356 2639 Ὠσπερ
3416 2567 3442 2623 η
3498 2565 3793 2623 Ἐκκλησία

2183 2654 2538 2704 ὑποτάσσεται
2581 2660 2652 2719 τῷ
2701 2658 2893 2727 Κυρίῳ,
2925 2654 3085 2713 οὕτως
3117 2655 3170 2705 αἰ
3211 2663 3454 2724 γυναῖκες
3495 2662 3600 2716 τοῖς
3632 2652 3791 2715 ἰδίοις

2184 2739 2437 2814 ἀνδράσιν
2469 2741 2516 2793 ἐν
2556 2747 2710 2793 παντὶ
2742 2743 3013 2813 πράγματι
3052 2744 3550 2808 ὑποτασσέσθωσαν,
3586 2745 3614 2803 ἢ
3652 2746 3790 2817 όφείο

2181 2830 2359 2901 λουσιν
2385 2832 2801 2883 ὑποτάσσεσθαι.

2252 2918 2354 2991 κγ’.
2390 2920 2500 2971 Οὑκ
2529 2918 2735 2971 ἀπέοικε
2768 2917 2825 2971 δε
2855 2927 2962 2981 τοῖς
3008 2919 3293 2994 εἰρημένοις
3332 2918 3456 2973 οὑδὲ
3486 2925 3565 2987 τὸ,
3610 2919 3792 2974 Ἀδελ·

2184 3014 2288 3081 φοὶ,
2322 3008 2418 3079 ἐγὼ
2462 3007 2679 3078 ἐμαυτὸν
2707 3008 2765 3059 οὗ
2794 3007 3071 3081 λογίζομαι
3108 3010 3485 3082 κατειληφέναι,
3526 3010 3574 3063 ἓν
3608 3007 3688 3075 δὲ,
3721 3014 3791 3063 τά

2184 3102 2272 3171 μὲν
2304 3099 2474 3150 ὀπίσω
2514 3096 2986 3169 ἐπιλανθανόμενος,
3020 3107 3118 3150 τῶν
3151 3096 3209 3151 δὲ
3242 3102 3529 3172 ἔμπροσθεν
3562 3099 3790 3153 ἐπεκτει-

2182 3192 2408 3259 νόμενος,
2442 3190 2575 3239 κατά
2612 3190 2804 3239 σκοπὸν
2837 3184 3012 3239 διώκω
3050 3186 3133 3240 ἐπὶ
3177 3192 3235 3239 τό
3281 3186 3525 3261 βραϐεῖον
3555 3198 3651 3251 τῆς
3682 3192 3791 3241 ἅνω

2184 3278 2407 3338 κλήσεως
2418 3319 2429 3330 ,

432 3374 586 3420 Ποῖον
616 3369 717 3439 γὰρ
760 3365 820 3417 ἂν
852 3368 1154 3439 παρασταίη
1199 3367 1367 3435 νόημα
1417 3360 1509 3415 διὰ
1556 3370 1667 3429 τοῦ,
1712 3363 1799 3416 Ἓν
1833 3362 1910 3432 δὲ,
1944 3366 1985 3417 εἰ
2029 3373 2159 3438 μήτε
2200 3366 2298 3417 ἀπὸ
2329 3373 2503 3418 κοινοῦ
2550 3365 2909 3438 παραληφθείη
2960 3368 3039 3433 τὸ,
3070 3365 3350 3438 λογίζομαι
3399 3366 3787 3438 κατειληφέναι,

429 3462 560 3529 μήτε
607 3458 651 3507 εἰ
696 3475 746 3507 τι
790 3466 818 3508 Ρ
863 3454 1023 3513 ἄλλως
1063 3454 1285 3526 παρείθη
1344 3448 1754 3524 συνδιαληφθείη
1804 3455 1831 3511 ή
1886 3452 2285 3530 ἀναπλήρωσιςς
2334 3455 2534 3507 ἐκείνων
2585 3452 2643 3506 δε
2688 3457 2818 3506 κατά
2859 3460 3048 3525 νόμους
3088 3462 3181 3515 τῆς
3230 3462 3485 3528 τροπικῆς
3540 3456 3783 3527 τεχνολο-

428 3550 545 3616 γίας
591 3543 1155 3617 συμπαραληφθέντων,
1205 3548 1439 3601 τοιοῦτος
1483 3540 1542 3591 ἆν
1588 3544 1663 3598 εἴη
1712 3546 1802 3593 καὶ
1850 3544 1874 3593 ό
1919 3551 2036 3605 νοῦς
2085 3550 2173 3596 καὶ
2216 3548 2273 3595 τὸ
2330 3543 2605 3595 ἀκόλουθον
2656 3551 2747 3603 τῆς
2798 3544 3125 3605 συντάξεως*
3158 3540 3422 3615 Ἀδελφοί,
3471 3545 3572 3613 ἐγὼ
3621 3547 3790 3615 ἐμαυ-

429 3639 517 3687 τὸν
572 3632 629 3685 οὑ
679 3632 959 3703 λογίζομαι
1006 3630 1366 3701 κατειληφέναι
1400 3647 1411 3659 ·

432 3723 720 3796 ἔμπροσθεν
772 3720 1192 3790 ἐπεκτεινόμενος,
1226 3720 1359 3769 κατά
1407 3722 1599 3769 σκοπὸν
1651 3715 1855 3770 διώκων
1910 3720 1991 3773 ἐπὶ
2041 3726 2097 3773 τὸ
2148 3722 2389 3795 βραϐεῖον
2422 3730 2509 3781 τῆς
2562 3723 2666 3772 οἰνω
2713 3721 2943 3780 κλήσεως
2980 3738 2991 3749 ⁸

1452 3630 1500 3681 ἓν
1554 3626 1612 3683 δὲ
1659 3630 1937 3703 λογίζομαι
1981 3633 2356 3705 κατειληφέναι,
2410 3635 2490 3684 ὅτι
2544 3634 2608 3685 τὰ
2657 3636 2745 3703 μεν
2805 3630 2976 3682 ὀπίσω
3034 3631 3506 3703 ἐπιλανθανόμενος,
3568 3642 3667 3683 τών
3726 3629 3789 3685 δὲ

3027 3724 3150 3772 ὡσεὶ
3196 3721 3359 3791 ἔλεγεν
3386 3738 3401 3754 ·
3430 3726 3595 3773 Τοῦτό
3651 3721 3789 3787 ἐστι,

431 3812 456 3864 ὃ
487 3810 767 3882 λογίζομαι
812 3808 1194 3880 κατειληφέναι,
1226 3811 1284 3859 τὸ
1318 3813 1476 3879 μήπω
1508 3812 1596 3879 μέν
1640 3828 1691 3859 τι
1730 3809 2107 3880 κατειληφνέαι,
2142 3808 2249 3863 δεῖν
2286 3808 2343 3863 δε
2377 3811 2549 3871 ζητεῖν
2607 3809 2684 3861 ἀεὶ
2725 3807 3053 3870 καταλαϐεῖν,
3096 3814 3183 3860 καὶ
3216 3814 3285 3881 μή
3328 3810 3635 3885 ἐρρᾳθυμεῖν
3680 3820 3791 3874 τοῖς

432 3902 837 3973 κατορθωθεῑσιν
862 3913 874 3927 ·
910 3900 935 3949 ό
987 3900 1087 3972 γὰρ
1118 3904 1268 3948 τοῦτο
1309 3895 1651 3969 κατειληφὼς,
1686 3898 1833 3960 οὗτός
1878 3898 2015 3951 ἐστιν
2051 3898 2253 3960 ἀληθῶς
2297 3902 2322 3951 6
2372 3902 2504 3950 κατά
2557 3902 2750 3950 σκοπόν
2802 3894 3002 3949 διώκων
3053 3896 3134 3949 ἐπὶ
3168 3902 3224 3949 τό
3267 3898 3508 3971 βραϐεῖον
3550 3909 3644 3962 τῆς
3684 3904 3789 3952 ἄνω

433 3990 686 4049 κλήσεως.
721 3987 857 4040 Ἀλλ’
882 3990 911 4045 ή
946 3990 1033 4059 μεν
1064 3995 1163 4038 τῶν
1192 3989 1461 4058 νοημάτων
1488 3988 1838 4059 παράστασις,
1872 3988 1915 4040 εἰ
1940 3994 2028 4041 καὶ
2061 3997 2363 4061 συγγενοῦς,
2398 3991 2537 4061 ὅμως
2567 3985 2652 4040 οὖν
2688 3985 3002 4048 ἰδιαζοὺσης
3038 3983 3207 4039 δεῖται
3235 3990 3524 4051 ὑποθέσεως
3560 4010 3571 4022 ·
3603 3998 3691 4042 νῦν
3730 3988 3790 4043 δε

430 4082 556 4153 πρὸς
587 4074 801 4140 ἔνδειξιν
829 4081 1030 4149 εἴρηται
1060 4080 1212 4148 μόνον
1243 4084 1339 4136 τῆς
1367 4084 1620 4148 τροπικῆς
1648 4075 1993 4139 ἀναπτύξεως.

498 4165 604 4222 κδ’.
662 4168 992 4239 Σαφεστάτην
1056 4161 1107 4217 δ’
1166 4164 1225 4215 ἂν
1283 4167 1514 4236 ἐμφανιεῖ
1590 4170 1682 4223 τήν
1736 4165 1957 4237 ὒλειψιν
2009 4172 2097 4219 καὶ
2167 4175 2357 4239 μικροῦ
2418 4163 2526 4218 δεῖν
2582 4166 2653 4226 εἰς
2732 4164 2971 4238 περιόδον
3033 4167 3425 4238 ἀποτεινομένην
3475 4169 3618 4239 (ὅπερ
3676 4170 3790 4240 ἐμοὶ

429 4257 617 4332 μᾶλλον
665 4254 879 4325 ἔδοξεν),
931 4253 1218 4315 αὐτοτελῶς
1262 4254 1466 4305 εἰποντα
1508 4260 1772 4329 πρότερον,
1822 4255 1955 4306 οὑτω
1998 4260 2055 4307 τὸ
2100 4259 2663 4328 κατεσχηματισμένον
2714 4258 3057 4328 παραθεῖναι’
3102 4259 3227 4321 οἷον,
3275 4261 3389 4310 Εἴτε
3439 4259 3565 4331 ὑπερ
3623 4263 3784 4310 Τίτου

428 4351 538 4421 χρή
585 4346 762 4417 λέγειν,
795 4348 1033 4405 κοινωνός
1077 4342 1216 4395 ἐστιν
1271 4342 1412 4415 ἐμός,
1464 4349 1553 4395 καὶ
1604 4344 1673 4405 εἰς
1720 4346 1856 4416 ὑμᾶς
1899 4350 2142 4417 συνεργός
2177 4364 2189 4377 ·
2232 4349 2329 4397 εἴτε
2382 4347 2506 4417 ὑπερ
2556 4354 2652 4395 τῶν
2701 4345 3193 4398 συναποσταλέντων
3243 4346 3382 4416 αὑτῷ
3424 4345 3615 4398 λοιπῶν
3666 4346 3787 4415 δύο,

429 4433 641 4509 ἀδελφοὶ
673 4437 815 4506 ἡμῶν
856 4434 957 4487 εἰσι
1002 4440 1247 4497 κακεῖνοι,
1287 4432 1567 4484 ἀπόστολοι
1614 4433 1957 4501 Ἐκκλησιῶν,
2005 4432 2134 4497 δόξα
2189 4442 2440 4507 Χριστοῦ.
2483 4440 2646 4485 Τοῦτο
2694 4436 2781 4504 μεν
2838 4433 2938 4485 ἀπὸ
2983 4442 3074 4486 τοῦ
3120 4443 3373 4509 τροπικοῦ
3424 4434 3579 4505 λόγου
3621 4436 3689 4495 εἰς
3729 4440 3788 4487 τό

430 4528 565 4578 κατά
612 4528 767 4597 φύσιν
814 4523 1185 4581 ἐπανήνεκται·
1221 4526 1278 4573 τό
1312 4519 1370 4574 δε
1418 4527 1663 4593 τροπικόν
1715 4520 1873 4581 δῆλον
1918 4527 1985 4584 ὡς
2028 4527 2222 4580 ταύτην
2268 4525 2381 4593 ἔχει
2423 4526 2517 4579 τήν
2555 4527 2756 4593 γραφήν
2792 4544 2803 4555 ·

2840 4526 2955 4574 Εἴτε
2995 4525 3119 4595 ὑπὲρ
3170 4528 3346 4587 Τίτου,
3381 4528 3621 4583 κοινωνός
3667 4527 3789 4597 ἐμός

431 4622 521 4669 καὶ
578 4615 648 4676 εἰς
690 4616 823 4685 ὑμᾶς
879 4616 1144 4685 συνεργός,
1176 4616 1275 4664 εἴτε
1328 4608 1539 4684 ἀδελφοὶ
1596 4614 1739 4684 ἡμῶν
1800 4611 2081 4665 ἀπόστολοι
2134 4612 2453 4669 Ἐκκλησιών
2510 4608 2641 4673 δόξα
2694 4618 2945 4683 Χριστοῦ.
3002 4617 3103 4664 Καὶ
3156 4609 3279 4663 οἶδα
3328 4614 3404 4664 ὅτι
3449 4612 3541 4663 οὐκ
3586 4614 3646 4664 ἄν
3702 4633 3788 4665 σοι

433 4702 561 4776 δόξῃ
618 4699 915 4776 παράδοξον
966 4700 1092 4753 εἶναι
1147 4704 1203 4752 τό
1252 4708 1481 4752 τοιοῦτον
1531 4710 1629 4761 τῆς
1681 4701 1941 4771 ἐλλείψεως
1994 4699 2133 4761 εἶδος
2168 4722 2179 4733 ·
2229 4700 2389 4753 πολλά
2445 4702 2543 4775 γὰρ
2598 4708 2821 4751 τοιαῦτα
2876 4706 2964 4752 καὶ
3018 4701 3138 4775 παρ’
3193 4701 3426 4773 Ὁμήρῳ,
3479 4707 3565 4753 xui
3617 4702 3791 4755 Ἀντι-

434 4797 616 4867 μάχῳ,
666 4797 755 4844 καὶ
797 4792 1174 4863 Ἀριστοφάνει,
1228 4785 1535 4862 Θουκυδίδῃ
1569 4809 1619 4841 τε
1661 4796 1745 4842 καὶ
1795 4790 2049 4854 Πλάτωνι,
2090 4794 2179 4842 καὶ
2229 4791 2561 4861 Δημοσθένει,
2614 4794 2702 4841 καὶ
2749 4786 2946 4861 σχεδόν
2997 4810 3047 4841 τι
3091 4797 3195 4851 τοῖς
3242 4790 3409 4850 ἄλλοις
3448 4798 3697 4851 ποιηταῖς
3734 4811 3789 4844 τε

436 4903 525 4935 και
575 4881 919 4954 λογογράφοις
951 4894 963 4907 '
1014 4878 1055 4929 εἰ
1108 4882 1197 4929 καί
1250 4896 1401 4944 τινες,
1448 4879 1514 4928 ὧν
1566 4883 1653 4929 xui
1718 4878 2055 4951 Καλλίμαχος
2103 4882 2127 4931 ό
2178 4877 2358 4947 Λίϐυς,
2404 4880 2467 4929 τά
2519 4897 2572 4929 τε
2624 4878 2753 4929 ἄλλα
2808 4878 3005 4930 πολλῶν
3064 4881 3369 4951 ἡττώμενοι,
3423 4884 3511 4931 καὶ
3570 4880 3663 4931 οῦκ
3715 4881 3789 4943 εἰς

437 4975 587 5042 κόρον
617 4973 787 5040 μόνον,
832 4966 959 5017 ἀλλά
987 4972 1074 5018 καὶ
1114 4966 1180 5026 εἰς
1210 4965 1571 5023 ἐκτοπωτάτην
1617 4972 1779 5038 τομήν
1812 4976 1903 5019 τοῦ
1937 4970 2189 5028 συνήθους
2219 4973 2307 5019 καὶ
2336 4972 2675 5042 παρατροπήν
2706 4973 2791 5019 xui
2834 4966 3104 5039 ἀφαίρεσιν
3136 4971 3193 5019 τὸ
3234 4972 3289 5019 τό
3319 4980 3346 5022 q
3379 4976 3612 5020 τοιοῦτον
3646 4966 3791 5031 εἶδος

442 5057 775 5132 βιασάμενοι,
812 5056 903 5107 οῦκ
932 5055 1173 5118 ἀναιτίως
1199 5058 1298 5107 ὑπὸ
1338 5064 1437 5107 τῶν
1469 5054 1762 5129 ἐπιστήμην
1788 5055 2013 5127 ἐχόντων
2047 5070 2069 5098 ι’
2096 5061 2283 5131 κρίνειν
2316 5059 2371 5108 τὸ
2402 5064 2619 5108 τοιαῦτα
2661 5059 2906 5129 (κριτικοὶ
2937 5053 2995 5109 δε
3027 5057 3187 5128 οὗτοι)
3218 5059 3317 5109 ὑπὸ
3344 5056 3647 5129 ἐπιτίμησιν
3674 5060 3789 5110 ἒπε-

443 5166 557 5199 σον.
599 5144 754 5199 Ἀλλά
778 5152 943 5197 ταῦτα
971 5148 1059 5218 μεν
1086 5150 1202 5221 περὶ
1233 5148 1445 5198 τούτων.

506 5234 596 5291 κε’.
644 5238 713 5288 Τὸ
757 5239 945 5308 μέντοι,
991 5234 1240 5307 Ἔχοντες
1285 5231 1344 5287 δὲ
1384 5239 1701 5309 χαρίσματα
1741 5237 1876 5288 κατὰ
1918 5238 2011 5294 τήν
2040 5237 2201 5310 χάριν
2232 5239 2324 5294 τήν
2371 5231 2615 5288 δοθεῖσαν
2658 5236 2777 5307 ὑμῖν
2826 5232 3072 5310 διάφορα,
3128 5238 3227 5289 εἴτε
3277 5239 3595 5309 προφητείαν
3652 5239 3794 5289 κατά

1744 5448 1972 5503 νΑΒΙΕ
1998 5447 2397 5503 LECTIONES.

507 5606 533 5636 ο
563 5594 620 5649 C.
654 5596 721 5650 M.
756 5590 970 5649 omittit
1000 5596 1061 5649 τὴ
1139 5601 1168 5645 p
1214 5591 1274 5646 C.
1304 5591 1375 5645 M.
1410 5596 1527 5644 τῶν.

1606 5601 1635 5645 <1
1660 5592 1719 5643 τὸ
1749 5588 2035 5646 mendose
2064 5588 2345 5661 repetitur
2416 5589 2496 5645 τι]
2525 5630 2535 5642 .
2570 5590 2638 5645 Μ.
2682 5586 2823 5645 add.
2856 5585 3053 5661 [male]
3082 5594 3177 5660 μῇ.
