4136 6198
325 291 428 346 601
1344 293 1438 347 AD
1477 289 2028 348 AMPHILOCHIUM
2071 290 2394 358 QUIESTIO
2441 291 2628 348 XCIII.
3576 298 3683 352 602

326 421 424 474 τὴν
480 413 754 486 ἀναλογίαν
799 421 889 475 τῆς
919 419 1162 487 πίστεως,
1215 419 1313 469 εἴτε
1365 414 1634 470 διακονίαν
1691 416 1738 469 ἐν
1783 425 1843 488 τῇ
1907 413 2168 490 διακονίᾳ,
2228 419 2328 469 εἴτε
2366 419 2390 468 6
2423 413 2696 469 διδάσκων
2736 415 2784 468 ἐν
2815 423 2876 489 τῇ
2938 412 3284 489 διδασκαλίᾳ,
3327 419 3426 470 εἴτε
3457 419 3482 469 6
3509 438 3684 494 παρα-

328 505 498 556 καλῶν
555 503 603 554 ἐν
651 513 714 576 τῇ
775 505 1123 578 παρακλήσει,
1181 508 1205 557 6
1258 503 1580 578 μεταδιδούς
1632 506 1680 558 ἐν
1745 506 2020 574 ἁπλότητι,
2070 508 2094 558 6
2152 509 2526 580 προϊστάμενος
2584 506 2630 558 ἐν
2683 504 2916 578 σπουδῇ,
2977 507 3002 558 6
3055 505 3200 558 ἐλεῶν
3261 507 3311 559 ἐν
3378 507 3680 582 ἱλαρότητιο

327 602 480 646 τοῦτο
545 593 636 662 δὴ,
694 601 846 646 τοῦτο
911 597 967 646 τό
1023 596 1182 668 ῥητόν
1243 597 1478 669 λαμπρόν
1533 599 1593 648 ἂν
1657 599 1731 653 εἴη
1792 594 2223 667 περιϐεϐλημένον
2287 597 2442 668 λόγου
2497 593 2875 669 παράδειγμα·
2941 598 3054 667 ἔχει
3102 599 3193 668 μεν
3253 599 3354 672 γὰρ
3405 597 3554 658 εὐθὺς
3615 607 3686 668 τῷ

327 683 590 753 καθολικῷ
620 682 958 758 ἐπιφερόμενα
1000 687 1066 736 τά
1101 687 1326 758 μερικά·
1381 694 1532 738 τοῦτο
1581 690 1692 758 μεν,
1746 693 1817 754 τῷ
1872 689 2172 758 χαρίσματι
2217 689 2308 742 τὴν
2366 691 2678 759 προφητείαν
2727 690 2817 736 καὶ
2869 689 2955 742 τὴν
2989 682 3291 736 διακονίαν·
3350 693 3503 738 τοῦτο
3537 684 3587 738 δ’
3621 683 3686 738 αὖ

331 772 484 826 πάλιν
515 780 577 844 τῇ
623 769 860 844 διακονίᾳ
899 776 963 824 τά
1001 781 1322 848 μερικτέιτερα
1360 778 1557 836 ταύτης
1588 779 1679 833 τὴν
1730 771 2082 826 διδασκαλίαν
2138 778 2231 832 τὴν
2283 773 2634 848 παράκλησιν,
2672 779 2762 826 καὶ
2819 777 2922 846 εἴγε
2974 773 3170 846 βούλει,
3229 783 3289 847 τῇ
3350 775 3680 846 παρακλήσει

331 866 424 919 τὴν
451 857 757 933 μετάδοσιν,
793 867 884 918 τὴν
941 867 1289 937 προστασίαν,
1346 868 1438 922 τὴν
1490 863 1851 936 ἐλεημοσύνην.
1885 861 1951 914 Ὀ
2003 883 2056 916 τε
2084 865 2185 937 γὰρ
2217 859 2541 935 μεταδιδοὺς
2588 865 2731 915 καὶὸ
2784 865 3163 938 προϊστάμενος
3214 869 3302 916 καὶ
3355 865 3380 916 6
3413 865 3578 935 ἐλεῶν,
3609 865 3676 926 εἰς

330 951 662 1025 παραψυχήν
705 971 820 1002 τινα
851 956 940 1003 καὶ
995 953 1326 1025 παράκλησιν
1373 955 1748 1006 καθίστανται·
1783 961 1892 1014 τοῖς
1945 949 1996 1004 δ’
2053 953 2221 1004 αὐτῶν
2263 951 2702 1024 εὖεργετουμένοις
2755 952 2814 1004 οὗ
2868 957 2972 1024 μὴν
3025 952 3153 1004 ἀλλά
3205 958 3296 1005 καὶ
3349 955 3466 1006 καθ’
3511 954 3680 1029 ἕτερον

329 1044 518 1112 τρόπον
579 1039 980 1113 περιϐέϐληται·
1055 1046 1148 1099 τὴν
1191 1043 1363 1094 αἰτίαν
1415 1045 1513 1116 γὰρ
1569 1041 1708 1094 ἐστιν
1767 1044 1842 1104 οἷς
1893 1044 2184 1115 προσάπτει
2234 1049 2330 1092 τῶν
2387 1045 2817 1116 κεχαρισμένων·
2870 1041 2927 1092 ού
2977 1040 3344 1116 περίϐέϐληται
3394 1039 3453 1093 δὲ
3506 1045 3679 1114 μόνον,

331 1127 462 1179 ἀλλά
489 1133 579 1179 καὶ
609 1137 680 1198 τῷ
737 1132 909 1200 τρόπῳ
941 1129 1260 1182 ποικίλλεται
1308 1139 1378 1200 τῷ
1406 1143 1428 1171 ³
1484 1129 1584 1182 ἀπὸ
1615 1139 1824 1182 κοινοῦ·
1887 1136 1974 1181 καὶ
2027 1126 2094 1188 δὴ
2137 1128 2481 1202 προϐάλλεται
2515 1135 2604 1181 καὶ
2653 1134 2746 1188 τὴν
2797 1125 3008 1190 εἰδικῶς
3054 1130 3372 1202 καλουμένην
3425 1130 3683 1202 ἔλλειψιν·

329 1221 388 1268 16
418 1219 539 1289 γὰρ,
591 1219 819 1287 ἔχοντες,
879 1216 980 1269 ἀπό
1029 1223 1250 1270 11011101)t
1279 1223 1368 1292 μὲν
1423 1223 1626 1292 φέρεται
1687 1221 1820 1271 κατὰ
1851 1227 1963 1286 τοῦ,
2025 1221 2138 1271 Εἴτε
2189 1223 2506 1290 προφητείαν
2565 1222 2663 1271 εἴτε
2696 1217 3000 1271 διακονίανο
3054 1219 3122 1280 εἰς
3151 1223 3208 1271 τό
3267 1220 3573 1292 καλούμενον
3629 1217 3689 1273 δὲ

333 1309 534 1378 ζεῦγμα
565 1302 930 1377 διασχίζεται,
989 1305 1072 1360 ἐπὶ
1111 1315 1224 1374 τοῦ,
1275 1311 1374 1360 εἶτε
1422 1311 1448 1360 6
1509 1305 1803 1372 διδάσκων,
1840 1311 1936 1360 εἴτε
1972 1309 1996 1359 6
2053 1306 2366 1378 παρακαλῶν
2392 1325 2404 1336 ·
2452 1313 2542 1359 καὶ
2586 1306 2633 1358 έν
2663 1315 2770 1369 τοῖς
2800 1307 2979 1380 ἐφεξῆς
3033 1305 3091 1360 δὲ
3129 1312 3309 1379 μέρεσι
3369 1317 3460 1361 τοῦ
3503 1309 3682 1380 λόγου.

329 1399 433 1446 Καὶ
481 1397 582 1467 γὰρ
635 1393 682 1446 ἐν
737 1394 880 1467 ἀρχῇ
939 1395 1299 1458 πληθυντικῶς
1346 1395 1766 1470 ἔκπεφωνημένου
1813 1405 1926 1456 τοῦ,
1979 1412 2202 1468 ἔχοντες,
2255 1397 2427 1457 ἑνικῶς
2471 1396 2775 1470 ἐξακούομεν
2819 1396 2902 1448 ἐπί
2954 1417 3006 1448 τε
3037 1405 3150 1460 τοῦ,
3180 1397 3237 1448 Ὀ
3280 1395 3554 1450 διδάσκων
3597 1402 3689 1451 καὶ

325 1485 352 1534 6
383 1483 714 1557 παρακαλῶν,
757 1489 846 1535 καὶ
877 1493 974 1536 τῶν
1005 1485 1168 1536 ἄλλων
1194 1505 1206 1517 '
1257 1486 1410 1538 πάλιν
1442 1483 1502 1538 δὲ
1546 1490 1602 1538 τὸ
1653 1486 1778 1538 αύτό
1828 1490 2282 1558 χωρίονκρέμαται
2313 1486 2448 1555 ὅλον,
2477 1484 2770 1538 ἀνάπαυσιν
2818 1486 2910 1538 οὐκ
2943 1489 3064 1557 ἔχον
3107 1484 3376 1559 οὐδεμίαν,
3431 1487 3490 1538 ἂν
3530 1493 3600 1560 μή
3635 1507 3689 1540 τι

321 1573 470 1646 ῥῆμα
527 1575 937 1647 προσεπινοηθῇ.
999 1573 1094 1626 Ἀν
1145 1577 1244 1650 γὰρ
1298 1580 1368 1648 μὴ
1423 1575 1775 1647 ἐπινοήσωμεν
1821 1579 1902 1642 τό,
1958 1579 2146 1646 μενέτω
2195 1577 2282 1645 μεν
2337 1577 2384 1626 ἓν
2435 1593 2487 1626 τε
2541 1582 2603 1645 τῇ
2663 1571 2906 1646 διακονίᾳ
2961 1581 3050 1626 καὶ
3103 1572 3433 1648 διδασκαλίᾳ
3484 1580 3574 1628 καὶ
3617 1583 3680 1648 τῇ

323 1661 655 1735 παραϐλησει
711 1663 949 1733 [carris].
1009 1663 1394 1736 παρακλήσει]·
1445 1669 1534 1716 καὶ
1583 1683 1682 1738 προ
1732 1683 1791 1734 γε
1840 1665 2032 1715 τούτων
2072 1661 2119 1714 ἐν
2163 1671 2254 1733 τῷ,
2304 1665 2402 1714 εἴτε
2449 1667 2765 1735 προφητείαν
2803 1666 2940 1714 κατά
2983 1668 3068 1720 τὴν
3127 1663 3398 1735 ἀναλογίαν
3455 1672 3552 1726 τῆς
3606 1669 3693 1716 πί-

325 1769 484 1812 στεως
532 1753 662 1823 μετὰ
711 1756 801 1803 καὶ
853 1755 1159 1825 προσθήκης
1201 1761 1312 1818 τοῦ,
1345 1753 1392 1804 ἐν
1423 1762 1484 1826 τῇ
1540 1758 1859 1828 προφητείᾳ·
1915 1757 1985 1824 μὴ
2035 1751 2344 1824 συνάψωμεν
2367 1747 2426 1803 δὲ
2455 1751 2608 1803 πάλιν
2639 1759 2710 1822 τῷ
2733 1764 2782 1819 ιι,
2842 1749 3176 1824 μεταδιδότω
3204 1759 3292 1804 καὶ
3342 1755 3687 1826 προίστάσθω

322 1845 416 1891 καὶ
450 1841 663 1909 ἐλεείτω,
703 1847 807 1901 τοῖς
855 1840 1056 1913 ἐφεξῆς,
1104 1841 1276 1903 ἀτελὲς
1323 1843 1436 1894 ὅλον
1493 1847 1582 1895 καὶ
1621 1844 1938 1916 παράσημον
1994 1845 2330 1902 πεποιηκότες
2376 1839 2436 1891 ἂν
2481 1843 2654 1913 εἴημεν
2705 1844 2764 1892 τὸ
2816 1846 3035 1915 χωρίον.
3095 1840 3249 1894 Ἀλλά
3281 1845 3339 1894 τό
3390 1847 3481 1914 μεν
3528 1843 3688 1917 ῥητόν

323 1937 480 1982 τοῦτο
500 1934 670 2003 τρισὶν
700 1930 808 2000 ἅμα
831 1926 866 1982 δ
872 1931 1282 2002 ιεσχηματίξετο
1321 1937 1553 2006 τρόποις.

393 2017 496 2081 κς-’.
547 2017 760 2090 Ἐφεξῆς
815 2015 874 2070 δὲ
926 2020 1078 2071 πάλιν
1135 2021 1160 2071 6
1211 2019 1526 2081 ἐλλειπτικὸς
1579 2023 1885 2095 προκύπτει.
1925 2025 2102 2074 Λείπει
2157 2021 2256 2092 γὰρ
2290 2018 2340 2070 ἐν
2387 2025 2481 2088 τῷ,
2512 2017 2570 2071 Ἠ
2623 2017 2800 2090 ἀγάπη
2859 2017 3223 2091 ἀνυπόκριτος,
3256 2023 3334 2085 τό,
3391 2023 3545 2086 ἔστω,
3599 2025 3693 2073 καὶ

322 2105 504 2160 λοιπόν
534 2105 678 2179 ἐφεξῆ
693 2128 715 2168 ς

395 2195 494 2256 κζ.
553 2197 758 2272 Ἀρχὴν
801 2196 926 2254 οἷλλη
973 2195 1218 2268 περίοδος
1263 2194 1502 2269 δέχεται,
1556 2201 1612 2267 ἡ,
1655 2202 2098 2268 Ἀποστυγοῦντες
2150 2199 2207 2249 τό
2237 2199 2498 2271 πονηρόν’
2557 2198 2666 2256 ἣτις
2721 2193 2815 2247 διὰ
2857 2199 3189 2271 πακροτάτου
3246 2201 3527 2270 ποιουμένη
3591 2202 3687 2256 τὴν

324 2282 604 2350 ἀπόδοσιν,
662 2286 729 2346 εἰς
765 2295 966 2358 πνεῦμα
1020 2289 1109 2358 μὲν
1159 2286 1518 2340 ἀποτείνεται·
1568 2288 1660 2340 οῦκ
1718 2286 2044 2345 ἀπήλλακται
2092 2284 2151 2338 δὲ
2180 2283 2304 2338 οὐδὲ
2359 2291 2450 2337 τοῦ
2487 2283 2914 2358 περιϐεϐλῆσθαι.
2970 2290 3038 2338 T6
3098 2289 3219 2360 γὰρ,
3270 2285 3684 2358 ἀποστυγοῦντες

325 2377 384 2426 16
441 2377 686 2446 πονηρόν,
739 2375 811 2436 εἰς
883 2379 962 2440 τὸ,
1028 2375 1292 2447 Εύλογεῖτε
1362 2381 1478 2437 τοὺς
1536 2373 1819 2437 διώκοντας
1883 2377 2035 2447 ὑμᾶς,
2094 2373 2347 2446 εὐλογεῖτε
2394 2379 2482 2426 καὶ
2543 2378 2614 2445 μὴ
2663 2376 2982 2445 καταρᾶσθε,
3033 2377 3120 2426 τὸν
3179 2373 3508 2449 ἀπαρτισμὸν
3562 2374 3694 2447 λαμ-

319 2462 482 2517 ϐάνει.
515 2465 654 2516 Ἐπεὶ
704 2469 794 2516 καὶ
831 2473 927 2516 τῶν
979 2464 1144 2516 ἄλλων
1199 2475 1380 2518 πασῶν
1421 2465 1610 2539 ἀρετῶν
1655 2466 1793 2527 τέλος
1843 2465 1952 2517 ἐστὶ
2001 2469 2087 2517 καὶ
2139 2466 2291 2516 οἱονεὶ
2343 2462 2794 2534 συγκεφαλαίωσις
2845 2467 2903 2514 τὸ
2957 2467 3120 2537 μέχρι
3175 2472 3275 2515 τῶν
3333 2463 3537 2537 ἐχθρῶν
3593 2482 3683 2516 και

321 2559 692 2626 μεμισηκότων
741 2557 834 2611 τὴν
890 2553 1194 2624 ἀγαθότητα
1251 2560 1340 2607 καὶ
1404 2557 1614 2626 ἀγάπην
1661 2559 2002 2628 παρατείνειν.
2055 2555 2199 2606 Κατὰ
2251 2553 2354 2628 γάρ
2420 2555 2615 2609 ταύτην
2670 2557 2764 2610 τὴν
2820 2553 3007 2626 πρᾶξιν
3064 2557 3154 2604 καὶ
3213 2554 3237 2603 6
3284 2558 3543 2628 σωτήριος
3600 2571 3692 2604 και

325 2639 564 2712 ἀψευδής
619 2654 649 2683 ν
696 2642 848 2714 λόγος
900 2641 1286 2715 ἀφομοιοῦσθαι
1340 2649 1460 2707 τοὺς
1515 2643 1598 2696 ἐπὶ
1649 2653 1748 2716 γῆς
1806 2643 2106 2717 ἀνθρώπους
2161 2645 2288 2716 πρὸς
2342 2645 2428 2694 τόν
2483 2639 2531 2693 ἐν
2581 2640 2812 2714 οὐρανοῖς
2860 2639 3188 2694 ἐπιστώσατο
3240 2646 3464 2714 Πατέρα.
3531 2640 3690 2694 Ἀλλα

323 2733 424 2805 γὰρ
476 2730 606 2782 πολὺ
662 2730 859 2794 πλῆθος
904 2730 951 2782 ἐν
1007 2739 1118 2792 τοῖς
1171 2734 1452 2808 γράμμασι
1507 2741 1598 2785 τοῦ
1666 2736 1802 2786 θείου
1855 2732 2059 2785 Παύλου
2112 2739 2210 2783 τῶν
2262 2733 2500 2784 τοιούτων
2549 2732 2712 2782 ἔνεστι
2767 2727 3247 2802 παραδειγμάτων·
3309 2730 3361 2793 ἐξ
3414 2731 3481 2781 ὧν
3544 2730 3696 2802 ὀλίγα

329 2821 648 2892 παρεθέμην,
679 2815 754 2871 δι’
787 2819 850 2881 ἃς
891 2825 980 2872 καὶ
1004 2823 1276 2894 καταρχὰς
1303 2821 1586 2892 ὑπολήψεις
1644 2825 1786 2894 ἔφην,
1815 2823 1900 2882 αἷς
1947 2823 2040 2882 τὰς
2095 2820 2268 2882 αἰτίας
2317 2819 2621 2891 ἀνατίθημι,
2673 2824 2762 2871 καὶ
2809 2815 2949 2871 διότι
2998 2816 3145 2891 μηδὲ
3203 2825 3323 2892 περὶ
3371 2828 3471 2871 τῶν
3500 2819 3694 2871 λοιπῶν

329 2909 408 2970 οἷς
467 2913 836 2981 πνεχρήσατο
881 2905 1148 2972 διεξῆλθον
1195 2915 1382 2983 τρόπον
1441 2911 1568 2973 ὅλως
1604 2930 1658 2963 τε
1687 2916 1806 2984 περὶ
1861 2914 2055 2984 τρόπον
2110 2913 2352 2980 γενέσεως
2389 2913 2478 2961 καὶ
2537 2905 2797 2982 διαφορᾶς
2835 2913 3126 2969 ποσότητος
3182 2928 3233 2960 τε
3287 2914 3375 2961 καὶ
3405 2913 3692 2983 χρήσεως·

328 2999 442 3050 ὅθεν
484 3016 539 3050 τε
569 2999 598 3056 ἡ
650 2997 970 3072 τροπολαγία
1021 3001 1131 3070 ἔφυ,
1186 3004 1274 3052 καὶ
1333 2997 1406 3052 δι’
1457 3002 1517 3058 ἣν
1573 3019 1692 3051 ποτε
1747 2999 1916 3051 αἰτίαν
1968 3001 1997 3057 ἡ
2047 2997 2278 3060 Ἑλληνὶς
2320 3000 2518 3054 ταύτην
2575 2997 2873 3068 ᾠκειώσατο
2921 2997 3175 3067 γλῶσσα·
3239 2993 3362 3048 οὐδὲ
3417 3000 3517 3070 γὰρ
3576 2993 3694 3048 οὐδ’

330 3085 651 3159 ἀξιώσαιμι·
685 3089 802 3139 οὔτε
833 3091 890 3140 0":
936 3083 1146 3140 δεῖσθαι
1202 3091 1478 3161 μαθήσεως
1522 3089 1650 3150 ὅλως
1697 3097 1792 3149 τῆς
1850 3093 1966 3162 περὶ
2015 3095 2184 3141 ταῦτα
2230 3086 2536 3146 τηλικοῦτον
2601 3090 2723 3138 ὄντα
2774 3086 2886 3138 οὔθ’
2940 3088 3079 3158 ἡμᾶς
3135 3085 3182 3136 ἐν
3229 3094 3290 3158 τῇ
3351 3091 3468 3160 περὶ
3497 3088 3694 3138 τούτων

333 3172 368 3228 δ
375 3172 431 3227 ιδ
434 3175 664 3248 ασκαλίᾳ
693 3175 1096 3248 φιλοτιμεῖσθαι.

403 3266 481 3316 Τά
527 3267 616 3336 μεν
645 3269 744 3340 γὰρ
779 3262 1102 3337 στοιχειώδη
1131 3285 1184 3318 τε
1221 3271 1311 3318 καὶ
1351 3265 1516 3318 οἰκεῖά
1563 3273 1672 3328 τοῖς
1719 3265 1928 3337 εἰσαγο-
1962 3269 2009 3320 Α

2115 3267 2258 3331 Qum
2273 3264 2432 3320 enim
2447 3263 2877 3336 suntqumdam
2891 3263 3272 3319 elementaria
3293 3263 3566 3335 primitus
3583 3263 3691 3320 ini-

332 3357 535 3425 μένοις·
589 3357 654 3405 τά
707 3351 782 3420 δε,
837 3350 912 3406 δι’
965 3355 1033 3405 ὧν
1097 3357 1286 3427 ἔφημεν
1337 3351 1736 3427 ὑποδειγμάτων
1792 3365 1928 3428 σαφῆ

2068 3354 2236 3410 iatis:
2267 3353 2384 3410 alia
2409 3353 2743 3409 redduntur
2779 3353 2942 3409 clara
2981 3361 3036 3408 et
3077 3352 3394 3408 manifesta
3426 3353 3591 3421 satis,
3617 3353 3699 3410 ita

331 3447 421 3493 καὶ
445 3438 638 3516 ῥᾳδίαν
667 3443 836 3512 εἴληφε
876 3448 967 3502 τὴν
1020 3452 1234 3515 γνῶσιν.
1287 3451 1398 3498 Τῶν
1454 3447 1544 3516 μὲν
1575 3439 1662 3496 οὖν
1715 3441 1934 3495 ἀποστο-

2060 3449 2101 3499 1t
2134 3443 2306 3500 facile
2335 3441 2706 3515 apprehendi
2739 3442 2968 3514 possint
2998 3457 3103 3512 per
3133 3441 3231 3496 illa
3271 3457 3404 3513 quae
3446 3442 3693 3512 protuli-

330 3530 488 3582 λικῶν
535 3534 856 3604 γραμμάτων
933 3538 1023 3584 καὶ
1079 3541 1185 3595 τοῖς
1255 3533 1536 3608 εἰρημένοις
1590 3537 1678 3585 καὶ
1732 3531 1936 3594 πολλοῖς

2062 3549 2181 3588 nus
2205 3531 2498 3604 exempla.
2532 3533 2722 3603 Atque
2739 3532 2820 3587 ita
2841 3531 3196 3603 scriptorum
3227 3531 3695 3602 apostolicorum

334 3619 528 3694 ἑτέροις
575 3627 854 3692 σχήμασιν
885 3623 910 3672 6
960 3627 1240 3694 χαρακτὴρ
1297 3623 1431 3675 οὕτω
1473 3627 1666 3694 πέφυκε
1711 3617 1937 3696 διαμορ-

2064 3623 2351 3678 :haracter
2371 3637 2475 3692 per
2507 3629 2642 3677 ante
2675 3620 2949 3676 recitatas
2973 3624 3027 3675 et
3048 3620 3265 3675 multas
3298 3620 3445 3676 alias
3472 3620 3697 3690 ﬁguras

333 3711 560 3780 φοῦσθαι
585 3725 596 3738 ³
630 3709 757 3780 ούχὶ
789 3707 838 3762 δ’
871 3713 992 3785 ὅπερ
1027 3716 1116 3763 καὶ
1144 3711 1412 3783 πολλαχοῦ
1445 3709 1742 3783 ἀπειπάμην
1771 3713 1931 3782 τέχνῃ

2060 3711 2122 3768 1d
2145 3712 2306 3767 hunc
2333 3709 2582 3765 modum
2614 3710 2954 3766 conﬁrmari
2985 3713 3192 3781 potest.
3221 3711 3338 3765 Nec
3365 3710 3532 3781 quod
3561 3709 3693 3782 jam

330 3803 421 3850 καὶ
450 3798 632 3871 μελέτη
686 3807 852 3850 ταῦτα
898 3802 1107 3871 γράφειν
1165 3800 1320 3852 αὐτόν
1379 3797 1545 3860 ἡδέως
1597 3803 1791 3872 εἶποιμι
1833 3801 1932 3850 θῖν’

2066 3799 2356 3872 tliquoties
2413 3799 2648 3871 negavi,
2689 3798 2940 3853 dixerim
2991 3815 3128 3852 eum
3179 3797 3486 3853 affectasse
3539 3799 3699 3854 hunc

333 3886 440 3957 ούχ
497 3887 656 3947 οὕτως
706 3887 1000 3960 μικρολογῶ
1039 3891 1123 3940 τόν
1153 3887 1388 3961 οὐράνιον
1431 3889 1699 3962 ἄνθρωπον
1725 3887 1934 3951 ἐκεῖνον,

2068 3887 2344 3944 ιοτὶὺεηᾶί
2377 3888 2645 3942 modum.
2683 3889 2809 3942 Non
2835 3887 2915 3942 ita
2941 3887 3039 3941 vili
3072 3887 3270 3957 pendo
3302 3886 3598 3942 cmlestem
3631 3887 3701 3941 il-

331 3977 420 4027 τόν
473 3977 540 4035 ὡς
579 3975 746 4027 οἰκίαν
811 3977 840 4035 ἦ
903 3975 1050 4028 πόλιν
1117 3981 1239 4048 μίαν
1307 3981 1400 4035 τὴν
1462 3977 1764 4050 οἰκουμένην
1816 3976 1936 4034 ὅλην

2071 3993 2170 4032 um
2219 3977 2434 4041 virum,
2484 3976 2586 4048 qui
2631 3979 2820 4030 totum
2871 3976 3077 4030 orbem
3125 3981 3414 4047 tanquam
3461 3975 3700 4032 unicam

331 4064 624 4116 πολίσαντα
671 4073 745 4134 τῷ
803 4067 1104 4137 κηρύγματι
1137 4083 1148 4095 '
1193 4065 1300 4117 ἀλλ’
1352 4065 1556 4138 ἐμφύτῳ
1601 4068 1779 4140 κράτει
1823 4063 1940 4117 δια-

2066 4065 2312 4137 tliquam
2338 4065 2726 4120 urabeculam
2741 4064 3126 4136 praedicando
3146 4064 3465 4118 circumiit:
3494 4064 3598 4118 sed
3620 4063 3699 4120 ab

332 4158 470 4213 νοίας
517 4158 604 4205 καὶ
656 4162 726 4224 τῷ
781 4157 899 4226 περὶ
945 4157 1115 4206 πάντα
1167 4151 1494 4229 δραστηρίῳ,
1542 4154 1728 4222 μᾶλλον
1773 4152 1830 4206 δὲ
1871 4161 1934 4225 τῇ

2071 4155 2224 4208 nsita
2249 4151 2433 4208 animi
2457 4151 2750 4218 facultate,
2771 4155 2825 4207 et
2843 4156 3090 4206 actuoso
3113 4167 3217 4222 per
3233 4151 3438 4206 omnia
3466 4151 3697 4218 habitu,

333 4244 526 4295 ἄνωθεν
555 4245 744 4317 χάριτι
772 4261 784 4274 ·
820 4243 848 4301 ἦ
880 4246 968 4294 καὶ
1017 4245 1101 4294 τόν
1145 4243 1362 4295 πλοῦτον
1394 4243 1534 4313 αῦτῷ
1575 4251 1668 4305 τῆς
1713 4246 1938 4316 ἐμφύτου

2075 4257 2170 4296 mo
2191 4241 2382 4311 potius
2411 4256 2448 4296 a
2478 4239 2696 4295 caelesti
2722 4242 2912 4308 gratia
2935 4240 3280 4310 inspiratus,
3310 4255 3438 4310 quae
3460 4237 3700 4295 divitias

333 4337 574 4403 γνώσεως
616 4337 704 4383 καὶ
757 4339 850 4393 τῆς
886 4333 1011 4401 ὑπὲρ
1072 4335 1128 4384 τὸ
1189 4331 1503 4404 ἀνθρώπινον
1544 4331 1823 4404 ἀγχινοίας
1851 4337 1941 4384 καὶ

2073 4333 2162 4404 psi
2194 4332 2347 4396 illas,
2383 4331 2576 4386 insitae
2608 4331 2965 4400 cognitionis
2983 4336 3034 4385 et
3059 4329 3390 4402 prudentia:
3413 4328 3566 4384 ultra
3591 4328 3701 4384 hu-

335 4424 628 4493 φρονήσεως
685 4428 1002 4494 χορηγοῦσα
1054 4417 1147 4472 διὰ
1198 4423 1399 4472 πάντων
1457 4422 1513 4473 ού
1566 4418 1810 4488 διέλιπεν,
1867 4418 1940 4474 δι’

2066 4437 2289 4476 uanam
2330 4425 2385 4476 et
2423 4419 2820 4490 intelligentiae
2875 4420 3112 4489 copiam
3153 4434 3258 4488 per
3304 4417 3506 4474 omnia
3545 4422 3602 4473 et
3639 4417 3699 4474 in

334 4511 400 4570 ἧς
447 4514 536 4561 καὶ
588 4517 686 4560 τῶν
731 4521 759 4551 ι
809 4509 982 4572 ἄλλοις
1039 4511 1142 4562 ὅσα
1197 4515 1338 4562 πόνοι
1405 4515 1496 4562 καὶ
1542 4509 1750 4581 μελέται
1798 4510 1942 4582 μόλις

2067 4509 2333 4566 )mnibus
2347 4510 2628 4564 continuo
2649 4513 2928 4580 suggesta
2953 4507 3377 4578 suppeditavit,
3395 4506 3554 4562 unde
3573 4505 3700 4563 sine

334 4602 678 4671 κατορθοῦσιν
715 4599 866 4659 αὐτὸς
899 4597 1255 4672 ἀταλαίπωρον
1312 4601 1440 4671 ἔσχε
1469 4605 1556 4657 τὴν
1608 4608 1810 4672 χρῆσιν
1853 4605 1942 4652 καὶ

2072 4599 2250 4655 abore
2281 4603 2336 4653 et
2365 4597 2713 4652 difﬁcultate
2757 4613 2938 4652 usum
2968 4612 3174 4651 earum
3210 4611 3408 4650 rerum
3442 4599 3500 4650 et
3529 4610 3701 4651 exse-

338 4693 726 4761 μεταχείρισιν.
785 4692 852 4740 Σὺ
911 4683 970 4740 δέ
1035 4707 1125 4760 μοι
1181 4695 1296 4749 ταῖς
1348 4687 1534 4740 ἐκεῖθεν
1591 4689 1834 4760 καθαρῶς
1867 4687 1938 4740 £1-

2067 4687 2346 4742 :utionem
2388 4685 2867 4752 nanciscebatur,
2910 4701 3062 4753 quas
3101 4684 3196 4740 alii
3236 4700 3341 4756 per
3369 4683 3609 4740 labores
3644 4687 3700 4741 et

335 4775 665 4849 λαμπόμενος
732 4783 822 4837 τῆς
877 4775 1118 4838 ἀληθείας
1185 4775 1412 4842 ἀκτῖσιν,
1474 4780 1582 4839 εἴης
1653 4779 1823 4848 ῶσπερ
1881 4779 1939 4828 16

2066 4776 2234 4832 serias
2287 4773 2700 4830 meditationes
2742 4773 2841 4830 vix
2891 4777 3317 4845 assequuntur.
3377 4775 3460 4828 Tu
3499 4776 3699 4829 autem

339 4867 654 4940 θεωρητικόν
709 4866 1115 4940 όμματούμενος,
1185 4868 1318 4919 οὕτω
1373 4872 1463 4918 καὶ
1529 4871 1588 4918 τό
1654 4869 1939 4942 πρακτικόν

2068 4865 2308 4921 raritatis
2345 4864 2530 4920 radiis
2557 4863 2696 4918 hinc
2727 4862 3182 4918 coruscantihus
3213 4861 3602 4927 illuminatus,
3639 4865 3701 4918 ut

335 4963 454 5018 ταῖς
483 4955 692 5008 αὐτόθεν
722 4955 944 5016 ἐντολαῖς
975 4952 1068 5008 διὰ
1107 4953 1230 5028 βίου
1254 4956 1649 5030 ῥυθμιζόμενος.

2065 4954 2210 5027 ιιιοᾶ
2236 4953 2528 5010 theoriam
2560 4953 2763 5007 attinet
2783 4951 3112 5015 illustraris,
3137 4952 3220 5006 ita
3241 4949 3438 5022 quoad
3461 4950 3698 5022 praxim

2045 5044 2356 5116 praeceptis
2387 5041 2648 5098 l'aulinis
2670 5055 2775 5113 per
2801 5045 2988 5096 totum
3008 5041 3137 5096 vitae
3157 5043 3270 5095 tum
3292 5055 3540 5095 cursum
3559 5053 3700 5096 con-

2045 5131 2324 5188 ﬁrmeris.

1693 5321 1928 5378 VABIIE
1969 5317 2364 5375 LECTIONES.

415 5512 440 5574 ξ
497 5500 554 5557 C.
595 5501 842 5574 M._legit
868 5504 948 5553 τό.
1025 5501 1046 5542 ί
1105 5503 1164 5558 C.
1207 5500 1280 5556 M.
1306 5501 1366 5552 τό
1390 5499 1492 5574 γὰρ
1523 5497 1626 5552 ἀπὸ
1655 5504 1827 5550 κοινοῦ
1852 5499 2077 5569 ἔχοντες.
2157 5505 2184 5536 ιι
2257 5497 2317 5547 τὸ
2390 5505 2422 5536 ν
2471 5497 2562 5547 καὶ
2589 5488 2825 5566 ἀψευδής
2854 5491 2980 5549 des.
3011 5492 3072 5548 in
3105 5493 3164 5549 C.
3201 5494 3422 5549 Monac.
3504 5490 3567 5548 C.
3619 5491 3687 5545 Μ.

343 5569 622 5642 διέλειπεν,
661 5569 719 5627 δι
744 5569 822 5636 οἷς
851 5575 942 5626 καὶ
970 5579 1102 5635 τοῖς.
