4136 6198
430 320 535 377 603

572 440 897 512 QUESTIO
940 445 1095 501 XCIV
1153 441 1371 517 [Οοὶεἱ.
1415 444 1698 511 CCXLV",
1758 445 1938 501 Taur.

1085 534 1421 604 CCXLVHI]

431 643 584 713 Quid
603 651 683 699 est
707 659 719 697 :
742 664 761 691 ι
772 645 990 697 Luceat
1006 642 1115 697 lux
1132 645 1322 697 vestra
1337 656 1536 697 coram
1556 641 1913 697 hominibus»
1931 647 2037 699 etc.
2054 640 2083 695 7

1658 320 1894 375 pacm
1932 294 2407 375 PATRIARCH/E
2445 298 2557 377 ορ.

2118 440 2165 498 Α

3703 314 3809 375 604

2776 448 3090 498 ΕΡΩΤΗΣῘΣ
3120 444 3227 504 ἺΔ’.

2191 645 2254 692 Τί
2320 640 2431 692 ἐστι
2480 646 2538 693 τό
2586 661 2599 672 ·
2641 662 2696 713 ‹‹Δ
2727 640 3000 711 Λαμψάτω
3055 643 3112 691 τό
3172 647 3273 712 φῶς
3311 640 3452 711 ὑμῶν
3511 640 3806 713 ἔμπροσθεν

2546 719 2645 763 τῶν
2676 710 2978 784 ἀνθρώπων,
3009 730 3035 763 »
3080 710 3260 763 καὶτὰ
3283 710 3398 773 ἑξῆς
3427 727 3440 777 ;

493 828 644 878 Edita
673 841 705 878 a
734 828 1078 882 Montacutio,
1108 841 1190 889 ep.
1224 828 1331 882 167,
1365 827 1429 874 ad
1459 826 1609 875 Paul.
1643 828 1867 881 Laodic.,
1907 842 1956 890 p.
1988 828 2097 874 242.
2132 826 2211 876 An
2243 827 2340 876 sibi
2367 827 2739 876 contradicant
2766 826 2950 874 Matth.
2980 840 3027 881 ν,
3055 828 3083 873 6
3108 829 3156 875 et
3182 826 3369 874 Matth.
3405 839 3471 882 vr,
3500 826 3599 874 24.

502 935 831 992 Prolixioris
874 940 987 989 tuas
1037 950 1106 990 ac
1146 934 1346 989 dedita
1388 950 1573 1005 opera
1626 934 1870 1006 prolatae
1928 950 2084 1004 qua?-

429 1026 636 1081 stionis
698 1024 1019 1095 simplicem
1077 1029 1133 1078 et
1186 1024 1424 1078 brevem
1494 1023 1849 1078 solutionem
1929 1022 2074 1078 fero.

430 1115 644 1180 Primo,
671 1136 691 1159 σ
729 1115 817 1169 Sic
845 1113 1041 1167 luceat
1064 1112 1165 1167 lux
1192 1118 1383 1167 vestra
1412 1129 1615 1167 coram
1648 1112 1994 1166 hominibus
2019 1118 2085 1167 ut

426 1204 671 1259 videant
708 1218 891 1273 opera
930 1208 1127 1256 vestra
1166 1201 1347 1270 bona,
1389 1207 1443 1255 et
1483 1200 1813 1273 gloriﬁcent
1843 1200 2076 1255 Patrem

428 1298 694 1349 vestrum
722 1292 820 1362 qui
850 1296 937 1345 est
963 1291 1021 1345 in
1046 1290 1211 1346 caelis
1234 1292 1300 1345 ‘7.
1320 1313 1346 1340 «
1382 1293 1475 1346 Est
1496 1290 1568 1345 ad
1586 1290 2078 1362 perfectissimam

424 1380 704 1436 virtutem
744 1379 1096 1435 exhortatio.
1131 1402 1158 1428 «
1192 1379 1375 1434 Nolite
1410 1380 1599 1435 facere
1635 1380 2078 1449 eleemosynam

427 1475 687 1525 vestram
710 1484 908 1524 coram
929 1468 1271 1523 hominibus
1296 1471 1361 1533 ‘8,
1382 1489 1408 1520 »
1439 1469 1514 1523 ad
1537 1467 1855 1523 tollendam
1883 1466 2080 1535 gloriae

427 1558 838 1627 ambitionem,
873 1572 1006 1629 quae
1037 1562 1124 1611 est
1156 1557 1523 1628 improbitas,
1560 1562 1902 1626 usurpatur.
1928 1555 2079 1621 Quo-

427 1648 611 1704 modo
653 1646 927 1717 nequitize
966 1646 1285 1700 destructio
1324 1646 1502 1714 igitur
1534 1646 1938 1700 contravenire
1979 1660 2081 1713 po-

428 1743 540 1793 test
561 1734 957 1790 exhortationi
987 1749 1122 1805 quas
1164 1740 1249 1788 est
1275 1734 1350 1788 ad
1379 1734 1653 1788 virtutem
1683 1749 1692 1787 :
1730 1733 1849 1787 imo
1883 1732 2079 1803 potius

430 1825 662 1883 aversio
718 1840 851 1895 quae
897 1824 973 1879 ab
1029 1839 1144 1878 una
1188 1822 1377 1888 fuerit,
1416 1823 1655 1878 alterius
1695 1824 1892 1876 ﬁrmat
1944 1823 2081 1875 sub-

430 1914 811 1969 stitutionem.
849 1915 992 1967 Nam
1025 1912 1127 1983 qui
1159 1911 1464 1981 gloriolam
1490 1912 1821 1967 humanam
1847 1927 1953 1982 pro
1982 1910 2078 1964 Dei

429 2002 663 2072 legibus
692 2000 899 2072 rejicit,
944 2000 1043 2054 ille
1084 2000 1310 2055 virtutis
1359 2016 1564 2055 amore
1611 2000 1963 2063 incenditur,
2028 2005 2081 2053 et

427 2091 519 2146 vir
558 2107 693 2146 cum
731 2092 800 2145 sit
834 2089 1055 2160 probus
1098 2090 1282 2143 Deum
1319 2089 1502 2143 habet
1548 2088 1984 2161 propalatorem
2025 2095 2078 2142 et

427 2179 735 2252 publicum
770 2192 1108 2249 praeconem
1148 2193 1398 2248 operum
1430 2178 1613 2249 ipsius
1656 2181 1844 2231 instar
1876 2176 2024 2230 lucis
2065 2194 2075 2231 :

426 2274 485 2326 at
511 2268 617 2341 qui
646 2266 1046 2323 misereordiaa
1081 2266 1276 2321 studet
1308 2266 1588 2321 faciendzu
1613 2272 1851 2337 propter
1887 2264 2083 2320 homi-

426 2373 571 2414 num
597 2356 826 2411 famam
857 2359 913 2410 et
933 2355 1302 2427 opinionem,
1336 2356 1385 2409 is
1409 2360 1514 2420 est,
1542 2356 1643 2427 qui
1666 2354 1744 2409 ob
1765 2354 2083 2409 ostenden-

428 2440 573 2501 dam
619 2446 942 2501 vanitatem
998 2459 1244 2499 causam
1305 2444 1520 2515 quaerit
1568 2449 1625 2498 et
1677 2443 2079 2499 occasionem.

427 2535 721 2599 Quantum
740 2548 881 2602 ergo
893 2532 991 2586 Dei
1005 2530 1356 2600 suffragium
1372 2532 1705 2587 humanam
1722 2531 2080 2586 industriam

428 2628 689 2693 superat,
719 2625 948 2677 tantum
977 2620 1169 2675 differt
1209 2620 1296 2675 vir
1317 2619 1539 2676 faciens
1566 2620 1930 2675 voluntatem
1960 2620 2080 2687 Dei,

429 2716 483 2767 et
514 2711 789 2765 virtutem
821 2710 1151 2782 amplexus,
1186 2709 1264 2764 ab
1304 2724 1373 2764 eo
1413 2709 1514 2780 qui
1552 2725 1758 2764 curam
1792 2709 1985 2763 solam
2016 2708 2080 2762 il-

426 2800 551 2858 lam
580 2799 824 2855 adhibet
856 2807 914 2853 ut
945 2797 1156 2854 laudes
1187 2802 1435 2852 venetur
1474 2798 1790 2854 humanas.
1834 2797 1920 2852 Ab
1950 2798 2078 2852 isto-

427 2905 560 2945 rum
604 2888 931 2944 imitatione
970 2888 1306 2943 abhorrere.
1361 2888 1685 2944 Servatoris
1715 2891 2077 2959 praeceptum

428 2993 528 3035 eos
554 2982 729 3043 vetat,
772 2976 876 3048 qui
904 2976 961 3032 in
1003 2976 1061 3031 id
1101 2976 1461 3031 incumbunt
1493 2983 1555 3032 ut
1594 2978 1779 3031 Deum
1820 2976 2082 3031 habeant

431 3073 639 3124 testem
670 3073 725 3123 et
751 3080 1086 3138 praeconem
1120 3081 1366 3120 suorum
1396 3082 1679 3138 operum:
1715 3082 1835 3121 non
1877 3070 2080 3119 autem

2264 937 2372 997 Τῆς
2406 940 2612 1009 μακρᾶς
2645 954 2737 986 σου
2774 939 2862 985 καὶ
2902 937 3347 1005 μεμηχανημένης
3374 932 3593 1007 ἀπορίας
3633 931 3811 991 ἁπλῆν

2193 1028 2281 1075 καὶ
2335 1028 2586 1096 σύντομόν
2643 1043 2722 1075 σοι
2776 1025 3120 1096 παρεχόμεθα
3183 1028 3277 1080 τήν
3328 1022 3498 1076 λύσιν.
3557 1025 3628 1074 Τὸ
3688 1024 3803 1093 μὲν,

2194 1134 2220 1161 ‹‹
2266 1113 2415 1165 Οὕτω
2444 1112 2702 1185 λαμψάτω
2733 1116 2790 1164 τὸ
2829 1120 2931 1183 φῶς
2963 1113 3103 1184 ὑμῶν
3148 1112 3436 1185 ἔμπροσθεν
3469 1118 3567 1162 τῶν
3601 1108 3810 1183 ἀνθρω-

2196 1221 2321 1265 πων,
2355 1203 2491 1263 ὅπως
2520 1198 2682 1253 ἴδωσι
2708 1203 2773 1252 τὰ
2799 1200 2933 1253 καλὰ
2958 1201 3098 1271 ὑμῶν
3130 1202 3256 1274 ἔργα
3290 1204 3380 1250 καὶ
3413 1195 3685 1261 δοξάσωσι
3718 1203 3807 1250 τὸν

2194 1293 2394 1363 Πατέρα
2432 1292 2572 1362 ὑμῶν
2618 1295 2703 1341 τόν
2752 1290 2802 1341 ἐν
2832 1289 3089 1363 οὐρανοῖς,
3125 1310 3149 1339 ν
3181 1288 3251 1350 εἰς
3280 1287 3465 1362 ἀρετήν
3493 1286 3606 1339 ἐστι
3642 1284 3809 1345 δηλο-

2190 1383 2299 1429 νότι
2342 1383 2434 1436 τήν
2464 1378 2783 1436 τελειοτάτην
2814 1378 3166 1451 παρακλησις.
3198 1381 3267 1430 Τό
3301 1374 3378 1441 δὲ,
3422 1394 3450 1425 ‹‹
3492 1381 3577 1434 Μή
3608 1384 3811 1428 ποιεῖτε

2190 1472 2283 1524 τὴν
2341 1466 2684 1539 ἐλεημοσύνην
2745 1468 2885 1538 ὑμῶν
2944 1468 3233 1540 ἔμπροσθεν
3281 1474 3381 1518 τῶν
3414 1463 3734 1537 ἀνθρώπων,
3776 1486 3805 1517 ν

2192 1552 2493 1626 φιλοδοξίας
2544 1555 2705 1619 ἐστὶν,
2764 1558 2883 1627 ὅπερ
2950 1560 3040 1607 καὶ
3089 1558 3205 1607 ἔστι
3256 1559 3450 1618 κακίας
3511 1553 3803 1627 ἀναίρεσις.

2194 1651 2307 1705 Πῶς
2337 1641 2424 1695 οὖν
2476 1647 2505 1703 η
2556 1654 2647 1706 τῆς
2696 1650 2882 1705 κακίας
2915 1642 3178 1717 ἀναίρεσις
3232 1651 3292 1715 τῇ
3339 1642 3671 1717 παρακλήσει
3710 1652 3808 1703 τῆς

2191 1732 2375 1807 ἀρετῆς
2438 1731 2638 1786 δύναιτ’
2688 1734 2747 1785 ἂν
2799 1734 3058 1806 ὑπάρχειν
3124 1738 3422 1804 μαχόμενον
3459 1749 3471 1799 ;
3503 1737 3807 1787 τουναντίθν

2188 1826 2289 1897 γὰρ
2342 1828 2431 1875 καὶ
2482 1828 2766 1881 συνίστησι
2822 1821 3011 1894 μᾶλλον
3053 1823 3082 1880 ἡ
3120 1824 3334 1893 θατέρας
3384 1820 3653 1886 ἀποτροπὴ
3708 1830 3813 1882 τῆς

2191 1912 2363 1985 ἐτέρας
2429 1918 2521 1970 τήν
2591 1912 2831 1987 ὕπαρξιν,
2890 1911 2947 1963 Ὀ
3003 1913 3102 1985 γάρ
3172 1931 3253 1962 τοι
3323 1916 3419 1971 τῆς
3472 1908 3808 1981 ἀνθρωπίνης

2192 1997 2353 2063 δόξης
2397 1997 2490 2053 διὰ
2540 2005 2660 2063 τοὺς
2716 2003 2881 2062 θείους
2922 2006 3110 2069 νόμους
3149 2001 3431 2071 ὑπερορῶν,
3472 1999 3625 2059 οὗτος
3663 1997 3809 2050 ἐστιν

2190 2092 2215 2141 ό
2257 2100 2347 2150 τῆς
2403 2089 2587 2164 ἀρετῆς
2644 2092 2824 2164 θερμὸς
2881 2088 3124 2163 ἐραστής,
3171 2094 3260 2140 καὶ
3308 2091 3333 2139 ό
3378 2092 3467 2160 μὲν
3510 2085 3809 2150 σπουδαῖος

2190 2183 2248 2231 τὸ
2283 2182 2413 2231 θεῖον
2465 2182 2575 2250 ἔχει
2624 2175 2941 2250 δημοσιεύον
2978 2190 3009 2233 y
3039 2182 3128 2229 καὶ
3168 2176 3387 2249 λάμπειν
3436 2177 3595 2229 αὐτοῦ
3636 2196 3807 2251 παραυ

2193 2268 2498 2327 σκευάζονῑ
2536 2270 2600 2319 τὰ
2660 2270 2787 2339 ἔργα
2853 2264 3008 2324 δίκην
3061 2270 3243 2338 φωτός.
3297 2264 3356 2317 Ὀ
3411 2262 3470 2317 δε
3528 2269 3660 2339 πρὸς
3721 2264 3809 2317 ἁν-

2194 2359 2394 2431 θρόπων
2444 2352 2601 2419 δόξαν
2642 2361 2727 2407 τόν
2781 2356 2912 2407 ἔλεον
2963 2361 3169 2426 μετιὼν,
3213 2354 3369 2417 αὐτός
3410 2353 3549 2406 ἐστιν
3582 2354 3637 2416 ὂς
3675 2354 3808 2407 ἀπο-

2192 2451 2396 2519 φέρεται
2463 2442 2703 2503 δηλονότι
2777 2450 2866 2496 καὶ
2924 2449 3011 2502 τήν
3086 2452 3179 2505 τῆς
3255 2438 3551 2504 ἐπιδείξεως
3606 2442 3803 2497 αἰτίαν.

2188 2534 2334 2606 Ὀσῳ
2359 2542 2484 2606 γοῦν
2534 2534 2850 2608 ἀνθρωπίνης
2882 2529 3121 2595 σπουδῆς
3178 2532 3353 2604 ψῆφος
3401 2534 3511 2583 θεία
3541 2528 3802 2603 διαφέρει,

2190 2627 2423 2695 τοσούτῳ
2483 2620 2778 2693 διενήνοχεν
2844 2624 3116 2695 ἅνθρωπος
3179 2624 3419 2694 πράττων
3472 2619 3653 2693 ἀρετήν
3713 2626 3806 2672 καὶ

2192 2722 2305 2783 Θεῷ
2364 2712 2613 2786 ἀρέσκων,
2696 2708 2886 2782 ἀνδρὸς
2947 2712 3108 2785 Θήραν
3179 2708 3400 2761 ἐπαίνων
3468 2706 3805 2783 ἀνθρωπίνων

2190 2807 2277 2859 τήν
2335 2802 2520 2873 πρᾶξιν
2576 2799 3005 2872 προϐαλλομένου.
3060 2798 3138 2850 Οὔ
3188 2803 3282 2855 τὴν
3330 2802 3557 2869 μίμησιν
3597 2800 3807 2869 φεύγειν

2190 2893 2215 2942 ό
2277 2895 2527 2962 σωτήριος
2586 2889 2987 2961 παρακελεύεται
3054 2887 3225 2958 λόγος,
3308 2893 3466 2939 πᾶσιν
3554 2885 3629 2945 οἷς
3690 2888 3810 2937 ἐστι

2193 2976 2399 3037 σπουδή
2438 2982 2522 3030 τόν
2554 2981 2674 3031 Θεὸν
2703 2980 2840 3047 ἔχειν
2872 2978 3113 3050 μάρτυρα
3138 2980 3223 3027 καὶ
3262 2981 3463 3050 κήρυκα
3489 2983 3586 3026 τῶν
3617 2977 3805 3047 ἔργων·

2190 3069 2317 3121 ἀλλὰ
2373 3074 2443 3140 μὴ
2494 3070 2588 3128 τὰς
2626 3066 2817 3128 οἰκείας
2876 3071 3066 3137 τέχνας
3119 3072 3209 3125 τῆς
3257 3066 3448 3117 οῖνωθεν
3506 3066 3809 3137 μαρτυρίας

428 3157 487 3212 id
530 3132 839 3211 intendunt
871 3160 932 3209 ut
959 3155 1233 3226 proprias
1272 3132 1535 3227 ipsorum
1577 3162 1731 3211 artes
1765 3154 2078 3227 praeferant

2193 3160 2480 3233 ἔμπροσθεν
2510 3157 2794 3210 ποιεῖσθαι.

428 3244 653 3301 cmlesti
678 3243 1038 3300 testimonio.

457 3351 778 3418 QUESTIO
819 3354 950 3408 XCV
992 3353 1165 3407 Οοιεί.
1210 3352 1481 3407 CCLVIII.
1528 3354 1709 3409 Taur.
1751 3357 2053 3432 CCXLIX].

504 3459 659 3526 Qiud
696 3465 777 3515 est
815 3458 1017 3514 illud:
1060 3480 1087 3508 «
1124 3459 1309 3514 Pater
1342 3474 1501 3514 meus
1541 3462 1732 3529 major
1769 3478 1856 3518 me
1886 3472 1966 3518 est
1995 3466 2022 3520 ?
2050 3486 2074 3516 »

2758 3357 3070 3404 armum:
3111 3334 3220 3409 ΒΕ.

2188 3467 2250 3517 Τί
2310 3461 2422 3514 ἐστι
2483 3463 2561 3529 τὸ,
2616 3481 2643 3508 ‹‹
2676 3458 2732 3509 '0
2776 3461 2953 3530 Πατήρ
3004 3475 3104 3529 μου
3154 3459 3344 3528 μείζων
3404 3456 3503 3526 μού
3544 3455 3685 3505 ἐστιν
3721 3470 3735 3519 ;
3774 3474 3802 3501 ››

492 3573 645 3623 Edita
667 3587 699 3623 a
728 3573 1074 3629 Montacutio,
1104 3587 1186 3635 ep.
1210 3573 1316 3629 I76,
1350 3574 1417 3621 ad
1452 3573 1510 3624 S.
1542 3574 1755 3632 Sabam,
1785 3590 1835 3639 p.
1865 3579 2085 3631 262-264.
2117 3608 2179 3617 —
2216 3576 2523 3641 Disquisitic
2552 3574 2616 3623 de
2649 3588 2809 3622 sensu
2832 3571 3119 3621 verborum
3146 3570 3350 3620 Christi.
3373 3566 3559 3618 Joann.
3590 3582 3691 3623 xiv,
3720 3569 3800 3615 28.

501 3682 731 3737 Dictum
762 3680 906 3736 illud
937 3680 1360 3751 evangelicum,
1394 3701 1421 3731 «
1449 3684 1615 3737 Pater
1648 3700 1816 3739 meus
1843 3703 1936 3741 me
1958 3704 2079 3743 ma-

422 3771 518 3842 jor
542 3775 629 3825 est
656 3772 725 3836 ιθ,
761 3792 787 3819 ››
822 3786 941 3825 non
970 3785 1089 3825 uno
1130 3770 1306 3825 modo
1347 3771 1546 3825 Patres
1578 3773 1762 3828 n0stri
1793 3774 2080 3847 interpre-

428 3864 648 3925 tantur,
679 3858 843 3914 nulla
883 3858 1114 3913 interim
1147 3859 1510 3931 expositione
1543 3861 1849 3918 veritatem
1877 3863 2079 3919 debili-

428 3952 616 4005 tantc.
667 3947 820 4006 Sunt
871 3947 968 4018 qui
1007 3954 1313 4019 exponunt
1366 3950 1709 4005 causalitate
1761 3952 2073 4022 majorem,

427 4035 593 4111 quod
616 4052 733 4091 non
761 4036 1111 4091 substantia;
1152 4037 1554 4092 alterationem
1578 4038 1943 4097 identitatem
1976 4060 2076 4113 po-

426 4127 543 4205 tius
575 4130 631 4181 et
659 4124 1208 4180 connaturalitatem
1242 4130 1420 4180 notat.
1465 4128 1668 4182 Omnis
1696 4129 1853 4183 enim
1888 4136 2072 4202 pater,

428 4214 571 4269 dum
608 4214 797 4269 ﬁlium
828 4213 1172 4269 causalitate
1210 4214 1509 4285 praecedit,
1552 4232 1656 4286 per
1696 4217 1837 4271 illud
1880 4218 2075 4289 ipsum

429 4303 777 4372 constringit
804 4301 1001 4374 potius
1022 4307 1078 4357 et
1098 4304 1157 4357 in
1186 4319 1373 4358 unum
1398 4304 1745 4374 compingit,
1780 4312 2078 4379 utcunque

429 4392 545 4447 sint
573 4392 926 4463 hypostases
958 4396 1073 4446 tam
1107 4391 1391 4447 divulsus:
1434 4408 1569 4463 quae
1618 4393 1908 4463 dispersio
1943 4397 2078 4452 inde

431 4479 735 4548 contingit,
759 4478 917 4550 quod
936 4494 966 4533 e
981 4478 1270 4533 sexcentis
1294 4478 1355 4533 in
1371 4478 1546 4533 rebus
1569 4481 1781 4549 genitis
1803 4483 2075 4539 acciden-

428 4567 589 4624 tibus
614 4568 806 4624 ﬂuens
852 4575 907 4622 et
947 4566 1355 4639 multiplicata,
1394 4568 1451 4621 in
1502 4568 1680 4624 aliam
1733 4574 1989 4642 speciem
2025 4574 2076 4627 vi

430 4656 768 4729 impellitur.
812 4656 953 4711 Filio
985 4656 1161 4725 igitur
1192 4656 1485 4727 majorem
1517 4673 1642 4712 esse
1686 4660 1917 4715 Patrem
1950 4679 2075 4733 spe-

433 4751 550 4802 ctat
576 4748 652 4803 ad
672 4747 985 4819 paritatem
1020 4745 1364 4800 substantia
1386 4752 1442 4801 et
1473 4746 1895 4814 subsistentite,
1916 4751 2079 4807 nullo

433 4842 635 4892 autem
678 4836 858 4891 modo
890 4834 963 4891 ad
999 4834 1319 4889 subsantiae
1346 4835 1771 4893 diversitatem.
1796 4838 1928 4904 Alii,
1962 4857 2080 4895 ma-

430 4926 526 4996 jor
556 4940 674 4989 me,
714 4924 790 4979 ad
827 4925 1160 4980 humanam
1202 4930 1478 4979 naturam
1515 4926 1861 4981 retulerunt.
1905 4928 2081 4984 Aiunt

437 5013 617 5091 enim,
673 5012 833 5085 quod
890 4998 1399 5085 quemadmodum
1454 5036 1480 5063 ‹‹
1527 5015 1827 5086 proﬁcisci
1866 5018 1940 5071 ad
1980 5021 2083 5073 Pa-

435 5108 588 5160 trem
619 5118 631 5168 ;
672 5124 699 5152 »
724 5108 797 5167 et,
832 5124 859 5151 ‹‹
901 5105 1027 5158 Non
1057 5103 1253 5157 adhuc
1282 5102 1471 5159 multa
1501 5120 1637 5159 cum
1662 5104 1968 5177 discipulis
1995 5105 2083 5162 lo-

436 5191 541 5263 qui
568 5192 614 5228 ⁵ο
644 5208 657 5259 ;
704 5213 725 5241 ι
762 5195 836 5256 et,
875 5210 898 5241 «
936 5189 1100 5245 Venit
1132 5190 1413 5261 Princeps
1444 5191 1674 5257 mundi,
1714 5215 1733 5242 ι
1766 5193 1954 5249 nccin
1989 5211 2082 5251 me

503 5333 550 5369 ‘7
578 5334 733 5389 Matt.
764 5346 824 5399 v,
857 5331 951 5387 16.
1034 5329 1082 5365 ⁴⁸
1113 5330 1310 5387 Matth.
1351 5346 1427 5398 v1,
1457 5336 1503 5387 I.

1582 5332 1627 5368 ‘9
1668 5333 1839 5392 Joan.
1866 5350 1984 5402 xw,
2020 5336 2108 5392 28.

2260 3691 2387 3749 Τήν,
2422 3703 2449 3734 ((
2490 3684 2547 3736 Ὀ
2581 3688 2756 3756 Πατήρ
2789 3701 2888 3753 μου
2920 3680 3110 3753 μείζων
3164 3680 3263 3751 μού
3313 3676 3471 3741 ἐστιν,
3509 3698 3536 3725 ››
3568 3684 3658 3729 τοῦ
3701 3675 3805 3727 Εὗ-

2191 3776 2429 3847 αγγελίου
2489 3778 2677 3845 φωνήν,
2741 3767 3005 3843 διαφόρως
3053 3771 3101 3820 οἱ
3160 3772 3377 3839 ΙΙατέρες
3424 3768 3569 3837 ἡμῶν
3610 3762 3803 3825 ἐξειλήο

2192 3859 2663 3937 φασι-μηδεμιᾶς
2746 3860 3117 3931 λυμαινομένης
3193 3864 3252 3929 τῇ
3320 3855 3535 3925 ἀληθείᾳ
3607 3851 3803 3909 υπολή-

2189 3954 2344 4025 ψεως.
2391 3955 2456 4003 Οἱ
2484 3954 2573 4023 μὲν
2603 3953 2699 4023 γάρ
2750 3968 2879 4021 φασι
2926 3955 2997 4017 τῷ
3048 3946 3198 4016 αἰτίῳ
3253 3948 3467 4016 μείζονα
3509 3943 3756 4014 εἰρῆσθαι
3785 3958 3798 3970 ⁸

2191 4044 2310 4115 ὅπερ
2363 4040 2455 4093 οὐκ
2503 4040 2685 4098 οὐσίας
2734 4036 3089 4109 παραλλαγὴν,
3146 4038 3444 4091 ταυτότητά
3498 4028 3556 4084 δὲ
3608 4029 3803 4102 μᾶλλον

2191 4136 2279 4182 καὶ
2334 4131 2613 4201 συμφυΐαν,
2682 4132 3022 4199 παρίστησιν.
3075 4123 3245 4185 ’Ἅπας
3311 4124 3413 4195 γὰρ
3473 4123 3642 4193 πατὴρ
3708 4125 3804 4169 τοῦ

2191 4222 2305 4270 υἱοῦ
2372 4227 2443 4288 τῷ
2497 4217 2649 4287 αἰτίῳ
2702 4217 3109 4286 καθηγούμενος,
3164 4217 3443 4283 συσφίγγει
3494 4208 3686 4280 μᾶλλον
3730 4203 3802 4258 δι’

2191 4309 2350 4360 αὐτοῦ
2382 4312 2471 4358 καὶ
2528 4302 2901 4377 συνδιακρατεῖ
2958 4307 3051 4361 τὴν
3092 4310 3181 4362 τῆς
3226 4300 3405 4359 οὐσίας
3437 4298 3673 4361 ἑνότητα,
3708 4295 3803 4346 κᾶν

2191 4399 2215 4448 ό
2285 4392 2587 4467 σκεδασμὸς
2639 4402 2734 4445 τῶν
2828 4393 3163 4444 ὑποστάσεων
3241 4396 3502 4449 τοσοῦτος,
3569 4384 3803 4457 μάλιστα

2189 4493 2292 4546 τοῖς
2322 4492 2559 4556 γενητοῖς
2604 4482 2657 4534 ἐκ
2697 4487 2892 4556 μυρίων
2940 4482 3066 4555 ῥέων
3112 4484 3200 4530 καὶ
3243 4478 3622 4547 πληθυνόμενος
3662 4492 3802 4545 περι-

2193 4576 2445 4639 στάσεων,
2515 4572 2580 4633 είς
2656 4571 2930 4644 ἑτερότητα
3006 4566 3803 4637 ἐκϐιάζηταιοόμοουσιότητος

2189 4665 2293 4737 οἶρα
2317 4673 2342 4704 3
2382 4667 2470 4713 καὶ
2506 4663 2770 4732 συμφυΐας
2814 4662 2871 4710 τὸ
2899 4659 3061 4731 μείζω
3096 4654 3224 4708 εἶναι
3266 4662 3339 4725 τῷ
3386 4654 3535 4723 αἰτίῳ
3575 4655 3663 4703 τὸν
3695 4658 3797 4703 Πα-

2189 4756 2313 4824 τέρα
2341 4759 2431 4803 τοῦ
2463 4753 2609 4818 Tim),
2658 4748 2765 4800 ἀλλ’
2815 4744 3055 4819 οὐδαμῶς
3104 4765 3163 4816 γε
3206 4751 3296 4803 τῆς
3325 4743 3440 4794 κατ’
3485 4741 3670 4793 οὐσίαν
3699 4740 3802 4792 ἐτεα

2190 4846 2423 4913 ρότητος.
2474 4838 2650 4891 Ἀλλοι
2705 4834 2763 4888 δὲ
2820 4840 2896 4904 τὸ,
2948 4836 3159 4907 μείζων,
3192 4833 3325 4884 κατὰ
3371 4835 3427 4883 τὸ
3479 4828 3801 4903 ἀνθρώπινον

2192 4930 2456 5000 εἰλήφασι.
2490 4932 2624 4981 Φασὶ
2664 4929 2784 4999 γὰρ,
2842 4927 3015 4996 ὧσπερ
3048 4926 3105 4975 τὸ
3139 4942 3165 4973 ‹(
3200 4922 3511 4995 πορεύεσθαι
3550 4922 3683 4992 πρὸς
3711 4922 3800 4968 τόν

2193 5021 2421 5092 Πατέρα,
2454 5040 2480 5066 )›
2532 5021 2621 5068 καὶ
2669 5019 2747 5080 τὸ,
2781 5018 3045 5071 «Μηκέτι
3100 5010 3261 5063 πολλά
3310 5012 3440 5082 μετὰ
3476 5016 3575 5059 τῶν
3628 5009 3806 5078 μαθη-

2191 5116 2290 5159 τῶν
2322 5106 2487 5158 λαλείν
2519 5124 2532 5136 ⁸
2564 5126 2591 5157 ››
2631 5109 2720 5156 καὶ
2751 5106 2808 5155 τὸ
2844 5123 2867 5153 (ι
2910 5102 3163 5175 ἔρχεσθαι
3205 5102 3291 5151 τὸν
3338 5106 3430 5150 τοῦ
3476 5100 3679 5168 κόσμου
3706 5098 3803 5169 οῖρ-

2192 5216 2381 5271 χοντα,
2441 5216 2469 5246 ››
2525 5199 2615 5248 καὶ
2694 5193 2977 5270 ἐρευνῶντα
3044 5186 3210 5264 μηδὲν
3287 5188 3542 5263 εὑρίσκειν
3620 5184 3746 5244 ὅλως
3789 5225 3803 5238 .

2211 5338 2259 5374 ⁵ο
2297 5334 2447 5393 Ibid.
2480 5340 2570 5394 30.

1780 5459 2011 5517 VARUS
2052 5460 2455 5518 LECTIONES.

514 5612 546 5655 γ
596 5600 635 5654 C
674 5600 744 5655 M.
797 5600 889 5655 551
929 5596 968 5653 f.
1026 5598 1127 5654 139
1170 5593 1516 5671 δημοσιεύων.

1622 5609 1644 5639 ⁸
1698 5599 1757 5655 C.
1814 5602 1883 5655 M.
1922 5604 2354 5676 παρασκευάζων,

2459 5612 2487 5646 ι
2546 5602 2689 5661 Cod.
2751 5604 2901 5658 Mon.
2951 5600 3046 5656 551
3104 5592 3147 5653 f.
3206 5592 3298 5653 f5!
3357 5592 3391 5649 δ
3440 5589 3622 5652 hab‘ét
3679 5590 3806 5667 ἄρα.
