4136 6198
268 280 380 339 605

271 411 449 482 ὥσπερ
504 402 571 464 δὴ
641 410 808 457 ταῦτα
866 410 958 456 τοῦ
1028 402 1433 478 προσλήμματος
1496 400 1580 471 ἧν,
1660 402 1718 454 ού
1780 408 1871 454 τοῦ
1908 403 1953 456 Α

269 498 451 569 λόγου·
525 495 660 548 οὕτω
715 498 805 545 καὶ
882 496 962 563 τό,
1036 514 1060 544 α
1124 492 1182 545 Ὀ
1264 498 1443 565 Πατὴρ
1520 512 1619 565 μου
1686 491 1875 562 μείζων

272 589 374 660 μού
415 584 547 637 ἐστι·
599 603 627 635 ›)
678 583 871 655 μεταξύ
902 584 1000 656 γὰρ
1038 581 1238 634 ἐκείνων
1268 591 1440 648 τοῦτο,
1469 587 1559 634 καὶ
1605 579 1877 654 παραπλη-

276 679 406 735 σίως
458 673 632 733 αὐτοῖς
679 675 903 745 εἴρηται.
947 674 1088 732 Τινὲς
1138 667 1216 735 δὲ,
1266 676 1383 743 περὶ
1424 673 1515 743 μὲν
1563 677 1653 722 τοῦ
1702 674 1876 741 Λόγου

273 767 335 815 τό
390 766 566 835 μεῖζον
622 766 1031 834 συνεχώρησαν⁹
1093 760 1197 831 οὑχ
1257 759 1431 821 ἀπλῶς
1480 755 1539 811 δὲ
1586 767 1738 811 τοῦτο
1790 764 1878 810 καὶ

272 852 392 904 κατ’
443 851 647 920 ούσὶαν,
698 848 805 901 ἀλλ’
863 852 1001 921 ε’ίπερ
1053 851 1189 901 ἐστὶν
1237 850 1267 906 ἡ
1310 847 1698 922 ἐνανθρὼπησις
1744 845 1880 920 ἂκρα

274 945 491 1001 κένωσις
526 945 615 992 καὶ
654 944 984 1001 ταπείνωσις,
1045 936 1164 990 καθ’
1212 937 1237 989 ὃ
1286 941 1555 990 κεκένωκεν
1617 935 1796 988 ἑαυτὸν
1853 933 1879 984 ὁ

276 1035 453 1101 Λόγος
473 1034 563 1082 καὶ
593 1029 898 1081 ἐταπείνωσε
929 1026 956 1068 b
985 1048 1008 1077 α
1038 1031 1239 1102 μορφὴν
1272 1023 1459 1078 δούλου
1508 1025 1735 1078 ὑπελθὼν
1762 1035 1806 1087 ο,
1849 1042 1876 1073 ))

276 1116 439 1179 δῆλον
482 1120 561 1171 ὅτι
598 1125 689 1170 τοῦ
729 1113 988 1190 μηδαμῶς
1032 1118 1353 1176 ὑποστάντος
1390 1121 1483 1174 τὴν
1528 1120 1742 1167 κένωσιν
1789 1115 1879 1163 καὶ

274 1212 613 1273 ταπείνωσιν,
681 1205 974 1266 ἀκολούθως
1022 1205 1207 1278 λέγοιτ’
1283 1206 1342 1257 ἂν
1410 1208 1467 1257 τό
1524 1204 1727 1256 ἔλαττον
1786 1199 1882 1252 ἀπ-

275 1297 608 1366 ενέγκασθαι·
656 1293 703 1346 ἓν
749 1296 961 1367 μείζοσι
1008 1297 1108 1367 Ίάρ
1162 1295 1464 1366 ὑπεροχαῖς,
1508 1294 1623 1344 κατ’
1666 1294 1793 1343 αὐτό
1822 1307 1882 1359 γε

273 1392 455 1450 τοῦτο,
508 1386 534 1436 ό
582 1382 833 1444 ἀκένωτος
886 1389 977 1435 τοῦ
1028 1387 1368 1455 κεκενωμένου
1399 1382 1590 1455 μείζων
1628 1381 1742 1433 ἐστὶ
1792 1382 1881 1430 καὶ

274 1473 303 1526 ὁ
355 1482 449 1535 τῆς
506 1469 650 1534 ἰδίας
699 1475 964 1547 ὑπεροχῆς
1007 1468 1173 1543 μηδὲν
1204 1472 1451 1543 καθαφεὶς
1483 1469 1533 1536 ἀ,
1580 1476 1672 1522 τοῦ
1719 1470 1883 1540 μέχρι

273 1568 367 1616 καί
418 1570 518 1614 τῶν
576 1559 945 1614 ἐπονειδίστων
1000 1562 1196 1626 παθῶν,
1259 1568 1508 1635 σταυροῦ,
1569 1564 1721 1632 φημὶ,
1793 1574 1885 1626 καὶ

278 1653 505 1704 θανάτου
548 1647 912 1712 διεληλυθότος
958 1657 1055 1712 τῆς
1094 1648 1418 1723 ἀνθρωπίνης
1461 1651 1676 1721 φύσεως.
1711 1643 1883 1700 Ἐκδέ-

1214 274 1312 333 AD
1351 274 1906 334 AMPHILOCHIUM
1946 273 2271 343 QUIESTIO
2310 271 2504 341 XCIV,
2545 271 2712 330 XCV.

3532 272 3639 329 606

1984 399 2141 457 facta
2163 399 2597 472 disquisitione,
2631 399 2966 473 quidquam
3019 399 3264 465 invenit,
3315 397 3516 467 veluti,
3544 400 3641 457 in-

1986 505 2171 562 quam
2198 490 2324 545 hinc
2341 490 2418 546 ad
2446 494 2828 562 assumptam
2859 504 3103 546 carnem
3129 488 3483 562 referuntur,
3511 506 3638 549 non

1988 584 2191 634 autem
2225 579 2302 635 ad
2355 579 2629 645 verbum,
2663 579 2745 634 sic
2771 584 2828 635 et
2875 579 3041 650 illud,
3088 598 3116 631 «
3144 581 3311 635 Pater
3340 595 3511 636 meus
3542 596 3638 638 me

1990 668 2181 738 major
2238 672 2343 735 est,
2386 688 2414 719 »
2472 669 2620 723 inter
2673 667 2835 723 enim
2868 668 3148 740 superius
3180 668 3422 726 recitata
3463 670 3638 726 simili

1992 757 2173 813 modo
2200 757 2499 829 prolatum
2548 761 2605 813 et
2633 758 2747 813 hoc
2793 756 3031 815 dicitur.
3063 757 3318 823 Quidam
3356 759 3532 815 etiam
3565 759 3640 815 de

1990 846 2185 901 Verbo
2204 846 2537 902 concedunt
2565 846 2732 916 illud,
2761 846 2955 918 major
2975 862 3098 903 non
3127 851 3329 904 autem
3360 847 3642 921 simplici-

1992 940 2097 1001 ter,
2131 935 2219 991 vel
2250 935 2582 991 secundum
2613 935 3011 992 substantiam
3043 955 3056 995 :
3093 936 3198 993 sed
3227 937 3276 992 si
3312 936 3640 994 incarnatio

1990 1022 2165 1080 fuerit
2208 1041 2448 1081 summa
2476 1025 2802 1082 exinanitio
2832 1031 2889 1082 et
2918 1025 3270 1092 humiliatio,
3305 1026 3639 1083 secundum

1991 1128 2176 1184 quam
2203 1113 2517 1170 evacuavit
2548 1129 2610 1169 se
2644 1114 2904 1170 Verbum
2937 1122 2992 1170 et
3020 1115 3396 1173 humiliavit:
3432 1139 3462 1167 ››
3504 1117 3639 1172 For-

1991 1216 2156 1255 mam
2188 1201 2340 1256 servi
2366 1200 2621 1257 induens
2654 1203 2723 1268 δι,
2751 1223 2775 1253 ››
2806 1206 2961 1274 patet
2989 1203 3156 1275 quod
3186 1203 3341 1259 illius
3369 1205 3473 1270 rei,
3507 1219 3640 1277 qua

1991 1288 2151 1343 nullo
2174 1289 2355 1345 modo
2371 1288 2883 1357 substernebatur,
2905 1291 3211 1348 evacuatio
3236 1299 3292 1347 et
3308 1292 3642 1349 humiliatio

1991 1383 2422 1449 consequenter
2470 1377 2702 1434 dicatur
2746 1379 3144 1436 minoritatem
3189 1379 3461 1438 retulisse
3510 1398 3524 1449 ;
3581 1380 3643 1438 in

1994 1465 2320 1536 majoribus
2336 1467 2497 1523 enim
2510 1467 2890 1533 excellentiis,
2905 1469 3009 1541 qui
3030 1470 3362 1526 vacuabilis
3380 1487 3502 1528 non
3531 1478 3637 1544 est,

1996 1556 2189 1626 major
2209 1561 2297 1611 est
2326 1572 2512 1627 quam
2558 1557 2608 1611 is
2635 1557 2741 1629 qui
2784 1565 3103 1614 evacuatur
3134 1578 3148 1628 ;
3182 1563 3238 1616 et
3269 1560 3369 1633 qui
3401 1560 3546 1617 nihil
3566 1561 3642 1618 de

1995 1659 2103 1699 sua
2133 1644 2495 1700 sublimitate
2523 1646 2786 1712 remittit,
2828 1648 3023 1718 major
3070 1652 3160 1704 est
3185 1664 3256 1704 eo
3285 1647 3390 1721 qui
3441 1650 3534 1705 vel
3563 1648 3644 1707 ad

275 1740 430 1803 ξαιτο
479 1736 529 1793 δ’
563 1742 625 1791 ἄν
663 1759 739 1800 τις
782 1739 877 1791 οὑκ
906 1737 1191 1799 ἀπεικότως
1239 1743 1329 1791 καὶ
1366 1740 1496 1812 πρός
1528 1742 1613 1796 τὴν
1658 1745 1756 1788 τῶν
1787 1755 1882 1809 μα-

1997 1749 2185 1805 usque
2213 1733 2644 1807 despectabilia
2668 1735 2976 1792 descendit
2994 1736 3355 1802 suﬂerenda,
3378 1753 3639 1806 crucem,

280 1832 453 1888 θητῶν
511 1825 748 1881 διάνοιαν
802 1828 1047 1903 εἰρῆσθαι
1101 1831 1187 1880 τόν
1238 1827 1408 1898 λόγον·
1467 1826 1575 1879 ἐπεὶ
1651 1829 1749 1901 γὰρ
1809 1827 1884 1877 ἔτι

281 1918 478 1979 ἀτελῶς
525 1918 671 1971 οὗτοι
722 1914 975 1970 διέκειντο
1021 1922 1140 1991 περὶ
1192 1919 1277 1968 τόν
1324 1920 1446 1969 Θεὸν
1485 1920 1576 1968 καὶ
1619 1911 1881 1967 διδασκα-

278 2008 391 2075 λον,
444 2010 658 2079 μείζονά
703 2026 757 2058 τε
798 2005 969 2076 πολλῷ
1024 2009 1109 2058 τόν
1170 2009 1376 2077 Πατέρα
1427 2003 1680 2077 ἐνόμιζον·
1734 2000 1883 2056 τοῦτο

278 2100 375 2170 μὲν
421 2104 517 2149 τῶν
569 2103 862 2149 Μωσαίκῶν
909 2099 1074 2166 νόμων
1136 2092 1524 2167 ἐμφανέστερον,
1576 2093 1755 2155 αὐτοῖς
1799 2096 1884 2145 τόν

282 2189 494 2258 Πατέρα
539 2188 570 2244 ἦ
621 2188 709 2236 τόν
748 2187 866 2237 Υὶόν
921 2183 1386 2255 καταγγελλόντων·
1445 2191 1592 2235 τοῦτο
1641 2179 1699 2234 δὲ
1724 2195 1750 2224 ⁸
1793 2190 1884 2235 τού

277 2283 541 2346 Σωτῆρος·
588 2275 694 2326 οῖνω
744 2278 832 2326 καὶ
888 2275 1030 2325 κάτω
1081 2276 1509 2346 περιστρέφοντος
1568 2272 1743 2334 αὐτοῖς
1798 2274 1883 2324 τόν

282 2366 512 2436 Πατέρα.
567 2362 706 2415 Ἐπεὶ
742 2361 830 2414 οὖν
874 2364 1085 2419 τοιαύτη
1136 2381 1219 2424 τις
1261 2361 1438 2423 αὐτοῖς
1481 2360 1806 2435 ἐνεστήρικτο
1850 2364 1879 2420 ἡ

282 2449 419 2515 δόξα
443 2454 459 2517 (
470 2448 503 2504 δ
510 2454 561 2504 ιά
588 2455 690 2526 γὰρ
722 2459 874 2503 τοῦτο
905 2455 994 2502 καὶ
1026 2450 1216 2521 ἔλεγον,
1255 2471 1283 2502 ι(
1313 2451 1481 2513 Δεῖξον
1512 2452 1636 2522 ἡμῖν
1662 2455 1748 2502 τόν
1783 2458 1882 2503 lla-

279 2544 429 2615 τέρα,
456 2545 546 2593 καὶ
568 2539 713 2614 ἀρκεῖ
736 2542 860 2613 ἡμῖν
887 2542 958 2611 ν),
987 2543 1117 2613 πρὸς
1136 2544 1230 2598 τὴν
1251 2538 1451 2593 ἐκείνων
1473 2539 1733 2611 ὑπόληψιν
1760 2538 1883 2593 ἀποο

280 2634 567 2695 τεινόμενος
614 2629 848 2691 ἳσταται,
899 2634 1126 2680 τοιούτόν
1152 2647 1203 2680 τι
1231 2627 1410 2699 λέγων,
1445 2628 1633 2691 αύτούς
1664 2627 1686 2670 ἶ
1712 2628 1887 2701 ἀσύμ-

282 2739 431 2792 φωνα
456 2724 570 2780 ταῖς
600 2726 741 2789 σφῶν
770 2716 1065 2789 ὁμολογίαις
1092 2713 1525 2789 διαπράττεσθαι,
1550 2716 1685 2791 λύπῃ
1708 2714 1742 2770 δ
1748 2714 1804 2770 ιδ
1807 2723 1884 2769 όνο

280 2826 367 2868 τες
396 2807 630 2873 ἑαυτούς,
667 2826 691 2856 α
722 2812 935 2879 Ὂτιπερ
964 2808 1104 2877 ἔφην·
1137 2809 1431 2880 Ιιορεύομαι
1455 2810 1583 2880 πρός
1610 2810 1695 2859 τόν
1728 2811 1886 2859 Πατέ-

281 2916 374 2972 ρα.
411 2918 437 2947 ν
464 2896 521 2949 Εἰ
549 2898 651 2968 γὰρ
682 2895 919 2966 ἠγαπᾶτέ
936 2914 1021 2966 με,
1046 2890 1193 2946 δοκεῖ
1212 2891 1270 2946 δὲ
1287 2895 1407 2967 ὑμῖν
1433 2900 1523 2947 καὶ
1544 2896 1735 2967 μείζων
1758 2891 1886 2947 εἶναι

282 2988 312 3039 ό
340 2991 539 3059 Πατὴρ,
562 2988 774 3059 χαίρειν
804 2985 937 3056 ὑμᾶς
963 2979 1088 3045 ἔδει,
1124 2980 1264 3036 διότι
1292 2987 1419 3058 πρὸς
1448 2988 1535 3036 τόν
1559 2985 1772 3056 μείζονα
1796 3005 1887 3037 πο-

281 3077 523 3151 ρεύομαι·
565 3080 748 3126 τοῦτον
785 3077 885 3145 γαρ
926 3076 1015 3124 καὶ
1044 3074 1164 3145 ὑμῖν
1196 3076 1298 3144 εἴγε
1343 3076 1496 3146 μόνον
1526 3070 1882 3147 ὑποδείξαιμι,
1921 3106 1962 3164 C

286 3165 405 3216 ἀντὶ
454 3166 657 3215 πάντων
705 3160 994 3235 ἐξαρκέσειν
1055 3158 1381 3214 διετείνεσθε.
1442 3161 1600 3214 Ἀλλά
1649 3166 1750 3237 γὰρ
1796 3168 1886 3216 καὶ

283 3250 424 3306 κοιτά
450 3254 647 3310 ταύτην
690 3255 783 3309 τὴν
815 3247 1072 3316 διάνοιαν,
1122 3254 1335 3323 μείζονα
1380 3250 1618 3321 λελέχθαι
1660 3256 1746 3304 τόν
1781 3259 1883 3305 Πα-

286 3347 412 3417 τέρα
438 3344 578 3413 παρά
606 3347 698 3392 τού
723 3341 867 3407 Υίοῦ,
898 3341 1021 3402 εἴτις
1043 3335 1336 3411 ἐκδίχοιτο,
1371 3339 1464 3392 οὐκ
1490 3342 1550 3391 ὁίν
1578 3340 1883 3413 ἀπενεχθείη

284 3438 380 3483 τοῦ
431 3433 732 3503 πρέποντος.
803 3424 971 3481 Ούδεν
1027 3424 1086 3481 δὲ
1145 3432 1271 3489 ἴσως
1330 3428 1515 3481 κωλύει
1586 3436 1675 3482 καὶ
1742 3432 1890 3505 ῥῆμα

283 3528 439 3571 τούτο
485 3517 756 3571 ὑπολαϐεῖν
798 3516 1258 3589 συγκαταϐασεως,
1294 3514 1387 3570 διὰ
1420 3538 1519 3570 των
1568 3527 1660 3578 τῆν
1692 3519 1886 3593 ἀκροα-

285 3616 386 3660 τῶν
440 3606 706 3660 ἀσθένειαν
773 3607 1234 3680 ἐσχηματισμένον
1289 3610 1420 3680 πρὸς
1485 3611 1542 3660 τό
1600 3613 1888 3662 ταπεινότε-

284 3716 395 3772 ρον’
457 3699 570 3749 ἔστι
625 3698 727 3769 ’γὰρ
781 3695 941 3754 πολλὴ
974 3707 1005 3749 8
1053 3700 1142 3748 καὶ
1190 3703 1289 3747 τῶν
1341 3700 1582 3749 τοιούτων
1635 3697 1797 3770 λόγων
1854 3701 1883 3757 ἡ

286 3787 558 3859 οἰκονομία
614 3784 697 3838 ἐπὶ
748 3781 922 3858 κέρδει
992 3789 1080 3837 καὶ
1139 3791 1374 3859 σωτηρίᾳ
1429 3794 1528 3838 τῶν
1585 3791 1650 3839 τά
1708 3787 1887 3841 τελειό-

284 3895 412 3949 τερα
500 3879 659 3948 μήπω
747 3877 912 3947 φέρειν
1002 3870 1317 3945 δυναμένων·
1396 3873 1568 3951 ὥσπερ
1645 3882 1734 3929 καὶ
1805 3882 1886 3947 τό,

290 3982 321 4018 α
349 3963 628 4038 Ἐρωτήσω
673 3966 758 4015 τόν
794 3965 1018 4036 Πατέρα,
1066 3968 1156 4015 καὶ
1204 3962 1350 4015 ἄλλον
1400 3965 1733 4037 Παρακλητον
1764 3971 1889 4039 πέμ-

283 4050 396 4123 ψειθ
428 4074 446 4101 ι
471 4056 583 4118 καὶ,
615 4074 640 4101 ‹‹
674 4051 991 4124 Εὐχαριστῶ
1024 4070 1126 4116 σοι,
1151 4052 1232 4103 ὅτι
1253 4054 1471 4105 πάντοτέ
1492 4072 1591 4125 μου
1610 4052 1832 4121 ἀκούεις,
1859 4076 1886 4103 ››

284 4144 375 4192 καὶ
425 4144 588 4213 μυρία
630 4138 778 4191 ἄλλα.
836 4140 995 4191 Πόθεν
1051 4135 1137 4190 οὑν
1192 4134 1371 4204 δῆλον,
1418 4141 1498 4192 ὃτι
1548 4149 1715 4193 ταῦτα
1759 4144 1888 4215 πρός

286 4232 384 4286 την
413 4227 733 4280 ἀσθενοῦσαν
781 4227 940 4285 ἀκόὴν
980 4225 1375 4299 ἐσχημάτισται
1408 4244 1422 4295 ;
1464 4229 1629 4291 Αύτός
1659 4232 1683 4282 ό
1710 4235 1886 4304 Σωτὴρ

286 4318 321 4376 ἠ
352 4321 495 4388 πηγὴ
537 4326 626 4377 τῆς
685 4320 889 4389 σοφίας,
932 4321 1023 4368 καὶ
1054 4320 1305 4379 συνέσεως
1348 4316 1578 4379 ἄϐυσσος
1608 4319 1658 4387 b,
1709 4319 1888 4372 ἑαυτὸν

289 4405 580 4481 ἑρμηνεύων
611 4401 849 4468 ἐδίδαξεν
881 4405 1054 4457 εἰπών’
1109 4425 1136 4456 ‹‹
1176 4404 1306 4477 Ἐγὼ
1340 4403 1398 4460 δὲ
1444 4404 1591 4480 ᾔδειν
1643 4407 1723 4461 ὃτι
1766 4411 1889 4461 ποίν-

288 4498 404 4547 τοτέ
432 4514 532 4567 μον
566 4492 788 4562 ἀκούεις,
827 4492 952 4545 ἀ).λά
992 4489 1086 4545 διὰ
1123 4497 1209 4546 τόν
1240 4494 1396 4566 ὄχλον
1441 4500 1527 4547 τόν
1568 4506 1891 4569 περιεστῶτα

290 4580 454 4647 εἶπον,
508 4582 591 4635 ἱνο.
642 4585 1000 4636 πιστεύσωσιν
1078 4581 1157 4634 ὃτι
1211 4587 1275 4635 σύ
1346 4603 1409 4656 με
1473 4583 1797 4649 ἀπέστειλας.
1856 4607 1883 4640 ))

289 4671 449 4726 Ἀλλά
497 4676 595 4746 γὰρ
646 4672 761 4725 κατ’
814 4671 1090 4730 επιστολὴν
1152 4670 1526 4747 ἀποχρώντως,
1582 4676 1748 4748 οἶμαι,
1804 4681 1887 4729 σοὶ

288 4764 407 4835 ἔχει
445 4768 536 4813 τού
567 4761 876 4821 ζητηθέντος
904 4765 999 4820 τὴν
1030 4762 1282 4833 μάθησιν.

289 4850 464 4905 dooet
494 4867 508 4904 :
548 4871 572 4901 (ι
602 4850 722 4921 Ego
754 4854 954 4905 autem
997 4851 1138 4921 scio,
1173 4850 1337 4922 quod
1371 4868 1464 4906 me
1494 4867 1731 4924 semper
1763 4852 1965 4919 audis,

1993 1821 2129 1877 dico
2158 1827 2215 1877 et
2243 1829 2513 1890 mortem,
2538 1839 2674 1895 quae
2701 1828 2916 1880 natura
2942 1824 3165 1881 subivit
3194 1825 3464 1883 humana
3496 1842 3509 1893 ;
3538 1827 3645 1883 sed

1994 1915 2050 1965 et
2079 1910 2312 1982 opinari
2335 1912 2471 1983 quis
2499 1912 2717 1983 poterit
2756 1928 2865 1969 nec
2893 1913 3384 1985 improbabiliter,
3414 1914 3642 1972 dictum

1996 1997 2179 2054 fuisse
2204 1999 2277 2055 de
2305 2005 2499 2056 mente
2521 2001 2953 2073 discipulorum
2984 2019 2996 2058 :
3018 2008 3189 2059 erant
3209 2004 3425 2060 etenim
3445 2003 3643 2061 adhuc

1993 2087 2074 2143 illi
2103 2086 2448 2160 imperfecti,
2483 2106 2592 2146 nec
2621 2090 2695 2146 de
2724 2091 3010 2161 magistro
3042 2108 3174 2157 suo,
3206 2097 3266 2148 ut
3290 2092 3365 2149 de
3399 2096 3515 2149 Deo
3545 2108 3643 2150 co-

1995 2176 2283 2248 gitabant,
2306 2178 2492 2235 multo
2508 2183 2709 2234 autem
2740 2180 3032 2252 majorem
3066 2181 3250 2236 Deum
3283 2183 3519 2238 Patrem
3544 2198 3644 2240 co-

1995 2267 2283 2337 gitabant,
2302 2268 2599 2340 praecipue
2617 2284 2754 2323 cum
2782 2269 3039 2326 Mosaica
3060 2270 3152 2325 lex
3186 2269 3371 2327 multo
3388 2271 3646 2344 explica-

1992 2356 2110 2413 tius
2127 2359 2353 2413 Patrem
2371 2373 2554 2428 quam
2587 2356 2794 2412 Filium
2813 2356 2958 2429 ipsis
2983 2358 3244 2415 insinuet
3275 2375 3287 2415 :
3319 2363 3374 2416 et
3394 2361 3646 2432 ipsemet

1993 2447 2267 2502 Servator
2295 2446 2527 2502 Patrem
2558 2445 2715 2518 apud
2734 2462 2839 2502 eos
2868 2447 3253 2504 multifariam
3273 2450 3642 2521 praedicaret.

1995 2535 2285 2600 Quocirca
2313 2535 2478 2607 apud
2516 2537 2680 2606 ipsos
2705 2552 2844 2591 cum
2875 2536 3002 2593 haec
3031 2537 3237 2610 opinio
3270 2537 3580 2605 obtineret.
3609 2554 3648 2597 a

1994 2640 2115 2697 qua
2145 2623 2390 2696 profecti
2421 2623 2700 2680 dicebant
2732 2643 2745 2680 :
2783 2645 2807 2676 ι
2838 2626 3095 2682 Ostende
3125 2626 3301 2683 nobis
3332 2630 3562 2684 Patrem
3590 2632 3647 2684 et

1996 2712 2216 2770 sufﬁcit
2245 2714 2419 2769 nobis
2448 2714 2517 2765 ⁵³.
2551 2735 2577 2762 »ι
2620 2712 2786 2769 Hanc
2810 2714 3051 2772 illorum
3083 2716 3426 2787 opinionem
3460 2717 3646 2789 respi-

1995 2803 2156 2857 ciens
2204 2803 2353 2858 sistit
2390 2819 2452 2858 se
2485 2818 2594 2859 nec
2625 2803 3001 2875 progreditur
3039 2820 3053 2871 ;
3112 2804 3220 2859 sed
3256 2808 3491 2860 tantum
3521 2820 3646 2861 non

1995 2891 2160 2958 dixit,
2187 2907 2405 2961 parum
2434 2898 2836 2948 consentanea
2869 2891 3038 2949 vobis
3068 2893 3212 2964 ipsis
3248 2893 3420 2964 agitis
3451 2898 3507 2951 et
3544 2910 3643 2950 ve-

1997 2986 2132 3035 strae
2158 2980 2444 3051 opinioni,
2477 2980 2614 3035 dum
2639 2980 2882 3036 tristitiae
2914 2997 3019 3036 vos
3038 2980 3282 3047 traditis,
3323 3004 3345 3031 ι
3381 2998 3451 3038 eo
3479 2983 3645 3054 quod

1994 3067 2270 3135 dixerim,
2302 3068 2456 3124 vado
2482 3068 2559 3124 ad
2588 3071 2815 3125 Patrem
2846 3069 2913 3141 ⁸³,
2938 3088 2969 3121 ι)
3014 3069 3061 3124 si
3099 3085 3193 3125 me
3220 3068 3562 3140 diligeretis,
3591 3075 3649 3127 et

1996 3158 2044 3213 si
2060 3174 2267 3213 revera
2292 3163 2575 3228 majorem
2605 3174 2700 3213 me
2723 3158 2950 3213 Patrem
2974 3158 3361 3224 arbitramini,
3388 3159 3646 3230 gaudere

1995 3248 2194 3320 potius
2231 3246 2538 3312 deberetis,
2568 3246 2711 3320 quia
2737 3245 2897 3303 vado
2924 3246 3002 3303 ad
3032 3247 3265 3304 Patrem
3307 3256 3511 3305 meum
3550 3254 3648 3305 me

1999 3336 2310 3408 majorem.
2347 3338 2510 3392 Hunc
2537 3337 2585 3391 si
2610 3351 2722 3406 ego
2752 3335 2923 3392 vobis
2954 3336 3268 3393 ostendere
3299 3343 3522 3394 tantum
3550 3354 3649 3395 ve-

1996 3424 2119 3490 lim,
2135 3425 2385 3481 omnino
2403 3424 2788 3481 suii‘ecturum
2812 3424 2981 3482 vobis
3008 3426 3085 3482 ad
3102 3427 3308 3483 omnia
3327 3424 3600 3483 diceretis
3628 3447 3644 3481 :

1998 3514 2169 3580 Quod
2201 3515 2247 3569 si
2278 3530 2415 3569 vero
2438 3514 2614 3587 juxta
2658 3529 2897 3570 sensum
2927 3514 3105 3572 istum
3138 3515 3438 3588 putaverit
3487 3515 3649 3588 quis-

1997 3619 2203 3677 quam,
2236 3622 2265 3656 «
2297 3606 2525 3659 Patrem
2564 3602 2787 3659 dictum
2822 3604 3111 3677 majorem
3146 3604 3306 3671 Filio,
3353 3625 3377 3657 ν
3411 3621 3448 3661 a
3488 3605 3650 3662 bona

1997 3692 2411 3748 convenientia
2428 3708 2547 3748 non
2566 3692 2844 3749 deviabit.
2861 3693 3012 3749 Nihil
3026 3708 3204 3765 porro
3220 3694 3471 3766 impedit
3493 3694 3649 3750 hanc

1997 3798 2207 3838 vocem
2247 3797 2352 3854 per
2380 3782 2864 3839 condescentiam
2894 3783 3184 3850 adhiberi,
3218 3788 3277 3839 et
3306 3783 3385 3840 ad
3414 3783 3650 3840 humili-

1998 3875 2181 3927 tatem
2210 3870 2644 3928 conformatam
2673 3877 2912 3944 propter
2958 3871 3294 3929 auditorum
3340 3872 3651 3929 inﬁrmita-

1999 3963 2136 4016 tem.
2194 3959 2491 4032 Multiplex
2519 3960 2679 4015 enim
2709 3960 3020 4033 dispositio
3069 3962 3403 4018 istiusmodi
3434 3962 3650 4019 oratio-

1999 4064 2144 4105 num
2195 4049 2460 4104 adhiberi
2500 4049 2665 4114 solet,
2717 4050 2795 4105 ad
2842 4052 3232 4106 commodum
3282 4056 3338 4106 et
3390 4051 3647 4108 salutem

1999 4152 2208 4193 eorum
2249 4138 2712 4208 procurandam,
2744 4138 2847 4209 qui
2890 4138 3161 4194 nondum
3195 4139 3344 4195 ferre
3394 4143 3648 4210 possunt

2000 4226 2510 4282 consummatiora
2542 4241 2554 4281 :
2586 4227 2670 4281 uti
2695 4225 2842 4281 illud
2885 4242 2896 4281 :
2941 4249 2963 4277 ι
3004 4227 3250 4298 Rogabo
3291 4227 3550 4297 Patrem,
3591 4226 3649 4284 e‘t

1998 4314 2183 4371 alium
2212 4314 2581 4371 Paracletum
2598 4314 2767 4371 dabit
2788 4315 2956 4372 vobis
2982 4318 3065 4383 ⁸⁴;
3093 4337 3116 4368 ι)
3143 4321 3198 4372 et
3219 4339 3241 4367 ι
3268 4315 3496 4374 Gratias
3518 4315 3643 4384 tibi,

2000 4405 2184 4471 Pater,
2210 4420 2346 4475 ago,
2369 4404 2534 4477 quod
2562 4420 2800 4476 semper
2819 4421 2914 4460 me
2931 4409 2985 4460 et
3004 4404 3226 4477 ubique
3249 4405 3467 4462 audias
3497 4406 3545 4442 ⁸⁵
3575 4423 3589 4475 ;
3617 4404 3645 4458 ἢ

1999 4500 2055 4550 et
2081 4493 2301 4550 similia
2326 4494 2515 4565 plura.
2550 4493 2663 4550 Sed
2696 4493 2854 4549 unde
2879 4493 3193 4559 constabit,
3234 4495 3402 4566 quod
3433 4494 3512 4551 ad
3541 4510 3649 4551 au-

1998 4584 2261 4640 ditorum
2314 4583 2757 4639 imbecilitatem
2817 4583 2928 4639 ista
2978 4583 3428 4639 conﬁrmantur.
3485 4585 3649 4641 Certe

1996 4672 2241 4746 quidem
2290 4674 2581 4737 Servator,
2624 4671 2760 4728 fons
2808 4671 2938 4744 jugi
2992 4672 3320 4743 sapientiae,
3354 4677 3411 4729 et
3438 4671 3649 4729 intelli-

1998 4760 2213 4833 gentia:
2240 4761 2513 4832 abyssus,
2548 4759 2753 4832 ipsum
2792 4776 2853 4816 se
2895 4760 3251 4833 explanans,
3278 4761 3339 4817 id
3369 4774 3475 4835 per
3503 4758 3650 4819 ieta-

1997 4850 2103 4907 sed
2155 4856 2400 4924 propter
2444 4849 2682 4907 turbam
2712 4850 3200 4906 circumstantem
3231 4851 3349 4908 dixi
3381 4867 3394 4907 :
3429 4850 3500 4907 Ut
3528 4848 3651 4908 cre-

289 4938 440 4994 dant
467 4938 607 5010 quia
640 4938 850 4995 misisti
881 4955 994 4995 me-
1052 4955 1083 4993 »
1135 4945 1324 5011 Atque
1349 4939 1432 4995 ita
1464 4939 1822 4996 sufﬁcienter
1849 4939 2055 5009 habes,
2092 4944 2153 4996 ut
2179 4954 2284 5011 per
2337 4938 2674 5012 epistolam,
2710 4938 3060 5012 quaestionis
3100 4956 3137 4997 a
3166 4944 3218 4997 te
3248 4941 3451 5014 positas
3483 4940 3645 4998 solu-

291 5027 539 5084 tionem.

366 5178 413 5215 ⁶¹
455 5177 707 5253 Philipp.
749 5194 810 5249 ιι,
850 5180 903 5235 7.
980 5180 1028 5214 ⁵³
1074 5178 1242 5238 toan.
1273 5194 1392 5244 xxv.
1434 5183 1489 5247 8,

1566 5182 1616 5218 ⁸³
1638 5181 1809 5249 Joan,
1838 5197 1956 5248 1m,
1989 5185 2041 5237 6.

2117 5181 2167 5216 5‘
2191 5181 2365 5238 Joan.
2390 5196 2506 5246 11v,
2545 5184 2631 5236 16.
2712 5182 2760 5218 ⁸⁸
2789 5181 2958 5239 Joan.
2986 5196 3069 5247 ιι,
3099 5184 3188 5237 42.

1640 5333 1883 5391 ἾΑΒΙΛΕ
1919 5332 2213 5391 LECTION
2220 5333 2322 5391 ES.

366 5477 400 5525 b
437 5485 498 5563 β.
554 5487 627 5563 M.
676 5490 1062 5563 τεταπείνωκεμ
1110 5492 1137 5563 ἢ
1436 5485 1579 5563 add.
1630 5489 1657 5539 6
1718 5483 2000 5563 δεσπότης.
2030 5561 2043 5563 _
2078 5482 2220 5563 δ-β.
2278 5488 2543 5563 Μηΐθϐῑθ
2593 5487 2965 5563 καθυφείς.ῌο
3008 5489 3117 5563 καί.

3217 5483 3324 5543 fC.
3358 5487 3429 5544 Μ.
3486 5505 3537 5542 τι
3563 5487 3642 5543 λί-

290 5578 403 5631 γων
441 5558 468 5609 ό
499 5562 698 5634 Σωτὴρ.
773 5571 806 5613 8
844 5560 902 5615 C.
936 5558 1012 5614 M.
1047 5561 1148 5616 152
1183 5554 1246 5615 b.
1288 5559 1522 5636 ἔστιγὰρ
1554 5560 1667 5612 ἔστι
1686 5558 1870 5618 πολλή.
1945 5557 1975 5599 h
2014 5561 2080 5627 Ω.
2128 5560 2204 5616 Μ.
2231 5565 2322 5613 καὶ
2360 5560 2391 5618 ἦ
2430 5566 2526 5620 τῆς
2562 5548 2802 5631 γνώσεως
2828 5548 3094 5619 ἄϐυσσος.
