4136 6198
512 270 617 323 607
1733 261 1970 317 ΡΗΟΤΙῙ
2012 263 2145 317 PAT

2240 262 2499 318 ARCHIE
2538 262 2644 317 CP.
3772 267 3873 322 608

581 390 908 457 QUESTIO
952 389 1129 445 XCVI.
1172 388 1373 458 [CoisL
1409 388 1636 452 CCLIX,
1687 388 1864 445 Taur.
1901 387 2083 460 CCL]
2189 389 2230 441 A
2828 408 3147 460 ΕΡΩΤΗΣῙΣ

514 497 795 566 Quomodo
825 513 941 551 non
975 502 1204 564 pugnat
1230 496 1389 549 illud
1417 512 1429 549 :
1475 515 1502 545 «
1538 497 1601 550 [η
1629 496 1799 551 domo
1826 496 2023 551 Patris
2055 510 2147 550 mei

2270 501 2383 556 Πῶς
2432 495 2489 546 ού
2546 497 2778 566 μάχεται
2834 498 2912 560 τὸ,
2983 518 3001 543 ι
3060 494 3141 546 Ἐν
3198 501 3259 565 τῇ
3318 492 3458 565 οἰκίᾳ
3520 502 3612 545 τοῦ
3680 500 3874 566 πατρὸς

582 569 911 625 mansiones
939 569 1137 621 multae
1153 573 1289 621 sunt
1321 587 1348 615 »
1377 583 1510 621 cum
1540 567 1833 638 sequenti:
1857 585 1887 618 ‹
1913 567 1980 621 Si
2004 567 2157 621 abie-

2337 586 2435 637 μου
2468 572 2619 637 μοναὶ
2667 566 2851 617 πολλαί
2896 566 3017 617 εἰσι·
3056 586 3083 616 )›
3121 570 3210 617 καὶ
3258 568 3336 630 τὸ,
3392 585 3419 615 ι(
3465 566 3582 619 Ἐἀν
3617 570 3870 638 πορευθῶ,

579 657 666 705 ro,
690 639 919 709 parabo
952 638 1110 694 vobis
1140 641 1330 693 iocum
1353 642 1380 693 ζ)
1406 659 1431 687 ››

1415 659 1431 686 ν)
2338 638 2599 708 ἑτοιμάσω
2630 639 2751 709 ὑμῖν
2789 643 2941 689 τόπον
2976 656 2989 704 ;
3027 658 3048 687 υ

644 765 796 814 Edita
826 778 859 813 a
892 762 1234 817 Montacutio,
1268 776 1350 824 ep.
1384 763 1491 820 177,
1524 763 1590 810 ad
1617 762 1821 819 Sabam,
1853 778 1903 826 p.
1934 764 2043 811 264.
2071 765 2143 811 Au
2170 776 2278 811 non
2301 763 2399 811 sibi
2432 767 2751 827 repugnent,
2794 763 2991 817 Joann.
3037 778 3139 812 XIV.
3183 764 3211 810 2
3261 766 3311 811 et
3360 763 3555 812 Joann.
3586 777 3688 820 xw,
3725 765 3754 811 3

571 881 777 947 Quoad
796 895 1057 942 sensum,
1081 894 1199 932 non
1229 883 1523 949 repugnat
1544 878 1685 933 illud
1709 878 1953 934 effatum
1992 899 2003 937 :
2042 902 2060 927 ι
2096 879 2157 932 ln

2346 879 2421 930 Ού
2464 881 2696 951 μάχεται
2743 880 2877 929 κατὰ
2908 875 3142 930 διάνοιαν
3173 881 3251 944 τὸ,
3306 900 3333 927 ‹‹
3376 879 3464 932 Ἐν
3495 886 3557 950 τῇ
3598 879 3742 951 οἰκίᾳ
3786 888 3876 932 τοῦ

511 970 696 1026 domo
728 969 906 1023 Patris
940 967 1074 1032 mei,
1109 966 1310 1021 multae
1343 973 1397 1020 ct
1432 966 1781 1039 multiplices
1814 974 1954 1023 sunt
1995 984 2144 1022 mani

2273 972 2476 1039 Πατρός
2505 987 2605 1039 μου
2657 972 2811 1039 μοναὶ
2862 967 3048 1019 πολλαί
3092 967 3242 1020 εἰσιν·
3295 967 3339 1019 εἰ
3384 963 3442 1019 δὲ
3484 972 3581 1039 μὴ,
3624 964 3767 1020 εἷπον
3816 971 3875 1019 ἄν

512 1059 707 1114 siones
742 1075 754 1112 :
801 1058 898 1113 Sin
926 1056 1145 1117 minus,
1188 1056 1505 1110 edixissem
1548 1057 1747 1126 utique
1774 1056 1957 1123 vobis,
1999 1056 2145 1111 vadc

2271 1058 2408 1128 ὑμῖν
2470 1059 2759 1129 Πορεύομαι
2836 1056 3110 1129 ἐτοίμάσαι
3162 1062 3317 1107 τόπον
3371 1056 3510 1127 ύμῖν·
3576 1077 3603 1106 ››
3655 1062 3745 1109 καὶ
3820 1061 3874 1109 τὸ

512 1153 708 1203 autem
727 1151 789 1202 ut
812 1146 1009 1200 locum
1041 1144 1204 1199 vobis
1236 1161 1522 1216 apparem
1544 1148 1611 1209 ⁵⁸,
1648 1168 1675 1194 ››
1705 1163 1839 1200 cum
1864 1145 1962 1201 illo
1994 1146 2145 1217 quod

2270 1144 2447 1217 ἐφεξῆς
2504 1145 2786 1218 εἰρημένον⁸
2850 1166 2872 1196 (ι
2938 1146 3057 1196 Ἐἀν
3118 1146 3375 1217 πορευθῶ,
3429 1144 3695 1217 ἑτοιμάσω
3753 1147 3875 1217 ύμῖν

512 1237 734 1292 dictum
766 1235 1053 1306 sequitur,
1087 1257 1112 1284 ‹‹
1151 1234 1206 1290 Si
1246 1234 1609 1305 proficiscar,
1644 1235 1955 1305 apparabo
1988 1235 2145 1290 vobis

2270 1239 2443 1287 τόπον.
2511 1255 2537 1281 ››
2582 1234 2661 1305 Τῇ
2720 1237 2808 1306 μὲν
2855 1236 2955 1304 γὰρ
3002 1239 3215 1305 προνοίᾳ
3253 1238 3342 1285 καὶ
3383 1239 3694 1308 προγνώσει,
3756 1235 3787 1291 ἡ
3836 1233 3877 1285 εἰ

510 1324 707 1380 locum
737 1325 804 1377 ⁵⁷.
840 1344 867 1375 ››
910 1322 1214 1394 Siquidem
1253 1339 1353 1393 per
1384 1324 1813 1395 providentiam
1844 1329 1896 1379 et
1942 1340 2143 1395 praeco

2272 1322 2467 1394 βούλει,
2512 1330 2573 1394 τῇ
2631 1322 2875 1374 ούσιώσει
2915 1326 3003 1373 καὶ
3144 1322 3381 1395 ὑπάρξει,
3428 1325 3628 1382 πάντως
3675 1322 3876 1374 ἅπασιν

512 1412 857 1483 gnitionem,
891 1419 992 1466 aut
1017 1411 1066 1465 si
1099 1412 1281 1479 magis
1314 1412 1525 1481 placet,
1558 1428 1658 1482 per
1687 1416 1739 1466 el
1772 1412 1974 1482 quoad
2016 1411 2145 1465 subl

2269 1412 2385 1463 ὅσοι
2438 1419 2529 1471 τῆς
2580 1411 2821 1485 οὐρανίου
2877 1408 3038 1473 δόξης
3095 1411 3252 1473 ἀξίως
3318 1410 3741 1476 ἐπολιτεύσαντο,
3808 1418 3876 1481 τῷ

510 1500 1031 1556 stantiﬁcationem
1066 1505 1121 1555 et
1152 1499 1525 1554 existentiam
1565 1499 1848 1554 omnibus
1887 1501 2143 1557 omnino.

2268 1509 2382 1570 Θεῷ
2428 1510 2525 1552 τῶν
2578 1500 2703 1551 ὅλων
2752 1502 2800 1552 οἱ
2864 1505 3013 1552 τόποι
3062 1501 3592 1572 προητοιμάσθησαν.
3652 1501 3880 1571 Ἐγκαι-

508 1590 607 1662 qui
648 1587 897 1658 dignum
931 1588 1153 1642 cmlesti
1180 1588 1367 1657 gloria
1400 1589 1531 1642 vitae
1564 1604 1687 1642 suae
1719 1604 1963 1643 cursum
1997 1588 2131 1642 insti

2267 1590 2416 1649 νίζων
2468 1586 2527 1641 δὲ
2582 1589 2791 1654 αὐτούς,
2842 1593 2931 1640 καὶ
2979 1592 3139 1661 μονάς
3189 1586 3393 1651 δεικνύς
3431 1590 3502 1649 ὡς
3545 1587 3771 1653 ἀληθῶς,
3810 1592 3879 1641 εἴ·

508 1684 762 1742 tuerunt,
798 1694 832 1732 a
870 1677 988 1731 Deo
1018 1676 1128 1731 loci
1162 1685 1294 1731 sunt
1342 1677 1674 1748 praeparati.
1720 1678 2037 1732 Consecrat
2057 1694 2141 1732 aui

2266 1697 2359 1747 περ
2413 1682 2607 1749 κυρίως
2680 1680 2857 1745 μονὰς,
2917 1678 2999 1739 αἷς
3070 1679 3119 1728 οἱ
3192 1681 3421 1749 μένοντες
3494 1675 3878 1737 ἐναυλίζονταιι

508 1773 629 1824 tem
652 1772 707 1822 et
735 1766 1076 1821 mansiones
1105 1781 1311 1821 revera
1344 1766 1572 1835 statuit,
1607 1765 1651 1818 si
1686 1765 1869 1821 modo
1898 1765 2155 1820 mansio-
2192 1731 2232 1785 Β

507 1873 612 1912 nes
627 1856 862 1927 proprie
893 1858 1052 1916 sunt,
1082 1852 1373 1925 inquibus
1398 1854 1769 1919 recumbunt,
1791 1855 1889 1925 qui
1915 1871 2128 1910 manen

2266 1861 2360 1915 τῆς
2402 1853 2472 1915 εἰς
2506 1850 2640 1923 ᾅδου
2689 1850 2942 1918 καθόδου,
2988 1859 3077 1906 καὶ
3125 1861 3221 1915 τῆς
3270 1854 3341 1916 εἰς
3389 1855 3634 1927 οὐρανούς
3682 1850 3879 1906 ἀνόδου

506 1945 587 2001 ibi
621 1964 633 2001 :
668 1944 866 2000 nullus
913 1943 1072 1998 enim
1124 1944 1371 1997 omnino
1421 1960 1609 2015 usque
1663 1943 1736 1999 ad
1771 1942 2062 1999 Christum
2098 1945 2135 1998 ir

2267 1951 2358 1994 τοῦ
2399 1946 2679 2008 Δεσποτου,
2722 1938 3049 2013 ἐπιδέδειχεν
3082 1942 3115 1999 ί.
3151 1942 3302 2003 αύτος
3331 1939 3389 1994 δὲ
3428 1944 3563 1994 κατά
3590 1950 3681 1994 τοῦ
3711 1961 3880 2017 προσ-

506 2050 678 2090 cruce
712 2049 981 2105 passum,
1022 2037 1079 2088 et
1112 2032 1465 2087 descensum
1523 2032 1582 2086 in
1625 2030 1943 2097 infernum,
1995 2048 2064 2087 ac
2098 2032 2139 2086 ir

2267 2034 2537 2103 λήμματος
2605 2031 2675 2090 εἰς
2748 2031 2996 2103 οὐρανούς
3065 2030 3273 2099 ἀναϐὰς,
3341 2036 3431 2084 καὶ
3481 2050 3511 2084 ‹
3575 2036 3879 2104 πρόσφατον

507 2123 687 2180 caelos
713 2121 968 2178 reditum
1000 2121 1224 2176 ibidem
1252 2125 1559 2190 susceptus
1582 2120 2022 2192 requiescebat:
2054 2138 2140 2175 sec

2270 2123 2394 2192 ἡμῖν
2426 2118 2568 2189 ὁδὸν,
2621 2126 2711 2173 καὶ
2743 2121 2939 2191 ζῶσαν,
2985 2140 3014 2174 ν
3059 2123 3193 2172 κατὰ
3235 2124 3321 2172 τὸν
3351 2123 3605 2192 μακάριον
3649 2121 3875 2187 Παῦλον,

504 2217 825 2285 postquam
847 2211 905 2265 in
936 2226 1110 2265 carne
1140 2209 1570 2277 assumebatur,
1603 2208 1928 2264 ascendens
1960 2225 2019 2264 1n
2048 2226 2136 2265 cm

2271 2208 2705 2281 ἐγκαινισάμενος,
2766 2210 3089 2281 ἐτοιμοτέρας
3144 2217 3213 2279 τῷ
3263 2214 3391 2275 ὄντι,
3445 2214 3534 2261 καὶ
3587 2216 3880 2281 μονονουχὶ

502 2302 613 2367 los,
645 2318 765 2373 quo
798 2319 827 2354 ι
873 2301 1033 2355 viam
1077 2300 1249 2354 nobis
1301 2314 1539 2363 novam,
1573 2303 1629 2354 et
1672 2300 1893 2365 vivam,
1930 2321 1955 2347 ›ι
1998 2299 2135 2369 juxta

2273 2296 2587 2370 βλεπομένας
2640 2305 2749 2360 τοῖς
2808 2297 2974 2361 ἀξίοις
3028 2301 3120 2359 τάς
3173 2297 3337 2350 ἐκεῖσε
3393 2301 3547 2370 μονὰς
3625 2296 3880 2373 ἀπειργά-

506 2391 666 2461 quod
688 2390 868 2446 habet
887 2389 1097 2444 beatus
1132 2387 1367 2452 Paulus,
1401 2393 1793 2450 consecrarat,
1824 2389 2136 2459 apparatio

2276 2406 2422 2439 σατο.
2466 2386 2624 2439 Ὠστε
2670 2392 2758 2440 καὶ
2806 2390 2949 2459 παρά
2981 2395 3051 2457 τῷ
3094 2392 3260 2461 Πατρὶ
3289 2389 3343 2439 αἱ
3382 2392 3555 2459 μοναὶ,
3588 2390 3732 2439 καὶὸ
3763 2391 3880 2449 Υἱὸς

503 2495 599 2533 res
628 2478 931 2548 deinceps,
979 2482 1034 2531 et
1065 2481 1295 2531 tantum
1325 2491 1447 2530 non
1478 2474 1590 2529 sub
1638 2475 1824 2529 oculis
1862 2476 2136 2545 exposita

1499 2474 1590 2529 Illb
1638 2475 1824 2529 oculis
1862 2476 2160 2545 expositas
2272 2479 2466 2537 ταύτας
2496 2478 2763 2550 πορευθεὶς
2784 2479 3132 2549 ἡτοιμάσατο.

504 2566 739 2622 illorum
788 2565 890 2635 qui
942 2564 1104 2636 digni
1140 2569 1327 2629 erant,
1361 2579 1567 2618 revera
1605 2564 1846 2634 perfecit
1880 2564 2231 2618 mansiones.
2288 2565 2492 2637 Itaque
2539 2565 2702 2636 apud
2742 2565 2974 2620 Patrem
3026 2563 3374 2620 mansiones
3423 2563 3517 2619 ille
3571 2570 3770 2627 erant,
3824 2570 3881 2620 et

509 2656 683 2712 Filius
709 2671 809 2710 eas
841 2654 1128 2726 perfectas
1158 2670 1228 2709 eo
1258 2654 1558 2725 profectus
1592 2653 1935 2724 apparavit.

2267 1762 2437 1827 οὐδεὶς
2491 1760 2749 1836 οὐδαμοῦ,
2796 1769 2961 1838 μέχρι
3014 1772 3105 1816 τοῦ
3161 1770 3423 1839 σωτηρίου
3476 1773 3730 1839 σταυροῦ,
3789 1769 3880 1817 καὶ

578 2771 899 2838 QU/ESTIU
939 2770 1117 2826 xcvn
1160 2768 1365 2841 [CoisL
1398 2770 1602 2835 CCLX,
1676 2771 1858 2835 Taur,
1888 2770 2082 2840 cum]
2192 2826 2232 2883 Ο
2837 2777 3149 2824 armum:
3187 2755 3297 2831 52'.

508 2878 625 2934 Cur
654 2879 1055 2948 apostolorum
1084 2876 1361 2946 princeps
1392 2876 1600 2931 incidit
1633 2876 1696 2931 in
1736 2877 2102 2947 negationem
2132 2881 2141 2930 1

2270 2879 2364 2929 Διά
2436 2881 2488 2928 τί
2562 2878 2586 2928 ὁ
2661 2885 2964 2961 κορυφαῖος,
3011 2886 3107 2930 τῶν
3185 2875 3483 2930 ἀποστόλων
3573 2881 3878 2950 περιπίπτει

2942 2968 3067 3023 αρνη
3077 2968 3155 3001 σει
3182 2967 3194 3016 ;

505 3061 663 3113 Edita
714 3075 747 3112 a
779 3062 1128 3119 Montacatio,
1161 3075 1242 3125 ep.
1277 3063 1384 3110 178.
1434 3062 1503 3112 ad
1552 3061 1797 3126 Amphil.,
1830 3076 1883 3125 p.
1953 3062 2181 3172 ἴδες-267ἰ
2232 3061 2315 3173 135%
2338 3062 2507 3173 612eer
2588 3063 2873 3112 Dominum
2924 3066 3175 3127 negante.
3230 3063 3417 3113 Mattn.
3482 3076 3621 3115 XXVI.
3682 3063 3877 3119 69-75;

2004 3138 2067 3173 uc
2096 3139 2159 3173 xx
2188 3138 2225 3173 ι.
2318 3153 2334 3160 -
2404 3162 2415 3173 .

2004 3138 2067 3173 uc
2096 3138 2225 3183 ειη,
2255 3138 2415 3175 oa-bt.

576 3240 747 3305 Quod
790 3241 1039 3296 volebas
1094 3240 1454 3296 sciscitando
1500 3240 1745 3303 discere,
1787 3243 1951 3310 potes
2006 3238 2151 3294 illud

2332 3239 2492 3313 Ὅπερ
2547 3243 2728 3313 μαθεῖν
2786 3240 3151 3315 ἐπηρώτησας,
3218 3241 3389 3304 ἔξεστί
3452 3260 3556 3305 σοι,
3624 3242 3765 3292 κατά
3818 3252 3877 3311 γε

504 3331 565 3385 in
594 3334 884 3399 quantum
926 3328 1142 3399 patitur
1177 3327 1485 3398 disciplina
1516 3328 1871 3398 epistolaris,
1907 3327 2137 3382 auribus

2264 3326 2615 3382 διδασκαλίαν
2720 3329 3015 3395 ἐπιστολῆς,
3118 3329 3471 3390 ἐνωτίζεσθαι.
3554 3326 3874 3402 Ἐπειδήπερ

502 3418 769 3489 accipere
838 3433 849 3471 :
919 3417 1425 3488 Quandoquidem
1491 3420 1693 3471 Petrus
1759 3416 2135 3471 universalen

2262 3417 2457 3489 ἔμελλεν
2520 3421 2545 3470 ὁ
2623 3422 2806 3491 Πέτρος
2857 3428 2952 3479 τῆς
3006 3418 3307 3490 οἰκουμένης
3381 3426 3475 3475 τῆν
3541 3423 3874 3490 προστασίαν

502 3507 679 3562 totius
724 3506 931 3561 mundi
981 3522 1188 3560 curam
1241 3510 1361 3560 erat
1421 3510 1807 3575 suscepturus
1857 3504 2129 3559 commiss

2260 3510 2757 3572 καταπιστεύεσθαι,
2855 3514 3214 3581 συγχωρεῖται
3302 3509 3701 3579 περιενεχθῆναι
3801 3514 3873 3576 τῷ

499 3594 687 3667 ipsius
740 3592 1024 3649 ﬁdelitati.
1060 3593 1278 3647 idcirco
1310 3593 1754 3659 permittebatur
1817 3592 1991 3663 lapsu
2046 3592 2128 3647 cir

2261 3603 2522 3668 πτωματι·
2597 3598 2677 3648 ἶνα
2726 3604 2797 3666 τῷ
2869 3598 2985 3649 καθ’
3044 3596 3224 3648 ἑαυτὸν
3286 3592 3638 3667 ὑποδείγματι
3695 3595 3873 3666 φιλάν-

502 3682 743 3751 cumagi
777 3700 790 3749 ;
819 3699 933 3753 quo
964 3697 1076 3737 suo
1108 3682 1621 3737 commonefactus
1654 3682 1843 3752 ipsius
1874 3682 2135 3753 exemplc

2265 3687 2461 3759 θρωπος
2517 3685 2593 3743 εἰη
2647 3690 2735 3736 καὶ
2790 3684 3021 3747 ἐπιεικὴς
3074 3692 3177 3746 τοῖς
3242 3692 3581 3757 μετανοοῦσιν
3645 3683 3718 3755 ἐφ’
3796 3685 3874 3746 οἷς

500 3773 826 3829 humanum
853 3787 915 3826 se
945 3777 1000 3827 et
1021 3771 1257 3827 facilem
1278 3786 1419 3840 erga
1438 3770 1640 3843 lapsos
1670 3772 1773 3826 sed
1800 3772 2133 3843 pcenitentes

2263 3777 2512 3846 ἥμαρτον.
2566 3774 2625 3827 Εἰ
2675 3777 2772 3847 γὰρ
2825 3779 2914 3825 καὶ
2962 3777 3221 3833 τοσαύτης
3278 3772 3577 3833 ἀπολαύσας
3634 3778 3873 3844 συγγνώ·

503 3861 698 3916 ferret.
736 3861 789 3917 Si
824 3861 978 3915 enim
1031 3860 1206 3915 talem
1255 3860 1314 3914 in
1346 3860 1519 3930 lapsu
1564 3861 1659 3914 illo
1712 3860 1875 3927 gravi
1917 3860 2136 3914 veniau:

2261 3883 2365 3934 μης
2436 3862 2521 3915 ἐπὶ
2580 3862 2869 3933 τηλικούτῳ
2938 3866 3251 3931 πταίσματι,
3338 3861 3471 3933 ὅμως
3544 3865 3667 3921 τοὺς
3751 3866 3870 3937 περὶ

500 3954 857 4006 consecutus
895 3954 984 4003 est
1034 3954 1087 4004 et
1127 3949 1576 4018 indulgentiam,
1620 3965 1740 4003 non
1782 3949 1989 4003 debuit
2030 3955 2133 4004 tan

2263 3950 2498 4003 Ἀνανίαν
2528 3948 2864 4022 ἀδυσωπήτῳ
2894 3956 2982 4002 καὶ
3009 3950 3149 4022 ὀξείᾳ
3192 3947 3316 4024 δίκη
3361 3958 3452 4003 τοῦ
3486 3949 3609 4023 βίου
3638 3949 3863 4025 ἐθέρισε·

502 4038 891 4107 inexorabilii,
916 4043 968 4093 et
995 4053 1375 4109 praepropera
1390 4039 1682 4093 sententia
1710 4037 1889 4093 vitam
1907 4037 2135 4092 Anania

2260 4045 2339 4101 τίς
2389 4042 2449 4090 ἄν
2480 4040 2638 4091 αὐτοῦ
2678 4045 2872 4111 κόσμος
2905 4043 2989 4092 τὸν
3031 4040 3184 4099 ζῆλον
3234 4038 3525 4114 ἐχώρησεν,
3558 4040 3600 4092 εἰ
3647 4047 3743 4091 τοῦ
3787 4047 3872 4092 Δε-

500 4127 673 4200 quasi
697 4126 842 4182 falce
873 4127 1164 4181 demetere
1199 4144 1211 4181 :
1256 4129 1319 4180 Et
1349 4125 1485 4198 quis
1532 4132 1686 4181 totus
1721 4127 1977 4180 mundus
2022 4127 2133 4195 ejus

2265 4135 2516 4179 σποτικοῦ
2567 4130 2790 4181 ποθουτὸ
2841 4128 3049 4202 φίλτρον
3095 4126 3354 4186 ἀλώϐητον
3418 4128 3542 4187 ὅλως
3590 4124 3685 4179 διά
3746 4126 3871 4200 βίου

500 4218 692 4272 zelum
748 4217 1094 4282 contineret,
1140 4215 1183 4269 si
1231 4231 1498 4270 amorem
1551 4231 1693 4284 erga
1754 4216 2062 4269 Dominum
2097 4232 2126 4270 e

2260 4218 2487 4287 καθαρὸν
2562 4213 2855 4269 διεσώσατο
2888 4234 2902 4283 ;
2936 4217 3137 4268 Ούκοῦν
3210 4218 3235 4268 ὁ
3298 4219 3465 4276 κοινὸς
3539 4221 3719 4287 Σωτὴρ
3782 4222 3870 4268 καὶ

503 4306 781 4362 affectum
834 4306 1147 4370 illibatum,
1199 4320 1308 4359 nec
1359 4305 1699 4359 intercisum
1751 4305 2136 4359 retinuisset?

2262 4310 2397 4368 Θεὸς,
2435 4304 2623 4376 ἀφίησι
2676 4309 2760 4357 τὸν
2820 4308 2905 4357 ἕνα
2954 4313 3147 4371 πεσεῖν,
3209 4312 3290 4356 ἱνα
3339 4304 3546 4365 πολλοῖς
3577 4301 3653 4357 δι’
3703 4306 3871 4357 αὐτοῦ

504 4394 929 4461 Quamobrem,
961 4394 1301 4449 communis
1324 4394 1733 4464 omnium,qui
1757 4398 1921 4448 estet
1956 4394 2137 4448 Domi‘

2260 4398 2346 4455 τάς
2393 4403 2486 4455 τῆς
2539 4397 2861 4465 συμπαθείας
2915 4398 3105 4465 πηγὰς,
3154 4399 3244 4446 καὶ
3302 4402 3393 4446 τοῦ
3452 4393 3587 4446 ἐλέου
3647 4392 3872 4446 ἀναϐλύι

502 4499 615 4539 nus
647 4488 701 4539 et
730 4483 1002 4539 Servator
1059 4482 1339 4554 permittit
1383 4482 1551 4537 illum
1596 4482 1786 4538 solum
1822 4483 2050 4549 cadere,
2093 4500 2126 4536 ιι

2264 4488 2383 4549 ζων,
2444 4483 2773 4558 ἀπαρύεσθαι
2823 4492 2919 4545 τῆς
2961 4484 3341 4558 φιλανθρωπίας
3390 4486 3448 4535 τό
3488 4483 3711 4553 πέλαγος
3765 4483 3871 4535 ἐπι.

504 4573 589 4628 sic
618 4589 723 4646 per
748 4574 912 4628 illum
933 4572 1204 4645 pluribus
1224 4572 1656 4643 compassionis
1684 4572 1875 4627 fontes
1897 4575 1954 4625 et
1980 4572 2137 4627 mise‘

2264 4571 2407 4646 δείξῃ
2466 4572 2847 4635 ἀνεξάντλητον·
2900 4576 2974 4625 ἔτι
3025 4570 3102 4636 δὲ,
3157 4578 3246 4625 καὶ
3313 4574 3394 4624 ἵνα
3447 4574 3471 4623 ὁ
3520 4574 3766 4635 μαθητὴς
3808 4576 3874 4625 τὰ

500 4662 770 4720 ricordim
820 4664 1094 4717 amittens
1129 4661 1384 4731 doceret,
1421 4667 1708 4733 tanquam
1752 4662 1825 4717 de
1851 4663 2133 4717 immenst

2262 4664 2387 4735 ὑπὲρ
2437 4664 2703 4733 ἄνθρωπον
2772 4662 3161 4736 τιλεσιουργῶν,
3220 4661 3286 4722 εἰς
3352 4666 3443 4719 τὴν
3496 4662 3686 4713 ἄνωθεν
3750 4665 3869 4733 ἔχοι

502 4767 729 4808 oceano
756 4751 1173 4805 inexhaustam
1202 4749 1852 4805 haurirentbonitatem
1877 4768 1887 4804 :
1911 4751 2135 4805 deinde

2261 4754 2423 4824 χάριν
2467 4750 2728 4824 ἀναφέρειν
2770 4750 2979 4823 μᾶλλον,
3022 4755 3053 4809 ἦ
3104 4758 3176 4821 τῷ
3222 4749 3478 4821 ἀνευθύνῳ
3526 4757 3615 4801 τοῦ
3670 4750 3873 4804 οἰκείου

502 4845 566 4895 ut
590 4838 916 4911 discipulus
941 4838 1052 4905 ille,
1073 4838 1174 4910 qui
1207 4837 1360 4893 vires
1388 4838 1687 4893 humanas
1720 4839 2001 4910 operibus
2027 4839 2135 4894 sui:

2263 4839 2384 4911 βίου
2434 4839 2728 4915 ἐπιγράφειν
2767 4848 2867 4891 τῶν
2919 4841 3333 4914 κατορθωμάτων
3386 4842 3443 4891 τὸ
3496 4842 3681 4891 αἴτιον.
3743 4839 3874 4903 Ὀξὺ

504 4927 967 4993 transcenderet,
997 4926 1055 4981 in
1087 4926 1341 4982 divinam
1368 4927 1440 4982 de
1470 4928 1745 4999 supernis
1779 4928 1973 4998 potius
2016 4943 2137 4998 gra-

2259 4932 2359 5003 ’γὰρ
2418 4931 2813 5002 θαυματουργία
2866 4929 2933 4989 εἰς
2991 4933 3141 4999 ὄγκον
3194 4933 3283 4980 καὶ
3338 4932 3578 5001 φύσημα,
3634 4936 3707 4997 τῷ
3780 4936 3875 4981 τοῦ

504 5018 648 5073 tiam
693 5016 1029 5088 respiceret,
1086 5032 1273 5088 quam
1324 5021 1386 5071 ut
1434 5017 1687 5085 gratiam
1733 5017 1999 5072 collatam
2040 5017 2137 5072 sib

2264 5013 2557 5077 συνειδότος
2595 5025 2815 5087 ταπεινῷ
2865 5022 2935 5089 μὴ
2968 5016 3312 5089 καθελκομένη
3358 5020 3489 5088 πρὸς
3527 5020 3585 5068 τὸ
3631 5021 3871 5089 μέτριον.

503 5104 634 5161 ideo
660 5109 980 5177 reputaret,
1008 5104 1169 5177 quod
1195 5107 1313 5160 vita
1343 5109 1497 5159 esset
1528 5103 1927 5175 inculpabilis.
1959 5108 2136 5161 Patra-

2262 5111 2359 5159 Λιὸ
2398 5111 2488 5158 καὶ
2528 5108 2553 5157 ὁ
2594 5111 2768 5181 Σωτήρ
2813 5126 2963 5178 φησι,
3010 5126 3039 5157 ιι
3078 5108 3160 5163 Μὴ
3202 5110 3416 5180 χαίρετε
3447 5105 3527 5156 ὃτι
3568 5107 3635 5156 τὰ
3678 5101 3878 5179 δαιμό-

503 5194 577 5250 tio
609 5192 770 5249 enim
812 5193 1231 5249 miraculorum
1270 5193 1348 5250 ad
1392 5196 1690 5250 tumorem
1736 5192 1902 5249 ocius
1933 5198 1989 5249 et
2029 5193 2136 5251 ela-

2260 5198 2344 5248 νιά
2407 5197 2766 5249 ὑποτάσσεται
2815 5197 2956 5269 ὑμῖν,
3009 5193 3113 5247 ἀλλ’
3170 5194 3250 5246 ὁιι
3316 5196 3382 5247 τά
3438 5193 3666 5267 ὀνόματα
3725 5197 3875 5268 ὑμῶν

581 5320 630 5355 ⁸⁶
661 5320 831 5376 Joan.
867 5334 985 5384 11v,
1018 5323 1069 5375 2.
1147 5318 1194 5354 ⁵⁷
1235 5317 1361 5375 ibid
1390 5360 1404 5374 .
1446 5322 1497 5374 3.

1844 5417 2082 5475 νΑΒΙιλΕ
2123 5418 2527 5477 LECTIONES.

578 5554 639 5610 C.
675 5552 831 5610 M011.
866 5555 961 5607 551
1006 5549 1048 5605 f.
1084 5551 1182 5606 153
1212 5566 1248 5607 a
1276 5549 1418 5622 legit
1456 5547 1827 5605 ἐπιδέδεικται.
