4136 6198
261 254 370 310 609

258 379 459 454 ἐγράφη
511 379 557 432 έν
614 386 722 442 τοῖς
769 381 1020 449 οὐρανοῖς.
1081 389 1200 454 Καὶ,
1258 384 1434 437 πολλοὶ
1487 385 1666 458 έροῡσί
1702 403 1790 456 μοι
1821 383 1870 436 ἐν
1904 384 1950 436 Α

260 467 425 540 ἐκείνη
469 477 530 540 τῇ
588 471 778 542 ἡμέρᾳ,
835 471 908 522 Ού
952 481 1024 542 τῷ
1071 481 1146 542 σῷ
1200 473 1414 545 ὀνόματι
1463 471 1709 544 δυνάμεις
1750 473 1869 525 πολ-

260 556 350 617 λάς
403 557 724 631 ἐποιήσαμεν
755 577 767 625 ;
800 564 890 612 καὶ
942 559 1041 632 ἐρῶ
1097 561 1290 624 αὐτοῖς,
1339 563 1448 614 Οὐκ
1479 560 1601 615 οἶδα
1653 565 1804 634 ὑμᾶς.
1841 584 1866 611 ››

260 653 359 698 Δια
405 654 560 698 τοῦτο
609 652 697 698 καὶ
748 647 950 709 Παῦλος
1004 659 1312 722 πειρασμοῖς
1349 657 1461 702 τισι
1505 651 1737 704 παλαίειν
1779 651 1872 722 ἀφ-

260 731 414 801 ίεται,
459 755 482 784 α
520 736 602 785 ἵνα
660 740 754 806 μή,
811 738 880 797 ὡς
937 737 1092 800 αὐτός
1153 757 1332 809 φησιν,
1387 741 1730 812 ύπεραίρηται
1780 747 1866 790 καὶ

257 831 360 873 τῶν
409 822 782 894 ἀποκαλύψεων
830 826 861 881 ἡ
909 825 1190 899 ὑπερϐολή,
1234 849 1260 875 ››
1299 831 1363 879 τά
1409 831 1549 886 πάθη
1600 826 1872 900 παιδαγω⁸

257 915 355 982 γόν
406 913 743 986 ἐπιφέρουσα,
807 915 1188 986 περιστέλλοιτό
1245 936 1299 968 τε
1365 923 1454 968 xui
1529 914 1868 970 διακόπτοιτο

257 1004 326 1052 τά
380 1007 733 1076 σκιρτήματα,
807 1004 886 1064 οἷς
947 1006 976 1061 η
1048 1003 1342 1079 ἀνθρωπίνη
1403 1009 1556 1077 φύσις
1607 1005 1870 1080 ἐκφέρεται

258 1095 389 1163 πρὸς
416 1096 692 1162 φυσίωσιν.
728 1091 786 1144 Εἰ
830 1091 1009 1164 βούλει
1039 1089 1116 1157 δὲ,
1164 1099 1250 1145 καὶ
1295 1096 1377 1146 ῖνα
1422 1098 1552 1167 μετά
1578 1104 1742 1148 ταῦτα
1778 1100 1871 1157 τὰς

261 1179 483 1252 φοϐερὰς
534 1179 726 1242 ἐκείνας
775 1179 1005 1245 ἀπειλὰς,
1038 1187 1126 1233 καὶ
1177 1187 1297 1244 τούς
1327 1188 1544 1256 πικρούς
1577 1181 1865 1256 διωγμοὺς,

259 1275 350 1320 καὶ
401 1274 494 1330 τάς
548 1276 735 1344 μυρίας
785 1274 988 1342 σφαγὰς
1045 1271 1093 1322 ἐν
1143 1271 1406 1344 ἀκλονήτῳ
1455 1277 1616 1347 φέρων
1654 1275 1680 1324 ό
1712 1294 1866 1348 κορυ-

260 1367 416 1430 φοιίος
461 1365 550 1411 καὶ
599 1358 865 1431 ἀσαλεύτῳ
919 1369 988 1431 τῷ
1042 1367 1349 1434 φρονήματι,
1409 1362 1477 1423 εἰς
1539 1364 1714 1434 θαῦμα
1773 1371 1868 1424 τῆς

259 1455 580 1508 Δεσποτικῆς
608 1454 923 1521 συμμαχίας
949 1450 1320 1524 προσκαλεῖται
1350 1455 1471 1513 τούς
1508 1451 1817 1512 κολάζοντας
1852 1470 1862 1480 ·

260 1539 615 1611 καθορῶντας,
666 1541 752 1588 τόν
805 1540 904 1590 ύπό
941 1547 1106 1610 φωνῆς
1149 1537 1440 1600 παιδίσκης
1487 1546 1866 1603 καταπεσόντα,

260 1627 428 1688 οὕτως
491 1625 732 1683 ἀκίνητον
789 1630 920 1699 πρὸς
969 1637 1200 1680 τοσαῦτα
1238 1631 1378 1686 πάθη
1433 1632 1808 1700 καθιστάμενον
1853 1647 1865 1659 ο

259 1714 501 1787 μεθελκοι
549 1735 602 1767 τε
643 1722 732 1767 xui
783 1713 876 1768 διὰ
917 1719 1100 1769 τούτου
1141 1721 1266 1792 πρὸς
1319 1723 1376 1770 τὸ
1427 1724 1561 1790 μέγα
1590 1727 1682 1781 τῆς
1729 1719 1870 1771 εύσε-
1905 1731 1949 1785 Β

260 1803 403 1864 ϐείας
445 1809 736 1878 μυστήριον
782 1801 1076 1866 Ἰουδαϊκῆς
1136 1812 1501 1868 ταπεινότητος
1556 1809 1596 1862 .i.
1642 1813 1741 1861 Καὶ
1793 1814 1868 1860 τέ-

261 1911 473 1961 ταρτον,
525 1896 699 1964 ἔμοιγε
744 1891 890 1946 δοκεῖ
935 1893 1168 1968 λαμπρόν
1217 1901 1307 1948 καὶ
1347 1901 1480 1968 μέγα
1511 1897 1870 1968 ψυχαγωγίας

259 1979 629 2053 παράδειγμα.
696 1983 762 2034 Τί
812 1990 905 2035 τοῦ
986 1989 1271 2056 κορυφαίου
1350 1985 1701 2059 λαμπρότερον
1758 1994 1869 2046 ταῖς

261 2074 442 2122 ἔπειτα
478 2078 692 2140 γενεαῖς,
725 2069 890 2124 timid"
937 2073 998 2124 οἶν
1057 2093 1133 2133 τις
1191 2073 1540 2136 ἐξασθενήσας
1581 2073 1707 2145 ἀλῷ,
1739 2080 1868 2149 πρός

261 2164 331 2211 τά
375 2160 536 2212 τελεία
589 2159 957 2218 ἀναστηλῶσαι
1011 2161 1358 2234 βουλόμενος;
1398 2165 1457 2217 Εἰ
1481 2167 1582 2238 γάρ
1634 2174 1733 2216 τῶν
1771 2185 1868 2236 μα-

261 2252 436 2306 θητῶν
486 2251 511 2300 ό
554 2258 829 2323 κορυφαῖος
905 2253 1036 2322 μετὰ
1110 2251 1421 2312 τηλικαύτας
1485 2249 1747 2325 δυνάμεις,
1801 2254 1868 2304 ὧν

259 2341 358 2398 τάς
412 2341 501 2409 μὲν
548 2335 678 2401 ἴδεν,
725 2341 819 2400 τάς
883 2336 942 2392 δὲ
999 2345 1087 2392 καὶ
1136 2339 1331 2393 ἐτέλεσε
1365 2357 1376 2368 ⁸
1423 2345 1554 2413 μετά
1609 2345 1868 2398 τοσαύτην

261 2423 619 2479 διδασκαλίαν
648 2445 661 2456 ·
693 2427 804 2499 μεθ’
845 2429 980 2480 οὕτω
1026 2428 1218 2487 πολλήν
1258 2435 1348 2482 xui
1394 2433 1634 2489 ποικίλην
1670 2440 1759 2484 τοῦ
1788 2440 1868 2484 Δι-

262 2513 536 2569 δασκάλου
589 2525 789 2591 πεῖραν,
835 2522 950 2589 τρὶς
1010 2517 1387 2591 ἀρνησάμενος,
1443 2518 1536 2572 διὰ
1593 2526 1868 2592 μετανοίας

259 2609 403 2678 ὅμως
455 2611 543 2657 xui
603 2607 798 2678 θερμῶν
852 2604 1112 2679 δακρύων,
1169 2609 1226 2659 ού
1285 2612 1344 2661 τὸ
1393 2609 1680 2682 ἁμάρτημα
1716 2615 1866 2681 μόνον

259 2694 534 2767 ἐκάθηρεν,
566 2692 693 2746 ἀλλά
727 2698 852 2767 πρὸς
908 2699 966 2747 τό
1020 2695 1146 2747 αὐτὸ
1199 2705 1294 2758 τῆς
1339 2697 1626 2758 ἀποστολῆς
1666 2697 1870 2767 ἀξίωμα

259 2783 641 2854 έπανέστρεψεν
689 2804 700 2816 ·
740 2783 798 2835 ού
856 2789 965 2857 χρὴ
1029 2785 1278 2858 ῥᾳθυμεῖν
1345 2785 1430 2858 ἐμὲ
1494 2791 1583 2838 καὶ
1647 2793 1869 2838 καταπί-

259 2891 430 2934 πτειν,
485 2871 537 2934 ἐξ
592 2870 853 2932 ἀσθενείας
909 2872 1268 2926 ὀλισθαίνοντα
1299 2892 1311 2904 ⁸
1356 2874 1483 2926 ἀλλά
1542 2877 1724 2927 θᾶττον
1782 2878 1868 2926 άν-

261 2962 519 3012 ίστασθαι
576 2963 706 3032 πρός
757 2963 1049 3032 μετάνοιαν,
1102 2968 1191 3014 xui
1240 2966 1325 3014 τόν
1378 2963 1594 3015 πλοῦτον
1647 2973 1737 3024 τῆς
1786 2973 1868 3016 Δε-

262 3057 520 3112 σποτικῆς
568 3056 941 3121 χρηστότητος
1014 3051 1302 3115 ἐννοοῦντα,
1358 3052 1468 3104 ὅλον
1518 3053 1696 3106 ἑαυτὸν
1741 3055 1769 3096 II
1818 3053 1865 3104 ἐν
1902 3080 1943 3136 C

261 3147 568 3212 συντριμμῷ
617 3137 836 3211 καρδίας
887 3138 1180 3193 ἀνατιθέναι
1230 3149 1301 3210 τῷ
1354 3144 1446 3202 τὰς
1489 3149 1670 3202 νόσους
1721 3144 1865 3214 ἡμῶν

259 3231 354 3278 και
397 3231 489 3284 τάς
532 3226 799 3290 ἀσθενείας
848 3226 1204 3300 βαστάσαντι.
1260 3232 1355 3282 Διά
1410 3239 1576 3282 ταῦτα
1633 3227 1740 3296 οὖν,
1797 3229 1866 3283 οἷ-

259 3335 381 3387 μαι,
433 3321 521 3368 καὶ
572 3320 636 3368 τά
692 3324 930 3381 τοιαῦτα,
965 3321 1153 3392 Πέτρος
1199 3318 1385 3370 ἁλῶναι
1418 3323 1762 3394 συνεχωρήθη
1796 3330 1867 3391 τῷ

262 3403 606 3477 ἁμαρτήματι
639 3425 652 3437 ·
688 3405 795 3457 ἀλλ’
845 3407 950 3478 ούχ
997 3409 1076 3458 ὅτι
1125 3415 1426 3478 προανείπεν
1457 3413 1550 3466 τήν
1581 3411 1800 3481 ἄρνησιν
1843 3412 1866 3461 ό

261 3489 612 3558 Διδάσκαλος,
647 3495 844 3568 ἀνάγκη
902 3502 1004 3548 τινὶ
1063 3505 1156 3557 τῆς
1213 3504 1544 3570 προγνώσεως
1592 3497 1864 3561 ἱξεϐιάσθη

260 3587 390 3656 πρὸς
439 3587 496 3635 τὸ
556 3583 822 3643 ἀθέλητον.
885 3585 1024 3638 Ἐπεὶ
1081 3587 1214 3638 οὕτω
1269 3606 1328 3657 γε
1388 3589 1592 3659 φθάνοις
1646 3587 1704 3638 ἆν
1770 3598 1868 3639 τῶν

263 3673 468 3744 φαύλων
526 3673 759 3746 πράξεων
815 3674 1030 3726 ἁπασῶν
1082 3679 1176 3733 τήν
1243 3676 1432 3740 αἰτίαν,
1498 3677 1566 3738 εἰς
1620 3682 1712 3735 τήν
1774 3687 1869 3728 τῶν

263 3762 472 3832 ἀγαθῶν
524 3768 700 3833 πηγήν
759 3763 1020 3838 ἀναφέρων
1064 3781 1076 3794 ·
1127 3773 1338 3836 προεῖπε
1393 3769 1492 3839 γὰρ
1548 3771 1636 3817 καὶ
1695 3763 1872 3837 Ἰούδᾳ

261 3857 351 3907 τὴν
408 3848 699 3926 προδοσίαν
743 3874 756 3886 ·
805 3849 1076 3906 Ἰουδαίων
1125 3858 1218 3912 τήν
1261 3861 1558 3926 μιαιφονίαν
1612 3875 1623 3886 ·
1661 3862 1744 3907 ναὶ
1801 3852 1867 3913 δή

262 3940 359 3992 κᾶν
419 3947 490 4012 μή
533 3950 792 4015 προεῖπεν,
850 3940 975 3994 ἀλλά
1030 3963 1086 4014 γε
1147 3940 1370 4018 προῄδει
1426 3946 1644 4013 πάντως,
1696 3948 1869 4016 ὅτιπερ

265 4040 366 4090 τῆς
415 4026 664 4092 δοθείσης
712 4029 918 4093 ἐντολῆς
969 4033 994 4082 ό
1027 4041 1225 4106 πρῶτος
1273 4033 1559 4104 ἄνθρωπος,
1625 4032 1734 4084 ἀντὶ
1781 4041 1875 4094 τῆς

265 4117 501 4189 φυλακῆς
596 4118 850 4192 προέλοιτ⁹
941 4118 1002 4170 ἂν
1083 4123 1176 4177 τήν
1243 4120 1529 4192 ὑπεροψίαν
1573 4143 1584 4154 ο
1630 4127 1715 4172 xui
1783 4129 1873 4172 τοῦ

267 4210 398 4260 Κάῑν
439 4211 532 4265 τήν
572 4204 971 4280 ἀδελφοκτονίαν
1005 4225 1021 4240 ⁸
1057 4213 1242 4282 Φαραὼ
1299 4213 1391 4267 τήν
1429 4207 1871 4282 σκληροκαρδίαν,

262 4301 356 4348 καὶ
414 4296 576 4349 Σαοὺλ
623 4301 716 4356 τήν
755 4302 1101 4370 παρανομίαν.
1141 4304 1238 4350 Καὶ
1292 4303 1343 4350 τί
1388 4299 1503 4351 καθ’
1547 4301 1763 4352 ἕκαστον
1796 4301 1874 4352 λέ-

261 4407 343 4457 γω
378 4403 390 4451 ;
421 4385 524 4457 ούχ
575 4388 653 4438 ὅτι
692 4391 781 4438 xui
831 4390 966 4439 κατά
1022 4387 1194 4448 πόλεις
1245 4387 1380 4454 ὅλας,
1444 4394 1533 4440 xui
1587 4391 1702 4446 ἔθνη
1757 4390 1872 4441 όλό-
1912 4433 1956 4488 D

262 4474 455 4546 κληρα,
505 4478 560 4526 αἱ
611 4475 823 4550 πράξεις
874 4476 1042 4528 αὐτῶν
1094 4484 1156 4548 τῇ
1188 4481 1476 4550 προγνώσει
1521 4483 1871 4552 περιέχονται,

264 4560 512 4636 Σοδόμων
561 4570 650 4616 καὶ
696 4565 962 4640 Γομόρρας
1021 4567 1075 4616 αἱ
1145 4563 1540 4640 ἀρρητουργίαι,
1607 4567 1872 4634 Ἑλλήνων,

266 4654 585 4724 Αἰγυπτίων,
660 4662 850 4728 μικροῦ
923 4656 1235 4727 συμπάντων
1309 4653 1589 4730 βαρϐάρων
1654 4659 1700 4708 ἐν
1757 4658 1876 4709 πολ·

261 4743 372 4803 λοῑς
420 4747 633 4814 χρόνοις
683 4745 737 4796 ui
789 4740 1176 4816 εὶδωλομανίαι.
1235 4743 1389 4797 Ἀλλά
1442 4749 1490 4796 τί
1534 4754 1699 4797 ταῦτα
1733 4765 1744 4811 ;
1781 4747 1875 4798 Λύ-

265 4839 362 4885 τού
416 4840 509 4883 τού
569 4837 800 4907 σπορέως
847 4841 945 4884 τῶν
1002 4842 1170 4884 κακῶν
1223 4839 1312 4885 καὶ
1363 4832 1746 4908 ἀρχιτέκτονος,
1788 4842 1875 4888 καὶ

264 4923 392 4974 ὅσαι
441 4920 578 4991 αὐτῷ
633 4917 883 4994 δυνάμεις
953 4929 1049 4982 τῆς
1111 4924 1215 4973 ἄνω
1267 4921 1736 4996 συναπερράγησαν
1789 4924 1877 4982 λή-

267 5011 413 5074 ξεως.
466 5009 582 5083 Ἆρ’
636 5011 807 5082 ήγνόει
853 5016 947 5069 τήν
997 5009 1294 5072 ἀλαζονείαν
1344 5018 1432 5064 xui
1476 5018 1569 5070 τήν
1622 5013 1871 5072 ἐπιϐλαϐῆ

264 5109 368 5152 τών
426 5100 709 5174 ἀνθρώπων
767 5099 1145 5176 ἀνυπέρϐλητον
1219 5101 1386 5152 αὐτῶν
1433 5104 1734 5176 μοχθηρίαν
1769 5122 1782 5171 ;
1814 5108 1875 5156 Τί

340 5253 389 5287 ⁸⁸
425 5252 562 5308 Luc.
606 5269 664 5322 x,
703 5258 786 5322 l7,
824 5256 912 5309 20.
955 5255 1002 5289 ‘9
1043 5253 1088 5308 ll
1124 5255 1254 5310 Cor.
1292 5269 1390 5326 xu,
1423 5259 1476 5311 7.
1510 5256 1558 5290 ⁸ο
1590 5256 1703 5310 lsa.
1735 5269 1852 5324 Llll,
1884 5257 1936 5310 4.

1293 261 1386 314 At)
1427 241 1967 315 AlilPllILOtiHlUM
2009 241 2335 327 QU/ESTIO
2375 264 2592 320 XCVII.

3516 273 3624 324 6IO

1982 384 2202 441 tionem
2221 387 2464 459 inducit,
2482 390 2528 444 si
2555 405 2674 444 non
2699 405 2803 461 per
2831 389 3207 446 conscientiae
3237 391 3631 463 dejectionem

1981 473 2057 528 ad
2121 477 2592 533 moderationem
2643 479 2993 533 deducatur.
3051 480 3339 543 Quocirca
3394 481 3630 538 dicebat

1981 561 2293 620 Salvator:
2337 567 2591 621 «Nolite
2645 566 2724 622 ob
2782 567 2840 622 id
2896 566 3171 636 gaudere,
3235 570 3399 640 quod
3463 570 3634 626 vobis

1979 651 2282 709 daemonia
2298 655 2712 724 subjiciantur,
2735 655 2838 710 sed
2857 656 3142 726 quoniam
3166 659 3413 713 nomina
3438 663 3636 714 vestra

1981 741 2199 812 scripta
2248 743 2365 798 sint
2402 746 2461 798 in
2501 744 2688 800 caelis.
2735 745 2886 800 Multi
2941 745 3084 799 mihi
3135 745 3347 800 dicturi
3396 754 3534 803 sunt
3572 748 3632 803 in

1979 828 2079 884 illa
2107 830 2201 884 die
2235 851 2246 888 :
2281 834 2479 887 Nonne
2502 834 2562 888 in
2592 839 2686 888 tuo
2711 833 2952 888 nomine
2978 834 3220 889 virtutes
3243 835 3462 891 multas
3491 852 3638 908 ope-

1979 916 2087 972 rati
2118 935 2328 973 sumus
2352 921 2379 976 ?
2416 922 2492 976 ad
2523 937 2672 992 quos
2711 922 2977 977 dicturus
3017 939 3163 986 sum,
3193 925 3474 994 Apagete,
3510 940 3630 981 non

1978 1009 2113 1061 novi
2152 1023 2256 1062 vos
2286 1009 2353 1062 ⁸⁸.
2386 1030 2412 1060 ››
2447 1013 2635 1082 Atque
2686 1011 2840 1066 hanc
2870 1011 2948 1066 ob
2978 1027 3227 1067 causam
3270 1015 3632 1084 permissum

1977 1093 2087 1150 fuit
2125 1104 2186 1150 ut
2223 1096 2443 1152 Paulus
2482 1115 2621 1153 cum
2661 1099 3029 1170 quibusdam
3071 1103 3476 1156 tentatonibus
3515 1102 3635 1158 col-

1976 1183 2317 1251 luctaretur,
2361 1207 2389 1237 «
2429 1203 2518 1252 ne,
2551 1188 2715 1259 quod
2745 1187 3005 1244 afﬁrmat
3034 1191 3176 1260 ipse,
3220 1191 3398 1246 nimis
3445 1191 3634 1247 elatus

1977 1275 2244 1344 ferretur,
2295 1283 2536 1349 propter
2584 1278 3026 1334 multitudinem
3076 1280 3510 1336 revelationum
3562 1283 3632 1336 5’.

1979 1365 2192 1435 Quare,
2226 1367 2426 1437 passio
2455 1366 2583 1437 ejus
2621 1383 2728 1438 pro
2757 1367 3090 1437 Paedagogo
3121 1371 3414 1424 contraxit
3445 1374 3502 1424 et
3533 1370 3634 1424 ab-

1979 1453 2148 1508 scidit
2193 1456 2457 1510 exsultus
2513 1471 2741 1521 omnes,
2775 1472 2810 1511 a
2838 1457 3058 1528 quibus
3100 1462 3314 1512 natura
3371 1456 3636 1511 hominis

1978 1541 2187 1598 inﬂata
2243 1542 2502 1599 effertur.
2549 1545 2802 1600 Accedat
2846 1547 2982 1610 huc,
3023 1551 3085 1600 ut
3121 1545 3410 1617 deinceps
3461 1547 3634 1601 terri-

1978 1628 2128 1684 biles
2186 1631 2318 1686 illas
2377 1632 2594 1697 minas,
2645 1633 2802 1688 mille
2851 1639 3094 1702 mortes,
3148 1650 3314 1689 acres
3364 1649 3638 1705 persecu-

1979 1717 2196 1787 tiones,
2216 1721 2573 1792 coryphzeus
2596 1722 2686 1777 ille
2708 1723 3087 1786 inconcusso,
3103 1730 3158 1778 et
3181 1722 3422 1777 immoto
3445 1722 3638 1777 ferens

1979 1809 2180 1864 animo
2209 1809 2287 1864 ad
2319 1811 2657 1866 mirandum
2689 1812 2947 1880 Magistri
2979 1812 3294 1874 auxilium,
3329 1811 3638 1866 carniﬁces

1979 1898 2143 1970 ipsos
2169 1898 2489 1963 induceret.
2511 1917 2648 1955 cum
2673 1900 2937 1956 viderent
2959 1917 3120 1969 eum,
3149 1899 3299 1972 quid
3323 1900 3401 1956 ad
3427 1915 3637 1956 vocem

1980 1987 2209 2043 ancillae
2243 1988 2506 2060 dejectus
2540 1989 2749 2055 fuerat,
2785 1990 2930 2045 adeo
2962 1990 3280 2045 immotum
3321 1996 3526 2045 contra
3557 1993 3638 2044 tot

1980 2091 2292 2146 pressuras
2324 2078 2640 2133 consistere
2669 2095 2682 2132 :
2713 2077 3046 2150 exindeque
3086 2079 3160 2134 ad
3195 2093 3482 2148 magnum
3517 2078 3636 2150 pie-

1980 2165 2115 2220 tatis
2157 2167 2508 2237 mysterium
2537 2167 2596 2221 in
2625 2168 2860 2222 Judaaos
2905 2169 3246 2238 pervicaces
3287 2167 3636 2237 impelleret,

1978 2256 2080 2309 Est
2110 2260 2164 2309 et
2203 2261 2478 2325 quartum
2531 2255 2690 2325 quid,
2719 2256 2883 2327 quod
2929 2256 3075 2311 mihi
3121 2256 3340 2310 videtur
3390 2254 3632 2310 illustre.

1978 2352 2035 2397 et
2056 2359 2164 2414 pro
2194 2344 2416 2412 ingenti
2442 2345 2846 2400 consolatione
2877 2345 3223 2416 exemplum
3253 2361 3266 2399 :
3296 2343 3442 2416 quid
3473 2343 3636 2398 enim

1979 2432 2358 2503 praestantius
2382 2433 2702 2504 coryphaao
2724 2433 2878 2504 apud
2905 2434 3290 2488 succedentes
3305 2434 3634 2502 generatio-

1977 2537 2086 2576 nes
2114 2523 2142 2578 ?
2171 2537 2309 2576 cum
2352 2528 2552 2577 autem
2593 2523 2728 2594 quis
2770 2522 3115 2578 inﬁrmitate
3146 2521 3375 2577 laboret
3405 2521 3479 2575 ad
3512 2536 3638 2592 per-

1977 2611 2190 2667 fectam
2237 2612 2552 2668 sanitatem
2599 2613 2808 2668 reverti
2857 2612 3059 2668 volens
3100 2617 3206 2667 est.
3253 2613 3307 2667 Si
3355 2612 3634 2684 princeps

1979 2700 2071 2756 ille
2122 2700 2568 2773 discipulorum,
2613 2708 2743 2773 post
2783 2707 2865 2758 tot
2917 2701 3181 2768 virtutes,
3217 2717 3371 2772 quas
3422 2701 3635 2771 partim

1977 2790 2140 2855 vidit,
2160 2793 2417 2862 patravit
2448 2791 2679 2861 partim,
2711 2797 2844 2862 post
2877 2791 3049 2846 talem
3081 2789 3481 2861 disciplinam.
3513 2793 3639 2844 tan-

1979 2886 2099 2934 tam
2131 2885 2185 2934 et
2215 2886 2337 2934 tam
2369 2879 2756 2950 multiplicem
2784 2880 2857 2934 de
2886 2878 3162 2947 Magistro
3189 2879 3635 2949 experientiam,

1977 2972 2062 3022 ter
2090 2967 2189 3022 illo
2220 2969 2537 3034 abnegato,
2570 2984 2674 3038 per
2700 2967 3110 3038 paenitentiam
3141 2971 3341 3021 tamen
3370 2972 3425 3022 et
3445 2967 3639 3037 lacry-

1979 3073 2132 3124 mas,
2167 3072 2284 3112 non
2320 3057 2501 3112 modo
2535 3058 2807 3128 purgavit
2844 3063 3174 3128 peccatum,
3212 3055 3316 3110 sed
3351 3056 3428 3110 ad
3475 3071 3639 3110 eum-

1975 3145 2114 3199 dem
2144 3152 2384 3200 evectus
2415 3152 2505 3200 est
2529 3145 2900 3217 apostolatus
2937 3145 3206 3215 apicem:
3247 3144 3510 3216 profecto
3543 3159 3637 3198 me

1975 3232 2260 3304 ignavum
2299 3251 2427 3290 esse
2476 3241 2530 3289 et
2569 3234 2868 3305 abjectum
2911 3250 3031 3289 non
3073 3234 3259 3297 decet,
3299 3233 3397 3304 qui
3435 3233 3638 3304 lapsus

1980 3340 2115 3377 sum
2154 3323 2232 3378 ab
2273 3322 2633 3388 infirmitate,
2668 3323 2772 3377 sed
2804 3339 2941 3378 cum
2983 3323 3149 3378 ocius
3191 3337 3497 3391 resurgere
3533 3336 3640 3392 per

1979 3411 2388 3484 pmnitentiam
2430 3418 2484 3466 et
2514 3411 2868 3466 recolentem
2903 3411 3136 3466 divitias
3166 3410 3452 3466 bonitatis
3490 3410 3638 3464 divi-

1979 3515 2093 3566 nae,
2123 3507 2308 3556 totum
2338 3517 2428 3555 me
2460 3517 2588 3556 cum
2628 3501 2824 3555 cordis
2856 3499 3209 3556 contritione
3250 3499 3327 3554 illi
3367 3499 3503 3554 date
3533 3497 3637 3570 qui

1979 3591 2216 3645 morbos
2247 3594 2304 3645 et
2332 3590 2703 3645 infirmitates
2734 3595 2968 3644 nostras
3001 3589 3258 3660 portavit
3291 3590 3359 3642 ⁶⁰.
3397 3588 3641 3658 Propter

1979 3679 2145 3744 istas,
2177 3680 2408 3751 opinor,
2443 3685 2498 3734 et
2529 3678 2868 3734 consimiles
2901 3695 3109 3734 causas
3143 3679 3493 3748 permissum
3529 3676 3638 3733 fuit

1981 3770 2147 3823 Petro
2177 3786 2212 3824 a
2244 3776 2486 3842 peccato
2514 3769 2880 3841 apprehendi
2910 3787 2920 3824 :
2947 3785 3066 3824 non
3099 3768 3264 3840 quod
3291 3767 3635 3840 praedixerit

1981 3858 2249 3926 Magister
2297 3859 2778 3927 abnegationcm,
2822 3857 2897 3913 ad
2933 3868 3134 3913 actum
3175 3856 3641 3911 iuvoluntarium

1981 3962 2088 4018 per
2147 3947 2557 4002 necessitatem
2615 3947 3000 4017 prmscienlim
3058 3945 3478 4016 impellebatur
3515 3961 3526 3999 :
3561 3944 3643 4000 ita

1983 4034 2143 4089 enim
2184 4033 2597 4106 prteveniendo
2634 4034 2849 4089 referes
2893 4034 3179 4089 malorum
3225 4033 3497 4088 omnium
3545 4049 3638 4086 ac-

1985 4128 2220 4194 ceptam
2233 4140 2482 4180 causam
2496 4122 2789 4178 infontem
2804 4123 3100 4178 bonorum
3121 4122 3392 4178 omnium
3416 4124 3600 4176 Deum
3627 4138 3640 4175 :

1986 4211 2254 4283 praedixit
2285 4213 2521 4267 etJudaa
2540 4212 2934 4277 traditionem,
2961 4217 3015 4266 et
3038 4211 3381 4266 Judazorum
3405 4211 3640 4264 animos

1986 4301 2406 4370 sanguinarios
2434 4317 2445 4355 :
2475 4300 2621 4374 quin
2646 4303 2691 4356 si
2725 4316 2848 4356 non
2882 4299 3258 4372 praedixerat,
3291 4305 3352 4354 at
3374 4298 3646 4370 praevidit

1987 4394 2185 4445 tamen
2223 4406 2235 4455 ;
2259 4389 2424 4463 quod
2447 4392 2674 4462 primus
2697 4391 2879 4445 homo
2900 4405 3006 4461 pro
3029 4389 3447 4444 observatione
3478 4404 3638 4443 man-

1987 4479 2106 4534 dati
2121 4497 2155 4535 a
2170 4480 2288 4534 Deo
2308 4479 2450 4543 dati,
2472 4479 2624 4533 illius
2645 4479 2883 4548 eligeret
2901 4477 3333 4549 negligentiam,
3359 4477 3650 4548 praescivit

1988 4568 2182 4623 Cainis
2209 4567 2623 4634 fratricitlium,
2643 4567 2966 4622 Pharaonis
2992 4565 3478 4629 obdurationem,
3505 4568 3648 4621 Sau-

1985 4656 2054 4711 lis
2085 4657 2633 4726 transgressionem.
2656 4659 2718 4711 Et
2736 4655 2876 4727 quid
2896 4655 3130 4723 singula
3151 4671 3474 4726 persequar
3495 4653 3524 4708 ?
3548 4671 3651 4725 per

1988 4749 2142 4802 totas
2178 4746 2464 4812 civitates,
2514 4752 2718 4815 gentes
2759 4745 3038 4816 integras,
3093 4743 3385 4816 quidquid
3434 4745 3648 4813 agitur,

1987 4837 2147 4892 cadit
2193 4837 2298 4890 sub
2354 4835 2723 4907 prmscientia
2758 4851 2769 4888 :
2804 4835 3253 4888 Sodomitarum
3299 4840 3355 4888 et
3409 4835 3653 4889 Gomor-

1987 4925 2284 4980 rhmorum
2305 4924 2549 4978 infanda
2571 4922 2816 4993 ﬂagitia,
2832 4922 3195 4990 Graecorum,
3211 4922 3622 4993 [Egyptiorum
3638 4964 3650 4985 .

1987 5014 2234 5070 omnium
2255 5013 2372 5067 fere
2392 5011 2780 5068 barbararum
2799 5011 3098 5066 nationum
3123 5027 3223 5082 per
3241 5011 3418 5066 multa
3435 5011 3656 5067 saecula

1986 5102 2386 5159 idolomauias.
2423 5101 2536 5158 Sed
2584 5100 2742 5157 unde
2780 5100 2910 5155 haec
2941 5099 3471 5172 proﬁciscebantur
3501 5105 3524 5150 Τ
3555 5101 3651 5156 ni-

1617 5396 1855 5453 VARIE
1903 5397 2194 5454 LECTION
2202 5398 2304 5454 ES.

341 5521 363 5579 J
415 5522 494 5579 ἳσ.
539 5521 915 5596 σκληρότητος.
959 5524 1017 5577 C.
1046 5525 1113 5581 Μ.
1149 5528 1536 5585 ταπεινότητος.

561 5631 800 5686 ΡΑτειοι..
842 5628 944 5686 Gn.
988 5628 1074 5685 Cl.

1642 5525 1669 5566 ι(
1728 5527 1804 5578 ia.
1839 5522 2077 5594 ἐμαυτόν.
2113 5526 2172 5578 C.
2207 5526 2275 5579 M.
2313 5523 2510 5576 ἑαυτόν.

3309 5635 3379 5694 20
