4136 6198
473 253 572 311 611
1701 241 1936 302 ΡΗΟΤΙΙ
1979 239 2462 302 ΡΑΤΒΙΑΗΟΗᾹΞ
2500 243 2603 300 GP.

3737 241 3850 300 642

469 379 708 441 mirum,
739 375 816 430 ab
843 374 942 430 illo
963 371 1320 430 seminatore
1345 372 1658 439 malorum,
1687 378 1743 428 et
1769 372 2120 428 architecto:

2239 365 2347 434 οὖν,
2407 369 2514 422 ἐπεὶ
2567 367 2731 440 μηδὲν
2785 367 2922 442 μηδὲ
2971 379 3069 422 τῶν
3129 372 3374 422 τοιούτων
3429 373 3460 427 ἡ
3521 368 3852 442 ἁγαθουργός

468 484 504 523 a
535 464 932 538 potestatibus
959 463 1096 526 illis,
1127 463 1228 535 qui
1260 479 1296 516 a
1321 462 1560 516 sedibus
1591 461 1936 517 coelestibus
1966 461 2121 516 exci-

465 556 698 611 derunt.
761 551 1154 623 lgnorabatne
1217 550 1592 606 insolentiam
1642 551 2022 620 damnosam,
2070 555 2125 604 et

467 659 813 716 supremam
863 639 1146 696 malitiam
1195 639 1510 695 hominum
1543 639 1654 696 ?Si
1709 639 1856 694 nihil
1915 640 2120 694 talium

466 731 758 802 sapientia
789 730 1086 786 bonorum
1115 729 1414 801 operatrix
1443 727 1778 797 ignorabat,
1811 743 1954 782 num
1989 727 2122 782 ideo

462 821 778 876 hominum
829 822 1162 890 spontaneo
1211 823 1375 874 motu
1421 817 1812 888 peccantium,
1865 821 1918 871 et
1960 816 2124 870 bona

462 925 572 982 pro
623 907 796 964 malis
843 907 1186 976 eligentium
1229 911 1462 962 reatum
1504 904 1830 970 abolentes,
1875 904 1932 958 in
1983 921 2120 960 eum

463 997 566 1070 qui
601 997 921 1068 praescivit,
958 1011 1044 1058 ea,
1078 999 1310 1050 tantum
1347 993 1506 1065 quod
1541 992 1840 1066 prtescivit
1879 996 2120 1064 culpam

463 1100 706 1142 omnem
741 1083 1126 1154 conjiciemus
1149 1085 1177 1139 ‘I
1206 1087 1308 1138 Ast
1343 1082 1593 1136 ubinam
1636 1081 1775 1136 huic
1819 1081 2123 1136 sententiae

461 1174 628 1230 locus
653 1173 681 1227 ‘i’
709 1172 1014 1244 Siquidem
1063 1172 1294 1227 intuear
1337 1185 1442 1240 ego
1474 1170 1737 1242 aliquem
1768 1169 1826 1224 in
1859 1171 2123 1241 praecipi-

465 1263 609 1318 tium
651 1265 850 1332 aperte
889 1259 1173 1326 delatum,
1213 1263 1270 1315 et
1299 1277 1370 1314 ex
1409 1275 1479 1314 eo
1507 1263 1810 1314 mortuum
1845 1259 2120 1324 intuear;

461 1351 504 1404 si
543 1349 728 1406 alium
770 1348 1086 1420 evaginato
1131 1346 1330 1416 gladio
1365 1347 1424 1401 in
1469 1346 1812 1417 proximum
1861 1345 2122 1417 aliquem

459 1441 752 1494 furentem
821 1437 1082 1504 videam,
1129 1435 1394 1490 occisum
1453 1433 1688 1498 videbo,
1735 1435 1838 1489 sed
1881 1449 2002 1489 non
2061 1436 2122 1488 ut

459 1533 624 1585 actor
663 1542 875 1600 pmnas
917 1525 1096 1582 dabo.
1134 1525 1300 1590 Quod
1335 1527 1382 1579 si
1421 1524 1537 1580 hoc
1585 1523 1904 1579 ridiculum
1950 1523 2038 1590 sit,
2069 1527 2122 1578 et

459 1617 735 1674 amentiae
767 1616 1032 1686 plenum,
1067 1613 1373 1685 quomodo
1407 1628 1529 1668 non
1561 1613 1762 1668 audax
1793 1612 1958 1668 furor
1990 1627 2122 1667 cen-

461 1706 706 1772 sebitur,
748 1721 886 1760 cum
925 1702 1154 1774 culpari
1211 1701 1491 1766 debeant,
1533 1701 1636 1772 qui
1671 1701 1724 1755 id
1785 1705 2118 1770 patrarunt,
2153 1727 2192 1780 Β

459 1794 601 1850 mali
653 1792 907 1862 alicujus
953 1807 1138 1846 causa
1177 1789 1253 1845 ad
1311 1789 1579 1844 divinam
1629 1789 1924 1845 attrahere
1973 1805 2120 1861 prae.

460 1883 768 1938 scientiam
797 1879 825 1934 ’i’
847 1879 938 1934 sin
973 1877 1348 1950 prtescientia
1377 1882 1550 1933 vacet
1579 1877 1774 1948 culpa,
1809 1893 1886 1932 an
1913 1877 2123 1949 prazdi-

460 1973 571 2028 ctio
597 1975 762 2026 reatu
792 1969 970 2024 teneri
1003 1965 1262 2040 poterit?
1285 1970 1410 2022 Non
1445 1966 1576 2022 ideo
1608 1967 1670 2022 ﬁt
1696 1966 1924 2038 aliquid
1957 1967 2120 2038 quod

461 2059 760 2132 praescitur
789 2063 844 2113 et
875 2057 1243 2129 praevidetur,
1279 2055 1382 2110 sed
1413 2055 1556 2127 quia
1587 2060 1924 2126 spontaneo
1953 2059 2121 2110 motu

461 2149 673 2206 facturi
695 2148 952 2212 fuerant,
981 2162 1115 2219 quia
1137 2146 1332 2201 facere
1350 2161 1470 2200 non
1494 2145 1779 2200 deberent
1805 2143 2116 2200 homines:

2235 461 2406 530 ἠγνόει
2453 465 2628 532 σοφία»
2686 453 2788 531 ἆρα
2841 456 2932 512 διὰ
2993 467 3168 524 τοῦτο,
3202 468 3300 511 τῶν
3346 459 3632 530 ἐθελοκακῳ
3659 465 3844 532 γνώμῃ

2233 553 2298 599 τα
2353 553 2517 621 χείρω
2577 557 2674 599 τῶν
2727 553 3030 622 κρειττόνων
3070 548 3426 621 ἀλλαξαμένων
3480 547 3744 620 ἀφελόντες
3787 554 3850 600 τὸ

3745 643 3854 690 Καὶ

2234 733 2332 778 ποῦ
2385 733 2535 778 τοῦτο
2587 732 2768 800 χώραν
2817 729 2972 798 ἔχεις
3011 727 3066 778 Εἰ
3119 729 3220 802 γὰρ
3409 747 3522 778 τινα
3572 731 3852 798 φερόμενον

2234 639 2536 700 ὑπεύθυνον,
2611 645 2702 688 τοῦ
2777 643 3156 711 προεγνωκότος
3219 640 3706 710 καταγνωσομεθα;

2235 813 2317 866 ἐπὶ
2367 818 2595 887 κρημνὸν
2647 812 2792 880 ἰδὼν,
2843 819 3017 868 ἔπειτα
3069 819 3154 868 τὸν
3197 815 3404 888 ὄλεθρον
3457 813 3773 888 διαγνοίην·
3813 818 3846 876 ἡ

2234 903 2379 974 ξίφος
2430 907 2762 976 σπασάμενον
2813 907 2950 956 κατά
2997 912 3088 957 τοῦ
3143 904 3394 970 πλησίου,
3465 905 3558 957 οὐκ
3601 903 3853 976 ἁγνοήσω

2234 995 2320 1043 τὸν
2369 997 2515 1063 φόνον
2545 1008 2556 1020 ·
2601 987 2681 1064 ἆρ’
2737 992 2850 1045 ἀντὶ
2909 1001 3000 1045 τοῦ
3059 989 3376 1065 δεδρακότος
3419 992 3517 1064 ἐγὼ
3547 999 3642 1051 τὴν
3689 990 3854 1052 δίκην

2233 1083 2447 1151 ὑπέχειν
2499 1077 2702 1141 δίκαιος
2749 1082 2893 1154 εἰμί;
2929 1083 2986 1134 Εἰ
3034 1079 3093 1134 δὲ
3144 1081 3304 1153 γέλως
3351 1089 3504 1135 τοῦτο
3553 1087 3640 1134 καὶ
3679 1087 3856 1158 παροί-

2231 1189 2363 1234 νοια,
2407 1178 2514 1231 πῶς
2545 1170 2603 1222 ού
2652 1175 2812 1242 μανία
2862 1175 2951 1223 καὶ
3001 1170 3166 1243 τόλμα
3215 1169 3328 1222 ἀντὶ
3379 1179 3470 1223 τοῦ
3503 1168 3658 1233 δίκας
3685 1171 3858 1224 ἀπαι-

2233 1266 2358 1326 τεῖν,
2389 1262 2508 1318 τοὺς
2561 1259 2754 1318 αἰτίους
2811 1269 2909 1310 τὼν
2958 1259 3159 1326 φαύλων
3187 1259 3440 1332 πράξεων,
3487 1264 3581 1318 τὴν
3623 1258 3850 1332 δυσφη-

2232 1351 2354 1418 μίαν
2406 1347 2665 1420 μεθέλκειν
2721 1351 2856 1400 κατὰ
2899 1357 2994 1408 τῆς
3063 1350 3200 1410 θείας
3257 1354 3602 1424 προγνώσεως
3637 1367 3650 1416 ς
3685 1350 3746 1402 Εἰ
3797 1347 3856 1402 δ’

2232 1439 2262 1493 ἡ
2322 1441 2617 1511 πρόγνωσις
2671 1445 2770 1488 τῶν
2817 1439 3072 1490 ὑπαιτίων
3125 1436 3419 1504 ἀνεύθυνος,
3475 1432 3578 1511 ἆρα
3615 1438 3856 1513 πρόρρη-

2237 1524 2358 1584 σιςι
2405 1528 2626 1596 ἓνόχος;
2671 1525 2744 1576 Ού
2791 1529 2892 1599 γὰρ
2945 1523 3086 1579 διότι
3133 1531 3492 1600 προέγνωσται
3530 1528 3559 1585 ἦ
3603 1533 3856 1601 προείρη-

2231 1632 2339 1674 ται,
2404 1609 2498 1665 διὰ
2549 1621 2702 1666 τοῦτο
2759 1611 3169 1689 διαπέπρακται,
3225 1614 3331 1668 ἀλλ’
3395 1615 3504 1668 ἐπεὶ
3555 1618 3856 1690 αὐθαιρέτῳ

2231 1707 2402 1775 κρίσει
2453 1703 2666 1777 πράξειν
2725 1704 2924 1775 ἔμελλον
2969 1703 3004 1755 ἃ
3050 1709 3120 1776 μὴ
3171 1704 3404 1776 ὤφειλον,
3473 1709 3530 1757 τὸ
3585 1705 3856 1762 ἁλαθητον

2231 1795 2320 1842 καὶ
2351 1797 2737 1844 πανεπίσκοπον
2769 1797 2913 1864 ὄμμα
2955 1799 3046 1844 τού
3093 1800 3226 1846 Θεοῦ
3257 1807 3300 1835 m
3339 1793 3508 1846 λαϐεῖν
3539 1795 3636 1846 ούκ
3683 1797 3854 1866 ἔσχον

2229 1883 2286 1930 τὸ
2319 1877 2600 1934 δύνασθαι.
2637 1883 2730 1932 Διά
2771 1889 2924 1932 τοῦτο
2971 1889 3248 1952 τοιγαροῦν
3287 1887 3378 1932 καὶ
3409 1883 3436 1932 ό
3463 1885 3722 1954 μακάριος
3755 1888 3854 1934 Ilio

2229 1988 2368 2032 τρος,
2425 1973 2528 2040 οὐχ
2587 1971 2667 2021 ὅτι
2719 1977 2958 2041 προεῖπεν
2989 1971 3014 2020 ὁ
3045 1975 3331 2034 Δεσπότης,
3392 1971 3678 2041 ἠρνήσατο,
3735 1970 3852 2022 ἀλλ’

2229 2060 2308 2109 ὅτι
2357 2057 2808 2132 προσολισθαίνειν
2838 2067 2899 2131 τῇ
2955 2057 3168 2130 ἀρνήσει
3221 2058 3410 2131 ἔμελλε,
3441 2065 3528 2110 καὶ
3573 2065 3846 2131 προγινω-

2231 2165 2412 2198 σκεται
2441 2156 2511 2218 τῷ
2539 2144 2854 2218 Διδασκοίλῳ
2885 2159 2911 2188 ιι
2940 2151 3030 2199 καὶ
3057 2151 3598 2222 προανακηρύττεται.

459 2255 530 2294 ea
562 2237 808 2294 minime
841 2237 1022 2291 latere
1053 2239 1312 2306 possunt
1339 2235 1538 2290 omnia
1578 2237 1986 2304 permeantem
2018 2237 2076 2287 et
2105 2233 2466 2304 relegentem
2499 2237 2595 2290 Dei
2637 2236 2906 2291 oculum.
2942 2236 3236 2301 Quocirca
3276 2241 3334 2292 et
3374 2237 3588 2294 beatus
3619 2240 3853 2294 Petrus.

459 2344 581 2384 non
611 2328 752 2400 quia
799 2325 1074 2398 praedixit
1125 2323 1435 2389 Dominus,
1487 2323 1806 2391 abnegavit
1839 2338 2000 2386 eum,
2051 2323 2154 2378 sed
2201 2324 2492 2394 quoniam
2535 2324 2872 2381 exorbitare
2909 2341 3018 2397 per
3066 2325 3224 2381 abne
3245 2325 3548 2396 gationem
3587 2325 3858 2392 volebat,

460 2416 595 2472 ideo
623 2415 897 2484 Magister
927 2414 1056 2484 ejus
1087 2413 1146 2467 id
1185 2412 1478 2482 praescivit
1505 2417 1561 2466 et
1591 2411 1862 2482 praedixit
1891 2411 2113 2482 palam.

463 2521 777 2586 QUAESTIO
843 2518 1065 2574 XCVIII.

565 2647 719 2697 Edita
758 2661 790 2696 θ,
845 2646 1172 2696 Montacutio
1221 2659 1303 2708 ep.
1368 2645 1474 2700 180,
1531 2643 1598 2690 ad
1649 2645 1898 2699 constant,
1949 2658 1999 2708 p_.

1145 2518 1350 2590 [CoisL
1407 2519 1622 2574 CCLXI.
1677 2519 1856 2572 Taur.
1909 2517 2134 2591 CCl.ll.]

2816 2527 3129 2575 Erum-1212
3167 2507 3284 2582 θεῖ’.

2059 2643 2278 2692 268-269.
2328 2644 2408 2710 _De
2460 2647 2724 2710 antilogia
2771 2649 2911 2697 inter
2969 2647 3130 2697 verba
3183 2647 3374 2697 Christi
3421 2649 3612 2699 Joaun.
3677 2664 3726 2704 ν,
3789 2652 3848 2698 31

1883 2709 1934 2755 et
1961 2705 2152 2755 Joann.
2183 2721 2285 2766 vui,
2319 2708 2395 2755 14.

533 2828 881 2901 Expeditam
949 2825 1294 2898 quaestionis
1347 2830 1459 2880 tuae
1529 2821 1886 2878 solutionem
1935 2823 2113 2878 dabo.

461 2939 490 2970 «
531 2918 586 2974 Si
617 2933 730 2986 ego
761 2915 1167 2973 testimonium
1211 2913 1354 2969 mihi
1392 2913 1466 2968 de
1497 2927 1591 2966 me
1623 2912 1930 2984 perhibeo,
1957 2913 2120 2968 testi-

2299 2827 2548 2896 Σύντομόν
2603 2845 2687 2877 σοι
2734 2835 2828 2888 τῆς
2871 2825 3088 2898 ἀπορίας
3124 2832 3213 2885 τὴν
3265 2827 3414 2880 λύσιν
3463 2827 3558 2900 ἐρῶ
3592 2847 3603 2856 ·
3643 2827 3698 2879 τὸ
3733 2833 3850 2899 μὲν,

2231 2933 2257 2962 ι(
2298 2915 2416 2966 Ἐὰν
2467 2915 2565 2985 ἐγὼ
2617 2923 2864 2988 μαρτυρῶ
2911 2921 3029 2988 περὶ
3077 2916 3322 2988 ἐμαυτοῦ,
3361 2919 3386 2974 ἡ
3429 2922 3696 2990 μαρτυρία
3744 2937 3852 2988 μου

460 3008 732 3064 monium
763 3023 963 3062 meum
993 3021 1198 3060 verum
1221 3020 1340 3058 non
1363 3005 1514 3058 est“
1551 3019 1561 3058 :
1601 3023 1624 3052 ι
1659 3002 1787 3072 lege
1811 3018 1916 3073 per
1941 3003 2118 3057 inter-

2236 3003 2320 3053 οὐκ
2379 3007 2518 3055 ἔστιν
2573 3002 2768 3065 ἀληθής
2803 3022 2814 3033 ·
2852 3025 2879 3054 )›
2922 3003 3216 3075 ἁνοίγνωσον
3275 3006 3387 3056 κατ’
3441 3006 3717 3078 ἐρώτησιν,
3773 3003 3854 3056 δι’

457 3097 826 3169 rogationem
857 3111 869 3150 :
899 3111 1004 3168 per
1043 3093 1198 3149 istud
1239 3095 1506 3148 Servator
1545 3092 1882 3146 Judaaorum
1932 3091 2121 3162 suspi-

459 3187 686 3244 cionem
717 3184 1020 3253 redarguit
1059 3189 1115 3238 et
1145 3181 1372 3237 refellit.
1409 3183 1502 3236 Est
1542 3187 1739 3235 autem
1773 3197 1785 3234 :
1818 3201 1846 3231 «
1882 3179 2120 3234 Etiamsi

459 3275 532 3332 de
564 3275 791 3345 meipso
839 3271 1247 3326 testimonium
1289 3270 1434 3334 fero,
1479 3269 1886 3324 testimonium
1931 3285 2122 3323 meum

467 3379 676 3419 verum
706 3367 794 3417 est
825 3363 892 3414 θ’.
930 3381 953 3412 ι)
988 3359 1194 3430 Cogita
1227 3358 1543 3414 Dominum
1573 3357 1686 3412 hoc
1718 3359 1776 3412 in
1817 3357 1948 3412 loco
1995 3373 2124 3426 pro-

469 3453 663 3526 priam
695 3467 867 3506 suam
895 3449 1248 3504 sententiam
1279 3462 1500 3518 ponere
1527 3461 1596 3500 ac
1627 3445 2009 3516 pronuntiare
2037 3461 2048 3498 :
2074 3451 2128 3500 et

470 3545 792 3614 praetextus
811 3538 906 3593 ille
929 3535 1306 3592 dubitationis
1334 3551 1644 3590 accessum
1663 3550 1782 3588 non
1815 3533 2075 3588 admittit
2112 3554 2124 3586 -.

471 3636 574 3686 aut
603 3628 648 3682 si
679 3633 737 3684 tu
767 3627 958 3683 mavis
991 3625 1331 3696 (difﬁculter
1361 3625 1520 3678 enim
1567 3622 1828 3694 suppetit
1877 3623 2128 3678 facultas

472 3719 548 3774 ad
601 3716 874 3772 omnium
924 3713 1366 3769 dubitationum
1429 3711 1776 3782 solutiones)
1815 3710 2130 3783 dupliciter

460 3804 813 3862 constitutus
843 3807 966 3858 erat
995 3802 1284 3857 Dominus
1317 3805 1517 3856 noster
1544 3803 1710 3856 Jesus
1741 3800 2018 3864 Christus,
2075 3803 2130 3856 et

470 3895 689 3950 Deitate
721 3892 1003 3948 nimirum
1028 3896 1084 3946 et
1104 3890 1497 3946 humanitate.
1532 3889 1681 3944 illud
1712 3889 1940 3943 dictum
1971 3905 1982 3942 :
2015 3907 2040 3941 ι
2071 3889 2128 3944 Si

471 3983 876 4040 testimonium
909 3997 1017 4051 ego
1040 3978 1346 4052 perhibeo,
1386 3999 1412 4030 »
1447 3983 1580 4044 etc.,
1610 3978 1940 4033 secundum
1969 3978 2128 4047 leges

465 4073 750 4128 humana:
777 4076 1004 4126 naturae
1027 4067 1506 4138 intelligendum,
1533 4067 1843 4139 quomodo
1867 4073 1920 4122 et
1943 4068 2130 4122 multa

469 4161 715 4231 insuper
745 4159 860 4214 alia
904 4157 1325 4230 suscipiemus.
1367 4155 1564 4212 Nemo
1607 4157 1764 4212 enim
1809 4156 2124 4210 hominum

465 4251 540 4306 de
568 4250 766 4321 seipso
789 4247 982 4303 ferens
1001 4247 1402 4302 testimonium
1442 4247 1607 4301 testis
1625 4245 1742 4300 ﬁde
1765 4245 1984 4315 dignus
2007 4252 2124 4302 est:

471 4344 529 4395 at
557 4359 585 4390 «
613 4339 660 4394 si
692 4353 803 4408 ego
836 4337 1242 4392 testimonium
1266 4336 1338 4390 de
1365 4351 1458 4389 me
1485 4334 1789 4406 perhibeo,
1822 4355 1850 4386 »
1888 4339 2020 4400 etc.,
2044 4352 2128 4390 se-

470 4429 740 4484 cundum
778 4427 1126 4496 dignitatem
1166 4429 1220 4479 et
1271 4424 1588 4496 potentiam
1622 4422 1886 4478 deitatis.
1928 4424 2127 4479 Nullus

467 4518 629 4574 enim
652 4517 879 4586 indiget
899 4529 1181 4588 suprema
1203 4514 1474 4568 omnium
1503 4515 1724 4568 Natura
1755 4519 1810 4568 et
1839 4513 2126 4568 Dominus

470 4605 558 4661 vel
601 4605 920 4661 testimonii
969 4603 1058 4658 vel
1098 4601 1569 4669 conﬁrmationis
1611 4601 1893 4668 aliunde;
1925 4608 2126 4674 utpote

472 4709 606 4766 qua).
645 4691 723 4747 ab
763 4692 922 4746 intus
962 4695 1016 4745 et
1056 4706 1086 4744 e
1126 4689 1310 4744 domo
1353 4689 1524 4743 ﬁdem
1567 4689 1677 4743 sibi
1716 4689 2125 4746 adhibendam

471 4787 750 4853 procurat
783 4799 796 4850 ;
827 4779 930 4834 sed
963 4778 1206 4833 ulterius
1240 4777 1368 4832 aliis
1409 4777 1689 4832 omnibus
1719 4778 1940 4850 quibus
1981 4779 2128 4834 ﬁdes

474 4871 811 4934 adhibetur,
827 4875 1117 4940 tanquam
1135 4868 1269 4922 fons
1291 4867 1645 4922 exsistendee
1665 4871 1718 4923 et
1733 4867 2128 4927 subsistentia:

473 4959 612 5015 ﬁdei
653 4963 742 5014 est
779 4975 848 5014 ac
883 4958 1070 5026 origo.
1100 4959 1164 5012 Et
1211 4958 1338 5011 haec
1377 4956 1643 5012 sufﬁcere
1691 4961 1978 5030 tanquam
2026 4975 2130 5030 per

474 5049 774 5121 epitomen
807 5047 1066 5102 subiecta
1110 5045 1485 5100 crediderim.
1517 5047 1660 5102 Sunt
1693 5051 1978 5117 praeterea
2008 5063 2128 5104 non

475 5153 676 5209 pauca:
714 5135 1032 5192 solutiones
1071 5134 1525 5202 antedictorum,
1568 5151 1705 5206 qua;
1747 5136 1941 5206 magis
1981 5135 2130 5192 dila-

551 5272 594 5307 ⁶¹
633 5272 802 5328 Joan.
845 5286 903 5340 v,
935 5274 1024 5326 31.
1102 5271 1148 5304 ⁶²
1178 5267 1352 5324 Joan.
1391 5283 1487 5324 vui
1521 5271 1604 5323 14.

2231 3093 2313 3158 ἧς,
2369 3096 2467 3164 πρὸ
2499 3092 2758 3157 ἁπάντων,
2787 3094 2810 3144 ό
2843 3099 3010 3165 Σωτὴρ
3067 3100 3160 3152 τὴν
3213 3102 3310 3145 τῶν
3351 3091 3618 3148 Ἰουδαίων
3655 3095 3854 3151 ύπολη·

2231 3181 2322 3250 ψιν
2355 3179 2556 3252 ἐλέγχει
2593 3187 2682 3232 καὶ
2715 3179 3050 3256 διακρούεται
3085 3200 3096 3211 '
3131 3186 3187 3234 τὸ
3233 3179 3312 3244 δε,
3364 3206 3388 3231 ι(
3433 3182 3537 3235 Κᾶν
3573 3183 3674 3253 ἐγὼ
3715 3204 3858 3258 μαρ-

2233 3277 2371 3340 τνρῶ
2420 3275 2536 3342 περὶ
2585 3269 2826 3342 ἐμαυτοῦ,
2882 3273 2911 3328 η
2946 3277 3210 3345 μαρτυρία
3247 3292 3347 3344 μου
3377 3271 3569 3332 ἀληθής
3609 3272 3722 3324 ἐστι
3757 3291 3770 3301 ·
3823 3295 3854 3321 ››

2235 3362 2329 3415 τὴν
2399 3355 2538 3410 ἰδίαν
2589 3362 2796 3411 τιθέντα
2859 3360 3030 3432 ψῆφον
3083 3366 3172 3412 καὶ
3229 3360 3632 3433 ἀποφαινόμενον
3689 3363 3855 3414 εἰπεῖν

2235 3451 2322 3498 τὸν
2367 3453 2626 3512 Δεσπότην
2683 3449 2882 3520 νόμιζε,
2936 3455 3024 3502 καὶ
3079 3447 3424 3522 παρείσδυσιν
3473 3450 3578 3522 οὐχ
3621 3451 3722 3513 ἕξει
3753 3461 3855 3513 τῆς

2239 3535 2454 3606 ἀπορίας
2503 3539 2530 3594 η
2568 3542 2845 3610 πρόφασις.
2897 3538 2960 3590 ⁸11
3017 3539 3060 3590 εἰ
3109 3537 3286 3611 βούλει
3338 3539 3454 3610 (οὐκ
3501 3542 3694 3613 ἄπορον
3745 3544 3852 3614 γὰρ

2239 3626 2303 3684 εἰς
2361 3625 2614 3686 ἐπιλύσεις
2641 3636 2732 3688 τῆς
2781 3626 3025 3689 ἀληθείας
3078 3629 3106 3684 ἡ
3167 3631 3433 3700 σύναμις),
3463 3625 3772 3690 ἐπιδιπλοῦς
3801 3633 3854 3671 u'

2239 3711 2298 3771 ἧν
2345 3717 2369 3766 ὁ
2427 3719 2610 3788 Κύριος
2665 3717 2809 3786 ἡμῶν
2863 3718 3066 3777 Ἰησοῦς
3114 3719 3138 3768 ὁ
3199 3719 3448 3791 Χριστὸς,
3495 3717 3548 3769 ἐκ
3608 3721 3854 3780 θεότητος

2238 3809 2324 3854 καὶ
2388 3801 2800 3875 ἁνθρωπότητος.
2865 3809 2934 3857 Τὸ
2983 3808 3090 3876 μεν,
3159 3826 3186 3858 ι(
3243 3807 3362 3858 Ἐὰν
3437 3807 3533 3878 ἐγὼ
3599 3816 3854 3882 μαρτυρῶ

2239 3897 2354 3966 περὶ
2411 3891 2654 3962 ἐμαυτοῦ.
2689 3895 2717 3951 ἡ
2761 3899 3028 3968 μαρτυρία
3075 3915 3175 3966 μου
3230 3895 3323 3946 ούκ
3355 3899 3491 3946 ἔστιν
3525 3895 3726 3957 ἀληθής
3765 3911 3776 3922 ·
3825 3919 3846 3945 ι

2237 3987 2375 4052 νόμω
2422 3985 2619 4052 φύσεως
2669 3991 2764 4043 τῆς
2819 3981 3162 4056 ἀνθρωπίνης,
3199 3985 3370 4055 ὥσπερ
3417 3989 3505 4035 καὶ
3545 3985 3708 4037 πολλὰ
3749 3987 3856 4038 ἓτε-

2238 4090 2321 4144 ρα,
2359 4083 2384 4112 ο
2417 4067 2799 4144 διαληφόμεθα.
2855 4067 3046 4132 Οὐδεὶς
3107 4074 3207 4146 γὰρ
3292 4072 3572 4146 ἀνθρώπων
3633 4075 3705 4136 εἰς
3757 4080 3854 4132 τὴν

3425 4167 3482 4214 τὸ
3526 4159 3607 4226 δὲ,
3662 4185 3689 4214 (ι
3729 4164 3854 4216 Ἐὰν

2239 4248 2351 4319 ἑγὼ⁹
2399 4257 2644 4322 μαρτυρώ
2684 4255 2802 4322 περὶ
2871 4247 3118 4321 ἐμαυτοῦ,
3175 4252 3203 4308 ἠ
3265 4257 3526 4323 μαρτυρία
3571 4273 3673 4324 μου
3717 4252 3854 4310 ἀλη-

2239 4163 2386 4220 αὖτὸς
2441 4160 2595 4210 αὑτοῦ
2658 4166 2948 4233 μαρτυρίαν
3014 4159 3318 4223 ἀξιόπιστος
3365 4185 3376 4194 -

2241 4339 2334 4398 θής
2405 4337 2560 4400 ἐστιν,
2636 4335 2892 4409 ἀξιώματι
2959 4344 3048 4390 καὶ
3125 4337 3335 4411 ἐξουσίᾳ
3405 4349 3502 4401 τῆς
3558 4343 3849 4402 θεότητος-

2239 4422 2534 4498 ἀπροσδεὴς
2575 4429 2676 4500 γὰρ
2729 4428 2757 4484 ἠ
2814 4436 2994 4478 πασῶν
3045 4425 3285 4480 ἀνωτάτω
3347 4431 3522 4500 φύσις,
3575 4435 3664 4482 καὶ
3721 4435 3853 4482 ποίν-

2237 4535 2334 4566 των
2385 4520 2662 4583 Δεσπότης,
2721 4525 2816 4577 τῆς
2867 4516 3104 4590 ἑτέρωθεν
3153 4523 3441 4590 μαρτυρίας
3491 4525 3580 4570 καὶ
3623 4519 3854 4592 βεϐαιώ-

2239 4622 2384 4666 σεως,
2421 4603 2514 4655 οὐκ
2565 4606 2760 4656 οἶκοθεν
2814 4609 2966 4675 μόνον
2991 4605 3374 4678 προϐαλλομένη
3407 4610 3464 4658 τὸ
3506 4607 3851 4676 αύτόπιστον,

2239 4691 2364 4743 ἀλλὰ
2393 4695 2493 4765 γὰρ
2548 4698 2636 4745 καὶ
2676 4701 2780 4753 τοῖς
2833 4694 3004 4755 ἀλλοις
3048 4695 3263 4760 ἅπασιν,
3316 4697 3387 4756 οἷς
3425 4699 3482 4748 τὸ
3527 4703 3716 4748 πιστὸν
3761 4719 3854 4751 πει

2237 4785 2506 4854 ριγίνεται,
2595 4783 2766 4856 ὥσπερ
2834 4788 2976 4854 πηγὴ
3051 4784 3346 4846 ούσιωσεως
3415 4789 3503 4836 καὶ
3553 4787 3846 4858 ὑπάρξεως,

2239 4870 2372 4920 οὕτω
2429 4866 2487 4921 ὃε
2541 4876 2628 4923 καὶ
2673 4871 3000 4934 ἀξιοπιστίας
3067 4873 3406 4947 ὑπάρχουσα.
3471 4873 3624 4926 Ἀλλά
3675 4885 3852 4928 ταντα

2239 4963 2349 5031 μὲν,
2405 4961 2473 5020 ὡς
2521 4959 2637 5010 κατ’
2685 4959 2929 5032 ἐπιτομὴν
2981 4963 3164 5023 ἱκανῶς
3214 4965 3354 5033 ἔχειν
3407 4959 3566 5034 οἶμαι.
3613 4963 3732 5016 Εἰσὶ
3787 4963 3852 5018 6“.-

2239 5053 2327 5100 καὶ
2369 5057 2464 5099 τῶν
2510 5048 2785 5123 εἰρημένων
2839 5049 2906 5109 εἰς
2951 5049 3140 5112 πλάτος
3205 5049 3396 5122 μᾶλλον
3455 5049 3852 5124 ἀποτεινόμεναι

2239 5145 2330 5189 τοῦ
2382 5142 2716 5212 προκειμένου
2767 5137 2944 5200 λύσεις
2974 5139 3066 5190 ούκ
3106 5139 3278 5211 ὀλίγαι
3312 5158 3323 5168 ·
3358 5141 3436 5201 αἷς
3471 5141 3549 5193 ὅτι
3577 5149 3696 5204 ταῖς
3743 5163 3852 5194 πα-

1813 5376 2050 5434 νΑΒιιΕ
2093 5377 2498 5436 LECTIONES.

551 5565 776 5644 IACLM.
814 5560 934 5644 οὐδ’
977 5565 1017 5644 ἡ.
1057 5559 1368 5644 πρόρρησις.
1406 5561 1561 5644 eine
1596 5543 1770 5644 signo
1817 5563 2312 5634 interrogationis.
2390 5567 2532 5622 ωἵσ.
2577 5563 2770 5622 λαθεῖν.
2847 5576 2875 5608 υ
2931 5567 2990 5622 C.
3037 5565 3106 5622 M.
3155 5564 3252 5623 hic
3309 5565 3450 5624 add.
3509 5567 3846 5644 προλέγεται.

541 5639 602 5698 C.
633 5641 679 5698 Μ
729 5637 768 5694 f.
807 5643 901 5694 155
932 5653 970 5693 a
997 5632 1106 5689 ἐπεί
1135 5632 1371 5696 διπλοῦς.
1401 5641 1426 5670 °
1453 5632 1717 5708 εἰρῆσθαι,
