4136 6198
191 223 298 282 613

187 361 395 424 τρικαῖς
443 351 762 424 ἔνομιλοῦντι
801 351 1006 425 βίϐλοις
1049 353 1172 426 ῥᾷόν
1215 352 1353 406 ἐστιν
1405 354 1664 425 ἐντυχεῖν,
1706 357 1798 404 καὶ
1829 353 1874 404 Α

190 438 447 512 οὐδεμίαν
486 442 717 512 ἀνάγκην
767 443 870 515 ὁρῶ
917 449 1021 502 τοῖς
1067 442 1247 514 ἐτέρων
1297 447 1562 514 φροντίσιν
1595 441 1799 512 ἐμαυτῷ

193 534 602 602 συναπαρτίζειν
645 533 702 581 τὸ
761 531 954 604 ῥᾷστον
987 548 1000 560 ⁸
1059 531 1182 582 ἑκὼν
1233 537 1319 581 νῦν
1387 530 1596 602 ἀφίημι.
1655 526 1800 582 Εἰδέ-

189 637 278 668 ναι
308 621 484 687 μέντοι
509 623 640 692 χρὴ,
667 621 746 670 ὅτι
776 624 864 672 xui
894 622 971 683 τὸ,
996 641 1024 668 ι(
1053 620 1170 672 Ἐὰν
1197 619 1292 690 ἐγὼ
1320 616 1528 682 δοξάζω
1557 621 1798 690 ἐμαυτὸν,

191 707 224 762 ἡ
291 702 424 768 δόξα
499 727 599 778 μου
672 705 862 760 οὐδέν’
919 709 948 766 ἦ
1026 705 1120 760 διὰ
1188 717 1283 770 τῆς
1359 708 1472 760 κατ’
1551 706 1800 780 ἐρώτησιν

195 793 554 866 ἀναγνώσεως,
605 797 634 855 ἣ
701 800 834 848 κατὰ
901 800 1019 859 τοὺς
1085 803 1442 871 προσήκοντας
1495 801 1681 867 νόμους
1735 804 1796 866 τῇ

195 882 496 958 ἀνθρωπίνῃ
547 889 717 957 φύσει,
759 889 816 937 τὸ
868 887 1025 960 ῥητὸν
1077 887 1320 958 εἰρῆσθαι
1364 885 1684 948 ἐξακούοντες
1732 885 1803 945 εἰς

197 971 452 1046 οὐδεμίαν
478 973 537 1026 ἂν
570 975 866 1036 σνςὴτησιν
896 978 1362 1049 περιενεχθιὶημεν.

765 1262 1080 1310 nrn'ruziz
1119 1241 1229 1316 ἥθ’.

1092 227 1186 282 AD
1228 225 1772 316 AMPHILOCHIUM
1815 223 2138 294 QUASS'I‘IO
2181 225 2414 290 XCVIII,
2453 225 2648 282 XCIX.

3453 231 3556 284 614

1909 355 2128 416 tantur,
2161 351 2222 404 in
2252 365 2404 422 quas
2447 351 2617 406 facile
2661 355 2742 417 tu,
2776 351 2886 424 qui
2913 353 3150 407 Patrum
3195 352 3434 408 lectioni
3466 369 3559 408 as-

1909 439 2107 501 suetis,
2139 438 2396 496 incidere
2429 439 2620 511 possis
2651 457 2664 506 ;
2697 455 2805 494 nec
2835 439 3013 494 ullam
3045 440 3339 512 perspicio
3364 457 3561 496 neces-

1909 527 2165 594 sitatem,
2225 543 2330 583 cur
2381 543 2493 598 ego
2546 529 2624 583 ab
2677 528 2930 584 aliorum
2981 530 3235 586 inventis
3294 535 3562 586 astruam

1909 616 2182 672 mihimet
2215 616 2562 672 facilitatem
2589 633 2601 684 ;
2631 617 2823 674 libens
2855 633 2996 687 ergo
3045 620 3337 674 omittam.
3369 619 3563 675 Scien-

1910 703 2056 759 dum
2083 719 2262 776 porro
2285 711 2477 760 tamen
2505 709 2612 772 est,
2641 707 2802 778 quod
2831 705 3076 762 effatum
3103 707 3268 762 illud.
3300 729 3328 759 «
3357 708 3412 764 Si
3442 707 3565 778 glo-

1911 793 2077 848 riﬁco
2105 793 2423 865 meipsum,
2457 795 2650 864 gloria
2678 812 2815 851 mea
2845 795 2990 851 nihil
3031 800 3120 851 est
3149 798 3197 831 ⁸³
3231 813 3242 850 :
3281 817 3304 847 »
3337 796 3432 852 vel
3460 812 3566 869 per

1911 882 2432 951 interrogationem
2479 883 2824 953 legendum,
2871 889 2974 940 aut
3015 885 3345 940 secundum
3403 887 3566 955 leges

1911 987 2046 1042 quae
2098 977 2432 1042 congruunt
2473 973 2751 1030 humanm
2807 978 3034 1030 natura:
3091 973 3562 1044 intelligendum.

1911 1063 2098 1131 Atque
2129 1060 2210 1116 ita
2248 1077 2370 1116 non
2401 1061 2526 1129 erit,
2574 1079 2679 1118 cur
2715 1063 2792 1119 ab
2826 1061 2956 1119 ullis
2988 1063 3421 1136 quaestionibus
3462 1065 3568 1119 cir-

1913 1165 2328 1220 cumagamur.

1913 1255 2228 1320 QU/ESTIO
2275 1257 2444 1312 XCIX.
2547 1257 2720 1314 Coisl.
2765 1259 3002 1314 CCLXII.
3061 1261 3233 1315 Tam'.
3279 1261 3499 1317 CCLlll.
3538 1261 3560 1335 ]

197 1363 356 1412 Edita
390 1377 422 1413 ε,
444 1363 790 1420 Montacutio,
829 1378 911 1427 ep.
944 1365 1029 1412 181
1070 1365 1136 1412 ad
1177 1363 1444 1426 Eulamp.,
1477 1361 2206 1486 ep.ﬁit:l£ls-232i‘b?:§:§£a£t
2229 1362 2390 1412 verba
2423 1363 2671 1427 discipuli
2699 1365 2891 1415 Joann.
2923 1380 3026 1422 xxv,
3056 1369 3082 1415 5
3109 1381 3232 1416 cum
3263 1367 3561 1431 praeceden-

272 1533 348 1598 Τῇ
399 1533 686 1598 Δεσποτικῇ
737 1535 874 1598 φωνῇ
921 1534 984 1598 τῇ
1034 1525 1280 1599 λεγούσῃ,
1336 1545 1363 1577 ι(
1405 1525 1574 1577 ’Ὁπου
1619 1525 1804 1594 ὑπάγω
1837 1524 1878 1576 Β

199 1613 302 1685 ἐγὼ
347 1612 542 1679 οἴδατε,
578 1619 666 1667 καὶ
714 1619 808 1673 τὴν
853 1611 976 1667 ὁδὸν
1020 1611 1219 1680 οἴδατε,
1255 1636 1282 1664 ››
1325 1614 1417 1666 οὐκ
1464 1612 1806 1673 ἀνακόλουθος

199 1701 330 1756 οὐδὲ
355 1703 601 1756 τάναντία
631 1707 907 1776 φθέγγεται
937 1706 966 1762 ἡ
1009 1711 1102 1756 τοῦ
1143 1706 1380 1776 μαθητοῦ
1425 1705 1756 1774 ὑποφώνησις
1790 1719 1802 1730 ·

203 1812 234 1844 (ι
283 1795 462 1866 Κύριε,
511 1794 604 1844 οὐκ
661 1791 874 1865 οἴδαμεν
923 1801 1024 1845 ποῦ
1079 1793 1312 1863 ὑπάγεις,
1354 1797 1442 1844 καὶ
1491 1801 1598 1852 πῶς
1651 1789 1807 1843 δυνά-

203 1883 340 1948 μεθα
383 1886 480 1939 τὴν
521 1879 644 1933 ὁδὸν
683 1887 908 1952 γνώναι;
939 1901 968 1933 ))
1015 1882 1090 1934 Οὐ
1133 1885 1234 1954 γὰρ
1280 1881 1471 1948 ἁπλῶς,
1519 1877 1632 1932 οὐδ’
1683 1879 1806 1932 ἁπο-

203 1969 374 2031 λύτως
427 1971 600 2034 τοῦτο,
656 1967 780 2022 οὐδὲ
835 1976 1004 2045 χωρίς
1063 1990 1195 2030 τινος
1245 1974 1639 2043 προηγουμένης
1685 1971 1808 2020 ὐπο-

209 2061 400 2118 θέσεως
441 2062 644 2132 εἴρηται
679 2077 690 2088 ·
725 2058 833 2110 ἀλλ’
878 2059 990 2130 ἔχει
1029 2063 1428 2134 προηγούμενον,
1550 2063 1638 2110 καὶ
1685 2078 1809 2110 συν-

207 2151 428 2200 άπτεται
501 2152 580 2217 τὸ,
639 2168 668 2200 (ι
723 2149 881 2200 Πάλιν
965 2151 1212 2222 ἔρχομαι,
1271 2153 1362 2200 καὶ
1429 2147 1808 2220 παραλήψομαι

206 2239 362 2309 ὑμᾶς.
401 2258 420 2284 ι
463 2243 628 2288 Τοῦτο
675 2240 775 2311 γὰρ
817 2237 987 2304 εἰπὼν,
1033 2237 1370 2289 ἑπισυνάπτιι
1419 2233 1510 2289 διὰ
1557 2245 1671 2300 τοῦ,
1705 2237 1805 2301 ἶνα,

205 2332 300 2378 καὶ
345 2331 440 2384 τὴν
487 2325 658 2378 αἰτίαν
703 2333 800 2387 τῆς
845 2325 1190 2399 παραλήψεως
1229 2327 1296 2386 εἰς
1339 2331 1460 2398 τρία
1509 2333 1675 2378 ταῦτα
1725 2323 1808 2377 δι-

207 2414 330 2466 ελὼν
373 2415 536 2472 αὐτήν
570 2431 584 2444 ⁶
617 2417 686 2474 εἷς
737 2433 790 2466 τε
832 2418 890 2466 τὸ
933 2412 1059 2466 εἶναι
1107 2419 1226 2476 τοὺς
1271 2416 1529 2486 μαθητὰς,
1563 2416 1683 2466 ἔνθα
1721 2417 1810 2464 καὶ

209 2505 234 2554 6
280 2500 648 2564 Διδάσκαλος’
681 2508 772 2556 xui
817 2503 888 2564 εἰς
931 2507 990 2556 τὸ
1043 2501 1234 2556 εἰδέναι
1287 2505 1414 2556 ὅπου
1462 2507 1650 2575 ὑπάγει
1679 2523 1691 2535 ·
1721 2508 1810 2555 καὶ

209 2593 278 2652 εἰς
319 2595 376 2645 τὸ
421 2597 514 2650 τὴν
559 2589 682 2644 ὁδὸν
727 2590 940 2646 εἰδέναι.
986 2599 1122 2651 Φησὶ
1151 2597 1272 2665 γὰρ,
1310 2616 1337 2644 ‹‹
1372 2593 1530 2646 Πάλιν
1561 2596 1807 2666 ἔρχομαι,

207 2686 300 2733 καὶ
375 2681 756 2753 παραλήψομαι
833 2683 966 2754 ὑμᾶς
1019 2685 1148 2754 πρὸς
1210 2685 1450 2754 ἐμαυτόν.
1487 2703 1514 2734 ››
1570 2685 1664 2733 Διά
1718 2686 1808 2747 τί;

215 2791 242 2821 (ί
271 2775 381 2822 Ἶνα
433 2773 561 2822 ὅπου
611 2771 718 2842 εἰμί
757 2773 878 2842 ἐγὼ,
911 2775 1001 2823 xui
1050 2773 1194 2843 ὑμεῖς
1236 2769 1326 2829 ἦτε
1357 2789 1370 2800 ·

1413 2775 1500 2823 καὶ
1550 2773 1632 2822 ἵνα
1683 2772 1810 2822 ὃπου

209 2862 395 2930 ὑπάγω
448 2856 644 2926 οἴδατε,
677 2865 766 2911 καὶ
817 2861 898 2911 ἶνα
945 2863 1037 2917 τὴν
1087 2857 1210 2913 ὁδὸν
1249 2857 1426 2912 οἴδατε
1455 2879 1466 2889 ·
1501 2881 1530 2914 ›)
1575 2867 1668 2912 τοῦ
1709 2861 1806 2922 ἵνα,
1850 2872 1892 2928 C

213 2945 455 3006 δηλονότι
501 2955 612 3008 ταῖς
657 2953 832 3019 τρισὶν
862 2947 1077 3014 αἰτίαις,
1111 2951 1178 3010 ὡς
1223 2949 1466 3008 πολλάκις
1507 2951 1667 3014 εἴωθε,
1701 2968 1813 3000 κοι-

211 3041 602 3109 νοποιονμένου.
655 3037 856 3088 Οὐκοῦν
905 3041 983 3104 τὸ,
1028 3034 1219 3089 εἰδέναι
1275 3043 1366 3096 τὴν
1415 3034 1535 3090 ὁδόν
1570 3053 1582 3066 ⁰
1616 3043 1705 3089 καὶ
1755 3040 1812 3088 τὸ

212 3129 344 3179 ὃπου
397 3128 606 3197 ὑπάγει,
666 3131 808 3178 οὔπω
859 3126 1020 3198 ἔλεγεν
1073 3127 1252 3187 αὐτοῖς
1306 3135 1546 3201 παρεῖναι
1581 3144 1592 3156 ·
1641 3129 1811 3199 ὥσπερ

211 3213 338 3269 οὐδὲ
387 3219 465 3282 τὸ,
519 3217 584 3276 εἰς
640 3219 884 3288 οὑρανοῦς
936 3215 1074 3287 αὐτῷ
1135 3223 1360 3268 συνεῖναι
1394 3233 1406 3246 ·
1441 3215 1548 3268 ἀλλ’
1601 3217 1668 3276 εἱς
1729 3219 1814 3267 τὸν

209 3313 306 3358 τοῦ
375 3303 754 3378 ἐπανέρχεσθαι
825 3309 1026 3378 καιρὸν,
1081 3310 1170 3357 καὶ
1246 3303 1666 3380 παραλαμϐάνειν
1727 3305 1819 3356 αὐ-

211 3400 352 3458 τοὺς,
415 3396 786 3466 τεταμιεῦσθαι
843 3394 1016 3454 αὐτοῖς
1085 3401 1266 3449 ταῦτα.
1327 3402 1488 3468 Τριῶν
1557 3390 1643 3445 οὖν
1709 3401 1817 3455 τοῖς

213 3487 495 3558 μαθηταῖς,
544 3486 678 3534 κατὰ
741 3487 838 3540 τὴν
896 3481 1171 3546 ἐπάνοδον,
1226 3485 1635 3556 ὑπισχομένων·
1693 3481 1816 3534 ἁπο-

215 3573 497 3644 θαυμάζων
552 3574 578 3624 ὁ
631 3579 824 3644 Θωμᾶς
880 3575 938 3624 τὸ
997 3574 1212 3644 μέγεθος
1254 3581 1352 3624 τῶν
1407 3571 1813 3644 ἐπηγγελμένων,

213 3661 304 3712 ait:
343 3658 410 3718 δὴ
444 3657 582 3733 μηδὲ
631 3667 720 3712 τοῦ
754 3659 1018 3722 ἐλάττονός
1063 3681 1144 3713 πω
1174 3659 1222 3712 ἐν
1251 3661 1542 3732 καταλήψει
1571 3665 1813 3732 γεγονὼς,

213 3751 428 3810 εἰκότως
487 3746 865 3821 διαμφισϐητεῖ
933 3759 1044 3811 πῶς
1115 3748 1162 3801 ἐν
1237 3749 1435 3821 μεθέξει
1509 3755 1816 3820 γενήσονται

215 3847 316 3890 τῶν
373 3839 619 3910 μειζόνων
649 3855 661 3868 ·
704 3838 912 3890 ἔλαττον
965 3841 1066 3912 γὰρ
1121 3841 1178 3890 τὸ
1233 3835 1426 3890 εἰδέναι
1479 3837 1646 3898 ἁπλῶς
1715 3846 1815 3889 ποῦ

216 3924 338 3979 τόὃε
385 3925 541 3992 ἐστὶν,
593 3930 722 3999 ἤπερ
769 3931 864 3985 τὴν
913 3927 1218 3998 ἁπάγουσαν
1269 3923 1390 3978 ὁδὸν
1437 3923 1627 3978 εἰδέναι
1658 3947 1670 3958 '
1725 3931 1815 3978 xui

217 4023 370 4068 τοῦτο
421 4017 592 4082 πάλιν,
641 4023 732 4068 τοῦ
779 4015 828 4067 ἓν
876 4015 1017 4086 αὐτῷ
1061 4013 1168 4074 ἤδη
1215 4024 1286 4087 τῷ
1331 4015 1629 4088 ζητουμένῳ
1678 4019 1816 4086 τόπῳ

220 4101 556 4161 διαιτᾶσθαι.
614 4105 924 4166 Ἀκόλουθος
963 4101 1050 4156 οὖν
1102 4107 1132 4162 ἡ
1187 4111 1280 4156 τοῦ
1318 4107 1555 4176 μαθητοῦ
1605 4101 1820 4176 διαμφι-

222 4192 501 4258 σϐήτησις,
543 4197 632 4246 xui
674 4190 825 4246 οὐδὲν
868 4201 928 4265 τῇ
979 4189 1337 4265 διδασκαλικῇ
1381 4201 1518 4265 φωνῇ
1551 4195 1808 4264 μάχεται.
1853 4227 1898 4282 D

221 4282 298 4334 Οὐ
327 4285 430 4355 γὰρ
478 4280 658 4343 ἐκεῖνος
697 4285 790 4340 τὴν
844 4279 966 4335 ὁδὸν
1000 4283 1188 4344 αὐτοὺς
1230 4279 1336 4341 ἤδη
1383 4285 1566 4354 ἔφησεν
1606 4279 1816 4347 εἰδέναι,

219 4373 248 4430 ᾖ
309 4374 438 4422 ὅπου
487 4372 692 4442 ὑπάγει,
749 4372 780 4430 ἢ
834 4375 890 4424 τὸ
947 4370 994 4422 ἐν
1049 4371 1286 4444 οὐρανοῖς
1344 4371 1480 4442 αὐτῷ
1547 4378 1771 4424 συνεῖναι
1805 4389 1816 4400 ’

221 4460 332 4512 ἀλλ’
391 4461 604 4512 ἔσεσθαι
655 4459 827 4520 αὐτοῖς
884 4465 1066 4530 ταῦτα,
1109 4457 1270 4513 insul"
1329 4459 1389 4512 ἂν
1437 4461 1595 4512 αὐτοῦ
1643 4465 1731 4532 μὲν
1787 4461 1817 4518 ἡ

221 4545 494 4615 ἐπάνοδος,
523 4548 723 4602 ἐκείνων
769 4545 830 4602 δί
874 4545 1234 4624 διαπραχθείη
1280 4551 1310 4608 ἡ
1353 4549 1666 4622 πρόσληψις.
1701 4551 1824 4602 Ἐπ-

221 4634 408 4698 άνοδος
448 4634 500 4690 δ’
539 4636 598 4689 ἂν
639 4641 715 4696 εἴη
759 4645 852 4690 τοῦ
897 4643 1179 4703 Δεσπότον,
1217 4639 1248 4696 ἡ
1299 4641 1430 4710 μετὰ
1468 4642 1553 4689 τὸν
1601 4641 1824 4711 σταυρὸν

219 4732 314 4778 xui
375 4731 468 4784 τὴν
527 4725 814 4779 ἀνάστασιν
867 4727 1165 4779 τελεσθεῖσα
1219 4733 1330 4789 τοῖς
1385 4729 1648 4799 μαθηταῖς
1713 4725 1822 4778 ἐπιο

223 4819 409 4889 φάνεια
440 4837 453 4848 ·
491 4815 608 4868 καθ’
667 4815 727 4873 ἣν
779 4819 900 4868 Θεὸν
973 4815 1124 4868 αὑτὸν
1193 4815 1396 4877 ἀληθῶς
1463 4817 1823 4886 ἐπεγνωκότες,

222 4911 318 4962 τήν
355 4923 410 4956 τε
457 4901 600 4970 ὁδὸν,
634 4909 722 4958 καὶ
765 4905 826 4958 οὗ
871 4907 1166 4980 πορεύεται,
1199 4906 1408 4972 ἔμαθον,
1441 4911 1530 4958 καὶ
1579 4907 1658 4958 ὅτι
1709 4925 1826 4956 συν·

223 4999 454 5058 ἐσονται,
507 4994 647 5064 αὐτῷ
688 4993 736 5045 ἐν
785 4990 1098 5066 ἀδιηγήτοις
1151 4993 1388 5066 ἀγαθοῖς,
1435 4994 1605 5046 οὐκέτι
1645 4991 1829 5046 διστα-

221 5087 360 5156 γμὸν
411 5078 576 5154 εἶχον,
621 5081 726 5134 ἀλλ’
772 5085 836 5143 ὡς
881 5087 1116 5145 συνόντες
1147 5079 1254 5142 ἤδη
1306 5091 1416 5144 ταῖς
1451 5081 1649 5134 ἐλπίσιν
1681 5085 1828 5154 ἔχαιη

223 5191 334 5246 ρον.
369 5169 436 5222 Ἥ
484 5167 572 5222 οὖν
615 5179 768 5223 τοῦτο
818 5167 972 5230 δηλοῖ
1016 5175 1096 5237 τὸ,
1132 5193 1159 5223 «ι
1191 5171 1348 5224 Πάλιν
1399 5173 1646 5245 ἔρχομαι,
1687 5193 1706 5220 ι
1743 5176 1832 5223 καὶ

227 5261 344 5323 ἑξῆς
373 5277 388 5290 ⁹
421 5261 450 5319 ἣ
484 5263 618 5312 κατὰ
665 5265 759 5319 τὴν
807 5257 1052 5336 δευτέραν
1103 5261 1263 5315 αὐτοῦ
1307 5265 1396 5314 καὶ
1445 5265 1664 5334 φρικτήν
1703 5281 1834 5336 παρ·

227 5355 418 5405 ουσίαν
470 5347 756 5404 ὶπάνοδον·
801 5353 884 5404 ὅτε
935 5355 1022 5405 καὶ
1057 5355 1152 5410 τὴν
1197 5349 1340 5418 ὁδὸν,
1381 5355 1471 5404 καὶ
1523 5354 1610 5404 τὸν
1666 5351 1834 5423 μακά-

1987 1525 2047 1578 ln
2076 1525 2385 1580 Dominico
2405 1525 2506 1582 illo
2527 1529 2930 1597 pronuntiato,
2956 1549 2979 1580 «
3003 1530 3130 1595 Quo
3159 1546 3270 1600 ego
3301 1531 3460 1587 vado
3481 1531 3573 1587 in-

1917 1611 2189 1682 telligitis,
2223 1618 2279 1669 et
2305 1614 2465 1669 viam
2497 1615 2686 1670 nostis
2715 1618 2785 1684 5‘,
2823 1639 2843 1666 ι
2889 1617 3052 1674 nulla
3086 1619 3574 1692 inconsequentia

1915 1702 2226 1772 reperitur,
2261 1703 2348 1758 vel
2396 1705 2782 1761 contrarietas
2815 1705 2874 1760 iu
2921 1706 3192 1778 discipuli
3231 1708 3570 1781 subloqnio,

1919 1809 1946 1840 ι(
1989 1791 2254 1862 Domine,
2289 1807 2411 1847 non
2442 1793 2721 1848 novimus
2769 1811 2890 1867 quo
2941 1796 3131 1862 vadis,
3183 1802 3240 1852 et
3269 1798 3571 1869 quomodo

1921 1877 2072 1934 viam
2122 1895 2483 1949 cognoscere
2535 1882 2864 1952 poterimus
2897 1885 2943 1919 ⁵⁵
2994 1885 3022 1940 ?
3055 1905 3082 1934 ν)
3116 1887 3242 1940 Non
3293 1885 3450 1941 enim
3511 1886 3576 1941 id

1917 1968 2282 2039 simpliciter,
2315 1985 2440 2025 non
2468 1971 2770 2028 indefinite
2797 1973 3032 2044 dicitur,
3065 1989 3173 2028 nec
3202 1974 3328 2030 sine
3356 1991 3574 2046 praece-

1918 2056 2091 2112 dente
2118 2058 2384 2129 quodam
2425 2065 2780 2128 argumento
2817 2077 2828 2126 ;
2859 2062 3037 2118 habet
3064 2064 3225 2118 enim
3247 2065 3391 2136 quid
3423 2081 3573 2136 prae-

1917 2145 2133 2200 cedens
2169 2147 2260 2201 cui
2308 2147 2695 2212 subnectitur,
2743 2149 3024 2205 nimirum
3056 2150 3204 2205 illud
3233 2170 3246 2208 :
3282 2171 3311 2202 ‹‹
3352 2153 3574 2206 Rursus

1917 2235 2237 2300 reveniam,
2281 2239 2336 2291 et
2385 2251 2695 2292 assumam
2735 2253 2836 2292 vos
2867 2239 2947 2293 ad
2998 2255 3092 2294 me
3139 2241 3210 2290 6“.
3245 2260 3274 2291 »
3309 2243 3425 2295 [loc
3469 2233 3574 2295 ubi

1919 2323 2165 2387 dixerat,
2198 2325 2460 2380 annectit
2488 2341 2592 2397 per
2615 2327 2714 2396 ἵνα,
2746 2330 3034 2398 tanquam
3063 2343 3312 2384 causam
3345 2343 3574 2384 assum-

1919 2412 2136 2483 ptionis
2167 2413 2470 2484 tripliciter
2497 2414 2876 2470 distributam
2903 2433 2915 2470 :
2945 2417 3159 2487 primo,
3187 2421 3247 2473 ut
3278 2417 3570 2490 discipuli,

1921 2502 2024 2557 ubi
2051 2502 2341 2572 Magister,
2373 2503 2719 2570 consistant,
2755 2510 2816 2559 ut
2839 2511 3204 2573 cognoscant
3233 2521 3355 2578 quo
3381 2506 3572 2572 vadit;

1921 2597 1978 2646 et
2009 2595 2071 2646 ut
2091 2590 2426 2660 intelligant
2455 2593 2634 2648 viam.
2667 2593 2757 2648 Ait
2788 2593 2945 2649 enim
2969 2613 2980 2649 :
3003 2617 3022 2642 ι
3061 2596 3286 2649 Rursus
3315 2596 3573 2660 veniam,

1921 2685 1976 2735 et
2004 2695 2310 2735 assumam
2343 2697 2450 2736 vos
2481 2681 2558 2737 ad
2581 2697 2695 2736 me.
2737 2703 2756 2730 ι
2793 2685 2908 2738 Cur
2937 2685 3018 2738 ita
3047 2683 3074 2738 ?
3105 2683 3411 2750 nimirum,
3444 2703 3472 2735 «
3509 2685 3578 2740 Ut

1923 2768 2023 2823 ubi
2056 2783 2166 2839 ego
2197 2785 2352 2834 sum,
2398 2775 2454 2825 et
2481 2787 2588 2825 vos
2620 2769 2742 2825 sitis
2773 2787 2784 2824 :
2819 2775 2874 2826 et
2914 2787 3036 2843 quo
3061 2771 3282 2827 vadam
3311 2772 3488 2837 scitis,
3523 2778 3578 2827 et

1923 2858 2080 2912 viam
2125 2856 2283 2911 scitis
2315 2859 2382 2914 ετ.
2418 2879 2445 2911 ››
2485 2859 2612 2924 Ἵνα,
2660 2865 2722 2914 ut
2749 2859 3090 2931 frequenter
3131 2859 3215 2924 fit,
3247 2860 3431 2916 tribus
3463 2861 3574 2916 illis

1923 2947 2118 3002 causis
2168 2948 2632 3003 communicato.
2679 2948 2876 3017 igitur,
2923 2947 3082 3004 viam
3133 2949 3304 3017 scire,
3350 2954 3407 3004 et
3453 2965 3576 3022 quo

1921 3039 2102 3104 vadit,
2129 3039 2226 3102 ait,
2255 3035 2418 3092 haud
2445 3037 2590 3091 dum
2624 3037 2693 3091 iis
2726 3036 3030 3106 cognitum
3060 3054 3072 3091 :
3097 3043 3165 3091 ut
3189 3053 3297 3092 nec
3323 3039 3486 3109 quod
3517 3039 3576 3093 in

1925 3127 2084 3181 caelis
2112 3143 2250 3181 cum
2289 3141 2359 3179 eo
2391 3125 2786 3179 versabuntur
2821 3141 2831 3179 :
2869 3124 2973 3179 sed
3000 3125 3127 3180 hinc
3159 3127 3420 3197 seposita
3449 3141 3578 3181 esse

1923 3213 2068 3286 ipsis
2091 3213 2343 3284 praemia
2378 3212 2455 3266 ad
2483 3217 2721 3282 tempus
2745 3213 3118 3267 reversionis.
3149 3213 3282 3268 Tria
3315 3213 3578 3284 suntigi-

1925 3307 2018 3357 tur
2057 3319 2190 3374 quae
2223 3301 2535 3372 discipulis
2578 3301 2701 3355 suis
2737 3300 3047 3372 pollicetur
3077 3300 3138 3356 in
3170 3302 3360 3356 reditu
3393 3318 3404 3355 :
3433 3304 3580 3357 Tho-

1927 3407 2079 3457 mas,
2131 3390 2608 3462 magnitudinem
2663 3391 3098 3461 promissorum
3147 3390 3478 3446 admiratus
3525 3396 3582 3448 et

1925 3479 2354 3545 excellentiam,
2381 3485 2584 3551 utpote
2611 3479 2712 3551 qni
2737 3495 2810 3534 ne
2835 3478 3088 3534 minima
3113 3480 3291 3551 plane
3315 3495 3582 3552 compre-

1924 3571 2184 3625 hendere
2217 3573 2464 3641 poterat,
2499 3568 2886 3640 probabiliter
2926 3568 3241 3624 addubitat
3271 3569 3580 3641 quomodo

1927 3659 2261 3729 majoribus
2309 3657 2705 3730 perfruentur.
2753 3661 2900 3713 Nam
2953 3658 3200 3713 omnino
3245 3658 3443 3714 minus
3493 3663 3582 3715 est

1927 3748 2274 3819 simpliciter
2304 3748 2452 3802 scire
2509 3748 2612 3802 ubi
2646 3747 2869 3818 aliquid
2915 3752 3019 3814 est,
3069 3763 3254 3819 quam
3299 3747 3459 3803 viam
3509 3763 3580 3803 eo

1929 3837 2262 3892 tendentem
2295 3840 2531 3891 tenere:
2565 3841 2620 3891 et
2648 3835 2761 3891 hoc
2788 3838 2964 3891 etiam
2998 3835 3196 3891 minus
3221 3853 3406 3908 quam
3438 3836 3582 3891 illud

1927 3926 1986 3981 in
2018 3925 2268 3998 quaesito
2299 3925 2430 3980 loco
2471 3923 2866 3996 acquiescere.
2916 3925 3355 3996 Consequenter
3378 3941 3584 3996 capro-

1927 4017 2055 4086 pter
2081 4013 2407 4085 discipulus
2429 4013 2682 4078 dubitat,
2713 4029 2821 4068 nec
2853 4013 3116 4069 consistit
3137 4013 3214 4068 ad
3240 4013 3582 4084 oppositum

1928 4119 2042 4158 vox
2071 4101 2467 4157 informantis.
2512 4103 2638 4156 Non
2675 4101 2834 4156 enim
2861 4099 3118 4157 afﬁrmat
3141 4100 3304 4156 viam
3327 4101 3458 4156 illos
3488 4102 3585 4155 ad-

1929 4193 2046 4248 huc
2069 4196 2284 4255 tenere,
2313 4191 2404 4246 vel
2432 4206 2551 4262 quo
2576 4189 2743 4246 vadit
2765 4191 2882 4258 ;vel
2909 4190 3422 4246 conversationem
3447 4205 3586 4245 cum

1929 4297 2000 4337 eo
2031 4281 2088 4335 in
2135 4279 2315 4349 caelis,
2364 4279 2468 4335 sed
2499 4279 2758 4335 futurum
2807 4279 2970 4346 olim,
3018 4279 3145 4334 hzec
3182 4278 3327 4350 ipsis
3357 4279 3588 4333 innote-

1931 4367 2116 4437 scadt,
2149 4385 2286 4424 cum
2331 4373 2654 4424 revertetur
2691 4368 2832 4439 ipse,
2879 4373 2934 4423 et
2962 4368 3292 4439 assumptio
3345 4367 3586 4422 illorum

1931 4457 2404 4513 conﬁrmabitur.
2427 4459 2523 4511 Est
2547 4461 2745 4512 autem
2773 4471 3078 4526 regressus
3111 4455 3205 4512 ille
3237 4454 3584 4521 sacerdotis,

1931 4553 2311 4619 postcrucem
2327 4551 2381 4601 et
2395 4545 2876 4600 resurrectionem
2893 4543 3150 4616 perfecta
3162 4545 3325 4616 apud
3338 4544 3480 4599 disci
3489 4559 3590 4614 pu-

1931 4637 2022 4692 los
2042 4636 2392 4707 apparentia
2412 4653 2424 4689 :
2442 4651 2578 4690 cum
2597 4638 2778 4689 Deum
2793 4633 3246 4707 planissimeille
3259 4648 3591 4704 agnoscen-

1937 4731 2041 4795 tes,
2066 4729 2121 4779 et
2160 4724 2316 4779 viam
2344 4723 2678 4788 didicerint,
2711 4729 2766 4780 et
2791 4739 2912 4796 quo
2942 4722 3144 4778 vadit:
3175 4727 3230 4778 et
3255 4722 3418 4794 quod
3449 4737 3588 4777 cum

1935 4816 2066 4886 ipso
2099 4813 2368 4870 mansuri
2399 4814 2516 4868 sint
2540 4814 2601 4868 in
2629 4813 2902 4870 fruitione
2943 4813 3239 4868 bonorum
3289 4813 3590 4868 inenarra-

1935 4903 2146 4960 bilium
2171 4921 2184 4967 ;
2214 4919 2322 4958 nec
2353 4901 2800 4959 distractionem
2835 4903 2930 4958 hic
2967 4901 3151 4957 ullam
3185 4901 3589 4973 patiebantur,

1938 4993 2042 5048 sed
2071 5007 2188 5048 non
2211 4991 2378 5047 aliter
2397 5007 2582 5064 quam
2615 4991 2662 5046 si
2673 4992 2803 5062 jam
2834 5007 2971 5046 cum
2995 5007 3066 5046 eo
3085 4991 3168 5046 ibi
3192 4995 3591 5055 versarentur,

1937 5083 2018 5139 ita
2056 5097 2156 5153 per
2188 5096 2358 5153 spem
2389 5079 2864 5136 lastiticabantur.
2901 5080 3156 5136 Omnino
3188 5083 3338 5134 certe
3365 5078 3454 5135 vel
3483 5080 3598 5135 hoc

1939 5171 2061 5226 vult
2101 5171 2248 5226 illud
2279 5187 2291 5225 :
2329 5193 2356 5223 (ι
2385 5173 2610 5226 Rursus
2642 5171 2833 5237 venio,
2868 5193 2888 5220 ›
2929 5169 3018 5224 vel
3053 5185 3396 5240 regressum
3425 5169 3597 5225 intel-

1939 5259 2065 5330 ligit
2093 5260 2154 5315 in
2185 5259 2445 5315 secundo
2467 5259 2656 5332 ipsius
2686 5265 2742 5314 et
2769 5257 3131 5315 formidabili
3155 5258 3434 5323 adventu,
3459 5273 3598 5313 cum

1943 5353 1998 5406 et
2026 5349 2227 5405 locum
2271 5349 2436 5406 illum
2469 5349 2715 5408 beatum
2746 5353 2804 5408 et
2842 5349 3025 5413 viam,
3057 5352 3114 5405 et
3152 5347 3598 5406 oblectationem

306 5505 354 5540 δ’
392 5504 563 5560 Joan.
598 5519 716 5569 V111,
753 5506 844 5561 54.
933 5505 980 5540 ⁶⁴
1017 5505 1193 5561 Joan.
1231 5519 1350 5571 xrv,
1377 5503 1430 5558 4.
1509 5504 1556 5538 ⁵³
1591 5502 1736 5562 ibid.
1772 5507 1824 5560 5.

1929 5503 1950 5538 ⁸
1991 5500 2138 5558 ibid.
2166 5502 2219 5558 3.
2299 5502 2344 5536 ‘7
2386 5499 2512 5557 ibid
2541 5503 2594 5558 4.
