4136 6198
512 240 619 311 615'
1740 246 1977 308 PHOTII
2018 246 2502 306 PATRIARCHE
2542 246 2657 307 cr.
3783 244 3897 309 616

514 382 575 435 in
625 379 858 446 eodem,
905 394 1011 451 per
1057 382 1344 435 internum
1376 378 1635 435 habituri
1688 379 1805 434 sint
1869 377 2147 448 experien

2281 395 2391 450 ριον
2423 375 2606 428 ἐκεῖνον
2636 384 2830 449 χῶρον,
2856 382 2945 429 καὶ
2973 385 3070 428 τῶν
3101 380 3149 429 ἐν
3183 377 3321 447 αὐτῷ
3350 381 3442 435 τὴν
3465 378 3773 447 ἀπόλαυσιν,
3797 376 3897 432 διὰ

514 468 681 523 tiam.
2283 472 2372 523 τῆς
2402 469 2581 539 πείρας
2615 465 2779 525 αὐτῆς
2810 462 2992 526 ἀίδίως
3018 469 3265 519 εἴσονται.

587 575 905 640 QU/ESTIO
950 576 988 630 C
1021 574 1229 645 [CoisL
1274 573 1530 639 CCLXIII,
1574 575 1753 629 Taur.
1816 570 2099 642 CCLXIV].
2872 578 3182 625 Ermuzlz
3224 572 3293 628 ν’.

586 682 713 738 Cur
741 682 986 751 angelus
1012 698 1130 737 non
1150 682 1302 737 venit
1327 682 1407 737 ad
1426 680 1635 753 Joseph
1667 686 1983 753 antequam
2010 679 2099 733 in-

2285 678 2378 727 Διὰ
2442 682 2493 727 τί
2556 682 2625 749 μὴ
2684 681 2784 751 πρὸ
2837 686 2929 730 τοῦ
2995 688 3168 732 πεσεῖν
3226 687 3316 732 τοῦ
3384 679 3579 753 Ἰωσὴφ
3637 681 3704 742 εἰς
3764 681 3898 734 ἀπο-

745 749 1175 809 άιὶὺίιαιίοηρηι
1207 754 1279 809 de
1324 749 1568 823 Virgine
1590 749 1878 808 incideret
1910 750 1938 805 ?
2354 766 2378 820 ρ

2354 752 2476 834 ρίάν
2526 754 2642 823 περὶ
2704 749 2794 810 τῆς
2866 754 3149 823 Παρθένον,
3209 753 3233 803 ό
3296 751 3513 823 ἄγγελος
3554 749 3702 810 ’ἦλθε
3759 759 3898 826 πρὸς

2356 838 2511 871 αυτον
2538 836 2551 885 ;

1323 947 1477 996 Edita
1506 947 1851 1001 Montacutio,
1889 958 1970 1008 ep.
2009 944 2117 998 182,
2164 941 2230 989 ad
2270 942 2533 1005 Eulamp.,
2570 959 2621 1007 p.
2654 946 2878 993 270-271.
2916 946 2971 993 ln
3004 946 3240 995 Matth.r.
3278 948 3356 995 20.

585 1067 733 1120 Cum
761 1064 982 1136 Joseph
1026 1063 1486 1134 cogitationibus
1523 1061 2032 1118 inextricabilibus
2056 1059 2173 1114 dis-

2352 1058 2472 1111 ”Οτε
2524 1060 2589 1120 εἰς
2655 1060 2874 1133 ἀπορίαν
2938 1062 3201 1134 λογισμῶν
3270 1067 3496 1121 κατέστη
3568 1065 3593 1115 6
3665 1064 3894 1135 Ἰωσὴφ,

513 1154 863 1217 traheretur,
906 1154 1073 1209 aﬂuit
1114 1157 1334 1225 praesto
1382 1152 1630 1222 angelus
1670 1151 1905 1206 illarum
1953 1149 2146 1204 discor

2281 1153 2394 1199 τότε
2423 1150 2447 1199 6
2477 1150 2695 1220 ἄγγελος
2729 1150 2917 1208 ἐπέστη
2967 1151 3099 1202 λύων
3143 1156 3235 1209 τὴν
3284 1155 3387 1225 ἔριν
3430 1161 3529 1203 τῶν
3568 1152 3841 1225 λογισμῶν
3880 1172 3892 1181 ·

513 1241 677 1298 diam
725 1242 1065 1298 sedaturus.
1113 1244 1260 1297 Cum
1311 1241 1467 1296 enim
1510 1240 1583 1294 de
1634 1245 1808 1311 partu
1851 1237 2146 1292 dubitaret

2279 1238 2358 1288 ὅτε
2412 1240 2511 1311 γὰρ
2567 1235 2868 1310 διηπορεῖτο
2933 1246 3051 1313 περὶ
3105 1248 3175 1310 τῷ
3231 1247 3386 1311 τόκῳ,
3427 1246 3516 1293 καὶ
3576 1241 3896 1313 ἀμηχανίας

514 1335 694 1403 atque
719 1334 873 1385 totus
896 1329 1309 1384 incertitudine
1334 1328 1650 1393 laboraret,
1675 1342 1706 1382 e
1733 1326 2001 1396 cogitatis
2027 1324 2147 1379 sati:

2279 1325 2388 1386 ὅλος
2436 1326 2648 1398 ἐγένετο,
2698 1326 2855 1387 δῆλον
2902 1329 2953 1391 ἐξ
2991 1331 3057 1380 ὧν
3105 1327 3370 1394 διενοεῖτο,
3426 1336 3514 1382 καὶ
3571 1334 3693 1383 ὅσον
3739 1336 3892 1383 οὔπω

512 1424 696 1491 patet,
728 1418 871 1492 quid
901 1423 1140 1474 acturus
1177 1422 1491 1490 parturiret
1525 1435 1537 1470 :
1568 1439 1593 1467 «
1634 1414 1945 1485 Cogitabat
1968 1418 2145 1469 auten

2276 1415 2485 1489 πράξειν
2530 1416 2725 1487 ἔμελλεν
2752 1436 2763 1447 ’
2800 1438 2829 1468 ‹‹
2863 1418 3148 1477 Ἐϐουλήθη
3202 1421 3324 1493 γὰρ,
3380 1426 3533 1489 φησὶ,
3581 1420 3752 1495 λάθρα
3792 1421 3890 1472 αὖ·

514 1507 853 1564 clanculum
885 1508 1178 1562 dimittere
1204 1506 1367 1563 illam
1395 1506 1461 1561 ⁵⁸.
1496 1526 1522 1557 ››
1554 1504 1705 1570 Quin
1734 1520 1843 1559 nec
1871 1502 2027 1557 clam
2058 1516 2147 1555 nec

2274 1510 2367 1561 τὴν
2444 1504 2745 1557 ἀπολῦσαι·
2804 1507 2893 1558 οὐκ
2974 1507 3034 1559 ἂν
3114 1512 3230 1560 οὔτε
3312 1509 3481 1581 λάθρα
3560 1514 3676 1561 οὔτε
3758 1510 3896 1571 ὅλως

513 1596 762 1653 omnino
811 1596 973 1651 illam
1012 1594 1359 1661 dimisisset,
1390 1596 1437 1649 si
1473 1600 1771 1649 tumorem
1811 1592 1978 1647 illum
2018 1594 2145 1645 uter

2274 1590 2536 1664 ἐκπέμψαι
2586 1590 2903 1658 διανοηθείς,
2952 1596 2994 1647 εἰ
3042 1599 3194 1648 νόθου
3243 1605 3400 1666 γονῆς
3442 1600 3527 1649 τὸν
3574 1602 3726 1669 ὄγκον
3767 1598 3891 1651 ἐπέ-

514 1688 589 1742 de
616 1685 903 1741 adulterio
936 1690 1321 1755 procuratum
1368 1683 1712 1754 suspicatus
1756 1681 1978 1736 fuisset.
2018 1682 2147 1735 Cuu

2272 1699 2452 1732 πειστο
2496 1690 2585 1741 τῆς
2623 1690 2849 1756 γαστρός
2882 1704 2893 1716 ·
2950 1690 3090 1756 νόμῳ
3137 1682 3194 1737 δὲ
3244 1690 3331 1736 καὶ
3379 1692 3622 1759 τιμωρίᾳ,
3678 1684 3889 1740 δικαιο-

514 1774 673 1831 enim
727 1778 887 1829 esset
935 1773 1177 1843 justitiaa
1226 1788 1365 1828 cum
1424 1772 1633 1844 primis
1677 1777 1911 1826 amator
1955 1769 2032 1825 ad
2089 1768 2147 1823 le

2277 1772 2437 1831 σύνης
2475 1771 2540 1820 ὠν
2592 1772 2824 1842 μάλιστα
2872 1776 3096 1847 ἐραστὴς
3139 1777 3321 1827 θᾶττον
3376 1774 3434 1826 ἂν
3480 1773 3776 1848 παρεδίδου
3828 1797 3890 1829 το

514 1878 618 1933 ges
668 1868 726 1918 et
781 1862 1140 1934 supplicium
1184 1861 1348 1917 illam
1400 1859 1874 1931 transcripsisset
1923 1863 2147 1930 proptei

2272 1858 2512 1929 τόλμημα
2540 1879 2550 1890 ·
2596 1858 2723 1912 ἀλλά
2757 1870 2908 1913 τοῦτο
2960 1866 3049 1934 μὲν
3103 1862 3195 1914 οὐκ
3263 1862 3565 1916 ἐπέπειστοο
3602 1865 3632 1922 ἢ
3689 1885 3744 1918 τε
3780 1874 3889 1939 γὰρ

513 1951 659 2007 illud
687 1950 1001 2020 ﬂagitium.
1036 1954 1427 2024 Nequaquam
1456 1964 1595 2005 vero
1628 1949 1739 2003 sibi
1769 1949 1881 2003 hoc
1922 1962 2146 2019 persual

2275 1945 2654 2021 ἀνυπέρϐλητος
2704 1948 2854 2021 ἀρετὴ
2910 1960 3000 2011 τῆς
3048 1954 3485 2022 μνηστευθείσης,
3528 1959 3618 2004 καὶ
3669 1955 3699 2011 ἠ
3760 1962 3890 2027 πρέ-

514 2045 691 2109 serat,
736 2056 874 2095 cum
906 2044 1059 2095 esset
1100 2038 1463 2095 incredibilis
1507 2038 1891 2109 desponsatas
1936 2036 2119 2091 virtus

2273 2054 2448 2087 πουσα
2504 2036 2703 2107 φυλακὴ
2778 2047 2867 2090 τοῦ
2938 2048 3235 2112 μνηστῆρος
3306 2048 3480 2092 πᾶσαν
3546 2040 3886 2113 ἀπετείχιζεν

511 2134 567 2185 et
592 2129 757 2201 proci
799 2144 1135 2200 congruens
1164 2128 1455 2193 custodia,
1488 2143 1740 2200 pravam
1784 2141 2027 2181 omnem
2068 2141 2136 2179 su

2274 2124 2503 2194 ὑποψίαν
2554 2126 2647 2177 οὐκ
2714 2127 2871 2197 εὐαγῆ
2910 2144 2921 2156 ·
2961 2125 3084 2180 οὐδὲ
3132 2128 3320 2180 ἐκείνου
3364 2125 3422 2181 δὲ
3469 2130 3621 2182 πάλιν
3671 2134 3888 2183 σύνεσιν

512 2218 840 2291 spicionem
873 2216 1250 2284 excludebat,
1280 2217 1380 2271 sed
1425 2232 1531 2271 nec
1561 2215 1883 2284 intelligere
1914 2218 2141 2286 poterat

2276 2211 2433 2284 εἶχεν,
2478 2216 2541 2273 ὡς
2587 2216 2691 2286 ἄρα
2740 2217 2882 2277 θείας
2928 2215 3177 2288 ἐνεργείας
3227 2219 3256 2274 ἡ
3300 2220 3493 2279 κύησις
3550 2215 3610 2276 ἦν
3672 2234 3685 2248 ’
3751 2222 3884 2296 ὑπὲρ

509 2306 675 2378 quod
706 2306 1013 2378 conceptio
1032 2323 1065 2361 a
1089 2306 1291 2361 divina
1313 2306 1657 2376 operatione
1678 2311 1837 2370 erat;
1865 2309 2142 2359 transcen

2275 2305 2464 2354 ἔννοιαν
2507 2306 2605 2376 γὰρ
2646 2303 2969 2375 ἀνθρωπίνην
3023 2305 3376 2379 ἐχρημάτιζεν
3433 2309 3462 2364 ἡ
3516 2309 3702 2382 πρᾶξις
3734 2326 3746 2337 ·
3793 2305 3885 2361 διὸ

510 2395 691 2450 debat
732 2395 1065 2451 humanam
1108 2410 1351 2449 omnem
1384 2393 1804 2462 cogitationem
1850 2392 1947 2447 illa
1987 2392 2142 2447 actio

2275 2399 2379 2451 τοῖς
2409 2391 2682 2464 λογισμοῖς
2712 2392 3031 2465 ἐκυμαίνετο,
3066 2400 3155 2447 καὶ
3188 2401 3240 2447 τί
3271 2394 3352 2459 ἂν,
3386 2392 3711 2470 διηπορεῖτο,
3746 2417 3885 2468 πρα-

514 2483 861 2539 Fluctuabat
874 2484 1048 2552 igitur
1064 2482 1682 2553 cogitabundus,quid
1697 2481 1888 2537 facere
1901 2480 2142 2536 deberet

2275 2480 2509 2552 ξάμενος,
2554 2485 2616 2533 τὰ
2662 2480 2857 2555 ἀρεστὰ
2889 2487 3107 2557 πράττοι
3150 2492 3220 2554 τῷ
3262 2493 3394 2555 Θεῷ.
3427 2484 3550 2539 Ὀτε
3595 2495 3721 2555 γοῦν
3765 2491 3885 2539 τού-

513 2571 673 2626 unde
704 2571 961 2643 placeret
1012 2574 1149 2626 Deo.
1184 2571 1329 2625 Cum
1369 2570 1714 2640 hujusmodi
1759 2569 2018 2625 volveret
2046 2574 2146 2624 turi

2274 2588 2381 2631 τοις
2448 2568 2693 2623 ἐκλονεῖτο
2755 2580 2859 2632 τοῖς
2912 2572 3205 2645 λογισμοῖς,
3258 2578 3372 2627 τότε
3430 2574 3542 2626 λίαν
3596 2575 3884 2650 ἐπικαίρως

512 2661 684 2716 batus
743 2660 1155 2730 cogitationes,
1204 2658 1483 2728 angelum
1537 2659 1594 2713 in
1646 2674 1771 2714 rem
1811 2662 2145 2730 praesentet:

2274 2658 2488 2728 ἄγγελον
2536 2658 2726 2729 ἀφῆκεν
2758 2673 2803 2729 Ρ,
2835 2662 2860 2712 6
2905 2668 2965 2719 τῆ
3018 2664 3298 2735 παρθενικῇ
3354 2664 3549 2735 γαστρί
3587 2669 3673 2716 τόν
3726 2670 3884 2735 ὄγκον

511 2748 865 2805 amandavit
884 2751 1054 2815 Deus,
1077 2748 1179 2820 qui
1208 2746 1560 2803 miraculose
1589 2752 1882 2803 tumorem
1910 2746 2074 2803 illum
2104 2747 2144 2803 ir

2277 2748 2704 2820 θανματουργών,
2749 2750 3067 2823 στηρίζοντα
3120 2751 3273 2803 αὐτὸν
3325 2752 3401 2823 ἐφ’
3442 2754 3513 2812 οἷς
3557 2748 3663 2804 ἔδει
3713 2757 3885 2823 μένειν

513 2837 782 2908 virgineo
828 2844 994 2893 utero
1039 2836 1312 2892 minister
1342 2836 1578 2892 fecerat.
1640 2841 1701 2891 ut
1740 2837 1801 2890 in
1845 2835 1957 2891 illis
2005 2837 2139 2891 Jose

2274 2834 2551 2893 ἁκλόνητον
2595 2843 2683 2888 καὶ
2745 2840 2993 2912 σταθερὸν
3028 2858 3039 2871 '
3099 2836 3184 2891 διό
3242 2860 3391 2911 φησι,
3436 2864 3462 2889 α
3513 2849 3597 2898 Μη
3643 2840 3884 2914 φοϐηθῇς

508 2927 697 2999 phum
721 2925 1142 2989 constabiliret,
1175 2926 1233 2981 in
1256 2925 1480 2998 quibus
1504 2924 1728 2980 stabilis
1758 2924 2006 2980 omnino
2031 2940 2138 2996 per

2272 2924 2607 2997 παραλαϐεῖν,
2643 2947 2669 2978 ›)
2715 2932 2803 2978 καὶ
2846 2927 2962 2989 ἑξῆς
2997 2945 3008 2957 ’
3066 2950 3085 2976 ι
3143 2933 3207 2980 Σὺ
3251 2932 3360 3000 μὲν,
3410 2935 3560 3000 φησὶ,
3615 2930 3887 3003 λαθραίως

510 3016 718 3072 sistere
751 3015 977 3071 debuit.
1012 3015 1099 3070 Ait
1123 3030 1264 3084 ergo
1297 3037 1308 3068 :
1348 3036 1373 3063 ‹‹
1402 3017 1480 3070 Ne
1506 3015 1715 3069 timeas
1741 3014 2007 3086 accipere
2038 3016 2143 3081 69,;

2272 3013 2478 3086 μελετᾷς
2531 3014 2792 3085 ἐκπέμψαι
2839 3021 2931 3073 τὴν
2982 3020 3251 3091 παρθένον,
3293 3039 3315 3067 ι)
3370 3015 3561 3078 δεδιὼς
3609 3026 3882 3090 κατέχειν,

509 3110 619 3161 etc.
652 3108 755 3171 Tu,
795 3104 1091 3178 inquiens,
1138 3108 1362 3159 secreto
1395 3104 1645 3159 statuisti
1695 3103 1859 3175 apud
1889 3104 2142 3160 animun'

2273 3104 2331 3161 ἣν
2384 3110 2531 3165 τόκος
2581 3101 2775 3164 ἄδηλος
2813 3107 2923 3175 ἔχει
2955 3122 2965 3134 ⁸
3006 3104 3105 3177 ἐγὼ
3156 3103 3215 3159 δέ
3258 3106 3366 3179 [σε]
3416 3107 3754 3180 παραλαϐεῖν,
3789 3114 3885 3160 καὶ

509 3194 801 3249 dimittere
830 3194 1145 3262 virginem,
1174 3193 1393 3247 veritus
1421 3191 1582 3247 illam
1613 3193 1890 3257 detinere,
1919 3208 2056 3263 quas
2083 3192 2142 3247 al

2269 3195 2412 3265 παρά
2445 3200 2643 3263 σεαυτῷ
2672 3193 2811 3264 ἐχειν
2845 3196 3168 3265 προστάσσω
3197 3215 3207 3226 ’
3244 3217 3270 3245 «
3303 3200 3358 3247 τὸ
3390 3199 3490 3271 γὰρ
3523 3196 3570 3247 ἐν
3602 3197 3733 3269 αὐτῇ
3766 3216 3882 3266 γεν-

509 3283 711 3353 ignoto
762 3285 1234 3355 imprtegnatur;
1292 3296 1403 3351 ego
1454 3287 1505 3336 te
1540 3281 1726 3351 jubeo
1774 3281 1937 3336 illam
1992 3281 2069 3336 ad
2106 3286 2142 3334 tt

2268 3283 2436 3345 νηθὲν,
2493 3280 2547 3332 ἐκ
2602 3285 2895 3353 Πνεύματός
2936 3282 3076 3334 ἐστιν
3134 3283 3287 3355 ἁγίου
3330 3298 3344 3313 ’
3394 3306 3421 3333 ››
3476 3290 3565 3336 καὶ
3606 3288 3663 3336 οὐ
3721 3292 3882 3357 μόνον

510 3387 814 3426 assumere
845 3387 855 3425 :
893 3390 921 3420 «
948 3386 1091 3425 nam
1121 3370 1286 3442 quod
1312 3370 1371 3425 in
1395 3386 1464 3425 ea
1488 3375 1693 3424 natum
1724 3375 1830 3437 est,
1852 3370 1920 3424 de
1948 3369 2143 3440 Spiriti

2270 3368 2539 3421 ἀνεύθυνον
2582 3375 2674 3428 την
2731 3379 3090 3443 κυοφοροῡσαν
3142 3372 3291 3439 τελεῖ,
3334 3370 3448 3424 οὐδ’
3509 3373 3635 3448 ὑπὲρ
3678 3376 3883 3448 afﬁgu-

510 3464 718 3515 sancto
741 3464 830 3514 est
855 3460 903 3503 ⁷ο
931 3478 943 3527 ;
968 3479 997 3511 ν)
1022 3475 1131 3514 nec
1154 3458 1571 3514 tantummodo
1588 3458 1960 3513 immunema
1985 3456 2143 3527 culp:

2268 3478 2361 3510 πον
2415 3456 2576 3521 δόξης
2628 3464 2715 3510 καὶ
2764 3459 3127 3534 λαμπρότητος
3188 3461 3395 3535 πληροῖ,
3458 3461 3584 3513 ἀλλὰ
3640 3470 3729 3515 καὶ
3782 3470 3880 3516 κό-

510 3556 915 3620 praagnantem
947 3548 1165 3608 statuit,
1218 3546 1324 3602 sed
1369 3546 1557 3616 gloria
1607 3562 1741 3601 eam
1796 3552 1850 3601 et
1875 3545 2143 3614 dignitati

2271 3567 2383 3618 σμῳ
2446 3553 2596 3600 παντὶ
2657 3554 2830 3623 Σωτὴρ
2886 3554 3112 3601 τίκτεται
3168 3556 3257 3602 καὶ
3328 3550 3614 3622 λυτρωτής.
3678 3552 3880 3603 Ε’ἇκαί-

510 3636 665 3691 ultra
686 3637 1014 3692 humanam
1042 3642 1319 3692 naturam
1342 3635 1560 3707 replet:
1590 3635 1731 3707 quia
1754 3634 1959 3689 mundi
1982 3634 2143 3689 totius

2267 3658 2387 3709 ρως,
2432 3640 2535 3710 οἰρα
2563 3637 2620 3688 οὗ
2666 3642 2910 3711 πρότερον
2955 3640 2979 3689 6
3026 3640 3239 3710 ἄγγελος
3286 3639 3602 3711 ἐπιφαίνεται
3649 3650 3721 3710 τῷ
3770 3642 3882 3693 Ἰω-

513 3727 886 3782 Servatorem
936 3730 991 3780 et
1046 3724 1478 3797 redemptorem
1538 3723 1743 3794 gignit.
1820 3725 2146 3795 Opportune

2271 3731 2396 3797 σηφ,
2431 3726 2535 3777 ἀλλ’
2568 3729 2649 3778 ὅτε
2680 3727 2833 3779 αὐτόν
2866 3726 3141 3799 ἀμφίϐολοι
3188 3725 3538 3799 διετάρασσον
3586 3729 3837 3801 λογισμοί
3866 3750 3877 3760 ·

510 3815 793 3887 quocirca
824 3813 1073 3883 angelus
1122 3818 1179 3867 et
1226 3828 1345 3867 non
1396 3813 1561 3884 prius
1608 3812 1886 3885 apparuit
1914 3812 2134 3884 Joseph

2268 3816 2349 3866 ὅτε
2386 3817 2485 3888 γὰρ
2535 3812 2744 3888 σφοδρὰ
2787 3817 2815 3873 ἡ
2854 3815 3007 3881 ξάλη,
3040 3822 3153 3868 τότε
3183 3817 3415 3888 μάλιστα
3458 3816 3677 3888 γλυκεῖα
3708 3821 3737 3875 ἡ
3772 3840 3882 3888 γα-

511 3909 634 3959 tum
669 3919 803 3957 cum
838 3901 1225 3973 cogitationes
1266 3901 1565 3971 ambiguae
1591 3902 1899 3957 distractas
1924 3901 2005 3956 illi
2030 3902 2144 3957 red!

2266 3902 2413 3960 ληνη.
2466 3909 2564 3955 Καὶ
2606 3907 2681 3969 τό,
2727 3922 2754 3954 ι(
2786 3908 2878 3961 την
2918 3907 3142 3975 γυναῖκά
3189 3924 3338 3957 σου»
3374 3902 3433 3957 δέ
3469 3923 3480 3935 ·
3517 3904 3631 3957 ἀντὶ
3681 3914 3770 3958 τοῦ
3835 3911 3882 3962 ρ’

508 3992 713 4047 derent
739 3990 1148 4061 cogitationes,
1182 4005 1320 4044 cum
1360 3990 1519 4044 enim
1560 3989 1968 4045 vehementius
2000 3991 2141 4047 attol

2267 3994 2367 4043 ὅσα
2416 4012 2474 4062 γε
2517 3991 2571 4043 ἐκ
2625 4000 2715 4043 τοῦ
2768 3997 2840 4063 μὴ
2899 3996 3029 4065 πρὸς
3076 3995 3241 4065 ἕτερον
3301 3992 3491 4066 ἄνδρα,
3542 4002 3673 4067 μήτε
3731 4000 3883 4068 ὄμμα

504 4079 706 4136 luntur
725 4079 963 4145 ﬂuctus,
1000 4078 1397 4151 tranquillitas
1440 4083 1530 4133 est
1575 4079 2049 4150 exoptatissima.
2092 4078 2137 4133 Ix

2266 4086 2396 4151 μήτε
2438 4081 2687 4151 λογισμὸν
2741 4080 3147 4143 ἐπιϐεϐληκέναι,
3202 4088 3332 4133 σῶόν
3394 4102 3477 4134 σοι
3526 4088 3617 4135 καὶ
3663 4084 3879 4137 dum-

506 4185 578 4226 eo
615 4168 782 4241 quod
825 4169 986 4233 dicit,
1031 4189 1058 4220 (ι
1113 4170 1365 4223 Uxorem
1408 4173 1597 4233 tuam,
1641 4187 1668 4219 »
1710 4168 1957 4224 intendit
1993 4168 2139 4223 illan

2265 4174 2489 4240 τόμητον
2537 4173 2630 4227 τὴν
2678 4178 2770 4231 τῆς
2816 4173 3063 4239 γυναικὸς
3111 4167 3518 4242 διατηρόσασαν
3571 4172 3716 4235 τάξιν
3747 4191 3758 4202 ·
3789 4180 3882 4225 καὶ

506 4257 974 4313 nulliaddictam
1008 4272 1020 4310 ε
1054 4272 1164 4311 ncc
1186 4256 1381 4311 visum
1412 4270 1519 4310 nec
1541 4255 1958 4326 cogitationem
1987 4257 2139 4313 alior

2265 4255 2393 4330 μηδ’
2444 4257 2643 4330 ἐπινοίᾳ
2697 4258 2931 4310 λύσασαν
2981 4264 3097 4319 τοὺς
3152 4261 3374 4332 θεσμοὺς
3426 4268 3517 4322 τῆς
3565 4269 3876 4333 μνηστείας.

507 4363 640 4401 sum
685 4344 1071 4417 impendisse,
1117 4343 1225 4399 sed
1264 4344 1464 4399 uxoris
1506 4349 1724 4399 statum
1764 4345 2061 4416 integrum
2101 4361 2131 4401 e

2266 4346 2459 4408 ’Ἄλλως
2512 4366 2565 4398 τε
2609 4344 2667 4399 δὲ
2713 4352 2801 4398 καὶ
2837 4356 3085 4417 ’γυναῖκας
3132 4351 3241 4409 ἔθος
3290 4346 3351 4407 ἧν
3403 4350 3574 4401 καλεῖν
3626 4349 3875 4415 παλαιὸν,

504 4435 853 4491 inviolatum
876 4434 1203 4489 custodisse
1225 4432 1414 4497 docet,
1450 4434 1529 4488 ita
1557 4438 1619 4489 ut
1650 4449 1760 4489 nec
1791 4434 1994 4490 animo
2032 4435 2137 4491 vio

2265 4441 2352 4487 καὶ
2422 4435 2483 4497 ἃς
2564 4441 2717 4507 μόνος
2790 4438 2818 4493 ἡ
2892 4444 2981 4496 τῆς
3037 4442 3323 4508 μνηστείας
3402 4435 3594 4510 δεσμός
3661 4436 3876 4491 συνεδέ-

502 4523 708 4580 laverit
730 4524 892 4593 leges
928 4521 1321 4595 sponsalium.
1366 4524 1585 4577 Uxores
1634 4538 1810 4594 porro
1848 4524 2039 4579 dicere
2078 4526 2135 4581 at

2268 4544 2386 4596 σμει
2438 4524 2529 4576 κᾶν
2578 4527 2603 4577 6
2650 4534 2741 4585 τῆς
2800 4524 2999 4595 ὁμιλίας
3047 4527 3226 4586 αὐταῖς
3275 4527 3368 4579 οὐκ
3432 4528 3741 4599 ἐγινώσκετο
3796 4536 3881 4581 νό-

502 4613 744 4684 antiquo
774 4628 884 4667 usu
901 4617 1007 4677 est,
1023 4627 1178 4683 quas
1195 4611 1500 4666 vinculum
1529 4611 1810 4683 sponsale
1826 4612 2019 4668 solum
2041 4614 2155 4669 col-
2264 4633 2378 4686 μσς.

500 4700 728 4773 ligavit,
755 4701 889 4757 licet
921 4715 1278 4771 congressus
1307 4699 1433 4770 lege
1462 4715 1584 4755 non
1616 4706 1900 4757 servatur.

609 4809 926 4875 QU/ESTIO
958 4806 1022 4863 Cl
1066 4805 1257 4878 [CoisL
1305 4808 1568 4864 CCLXIV.
1614 4808 1795 4864 Taur.
1824 4811 2041 4881 CCLV].

1668 4823 1795 4864 aur.
1824 4811 2041 4881 CCLV].
2832 4817 3142 4865 ΕΡΩΤΗΣΙΣ
3184 4812 3301 4870 ΡΑ’.

506 4916 655 4984 Quid
682 4916 789 4970 sibi
814 4916 941 4971 vult
976 4932 988 4969 :
1033 4936 1061 4963 «
1113 4913 1357 4993 Vendife
1388 4929 1510 4984 quae
1546 4916 1878 4993 possidetis,
1933 4924 1988 4974 et
2016 4919 2139 4977 date

2262 4926 2323 4973 Τί
2342 4920 2472 4972 ἐστι·
2501 4941 2529 4971 (ι
2561 4917 2843 4976 Πωλήσατε
2868 4922 2933 4971 τὰ
2954 4921 3264 4992 ὑπάρχοντα
3283 4925 3367 4972 καὶ
3398 4917 3519 4973 δότε
3550 4930 3797 4993 πτωχοῖς
3822 4946 3878 4987 ι),

1028 4985 1416 5054 pauperibus,
1452 5008 1477 5034 υ
1506 4991 1617 5042 etc.

1535 4991 1617 5042 tc.
2960 5012 3009 5045 x.
3044 4985 3168 5045 τίλ.

1030 5109 1183 5159 Edita
1213 5122 1245 5159 a
1274 5109 1619 5167 Montacutio,
1653 5124 1735 5173 cp.
1774 5112 1863 5161 187
1894 5113 1978 5177 ad,
2010 5114 2362 5180 Chritophor.,
2404 5130 2455 5179 p.
2508 5117 2663 5164 275-21

1561 5113 1619 5167 lo,
1653 5124 1735 5173 cp.
1774 5112 1863 5161 187
1894 5113 1978 5177 ad,
2010 5114 2362 5180 Chritophor.,
2404 5130 2455 5179 p.
2508 5117 2729 5164 275-286.
2773 5115 2830 5162 In
2850 5116 2973 5163 Luc.
3002 5129 3086 5171 xu,
3119 5115 3194 5163 33.

572 5228 827 5284 Dubium
860 5244 889 5281 a
914 5231 965 5282 te
987 5225 1359 5298 propositum
1391 5226 1512 5282 scio
1529 5226 1671 5283 olim
1703 5234 1758 5285 et
1788 5230 2059 5289 acerbius
2097 5239 2155 5291 et

2334 5238 2439 5292 Τὴν
2488 5238 2584 5291 σὴν
2633 5232 2873 5305 ἀπορίαν,
2918 5237 3007 5285 καὶ
3052 5236 3354 5306 πικρότερον
3398 5236 3485 5283 καὶ
3550 5227 3875 5307 διαμύτερον

574 5406 619 5441 ⁸⁸
662 5404 863 5463 Matth.
894 5421 931 5469 ι,
968 5408 1051 5461 19.
1131 5405 1177 5439 ⁶⁹
1220 5403 1364 5461 ibid.
1400 5408 1488 5459 20.
1567 5405 1615 5440 το
1656 5404 1800 5462 ibid.

1827 5523 2062 5580 VARI/E
2104 5526 2508 5585 LECTIONES.

568 5652 597 5698 P
626 5641 684 5697 C.
726 5642 792 5697 Μ.
828 5638 866 5694 f.
908 5641 1036 5696 157⁸
1067 5636 1265 5714 ἕφῆκεν.
1302 5648 1331 5691 P
1360 5638 1437 5690 ἶσ.
1470 5641 1586 5696 τήν.
