4136 6198
238 326 348 381 617

1239 326 1336 381 AD
1377 324 1929 381 AMPHILOCHIUM
1970 322 2300 390 QUIESTIO
2343 327 2406 395 C,
2453 329 2536 383 CI.

3577 131 3583 154 l

3505 333 3612 387 618

237 448 370 505 οἶδα
416 455 537 504 ποτε
601 449 864 520 Ἰουλιανῷ
917 457 988 520 τῷ
1044 450 1327 524 Παραϐάτη
1384 448 1846 524 διεσκευασμένην·

1965 450 2312 508 virulentius
2332 469 2438 526 per
2457 453 2760 510 Iulianum
2778 452 3129 526 parabatem
3156 455 3615 527 propositum,et

237 542 274 593 οἱ
319 549 450 612 γοῦν
503 539 552 591 ἓν
591 546 698 600 τοῖς
740 543 866 611 πρὸς
918 538 1104 592 ἐκεῖνον
1144 541 1302 604 εἶπον,
1344 546 1430 592 καὶ
1477 541 1545 592 ὧν
1588 543 1616 599 ἡ
1673 545 1850 612 μνήμη

237 635 335 688 τὴν
389 633 650 701 σωτηρίαν
689 631 821 699 ἔχει,
879 635 1043 680 ταῦτα
1082 625 1149 687 δή
1191 649 1276 681 σοι
1305 632 1410 704 ἄρα
1445 633 1676 703 γράφων,
1719 628 1851 682 ἀπο-

238 727 464 793 χρῶσαν
517 713 666 789 οἶμαι
702 721 795 774 τήν
848 715 997 768 λύσιν
1055 723 1471 792 παρεσχηκέναι.
1521 719 1723 789 Ἔλεγεν
1765 715 1852 770 οὖν

239 807 454 871 ἕκεῖνος,
506 805 678 880 ὥσπερ
720 804 1156 879 ἐμπανηγυρίζων
1205 815 1316 868 ταῖς
1368 809 1504 860 κατά
1553 817 1648 870 τῆς
1696 807 1850 865 Ἀλη-

242 897 383 955 θείας
421 894 652 969 ύϐρεσιν,
705 902 942 946 τοιαῦτα’
977 914 1005 944 ‹‹
1047 897 1336 948 Ἀκούσατε
1383 896 1541 948 καλοῦ
1571 901 1660 948 καὶ
1710 896 1852 949 πολιο

237 984 392 1036 τικοῦ
430 984 888 1058 παραγγελματος.
936 983 1221 1042 Πωλησατε
1269 988 1336 1037 τά
1383 986 1712 1060 ὑπάρχοντα,
1761 990 1850 1037 καὶ

239 1071 366 1125 δότε
423 1080 674 1144 πτωχοῖςο
741 1077 998 1130 ποιήσατε
1052 1073 1254 1135 ἑαυτοῖς
1308 1073 1566 1145 βαλάντια
1623 1079 1694 1146 μή
1753 1093 1850 1126 πα-

236 1161 539 1234 λαιούμεναο
606 1164 804 1222 ταύτης
875 1167 950 1222 τίς
1020 1161 1178 1214 εἰπεῖν
1259 1166 1374 1234 ἔχει
1450 1162 1849 1238 πολιτικωτέραν

236 1260 332 1312 τῆς
377 1250 576 1311 ἐντολῆς
609 1267 622 1316 ;
661 1251 719 1302 Εἰ
760 1254 861 1323 γὰρ
893 1252 1070 1311 πάντες
1111 1270 1196 1302 σοι
1223 1253 1497 1317 πεισθεῖεν,
1547 1256 1628 1311 τίς
1657 1253 1682 1302 ὁ
1721 1252 1849 1309 ὠνη-

239 1347 453 1412 σομενος
519 1357 532 1405 ;
583 1339 778 1392 ἐπαινεῖ
834 1344 915 1401 τίς
965 1343 1158 1398 ταύτην
1215 1345 1308 1398 τήν
1359 1337 1733 1408 διδασκαλίαν,
1791 1342 1850 1400 ἧς

236 1432 636 1502 κρατυνθείσης,
690 1429 749 1480 ού
801 1428 972 1491 πόλις,
1023 1429 1116 1480 οὐκ
1173 1431 1333 1499 ἔθνος,
1401 1429 1494 1481 ούκ
1553 1430 1695 1482 οἰκία
1753 1435 1850 1501 μία

237 1524 615 1584 συστήσεται;
662 1527 768 1579 πῶς
827 1520 950 1590 γὰρ,
1025 1520 1322 1591 πραθέντων
1399 1519 1659 1586 ἁπάντων,
1713 1515 1849 1579 οἶκος

236 1611 444 1680 ἔντιμος
500 1605 722 1660 δύναταί
767 1626 839 1670 τε,
902 1610 929 1664 ἧ
987 1606 1128 1658 οἰκία
1173 1619 1200 1661 ρ
1237 1625 1249 1669 ;
1281 1610 1340 1659 τὸ
1390 1604 1466 1676 δε,
1517 1609 1593 1658 ὁτι
1649 1611 1848 1659 πάντων

236 1699 370 1769 ὀμού
437 1705 535 1748 τῶν
589 1695 638 1748 ἐν
688 1704 749 1768 τῇ
795 1695 940 1748 πόλει
986 1700 1434 1770 πιπρασκομένων,
1471 1695 1564 1747 ούκ
1603 1697 1662 1748 οἶν
1705 1698 1849 1771 εὑρε-

1964 541 2316 598 meditatum
2349 561 2362 602 :
2399 545 2542 609 Quas
2574 543 2630 598 in
2671 542 2835 598 illum
2867 541 3198 615 aliquando
3228 544 3523 612 dicebam,
3555 551 3614 602 et

1963 645 2097 700 quas
2146 631 2438 688 memoria
2482 637 2708 688 retenta
2767 633 3138 699 conservavi,
3178 633 3392 689 eadem
3443 634 3522 690 ad
3559 640 3611 690 te

1961 732 2121 774 nunc
2137 721 2466 792 perscripta,
2486 721 2888 790 sufficientem,
2902 722 3134 792 opinor,
3152 723 3612 793 suppeditabunt

1961 807 2338 865 solutionem.
2371 809 2612 865 Dicebat
2640 825 2783 880 ergo
2821 809 2936 874 ille,
2974 811 3371 867 contumelias
3410 814 3612 883 conje-

1960 902 2128 952 ctans
2145 897 2205 952 in
2224 898 2557 962 Veritatem,
2581 899 2751 971 quasi
2772 914 2875 970 per
2896 915 3265 971 panegyrem
3284 899 3394 956 ista
3418 917 3430 956 :
3454 921 3478 952 ε
3499 911 3608 956 Au-

1958 984 2077 1040 dite
2095 1001 2201 1041 vos
2228 987 2604 1058 praeclarum,
2630 994 2684 1042 et
2704 1003 2839 1042 cum
2870 987 3188 1058 prudentia
3206 989 3448 1061 politica
3471 1006 3612 1046 con-

1952 1073 2228 1144 junctum
2281 1075 2638 1132 consilium:
2684 1077 2923 1131 Vendite
2982 1093 3114 1148 quae
3167 1078 3506 1149 possidetis,
3557 1084 3612 1136 et

1958 1161 2090 1218 date
2118 1163 2506 1234 pauperibus.
2540 1165 2894 1235 Comparate
2935 1164 3104 1220 vobis
3131 1181 3453 1222 crumeuas
3485 1183 3609 1223 non

1958 1256 2408 1307 veterascentes.
2454 1251 2667 1324 Ecquis
2707 1253 2900 1322 magis
2937 1269 3075 1308 cum
3119 1253 3322 1325 politia
3361 1257 3610 1327 conjun-

1959 1345 2120 1395 ctum
2145 1345 2506 1412 praeceptum
2528 1341 2805 1398 dederit?
2823 1341 2922 1396 Cui
2951 1341 2999 1396 si
3025 1357 3236 1398 omnes
3253 1343 3606 1415 obtenpera-

1958 1434 2105 1494 rent,
2139 1429 2620 1501 quotusquisque
2645 1434 2893 1485 restaret
2910 1433 3146 1501 emptor
3167 1431 3195 1488 ?
3220 1433 3432 1503 Ecquis
3449 1433 3608 1488 hanc

1958 1517 2292 1573 doctrinam
2307 1517 2641 1574 laudaverit
2656 1519 2684 1574 ?
2709 1534 2844 1590 quae
2865 1518 2909 1573 si
2932 1517 3214 1584 obtineat,
3240 1536 3360 1576 non
3374 1521 3604 1590 civitas,

1958 1621 2080 1660 non
2106 1621 2272 1676 gens,
2304 1621 2426 1663 non
2456 1607 2677 1662 domus
2709 1607 3071 1663 subsisteret.
3101 1609 3418 1672 Quomodo
3448 1611 3608 1666 enim

1959 1693 2271 1751 divenditis
2303 1702 2360 1751 et
2387 1696 2683 1751 distractis
2705 1695 3008 1761 omnibus,
3029 1695 3243 1751 domus
3261 1698 3467 1770 aliqua
3489 1699 3610 1754 fue-

239 1788 368 1838 θεῖεν
425 1787 475 1837 οἱ
532 1783 894 1857 ἀγοράζοντες,
946 1789 1155 1857 φανερὸν
1224 1783 1362 1836 ἐστιν
1419 1789 1508 1836 καὶ
1582 1791 1846 1857 σιωπώμε-

1958 1783 2238 1854 ritpretio
2270 1782 2620 1839 redimenda
2645 1783 2674 1838 ?
2706 1783 2909 1856 Liquet
2940 1787 3165 1850 autem,
3205 1783 3343 1840 licet
3380 1801 3490 1841 nos
3529 1791 3611 1841 ta-

234 1894 342 1926 νον.
385 1897 402 1923 ι
439 1877 534 1926 Διά
572 1876 818 1926 τοιούτων
866 1876 956 1944 μὲν
1005 1873 1291 1945 λογισμῶν,
1326 1875 1351 1925 ὁ
1398 1873 1713 1947 Παραϐάτης
1759 1882 1849 1934 τῆς

237 1967 376 2024 θείας
422 1963 622 2023 ἐντολῆς
669 1959 1079 2023 κατασκεδάζων
1102 1965 1146 2016 (ι’
1187 1967 1279 2020 τὴν
1319 1963 1536 2035 χλεύην,
1590 1965 1753 2014 οἰεταί
1797 1981 1849 2013 τι

238 2056 399 2124 σοφὸν
448 2059 536 2104 καὶ
587 2059 816 2122 γενναῖον
859 2059 1044 2107 ποιεῖν.
1099 2051 1158 2103 Ὀ
1203 2048 1261 2104 δε
1309 2059 1402 2123 τῇς
1457 2050 1722 2110 Ἀληθείας
1767 2049 1850 2102 λόο

234 2161 347 2212 γος,
409 2138 513 2193 ὦδέ
574 2161 679 2201 πως
731 2140 1084 2215 ἐπιρῤαπίζων
1153 2143 1211 2192 τὸ
1260 2137 1606 2214 μειρακιῶδες
1690 2139 1849 2191 αὐτοῦ

235 2236 330 2283 καὶ
376 2232 570 2304 σαθρὸν
608 2239 705 2282 τῶν
744 2229 923 2301 λόγων·
979 2237 1182 2302 πρῶτον
1220 2233 1310 2301 μέν
1365 2248 1523 2300 φησιν
1578 2231 1660 2290 ὡς’
1699 2224 1848 2280 οὐδὲν

239 2323 568 2392 θαυμαστὸν,
629 2318 671 2371 εἰ
722 2316 794 2370 δι’
850 2319 914 2379 ἧς
957 2318 1182 2382 ἐντολῆς,
1238 2327 1312 2389 τῷ
1352 2325 1686 2392 σοφρονοῦντι
1715 2321 1850 2388 μέγα

235 2409 415 2482 ὄφελος
472 2413 807 2483 περιγίνεται,
872 2413 960 2459 xui
1033 2409 1207 2479 θαῦμα
1263 2408 1430 2478 γλυκύ
1480 2410 1612 2480 πρὸς
1658 2406 1850 2478 ύμνους

237 2496 495 2570 διεγεῖρον
526 2507 618 2549 τού
648 2498 950 2568 νομοθέτου,
1001 2492 1095 2548 διά
1119 2504 1213 2558 τῆς
1259 2496 1425 2557 αὐτῆς
1463 2498 1489 2548 ὁ
1517 2494 1844 2569 παραϐάτης,

235 2587 351 2639 ἀντὶ
399 2591 489 2659 μεν
544 2590 808 2659 σωτηρίας
851 2584 1075 2656 βλάϐην,
1127 2584 1240 2636 ἀντὶ
1271 2582 1328 2637 δε
1378 2580 1595 2657 κέρδους
1631 2585 1844 2656 ζημίαν,

234 2683 328 2728 καὶ
380 2675 497 2727 ἀντὶ
538 2683 629 2727 τοῦ
677 2677 838 2746 χάριν
879 2670 1069 2726 εἰδέναι
1109 2676 1171 2726 τά
1211 2672 1502 2745 βλάσφημα
1537 2673 1699 2744 λέγειν
1734 2672 1849 2724 ἐαυ-

232 2774 311 2837 τῷ
351 2770 792 2838 προσεπορίσατο.
829 2762 980 2816 ’Ἐστι
1009 2766 1100 2834 μεν
1144 2764 1266 2836 γὰρ,
1301 2766 1438 2814 ἔστιν
1470 2764 1593 2832 ὁρᾲν
1624 2766 1680 2813 τὸ
1717 2760 1844 2832 ἀγαο

235 2857 346 2918 θὸν,
405 2855 503 2905 ὑπὸ
552 2861 645 2914 τῆς
692 2858 809 2926 περὶ
866 2851 992 2903 αὐτὸ
1047 2859 1146 2903 τῶν
1202 2849 1480 2922 ἀνθρώπων
1544 2847 1843 2914 διαθέσεως,

233 2941 369 2997 δυσὶ
428 2946 627 3002 τούτοις
672 2941 1214 3015 περιστοιχιζόμενον,
1276 2940 1492 3014 αἱρέσει,
1547 2939 1699 3009 λέγω,
1756 2944 1845 2990 καὶ

232 3040 406 3105 φυγῇ·
471 3033 538 3082 ὧν
587 3033 616 3088 ἡ
673 3034 762 3102 μεν
808 3033 929 3092 τούς
986 3032 1343 3102 αἱρουμένους,
1395 3027 1477 3080 ἐπὶ
1522 3032 1613 3086 τήν
1658 3025 1847 3100 ἀμείνω

231 3121 385 3183 τάξιν
426 3120 714 3191 ἀνάγουσα,
763 3121 948 3180 θεατὰς
997 3128 1088 3170 τοῦ
1127 3117 1342 3178 κάλλους
1381 3120 1456 3169 ἔτι
1506 3115 1714 3189 μᾶλλον,
1759 3120 1847 3168 καὶ

837 3207 1206 3280 ἀπεργάζεται·
1281 3214 1342 3278 τῇ
1403 3207 1677 3280 προσθήκη
1753 3214 1847 3266 τῆς

1054 3297 1363 3369 προσθήκην
1433 3294 1689 3346 ἐντιθεῐσα
1754 3301 1846 3345 τοῦ

229 3215 488 3280 γνησίους
543 3208 760 3282 ἐραστὰς

231 3302 285 3352 ἓν
355 3301 542 3371 θεωρίᾳ
617 3295 975 3367 καταλήψεως,

231 3392 441 3461 ἔρωτος’
494 3389 523 3445 ἡ
581 3383 638 3440 δε
689 3390 806 3445 τούς
855 3385 1096 3448 οἰκείους,
1164 3388 1232 3445 ὡς
1276 3383 1592 3459 πορρωτάτω
1643 3403 1846 3455 συμφυ-

228 3474 560 3549 γαδεύουσα,
615 3481 705 3527 καὶ
756 3478 891 3525 κατά
943 3483 1184 3548 κρημνῶν
1260 3478 1350 3525 καὶ
1419 3472 1681 3525 σκοπέλων
1752 3476 1843 3523 καὶ

230 3572 428 3641 μυρίας
476 3566 670 3626 πλάνης
719 3570 966 3637 φέρουσα,
1023 3561 1112 3614 ἁτε
1172 3559 1240 3621 δὴ
1290 3561 1494 3633 ἐφάπαξ
1555 3569 1650 3622 τῆς
1719 3565 1846 3634 πρὸς

230 3661 292 3708 τὸ
335 3655 524 3726 ἀγαθὸν
577 3657 723 3706 ustio:
763 3673 832 3714 ως
877 3649 1244 3716 διαστήσασα,
1295 3656 1383 3703 καὶ
1428 3650 1592 3708 λήθην
1627 3649 1844 3722 βαθεῖαν

230 3752 326 3797 τοῦ
383 3744 542 3795 καλοῦ
598 3745 848 3814 θεάματος
897 3740 1258 3809 ἐμποιήσασα,
1318 3745 1456 3811 μόνῳ
1507 3736 1575 3797 δή
1635 3744 1844 3813 χαίρειν

229 3843 305 3903 τῷ
356 3841 444 3892 τῆς
492 3837 674 3892 κακίας
727 3829 937 3890 ἕνεθίζει
983 3830 1143 3900 ζόφῳ,
1203 3834 1290 3881 καὶ
1334 3827 1558 3900 τυφλούς
1607 3829 1711 3899 οὐχ
1757 3829 1844 3886 ἧτ-

229 3942 320 3974 τον
385 3926 414 3978 ἡ
502 3921 774 3992 πολεμίους
834 3929 929 3980 τῆς
988 3927 1125 3990 σφων
1184 3922 1446 3985 σωτηρίας
1535 3921 1840 3990 περίστησι.

229 4014 408 4081 Ταύτῃ
450 4029 530 4061 τοι
569 4016 658 4061 καί
720 4009 1015 4072 Ἰουλιανὸς,
1073 4016 1142 4077 τῷ
1200 4016 1293 4068 τῆς
1343 4005 1673 4066 ἀποστασίας
1724 4010 1846 4075 γνό-

232 4121 312 4172 φῳ
351 4099 472 4156 ὃλην
501 4102 596 4156 τήν
644 4097 832 4169 ψυχήν
869 4097 1230 4168 τεθολωμένος,
1279 4100 1368 4148 καὶ
1418 4098 1511 4156 τάς
1554 4093 1718 4166 ὁψεις,
1769 4091 1843 4147 δι’

230 4190 302 4240 ὧν
355 4191 385 4247 ή
445 4187 738 4258 κατάληψις
789 4195 883 4238 τοῦ
927 4191 1118 4261 κυρίως
1159 4185 1302 4246 ὃντος
1355 4183 1704 4257 ἀφῃρημένος,
1751 4182 1847 4255 ἕχ-

233 4281 354 4352 θρός
413 4283 501 4330 καὶ
548 4277 792 4348 πολέμιος
843 4283 952 4336 ταῖς
1008 4275 1080 4336 εἰς
1129 4279 1185 4326 τὸ
1249 4273 1463 4349 ἀριστον
1525 4272 1846 4344 ἀναγούσαις

231 4366 462 4428 ἐντολαῖς
537 4363 909 4418 ἐπιδείκνυταιο
973 4365 1024 4424 ὃς
1103 4361 1227 4416 οὐδὲ
1321 4367 1638 4424 τηλικαύτης
1717 4360 1844 4434 ἐφεί-

234 4463 369 4509 σατο
452 4455 790 4508 καθυλακτεῖν
860 4459 1230 4527 παραινέσεως·

233 4546 456 4616 ἀπάγειν
510 4545 859 4617 ἐφιλονείκησε
916 4549 1010 4602 τὴν
1069 4547 1259 4603 παντὸς
1309 4541 1457 4605 ἀξίαν
1508 4546 1717 4595 ἐπαίνου
1756 4545 1846 4592 καὶ

233 4638 518 4706 θαύματος.
560 4639 629 4687 Τὸ
668 4636 790 4706 γὰρ,
839 4653 862 4683 α
902 4631 1184 4689 Πωλήσατε
1231 4634 1293 4683 τά
1338 4633 1649 4705 ὑπάρχοντα
1681 4632 1845 4713 ὑμῶν⁹

230 4729 324 4776 καὶ
357 4719 476 4776 δότε
513 4722 883 4795 ἐλεημοσηνύν.
919 4740 948 4771 »
990 4726 1108 4773 τίνα
1141 4723 1489 4792 συμπαθείας,
1522 4725 1636 4772 τίνι
1669 4715 1728 4771 δε
1752 4727 1848 4780 τῆς

229 4816 362 4887 πρὸς
418 4811 666 4872 ἀλλήλους
715 4809 939 4870 ἀληθοης
1007 4809 1206 4869 εὐνοίας
1279 4808 1514 4884 ἀφορμήν
1599 4808 1837 4860 ἐλλείπει⁶

232 4900 342 4953 ἀλλ’
415 4901 739 4973 ἐγκράτειαν,
811 4897 937 4950 ἀλλά
997 4901 1359 4971 σωφροσύνην,
1410 4903 1484 4957 τίς
1540 4894 1598 4951 δε
1650 4895 1844 4968 μᾶλλον

229 4999 325 5050 τῆς
380 4988 585 5051 ἐντολῆς
641 4991 838 5050 ταύτης
894 4986 1202 5059 φιλοσοφίας
1257 4983 1641 5052 διδάσκαλος;
1700 4983 1845 5055 Ούχὶ

233 5077 295 5134 δὲ
338 5081 540 5132 πάντων
580 5087 679 5130 τῶν
717 5079 918 5140 παθῶν,
973 5079 1072 5129 ὅσα
1122 5081 1314 5128 τίκτειν
1352 5073 1463 5127 οἶδε
1510 5079 1568 5126 τὸ
1602 5074 1848 5146 φιλάργυ-

231 5189 343 5240 ρον,
400 5168 682 5240 ἐλευθερίαν
735 5167 1021 5239 χαρίζεται
1068 5183 1081 5231 ;
1140 5172 1240 5217 που
1289 5167 1390 5238 γὰρ
1440 5163 1603 5220 κλοπή
1667 5163 1843 5235 φιλαρ-

231 5263 420 5332 γυρίας
455 5257 804 5330 ἀνῃρημένης,
855 5265 956 5308 που
1001 5251 1052 5306 δ’
1085 5254 1296 5327 ἁρπαγή
1325 5273 1342 5324 ;
1374 5262 1474 5306 πού
1502 5251 1560 5306 δὲ
1584 5253 1803 5310 ληστεία
1831 5268 1843 5317 ;

1958 1888 2226 1935 ceamus,
2254 1871 2419 1944 quod
2456 1871 2504 1926 si
2537 1871 2739 1927 omnia
2783 1871 3199 1938 venderentur,
3234 1871 3399 1928 haud
3431 1873 3611 1930 futuri

1959 1966 2096 2016 sunt
2127 1960 2365 2016 ulterius
2407 1964 2724 2032 emptores.
2761 1981 2790 2012 »
2822 1960 3030 2017 Taliter
3067 1960 3398 2016 discursum
3441 1963 3610 2019 insti—

1962 2055 2132 2105 tuens
2160 2049 2474 2121 parabata,
2519 2049 2874 2105 mandatum
2913 2049 3188 2106 divinum
3225 2050 3484 2108 ludibrio
3514 2068 3611 2108 ex-

1960 2139 2144 2210 ponit,
2191 2154 2374 2210 seque
2401 2139 2458 2192 in
2512 2153 2584 2193 eo
2632 2137 2960 2208 prudenter
2989 2143 3045 2194 et
3070 2153 3290 2208 genero
3341 2155 3406 2194 se
3452 2147 3610 2196 retur

1959 2227 2231 2297 gessisse.
2267 2229 2480 2282 Verum
2511 2226 2771 2282 veritatis
2807 2225 3116 2291 sententia,
3152 2228 3329 2299 quasi
3355 2228 3609 2302 colapho

1959 2318 2234 2389 impacto,
2259 2315 2337 2372 ad
2353 2315 2513 2371 hunc
2536 2314 2785 2371 modum
2802 2317 3081 2385 rejectam
3109 2316 3386 2373 exsibilat
3411 2318 3605 2388 pueri-

1958 2405 2076 2460 lem
2097 2411 2154 2460 et
2182 2404 2455 2476 putidam
2494 2403 3026 2460 ratiocinationem.
3073 2404 3367 2477 Imprimis
3407 2408 3612 2462 statuit

1959 2493 2300 2550 mirandum
2341 2508 2462 2548 non
2517 2509 2666 2557 esse,
2711 2491 2759 2547 si
2807 2496 3174 2564 preceptum
3223 2493 3391 2558 illud,
3450 2495 3608 2551 unde

1957 2583 2152 2655 quivis
2178 2581 2480 2638 modestur
2499 2597 2571 2637 ac
2595 2581 2860 2652 prudens
2885 2580 3196 2638 utilitatem
3218 2589 3608 2655 percepturus

1957 2678 2063 2741 est,
2096 2671 2190 2727 ille
2223 2669 2528 2740 transfuga
2554 2669 2984 2742 nequissimus,
3015 2686 3124 2742 pro
3149 2671 3338 2727 salute
3361 2687 3606 2739 noxam,

1957 2777 2066 2833 pro
2092 2760 2336 2816 utilitate
2361 2759 2676 2824 damnum,
2704 2775 2810 2830 pro
2838 2757 3169 2828 gratiarum
3192 2761 3422 2816 actione
3453 2761 3608 2818 blas-

1957 2849 2230 2922 phemias
2271 2853 2538 2905 eructare
2585 2849 2693 2903 sibi
2743 2849 3075 2920 praposuit.
3127 2850 3608 2906 Animadvertere

1956 2939 2111 2994 enim
2132 2938 2268 2994 licet
2295 2937 2524 2994 bonum
2555 2937 3148 3009 quodcunquejuxta
3176 2937 3492 2994 hominum
3523 2940 3608 2994 di-

1956 3043 2186 3084 versam
2225 3043 2367 3097 erga
2407 3027 2604 3098 ipsum
2643 3025 3119 3098 dispositionem,
3157 3025 3397 3082 duobus
3443 3027 3606 3084 hisce

1955 3115 2497 3186 circumscriptum,
2539 3113 2823 3170 electione
2857 3113 3140 3169 nimirum
3168 3120 3225 3169 et
3252 3114 3559 3170 aversisne
3589 3132 3602 3170 :

1953 3203 2342 3276 quarumilla,
2371 3203 2682 3275 seligentes
2710 3202 2787 3258 ad
2810 3201 3058 3258 meliora
3075 3201 3354 3272 traducit,
3373 3210 3606 3274 specta-

1952 3296 2111 3346 tores
2151 3306 2540 3364 quoscunque
2569 3295 2871 3346 amatores
2893 3289 3092 3346 adhuc
3121 3291 3312 3360 magis
3345 3292 3602 3364 majores

1951 3387 2216 3452 operata,
2232 3397 2338 3452 per
2348 3380 2744 3451 adjectionem
2760 3379 3090 3436 theoreticae
3108 3379 3602 3452 apprehensionis

1952 3486 2221 3526 amorem
2241 3469 2403 3524 illum
2429 3469 2890 3525 accumulando.
2912 3471 3048 3525 Haec
3079 3475 3280 3524 autem
3304 3486 3446 3525 suos
3479 3469 3606 3526 afﬁ-

1951 3577 2056 3616 nes
2097 3565 2152 3616 et
2176 3558 2496 3616 familiares
2521 3574 2706 3631 quam
2735 3557 2913 3628 longe
2935 3558 3279 3629 etfugando,
3315 3576 3421 3632 per
3451 3577 3606 3633 prae-

1952 3650 2169 3721 cipitia,
2203 3648 2500 3720 scopulos,
2531 3654 2586 3703 et
2611 3646 2869 3703 infinitos
2900 3663 3132 3704 errores
3162 3649 3422 3717 trahens,
3447 3656 3606 3721 post-

1951 3755 2136 3812 quam
2177 3738 2359 3794 semel
2397 3737 2475 3794 ab
2513 3736 2895 3792 inclinatione
2933 3737 3012 3794 ab
3050 3737 3282 3794 bonum
3324 3745 3605 3810 separata

1952 3828 2146 3891 fuerit,
2167 3833 2222 3884 et
2253 3825 2613 3898 profundam
2641 3825 2784 3881 boni
2812 3825 3222 3882 animadversi
3243 3827 3603 3884 oblivionem

1951 3916 2204 3984 induxit,
2241 3914 2380 3971 solis
2409 3914 2702 3970 malorum
2735 3913 2994 3970 tenebris
3024 3914 3305 3971 oblectari
3342 3915 3606 3972 assuefa-

1951 4007 2048 4074 cit,
2075 4009 2134 4060 et
2159 4020 2349 4060 caecos
2375 4019 2493 4058 non
2521 4003 2719 4058 minus
2739 4019 2928 4075 quam
2951 4019 3074 4059 suae
3098 4003 3306 4058 salutis
3329 4004 3605 4060 inimicos

1952 4095 2165 4150 reddit.
2204 4093 2494 4157 Julianus,
2539 4107 2676 4148 cum
2710 4099 2946 4162 partesa
2989 4091 3169 4148 nimaa
3207 4092 3476 4161 singulas
3505 4107 3605 4162 per

1953 4199 2127 4238 suam
2153 4179 2514 4254 apostasiam
2537 4179 2786 4252 pollutas
2814 4179 3063 4236 haberet
3092 4186 3149 4236 et
3177 4181 3493 4236 obvolutas
3526 4188 3604 4235 te-

1952 4271 2175 4338 nebris,
2208 4268 2496 4341 exemplis
2516 4269 2586 4324 iis
2618 4268 2831 4332 oculis,
2865 4283 2970 4339 per
2989 4284 3165 4340 quos,
3191 4268 3248 4323 id
3279 4269 3440 4340 quod
3469 4284 3604 4324 vere

1953 4360 2238 4426 subsistit,
2257 4360 2595 4422 intueretur,
2617 4356 2854 4412 hostem
2872 4373 2934 4411 se
2959 4356 3224 4413 declarat
3253 4365 3307 4412 et
3331 4355 3604 4428 perduel-

1318 4452 1422 4504 ἀλλ’
1483 4453 1555 4514 εἰς
1633 4457 1846 4524 μώμους

1956 4449 2069 4506 lem
2101 4455 2309 4505 contra
2337 4447 2438 4503 illo
2463 4450 2782 4518 praecepta,
2811 4462 2949 4517 quas
2981 4449 3057 4501 ad
3084 4447 3315 4517 optima
3345 4462 3606 4518 quaeque

1955 4539 2280 4594 reformant
2313 4553 2324 4591 :
2359 4551 2468 4591 nec
2497 4533 2722 4590 desistit
2766 4534 3039 4590 allatrare
3069 4535 3344 4606 quamvis
3373 4534 3604 4590 adhibi-

1956 4634 2077 4684 tam
2107 4625 2596 4689 exhortationem,
2629 4627 2684 4678 et
2712 4622 2876 4694 quod
2901 4638 3104 4678 revera
3133 4622 3309 4678 laude
3331 4639 3401 4680 ac
3418 4623 3606 4679 admi-

1955 4717 2180 4773 ratione
2192 4714 2611 4786 diguissimum
2625 4711 2900 4776 habetur,
2918 4712 3162 4768 momice
3178 4711 3602 4768 traducendum

1956 4805 2173 4862 statuit.
2209 4803 2351 4859 Illud
2390 4801 2550 4858 enim
2583 4799 2826 4856 effatum
2861 4817 2874 4855 :
2906 4800 3210 4856 (Vendite
3251 4817 3383 4872 quas
3423 4799 3605 4856 habe-

1959 4894 2046 4960 tis,
2081 4899 2133 4949 et
2159 4893 2605 4962 eleemosynam
2635 4887 2827 4954 facite,
2854 4910 2881 4937 »
2916 4887 2974 4944 in
2999 4904 3114 4962 quo
3129 4887 3424 4944 defectum
3457 4886 3605 4959 pati-

1957 4990 2050 5038 tur
2105 4981 2354 5053 alicujus
2424 4977 2841 5050 compationis,
2919 4984 3020 5032 aut
3077 4978 3324 5046 genuini
3380 4976 3604 5033 amoris

1957 5072 2269 5128 hominum
2287 5084 2431 5138 erga
2447 5066 2727 5123 homines
2749 5082 2762 5132 ;
2783 5065 3211 5122 continentiam
3235 5081 3372 5122 vero
3385 5070 3439 5121 et
3463 5072 3606 5122 tem-

1959 5160 2289 5233 perantiam
2301 5157 2436 5231 quis
2457 5157 2515 5212 in
2532 5154 2914 5227 philosophia
2930 5155 3234 5226 magister,
3250 5154 3606 5210 luculentius

1956 5267 2141 5323 quam
2166 5249 2281 5305 hoc
2295 5250 2661 5320 praeceptum
2683 5243 2902 5301 docet?
2919 5247 3126 5300 Nonne
3148 5244 3457 5317 passiones
3473 5242 3605 5299 illas

1578 5433 1816 5489 VARIIE
1854 5429 2260 5488 LECTIONES.

301 5627 330 5671 q
364 5617 424 5671 C.
462 5617 531 5670 M.
566 5612 710 5674 οἶκος
740 5615 940 5684 ἔντιμος
973 5608 1191 5666 δύναταί
1223 5630 1272 5664 τι
1300 5615 1329 5669 ἤ
1365 5607 1588 5664 δύναταί
1619 5628 1672 5664 τε
1701 5611 1730 5668 ἡ
1773 5610 1934 5668 οἰκία.

2013 5608 2063 5664 η’
2095 5608 2155 5662 C.
2193 5608 2266 5664 Μ.
2301 5601 2724 5664 κατασκευάζων.
