4136 6198
555 331 660 387 6l9

1804 325 2031 383 ΡΗΟἸῚΙ
2073 326 2545 383 ΡΑΤΒΙΑΗΟΗᾹΞ
2585 324 2697 381 CP.

3820 321 3927 374 6'20

557 471 787 522 omnes,
820 469 974 527 quas
1009 470 1221 527 parece
1258 455 1407 511 solet
1446 453 1716 518 avaritia,
1756 453 2052 509 liberrime
2083 468 2207 509 am-

2335 453 2366 503 Ξν
2412 452 2487 512 οἷς
2544 456 2633 502 καὶ
2690 458 2788 501 τῶν
2858 446 3005 501 ἰδίων
3063 452 3091 507 ἡ
3173 446 3396 522 διανομὴ
3465 443 3929 522 περισπούδαστον

556 546 829 619 plectitur
851 544 1136 615 ?rapinaa,
1152 543 1548 609 latrocinium,
1570 548 1704 607 etc.,
1729 544 1830 598 ubi
1846 543 2206 597 consistent?

559 637 605 690 si
620 651 755 707 qum
775 633 1153 705 possidemus
1170 633 1429 688 studiose
1443 633 1782 704 dispergere
1795 632 2209 687 tolerabimus?

564 722 1057 786 concertationes,
1091 722 1252 785 rixae,
1281 721 1894 793 pugnandistudium,
1930 721 2209 775 continuo

562 819 948 876 evanescunt,
983 811 1031 865 si
1058 810 1278 865 divitiis
1309 826 1427 866 non
1459 827 1779 881 parcamus
1810 809 2206 881 dissipandis:

562 902 804 967 lasciva,
835 899 1435 971 prodiga,luxuriosa
1466 899 1704 954 vivendi
1731 899 1878 954 ratio
1918 915 2210 969 nusquam

564 991 885 1061 subrepere
937 988 1169 1060 poterit,
1217 988 1315 1043 ubi
1354 989 1698 1043 dominatur
1736 988 2118 1058 eleemosyna
2160 991 2215 1042 et

564 1079 859 1154 quidquid
888 1084 1190 1148 superstat
1214 1078 1274 1132 in
1300 1095 1471 1133 usum
1504 1093 1862 1148 pauperum,
1892 1083 1947 1131 et
1970 1078 2216 1131 necessi-

569 1174 716 1225 tates
733 1167 1103 1223 alleviandas
1138 1167 1500 1239 impenditur
1532 1182 1699 1238 :quaa
1732 1181 1852 1221 non
1872 1166 2092 1237 patitur
2110 1166 2213 1220 ho-

566 1258 784 1313 minem
825 1256 1314 1311 contumeliosius
1345 1272 1407 1310 se
1434 1271 1655 1325 gerere,
1700 1259 1941 1326 propter
1967 1254 2214 1311 luxuriae

566 1348 891 1402 satietatem
924 1351 1026 1402 aut
1056 1345 1309 1415 alicujus
1328 1344 1570 1400 alterius
1599 1345 1915 1415 voluptatis
1938 1344 2090 1398 unde
2123 1359 2216 1397 so-

564 1436 687 1492 lent
708 1436 1017 1506 passiones
1040 1434 1151 1488 illae
1174 1434 1487 1505 pullulare,
1505 1434 1592 1487 vel
1612 1433 2007 1504 turpitudines
2031 1436 2217 1487 tactus

567 1523 1058 1579 accommodatae.
1104 1523 1412 1590 Quocirca,
1446 1522 1753 1593 quomodo
1784 1522 1907 1576 ﬁeri
1940 1526 2133 1592 potest
2158 1525 2219 1575 ut

567 1613 937 1675 humanitas,
957 1611 1305 1666 communio
1321 1610 1642 1674 bonorum,
1666 1611 1973 1683 dispositio
1988 1611 2063 1665 ad
2083 1626 2217 1665 com

571 1701 979 1757 miserandum
996 1716 1175 1771 super
1188 1704 1445 1768 egentes,
1464 1699 1744 1763 civitates,
1763 1704 1983 1767 gentes,
2002 1699 2218 1754 domos

2320 544 2519 613 opairut'
2579 542 2702 610 ἕρεις
2744 535 2801 591 δὲ
2857 543 2942 590 καὶ
2993 541 3191 611 μάχαι,
3243 544 3334 590 καὶ
3386 538 3714 610 φιλονεικίαι,
3765 537 3825 587 οὗ
3866 543 3927 605 τῇ

2319 640 2415 683 τῶν
2452 631 2743 703 χρημάτων
2787 625 3001 701 ἀφειδίᾳ
3052 630 3243 680 αὐτίκα
3291 628 3748 700 συναφανίζονται·
3807 627 3831 677 ό
3879 622 3933 677 δ’

2322 719 2609 779 ἀκόλαστος
2662 718 2751 769 καὶ
2802 720 3000 778 ἄσωτος
3064 717 3181 790 βίος
3233 720 3336 791 ἄρα
3395 713 3751 790 παρείσδυσιν
3810 715 3933 776 ἔξει,

2323 818 2415 870 τῆς
2482 808 2827 881 ἐλεημοσύνης
2894 808 3295 882 ἐπικρατούσης,
3377 812 3466 858 καὶ
3542 810 3600 858 τό
3676 808 3935 878 περισσόν

2322 899 2456 950 ἁπαν
2511 898 2577 957 εἰς
2629 902 2720 954 τὴν
2774 906 2872 948 τῶν
2930 895 3113 949 ἐνδεῶν
3170 896 3659 956 καταναλ.ισκούσης
3721 898 3934 968 χρείαν,

2323 992 2412 1038 καὶ
2455 987 2548 1037 οὐκ
2588 986 2749 1045 ἐωσης
2798 986 2863 1046 εἰς
2905 991 3056 1058 κόρον
3095 994 3316 1059 τρυφῆς,
3360 987 3387 1043 ἡ
3448 994 3538 1046 τῆς
3590 984 3752 1043 οῦλης
3804 979 3939 1039 ἡδυ-

2323 1078 2537 1135 παθείας
2585 1079 2669 1127 τὸν
2719 1076 2984 1148 ἄνθρωπον
3030 1074 3335 1146 ἐξυϐρίζειν,
3389 1072 3461 1126 δί’
3516 1074 3583 1123 ὧν
3644 1074 3795 1125 εἴωθε
3853 1077 3937 1121 καὶ

2324 1169 2389 1217 τὰ
2437 1172 2552 1237 περὶ
2611 1164 2743 1236 ἁφὴν
2793 1164 3117 1237 αἰσχρότερα
3166 1166 3304 1221 πάθη
3365 1164 3757 1237 παραφύεσθαι.
3825 1168 3942 1220 Πὼς

2326 1251 2412 1306 οὖν
2466 1259 2523 1306 τό
2591 1254 2945 1325 φιλάνθρωπον
3007 1257 3097 1303 καὶ
3150 1256 3467 1321 κοινωνικὸν,
3530 1256 3588 1303 τό
3664 1254 3796 1323 πρὸς
3857 1255 3942 1300 τόν

2327 1343 2457 1394 ἔλεον
2510 1350 2607 1393 τῶν
2666 1343 3000 1412 ἠπορημένων
3058 1342 3286 1412 ἕτοιμον,
3340 1340 3648 1415 ἀναστρέψει
3701 1342 3791 1397 τὰς
3854 1344 3947 1390 πό-

2325 1432 2427 1491 λεις
2454 1436 2542 1483 καὶ
2589 1434 2655 1482 τὰ
2702 1433 2840 1495 ἔθνη,
2893 1435 2979 1481 xui
3028 1434 3121 1491 τὰς
3168 1430 3334 1491 οἰκίας
3362 1447 3374 1495 ;
3402 1450 3508 1490 πως
3548 1426 3607 1481 δὲ
3639 1432 3667 1486 ἠ
3708 1438 3807 1488 τῆς
3848 1429 3949 1500 αρ-

2327 1528 2497 1590 παγῆς
2634 1528 2724 1579 τῆς
2772 1523 3117 1590 λῃστείαςτῆ
3164 1521 3341 1578 πάσης
3371 1518 3539 1578 ἁπλῶς
3584 1514 3807 1579 ἀδικίας
3855 1537 3949 1567 και

2328 1606 2633 1683 τυραννίδος
2686 1608 2962 1682 ἀναίρησις
2986 1620 3030 1673 ³,
3062 1617 3157 1668 τῆς
3215 1607 3539 1679 ἀνθρωπίνης
3587 1610 3735 1659 ἔσται
3784 1626 3953 1657 κατα-

2334 1703 2529 1771 στροφὴ
2580 1698 2875 1765 πολιτείας;
2908 1697 2966 1748 Ὀ
3017 1699 3118 1769 γάρ
3172 1716 3252 1748 τοι
3304 1702 3393 1748 xui
3440 1705 3539 1747 των
3585 1695 3767 1748 ἑαυτοῦ
3820 1715 3952 1751 xm-

568 1794 853 1845 everteret
873 1792 930 1843 et
966 1788 1219 1843 familias
1250 1789 1277 1843 ?
1308 1788 1613 1853 Quomodo
1639 1789 1883 1859 rapinae,
1908 1787 2217 1853 latrocinii,

2335 1789 2506 1858 μάτων
2547 1789 2671 1860 ὑπὲρ
2726 1794 2816 1838 τοῦ
2869 1794 3012 1843 κοινῆ
3059 1785 3451 1846 λυσιτελοῦντος
3485 1782 3803 1856 ὴφειδηκὼς,
3857 1791 3956 1835 καὶ

567 1877 866 1948 injustitiae
902 1882 955 1932 et
995 1876 1324 1947 tyrannidis
1356 1876 1613 1931 sublatio
1638 1876 1822 1931 civilis
1853 1892 1979 1931 esse
2009 1876 2225 1948 poterit

570 1966 1021 2035 gubernationis
1037 1965 1351 2020 subversio
1369 1968 1397 2020 ‘2
1420 1969 1565 2021 Nam
1592 1965 1695 2037 qui
1715 1981 1824 2037 pro
1846 1965 2007 2020 bono
2032 1965 2222 2036 publi-

570 2071 639 2111 co
672 2055 925 2125 propriis
957 2054 1081 2109 suis
1106 2054 1484 2109 facultatibus
1506 2070 1627 2109 non
1661 2055 2006 2125 pepercerit,
2030 2056 2132 2126 qui
2165 2070 2226 2109 se

568 2145 800 2199 vicinos
834 2145 907 2199 de
948 2144 1202 2216 prOpriis
1258 2144 1380 2198 suis
1412 2144 1592 2198 rebus
1631 2144 1957 2207 contulerit,
2005 2145 2107 2214 qui
2167 2160 2227 2198 se

568 2232 977 2288 sublimiorem
1010 2232 1365 2304 praestiterit,
1406 2248 1590 2304 quam
1623 2238 1684 2287 ut
1718 2234 1978 2288 materim
2012 2232 2229 2287 affixus

569 2321 1277 2393 adbmrescat,quomodo
1307 2322 1357 2376 is
1374 2338 1479 2392 per
1504 2323 1782 2393 quamvis
1808 2322 2227 2392 praedictarum

568 2410 920 2483 passionum
950 2412 1255 2482 captivum
1290 2426 1351 2464 se
1393 2410 1607 2465 abduci
1641 2411 1940 2481 patietur?
1965 2413 2089 2465 imo
2130 2426 2231 2482 po-

569 2500 709 2567 tius,
736 2516 874 2555 cum
903 2501 982 2555 ab
1011 2500 1138 2554 istis
1170 2500 1462 2555 omnibus
1504 2515 1693 2571 purus
1733 2499 1921 2563 fuerit,
1949 2505 2005 2555 et
2043 2500 2231 2555 omni-

572 2589 755 2643 modo
781 2588 898 2653 illa,
930 2604 1065 2659 quae
1090 2604 1225 2643 vere
1258 2589 1413 2643 bona
1442 2593 1599 2654 sunt,
1626 2588 1731 2642 sibi
1759 2588 2093 2660 conquirat,
2126 2588 2229 2659 qui

573 2692 694 2732 non
726 2677 907 2732 modo
936 2676 1167 2731 civibus
1201 2677 1605 2746 indigentibus
1648 2677 1961 2732 auxillium
2000 2677 2226 2744 afferat,

577 2766 684 2821 sed
724 2772 779 2820 et
809 2782 914 2837 per
946 2767 1241 2837 privatam
1273 2767 1358 2820 sui
1391 2766 1584 2837 ipsius
1611 2767 2142 2831 conversationem,
2178 2773 2233 2823 et

577 2855 907 2911 maximam
950 2855 1278 2926 praestiterit
1319 2855 1649 2920 utilitatem,
1693 2872 1761 2910 ac
1801 2856 2229 2928 philosophicas

575 2949 628 2999 et
650 2943 922 3000 sublimis
941 2944 1074 2999 vitae
1107 2944 1469 3016 exemplum.
1506 2945 1611 3010 Illi,
1645 2946 1747 3017 qui
1784 2946 1958 3016 quasi
1988 2946 2231 3017 publica

579 3033 1059 3104 complectuntur
1088 3034 1312 3098 omnia,
1347 3034 1440 3105 qui
1474 3033 1744 3090 dexteras
1769 3035 1979 3107 plenas
2005 3036 2232 3091 miseri-

579 3121 784 3177 cordia
806 3122 1080 3187 attolunt,
1112 3123 1214 3193 qui
1235 3122 1355 3178 vim
1383 3128 1439 3178 et
1468 3123 1810 3179 violentiam
1836 3125 2230 3180 exterminant

574 3226 834 3274 omnem,
868 3213 971 3281 qui
1014 3212 1303 3282 iustitiam
1337 3212 1659 3281 honorant,
1691 3217 1746 3267 et
1782 3217 1843 3267 ut
1876 3214 2230 3284 compendio

575 3297 793 3361 dicam,
844 3298 941 3368 qui
981 3314 1041 3353 se
1088 3314 1225 3353 cum
1267 3298 1494 3353 caeteris
1548 3299 1660 3353 sub
1710 3300 1841 3370 pari
1894 3300 2230 3355 conditione

576 3391 783 3454 gerunt
816 3404 827 3443 :
864 3386 964 3440 ubi
998 3401 1104 3458 per
1136 3386 1280 3441 tales
1313 3386 1587 3441 incolitur
1617 3386 1817 3458 aliqua
1844 3388 2074 3455 civitas,
2108 3404 2230 3443 non

577 3477 856 3544 sequetur
881 3473 1172 3529 desolatio
1196 3475 1525 3529 vicinorum
1552 3491 1562 3529 :
1588 3476 1709 3531 imo
1723 3477 1824 3547 qui
1844 3476 2054 3531 diutini
2083 3482 2228 3532 tem-

2333 1882 2436 1935 τοῖς
2490 1875 2709 1932 πλησίον
2769 1874 3095 1946 ἐξιστάμενος
3152 1883 3247 1934 τῆς
3323 1871 3463 1934 ἰδίας
3518 1873 3783 1944 ὠφελείας,
3855 1879 3957 1925 καὶ

2335 1966 2446 2017 ὃλον
2493 1965 2670 2017 ἑαυτὸν
2734 1964 3050 2039 ὑψηλότερον
3114 1967 3295 2037 φέρων,
3355 1971 3451 2024 τῆς
3498 1968 3614 2037 περὶ
3667 1968 3762 2020 την
3820 1962 3961 2019 ὓλην

2336 2057 2707 2129 προσπαθείας,
2766 2062 2876 2115 πῶς
2920 2055 2981 2104 οἶν
3036 2053 3107 2104 ἐνί
3162 2072 3263 2104 τινι
3310 2061 3409 2103 τῶν
3466 2053 3741 2125 εἰρημένων
3790 2050 3957 2108 ἁλοίη

2338 2145 2516 2195 παθῶν
2552 2160 2564 2207 ;
2597 2142 2799 2195 Μᾶλλον
2850 2138 2927 2207 δὲ,
2990 2150 3094 2201 πῶς
3142 2141 3269 2211 οὐχὶ
3318 2145 3512 2193 τούτων
3562 2140 3801 2192 ἁπάντων
3854 2160 3961 2191 κα-

2342 2236 2589 2305 θαρεύων,
2644 2232 2810 2301 ἐαυτῷ
2869 2250 2923 2283 τε
2991 2228 3335 2304 διαφερόντως
3408 2232 3826 2301 καταπράττοιτο
3886 2234 3967 2280 τὰ

2341 2326 2496 2382 ὅντως
2550 2325 2667 2371 ὄντα
2724 2319 2915 2390 ἀγαθὰ,
2978 2324 3067 2371 καὶ
3122 2326 3225 2379 τοῖς
3276 2318 3526 2381 πολίταις,
3581 2318 3638 2369 οὐ
3675 2322 3832 2389 μόνον
3875 2316 3965 2370 δι’

2341 2411 2407 2461 ὧν
2484 2409 2825 2483 ἐπεκούρησεν
2884 2411 3272 2482 ἀπορουμένοις,
3347 2406 3473 2459 ἀλλὰ
3519 2412 3608 2459 καὶ
3656 2404 3728 2457 δι’
3785 2407 3965 2459 αὐτοῦ

2341 2500 2455 2551 καθ’
2516 2499 2694 2549 ἑαυτὸν
2748 2497 3119 2569 πολιτεύματος
3175 2501 3309 2567 μέγα
3366 2499 3428 2547 οἶν
3486 2500 3561 2553 εἰη
3621 2496 3793 2567 ὄφελος
3859 2504 3964 2549 καὶ

2341 2584 2641 2658 ὑπόδειγμα
2696 2586 2974 2658 φιλοσόφου
3030 2592 3118 2637 καὶ
3176 2585 3379 2656 ὑψηλοῦ
3444 2585 3565 2657 βίου
3622 2586 3967 2656 προτεθειμ-

2340 2697 2441 2738 νος.
2487 2678 2576 2727 Ἐκ
2622 2676 2680 2728 δὲ
2720 2679 2965 2727 τοιούτων
3000 2672 3221 2749 ἀνδρῶν,
3254 2678 3400 2726 κοινὰ
3425 2679 3515 2746 μὲν
3564 2678 3629 2726 τὰ
3669 2678 3789 2726 ὄντα
3821 2694 3961 2748 προ-

2338 2768 2595 2829 τιθέντων,
2661 2764 2823 2825 ἐλέους
2879 2760 2936 2816 δε
3003 2764 3229 2835 πλήρους
3290 2766 3377 2823 τὰς
3432 2760 3603 2825 δεξιὰς
3658 2769 3966 2835 προτεινόν-

2339 2875 2457 2918 των,
2512 2860 2601 2905 καὶ
2656 2853 2777 2925 βίαν
2827 2857 2917 2924 μὲν
2970 2860 3143 2904 πᾶσαν
3184 2852 3509 2917 ἐλαυνόντων,
3562 2855 3618 2904 τὸ
3651 2849 3861 2903 δίκαιον
3894 2850 3966 2904 ϐε

2339 2949 2624 3015 τιμώντων,
2682 2947 2770 2993 καὶ
2822 2948 3087 3013 συντόμως
3140 2942 3316 3006 εἰπεῖν,
3358 2940 3405 2993 ἐν
3454 2946 3553 3011 ἴσῳ
3586 2941 3785 3001 ἑαυτοῖς
3831 2944 3965 3001 τοὺς

2340 3033 2560 3089 πλησίον
2623 3036 2959 3101 ποιουμένων·
3024 3034 3051 3087 η
3116 3030 3168 3081 ἐκ
3239 3034 3484 3081 τοιούτων
3544 3026 3745 3103 ἀνδρῶν
3799 3029 3961 3090 πόλις

2272 3122 2660 3198 ροίκιζομένη,
2710 3120 2813 3193 ἀρα
2867 3122 3061 3192 φθορᾶς
3134 3119 3190 3171 ἐκ
3240 3124 3477 3190 γειτόνων
3536 3122 3701 3170 ἔσται·
3765 3123 3795 3175 ἦ
3852 3139 3957 3188 μα-

2340 3218 2447 3282 κρῷ
2496 3214 2584 3261 καὶ
2638 3210 2759 3261 ὅσαι
2810 3215 3016 3260 πώποτε
3060 3216 3274 3279 συχνοῖς
3306 3212 3442 3260 ἔτεσι
3486 3213 3578 3264 τὴν
3610 3204 3961 3277 εὐδαιμονίαν

2342 3303 2500 3370 ἔσχον
2562 3302 3052 3372 παραμετρουμένην
3125 3303 3211 3349 καὶ
3279 3301 3473 3349 τούτων
3524 3296 3740 3347 ἁπασῶν
3805 3295 3962 3367 ἀμεί-

2340 3411 2408 3439 νω
2451 3408 2503 3440 τε
2548 3392 2636 3439 καὶ
2683 3385 3091 3446 διαιωνίζουσαν
3124 3385 3312 3458 μᾶλλον
3341 3391 3434 3443 τὴν
3484 3382 3739 3458 διαμονήν
3768 3404 3828 3437 τε
3858 3396 3958 3437 καί

2340 3482 2397 3529 τό
2428 3477 2565 3536 κλέος
2597 3476 2714 3538 ἓξει.

576 3562 739 3633 poris
767 3561 1040 3617 felicitate
1069 3568 1207 3618 sunt
1247 3563 1459 3634 gavisi,
1503 3564 1778 3620 eamdem
1814 3566 2079 3620 numeris
2107 3567 2230 3621 suis
2262 3566 2708 3638 perfectionem,
2740 3570 2794 3620 et
2822 3564 2997 3634 longa
3029 3565 3339 3619 duratione
3364 3564 3770 3619 continuatam
3805 3580 3956 3619 cum

578 3650 767 3720 gloria
798 3652 1050 3706 trahent.

650 3738 866 3794 Verum
896 3740 1159 3810 prudens
1192 3741 1283 3796 ille
1311 3742 1574 3811 julianus
1596 3758 1717 3799 non
1745 3744 1856 3799 hoc
1889 3743 2233 3800 intendebat

579 3833 643 3883 ut
668 3828 899 3883 videtur
925 3850 935 3882 :
967 3829 1127 3884 cives
1159 3846 1300 3886 suos
1327 3830 1567 3888 volebat
1596 3832 1757 3902 gravi
1784 3837 1839 3887 et
1865 3833 2018 3889 dura
2049 3850 2230 3890 manu

576 3917 813 3987 injecta,
856 3917 931 3972 de
963 3917 1171 3973 alienis
1204 3919 1514 3975 laboribus
1546 3920 1858 3976 facultates
1891 3922 2003 3976 sibi
2034 3924 2232 3994 acqui-

577 4022 726 4071 rere,
768 4023 876 4062 nec
918 4023 1158 4079 parcere
1200 4009 1291 4065 vel
1332 4010 1729 4066 latrocinandi
1780 4011 2068 4077 audaciae,
2112 4029 2231 4068 non

578 4096 825 4168 quidem
865 4096 1133 4161 insidias,
1178 4114 1297 4153 non
1328 4099 1450 4154 vim
1492 4105 1756 4171 apertam
1800 4100 2229 4171 subterfugere.

579 4184 751 4250 Quod
779 4185 823 4239 si
850 4200 954 4256 per
975 4186 1355 4256 tyrannidem
1377 4187 1662 4243 insultare
1680 4194 1970 4260 oporteat,
1993 4191 2043 4244 si
2064 4190 2234 4261 quid-

578 4290 762 4346 quam
803 4274 1111 4329 Phalaride
1135 4277 1521 4331 truculentius
1553 4279 1924 4333 etcrudelius
1958 4280 2029 4334 sit
2051 4295 2234 4349 agen-

578 4364 745 4427 dum,
789 4363 836 4417 si
876 4365 1198 4435 superandi
1236 4382 1441 4421 omnes
1480 4368 1557 4422 ab
1601 4368 1718 4423 ullo
1766 4369 2027 4423 facinore
2067 4368 2233 4424 fami-

581 4453 785 4522 gerati,
833 4452 975 4507 nihil
1031 4454 1276 4509 omnino
1321 4457 1764 4527 praetermittere
1805 4473 1906 4512 eos
1946 4458 2090 4523 vult,
2133 4464 2235 4513 aut

581 4538 886 4611 diffugere,
917 4548 977 4595 ut
1006 4557 1133 4597 rem
1166 4560 1337 4598 suam
1373 4544 1593 4600 faciant
1623 4546 2000 4616 ampliorem,
2026 4552 2087 4600 ut
2109 4563 2233 4601 om-

579 4628 809 4698 nigenus
827 4630 1147 4702 voluptatis
1163 4638 1420 4701 segetem
1442 4634 1793 4698 uberiorem,
1813 4640 1866 4688 et
1893 4634 2235 4705 cupiditatis

582 4717 891 4772 materiem
922 4725 1271 4790 comparent
1298 4726 1353 4775 et
1391 4723 1718 4777 recondant
1752 4740 1763 4776 :
1806 4738 1927 4794 quo
1971 4725 2236 4778 securius

580 4805 865 4877 deinceps
903 4806 1149 4862 licentiae
1182 4815 1425 4879 possent
1455 4810 1780 4879 indulgere,
1814 4812 2003 4866 ventri
2046 4817 2101 4867 et
2131 4829 2237 4883 pu-

582 4894 794 4949 dendis
824 4896 1104 4965 viventes,
1138 4898 1321 4952 vitam
1353 4914 1489 4953 cum
1508 4900 1733 4954 honore
1766 4916 1835 4955 ac
1853 4901 2235 4957 aemulatione

584 4983 968 5053 conjunctam
1003 4991 1057 5040 et
1086 4986 1441 5056 longissimo
1475 4993 1663 5043 tractu
1703 4989 2078 5054 duraturam,
2116 5006 2235 5045 non

586 5069 764 5124 aliam
783 5088 965 5143 quam
995 5080 1348 5144 praesentem
1370 5076 2020 5133 sibicircumscribunt:
2044 5096 2236 5151 neque

585 5160 743 5215 enim
776 5161 1007 5217 laudari
1041 5164 1216 5219 debet
1246 5167 1561 5222 consilium
1585 5167 1753 5238 illud,
1784 5184 1905 5240 quo
1927 5184 2027 5238 per
2069 5168 2239 5223 sedu-

585 5248 705 5303 lam
738 5266 941 5305 curam
962 5253 1167 5309 civitas
1189 5254 1530 5321 aedificatur,
1550 5258 1720 5326 cujus
1764 5274 2003 5312 summa
2026 5264 2081 5312 et
2107 5274 2239 5329 pro-

588 5337 772 5394 funda
802 5340 1118 5411 prudentia
1149 5347 1353 5412 gentes
1393 5345 1671 5409 continet,
1714 5351 1769 5400 et
1798 5345 2014 5401 domos
2058 5346 2239 5402 stabi-

2412 3744 2544 3795 Ἀλλ’
2604 3745 2629 3795 ό
2680 3746 2855 3815 σοφὸς,
2913 3746 2977 3802 ὡς
3025 3746 3203 3807 ἔοικεν,
3262 3741 3536 3803 Ἰουλιανός
3588 3742 3647 3793 οὐ
3702 3740 3962 3813 βούλεται

2340 3842 2510 3886 τοῦτο·
2569 3832 2725 3885 ἐθελει
2771 3829 2828 3884 δὲ
2878 3837 3001 3893 τοὺς
3050 3832 3209 3884 αὐτοῦ
3259 3831 3468 3891 πολίτας
3519 3837 3678 3902 χεῖρα
3713 3833 3801 3902 μὲν
3854 3831 3963 3903 βαι

2339 3931 2479 3997 ρεῖαν
2526 3920 2914 3993 προϐεϐλῆσθαι
2974 3921 3026 3971 ἐκ
3080 3929 3178 3972 τῶν
3234 3919 3512 3994 ἀλλοτρίων
3554 3924 3721 3971 πόνων
3770 3920 3961 3979 αὐτοῖς

2340 4016 2432 4069 τὴν
2460 4016 2758 4085 περιουσίαν
2813 4010 3163 4081 συλλέγουσαν
3198 4015 3235 4077 ι,
3269 4014 3339 4081 μὴ
3394 4005 3666 4081 φείδεσθαι
3713 4004 3771 4059 δὲ
3816 4014 3959 4078 μήτε

2340 4099 2622 4172 λῃστρικοῦ
2671 4099 2887 4171 τόλμης,
2963 4105 3093 4170 μήτε
3172 4099 3446 4171 λαθραίας,
3500 4097 3622 4169 μήτ’
3693 4096 3961 4168 ἐμφανοῦς

2342 4189 2635 4248 ἐπιϐουλῆς.
2694 4189 2849 4240 Ἀλλὰ
2892 4190 2986 4239 κᾶν
3033 4185 3305 4260 τυραννίδι
3349 4188 3621 4239 ἐπιθέσθαι
3670 4182 3799 4238 δέοι·
3854 4189 3957 4237 xiv

2343 4276 2633 4350 Φαλάριδος
2683 4279 2937 4351 ὠμότερον
2984 4277 3175 4352 πρᾶξαι
3224 4297 3276 4329 τε
3324 4282 3412 4328 καὶ
3468 4272 3641 4338 δόξαι·
3672 4278 3767 4327 κᾶν
3818 4279 3959 4327 παν-

2344 4388 2430 4427 τας
2501 4367 2911 4440 ἀποκρύψασθαι
2968 4371 3084 4426 τοὺς
3149 4366 3232 4418 ἐπὶ
3286 4369 3431 4437 πάσῃ
3490 4369 3650 4436 κακίᾳ
3696 4363 3961 4437 βεϐοημέ-

2343 4476 2476 4522 νους,
2519 4458 2643 4529 ὑπὲρ
2698 4464 2787 4507 τοῦ
2842 4456 2997 4508 πλείω
3042 4459 3107 4508 τὰ
3154 4457 3465 4527 ὑπάρχοντα
3507 4463 3729 4513 ποιῆσαι
3780 4451 3960 4524 μηδὲν

2344 4542 2599 4619 μηδαμῶς
2657 4548 3046 4619 παραιτεῖσθαι,
3107 4548 3171 4605 ὡς
3219 4547 3279 4596 ἄν
3339 4544 3545 4603 ἁπάσης
3604 4539 3803 4602 ἡδονῆς
3862 4551 3960 4596 xui

2344 4635 2622 4705 ἐπιθυμίας
2666 4634 2789 4693 ὓλην
2840 4636 3057 4706 ἄφθονον
3106 4634 3305 4693 ἑαυτοῖς
3354 4637 3794 4705 παρεσκευακότες
3866 4640 3964 4685 καὶ

2345 4724 2666 4796 ἀποθέμενοι,
2721 4720 2887 4784 ἀδεῶς
2931 4732 3020 4776 τοῦ
3063 4724 3245 4775 λοιποῦ
3287 4725 3523 4797 τρυφώσί
3566 4741 3619 4773 τε
3663 4728 3755 4773 xui
3791 4742 3964 4774 κατα-

2347 4814 2675 4879 σπαταλῶσι,
2723 4818 2916 4884 γαστρὶ
2974 4817 3064 4864 καὶ
3110 4808 3333 4871 αἰδοίοις
3381 4811 3584 4879 ζῶντες,
3630 4816 3720 4861 καὶ
3751 4815 3844 4862 κόν
3881 4813 3963 4863 εὖ·

2345 4903 2464 4954 κλεᾶ
2520 4910 2608 4953 και
2655 4901 3000 4964 ἀξιοζήλωτον
3057 4900 3194 4972 βίον,
3229 4906 3318 4951 καὶ
3379 4900 3448 4962 εἰς
3492 4905 3745 4971 μήκιστον
3788 4921 3967 4973 παρα-

2344 4997 2621 5062 τεινόμενον
2662 4995 2874 5064 χρόνον,
2931 4991 3023 5041 οὐκ
3072 4989 3222 5041 ἄλλον
3263 4988 3367 5041 ἀλλ’
3422 4991 3499 5049 οἷς
3539 4990 3682 5041 οὗτοι
3718 4988 3965 5060 βιοῦσιν,

2349 5082 2738 5155 περιορίζοντες.
2785 5080 2857 5132 0'}
2889 5083 2989 5154 γὰρ
3021 5079 3149 5137 καλὴ
3198 5098 3257 5149 γε
3303 5082 3331 5136 ἡ
3380 5078 3648 5150 συμϐουλὴ
3706 5087 3822 5148 τοῦ,
3871 5084 3970 5141 τὰς

2346 5170 2531 5235 πόλεις,
2576 5167 2646 5221 δι’
2689 5171 2755 5219 ὧν
2788 5170 3069 5241 φροντίζει,
3118 5168 3438 5228 πολίζοντος.
3474 5173 3563 5219 καὶ
3593 5168 3655 5219 οὗ
3702 5170 3732 5225 ἡ
3767 5167 3971 5239 βαθεῖα

2346 5264 2433 5310 καὶ
2481 5259 2673 5331 μέμέλη
2718 5264 2933 5332 πρόνοια
2971 5260 3035 5309 τὰ
3073 5259 3190 5315 ἔθνη
3245 5262 3476 5327 συνέχει,
3528 5262 3617 5308 καὶ
3658 5260 3756 5317 τὰς
3791 5258 3969 5319 οἰκίας

2348 5352 2677 5417 συνίστησιν,
2734 5347 2788 5409 ὃς
2836 5346 2890 5409 ἐξ
2944 5347 3011 5396 ὠν
3065 5341 3206 5408 ἔδοξε
3255 5345 3433 5416 λέγειν,
3507 5343 3621 5397 ἀντὶ
3693 5350 3786 5419 μὲν
3842 5348 3967 5419 φιλ-

1931 5491 2166 5545 VARl/E
2204 5490 2611 5545 LECTIONES.

664 5617 684 5648 ι’
726 5608 784 5662 C.
818 5609 888 5665 M.
921 5612 948 5667 ἡ
979 5618 1069 5670 τῆς
1095 5609 1248 5682 ληστ.
1365 5623 1384 5651 ⁵
1423 5612 1481 5665 C.
1521 5614 1588 5666 Μ.
1626 5610 1913 5684 ἀναίμεσις.

2032 5617 2045 5647 ι
2084 5618 2161 5668 ἵσ.
2205 5613 2560 5687 συλλέγοντας,
2597 5615 2654 5669 C.
2688 5617 2755 5670 M.
2793 5612 3164 5685 συλλέγουσαν.
