3906 6186
139 309 225 365 621
562 328 579 335 -
1168 308 1263 364 AD
1303 305 1855 363 AMPHILOCHIUM
1897 306 2225 376 QUA‘ISTIO
2266 307 2353 365 CI.

3345 313 3456 369 622

136 435 402 507 ανθρωπων,
457 432 810 506 φιλαργύρους,
871 431 984 487 ἀντὶ
1054 429 1114 487 δε
1183 432 1519 506 φιλαλλήλων,
1592 430 1677 485 ἔπι

1910 450 1939 489 s
1976 434 2137 505 facit,
2177 436 2305 509 qui,
2355 434 2524 509 quod
2548 451 2580 491 e
2611 435 2990 494 sermonibus
3020 435 3215 508 colligi
3244 440 3452 510 potest,

135 521 345 589 δούλους,
380 527 464 574 καὶ
512 520 620 575 ἀντὶ
660 521 965 595 ἇλεημόνων,
1017 522 1374 596 ἀνελεήμονας,
1419 527 1531 586 καὶ,
1574 541 1693 575 συν-

131 618 279 684 τόμως
319 611 484 675 εἰπειν,
524 610 632 664 ἀντὶ
676 620 768 664 τοῦ
817 608 910 665 διὰ
938 614 1142 665 πάντων
1173 611 1437 685 ἀρίστους,
1474 612 1521 664 ἐν
1561 618 1696 664 πᾶσι

129 706 378 761 κακίστους
418 697 563 769 dum,
608 701 999 773 εἰσηγούμενος.
1047 700 1228 766 Δῆλον,
1274 704 1398 771 γὰρ,
1448 703 1529 753 ὅτι
1577 695 1693 754 καθ’

130 791 173 842 ὃν
217 794 385 864 τρόπον
451 792 507 842 τὸ
562 790 913 866 ἀφιλάργυρον
973 789 1101 854 ἦθος
1179 789 1539 863 συνεφελκεται
1604 793 1693 851 τὰς

128 878 258 939 ἄλλας
317 877 491 952 ἀρετάς
517 900 531 913 υ
586 879 749 941 οὕτως
800 882 831 938 ἡ
891 879 1213 954 φιλάργυρος
1270 884 1422 939 νόσος
1480 898 1693 932 συνεπι-

131 970 313 1039 σύρεται
348 974 515 1020 πᾶσαν
560 973 653 1027 τὴν
697 978 925 1040 συγγενῆ
971 973 1177 1022 κακίαν.
1229 968 1364 1020 Ἀλλ’
1411 964 1521 1034 οὖν,
1568 970 1688 1043 ὅπερ

127 1056 268 1128 ἂιγον
293 1068 336 1121 υ,
368 1058 393 1108 ό
430 1056 585 1119 καλὸς
631 1058 782 1120 οὗτος
827 1056 1140 1130 σύμϐουλος,
1173 1062 1263 1110 καὶ
1304 1066 1393 1117 τῆς
1442 1064 1689 1110 Δεσποτι-

126 1154 203 1205 πῆς
237 1144 425 1206 ἐντολῆς
479 1146 798 1217 χλευαστὴς,
831 1146 942 1199 ἀντὶ
990 1155 1082 1199 τοῦ
1124 1145 1424 1219 βελτίστου,
1472 1150 1538 1199 τὰ
1578 1152 1690 1218 χεί-

123 1254 257 1306 ριστα
302 1238 417 1296 τοὺς
471 1233 773 1310 ἀνθρώπους
822 1238 1106 1310 αἱρεῖσθαι,
1162 1238 1298 1288 κατά
1356 1239 1415 1288 τὸ
1476 1235 1689 1288 ἀκόλου-

125 1326 212 1388 θον,
277 1325 651 1396 ὑποτιθέμενος,
742 1321 872 1394 μηδ’

124 1410 303 1482 βιῶσιν,
344 1418 468 1484 μήτε
516 1413 683 1477 πόλιν,
733 1419 863 1485 μήτε
916 1416 1079 1475 ἔθνος,
1135 1411 1266 1485 μηδ’
1321 1415 1509 1478 οὶκίαν,
1555 1433 1685 1466 κατ-

122 1501 445 1572 ιπαγγὲλλεται
476 1519 490 1532 ·
525 1501 656 1553 ἀλλὰ
700 1500 840 1575 μηδὲ
889 1502 1153 1577 προελθεῖν
1204 1502 1287 1555 ἐπὶ
1339 1508 1681 1575 μακρότατον,

122 1590 155 1641 εἰ
194 1594 256 1661 μή
297 1591 483 1643 ἕλοιντο
530 1591 746 1662 μᾶλλον,
778 1590 893 1643 ἀντὶ
933 1588 1025 1643 τοῦ
1072 1594 1240 1644 πάντα
1271 1588 1400 1644 εἶναι
1429 1598 1683 1664 χρηστοὶ,

958 1324 1018 1376 ἃν
1104 1324 1270 1387 ἄλλως
1366 1322 1688 1397 εὐδαιμόνως

117 1682 167 1729 τὰ
208 1681 362 1732 πάντα
415 1677 547 1732 εἶναι
600 1680 930 1753 φαυλότατοι.
976 1681 1058 1742 Εἰς
1107 1689 1343 1733 τοιοῦτον
1393 1681 1553 1751 αὐτῷ,
1596 1687 1684 1734 καὶ

1808 538 1916 594 pro
1929 524 2203 582 homines
2214 525 2556 583 amantibus
2568 528 2796 595 argenti
2809 526 3452 593 substituitamatores,

1807 628 1915 683 pro
1968 620 2176 671 mutuo
2216 630 2419 671 amore
2466 615 2732 681 insidias,
2782 630 2889 686 pro
2934 615 3454 671 commiseratione

1804 700 2385 770 immisericordiam,
2412 705 2739 761 etbreviter
2766 709 2825 760 ut
2847 704 3184 777 expediam,
3210 719 3319 776 pro
3349 718 3452 775 op-

1804 789 1949 846 timo
2000 793 2330 865 pessimum
2378 809 2574 849 rerum
2610 797 2833 849 statum
2891 792 3234 849 introducit.
3286 793 3452 848 Patet

1802 880 1975 944 enim,
2002 882 2165 952 quod
2194 882 2703 953 quemadmodum
2731 881 2809 937 ab
2840 880 3088 937 avaritia
3119 880 3453 937 abhorrens

1803 970 2048 1026 virtutes
2075 987 2286 1027 omnes
2331 972 2646 1036 contrahit,
2684 972 2765 1027 ita
2804 978 2860 1028 et
2908 971 3168 1026 avaritias
3203 970 3453 1027 morbus

1800 1058 2043 1116 afﬁnem
2083 1065 2139 1116 et
2170 1076 2568 1130 congenerem
2609 1060 3054 1131 improbitatem
3096 1075 3336 1114 omnem
3365 1075 3454 1115 se-

1799 1164 1938 1203 cum
1961 1149 2156 1204 trahit.
2179 1153 2370 1221 Atque
2392 1149 2493 1214 ita,
2525 1149 2693 1222 quod
2711 1148 3010 1215 dicebam,
3034 1148 3311 1218 egregius
3343 1147 3453 1203 iste

1799 1237 2196 1305 consiliarius,
2243 1239 2532 1294 Dominici
2582 1240 2859 1310 praecepti
2890 1238 3111 1307 irrisor,
3159 1239 3263 1310 qui
3308 1253 3452 1309 pras-

1798 1328 1960 1383 clara
1975 1343 2231 1400 quaeque
2245 1342 2560 1399 suggerere
2576 1328 2796 1396 debuit,
2816 1327 3083 1399 pessima
3097 1326 3449 1382 hominibus

1797 1416 2073 1487 eligenda
2126 1416 2316 1481 offert,
2364 1417 2445 1473 ita
2488 1422 2547 1472 ut
2576 1417 2740 1472 haud
2788 1416 2955 1473 aliter
2994 1433 3132 1472 cum
3167 1416 3446 1472 felicitate

1797 1505 2013 1570 vivere,
2040 1520 2160 1561 non
2194 1506 2425 1571 urbem,
2467 1510 2727 1577 gentem,
2769 1507 3015 1562 domum
3057 1505 3442 1568 constituere,

1795 1611 1930 1666 quae
1962 1596 2303 1658 consistent,
2345 1596 2575 1666 possint
2608 1610 2618 1649 :
2652 1594 2774 1651 imo
2805 1594 2997 1651 nullos
3028 1594 3278 1650 omnino
3310 1609 3447 1665 pro-

1797 1699 2033 1752 gressus
2051 1684 2264 1753 facere,
2294 1683 2341 1739 si
2372 1699 2512 1751 non,
2537 1684 2639 1756 qui
2679 1683 2978 1739 debebant
3016 1683 3288 1739 omnium
3318 1698 3447 1738 esse

120 1764 301 1837 βουλῆς,
347 1774 434 1820 καὶ
485 1768 770 1832 πολιτεαίς,
827 1774 1174 1842 κατασταέφει
1230 1770 1390 1833 τέλος,
1441 1773 1499 1821 τὸ
1551 1790 1662 1822 κατι

1903 1773 2025 1837 imi,
2077 1773 2323 1843 pessimi
2368 1773 2642 1829 omnium
2693 1771 2872 1828 velint
2916 1788 3068 1827 esse.
3111 1773 3233 1826 Huc
3289 1770 3444 1827 enim

116 1865 191 1917 τῆς
231 1858 353 1917 θείας
402 1856 611 1919 ἐντολῆς
657 1860 872 1932 θράσος,
916 1864 1007 1911 καὶ
1052 1861 1083 1917 ἡ
1128 1862 1276 1931 εἰρων
1325 1858 1563 1930 γλῶσσα,
1596 1864 1684 1911 καὶ

115 1948 167 1996 τὰ
207 1955 288 2006 τῆς
342 1946 645 2021 ἀνατροπῆς
702 1950 838 2020 σοφά
878 1946 1220 2020 ἐνθυμήματα
1248 1963 1263 1977 ⁸
1295 1952 1469 2000 καίτοι
1515 1967 1590 2019 γε,
1642 1949 1685 2001 εἰ

114 2040 169 2105 μή
192 2054 235 2087 τι
271 2035 407 2099 ἄλλο,
447 2040 578 2096 τοὺς
625 2041 744 2097 σοὺς
786 2041 963 2106 κύνας,
1004 2036 1095 2098 οὓς
1138 2036 1445 2109 ἐθαύμαζες,
1480 2034 1586 2089 ἔδει
1627 2056 1684 2089 σε

116 2127 393 2194 μεμνῆσθαι,
433 2130 525 2177 καὶ
567 2126 922 2197 αἰσχύνεσθαι
972 2130 1059 2178 τὸν
1104 2130 1338 2197 Διογένη,
1384 2129 1470 2178 τὸν
1516 2128 1683 2180 Ἀντι-

114 2214 260 2281 σθένη,
314 2218 395 2266 τὸν
445 2217 722 2287 Κράτητα,
775 2220 860 2268 τὸν
908 2215 1058 2268 ἄλλον
1115 2220 1279 2289 χορὸν
1330 2223 1429 2267 τῶν
1485 2218 1681 2287 θαυμα-

114 2306 212 2352 σίων
264 2323 352 2355 σου
420 2313 617 2357 κυνῶν.
674 2303 739 2356 Οἱ
793 2304 837 2356 εἰ
901 2310 991 2357 καὶ
1061 2313 1133 2375 τῷ
1205 2301 1540 2375 ἐπιδεικτικῷ
1591 2314 1682 2358 τοῦ

113 2392 234 2451 ﬂow;
291 2395 373 2443 τόν
450 2401 558 2455 τῆς
636 2392 859 2455 ἀληθοῦς
928 2393 1301 2466 ἀχτημοσύνης
1366 2402 1682 2469 χαρακτῆρα

110 2477 401 2538 ἐκιϐδήλευΟν
430 2501 442 2512 ’
506 2481 624 2533 ἀλλ’

113 2567 425 2637 φιλόπλουτον,
481 2575 579 2623 καὶ
631 2575 718 2623 τὸν
762 2571 902 2624 λιτὸν
956 2568 1128 2624 δοκεῖν
1187 2571 1540 2642 ἀσπάζεσθαι,
1594 2580 1683 2627 καὶ

108 2655 414 2733 ἀφιλάργυρον
457 2660 587 2732 βίον
635 2665 770 2732 μέγα
817 2659 1078 2713 ἐποιοῦντο
1105 2679 1116 2691 ’
1159 2660 1365 2723 ἐκείνοις
1408 2661 1572 2733 ἐχρῆν
1628 2683 1685 2715 σε

108 2747 260 2813 μᾶλλον
300 2749 482 2819 λέγειν,
536 2748 658 2802 ἀντὶ
710 2759 802 2802 τοῦ
854 2750 1096 2815 θειάζειν,
1129 2754 1199 2813 ὡς
1248 2751 1292 2804 εἰ
1341 2754 1522 2812 πάντες
1563 2754 1684 2823 ὑμῖν

708 2479 796 2535 οὖν
869 2488 1221 2555 μεμισηκότες
1290 2483 1553 2557 ἆφαίνοντο
1627 2489 1682 2538 τὸ

105 2839 357 2890 πεισθεῖεν·
409 2839 507 2892 οὐκ
571 2838 630 2890 ἀν
684 2841 840 2902 ἔθνος,
899 2839 957 2891 οὐ
1010 2839 1181 2905 πόλις,
1242 2840 1335 2892 οὐκ
1397 2840 1540 2892 οἰκία
1591 2847 1688 2913 μία

107 2933 419 2983 συστήσεται·
497 2936 615 2989 πῶς
716 2931 817 3002 γὰρ
902 2931 998 2993 ἔτι,
1084 2934 1465 3001 μιμησαμένων
1556 2933 1687 3001 ὑμᾶς

105 3012 301 3067 ἁπάντων
354 3016 667 3091 ἀνθρώπων,
728 3014 865 3078 οἶκος
925 3020 1137 3089 ἔντιμος
1204 3015 1426 3071 δύναταί
1484 3040 1536 3072 τι
1599 3024 1689 3072 καὶ

1795 1867 2022 1933 spectat
2049 1860 2236 1932 ipsius
2259 1865 2317 1916 et
2347 1860 2659 1916 consilium
2701 1865 2759 1917 et
2796 1860 3014 1932 politia,
3049 1876 3155 1932 per
3194 1859 3443 1916 insolen«

1793 1949 1936 2005 tiam
1951 1956 2160 2005 contra
2180 1951 2533 2006 mandatum
2552 1949 2846 2014 divinum,
2864 1964 2965 2019 per
2986 1949 3205 2019 linguas
3218 1948 3449 2020 diasyr-

1792 2054 1926 2094 mos
1951 2044 2008 2093 et
2044 2038 2363 2111 praeclaras
2405 2038 2835 2095 conclusiones.
2881 2038 3015 2107 Sed,
3049 2037 3133 2094 mi
3163 2038 3369 2103 homo,
3398 2037 3445 2093 si

1796 2132 1994 2183 tamen
2018 2126 2162 2183 nihil
2183 2126 2366 2192 aliud,
2401 2142 2583 2183 canes
2604 2126 2738 2182 illos
2766 2131 2920 2194 tuos,
2952 2142 3109 2198 quos
3140 2126 3225 2180 sic
3257 2126 3445 2181 admi-

1792 2217 1959 2282 raris,
1994 2217 2332 2286 Diogenem,
2365 2215 2793 2285 Antisthenem,
2828 2216 3136 2281 Cratetem,
3169 2220 3444 2270 cieteros-

1792 2322 1923 2378 quae
1939 2304 2223 2376 prmelaro
2238 2304 2339 2360 illo
2359 2320 2669 2369 consessu,
2693 2303 2952 2360 recolere
2978 2308 3033 2360 et
3056 2302 3439 2361 verecundari

1792 2396 2100 2451 debueras.
2127 2394 2210 2450 llli
2254 2399 2557 2467 utcunque
2588 2410 2693 2465 per
2736 2409 2955 2450 vanam
2984 2392 3441 2451 ostentationem

1792 2500 1947 2540 verae
1960 2484 2327 2557 paupertatis
2343 2485 2750 2540 characterem
2770 2481 3182 2539 adulterabant
3205 2499 3220 2535 :
3243 2487 3441 2538 tamen

1794 2589 2060 2629 arnorem
2091 2573 2426 2629 divitiarum
2445 2570 2909 2638 detestabantur,
2932 2586 3073 2626 cum
3104 2569 3292 2625 videri
3328 2568 3440 2624 vel-

1793 2663 1917 2718 lent
1950 2661 2229 2734 amplecti
2274 2662 2519 2733 inopem
2563 2666 2619 2716 et
2664 2660 2995 2716 immunem
3056 2658 3134 2714 ab
3189 2656 3445 2713 avaritia

1794 2752 1957 2808 omni
1987 2752 2183 2808 vitam.
2208 2751 2382 2823 Apud
2403 2750 2534 2806 illos
2562 2754 2800 2822 poteras
2858 2764 3011 2821 quos
3038 2748 3275 2812 adoras,
3303 2746 3449 2803 effu-

1796 2841 1900 2896 tire
1926 2840 2280 2912 praeclarum
2305 2839 2453 2895 illud
2478 2843 2644 2893 tuum
2665 2837 3134 2909 apophthegma,
3162 2836 3208 2891 si
3233 2851 3447 2891 omnes

1796 2928 2013 2985 vellent
2036 2929 2202 2983 vobis
2229 2928 2667 2999 obtemperare,
2698 2940 2820 2981 non
2851 2924 3050 2981 adhuc
3075 2939 3244 2993 gens,
3279 2923 3445 2987 urbs,

1797 3017 2019 3073 domus
2050 3017 2418 3073 subsisteret.
2463 3017 2591 3071 Htec
2628 3022 2720 3071 est
2758 3014 2918 3070 enim
2950 3012 3051 3068 illa
3090 3017 3183 3068 tua
3220 3011 3450 3067 vomitu

103 3102 246 3169 οἰκίας
274 3110 330 3158 τό
384 3111 550 3179 σοφόν
588 3125 682 3158 σου
725 3114 901 3170 τοῦτο,
935 3112 1024 3159 καὶ
1059 3109 1242 3168 πάσης
1271 3112 1484 3170 ναυτίας
1510 3114 1645 3182 γέμοτ

1905 3105 2083 3161 lauda
2108 3106 2187 3161 ad
2235 3108 2599 3176 praeceptum
2634 3102 2908 3175 quaestio,
2951 3100 3051 3156 illa
3079 3100 3358 3171 praeclara
3385 3103 3447 3154 nt

102 3195 207 3244 κατὰ
266 3203 353 3256 τῆς
421 3195 637 3255 ἐντολῆς
706 3194 1025 3270 ἄπαπόρημα
1054 3213 1066 3226 '
1131 3204 1240 3259 πῶς
1292 3195 1427 3258 οἶκος
1495 3201 1688 3271 ἔντιμος

102 3275 280 3335 δύναταί
321 3304 370 3336 τι
410 3291 503 3337 καὶ
559 3284 701 3336 οἰκία
730 3300 743 3350 ;
777 3283 907 3336 ἀλλά
940 3288 1043 3359 γὰρ
1093 3294 1222 3352 πῶς,
1258 3284 1371 3338 ἀντὶ
1425 3294 1522 3339 τοῦ
1565 3295 1689 3339 ταῦ-

101 3386 166 3431 τα,
207 3379 300 3432 τοῖς
345 3382 455 3434 σοῖς
507 3373 761 3445 ἐπιτιμᾷν
814 3393 872 3426 σε
922 3379 1068 3440 κυσὶ,
1138 3377 1356 3435 τούτους
1406 3379 1495 3448 μὲν
1538 3378 1690 3449 ὑπερ-

101 3458 370 3529 θαυμαζεις*
404 3464 439 3514 ἁ
516 3460 587 3515 δὲ
654 3466 749 3520 τὴν
817 3460 1007 3535 ἀμείνω
1076 3462 1245 3534 πολλῷ
1319 3467 1540 3529 τούτων,
1598 3471 1688 3518 καὶ

101 3546 229 3619 ἀμιγῆ
313 3554 495 3613 πάσης
606 3552 930 3626 μοχθηρίας,
1016 3552 1306 3623 εἰσηγεῖται

96 3646 229 3690 ταῦτα
270 3636 326 3693 δι
371 3644 438 3693 τὰ
494 3641 658 3712 λόγια
712 3636 1014 3714 διασύρεις;
1045 3646 1097 3693 τί
1151 3638 1211 3694 δι
1264 3645 1351 3694 καὶ
1404 3641 1487 3695 ἐπὶ
1525 3648 1690 3715 μόνης

1399 3553 1687 3619 πολιτείαν,

100 3735 170 3786 τῆς
202 3726 552 3794 διδασκαλίας
594 3734 817 3792 ταύτης.
849 3735 907 3783 τὸ
959 3728 1124 3805 δριμύ
1181 3751 1280 3784 σου
1324 3741 1424 3785 τῶν
1470 3732 1686 3805 ἐνθυμηο

99 3819 258 3884 μάτων,
300 3826 390 3873 καὶ
436 3830 540 3882 τῆς
582 3819 827 3873 ἰθυϐόλου
874 3823 1071 3892 φύσεως
1117 3823 1174 3873 τὸ
1232 3819 1375 3893 βαθὺ
1423 3828 1512 3873 χαὶ
1557 3825 1690 3875 ἔντο-

97 3924 179 3971 νον,
214 3906 482 3976 inﬂigas;
518 3906 707 3969 ἠδύνω
753 3911 854 3981 γὰρ
899 3912 966 3961 τὰ
1001 3909 1146 3961 αὖτὰ
1195 3909 1558 3982 ματαιολογεῖν
1600 3901 1689 3963 διαὶ

97 3991 162 4046 ἐπὶ
198 3996 432 4052 πλειόνων
493 3998 689 4051 ἄλλων.
739 4021 767 4049 ιι
832 3998 1111 4070 Λαμψάτω
1155 4002 1215 4051 τὸ
1269 4007 1371 4071 φῶς
1413 4001 1554 4071 ὑμῶν
1605 4002 1691 4071 ἔμ-

98 4088 287 4155 προσθεν
329 4097 428 4141 τῶν
483 4087 796 4161 ἀνθρώπων,
828 4089 968 4149 ὅπως
1009 4084 1174 4140 ἴδωσι
1236 4090 1299 4140 τὰ
1353 4087 1487 4140 καλὰ
1548 4090 1689 4160 ὑμῶν

97 4173 216 4246 ξηα,
255 4182 340 4230 καὶ
387 4174 673 4241 δοξάσωσι
710 4179 796 4229 τὸν
842 4181 1061 4249 Πατέρα
1117 4179 1260 4249 ὑμῶν
1303 4181 1391 4230 τόν
1438 4177 1486 4230 ἐν
1538 4178 1692 4252 οὖρα-

96 4270 196 4324 νοίς.
228 4286 254 4316 ο
283 4266 415 4320 Ἀλλ’
452 4268 500 4320 εἰ
530 4269 725 4327 πάντες
768 4264 1132 4338 ἐκλάμψουσι,
1162 4272 1292 4328 τίνες
1334 4269 1382 4319 οἱ
1425 4267 1687 4340 ὀψόμενοι,

98 4356 165 4402 ut
202 4358 280 4406 τόν
328 4359 481 4422 Θεὸν,
519 4354 603 4428 ἐφ’
642 4356 719 4417 οἷς
768 4352 901 4425 ἴδον,
939 4352 1033 4407 διὰ
1062 4351 1222 4419 δόξης
1256 4357 1688 4428 θεραπεύσοντεςς

1801 3195 2030 3251 videtur
2067 3194 2193 3250 tibi.
2228 3194 2544 3259 Quomodo
2570 3192 2789 3248 domus
2816 3189 2908 3245 vel
2940 3188 3447 3246 habitatio.subsi-

1803 3285 1951 3340 stet?
1976 3285 2088 3341 Sed
2103 3289 2183 3347 tu,
2201 3282 2305 3356 qui
2318 3284 2440 3339 haec
2453 3280 2703 3338 canibus
2722 3279 2838 3336 tuis
2855 3278 3114 3350 objicere
3127 3277 3446 3343 debueras,

1799 3373 1930 3429 illos
1955 3372 2309 3440 admiratus,
2339 3371 2581 3427 oracula
2611 3375 2813 3426 autem
2841 3368 2946 3426 illa
2989 3367 3197 3423 divina
3228 3365 3449 3422 derisui

1799 3461 2006 3528 babes,
2034 3477 2166 3534 quae
2196 3461 2373 3531 longe
2394 3459 2701 3516 meliorem
2718 3457 2954 3513 vivendi
2980 3456 3270 3512 rationem
3286 3459 3342 3511 et
3370 3454 3448 3511 ab

1799 3551 2181 3624 improbitate
2223 3550 2645 3606 abhorrentem
2684 3546 3088 3603 introducunt.
3130 3545 3281 3610 Quid
3311 3544 3450 3601 est?

1797 3641 1962 3713 quod
1984 3641 2040 3696 in
2057 3641 2234 3696 istam
2248 3638 2670 3696 tantummodo
2688 3636 3022 3693 doctrinam
3034 3633 3449 3691 conclusiones

1799 3736 1912 3787 tum
1950 3730 2275 3785 virulentias
2318 3728 2606 3793 intendas,
2645 3731 2701 3782 et
2725 3723 3133 3797 dispositionis
3161 3722 3450 3793 improbas

1794 3819 1993 3892 jacula
2018 3819 2263 3875 incussa
2303 3818 2589 3874 violenter
2618 3816 2900 3884 stringas,
2928 3828 3068 3868 cum
3098 3827 3219 3867 non
3251 3809 3452 3867 minus
3535 3867 3543 3873 ,

1799 3914 2005 3965 contra
2034 3908 2149 3964 alia
2178 3923 2364 3980 quam
2388 3907 2518 3971 ista,
2560 3904 2607 3959 si
2638 3904 2865 3968 liberet,
2896 3901 3178 3957 blaterare
3203 3898 3445 3956 debeas.

1800 4021 1826 4048 «ε
1846 4001 2060 4054 Luceat
2078 3996 2160 4051 sic
2180 3996 2280 4051 lux
2294 4001 2489 4050 vestra
2505 4007 2711 4048 coram
2728 3990 3100 4057 hominibus,
3118 3994 3180 4043 ut
3195 3988 3437 4044 videant

1798 4088 1965 4145 bona
2003 4092 2194 4141 vestra
2221 4099 2406 4156 opera
2435 4088 2491 4138 et
2532 4080 2864 4150 glorificent
2903 4078 3139 4133 Patrem
3181 4080 3448 4131 vestrum

1799 4180 1905 4251 qui
1934 4181 2026 4233 est
2052 4176 2113 4232 in
2140 4173 2302 4230 ccelis
2340 4174 2408 4226 τί.
2444 4191 2472 4223 ››
2506 4168 2679 4236 Quod
2707 4168 2756 4224 si
2803 4182 3006 4223 omnes
3045 4162 3339 4233 etsinguli
3364 4162 3449 4217 sic

1800 4248 2081 4331 lacerent,
2116 4263 2216 4320 ubi
2241 4265 2415 4318 erunt
2443 4259 2544 4332 qui
2575 4257 2839 4320 videant,
2862 4259 2919 4311 et
2952 4257 3152 4316 Deum,
3194 4266 3303 4322 pro
3333 4248 3447 4308 illis

1801 4373 1935 4429 quae
1951 4355 2170 4415 vident,
2188 4348 2556 4423 glorificent?
2570 4348 2773 4415 «Date,
2787 4343 3094 4401 etdabitur
3106 4340 3277 4397 vobis
3289 4341 3334 4376 τί
3351 4343 3369 4362 ”
3387 4356 3401 4407 ;
3417 4360 3447 4392 »

100 4458 121 4487 ι
146 4439 325 4515 Δίδοτε,
357 4451 451 4497 καὶ
502 4441 804 4502 δοθήσεται
850 4446 989 4519 ὑμῖν
1026 4465 1053 4493 n
1087 4445 1131 4497 εἰ
1162 4447 1345 4507 πάντες
1382 4445 1572 4499 ἕλοιντο
1612 4444 1642 4498 δ

1907 4459 2100 4500 imnes
2128 4440 2419 4505 dederint,
2450 4438 2587 4511 quis
2628 4435 2878 4507 accipiet
2915 4433 2944 4488 ?
2977 4451 3007 4484 «
3036 4429 3350 4538 Remittite,
3393 4432 3449 4484 et

100 4523 239 4597 δοναι,
280 4538 358 4594 τίς
414 4536 442 4585 ὀ
502 4533 849 4605 ληψόμενος;
895 4554 923 4585 ‹‹
970 4532 1190 4606 Ἀφίετε,
1230 4539 1319 4587 καὶ
1378 4534 1692 4607 ἀφεθήσεται

97 4619 231 4687 ὑμῖν·
263 4645 284 4672 ν
340 4624 383 4675 εἰ
449 4624 647 4683 πάντες
726 4620 949 4693 ἀφῶσιν,
1003 4628 1138 4685 τίνες
1205 4625 1278 4684 οἷς
1355 4623 1687 4695 itania-auaui;

102 4727 118 4753 ι
156 4708 400 4779 ’Δγαπᾱτε
444 4715 570 4773 τοὺς
618 4710 839 4785 ἐχθροὺς
890 4714 1052 4783 ὑμῶν’
1089 4733 1119 4766 ››
1164 4712 1207 4765 εἰ
1249 4714 1435 4774 πάντες
1486 4712 1689 4785 ἀγαπη-

99 4814 249 4863 σουσι,
276 4809 375 4853 ποῦ
412 4805 465 4854 οἱ
506 4803 716 4874 ἐχθρῶς
754 4803 1002 4871 ἔχοντεςς
1041 4823 1063 4853 ε
1116 4802 1178 4854 Εἰ
1230 4805 1415 4862 πάντες
1451 4809 1557 4863 τοῖς
1595 4807 1687 4860 τὴν

102 4894 292 4956 σιαγόνα
328 4895 556 4943 παίουσι
594 4894 689 4947 τὴν
740 4886 934 4955 δεξιὰν,
968 4896 1057 4942 καὶ
1100 4896 1191 4949 τὴν
1238 4891 1396 4949 ἄλλην
1440 4890 1510 4953 εἰς
1540 4890 1687 4965 ὕϐριν

98 4976 201 5033 ἷπν
252 4976 578 5043 ἐκδώσουσι,
634 4987 733 5031 ποῦ
781 4982 831 5032 οἱ
878 4986 1318 5049 τυπτήσοντες;››
1374 4985 1471 5033 Καὶ
1521 4986 1687 5054 μυρία

99 5063 246 5117 ἄλλαο
300 5069 494 5141 μᾶλλον
555 5065 616 5122 δε
667 5079 717 5132 ν,
773 5071 843 5130 ὡς
891 5072 1006 5130 ἔπος
1067 5069 1245 5135 εἰπεῖν,
1301 5066 1522 5141 οὐδεμία
1581 5072 1689 5123 θεία

100 5162 390 5225 παραίνεσις,
447 5158 500 5211 ἄν
562 5165 624 5229 τῇ
678 5162 809 5232 πρὸς
882 5160 1047 5233 ἕτερον
1109 5158 1194 5231 ἀφ’
1273 5159 1443 5232 ἑτέρου
1503 5159 1688 5232 πράξει

190 5334 230 5369 ⁷¹
259 5336 457 5392 Matth.
486 5351 552 5402 γ,
583 5334 670 5392 16.
782 5335 850 5369 ⁷¹⁶
876 5335 1010 5388 Luc.
1045 5349 1121 5399 vi,
1152 5337 1238 5390 38.

1353 5336 1401 5369 ⁷³
1429 5333 1625 5391 Matth.
1657 5349 1810 5402 xvm,
1844 5333 1931 5388 35.

1802 4534 2128 4591 remittetur
2157 4532 2205 4567 ⁷³
2240 4546 2255 4596 ;
2298 4551 2322 4581 »
2361 4528 2410 4583 si
2439 4541 2651 4583 omnes
2695 4521 3093 4593 indulgentes,
3142 4517 3247 4574 ubi
3276 4522 3449 4598 erunt

1800 4622 2025 4695 quibus
2055 4619 2397 4691 indulgetur
2415 4617 2443 4672 ?
2462 4637 2492 4669 ι(
2510 4613 2737 4683 Diligite
2768 4610 3044 4667 inimicos
3059 4614 3286 4664 vestros
3312 4607 3362 4642 ’⁸³
3382 4623 3396 4673 ;
3417 4626 3446 4655 ››

1800 4694 1846 4767 si
1869 4726 2081 4766 omnes
2096 4708 2369 4776 diligant,
2389 4705 2489 4760 ubi
2506 4700 2942 4774 comparebunt
2959 4697 3061 4770 qui
3081 4700 3222 4753 sunt
3241 4694 3447 4752 animo

1799 4800 2045 4856 inimico
2063 4799 2094 4852 ‘2
2116 4797 2400 4855 Siomnes
2417 4792 2608 4849 aﬂ'ecti
2621 4786 3001 4853 contumelia,
3025 4786 3332 4842 dexteram
3350 4799 3446 4855 ge-

1798 4907 1943 4948 nam
1956 4896 2013 4946 et
2030 4889 2325 4945 sinistram
2338 4884 2647 4941 obvertere
2659 4879 2937 4936 debent"
2957 4899 2986 4931 ι)
3001 4876 3080 4948 inj
3091 4874 3443 4941 armillatus,

1798 4980 1897 5037 ubi
1925 4984 2099 5035 erunt
2126 4977 2228 5050 qui
2268 4974 2509 5048 plagam
2550 4969 2817 5039 inﬂigent
2849 4967 2878 5023 ?
2920 4968 3069 5023 Sunt
3094 4964 3447 5036 hujusmodi

1798 5069 2033 5125 inﬁnita
2064 5083 2077 5120 :
2111 5071 2166 5121 et
2192 5072 2254 5119 ut
2281 5078 2400 5118 uno
2426 5060 2610 5117 verbo
2626 5056 2942 5130 expediam
2959 5054 3184 5120 omnia,
3216 5053 3445 5110 nullum

1799 5158 1977 5231 plane
2008 5155 2116 5212 erit
2135 5152 2408 5209 divinum
2435 5146 2797 5210 mandatum,
2820 5142 2987 5200 nulla
3006 5142 3337 5200 exhortatio
3356 5142 3449 5198 in.

2048 5331 2093 5365 ⁷⁸
2120 5328 2317 5387 Matth.
2353 5342 2406 5390 v,
2432 5328 2519 5382 44.
2633 5325 2681 5362 ⁷⁴
2709 5323 2856 5381 Ibid.
2894 5327 2981 5380 39.

1424 5476 1653 5533 VARLE
1693 5473 2098 5532 LECTIONES.

724 5614 755 5641 ν
779 5603 837 5658 C.
871 5604 938 5661 Μ.
972 5602 1066 5655 οὐκ
1095 5604 1257 5658 ἰστιν.

187 5614 214 5645 “
243 5603 299 5661 C.
327 5607 395 5661 Μ.
417 5604 610 5676 ἔλεγεν.
