  <div class='ocr_page' id='page_1' title='image "/cluster/home/n/w/nwhite01/storage/ocr_20150623/101/hvd.32044054112305/331.png"; bbox 0 0 4136 6198; ppageno 0'>
   <div class='ocr_carea' id='block_1_1' title="bbox 483 299 2116 369">
    <p class='ocr_par' dir='ltr' id='par_1_1' title="bbox 483 302 2116 369">
     <span class='ocr_line' id='line_1_1' title="bbox 483 302 2116 369; baseline -0.007 0"><span class='ocrx_word' id='word_1_1' title='bbox 483 314 596 369; x_wconf 82' lang='grc'>623</span> <span class='ocrx_word' id='word_1_2' title='bbox 1758 305 1997 361; x_wconf 85' lang='lat' dir='ltr'>PHOTII</span> <span class='ocrx_word' id='word_1_3' title='bbox 2038 302 2116 356; x_wconf 78' lang='lat' dir='ltr'>PA</span> 
     </span>
    </p>
   </div>
   <div class='ocr_carea' id='block_1_2' title="bbox 2228 299 3861 369">
    <p class='ocr_par' dir='ltr' id='par_1_2' title="bbox 2228 299 3861 358">
     <span class='ocr_line' id='line_1_2' title="bbox 2228 299 3861 358; baseline 0.001 -5"><span class='ocrx_word' id='word_1_4' title='bbox 2228 299 2519 356; x_wconf 65' lang='lat' dir='ltr'>[ARCHE</span> <span class='ocrx_word' id='word_1_5' title='bbox 2559 302 2664 358; x_wconf 68' lang='grc' dir='ltr'>(ΖΡ.</span> <span class='ocrx_word' id='word_1_6' title='bbox 3759 302 3861 355; x_wconf 71' lang='grc'>624</span> 
     </span>
    </p>
   </div>
   <div class='ocr_carea' id='block_1_3' title="bbox 490 422 2123 505">
    <p class='ocr_par' dir='ltr' id='par_1_3' title="bbox 490 430 2123 505">
     <span class='ocr_line' id='line_1_3' title="bbox 490 430 2123 505; baseline -0.01 -8"><span class='ocrx_word' id='word_1_7' title='bbox 490 445 580 497; x_wconf 90' lang='lat' dir='ltr'>ter</span> <span class='ocrx_word' id='word_1_8' title='bbox 608 437 881 494; x_wconf 80' lang='lat' dir='ltr'>homines</span> <span class='ocrx_word' id='word_1_9' title='bbox 911 432 1309 497; x_wconf 88' lang='lat' dir='ltr'>observanda,</span> <span class='ocrx_word' id='word_1_10' title='bbox 1361 447 1483 505; x_wconf 89' lang='lat' dir='ltr'>quo</span> <span class='ocrx_word' id='word_1_11' title='bbox 1530 448 1645 488; x_wconf 91' lang='lat' dir='ltr'>non</span> <span class='ocrx_word' id='word_1_12' title='bbox 1689 431 1979 505; x_wconf 76' lang='lat' dir='ltr'>pervadat</span> <span class='ocrx_word' id='word_1_13' title='bbox 2018 430 2123 484; x_wconf 72' lang='lat' dir='ltr'>iltBt</span> 
     </span>
    </p>
   </div>
   <div class='ocr_carea' id='block_1_4' title="bbox 2229 422 3862 505">
    <p class='ocr_par' dir='ltr' id='par_1_4' title="bbox 2254 422 3862 499">
     <span class='ocr_line' id='line_1_4' title="bbox 2254 422 3862 499; baseline 0.001 -23"><span class='ocrx_word' id='word_1_14' title='bbox 2254 429 2660 499; x_wconf 76' lang='grc' dir='ltr'>κατορθουμένη,</span> <span class='ocrx_word' id='word_1_15' title='bbox 2694 429 2809 480; x_wconf 87' lang='grc' dir='ltr'>καθ’</span> <span class='ocrx_word' id='word_1_16' title='bbox 2842 427 2900 486; x_wconf 77' lang='grc' dir='ltr'>ἧς</span> <span class='ocrx_word' id='word_1_17' title='bbox 2927 427 3019 479; x_wconf 83' lang='grc' dir='ltr'>ούκ</span> <span class='ocrx_word' id='word_1_18' title='bbox 3049 428 3189 478; x_wconf 81' lang='grc' dir='ltr'>ἔστιν</span> <span class='ocrx_word' id='word_1_19' title='bbox 3224 422 3353 478; x_wconf 82' lang='grc' dir='ltr'>ἰδεῖν</span> <span class='ocrx_word' id='word_1_20' title='bbox 3385 430 3471 483; x_wconf 81' lang='grc' dir='ltr'>τὴν</span> <span class='ocrx_word' id='word_1_21' title='bbox 3504 424 3692 496; x_wconf 77' lang='grc' dir='ltr'>ἄλογον</span> <span class='ocrx_word' id='word_1_22' title='bbox 3739 430 3862 477; x_wconf 86' lang='grc' dir='ltr'>ταύ-</span> 
     </span>
    </p>
   </div>
   <div class='ocr_carea' id='block_1_5' title="bbox 488 512 2121 593">
    <p class='ocr_par' dir='ltr' id='par_1_5' title="bbox 488 516 1820 593">
     <span class='ocr_line' id='line_1_5' title="bbox 488 516 1820 593; baseline -0.008 -8"><span class='ocrx_word' id='word_1_23' title='bbox 488 516 669 585; x_wconf 88' lang='lat' dir='ltr'>stulta</span> <span class='ocrx_word' id='word_1_24' title='bbox 696 532 751 582; x_wconf 93' lang='lat' dir='ltr'>et</span> <span class='ocrx_word' id='word_1_25' title='bbox 790 542 825 581; x_wconf 90' lang='lat' dir='ltr'>a</span> <span class='ocrx_word' id='word_1_26' title='bbox 848 525 1108 580; x_wconf 84' lang='lat' dir='ltr'>rationes</span> <span class='ocrx_word' id='word_1_27' title='bbox 1149 522 1343 577; x_wconf 89' lang='lat' dir='ltr'>aliena</span> <span class='ocrx_word' id='word_1_28' title='bbox 1373 521 1820 593; x_wconf 90' lang='lat' dir='ltr'>improperatio.</span> 
     </span>
    </p>
   </div>
   <div class='ocr_carea' id='block_1_6' title="bbox 1737 512 3370 593">
    <p class='ocr_par' dir='ltr' id='par_1_6' title="bbox 1737 512 3370 588">
     <span class='ocr_line' id='line_1_6' title="bbox 1737 512 3370 588; baseline -0.001 -18"><span class='ocrx_word' id='word_1_29' title='bbox 1737 521 1820 576; x_wconf 74' lang='lat' dir='ltr'>,io,</span> <span class='ocrx_word' id='word_1_30' title='bbox 2253 534 2345 571; x_wconf 80' lang='grc' dir='ltr'>την</span> <span class='ocrx_word' id='word_1_31' title='bbox 2376 521 2464 567; x_wconf 84' lang='grc' dir='ltr'>καὶ</span> <span class='ocrx_word' id='word_1_32' title='bbox 2489 520 2665 588; x_wconf 78' lang='grc' dir='ltr'>μωρὰν</span> <span class='ocrx_word' id='word_1_33' title='bbox 2697 516 2940 588; x_wconf 77' lang='grc' dir='ltr'>ἐπήρειαν</span> <span class='ocrx_word' id='word_1_34' title='bbox 2973 512 3370 568; x_wconf 80' lang='grc' dir='ltr'>διαϐαίνουσαν.</span> 
     </span>
    </p>
   </div>
   <div class='ocr_carea' id='block_1_7' title="bbox 562 602 2195 683">
    <p class='ocr_par' dir='ltr' id='par_1_7' title="bbox 562 608 2143 683">
     <span class='ocr_line' id='line_1_7' title="bbox 562 608 2143 683; baseline -0.008 -10"><span class='ocrx_word' id='word_1_35' title='bbox 562 617 671 683; x_wconf 88' lang='lat' dir='ltr'>Qui</span> <span class='ocrx_word' id='word_1_36' title='bbox 705 618 862 671; x_wconf 88' lang='lat' dir='ltr'>enim</span> <span class='ocrx_word' id='word_1_37' title='bbox 893 615 1007 669; x_wconf 87' lang='lat' dir='ltr'>ista</span> <span class='ocrx_word' id='word_1_38' title='bbox 1046 612 1257 667; x_wconf 87' lang='lat' dir='ltr'>dividit</span> <span class='ocrx_word' id='word_1_39' title='bbox 1307 628 1343 667; x_wconf 87' lang='lat' dir='ltr'>a</span> <span class='ocrx_word' id='word_1_40' title='bbox 1393 615 1602 666; x_wconf 87' lang='lat' dir='ltr'>mutuo</span> <span class='ocrx_word' id='word_1_41' title='bbox 1642 611 1792 666; x_wconf 90' lang='lat' dir='ltr'>inter</span> <span class='ocrx_word' id='word_1_42' title='bbox 1832 626 1896 665; x_wconf 88' lang='lat' dir='ltr'>se</span> <span class='ocrx_word' id='word_1_43' title='bbox 1934 608 2143 665; x_wconf 89' lang='lat' dir='ltr'>habitu</span> 
     </span>
    </p>
   </div>
   <div class='ocr_carea' id='block_1_8' title="bbox 2229 602 3862 683">
    <p class='ocr_par' dir='ltr' id='par_1_8' title="bbox 2326 602 3862 678">
     <span class='ocr_line' id='line_1_8' title="bbox 2326 602 3862 678; baseline -0.014 -1"><span class='ocrx_word' id='word_1_44' title='bbox 2326 612 2431 664; x_wconf 68' lang='grc' dir='ltr'>Τῆς</span> <span class='ocrx_word' id='word_1_45' title='bbox 2472 608 2573 677; x_wconf 66' lang='grc' dir='ltr'>γάρ</span> <span class='ocrx_word' id='word_1_46' title='bbox 2620 604 2852 676; x_wconf 70' lang='grc' dir='ltr'>ἐχούσης</span> <span class='ocrx_word' id='word_1_47' title='bbox 2896 604 3121 669; x_wconf 63' lang='grc' dir='ltr'>ἐντολῆς,</span> <span class='ocrx_word' id='word_1_48' title='bbox 3169 602 3217 655; x_wconf 67' lang='grc' dir='ltr'>ἐν</span> <span class='ocrx_word' id='word_1_49' title='bbox 3265 604 3496 675; x_wconf 76' lang='grc' dir='ltr'>συζυγίᾳ</span> <span class='ocrx_word' id='word_1_50' title='bbox 3543 611 3862 678; x_wconf 77' lang='grc' dir='ltr'>προσώπων,</span> 
     </span>
    </p>
   </div>
   <div class='ocr_carea' id='block_1_9' title="bbox 490 692 2123 773">
    <p class='ocr_par' dir='ltr' id='par_1_9' title="bbox 490 698 2117 773">
     <span class='ocr_line' id='line_1_9' title="bbox 490 698 2117 773; baseline -0.007 -10"><span class='ocrx_word' id='word_1_51' title='bbox 490 724 559 764; x_wconf 88' lang='lat' dir='ltr'>ac</span> <span class='ocrx_word' id='word_1_52' title='bbox 586 705 980 768; x_wconf 80' lang='lat' dir='ltr'>connexione,</span> <span class='ocrx_word' id='word_1_53' title='bbox 1024 718 1160 773; x_wconf 65' lang='lat' dir='ltr'>quae</span> <span class='ocrx_word' id='word_1_54' title='bbox 1194 701 1253 755; x_wconf 93' lang='lat' dir='ltr'>in</span> <span class='ocrx_word' id='word_1_55' title='bbox 1302 716 1700 772; x_wconf 91' lang='lat' dir='ltr'>personarum</span> <span class='ocrx_word' id='word_1_56' title='bbox 1734 698 1949 770; x_wconf 90' lang='lat' dir='ltr'>copula</span> <span class='ocrx_word' id='word_1_57' title='bbox 1980 713 2117 752; x_wconf 88' lang='lat' dir='ltr'>man</span> 
     </span>
    </p>
   </div>
   <div class='ocr_carea' id='block_1_10' title="bbox 2231 692 3864 773">
    <p class='ocr_par' dir='ltr' id='par_1_10' title="bbox 2254 692 3864 768">
     <span class='ocr_line' id='line_1_10' title="bbox 2254 692 3864 768; baseline 0.002 -24"><span class='ocrx_word' id='word_1_58' title='bbox 2254 699 2345 750; x_wconf 73' lang='grc' dir='ltr'>τὴν</span> <span class='ocrx_word' id='word_1_59' title='bbox 2396 694 2633 767; x_wconf 72' lang='grc' dir='ltr'>ὕπαρξιν,</span> <span class='ocrx_word' id='word_1_60' title='bbox 2678 697 2702 745; x_wconf 90' lang='lat'>6</span> <span class='ocrx_word' id='word_1_61' title='bbox 2761 692 3065 765; x_wconf 81' lang='grc' dir='ltr'>διασχίζων</span> <span class='ocrx_word' id='word_1_62' title='bbox 3121 702 3286 745; x_wconf 78' lang='grc' dir='ltr'>ταῦτα</span> <span class='ocrx_word' id='word_1_63' title='bbox 3336 703 3427 755; x_wconf 84' lang='grc' dir='ltr'>τῆς</span> <span class='ocrx_word' id='word_1_64' title='bbox 3481 698 3607 768; x_wconf 82' lang='grc' dir='ltr'>πρὸς</span> <span class='ocrx_word' id='word_1_65' title='bbox 3666 695 3864 753; x_wconf 52' lang='lat' dir='ltr'>iurgia</span> 
     </span>
    </p>
   </div>
   <div class='ocr_carea' id='block_1_11' title="bbox 489 780 2122 860">
    <p class='ocr_par' dir='ltr' id='par_1_11' title="bbox 489 786 2122 860">
     <span class='ocr_line' id='line_1_11' title="bbox 489 786 2122 860; baseline -0.009 -8"><span class='ocrx_word' id='word_1_66' title='bbox 489 798 697 852; x_wconf 87' lang='lat' dir='ltr'>datum</span> <span class='ocrx_word' id='word_1_67' title='bbox 730 794 1119 857; x_wconf 87' lang='lat' dir='ltr'>constituunt,</span> <span class='ocrx_word' id='word_1_68' title='bbox 1161 795 1215 844; x_wconf 89' lang='lat' dir='ltr'>et</span> <span class='ocrx_word' id='word_1_69' title='bbox 1262 790 1342 844; x_wconf 91' lang='lat' dir='ltr'>ita</span> <span class='ocrx_word' id='word_1_70' title='bbox 1391 789 1517 844; x_wconf 82' lang='lat' dir='ltr'>vult</span> <span class='ocrx_word' id='word_1_71' title='bbox 1563 790 1843 845; x_wconf 88' lang='lat' dir='ltr'>omnibus</span> <span class='ocrx_word' id='word_1_72' title='bbox 1890 786 2122 860; x_wconf 78' lang='lat' dir='ltr'>pedibu:</span> 
     </span>
    </p>
   </div>
   <div class='ocr_carea' id='block_1_12' title="bbox 2230 780 3863 860">
    <p class='ocr_par' dir='ltr' id='par_1_12' title="bbox 2257 780 3863 856">
     <span class='ocr_line' id='line_1_12' title="bbox 2257 780 3863 856; baseline 0.001 -21"><span class='ocrx_word' id='word_1_73' title='bbox 2257 790 2533 856; x_wconf 71' lang='grc' dir='ltr'>συναφείας</span> <span class='ocrx_word' id='word_1_74' title='bbox 2580 790 2667 837; x_wconf 84' lang='grc' dir='ltr'>καὶ</span> <span class='ocrx_word' id='word_1_75' title='bbox 2720 790 2970 856; x_wconf 80' lang='grc' dir='ltr'>σχέσεως,</span> <span class='ocrx_word' id='word_1_76' title='bbox 3009 780 3121 836; x_wconf 81' lang='grc' dir='ltr'>εἶτα</span> <span class='ocrx_word' id='word_1_77' title='bbox 3163 786 3361 845; x_wconf 92' lang='grc' dir='ltr'>πάντας</span> <span class='ocrx_word' id='word_1_78' title='bbox 3404 783 3560 847; x_wconf 80' lang='grc' dir='ltr'>ἀξιῶν</span> <span class='ocrx_word' id='word_1_79' title='bbox 3603 786 3674 846; x_wconf 81' lang='grc' dir='ltr'>εἰς</span> <span class='ocrx_word' id='word_1_80' title='bbox 3717 789 3863 838; x_wconf 83' lang='grc' dir='ltr'>θατέ-</span> 
     </span>
    </p>
   </div>
   <div class='ocr_carea' id='block_1_13' title="bbox 491 874 2124 948">
    <p class='ocr_par' dir='ltr' id='par_1_13' title="bbox 491 878 2121 948">
     <span class='ocr_line' id='line_1_13' title="bbox 491 878 2121 948; baseline -0.007 -7"><span class='ocrx_word' id='word_1_81' title='bbox 491 884 817 941; x_wconf 89' lang='lat' dir='ltr'>concedere</span> <span class='ocrx_word' id='word_1_82' title='bbox 848 883 907 937; x_wconf 90' lang='lat' dir='ltr'>in</span> <span class='ocrx_word' id='word_1_83' title='bbox 938 882 1190 938; x_wconf 90' lang='lat' dir='ltr'>alteram</span> <span class='ocrx_word' id='word_1_84' title='bbox 1223 884 1450 948; x_wconf 89' lang='lat' dir='ltr'>partem</span> <span class='ocrx_word' id='word_1_85' title='bbox 1481 878 1810 941; x_wconf 86' lang='lat' dir='ltr'>divisionis,</span> <span class='ocrx_word' id='word_1_86' title='bbox 1844 893 1981 948; x_wconf 66' lang='lat' dir='ltr'>quae</span> <span class='ocrx_word' id='word_1_87' title='bbox 2010 891 2121 947; x_wconf 90' lang='lat' dir='ltr'>pos</span> 
     </span>
    </p>
   </div>
   <div class='ocr_carea' id='block_1_14' title="bbox 2232 874 3865 948">
    <p class='ocr_par' dir='ltr' id='par_1_14' title="bbox 2253 874 3865 948">
     <span class='ocr_line' id='line_1_14' title="bbox 2253 874 3865 948; baseline 0.001 -25"><span class='ocrx_word' id='word_1_88' title='bbox 2253 893 2347 947; x_wconf 90' lang='grc' dir='ltr'>ραν</span> <span class='ocrx_word' id='word_1_89' title='bbox 2407 877 2651 926; x_wconf 74' lang='grc' dir='ltr'>συνωθεῖν</span> <span class='ocrx_word' id='word_1_90' title='bbox 2722 882 2906 948; x_wconf 89' lang='grc' dir='ltr'>μοῖραν</span> <span class='ocrx_word' id='word_1_91' title='bbox 2990 882 3080 925; x_wconf 77' lang='grc' dir='ltr'>του</span> <span class='ocrx_word' id='word_1_92' title='bbox 3148 878 3435 945; x_wconf 75' lang='grc' dir='ltr'>τμήματος,</span> <span class='ocrx_word' id='word_1_93' title='bbox 3494 876 3599 925; x_wconf 84' lang='grc' dir='ltr'>οἷον</span> <span class='ocrx_word' id='word_1_94' title='bbox 3664 874 3718 936; x_wconf 82' lang='grc' dir='ltr'>ἐξ</span> <span class='ocrx_word' id='word_1_95' title='bbox 3804 876 3865 936; x_wconf 72' lang='grc' dir='ltr'>ἧς</span> 
     </span>
    </p>
   </div>
   <div class='ocr_carea' id='block_1_15' title="bbox 491 962 2124 1043">
    <p class='ocr_par' dir='ltr' id='par_1_15' title="bbox 491 963 2124 1043">
     <span class='ocr_line' id='line_1_15' title="bbox 491 963 2124 1043; baseline -0.009 -13"><span class='ocrx_word' id='word_1_96' title='bbox 491 974 667 1030; x_wconf 88' lang='lat' dir='ltr'>talem</span> <span class='ocrx_word' id='word_1_97' title='bbox 701 971 1107 1043; x_wconf 83' lang='lat' dir='ltr'>operationem</span> <span class='ocrx_word' id='word_1_98' title='bbox 1143 966 1537 1029; x_wconf 84' lang='lat' dir='ltr'>constituitur,</span> <span class='ocrx_word' id='word_1_99' title='bbox 1580 966 1673 1021; x_wconf 89' lang='lat' dir='ltr'>ille</span> <span class='ocrx_word' id='word_1_100' title='bbox 1705 966 1868 1020; x_wconf 90' lang='lat' dir='ltr'>nullo</span> <span class='ocrx_word' id='word_1_101' title='bbox 1908 963 2124 1032; x_wconf 73' lang='lat' dir='ltr'>negotit</span> 
     </span>
    </p>
   </div>
   <div class='ocr_carea' id='block_1_16' title="bbox 2231 962 3864 1043">
    <p class='ocr_par' dir='ltr' id='par_1_16' title="bbox 2253 962 3864 1035">
     <span class='ocr_line' id='line_1_16' title="bbox 2253 962 3864 1035; baseline 0.001 -22"><span class='ocrx_word' id='word_1_102' title='bbox 2253 962 2596 1034; x_wconf 76' lang='grc' dir='ltr'>προϐάλλεται</span> <span class='ocrx_word' id='word_1_103' title='bbox 2672 966 2701 1020; x_wconf 82' lang='grc' dir='ltr'>ἡ</span> <span class='ocrx_word' id='word_1_104' title='bbox 2776 962 3001 1035; x_wconf 84' lang='grc' dir='ltr'>ἐνέργεια</span> <span class='ocrx_word' id='word_1_105' title='bbox 3035 980 3046 991; x_wconf 85' lang='lat'><strong>&#39;</strong></span> <span class='ocrx_word' id='word_1_106' title='bbox 3098 963 3243 1022; x_wconf 75' lang='grc' dir='ltr'>οὗτος</span> <span class='ocrx_word' id='word_1_107' title='bbox 3297 982 3356 1032; x_wconf 90' lang='grc' dir='ltr'>γε</span> <span class='ocrx_word' id='word_1_108' title='bbox 3417 968 3510 1020; x_wconf 81' lang='grc' dir='ltr'>τὴν</span> <span class='ocrx_word' id='word_1_109' title='bbox 3578 964 3864 1015; x_wconf 76' lang='grc' dir='ltr'>ὑπόλοιπον</span> 
     </span>
    </p>
   </div>
   <div class='ocr_carea' id='block_1_17' title="bbox 491 1052 2124 1125">
    <p class='ocr_par' dir='ltr' id='par_1_17' title="bbox 491 1052 2122 1125">
     <span class='ocr_line' id='line_1_17' title="bbox 491 1052 2122 1125; baseline -0.007 -8"><span class='ocrx_word' id='word_1_110' title='bbox 491 1063 568 1118; x_wconf 87' lang='lat' dir='ltr'>ad</span> <span class='ocrx_word' id='word_1_111' title='bbox 595 1060 960 1116; x_wconf 89' lang='lat' dir='ltr'>abolendum</span> <span class='ocrx_word' id='word_1_112' title='bbox 998 1058 1353 1112; x_wconf 88' lang='lat' dir='ltr'>mandatum</span> <span class='ocrx_word' id='word_1_113' title='bbox 1387 1056 1442 1110; x_wconf 90' lang='lat' dir='ltr'>id</span> <span class='ocrx_word' id='word_1_114' title='bbox 1476 1054 1635 1125; x_wconf 89' lang='lat' dir='ltr'>quod</span> <span class='ocrx_word' id='word_1_115' title='bbox 1670 1054 1972 1109; x_wconf 90' lang='lat' dir='ltr'>residuum</span> <span class='ocrx_word' id='word_1_116' title='bbox 2014 1052 2122 1107; x_wconf 84' lang='lat' dir='ltr'>erit</span> 
     </span>
    </p>
   </div>
   <div class='ocr_carea' id='block_1_18' title="bbox 2235 1052 3868 1125">
    <p class='ocr_par' dir='ltr' id='par_1_18' title="bbox 2254 1052 3868 1124">
     <span class='ocr_line' id='line_1_18' title="bbox 2254 1052 3868 1124; baseline -0.001 -20"><span class='ocrx_word' id='word_1_117' title='bbox 2254 1054 2456 1113; x_wconf 87' lang='grc' dir='ltr'>πάντως</span> <span class='ocrx_word' id='word_1_118' title='bbox 2556 1052 2779 1124; x_wconf 68' lang='grc' dir='ltr'>εὐχερῶς</span> <span class='ocrx_word' id='word_1_119' title='bbox 2881 1052 2951 1113; x_wconf 83' lang='grc' dir='ltr'>εἰς</span> <span class='ocrx_word' id='word_1_120' title='bbox 3031 1057 3394 1124; x_wconf 72' lang='grc' dir='ltr'>καταστροφὴν</span> <span class='ocrx_word' id='word_1_121' title='bbox 3486 1060 3579 1112; x_wconf 83' lang='grc' dir='ltr'>τῆς</span> <span class='ocrx_word' id='word_1_122' title='bbox 3663 1052 3868 1113; x_wconf 74' lang='grc' dir='ltr'>ἐντολῆς</span> 
     </span>
    </p>
   </div>
   <div class='ocr_carea' id='block_1_19' title="bbox 492 1138 2125 1219">
    <p class='ocr_par' dir='ltr' id='par_1_19' title="bbox 492 1140 2120 1219">
     <span class='ocr_line' id='line_1_19' title="bbox 492 1140 2120 1219; baseline -0.006 -14"><span class='ocrx_word' id='word_1_123' title='bbox 492 1156 782 1217; x_wconf 90' lang='lat' dir='ltr'>assumet,</span> <span class='ocrx_word' id='word_1_124' title='bbox 826 1146 1307 1219; x_wconf 88' lang='lat' dir='ltr'>consequentiam</span> <span class='ocrx_word' id='word_1_125' title='bbox 1355 1144 1565 1200; x_wconf 85' lang='lat' dir='ltr'>falsam</span> <span class='ocrx_word' id='word_1_126' title='bbox 1608 1142 1899 1198; x_wconf 91' lang='lat' dir='ltr'>eliciendo</span> <span class='ocrx_word' id='word_1_127' title='bbox 1944 1146 1999 1196; x_wconf 91' lang='lat' dir='ltr'>et</span> <span class='ocrx_word' id='word_1_128' title='bbox 2043 1140 2120 1195; x_wconf 88' lang='lat' dir='ltr'>ab</span> 
     </span>
    </p>
   </div>
   <div class='ocr_carea' id='block_1_20' title="bbox 2235 1138 3868 1219">
    <p class='ocr_par' dir='ltr' id='par_1_20' title="bbox 2253 1138 3868 1214">
     <span class='ocr_line' id='line_1_20' title="bbox 2253 1138 3868 1214; baseline 0.002 -23"><span class='ocrx_word' id='word_1_129' title='bbox 2253 1140 2642 1213; x_wconf 58' lang='grc' dir='ltr'>παραλήψεται,</span> <span class='ocrx_word' id='word_1_130' title='bbox 2691 1138 2876 1211; x_wconf 70' lang='grc' dir='ltr'>ψευδεῖ</span> <span class='ocrx_word' id='word_1_131' title='bbox 2912 1146 2999 1191; x_wconf 96' lang='lat' dir='ltr'>xui</span> <span class='ocrx_word' id='word_1_132' title='bbox 3049 1140 3225 1211; x_wconf 79' lang='grc' dir='ltr'>ἀτόπῳ</span> <span class='ocrx_word' id='word_1_133' title='bbox 3256 1149 3315 1212; x_wconf 74' lang='grc' dir='ltr'>τῇ</span> <span class='ocrx_word' id='word_1_134' title='bbox 3362 1141 3483 1213; x_wconf 87' lang='grc' dir='ltr'>παρ’</span> <span class='ocrx_word' id='word_1_135' title='bbox 3528 1141 3689 1193; x_wconf 75' lang='grc' dir='ltr'>αύτοῡ</span> <span class='ocrx_word' id='word_1_136' title='bbox 3736 1162 3868 1214; x_wconf 86' lang='grc' dir='ltr'>συμ-</span> 
     </span>
    </p>
   </div>
   <div class='ocr_carea' id='block_1_21' title="bbox 493 1229 2126 1307">
    <p class='ocr_par' dir='ltr' id='par_1_21' title="bbox 493 1229 2126 1307">
     <span class='ocr_line' id='line_1_21' title="bbox 493 1229 2126 1307; baseline -0.006 -14"><span class='ocrx_word' id='word_1_137' title='bbox 493 1238 739 1294; x_wconf 89' lang='lat' dir='ltr'>surdam</span> <span class='ocrx_word' id='word_1_138' title='bbox 764 1238 917 1307; x_wconf 87' lang='lat' dir='ltr'>ejus,</span> <span class='ocrx_word' id='word_1_139' title='bbox 950 1252 1129 1307; x_wconf 86' lang='lat' dir='ltr'>quam</span> <span class='ocrx_word' id='word_1_140' title='bbox 1174 1233 1662 1296; x_wconf 86' lang='lat' dir='ltr'>comminiscitur,</span> <span class='ocrx_word' id='word_1_141' title='bbox 1696 1229 2126 1303; x_wconf 79' lang='lat' dir='ltr'>propositionis</span> 
     </span>
    </p>
   </div>
   <div class='ocr_carea' id='block_1_22' title="bbox 2233 1229 3866 1307">
    <p class='ocr_par' dir='ltr' id='par_1_22' title="bbox 2255 1229 3866 1304">
     <span class='ocr_line' id='line_1_22' title="bbox 2255 1229 3866 1304; baseline 0.001 -23"><span class='ocrx_word' id='word_1_142' title='bbox 2255 1229 2545 1286; x_wconf 86' lang='grc' dir='ltr'>πλασθείση</span> <span class='ocrx_word' id='word_1_143' title='bbox 2609 1232 2766 1294; x_wconf 81' lang='grc' dir='ltr'>θέσει,</span> <span class='ocrx_word' id='word_1_144' title='bbox 2829 1229 3106 1281; x_wconf 82' lang='grc' dir='ltr'>ἀκόλουθον</span> <span class='ocrx_word' id='word_1_145' title='bbox 3173 1232 3281 1300; x_wconf 83' lang='grc' dir='ltr'>ἔχω</span> <span class='ocrx_word' id='word_1_146' title='bbox 3347 1233 3403 1280; x_wconf 87' lang='grc' dir='ltr'>τὸ</span> <span class='ocrx_word' id='word_1_147' title='bbox 3476 1239 3866 1304; x_wconf 70' lang='grc' dir='ltr'>περαινόμενον,</span> 
     </span>
    </p>
   </div>
   <div class='ocr_carea' id='block_1_23' title="bbox 491 1315 2124 1399">
    <p class='ocr_par' dir='ltr' id='par_1_23' title="bbox 491 1318 2124 1399">
     <span class='ocr_line' id='line_1_23' title="bbox 491 1318 2124 1399; baseline -0.006 -17"><span class='ocrx_word' id='word_1_148' title='bbox 491 1326 962 1399; x_wconf 62' lang='lat' dir='ltr'>quaestionisque</span> <span class='ocrx_word' id='word_1_149' title='bbox 978 1331 1097 1379; x_wconf 90' lang='lat' dir='ltr'>tam</span> <span class='ocrx_word' id='word_1_150' title='bbox 1119 1324 1401 1377; x_wconf 72' lang='lat' dir='ltr'>fastuostn</span> <span class='ocrx_word' id='word_1_151' title='bbox 1418 1338 1556 1376; x_wconf 92' lang='lat' dir='ltr'>cum</span> <span class='ocrx_word' id='word_1_152' title='bbox 1571 1321 1759 1375; x_wconf 89' lang='lat' dir='ltr'>ironia</span> <span class='ocrx_word' id='word_1_153' title='bbox 1772 1318 2124 1373; x_wconf 69' lang='lat' dir='ltr'>etinﬂationc</span> 
     </span>
    </p>
   </div>
   <div class='ocr_carea' id='block_1_24' title="bbox 2237 1315 3870 1399">
    <p class='ocr_par' dir='ltr' id='par_1_24' title="bbox 2255 1315 3870 1393">
     <span class='ocr_line' id='line_1_24' title="bbox 2255 1315 3870 1393; baseline 0.004 -25"><span class='ocrx_word' id='word_1_154' title='bbox 2255 1324 2342 1369; x_wconf 86' lang='lat' dir='ltr'>xui</span> <span class='ocrx_word' id='word_1_155' title='bbox 2400 1315 2717 1390; x_wconf 78' lang='grc' dir='ltr'>διερωτησει</span> <span class='ocrx_word' id='word_1_156' title='bbox 2776 1339 2831 1390; x_wconf 87' lang='grc' dir='ltr'>γε</span> <span class='ocrx_word' id='word_1_157' title='bbox 2880 1319 3019 1391; x_wconf 82' lang='grc' dir='ltr'>μάλα</span> <span class='ocrx_word' id='word_1_158' title='bbox 3075 1327 3293 1389; x_wconf 83' lang='grc' dir='ltr'>σεμνῶς,</span> <span class='ocrx_word' id='word_1_159' title='bbox 3345 1322 3439 1370; x_wconf 81' lang='grc' dir='ltr'>σὺν</span> <span class='ocrx_word' id='word_1_160' title='bbox 3491 1319 3727 1393; x_wconf 76' lang='grc' dir='ltr'>εἰρωνείᾳ</span> <span class='ocrx_word' id='word_1_161' title='bbox 3778 1329 3870 1374; x_wconf 85' lang='lat' dir='ltr'>xui</span> 
     </span>
    </p>
   </div>
   <div class='ocr_carea' id='block_1_25' title="bbox 491 1404 2124 1486">
    <p class='ocr_par' dir='ltr' id='par_1_25' title="bbox 491 1408 2123 1486">
     <span class='ocr_line' id='line_1_25' title="bbox 491 1408 2123 1486; baseline -0.006 -16"><span class='ocrx_word' id='word_1_162' title='bbox 491 1433 646 1472; x_wconf 87' lang='lat' dir='ltr'>vana</span> <span class='ocrx_word' id='word_1_163' title='bbox 665 1417 795 1486; x_wconf 89' lang='lat' dir='ltr'>conj</span> <span class='ocrx_word' id='word_1_164' title='bbox 810 1421 1023 1469; x_wconf 67' lang='lat' dir='ltr'>unctas.</span> <span class='ocrx_word' id='word_1_165' title='bbox 1049 1414 1109 1468; x_wconf 92' lang='lat' dir='ltr'>Si</span> <span class='ocrx_word' id='word_1_166' title='bbox 1125 1428 1338 1467; x_wconf 90' lang='lat' dir='ltr'>omnes</span> <span class='ocrx_word' id='word_1_167' title='bbox 1357 1412 1571 1466; x_wconf 91' lang='lat' dir='ltr'>etenim</span> <span class='ocrx_word' id='word_1_168' title='bbox 1602 1409 2025 1481; x_wconf 87' lang='lat' dir='ltr'>operabuntur,</span> <span class='ocrx_word' id='word_1_169' title='bbox 2047 1408 2123 1462; x_wconf 90' lang='lat' dir='ltr'>ub</span> 
     </span>
    </p>
   </div>
   <div class='ocr_carea' id='block_1_26' title="bbox 2237 1404 3870 1486">
    <p class='ocr_par' dir='ltr' id='par_1_26' title="bbox 2257 1404 3870 1481">
     <span class='ocr_line' id='line_1_26' title="bbox 2257 1404 3870 1481; baseline 0.003 -24"><span class='ocrx_word' id='word_1_170' title='bbox 2257 1404 2477 1477; x_wconf 80' lang='grc' dir='ltr'>διακένῷ</span> <span class='ocrx_word' id='word_1_171' title='bbox 2533 1413 2838 1480; x_wconf 71' lang='grc' dir='ltr'>φυσήματι·</span> <span class='ocrx_word' id='word_1_172' title='bbox 2876 1409 2929 1460; x_wconf 78' lang='grc' dir='ltr'>Εἰ</span> <span class='ocrx_word' id='word_1_173' title='bbox 2983 1410 3169 1468; x_wconf 84' lang='grc' dir='ltr'>πάντες</span> <span class='ocrx_word' id='word_1_174' title='bbox 3219 1406 3578 1481; x_wconf 82' lang='grc' dir='ltr'>ἐνεργὴσουσι.</span> <span class='ocrx_word' id='word_1_175' title='bbox 3635 1416 3770 1471; x_wconf 89' lang='grc' dir='ltr'>τίνες</span> <span class='ocrx_word' id='word_1_176' title='bbox 3823 1409 3870 1462; x_wconf 75' lang='grc' dir='ltr'>ἓν</span> 
     </span>
    </p>
   </div>
   <div class='ocr_carea' id='block_1_27' title="bbox 494 1494 2127 1576">
    <p class='ocr_par' dir='ltr' id='par_1_27' title="bbox 494 1497 2127 1576">
     <span class='ocr_line' id='line_1_27' title="bbox 494 1497 2127 1576; baseline -0.007 -15"><span class='ocrx_word' id='word_1_177' title='bbox 494 1507 619 1569; x_wconf 89' lang='lat' dir='ltr'>erit,</span> <span class='ocrx_word' id='word_1_178' title='bbox 664 1507 720 1559; x_wconf 94' lang='lat' dir='ltr'>in</span> <span class='ocrx_word' id='word_1_179' title='bbox 761 1520 943 1576; x_wconf 85' lang='lat' dir='ltr'>quem</span> <span class='ocrx_word' id='word_1_180' title='bbox 977 1502 1182 1558; x_wconf 83' lang='lat' dir='ltr'>tendat</span> <span class='ocrx_word' id='word_1_181' title='bbox 1213 1500 1482 1572; x_wconf 90' lang='lat' dir='ltr'>operatio</span> <span class='ocrx_word' id='word_1_182' title='bbox 1520 1500 1547 1553; x_wconf 64' lang='grc' dir='ltr'>τί</span> <span class='ocrx_word' id='word_1_183' title='bbox 1579 1499 1667 1553; x_wconf 78' lang='lat' dir='ltr'>Ad</span> <span class='ocrx_word' id='word_1_184' title='bbox 1697 1498 1858 1552; x_wconf 89' lang='lat' dir='ltr'>hunc</span> <span class='ocrx_word' id='word_1_185' title='bbox 1900 1497 2127 1551; x_wconf 79' lang='lat' dir='ltr'>modun</span> 
     </span>
    </p>
   </div>
   <div class='ocr_carea' id='block_1_28' title="bbox 2236 1494 3869 1576">
    <p class='ocr_par' dir='ltr' id='par_1_28' title="bbox 2255 1494 3869 1573">
     <span class='ocr_line' id='line_1_28' title="bbox 2255 1494 3869 1573; baseline 0.003 -27"><span class='ocrx_word' id='word_1_186' title='bbox 2255 1498 2331 1556; x_wconf 87' lang='grc' dir='ltr'>οἷς</span> <span class='ocrx_word' id='word_1_187' title='bbox 2383 1498 2412 1552; x_wconf 78' lang='grc' dir='ltr'>ἡ</span> <span class='ocrx_word' id='word_1_188' title='bbox 2470 1496 2727 1568; x_wconf 82' lang='grc' dir='ltr'>ἐνέργεια;</span> <span class='ocrx_word' id='word_1_189' title='bbox 2763 1498 2913 1548; x_wconf 83' lang='grc' dir='ltr'>Ούτω</span> <span class='ocrx_word' id='word_1_190' title='bbox 2958 1504 3233 1570; x_wconf 73' lang='grc' dir='ltr'>τοιγαροῦν</span> <span class='ocrx_word' id='word_1_191' title='bbox 3276 1494 3465 1570; x_wconf 82' lang='grc' dir='ltr'>ῥᾳδίας</span> <span class='ocrx_word' id='word_1_192' title='bbox 3510 1501 3671 1558; x_wconf 76' lang='grc' dir='ltr'>οὔσης</span> <span class='ocrx_word' id='word_1_193' title='bbox 3724 1505 3869 1573; x_wconf 73' lang='grc' dir='ltr'>φέρε-</span> 
     </span>
    </p>
   </div>
   <div class='ocr_carea' id='block_1_29' title="bbox 493 1582 2126 1663">
    <p class='ocr_par' dir='ltr' id='par_1_29' title="bbox 493 1587 2126 1663">
     <span class='ocr_line' id='line_1_29' title="bbox 493 1587 2126 1663; baseline -0.006 -13"><span class='ocrx_word' id='word_1_194' title='bbox 493 1596 663 1650; x_wconf 88' lang='lat' dir='ltr'>facile</span> <span class='ocrx_word' id='word_1_195' title='bbox 698 1594 804 1649; x_wconf 89' lang='lat' dir='ltr'>erit</span> <span class='ocrx_word' id='word_1_196' title='bbox 830 1594 1121 1663; x_wconf 86' lang='lat' dir='ltr'>impetum</span> <span class='ocrx_word' id='word_1_197' title='bbox 1171 1590 1365 1645; x_wconf 89' lang='lat' dir='ltr'>facere</span> <span class='ocrx_word' id='word_1_198' title='bbox 1396 1590 1455 1643; x_wconf 91' lang='lat' dir='ltr'>in</span> <span class='ocrx_word' id='word_1_199' title='bbox 1488 1604 1730 1643; x_wconf 90' lang='lat' dir='ltr'>omnem</span> <span class='ocrx_word' id='word_1_200' title='bbox 1762 1587 2011 1657; x_wconf 87' lang='lat' dir='ltr'>Spiritus</span> <span class='ocrx_word' id='word_1_201' title='bbox 2042 1587 2126 1641; x_wconf 13' lang='lat' dir='ltr'>dor</span> 
     </span>
    </p>
   </div>
   <div class='ocr_carea' id='block_1_30' title="bbox 2240 1582 3873 1663">
    <p class='ocr_par' dir='ltr' id='par_1_30' title="bbox 2258 1582 3873 1656">
     <span class='ocr_line' id='line_1_30' title="bbox 2258 1582 3873 1656; baseline 0.002 -20"><span class='ocrx_word' id='word_1_202' title='bbox 2258 1586 2382 1636; x_wconf 85' lang='grc' dir='ltr'>σθαι</span> <span class='ocrx_word' id='word_1_203' title='bbox 2414 1588 2547 1636; x_wconf 82' lang='grc' dir='ltr'>κατὰ</span> <span class='ocrx_word' id='word_1_204' title='bbox 2594 1587 2770 1645; x_wconf 87' lang='grc' dir='ltr'>πάσης</span> <span class='ocrx_word' id='word_1_205' title='bbox 2820 1582 3017 1656; x_wconf 82' lang='grc' dir='ltr'>σχεδόν</span> <span class='ocrx_word' id='word_1_206' title='bbox 3049 1594 3139 1645; x_wconf 81' lang='grc' dir='ltr'>τῆς</span> <span class='ocrx_word' id='word_1_207' title='bbox 3178 1582 3535 1647; x_wconf 76' lang='grc' dir='ltr'>διδασκαλίας</span> <span class='ocrx_word' id='word_1_208' title='bbox 3574 1596 3665 1639; x_wconf 78' lang='grc' dir='ltr'>τοῦ</span> <span class='ocrx_word' id='word_1_209' title='bbox 3712 1592 3873 1641; x_wconf 73' lang='lat' dir='ltr'>flsz-</span> 
     </span>
    </p>
   </div>
   <div class='ocr_carea' id='block_1_31' title="bbox 496 1673 2129 1753">
    <p class='ocr_par' dir='ltr' id='par_1_31' title="bbox 496 1676 2129 1753">
     <span class='ocr_line' id='line_1_31' title="bbox 496 1676 2129 1753; baseline -0.006 -14"><span class='ocrx_word' id='word_1_210' title='bbox 496 1684 770 1743; x_wconf 89' lang='lat' dir='ltr'>ctrinam,</span> <span class='ocrx_word' id='word_1_211' title='bbox 801 1698 905 1753; x_wconf 90' lang='lat' dir='ltr'>per</span> <span class='ocrx_word' id='word_1_212' title='bbox 935 1681 1008 1734; x_wconf 90' lang='lat' dir='ltr'>de</span> <span class='ocrx_word' id='word_1_213' title='bbox 1049 1680 1177 1734; x_wconf 93' lang='lat' dir='ltr'>loco</span> <span class='ocrx_word' id='word_1_214' title='bbox 1211 1677 1499 1749; x_wconf 87' lang='lat' dir='ltr'>superiori</span> <span class='ocrx_word' id='word_1_215' title='bbox 1529 1676 1853 1731; x_wconf 86' lang='lat' dir='ltr'>violentam</span> <span class='ocrx_word' id='word_1_216' title='bbox 1882 1676 2129 1729; x_wconf 88' lang='lat' dir='ltr'>incursa-</span> 
     </span>
    </p>
   </div>
   <div class='ocr_carea' id='block_1_32' title="bbox 2237 1673 3870 1753">
    <p class='ocr_par' dir='ltr' id='par_1_32' title="bbox 2254 1673 3870 1750">
     <span class='ocr_line' id='line_1_32' title="bbox 2254 1673 3870 1750; baseline 0.004 -26"><span class='ocrx_word' id='word_1_217' title='bbox 2254 1693 2431 1744; x_wconf 81' lang='grc' dir='ltr'>ματος,</span> <span class='ocrx_word' id='word_1_218' title='bbox 2492 1682 2588 1735; x_wconf 88' lang='grc' dir='ltr'>τῆς</span> <span class='ocrx_word' id='word_1_219' title='bbox 2664 1674 2871 1744; x_wconf 69' lang='grc' dir='ltr'>ὑψηλῆς</span> <span class='ocrx_word' id='word_1_220' title='bbox 2948 1694 3042 1726; x_wconf 92' lang='grc' dir='ltr'>σου</span> <span class='ocrx_word' id='word_1_221' title='bbox 3110 1678 3306 1736; x_wconf 79' lang='grc' dir='ltr'>ταύτης</span> <span class='ocrx_word' id='word_1_222' title='bbox 3378 1680 3467 1727; x_wconf 82' lang='grc' dir='ltr'>καὶ</span> <span class='ocrx_word' id='word_1_223' title='bbox 3536 1673 3870 1750; x_wconf 76' lang='grc' dir='ltr'>δραστηρίου</span> 
     </span>
    </p>
   </div>
   <div class='ocr_carea' id='block_1_33' title="bbox 498 1760 2131 1838">
    <p class='ocr_par' dir='ltr' id='par_1_33' title="bbox 498 1765 2131 1838">
     <span class='ocr_line' id='line_1_33' title="bbox 498 1765 2131 1838; baseline -0.007 -10"><span class='ocrx_word' id='word_1_224' title='bbox 498 1774 739 1836; x_wconf 89' lang='lat' dir='ltr'>tionem,</span> <span class='ocrx_word' id='word_1_225' title='bbox 777 1772 930 1824; x_wconf 91' lang='lat' dir='ltr'>unde</span> <span class='ocrx_word' id='word_1_226' title='bbox 982 1769 1094 1831; x_wconf 85' lang='lat' dir='ltr'>fiet,</span> <span class='ocrx_word' id='word_1_227' title='bbox 1149 1769 1297 1823; x_wconf 90' lang='lat' dir='ltr'>utin</span> <span class='ocrx_word' id='word_1_228' title='bbox 1349 1768 1635 1838; x_wconf 86' lang='lat' dir='ltr'>pleraque</span> <span class='ocrx_word' id='word_1_229' title='bbox 1678 1766 1873 1819; x_wconf 86' lang='lat' dir='ltr'>sinon</span> <span class='ocrx_word' id='word_1_230' title='bbox 1912 1765 1972 1819; x_wconf 93' lang='lat' dir='ltr'>in</span> <span class='ocrx_word' id='word_1_231' title='bbox 2020 1782 2131 1820; x_wconf 54' lang='lat' dir='ltr'>om.</span> 
     </span>
    </p>
   </div>
   <div class='ocr_carea' id='block_1_34' title="bbox 2239 1760 3872 1838">
    <p class='ocr_par' dir='ltr' id='par_1_34' title="bbox 2254 1760 3872 1836">
     <span class='ocr_line' id='line_1_34' title="bbox 2254 1760 3872 1836; baseline 0.002 -23"><span class='ocrx_word' id='word_1_232' title='bbox 2254 1760 2609 1835; x_wconf 70' lang='grc' dir='ltr'>καταδρομῆς,</span> <span class='ocrx_word' id='word_1_233' title='bbox 2657 1773 2769 1824; x_wconf 81' lang='grc' dir='ltr'>πῶς</span> <span class='ocrx_word' id='word_1_234' title='bbox 2809 1764 2852 1815; x_wconf 87' lang='grc' dir='ltr'>εἰ</span> <span class='ocrx_word' id='word_1_235' title='bbox 2896 1769 2984 1815; x_wconf 86' lang='grc' dir='ltr'>καὶ</span> <span class='ocrx_word' id='word_1_236' title='bbox 3027 1768 3097 1835; x_wconf 81' lang='grc' dir='ltr'>μὴ</span> <span class='ocrx_word' id='word_1_237' title='bbox 3144 1762 3225 1815; x_wconf 82' lang='grc' dir='ltr'>ἐπὶ</span> <span class='ocrx_word' id='word_1_238' title='bbox 3270 1774 3474 1831; x_wconf 81' lang='grc' dir='ltr'>πασῶν,</span> <span class='ocrx_word' id='word_1_239' title='bbox 3508 1764 3636 1816; x_wconf 80' lang='grc' dir='ltr'>ἀλλά</span> <span class='ocrx_word' id='word_1_240' title='bbox 3664 1786 3727 1836; x_wconf 85' lang='grc' dir='ltr'>γε</span> <span class='ocrx_word' id='word_1_241' title='bbox 3766 1776 3872 1818; x_wconf 72' lang='grc' dir='ltr'>τῶν</span> 
     </span>
    </p>
   </div>
   <div class='ocr_carea' id='block_1_35' title="bbox 498 1850 2131 1925">
    <p class='ocr_par' dir='ltr' id='par_1_35' title="bbox 498 1853 2131 1916">
     <span class='ocr_line' id='line_1_35' title="bbox 498 1853 2131 1916; baseline -0.007 0"><span class='ocrx_word' id='word_1_242' title='bbox 498 1862 596 1916; x_wconf 89' lang='lat' dir='ltr'>nia</span> <span class='ocrx_word' id='word_1_243' title='bbox 624 1860 722 1915; x_wconf 89' lang='lat' dir='ltr'>tali</span> <span class='ocrx_word' id='word_1_244' title='bbox 750 1859 929 1913; x_wconf 90' lang='lat' dir='ltr'>modo</span> <span class='ocrx_word' id='word_1_245' title='bbox 956 1858 1070 1911; x_wconf 88' lang='lat' dir='ltr'>hoc</span> <span class='ocrx_word' id='word_1_246' title='bbox 1126 1862 1293 1911; x_wconf 94' lang='lat' dir='ltr'>tuum</span> <span class='ocrx_word' id='word_1_247' title='bbox 1335 1870 1588 1910; x_wconf 83' lang='lat' dir='ltr'>examen</span> <span class='ocrx_word' id='word_1_248' title='bbox 1629 1853 1940 1908; x_wconf 85' lang='lat' dir='ltr'>incussisti</span> <span class='ocrx_word' id='word_1_249' title='bbox 1977 1872 1989 1909; x_wconf 90' lang='lat'><strong>:</strong></span> <span class='ocrx_word' id='word_1_250' title='bbox 2042 1854 2131 1909; x_wconf 58' lang='lat' dir='ltr'>set?</span> 
     </span>
    </p>
   </div>
   <div class='ocr_carea' id='block_1_36' title="bbox 2237 1850 3870 1925">
    <p class='ocr_par' dir='ltr' id='par_1_36' title="bbox 2254 1850 3870 1925">
     <span class='ocr_line' id='line_1_36' title="bbox 2254 1850 3870 1925; baseline 0.002 -22"><span class='ocrx_word' id='word_1_251' title='bbox 2254 1852 2527 1917; x_wconf 73' lang='grc' dir='ltr'>πλείστων,</span> <span class='ocrx_word' id='word_1_252' title='bbox 2575 1852 2679 1922; x_wconf 69' lang='grc' dir='ltr'>οὐχ</span> <span class='ocrx_word' id='word_1_253' title='bbox 2721 1850 2920 1923; x_wconf 72' lang='grc' dir='ltr'>ἀφῆκας</span> <span class='ocrx_word' id='word_1_254' title='bbox 2968 1857 3061 1910; x_wconf 86' lang='grc' dir='ltr'>τὴν</span> <span class='ocrx_word' id='word_1_255' title='bbox 3100 1852 3418 1911; x_wconf 79' lang='grc' dir='ltr'>τηλικαύτην</span> <span class='ocrx_word' id='word_1_256' title='bbox 3466 1873 3559 1905; x_wconf 91' lang='grc' dir='ltr'>σου</span> <span class='ocrx_word' id='word_1_257' title='bbox 3606 1853 3870 1925; x_wconf 76' lang='grc' dir='ltr'>βάσανον·</span> 
     </span>
    </p>
   </div>
   <div class='ocr_carea' id='block_1_37' title="bbox 498 1938 2131 2015">
    <p class='ocr_par' dir='ltr' id='par_1_37' title="bbox 498 1944 2131 2015">
     <span class='ocr_line' id='line_1_37' title="bbox 498 1944 2131 2015; baseline -0.004 -11"><span class='ocrx_word' id='word_1_258' title='bbox 498 1950 650 2004; x_wconf 90' lang='lat' dir='ltr'>intra</span> <span class='ocrx_word' id='word_1_259' title='bbox 673 1949 845 2003; x_wconf 90' lang='lat' dir='ltr'>unius</span> <span class='ocrx_word' id='word_1_260' title='bbox 871 1947 1137 2001; x_wconf 83' lang='lat' dir='ltr'>mandati</span> <span class='ocrx_word' id='word_1_261' title='bbox 1161 1945 1593 2015; x_wconf 84' lang='lat' dir='ltr'>exceptionem,</span> <span class='ocrx_word' id='word_1_262' title='bbox 1617 1960 1748 2015; x_wconf 70' lang='lat' dir='ltr'>quas</span> <span class='ocrx_word' id='word_1_263' title='bbox 1773 1949 1871 1998; x_wconf 91' lang='lat' dir='ltr'>tua</span> <span class='ocrx_word' id='word_1_264' title='bbox 1887 1944 1996 1999; x_wconf 84' lang='lat' dir='ltr'>fuit</span> <span class='ocrx_word' id='word_1_265' title='bbox 2022 1944 2131 2015; x_wconf 92' lang='lat' dir='ltr'>pie-</span> 
     </span>
    </p>
   </div>
   <div class='ocr_carea' id='block_1_38' title="bbox 2241 1938 3874 2015">
    <p class='ocr_par' dir='ltr' id='par_1_38' title="bbox 2254 1938 3874 2014">
     <span class='ocr_line' id='line_1_38' title="bbox 2254 1938 3874 2014; baseline 0.004 -23"><span class='ocrx_word' id='word_1_266' title='bbox 2254 1948 2352 2013; x_wconf 78' lang='grc' dir='ltr'>μιᾷ</span> <span class='ocrx_word' id='word_1_267' title='bbox 2428 1938 2486 1992; x_wconf 77' lang='grc' dir='ltr'>δε</span> <span class='ocrx_word' id='word_1_268' title='bbox 2548 1945 2675 2014; x_wconf 78' lang='grc' dir='ltr'>μόνη</span> <span class='ocrx_word' id='word_1_269' title='bbox 2738 1950 2833 1992; x_wconf 82' lang='grc' dir='ltr'>τῶν</span> <span class='ocrx_word' id='word_1_270' title='bbox 2888 1940 3119 2006; x_wconf 80' lang='grc' dir='ltr'>ἐντολῶν,</span> <span class='ocrx_word' id='word_1_271' title='bbox 3178 1944 3277 1994; x_wconf 82' lang='grc' dir='ltr'>ύπό</span> <span class='ocrx_word' id='word_1_272' title='bbox 3335 1942 3528 2003; x_wconf 86' lang='grc' dir='ltr'>πολλῆς</span> <span class='ocrx_word' id='word_1_273' title='bbox 3597 1944 3874 2006; x_wconf 75' lang='grc' dir='ltr'>εὐλαϐείας</span> 
     </span>
    </p>
   </div>
   <div class='ocr_carea' id='block_1_39' title="bbox 500 2029 2133 2107">
    <p class='ocr_par' dir='ltr' id='par_1_39' title="bbox 500 2033 2133 2103">
     <span class='ocr_line' id='line_1_39' title="bbox 500 2033 2133 2103; baseline -0.004 -10"><span class='ocrx_word' id='word_1_274' title='bbox 500 2045 586 2094; x_wconf 89' lang='lat' dir='ltr'>tas</span> <span class='ocrx_word' id='word_1_275' title='bbox 618 2043 672 2093; x_wconf 90' lang='lat' dir='ltr'>et</span> <span class='ocrx_word' id='word_1_276' title='bbox 710 2038 948 2091; x_wconf 88' lang='lat' dir='ltr'>devotio</span> <span class='ocrx_word' id='word_1_277' title='bbox 982 2035 1325 2090; x_wconf 89' lang='lat' dir='ltr'>conclusisti</span> <span class='ocrx_word' id='word_1_278' title='bbox 1363 2051 1374 2087; x_wconf 92' lang='lat'><strong>:</strong></span> <span class='ocrx_word' id='word_1_279' title='bbox 1411 2040 1568 2088; x_wconf 91' lang='lat' dir='ltr'>certa</span> <span class='ocrx_word' id='word_1_280' title='bbox 1606 2033 1687 2087; x_wconf 91' lang='lat' dir='ltr'>ita</span> <span class='ocrx_word' id='word_1_281' title='bbox 1719 2034 1913 2103; x_wconf 78' lang='lat' dir='ltr'>magis</span> <span class='ocrx_word' id='word_1_282' title='bbox 1960 2033 2133 2087; x_wconf 89' lang='lat' dir='ltr'>admi-</span> 
     </span>
    </p>
   </div>
   <div class='ocr_carea' id='block_1_40' title="bbox 2240 2029 3873 2107">
    <p class='ocr_par' dir='ltr' id='par_1_40' title="bbox 2257 2029 3873 2107">
     <span class='ocr_line' id='line_1_40' title="bbox 2257 2029 3873 2107; baseline 0.002 -26"><span class='ocrx_word' id='word_1_283' title='bbox 2257 2029 2739 2101; x_wconf 85' lang='grc' dir='ltr'>συγκατέκλεισας;</span> <span class='ocrx_word' id='word_1_284' title='bbox 2773 2031 2906 2083; x_wconf 72' lang='grc' dir='ltr'>οὕτω</span> <span class='ocrx_word' id='word_1_285' title='bbox 2954 2034 3053 2103; x_wconf 81' lang='grc' dir='ltr'>γὰρ</span> <span class='ocrx_word' id='word_1_286' title='bbox 3099 2032 3159 2082; x_wconf 83' lang='grc' dir='ltr'>οἶν</span> <span class='ocrx_word' id='word_1_287' title='bbox 3208 2051 3301 2083; x_wconf 88' lang='grc' dir='ltr'>σου</span> <span class='ocrx_word' id='word_1_288' title='bbox 3351 2041 3451 2083; x_wconf 80' lang='grc' dir='ltr'>τῶν</span> <span class='ocrx_word' id='word_1_289' title='bbox 3508 2034 3873 2107; x_wconf 82' lang='grc' dir='ltr'>ἐπιχειρημά-</span> 
     </span>
    </p>
   </div>
   <div class='ocr_carea' id='block_1_41' title="bbox 496 2119 2129 2195">
    <p class='ocr_par' dir='ltr' id='par_1_41' title="bbox 496 2121 2129 2193">
     <span class='ocr_line' id='line_1_41' title="bbox 496 2121 2129 2193; baseline -0.003 -12"><span class='ocrx_word' id='word_1_290' title='bbox 496 2144 699 2181; x_wconf 86' lang='lat' dir='ltr'>ramur</span> <span class='ocrx_word' id='word_1_291' title='bbox 728 2126 972 2180; x_wconf 90' lang='lat' dir='ltr'>modum</span> <span class='ocrx_word' id='word_1_292' title='bbox 1023 2130 1137 2179; x_wconf 68' lang='lat' dir='ltr'>tua:</span> <span class='ocrx_word' id='word_1_293' title='bbox 1179 2123 1427 2179; x_wconf 89' lang='lat' dir='ltr'>actionis</span> <span class='ocrx_word' id='word_1_294' title='bbox 1458 2127 1581 2176; x_wconf 89' lang='lat' dir='ltr'>tam</span> <span class='ocrx_word' id='word_1_295' title='bbox 1628 2121 1854 2176; x_wconf 87' lang='lat' dir='ltr'>facilem</span> <span class='ocrx_word' id='word_1_296' title='bbox 1902 2126 1957 2175; x_wconf 90' lang='lat' dir='ltr'>et</span> <span class='ocrx_word' id='word_1_297' title='bbox 2009 2137 2129 2193; x_wconf 83' lang='lat' dir='ltr'>pro</span> 
     </span>
    </p>
   </div>
   <div class='ocr_carea' id='block_1_42' title="bbox 2236 2119 3869 2195">
    <p class='ocr_par' dir='ltr' id='par_1_42' title="bbox 2254 2119 3869 2195">
     <span class='ocr_line' id='line_1_42' title="bbox 2254 2119 3869 2195; baseline 0.002 -24"><span class='ocrx_word' id='word_1_298' title='bbox 2254 2140 2352 2171; x_wconf 80' lang='grc' dir='ltr'>των</span> <span class='ocrx_word' id='word_1_299' title='bbox 2426 2123 2481 2171; x_wconf 89' lang='grc' dir='ltr'>τό</span> <span class='ocrx_word' id='word_1_300' title='bbox 2542 2124 2756 2191; x_wconf 74' lang='grc' dir='ltr'>εὔπορον</span> <span class='ocrx_word' id='word_1_301' title='bbox 2824 2124 2912 2171; x_wconf 89' lang='grc' dir='ltr'>καὶ</span> <span class='ocrx_word' id='word_1_302' title='bbox 2961 2119 3100 2192; x_wconf 84' lang='grc' dir='ltr'>βαθύ</span> <span class='ocrx_word' id='word_1_303' title='bbox 3160 2120 3347 2191; x_wconf 75' lang='grc' dir='ltr'>μᾶλλον</span> <span class='ocrx_word' id='word_1_304' title='bbox 3403 2120 3869 2195; x_wconf 82' lang='grc' dir='ltr'>ἀπεθαυμάζομεν.</span> 
     </span>
    </p>
   </div>
   <div class='ocr_carea' id='block_1_43' title="bbox 497 2205 2130 2283">
    <p class='ocr_par' dir='ltr' id='par_1_43' title="bbox 497 2210 2130 2281">
     <span class='ocr_line' id='line_1_43' title="bbox 497 2210 2130 2281; baseline -0.004 -9"><span class='ocrx_word' id='word_1_305' title='bbox 497 2215 773 2272; x_wconf 87' lang='lat' dir='ltr'>fundum.</span> <span class='ocrx_word' id='word_1_306' title='bbox 808 2215 917 2269; x_wconf 89' lang='lat' dir='ltr'>Sed</span> <span class='ocrx_word' id='word_1_307' title='bbox 949 2219 1073 2269; x_wconf 90' lang='lat' dir='ltr'>erat</span> <span class='ocrx_word' id='word_1_308' title='bbox 1116 2214 1242 2267; x_wconf 72' lang='lat' dir='ltr'>haec</span> <span class='ocrx_word' id='word_1_309' title='bbox 1275 2228 1310 2266; x_wconf 91' lang='lat' dir='ltr'>a</span> <span class='ocrx_word' id='word_1_310' title='bbox 1339 2211 1561 2266; x_wconf 85' lang='lat' dir='ltr'>malitia</span> <span class='ocrx_word' id='word_1_311' title='bbox 1591 2216 1691 2265; x_wconf 92' lang='lat' dir='ltr'>tua</span> <span class='ocrx_word' id='word_1_312' title='bbox 1738 2210 1929 2280; x_wconf 88' lang='lat' dir='ltr'>potius</span> <span class='ocrx_word' id='word_1_313' title='bbox 1962 2226 2130 2281; x_wconf 69' lang='lat' dir='ltr'>quam</span> 
     </span>
    </p>
   </div>
   <div class='ocr_carea' id='block_1_44' title="bbox 2242 2205 3875 2283">
    <p class='ocr_par' dir='ltr' id='par_1_44' title="bbox 2256 2205 3875 2283">
     <span class='ocr_line' id='line_1_44' title="bbox 2256 2205 3875 2283; baseline 0.002 -23"><span class='ocrx_word' id='word_1_314' title='bbox 2256 2208 2390 2261; x_wconf 77' lang='grc' dir='ltr'>Ἀλλ’</span> <span class='ocrx_word' id='word_1_315' title='bbox 2459 2205 2519 2265; x_wconf 76' lang='grc' dir='ltr'>ἦν</span> <span class='ocrx_word' id='word_1_316' title='bbox 2588 2214 2675 2260; x_wconf 84' lang='grc' dir='ltr'>καὶ</span> <span class='ocrx_word' id='word_1_317' title='bbox 2744 2216 2897 2260; x_wconf 77' lang='grc' dir='ltr'>τοῦτο</span> <span class='ocrx_word' id='word_1_318' title='bbox 2971 2214 3287 2283; x_wconf 78' lang='grc' dir='ltr'>κακουργίας</span> <span class='ocrx_word' id='word_1_319' title='bbox 3344 2210 3534 2281; x_wconf 82' lang='grc' dir='ltr'>μᾶλλον</span> <span class='ocrx_word' id='word_1_320' title='bbox 3599 2212 3627 2270; x_wconf 79' lang='grc' dir='ltr'><em>ἡ</em></span> <span class='ocrx_word' id='word_1_321' title='bbox 3691 2211 3875 2273; x_wconf 79' lang='grc' dir='ltr'>ἀνοίας</span> 
     </span>
    </p>
   </div>
   <div class='ocr_carea' id='block_1_45' title="bbox 496 2294 2129 2375">
    <p class='ocr_par' dir='ltr' id='par_1_45' title="bbox 496 2299 2119 2375">
     <span class='ocr_line' id='line_1_45' title="bbox 496 2299 2119 2375; baseline -0.005 -16"><span class='ocrx_word' id='word_1_322' title='bbox 496 2304 890 2375; x_wconf 77' lang='lat' dir='ltr'>imprudentia</span> <span class='ocrx_word' id='word_1_323' title='bbox 913 2302 1179 2374; x_wconf 84' lang='lat' dir='ltr'>profecta</span> <span class='ocrx_word' id='word_1_324' title='bbox 1193 2301 1565 2355; x_wconf 86' lang='lat' dir='ltr'>machinatio.</span> <span class='ocrx_word' id='word_1_325' title='bbox 1584 2299 1957 2366; x_wconf 80' lang='lat' dir='ltr'>lntelligebas</span> <span class='ocrx_word' id='word_1_326' title='bbox 1971 2300 2119 2353; x_wconf 91' lang='lat' dir='ltr'>enim</span> 
     </span>
    </p>
   </div>
   <div class='ocr_carea' id='block_1_46' title="bbox 2240 2294 3873 2375">
    <p class='ocr_par' dir='ltr' id='par_1_46' title="bbox 2255 2294 3873 2372">
     <span class='ocr_line' id='line_1_46' title="bbox 2255 2294 3873 2372; baseline 0.003 -24"><span class='ocrx_word' id='word_1_327' title='bbox 2255 2296 2618 2369; x_wconf 81' lang='grc' dir='ltr'>ἐπιτέχνασμα</span> <span class='ocrx_word' id='word_1_328' title='bbox 2652 2314 2665 2327; x_wconf 79' lang='grc'><strong><em>⁸</em></strong></span> <span class='ocrx_word' id='word_1_329' title='bbox 2700 2294 2819 2369; x_wconf 76' lang='grc' dir='ltr'>ᾔδει</span> <span class='ocrx_word' id='word_1_330' title='bbox 2865 2300 2988 2371; x_wconf 83' lang='grc' dir='ltr'>γὰρ,</span> <span class='ocrx_word' id='word_1_331' title='bbox 3032 2295 3152 2370; x_wconf 74' lang='grc' dir='ltr'>ᾔδει</span> <span class='ocrx_word' id='word_1_332' title='bbox 3200 2301 3335 2351; x_wconf 85' lang='grc' dir='ltr'>κατὰ</span> <span class='ocrx_word' id='word_1_333' title='bbox 3380 2302 3584 2351; x_wconf 85' lang='grc' dir='ltr'>πάντων</span> <span class='ocrx_word' id='word_1_334' title='bbox 3625 2306 3715 2372; x_wconf 69' lang='grc' dir='ltr'>μὲν</span> <span class='ocrx_word' id='word_1_335' title='bbox 3762 2311 3873 2353; x_wconf 81' lang='grc' dir='ltr'>τῶν</span> 
     </span>
    </p>
   </div>
   <div class='ocr_carea' id='block_1_47' title="bbox 498 2387 2131 2463">
    <p class='ocr_par' dir='ltr' id='par_1_47' title="bbox 498 2387 2131 2461">
     <span class='ocr_line' id='line_1_47' title="bbox 498 2387 2131 2461; baseline -0.004 -13"><span class='ocrx_word' id='word_1_336' title='bbox 498 2395 549 2448; x_wconf 90' lang='lat' dir='ltr'>si</span> <span class='ocrx_word' id='word_1_337' title='bbox 575 2393 852 2448; x_wconf 89' lang='lat' dir='ltr'>eamdem</span> <span class='ocrx_word' id='word_1_338' title='bbox 883 2391 1283 2461; x_wconf 91' lang='lat' dir='ltr'>objectionem</span> <span class='ocrx_word' id='word_1_339' title='bbox 1313 2389 1373 2442; x_wconf 88' lang='lat' dir='ltr'>in</span> <span class='ocrx_word' id='word_1_340' title='bbox 1400 2388 1651 2460; x_wconf 89' lang='lat' dir='ltr'>quodvis</span> <span class='ocrx_word' id='word_1_341' title='bbox 1679 2387 1947 2442; x_wconf 89' lang='lat' dir='ltr'>divinum</span> <span class='ocrx_word' id='word_1_342' title='bbox 1984 2404 2131 2442; x_wconf 38' lang='lat' dir='ltr'>man.</span> 
     </span>
    </p>
   </div>
   <div class='ocr_carea' id='block_1_48' title="bbox 2240 2387 3873 2463">
    <p class='ocr_par' dir='ltr' id='par_1_48' title="bbox 2255 2387 3873 2463">
     <span class='ocr_line' id='line_1_48' title="bbox 2255 2387 3873 2463; baseline 0.002 -26"><span class='ocrx_word' id='word_1_343' title='bbox 2255 2394 2577 2437; x_wconf 81' lang='grc' dir='ltr'>Δεσποτικῶν</span> <span class='ocrx_word' id='word_1_344' title='bbox 2652 2389 3071 2459; x_wconf 76' lang='grc' dir='ltr'>προσταγμάτων</span> <span class='ocrx_word' id='word_1_345' title='bbox 3139 2392 3232 2445; x_wconf 80' lang='grc' dir='ltr'>τὴν</span> <span class='ocrx_word' id='word_1_346' title='bbox 3298 2387 3461 2445; x_wconf 66' lang='grc' dir='ltr'>αὐτὴν</span> <span class='ocrx_word' id='word_1_347' title='bbox 3537 2390 3873 2463; x_wconf 75' lang='grc' dir='ltr'>κατάρρησιν</span> 
     </span>
    </p>
   </div>
   <div class='ocr_carea' id='block_1_49' title="bbox 496 2473 2129 2552">
    <p class='ocr_par' dir='ltr' id='par_1_49' title="bbox 496 2476 2129 2550">
     <span class='ocr_line' id='line_1_49' title="bbox 496 2476 2129 2550; baseline -0.002 -15"><span class='ocrx_word' id='word_1_348' title='bbox 496 2482 702 2537; x_wconf 87' lang='lat' dir='ltr'>datum</span> <span class='ocrx_word' id='word_1_349' title='bbox 754 2481 1083 2550; x_wconf 89' lang='lat' dir='ltr'>ejaculatus</span> <span class='ocrx_word' id='word_1_350' title='bbox 1122 2494 1305 2543; x_wconf 88' lang='lat' dir='ltr'>esses,</span> <span class='ocrx_word' id='word_1_351' title='bbox 1347 2478 1516 2533; x_wconf 87' lang='lat' dir='ltr'>facile</span> <span class='ocrx_word' id='word_1_352' title='bbox 1562 2476 1826 2547; x_wconf 89' lang='lat' dir='ltr'>potuisse</span> <span class='ocrx_word' id='word_1_353' title='bbox 1879 2477 2129 2532; x_wconf 25' lang='lat' dir='ltr'>animad‘</span> 
     </span>
    </p>
   </div>
   <div class='ocr_carea' id='block_1_50' title="bbox 2239 2473 3872 2552">
    <p class='ocr_par' dir='ltr' id='par_1_50' title="bbox 2253 2473 3872 2552">
     <span class='ocr_line' id='line_1_50' title="bbox 2253 2473 3872 2552; baseline 0.002 -25"><span class='ocrx_word' id='word_1_354' title='bbox 2253 2473 2683 2547; x_wconf 80' lang='grc' dir='ltr'>προϐαλλόμενος,</span> <span class='ocrx_word' id='word_1_355' title='bbox 2760 2475 3049 2549; x_wconf 77' lang='grc' dir='ltr'>εὐφώρατον</span> <span class='ocrx_word' id='word_1_356' title='bbox 3129 2476 3254 2539; x_wconf 81' lang='grc' dir='ltr'>ἕξειν</span> <span class='ocrx_word' id='word_1_357' title='bbox 3328 2481 3383 2529; x_wconf 86' lang='grc' dir='ltr'>τὸ</span> <span class='ocrx_word' id='word_1_358' title='bbox 3462 2474 3872 2552; x_wconf 80' lang='grc' dir='ltr'>ῥᾳδιούργημα,</span> 
     </span>
    </p>
   </div>
   <div class='ocr_carea' id='block_1_51' title="bbox 494 2560 2127 2640">
    <p class='ocr_par' dir='ltr' id='par_1_51' title="bbox 494 2567 2127 2639">
     <span class='ocr_line' id='line_1_51' title="bbox 494 2567 2127 2639; baseline -0.002 -15"><span class='ocrx_word' id='word_1_359' title='bbox 494 2571 639 2625; x_wconf 87' lang='lat' dir='ltr'>verti</span> <span class='ocrx_word' id='word_1_360' title='bbox 690 2570 993 2639; x_wconf 89' lang='lat' dir='ltr'>inceptum</span> <span class='ocrx_word' id='word_1_361' title='bbox 1055 2567 1198 2622; x_wconf 93' lang='lat' dir='ltr'>illud</span> <span class='ocrx_word' id='word_1_362' title='bbox 1252 2572 1373 2621; x_wconf 91' lang='lat' dir='ltr'>tam</span> <span class='ocrx_word' id='word_1_363' title='bbox 1428 2568 1694 2635; x_wconf 90' lang='lat' dir='ltr'>ineptum</span> <span class='ocrx_word' id='word_1_364' title='bbox 1755 2567 1939 2620; x_wconf 89' lang='lat' dir='ltr'>cuivis</span> <span class='ocrx_word' id='word_1_365' title='bbox 1987 2567 2127 2620; x_wconf 82' lang='lat' dir='ltr'>enin</span> 
     </span>
    </p>
   </div>
   <div class='ocr_carea' id='block_1_52' title="bbox 2240 2560 3873 2640">
    <p class='ocr_par' dir='ltr' id='par_1_52' title="bbox 2254 2560 3873 2640">
     <span class='ocr_line' id='line_1_52' title="bbox 2254 2560 3873 2640; baseline 0.003 -25"><span class='ocrx_word' id='word_1_366' title='bbox 2254 2565 2342 2615; x_wconf 78' lang='grc' dir='ltr'>ἅτε</span> <span class='ocrx_word' id='word_1_367' title='bbox 2396 2560 2682 2635; x_wconf 74' lang='grc' dir='ltr'>δυναμένου</span> <span class='ocrx_word' id='word_1_368' title='bbox 2738 2570 2826 2616; x_wconf 85' lang='grc' dir='ltr'>καὶ</span> <span class='ocrx_word' id='word_1_369' title='bbox 2886 2572 2977 2617; x_wconf 77' lang='grc' dir='ltr'>τοῦ</span> <span class='ocrx_word' id='word_1_370' title='bbox 3031 2570 3282 2637; x_wconf 87' lang='grc' dir='ltr'>τυχόντος</span> <span class='ocrx_word' id='word_1_371' title='bbox 3341 2573 3583 2640; x_wconf 82' lang='grc' dir='ltr'>συνορᾷν,</span> <span class='ocrx_word' id='word_1_372' title='bbox 3644 2569 3714 2629; x_wconf 85' lang='grc' dir='ltr'>ὡς</span> <span class='ocrx_word' id='word_1_373' title='bbox 3766 2570 3873 2620; x_wconf 72' lang='grc' dir='ltr'>οὐκ</span> 
     </span>
    </p>
   </div>
   <div class='ocr_carea' id='block_1_53' title="bbox 496 2651 2129 2729">
    <p class='ocr_par' dir='ltr' id='par_1_53' title="bbox 496 2654 2129 2729">
     <span class='ocr_line' id='line_1_53' title="bbox 496 2654 2129 2729; baseline -0.002 -16"><span class='ocrx_word' id='word_1_374' title='bbox 496 2664 652 2713; x_wconf 87' lang='lat' dir='ltr'>esset</span> <span class='ocrx_word' id='word_1_375' title='bbox 677 2657 1083 2729; x_wconf 88' lang='lat' dir='ltr'>perspicuum,</span> <span class='ocrx_word' id='word_1_376' title='bbox 1114 2656 1278 2726; x_wconf 91' lang='lat' dir='ltr'>quod</span> <span class='ocrx_word' id='word_1_377' title='bbox 1305 2656 1510 2709; x_wconf 88' lang='lat' dir='ltr'>omnia</span> <span class='ocrx_word' id='word_1_378' title='bbox 1542 2654 1639 2709; x_wconf 92' lang='lat' dir='ltr'>Dei</span> <span class='ocrx_word' id='word_1_379' title='bbox 1669 2654 1957 2709; x_wconf 90' lang='lat' dir='ltr'>mandata</span> <span class='ocrx_word' id='word_1_380' title='bbox 1986 2670 2129 2709; x_wconf 28' lang='lat' dir='ltr'>eam‘</span> 
     </span>
    </p>
   </div>
   <div class='ocr_carea' id='block_1_54' title="bbox 2239 2651 3872 2729">
    <p class='ocr_par' dir='ltr' id='par_1_54' title="bbox 2254 2651 3872 2729">
     <span class='ocr_line' id='line_1_54' title="bbox 2254 2651 3872 2729; baseline 0.004 -27"><span class='ocrx_word' id='word_1_381' title='bbox 2254 2651 2314 2703; x_wconf 79' lang='grc' dir='ltr'>ἂν</span> <span class='ocrx_word' id='word_1_382' title='bbox 2366 2653 2500 2704; x_wconf 86' lang='grc' dir='ltr'>ούτω</span> <span class='ocrx_word' id='word_1_383' title='bbox 2551 2672 2609 2723; x_wconf 78' lang='grc' dir='ltr'>γε</span> <span class='ocrx_word' id='word_1_384' title='bbox 2664 2656 2834 2705; x_wconf 90' lang='grc' dir='ltr'>πάντα</span> <span class='ocrx_word' id='word_1_385' title='bbox 2887 2657 2952 2706; x_wconf 85' lang='grc' dir='ltr'>τὰ</span> <span class='ocrx_word' id='word_1_386' title='bbox 3005 2660 3240 2729; x_wconf 78' lang='grc' dir='ltr'>σωτήρια</span> <span class='ocrx_word' id='word_1_387' title='bbox 3286 2656 3716 2729; x_wconf 84' lang='grc' dir='ltr'>παραγγέλματα,</span> <span class='ocrx_word' id='word_1_388' title='bbox 3766 2664 3872 2716; x_wconf 81' lang='grc' dir='ltr'>τὴν</span> 
     </span>
    </p>
   </div>
   <div class='ocr_carea' id='block_1_55' title="bbox 495 2740 2128 2820">
    <p class='ocr_par' dir='ltr' id='par_1_55' title="bbox 495 2744 2128 2802">
     <span class='ocr_line' id='line_1_55' title="bbox 495 2744 2128 2802; baseline -0.002 0"><span class='ocrx_word' id='word_1_389' title='bbox 495 2748 632 2802; x_wconf 89' lang='lat' dir='ltr'>dem</span> <span class='ocrx_word' id='word_1_390' title='bbox 685 2745 1004 2802; x_wconf 91' lang='lat' dir='ltr'>arrodendi</span> <span class='ocrx_word' id='word_1_391' title='bbox 1063 2745 1412 2799; x_wconf 82' lang='lat' dir='ltr'>exhiberem</span> <span class='ocrx_word' id='word_1_392' title='bbox 1468 2744 1847 2798; x_wconf 90' lang='lat' dir='ltr'>occasionem</span> <span class='ocrx_word' id='word_1_393' title='bbox 1902 2744 2128 2799; x_wconf 89' lang='lat' dir='ltr'>innova-</span> 
     </span>
    </p>
   </div>
   <div class='ocr_carea' id='block_1_56' title="bbox 2242 2740 3875 2820">
    <p class='ocr_par' dir='ltr' id='par_1_56' title="bbox 2255 2740 3875 2820">
     <span class='ocr_line' id='line_1_56' title="bbox 2255 2740 3875 2820; baseline 0.006 -29"><span class='ocrx_word' id='word_1_394' title='bbox 2255 2740 2417 2798; x_wconf 74' lang='grc' dir='ltr'>αὐτὴν</span> <span class='ocrx_word' id='word_1_395' title='bbox 2475 2750 2725 2813; x_wconf 82' lang='grc' dir='ltr'>παρεῖχεν</span> <span class='ocrx_word' id='word_1_396' title='bbox 2792 2744 2985 2811; x_wconf 81' lang='grc' dir='ltr'>αἰτίαν,</span> <span class='ocrx_word' id='word_1_397' title='bbox 3036 2752 3127 2795; x_wconf 76' lang='grc' dir='ltr'>τοῦ</span> <span class='ocrx_word' id='word_1_398' title='bbox 3197 2741 3268 2796; x_wconf 87' lang='grc' dir='ltr'>δι’</span> <span class='ocrx_word' id='word_1_399' title='bbox 3327 2745 3519 2797; x_wconf 80' lang='grc' dir='ltr'>ἑαυτῶν</span> <span class='ocrx_word' id='word_1_400' title='bbox 3568 2751 3875 2820; x_wconf 77' lang='grc' dir='ltr'>περιτρέπε-</span> 
     </span>
    </p>
   </div>
   <div class='ocr_carea' id='block_1_57' title="bbox 496 2828 2129 2909">
    <p class='ocr_par' dir='ltr' id='par_1_57' title="bbox 496 2832 2129 2903">
     <span class='ocr_line' id='line_1_57' title="bbox 496 2832 2129 2903; baseline -0.002 -12"><span class='ocrx_word' id='word_1_401' title='bbox 496 2835 695 2892; x_wconf 90' lang='lat' dir='ltr'>tionis.</span> <span class='ocrx_word' id='word_1_402' title='bbox 728 2833 899 2900; x_wconf 89' lang='lat' dir='ltr'>Quod</span> <span class='ocrx_word' id='word_1_403' title='bbox 940 2834 985 2887; x_wconf 87' lang='lat' dir='ltr'>si</span> <span class='ocrx_word' id='word_1_404' title='bbox 1026 2832 1391 2887; x_wconf 90' lang='lat' dir='ltr'>calumniam</span> <span class='ocrx_word' id='word_1_405' title='bbox 1446 2832 1506 2886; x_wconf 91' lang='lat' dir='ltr'>in</span> <span class='ocrx_word' id='word_1_406' title='bbox 1556 2848 1677 2887; x_wconf 90' lang='lat' dir='ltr'>uno</span> <span class='ocrx_word' id='word_1_407' title='bbox 1718 2832 1920 2903; x_wconf 89' lang='lat' dir='ltr'>aliquo</span> <span class='ocrx_word' id='word_1_408' title='bbox 1954 2833 2129 2887; x_wconf 35' lang='lat' dir='ltr'>termi&#39;</span> 
     </span>
    </p>
   </div>
   <div class='ocr_carea' id='block_1_58' title="bbox 2238 2828 3871 2909">
    <p class='ocr_par' dir='ltr' id='par_1_58' title="bbox 2258 2828 3871 2909">
     <span class='ocr_line' id='line_1_58' title="bbox 2258 2828 3871 2909; baseline 0.004 -29"><span class='ocrx_word' id='word_1_409' title='bbox 2258 2831 2380 2881; x_wconf 77' lang='grc' dir='ltr'>σθαι</span> <span class='ocrx_word' id='word_1_410' title='bbox 2413 2846 2425 2859; x_wconf 76' lang='grc'><strong>⁸</strong></span> <span class='ocrx_word' id='word_1_411' title='bbox 2489 2830 2571 2882; x_wconf 82' lang='grc' dir='ltr'>ἐπὶ</span> <span class='ocrx_word' id='word_1_412' title='bbox 2621 2838 2743 2901; x_wconf 86' lang='grc' dir='ltr'>μιᾶς</span> <span class='ocrx_word' id='word_1_413' title='bbox 2796 2828 2854 2883; x_wconf 76' lang='grc' dir='ltr'>δὲ</span> <span class='ocrx_word' id='word_1_414' title='bbox 2902 2832 3090 2904; x_wconf 83' lang='grc' dir='ltr'>μᾶλλον</span> <span class='ocrx_word' id='word_1_415' title='bbox 3143 2832 3333 2890; x_wconf 76' lang='grc' dir='ltr'>ἤλπισε</span> <span class='ocrx_word' id='word_1_416' title='bbox 3388 2832 3578 2901; x_wconf 87' lang='grc' dir='ltr'>λαθεῖν,</span> <span class='ocrx_word' id='word_1_417' title='bbox 3631 2836 3672 2886; x_wconf 88' lang='grc' dir='ltr'>εἰ</span> <span class='ocrx_word' id='word_1_418' title='bbox 3720 2855 3871 2909; x_wconf 88' lang='grc' dir='ltr'>περι-</span> 
     </span>
    </p>
   </div>
   <div class='ocr_carea' id='block_1_59' title="bbox 495 2918 2128 2998">
    <p class='ocr_par' dir='ltr' id='par_1_59' title="bbox 495 2920 2128 2991">
     <span class='ocr_line' id='line_1_59' title="bbox 495 2920 2128 2991; baseline -0.002 -11"><span class='ocrx_word' id='word_1_419' title='bbox 495 2928 666 2980; x_wconf 89' lang='lat' dir='ltr'>naret</span> <span class='ocrx_word' id='word_1_420' title='bbox 715 2924 900 2979; x_wconf 89' lang='lat' dir='ltr'>multo</span> <span class='ocrx_word' id='word_1_421' title='bbox 950 2938 1010 2977; x_wconf 92' lang='lat' dir='ltr'>se</span> <span class='ocrx_word' id='word_1_422' title='bbox 1068 2921 1279 2976; x_wconf 92' lang='lat' dir='ltr'>melius</span> <span class='ocrx_word' id='word_1_423' title='bbox 1342 2920 1643 2976; x_wconf 89' lang='lat' dir='ltr'>latiturum</span> <span class='ocrx_word' id='word_1_424' title='bbox 1685 2926 1741 2976; x_wconf 90' lang='lat' dir='ltr'>et</span> <span class='ocrx_word' id='word_1_425' title='bbox 1790 2920 2128 2991; x_wconf 69' lang='lat' dir='ltr'>paratiorem</span> 
     </span>
    </p>
   </div>
   <div class='ocr_carea' id='block_1_60' title="bbox 2240 2918 3873 2998">
    <p class='ocr_par' dir='ltr' id='par_1_60' title="bbox 2253 2918 3873 2998">
     <span class='ocr_line' id='line_1_60' title="bbox 2253 2918 3873 2998; baseline 0.005 -29"><span class='ocrx_word' id='word_1_426' title='bbox 2253 2918 2451 2992; x_wconf 67' lang='grc' dir='ltr'>γράφοι</span> <span class='ocrx_word' id='word_1_427' title='bbox 2498 2923 2556 2970; x_wconf 90' lang='grc' dir='ltr'>τὸ</span> <span class='ocrx_word' id='word_1_428' title='bbox 2591 2923 2967 2991; x_wconf 67' lang='grc' dir='ltr'>συκοφάντημα</span> <span class='ocrx_word' id='word_1_429' title='bbox 2993 2939 3003 2949; x_wconf 90' lang='grc'><strong>·</strong></span> <span class='ocrx_word' id='word_1_430' title='bbox 3042 2927 3130 2973; x_wconf 83' lang='grc' dir='ltr'>καὶ</span> <span class='ocrx_word' id='word_1_431' title='bbox 3174 2926 3233 2973; x_wconf 88' lang='grc' dir='ltr'>τό</span> <span class='ocrx_word' id='word_1_432' title='bbox 3284 2922 3468 2975; x_wconf 85' lang='grc' dir='ltr'>οἰκεῖον</span> <span class='ocrx_word' id='word_1_433' title='bbox 3517 2927 3873 2998; x_wconf 77' lang='grc' dir='ltr'>κακούργημα</span> 
     </span>
    </p>
   </div>
   <div class='ocr_carea' id='block_1_61' title="bbox 494 3005 2127 3085">
    <p class='ocr_par' dir='ltr' id='par_1_61' title="bbox 494 3010 2127 3082">
     <span class='ocr_line' id='line_1_61' title="bbox 494 3010 2127 3082; baseline -0.002 -13"><span class='ocrx_word' id='word_1_434' title='bbox 494 3014 719 3069; x_wconf 86' lang='lat' dir='ltr'>aditum</span> <span class='ocrx_word' id='word_1_435' title='bbox 753 3013 1131 3067; x_wconf 84' lang='lat' dir='ltr'>inventurum</span> <span class='ocrx_word' id='word_1_436' title='bbox 1175 3010 1472 3081; x_wconf 69' lang='lat' dir='ltr'>nequitiae,</span> <span class='ocrx_word' id='word_1_437' title='bbox 1524 3026 1629 3081; x_wconf 91' lang='lat' dir='ltr'>per</span> <span class='ocrx_word' id='word_1_438' title='bbox 1680 3026 1859 3081; x_wconf 88' lang='lat' dir='ltr'>quem</span> <span class='ocrx_word' id='word_1_439' title='bbox 1900 3010 2127 3082; x_wconf 89' lang='lat' dir='ltr'>impete</span> 
     </span>
    </p>
   </div>
   <div class='ocr_carea' id='block_1_62' title="bbox 2237 3005 3870 3085">
    <p class='ocr_par' dir='ltr' id='par_1_62' title="bbox 2254 3005 3870 3085">
     <span class='ocr_line' id='line_1_62' title="bbox 2254 3005 3870 3085; baseline 0.004 -25"><span class='ocrx_word' id='word_1_440' title='bbox 2254 3005 2605 3081; x_wconf 78' lang='grc' dir='ltr'>παρείσδυσιν</span> <span class='ocrx_word' id='word_1_441' title='bbox 2658 3010 2792 3060; x_wconf 73' lang='grc' dir='ltr'>οὕτω</span> <span class='ocrx_word' id='word_1_442' title='bbox 2838 3010 2985 3062; x_wconf 85' lang='grc' dir='ltr'>πλέον</span> <span class='ocrx_word' id='word_1_443' title='bbox 3034 3013 3195 3085; x_wconf 79' lang='grc' dir='ltr'>εὑρεῖν</span> <span class='ocrx_word' id='word_1_444' title='bbox 3247 3011 3319 3072; x_wconf 82' lang='grc' dir='ltr'>εἰς</span> <span class='ocrx_word' id='word_1_445' title='bbox 3367 3011 3532 3082; x_wconf 68' lang='grc' dir='ltr'>ψόγον</span> <span class='ocrx_word' id='word_1_446' title='bbox 3577 3021 3675 3064; x_wconf 80' lang='grc' dir='ltr'>τῶν</span> <span class='ocrx_word' id='word_1_447' title='bbox 3712 3012 3870 3085; x_wconf 82' lang='grc' dir='ltr'>ἀμω-</span> 
     </span>
    </p>
   </div>
   <div class='ocr_carea' id='block_1_63' title="bbox 493 3097 2126 3180">
    <p class='ocr_par' dir='ltr' id='par_1_63' title="bbox 493 3098 2126 3173">
     <span class='ocr_line' id='line_1_63' title="bbox 493 3098 2126 3173; baseline -0.004 -16"><span class='ocrx_word' id='word_1_448' title='bbox 493 3108 696 3158; x_wconf 89' lang='lat' dir='ltr'>rentur</span> <span class='ocrx_word' id='word_1_449' title='bbox 724 3118 859 3173; x_wconf 64' lang='lat' dir='ltr'>quee</span> <span class='ocrx_word' id='word_1_450' title='bbox 898 3100 1219 3169; x_wconf 86' lang='lat' dir='ltr'>vacabant,</span> <span class='ocrx_word' id='word_1_451' title='bbox 1256 3100 1453 3169; x_wconf 87' lang='lat' dir='ltr'>capita</span> <span class='ocrx_word' id='word_1_452' title='bbox 1493 3098 1690 3170; x_wconf 88' lang='lat' dir='ltr'>culpa,</span> <span class='ocrx_word' id='word_1_453' title='bbox 1721 3098 1803 3154; x_wconf 88' lang='lat' dir='ltr'>ita</span> <span class='ocrx_word' id='word_1_454' title='bbox 1836 3100 1894 3154; x_wconf 91' lang='lat' dir='ltr'>in</span> <span class='ocrx_word' id='word_1_455' title='bbox 1926 3100 2126 3169; x_wconf 67' lang='lat' dir='ltr'>quibus</span> 
     </span>
    </p>
   </div>
   <div class='ocr_carea' id='block_1_64' title="bbox 2238 3097 3871 3180">
    <p class='ocr_par' dir='ltr' id='par_1_64' title="bbox 2255 3097 3871 3173">
     <span class='ocr_line' id='line_1_64' title="bbox 2255 3097 3871 3173; baseline 0.004 -25"><span class='ocrx_word' id='word_1_456' title='bbox 2255 3102 2432 3168; x_wconf 80' lang='grc' dir='ltr'>μήτων</span> <span class='ocrx_word' id='word_1_457' title='bbox 2480 3097 3099 3173; x_wconf 80' lang='grc' dir='ltr'>ὰντιπεριενεχθήσεσθαι</span> <span class='ocrx_word' id='word_1_458' title='bbox 3128 3116 3141 3129; x_wconf 91' lang='grc'><strong>·</strong></span> <span class='ocrx_word' id='word_1_459' title='bbox 3170 3102 3300 3152; x_wconf 82' lang='grc' dir='ltr'>ὥστε</span> <span class='ocrx_word' id='word_1_460' title='bbox 3346 3105 3436 3152; x_wconf 85' lang='lat' dir='ltr'>xui</span> <span class='ocrx_word' id='word_1_461' title='bbox 3479 3098 3549 3153; x_wconf 86' lang='grc' dir='ltr'>δι’</span> <span class='ocrx_word' id='word_1_462' title='bbox 3581 3102 3647 3151; x_wconf 84' lang='grc' dir='ltr'>ὧν</span> <span class='ocrx_word' id='word_1_463' title='bbox 3687 3100 3871 3154; x_wconf 81' lang='grc' dir='ltr'>λαθεῖν</span> 
     </span>
    </p>
   </div>
   <div class='ocr_carea' id='block_1_65' title="bbox 492 3184 2125 3261">
    <p class='ocr_par' dir='ltr' id='par_1_65' title="bbox 492 3188 2119 3261">
     <span class='ocr_line' id='line_1_65' title="bbox 492 3188 2119 3261; baseline -0.002 -15"><span class='ocrx_word' id='word_1_464' title='bbox 492 3191 721 3246; x_wconf 87' lang='lat' dir='ltr'>latitare</span> <span class='ocrx_word' id='word_1_465' title='bbox 776 3189 981 3254; x_wconf 92' lang='lat' dir='ltr'>voluit,</span> <span class='ocrx_word' id='word_1_466' title='bbox 1027 3190 1153 3260; x_wconf 90' lang='lat' dir='ltr'>ipse</span> <span class='ocrx_word' id='word_1_467' title='bbox 1200 3189 1372 3261; x_wconf 88' lang='lat' dir='ltr'>quasi</span> <span class='ocrx_word' id='word_1_468' title='bbox 1426 3188 1485 3242; x_wconf 92' lang='lat' dir='ltr'>in</span> <span class='ocrx_word' id='word_1_469' title='bbox 1544 3188 1917 3258; x_wconf 90' lang='lat' dir='ltr'>triumphum</span> <span class='ocrx_word' id='word_1_470' title='bbox 1978 3188 2119 3243; x_wconf 84' lang='lat' dir='ltr'>duxi</span> 
     </span>
    </p>
   </div>
   <div class='ocr_carea' id='block_1_66' title="bbox 2235 3184 3868 3261">
    <p class='ocr_par' dir='ltr' id='par_1_66' title="bbox 2256 3184 3868 3261">
     <span class='ocr_line' id='line_1_66' title="bbox 2256 3184 3868 3261; baseline 0.004 -26"><span class='ocrx_word' id='word_1_471' title='bbox 2256 3184 2544 3256; x_wconf 83' lang='grc' dir='ltr'>ἐμελέτησε,</span> <span class='ocrx_word' id='word_1_472' title='bbox 2574 3190 2631 3238; x_wconf 87' lang='grc' dir='ltr'>τὸ</span> <span class='ocrx_word' id='word_1_473' title='bbox 2666 3186 3074 3261; x_wconf 76' lang='grc' dir='ltr'>φιλοκακουργὸν</span> <span class='ocrx_word' id='word_1_474' title='bbox 3104 3193 3193 3241; x_wconf 81' lang='grc' dir='ltr'>καὶ</span> <span class='ocrx_word' id='word_1_475' title='bbox 3225 3192 3417 3261; x_wconf 86' lang='grc' dir='ltr'>σαθρὸν</span> <span class='ocrx_word' id='word_1_476' title='bbox 3442 3198 3540 3241; x_wconf 83' lang='grc' dir='ltr'>τῶν</span> <span class='ocrx_word' id='word_1_477' title='bbox 3571 3189 3734 3261; x_wconf 86' lang='grc' dir='ltr'>λόγων</span> <span class='ocrx_word' id='word_1_478' title='bbox 3760 3201 3868 3242; x_wconf 79' lang='grc' dir='ltr'>τῶν</span> 
     </span>
    </p>
   </div>
   <div class='ocr_carea' id='block_1_67' title="bbox 494 3276 2127 3349">
    <p class='ocr_par' dir='ltr' id='par_1_67' title="bbox 494 3276 1857 3347">
     <span class='ocr_line' id='line_1_67' title="bbox 494 3276 1857 3347; baseline -0.001 -14"><span class='ocrx_word' id='word_1_479' title='bbox 494 3296 734 3335; x_wconf 90' lang='lat' dir='ltr'>suorum</span> <span class='ocrx_word' id='word_1_480' title='bbox 777 3294 1116 3334; x_wconf 89' lang='lat' dir='ltr'>sermonum</span> <span class='ocrx_word' id='word_1_481' title='bbox 1142 3276 1365 3332; x_wconf 88' lang='lat' dir='ltr'>futilem</span> <span class='ocrx_word' id='word_1_482' title='bbox 1397 3276 1857 3347; x_wconf 88' lang='lat' dir='ltr'>improbitatem.</span> 
     </span>
    </p>
   </div>
   <div class='ocr_carea' id='block_1_68' title="bbox 1387 3276 3020 3349">
    <p class='ocr_par' dir='ltr' id='par_1_68' title="bbox 1397 3276 3020 3349">
     <span class='ocr_line' id='line_1_68' title="bbox 1397 3276 3020 3349; baseline -0.001 -18"><span class='ocrx_word' id='word_1_483' title='bbox 1397 3276 1857 3347; x_wconf 71' lang='lat' dir='ltr'>improbitatem.</span> <span class='ocrx_word' id='word_1_484' title='bbox 2255 3276 2411 3337; x_wconf 70' lang='grc' dir='ltr'>αὐτὸς</span> <span class='ocrx_word' id='word_1_485' title='bbox 2442 3278 2601 3328; x_wconf 70' lang='grc' dir='ltr'>αυτοῦ</span> <span class='ocrx_word' id='word_1_486' title='bbox 2630 3277 3020 3349; x_wconf 76' lang='grc' dir='ltr'>ἐθριάμϐευσεν.</span> 
     </span>
    </p>
   </div>
   <div class='ocr_carea' id='block_1_69' title="bbox 566 3362 2199 3440">
    <p class='ocr_par' dir='ltr' id='par_1_69' title="bbox 566 3366 2144 3438">
     <span class='ocr_line' id='line_1_69' title="bbox 566 3366 2144 3438; baseline -0.002 -15"><span class='ocrx_word' id='word_1_487' title='bbox 566 3368 675 3423; x_wconf 89' lang='lat' dir='ltr'>Sed</span> <span class='ocrx_word' id='word_1_488' title='bbox 718 3383 828 3438; x_wconf 89' lang='lat' dir='ltr'>par</span> <span class='ocrx_word' id='word_1_489' title='bbox 880 3366 1140 3438; x_wconf 91' lang='lat' dir='ltr'>profecto</span> <span class='ocrx_word' id='word_1_490' title='bbox 1181 3366 1309 3427; x_wconf 88' lang='lat' dir='ltr'>fuit,</span> <span class='ocrx_word' id='word_1_491' title='bbox 1357 3371 1417 3420; x_wconf 92' lang='lat' dir='ltr'>ut</span> <span class='ocrx_word' id='word_1_492' title='bbox 1456 3367 1525 3431; x_wconf 90' lang='lat' dir='ltr'>is,</span> <span class='ocrx_word' id='word_1_493' title='bbox 1568 3366 1669 3437; x_wconf 92' lang='lat' dir='ltr'>qui</span> <span class='ocrx_word' id='word_1_494' title='bbox 1733 3366 2144 3422; x_wconf 88' lang='lat' dir='ltr'>oblectabatur</span> 
     </span>
    </p>
   </div>
   <div class='ocr_carea' id='block_1_70' title="bbox 2236 3362 3869 3440">
    <p class='ocr_par' dir='ltr' id='par_1_70' title="bbox 2326 3362 3869 3440">
     <span class='ocr_line' id='line_1_70' title="bbox 2326 3362 3869 3440; baseline 0.003 -23"><span class='ocrx_word' id='word_1_495' title='bbox 2326 3364 2520 3436; x_wconf 82' lang='grc' dir='ltr'>Ἐχρῆν</span> <span class='ocrx_word' id='word_1_496' title='bbox 2575 3362 2633 3417; x_wconf 71' lang='grc' dir='ltr'>δὲ</span> <span class='ocrx_word' id='word_1_497' title='bbox 2686 3370 2956 3427; x_wconf 87' lang='grc' dir='ltr'>τοιαύταις</span> <span class='ocrx_word' id='word_1_498' title='bbox 3012 3366 3188 3427; x_wconf 72' lang='grc' dir='ltr'>αὐτόν,</span> <span class='ocrx_word' id='word_1_499' title='bbox 3245 3364 3575 3420; x_wconf 74' lang='grc' dir='ltr'>ἐκδεδωκότα</span> <span class='ocrx_word' id='word_1_500' title='bbox 3639 3368 3869 3440; x_wconf 81' lang='grc' dir='ltr'>λέσχαις</span> 
     </span>
    </p>
   </div>
   <div class='ocr_carea' id='block_1_71' title="bbox 492 3453 2125 3527">
    <p class='ocr_par' dir='ltr' id='par_1_71' title="bbox 492 3453 2125 3525">
     <span class='ocr_line' id='line_1_71' title="bbox 492 3453 2125 3525; baseline -0.001 -15"><span class='ocrx_word' id='word_1_501' title='bbox 492 3456 821 3510; x_wconf 87' lang='lat' dir='ltr'>istiusmodi</span> <span class='ocrx_word' id='word_1_502' title='bbox 841 3456 1048 3524; x_wconf 83' lang='lat' dir='ltr'>ineptis</span> <span class='ocrx_word' id='word_1_503' title='bbox 1068 3460 1122 3509; x_wconf 91' lang='lat' dir='ltr'>et</span> <span class='ocrx_word' id='word_1_504' title='bbox 1142 3453 1364 3524; x_wconf 86' lang='lat' dir='ltr'>puditis</span> <span class='ocrx_word' id='word_1_505' title='bbox 1384 3455 1881 3525; x_wconf 87' lang='lat' dir='ltr'>sopbismatibus,</span> <span class='ocrx_word' id='word_1_506' title='bbox 1899 3455 2125 3509; x_wconf 66' lang='lat' dir='ltr'>minimi</span> 
     </span>
    </p>
   </div>
   <div class='ocr_carea' id='block_1_72' title="bbox 2233 3453 3866 3527">
    <p class='ocr_par' dir='ltr' id='par_1_72' title="bbox 2252 3453 3866 3527">
     <span class='ocr_line' id='line_1_72' title="bbox 2252 3453 3866 3527; baseline 0.005 -24"><span class='ocrx_word' id='word_1_507' title='bbox 2252 3458 2341 3504; x_wconf 89' lang='lat' dir='ltr'>xui</span> <span class='ocrx_word' id='word_1_508' title='bbox 2388 3454 2741 3525; x_wconf 81' lang='grc' dir='ltr'>κακοσχόλοις</span> <span class='ocrx_word' id='word_1_509' title='bbox 2794 3460 3105 3527; x_wconf 72' lang='grc' dir='ltr'>σοφίσμασι,</span> <span class='ocrx_word' id='word_1_510' title='bbox 3152 3453 3291 3527; x_wconf 79' lang='grc' dir='ltr'>μηδὲ</span> <span class='ocrx_word' id='word_1_511' title='bbox 3334 3462 3427 3514; x_wconf 78' lang='grc' dir='ltr'>τὴν</span> <span class='ocrx_word' id='word_1_512' title='bbox 3474 3455 3567 3509; x_wconf 78' lang='grc' dir='ltr'>διὰ</span> <span class='ocrx_word' id='word_1_513' title='bbox 3612 3465 3707 3519; x_wconf 81' lang='grc' dir='ltr'>τῆς</span> <span class='ocrx_word' id='word_1_514' title='bbox 3758 3459 3866 3512; x_wconf 77' lang='grc' dir='ltr'>ἐτέ-</span> 
     </span>
    </p>
   </div>
   <div class='ocr_carea' id='block_1_73' title="bbox 494 3543 2127 3621">
    <p class='ocr_par' dir='ltr' id='par_1_73' title="bbox 494 3543 2127 3613">
     <span class='ocr_line' id='line_1_73' title="bbox 494 3543 2127 3613; baseline -0.001 -13"><span class='ocrx_word' id='word_1_515' title='bbox 494 3560 566 3600; x_wconf 87' lang='lat' dir='ltr'>ex</span> <span class='ocrx_word' id='word_1_516' title='bbox 588 3544 837 3599; x_wconf 88' lang='lat' dir='ltr'>adversa</span> <span class='ocrx_word' id='word_1_517' title='bbox 864 3544 1054 3598; x_wconf 85' lang='lat' dir='ltr'>fronte</span> <span class='ocrx_word' id='word_1_518' title='bbox 1082 3544 1139 3597; x_wconf 90' lang='lat' dir='ltr'>in</span> <span class='ocrx_word' id='word_1_519' title='bbox 1167 3543 1597 3598; x_wconf 85' lang='lat' dir='ltr'>contumeliam</span> <span class='ocrx_word' id='word_1_520' title='bbox 1627 3558 2020 3613; x_wconf 90' lang='lat' dir='ltr'>personarum</span> <span class='ocrx_word' id='word_1_521' title='bbox 2044 3543 2127 3598; x_wconf 31' lang='lat' dir='ltr'>de!</span> 
     </span>
    </p>
   </div>
   <div class='ocr_carea' id='block_1_74' title="bbox 2228 3543 3861 3621">
    <p class='ocr_par' dir='ltr' id='par_1_74' title="bbox 2251 3546 3861 3621">
     <span class='ocr_line' id='line_1_74' title="bbox 2251 3546 3861 3621; baseline 0.005 -30"><span class='ocrx_word' id='word_1_522' title='bbox 2251 3561 2343 3613; x_wconf 88' lang='grc' dir='ltr'>ρας</span> <span class='ocrx_word' id='word_1_523' title='bbox 2426 3548 2608 3614; x_wconf 88' lang='grc' dir='ltr'>μοίρας</span> <span class='ocrx_word' id='word_1_524' title='bbox 2679 3552 2778 3595; x_wconf 82' lang='grc' dir='ltr'>τῶν</span> <span class='ocrx_word' id='word_1_525' title='bbox 2860 3550 3152 3619; x_wconf 82' lang='grc' dir='ltr'>προσώπων</span> <span class='ocrx_word' id='word_1_526' title='bbox 3234 3546 3474 3621; x_wconf 75' lang='grc' dir='ltr'>ἐπήρειαν</span> <span class='ocrx_word' id='word_1_527' title='bbox 3546 3547 3861 3620; x_wconf 83' lang='grc' dir='ltr'>παρελθεῖν·</span> 
     </span>
    </p>
   </div>
   <div class='ocr_carea' id='block_1_75' title="bbox 493 3628 2126 3709">
    <p class='ocr_par' dir='ltr' id='par_1_75' title="bbox 493 3630 2126 3695">
     <span class='ocr_line' id='line_1_75' title="bbox 493 3630 2126 3695; baseline -0.001 -8"><span class='ocrx_word' id='word_1_528' title='bbox 493 3633 802 3687; x_wconf 80' lang='lat' dir='ltr'>scanderet</span> <span class='ocrx_word' id='word_1_529' title='bbox 832 3649 845 3695; x_wconf 90' lang='lat'><strong>;</strong></span> <span class='ocrx_word' id='word_1_530' title='bbox 876 3631 981 3685; x_wconf 87' lang='lat' dir='ltr'>sed</span> <span class='ocrx_word' id='word_1_531' title='bbox 1014 3631 1225 3685; x_wconf 84' lang='lat' dir='ltr'>eadem</span> <span class='ocrx_word' id='word_1_532' title='bbox 1258 3630 1471 3684; x_wconf 90' lang='lat' dir='ltr'>mentis</span> <span class='ocrx_word' id='word_1_533' title='bbox 1511 3631 1819 3694; x_wconf 87' lang='lat' dir='ltr'>celeritate,</span> <span class='ocrx_word' id='word_1_534' title='bbox 1854 3637 1909 3685; x_wconf 92' lang='lat' dir='ltr'>et</span> <span class='ocrx_word' id='word_1_535' title='bbox 1939 3635 2126 3686; x_wconf 81' lang='lat' dir='ltr'>animc</span> 
     </span>
    </p>
   </div>
   <div class='ocr_carea' id='block_1_76' title="bbox 2230 3628 3863 3709">
    <p class='ocr_par' dir='ltr' id='par_1_76' title="bbox 2254 3628 3863 3709">
     <span class='ocr_line' id='line_1_76' title="bbox 2254 3628 3863 3709; baseline 0.004 -29"><span class='ocrx_word' id='word_1_536' title='bbox 2254 3628 2359 3681; x_wconf 77' lang='grc' dir='ltr'>ἀλλ’</span> <span class='ocrx_word' id='word_1_537' title='bbox 2416 3630 2467 3692; x_wconf 89' lang='grc' dir='ltr'>ἐξ</span> <span class='ocrx_word' id='word_1_538' title='bbox 2520 3633 2700 3702; x_wconf 86' lang='grc' dir='ltr'>ὁμοίου</span> <span class='ocrx_word' id='word_1_539' title='bbox 2775 3635 2977 3703; x_wconf 81' lang='grc' dir='ltr'>τάχους</span> <span class='ocrx_word' id='word_1_540' title='bbox 3040 3631 3289 3698; x_wconf 83' lang='grc' dir='ltr'>διανοίας,</span> <span class='ocrx_word' id='word_1_541' title='bbox 3345 3639 3435 3686; x_wconf 88' lang='grc' dir='ltr'>καὶ</span> <span class='ocrx_word' id='word_1_542' title='bbox 3488 3634 3863 3709; x_wconf 74' lang='grc' dir='ltr'>ἀγχιστρόφου</span> 
     </span>
    </p>
   </div>
   <div class='ocr_carea' id='block_1_77' title="bbox 493 3718 2126 3793">
    <p class='ocr_par' dir='ltr' id='par_1_77' title="bbox 493 3718 2126 3791">
     <span class='ocr_line' id='line_1_77' title="bbox 493 3718 2126 3791; baseline -0.002 -16"><span class='ocrx_word' id='word_1_543' title='bbox 493 3721 554 3775; x_wconf 91' lang='lat' dir='ltr'>in</span> <span class='ocrx_word' id='word_1_544' title='bbox 593 3725 792 3791; x_wconf 88' lang='lat' dir='ltr'>partes</span> <span class='ocrx_word' id='word_1_545' title='bbox 819 3718 1069 3773; x_wconf 81' lang='lat' dir='ltr'>versatili</span> <span class='ocrx_word' id='word_1_546' title='bbox 1101 3719 1514 3773; x_wconf 81' lang='lat' dir='ltr'>addubitando</span> <span class='ocrx_word' id='word_1_547' title='bbox 1544 3718 1759 3774; x_wconf 88' lang='lat' dir='ltr'>diceret</span> <span class='ocrx_word' id='word_1_548' title='bbox 1806 3735 1816 3774; x_wconf 90' lang='lat'><strong>:</strong></span> <span class='ocrx_word' id='word_1_549' title='bbox 1854 3718 1900 3774; x_wconf 90' lang='lat' dir='ltr'>si</span> <span class='ocrx_word' id='word_1_550' title='bbox 1926 3735 2126 3775; x_wconf 82' lang='lat' dir='ltr'>omnes</span> 
     </span>
    </p>
   </div>
   <div class='ocr_carea' id='block_1_78' title="bbox 2230 3718 3863 3793">
    <p class='ocr_par' dir='ltr' id='par_1_78' title="bbox 2253 3720 3863 3793">
     <span class='ocr_line' id='line_1_78' title="bbox 2253 3720 3863 3793; baseline 0.005 -24"><span class='ocrx_word' id='word_1_551' title='bbox 2253 3725 2574 3790; x_wconf 73' lang='grc' dir='ltr'>φρονήματος</span> <span class='ocrx_word' id='word_1_552' title='bbox 2644 3720 2938 3793; x_wconf 83' lang='grc' dir='ltr'>ἐπαπορεῐν,</span> <span class='ocrx_word' id='word_1_553' title='bbox 2996 3729 3083 3774; x_wconf 84' lang='grc' dir='ltr'>καὶ</span> <span class='ocrx_word' id='word_1_554' title='bbox 3160 3723 3367 3793; x_wconf 84' lang='grc' dir='ltr'>λέγειν·</span> <span class='ocrx_word' id='word_1_555' title='bbox 3422 3724 3480 3776; x_wconf 84' lang='grc' dir='ltr'><strong>Εἰ</strong></span> <span class='ocrx_word' id='word_1_556' title='bbox 3537 3720 3595 3776; x_wconf 79' lang='grc' dir='ltr'>δε</span> <span class='ocrx_word' id='word_1_557' title='bbox 3654 3729 3863 3791; x_wconf 87' lang='grc' dir='ltr'>πάντες,</span> 
     </span>
    </p>
   </div>
   <div class='ocr_carea' id='block_1_79' title="bbox 491 3807 2124 3883">
    <p class='ocr_par' dir='ltr' id='par_1_79' title="bbox 491 3807 2124 3880">
     <span class='ocr_line' id='line_1_79' title="bbox 491 3807 2124 3880; baseline 0 -16"><span class='ocrx_word' id='word_1_558' title='bbox 491 3809 623 3864; x_wconf 90' lang='lat' dir='ltr'>loco</span> <span class='ocrx_word' id='word_1_559' title='bbox 678 3807 1037 3863; x_wconf 89' lang='lat' dir='ltr'>venditionis</span> <span class='ocrx_word' id='word_1_560' title='bbox 1089 3808 1454 3877; x_wconf 89' lang='lat' dir='ltr'>emptionem</span> <span class='ocrx_word' id='word_1_561' title='bbox 1516 3807 1841 3863; x_wconf 88' lang='lat' dir='ltr'>instituant.</span> <span class='ocrx_word' id='word_1_562' title='bbox 1891 3808 2124 3880; x_wconf 76' lang='lat' dir='ltr'>quinau</span> 
     </span>
    </p>
   </div>
   <div class='ocr_carea' id='block_1_80' title="bbox 2234 3807 3867 3883">
    <p class='ocr_par' dir='ltr' id='par_1_80' title="bbox 2254 3807 3867 3883">
     <span class='ocr_line' id='line_1_80' title="bbox 2254 3807 3867 3883; baseline 0.005 -25"><span class='ocrx_word' id='word_1_563' title='bbox 2254 3807 2365 3859; x_wconf 79' lang='grc' dir='ltr'>ἀντὶ</span> <span class='ocrx_word' id='word_1_564' title='bbox 2414 3816 2503 3860; x_wconf 75' lang='grc' dir='ltr'>τοῦ</span> <span class='ocrx_word' id='word_1_565' title='bbox 2561 3813 2896 3883; x_wconf 88' lang='grc' dir='ltr'>πιπράσκειν,</span> <span class='ocrx_word' id='word_1_566' title='bbox 2954 3812 3148 3864; x_wconf 84' lang='grc' dir='ltr'>ἕλοιντο</span> <span class='ocrx_word' id='word_1_567' title='bbox 3204 3813 3469 3877; x_wconf 81' lang='grc' dir='ltr'>ὠνεῖσθαι,</span> <span class='ocrx_word' id='word_1_568' title='bbox 3526 3818 3658 3875; x_wconf 83' lang='grc' dir='ltr'>τίνες</span> <span class='ocrx_word' id='word_1_569' title='bbox 3701 3813 3760 3865; x_wconf 85' lang='grc' dir='ltr'>ἆν</span> <span class='ocrx_word' id='word_1_570' title='bbox 3812 3818 3867 3866; x_wconf 77' lang='grc' dir='ltr'>οἱ</span> 
     </span>
    </p>
   </div>
   <div class='ocr_carea' id='block_1_81' title="bbox 502 3894 2135 3973">
    <p class='ocr_par' dir='ltr' id='par_1_81' title="bbox 502 3894 2135 3965">
     <span class='ocr_line' id='line_1_81' title="bbox 502 3894 2135 3965; baseline 0.001 -15"><span class='ocrx_word' id='word_1_571' title='bbox 502 3901 672 3950; x_wconf 90' lang='lat' dir='ltr'>erunt</span> <span class='ocrx_word' id='word_1_572' title='bbox 715 3895 1042 3950; x_wconf 91' lang='lat' dir='ltr'>vendentes</span> <span class='ocrx_word' id='word_1_573' title='bbox 1086 3895 1114 3949; x_wconf 67' lang='lat'>‘2</span> <span class='ocrx_word' id='word_1_574' title='bbox 1158 3897 1304 3949; x_wconf 85' lang='lat' dir='ltr'>Nam</span> <span class='ocrx_word' id='word_1_575' title='bbox 1347 3894 1491 3965; x_wconf 91' lang='lat' dir='ltr'>quid</span> <span class='ocrx_word' id='word_1_576' title='bbox 1542 3897 1781 3951; x_wconf 87' lang='lat' dir='ltr'>interest</span> <span class='ocrx_word' id='word_1_577' title='bbox 1832 3898 1982 3951; x_wconf 90' lang='lat' dir='ltr'>inter</span> <span class='ocrx_word' id='word_1_578' title='bbox 2007 3912 2135 3951; x_wconf 90' lang='lat' dir='ltr'>eum</span> 
     </span>
    </p>
   </div>
   <div class='ocr_carea' id='block_1_82' title="bbox 2232 3894 3865 3973">
    <p class='ocr_par' dir='ltr' id='par_1_82' title="bbox 2252 3894 3865 3973">
     <span class='ocr_line' id='line_1_82' title="bbox 2252 3894 3865 3973; baseline 0.005 -26"><span class='ocrx_word' id='word_1_579' title='bbox 2252 3896 2531 3958; x_wconf 81' lang='grc' dir='ltr'>πωλοῦντες</span> <span class='ocrx_word' id='word_1_580' title='bbox 2588 3894 2720 3965; x_wconf 62' lang='lat' dir='ltr'>sitv;</span> <span class='ocrx_word' id='word_1_581' title='bbox 2776 3904 2838 3951; x_wconf 89' lang='grc' dir='ltr'>Τί</span> <span class='ocrx_word' id='word_1_582' title='bbox 2888 3902 2990 3972; x_wconf 85' lang='grc' dir='ltr'>γὰρ</span> <span class='ocrx_word' id='word_1_583' title='bbox 3062 3898 3313 3973; x_wconf 76' lang='grc' dir='ltr'>διαφέρει,</span> <span class='ocrx_word' id='word_1_584' title='bbox 3369 3905 3565 3963; x_wconf 88' lang='grc' dir='ltr'>πάντας</span> <span class='ocrx_word' id='word_1_585' title='bbox 3635 3903 3707 3964; x_wconf 83' lang='grc' dir='ltr'>εἰς</span> <span class='ocrx_word' id='word_1_586' title='bbox 3764 3909 3865 3960; x_wconf 73' lang='grc' dir='ltr'>τὴν</span> 
     </span>
    </p>
   </div>
   <div class='ocr_carea' id='block_1_83' title="bbox 497 3983 2130 4059">
    <p class='ocr_par' dir='ltr' id='par_1_83' title="bbox 497 3983 2130 4056">
     <span class='ocr_line' id='line_1_83' title="bbox 497 3983 2130 4056; baseline -0.001 -17"><span class='ocrx_word' id='word_1_587' title='bbox 497 3985 597 4056; x_wconf 90' lang='lat' dir='ltr'>qui</span> <span class='ocrx_word' id='word_1_588' title='bbox 656 3984 712 4039; x_wconf 89' lang='lat' dir='ltr'>in</span> <span class='ocrx_word' id='word_1_589' title='bbox 761 3989 985 4055; x_wconf 88' lang='lat' dir='ltr'>partem</span> <span class='ocrx_word' id='word_1_590' title='bbox 1030 3983 1411 4038; x_wconf 90' lang='lat' dir='ltr'>vendentium</span> <span class='ocrx_word' id='word_1_591' title='bbox 1452 4000 1660 4039; x_wconf 86' lang='lat' dir='ltr'>omnes</span> <span class='ocrx_word' id='word_1_592' title='bbox 1694 3985 2043 4055; x_wconf 78' lang='lat' dir='ltr'>compingit,</span> <span class='ocrx_word' id='word_1_593' title='bbox 2088 3992 2130 4041; x_wconf 82' lang='lat' dir='ltr'>e1</span> 
     </span>
    </p>
   </div>
   <div class='ocr_carea' id='block_1_84' title="bbox 2229 3983 3862 4059">
    <p class='ocr_par' dir='ltr' id='par_1_84' title="bbox 2251 3985 3862 4059">
     <span class='ocr_line' id='line_1_84' title="bbox 2251 3985 3862 4059; baseline 0.006 -23"><span class='ocrx_word' id='word_1_594' title='bbox 2251 3993 2351 4036; x_wconf 74' lang='grc' dir='ltr'>τῶν</span> <span class='ocrx_word' id='word_1_595' title='bbox 2394 3985 2752 4059; x_wconf 77' lang='grc' dir='ltr'>ἁγοραζόντων</span> <span class='ocrx_word' id='word_1_596' title='bbox 2810 3996 2997 4059; x_wconf 89' lang='grc' dir='ltr'>μοῖραν</span> <span class='ocrx_word' id='word_1_597' title='bbox 3047 3990 3440 4056; x_wconf 87' lang='grc' dir='ltr'>συνελαύνοντα,</span> <span class='ocrx_word' id='word_1_598' title='bbox 3493 3994 3612 4053; x_wconf 80' lang='grc' dir='ltr'>τοὺς</span> <span class='ocrx_word' id='word_1_599' title='bbox 3659 3992 3862 4049; x_wconf 71' lang='grc' dir='ltr'>ὠνησοο</span> 
     </span>
    </p>
   </div>
   <div class='ocr_carea' id='block_1_85' title="bbox 499 4071 2132 4153">
    <p class='ocr_par' dir='ltr' id='par_1_85' title="bbox 499 4071 2132 4145">
     <span class='ocr_line' id='line_1_85' title="bbox 499 4071 2132 4145; baseline 0.001 -17"><span class='ocrx_word' id='word_1_600' title='bbox 499 4073 665 4128; x_wconf 91' lang='lat' dir='ltr'>illum</span> <span class='ocrx_word' id='word_1_601' title='bbox 699 4074 800 4145; x_wconf 90' lang='lat' dir='ltr'>qui</span> <span class='ocrx_word' id='word_1_602' title='bbox 841 4077 1134 4142; x_wconf 89' lang='lat' dir='ltr'>emptores</span> <span class='ocrx_word' id='word_1_603' title='bbox 1182 4071 1451 4143; x_wconf 77' lang='lat' dir='ltr'>quaerit?</span> <span class='ocrx_word' id='word_1_604' title='bbox 1480 4078 1579 4127; x_wconf 90' lang='lat' dir='ltr'>aut</span> <span class='ocrx_word' id='word_1_605' title='bbox 1607 4089 1637 4126; x_wconf 93' lang='lat' dir='ltr'>e</span> <span class='ocrx_word' id='word_1_606' title='bbox 1673 4080 1881 4129; x_wconf 87' lang='lat' dir='ltr'>contra</span> <span class='ocrx_word' id='word_1_607' title='bbox 1924 4074 1981 4129; x_wconf 91' lang='lat' dir='ltr'>in</span> <span class='ocrx_word' id='word_1_608' title='bbox 2024 4074 2132 4129; x_wconf 91' lang='lat' dir='ltr'>lici-</span> 
     </span>
    </p>
   </div>
   <div class='ocr_carea' id='block_1_86' title="bbox 2232 4071 3865 4153">
    <p class='ocr_par' dir='ltr' id='par_1_86' title="bbox 2253 4076 3865 4153">
     <span class='ocr_line' id='line_1_86' title="bbox 2253 4076 3865 4153; baseline 0.004 -27"><span class='ocrx_word' id='word_1_609' title='bbox 2253 4078 2435 4145; x_wconf 83' lang='grc' dir='ltr'>μένους</span> <span class='ocrx_word' id='word_1_610' title='bbox 2509 4076 2790 4141; x_wconf 75' lang='grc' dir='ltr'>ἐπιζητεῖν,</span> <span class='ocrx_word' id='word_1_611' title='bbox 2879 4078 2906 4135; x_wconf 81' lang='grc' dir='ltr'><em>ἦ</em></span> <span class='ocrx_word' id='word_1_612' title='bbox 2999 4077 3273 4145; x_wconf 79' lang='grc' dir='ltr'>ἀνάπαλιν,</span> <span class='ocrx_word' id='word_1_613' title='bbox 3352 4080 3424 4141; x_wconf 81' lang='grc' dir='ltr'>εἰς</span> <span class='ocrx_word' id='word_1_614' title='bbox 3507 4079 3865 4153; x_wconf 76' lang='grc' dir='ltr'>ἀγοράζοντας</span> 
     </span>
    </p>
   </div>
   <div class='ocr_carea' id='block_1_87' title="bbox 494 4160 2127 4241">
    <p class='ocr_par' dir='ltr' id='par_1_87' title="bbox 494 4161 2127 4233">
     <span class='ocr_line' id='line_1_87' title="bbox 494 4161 2127 4233; baseline 0.001 -17"><span class='ocrx_word' id='word_1_615' title='bbox 494 4168 684 4217; x_wconf 90' lang='lat' dir='ltr'>tantes</span> <span class='ocrx_word' id='word_1_616' title='bbox 710 4162 1082 4226; x_wconf 88' lang='lat' dir='ltr'>referentem,</span> <span class='ocrx_word' id='word_1_617' title='bbox 1134 4176 1233 4215; x_wconf 89' lang='lat' dir='ltr'>eos</span> <span class='ocrx_word' id='word_1_618' title='bbox 1260 4161 1637 4229; x_wconf 83' lang='lat' dir='ltr'>investigare,</span> <span class='ocrx_word' id='word_1_619' title='bbox 1662 4164 1761 4233; x_wconf 88' lang='lat' dir='ltr'>qui</span> <span class='ocrx_word' id='word_1_620' title='bbox 1799 4163 1977 4217; x_wconf 91' lang='lat' dir='ltr'>velint</span> <span class='ocrx_word' id='word_1_621' title='bbox 2008 4180 2127 4219; x_wconf 87' lang='lat' dir='ltr'>ven.</span> 
     </span>
    </p>
   </div>
   <div class='ocr_carea' id='block_1_88' title="bbox 2228 4160 3861 4241">
    <p class='ocr_par' dir='ltr' id='par_1_88' title="bbox 2254 4160 3861 4241">
     <span class='ocr_line' id='line_1_88' title="bbox 2254 4160 3861 4241; baseline 0.007 -29"><span class='ocrx_word' id='word_1_622' title='bbox 2254 4160 2585 4236; x_wconf 75' lang='grc' dir='ltr'>ἀναφέροντα,</span> <span class='ocrx_word' id='word_1_623' title='bbox 2656 4169 2772 4225; x_wconf 82' lang='grc' dir='ltr'>τούς</span> <span class='ocrx_word' id='word_1_624' title='bbox 2852 4166 3036 4219; x_wconf 88' lang='grc' dir='ltr'>πωλεῖν</span> <span class='ocrx_word' id='word_1_625' title='bbox 3123 4168 3381 4228; x_wconf 74' lang='grc' dir='ltr'>ἐθελοντας</span> <span class='ocrx_word' id='word_1_626' title='bbox 3467 4166 3861 4241; x_wconf 78' lang='grc' dir='ltr'>διερευνᾶσθαι,</span> 
     </span>
    </p>
   </div>
   <div class='ocr_carea' id='block_1_89' title="bbox 489 4250 2122 4327">
    <p class='ocr_par' dir='ltr' id='par_1_89' title="bbox 489 4250 2122 4315">
     <span class='ocr_line' id='line_1_89' title="bbox 489 4250 2122 4315; baseline 0.001 -10"><span class='ocrx_word' id='word_1_627' title='bbox 489 4250 630 4305; x_wconf 89' lang='lat' dir='ltr'>dere</span> <span class='ocrx_word' id='word_1_628' title='bbox 661 4252 689 4306; x_wconf 82' lang='lat'><strong>?</strong></span> <span class='ocrx_word' id='word_1_629' title='bbox 714 4251 928 4305; x_wconf 88' lang='lat' dir='ltr'>Verum</span> <span class='ocrx_word' id='word_1_630' title='bbox 958 4253 1207 4304; x_wconf 84' lang='lat' dir='ltr'>missum</span> <span class='ocrx_word' id='word_1_631' title='bbox 1236 4250 1349 4304; x_wconf 89' lang='lat' dir='ltr'>hoc</span> <span class='ocrx_word' id='word_1_632' title='bbox 1381 4250 1692 4305; x_wconf 87' lang='lat' dir='ltr'>faciamus.</span> <span class='ocrx_word' id='word_1_633' title='bbox 1732 4252 1882 4315; x_wconf 88' lang='lat' dir='ltr'>Quid</span> <span class='ocrx_word' id='word_1_634' title='bbox 1912 4251 1940 4305; x_wconf 71' lang='lat'><strong>7</strong></span> <span class='ocrx_word' id='word_1_635' title='bbox 1971 4269 2045 4307; x_wconf 89' lang='lat' dir='ltr'>an</span> <span class='ocrx_word' id='word_1_636' title='bbox 2081 4259 2122 4307; x_wconf 80' lang='lat' dir='ltr'>tl</span> 
     </span>
    </p>
   </div>
   <div class='ocr_carea' id='block_1_90' title="bbox 2226 4250 3859 4327">
    <p class='ocr_par' dir='ltr' id='par_1_90' title="bbox 2252 4254 3859 4327">
     <span class='ocr_line' id='line_1_90' title="bbox 2252 4254 3859 4327; baseline 0.005 -25"><span class='ocrx_word' id='word_1_637' title='bbox 2252 4258 2340 4303; x_wconf 89' lang='lat' dir='ltr'>xui</span> <span class='ocrx_word' id='word_1_638' title='bbox 2393 4254 2870 4327; x_wconf 78' lang='grc' dir='ltr'>περιεργάζεσθαι;</span> <span class='ocrx_word' id='word_1_639' title='bbox 2908 4256 3045 4307; x_wconf 85' lang='grc' dir='ltr'>Ἀλλ’</span> <span class='ocrx_word' id='word_1_640' title='bbox 3091 4256 3264 4309; x_wconf 76' lang='grc' dir='ltr'>ἐάσθω</span> <span class='ocrx_word' id='word_1_641' title='bbox 3315 4266 3485 4310; x_wconf 78' lang='grc' dir='ltr'>τοῦτο.</span> <span class='ocrx_word' id='word_1_642' title='bbox 3536 4263 3601 4311; x_wconf 84' lang='grc' dir='ltr'>Τί</span> <span class='ocrx_word' id='word_1_643' title='bbox 3646 4256 3705 4311; x_wconf 73' lang='grc' dir='ltr'>δε</span> <span class='ocrx_word' id='word_1_644' title='bbox 3752 4264 3859 4326; x_wconf 75' lang='grc' dir='ltr'>σύ;</span> 
     </span>
    </p>
   </div>
   <div class='ocr_carea' id='block_1_91' title="bbox 489 4336 2122 4419">
    <p class='ocr_par' dir='ltr' id='par_1_91' title="bbox 489 4338 2112 4409">
     <span class='ocr_line' id='line_1_91' title="bbox 489 4338 2112 4409; baseline 0.001 -16"><span class='ocrx_word' id='word_1_645' title='bbox 489 4339 579 4393; x_wconf 89' lang='lat' dir='ltr'>vis</span> <span class='ocrx_word' id='word_1_646' title='bbox 609 4354 820 4393; x_wconf 90' lang='lat' dir='ltr'>omnes</span> <span class='ocrx_word' id='word_1_647' title='bbox 850 4338 1122 4392; x_wconf 88' lang='lat' dir='ltr'>homines</span> <span class='ocrx_word' id='word_1_648' title='bbox 1167 4338 1375 4402; x_wconf 93' lang='lat' dir='ltr'>bonos,</span> <span class='ocrx_word' id='word_1_649' title='bbox 1409 4339 1689 4393; x_wconf 89' lang='lat' dir='ltr'>honestos</span> <span class='ocrx_word' id='word_1_650' title='bbox 1721 4346 1776 4394; x_wconf 92' lang='lat' dir='ltr'>et</span> <span class='ocrx_word' id='word_1_651' title='bbox 1806 4339 1959 4409; x_wconf 81' lang='lat' dir='ltr'>frugi</span> <span class='ocrx_word' id='word_1_652' title='bbox 1991 4342 2112 4396; x_wconf 85' lang='lat' dir='ltr'>ﬁeri</span> 
     </span>
    </p>
   </div>
   <div class='ocr_carea' id='block_1_92' title="bbox 2231 4336 3864 4419">
    <p class='ocr_par' dir='ltr' id='par_1_92' title="bbox 2252 4336 3864 4419">
     <span class='ocr_line' id='line_1_92' title="bbox 2252 4336 3864 4419; baseline 0.006 -28"><span class='ocrx_word' id='word_1_653' title='bbox 2252 4336 2352 4411; x_wconf 82' lang='grc' dir='ltr'>ἆρα</span> <span class='ocrx_word' id='word_1_654' title='bbox 2410 4340 2584 4413; x_wconf 81' lang='grc' dir='ltr'>βούλει</span> <span class='ocrx_word' id='word_1_655' title='bbox 2638 4346 2830 4404; x_wconf 77' lang='grc' dir='ltr'>πάντας</span> <span class='ocrx_word' id='word_1_656' title='bbox 2888 4343 3192 4419; x_wconf 80' lang='grc' dir='ltr'>ἀνθρώπους</span> <span class='ocrx_word' id='word_1_657' title='bbox 3244 4346 3429 4407; x_wconf 81' lang='grc' dir='ltr'>καλούς</span> <span class='ocrx_word' id='word_1_658' title='bbox 3482 4352 3570 4399; x_wconf 84' lang='grc' dir='ltr'>καὶ</span> <span class='ocrx_word' id='word_1_659' title='bbox 3627 4346 3864 4419; x_wconf 73' lang='grc' dir='ltr'>ἀγαθούς</span> 
     </span>
    </p>
   </div>
   <div class='ocr_carea' id='block_1_93' title="bbox 489 4426 2122 4529">
    <p class='ocr_par' dir='ltr' id='par_1_93' title="bbox 489 4427 2122 4501">
     <span class='ocr_line' id='line_1_93' title="bbox 489 4427 2122 4501; baseline 0.002 -19"><span class='ocrx_word' id='word_1_660' title='bbox 489 4443 599 4482; x_wconf 88' lang='lat' dir='ltr'>nec</span> <span class='ocrx_word' id='word_1_661' title='bbox 632 4427 898 4499; x_wconf 88' lang='lat' dir='ltr'>lapsibus</span> <span class='ocrx_word' id='word_1_662' title='bbox 940 4427 1234 4497; x_wconf 90' lang='lat' dir='ltr'>subjectos</span> <span class='ocrx_word' id='word_1_663' title='bbox 1264 4427 1291 4482; x_wconf 84' lang='lat'>?</span> <span class='ocrx_word' id='word_1_664' title='bbox 1332 4443 1407 4481; x_wconf 89' lang='lat' dir='ltr'>an</span> <span class='ocrx_word' id='word_1_665' title='bbox 1436 4428 1549 4481; x_wconf 91' lang='lat' dir='ltr'>hoc</span> <span class='ocrx_word' id='word_1_666' title='bbox 1590 4428 1689 4482; x_wconf 90' lang='lat' dir='ltr'>tibi</span> <span class='ocrx_word' id='word_1_667' title='bbox 1714 4430 1910 4499; x_wconf 91' lang='lat' dir='ltr'>potius</span> <span class='ocrx_word' id='word_1_668' title='bbox 1941 4430 2122 4501; x_wconf 84' lang='lat' dir='ltr'>displi</span> 
     </span>
    </p>
   </div>
   <div class='ocr_carea' id='block_1_94' title="bbox 2226 4426 3859 4529">
    <p class='ocr_par' dir='ltr' id='par_1_94' title="bbox 2250 4426 3859 4510">
     <span class='ocr_line' id='line_1_94' title="bbox 2250 4426 3859 4510; baseline 0.006 -29"><span class='ocrx_word' id='word_1_669' title='bbox 2250 4426 2399 4494; x_wconf 83' lang='grc' dir='ltr'>εἶναι,</span> <span class='ocrx_word' id='word_1_670' title='bbox 2452 4436 2539 4482; x_wconf 89' lang='grc' dir='ltr'>καὶ</span> <span class='ocrx_word' id='word_1_671' title='bbox 2588 4435 2932 4503; x_wconf 85' lang='grc' dir='ltr'>πταισμάτων</span> <span class='ocrx_word' id='word_1_672' title='bbox 2982 4440 3284 4507; x_wconf 87' lang='grc' dir='ltr'>κρείττους;</span> <span class='ocrx_word' id='word_1_673' title='bbox 3317 4437 3346 4495; x_wconf 76' lang='grc' dir='ltr'>ἡ</span> <span class='ocrx_word' id='word_1_674' title='bbox 3397 4436 3679 4510; x_wconf 76' lang='grc' dir='ltr'>ἀπαρέσκει</span> <span class='ocrx_word' id='word_1_675' title='bbox 3732 4457 3859 4504; x_wconf 89' lang='grc' dir='ltr'>σοι;</span> 
     </span>
    </p>
   </div>
   <div class='ocr_carea' id='block_1_95' title="bbox 489 4514 2122 4598">
    <p class='ocr_par' dir='ltr' id='par_1_95' title="bbox 489 4514 2122 4590">
     <span class='ocr_line' id='line_1_95' title="bbox 489 4514 2122 4590; baseline 0.001 -19"><span class='ocrx_word' id='word_1_676' title='bbox 489 4514 625 4571; x_wconf 80' lang='lat' dir='ltr'>cet?</span> <span class='ocrx_word' id='word_1_677' title='bbox 642 4515 812 4582; x_wconf 91' lang='lat' dir='ltr'>Quod</span> <span class='ocrx_word' id='word_1_678' title='bbox 840 4515 885 4568; x_wconf 93' lang='lat' dir='ltr'>si</span> <span class='ocrx_word' id='word_1_679' title='bbox 916 4530 1128 4570; x_wconf 90' lang='lat' dir='ltr'>omnes</span> <span class='ocrx_word' id='word_1_680' title='bbox 1152 4523 1353 4570; x_wconf 90' lang='lat' dir='ltr'>essent</span> <span class='ocrx_word' id='word_1_681' title='bbox 1372 4515 1565 4586; x_wconf 90' lang='lat' dir='ltr'>probi,</span> <span class='ocrx_word' id='word_1_682' title='bbox 1591 4516 1754 4571; x_wconf 90' lang='lat' dir='ltr'>nulla</span> <span class='ocrx_word' id='word_1_683' title='bbox 1770 4517 1921 4572; x_wconf 91' lang='lat' dir='ltr'>foret</span> <span class='ocrx_word' id='word_1_684' title='bbox 1947 4518 2122 4590; x_wconf 80' lang='lat' dir='ltr'>leguu</span> 
     </span>
    </p>
   </div>
   <div class='ocr_carea' id='block_1_96' title="bbox 2229 4514 3862 4598">
    <p class='ocr_par' dir='ltr' id='par_1_96' title="bbox 2247 4518 3862 4598">
     <span class='ocr_line' id='line_1_96' title="bbox 2247 4518 3862 4598; baseline 0.005 -28"><span class='ocrx_word' id='word_1_685' title='bbox 2247 4518 2404 4582; x_wconf 84' lang='grc' dir='ltr'>Ἀλλ’,</span> <span class='ocrx_word' id='word_1_686' title='bbox 2442 4520 2486 4570; x_wconf 86' lang='grc' dir='ltr'>εἰ</span> <span class='ocrx_word' id='word_1_687' title='bbox 2534 4523 2712 4581; x_wconf 83' lang='grc' dir='ltr'>πάντες</span> <span class='ocrx_word' id='word_1_688' title='bbox 2751 4521 2897 4574; x_wconf 83' lang='grc' dir='ltr'>καλοὶ</span> <span class='ocrx_word' id='word_1_689' title='bbox 2949 4528 3037 4575; x_wconf 84' lang='grc' dir='ltr'>καὶ</span> <span class='ocrx_word' id='word_1_690' title='bbox 3086 4523 3296 4594; x_wconf 80' lang='grc' dir='ltr'>ἀγαθοὶ,</span> <span class='ocrx_word' id='word_1_691' title='bbox 3331 4533 3427 4577; x_wconf 86' lang='grc' dir='ltr'>ποῦ</span> <span class='ocrx_word' id='word_1_692' title='bbox 3469 4527 3498 4582; x_wconf 80' lang='grc' dir='ltr'><strong>ἠ</strong></span> <span class='ocrx_word' id='word_1_693' title='bbox 3550 4534 3649 4577; x_wconf 86' lang='grc' dir='ltr'>τῶν</span> <span class='ocrx_word' id='word_1_694' title='bbox 3688 4531 3862 4598; x_wconf 85' lang='grc' dir='ltr'>νόμων</span> 
     </span>
    </p>
   </div>
   <div class='ocr_carea' id='block_1_97' title="bbox 487 4603 2120 4684">
    <p class='ocr_par' dir='ltr' id='par_1_97' title="bbox 487 4603 2113 4676">
     <span class='ocr_line' id='line_1_97' title="bbox 487 4603 2113 4676; baseline 0.002 -19"><span class='ocrx_word' id='word_1_695' title='bbox 487 4605 839 4671; x_wconf 85' lang='lat' dir='ltr'>necessitas,</span> <span class='ocrx_word' id='word_1_696' title='bbox 887 4603 1351 4675; x_wconf 82' lang='lat' dir='ltr'>legumlatorum</span> <span class='ocrx_word' id='word_1_697' title='bbox 1401 4620 1560 4672; x_wconf 89' lang='lat' dir='ltr'>cura,</span> <span class='ocrx_word' id='word_1_698' title='bbox 1600 4605 1883 4671; x_wconf 89' lang='lat' dir='ltr'>studium,</span> <span class='ocrx_word' id='word_1_699' title='bbox 1945 4608 2113 4676; x_wconf 91' lang='lat' dir='ltr'>provi</span> 
     </span>
    </p>
   </div>
   <div class='ocr_carea' id='block_1_98' title="bbox 2231 4603 3864 4684">
    <p class='ocr_par' dir='ltr' id='par_1_98' title="bbox 2246 4607 3864 4684">
     <span class='ocr_line' id='line_1_98' title="bbox 2246 4607 3864 4684; baseline 0.006 -26"><span class='ocrx_word' id='word_1_700' title='bbox 2246 4613 2437 4678; x_wconf 83' lang='grc' dir='ltr'>χρεία;</span> <span class='ocrx_word' id='word_1_701' title='bbox 2471 4618 2568 4661; x_wconf 77' lang='grc' dir='ltr'>πού</span> <span class='ocrx_word' id='word_1_702' title='bbox 2618 4607 2675 4662; x_wconf 78' lang='grc' dir='ltr'>δὲ</span> <span class='ocrx_word' id='word_1_703' title='bbox 2719 4619 2816 4662; x_wconf 83' lang='grc' dir='ltr'>τῶν</span> <span class='ocrx_word' id='word_1_704' title='bbox 2864 4614 3153 4684; x_wconf 82' lang='grc' dir='ltr'>νομοθετῶν</span> <span class='ocrx_word' id='word_1_705' title='bbox 3191 4615 3216 4664; x_wconf 87' lang='grc' dir='ltr'>ό</span> <span class='ocrx_word' id='word_1_706' title='bbox 3264 4618 3437 4678; x_wconf 87' lang='grc' dir='ltr'>πόνος,</span> <span class='ocrx_word' id='word_1_707' title='bbox 3482 4620 3571 4667; x_wconf 84' lang='grc' dir='ltr'>καὶ</span> <span class='ocrx_word' id='word_1_708' title='bbox 3616 4617 3644 4672; x_wconf 81' lang='grc' dir='ltr'>ἡ</span> <span class='ocrx_word' id='word_1_709' title='bbox 3696 4635 3864 4668; x_wconf 88' lang='grc' dir='ltr'>σπου-</span> 
     </span>
    </p>
   </div>
   <div class='ocr_carea' id='block_1_99' title="bbox 486 4690 2119 4772">
    <p class='ocr_par' dir='ltr' id='par_1_99' title="bbox 486 4690 2119 4764">
     <span class='ocr_line' id='line_1_99' title="bbox 486 4690 2119 4764; baseline 0.002 -17"><span class='ocrx_word' id='word_1_710' title='bbox 486 4692 689 4747; x_wconf 90' lang='lat' dir='ltr'>dentia</span> <span class='ocrx_word' id='word_1_711' title='bbox 712 4709 724 4745; x_wconf 90' lang='lat'><strong>:</strong></span> <span class='ocrx_word' id='word_1_712' title='bbox 747 4698 804 4746; x_wconf 92' lang='lat' dir='ltr'>et</span> <span class='ocrx_word' id='word_1_713' title='bbox 838 4697 1058 4757; x_wconf 91' lang='lat' dir='ltr'>tamen,</span> <span class='ocrx_word' id='word_1_714' title='bbox 1089 4691 1309 4746; x_wconf 90' lang='lat' dir='ltr'>uttales</span> <span class='ocrx_word' id='word_1_715' title='bbox 1334 4690 1563 4755; x_wconf 89' lang='lat' dir='ltr'>ﬁerent,</span> <span class='ocrx_word' id='word_1_716' title='bbox 1600 4692 1761 4761; x_wconf 84' lang='lat' dir='ltr'>leges</span> <span class='ocrx_word' id='word_1_717' title='bbox 1781 4694 1860 4748; x_wconf 91' lang='lat' dir='ltr'>illi</span> <span class='ocrx_word' id='word_1_718' title='bbox 1892 4696 2119 4764; x_wconf 66' lang='lat' dir='ltr'>provide</span> 
     </span>
    </p>
   </div>
   <div class='ocr_carea' id='block_1_100' title="bbox 2232 4690 3865 4772">
    <p class='ocr_par' dir='ltr' id='par_1_100' title="bbox 2247 4695 3865 4772">
     <span class='ocr_line' id='line_1_100' title="bbox 2247 4695 3865 4772; baseline 0.006 -24"><span class='ocrx_word' id='word_1_719' title='bbox 2247 4695 2339 4763; x_wconf 81' lang='grc' dir='ltr'>δὴ,</span> <span class='ocrx_word' id='word_1_720' title='bbox 2372 4702 2459 4749; x_wconf 88' lang='lat' dir='ltr'>xui</span> <span class='ocrx_word' id='word_1_721' title='bbox 2502 4701 2531 4755; x_wconf 85' lang='grc' dir='ltr'>ἡ</span> <span class='ocrx_word' id='word_1_722' title='bbox 2582 4704 2828 4771; x_wconf 74' lang='grc' dir='ltr'>πρόνοιας</span> <span class='ocrx_word' id='word_1_723' title='bbox 2877 4706 3112 4772; x_wconf 86' lang='grc' dir='ltr'>καίτοιγε</span> <span class='ocrx_word' id='word_1_724' title='bbox 3163 4702 3290 4754; x_wconf 75' lang='grc' dir='ltr'>αὐτὸ</span> <span class='ocrx_word' id='word_1_725' title='bbox 3330 4712 3483 4755; x_wconf 79' lang='grc' dir='ltr'>τοῦτο</span> <span class='ocrx_word' id='word_1_726' title='bbox 3526 4703 3718 4765; x_wconf 82' lang='grc' dir='ltr'>καλούς</span> <span class='ocrx_word' id='word_1_727' title='bbox 3767 4713 3865 4758; x_wconf 78' lang='grc' dir='ltr'>καὶ</span> 
     </span>
    </p>
   </div>
   <div class='ocr_carea' id='block_1_101' title="bbox 486 4778 2119 4864">
    <p class='ocr_par' dir='ltr' id='par_1_101' title="bbox 486 4778 2113 4852">
     <span class='ocr_line' id='line_1_101' title="bbox 486 4778 2113 4852; baseline 0.001 -17"><span class='ocrx_word' id='word_1_728' title='bbox 486 4780 878 4835; x_wconf 88' lang='lat' dir='ltr'>condiderunt</span> <span class='ocrx_word' id='word_1_729' title='bbox 911 4795 921 4831; x_wconf 89' lang='lat'>:</span> <span class='ocrx_word' id='word_1_730' title='bbox 950 4778 1183 4833; x_wconf 79' lang='lat' dir='ltr'>Justitia</span> <span class='ocrx_word' id='word_1_731' title='bbox 1206 4794 1282 4833; x_wconf 89' lang='lat' dir='ltr'>an</span> <span class='ocrx_word' id='word_1_732' title='bbox 1309 4794 1426 4833; x_wconf 90' lang='lat' dir='ltr'>non</span> <span class='ocrx_word' id='word_1_733' title='bbox 1446 4780 1502 4833; x_wconf 89' lang='lat' dir='ltr'>in</span> <span class='ocrx_word' id='word_1_734' title='bbox 1531 4780 1929 4852; x_wconf 75' lang='lat' dir='ltr'>Tragelaplios</span> <span class='ocrx_word' id='word_1_735' title='bbox 1952 4786 2113 4836; x_wconf 84' lang='lat' dir='ltr'>trans</span> 
     </span>
    </p>
   </div>
   <div class='ocr_carea' id='block_1_102' title="bbox 2229 4778 3862 4864">
    <p class='ocr_par' dir='ltr' id='par_1_102' title="bbox 2245 4784 3862 4864">
     <span class='ocr_line' id='line_1_102' title="bbox 2245 4784 3862 4864; baseline 0.006 -28"><span class='ocrx_word' id='word_1_736' title='bbox 2245 4784 2468 4857; x_wconf 78' lang='grc' dir='ltr'>ἀγαθούς</span> <span class='ocrx_word' id='word_1_737' title='bbox 2534 4784 2661 4839; x_wconf 83' lang='grc' dir='ltr'>εἶναι</span> <span class='ocrx_word' id='word_1_738' title='bbox 2729 4793 2849 4849; x_wconf 76' lang='grc' dir='ltr'>τοὺς</span> <span class='ocrx_word' id='word_1_739' title='bbox 2921 4788 3219 4863; x_wconf 79' lang='grc' dir='ltr'>ἀνθρώπους</span> <span class='ocrx_word' id='word_1_740' title='bbox 3296 4796 3661 4864; x_wconf 84' lang='grc' dir='ltr'>προνοούμενοι</span> <span class='ocrx_word' id='word_1_741' title='bbox 3735 4799 3862 4856; x_wconf 71' lang='grc' dir='ltr'>τοὺς</span> 
     </span>
    </p>
   </div>
   <div class='ocr_carea' id='block_1_103' title="bbox 484 4865 2117 4956">
    <p class='ocr_par' dir='ltr' id='par_1_103' title="bbox 484 4865 2117 4937">
     <span class='ocr_line' id='line_1_103' title="bbox 484 4865 2117 4937; baseline 0.001 -15"><span class='ocrx_word' id='word_1_742' title='bbox 484 4869 609 4933; x_wconf 89' lang='lat' dir='ltr'>ibit,</span> <span class='ocrx_word' id='word_1_743' title='bbox 644 4876 696 4922; x_wconf 92' lang='lat' dir='ltr'>et</span> <span class='ocrx_word' id='word_1_744' title='bbox 724 4867 1084 4937; x_wconf 91' lang='lat' dir='ltr'>Scindapsos</span> <span class='ocrx_word' id='word_1_745' title='bbox 1121 4872 1148 4921; x_wconf 89' lang='lat'><strong><em>?</em></strong></span> <span class='ocrx_word' id='word_1_746' title='bbox 1188 4867 1284 4921; x_wconf 89' lang='lat' dir='ltr'>ubi</span> <span class='ocrx_word' id='word_1_747' title='bbox 1330 4867 1489 4921; x_wconf 91' lang='lat' dir='ltr'>enim</span> <span class='ocrx_word' id='word_1_748' title='bbox 1541 4865 1851 4927; x_wconf 75' lang='grc' dir='ltr'>δικαιοσύνη</span> <span class='ocrx_word' id='word_1_749' title='bbox 1898 4887 1910 4935; x_wconf 89' lang='grc'><strong>;</strong></span> <span class='ocrx_word' id='word_1_750' title='bbox 1946 4871 2117 4927; x_wconf 80' lang='lat' dir='ltr'>sinor</span> 
     </span>
    </p>
   </div>
   <div class='ocr_carea' id='block_1_104' title="bbox 2230 4865 3863 4956">
    <p class='ocr_par' dir='ltr' id='par_1_104' title="bbox 2241 4875 3863 4956">
     <span class='ocr_line' id='line_1_104' title="bbox 2241 4875 3863 4956; baseline 0.006 -31"><span class='ocrx_word' id='word_1_751' title='bbox 2241 4881 2427 4946; x_wconf 75' lang='grc' dir='ltr'>νόμους</span> <span class='ocrx_word' id='word_1_752' title='bbox 2471 4875 2731 4928; x_wconf 70' lang='grc' dir='ltr'>ἐτίθεσανο</span> <span class='ocrx_word' id='word_1_753' title='bbox 2770 4881 2797 4935; x_wconf 74' lang='grc' dir='ltr'>ἡ</span> <span class='ocrx_word' id='word_1_754' title='bbox 2843 4876 3153 4937; x_wconf 85' lang='grc' dir='ltr'>δικαιοσύνη</span> <span class='ocrx_word' id='word_1_755' title='bbox 3206 4877 3265 4932; x_wconf 74' lang='grc' dir='ltr'>δὲ</span> <span class='ocrx_word' id='word_1_756' title='bbox 3315 4882 3401 4955; x_wconf 82' lang='grc' dir='ltr'>ἄρ’</span> <span class='ocrx_word' id='word_1_757' title='bbox 3450 4882 3542 4933; x_wconf 78' lang='grc' dir='ltr'>ούκ</span> <span class='ocrx_word' id='word_1_758' title='bbox 3591 4882 3659 4941; x_wconf 79' lang='grc' dir='ltr'>εἰς</span> <span class='ocrx_word' id='word_1_759' title='bbox 3699 4902 3863 4956; x_wconf 78' lang='grc' dir='ltr'>τραγ-</span> 
     </span>
    </p>
   </div>
   <div class='ocr_carea' id='block_1_105' title="bbox 485 4954 2118 5042">
    <p class='ocr_par' dir='ltr' id='par_1_105' title="bbox 485 4954 2118 5027">
     <span class='ocr_line' id='line_1_105' title="bbox 485 4954 2118 5027; baseline 0.002 -17"><span class='ocrx_word' id='word_1_760' title='bbox 485 4959 560 5011; x_wconf 89' lang='lat' dir='ltr'>sit</span> <span class='ocrx_word' id='word_1_761' title='bbox 591 4954 737 5023; x_wconf 78' lang='grc' dir='ltr'>δίκη,</span> <span class='ocrx_word' id='word_1_762' title='bbox 770 4955 868 5010; x_wconf 89' lang='lat' dir='ltr'>ubi</span> <span class='ocrx_word' id='word_1_763' title='bbox 921 4955 1020 5010; x_wconf 89' lang='lat' dir='ltr'>illa</span> <span class='ocrx_word' id='word_1_764' title='bbox 1044 4956 1071 5010; x_wconf 89' lang='lat'><strong>?</strong></span> <span class='ocrx_word' id='word_1_765' title='bbox 1098 4956 1146 5009; x_wconf 91' lang='lat' dir='ltr'>si</span> <span class='ocrx_word' id='word_1_766' title='bbox 1190 4972 1368 5011; x_wconf 89' lang='lat' dir='ltr'>nemo</span> <span class='ocrx_word' id='word_1_767' title='bbox 1422 4956 1702 5027; x_wconf 88' lang='lat' dir='ltr'>injuriam</span> <span class='ocrx_word' id='word_1_768' title='bbox 1763 4958 1976 5015; x_wconf 84' lang='lat' dir='ltr'>inferat</span> <span class='ocrx_word' id='word_1_769' title='bbox 2007 4976 2018 5013; x_wconf 91' lang='lat'><strong>:</strong></span> <span class='ocrx_word' id='word_1_770' title='bbox 2083 4963 2118 5013; x_wconf 77' lang='lat' dir='ltr'>si</span> 
     </span>
    </p>
   </div>
   <div class='ocr_carea' id='block_1_106' title="bbox 2229 4954 3862 5042">
    <p class='ocr_par' dir='ltr' id='par_1_106' title="bbox 2242 4962 3862 5042">
     <span class='ocr_line' id='line_1_106' title="bbox 2242 4962 3862 5042; baseline 0.006 -28"><span class='ocrx_word' id='word_1_771' title='bbox 2242 4962 2451 5035; x_wconf 80' lang='grc' dir='ltr'>ελάφους</span> <span class='ocrx_word' id='word_1_772' title='bbox 2538 4985 2619 5017; x_wconf 90' lang='grc' dir='ltr'>σοι</span> <span class='ocrx_word' id='word_1_773' title='bbox 2694 4971 2783 5017; x_wconf 88' lang='lat' dir='ltr'>xui</span> <span class='ocrx_word' id='word_1_774' title='bbox 2863 4965 3193 5039; x_wconf 68' lang='grc' dir='ltr'>σκινδάψους</span> <span class='ocrx_word' id='word_1_775' title='bbox 3273 4976 3691 5042; x_wconf 73' lang='grc' dir='ltr'>περιστήσεται;</span> <span class='ocrx_word' id='word_1_776' title='bbox 3748 4978 3862 5024; x_wconf 83' lang='grc' dir='ltr'>Ποῦ</span> 
     </span>
    </p>
   </div>
   <div class='ocr_carea' id='block_1_107' title="bbox 481 5044 2114 5131">
    <p class='ocr_par' dir='ltr' id='par_1_107' title="bbox 481 5044 2107 5119">
     <span class='ocr_line' id='line_1_107' title="bbox 481 5044 2107 5119; baseline 0.004 -21"><span class='ocrx_word' id='word_1_777' title='bbox 481 5044 698 5113; x_wconf 81' lang='lat' dir='ltr'>singuli</span> <span class='ocrx_word' id='word_1_778' title='bbox 718 5047 775 5098; x_wconf 85' lang='lat' dir='ltr'>in</span> <span class='ocrx_word' id='word_1_779' title='bbox 800 5044 1003 5098; x_wconf 90' lang='lat' dir='ltr'>melius</span> <span class='ocrx_word' id='word_1_780' title='bbox 1024 5045 1523 5109; x_wconf 88' lang='lat' dir='ltr'>immutabuntur,</span> <span class='ocrx_word' id='word_1_781' title='bbox 1546 5062 1666 5101; x_wconf 91' lang='lat' dir='ltr'>una</span> <span class='ocrx_word' id='word_1_782' title='bbox 1686 5063 1929 5119; x_wconf 90' lang='lat' dir='ltr'>quoque</span> <span class='ocrx_word' id='word_1_783' title='bbox 1951 5049 2107 5104; x_wconf 89' lang='lat' dir='ltr'>abibi</span> 
     </span>
    </p>
   </div>
   <div class='ocr_carea' id='block_1_108' title="bbox 2228 5044 3861 5131">
    <p class='ocr_par' dir='ltr' id='par_1_108' title="bbox 2240 5050 3861 5131">
     <span class='ocr_line' id='line_1_108' title="bbox 2240 5050 3861 5131; baseline -0.009 -15"><span class='ocrx_word' id='word_1_784' title='bbox 2240 5051 2337 5124; x_wconf 65' lang='grc' dir='ltr'>γάρ</span> <span class='ocrx_word' id='word_1_785' title='bbox 2390 5050 2721 5120; x_wconf 72' lang='grc' dir='ltr'>δικαιοσύνη,</span> <span class='ocrx_word' id='word_1_786' title='bbox 2766 5052 2922 5117; x_wconf 86' lang='grc' dir='ltr'>δίκης</span> <span class='ocrx_word' id='word_1_787' title='bbox 2953 5057 3045 5108; x_wconf 86' lang='grc' dir='ltr'>ούκ</span> <span class='ocrx_word' id='word_1_788' title='bbox 3077 5061 3277 5125; x_wconf 71' lang='grc' dir='ltr'>οὔσης;</span> <span class='ocrx_word' id='word_1_789' title='bbox 3311 5067 3413 5111; x_wconf 83' lang='grc' dir='ltr'>ποῦ</span> <span class='ocrx_word' id='word_1_790' title='bbox 3460 5056 3517 5112; x_wconf 77' lang='grc' dir='ltr'>δε</span> <span class='ocrx_word' id='word_1_791' title='bbox 3566 5056 3714 5124; x_wconf 82' lang='grc' dir='ltr'>δίκη,</span> <span class='ocrx_word' id='word_1_792' title='bbox 3750 5081 3861 5131; x_wconf 72' lang='grc' dir='ltr'>μη-</span> 
     </span>
    </p>
   </div>
   <div class='ocr_carea' id='block_1_109' title="bbox 478 5134 2111 5221">
    <p class='ocr_par' dir='ltr' id='par_1_109' title="bbox 478 5134 2107 5194">
     <span class='ocr_line' id='line_1_109' title="bbox 478 5134 2107 5194; baseline 0.002 -5"><span class='ocrx_word' id='word_1_793' title='bbox 478 5140 533 5189; x_wconf 91' lang='lat' dir='ltr'>et</span> <span class='ocrx_word' id='word_1_794' title='bbox 568 5134 963 5188; x_wconf 87' lang='lat' dir='ltr'>mansuetudo</span> <span class='ocrx_word' id='word_1_795' title='bbox 1005 5150 1016 5186; x_wconf 92' lang='lat'>:</span> <span class='ocrx_word' id='word_1_796' title='bbox 1062 5149 1203 5188; x_wconf 90' lang='lat' dir='ltr'>nam</span> <span class='ocrx_word' id='word_1_797' title='bbox 1244 5135 1355 5188; x_wconf 90' lang='lat' dir='ltr'>nisi</span> <span class='ocrx_word' id='word_1_798' title='bbox 1398 5135 1469 5189; x_wconf 89' lang='lat' dir='ltr'>sit</span> <span class='ocrx_word' id='word_1_799' title='bbox 1510 5136 1819 5191; x_wconf 88' lang='lat' dir='ltr'>iracundia</span> <span class='ocrx_word' id='word_1_800' title='bbox 1856 5154 2107 5194; x_wconf 89' lang='lat' dir='ltr'>movens</span> 
     </span>
    </p>
   </div>
   <div class='ocr_carea' id='block_1_110' title="bbox 2228 5134 3861 5221">
    <p class='ocr_par' dir='ltr' id='par_1_110' title="bbox 2242 5139 3861 5221">
     <span class='ocr_line' id='line_1_110' title="bbox 2242 5139 3861 5221; baseline 0.006 -28"><span class='ocrx_word' id='word_1_801' title='bbox 2242 5140 2385 5201; x_wconf 76' lang='grc' dir='ltr'>δενός</span> <span class='ocrx_word' id='word_1_802' title='bbox 2434 5139 2772 5210; x_wconf 44' lang='grc' dir='ltr'>ἀδικοῦντος</span> <span class='ocrx_word' id='word_1_803' title='bbox 2809 5142 3005 5197; x_wconf 79' lang='grc' dir='ltr'>ἀδικῶν</span> <span class='ocrx_word' id='word_1_804' title='bbox 3055 5143 3114 5200; x_wconf 78' lang='grc' dir='ltr'>δὲ</span> <span class='ocrx_word' id='word_1_805' title='bbox 3170 5152 3272 5211; x_wconf 90' lang='grc' dir='ltr'>τίς,</span> <span class='ocrx_word' id='word_1_806' title='bbox 3330 5151 3534 5201; x_wconf 85' lang='grc' dir='ltr'>πάντων</span> <span class='ocrx_word' id='word_1_807' title='bbox 3585 5149 3651 5209; x_wconf 82' lang='grc' dir='ltr'>εἰς</span> <span class='ocrx_word' id='word_1_808' title='bbox 3707 5149 3861 5221; x_wconf 81' lang='grc' dir='ltr'>ἀμεί-</span> 
     </span>
    </p>
   </div>
   <div class='ocr_carea' id='block_1_111' title="bbox 478 5222 2111 5311">
    <p class='ocr_par' dir='ltr' id='par_1_111' title="bbox 478 5222 2107 5299">
     <span class='ocr_line' id='line_1_111' title="bbox 478 5222 2107 5299; baseline 0.002 -21"><span class='ocrx_word' id='word_1_809' title='bbox 478 5238 599 5278; x_wconf 90' lang='lat' dir='ltr'>non</span> <span class='ocrx_word' id='word_1_810' title='bbox 653 5227 739 5277; x_wconf 88' lang='lat' dir='ltr'>est</span> <span class='ocrx_word' id='word_1_811' title='bbox 787 5222 1221 5277; x_wconf 87' lang='lat' dir='ltr'>mansuetudo:</span> <span class='ocrx_word' id='word_1_812' title='bbox 1261 5224 1354 5277; x_wconf 88' lang='lat' dir='ltr'>ubi</span> <span class='ocrx_word' id='word_1_813' title='bbox 1415 5225 1522 5279; x_wconf 90' lang='lat' dir='ltr'>erit</span> <span class='ocrx_word' id='word_1_814' title='bbox 1579 5224 1671 5279; x_wconf 89' lang='lat' dir='ltr'>ille</span> <span class='ocrx_word' id='word_1_815' title='bbox 1723 5242 1970 5281; x_wconf 88' lang='lat' dir='ltr'>movens</span> <span class='ocrx_word' id='word_1_816' title='bbox 2027 5244 2107 5299; x_wconf 91' lang='lat' dir='ltr'>qu</span> 
     </span>
    </p>
   </div>
   <div class='ocr_carea' id='block_1_112' title="bbox 2227 5222 3860 5311">
    <p class='ocr_par' dir='ltr' id='par_1_112' title="bbox 2237 5232 3860 5311">
     <span class='ocr_line' id='line_1_112' title="bbox 2237 5232 3860 5311; baseline 0.006 -31"><span class='ocrx_word' id='word_1_817' title='bbox 2237 5249 2355 5290; x_wconf 89' lang='grc' dir='ltr'>νους</span> <span class='ocrx_word' id='word_1_818' title='bbox 2406 5232 2870 5304; x_wconf 83' lang='grc' dir='ltr'>μεταταξαμένων;</span> <span class='ocrx_word' id='word_1_819' title='bbox 2910 5236 3038 5306; x_wconf 69' lang='grc' dir='ltr'>οὐχὶ</span> <span class='ocrx_word' id='word_1_820' title='bbox 3097 5232 3156 5288; x_wconf 75' lang='grc' dir='ltr'>δὲ</span> <span class='ocrx_word' id='word_1_821' title='bbox 3219 5242 3309 5289; x_wconf 83' lang='grc' dir='ltr'>καὶ</span> <span class='ocrx_word' id='word_1_822' title='bbox 3365 5239 3394 5295; x_wconf 80' lang='grc' dir='ltr'><strong>ἡ</strong></span> <span class='ocrx_word' id='word_1_823' title='bbox 3448 5242 3676 5311; x_wconf 85' lang='grc' dir='ltr'>πραότης</span> <span class='ocrx_word' id='word_1_824' title='bbox 3733 5258 3860 5290; x_wconf 86' lang='grc' dir='ltr'>συν-</span> 
     </span>
    </p>
   </div>
   <div class='ocr_carea' id='block_1_113' title="bbox 475 5311 2108 5401">
    <p class='ocr_par' dir='ltr' id='par_1_113' title="bbox 475 5311 2108 5383">
     <span class='ocr_line' id='line_1_113' title="bbox 475 5311 2108 5383; baseline 0.002 -16"><span class='ocrx_word' id='word_1_825' title='bbox 475 5311 725 5367; x_wconf 88' lang='lat' dir='ltr'>irritabit</span> <span class='ocrx_word' id='word_1_826' title='bbox 754 5312 783 5367; x_wconf 78' lang='lat'>‘?</span> <span class='ocrx_word' id='word_1_827' title='bbox 812 5312 886 5366; x_wconf 91' lang='lat' dir='ltr'>de</span> <span class='ocrx_word' id='word_1_828' title='bbox 906 5326 1029 5383; x_wconf 90' lang='lat' dir='ltr'>qua</span> <span class='ocrx_word' id='word_1_829' title='bbox 1059 5328 1257 5375; x_wconf 89' lang='lat' dir='ltr'>causa,</span> <span class='ocrx_word' id='word_1_830' title='bbox 1284 5328 1404 5367; x_wconf 91' lang='lat' dir='ltr'>non</span> <span class='ocrx_word' id='word_1_831' title='bbox 1432 5313 1589 5368; x_wconf 83' lang='lat' dir='ltr'>enim</span> <span class='ocrx_word' id='word_1_832' title='bbox 1622 5314 1670 5368; x_wconf 92' lang='lat' dir='ltr'>si</span> <span class='ocrx_word' id='word_1_833' title='bbox 1702 5315 1833 5369; x_wconf 86' lang='lat' dir='ltr'>velit</span> <span class='ocrx_word' id='word_1_834' title='bbox 1865 5317 2108 5373; x_wconf 62' lang='lat' dir='ltr'>maxime</span> 
     </span>
    </p>
   </div>
   <div class='ocr_carea' id='block_1_114' title="bbox 2227 5311 3860 5401">
    <p class='ocr_par' dir='ltr' id='par_1_114' title="bbox 2237 5326 3860 5401">
     <span class='ocr_line' id='line_1_114' title="bbox 2237 5326 3860 5401; baseline 0.007 -31"><span class='ocrx_word' id='word_1_835' title='bbox 2237 5326 2557 5389; x_wconf 76' lang='grc' dir='ltr'>οιχήσεται;</span> <span class='ocrx_word' id='word_1_836' title='bbox 2602 5328 2703 5374; x_wconf 83' lang='grc' dir='ltr'>τινὶ</span> <span class='ocrx_word' id='word_1_837' title='bbox 2739 5326 2838 5396; x_wconf 79' lang='grc' dir='ltr'>γὰρ</span> <span class='ocrx_word' id='word_1_838' title='bbox 2889 5331 3072 5397; x_wconf 87' lang='grc' dir='ltr'>πρᾶος,</span> <span class='ocrx_word' id='word_1_839' title='bbox 3129 5326 3223 5377; x_wconf 78' lang='grc' dir='ltr'>οὐκ</span> <span class='ocrx_word' id='word_1_840' title='bbox 3272 5331 3415 5387; x_wconf 80' lang='grc' dir='ltr'>ὄντος</span> <span class='ocrx_word' id='word_1_841' title='bbox 3466 5335 3554 5379; x_wconf 77' lang='grc' dir='ltr'>τοῦ</span> <span class='ocrx_word' id='word_1_842' title='bbox 3603 5335 3860 5401; x_wconf 77' lang='grc' dir='ltr'>παροργί-</span> 
     </span>
    </p>
   </div>
   <div class='ocr_carea' id='block_1_115' title="bbox 474 5399 2107 5487">
    <p class='ocr_par' dir='ltr' id='par_1_115' title="bbox 474 5399 2107 5463">
     <span class='ocr_line' id='line_1_115' title="bbox 474 5399 2107 5463; baseline 0.003 -7"><span class='ocrx_word' id='word_1_843' title='bbox 474 5401 565 5456; x_wconf 92' lang='lat' dir='ltr'>vir</span> <span class='ocrx_word' id='word_1_844' title='bbox 590 5401 787 5456; x_wconf 91' lang='lat' dir='ltr'>bonus</span> <span class='ocrx_word' id='word_1_845' title='bbox 830 5399 890 5455; x_wconf 92' lang='lat' dir='ltr'>in</span> <span class='ocrx_word' id='word_1_846' title='bbox 921 5401 1149 5455; x_wconf 90' lang='lat' dir='ltr'>bonum</span> <span class='ocrx_word' id='word_1_847' title='bbox 1182 5400 1505 5456; x_wconf 88' lang='lat' dir='ltr'>irritabitur</span> <span class='ocrx_word' id='word_1_848' title='bbox 1545 5418 1663 5457; x_wconf 90' lang='lat' dir='ltr'>non</span> <span class='ocrx_word' id='word_1_849' title='bbox 1691 5408 1889 5459; x_wconf 90' lang='lat' dir='ltr'>autem</span> <span class='ocrx_word' id='word_1_850' title='bbox 1921 5405 2015 5459; x_wconf 93' lang='lat' dir='ltr'>ille</span> <span class='ocrx_word' id='word_1_851' title='bbox 2048 5407 2107 5463; x_wconf 66' lang='lat' dir='ltr'>ita</span> 
     </span>
    </p>
   </div>
   <div class='ocr_carea' id='block_1_116' title="bbox 2226 5399 3859 5487">
    <p class='ocr_par' dir='ltr' id='par_1_116' title="bbox 2239 5408 3859 5487">
     <span class='ocr_line' id='line_1_116' title="bbox 2239 5408 3859 5487; baseline 0.007 -28"><span class='ocrx_word' id='word_1_852' title='bbox 2239 5409 2448 5476; x_wconf 61' lang='lat' dir='ltr'>{ovi-0;;</span> <span class='ocrx_word' id='word_1_853' title='bbox 2482 5418 2580 5462; x_wconf 82' lang='grc' dir='ltr'>ποῦ</span> <span class='ocrx_word' id='word_1_854' title='bbox 2614 5408 2672 5463; x_wconf 75' lang='grc' dir='ltr'>δὲ</span> <span class='ocrx_word' id='word_1_855' title='bbox 2722 5414 2746 5463; x_wconf 89' lang='grc' dir='ltr'>ό</span> <span class='ocrx_word' id='word_1_856' title='bbox 2796 5418 3126 5487; x_wconf 88' lang='grc' dir='ltr'>παροργίζων</span> <span class='ocrx_word' id='word_1_857' title='bbox 3176 5420 3265 5467; x_wconf 87' lang='grc' dir='ltr'>καὶ</span> <span class='ocrx_word' id='word_1_858' title='bbox 3314 5420 3461 5483; x_wconf 88' lang='grc' dir='ltr'>τίνα;</span> <span class='ocrx_word' id='word_1_859' title='bbox 3494 5420 3583 5468; x_wconf 81' lang='grc' dir='ltr'>καὶ</span> <span class='ocrx_word' id='word_1_860' title='bbox 3624 5419 3653 5475; x_wconf 82' lang='grc' dir='ltr'><strong>ἠ</strong></span> <span class='ocrx_word' id='word_1_861' title='bbox 3705 5418 3859 5471; x_wconf 83' lang='grc' dir='ltr'>αἰτία</span> 
     </span>
    </p>
   </div>
   <div class='ocr_carea' id='block_1_117' title="bbox 473 5489 2106 5578">
    <p class='ocr_par' dir='ltr' id='par_1_117' title="bbox 473 5489 2106 5560">
     <span class='ocr_line' id='line_1_117' title="bbox 473 5489 2106 5560; baseline 0.003 -14"><span class='ocrx_word' id='word_1_862' title='bbox 473 5490 624 5556; x_wconf 90' lang='lat' dir='ltr'>velit,</span> <span class='ocrx_word' id='word_1_863' title='bbox 669 5491 751 5545; x_wconf 90' lang='lat' dir='ltr'>sic</span> <span class='ocrx_word' id='word_1_864' title='bbox 792 5506 997 5545; x_wconf 88' lang='lat' dir='ltr'>secum</span> <span class='ocrx_word' id='word_1_865' title='bbox 1029 5489 1175 5545; x_wconf 89' lang='lat' dir='ltr'>dum</span> <span class='ocrx_word' id='word_1_866' title='bbox 1207 5490 1725 5560; x_wconf 87' lang='lat' dir='ltr'>improbissimum</span> <span class='ocrx_word' id='word_1_867' title='bbox 1758 5494 1946 5550; x_wconf 91' lang='lat' dir='ltr'>isthoc</span> <span class='ocrx_word' id='word_1_868' title='bbox 1977 5496 2106 5551; x_wconf 88' lang='lat' dir='ltr'>deli-</span> 
     </span>
    </p>
   </div>
   <div class='ocr_carea' id='block_1_118' title="bbox 2225 5489 3858 5578">
    <p class='ocr_par' dir='ltr' id='par_1_118' title="bbox 2236 5497 3858 5578">
     <span class='ocr_line' id='line_1_118' title="bbox 2236 5497 3858 5578; baseline 0.007 -29"><span class='ocrx_word' id='word_1_869' title='bbox 2236 5503 2397 5563; x_wconf 86' lang='grc' dir='ltr'>ποία;</span> <span class='ocrx_word' id='word_1_870' title='bbox 2452 5497 2628 5570; x_wconf 82' lang='grc' dir='ltr'>ἀγαθῷ</span> <span class='ocrx_word' id='word_1_871' title='bbox 2678 5501 2778 5575; x_wconf 77' lang='grc' dir='ltr'>γὰρ</span> <span class='ocrx_word' id='word_1_872' title='bbox 2840 5501 3055 5573; x_wconf 80' lang='grc' dir='ltr'>ἀγαθός,</span> <span class='ocrx_word' id='word_1_873' title='bbox 3098 5504 3189 5555; x_wconf 73' lang='grc' dir='ltr'>οὐκ</span> <span class='ocrx_word' id='word_1_874' title='bbox 3240 5508 3380 5557; x_wconf 78' lang='grc' dir='ltr'>ἔστιν</span> <span class='ocrx_word' id='word_1_875' title='bbox 3440 5504 3514 5577; x_wconf 74' lang='grc' dir='ltr'>ἐφ’</span> <span class='ocrx_word' id='word_1_876' title='bbox 3570 5508 3689 5578; x_wconf 82' lang='grc' dir='ltr'>ὅτῳ,</span> <span class='ocrx_word' id='word_1_877' title='bbox 3754 5508 3858 5560; x_wconf 73' lang='grc' dir='ltr'>κᾶν</span> 
     </span>
    </p>
   </div>
   <div class='ocr_carea' id='block_1_119' title="bbox 471 5579 2104 5669">
    <p class='ocr_par' dir='ltr' id='par_1_119' title="bbox 471 5579 2102 5652">
     <span class='ocr_line' id='line_1_119' title="bbox 471 5579 2102 5652; baseline 0.002 -15"><span class='ocrx_word' id='word_1_878' title='bbox 471 5586 822 5645; x_wconf 85' lang='lat' dir='ltr'>ramentum,</span> <span class='ocrx_word' id='word_1_879' title='bbox 852 5579 1026 5651; x_wconf 90' lang='lat' dir='ltr'>culpa</span> <span class='ocrx_word' id='word_1_880' title='bbox 1056 5596 1177 5635; x_wconf 90' lang='lat' dir='ltr'>non</span> <span class='ocrx_word' id='word_1_881' title='bbox 1209 5584 1398 5643; x_wconf 85' lang='lat' dir='ltr'>vacat,</span> <span class='ocrx_word' id='word_1_882' title='bbox 1432 5580 1530 5652; x_wconf 81' lang='lat' dir='ltr'>qui</span> <span class='ocrx_word' id='word_1_883' title='bbox 1571 5586 1797 5637; x_wconf 88' lang='lat' dir='ltr'>tenetur</span> <span class='ocrx_word' id='word_1_884' title='bbox 1839 5585 2102 5642; x_wconf 80' lang='lat' dir='ltr'>maxima</span> 
     </span>
    </p>
   </div>
   <div class='ocr_carea' id='block_1_120' title="bbox 2221 5579 3854 5669">
    <p class='ocr_par' dir='ltr' id='par_1_120' title="bbox 2238 5586 3854 5669">
     <span class='ocr_line' id='line_1_120' title="bbox 2238 5586 3854 5669; baseline 0.007 -31"><span class='ocrx_word' id='word_1_885' title='bbox 2238 5586 2494 5661; x_wconf 76' lang='grc' dir='ltr'>βουληθῇ,</span> <span class='ocrx_word' id='word_1_886' title='bbox 2542 5596 2936 5665; x_wconf 82' lang='grc' dir='ltr'>παροργίσειεν’</span> <span class='ocrx_word' id='word_1_887' title='bbox 2980 5590 3138 5652; x_wconf 82' lang='grc' dir='ltr'>δῆλον</span> <span class='ocrx_word' id='word_1_888' title='bbox 3185 5591 3263 5659; x_wconf 71' lang='grc' dir='ltr'>δὲ,</span> <span class='ocrx_word' id='word_1_889' title='bbox 3308 5597 3374 5657; x_wconf 80' lang='grc' dir='ltr'>ὡς</span> <span class='ocrx_word' id='word_1_890' title='bbox 3423 5592 3545 5649; x_wconf 77' lang='grc' dir='ltr'>ούδε</span> <span class='ocrx_word' id='word_1_891' title='bbox 3594 5594 3854 5669; x_wconf 75' lang='grc' dir='ltr'>βουλήσε-</span> 
     </span>
    </p>
   </div>
  </div>
