4136 6198
295 294 406 348 6‘25

1389 288 1482 342 AD
1523 282 2070 342 AMPHILOCHIUM
2113 285 2440 352 QUIESTlO
2480 285 2568 340 CI.

3568 288 3674 342 626

304 439 429 471 ται·
465 417 649 471 ούκούν
701 417 836 467 κατά
891 416 1044 466 τουτο
1093 432 1152 484 γε
1193 415 1250 465 τὸ
1298 416 1642 488 περιπόληρὸν
1684 431 1778 465 σου
1825 412 1907 470 λή-

2019 410 2123 480 qui
2157 410 2215 465 id
2246 409 2388 480 agit,
2424 415 2484 466 ut
2522 410 2794 467 homines
2822 408 3050 466 honesti
3081 413 3136 465 et
3160 410 3332 482 probi
3364 410 3511 467 ﬁant
3538 412 3675 468 Haec

296 528 465 582 ρημα,
526 505 718 566 πολλῆς
787 508 877 556 καὶ
927 501 1156 575 μεγάλης
1230 505 1409 574 ἔνοχος
1464 502 1654 570 αἰτίας,
1717 503 1742 553 ὁ
1792 505 1913 562 τούς

301 596 609 671 ἀνθρώπους
683 594 866 653 καλούς
936 598 1026 644 καὶ
1099 591 1324 662 ἀγαθούς
1401 590 1708 663 βουλόμενος
1761 588 1908 643 εἶναι.

299 687 695 761 Κρατυνθείσης
752 685 854 756 γὰρ
910 691 1004 744 τῆς
1034 692 1062 721 ι
1112 677 1486 745 διδασκαλίας,
1533 680 1814 752 οἰχήσεται
1848 682 1914 731 τά

296 777 560 848 κράτιστα
616 781 714 824 τῶν
793 773 1210 845 κατορθωμάτων
1245 788 1256 799 '
1288 775 1377 822 xui
1440 770 1588 822 αὐτοὶ
1642 771 1690 821 οἱ
1741 773 1908 842 νόμοι,

297 867 524 937 μάταιόν
563 883 634 926 τι,
683 867 772 913 καὶ
828 865 1066 935 περιττὸς
1131 859 1288 931 ὄχλος
1341 862 1564 912 ἔσονται.
1628 863 1727 911 Καὶ
1770 862 1913 910 οὔπω

290 953 446 1024 λέγω,
497 955 577 1004 ὅτι
626 947 698 1002 δι’
747 951 926 1015 αὐτοῦ,
989 949 1188 1020 ἀγαθοῦ
1249 947 1512 1020 ἀναίρεσις
1562 949 1914 1021 καταπράττε-

295 1059 428 1094 ται·
456 1037 572 1093 οὐδ’
630 1041 710 1091 ὃτι
759 1041 788 1096 ἠ
835 1046 928 1090 τοῦ
974 1036 1192 1111 ἀρίστου
1242 1038 1444 1111 αἵρεσις
1502 1037 1765 1108 εἰσαγωγὴ
1813 1046 1912 1088 τῶν

296 1135 557 1204 χειρόνων
603 1125 957 1181 ἐπιδείκνυται
985 1144 997 1156 ·
1032 1127 1090 1179 ού
1143 1129 1244 1200 γὰρ
1288 1127 1422 1198 σοφά
1479 1145 1594 1190 σου,
1649 1131 1739 1178 καὶ
1771 1125 1914 1178 πολι-

288 1227 449 1280 τικῆς
487 1220 698 1291 θεωρίας
756 1215 947 1289 ἔμπλεα
1001 1218 1064 1268 τά
1111 1216 1472 1286 ἐνθυμήματα,
1506 1215 1623 1265 ὁτά
1669 1212 1914 1266 πολιτικὰ

293 1311 429 1380 ἡμῖν
483 1305 744 1370 ἐπισείων,
798 1310 889 1356 καὶ
956 1303 1138 1375 λέγων,
1197 1305 1386 1364 ταύτης
1449 1304 1563 1375 ἔχει
1627 1322 1702 1362 τις
1754 1302 1911 1355 εἰπεῖν

289 1395 706 1469 πολιτεκωτέραν
765 1403 860 1455 τῆς
934 1393 1407 1460 ἐντολῆς;καίτοι,
1466 1395 1551 1443 τὸν
1632 1394 1723 1453 τὰς
1777 1391 1912 1444 Πλά-

297 1504 462 1546 τωνος
533 1483 790 1543 πολιτείας
859 1486 1144 1554 μονονουχὶ
1223 1488 1636 1554 προσκυνοῦντα,
1725 1484 1912 1554 μυρίας

286 1577 387 1646 μεν
446 1576 710 1645 γεμούσας
788 1571 1075 1642 ἀσελγείας,
1138 1575 1334 1642 μυρίας
1403 1566 1461 1622 δὲ
1527 1573 1653 1642 πρὸς
1727 1570 1911 1631 ἑαυτὰς

289 1665 504 1734 μάχης,
566 1666 656 1713 καὶ
709 1661 1096 1732 πολεμιωτάτας
1148 1662 1237 1730 μὶν
1289 1662 1432 1732 πάσῃ
1491 1657 1783 1731 ἀνθρωπίνῃ
1816 1679 1910 1711 πο-

2020 498 2295 555 doctrina
2327 500 2376 554 si
2395 499 2677 565 obtineat,
2707 498 2990 571 praeclara
3015 498 3284 554 facinora
3309 508 3676 557 evanescunt

2021 589 2237 645 omnia.
2284 591 2464 658 Leges
2499 589 2645 661 ipsa
2672 593 2842 644 erunt
2875 588 3052 644 inane
3093 604 3334 654 nomen,
3383 595 3438 644 et
3470 606 3675 661 super-

2022 677 2178 733 ﬂuus
2207 677 2497 734 tumultus
2525 682 2943 734 censebuntur.
2978 681 3105 733 Non
3134 677 3280 733 dum
3322 679 3437 734 hoc
3466 694 3674 750 urgeo,

2022 767 2377 839 probitatem
2442 766 2523 823 ita
2576 767 2718 832 tolli,
2775 783 2886 822 nec
2942 767 3108 839 quod
3149 767 3413 823 melioris
3471 767 3674 825 electio

2021 856 2302 927 pessimas
2321 856 2781 912 subintroducat
2809 857 3495 929 consequentiaszneque
3521 858 3672 913 enim

2021 944 2358 1016 prudentia,
2388 951 2441 1001 et
2470 945 2721 1017 politicaa
2737 945 3233 1001 considerationis
3263 946 3442 1017 plena
3466 946 3675 1018 enthy-

2023 1037 2285 1089 memata
2328 1034 2527 1089 adhuc
2572 1033 2748 1090 nobis
2800 1033 3135 1106 proclamat
3187 1033 3413 1106 (ecquis
3471 1039 3672 1090 autem

2023 1123 2216 1192 magis
2235 1123 2536 1194 politicam
2550 1123 2841 1179 rationem
2869 1122 3063 1190 inibit)
3083 1128 3386 1194 utcunque
3413 1122 3672 1180 Platonis

2021 1211 2448 1282 rempublicam
2472 1216 2702 1268 tantum
2723 1227 2844 1267 non
2865 1212 3090 1276 adoret,
3118 1211 3200 1282 (in
3221 1228 3339 1283 qua
3361 1217 3502 1268 sunt
3527 1212 3670 1268 mul-

2023 1299 2248 1369 tiplices
2301 1299 2697 1372 impuritates,
2740 1300 3096 1372 multiplices
3135 1300 3285 1356 inter
3324 1317 3382 1355 se
3438 1306 3672 1358 contra-

2020 1388 2331 1450 dictiones,
2367 1395 2421 1444 et
2467 1389 2537 1446 ad
2571 1389 2916 1462 oppositum
2949 1389 3282 1446 constitutm
3331 1390 3672 1462 cuicunque

2020 1477 2361 1548 reipublicae
2382 1477 2663 1535 humanae
2687 1479 3156 1547 constitutiones,
3188 1495 3492 1552 nusquam
3518 1479 3672 1536 exsi-

2021 1572 2262 1632 stentes,
2292 1566 2502 1622 nullibi
2533 1568 2611 1623 ab
2642 1569 2806 1623 omni
2859 1584 2983 1623 aevo
3012 1573 3314 1640 usurpatas
3350 1585 3362 1596 ·
3394 1568 3522 1624 illas
3553 1585 3664 1624 me-

2022 1655 2212 1711 moria
2238 1656 2596 1712 recolentem
2625 1657 2902 1722 rationes,
2931 1665 2987 1712 et
3013 1657 3256 1713 easdem
3291 1656 3499 1728 magni
3524 1662 3675 1712 msti-

291 1751 485 1823 λιτείᾳ,
529 1754 587 1802 τὸ
640 1749 962 1822 ἀνύπαρκτον
1016 1745 1076 1800 δε
1127 1752 1214 1800 καὶ
1263 1746 1502 1800 ἀνούσιον
1530 1748 1652 1820 παρ’
1685 1748 1796 1800 ὅλον
1824 1752 1907 1799 τὸν

2023 1749 2312 1811 mantem,
2347 1746 2596 1801 omnino
2621 1746 2854 1817 pudore
2885 1745 3150 1801 suffundi
3181 1751 3414 1818 oportet
3441 1746 3674 1818 quoties

296 1840 468 1892 αἰῶνα
543 1839 932 1910 πολιτευομένας
965 1855 978 1868 ’
1013 1841 1100 1889 τὸν
1175 1836 1370 1897 ἐκείνας
1424 1836 1472 1888 ἓν
1524 1843 1700 1910 μνήμη
1785 1837 1913 1909 λαμ-

287 1928 534 1996 ϐάνοντα,
591 1933 681 1980 καὶ
732 1930 948 1988 ταύταις
995 1925 1436 1998 ἑνσεμνυνόμενον,
1486 1921 1568 2000 ἆρ’
1620 1926 1714 1978 ούκ
1748 1924 1912 2000 ἐχρῆν

293 2018 430 2079 ὅλως
476 2017 854 2088 αἰσχύνεσθαι,
913 2020 1004 2067 καὶ
1065 2015 1191 2068 αὐτὸ
1221 2019 1280 2066 τὸ
1330 2024 1427 2077 τῆς
1475 2015 1729 2075 πολιτείας
1755 2019 1913 2086 ὄνομα

294 2105 452 2178 ψιλὸν
507 2102 600 2158 διὰ
656 2104 872 2177 χειλέων
901 2106 1149 2178 προάγειν
1185 2121 1198 2168 ;
1229 2108 1294 2156 σύ
1339 2101 1398 2156 δε
1452 2108 1541 2155 καὶ
1571 2103 1912 2177 ἕπειρωνεύειν

295 2198 426 2268 ἡμῖν
478 2197 675 2253 ταύτην
721 2193 1047 2266 ἔθρασύνθης
1079 2214 1090 2226 ·
1123 2198 1212 2245 καὶ
1270 2197 1518 2245 τοσοῦτόν
1573 2213 1656 2244 σοι
1689 2196 1745 2244 τὸ
1787 2189 1912 2266 δρα-

301 2288 538 2359 στήριον,
601 2285 682 2335 ὃτι
733 2282 767 2334 ἃ
799 2286 888 2355 μεν
939 2281 1119 2353 ψέγειν
1173 2278 1518 2346 σπουδάζεις,
1550 2281 1767 2342 ἐπαινεῖς
1798 2281 1913 2334 λαν-

300 2375 468 2426 θάνων
504 2389 516 2402 ⁸
551 2374 627 2434 οἷς
679 2369 737 2424 δε
789 2375 876 2423 τὸν
931 2374 1138 2423 ἔπαινον
1191 2375 1358 2443 φέρειν
1437 2369 1692 2444 ἀγωνίζῃ,
1747 2377 1914 2422 ταῦτα

293 2461 473 2533 ψέγων
501 2460 594 2512 ούκ
625 2459 874 2532 αἰσθάνῃ.
903 2459 1038 2512 Ἀλλ’
1071 2458 1135 2510 ἰῶ
1163 2463 1252 2531 μὲν
1281 2471 1312 2514 y
1343 2466 1497 2512 τοῦτο
1523 2464 1668 2521 τέως.

372 2550 652 2620 Ἐνὸμισας
726 2546 784 2601 δε
851 2550 955 2623 ἄρα
1025 2550 1124 2600 ύπό
1205 2548 1392 2609 πολλῆς
1451 2553 1631 2621 σοφίας
1675 2568 1792 2614 σου,
1844 2550 1915 2610 ὡς

291 2645 388 2691 καὶ
445 2640 832 2710 προηγούμενον
911 2633 1025 2709 εἶχε
1088 2641 1279 2689 σκοπὸν
1333 2639 1358 2689 ὁ
1415 2642 1589 2711 Σωτὴρ
1646 2637 1914 2696 πολιτικὴν

289 2724 628 2803 παραδοῦναι
695 2731 908 2798 τέχνην.
975 2733 1085 2786 Πῶς
1159 2723 1246 2778 οὖν
1305 2726 1399 2778 ούκ
1453 2726 1644 2787 αἰτίαις
1698 2729 1916 2801 ὑπάγεις

288 2817 494 2888 (καίτοι
547 2816 941 2888 φιλαιτιώτατος
998 2815 1087 2883 ὧν,
1135 2820 1226 2867 καὶ
1281 2819 1442 2867 πνέων
1483 2820 1578 2874 τὴν
1609 2815 1803 2890 ὕϐριν),
1836 2819 1915 2876 ὄτι

1107 2900 1248 2976 μηδὲ
1327 2901 1717 2978 στρατοπέδων,
1775 2925 1845 2976 μη
1855 2903 1915 2960 δὲ

295 3001 632 3065 στρατιωτῶν
718 2995 902 3064 ὥρισεν
937 2989 1095 3044 ὀὐδ’
1155 2994 1290 3053 ὅπως
1363 2989 1446 3045 δεῖ
1501 2993 1769 3065 πολεμίοις
1819 2991 1914 3046 διὰ

290 2925 366 2976 μη
376 2901 462 2956 δεν
518 2909 637 2975 περὶ
700 2912 1026 2978 στρατηγῶν,

2020 1835 2110 1891 vel
2139 1835 2364 1890 nudum
2391 1835 2731 1906 reipublicae
2772 1851 2994 1892 nomen
3019 1835 3187 1891 labiis
3212 1835 3540 1908 protulerit.
3575 1837 3677 1891 Ast

2020 1925 2116 1979 hic
2143 1930 2202 1980 tu
2243 1930 2296 1980 te
2324 1925 2547 1980 ironice
2578 1940 2778 1996 gerere
2811 1941 2993 1981 ausus
3023 1941 3086 1980 es
3117 1929 3174 1981 et
3206 1930 3423 1982 tantum
3463 1929 3676 1997 praetu-

2020 2013 2131 2070 listi
2165 2013 2446 2086 patrandi
2496 2013 2838 2080 audaciam,
2880 2019 2937 2069 ul
2971 2031 3101 2085 qua:
3140 2014 3472 2086 vituperare
3519 2013 3676 2084 cogi-

2025 2107 2136 2166 tas,
2166 2102 2335 2158 tacite
2360 2103 2569 2158 laudes
2605 2119 2617 2157 :
2649 2119 2786 2174 quae
2817 2103 3060 2159 laudare
3107 2103 3201 2159 vel
3233 2103 3494 2159 maxime
3523 2103 3675 2158 desi-

2020 2192 2217 2258 deras,
2250 2207 2322 2247 ea
2354 2192 2677 2262 vituperare
2709 2197 2761 2248 te
2791 2207 2912 2249 non
2936 2193 3348 2264 persentiscas.
3372 2192 3484 2250 Sed
3515 2192 3674 2249 mitto

2021 2280 2081 2336 in
2116 2281 2388 2354 praesenti
2426 2281 2603 2336 istud.

2094 2549 2387 2622 Opinaris,
2443 2565 2545 2621 pro
2598 2552 2698 2604 tua
2759 2564 3000 2605 summa
3059 2548 3400 2620 prudentia,
3455 2549 3674 2620 princi-

2024 2639 2220 2712 palem
2253 2639 2545 2696 Servatori
2565 2655 2816 2710 scopum
2849 2639 3229 2711 propositum
3256 2638 3462 2706 fuisse,
3487 2643 3674 2695 artem

2023 2730 2254 2786 tradere
2285 2729 2610 2801 politicam.
2664 2731 2729 2784 Et
2765 2743 3054 2800 quorsum
3106 2743 3229 2783 non
3271 2729 3539 2794 incusas,
3571 2729 3674 2800 qui

2024 2835 2094 2874 eo
2147 2818 2317 2874 facile
2368 2818 2702 2885 descendis,
2751 2817 2915 2889 quod
2955 2817 3030 2873 de
3087 2817 3393 2881 militibus,
3443 2816 3671 2886 castris,

2023 2907 2292 2974 ducibus,
2321 2906 2463 2962 nihil
2495 2906 2713 2976 statuit,
2743 2921 2866 2960 non
2899 2905 3099 2961 docuit
3135 2905 3445 2978 quomodo
3474 2905 3673 2961 hostes

2021 2997 2137 3051 sint
2165 2995 2516 3068 excipiendi,
2560 2994 2786 3050 fmdera
2833 2994 3116 3060 ineunda,
3140 2994 3505 3049 frumentum
3535 3009 3674 3049 con-

290 3085 482 3154 μάχης
544 3082 694 3149 ἰέναι,
749 3078 864 3133 ούδ⁹
919 3083 1000 3133 ὅτε
1054 3077 1374 3134 σπένδεσθαι
1407 3099 1419 3110 ·
1457 3081 1560 3133 ἀλλ’
1617 3079 1735 3134 oud"
1784 3085 1907 3135 ὅσου

2020 3085 2171 3141 trahi
2215 3089 2273 3140 et
2318 3088 2691 3140 commeatus
2746 3083 2998 3155 possint.
3056 3081 3171 3138 Nec
3215 3082 3425 3152 iniquo
3470 3082 3673 3138 animo

296 3168 409 3224 δέοι
435 3175 522 3222 τὸν
573 3177 712 3223 σῖτον
743 3171 771 3229 ἡ
806 3173 872 3222 τὰ
915 3170 1045 3222 ἄλλα
1084 3171 1480 3246 πιπράσκεσθαι
1507 3188 1519 3200 ·
1556 3169 1907 3245 ἀγορανόμους

2019 3173 2154 3243 fers,
2182 3174 2347 3246 quod
2373 3173 2518 3229 nihil
2549 3172 2807 3228 intulerit
2838 3173 2908 3227 de
2934 3171 3238 3227 venalium
3267 3187 3465 3227 rerum
3504 3187 3670 3227 cura-

2022 3263 2265 3328 toribus,
2331 3261 2656 3333 judicibus,
2708 3259 3219 3333 legumlatoribus.
3273 3261 3434 3316 Caece
3500 3264 3564 3316 tu
3619 3263 3676 3315 et

2017 3351 2209 3416 stulte,
2242 3351 2400 3407 itane
2440 3349 2741 3422 profundo
2792 3364 3008 3404 somno
3063 3349 3332 3420 sepultus
3376 3348 3615 3420 jacuisti
3644 3349 3673 3406 ?

2017 3441 2112 3512 qui
2168 3445 2368 3496 tamen
2407 3445 2559 3496 totas
2617 3443 2821 3495 noctes
2895 3439 3194 3494 insomnes
3275 3437 3670 3504 transmeasti,

2015 3529 2164 3585 dum
2201 3530 2402 3602 inepta
2433 3528 2738 3584 meditaris
2770 3532 2826 3584 et
2853 3527 3190 3582 frustranea
3221 3526 3508 3582 adversus
3543 3541 3674 3583 ora-

2015 3619 2152 3675 cula
2180 3618 2298 3684 Dei)
2327 3623 2392 3674 ut
2420 3617 2652 3673 nullum
2688 3616 2859 3673 istius
2886 3632 3133 3672 sensum
3164 3615 3473 3680 habueris,
3505 3615 3672 3687 quod

2017 3710 2169 3763 Deus
2226 3713 2282 3763 et
2330 3709 2604 3764 Servalor
2660 3709 2860 3761 noster
2907 3705 2982 3760 de
3040 3703 3248 3762 formis
3302 3703 3559 3776 politicis
3615 3708 3674 3760 et

2013 3797 2361 3861 actionibus,
2391 3797 2617 3853 nullam
2636 3794 3030 3868 principalem
3052 3793 3262 3850 habuit
3280 3793 3670 3850 intentionem

2014 3886 2328 3942 statuendi.
2363 3885 2734 3956 lntelligebat
2763 3884 2926 3940 enim
2955 3883 3232 3938 homines
3283 3883 3425 3938 satis
3455 3883 3536 3938 ab
3575 3898 3673 3938 ex-

2012 3975 2292 4046 perientia
2328 3975 2640 4030 instructos
2670 3973 2748 4028 ad
2800 3973 2932 4035 ista,
2989 3971 3212 4044 quibus
3257 3971 3583 4026 necessitas
3614 3975 3672 4026 et

2014 4081 2177 4129 usus,
2213 4063 2381 4120 facile
2412 4064 2489 4118 ad
2515 4079 2650 4118 eam
2686 4062 2907 4117 aditum
2938 4059 3207 4116 discendi
3240 4059 3490 4115 faciebat
3520 4076 3670 4132 quo-

2011 4152 2171 4217 tidie,
2199 4151 2804 4224 etapraecedentibus
2836 4149 3084 4206 admissi
3132 4164 3362 4204 errores
3410 4148 3470 4203 in
3509 4149 3670 4204 31mi-

2008 4241 2163 4297 libus
2190 4240 2499 4297 actitandis
2525 4240 2863 4312 expeditam
2898 4239 3346 4310 suppeditarent
3385 4237 3669 4293 emenda-

2009 4331 2253 4386 tionem.
2285 4330 2455 4396 Quod
2497 4331 2545 4385 si
2596 4328 2898 4385 admissus
2953 4327 3098 4382 inibi
3150 4342 3313 4382 error
3354 4325 3547 4393 fuerit,
3588 4326 3666 4383 ad

288 4417 350 4467 Εἰ
373 4433 423 4466 τι
459 4411 517 4467 δὲ
564 4420 654 4466 καὶ
704 4417 897 4476 ταύτης
956 4415 1228 4487 ἡμαρτητο
1276 4419 1365 4466 καὶ
1411 4423 1502 4467 τοῦ
1545 4418 1635 4488 μὲν
1683 4420 1812 4490 πρὸς
1841 4419 1898 4468 τὸ

2018 4424 2228 4476 statum
2274 4419 2440 4475 facile
2481 4418 2831 4490 praeclarum
2878 4417 3193 4472 reducetur
3226 4431 3238 4470 :
3276 4430 3496 4486 scopus
3536 4414 3667 4472 Ser-

287 4500 342 4556 εὖ
391 4505 515 4574 ἔχον
579 4508 668 4556 καὶ
715 4505 1038 4565 καθεστηκὸς
1095 4503 1533 4576 ἐπανορθούμενος
1583 4508 1900 4578 μεταρύθμι-

2018 4508 2195 4564 vatori
2210 4507 2531 4580 primarius
2560 4506 2690 4576 fuit,
2714 4506 3054 4561 animarum
3085 4503 3247 4560 salus
3283 4519 3295 4558 :
3325 4503 3459 4560 vitae
3485 4503 3664 4560 subli-

289 4596 367 4656 ζει
399 4609 412 4621 ·
447 4597 810 4664 προηγουμένη
867 4589 926 4644 δὲ
969 4600 1043 4663 τῷ
1090 4599 1289 4666 Σωτῆρι
1342 4598 1568 4664 φροντὶς,
1611 4595 1762 4651 ἡτῶν
1800 4594 1899 4664 ψυ-

2018 4598 2211 4654 mioris
2253 4595 2680 4670 philosophicas
2721 4593 3003 4650 institutio
3033 4610 3044 4649 :
3080 4609 3187 4666 per
3216 4594 3393 4649 istam
3432 4593 3593 4649 enim
3628 4609 3664 4651 a

286 4689 404 4753 χῶν
454 4683 727 4755 ύπεῖρχε⁵
760 4687 1017 4756 σωτηρία,
1095 4686 1184 4733 καὶ
1257 4682 1520 4753 εἰσαγωγὴ
1578 4681 1699 4754 βίου
1757 4683 1897 4755 φιλο-

2018 4687 2390 4759 passionibus
2420 4685 2610 4758 quies,
2631 4683 2938 4741 conversio
2962 4682 3040 4739 ad
3067 4699 3376 4738 summum
3406 4682 3660 4749 bonum,

288 4775 454 4841 σόφου
498 4776 588 4823 καὶ
648 4771 783 4831 ζωῆς
824 4770 1145 4843 ὑψηλοτέρας
1181 4787 1193 4800 ⁶
1229 4767 1322 4822 διά
1378 4773 1567 4831 ταύτης
1595 4774 1696 4845 γὰρ
1725 4774 1752 4830 ἡ
1797 4781 1897 4824 τῶν

2018 4783 2058 4831 et
2091 4775 2428 4846 conjunctio
2468 4791 2604 4830 cum
2631 4772 2866 4838 eodem,
2896 4788 3064 4837 cura,
3101 4776 3158 4827 et
3185 4771 3454 4827 studium
3487 4771 3661 4827 doce-

2003 4865 2196 4931 batur,
2239 4880 2358 4920 non
2390 4863 2576 4920 civilis
2605 4863 2859 4932 alicujus
2887 4860 3377 4926 conversationis,
3403 4864 3506 4917 aut
3529 4859 3661 4916 feli-

2003 4954 2190 5010 citatis
2221 4952 2572 5025 corporalis.
2600 4951 2904 5007 Enimvero
2954 4949 3280 5006 Servatoris
3311 4949 3498 5005 nostri
3540 4949 3660 5006 ista

2003 5043 2322 5100 admonitio
2366 5042 2435 5098 iis
2475 5042 2577 5114 qui
2618 5056 2861 5097 carnem
2904 5043 2957 5096 et
2997 5055 3215 5110 corpus
3246 5037 3518 5110 diligunt,
3575 5039 3656 5095 uti

2003 5149 2070 5188 ac
2126 5131 2229 5188 tibi
2269 5147 2385 5186 non
2427 5130 2632 5202 placet,
2687 5129 2792 5185 sed
2830 5128 3064 5184 videtur
3118 5126 3506 5184 intolerabilis
3547 5144 3561 5184 :
3605 5129 3654 5183 si

2001 5236 2142 5291 ergo
2179 5223 2370 5277 inerat
2407 5220 2608 5292 aliqua
2654 5219 2826 5284 ratio,
2889 5217 3021 5274 licet
3077 5221 3201 5274 tota
3238 5215 3652 5289 sycophantiis

1999 5315 2270 5374 scateret,
2313 5308 2634 5364 observare
2681 5306 2980 5363 debueras
3019 5305 3496 5378 consequentiae,
3539 5320 3650 5362 nec

292 3257 354 3313 δε
405 3265 496 3312 καὶ
546 3256 804 3321 δικαστὰς
834 3264 924 3312 καὶ
972 3261 1274 3331 νομοθέτας,
1309 3261 1480 3312 ὁποῖοί
1508 3279 1562 3312 τε
1592 3263 1796 3312 ἔσονται
1821 3266 1910 3313 καὶ

289 3352 431 3414 ὅσοι,
491 3349 550 3401 ού
613 3345 983 3423 δυσχεραίνεις
1035 3350 1117 3400 ὅτι
1167 3345 1334 3420 μηδὲν
1367 3349 1691 3420 εἰσηγήσατο
1724 3349 1909 3422 ;τυφλὲ

287 3444 380 3491 xui
437 3440 596 3511 μωρε,
649 3437 784 3489 ούτω
844 3435 1013 3507 βαθύν
1061 3437 1218 3489 ὕπνον
1272 3434 1549 3498 ἐκάθευδες
1596 3439 1707 3508 (xui
1745 3447 1911 3492 ταῦτα

292 3531 388 3588 τὰς
444 3529 635 3588 νύκτας
683 3527 878 3587 ἄϋπνος
934 3525 1106 3591 τελῶν,
1179 3525 1262 3578 ἐπὶ
1319 3534 1379 3598 τῇ
1431 3529 1567 3578 κατά
1611 3535 1710 3578 τῶν
1762 3529 1907 3580 θείων

288 3615 479 3688 λογίων
523 3614 919 3687 ματαιοπονίᾳ),
981 3616 1118 3666 ὥστε
1179 3611 1318 3686 μηδὲ
1372 3618 1558 3667 τούτου
1620 3619 1908 3675 συναίσθη·

293 3724 376 3756 σιν
435 3700 710 3768 δέξασθαι,
769 3705 946 3775 ὅτιπερ
980 3704 1005 3754 ὁ
1038 3707 1210 3778 Σωτὴρ
1272 3705 1418 3775 ἡμῶν
1475 3709 1564 3756 καὶ
1611 3709 1759 3770 Θεὸς,
1807 3715 1905 3757 τῶν

295 3797 388 3866 μεν
446 3792 725 3844 πολιτικῶν
802 3795 996 3855 τύπων,
1049 3797 1139 3844 καὶ
1196 3799 1292 3852 τῆς
1363 3798 1481 3865 περὶ
1533 3793 1667 3845 αύτά
1717 3794 1908 3857 τάξεως

293 3883 388 3935 ούκ
431 3885 563 3953 ἔσχε
616 3884 1001 3954 προηγούμενον
1049 3885 1135 3932 τὸν
1187 3886 1399 3937 σκοπόν,
1433 3878 1588 3954 ⁸ῌδει
1633 3885 1753 3956 γὰρ,
1785 3882 1905 3957 ᾔδει

291 3976 412 4033 τούς
466 3970 772 4045 ἀνθρώπους
822 3973 1000 4029 ἱκανὴν
1057 3978 1118 4043 τῆ
1177 3975 1332 4044 πείρᾳ
1387 3977 1722 4045 παρασκευὴν
1774 3976 1904 4046 πρὸς

288 4068 455 4112 ταῦτα
482 4058 656 4111 λαϐεῖν
693 4077 705 4088 ·
737 4067 830 4120 τῆς
883 4064 1070 4131 χρείας
1123 4061 1210 4110 καὶ
1257 4067 1354 4121 τῆς
1399 4060 1624 4130 ἀνάγκης
1671 4065 1763 4118 τὴν
1807 4063 1904 4133 μά-

291 4149 448 4205 θησιν
479 4147 652 4209 αὐτοῖς
702 4149 962 4220 ὁσημέραι
1007 4143 1200 4221 ῥᾳδίαν
1251 4151 1633 4221 παρεχομένης,
1679 4154 1768 4200 καὶ
1804 4158 1902 4202 τῶν

288 4235 645 4310 προλαϐόντων
715 4239 782 4288 τὰ
860 4241 1169 4308 πταίσματα
1237 4234 1562 4310 ἀποχρῶσαν
1633 4245 1742 4298 τοῖς
1793 4240 1900 4290 ἑσο·

286 4330 457 4397 μένοις
509 4324 593 4378 ἐπὶ
649 4334 748 4378 τῶν
796 4327 986 4398 ὁμοίων
1062 4325 1383 4396 ἀντεισάγειν
1436 4331 1529 4384 τὴν
1583 4323 1890 4401 διόρθωσιν,

283 4861 466 4911 παθῶν
541 4858 818 4934 ἐλευθερία,
870 4865 960 4911 καὶ
1028 4863 1057 4918 ἡ
1111 4864 1241 4932 πρὸς
1316 4865 1373 4912 τὸ
1431 4869 1630 4933 πρῶτον
1703 4860 1896 4933 ἀγαθὸν

280 4946 573 5021 ἇπιστροφὴ
615 4954 706 5001 xui
762 4951 1034 5021 συνάφεια,
1095 4947 1202 5000 ἀλλ’
1252 4948 1309 5000 ού
1375 4947 1644 5009 πολιτικῆς
1702 4949 1896 5022 διαγω-

277 5044 382 5108 γῆς
423 5037 452 5094 ῆ
508 5045 814 5110 σωματικῆς
879 5034 1214 5110 εὐδαιμονίας
1262 5039 1291 5096 ἡ
1346 5036 1608 5109 ἕπιμελεια
1678 5039 1894 5094 κατεϐέ-

279 5124 442 5182 ϐλητο
473 5141 486 5154 °
518 5129 679 5199 ταύτῃ
731 5145 812 5178 τοι
868 5131 958 5178 καὶ
1009 5133 1113 5187 τοῖς
1155 5125 1492 5201 φιλοσάρκοις
1534 5133 1622 5180 καὶ
1676 5128 1893 5200 φιλοσω-

275 5216 468 5287 μάτοις
509 5216 537 5272 ἡ
590 5220 875 5274 Δεσποτικὴ
932 5220 1256 5289 παραίνεσις,
1302 5217 1476 5290 ὥσπερ
1536 5213 1604 5275 δὴ
1669 5223 1758 5270 καὶ
1809 5223 1892 5271 σοὶ

278 5298 569 5364 δύσοιστός
609 5322 662 5356 τε
708 5309 798 5356 καὶ
847 5300 1135 5377 δυσάρετος
1179 5319 1196 5335 ⁶
1242 5301 1406 5377 ἕχρῆν
1465 5301 1524 5357 δὲ
1576 5307 1699 5380 ἄρα,
1751 5311 1888 5383 εἴπερ

1613 5455 1846 5512 νΑΒιΕ
1889 5455 2174 5514 LECTION
2187 5457 2286 5512 ES.

387 5582 416 5611 ι
443 5573 517 5627 ἳσ.
554 5574 770 5640 ταύτης.
805 5571 1028 5628 Etenim
1059 5573 1118 5633 in
1145 5572 1279 5628 cod.
1313 5574 1460 5629 Mon.
1492 5571 1678 5631 deest.
1786 5586 1817 5628 .Y
1851 5573 1910 5633 C.
1938 5576 2006 5630 Μ.
2044 5571 2150 5625 ἀλλ’
2177 5574 2351 5647 ἐῶμεν.
2465 5585 2489 5615 ε
2521 5574 2580 5630 C.
2609 5574 2678 5630 Μ.
2707 5573 2936 5646 ὑπῆρχε.
