  <div class='ocr_page' id='page_1' title='image "/cluster/home/n/w/nwhite01/storage/ocr_20150623/101/hvd.32044054112305/333.png"; bbox 0 0 4136 6198; ppageno 0'>
   <div class='ocr_carea' id='block_1_1' title="bbox 517 291 2150 362">
    <p class='ocr_par' dir='ltr' id='par_1_1' title="bbox 517 297 2150 362">
     <span class='ocr_line' id='line_1_1' title="bbox 517 297 2150 362; baseline -0.007 -1"><span class='ocrx_word' id='word_1_1' title='bbox 517 305 620 362; x_wconf 79' lang='grc'>627</span> <span class='ocrx_word' id='word_1_2' title='bbox 1758 299 1844 354; x_wconf 85' lang='grc' dir='ltr'>ΡΗ</span> <span class='ocrx_word' id='word_1_3' title='bbox 1855 299 1944 354; x_wconf 90' lang='grc' dir='ltr'>ΟΤ</span> <span class='ocrx_word' id='word_1_4' title='bbox 1953 299 1994 352; x_wconf 83' lang='grc' dir='ltr'>ΙΙ</span> <span class='ocrx_word' id='word_1_5' title='bbox 2037 297 2150 352; x_wconf 87' lang='lat' dir='ltr'>PA&#39;]</span> 
     </span>
    </p>
   </div>
   <div class='ocr_carea' id='block_1_2' title="bbox 2242 291 3875 362">
    <p class='ocr_par' dir='ltr' id='par_1_2' title="bbox 2242 291 3875 352">
     <span class='ocr_line' id='line_1_2' title="bbox 2242 291 3875 352; baseline -0.002 -3"><span class='ocrx_word' id='word_1_6' title='bbox 2242 296 2513 351; x_wconf 74' lang='grc' dir='ltr'>[ΑΗΟΗᾸΞ</span> <span class='ocrx_word' id='word_1_7' title='bbox 2553 297 2661 352; x_wconf 71' lang='grc' dir='ltr'>(ΖΡ.</span> <span class='ocrx_word' id='word_1_8' title='bbox 3775 291 3875 346; x_wconf 85' lang='lat'>628</span> 
     </span>
    </p>
   </div>
   <div class='ocr_carea' id='block_1_3' title="bbox 515 419 2148 502">
    <p class='ocr_par' dir='ltr' id='par_1_3' title="bbox 515 423 2148 502">
     <span class='ocr_line' id='line_1_3' title="bbox 515 423 2148 502; baseline -0.007 -16"><span class='ocrx_word' id='word_1_9' title='bbox 515 445 624 502; x_wconf 87' lang='lat' dir='ltr'>per</span> <span class='ocrx_word' id='word_1_10' title='bbox 651 429 904 485; x_wconf 77' lang='lat' dir='ltr'>ironiam</span> <span class='ocrx_word' id='word_1_11' title='bbox 951 427 1233 496; x_wconf 83' lang='lat' dir='ltr'>cavillari,</span> <span class='ocrx_word' id='word_1_12' title='bbox 1283 425 1442 499; x_wconf 89' lang='lat' dir='ltr'>quod</span> <span class='ocrx_word' id='word_1_13' title='bbox 1495 425 1800 482; x_wconf 87' lang='lat' dir='ltr'>Photicum</span> <span class='ocrx_word' id='word_1_14' title='bbox 1839 424 1922 480; x_wconf 89' lang='lat' dir='ltr'>nil</span> <span class='ocrx_word' id='word_1_15' title='bbox 1969 423 2148 495; x_wconf 73' lang='lat' dir='ltr'>sapiat</span> 
     </span>
    </p>
   </div>
   <div class='ocr_carea' id='block_1_4' title="bbox 2244 419 3877 502">
    <p class='ocr_par' dir='ltr' id='par_1_4' title="bbox 2274 419 3877 496">
     <span class='ocr_line' id='line_1_4' title="bbox 2274 419 3877 496; baseline -0.002 -22"><span class='ocrx_word' id='word_1_16' title='bbox 2274 441 2352 484; x_wconf 85' lang='grc' dir='ltr'>τις</span> <span class='ocrx_word' id='word_1_17' title='bbox 2407 420 2466 482; x_wconf 72' lang='grc' dir='ltr'>ἦν</span> <span class='ocrx_word' id='word_1_18' title='bbox 2540 423 2810 496; x_wconf 84' lang='grc' dir='ltr'><strong>λογισμὸς,</strong></span> <span class='ocrx_word' id='word_1_19' title='bbox 2865 421 2961 475; x_wconf 78' lang='grc' dir='ltr'>κᾶν</span> <span class='ocrx_word' id='word_1_20' title='bbox 3037 429 3158 494; x_wconf 79' lang='grc' dir='ltr'><strong>γοῦν</strong></span> <span class='ocrx_word' id='word_1_21' title='bbox 3217 419 3266 474; x_wconf 80' lang='grc' dir='ltr'>ἐν</span> <span class='ocrx_word' id='word_1_22' title='bbox 3317 427 3432 482; x_wconf 83' lang='grc' dir='ltr'><strong>ταῖς</strong></span> <span class='ocrx_word' id='word_1_23' title='bbox 3503 423 3877 490; x_wconf 74' lang='grc' dir='ltr'>συκοφαντίαις</span> 
     </span>
    </p>
   </div>
   <div class='ocr_carea' id='block_1_5' title="bbox 518 510 2151 588">
    <p class='ocr_par' dir='ltr' id='par_1_5' title="bbox 518 515 2151 588">
     <span class='ocr_line' id='line_1_5' title="bbox 518 515 2151 588; baseline -0.004 -13"><span class='ocrx_word' id='word_1_24' title='bbox 518 518 726 575; x_wconf 81' lang='lat' dir='ltr'>Christi</span> <span class='ocrx_word' id='word_1_25' title='bbox 767 533 964 572; x_wconf 84' lang='lat' dir='ltr'>sermo</span> <span class='ocrx_word' id='word_1_26' title='bbox 1004 537 1016 572; x_wconf 90' lang='lat'>:</span> <span class='ocrx_word' id='word_1_27' title='bbox 1068 517 1172 572; x_wconf 88' lang='lat' dir='ltr'>sed</span> <span class='ocrx_word' id='word_1_28' title='bbox 1203 516 1366 588; x_wconf 89' lang='lat' dir='ltr'>quod</span> <span class='ocrx_word' id='word_1_29' title='bbox 1395 517 1527 572; x_wconf 74' lang='lat' dir='ltr'>vitae</span> <span class='ocrx_word' id='word_1_30' title='bbox 1557 515 1711 570; x_wconf 85' lang='lat' dir='ltr'>illius</span> <span class='ocrx_word' id='word_1_31' title='bbox 1748 519 1806 570; x_wconf 91' lang='lat' dir='ltr'>et</span> <span class='ocrx_word' id='word_1_32' title='bbox 1835 529 2151 569; x_wconf 88' lang='lat' dir='ltr'>conversa-</span> 
     </span>
    </p>
   </div>
   <div class='ocr_carea' id='block_1_6' title="bbox 2244 510 3877 588">
    <p class='ocr_par' dir='ltr' id='par_1_6' title="bbox 2275 510 3877 586">
     <span class='ocr_line' id='line_1_6' title="bbox 2275 510 3877 586; baseline -0.002 -22"><span class='ocrx_word' id='word_1_33' title='bbox 2275 513 2511 584; x_wconf 81' lang='grc' dir='ltr'><strong>μελετῶν,</strong></span> <span class='ocrx_word' id='word_1_34' title='bbox 2569 513 2838 586; x_wconf 75' lang='grc' dir='ltr'>φυλάττειν</span> <span class='ocrx_word' id='word_1_35' title='bbox 2887 517 2944 564; x_wconf 85' lang='grc' dir='ltr'>τὸ</span> <span class='ocrx_word' id='word_1_36' title='bbox 2996 511 3300 576; x_wconf 88' lang='grc' dir='ltr'><strong>ἀκόλουθον,</strong></span> <span class='ocrx_word' id='word_1_37' title='bbox 3353 515 3422 582; x_wconf 80' lang='grc' dir='ltr'><strong>μὴ</strong></span> <span class='ocrx_word' id='word_1_38' title='bbox 3479 513 3558 562; x_wconf 84' lang='grc' dir='ltr'><strong>ὅτι</strong></span> <span class='ocrx_word' id='word_1_39' title='bbox 3612 510 3710 561; x_wconf 70' lang='grc' dir='ltr'><strong>οὐκ</strong></span> <span class='ocrx_word' id='word_1_40' title='bbox 3769 513 3877 561; x_wconf 81' lang='grc' dir='ltr'><strong>ἔστι</strong></span> 
     </span>
    </p>
   </div>
   <div class='ocr_carea' id='block_1_7' title="bbox 519 595 2152 678">
    <p class='ocr_par' dir='ltr' id='par_1_7' title="bbox 519 603 2152 678">
     <span class='ocr_line' id='line_1_7' title="bbox 519 603 2152 678; baseline -0.005 -15"><span class='ocrx_word' id='word_1_41' title='bbox 519 608 692 664; x_wconf 82' lang='lat' dir='ltr'>tionis</span> <span class='ocrx_word' id='word_1_42' title='bbox 731 607 950 662; x_wconf 80' lang='lat' dir='ltr'>fundus</span> <span class='ocrx_word' id='word_1_43' title='bbox 991 605 1464 678; x_wconf 88' lang='lat' dir='ltr'>philosophicam</span> <span class='ocrx_word' id='word_1_44' title='bbox 1504 605 1686 660; x_wconf 87' lang='lat' dir='ltr'>vitam</span> <span class='ocrx_word' id='word_1_45' title='bbox 1725 620 1846 661; x_wconf 90' lang='lat' dir='ltr'>non</span> <span class='ocrx_word' id='word_1_46' title='bbox 1887 603 2152 674; x_wconf 85' lang='lat' dir='ltr'>attingat</span> 
     </span>
    </p>
   </div>
   <div class='ocr_carea' id='block_1_8' title="bbox 2244 595 3877 678">
    <p class='ocr_par' dir='ltr' id='par_1_8' title="bbox 2275 595 3877 672">
     <span class='ocr_line' id='line_1_8' title="bbox 2275 595 3877 672; baseline -0.003 -18"><span class='ocrx_word' id='word_1_47' title='bbox 2275 603 2514 660; x_wconf 83' lang='grc' dir='ltr'><strong>πολιτική</strong></span> <span class='ocrx_word' id='word_1_48' title='bbox 2573 605 2602 659; x_wconf 79' lang='grc' dir='ltr'>ἡ</span> <span class='ocrx_word' id='word_1_49' title='bbox 2655 607 2942 660; x_wconf 76' lang='grc' dir='ltr'><strong>Δεσποτικη</strong></span> <span class='ocrx_word' id='word_1_50' title='bbox 3003 601 3174 659; x_wconf 82' lang='grc' dir='ltr'><strong>ἐντολή</strong></span> <span class='ocrx_word' id='word_1_51' title='bbox 3231 601 3282 651; x_wconf 88' lang='grc' dir='ltr'><strong>ἐν</strong></span> <span class='ocrx_word' id='word_1_52' title='bbox 3343 605 3510 672; x_wconf 83' lang='grc' dir='ltr'><strong>εῖρωνι</strong></span> <span class='ocrx_word' id='word_1_53' title='bbox 3562 599 3702 669; x_wconf 81' lang='grc' dir='ltr'><strong>λόγῳ</strong></span> <span class='ocrx_word' id='word_1_54' title='bbox 3763 595 3877 650; x_wconf 71' lang='grc' dir='ltr'>δια-</span> 
     </span>
    </p>
   </div>
   <div class='ocr_carea' id='block_1_9' title="bbox 519 685 2152 767">
    <p class='ocr_par' dir='ltr' id='par_1_9' title="bbox 519 693 2152 767">
     <span class='ocr_line' id='line_1_9' title="bbox 519 693 2152 767; baseline -0.004 -15"><span class='ocrx_word' id='word_1_55' title='bbox 519 703 598 752; x_wconf 78' lang='lat' dir='ltr'>Ac</span> <span class='ocrx_word' id='word_1_56' title='bbox 629 701 714 762; x_wconf 92' lang='lat' dir='ltr'>tu,</span> <span class='ocrx_word' id='word_1_57' title='bbox 747 697 808 750; x_wconf 91' lang='lat' dir='ltr'>in</span> <span class='ocrx_word' id='word_1_58' title='bbox 839 696 1060 767; x_wconf 86' lang='lat' dir='ltr'>quibus</span> <span class='ocrx_word' id='word_1_59' title='bbox 1087 695 1330 750; x_wconf 90' lang='lat' dir='ltr'>minime</span> <span class='ocrx_word' id='word_1_60' title='bbox 1351 693 1782 766; x_wconf 85' lang='lat' dir='ltr'>vituperandus</span> <span class='ocrx_word' id='word_1_61' title='bbox 1817 693 1946 764; x_wconf 88' lang='lat' dir='ltr'>ejus</span> <span class='ocrx_word' id='word_1_62' title='bbox 1973 706 2152 746; x_wconf 81' lang='lat' dir='ltr'>sermc</span> 
     </span>
    </p>
   </div>
   <div class='ocr_carea' id='block_1_10' title="bbox 2244 685 3877 767">
    <p class='ocr_par' dir='ltr' id='par_1_10' title="bbox 2279 685 3877 762">
     <span class='ocr_line' id='line_1_10' title="bbox 2279 685 3877 762; baseline -0.003 -20"><span class='ocrx_word' id='word_1_63' title='bbox 2279 693 2626 762; x_wconf 72' lang='grc' dir='ltr'>θρύπτεσθαι·</span> <span class='ocrx_word' id='word_1_64' title='bbox 2674 690 2776 742; x_wconf 77' lang='grc' dir='ltr'><strong>ἀλλ’</strong></span> <span class='ocrx_word' id='word_1_65' title='bbox 2835 693 2914 742; x_wconf 86' lang='grc' dir='ltr'><strong>ὅτι</strong></span> <span class='ocrx_word' id='word_1_66' title='bbox 2962 691 3020 742; x_wconf 78' lang='grc' dir='ltr'>ού</span> <span class='ocrx_word' id='word_1_67' title='bbox 3081 689 3358 762; x_wconf 78' lang='grc' dir='ltr'><strong>φιλόσοφος</strong></span> <span class='ocrx_word' id='word_1_68' title='bbox 3415 685 3538 741; x_wconf 69' lang='grc' dir='ltr'><strong>οὐδὲ</strong></span> <span class='ocrx_word' id='word_1_69' title='bbox 3595 688 3877 759; x_wconf 79' lang='grc' dir='ltr'><strong>φιλοσόφου</strong></span> 
     </span>
    </p>
   </div>
   <div class='ocr_carea' id='block_1_11' title="bbox 517 773 2150 856">
    <p class='ocr_par' dir='ltr' id='par_1_11' title="bbox 517 780 2150 856">
     <span class='ocr_line' id='line_1_11' title="bbox 517 780 2150 856; baseline -0.004 -15"><span class='ocrx_word' id='word_1_70' title='bbox 517 786 729 849; x_wconf 84' lang='lat' dir='ltr'>fuerat,</span> <span class='ocrx_word' id='word_1_71' title='bbox 763 801 1005 840; x_wconf 83' lang='lat' dir='ltr'>accusas</span> <span class='ocrx_word' id='word_1_72' title='bbox 1031 789 1234 840; x_wconf 85' lang='lat' dir='ltr'>tamen</span> <span class='ocrx_word' id='word_1_73' title='bbox 1269 801 1282 838; x_wconf 91' lang='lat'>:</span> <span class='ocrx_word' id='word_1_74' title='bbox 1333 783 1438 839; x_wconf 92' lang='lat' dir='ltr'>tibi</span> <span class='ocrx_word' id='word_1_75' title='bbox 1491 799 1755 856; x_wconf 86' lang='lat' dir='ltr'>namque</span> <span class='ocrx_word' id='word_1_76' title='bbox 1791 780 2150 854; x_wconf 84' lang='lat' dir='ltr'>propositun</span> 
     </span>
    </p>
   </div>
   <div class='ocr_carea' id='block_1_12' title="bbox 2248 773 3881 856">
    <p class='ocr_par' dir='ltr' id='par_1_12' title="bbox 2281 773 3881 854">
     <span class='ocr_line' id='line_1_12' title="bbox 2281 773 3881 854; baseline -0.002 -22"><span class='ocrx_word' id='word_1_77' title='bbox 2281 779 2402 852; x_wconf 81' lang='grc' dir='ltr'><strong>βίου</strong></span> <span class='ocrx_word' id='word_1_78' title='bbox 2439 785 2666 854; x_wconf 83' lang='grc' dir='ltr'><strong>κρηπίς·</strong></span> <span class='ocrx_word' id='word_1_79' title='bbox 2703 784 2768 832; x_wconf 82' lang='grc' dir='ltr'>σύ</span> <span class='ocrx_word' id='word_1_80' title='bbox 2809 777 2887 844; x_wconf 70' lang='grc' dir='ltr'><strong>δὲ,</strong></span> <span class='ocrx_word' id='word_1_81' title='bbox 2923 779 2974 842; x_wconf 81' lang='grc' dir='ltr'>ἐξ</span> <span class='ocrx_word' id='word_1_82' title='bbox 3011 781 3078 830; x_wconf 86' lang='grc' dir='ltr'><strong>ὧν</strong></span> <span class='ocrx_word' id='word_1_83' title='bbox 3119 783 3209 852; x_wconf 73' lang='grc' dir='ltr'>μὲν</span> <span class='ocrx_word' id='word_1_84' title='bbox 3255 778 3418 836; x_wconf 83' lang='grc' dir='ltr'><strong>ἐκείνη</strong></span> <span class='ocrx_word' id='word_1_85' title='bbox 3467 778 3632 848; x_wconf 66' lang='grc' dir='ltr'><strong>ψόγον</strong></span> <span class='ocrx_word' id='word_1_86' title='bbox 3683 777 3746 828; x_wconf 80' lang='grc' dir='ltr'>ού</span> <span class='ocrx_word' id='word_1_87' title='bbox 3801 773 3881 829; x_wconf 75' lang='grc' dir='ltr'>δέ·</span> 
     </span>
    </p>
   </div>
   <div class='ocr_carea' id='block_1_13' title="bbox 521 867 2154 946">
    <p class='ocr_par' dir='ltr' id='par_1_13' title="bbox 521 869 2154 946">
     <span class='ocr_line' id='line_1_13' title="bbox 521 869 2154 946; baseline -0.006 -14"><span class='ocrx_word' id='word_1_88' title='bbox 521 876 624 932; x_wconf 87' lang='lat' dir='ltr'>fuit</span> <span class='ocrx_word' id='word_1_89' title='bbox 651 875 902 946; x_wconf 83' lang='lat' dir='ltr'>ineptias</span> <span class='ocrx_word' id='word_1_90' title='bbox 931 873 1160 930; x_wconf 76' lang='lat' dir='ltr'>effutire</span> <span class='ocrx_word' id='word_1_91' title='bbox 1197 873 1358 928; x_wconf 89' lang='lat' dir='ltr'>nulla</span> <span class='ocrx_word' id='word_1_92' title='bbox 1407 873 1562 928; x_wconf 89' lang='lat' dir='ltr'>illius</span> <span class='ocrx_word' id='word_1_93' title='bbox 1615 872 1834 940; x_wconf 84' lang='lat' dir='ltr'>injecta</span> <span class='ocrx_word' id='word_1_94' title='bbox 1865 869 2154 926; x_wconf 66' lang='lat' dir='ltr'>mentione</span> 
     </span>
    </p>
   </div>
   <div class='ocr_carea' id='block_1_14' title="bbox 2246 867 3879 946">
    <p class='ocr_par' dir='ltr' id='par_1_14' title="bbox 2279 867 3879 941">
     <span class='ocr_line' id='line_1_14' title="bbox 2279 867 3879 941; baseline -0.002 -20"><span class='ocrx_word' id='word_1_95' title='bbox 2279 889 2456 941; x_wconf 84' lang='grc' dir='ltr'><strong>χεται,</strong></span> <span class='ocrx_word' id='word_1_96' title='bbox 2515 877 2665 921; x_wconf 73' lang='grc' dir='ltr'><strong>τοῦτο</strong></span> <span class='ocrx_word' id='word_1_97' title='bbox 2717 869 3100 940; x_wconf 75' lang='grc' dir='ltr'>αἰτιασάμενος,</span> <span class='ocrx_word' id='word_1_98' title='bbox 3149 873 3326 920; x_wconf 85' lang='grc' dir='ltr'><strong>καίτοι</strong></span> <span class='ocrx_word' id='word_1_99' title='bbox 3381 867 3474 918; x_wconf 82' lang='grc' dir='ltr'>κάν</span> <span class='ocrx_word' id='word_1_100' title='bbox 3545 869 3717 936; x_wconf 79' lang='grc' dir='ltr'><strong>τούτῳ</strong></span> <span class='ocrx_word' id='word_1_101' title='bbox 3789 887 3879 938; x_wconf 86' lang='grc' dir='ltr'>μα-</span> 
     </span>
    </p>
   </div>
   <div class='ocr_carea' id='block_1_15' title="bbox 519 953 2152 1037">
    <p class='ocr_par' dir='ltr' id='par_1_15' title="bbox 519 961 2146 1037">
     <span class='ocr_line' id='line_1_15' title="bbox 519 961 2146 1037; baseline -0.004 -17"><span class='ocrx_word' id='word_1_102' title='bbox 519 965 686 1037; x_wconf 89' lang='lat' dir='ltr'>quod</span> <span class='ocrx_word' id='word_1_103' title='bbox 733 964 1058 1020; x_wconf 81' lang='lat' dir='ltr'>concedere</span> <span class='ocrx_word' id='word_1_104' title='bbox 1089 965 1146 1018; x_wconf 90' lang='lat' dir='ltr'>in</span> <span class='ocrx_word' id='word_1_105' title='bbox 1173 963 1530 1032; x_wconf 86' lang='lat' dir='ltr'>vituperium</span> <span class='ocrx_word' id='word_1_106' title='bbox 1579 961 1860 1034; x_wconf 74' lang='lat' dir='ltr'>praecepti</span> <span class='ocrx_word' id='word_1_107' title='bbox 1917 963 2146 1030; x_wconf 88' lang='lat' dir='ltr'>poterat</span> 
     </span>
    </p>
   </div>
   <div class='ocr_carea' id='block_1_16' title="bbox 2244 953 3877 1037">
    <p class='ocr_par' dir='ltr' id='par_1_16' title="bbox 2277 953 3877 1030">
     <span class='ocr_line' id='line_1_16' title="bbox 2277 953 3877 1030; baseline -0.004 -19"><span class='ocrx_word' id='word_1_108' title='bbox 2277 959 2560 1028; x_wconf 81' lang='grc' dir='ltr'><strong>ταιολογεῑν</strong></span> <span class='ocrx_word' id='word_1_109' title='bbox 2625 957 3094 1030; x_wconf 85' lang='grc' dir='ltr'><strong>προεληλεγμένος·</strong></span> <span class='ocrx_word' id='word_1_110' title='bbox 3151 954 3224 1010; x_wconf 83' lang='grc' dir='ltr'>δι’</span> <span class='ocrx_word' id='word_1_111' title='bbox 3301 959 3368 1008; x_wconf 83' lang='grc' dir='ltr'><strong>ὧν</strong></span> <span class='ocrx_word' id='word_1_112' title='bbox 3436 953 3486 1008; x_wconf 80' lang='grc' dir='ltr'>δ’</span> <span class='ocrx_word' id='word_1_113' title='bbox 3569 955 3628 1006; x_wconf 80' lang='grc' dir='ltr'>ἀν</span> <span class='ocrx_word' id='word_1_114' title='bbox 3705 955 3877 1012; x_wconf 71' lang='grc' dir='ltr'><strong>ἐντολή</strong></span> 
     </span>
    </p>
   </div>
   <div class='ocr_carea' id='block_1_17' title="bbox 521 1037 2154 1122">
    <p class='ocr_par' dir='ltr' id='par_1_17' title="bbox 521 1050 2154 1122">
     <span class='ocr_line' id='line_1_17' title="bbox 521 1050 2154 1122; baseline -0.005 -14"><span class='ocrx_word' id='word_1_115' title='bbox 521 1054 610 1109; x_wconf 87' lang='lat' dir='ltr'>Ita</span> <span class='ocrx_word' id='word_1_116' title='bbox 641 1053 966 1108; x_wconf 88' lang='lat' dir='ltr'>invalidam</span> <span class='ocrx_word' id='word_1_117' title='bbox 998 1057 1056 1108; x_wconf 88' lang='lat' dir='ltr'>et</span> <span class='ocrx_word' id='word_1_118' title='bbox 1085 1053 1332 1107; x_wconf 88' lang='lat' dir='ltr'>ﬂuidam</span> <span class='ocrx_word' id='word_1_119' title='bbox 1365 1050 1656 1122; x_wconf 86' lang='lat' dir='ltr'>protulisti</span> <span class='ocrx_word' id='word_1_120' title='bbox 1685 1050 2000 1112; x_wconf 89' lang='lat' dir='ltr'>rationem,</span> <span class='ocrx_word' id='word_1_121' title='bbox 2041 1063 2154 1119; x_wconf 86' lang='lat' dir='ltr'>qua</span> 
     </span>
    </p>
   </div>
   <div class='ocr_carea' id='block_1_18' title="bbox 2248 1037 3881 1122">
    <p class='ocr_par' dir='ltr' id='par_1_18' title="bbox 2255 1037 3881 1120">
     <span class='ocr_line' id='line_1_18' title="bbox 2255 1037 3881 1120; baseline -0.002 -20"><span class='ocrx_word' id='word_1_122' title='bbox 2255 1037 2490 1104; x_wconf 58' lang='lat' dir='ltr'>&quot;ramum</span> <span class='ocrx_word' id='word_1_123' title='bbox 2535 1047 2783 1118; x_wconf 71' lang='grc' dir='ltr'><strong>ψεχθείη,</strong></span> <span class='ocrx_word' id='word_1_124' title='bbox 2833 1047 2972 1118; x_wconf 74' lang='grc' dir='ltr'><strong>μηδὲ</strong></span> <span class='ocrx_word' id='word_1_125' title='bbox 3018 1049 3314 1119; x_wconf 83' lang='grc' dir='ltr'><strong>μεμνῆσθαι</strong></span> <span class='ocrx_word' id='word_1_126' title='bbox 3368 1046 3638 1120; x_wconf 71' lang='grc' dir='ltr'><strong>θαρρήσας</strong></span> <span class='ocrx_word' id='word_1_127' title='bbox 3691 1051 3786 1097; x_wconf 85' lang='grc' dir='ltr'>καὶ</span> <span class='ocrx_word' id='word_1_128' title='bbox 3829 1049 3881 1096; x_wconf 82' lang='grc' dir='ltr'><strong>τό</strong></span> 
     </span>
    </p>
   </div>
   <div class='ocr_carea' id='block_1_19' title="bbox 523 1135 2156 1207">
    <p class='ocr_par' dir='ltr' id='par_1_19' title="bbox 523 1137 2156 1198">
     <span class='ocr_line' id='line_1_19' title="bbox 523 1137 2156 1198; baseline -0.005 -1"><span class='ocrx_word' id='word_1_129' title='bbox 523 1146 784 1198; x_wconf 88' lang='lat' dir='ltr'>mentem</span> <span class='ocrx_word' id='word_1_130' title='bbox 811 1142 914 1196; x_wconf 89' lang='lat' dir='ltr'>tibi</span> <span class='ocrx_word' id='word_1_131' title='bbox 943 1141 1350 1198; x_wconf 88' lang='lat' dir='ltr'>calumniandi</span> <span class='ocrx_word' id='word_1_132' title='bbox 1373 1139 1612 1195; x_wconf 84' lang='lat' dir='ltr'>avidam</span> <span class='ocrx_word' id='word_1_133' title='bbox 1643 1137 2156 1194; x_wconf 88' lang='lat' dir='ltr'>malefaciendicu-</span> 
     </span>
    </p>
   </div>
   <div class='ocr_carea' id='block_1_20' title="bbox 2252 1135 3885 1207">
    <p class='ocr_par' dir='ltr' id='par_1_20' title="bbox 2281 1135 3885 1207">
     <span class='ocr_line' id='line_1_20' title="bbox 2281 1135 3885 1207; baseline -0.002 -18"><span class='ocrx_word' id='word_1_134' title='bbox 2281 1145 2376 1198; x_wconf 83' lang='grc' dir='ltr'><strong>τῆς</strong></span> <span class='ocrx_word' id='word_1_135' title='bbox 2445 1143 2544 1196; x_wconf 80' lang='grc' dir='ltr'><strong>σῆς</strong></span> <span class='ocrx_word' id='word_1_136' title='bbox 2614 1141 2820 1207; x_wconf 75' lang='grc' dir='ltr'><strong>γνώμης</strong></span> <span class='ocrx_word' id='word_1_137' title='bbox 2877 1135 3127 1207; x_wconf 77' lang='grc' dir='ltr'>φιλαίτιον</span> <span class='ocrx_word' id='word_1_138' title='bbox 3183 1141 3274 1188; x_wconf 78' lang='grc' dir='ltr'><strong>καὶ</strong></span> <span class='ocrx_word' id='word_1_139' title='bbox 3333 1136 3744 1207; x_wconf 74' lang='grc' dir='ltr'><strong>φιλοκακοῦργον</strong></span> <span class='ocrx_word' id='word_1_140' title='bbox 3797 1141 3885 1186; x_wconf 87' lang='grc' dir='ltr'>καὶ</span> 
     </span>
    </p>
   </div>
   <div class='ocr_carea' id='block_1_21' title="bbox 521 1221 2154 1302">
    <p class='ocr_par' dir='ltr' id='par_1_21' title="bbox 521 1229 2154 1302">
     <span class='ocr_line' id='line_1_21' title="bbox 521 1229 2154 1302; baseline -0.004 -16"><span class='ocrx_word' id='word_1_141' title='bbox 521 1231 724 1302; x_wconf 87' lang='lat' dir='ltr'>pidam</span> <span class='ocrx_word' id='word_1_142' title='bbox 758 1236 815 1286; x_wconf 93' lang='lat' dir='ltr'>et</span> <span class='ocrx_word' id='word_1_143' title='bbox 841 1231 1142 1302; x_wconf 87' lang='lat' dir='ltr'>putridam</span> <span class='ocrx_word' id='word_1_144' title='bbox 1171 1229 1438 1284; x_wconf 88' lang='lat' dir='ltr'>declaras</span> <span class='ocrx_word' id='word_1_145' title='bbox 1473 1245 1485 1282; x_wconf 92' lang='lat'>:</span> <span class='ocrx_word' id='word_1_146' title='bbox 1517 1233 1576 1284; x_wconf 91' lang='lat' dir='ltr'>et</span> <span class='ocrx_word' id='word_1_147' title='bbox 1607 1233 1668 1282; x_wconf 91' lang='lat' dir='ltr'>ut</span> <span class='ocrx_word' id='word_1_148' title='bbox 1699 1243 1820 1282; x_wconf 91' lang='lat' dir='ltr'>non</span> <span class='ocrx_word' id='word_1_149' title='bbox 1850 1229 2062 1298; x_wconf 87' lang='lat' dir='ltr'>sponte</span> <span class='ocrx_word' id='word_1_150' title='bbox 2089 1229 2154 1279; x_wconf 23' lang='lat' dir='ltr'>tat</span> 
     </span>
    </p>
   </div>
   <div class='ocr_carea' id='block_1_22' title="bbox 2254 1221 3887 1302">
    <p class='ocr_par' dir='ltr' id='par_1_22' title="bbox 2286 1221 3887 1297">
     <span class='ocr_line' id='line_1_22' title="bbox 2286 1221 3887 1297; baseline -0.002 -20"><span class='ocrx_word' id='word_1_151' title='bbox 2286 1228 2476 1297; x_wconf 81' lang='grc' dir='ltr'><strong>σαθρὸν</strong></span> <span class='ocrx_word' id='word_1_152' title='bbox 2527 1225 2722 1296; x_wconf 78' lang='grc' dir='ltr'><strong>ἀμάχῳ</strong></span> <span class='ocrx_word' id='word_1_153' title='bbox 2772 1224 2906 1295; x_wconf 81' lang='grc' dir='ltr'><strong>λόγῳ</strong></span> <span class='ocrx_word' id='word_1_154' title='bbox 2947 1221 3250 1296; x_wconf 78' lang='grc' dir='ltr'><strong>διήλεγξαι·</strong></span> <span class='ocrx_word' id='word_1_155' title='bbox 3287 1230 3378 1276; x_wconf 82' lang='grc' dir='ltr'><strong>καὶ</strong></span> <span class='ocrx_word' id='word_1_156' title='bbox 3425 1229 3480 1276; x_wconf 80' lang='grc' dir='ltr'>τό</span> <span class='ocrx_word' id='word_1_157' title='bbox 3529 1233 3626 1284; x_wconf 80' lang='grc' dir='ltr'><strong>τῆς</strong></span> <span class='ocrx_word' id='word_1_158' title='bbox 3683 1223 3887 1282; x_wconf 74' lang='grc' dir='ltr'><strong>ἐντολῆς</strong></span> 
     </span>
    </p>
   </div>
   <div class='ocr_carea' id='block_1_23' title="bbox 523 1311 2156 1388">
    <p class='ocr_par' dir='ltr' id='par_1_23' title="bbox 523 1314 2156 1388">
     <span class='ocr_line' id='line_1_23' title="bbox 523 1314 2156 1388; baseline -0.004 -14"><span class='ocrx_word' id='word_1_159' title='bbox 523 1334 662 1376; x_wconf 87' lang='lat' dir='ltr'>men</span> <span class='ocrx_word' id='word_1_160' title='bbox 681 1321 1028 1376; x_wconf 89' lang='lat' dir='ltr'>mandatum</span> <span class='ocrx_word' id='word_1_161' title='bbox 1043 1364 1055 1388; x_wconf 92' lang='lat'>,</span> <span class='ocrx_word' id='word_1_162' title='bbox 1071 1319 1480 1374; x_wconf 88' lang='lat' dir='ltr'>ultraomnem</span> <span class='ocrx_word' id='word_1_163' title='bbox 1505 1317 1776 1388; x_wconf 89' lang='lat' dir='ltr'>vituperii</span> <span class='ocrx_word' id='word_1_164' title='bbox 1791 1321 1844 1371; x_wconf 88' lang='lat' dir='ltr'>et</span> <span class='ocrx_word' id='word_1_165' title='bbox 1859 1314 2156 1371; x_wconf 79' lang='lat' dir='ltr'>calumnia</span> 
     </span>
    </p>
   </div>
   <div class='ocr_carea' id='block_1_24' title="bbox 2253 1311 3886 1388">
    <p class='ocr_par' dir='ltr' id='par_1_24' title="bbox 2283 1311 3886 1386">
     <span class='ocr_line' id='line_1_24' title="bbox 2283 1311 3886 1386; baseline -0.002 -20"><span class='ocrx_word' id='word_1_166' title='bbox 2283 1323 2512 1386; x_wconf 86' lang='grc' dir='ltr'><strong>κρεῖττον</strong></span> <span class='ocrx_word' id='word_1_167' title='bbox 2575 1319 2758 1386; x_wconf 77' lang='grc' dir='ltr'><strong>μώμου</strong></span> <span class='ocrx_word' id='word_1_168' title='bbox 2833 1319 2924 1366; x_wconf 86' lang='grc' dir='ltr'>καὶ</span> <span class='ocrx_word' id='word_1_169' title='bbox 2992 1311 3238 1374; x_wconf 78' lang='grc' dir='ltr'><strong>διαϐολῆς</strong></span> <span class='ocrx_word' id='word_1_170' title='bbox 3309 1315 3518 1374; x_wconf 86' lang='grc' dir='ltr'><strong>ἀπάσης</strong></span> <span class='ocrx_word' id='word_1_171' title='bbox 3589 1318 3683 1366; x_wconf 85' lang='grc' dir='ltr'><strong>καὶ</strong></span> <span class='ocrx_word' id='word_1_172' title='bbox 3751 1315 3886 1364; x_wconf 74' lang='grc' dir='ltr'><strong>ἄκων</strong></span> 
     </span>
    </p>
   </div>
   <div class='ocr_carea' id='block_1_25' title="bbox 523 1399 2156 1480">
    <p class='ocr_par' dir='ltr' id='par_1_25' title="bbox 523 1404 2150 1480">
     <span class='ocr_line' id='line_1_25' title="bbox 523 1404 2150 1480; baseline -0.005 -16"><span class='ocrx_word' id='word_1_173' title='bbox 523 1407 716 1464; x_wconf 87' lang='lat' dir='ltr'>aleam</span> <span class='ocrx_word' id='word_1_174' title='bbox 751 1409 1035 1480; x_wconf 89' lang='lat' dir='ltr'>positum.</span> <span class='ocrx_word' id='word_1_175' title='bbox 1073 1407 1298 1464; x_wconf 87' lang='lat' dir='ltr'>Videsis</span> <span class='ocrx_word' id='word_1_176' title='bbox 1345 1407 1610 1472; x_wconf 87' lang='lat' dir='ltr'>ulterius,</span> <span class='ocrx_word' id='word_1_177' title='bbox 1657 1405 1911 1478; x_wconf 86' lang='lat' dir='ltr'>qualiter</span> <span class='ocrx_word' id='word_1_178' title='bbox 1947 1404 2041 1458; x_wconf 89' lang='lat' dir='ltr'>ille</span> <span class='ocrx_word' id='word_1_179' title='bbox 2071 1419 2150 1474; x_wconf 88' lang='lat' dir='ltr'>qu</span> 
     </span>
    </p>
   </div>
   <div class='ocr_carea' id='block_1_26' title="bbox 2258 1399 3891 1480">
    <p class='ocr_par' dir='ltr' id='par_1_26' title="bbox 2282 1399 3891 1476">
     <span class='ocr_line' id='line_1_26' title="bbox 2282 1399 3891 1476; baseline -0.002 -21"><span class='ocrx_word' id='word_1_180' title='bbox 2282 1407 2805 1476; x_wconf 79' lang='grc' dir='ltr'><strong>προσεμαρτύρησας.</strong></span> <span class='ocrx_word' id='word_1_181' title='bbox 2877 1402 3010 1476; x_wconf 64' lang='lat' dir='ltr'>&quot;Ope:</span> <span class='ocrx_word' id='word_1_182' title='bbox 3103 1399 3164 1455; x_wconf 75' lang='grc' dir='ltr'>δὲ</span> <span class='ocrx_word' id='word_1_183' title='bbox 3245 1402 3445 1466; x_wconf 82' lang='grc' dir='ltr'><strong>λοιπὸν,</strong></span> <span class='ocrx_word' id='word_1_184' title='bbox 3519 1405 3655 1462; x_wconf 83' lang='grc' dir='ltr'><strong>ὅπως</strong></span> <span class='ocrx_word' id='word_1_185' title='bbox 3733 1402 3891 1463; x_wconf 72' lang='grc' dir='ltr'><strong>αὐτὸς</strong></span> 
     </span>
    </p>
   </div>
   <div class='ocr_carea' id='block_1_27' title="bbox 523 1488 2156 1569">
    <p class='ocr_par' dir='ltr' id='par_1_27' title="bbox 523 1495 2156 1569">
     <span class='ocr_line' id='line_1_27' title="bbox 523 1495 2156 1569; baseline -0.003 -17"><span class='ocrx_word' id='word_1_186' title='bbox 523 1496 635 1552; x_wconf 89' lang='lat' dir='ltr'>sibi</span> <span class='ocrx_word' id='word_1_187' title='bbox 667 1497 1038 1569; x_wconf 86' lang='lat' dir='ltr'>impossibile</span> <span class='ocrx_word' id='word_1_188' title='bbox 1071 1501 1456 1568; x_wconf 86' lang='lat' dir='ltr'>proposuerat</span> <span class='ocrx_word' id='word_1_189' title='bbox 1496 1495 1662 1552; x_wconf 87' lang='lat' dir='ltr'>aliter</span> <span class='ocrx_word' id='word_1_190' title='bbox 1700 1495 1931 1550; x_wconf 82' lang='lat' dir='ltr'>videtur</span> <span class='ocrx_word' id='word_1_191' title='bbox 1973 1508 2156 1549; x_wconf 89' lang='lat' dir='ltr'>conse</span> 
     </span>
    </p>
   </div>
   <div class='ocr_carea' id='block_1_28' title="bbox 2260 1488 3893 1569">
    <p class='ocr_par' dir='ltr' id='par_1_28' title="bbox 2285 1488 3893 1564">
     <span class='ocr_line' id='line_1_28' title="bbox 2285 1488 3893 1564; baseline -0.001 -19"><span class='ocrx_word' id='word_1_192' title='bbox 2285 1493 2449 1564; x_wconf 80' lang='grc' dir='ltr'><strong>ἐαυτῷ</strong></span> <span class='ocrx_word' id='word_1_193' title='bbox 2508 1495 2816 1563; x_wconf 75' lang='grc' dir='ltr'><strong>ὑποθέμενος</strong></span> <span class='ocrx_word' id='word_1_194' title='bbox 2891 1495 2946 1544; x_wconf 88' lang='grc' dir='ltr'>τό</span> <span class='ocrx_word' id='word_1_195' title='bbox 3017 1489 3272 1544; x_wconf 75' lang='grc' dir='ltr'><strong>ἀδύνατον</strong></span> <span class='ocrx_word' id='word_1_196' title='bbox 3329 1494 3445 1544; x_wconf 79' lang='grc' dir='ltr'><strong>καθ’</strong></span> <span class='ocrx_word' id='word_1_197' title='bbox 3505 1492 3678 1564; x_wconf 82' lang='grc' dir='ltr'><strong>ἐτέρου</strong></span> <span class='ocrx_word' id='word_1_198' title='bbox 3747 1488 3893 1543; x_wconf 79' lang='grc' dir='ltr'>δοκεί</span> 
     </span>
    </p>
   </div>
   <div class='ocr_carea' id='block_1_29' title="bbox 522 1582 2155 1660">
    <p class='ocr_par' dir='ltr' id='par_1_29' title="bbox 522 1585 2150 1660">
     <span class='ocr_line' id='line_1_29' title="bbox 522 1585 2150 1660; baseline -0.004 -17"><span class='ocrx_word' id='word_1_199' title='bbox 522 1603 716 1660; x_wconf 87' lang='lat' dir='ltr'>quens</span> <span class='ocrx_word' id='word_1_200' title='bbox 745 1588 1074 1643; x_wconf 90' lang='lat' dir='ltr'>absurdum</span> <span class='ocrx_word' id='word_1_201' title='bbox 1101 1587 1333 1642; x_wconf 85' lang='lat' dir='ltr'>inferre.</span> <span class='ocrx_word' id='word_1_202' title='bbox 1355 1591 1502 1642; x_wconf 85' lang='lat' dir='ltr'>Nam</span> <span class='ocrx_word' id='word_1_203' title='bbox 1527 1601 1661 1640; x_wconf 85' lang='lat' dir='ltr'>eum</span> <span class='ocrx_word' id='word_1_204' title='bbox 1691 1585 1942 1648; x_wconf 86' lang='lat' dir='ltr'>dixerat,</span> <span class='ocrx_word' id='word_1_205' title='bbox 1977 1585 2020 1637; x_wconf 91' lang='lat' dir='ltr'>si</span> <span class='ocrx_word' id='word_1_206' title='bbox 2051 1599 2150 1637; x_wconf 91' lang='lat' dir='ltr'>om</span> 
     </span>
    </p>
   </div>
   <div class='ocr_carea' id='block_1_30' title="bbox 2260 1582 3893 1660">
    <p class='ocr_par' dir='ltr' id='par_1_30' title="bbox 2289 1582 3893 1654">
     <span class='ocr_line' id='line_1_30' title="bbox 2289 1582 3893 1654; baseline -0.001 -20"><span class='ocrx_word' id='word_1_207' title='bbox 2289 1584 2528 1652; x_wconf 89' lang='grc' dir='ltr'><strong>συνάγειν</strong></span> <span class='ocrx_word' id='word_1_208' title='bbox 2575 1585 2634 1634; x_wconf 88' lang='grc' dir='ltr'>τό</span> <span class='ocrx_word' id='word_1_209' title='bbox 2669 1583 2908 1654; x_wconf 83' lang='grc' dir='ltr'><strong>ἑπόμενον</strong></span> <span class='ocrx_word' id='word_1_210' title='bbox 2967 1582 3178 1634; x_wconf 77' lang='grc' dir='ltr'><strong>ἄτοπον.</strong></span> <span class='ocrx_word' id='word_1_211' title='bbox 3237 1586 3409 1650; x_wconf 78' lang='grc' dir='ltr'><strong>Λέγων</strong></span> <span class='ocrx_word' id='word_1_212' title='bbox 3467 1584 3590 1654; x_wconf 79' lang='grc' dir='ltr'><strong>γὰρ,</strong></span> <span class='ocrx_word' id='word_1_213' title='bbox 3638 1583 3722 1632; x_wconf 85' lang='grc' dir='ltr'><strong>ὅτι</strong></span> <span class='ocrx_word' id='word_1_214' title='bbox 3777 1589 3893 1632; x_wconf 83' lang='grc' dir='ltr'>Πω-</span> 
     </span>
    </p>
   </div>
   <div class='ocr_carea' id='block_1_31' title="bbox 521 1667 2154 1746">
    <p class='ocr_par' dir='ltr' id='par_1_31' title="bbox 521 1673 2152 1746">
     <span class='ocr_line' id='line_1_31' title="bbox 521 1673 2152 1746; baseline -0.005 -12"><span class='ocrx_word' id='word_1_215' title='bbox 521 1694 630 1734; x_wconf 88' lang='lat' dir='ltr'>nes</span> <span class='ocrx_word' id='word_1_216' title='bbox 653 1678 931 1744; x_wconf 87' lang='lat' dir='ltr'>vendant,</span> <span class='ocrx_word' id='word_1_217' title='bbox 955 1677 1090 1746; x_wconf 84' lang='lat' dir='ltr'>quis</span> <span class='ocrx_word' id='word_1_218' title='bbox 1119 1677 1224 1730; x_wconf 89' lang='lat' dir='ltr'>erit</span> <span class='ocrx_word' id='word_1_219' title='bbox 1251 1679 1486 1746; x_wconf 87' lang='lat' dir='ltr'>emptor</span> <span class='ocrx_word' id='word_1_220' title='bbox 1514 1691 1526 1740; x_wconf 93' lang='lat'>;</span> <span class='ocrx_word' id='word_1_221' title='bbox 1555 1690 1658 1745; x_wconf 86' lang='lat' dir='ltr'>per</span> <span class='ocrx_word' id='word_1_222' title='bbox 1691 1673 1880 1728; x_wconf 87' lang='lat' dir='ltr'>thesin</span> <span class='ocrx_word' id='word_1_223' title='bbox 1905 1673 2152 1744; x_wconf 90' lang='lat' dir='ltr'>impossi</span> 
     </span>
    </p>
   </div>
   <div class='ocr_carea' id='block_1_32' title="bbox 2260 1667 3893 1746">
    <p class='ocr_par' dir='ltr' id='par_1_32' title="bbox 2285 1667 3893 1742">
     <span class='ocr_line' id='line_1_32' title="bbox 2285 1667 3893 1742; baseline -0.001 -20"><span class='ocrx_word' id='word_1_224' title='bbox 2285 1671 2508 1722; x_wconf 85' lang='grc' dir='ltr'><strong>λούντων</strong></span> <span class='ocrx_word' id='word_1_225' title='bbox 2561 1671 2814 1730; x_wconf 80' lang='grc' dir='ltr'><strong>ἁπάντων,</strong></span> <span class='ocrx_word' id='word_1_226' title='bbox 2869 1675 2944 1728; x_wconf 75' lang='grc' dir='ltr'><strong>τίς,</strong></span> <span class='ocrx_word' id='word_1_227' title='bbox 3015 1673 3039 1721; x_wconf 92' lang='grc' dir='ltr'>ό</span> <span class='ocrx_word' id='word_1_228' title='bbox 3093 1671 3414 1740; x_wconf 75' lang='grc' dir='ltr'>ὠνησόμενος</span> <span class='ocrx_word' id='word_1_229' title='bbox 3449 1687 3463 1734; x_wconf 86' lang='grc'>;</span> <span class='ocrx_word' id='word_1_230' title='bbox 3501 1667 3750 1742; x_wconf 82' lang='grc' dir='ltr'><strong>ἀδυνάτῳ</strong></span> <span class='ocrx_word' id='word_1_231' title='bbox 3805 1674 3893 1742; x_wconf 77' lang='grc' dir='ltr'>μεν</span> 
     </span>
    </p>
   </div>
   <div class='ocr_carea' id='block_1_33' title="bbox 523 1756 2156 1836">
    <p class='ocr_par' dir='ltr' id='par_1_33' title="bbox 523 1763 2156 1836">
     <span class='ocr_line' id='line_1_33' title="bbox 523 1763 2156 1836; baseline -0.003 -15"><span class='ocrx_word' id='word_1_232' title='bbox 523 1765 704 1822; x_wconf 88' lang='lat' dir='ltr'>bilem</span> <span class='ocrx_word' id='word_1_233' title='bbox 737 1765 1067 1820; x_wconf 86' lang='lat' dir='ltr'>absurdum</span> <span class='ocrx_word' id='word_1_234' title='bbox 1093 1765 1254 1836; x_wconf 87' lang='lat' dir='ltr'>quod</span> <span class='ocrx_word' id='word_1_235' title='bbox 1285 1769 1376 1819; x_wconf 88' lang='lat' dir='ltr'>est</span> <span class='ocrx_word' id='word_1_236' title='bbox 1401 1763 1578 1818; x_wconf 82' lang='lat' dir='ltr'>infert</span> <span class='ocrx_word' id='word_1_237' title='bbox 1613 1779 1622 1816; x_wconf 96' lang='lat'>:</span> <span class='ocrx_word' id='word_1_238' title='bbox 1663 1763 1944 1834; x_wconf 86' lang='lat' dir='ltr'>opinatur</span> <span class='ocrx_word' id='word_1_239' title='bbox 1976 1765 2156 1816; x_wconf 83' lang='lat' dir='ltr'>auten</span> 
     </span>
    </p>
   </div>
   <div class='ocr_carea' id='block_1_34' title="bbox 2262 1756 3895 1836">
    <p class='ocr_par' dir='ltr' id='par_1_34' title="bbox 2287 1756 3895 1830">
     <span class='ocr_line' id='line_1_34' title="bbox 2287 1756 3895 1830; baseline -0.001 -18"><span class='ocrx_word' id='word_1_240' title='bbox 2287 1761 2438 1820; x_wconf 67' lang='grc' dir='ltr'><strong>αὐτὸς</strong></span> <span class='ocrx_word' id='word_1_241' title='bbox 2471 1762 2606 1812; x_wconf 83' lang='grc' dir='ltr'><strong>θέσει</strong></span> <span class='ocrx_word' id='word_1_242' title='bbox 2649 1765 2742 1818; x_wconf 82' lang='grc' dir='ltr'><strong>τὴν</strong></span> <span class='ocrx_word' id='word_1_243' title='bbox 2784 1759 3000 1811; x_wconf 76' lang='grc' dir='ltr'>ἀτοπίαν</span> <span class='ocrx_word' id='word_1_244' title='bbox 3045 1757 3342 1830; x_wconf 77' lang='grc' dir='ltr'><strong>ἐφέλκεται·</strong></span> <span class='ocrx_word' id='word_1_245' title='bbox 3376 1763 3538 1811; x_wconf 78' lang='grc' dir='ltr'><strong>οἴεται</strong></span> <span class='ocrx_word' id='word_1_246' title='bbox 3591 1756 3650 1811; x_wconf 70' lang='grc' dir='ltr'>δὲ</span> <span class='ocrx_word' id='word_1_247' title='bbox 3697 1759 3758 1810; x_wconf 76' lang='grc' dir='ltr'>ού</span> <span class='ocrx_word' id='word_1_248' title='bbox 3803 1767 3895 1818; x_wconf 78' lang='grc' dir='ltr'><strong>τῆς</strong></span> 
     </span>
    </p>
   </div>
   <div class='ocr_carea' id='block_1_35' title="bbox 523 1845 2156 1924">
    <p class='ocr_par' dir='ltr' id='par_1_35' title="bbox 523 1851 2156 1924">
     <span class='ocr_line' id='line_1_35' title="bbox 523 1851 2156 1924; baseline -0.003 -15"><span class='ocrx_word' id='word_1_249' title='bbox 523 1871 644 1910; x_wconf 90' lang='lat' dir='ltr'>non</span> <span class='ocrx_word' id='word_1_250' title='bbox 689 1855 957 1924; x_wconf 81' lang='lat' dir='ltr'>ejusdem</span> <span class='ocrx_word' id='word_1_251' title='bbox 1001 1869 1126 1908; x_wconf 89' lang='lat' dir='ltr'>esse</span> <span class='ocrx_word' id='word_1_252' title='bbox 1159 1853 1434 1918; x_wconf 68' lang='lat' dir='ltr'>stultitiae,</span> <span class='ocrx_word' id='word_1_253' title='bbox 1467 1853 1690 1907; x_wconf 89' lang='lat' dir='ltr'>crimen</span> <span class='ocrx_word' id='word_1_254' title='bbox 1733 1851 2041 1906; x_wconf 89' lang='lat' dir='ltr'>calumniis</span> <span class='ocrx_word' id='word_1_255' title='bbox 2081 1867 2156 1922; x_wconf 90' lang='lat' dir='ltr'>pe-</span> 
     </span>
    </p>
   </div>
   <div class='ocr_carea' id='block_1_36' title="bbox 2260 1845 3893 1924">
    <p class='ocr_par' dir='ltr' id='par_1_36' title="bbox 2287 1845 3893 1923">
     <span class='ocr_line' id='line_1_36' title="bbox 2287 1845 3893 1923; baseline -0.001 -22"><span class='ocrx_word' id='word_1_256' title='bbox 2287 1851 2445 1902; x_wconf 76' lang='grc' dir='ltr'><strong>αύτού</strong></span> <span class='ocrx_word' id='word_1_257' title='bbox 2487 1845 2835 1923; x_wconf 77' lang='grc' dir='ltr'><strong>ραδιουργίας</strong></span> <span class='ocrx_word' id='word_1_258' title='bbox 2879 1847 3006 1900; x_wconf 86' lang='grc' dir='ltr'><strong>εἶναι</strong></span> <span class='ocrx_word' id='word_1_259' title='bbox 3064 1851 3122 1900; x_wconf 87' lang='grc' dir='ltr'><strong>τὸ</strong></span> <span class='ocrx_word' id='word_1_260' title='bbox 3179 1848 3416 1918; x_wconf 77' lang='grc' dir='ltr'><strong>ἔγκλημα</strong></span> <span class='ocrx_word' id='word_1_261' title='bbox 3467 1853 3554 1906; x_wconf 76' lang='grc' dir='ltr'>την</span> <span class='ocrx_word' id='word_1_262' title='bbox 3609 1847 3893 1918; x_wconf 74' lang='grc' dir='ltr'><strong>ἐπηρεαζο-</strong></span> 
     </span>
    </p>
   </div>
   <div class='ocr_carea' id='block_1_37' title="bbox 525 1935 2158 2014">
    <p class='ocr_par' dir='ltr' id='par_1_37' title="bbox 525 1941 2154 2014">
     <span class='ocr_line' id='line_1_37' title="bbox 525 1941 2154 2014; baseline -0.003 -17"><span class='ocrx_word' id='word_1_263' title='bbox 525 1945 690 1998; x_wconf 87' lang='lat' dir='ltr'>titum</span> <span class='ocrx_word' id='word_1_264' title='bbox 733 1943 1077 1998; x_wconf 86' lang='lat' dir='ltr'>mandatum</span> <span class='ocrx_word' id='word_1_265' title='bbox 1133 1943 1306 2013; x_wconf 90' lang='lat' dir='ltr'>quasi</span> <span class='ocrx_word' id='word_1_266' title='bbox 1355 1941 1542 2014; x_wconf 69' lang='lat' dir='ltr'>culpae</span> <span class='ocrx_word' id='word_1_267' title='bbox 1592 1955 1856 1996; x_wconf 88' lang='lat' dir='ltr'>causam.</span> <span class='ocrx_word' id='word_1_268' title='bbox 1917 1943 2037 1995; x_wconf 76' lang='lat' dir='ltr'>\‘on</span> <span class='ocrx_word' id='word_1_269' title='bbox 2093 1955 2154 1994; x_wconf 89' lang='lat' dir='ltr'>es</span> 
     </span>
    </p>
   </div>
   <div class='ocr_carea' id='block_1_38' title="bbox 2258 1935 3891 2014">
    <p class='ocr_par' dir='ltr' id='par_1_38' title="bbox 2287 1935 3891 2012">
     <span class='ocr_line' id='line_1_38' title="bbox 2287 1935 3891 2012; baseline 0.009 -25"><span class='ocrx_word' id='word_1_270' title='bbox 2287 1944 2440 2011; x_wconf 82' lang='grc' dir='ltr'><strong>μένην</strong></span> <span class='ocrx_word' id='word_1_271' title='bbox 2487 1935 2534 1990; x_wconf 80' lang='grc' dir='ltr'>δ’</span> <span class='ocrx_word' id='word_1_272' title='bbox 2576 1937 2778 1996; x_wconf 77' lang='grc' dir='ltr'><strong>ἐντολὴν</strong></span> <span class='ocrx_word' id='word_1_273' title='bbox 2825 1943 3076 2012; x_wconf 80' lang='grc' dir='ltr'><strong>παρέχειν</strong></span> <span class='ocrx_word' id='word_1_274' title='bbox 3125 1941 3183 1989; x_wconf 83' lang='grc' dir='ltr'>τό</span> <span class='ocrx_word' id='word_1_275' title='bbox 3229 1941 3414 1991; x_wconf 83' lang='grc' dir='ltr'><strong>αἴτιον.</strong></span> <span class='ocrx_word' id='word_1_276' title='bbox 3461 1938 3540 1992; x_wconf 66' lang='grc' dir='ltr'>Οὔ</span> <span class='ocrx_word' id='word_1_277' title='bbox 3587 1939 3686 2009; x_wconf 72' lang='grc' dir='ltr'><strong>γὰρ</strong></span> <span class='ocrx_word' id='word_1_278' title='bbox 3731 1941 3891 2002; x_wconf 68' lang='grc' dir='ltr'>ἔστιν,</span> 
     </span>
    </p>
   </div>
   <div class='ocr_carea' id='block_1_39' title="bbox 525 2026 2158 2100">
    <p class='ocr_par' dir='ltr' id='par_1_39' title="bbox 525 2029 2154 2099">
     <span class='ocr_line' id='line_1_39' title="bbox 525 2029 2154 2099; baseline -0.004 -11"><span class='ocrx_word' id='word_1_279' title='bbox 525 2034 705 2099; x_wconf 90' lang='lat' dir='ltr'>enim,</span> <span class='ocrx_word' id='word_1_280' title='bbox 747 2033 880 2088; x_wconf 89' lang='lat' dir='ltr'>licet</span> <span class='ocrx_word' id='word_1_281' title='bbox 919 2033 1182 2086; x_wconf 86' lang='lat' dir='ltr'>Christus</span> <span class='ocrx_word' id='word_1_282' title='bbox 1220 2031 1364 2086; x_wconf 89' lang='lat' dir='ltr'>illud</span> <span class='ocrx_word' id='word_1_283' title='bbox 1403 2031 1576 2086; x_wconf 90' lang='lat' dir='ltr'>toties</span> <span class='ocrx_word' id='word_1_284' title='bbox 1633 2029 2154 2085; x_wconf 86' lang='lat' dir='ltr'>commonefecerit</span> 
     </span>
    </p>
   </div>
   <div class='ocr_carea' id='block_1_40' title="bbox 2260 2026 3893 2100">
    <p class='ocr_par' dir='ltr' id='par_1_40' title="bbox 2287 2026 3893 2100">
     <span class='ocr_line' id='line_1_40' title="bbox 2287 2026 3893 2100; baseline -0.002 -20"><span class='ocrx_word' id='word_1_285' title='bbox 2287 2029 2380 2080; x_wconf 70' lang='grc' dir='ltr'><strong>οὐκ</strong></span> <span class='ocrx_word' id='word_1_286' title='bbox 2423 2031 2562 2080; x_wconf 87' lang='grc' dir='ltr'><strong>ἔστιν</strong></span> <span class='ocrx_word' id='word_1_287' title='bbox 2611 2027 2704 2078; x_wconf 76' lang='grc' dir='ltr'>κάν</span> <span class='ocrx_word' id='word_1_288' title='bbox 2743 2026 2986 2086; x_wconf 81' lang='grc' dir='ltr'><strong>πολλάκις</strong></span> <span class='ocrx_word' id='word_1_289' title='bbox 3037 2035 3186 2078; x_wconf 81' lang='grc' dir='ltr'><strong>τοῦτο</strong></span> <span class='ocrx_word' id='word_1_290' title='bbox 3241 2029 3468 2100; x_wconf 78' lang='grc' dir='ltr'><strong>Χριστός</strong></span> <span class='ocrx_word' id='word_1_291' title='bbox 3511 2031 3893 2098; x_wconf 77' lang='grc' dir='ltr'>παραινέσειεν,</span> 
     </span>
    </p>
   </div>
   <div class='ocr_carea' id='block_1_41' title="bbox 525 2113 2158 2190">
    <p class='ocr_par' dir='ltr' id='par_1_41' title="bbox 525 2117 2155 2189">
     <span class='ocr_line' id='line_1_41' title="bbox 525 2117 2155 2189; baseline -0.002 -13"><span class='ocrx_word' id='word_1_292' title='bbox 525 2122 655 2177; x_wconf 90' lang='lat' dir='ltr'>licet</span> <span class='ocrx_word' id='word_1_293' title='bbox 693 2122 898 2177; x_wconf 90' lang='lat' dir='ltr'>multis</span> <span class='ocrx_word' id='word_1_294' title='bbox 947 2121 1126 2176; x_wconf 90' lang='lat' dir='ltr'>minis</span> <span class='ocrx_word' id='word_1_295' title='bbox 1178 2121 1519 2186; x_wconf 87' lang='lat' dir='ltr'>devinxerit,</span> <span class='ocrx_word' id='word_1_296' title='bbox 1571 2119 1704 2175; x_wconf 88' lang='lat' dir='ltr'>licet</span> <span class='ocrx_word' id='word_1_297' title='bbox 1755 2119 2030 2189; x_wconf 84' lang='lat' dir='ltr'>fulgetra,</span> <span class='ocrx_word' id='word_1_298' title='bbox 2071 2117 2155 2172; x_wconf 86' lang='lat' dir='ltr'>ful</span> 
     </span>
    </p>
   </div>
   <div class='ocr_carea' id='block_1_42' title="bbox 2264 2113 3897 2190">
    <p class='ocr_par' dir='ltr' id='par_1_42' title="bbox 2285 2113 3897 2190">
     <span class='ocr_line' id='line_1_42' title="bbox 2285 2113 3897 2190; baseline 0 -22"><span class='ocrx_word' id='word_1_299' title='bbox 2285 2117 2380 2168; x_wconf 73' lang='grc' dir='ltr'>κᾶν</span> <span class='ocrx_word' id='word_1_300' title='bbox 2455 2121 2668 2190; x_wconf 77' lang='grc' dir='ltr'><strong>μυρίαις</strong></span> <span class='ocrx_word' id='word_1_301' title='bbox 2737 2115 2970 2178; x_wconf 79' lang='grc' dir='ltr'><strong>ἀπειλαῖς</strong></span> <span class='ocrx_word' id='word_1_302' title='bbox 3035 2113 3402 2178; x_wconf 81' lang='grc' dir='ltr'><strong>καταδήσειεν,</strong></span> <span class='ocrx_word' id='word_1_303' title='bbox 3463 2116 3556 2166; x_wconf 75' lang='grc' dir='ltr'>κάν</span> <span class='ocrx_word' id='word_1_304' title='bbox 3619 2115 3897 2189; x_wconf 77' lang='grc' dir='ltr'><strong>ἀστραπὰς</strong></span> 
     </span>
    </p>
   </div>
   <div class='ocr_carea' id='block_1_43' title="bbox 525 2205 2158 2280">
    <p class='ocr_par' dir='ltr' id='par_1_43' title="bbox 525 2207 2158 2274">
     <span class='ocr_line' id='line_1_43' title="bbox 525 2207 2158 2274; baseline -0.002 -9"><span class='ocrx_word' id='word_1_305' title='bbox 525 2212 700 2274; x_wconf 89' lang='lat' dir='ltr'>mina.</span> <span class='ocrx_word' id='word_1_306' title='bbox 734 2211 1018 2274; x_wconf 89' lang='lat' dir='ltr'>tonitrua,</span> <span class='ocrx_word' id='word_1_307' title='bbox 1061 2211 1260 2266; x_wconf 88' lang='lat' dir='ltr'>hiatus</span> <span class='ocrx_word' id='word_1_308' title='bbox 1301 2215 1470 2264; x_wconf 67' lang='lat' dir='ltr'>terra:</span> <span class='ocrx_word' id='word_1_309' title='bbox 1502 2207 1876 2264; x_wconf 86' lang='lat' dir='ltr'>sermonibus</span> <span class='ocrx_word' id='word_1_310' title='bbox 1916 2208 2036 2262; x_wconf 89' lang='lat' dir='ltr'>suis</span> <span class='ocrx_word' id='word_1_311' title='bbox 2075 2207 2158 2262; x_wconf 87' lang='lat' dir='ltr'>ad</span> 
     </span>
    </p>
   </div>
   <div class='ocr_carea' id='block_1_44' title="bbox 2264 2205 3897 2280">
    <p class='ocr_par' dir='ltr' id='par_1_44' title="bbox 2285 2205 3897 2280">
     <span class='ocr_line' id='line_1_44' title="bbox 2285 2205 3897 2280; baseline -0.001 -22"><span class='ocrx_word' id='word_1_312' title='bbox 2285 2213 2374 2260; x_wconf 79' lang='grc' dir='ltr'><strong>καὶ</strong></span> <span class='ocrx_word' id='word_1_313' title='bbox 2433 2205 2654 2280; x_wconf 82' lang='grc' dir='ltr'><strong>βροντὰς</strong></span> <span class='ocrx_word' id='word_1_314' title='bbox 2701 2211 2786 2256; x_wconf 71' lang='grc' dir='ltr'><strong>καὶ</strong></span> <span class='ocrx_word' id='word_1_315' title='bbox 2847 2210 3122 2277; x_wconf 81' lang='grc' dir='ltr'><strong>κεραυνοὺς</strong></span> <span class='ocrx_word' id='word_1_316' title='bbox 3175 2210 3264 2256; x_wconf 86' lang='grc' dir='ltr'><strong>καὶ</strong></span> <span class='ocrx_word' id='word_1_317' title='bbox 3319 2213 3420 2276; x_wconf 74' lang='grc' dir='ltr'><strong>γῆς</strong></span> <span class='ocrx_word' id='word_1_318' title='bbox 3467 2209 3732 2276; x_wconf 85' lang='grc' dir='ltr'><strong>χάσματα</strong></span> <span class='ocrx_word' id='word_1_319' title='bbox 3787 2214 3897 2266; x_wconf 86' lang='grc' dir='ltr'><strong>τοῖς</strong></span> 
     </span>
    </p>
   </div>
   <div class='ocr_carea' id='block_1_45' title="bbox 521 2291 2154 2370">
    <p class='ocr_par' dir='ltr' id='par_1_45' title="bbox 521 2296 2154 2370">
     <span class='ocr_line' id='line_1_45' title="bbox 521 2296 2154 2370; baseline -0.003 -15"><span class='ocrx_word' id='word_1_320' title='bbox 521 2300 805 2370; x_wconf 81' lang='lat' dir='ltr'>junxerit,</span> <span class='ocrx_word' id='word_1_321' title='bbox 847 2316 970 2354; x_wconf 89' lang='lat' dir='ltr'>non</span> <span class='ocrx_word' id='word_1_322' title='bbox 1023 2305 1112 2354; x_wconf 87' lang='lat' dir='ltr'>est</span> <span class='ocrx_word' id='word_1_323' title='bbox 1160 2299 1461 2370; x_wconf 86' lang='lat' dir='ltr'>possibile,</span> <span class='ocrx_word' id='word_1_324' title='bbox 1505 2302 1568 2352; x_wconf 92' lang='lat' dir='ltr'>ut</span> <span class='ocrx_word' id='word_1_325' title='bbox 1605 2313 1816 2354; x_wconf 87' lang='lat' dir='ltr'>omnes</span> <span class='ocrx_word' id='word_1_326' title='bbox 1867 2312 1972 2367; x_wconf 91' lang='lat' dir='ltr'>per</span> <span class='ocrx_word' id='word_1_327' title='bbox 2017 2296 2154 2351; x_wconf 88' lang='lat' dir='ltr'>iden</span> 
     </span>
    </p>
   </div>
   <div class='ocr_carea' id='block_1_46' title="bbox 2264 2291 3897 2370">
    <p class='ocr_par' dir='ltr' id='par_1_46' title="bbox 2285 2291 3897 2366">
     <span class='ocr_line' id='line_1_46' title="bbox 2285 2291 3897 2366; baseline -0.001 -18"><span class='ocrx_word' id='word_1_328' title='bbox 2285 2297 2456 2366; x_wconf 86' lang='grc' dir='ltr'><strong>λόγοις</strong></span> <span class='ocrx_word' id='word_1_329' title='bbox 2531 2299 2934 2365; x_wconf 82' lang='grc' dir='ltr'><strong>συνεπαφησειεν</strong></span> <span class='ocrx_word' id='word_1_330' title='bbox 2969 2311 2982 2322; x_wconf 71' lang='grc'><strong><em>⁸</em></strong></span> <span class='ocrx_word' id='word_1_331' title='bbox 3039 2295 3132 2346; x_wconf 73' lang='grc' dir='ltr'><strong>οὐκ</strong></span> <span class='ocrx_word' id='word_1_332' title='bbox 3187 2297 3302 2345; x_wconf 78' lang='grc' dir='ltr'><strong>ἔστι</strong></span> <span class='ocrx_word' id='word_1_333' title='bbox 3385 2291 3605 2346; x_wconf 78' lang='grc' dir='ltr'><strong>δυνατόν</strong></span> <span class='ocrx_word' id='word_1_334' title='bbox 3657 2295 3897 2356; x_wconf 74' lang='grc' dir='ltr'><strong>ἅπαντας</strong></span> 
     </span>
    </p>
   </div>
   <div class='ocr_carea' id='block_1_47' title="bbox 529 2379 2162 2456">
    <p class='ocr_par' dir='ltr' id='par_1_47' title="bbox 529 2387 2162 2448">
     <span class='ocr_line' id='line_1_47' title="bbox 529 2387 2162 2448; baseline -0.003 -5"><span class='ocrx_word' id='word_1_335' title='bbox 529 2395 902 2443; x_wconf 90' lang='lat' dir='ltr'>momentum</span> <span class='ocrx_word' id='word_1_336' title='bbox 943 2388 1200 2443; x_wconf 82' lang='lat' dir='ltr'>vendere</span> <span class='ocrx_word' id='word_1_337' title='bbox 1231 2387 1431 2448; x_wconf 85' lang='lat' dir='ltr'>velint,</span> <span class='ocrx_word' id='word_1_338' title='bbox 1465 2387 1542 2442; x_wconf 89' lang='lat' dir='ltr'>ita</span> <span class='ocrx_word' id='word_1_339' title='bbox 1574 2391 1636 2440; x_wconf 89' lang='lat' dir='ltr'>ut</span> <span class='ocrx_word' id='word_1_340' title='bbox 1666 2401 1844 2440; x_wconf 90' lang='lat' dir='ltr'>nemo</span> <span class='ocrx_word' id='word_1_341' title='bbox 1872 2401 2091 2440; x_wconf 90' lang='lat' dir='ltr'>avarus</span> <span class='ocrx_word' id='word_1_342' title='bbox 2123 2394 2162 2438; x_wconf 64' lang='lat' dir='ltr'>et</span> 
     </span>
    </p>
   </div>
   <div class='ocr_carea' id='block_1_48' title="bbox 2260 2379 3893 2456">
    <p class='ocr_par' dir='ltr' id='par_1_48' title="bbox 2287 2379 3893 2456">
     <span class='ocr_line' id='line_1_48' title="bbox 2287 2379 3893 2456; baseline 0 -21"><span class='ocrx_word' id='word_1_343' title='bbox 2287 2389 2376 2454; x_wconf 74' lang='grc' dir='ltr'>μὲν</span> <span class='ocrx_word' id='word_1_344' title='bbox 2420 2383 2501 2455; x_wconf 74' lang='grc' dir='ltr'>ὑφ’</span> <span class='ocrx_word' id='word_1_345' title='bbox 2549 2384 2636 2435; x_wconf 78' lang='grc' dir='ltr'><strong>ἕνα</strong></span> <span class='ocrx_word' id='word_1_346' title='bbox 2677 2386 2856 2456; x_wconf 78' lang='grc' dir='ltr'><strong>καιρόν</strong></span> <span class='ocrx_word' id='word_1_347' title='bbox 2905 2383 3112 2434; x_wconf 80' lang='grc' dir='ltr'><strong>ἑλέσθαι</strong></span> <span class='ocrx_word' id='word_1_348' title='bbox 3159 2382 3366 2442; x_wconf 88' lang='grc' dir='ltr'><strong>πωλεῖν,</strong></span> <span class='ocrx_word' id='word_1_349' title='bbox 3409 2379 3598 2435; x_wconf 68' lang='grc' dir='ltr'><strong>οὐδένα</strong></span> <span class='ocrx_word' id='word_1_350' title='bbox 3655 2379 3716 2434; x_wconf 79' lang='grc' dir='ltr'><strong>δε</strong></span> <span class='ocrx_word' id='word_1_351' title='bbox 3768 2385 3893 2436; x_wconf 76' lang='grc' dir='ltr'><strong>υπο-</strong></span> 
     </span>
    </p>
   </div>
   <div class='ocr_carea' id='block_1_49' title="bbox 526 2467 2159 2547">
    <p class='ocr_par' dir='ltr' id='par_1_49' title="bbox 526 2473 2152 2547">
     <span class='ocr_line' id='line_1_49' title="bbox 526 2473 2152 2547; baseline -0.002 -16"><span class='ocrx_word' id='word_1_352' title='bbox 526 2477 860 2532; x_wconf 89' lang='lat' dir='ltr'>divitiarum</span> <span class='ocrx_word' id='word_1_353' title='bbox 904 2476 1150 2547; x_wconf 86' lang='lat' dir='ltr'>cupidus</span> <span class='ocrx_word' id='word_1_354' title='bbox 1191 2475 1556 2546; x_wconf 88' lang='lat' dir='ltr'>relinquatur</span> <span class='ocrx_word' id='word_1_355' title='bbox 1599 2491 1612 2538; x_wconf 91' lang='lat'><strong>;</strong></span> <span class='ocrx_word' id='word_1_356' title='bbox 1655 2489 1890 2545; x_wconf 90' lang='lat' dir='ltr'>semper</span> <span class='ocrx_word' id='word_1_357' title='bbox 1935 2473 2086 2528; x_wconf 86' lang='lat' dir='ltr'>enim</span> <span class='ocrx_word' id='word_1_358' title='bbox 2123 2487 2152 2527; x_wconf 94' lang='lat' dir='ltr'>e</span> 
     </span>
    </p>
   </div>
   <div class='ocr_carea' id='block_1_50' title="bbox 2258 2467 3891 2547">
    <p class='ocr_par' dir='ltr' id='par_1_50' title="bbox 2286 2467 3891 2546">
     <span class='ocr_line' id='line_1_50' title="bbox 2286 2467 3891 2546; baseline 0.001 -24"><span class='ocrx_word' id='word_1_359' title='bbox 2286 2471 2540 2542; x_wconf 82' lang='grc' dir='ltr'><strong>λελεῖφθαι</strong></span> <span class='ocrx_word' id='word_1_360' title='bbox 2591 2475 2678 2522; x_wconf 85' lang='grc' dir='ltr'>τόν</span> <span class='ocrx_word' id='word_1_361' title='bbox 2727 2467 3004 2544; x_wconf 76' lang='grc' dir='ltr'>φιλοκερδῆ</span> <span class='ocrx_word' id='word_1_362' title='bbox 3061 2475 3144 2522; x_wconf 81' lang='grc' dir='ltr'>καὶ</span> <span class='ocrx_word' id='word_1_363' title='bbox 3197 2471 3574 2542; x_wconf 71' lang='grc' dir='ltr'><strong>φιλόπλουτον·</strong></span> <span class='ocrx_word' id='word_1_364' title='bbox 3625 2472 3732 2524; x_wconf 76' lang='grc' dir='ltr'><strong>εἰσὶ</strong></span> <span class='ocrx_word' id='word_1_365' title='bbox 3769 2475 3891 2546; x_wconf 76' lang='grc' dir='ltr'><strong>γὰρ,</strong></span> 
     </span>
    </p>
   </div>
   <div class='ocr_carea' id='block_1_51' title="bbox 525 2560 2158 2635">
    <p class='ocr_par' dir='ltr' id='par_1_51' title="bbox 525 2563 2156 2635">
     <span class='ocr_line' id='line_1_51' title="bbox 525 2563 2156 2635; baseline -0.001 -15"><span class='ocrx_word' id='word_1_366' title='bbox 525 2565 750 2635; x_wconf 88' lang='lat' dir='ltr'>ubique</span> <span class='ocrx_word' id='word_1_367' title='bbox 779 2564 930 2619; x_wconf 89' lang='lat' dir='ltr'>tales</span> <span class='ocrx_word' id='word_1_368' title='bbox 963 2564 1271 2618; x_wconf 85' lang='lat' dir='ltr'>exsistunt.</span> <span class='ocrx_word' id='word_1_369' title='bbox 1299 2567 1424 2618; x_wconf 80' lang='lat' dir='ltr'>Non</span> <span class='ocrx_word' id='word_1_370' title='bbox 1453 2569 1538 2616; x_wconf 90' lang='lat' dir='ltr'>est</span> <span class='ocrx_word' id='word_1_371' title='bbox 1570 2563 1753 2618; x_wconf 91' lang='lat' dir='ltr'>virtus</span> <span class='ocrx_word' id='word_1_372' title='bbox 1785 2563 2050 2616; x_wconf 89' lang='lat' dir='ltr'>omnibus</span> <span class='ocrx_word' id='word_1_373' title='bbox 2077 2578 2156 2632; x_wconf 87' lang='lat' dir='ltr'>pa</span> 
     </span>
    </p>
   </div>
   <div class='ocr_carea' id='block_1_52' title="bbox 2264 2560 3897 2635">
    <p class='ocr_par' dir='ltr' id='par_1_52' title="bbox 2289 2560 3897 2633">
     <span class='ocr_line' id='line_1_52' title="bbox 2289 2560 3897 2633; baseline 0.001 -21"><span class='ocrx_word' id='word_1_374' title='bbox 2289 2561 2388 2612; x_wconf 80' lang='grc' dir='ltr'><strong>εἰσὶ</strong></span> <span class='ocrx_word' id='word_1_375' title='bbox 2441 2563 2576 2612; x_wconf 83' lang='grc' dir='ltr'><strong>κατὰ</strong></span> <span class='ocrx_word' id='word_1_376' title='bbox 2619 2563 2784 2612; x_wconf 85' lang='grc' dir='ltr'><strong>πάντα</strong></span> <span class='ocrx_word' id='word_1_377' title='bbox 2831 2565 3011 2631; x_wconf 77' lang='grc' dir='ltr'><strong>καιρὸν</strong></span> <span class='ocrx_word' id='word_1_378' title='bbox 3051 2561 3194 2612; x_wconf 73' lang='grc' dir='ltr'><strong>οὗτοι</strong></span> <span class='ocrx_word' id='word_1_379' title='bbox 3237 2565 3291 2612; x_wconf 82' lang='grc' dir='ltr'><em>τέ</em></span> <span class='ocrx_word' id='word_1_380' title='bbox 3339 2561 3564 2612; x_wconf 70' lang='grc' dir='ltr'><strong>κάκεῖνοι</strong></span> <span class='ocrx_word' id='word_1_381' title='bbox 3591 2582 3604 2592; x_wconf 89' lang='grc'><strong>·</strong></span> <span class='ocrx_word' id='word_1_382' title='bbox 3663 2560 3897 2633; x_wconf 75' lang='grc' dir='ltr'><strong>βάσιμος</strong></span> 
     </span>
    </p>
   </div>
   <div class='ocr_carea' id='block_1_53' title="bbox 526 2646 2159 2722">
    <p class='ocr_par' dir='ltr' id='par_1_53' title="bbox 526 2649 2126 2721">
     <span class='ocr_line' id='line_1_53' title="bbox 526 2649 2126 2721; baseline -0.003 -13"><span class='ocrx_word' id='word_1_383' title='bbox 526 2651 730 2708; x_wconf 84' lang='lat' dir='ltr'>rabilis</span> <span class='ocrx_word' id='word_1_384' title='bbox 757 2673 768 2706; x_wconf 91' lang='lat'><strong>:</strong></span> <span class='ocrx_word' id='word_1_385' title='bbox 803 2651 1020 2706; x_wconf 78' lang='lat' dir='ltr'>sufﬁcit</span> <span class='ocrx_word' id='word_1_386' title='bbox 1051 2651 1098 2704; x_wconf 89' lang='lat' dir='ltr'>si</span> <span class='ocrx_word' id='word_1_387' title='bbox 1132 2667 1264 2706; x_wconf 88' lang='lat' dir='ltr'>eam</span> <span class='ocrx_word' id='word_1_388' title='bbox 1298 2651 1570 2706; x_wconf 87' lang='lat' dir='ltr'>ambiant</span> <span class='ocrx_word' id='word_1_389' title='bbox 1595 2651 1792 2721; x_wconf 87' lang='lat' dir='ltr'>plures</span> <span class='ocrx_word' id='word_1_390' title='bbox 1823 2649 2126 2719; x_wconf 87' lang='lat' dir='ltr'>sigillatim</span> 
     </span>
    </p>
   </div>
   <div class='ocr_carea' id='block_1_54' title="bbox 2260 2646 3893 2722">
    <p class='ocr_par' dir='ltr' id='par_1_54' title="bbox 2291 2646 3893 2722">
     <span class='ocr_line' id='line_1_54' title="bbox 2291 2646 3893 2722; baseline -0.001 -20"><span class='ocrx_word' id='word_1_391' title='bbox 2291 2647 2347 2702; x_wconf 76' lang='grc' dir='ltr'><strong>δε</strong></span> <span class='ocrx_word' id='word_1_392' title='bbox 2387 2646 2634 2702; x_wconf 64' lang='grc' dir='ltr'><strong>οὐδέποτε</strong></span> <span class='ocrx_word' id='word_1_393' title='bbox 2674 2655 2832 2701; x_wconf 80' lang='grc' dir='ltr'><strong>πᾶσιν</strong></span> <span class='ocrx_word' id='word_1_394' title='bbox 2879 2649 2990 2721; x_wconf 78' lang='grc' dir='ltr'>ἅμα</span> <span class='ocrx_word' id='word_1_395' title='bbox 3033 2651 3062 2706; x_wconf 80' lang='grc' dir='ltr'>ἡ</span> <span class='ocrx_word' id='word_1_396' title='bbox 3113 2648 3264 2722; x_wconf 82' lang='grc' dir='ltr'><strong>ἀρετὴ</strong></span> <span class='ocrx_word' id='word_1_397' title='bbox 3319 2649 3611 2720; x_wconf 84' lang='grc' dir='ltr'><strong>ἀγαπητόν,</strong></span> <span class='ocrx_word' id='word_1_398' title='bbox 3649 2647 3706 2701; x_wconf 77' lang='grc' dir='ltr'><strong>δι</strong></span> <span class='ocrx_word' id='word_1_399' title='bbox 3736 2662 3762 2690; x_wconf 75' lang='grc' dir='ltr'><strong>ι</strong></span> <span class='ocrx_word' id='word_1_400' title='bbox 3801 2649 3893 2702; x_wconf 70' lang='grc' dir='ltr'>κᾶν</span> 
     </span>
    </p>
   </div>
   <div class='ocr_carea' id='block_1_55' title="bbox 529 2735 2162 2814">
    <p class='ocr_par' dir='ltr' id='par_1_55' title="bbox 529 2739 2162 2812">
     <span class='ocr_line' id='line_1_55' title="bbox 529 2739 2162 2812; baseline -0.001 -16"><span class='ocrx_word' id='word_1_401' title='bbox 529 2741 632 2796; x_wconf 90' lang='lat' dir='ltr'>sed</span> <span class='ocrx_word' id='word_1_402' title='bbox 673 2757 782 2796; x_wconf 89' lang='lat' dir='ltr'>nec</span> <span class='ocrx_word' id='word_1_403' title='bbox 809 2740 952 2796; x_wconf 90' lang='lat' dir='ltr'>illud</span> <span class='ocrx_word' id='word_1_404' title='bbox 979 2740 1244 2806; x_wconf 87' lang='lat' dir='ltr'>obviam,</span> <span class='ocrx_word' id='word_1_405' title='bbox 1273 2756 1381 2794; x_wconf 90' lang='lat' dir='ltr'>nec</span> <span class='ocrx_word' id='word_1_406' title='bbox 1409 2741 1466 2793; x_wconf 90' lang='lat' dir='ltr'>in</span> <span class='ocrx_word' id='word_1_407' title='bbox 1498 2740 1700 2812; x_wconf 89' lang='lat' dir='ltr'>aliqua</span> <span class='ocrx_word' id='word_1_408' title='bbox 1733 2740 1944 2794; x_wconf 89' lang='lat' dir='ltr'>virtute</span> <span class='ocrx_word' id='word_1_409' title='bbox 1973 2739 2162 2794; x_wconf 29' lang='lat' dir='ltr'>obser&#39;</span> 
     </span>
    </p>
   </div>
   <div class='ocr_carea' id='block_1_56' title="bbox 2262 2735 3895 2814">
    <p class='ocr_par' dir='ltr' id='par_1_56' title="bbox 2291 2735 3895 2814">
     <span class='ocr_line' id='line_1_56' title="bbox 2291 2735 3895 2814; baseline -0.001 -25"><span class='ocrx_word' id='word_1_410' title='bbox 2291 2741 2341 2790; x_wconf 87' lang='grc' dir='ltr'>οἱ</span> <span class='ocrx_word' id='word_1_411' title='bbox 2393 2739 2596 2799; x_wconf 87' lang='grc' dir='ltr'><strong>πλείους</strong></span> <span class='ocrx_word' id='word_1_412' title='bbox 2653 2743 2742 2790; x_wconf 89' lang='grc' dir='ltr'>καὶ</span> <span class='ocrx_word' id='word_1_413' title='bbox 2797 2737 2893 2790; x_wconf 88' lang='grc' dir='ltr'>ἀνά</span> <span class='ocrx_word' id='word_1_414' title='bbox 2949 2742 3140 2810; x_wconf 86' lang='grc' dir='ltr'><strong>μέρος·</strong></span> <span class='ocrx_word' id='word_1_415' title='bbox 3200 2737 3308 2789; x_wconf 86' lang='grc' dir='ltr'><strong>ἀλλ’</strong></span> <span class='ocrx_word' id='word_1_416' title='bbox 3361 2735 3485 2790; x_wconf 67' lang='grc' dir='ltr'><strong>οὐδὲ</strong></span> <span class='ocrx_word' id='word_1_417' title='bbox 3555 2747 3708 2790; x_wconf 76' lang='grc' dir='ltr'><strong>τοῦτο</strong></span> <span class='ocrx_word' id='word_1_418' title='bbox 3773 2741 3895 2814; x_wconf 74' lang='grc' dir='ltr'><strong>ῥᾷον</strong></span> 
     </span>
    </p>
   </div>
   <div class='ocr_carea' id='block_1_57' title="bbox 526 2823 2159 2902">
    <p class='ocr_par' dir='ltr' id='par_1_57' title="bbox 526 2828 2156 2901">
     <span class='ocr_line' id='line_1_57' title="bbox 526 2828 2156 2901; baseline -0.002 -16"><span class='ocrx_word' id='word_1_419' title='bbox 526 2829 794 2886; x_wconf 85' lang='lat' dir='ltr'>vandum</span> <span class='ocrx_word' id='word_1_420' title='bbox 857 2846 870 2895; x_wconf 95' lang='lat'>;</span> <span class='ocrx_word' id='word_1_421' title='bbox 925 2829 1238 2901; x_wconf 88' lang='lat' dir='ltr'>pauciores</span> <span class='ocrx_word' id='word_1_422' title='bbox 1299 2829 1576 2884; x_wconf 89' lang='lat' dir='ltr'>virtutem</span> <span class='ocrx_word' id='word_1_423' title='bbox 1625 2845 1808 2900; x_wconf 89' lang='lat' dir='ltr'>quam</span> <span class='ocrx_word' id='word_1_424' title='bbox 1877 2828 2016 2884; x_wconf 88' lang='lat' dir='ltr'>vitia</span> <span class='ocrx_word' id='word_1_425' title='bbox 2079 2829 2156 2883; x_wconf 90' lang='lat' dir='ltr'>ad</span> 
     </span>
    </p>
   </div>
   <div class='ocr_carea' id='block_1_58' title="bbox 2264 2823 3897 2902">
    <p class='ocr_par' dir='ltr' id='par_1_58' title="bbox 2289 2823 3897 2902">
     <span class='ocr_line' id='line_1_58' title="bbox 2289 2823 3897 2902; baseline 0.001 -24"><span class='ocrx_word' id='word_1_426' title='bbox 2289 2823 2403 2878; x_wconf 63' lang='grc' dir='ltr'>οὐδ’</span> <span class='ocrx_word' id='word_1_427' title='bbox 2445 2826 2530 2878; x_wconf 86' lang='grc' dir='ltr'><strong>ἐπί</strong></span> <span class='ocrx_word' id='word_1_428' title='bbox 2577 2847 2706 2886; x_wconf 87' lang='grc' dir='ltr'><strong>τινος</strong></span> <span class='ocrx_word' id='word_1_429' title='bbox 2754 2830 2890 2880; x_wconf 83' lang='grc' dir='ltr'><strong>ἔστιν</strong></span> <span class='ocrx_word' id='word_1_430' title='bbox 2943 2825 3072 2880; x_wconf 63' lang='grc' dir='ltr'><strong>ἰδεῖν</strong></span> <span class='ocrx_word' id='word_1_431' title='bbox 3123 2825 3346 2902; x_wconf 78' lang='grc' dir='ltr'><strong>ἀρετῆς’</strong></span> <span class='ocrx_word' id='word_1_432' title='bbox 3383 2828 3626 2887; x_wconf 83' lang='grc' dir='ltr'><strong>ἐλάττους</strong></span> <span class='ocrx_word' id='word_1_433' title='bbox 3673 2831 3778 2902; x_wconf 75' lang='grc' dir='ltr'><strong>γὰρ</strong></span> <span class='ocrx_word' id='word_1_434' title='bbox 3821 2828 3897 2880; x_wconf 84' lang='grc' dir='ltr'>ἀεὶ</span> 
     </span>
    </p>
   </div>
   <div class='ocr_carea' id='block_1_59' title="bbox 525 2914 2158 2988">
    <p class='ocr_par' dir='ltr' id='par_1_59' title="bbox 525 2917 2158 2986">
     <span class='ocr_line' id='line_1_59' title="bbox 525 2917 2158 2986; baseline -0.002 -12"><span class='ocrx_word' id='word_1_435' title='bbox 525 2924 746 2975; x_wconf 86' lang='lat' dir='ltr'>amant.</span> <span class='ocrx_word' id='word_1_436' title='bbox 782 2921 896 2974; x_wconf 89' lang='lat' dir='ltr'>Nec</span> <span class='ocrx_word' id='word_1_437' title='bbox 929 2923 1128 2974; x_wconf 88' lang='lat' dir='ltr'>tamen</span> <span class='ocrx_word' id='word_1_438' title='bbox 1161 2917 1340 2972; x_wconf 90' lang='lat' dir='ltr'>debet</span> <span class='ocrx_word' id='word_1_439' title='bbox 1387 2917 1637 2972; x_wconf 88' lang='lat' dir='ltr'>humani</span> <span class='ocrx_word' id='word_1_440' title='bbox 1686 2918 1918 2986; x_wconf 83' lang='lat' dir='ltr'>generis</span> <span class='ocrx_word' id='word_1_441' title='bbox 1977 2933 2158 2972; x_wconf 89' lang='lat' dir='ltr'>curan</span> 
     </span>
    </p>
   </div>
   <div class='ocr_carea' id='block_1_60' title="bbox 2264 2914 3897 2988">
    <p class='ocr_par' dir='ltr' id='par_1_60' title="bbox 2289 2914 3897 2988">
     <span class='ocr_line' id='line_1_60' title="bbox 2289 2914 3897 2988; baseline 0.002 -24"><span class='ocrx_word' id='word_1_442' title='bbox 2289 2917 2480 2974; x_wconf 84' lang='grc' dir='ltr'><strong>ταύτης</strong></span> <span class='ocrx_word' id='word_1_443' title='bbox 2528 2916 2557 2974; x_wconf 81' lang='grc' dir='ltr'><strong>ἣ</strong></span> <span class='ocrx_word' id='word_1_444' title='bbox 2606 2917 2653 2966; x_wconf 78' lang='grc' dir='ltr'>οἱ</span> <span class='ocrx_word' id='word_1_445' title='bbox 2695 2925 2788 2977; x_wconf 80' lang='grc' dir='ltr'><strong>τῆς</strong></span> <span class='ocrx_word' id='word_1_446' title='bbox 2827 2921 3010 2976; x_wconf 81' lang='grc' dir='ltr'><strong>κακίας</strong></span> <span class='ocrx_word' id='word_1_447' title='bbox 3051 2915 3288 2988; x_wconf 84' lang='grc' dir='ltr'><strong>ἐρασταί.</strong></span> <span class='ocrx_word' id='word_1_448' title='bbox 3335 2916 3411 2968; x_wconf 70' lang='grc' dir='ltr'>Οὐ</span> <span class='ocrx_word' id='word_1_449' title='bbox 3455 2921 3558 2988; x_wconf 80' lang='grc' dir='ltr'><strong>μὴν</strong></span> <span class='ocrx_word' id='word_1_450' title='bbox 3609 2914 3702 2968; x_wconf 79' lang='grc' dir='ltr'>διὰ</span> <span class='ocrx_word' id='word_1_451' title='bbox 3749 2925 3897 2968; x_wconf 79' lang='grc' dir='ltr'><strong>τοῦτο</strong></span> 
     </span>
    </p>
   </div>
   <div class='ocr_carea' id='block_1_61' title="bbox 527 3003 2160 3080">
    <p class='ocr_par' dir='ltr' id='par_1_61' title="bbox 527 3005 2160 3080">
     <span class='ocr_line' id='line_1_61' title="bbox 527 3005 2160 3080; baseline -0.001 -18"><span class='ocrx_word' id='word_1_452' title='bbox 527 3008 856 3080; x_wconf 88' lang='lat' dir='ltr'>suscipiens</span> <span class='ocrx_word' id='word_1_453' title='bbox 873 3007 1186 3064; x_wconf 89' lang='lat' dir='ltr'>consilium</span> <span class='ocrx_word' id='word_1_454' title='bbox 1203 3005 1470 3062; x_wconf 88' lang='lat' dir='ltr'>omittere</span> <span class='ocrx_word' id='word_1_455' title='bbox 1483 3007 1754 3062; x_wconf 85' lang='lat' dir='ltr'>dandum</span> <span class='ocrx_word' id='word_1_456' title='bbox 1769 3011 1870 3062; x_wconf 89' lang='lat' dir='ltr'>aut</span> <span class='ocrx_word' id='word_1_457' title='bbox 1891 3006 2160 3062; x_wconf 85' lang='lat' dir='ltr'>informa-</span> 
     </span>
    </p>
   </div>
   <div class='ocr_carea' id='block_1_62' title="bbox 2264 3003 3897 3080">
    <p class='ocr_par' dir='ltr' id='par_1_62' title="bbox 2289 3003 3897 3077">
     <span class='ocr_line' id='line_1_62' title="bbox 2289 3003 3897 3077; baseline 0.002 -23"><span class='ocrx_word' id='word_1_458' title='bbox 2289 3007 2546 3074; x_wconf 75' lang='grc' dir='ltr'><strong>προσήκει</strong></span> <span class='ocrx_word' id='word_1_459' title='bbox 2609 3011 2700 3055; x_wconf 78' lang='grc' dir='ltr'><strong>τοῦ</strong></span> <span class='ocrx_word' id='word_1_460' title='bbox 2771 3003 3092 3076; x_wconf 79' lang='grc' dir='ltr'><strong>ἀνθρωπίνου</strong></span> <span class='ocrx_word' id='word_1_461' title='bbox 3145 3009 3324 3076; x_wconf 86' lang='grc' dir='ltr'><strong>γένους</strong></span> <span class='ocrx_word' id='word_1_462' title='bbox 3384 3013 3642 3077; x_wconf 78' lang='grc' dir='ltr'><strong>προνοητῇ</strong></span> <span class='ocrx_word' id='word_1_463' title='bbox 3695 3005 3726 3046; x_wconf 75' lang='lat' dir='ltr'>b</span> <span class='ocrx_word' id='word_1_464' title='bbox 3779 3009 3897 3066; x_wconf 81' lang='grc' dir='ltr'><strong>τοὺς</strong></span> 
     </span>
    </p>
   </div>
   <div class='ocr_carea' id='block_1_63' title="bbox 528 3091 2161 3180">
    <p class='ocr_par' dir='ltr' id='par_1_63' title="bbox 528 3096 2133 3172">
     <span class='ocr_line' id='line_1_63' title="bbox 528 3096 2133 3172; baseline -0.001 -19"><span class='ocrx_word' id='word_1_465' title='bbox 528 3098 672 3154; x_wconf 89' lang='lat' dir='ltr'>tioni</span> <span class='ocrx_word' id='word_1_466' title='bbox 699 3097 1108 3172; x_wconf 85' lang='lat' dir='ltr'>supersedere,</span> <span class='ocrx_word' id='word_1_467' title='bbox 1151 3097 1314 3168; x_wconf 85' lang='lat' dir='ltr'>quod</span> <span class='ocrx_word' id='word_1_468' title='bbox 1335 3112 1456 3152; x_wconf 90' lang='lat' dir='ltr'>non</span> <span class='ocrx_word' id='word_1_469' title='bbox 1479 3113 1691 3151; x_wconf 87' lang='lat' dir='ltr'>omnes</span> <span class='ocrx_word' id='word_1_470' title='bbox 1715 3096 2133 3167; x_wconf 87' lang='lat' dir='ltr'>obtemperant</span> 
     </span>
    </p>
   </div>
   <div class='ocr_carea' id='block_1_64' title="bbox 2264 3091 3897 3180">
    <p class='ocr_par' dir='ltr' id='par_1_64' title="bbox 2291 3091 3897 3168">
     <span class='ocr_line' id='line_1_64' title="bbox 2291 3091 3897 3168; baseline 0.002 -26"><span class='ocrx_word' id='word_1_471' title='bbox 2291 3093 2656 3163; x_wconf 82' lang='grc' dir='ltr'><strong>νουθετηρίους</strong></span> <span class='ocrx_word' id='word_1_472' title='bbox 2702 3095 2880 3165; x_wconf 78' lang='grc' dir='ltr'><strong>λόγους</strong></span> <span class='ocrx_word' id='word_1_473' title='bbox 2943 3092 3178 3168; x_wconf 74' lang='grc' dir='ltr'><strong>ἀφαιρεῖν</strong></span> <span class='ocrx_word' id='word_1_474' title='bbox 3235 3099 3324 3145; x_wconf 83' lang='grc' dir='ltr'>καὶ</span> <span class='ocrx_word' id='word_1_475' title='bbox 3389 3099 3482 3151; x_wconf 82' lang='grc' dir='ltr'><strong>τὴν</strong></span> <span class='ocrx_word' id='word_1_476' title='bbox 3539 3091 3897 3146; x_wconf 74' lang='grc' dir='ltr'><strong>διδασκαλίαν</strong></span> 
     </span>
    </p>
   </div>
   <div class='ocr_carea' id='block_1_65' title="bbox 527 3179 2160 3260">
    <p class='ocr_par' dir='ltr' id='par_1_65' title="bbox 527 3185 2160 3260">
     <span class='ocr_line' id='line_1_65' title="bbox 527 3185 2160 3260; baseline -0.001 -18"><span class='ocrx_word' id='word_1_477' title='bbox 527 3187 644 3244; x_wconf 91' lang='lat' dir='ltr'>Sed</span> <span class='ocrx_word' id='word_1_478' title='bbox 677 3188 842 3260; x_wconf 89' lang='lat' dir='ltr'>quod</span> <span class='ocrx_word' id='word_1_479' title='bbox 875 3187 1040 3242; x_wconf 88' lang='lat' dir='ltr'>multi</span> <span class='ocrx_word' id='word_1_480' title='bbox 1071 3187 1148 3242; x_wconf 91' lang='lat' dir='ltr'>ab</span> <span class='ocrx_word' id='word_1_481' title='bbox 1169 3187 1283 3242; x_wconf 88' lang='lat' dir='ltr'>hoc</span> <span class='ocrx_word' id='word_1_482' title='bbox 1306 3191 1438 3242; x_wconf 90' lang='lat' dir='ltr'>ortu</span> <span class='ocrx_word' id='word_1_483' title='bbox 1467 3185 1734 3258; x_wconf 80' lang='lat' dir='ltr'>profecti,</span> <span class='ocrx_word' id='word_1_484' title='bbox 1767 3185 1992 3241; x_wconf 88' lang='lat' dir='ltr'>malum</span> <span class='ocrx_word' id='word_1_485' title='bbox 2015 3201 2160 3258; x_wconf 81' lang='lat' dir='ltr'>quoc</span> 
     </span>
    </p>
   </div>
   <div class='ocr_carea' id='block_1_66' title="bbox 2264 3179 3897 3260">
    <p class='ocr_par' dir='ltr' id='par_1_66' title="bbox 2291 3179 3897 3254">
     <span class='ocr_line' id='line_1_66' title="bbox 2291 3179 3897 3254; baseline 0.001 -22"><span class='ocrx_word' id='word_1_486' title='bbox 2291 3181 2520 3252; x_wconf 87' lang='grc' dir='ltr'><strong>προελεῖν</strong></span> <span class='ocrx_word' id='word_1_487' title='bbox 2551 3195 2596 3246; x_wconf 63' lang='lat' dir='ltr'>c’</span> <span class='ocrx_word' id='word_1_488' title='bbox 2647 3179 2788 3234; x_wconf 73' lang='grc' dir='ltr'><strong>διότι</strong></span> <span class='ocrx_word' id='word_1_489' title='bbox 2832 3188 2904 3254; x_wconf 83' lang='grc' dir='ltr'><strong>μὴ</strong></span> <span class='ocrx_word' id='word_1_490' title='bbox 2957 3185 3146 3244; x_wconf 83' lang='grc' dir='ltr'><strong>πάντας</strong></span> <span class='ocrx_word' id='word_1_491' title='bbox 3193 3185 3525 3254; x_wconf 71' lang='grc' dir='ltr'><strong>πειθομένους</strong></span> <span class='ocrx_word' id='word_1_492' title='bbox 3581 3186 3702 3254; x_wconf 77' lang='grc' dir='ltr'><strong>ἔχοι</strong></span> <span class='ocrx_word' id='word_1_493' title='bbox 3735 3201 3748 3212; x_wconf 76' lang='grc'><strong>⁸</strong></span> <span class='ocrx_word' id='word_1_494' title='bbox 3793 3183 3897 3234; x_wconf 81' lang='grc' dir='ltr'><strong>ἀλλ’</strong></span> 
     </span>
    </p>
   </div>
   <div class='ocr_carea' id='block_1_67' title="bbox 527 3269 2160 3345">
    <p class='ocr_par' dir='ltr' id='par_1_67' title="bbox 527 3274 2154 3345">
     <span class='ocr_line' id='line_1_67' title="bbox 527 3274 2154 3345; baseline -0.002 -13"><span class='ocrx_word' id='word_1_495' title='bbox 527 3282 618 3332; x_wconf 90' lang='lat' dir='ltr'>est</span> <span class='ocrx_word' id='word_1_496' title='bbox 643 3276 893 3345; x_wconf 82' lang='lat' dir='ltr'>fugiunt,</span> <span class='ocrx_word' id='word_1_497' title='bbox 935 3277 1163 3331; x_wconf 92' lang='lat' dir='ltr'>bonum</span> <span class='ocrx_word' id='word_1_498' title='bbox 1193 3275 1432 3344; x_wconf 86' lang='lat' dir='ltr'>eligant,</span> <span class='ocrx_word' id='word_1_499' title='bbox 1465 3274 1684 3330; x_wconf 91' lang='lat' dir='ltr'>idcirco</span> <span class='ocrx_word' id='word_1_500' title='bbox 1717 3276 2042 3345; x_wconf 87' lang='lat' dir='ltr'>generatim</span> <span class='ocrx_word' id='word_1_501' title='bbox 2084 3275 2154 3328; x_wconf 86' lang='lat' dir='ltr'>ad</span> 
     </span>
    </p>
   </div>
   <div class='ocr_carea' id='block_1_68' title="bbox 2265 3269 3898 3345">
    <p class='ocr_par' dir='ltr' id='par_1_68' title="bbox 2293 3269 3898 3344">
     <span class='ocr_line' id='line_1_68' title="bbox 2293 3269 3898 3344; baseline 0.002 -22"><span class='ocrx_word' id='word_1_502' title='bbox 2293 3271 2373 3322; x_wconf 85' lang='grc' dir='ltr'><strong>ὅτι</strong></span> <span class='ocrx_word' id='word_1_503' title='bbox 2425 3271 2630 3332; x_wconf 72' lang='grc' dir='ltr'><strong>πολλοῖς</strong></span> <span class='ocrx_word' id='word_1_504' title='bbox 2670 3274 2926 3342; x_wconf 75' lang='grc' dir='ltr'><strong>ἐγγίνεται</strong></span> <span class='ocrx_word' id='word_1_505' title='bbox 2969 3269 3040 3324; x_wconf 75' lang='grc' dir='ltr'>δι’</span> <span class='ocrx_word' id='word_1_506' title='bbox 3091 3272 3280 3338; x_wconf 72' lang='grc' dir='ltr'><strong>αὐτῶν,</strong></span> <span class='ocrx_word' id='word_1_507' title='bbox 3327 3277 3464 3344; x_wconf 82' lang='grc' dir='ltr'><strong>φυγὴ</strong></span> <span class='ocrx_word' id='word_1_508' title='bbox 3511 3276 3602 3342; x_wconf 67' lang='grc' dir='ltr'><strong>μὲν</strong></span> <span class='ocrx_word' id='word_1_509' title='bbox 3645 3280 3738 3324; x_wconf 74' lang='grc' dir='ltr'><strong>τοῦ</strong></span> <span class='ocrx_word' id='word_1_510' title='bbox 3787 3279 3898 3344; x_wconf 81' lang='grc' dir='ltr'><strong>χεί·</strong></span> 
     </span>
    </p>
   </div>
   <div class='ocr_carea' id='block_1_69' title="bbox 531 3357 2164 3434">
    <p class='ocr_par' dir='ltr' id='par_1_69' title="bbox 531 3362 2164 3420">
     <span class='ocr_line' id='line_1_69' title="bbox 531 3362 2164 3420; baseline -0.001 0"><span class='ocrx_word' id='word_1_511' title='bbox 531 3365 816 3420; x_wconf 89' lang='lat' dir='ltr'>monendi</span> <span class='ocrx_word' id='word_1_512' title='bbox 855 3371 992 3418; x_wconf 91' lang='lat' dir='ltr'>sunt</span> <span class='ocrx_word' id='word_1_513' title='bbox 1036 3379 1247 3418; x_wconf 86' lang='lat' dir='ltr'>omnes</span> <span class='ocrx_word' id='word_1_514' title='bbox 1291 3369 1352 3418; x_wconf 92' lang='lat' dir='ltr'>ut</span> <span class='ocrx_word' id='word_1_515' title='bbox 1394 3363 1666 3418; x_wconf 89' lang='lat' dir='ltr'>virtutem</span> <span class='ocrx_word' id='word_1_516' title='bbox 1712 3362 1930 3418; x_wconf 90' lang='lat' dir='ltr'>colant.</span> <span class='ocrx_word' id='word_1_517' title='bbox 1975 3364 2084 3420; x_wconf 87' lang='lat' dir='ltr'>Sed</span> <span class='ocrx_word' id='word_1_518' title='bbox 2127 3380 2164 3418; x_wconf 68' lang='lat' dir='ltr'>e‘</span> 
     </span>
    </p>
   </div>
   <div class='ocr_carea' id='block_1_70' title="bbox 2265 3357 3898 3434">
    <p class='ocr_par' dir='ltr' id='par_1_70' title="bbox 2292 3357 3898 3434">
     <span class='ocr_line' id='line_1_70' title="bbox 2292 3357 3898 3434; baseline 0.001 -24"><span class='ocrx_word' id='word_1_519' title='bbox 2292 3379 2457 3431; x_wconf 87' lang='grc' dir='ltr'><strong>ρονος,</strong></span> <span class='ocrx_word' id='word_1_520' title='bbox 2493 3363 2688 3433; x_wconf 79' lang='grc' dir='ltr'><strong>αἵρεσις</strong></span> <span class='ocrx_word' id='word_1_521' title='bbox 2731 3357 2790 3412; x_wconf 72' lang='grc' dir='ltr'>δὲ</span> <span class='ocrx_word' id='word_1_522' title='bbox 2837 3369 2928 3413; x_wconf 75' lang='grc' dir='ltr'><strong>τοῦ</strong></span> <span class='ocrx_word' id='word_1_523' title='bbox 2981 3360 3260 3434; x_wconf 82' lang='grc' dir='ltr'><strong>βελτίονος,</strong></span> <span class='ocrx_word' id='word_1_524' title='bbox 3305 3357 3400 3412; x_wconf 80' lang='grc' dir='ltr'>διὰ</span> <span class='ocrx_word' id='word_1_525' title='bbox 3441 3369 3592 3412; x_wconf 80' lang='grc' dir='ltr'><strong>τοῦτο</strong></span> <span class='ocrx_word' id='word_1_526' title='bbox 3639 3358 3720 3414; x_wconf 76' lang='grc' dir='ltr'><strong>δεῖ</strong></span> <span class='ocrx_word' id='word_1_527' title='bbox 3771 3365 3898 3413; x_wconf 85' lang='grc' dir='ltr'><strong>πάν-</strong></span> 
     </span>
    </p>
   </div>
   <div class='ocr_carea' id='block_1_71' title="bbox 529 3447 2162 3523">
    <p class='ocr_par' dir='ltr' id='par_1_71' title="bbox 529 3451 2160 3523">
     <span class='ocr_line' id='line_1_71' title="bbox 529 3451 2160 3523; baseline -0.001 -15"><span class='ocrx_word' id='word_1_528' title='bbox 529 3453 674 3508; x_wconf 89' lang='lat' dir='ltr'>illud</span> <span class='ocrx_word' id='word_1_529' title='bbox 709 3452 919 3508; x_wconf 87' lang='lat' dir='ltr'>intueri</span> <span class='ocrx_word' id='word_1_530' title='bbox 953 3453 1129 3508; x_wconf 87' lang='lat' dir='ltr'>etiam</span> <span class='ocrx_word' id='word_1_531' title='bbox 1161 3453 1310 3518; x_wconf 82' lang='lat' dir='ltr'>licet,</span> <span class='ocrx_word' id='word_1_532' title='bbox 1337 3451 1500 3523; x_wconf 89' lang='lat' dir='ltr'>quod</span> <span class='ocrx_word' id='word_1_533' title='bbox 1531 3451 1796 3522; x_wconf 88' lang='lat' dir='ltr'>prudens</span> <span class='ocrx_word' id='word_1_534' title='bbox 1823 3453 1930 3506; x_wconf 90' lang='lat' dir='ltr'>iste</span> <span class='ocrx_word' id='word_1_535' title='bbox 1961 3459 2017 3506; x_wconf 91' lang='lat' dir='ltr'>et</span> <span class='ocrx_word' id='word_1_536' title='bbox 2047 3468 2160 3506; x_wconf 90' lang='lat' dir='ltr'>acu</span> 
     </span>
    </p>
   </div>
   <div class='ocr_carea' id='block_1_72' title="bbox 2266 3447 3899 3523">
    <p class='ocr_par' dir='ltr' id='par_1_72' title="bbox 2292 3447 3899 3522">
     <span class='ocr_line' id='line_1_72' title="bbox 2292 3447 3899 3522; baseline 0.001 -22"><span class='ocrx_word' id='word_1_537' title='bbox 2292 3467 2380 3508; x_wconf 87' lang='grc' dir='ltr'>τας</span> <span class='ocrx_word' id='word_1_538' title='bbox 2445 3449 2524 3500; x_wconf 72' lang='grc' dir='ltr'><strong>ἐπ’</strong></span> <span class='ocrx_word' id='word_1_539' title='bbox 2599 3449 2784 3522; x_wconf 79' lang='grc' dir='ltr'><strong>ἀρετὴν</strong></span> <span class='ocrx_word' id='word_1_540' title='bbox 2863 3449 3199 3522; x_wconf 85' lang='grc' dir='ltr'><strong>παρακαλεῖν.</strong></span> <span class='ocrx_word' id='word_1_541' title='bbox 3261 3448 3476 3502; x_wconf 77' lang='grc' dir='ltr'><strong>Κάκεῖνο</strong></span> <span class='ocrx_word' id='word_1_542' title='bbox 3553 3447 3614 3502; x_wconf 75' lang='grc' dir='ltr'>δὲ</span> <span class='ocrx_word' id='word_1_543' title='bbox 3689 3459 3899 3504; x_wconf 81' lang='grc' dir='ltr'><strong>σκοπεῖν</strong></span> 
     </span>
    </p>
   </div>
   <div class='ocr_carea' id='block_1_73' title="bbox 529 3536 2162 3612">
    <p class='ocr_par' dir='ltr' id='par_1_73' title="bbox 529 3540 2156 3611">
     <span class='ocr_line' id='line_1_73' title="bbox 529 3540 2156 3611; baseline -0.002 -14"><span class='ocrx_word' id='word_1_544' title='bbox 529 3548 624 3598; x_wconf 86' lang='lat' dir='ltr'>tus</span> <span class='ocrx_word' id='word_1_545' title='bbox 665 3542 726 3595; x_wconf 89' lang='lat' dir='ltr'>in</span> <span class='ocrx_word' id='word_1_546' title='bbox 771 3541 1166 3596; x_wconf 84' lang='lat' dir='ltr'>discernendo</span> <span class='ocrx_word' id='word_1_547' title='bbox 1217 3540 1362 3596; x_wconf 88' lang='lat' dir='ltr'>nihil</span> <span class='ocrx_word' id='word_1_548' title='bbox 1413 3540 1674 3603; x_wconf 88' lang='lat' dir='ltr'>videbat,</span> <span class='ocrx_word' id='word_1_549' title='bbox 1721 3557 1854 3594; x_wconf 91' lang='lat' dir='ltr'>cum</span> <span class='ocrx_word' id='word_1_550' title='bbox 1895 3541 2156 3611; x_wconf 82' lang='lat' dir='ltr'>proferre</span> 
     </span>
    </p>
   </div>
   <div class='ocr_carea' id='block_1_74' title="bbox 2268 3536 3901 3612">
    <p class='ocr_par' dir='ltr' id='par_1_74' title="bbox 2291 3536 3901 3612">
     <span class='ocr_line' id='line_1_74' title="bbox 2291 3536 3901 3612; baseline 0.001 -22"><span class='ocrx_word' id='word_1_551' title='bbox 2291 3537 2508 3604; x_wconf 71' lang='grc' dir='ltr'><strong>ἔξεστιν,</strong></span> <span class='ocrx_word' id='word_1_552' title='bbox 2565 3541 2696 3599; x_wconf 84' lang='grc' dir='ltr'><strong>ὅπως</strong></span> <span class='ocrx_word' id='word_1_553' title='bbox 2753 3536 2918 3610; x_wconf 73' lang='grc' dir='ltr'><strong>μηδὲν</strong></span> <span class='ocrx_word' id='word_1_554' title='bbox 2975 3543 3334 3612; x_wconf 73' lang='grc' dir='ltr'><strong>προορώμενος</strong></span> <span class='ocrx_word' id='word_1_555' title='bbox 3391 3541 3416 3590; x_wconf 88' lang='grc' dir='ltr'>ό</span> <span class='ocrx_word' id='word_1_556' title='bbox 3485 3543 3692 3600; x_wconf 86' lang='grc' dir='ltr'><strong>συνετός</strong></span> <span class='ocrx_word' id='word_1_557' title='bbox 3751 3542 3901 3601; x_wconf 77' lang='grc' dir='ltr'><strong>οὗτος</strong></span> 
     </span>
    </p>
   </div>
   <div class='ocr_carea' id='block_1_75' title="bbox 529 3627 2162 3703">
    <p class='ocr_par' dir='ltr' id='par_1_75' title="bbox 529 3627 2162 3694">
     <span class='ocr_line' id='line_1_75' title="bbox 529 3627 2162 3694; baseline -0.002 -9"><span class='ocrx_word' id='word_1_558' title='bbox 529 3629 674 3685; x_wconf 92' lang='lat' dir='ltr'>illud</span> <span class='ocrx_word' id='word_1_559' title='bbox 697 3630 954 3685; x_wconf 88' lang='lat' dir='ltr'>dictum:</span> <span class='ocrx_word' id='word_1_560' title='bbox 981 3630 1286 3694; x_wconf 88' lang='lat' dir='ltr'>Quomodo</span> <span class='ocrx_word' id='word_1_561' title='bbox 1315 3645 1526 3684; x_wconf 89' lang='lat' dir='ltr'>omnes</span> <span class='ocrx_word' id='word_1_562' title='bbox 1541 3629 1800 3684; x_wconf 88' lang='lat' dir='ltr'>vendent</span> <span class='ocrx_word' id='word_1_563' title='bbox 1819 3627 1944 3684; x_wconf 78' lang='lat' dir='ltr'>?An</span> <span class='ocrx_word' id='word_1_564' title='bbox 1971 3645 2162 3685; x_wconf 66' lang='lat' dir='ltr'>omne:</span> 
     </span>
    </p>
   </div>
   <div class='ocr_carea' id='block_1_76' title="bbox 2266 3627 3899 3703">
    <p class='ocr_par' dir='ltr' id='par_1_76' title="bbox 2291 3627 3899 3703">
     <span class='ocr_line' id='line_1_76' title="bbox 2291 3627 3899 3703; baseline 0.002 -25"><span class='ocrx_word' id='word_1_565' title='bbox 2291 3633 2380 3679; x_wconf 81' lang='grc' dir='ltr'><strong>καὶ</strong></span> <span class='ocrx_word' id='word_1_566' title='bbox 2423 3633 2596 3698; x_wconf 78' lang='grc' dir='ltr'><strong>ταχύς</strong></span> <span class='ocrx_word' id='word_1_567' title='bbox 2639 3627 2687 3680; x_wconf 82' lang='grc' dir='ltr'><strong>ἐν</strong></span> <span class='ocrx_word' id='word_1_568' title='bbox 2731 3631 2938 3701; x_wconf 79' lang='grc' dir='ltr'><strong>θεωρίᾳ,</strong></span> <span class='ocrx_word' id='word_1_569' title='bbox 2969 3633 3027 3680; x_wconf 80' lang='grc' dir='ltr'>τὸ</span> <span class='ocrx_word' id='word_1_570' title='bbox 3073 3632 3213 3681; x_wconf 79' lang='grc' dir='ltr'><strong>ἐπιόν</strong></span> <span class='ocrx_word' id='word_1_571' title='bbox 3261 3629 3398 3699; x_wconf 84' lang='grc' dir='ltr'><strong>λέγοι</strong></span> <span class='ocrx_word' id='word_1_572' title='bbox 3427 3647 3438 3658; x_wconf 86' lang='grc'><em>’</em></span> <span class='ocrx_word' id='word_1_573' title='bbox 3475 3635 3592 3690; x_wconf 85' lang='grc' dir='ltr'><strong>Πῶς</strong></span> <span class='ocrx_word' id='word_1_574' title='bbox 3633 3633 3738 3703; x_wconf 78' lang='grc' dir='ltr'><strong>γὰρ</strong></span> <span class='ocrx_word' id='word_1_575' title='bbox 3773 3633 3899 3682; x_wconf 84' lang='grc' dir='ltr'><strong>πάν-</strong></span> 
     </span>
    </p>
   </div>
   <div class='ocr_carea' id='block_1_77' title="bbox 529 3716 2162 3790">
    <p class='ocr_par' dir='ltr' id='par_1_77' title="bbox 529 3717 2162 3790">
     <span class='ocr_line' id='line_1_77' title="bbox 529 3717 2162 3790; baseline -0.001 -16"><span class='ocrx_word' id='word_1_576' title='bbox 529 3719 763 3786; x_wconf 85' lang='lat' dir='ltr'>divites,</span> <span class='ocrx_word' id='word_1_577' title='bbox 795 3735 904 3774; x_wconf 88' lang='lat' dir='ltr'>nec</span> <span class='ocrx_word' id='word_1_578' title='bbox 935 3718 1256 3790; x_wconf 89' lang='lat' dir='ltr'>quisquam</span> <span class='ocrx_word' id='word_1_579' title='bbox 1285 3717 1748 3788; x_wconf 88' lang='lat' dir='ltr'>pauper,nullus</span> <span class='ocrx_word' id='word_1_580' title='bbox 1773 3719 1872 3789; x_wconf 91' lang='lat' dir='ltr'>qui</span> <span class='ocrx_word' id='word_1_581' title='bbox 1893 3718 2013 3772; x_wconf 90' lang='lat' dir='ltr'>suis</span> <span class='ocrx_word' id='word_1_582' title='bbox 2044 3735 2162 3773; x_wconf 23' lang='lat' dir='ltr'>coni</span> 
     </span>
    </p>
   </div>
   <div class='ocr_carea' id='block_1_78' title="bbox 2268 3716 3901 3790">
    <p class='ocr_par' dir='ltr' id='par_1_78' title="bbox 2293 3716 3901 3789">
     <span class='ocr_line' id='line_1_78' title="bbox 2293 3716 3901 3789; baseline 0.002 -20"><span class='ocrx_word' id='word_1_583' title='bbox 2293 3737 2374 3778; x_wconf 86' lang='grc' dir='ltr'>τες</span> <span class='ocrx_word' id='word_1_584' title='bbox 2431 3716 2784 3784; x_wconf 72' lang='grc' dir='ltr'><strong>πωλησωσινς</strong></span> <span class='ocrx_word' id='word_1_585' title='bbox 2839 3717 2976 3789; x_wconf 82' lang='grc' dir='ltr'><strong>Ἀρα</strong></span> <span class='ocrx_word' id='word_1_586' title='bbox 3029 3719 3213 3777; x_wconf 85' lang='grc' dir='ltr'><strong>πάντες</strong></span> <span class='ocrx_word' id='word_1_587' title='bbox 3281 3717 3542 3782; x_wconf 86' lang='grc' dir='ltr'><strong>πλούσιοι,</strong></span> <span class='ocrx_word' id='word_1_588' title='bbox 3607 3723 3698 3768; x_wconf 84' lang='grc' dir='ltr'>καί</span> <span class='ocrx_word' id='word_1_589' title='bbox 3751 3725 3901 3779; x_wconf 79' lang='grc' dir='ltr'><strong>πένης</strong></span> 
     </span>
    </p>
   </div>
   <div class='ocr_carea' id='block_1_79' title="bbox 531 3803 2164 3878">
    <p class='ocr_par' dir='ltr' id='par_1_79' title="bbox 531 3806 2164 3878">
     <span class='ocr_line' id='line_1_79' title="bbox 531 3806 2164 3878; baseline -0.002 -14"><span class='ocrx_word' id='word_1_590' title='bbox 531 3813 724 3864; x_wconf 87' lang='lat' dir='ltr'>tentus</span> <span class='ocrx_word' id='word_1_591' title='bbox 771 3807 912 3862; x_wconf 83' lang='lat' dir='ltr'>vivit</span> <span class='ocrx_word' id='word_1_592' title='bbox 969 3807 996 3860; x_wconf 88' lang='lat'><strong>?</strong></span> <span class='ocrx_word' id='word_1_593' title='bbox 1039 3821 1176 3862; x_wconf 88' lang='lat' dir='ltr'>eum</span> <span class='ocrx_word' id='word_1_594' title='bbox 1235 3807 1430 3862; x_wconf 88' lang='lat' dir='ltr'>videas</span> <span class='ocrx_word' id='word_1_595' title='bbox 1475 3806 1794 3878; x_wconf 90' lang='lat' dir='ltr'>plerosque</span> <span class='ocrx_word' id='word_1_596' title='bbox 1847 3806 1908 3861; x_wconf 90' lang='lat' dir='ltr'>in</span> <span class='ocrx_word' id='word_1_597' title='bbox 1961 3807 2164 3862; x_wconf 70' lang='lat' dir='ltr'>talibus</span> 
     </span>
    </p>
   </div>
   <div class='ocr_carea' id='block_1_80' title="bbox 2266 3803 3899 3878">
    <p class='ocr_par' dir='ltr' id='par_1_80' title="bbox 2295 3803 3899 3878">
     <span class='ocr_line' id='line_1_80' title="bbox 2295 3803 3899 3878; baseline 0.001 -22"><span class='ocrx_word' id='word_1_598' title='bbox 2295 3803 2466 3867; x_wconf 68' lang='grc' dir='ltr'><strong>οὐδεὶς</strong></span> <span class='ocrx_word' id='word_1_599' title='bbox 2491 3825 2502 3872; x_wconf 90' lang='grc'><strong>;</strong></span> <span class='ocrx_word' id='word_1_600' title='bbox 2529 3803 2702 3866; x_wconf 66' lang='grc' dir='ltr'><strong>οὐδεὶς</strong></span> <span class='ocrx_word' id='word_1_601' title='bbox 2721 3803 2782 3858; x_wconf 69' lang='grc' dir='ltr'>δὲ</span> <span class='ocrx_word' id='word_1_602' title='bbox 2809 3803 2932 3858; x_wconf 66' lang='grc' dir='ltr'><strong>οὐδὲ</strong></span> <span class='ocrx_word' id='word_1_603' title='bbox 2951 3815 3048 3858; x_wconf 82' lang='grc' dir='ltr'>τῶν</span> <span class='ocrx_word' id='word_1_604' title='bbox 3069 3805 3118 3857; x_wconf 81' lang='grc' dir='ltr'><strong>ἐν</strong></span> <span class='ocrx_word' id='word_1_605' title='bbox 3137 3807 3420 3878; x_wconf 67' lang='grc' dir='ltr'><strong>αὐταρκείᾳ</strong></span> <span class='ocrx_word' id='word_1_606' title='bbox 3443 3810 3572 3878; x_wconf 71' lang='grc' dir='ltr'><strong>μόνη</strong></span> <span class='ocrx_word' id='word_1_607' title='bbox 3603 3805 3866 3878; x_wconf 77' lang='grc' dir='ltr'><strong>βιούντων</strong></span> <span class='ocrx_word' id='word_1_608' title='bbox 3887 3825 3899 3874; x_wconf 89' lang='lat'><strong>;</strong></span> 
     </span>
    </p>
   </div>
   <div class='ocr_carea' id='block_1_81' title="bbox 529 3893 3899 3969">
    <p class='ocr_par' dir='ltr' id='par_1_81' title="bbox 529 3893 3899 3969">
     <span class='ocr_line' id='line_1_81' title="bbox 529 3893 3899 3969; baseline -0.001 -19"><span class='ocrx_word' id='word_1_609' title='bbox 529 3899 746 3953; x_wconf 85' lang='lat' dir='ltr'>vivere.</span> <span class='ocrx_word' id='word_1_610' title='bbox 2299 3899 2482 3947; x_wconf 88' lang='grc' dir='ltr'><strong>Καίτοι</strong></span> <span class='ocrx_word' id='word_1_611' title='bbox 2519 3898 2576 3946; x_wconf 89' lang='grc' dir='ltr'>τό</span> <span class='ocrx_word' id='word_1_612' title='bbox 2611 3894 2850 3946; x_wconf 83' lang='grc' dir='ltr'><strong>πλεῖστον</strong></span> <span class='ocrx_word' id='word_1_613' title='bbox 2883 3903 2983 3946; x_wconf 80' lang='grc' dir='ltr'>τῶν</span> <span class='ocrx_word' id='word_1_614' title='bbox 3021 3893 3302 3967; x_wconf 83' lang='grc' dir='ltr'><strong>ἀνθρώπων</strong></span> <span class='ocrx_word' id='word_1_615' title='bbox 3333 3893 3382 3946; x_wconf 87' lang='grc' dir='ltr'><strong>ἐν</strong></span> <span class='ocrx_word' id='word_1_616' title='bbox 3409 3898 3668 3957; x_wconf 71' lang='grc' dir='ltr'><strong>τοιούτοις</strong></span> <span class='ocrx_word' id='word_1_617' title='bbox 3697 3897 3899 3969; x_wconf 77' lang='grc' dir='ltr'><strong>ὁρῶμεν</strong></span> 
     </span>
    </p>
   </div>
   <div class='ocr_carea' id='block_1_82' title="bbox 2297 3983 2676 4054">
    <p class='ocr_par' dir='ltr' id='par_1_82' title="bbox 2297 3983 2676 4054">
     <span class='ocr_line' id='line_1_82' title="bbox 2297 3983 2676 4054; baseline 0.003 -20"><span class='ocrx_word' id='word_1_618' title='bbox 2297 3983 2676 4054; x_wconf 79' lang='grc' dir='ltr'><strong>ἐξεταζόμενον.</strong></span> 
     </span>
    </p>
   </div>
   <div class='ocr_carea' id='block_1_83' title="bbox 605 4069 2238 4145">
    <p class='ocr_par' dir='ltr' id='par_1_83' title="bbox 605 4072 2184 4145">
     <span class='ocr_line' id='line_1_83' title="bbox 605 4072 2184 4145; baseline -0.004 -13"><span class='ocrx_word' id='word_1_619' title='bbox 605 4075 818 4133; x_wconf 89' lang='lat' dir='ltr'>Divites</span> <span class='ocrx_word' id='word_1_620' title='bbox 867 4074 1054 4130; x_wconf 90' lang='lat' dir='ltr'>multo</span> <span class='ocrx_word' id='word_1_621' title='bbox 1089 4074 1402 4145; x_wconf 88' lang='lat' dir='ltr'>pauciores</span> <span class='ocrx_word' id='word_1_622' title='bbox 1443 4078 1580 4128; x_wconf 89' lang='lat' dir='ltr'>sunt</span> <span class='ocrx_word' id='word_1_623' title='bbox 1612 4093 1630 4129; x_wconf 90' lang='lat'><em>:</em></span> <span class='ocrx_word' id='word_1_624' title='bbox 1661 4072 1762 4128; x_wconf 89' lang='lat' dir='ltr'>ubi</span> <span class='ocrx_word' id='word_1_625' title='bbox 1795 4089 1934 4142; x_wconf 88' lang='lat' dir='ltr'>ergo</span> <span class='ocrx_word' id='word_1_626' title='bbox 1973 4089 2184 4128; x_wconf 90' lang='lat' dir='ltr'>omnes</span> 
     </span>
    </p>
   </div>
   <div class='ocr_carea' id='block_1_84' title="bbox 2270 4069 3903 4145">
    <p class='ocr_par' dir='ltr' id='par_1_84' title="bbox 2371 4069 3903 4142">
     <span class='ocr_line' id='line_1_84' title="bbox 2371 4069 3903 4142; baseline 0.001 -18"><span class='ocrx_word' id='word_1_627' title='bbox 2371 4073 2620 4124; x_wconf 82' lang='grc' dir='ltr'><strong>Πλούσιοι</strong></span> <span class='ocrx_word' id='word_1_628' title='bbox 2667 4069 2726 4125; x_wconf 69' lang='grc' dir='ltr'>δὲ</span> <span class='ocrx_word' id='word_1_629' title='bbox 2767 4075 2910 4142; x_wconf 82' lang='grc' dir='ltr'>παρά</span> <span class='ocrx_word' id='word_1_630' title='bbox 2941 4071 3068 4124; x_wconf 88' lang='grc' dir='ltr'><strong>πολὺ</strong></span> <span class='ocrx_word' id='word_1_631' title='bbox 3099 4081 3198 4123; x_wconf 67' lang='grc' dir='ltr'><strong>τῶν</strong></span> <span class='ocrx_word' id='word_1_632' title='bbox 3245 4072 3408 4124; x_wconf 75' lang='grc' dir='ltr'><strong>ἄλλων</strong></span> <span class='ocrx_word' id='word_1_633' title='bbox 3449 4071 3709 4133; x_wconf 88' lang='grc' dir='ltr'><strong>ἐλάττους.</strong></span> <span class='ocrx_word' id='word_1_634' title='bbox 3747 4075 3903 4126; x_wconf 81' lang='grc' dir='ltr'><strong>Πόθεν</strong></span> 
     </span>
    </p>
   </div>
   <div class='ocr_carea' id='block_1_85' title="bbox 531 4158 2164 4237">
    <p class='ocr_par' dir='ltr' id='par_1_85' title="bbox 531 4161 2158 4237">
     <span class='ocr_line' id='line_1_85' title="bbox 531 4161 2158 4237; baseline -0.003 -16"><span class='ocrx_word' id='word_1_635' title='bbox 531 4165 854 4237; x_wconf 87' lang='lat' dir='ltr'>locupletes</span> <span class='ocrx_word' id='word_1_636' title='bbox 879 4163 1162 4232; x_wconf 86' lang='lat' dir='ltr'>invenies,</span> <span class='ocrx_word' id='word_1_637' title='bbox 1201 4162 1358 4218; x_wconf 90' lang='lat' dir='ltr'>unde</span> <span class='ocrx_word' id='word_1_638' title='bbox 1389 4161 1490 4217; x_wconf 90' lang='lat' dir='ltr'>tibi</span> <span class='ocrx_word' id='word_1_639' title='bbox 1517 4167 1640 4218; x_wconf 90' lang='lat' dir='ltr'>tam</span> <span class='ocrx_word' id='word_1_640' title='bbox 1680 4162 2158 4234; x_wconf 89' lang='lat' dir='ltr'>obsequentes,u</span> 
     </span>
    </p>
   </div>
   <div class='ocr_carea' id='block_1_86' title="bbox 2270 4158 3903 4237">
    <p class='ocr_par' dir='ltr' id='par_1_86' title="bbox 2297 4158 3903 4234">
     <span class='ocr_line' id='line_1_86' title="bbox 2297 4158 3903 4234; baseline -0.001 -21"><span class='ocrx_word' id='word_1_641' title='bbox 2297 4158 2385 4213; x_wconf 78' lang='grc' dir='ltr'><strong>οὖν</strong></span> <span class='ocrx_word' id='word_1_642' title='bbox 2437 4164 2631 4221; x_wconf 86' lang='grc' dir='ltr'><strong>πάντας</strong></span> <span class='ocrx_word' id='word_1_643' title='bbox 2683 4163 2984 4234; x_wconf 79' lang='grc' dir='ltr'><strong>ἀνθρώπους</strong></span> <span class='ocrx_word' id='word_1_644' title='bbox 3033 4161 3320 4221; x_wconf 85' lang='grc' dir='ltr'><strong>πλουσίους</strong></span> <span class='ocrx_word' id='word_1_645' title='bbox 3373 4161 3532 4233; x_wconf 80' lang='grc' dir='ltr'><strong>εὗρες,</strong></span> <span class='ocrx_word' id='word_1_646' title='bbox 3576 4167 3666 4214; x_wconf 82' lang='grc' dir='ltr'>καὶ</span> <span class='ocrx_word' id='word_1_647' title='bbox 3721 4163 3903 4214; x_wconf 81' lang='grc' dir='ltr'><strong>πωλεῖν</strong></span> 
     </span>
    </p>
   </div>
   <div class='ocr_carea' id='block_1_87' title="bbox 531 4250 2164 4322">
    <p class='ocr_par' dir='ltr' id='par_1_87' title="bbox 531 4251 2162 4310">
     <span class='ocr_line' id='line_1_87' title="bbox 531 4251 2162 4310; baseline -0.002 -1"><span class='ocrx_word' id='word_1_648' title='bbox 531 4270 624 4310; x_wconf 90' lang='lat' dir='ltr'>res</span> <span class='ocrx_word' id='word_1_649' title='bbox 647 4270 789 4309; x_wconf 88' lang='lat' dir='ltr'>suas</span> <span class='ocrx_word' id='word_1_650' title='bbox 815 4252 1078 4308; x_wconf 90' lang='lat' dir='ltr'>vendant</span> <span class='ocrx_word' id='word_1_651' title='bbox 1114 4256 1141 4306; x_wconf 83' lang='lat'><strong><em>?</em></strong></span> <span class='ocrx_word' id='word_1_652' title='bbox 1170 4251 1284 4308; x_wconf 88' lang='lat' dir='ltr'>Sed</span> <span class='ocrx_word' id='word_1_653' title='bbox 1323 4251 1541 4306; x_wconf 89' lang='lat' dir='ltr'>videris</span> <span class='ocrx_word' id='word_1_654' title='bbox 1571 4252 1682 4306; x_wconf 91' lang='lat' dir='ltr'>ista</span> <span class='ocrx_word' id='word_1_655' title='bbox 1725 4268 1756 4306; x_wconf 93' lang='lat' dir='ltr'>e</span> <span class='ocrx_word' id='word_1_656' title='bbox 1787 4251 2043 4306; x_wconf 86' lang='lat' dir='ltr'>Platonis</span> <span class='ocrx_word' id='word_1_657' title='bbox 2085 4255 2162 4306; x_wconf 77' lang='lat' dir='ltr'>[te</span> 
     </span>
    </p>
   </div>
   <div class='ocr_carea' id='block_1_88' title="bbox 2274 4250 3907 4322">
    <p class='ocr_par' dir='ltr' id='par_1_88' title="bbox 2299 4250 3907 4322">
     <span class='ocr_line' id='line_1_88' title="bbox 2299 4250 3907 4322; baseline 0 -20"><span class='ocrx_word' id='word_1_658' title='bbox 2299 4251 2489 4312; x_wconf 69' lang='grc' dir='ltr'><strong>αὐτούς</strong></span> <span class='ocrx_word' id='word_1_659' title='bbox 2543 4253 2608 4302; x_wconf 85' lang='grc' dir='ltr'>τά</span> <span class='ocrx_word' id='word_1_660' title='bbox 2657 4253 2966 4322; x_wconf 77' lang='grc' dir='ltr'><strong>ὑπάρχοντα</strong></span> <span class='ocrx_word' id='word_1_661' title='bbox 3021 4253 3320 4310; x_wconf 76' lang='grc' dir='ltr'><strong>πειθηνίους</strong></span> <span class='ocrx_word' id='word_1_662' title='bbox 3378 4253 3566 4321; x_wconf 77' lang='grc' dir='ltr'><strong>ἔσχεςς</strong></span> <span class='ocrx_word' id='word_1_663' title='bbox 3621 4250 3788 4316; x_wconf 79' lang='grc' dir='ltr'><strong>Ἀλλ’,</strong></span> <span class='ocrx_word' id='word_1_664' title='bbox 3847 4255 3907 4310; x_wconf 78' lang='grc' dir='ltr'>ως</span> 
     </span>
    </p>
   </div>
   <div class='ocr_carea' id='block_1_89' title="bbox 533 4339 2166 4415">
    <p class='ocr_par' dir='ltr' id='par_1_89' title="bbox 533 4339 2160 4415">
     <span class='ocr_line' id='line_1_89' title="bbox 533 4339 2160 4415; baseline -0.002 -17"><span class='ocrx_word' id='word_1_665' title='bbox 533 4342 770 4415; x_wconf 89' lang='lat' dir='ltr'>publica</span> <span class='ocrx_word' id='word_1_666' title='bbox 834 4341 1165 4410; x_wconf 86' lang='lat' dir='ltr'>collegisse,</span> <span class='ocrx_word' id='word_1_667' title='bbox 1235 4355 1452 4410; x_wconf 85' lang='lat' dir='ltr'>nempe</span> <span class='ocrx_word' id='word_1_668' title='bbox 1485 4339 1696 4395; x_wconf 91' lang='lat' dir='ltr'>nullibi</span> <span class='ocrx_word' id='word_1_669' title='bbox 1765 4340 2160 4396; x_wconf 89' lang='lat' dir='ltr'>inveniendos</span> 
     </span>
    </p>
   </div>
   <div class='ocr_carea' id='block_1_90' title="bbox 2270 4339 3903 4415">
    <p class='ocr_par' dir='ltr' id='par_1_90' title="bbox 2299 4339 3903 4404">
     <span class='ocr_line' id='line_1_90' title="bbox 2299 4339 3903 4404; baseline 0 -12"><span class='ocrx_word' id='word_1_670' title='bbox 2299 4344 2476 4404; x_wconf 83' lang='grc' dir='ltr'><strong>ἔοικεν,</strong></span> <span class='ocrx_word' id='word_1_671' title='bbox 2531 4339 2584 4392; x_wconf 78' lang='grc' dir='ltr'><strong>ἐκ</strong></span> <span class='ocrx_word' id='word_1_672' title='bbox 2633 4347 2726 4401; x_wconf 73' lang='grc' dir='ltr'>τῆς</span> <span class='ocrx_word' id='word_1_673' title='bbox 2775 4339 3040 4399; x_wconf 86' lang='grc' dir='ltr'><strong>Πλάτωνος</strong></span> <span class='ocrx_word' id='word_1_674' title='bbox 3085 4343 3294 4398; x_wconf 77' lang='grc' dir='ltr'><strong>τούτους</strong></span> <span class='ocrx_word' id='word_1_675' title='bbox 3337 4339 3582 4400; x_wconf 81' lang='grc' dir='ltr'><strong>συνελέξω</strong></span> <span class='ocrx_word' id='word_1_676' title='bbox 3623 4339 3903 4400; x_wconf 81' lang='grc' dir='ltr'><strong>πολιτείας,</strong></span> 
     </span>
    </p>
   </div>
   <div class='ocr_carea' id='block_1_91' title="bbox 533 4425 2166 4502">
    <p class='ocr_par' dir='ltr' id='par_1_91' title="bbox 533 4427 2166 4500">
     <span class='ocr_line' id='line_1_91' title="bbox 533 4427 2166 4500; baseline -0.002 -14"><span class='ocrx_word' id='word_1_677' title='bbox 533 4446 832 4500; x_wconf 86' lang='lat' dir='ltr'>nusquam</span> <span class='ocrx_word' id='word_1_678' title='bbox 855 4429 1142 4485; x_wconf 81' lang='lat' dir='ltr'>existente</span> <span class='ocrx_word' id='word_1_679' title='bbox 1163 4429 1262 4484; x_wconf 85' lang='lat' dir='ltr'>tali</span> <span class='ocrx_word' id='word_1_680' title='bbox 1295 4427 1696 4498; x_wconf 86' lang='lat' dir='ltr'>republica.Si</span> <span class='ocrx_word' id='word_1_681' title='bbox 1722 4428 1858 4500; x_wconf 90' lang='lat' dir='ltr'>quis</span> <span class='ocrx_word' id='word_1_682' title='bbox 1883 4428 2166 4498; x_wconf 80' lang='lat' dir='ltr'>egregiun</span> 
     </span>
    </p>
   </div>
   <div class='ocr_carea' id='block_1_92' title="bbox 2274 4425 3907 4502">
    <p class='ocr_par' dir='ltr' id='par_1_92' title="bbox 2299 4425 3907 4502">
     <span class='ocr_line' id='line_1_92' title="bbox 2299 4425 3907 4502; baseline 0 -22"><span class='ocrx_word' id='word_1_683' title='bbox 2299 4429 2352 4480; x_wconf 83' lang='grc' dir='ltr'><strong>ἐκ</strong></span> <span class='ocrx_word' id='word_1_684' title='bbox 2398 4439 2494 4490; x_wconf 82' lang='grc' dir='ltr'><strong>τῆς</strong></span> <span class='ocrx_word' id='word_1_685' title='bbox 2543 4425 2764 4500; x_wconf 66' lang='grc' dir='ltr'><strong>μηδαμῆ</strong></span> <span class='ocrx_word' id='word_1_686' title='bbox 2817 4425 3078 4500; x_wconf 57' lang='grc' dir='ltr'><strong>μηδαμῶς</strong></span> <span class='ocrx_word' id='word_1_687' title='bbox 3127 4435 3454 4499; x_wconf 73' lang='grc' dir='ltr'><strong>υφεστώσης,</strong></span> <span class='ocrx_word' id='word_1_688' title='bbox 3501 4433 3618 4488; x_wconf 72' lang='grc' dir='ltr'><strong>τοὺς</strong></span> <span class='ocrx_word' id='word_1_689' title='bbox 3668 4425 3907 4502; x_wconf 70' lang='grc' dir='ltr'><strong>οὐδαμοῦ</strong></span> 
     </span>
    </p>
   </div>
   <div class='ocr_carea' id='block_1_93' title="bbox 535 4513 2168 4592">
    <p class='ocr_par' dir='ltr' id='par_1_93' title="bbox 535 4517 2168 4589">
     <span class='ocr_line' id='line_1_93' title="bbox 535 4517 2168 4589; baseline -0.002 -13"><span class='ocrx_word' id='word_1_690' title='bbox 535 4525 701 4576; x_wconf 90' lang='lat' dir='ltr'>tuum</span> <span class='ocrx_word' id='word_1_691' title='bbox 767 4521 882 4575; x_wconf 90' lang='lat' dir='ltr'>hoc</span> <span class='ocrx_word' id='word_1_692' title='bbox 941 4523 998 4574; x_wconf 89' lang='lat' dir='ltr'>et</span> <span class='ocrx_word' id='word_1_693' title='bbox 1039 4519 1342 4574; x_wconf 89' lang='lat' dir='ltr'>curiosum</span> <span class='ocrx_word' id='word_1_694' title='bbox 1401 4533 1674 4582; x_wconf 79' lang='lat' dir='ltr'>examen,</span> <span class='ocrx_word' id='word_1_695' title='bbox 1725 4523 1780 4572; x_wconf 91' lang='lat' dir='ltr'>et</span> <span class='ocrx_word' id='word_1_696' title='bbox 1826 4517 2168 4589; x_wconf 70' lang='lat' dir='ltr'>exquisitam</span> 
     </span>
    </p>
   </div>
   <div class='ocr_carea' id='block_1_94' title="bbox 2276 4513 3909 4592">
    <p class='ocr_par' dir='ltr' id='par_1_94' title="bbox 2299 4513 3909 4592">
     <span class='ocr_line' id='line_1_94' title="bbox 2299 4513 3909 4592; baseline 0 -22"><span class='ocrx_word' id='word_1_697' title='bbox 2299 4521 2708 4592; x_wconf 74' lang='grc' dir='ltr'><strong>εὑρισκομένους.</strong></span> <span class='ocrx_word' id='word_1_698' title='bbox 2751 4517 2810 4570; x_wconf 87' lang='grc' dir='ltr'>Εἰ</span> <span class='ocrx_word' id='word_1_699' title='bbox 2849 4513 2908 4569; x_wconf 75' lang='grc' dir='ltr'>δέ</span> <span class='ocrx_word' id='word_1_700' title='bbox 2953 4537 3032 4578; x_wconf 86' lang='grc' dir='ltr'>τις</span> <span class='ocrx_word' id='word_1_701' title='bbox 3079 4521 3170 4576; x_wconf 80' lang='grc' dir='ltr'><strong>τὴν</strong></span> <span class='ocrx_word' id='word_1_702' title='bbox 3219 4516 3381 4575; x_wconf 78' lang='grc' dir='ltr'><strong>καλήν</strong></span> <span class='ocrx_word' id='word_1_703' title='bbox 3431 4537 3526 4569; x_wconf 88' lang='grc' dir='ltr'>σου</span> <span class='ocrx_word' id='word_1_704' title='bbox 3573 4521 3773 4576; x_wconf 82' lang='grc' dir='ltr'><strong>ταύτην</strong></span> <span class='ocrx_word' id='word_1_705' title='bbox 3823 4527 3909 4570; x_wconf 77' lang='grc' dir='ltr'>καὶ</span> 
     </span>
    </p>
   </div>
   <div class='ocr_carea' id='block_1_95' title="bbox 535 4604 2168 4680">
    <p class='ocr_par' dir='ltr' id='par_1_95' title="bbox 535 4607 2164 4680">
     <span class='ocr_line' id='line_1_95' title="bbox 535 4607 2164 4680; baseline -0.002 -14"><span class='ocrx_word' id='word_1_706' title='bbox 535 4610 884 4680; x_wconf 75' lang='lat' dir='ltr'>ignorantiae</span> <span class='ocrx_word' id='word_1_707' title='bbox 899 4608 1090 4678; x_wconf 81' lang='lat' dir='ltr'>legem</span> <span class='ocrx_word' id='word_1_708' title='bbox 1119 4608 1180 4662; x_wconf 90' lang='lat' dir='ltr'>in</span> <span class='ocrx_word' id='word_1_709' title='bbox 1207 4608 1338 4678; x_wconf 89' lang='lat' dir='ltr'>ipsa</span> <span class='ocrx_word' id='word_1_710' title='bbox 1368 4609 1592 4662; x_wconf 87' lang='lat' dir='ltr'>sancita</span> <span class='ocrx_word' id='word_1_711' title='bbox 1621 4607 1760 4662; x_wconf 89' lang='lat' dir='ltr'>velit</span> <span class='ocrx_word' id='word_1_712' title='bbox 1791 4609 2106 4672; x_wconf 89' lang='lat' dir='ltr'>remittere,</span> <span class='ocrx_word' id='word_1_713' title='bbox 2133 4622 2164 4662; x_wconf 92' lang='lat' dir='ltr'>e</span> 
     </span>
    </p>
   </div>
   <div class='ocr_carea' id='block_1_96' title="bbox 2274 4604 3907 4680">
    <p class='ocr_par' dir='ltr' id='par_1_96' title="bbox 2299 4604 3907 4680">
     <span class='ocr_line' id='line_1_96' title="bbox 2299 4604 3907 4680; baseline -0.001 -21"><span class='ocrx_word' id='word_1_714' title='bbox 2299 4612 2566 4680; x_wconf 82' lang='grc' dir='ltr'><strong>περίεργον</strong></span> <span class='ocrx_word' id='word_1_715' title='bbox 2607 4605 2839 4678; x_wconf 73' lang='grc' dir='ltr'><strong>βάσανον</strong></span> <span class='ocrx_word' id='word_1_716' title='bbox 2883 4611 2972 4658; x_wconf 79' lang='grc' dir='ltr'>καὶ</span> <span class='ocrx_word' id='word_1_717' title='bbox 3015 4609 3100 4658; x_wconf 86' lang='grc' dir='ltr'><strong>τὸν</strong></span> <span class='ocrx_word' id='word_1_718' title='bbox 3139 4604 3328 4679; x_wconf 78' lang='grc' dir='ltr'><strong>ἀκριϐῆ</strong></span> <span class='ocrx_word' id='word_1_719' title='bbox 3379 4615 3474 4668; x_wconf 81' lang='grc' dir='ltr'><strong>τῆς</strong></span> <span class='ocrx_word' id='word_1_720' title='bbox 3513 4605 3692 4668; x_wconf 80' lang='grc' dir='ltr'><strong>ἀνοίας</strong></span> <span class='ocrx_word' id='word_1_721' title='bbox 3729 4611 3907 4678; x_wconf 84' lang='grc' dir='ltr'><strong>νόμον,</strong></span> 
     </span>
    </p>
   </div>
   <div class='ocr_carea' id='block_1_97' title="bbox 535 4693 2168 4767">
    <p class='ocr_par' dir='ltr' id='par_1_97' title="bbox 535 4693 2166 4767">
     <span class='ocr_line' id='line_1_97' title="bbox 535 4693 2166 4767; baseline -0.002 -12"><span class='ocrx_word' id='word_1_722' title='bbox 535 4693 914 4755; x_wconf 87' lang='lat' dir='ltr'>admirabilia</span> <span class='ocrx_word' id='word_1_723' title='bbox 927 4697 1239 4753; x_wconf 88' lang='lat' dir='ltr'>doctorum</span> <span class='ocrx_word' id='word_1_724' title='bbox 1263 4703 1318 4751; x_wconf 88' lang='lat' dir='ltr'>et</span> <span class='ocrx_word' id='word_1_725' title='bbox 1349 4697 1644 4766; x_wconf 87' lang='lat' dir='ltr'>majorum</span> <span class='ocrx_word' id='word_1_726' title='bbox 1659 4697 2166 4767; x_wconf 86' lang='lat' dir='ltr'>apophthegmata</span> 
     </span>
    </p>
   </div>
   <div class='ocr_carea' id='block_1_98' title="bbox 2276 4693 3909 4767">
    <p class='ocr_par' dir='ltr' id='par_1_98' title="bbox 2299 4695 3909 4767">
     <span class='ocr_line' id='line_1_98' title="bbox 2299 4695 3909 4767; baseline 0 -19"><span class='ocrx_word' id='word_1_727' title='bbox 2299 4696 2382 4748; x_wconf 76' lang='grc' dir='ltr'><strong>ἐπὶ</strong></span> <span class='ocrx_word' id='word_1_728' title='bbox 2427 4699 2514 4756; x_wconf 87' lang='grc' dir='ltr'>τάς</span> <span class='ocrx_word' id='word_1_729' title='bbox 2567 4699 2662 4756; x_wconf 85' lang='grc' dir='ltr'>σάς</span> <span class='ocrx_word' id='word_1_730' title='bbox 2711 4695 2966 4767; x_wconf 80' lang='grc' dir='ltr'><strong>ἐπαφήσει</strong></span> <span class='ocrx_word' id='word_1_731' title='bbox 3013 4697 3342 4766; x_wconf 77' lang='grc' dir='ltr'><strong>νομοθεσίας,</strong></span> <span class='ocrx_word' id='word_1_732' title='bbox 3385 4701 3474 4747; x_wconf 89' lang='grc' dir='ltr'>καὶ</span> <span class='ocrx_word' id='word_1_733' title='bbox 3525 4699 3590 4746; x_wconf 80' lang='grc' dir='ltr'>τα</span> <span class='ocrx_word' id='word_1_734' title='bbox 3641 4697 3909 4767; x_wconf 75' lang='grc' dir='ltr'><strong>θαυμαζό-</strong></span> 
     </span>
    </p>
   </div>
   <div class='ocr_carea' id='block_1_99' title="bbox 535 4781 2168 4857">
    <p class='ocr_par' dir='ltr' id='par_1_99' title="bbox 535 4784 2168 4856">
     <span class='ocr_line' id='line_1_99' title="bbox 535 4784 2168 4856; baseline -0.003 -12"><span class='ocrx_word' id='word_1_735' title='bbox 535 4790 687 4846; x_wconf 88' lang='lat' dir='ltr'>risus</span> <span class='ocrx_word' id='word_1_736' title='bbox 703 4795 758 4844; x_wconf 89' lang='lat' dir='ltr'>et</span> <span class='ocrx_word' id='word_1_737' title='bbox 783 4787 1019 4843; x_wconf 91' lang='lat' dir='ltr'>ludibrii</span> <span class='ocrx_word' id='word_1_738' title='bbox 1049 4789 1468 4854; x_wconf 79' lang='lat' dir='ltr'>argumentum</span> <span class='ocrx_word' id='word_1_739' title='bbox 1501 4785 1742 4840; x_wconf 87' lang='lat' dir='ltr'>abunde</span> <span class='ocrx_word' id='word_1_740' title='bbox 1771 4784 2168 4856; x_wconf 79' lang='lat' dir='ltr'>suppeditare</span> 
     </span>
    </p>
   </div>
   <div class='ocr_carea' id='block_1_100' title="bbox 2272 4781 3905 4857">
    <p class='ocr_par' dir='ltr' id='par_1_100' title="bbox 2300 4781 3905 4857">
     <span class='ocr_line' id='line_1_100' title="bbox 2300 4781 3905 4857; baseline -0.001 -19"><span class='ocrx_word' id='word_1_741' title='bbox 2300 4787 2426 4856; x_wconf 85' lang='grc' dir='ltr'><strong>μενά</strong></span> <span class='ocrx_word' id='word_1_742' title='bbox 2459 4805 2542 4838; x_wconf 88' lang='grc' dir='ltr'>σοι</span> <span class='ocrx_word' id='word_1_743' title='bbox 2585 4795 2682 4836; x_wconf 75' lang='grc' dir='ltr'>τῶν</span> <span class='ocrx_word' id='word_1_744' title='bbox 2731 4781 3070 4836; x_wconf 78' lang='grc' dir='ltr'><strong>διδασκάλων</strong></span> <span class='ocrx_word' id='word_1_745' title='bbox 3115 4789 3204 4835; x_wconf 87' lang='grc' dir='ltr'>καὶ</span> <span class='ocrx_word' id='word_1_746' title='bbox 3238 4787 3472 4857; x_wconf 85' lang='grc' dir='ltr'><strong>πατέρων</strong></span> <span class='ocrx_word' id='word_1_747' title='bbox 3503 4783 3905 4856; x_wconf 80' lang='grc' dir='ltr'><strong>ἀποφθέγματα,</strong></span> 
     </span>
    </p>
   </div>
   <div class='ocr_carea' id='block_1_101' title="bbox 537 4871 2170 4947">
    <p class='ocr_par' dir='ltr' id='par_1_101' title="bbox 537 4873 2164 4939">
     <span class='ocr_line' id='line_1_101' title="bbox 537 4873 2164 4939; baseline -0.004 -5"><span class='ocrx_word' id='word_1_748' title='bbox 537 4885 666 4934; x_wconf 88' lang='lat' dir='ltr'>tur:</span> <span class='ocrx_word' id='word_1_749' title='bbox 719 4893 968 4933; x_wconf 86' lang='lat' dir='ltr'>examen</span> <span class='ocrx_word' id='word_1_750' title='bbox 1017 4875 1160 4930; x_wconf 88' lang='lat' dir='ltr'>illud</span> <span class='ocrx_word' id='word_1_751' title='bbox 1207 4877 1378 4928; x_wconf 89' lang='lat' dir='ltr'>tuum</span> <span class='ocrx_word' id='word_1_752' title='bbox 1424 4875 1484 4928; x_wconf 89' lang='lat' dir='ltr'>in</span> <span class='ocrx_word' id='word_1_753' title='bbox 1533 4889 1644 4928; x_wconf 89' lang='lat' dir='ltr'>nos</span> <span class='ocrx_word' id='word_1_754' title='bbox 1691 4873 1994 4939; x_wconf 84' lang='lat' dir='ltr'>collatum,</span> <span class='ocrx_word' id='word_1_755' title='bbox 2041 4875 2164 4929; x_wconf 89' lang='lat' dir='ltr'>nihi</span> 
     </span>
    </p>
   </div>
   <div class='ocr_carea' id='block_1_102' title="bbox 2275 4871 3908 4947">
    <p class='ocr_par' dir='ltr' id='par_1_102' title="bbox 2301 4871 3908 4947">
     <span class='ocr_line' id='line_1_102' title="bbox 2301 4871 3908 4947; baseline 0 -21"><span class='ocrx_word' id='word_1_756' title='bbox 2301 4871 2381 4946; x_wconf 80' lang='grc' dir='ltr'><strong>ἀρ’</strong></span> <span class='ocrx_word' id='word_1_757' title='bbox 2437 4877 2576 4926; x_wconf 81' lang='grc' dir='ltr'><strong>ἔστιν</strong></span> <span class='ocrx_word' id='word_1_758' title='bbox 2615 4875 2640 4926; x_wconf 86' lang='grc' dir='ltr'><strong>ὃ</strong></span> <span class='ocrx_word' id='word_1_759' title='bbox 2691 4879 2760 4946; x_wconf 79' lang='grc' dir='ltr'><strong>μὴ</strong></span> <span class='ocrx_word' id='word_1_760' title='bbox 2813 4874 3028 4944; x_wconf 81' lang='grc' dir='ltr'><strong>γέλωτος</strong></span> <span class='ocrx_word' id='word_1_761' title='bbox 3081 4878 3168 4924; x_wconf 80' lang='grc' dir='ltr'>καὶ</span> <span class='ocrx_word' id='word_1_762' title='bbox 3221 4873 3418 4944; x_wconf 82' lang='grc' dir='ltr'><strong>χλεύης</strong></span> <span class='ocrx_word' id='word_1_763' title='bbox 3475 4874 3726 4934; x_wconf 78' lang='grc' dir='ltr'><strong>ὑπόθεσις</strong></span> <span class='ocrx_word' id='word_1_764' title='bbox 3773 4877 3908 4947; x_wconf 74' lang='grc' dir='ltr'><strong>εὑρε-</strong></span> 
     </span>
    </p>
   </div>
   <div class='ocr_carea' id='block_1_103' title="bbox 539 4961 2172 5040">
    <p class='ocr_par' dir='ltr' id='par_1_103' title="bbox 539 4963 2162 5040">
     <span class='ocr_line' id='line_1_103' title="bbox 539 4963 2162 5040; baseline -0.003 -18"><span class='ocrx_word' id='word_1_765' title='bbox 539 4965 1034 5040; x_wconf 70' lang='lat' dir='ltr'>prteterhostilem</span> <span class='ocrx_word' id='word_1_766' title='bbox 1055 4963 1439 5027; x_wconf 85' lang='lat' dir='ltr'>calumniam,</span> <span class='ocrx_word' id='word_1_767' title='bbox 1457 4963 1846 5018; x_wconf 83' lang='lat' dir='ltr'>ambitionem</span> <span class='ocrx_word' id='word_1_768' title='bbox 1871 4963 2162 5034; x_wconf 87' lang='lat' dir='ltr'>gloriosuli</span> 
     </span>
    </p>
   </div>
   <div class='ocr_carea' id='block_1_104' title="bbox 2272 4961 3905 5040">
    <p class='ocr_par' dir='ltr' id='par_1_104' title="bbox 2303 4961 3905 5034">
     <span class='ocr_line' id='line_1_104' title="bbox 2303 4961 3905 5034; baseline -0.001 -18"><span class='ocrx_word' id='word_1_769' title='bbox 2303 4967 2652 5030; x_wconf 83' lang='grc' dir='ltr'><strong>θείη;καίτοι</strong></span> <span class='ocrx_word' id='word_1_770' title='bbox 2705 4963 2820 5014; x_wconf 84' lang='grc' dir='ltr'><strong>καθ’</strong></span> <span class='ocrx_word' id='word_1_771' title='bbox 2880 4965 3020 5034; x_wconf 67' lang='grc' dir='ltr'><strong>ἡμῶν</strong></span> <span class='ocrx_word' id='word_1_772' title='bbox 3068 4961 3453 5034; x_wconf 78' lang='grc' dir='ltr'><strong>προϐαλλομένη</strong></span> <span class='ocrx_word' id='word_1_773' title='bbox 3507 4981 3602 5013; x_wconf 90' lang='grc' dir='ltr'>σου</span> <span class='ocrx_word' id='word_1_774' title='bbox 3653 4964 3682 5018; x_wconf 77' lang='grc' dir='ltr'>η</span> <span class='ocrx_word' id='word_1_775' title='bbox 3737 4961 3905 5034; x_wconf 78' lang='grc' dir='ltr'>βάσα-</span> 
     </span>
    </p>
   </div>
   <div class='ocr_carea' id='block_1_105' title="bbox 537 5047 2170 5126">
    <p class='ocr_par' dir='ltr' id='par_1_105' title="bbox 537 5053 2168 5124">
     <span class='ocr_line' id='line_1_105' title="bbox 537 5053 2168 5124; baseline -0.002 -13"><span class='ocrx_word' id='word_1_776' title='bbox 537 5053 684 5112; x_wconf 90' lang='lat' dir='ltr'>nihil</span> <span class='ocrx_word' id='word_1_777' title='bbox 715 5055 844 5110; x_wconf 87' lang='lat' dir='ltr'>sani</span> <span class='ocrx_word' id='word_1_778' title='bbox 873 5059 1146 5124; x_wconf 81' lang='lat' dir='ltr'>suggeret</span> <span class='ocrx_word' id='word_1_779' title='bbox 1177 5069 1190 5106; x_wconf 92' lang='lat'><strong>:</strong></span> <span class='ocrx_word' id='word_1_780' title='bbox 1219 5053 1380 5124; x_wconf 87' lang='lat' dir='ltr'>quod</span> <span class='ocrx_word' id='word_1_781' title='bbox 1411 5053 1460 5108; x_wconf 86' lang='lat' dir='ltr'>si</span> <span class='ocrx_word' id='word_1_782' title='bbox 1487 5054 1544 5108; x_wconf 90' lang='lat' dir='ltr'>in</span> <span class='ocrx_word' id='word_1_783' title='bbox 1573 5060 1842 5109; x_wconf 84' lang='lat' dir='ltr'>auctores</span> <span class='ocrx_word' id='word_1_784' title='bbox 1865 5057 2168 5122; x_wconf 74' lang='lat' dir='ltr'>regeretur</span> 
     </span>
    </p>
   </div>
   <div class='ocr_carea' id='block_1_106' title="bbox 2275 5047 3908 5126">
    <p class='ocr_par' dir='ltr' id='par_1_106' title="bbox 2301 5047 3908 5126">
     <span class='ocr_line' id='line_1_106' title="bbox 2301 5047 3908 5126; baseline -0.001 -22"><span class='ocrx_word' id='word_1_785' title='bbox 2301 5073 2399 5116; x_wconf 86' lang='grc' dir='ltr'><strong>νος,</strong></span> <span class='ocrx_word' id='word_1_786' title='bbox 2431 5055 2628 5126; x_wconf 80' lang='grc' dir='ltr'><strong>ὲχθρού</strong></span> <span class='ocrx_word' id='word_1_787' title='bbox 2660 5049 2910 5109; x_wconf 75' lang='grc' dir='ltr'><strong>διαϐολῆν</strong></span> <span class='ocrx_word' id='word_1_788' title='bbox 2953 5056 3044 5102; x_wconf 87' lang='grc' dir='ltr'>καὶ</span> <span class='ocrx_word' id='word_1_789' title='bbox 3077 5051 3336 5122; x_wconf 85' lang='grc' dir='ltr'><strong>φιλαιτίου</strong></span> <span class='ocrx_word' id='word_1_790' title='bbox 3383 5049 3542 5113; x_wconf 74' lang='grc' dir='ltr'><strong>δόξαν</strong></span> <span class='ocrx_word' id='word_1_791' title='bbox 3575 5047 3792 5122; x_wconf 81' lang='grc' dir='ltr'><strong>ἀνδρός,</strong></span> <span class='ocrx_word' id='word_1_792' title='bbox 3823 5057 3908 5103; x_wconf 78' lang='grc' dir='ltr'>καὶ</span> 
     </span>
    </p>
   </div>
   <div class='ocr_carea' id='block_1_107' title="bbox 539 5137 2172 5215">
    <p class='ocr_par' dir='ltr' id='par_1_107' title="bbox 539 5141 2164 5213">
     <span class='ocr_line' id='line_1_107' title="bbox 539 5141 2164 5213; baseline -0.001 -15"><span class='ocrx_word' id='word_1_793' title='bbox 539 5143 632 5198; x_wconf 82' lang='lat' dir='ltr'>lex</span> <span class='ocrx_word' id='word_1_794' title='bbox 657 5144 762 5198; x_wconf 88' lang='lat' dir='ltr'>erit</span> <span class='ocrx_word' id='word_1_795' title='bbox 791 5145 1048 5198; x_wconf 90' lang='lat' dir='ltr'>amantis</span> <span class='ocrx_word' id='word_1_796' title='bbox 1085 5143 1204 5206; x_wconf 91' lang='lat' dir='ltr'>viri,</span> <span class='ocrx_word' id='word_1_797' title='bbox 1234 5141 1530 5213; x_wconf 88' lang='lat' dir='ltr'>judicium</span> <span class='ocrx_word' id='word_1_798' title='bbox 1561 5143 1882 5198; x_wconf 88' lang='lat' dir='ltr'>inimicitiis</span> <span class='ocrx_word' id='word_1_799' title='bbox 1907 5158 2164 5198; x_wconf 89' lang='lat' dir='ltr'>vacuum</span> 
     </span>
    </p>
   </div>
   <div class='ocr_carea' id='block_1_108' title="bbox 2276 5137 3909 5215">
    <p class='ocr_par' dir='ltr' id='par_1_108' title="bbox 2303 5137 3909 5215">
     <span class='ocr_line' id='line_1_108' title="bbox 2303 5137 3909 5215; baseline -0.002 -21"><span class='ocrx_word' id='word_1_800' title='bbox 2303 5143 2468 5215; x_wconf 80' lang='grc' dir='ltr'><strong>ἕτερον</strong></span> <span class='ocrx_word' id='word_1_801' title='bbox 2525 5144 2660 5212; x_wconf 75' lang='grc' dir='ltr'><strong>ύγιες</strong></span> <span class='ocrx_word' id='word_1_802' title='bbox 2705 5137 2854 5192; x_wconf 68' lang='grc' dir='ltr'><strong>οὐδὲν</strong></span> <span class='ocrx_word' id='word_1_803' title='bbox 2903 5143 3132 5212; x_wconf 83' lang='grc' dir='ltr'><strong>μηνύει·</strong></span> <span class='ocrx_word' id='word_1_804' title='bbox 3180 5143 3314 5191; x_wconf 82' lang='grc' dir='ltr'>κατά</span> <span class='ocrx_word' id='word_1_805' title='bbox 3367 5137 3426 5191; x_wconf 76' lang='grc' dir='ltr'><strong>δε</strong></span> <span class='ocrx_word' id='word_1_806' title='bbox 3479 5148 3576 5191; x_wconf 87' lang='grc' dir='ltr'>τῶν</span> <span class='ocrx_word' id='word_1_807' title='bbox 3627 5137 3782 5191; x_wconf 75' lang='grc' dir='ltr'><strong>ἰδίων</strong></span> <span class='ocrx_word' id='word_1_808' title='bbox 3829 5139 3909 5191; x_wconf 76' lang='grc' dir='ltr'>έπ-</span> 
     </span>
    </p>
   </div>
   <div class='ocr_carea' id='block_1_109' title="bbox 540 5229 2173 5306">
    <p class='ocr_par' dir='ltr' id='par_1_109' title="bbox 540 5231 2173 5306">
     <span class='ocr_line' id='line_1_109' title="bbox 540 5231 2173 5306; baseline -0.001 -18"><span class='ocrx_word' id='word_1_809' title='bbox 540 5231 883 5302; x_wconf 83' lang='lat' dir='ltr'>redargutio</span> <span class='ocrx_word' id='word_1_810' title='bbox 911 5248 1072 5298; x_wconf 86' lang='lat' dir='ltr'>vera,</span> <span class='ocrx_word' id='word_1_811' title='bbox 1115 5249 1222 5290; x_wconf 90' lang='lat' dir='ltr'>nec</span> <span class='ocrx_word' id='word_1_812' title='bbox 1251 5233 1492 5306; x_wconf 86' lang='lat' dir='ltr'>injuria.</span> <span class='ocrx_word' id='word_1_813' title='bbox 1533 5235 1652 5288; x_wconf 88' lang='lat' dir='ltr'>Tua</span> <span class='ocrx_word' id='word_1_814' title='bbox 1683 5233 1828 5288; x_wconf 90' lang='lat' dir='ltr'>scita</span> <span class='ocrx_word' id='word_1_815' title='bbox 1857 5232 2053 5301; x_wconf 85' lang='lat' dir='ltr'>igitur,</span> <span class='ocrx_word' id='word_1_816' title='bbox 2087 5246 2173 5301; x_wconf 75' lang='lat' dir='ltr'>pe]</span> 
     </span>
    </p>
   </div>
   <div class='ocr_carea' id='block_1_110' title="bbox 2277 5229 3910 5306">
    <p class='ocr_par' dir='ltr' id='par_1_110' title="bbox 2305 5229 3910 5302">
     <span class='ocr_line' id='line_1_110' title="bbox 2305 5229 3910 5302; baseline -0.001 -20"><span class='ocrx_word' id='word_1_817' title='bbox 2305 5235 2569 5302; x_wconf 85' lang='grc' dir='ltr'><strong>αφιεμένη,</strong></span> <span class='ocrx_word' id='word_1_818' title='bbox 2617 5229 2885 5302; x_wconf 76' lang='grc' dir='ltr'><strong>φιλοῦντος</strong></span> <span class='ocrx_word' id='word_1_819' title='bbox 2933 5233 3106 5299; x_wconf 88' lang='grc' dir='ltr'><strong>νόμος,</strong></span> <span class='ocrx_word' id='word_1_820' title='bbox 3149 5233 3238 5280; x_wconf 82' lang='grc' dir='ltr'><strong>καὶ</strong></span> <span class='ocrx_word' id='word_1_821' title='bbox 3285 5231 3458 5302; x_wconf 83' lang='grc' dir='ltr'><strong>κρίσις</strong></span> <span class='ocrx_word' id='word_1_822' title='bbox 3507 5230 3706 5300; x_wconf 73' lang='grc' dir='ltr'><strong>ἔχθρας</strong></span> <span class='ocrx_word' id='word_1_823' title='bbox 3747 5248 3910 5300; x_wconf 82' lang='grc' dir='ltr'><strong>κεχω-</strong></span> 
     </span>
    </p>
   </div>
   <div class='ocr_carea' id='block_1_111' title="bbox 542 5313 2175 5394">
    <p class='ocr_par' dir='ltr' id='par_1_111' title="bbox 542 5321 2175 5388">
     <span class='ocr_line' id='line_1_111' title="bbox 542 5321 2175 5388; baseline -0.001 -10"><span class='ocrx_word' id='word_1_824' title='bbox 542 5326 645 5379; x_wconf 87' lang='lat' dir='ltr'>tua</span> <span class='ocrx_word' id='word_1_825' title='bbox 682 5322 828 5378; x_wconf 85' lang='lat' dir='ltr'>scita</span> <span class='ocrx_word' id='word_1_826' title='bbox 863 5325 1220 5386; x_wconf 90' lang='lat' dir='ltr'>evertuntur,</span> <span class='ocrx_word' id='word_1_827' title='bbox 1263 5329 1316 5378; x_wconf 91' lang='lat' dir='ltr'>et</span> <span class='ocrx_word' id='word_1_828' title='bbox 1353 5321 1771 5378; x_wconf 74' lang='lat' dir='ltr'>diffunduntur</span> <span class='ocrx_word' id='word_1_829' title='bbox 1805 5323 2018 5388; x_wconf 89' lang='lat' dir='ltr'>irrisa;</span> <span class='ocrx_word' id='word_1_830' title='bbox 2053 5337 2175 5376; x_wconf 75' lang='lat' dir='ltr'>cur:</span> 
     </span>
    </p>
   </div>
   <div class='ocr_carea' id='block_1_112' title="bbox 2278 5313 3911 5394">
    <p class='ocr_par' dir='ltr' id='par_1_112' title="bbox 2303 5313 3911 5394">
     <span class='ocr_line' id='line_1_112' title="bbox 2303 5313 3911 5394; baseline -0.002 -23"><span class='ocrx_word' id='word_1_831' title='bbox 2303 5325 2546 5394; x_wconf 83' lang='grc' dir='ltr'><strong>ρισμὲνη,</strong></span> <span class='ocrx_word' id='word_1_832' title='bbox 2597 5321 2688 5372; x_wconf 83' lang='grc' dir='ltr'>καὶ</span> <span class='ocrx_word' id='word_1_833' title='bbox 2733 5319 2930 5380; x_wconf 77' lang='grc' dir='ltr'><strong>ἀληθὴς</strong></span> <span class='ocrx_word' id='word_1_834' title='bbox 2975 5317 3207 5388; x_wconf 79' lang='grc' dir='ltr'><strong>ἔλεγχος,</strong></span> <span class='ocrx_word' id='word_1_835' title='bbox 3251 5321 3344 5370; x_wconf 85' lang='grc' dir='ltr'>καὶ</span> <span class='ocrx_word' id='word_1_836' title='bbox 3395 5317 3538 5390; x_wconf 81' lang='grc' dir='ltr'><strong>μάλα</strong></span> <span class='ocrx_word' id='word_1_837' title='bbox 3587 5313 3814 5380; x_wconf 77' lang='grc' dir='ltr'><strong>δικαίως</strong></span> <span class='ocrx_word' id='word_1_838' title='bbox 3853 5319 3911 5368; x_wconf 80' lang='grc' dir='ltr'><strong>οἶν</strong></span> 
     </span>
    </p>
   </div>
   <div class='ocr_carea' id='block_1_113' title="bbox 1875 5523 2544 5582">
    <p class='ocr_par' dir='ltr' id='par_1_113' title="bbox 1875 5523 2544 5582">
     <span class='ocr_line' id='line_1_113' title="bbox 1875 5523 2544 5582; baseline -0.003 -2"><span class='ocrx_word' id='word_1_839' title='bbox 1875 5523 2107 5580; x_wconf 78' lang='lat' dir='ltr'>VARle</span> <span class='ocrx_word' id='word_1_840' title='bbox 2145 5523 2544 5582; x_wconf 83' lang='lat' dir='ltr'>LECTIONES.</span> 
     </span>
    </p>
   </div>
   <div class='ocr_carea' id='block_1_114' title="bbox 651 5699 2836 5780">
    <p class='ocr_par' dir='ltr' id='par_1_114' title="bbox 651 5699 2836 5780">
     <span class='ocr_line' id='line_1_114' title="bbox 651 5699 2836 5780; baseline -0.005 -15"><span class='ocrx_word' id='word_1_841' title='bbox 651 5719 678 5752; x_wconf 71' lang='grc'>³</span> <span class='ocrx_word' id='word_1_842' title='bbox 709 5708 766 5764; x_wconf 90' lang='lat' dir='ltr'>C.</span> <span class='ocrx_word' id='word_1_843' title='bbox 801 5709 870 5766; x_wconf 72' lang='grc' dir='ltr'>Μ.</span> <span class='ocrx_word' id='word_1_844' title='bbox 904 5703 1172 5780; x_wconf 84' lang='grc' dir='ltr'><strong>ἀγαπητόν</strong></span> <span class='ocrx_word' id='word_1_845' title='bbox 1201 5701 1278 5762; x_wconf 82' lang='grc' dir='ltr'>δέ.</span> <span class='ocrx_word' id='word_1_846' title='bbox 1311 5705 1342 5748; x_wconf 77' lang='grc' dir='ltr'>ι)</span> <span class='ocrx_word' id='word_1_847' title='bbox 1371 5707 1430 5762; x_wconf 90' lang='lat' dir='ltr'>C.</span> <span class='ocrx_word' id='word_1_848' title='bbox 1465 5707 1532 5764; x_wconf 74' lang='grc' dir='ltr'>Μ.</span> <span class='ocrx_word' id='word_1_849' title='bbox 1562 5707 1738 5777; x_wconf 83' lang='grc' dir='ltr'><strong>γένους</strong></span> <span class='ocrx_word' id='word_1_850' title='bbox 1767 5711 1838 5776; x_wconf 83' lang='grc' dir='ltr'><strong>τῷ</strong></span> <span class='ocrx_word' id='word_1_851' title='bbox 1863 5710 2146 5778; x_wconf 75' lang='grc' dir='ltr'><strong>προνοητῇ.</strong></span> <span class='ocrx_word' id='word_1_852' title='bbox 2259 5713 2284 5744; x_wconf 80' lang='grc' dir='ltr'><strong>ο</strong></span> <span class='ocrx_word' id='word_1_853' title='bbox 2395 5703 2455 5760; x_wconf 90' lang='lat' dir='ltr'>C.</span> <span class='ocrx_word' id='word_1_854' title='bbox 2485 5703 2534 5758; x_wconf 72' lang='grc' dir='ltr'><strong>Μ</strong></span> <span class='ocrx_word' id='word_1_855' title='bbox 2573 5699 2836 5774; x_wconf 82' lang='grc' dir='ltr'><strong>περιελεῖν.</strong></span> 
     </span>
    </p>
   </div>
  </div>
