4136 6198
362 281 470 335 6‘29

1474 277 1569 333 AD
1610 275 2163 335 AMPHILOCHIUM
2205 278 2532 344 QUESTIO
2575 278 2663 336 CI.

3626 285 3733 341 630

365 406 662 479 νομισθείη.
706 402 870 458 Ὠστε
914 405 981 457 τὰ
1023 406 1113 477 μὲν
1153 406 1243 473 σὰ,
1277 401 1370 457 διὰ
1405 413 1503 459 τῶν
1543 411 1646 458 σῶν
1691 404 1961 477 ἀνατέτρα-

2079 408 2283 463 nostra
2297 406 2464 463 nullo
2483 406 2696 463 horum
2712 407 3081 480 impetantur
3106 423 3120 475 ;
3145 406 3251 464 sed
3268 408 3729 481 impudentiam,

364 513 496 547 πται
526 499 615 546 καὶ
660 490 694 547 δ
700 497 1060 545 ιαπέπαικται·
1104 502 1202 545 τῶν
1234 490 1285 545 δ’
1312 495 1571 567 ἡμετέρων
1602 493 1659 546 οῦ
1701 498 1853 565 μόνον
1883 494 1968 546 οῦ-

368 579 513 645 δενός
544 584 887 649 καθάπτεται,
921 581 1048 635 ἀλλὰ
1088 587 1177 635 καὶ
1216 581 1388 643 ἀνοίας
1417 588 1507 635 καὶ
1539 585 1769 655 θράσους
1800 579 1833 635 ὃ
1839 584 1872 634 ι’
1899 583 1967 634 ὧν

363 675 559 745 ἔφθασε
604 679 959 745 συκοφαντεῖν,
1006 672 1220 743 ἔλεγχον
1270 673 1478 744 ὑπέχει.
1525 672 1658 725 Ἀλλ’
1706 673 1749 725 εἰ
1782 675 1968 734 πάντες

365 761 681 832 πωλήσειαν,
738 769 885 823 ποῖος
937 758 1072 821 οἶκος
1135 764 1336 833 ἔντιμος
1400 759 1529 814 εἶναι
1589 759 1845 829 δύναται;
1898 761 1969 814 Ὠ.

366 847 703 912 διαλεκτικῆς
758 848 1022 923 ἀκριϐείας
1089 855 1180 903 καὶ
1236 847 1566 912 δεινότητοςῑ
1619 849 1823 924 βαϐαίί
1878 860 1969 912 τῆς

362 939 651 1013 ῥητορικῆς
704 958 799 991 σου
848 941 1189 999 πιθανότητος
1231 944 1321 992 καὶ
1360 936 1715 1013 δριμύτητοςί
1746 942 1771 992 6
1814 940 1969 1000 πολὺς

365 1030 511 1101 όρᾷν,
558 1032 648 1080 καὶ
682 1027 963 1102 πόρρωθεν,
997 1032 1054 1081 τό
1098 1028 1337 1101 ἑπόμενον
1367 1028 1379 1083 !
1413 1031 1439 1081 6
1482 1036 1586 1091 τοῖς
1629 1031 1826 1105 ῥήμασι
1878 1049 1967 1082 σο-

365 1116 547 1193 ϐαρός,
617 1122 708 1170 καὶ
763 1125 878 1178 ταῖς
926 1117 1242 1191 ἀνατροπαῖς
1290 1117 1682 1181 ἀνυπόστατοςῐ
1732 1121 1758 1170 ό
1804 1121 1867 1171 τὰ
1914 1118 1968 1171 ἐκ

363 1203 581 1281 τριόδου
634 1204 1008 1267 κατονειδίζων
1066 1206 1229 1280 ἡμῖνέ
1269 1207 1407 1281 Ἀρα
1458 1216 1625 1281 γραῦς
1679 1206 1726 1260 έν
1774 1205 1967 1281 τριόδῳ

365 1294 422 1348 έκ
469 1292 813 1366 παννυχίδων
857 1299 1063 1355 ἤκουσα
1099 1305 1199 1348 τῶν
1240 1306 1343 1349 σῶν
1393 1299 1536 1364 θεῶν,
1569 1302 1658 1349 καὶ
1702 1300 1821 1368 οἴνῳ
1852 1294 1971 1349 διά-

366 1382 584 1458 βροχος,
619 1385 749 1457 οῦχὶ
795 1388 990 1437 τούτων
1034 1384 1399 1461 έντρεχέστερά
1444 1406 1498 1440 τε
1543 1391 1632 1439 καὶ
1672 1385 1970 1458 ἁστειότερα

366 1473 678 1546 φθέγξαιτο;
715 1481 867 1536 Ποῖος
910 1472 1044 1535 οἶκος
1088 1477 1284 1546 ἔντιμος
1323 1472 1453 1528 εἶναι
1496 1472 1755 1541 (Miami;
1791 1479 1889 1528 Καὶ
1918 1479 1969 1527 τί

364 1571 458 1625 τῆς
504 1564 764 1629 ἰσότητος,
807 1564 915 1616 εἰπέ
958 1583 1066 1635 μοι,
1100 1572 1206 1625 τοῖς
1257 1565 1488 1637 ἰσότιμον
1524 1564 1757 1636 λαχοῦσι
1789 1567 1963 1637 φύσιν,

364 1659 668 1726 τιμιώτερον
692 1670 706 1719 ;
734 1657 788 1704 τί
829 1649 882 1704 δ’
928 1652 1001 1714 εἰς
1044 1654 1243 1725 αἵρεσιν
1295 1656 1519 1724 ἄμεινον,
1566 1656 1639 1715 οἷς
1678 1658 1772 1713 τὴν
1804 1654 1965 1712 αὐτὴν

2077 496 2415 563 audaciam,
2439 496 2805 553 calumniam
2826 497 3193 552 accusatoris
3209 499 3595 555 convincunt.
3618 502 3733 557 Sed

2077 584 2126 638 si
2166 599 2376 640 omnes
2415 585 2755 653 venderent,
2798 602 2936 659 quae
2979 587 3199 643 domus
3241 591 3348 642 aut
3388 588 3596 659 pretio,
3628 594 3734 646 aut

2076 673 2276 729 valore
2324 688 2431 729 suo
2470 679 2746 730 constare
2794 677 3050 748 posset?
3086 680 3229 732 Hem
3273 681 3441 732 tuam
3487 693 3734 734 exaccu-

2076 765 2271 817 ratam
2297 761 2704 820 dialecticam!
2746 765 2825 820 oh
2859 768 3210 837 gravitatem
3246 766 3257 819 !
3292 766 3502 838 Papae!
3538 769 3732 833 Quam

2075 850 2366 906 rhetorica
2404 854 2732 922 persuasio,
2783 870 2967 926 quam
3009 853 3289 910 severitas
3329 856 3456 911 haec
3494 856 3727 926 pungit,

2076 943 2135 995 et
2160 955 2340 1011 saepe,
2373 944 2429 995 et
2468 941 2643 1011 longe
2668 958 2704 998 a
2745 946 3171 1015 consequentia
3204 945 3508 1001 intuetur!
3540 960 3729 1017 quam

2074 1029 2397 1086 verborum
2423 1046 2711 1103 pompam
2742 1033 2801 1087 in
2827 1032 3143 1089 refutando
3176 1048 3297 1105 prae
3324 1049 3386 1089 se
3412 1033 3524 1090 fert
3547 1033 3559 1089 l
3588 1050 3724 1107 quae

2077 1119 2341 1174 convicia
2370 1119 2443 1175 de
2473 1119 2644 1175 trivio
2673 1124 2912 1194 arrepta
2954 1122 3012 1177 in
3053 1137 3166 1177 nos
3204 1125 3471 1192 congerit
3502 1123 3514 1177 !
3561 1126 3731 1181 Certe

2077 1207 2412 1263 triobolaris
2451 1223 2604 1264 anus
2657 1209 2731 1265 de
2779 1210 2997 1280 vigiliis
3043 1211 3292 1267 deorum
3339 1216 3579 1268 tuorum
3626 1228 3732 1284 per

2077 1297 2335 1366 compita
2364 1312 2699 1368 permeans,
2723 1299 2865 1354 vino
2892 1298 3255 1365 madefacta,
3281 1316 3356 1355 an
3384 1302 3731 1372 nonmagis

2077 1386 2350 1456 apposite
2388 1391 2443 1442 et
2479 1389 2684 1443 exacte
2710 1387 3142 1460 responderet?
3174 1390 3316 1454 Quae
3350 1389 3570 1446 domus
3599 1405 3729 1462 pre-

2076 1475 2156 1529 tio
2197 1478 2473 1530 constare
2516 1476 2781 1547 poterit?
2824 1481 2880 1533 et
2923 1478 3206 1548 quidnam
3256 1478 3450 1550 magis
3477 1479 3731 1535 honora-

2076 1567 2223 1628 tum,
2248 1578 2432 1635 quam
2473 1565 2785 1636 aequalitas
2823 1566 2974 1622 inter
2997 1582 3099 1623 eos
3137 1566 3362 1639 quibus
3393 1571 3483 1624 est
3515 1574 3731 1626 natura
3794 1620 3795 1629 χ

2076 1652 2361 1724 aequalis?
2378 1653 2525 1725 quid
2542 1655 2729 1723 magis
2741 1654 3026 1726 optabile,
3054 1672 3238 1728 quam
3256 1659 3319 1710 ut
3331 1656 3434 1728 qui
3449 1657 3726 1713 eamdem

363 1741 511 1796 πόλιν
559 1746 764 1814 γέγονεν
811 1742 988 1808 οἰκεῖν,
1035 1745 1161 1816 ὑπὲρ
1212 1750 1304 1796 τοῦ
1341 1753 1519 1807 κοινῆς
1560 1744 1833 1797 ἀπολαύειν
1877 1749 1961 1798 καὶ

2074 1741 2369 1797 civitatem
2398 1724 2638 1809 colunt,
2672 1724 2891 1816 aequali
2927 1724 3090 1800 statu
3121 1748 3178 1799 et
3219 1724 3560 1801 conditione
3600 1761 3729 1818 per-

364 1834 549 1904 ὁμοίας
601 1829 863 1893 πολιτείας
897 1849 911 1898 ;
947 1832 1082 1884 Ἀλλ’
1137 1836 1165 1891 ἡ
1218 1833 1484 1896 πλεονεξία
1532 1833 1581 1900 ἀ,
1641 1836 1671 1893 ἡ
1732 1841 1965 1908 τυραννίς

368 1941 455 1974 σοι
493 1923 559 1974 τὰ
597 1923 797 1993 ἔντιμα,
832 1922 862 1980 ᾖ
908 1924 957 1974 οἱ
989 1918 1133 1975 δόλοι
1176 1927 1265 1976 καὶ
1312 1925 1378 1975 τὰ
1415 1931 1512 1975 τῶν
1557 1923 1964 1995 παλιγκαπήλων

362 2016 453 2063 καὶ
506 2009 824 2083 μεταϐολέων
878 2009 1111 2085 ἕπάρατα
1166 2014 1301 2064 κατὰ
1351 2021 1450 2064 τῶν
1499 2012 1718 2070 πλησίον
1774 2033 1963 2086 μηχα-

362 2104 573 2172 νήματα
614 2104 704 2152 καὶ
752 2101 1097 2172 τεχνάσματα
1125 2120 1137 2133 ·
1166 2107 1270 2163 πᾶς
1316 2103 1418 2175 γὰρ
1464 2104 1528 2162 ὡς
1568 2100 1754 2154 ἐπίπαν
1800 2102 1962 2155 πλοῦ-

360 2207 446 2249 τος
479 2190 509 2248 ἦ
545 2190 879 2262 προσφάτους
926 2190 956 2249 ἡ
1001 2189 1311 2263 παλαιτέρας
1341 2194 1533 2253 ταύτας
1576 2194 1691 2264 ἔχει
1737 2194 1827 2252 τὰς
1866 2211 1964 2250 πη-

359 2282 461 2350 γὰς
510 2286 603 2340 τῆς
650 2282 911 2349 γενέσεως,
947 2274 1021 2331 δι’
1066 2279 1133 2330 ὧν
1164 2280 1189 2331 6
1238 2279 1548 2353 παραϐάτης
1596 2279 1963 2353 ἁποσεμνύνειν

360 2370 491 2439 ἔγνω
541 2370 597 2419 τὸ
646 2370 865 2438 ἔντιμον.
917 2366 1051 2420 Ἀλλ’
1095 2367 1218 2429 ὅλως
1264 2369 1532 2441 ἠγνόηκεν,
1580 2372 1753 2445 ὥσπερ
1802 2369 1960 2422 ἅπαν·

360 2476 446 2527 τα,
481 2461 532 2509 τί
579 2459 669 2528 μὲν
701 2460 757 2508 τὸ
791 2454 1015 2521 ἀληθῶς,
1048 2461 1137 2509 καὶ
1168 2461 1309 2531 παρὰ
1353 2467 1467 2529 Θεῷ
1496 2464 1688 2531 τίμιον,
1717 2463 1768 2511 τί
1803 2456 1861 2511 δὲ
1904 2462 1962 2510 τό

359 2552 432 2619 μὴ
485 2546 651 2607 οὕτως
692 2548 837 2617 ἔχον.
870 2544 1170 2621 ’Ἄνθρωποι
1208 2550 1298 2619 μεν
1326 2551 1447 2620 γὰρ,
1482 2554 1572 2600 καὶ
1619 2552 1677 2601 τό
1721 2568 1774 2601 τε
1804 2550 1852 2601 οἱ
1907 2546 1963 2611 ἐξ

360 2632 565 2704 ἀγέλης·
622 2633 679 2686 οῦ
730 2636 829 2708 γὰρ
892 2633 952 2686 ἂν
1020 2636 1071 2687 οἰ
1121 2655 1176 2707 γε
1242 2636 1547 2709 φιλοσοφίας
1598 2640 1823 2710 καθαρόν
1878 2640 1962 2689 τόν

360 2725 531 2795 ἔρωτα
597 2727 1032 2795 συντηρήσαντες,
1094 2728 1223 2799 πρός
1277 2725 1326 2778 ἓν
1372 2731 1524 2798 μόνον
1577 2729 1662 2778 τὸν
1719 2726 1960 2793 πλοῦτον,

358 2816 449 2863 καὶ
496 2815 591 2868 τὴν
636 2810 687 2874 ἐξ
734 2812 894 2864 αὐτοῦ
938 2818 1136 2888 τρυφὴν
1183 2819 1275 2866 καὶ
1324 2811 1480 2878 δόξαν
1522 2820 1817 2887 κεχηνότες,
1868 2815 1962 2867 κᾶν

357 2905 567 2973 μυρίοις
611 2902 637 2952 ό
684 2906 989 2975 κεκτημένος
1038 2901 1178 2976 βρύει
1219 2911 1419 2969 κακοῖς,
1465 2909 1636 2977 τίμιον
1681 2904 1835 2956 αὐτόν
1874 2910 1961 2957 καὶ

358 2992 619 3061 μακάριον
679 2992 954 3061 ἡγοῦνται.
1012 2994 1136 3053 Θεὸς
1192 2989 1250 3045 δὲ
1300 2996 1385 3045 τόν
1435 2992 1616 3052 εὐσεϐῆ
1674 2998 1822 3066 τιμᾷ,
1877 2998 1964 3045 καὶ

2073 1830 2388 1886 fruantur?
2418 1832 2528 1888 Sed
2552 1832 2948 1905 inaequalitas,
2976 1833 3081 1888 sed
3105 1832 3375 1904 tyrannis
3396 1834 3562 1905 apud
3592 1839 3647 1890 te
3667 1835 3727 1890 in

2071 1921 2282 1990 pretio,
2310 1920 2403 1976 vel
2443 1921 2584 1986 doli,
2616 1922 2720 1977 sed
2763 1922 3237 1995 cauponantium
3268 1926 3327 1979 et
3362 1922 3722 1979 licitatorum

2072 2008 2131 2062 in
2160 2008 2381 2064 vicinos
2417 2010 2713 2066 machinae
2747 2015 2805 2065 et
2838 2010 3174 2067 artificiosae
3207 2011 3465 2067 fraudes.
3508 2014 3727 2069 Omnes

2071 2098 2230 2152 enim
2262 2114 2430 2170 opes,
2459 2097 2551 2153 vel
2574 2114 2784 2165 novos,
2818 2099 2908 2156 vel
2935 2100 3214 2172 antiquos
3251 2100 3446 2156 fontes
3478 2102 3726 2156 eosdem

2070 2185 2315 2251 habent,
2340 2201 2446 2258 per
2465 2203 2612 2257 quos
2628 2191 2904 2258 apostata
2926 2204 3102 2243 suum
3124 2188 3479 2244 honorabile
3499 2189 3728 2258 magni-

2069 2275 2251 2330 ﬁcare
2278 2273 2419 2329 vult.
2446 2276 2555 2340 Qui
2580 2275 2776 2346 plane,
2810 2279 2875 2330 ut
2903 2280 2961 2331 et
2986 2280 3195 2332 caetera
3217 2276 3555 2346 ignorabat,
3579 2277 3727 2348 quid

2071 2365 2233 2436 apud
2278 2367 2461 2421 Deum
2509 2364 2909 2421 honoriﬁcum
2954 2370 3116 2421 esset
3156 2366 3428 2431 veritate,
3471 2382 3543 2422 ac
3580 2365 3726 2439 quid

2070 2469 2214 2509 non.
2243 2455 2523 2510 Homines
2556 2455 2736 2520 enim,
2763 2455 2900 2510 licet
2933 2471 3054 2511 non
3082 2454 3359 2525 gregarii,
3393 2455 3499 2510 sed
3536 2455 3726 2528 philo-

2071 2543 2265 2613 sophi,
2304 2544 2406 2617 qui
2452 2544 2738 2600 illibatum
2790 2548 3148 2600 conservant
3195 2559 3485 2612 amorem,
3518 2534 3725 2599 unicas

2069 2635 2305 2688 tantum
2347 2634 2583 2689 divitias
2641 2649 2970 2707 earumque
3017 2632 3279 2689 lautitias
3320 2641 3375 2689 et
3413 2633 3722 2705 gloriolam

2069 2722 2320 2788 inhiant,
2352 2728 2410 2779 et
2433 2728 2736 2796 utcunque
2757 2724 2860 2796 qui
2889 2738 2991 2779 eas
3012 2722 3322 2795 possident
3350 2738 3495 2794 opes
3525 2722 3727 2778 multis

2070 2811 2243 2867 malis
2276 2816 2564 2880 scateant,
2584 2813 3008 2869 honorandum
3039 2817 3246 2868 tamen
3276 2816 3335 2868 et
3364 2811 3610 2867 beatum
3631 2811 3725 2882 ju-

2071 2901 2298 2957 dicant.
2338 2904 2491 2957 Deus
2524 2902 2745 2974 pietate
2770 2902 3051 2974 praeditos
3078 2902 3353 2966 honorat,
3388 2906 3446 2956 et
3473 2900 3723 2971 gloriam

2070 2988 2176 3046 dat
2214 2990 2491 3047 virtutem
2530 2991 2931 3060 diligentibus,
2972 2990 3108 3046 licet
3136 3006 3322 3061 opum
3361 2989 3491 3044 illos
3525 2992 3724 3045 tumor

356 3087 470 3140 τοῖς
511 3079 802 3154 φιλαρέτοις
840 3084 897 3132 τὸ
948 3080 1144 3142 εὐκλεὲς
1191 3081 1448 3153 ἀπονέμει,
1481 3081 1576 3134 κᾶν
1620 3083 1645 3133 6
1684 3091 1784 3133 τῶν
1826 3102 1961 3154 χρη-

2072 3094 2193 3134 non
2224 3078 2390 3134 inﬂet
2408 3094 2517 3135 nec
2539 3080 2760 3152 typhus
2784 3085 2889 3135 aut
2908 3078 3082 3134 luxus
3113 3077 3502 3134 observabilis
3529 3075 3723 3132 fuerit.

357 3169 539 3239 μάτων
582 3168 771 3231 αὐτοὺς
824 3173 977 3241 ὄγκος
1025 3169 1084 3221 οὐ
1133 3168 1452 3243 φλεγμαίνει,
1507 3167 1622 3223 οὐδ’
1676 3172 1702 3222 ό
1773 3170 1960 3223 ἐκεῖθεν

356 3258 515 3328 τὺφος
557 3261 647 3309 καὶ
698 3258 728 3315 ἡ
799 3261 968 3330 τρυφὴ
1018 3257 1382 3332 περιϐλέπτους
1430 3265 1584 3314 ποιεῖ.
1646 3258 1847 3313 Μᾶλλον
1903 3255 1962 3312 δὲ

356 3344 438 3405 οἷς
477 3346 507 3402 ἡ
551 3340 681 3407 δόξα
724 3342 818 3398 διὰ
846 3348 1056 3412 τούτων,
1093 3343 1210 3399 οὐδ’
1254 3349 1280 3399 6
1322 3356 1412 3408 τῆς
1443 3346 1630 3420 ἀρετῆς
1668 3347 1823 3400 ἐθέλει
1864 3352 1962 3400 πό-

361 3434 470 3497 θος,
506 3429 619 3486 οὐδ¹
666 3434 692 3485 6
721 3441 815 3496 τῆς
859 3434 1122 3497 εὐσεϐείας
1171 3436 1327 3498 ζῆλος
1369 3444 1639 3511 περιεῖναι.
1670 3433 1818 3489 Ἔδει
1855 3456 1960 3490 τοι-

354 3528 574 3594 γαροῦν,
637 3519 763 3589 ἔδει,
818 3527 946 3578 Θεὸν
995 3526 1116 3577 ὄντα
1167 3529 1254 3578 τόν
1308 3529 1497 3599 Κύριον
1550 3527 1696 3599 ἡμῶν
1752 3527 1958 3584 Ἰησοῦν

357 3613 612 3683 Χριστόν,
644 3614 730 3663 τόν
779 3609 862 3664 έπὶ
906 3617 1144 3688 σωτηρίᾳ
1179 3622 1268 3666 τοῦ
1296 3618 1474 3685 γένους
1511 3620 1804 3668 κενώσαντα
1835 3615 1957 3668 ἐαυ-

356 3703 446 3752 τόν
485 3705 576 3752 καὶ
623 3699 1007 3776 παραπλησίως
1055 3704 1180 3773 ἡμῖν
1230 3707 1420 3776 σαρκός
1465 3708 1553 3756 καὶ
1597 3706 1820 3777 αἵματος
1851 3725 1959 3757 κοι-

356 3793 682 3856 νωνήσαντα,
717 3795 788 3862 μὴ
822 3794 952 3863 πρὸς
996 3794 1045 3843 τό
1077 3788 1182 3850 ἡδὺ
1221 3796 1309 3844 καὶ
1338 3797 1717 3866 κεχαρισμένον
1762 3802 1865 3854 τοῖς
1894 3796 1960 3846 τὰ

357 3876 562 3950 ἇπίγεια
608 3887 880 3952 φρονοῦσιν
932 3877 1082 3945 ἰδεῖν,
1113 3877 1244 3953 μηδ’
1289 3882 1389 3933 ὅσα
1435 3887 1622 3934 κακίαν
1675 3885 1787 3954 φύει
1835 3886 1957 3935 τού-

356 3988 460 4021 των
517 3967 589 4029 εἰς
642 3969 793 4043 ῥίζας
843 3975 1106 4046 περιορᾷν,
1163 3975 1252 4022 καὶ
1308 3974 1507 4043 καρπὸν
1563 3974 1630 4023 τὰ
1684 3975 1960 4045 σπέρματα

359 4052 713 4110 διαδίδοσθαι
746 4075 758 4087 ·
794 4057 959 4110 ἐκεῖνα
990 4055 1049 4112 δὲ
1094 4063 1248 4132 νόμον
1278 4063 1367 4111 καὶ
1396 4059 1742 4132 παράγγελμα
1770 4068 1958 4129 ποιεῖν,

359 4142 436 4198 δι’
488 4146 557 4196 ὧν
604 4146 864 4222 πρόρριζα
912 4151 1002 4219 μὲν
1060 4152 1287 4221 τέμνεται
1344 4150 1409 4201 τὰ
1452 4151 1613 4214 πάθη,
1664 4156 1852 4221 αρετῆς
1900 4147 1958 4203 δε

357 4237 536 4296 πάσης
590 4241 680 4288 καὶ
739 4238 951 4311 θεωρίας
998 4237 1299 4310 εἰλικρινοῦς
1342 4239 1691 4312 κατορθοῦτας
1721 4250 1746 4278 θ
1792 4241 1822 4297 ἡ
1880 4258 1955 4291 τεο

357 4323 602 4386 λείωσις⁸
650 4325 717 4376 ὧν
760 4322 1010 4398 οὐδεμιᾶς
1040 4322 1192 4389 ἐνδεῖ,
1238 4326 1428 4399 μᾶλλον
1482 4324 1541 4380 δὲ
1583 4326 1847 4392 πλειόνων,
1907 4327 1960 4390 ἐξ

2073 3170 2219 3223 Nam
2252 3168 2351 3240 qui
2372 3167 2625 3238 gloriam
2648 3168 2787 3224 inde
2812 3171 3212 3240 aucupantur,
3236 3183 3339 3222 nec
3365 3166 3595 3222 virtutis
3627 3166 3728 3222 de-

2071 3255 2307 3325 siderio,
2375 3273 2486 3313 nec
2552 3257 2795 3329 pietatis
2868 3256 3071 3330 aliquo
3150 3259 3482 3328 tanguntur
3563 3256 3722 3321 zelo;

2069 3361 2299 3418 aequum
2326 3350 2451 3402 erat
2475 3362 2638 3415 ergo,
2668 3353 2730 3401 ut
2757 3346 3042 3403 Dominus
3068 3350 3126 3400 et
3155 3347 3306 3400 Deus
3328 3349 3534 3401 noster
3558 3347 3725 3400 Jesus

2070 3434 2356 3501 Christus,
2390 3436 2491 3508 qui
2522 3436 2601 3492 ob
2628 3436 2859 3506 generis
2886 3436 3073 3491 nostri
3097 3434 3351 3491 salutem
3380 3449 3443 3490 se
3470 3449 3724 3490 evacua-

2070 3529 2237 3580 verat
2257 3529 2312 3580 et
2337 3526 2535 3582 carnis
2559 3529 2774 3582 nostrae
2795 3530 2975 3599 atque
3002 3524 3314 3595 sanguinis
3335 3523 3519 3580 ﬁebat
3545 3523 3725 3596 parti-

2068 3629 2229 3685 ceps,
2261 3630 2383 3671 non
2424 3615 2481 3670 id
2512 3615 2671 3688 quod
2715 3630 2897 3670 suave
2928 3619 2988 3669 et
3028 3619 3340 3686 acceptum
3380 3618 3469 3669 est
3506 3612 3575 3668 iis
3619 3614 3725 3686 qui

2066 3707 2300 3759 terrena
2331 3704 2593 3777 sapiunt,
2620 3708 2720 3760 aut
2740 3719 2875 3776 quas
2896 3703 3224 3776 nequitiam
3246 3701 3719 3775 progerminant,

2068 3808 2274 3849 eorum
2332 3793 2563 3848 radices
2618 3792 3040 3857 consideraret,
3094 3795 3153 3847 et
3208 3791 3437 3847 semina
3505 3793 3725 3847 sereret

2069 3882 2369 3953 ejusmodi
2414 3881 2669 3936 fructum
2709 3881 3137 3954 producentia;
3186 3879 3311 3947 sed,
3359 3883 3424 3935 ut
3459 3879 3622 3949 leges
3666 3882 3724 3935 et

2069 3970 2263 4027 edicta
2309 3970 2409 4025 illa
2460 3970 2689 4025 sancire
2744 3987 2847 4041 per
2898 3986 3023 4043 qua:
3072 3967 3359 4024 radicitus
3413 3968 3724 4040 passiones

2068 4058 2416 4126 evelluntur,
2450 4059 2680 4114 virtutis
2697 4062 2755 4114 et
2776 4057 3307 4129 comtemplationis
3339 4072 3503 4127 puras
3535 4055 3722 4128 perfe—

2070 4148 2185 4203 ctio
2239 4151 2697 4203 consummatur
2738 4166 2750 4205 :
2798 4147 2962 4203 nullo
3010 4146 3249 4201 illorum
3297 4144 3543 4214 indiget,
3600 4146 3722 4200 imo

2069 4237 2472 4308 multipliciter
2523 4253 2594 4292 ea
2651 4237 2913 4291 continet
2964 4251 3227 4307 praesens
3284 4234 3614 4290 admonitio
3666 4237 3724 4289 et

2067 4325 2401 4382 consilium.
2448 4325 2561 4382 Sed
2610 4324 2879 4381 fortassis
2918 4325 3062 4380 nihil
3095 4328 3182 4379 est
3219 4323 3281 4378 in
3320 4323 3432 4378 hoc
3474 4322 3723 4378 consilio

358 4414 426 4464 ὧν
486 4416 706 4487 εἴρηται,
761 4418 818 4467 τό
891 4416 1079 4490 κράτος
1152 4417 1329 4487 ἐπεχει
1394 4420 1479 4467 καὶ
1552 4419 1581 4474 ἠ
1651 4421 1955 4491 προκειμένη

2070 4414 2363 4471 absonum
2394 4419 2498 4468 aut
2514 4414 2871 4479 absurdum,
2900 4428 3009 4468 nec
3031 4428 3241 4468 ansam
3267 4411 3432 4485 quod
3462 4410 3723 4482 praebeat
3786 4467 3795 4481 ,

357 4505 682 4576 παραίνεσις.
729 4502 864 4557 Ἀλλ’
912 4505 1016 4579 ἄρα
1057 4508 1257 4576 μήποτε
1302 4505 1529 4579 ῥηθῆναι
1580 4508 1669 4578 μὲν
1713 4508 1742 4564 ἠ
1787 4506 1956 4564 ἐντολὴ

361 4590 495 4644 ἅπαν
544 4588 814 4665 διαφεύγει
860 4592 1173 4666 παράλογον,
1215 4597 1302 4645 καὶ
1347 4602 1443 4655 τῆς
1476 4592 1531 4645 ἐκ
1587 4594 1748 4665 λόγων
1794 4594 1958 4656 λαϐῆς

356 4681 573 4738 ἕστηκεν
601 4680 898 4755 ὑψηλοτέρα
924 4701 937 4714 ο
970 4691 1314 4757 παραχρῆναι
1358 4679 1417 4735 δε
1446 4683 1550 4755 οὐχ
1590 4685 1771 4755 ὁμοίαν
1800 4684 1957 4755 ἔλαχε

361 4771 515 4842 φύσιν
549 4788 561 4798 ’
595 4765 731 4822 ἐνδεῖ
759 4767 818 4822 δε
848 4778 945 4831 τῆς
982 4769 1030 4822 ἐν
1059 4771 1292 4844 ῥήμασιν
1324 4770 1650 4836 ἀκολουθίας,
1685 4774 1714 4830 ἡ
1762 4771 1810 4822 έν
1843 4779 1955 4834 ταῖς

356 4857 605 4932 πράξεσιν
647 4859 884 4931 ὗπαρξις,
916 4863 1006 4911 καί
1036 4878 1112 4919 τις
1153 4860 1315 4922 οὕτως
1352 4862 1480 4932 ἔσχε
1522 4856 1596 4913 δι’
1639 4861 1808 4913 αὐτῶν
1858 4870 1955 4913 τῶν

357 4950 519 5021 ἔργων
569 4946 947 5021 ἐναργεστάτην
1000 4957 1300 5021 παρασχεῖν
1352 4954 1440 5007 τὴν
1492 4952 1805 5014 ὑπόστασιν,
1867 4956 1956 5003 καὶ

354 5039 411 5088 τὸ
454 5035 502 5088 έν
548 5036 717 5108 λόγοις
766 5037 1043 5091 ἀκόλουθον
1088 5038 1333 5111 ὁμόλογον
1378 5048 1439 5112 τῇ
1474 5047 1733 5115 πρακτικῇ
1768 5040 1957 5092 οὐσιῶ-

357 5145 437 5179 σει
481 5122 871 5190 ἐπιδείξασθαι.
912 5128 1053 5181 Ἐπεὶ
1103 5130 1204 5202 γὰρ
1254 5131 1283 5186 ἡ
1336 5134 1589 5203 σωτήριος
1633 5128 1762 5187 αὑτὴ
1816 5150 1953 5203 παρ-

354 5220 553 5278 αίνεσις
599 5211 694 5268 διὰ
740 5225 844 5269 τῶν
898 5224 1221 5270 Δεσποτικών
1272 5223 1364 5269 καὶ
1413 5216 1693 5292 ἁχράντων
1740 5218 1953 5290 χειλέων

352 5304 713 5377 προελήλυθεν,
751 5304 803 5369 ἐξ
856 5303 1049 5359 έκείνου
1103 5310 1268 5380 μέχρι
1322 5314 1411 5358 νῦν
1454 5306 1547 5359 οῦκ
1596 5309 1711 5360 ἔστι
1761 5311 1953 5381 χρόνον

353 5396 537 5469 εὑρεῖν,
569 5392 619 5446 έν
743 5394 838 5447 οὐκ
884 5397 994 5449 ἔστι
1040 5397 1233 5454 ταύτην
1283 5392 1411 5449 ἰδεῖν
1464 5394 1513 5448 ἐν
1555 5402 1672 5459 ταῖς
1721 5404 1820 5449 τῶν
1868 5398 1955 5448 ἁν-

2062 4505 2224 4576 juste
2256 4502 2562 4575 carpendi.
2608 4502 2723 4558 Sed
2763 4518 2883 4558 non
2915 4506 3039 4559 tam
3070 4501 3241 4556 facile
3273 4505 3489 4556 natura
3518 4499 3629 4555 fert
3659 4502 3724 4554 ut

2065 4592 2191 4659 ﬁat,
2225 4596 2281 4648 et
2318 4593 2551 4648 actione
2577 4591 2950 4664 compleatur
2979 4590 3174 4645 deﬁcit
3203 4595 3391 4655 actus,
3425 4603 3536 4645 nec
3560 4587 3721 4660 aspi-

2066 4687 2161 4738 rat
2198 4682 2275 4737 ad
2315 4680 2602 4737 orationis
2644 4679 2972 4753 sequelam,
3014 4695 3122 4735 nec
3151 4679 3286 4751 quis
3318 4694 3497 4751 opere
3529 4676 3722 4733 subsi-

2068 4775 2320 4827 stentem
2359 4771 2657 4826 actionem
2712 4774 3011 4840 suggeret,
3053 4774 3151 4823 aut
3186 4768 3557 4825 conformem
3599 4782 3721 4823 ser-

2070 4862 2252 4916 moni.
2295 4860 2620 4917 Consilium
2668 4859 2782 4914 hoc
2831 4857 3201 4914 salutiferum
3251 4872 3358 4928 per
3404 4856 3723 4928 purissima

2068 4949 2301 5005 Domini
2317 4948 2477 5005 labia
2499 4948 2823 5020 prolatum,
2837 4946 2918 5002 ab
2934 4946 3095 5003 omni
3114 4946 3409 5019 praeterita
3428 4944 3722 5002 memoria

2067 5039 2142 5094 ad
2180 5039 2341 5093 hunc
2372 5052 2564 5109 usque
2603 5036 2762 5092 diem
2804 5050 3039 5106 semper
3068 5035 3353 5091 animitus
3381 5033 3721 5090 hominibus

2065 5128 2417 5192 radicatum,
2473 5131 2531 5181 et
2566 5125 2877 5197 profunde,
2928 5125 3067 5188 late,
3108 5123 3285 5194 longe
3325 5127 3717 5193 augmentum

2064 5217 2332 5288 capiens,
2355 5216 2603 5271 virtutes
2629 5218 2874 5271 caeteras
2912 5214 3208 5287 perfectas
3230 5212 3673 5269 consummavit
3702 5226 3714 5266 :

2065 5311 2151 5363 ter
2183 5306 2339 5361 mille
2374 5305 2693 5378 quinquies
2722 5304 2883 5360 mille
2913 5303 3074 5371 olim,
3106 5309 3165 5360 et
3201 5306 3412 5376 postea
3436 5302 3720 5359 innume—

2062 5394 2269 5452 rabilis
2306 5393 2621 5450 hominum
2661 5393 3002 5460 multitudo,
3042 5393 3105 5449 in
3139 5405 3462 5450 commune
3501 5405 3714 5447 conve-

1703 5502 1936 5560 VARLE
1964 5500 2259 5559 LECTION
2269 5502 2368 5556 ES.

425 5589 452 5633 ἀ
497 5591 553 5644 ἰσ
581 5591 635 5649 ἦ.
750 5600 773 5628 ⁸
803 5594 868 5649 C.
907 5592 976 5645 M.
1010 5592 1390 5667 κατορθοῦσαν.
