4136 6198
477 267 575 322 631
1650 267 1885 322 PHOTII
1931 267 2119 325 PATR

2230 266 2419 322 RCHAS
2460 268 2569 323 (ΞΡ.

3743 267 3849 321 632

478 392 726 456 nientes,
795 394 853 446 et
913 390 987 446 de
1043 390 1294 462 propriis
1353 390 1727 458 decedentes,
1784 392 2119 450 communia

2245 394 2460 467 θρώπων
2521 392 2730 464 ψυχαῖς
2784 388 3242 466 διαρῥιξουμενην,
3287 394 3373 443 καὶ
3430 387 3850 462 ἐμϐαθύνουσαν,

477 480 793 536 voluerunt
844 496 975 535 esse
1021 496 1157 553 qua:
1207 480 1621 549 possidebant,
1674 498 1781 536 nec
1830 483 1982 537 inter
2030 499 2131 537 eos

475 570 776 641 quispiam
809 585 1037 641 pauper
1066 574 1192 624 erat
1220 570 1369 639 (erat
1406 570 1532 626 haec
1574 571 1860 626 mirabilis
1898 571 2132 643 aequali-

476 662 589 722 tas,
623 673 733 713 nec
763 659 1063 729 speranda
1092 658 1202 713 nisi
1233 676 1366 713 cum
1400 660 1830 730 adhiberetur),
1865 660 1968 715 sed
2021 676 2130 715 nec

476 749 665 805 dives.
700 772 727 798 »
761 749 1113 820 Quicunque
1138 750 1309 815 enim,
1347 770 1373 800 ››
1406 750 1490 804 ait
1523 752 1884 823 Scripturan
1911 752 2128 806 domos

476 838 567 895 vel
600 854 775 908 agros
807 838 1216 910 possidebant,
1250 839 1612 904 vendebant,
1656 846 1707 895 et
1741 842 1997 912 pretium
2028 842 2129 897 ad-

475 928 722 983 ductum
736 928 811 982 ad
826 927 1006 999 pedes
1021 928 1433 997 apostolorum
1457 930 1847 1001 deponebant,
1868 935 1925 985 et
1937 930 2123 985 distri-

474 1016 773 1073 buebatur
799 1016 1011 1089 cuique
1052 1022 1229 1087 prout
1276 1016 1586 1086 indigebat
1630 1020 1697 1072 ⁷⁵.
1736 1040 1759 1069 υ
1796 1020 2001 1079 Audis,
2032 1022 2129 1075 Ju-

476 1104 631 1160 liane
664 1122 677 1159 :
712 1106 819 1171 Qui
862 1121 1235 1176 possessores
1276 1110 1465 1171 erant,
1510 1107 1869 1163 vendebant.
1923 1111 2127 1163 Nonne

475 1210 685 1250 omnes
716 1194 743 1249 ?
786 1194 886 1249 sed
939 1199 1066 1249 tum
1117 1194 1195 1249 ab
1240 1195 1403 1249 initio
1453 1196 1809 1251 mandatum
1849 1196 1993 1252 illud
2044 1198 2126 1254 ita

476 1282 786 1355 splendide
811 1283 1123 1348 ferebatur,
1158 1287 1219 1337 ut
1248 1299 1425 1355 opere
1456 1284 1692 1339 ﬂoreret
1724 1304 1736 1343 :
1766 1285 1853 1340 Ab
1884 1301 1953 1340 eo
1982 1290 2123 1340 tem-

476 1387 619 1444 pore
676 1371 753 1425 ad
808 1371 965 1426 hunc
1029 1389 1219 1444 usque
1274 1373 1453 1443 diem,
1512 1390 1628 1428 non
1687 1374 1868 1429 modo
1915 1374 2122 1430 ﬂorem

474 1477 709 1516 summe
752 1461 1311 1518 immarcescibilem
1353 1466 1778 1518 conservatum
1824 1463 2119 1530 videmus,

473 1549 635 1605 unde
665 1550 881 1605 animas
911 1550 1225 1605 hominum
1260 1552 1621 1606 circumfuso
1652 1552 1835 1606 odore
1867 1552 2121 1623 perfusa!

472 1639 547 1694 ad
574 1639 857 1693 virtutum
890 1638 1161 1693 omnium
1195 1639 1558 1694 salutiferam
1594 1644 1649 1694 et
1681 1640 1973 1695 viviﬁcam
2010 1641 2121 1695 fra-

2241 488 2329 534 καὶ
2378 482 2449 543 εἰς
2496 482 2689 542 πλάτος
2732 488 2820 533 καὶ
2864 490 3029 552 μῆκος
3084 479 3430 544 αύξάνουσαν,
3480 481 3851 540 συναύξουσάν

2241 592 2293 623 τε
2344 574 2433 632 τάς
2492 572 2648 633 ἄλλοις
2714 570 2894 645 ἀρετὰς
2950 574 3039 621 καὶ
3102 569 3596 640 συναπαρτίζουσαν
3632 589 3644 600 ⁶
3680 575 3739 620 τό
3798 591 3851 623 τε

2240 664 2330 732 μὲν
2359 663 2456 734 γὰρ
2499 659 2789 734 τρισχίλιοι
2828 664 2916 710 καὶ
2957 657 3400 729 πεντακισχίλιοι,
3446 654 3556 709 εἶτα
3594 663 3685 708 καὶ
3716 660 3851 717 πλῆ-

2242 752 2322 809 θος
2375 752 2615 821 ὲκφεῦγον
2665 754 2757 807 τὴν
2819 747 3201 820 ἀπαρίθμησιν,
3264 751 3522 808 συνιόντες
3582 746 3849 815 ἀλληλοις,

2238 844 2327 889 καὶ
2370 847 2466 889 τῶν
2524 835 2671 889 ἰδίων
2724 838 3063 908 ἐξιστάμενοι,
3112 838 3257 888 κοινὰ
3304 839 3367 887 τά
3403 840 3520 887 ὄντα
3573 838 3851 907 προύτίθε-

2240 947 2355 995 σαν,
2388 933 2472 979 καὶ
2507 932 2656 988 πένης
2698 924 2757 985 ἦν
2798 923 2971 987 οὐδεὶς
3002 928 3049 977 ἐν
3082 926 3249 984 αύτοῐς
3300 926 3361 993 (ὡ
3396 927 3692 995 θαυμασίας
3743 926 3847 978 ἰσο-

2236 1022 2447 1090 μοιρίας
2486 1022 2573 1068 καὶ
2618 1022 2735 1089 πρὶν
2774 1017 3081 1087 πραχθῆναι
3125 1010 3255 1085 μηδ’
3299 1012 3683 1085 ἐλπιζομένης),
3721 1012 3845 1067 οὐδὲ

2236 1105 2503 1165 πλούσιος.
2570 1128 2590 1155 ι
2637 1105 2791 1157 Ὀσοι
2847 1108 2968 1177 γὰρ,
3026 1108 3177 1175 φησὶ,
3233 1109 3474 1177 κτήτορες
3540 1109 3754 1176 χωρίων
3809 1104 3839 1162 ἦ

2236 1194 2410 1245 οἰκιῶν
2458 1196 2719 1266 ὑπῆρχον,
2772 1192 3052 1251 πωλοῦντες
3103 1194 3276 1263 ἔφερον
3342 1194 3429 1250 τάς
3504 1194 3661 1261 τιμὰς
3740 1201 3841 1243 τῶν

2234 1288 2687 1356 πιπρασκομένων,
2742 1288 2829 1333 καὶ
2882 1280 3080 1332 ἐτίθουν
3139 1283 3279 1352 παρά
3341 1284 3455 1340 τούς
3512 1276 3684 1342 πόδας
3743 1290 3843 1332 τῶν

2235 1368 2553 1435 ἀποστόλων,
2608 1365 2876 1421 διεδίδοτο
2926 1364 2984 1419 δὲ
3034 1367 3257 1437 ἑκάστῳ,
3290 1368 3405 1417 καθ’
3453 1367 3476 1416 ὃ
3525 1386 3602 1426 τις
3650 1374 3842 1439 χρείαν

2235 1458 2391 1529 εἶχεν.
2447 1481 2472 1507 ››
2534 1459 2780 1524 Ἀκούεις,
2840 1456 3107 1518 Ἰουλιανὲ,
3164 1458 3280 1507 ὅσοι
3360 1460 3623 1527 κτήτορες,
3694 1457 3844 1509 οὗτοι

2234 1546 2476 1599 ἐπώλουν.
2529 1548 2673 1619 Ούχὶ
2728 1547 2982 1611 ἅπαντες
3041 1544 3167 1595 ἀλλά
3236 1550 3349 1596 τότε
3403 1547 3490 1614 μὲν
3565 1544 3617 1606 ἐξ
3674 1546 3841 1607 αὐτῆς

2235 1635 2406 1708 ἀρχῆς
2458 1636 2619 1695 οὕτως
2664 1636 2729 1695 εἰς
2778 1635 2972 1696 πλῆθος
3017 1636 3047 1692 ἡ
3093 1632 3265 1690 ἐντολὴ
3313 1632 3838 1707 τελεσιουργευμένη,

471 1726 775 1795 grantiam
816 1726 1132 1781 trahuntur
1179 1744 1214 1783 a
1266 1733 1541 1798 corrupta
1590 1728 1939 1799 passionum
1990 1730 2119 1785 affe-

2232 1726 2481 1798 λαμπρώς
2524 1721 2770 1777 ἐπεδίδου
2820 1729 2908 1774 καὶ
2954 1725 3254 1794 ύφειστηκει
3294 1729 3404 1782 ταῖς
3448 1722 3721 1795 ἐνεργείαις
3766 1727 3840 1775 ὲν-

471 1816 685 1881 ctione,
735 1832 865 1887 quae
914 1816 1171 1887 plurima
1220 1817 1600 1872 maleolentia
1647 1818 1886 1873 exhalat
1946 1836 1957 1872 :
2016 1819 2118 1872 sed

470 1920 679 1960 omnes
728 1908 1017 1960 terrarum
1068 1908 1238 1961 orbes
1286 1911 1417 1962 acta
1472 1907 1685 1961 diffusa
1721 1909 2117 1978 pertransivit,

470 2010 594 2050 non
630 1998 853 2049 tantum
902 1994 1136 2062 viritim,
1187 1996 1291 2050 sed
1339 1996 1695 2068 p0pulatim,
1728 2002 1781 2051 et
1825 1997 2118 2052 infinitam

468 2083 647 2156 plane
692 2083 1137 2139 multitudinem
1186 2084 1499 2140 hominum
1547 2086 1965 2151 monasticam,
2006 2086 2122 2142 hoc

468 2177 556 2228 est
583 2172 880 2228 omlestem
908 2173 1087 2228 vitam
1127 2174 1617 2243 amplectentium
1659 2190 1838 2246 super
1876 2180 2118 2245 terram,

466 2262 571 2335 qui
602 2278 786 2334 opera
818 2278 926 2318 sua
952 2262 1363 2327 extenderunt,
1389 2268 1445 2317 et
1471 2264 1817 2335 praescripto
1848 2265 2121 2320 mandati

467 2367 606 2407 cum
652 2368 889 2406 summa
920 2352 1189 2406 omnium
1234 2352 1409 2408 laude
1451 2358 1507 2407 et
1538 2353 1957 2424 praedicatione
1992 2371 2003 2408 :
2039 2355 2123 2409 ita

469 2439 708 2495 Domini
748 2440 931 2494 nostri
974 2440 1157 2495 verba
1196 2440 1464 2495 efﬁcacia
1496 2445 1554 2496 et
1592 2445 1845 2496 actuosa
1876 2457 2123 2512 magno-

468 2543 607 2598 pere
649 2532 807 2597 sunt,
856 2527 935 2583 ob
974 2528 1088 2583 hoc
1128 2529 1346 2596 ipsum,
1390 2529 1821 2596 admirationis,
1864 2530 2118 2597 animas,

468 2616 787 2671 hominum
819 2616 1171 2671 meritorum
1204 2617 1276 2670 ad
1312 2632 1372 2671 se
1414 2619 1843 2684 convertentia,
1875 2623 1932 2673 et
1963 2619 2120 2675 verbi

468 2720 672 2760 semen
719 2705 1121 2775 inspergentia
1165 2705 1308 2759 satis
1350 2705 1641 2775 profunde
1686 2706 1931 2772 faciunt,
1982 2713 2048 2762 ut
2087 2724 2123 2764 a

466 2793 758 2849 fructibus
790 2793 968 2849 arbor
1010 2798 1402 2863 cognoscatur
1444 2813 1455 2849 :
1490 2800 1539 2849 et
1590 2810 1696 2866 per
1743 2796 2001 2851 fructum
2035 2801 2121 2851 at-

465 2898 583 2955 que
608 2883 883 2938 arborem
909 2882 1207 2938 hortulani
1242 2884 1500 2953 potentia
1523 2888 1579 2938 et
1606 2884 1901 2955 sapientia
1921 2886 2123 2941 laude-

464 2976 580 3037 tur,
616 2972 787 3042 cujus
816 2971 1013 3059 laudis
1055 2973 1403 3043 opulentum
1434 2974 1575 3027 satis
1620 2978 1881 3041 segetem
1913 2991 2123 3047 sugge-

464 3065 623 3127 runt,
661 3065 719 3116 et
757 3065 956 3116 tamen
1000 3061 1267 3116 nondum
1318 3078 1421 3133 per
1458 3063 1586 3117 haec
1631 3067 1719 3117 tot
1757 3067 1813 3117 et
1851 3063 1995 3119 talia
2025 3079 2192 3149 enoC

465 3150 681 3214 comia,
711 3149 993 3205 naturalis
1020 3150 1177 3205 enim
1213 3151 1656 3219 magnificentia
1688 3152 1829 3206 satis
1857 3152 2118 3217 abunde,

466 3239 913 3305 manifestatur;
958 3254 1099 3293 nam
1144 3240 1469 3294 multarum
1512 3246 1799 3312 praeterea
1842 3240 2116 3296 virtutum

465 3328 918 3382 subsistentiam
946 3332 1241 3382 sustentat
1271 3332 1328 3383 et
1358 3329 1772 3401 complectitur
1807 3347 1818 3383 :
1854 3335 1911 3384 et
1941 3335 2116 3395 certe,

464 3415 575 3471 nisi
605 3416 735 3488 quis
766 3415 894 3487 pari
926 3432 1059 3471 cum
1088 3416 1317 3472 Juliano
1344 3418 1564 3488 judicio
1602 3418 1807 3473 divino
1851 3418 2118 3473 obcaeca-

463 3509 582 3573 tus,
640 3505 699 3560 in
760 3504 1086 3559 clarissima
1149 3505 1278 3560 luce
1346 3506 1671 3571 aberrabit,
1736 3523 2118 3577 summopere

463 3592 867 3649 admiraturus
910 3597 1003 3648 est
1033 3594 1364 3649 naturalem
1410 3595 1538 3663 ejus
1593 3595 1737 3661 vim,
1797 3594 2115 3649 sublimem

463 3682 627 3737 illam
671 3685 728 3735 et
769 3680 1126 3737 salutiferam
1159 3682 1186 3736 7
1226 3684 1334 3748 Qui
1377 3684 1677 3738 cmlestem
1720 3684 2116 3739 conversatio-

463 3787 602 3827 nem
646 3770 901 3826 terrestri
952 3787 1060 3826 sua
1108 3772 1231 3826 vita
1278 3777 1730 3843 repraesentant,
1778 3771 1817 3827 ii
1860 3772 2117 3827 discerni

463 3859 634 3915 facile
664 3863 935 3931 possunt,
976 3860 1090 3914 hoc
1131 3860 1525 3916 fundamento
1565 3861 1838 3933 inprimis
1878 3862 2063 3917 innixi
2099 3880 2111 3917 :

466 3969 493 4001 «
535 3948 925 4021 Venditequaa
956 3949 1290 4020 possidetis,
1324 3956 1382 4005 et
1412 3950 1849 4023 eleemOsynam
1882 3951 2039 4006 date.
2086 3973 2110 4002 υ

465 4037 569 4093 Cui
613 4039 695 4092 sic
737 4038 917 4107 jacto,
968 4042 1211 4094 caeteras
1254 4044 1667 4110 superstruunt
1718 4040 1987 4102 virtutes.
2032 4040 2115 4095 ita

465 4131 531 4181 ut
560 4126 683 4182 sine
709 4126 808 4182 illo
838 4129 1155 4183 subsistere
1196 4143 1309 4181 non
1351 4144 1523 4199 posse
1550 4144 1695 4199 pure
1728 4128 1839 4183 illa?
1874 4129 2114 4183 videan-

464 4220 581 4271 tur.
610 4217 896 4280 Quocirca
927 4234 1065 4272 cum
1103 4216 1485 4271 vendideritis
1526 4216 1717 4287 primo
1761 4234 1895 4289 quas
1926 4218 2113 4288 possi-

462 4304 637 4369 detis,
670 4308 727 4359 et
757 4306 1163 4375 indigentibus
1204 4306 1647 4370 distribueritis,
1688 4307 1956 4361 omnimo
2001 4306 2115 4362 hoc

2235 1816 2551 1887 ακμάζουσα
2585 1832 2595 1843 ⁸
2644 1814 2666 1854 ί
2708 1812 2885 1884 ἐφεξῆς
2932 1809 2989 1863 δὲ
3039 1816 3202 1883 μέχρι
3250 1820 3357 1876 νύν,
3410 1811 3500 1861 οὐκ
3544 1813 3841 1885 ἀμάραντον

2233 1910 2382 1976 μόνον
2423 1908 2479 1955 τό
2528 1913 2621 1964 τῆς
2669 1902 2839 1973 ἀκμῆς
2886 1904 3035 1961 ἄνθος
3066 1898 3384 1964 διεσώσατο,
3420 1897 3491 1952 δι’
3525 1902 3584 1953 οὗ
3615 1904 3707 1963 τὰς
3751 1901 3841 1951 ἀν-

2234 1996 2492 2066 θρωπίνας
2534 1992 2721 2063 ψυχὰς
2768 1993 3196 2065 περιανθίζουσα,
3232 1988 3332 2040 ἀπὸ
3373 1998 3465 2051 τῆς
3510 1999 3608 2041 τῶν
3657 1992 3839 2041 παθῶν

2234 2079 2515 2141 σηπεδόνος
2563 2081 2691 2132 πολύ
2746 2084 2801 2131 τό
2844 2076 3079 2139 δυσῶδες
3129 2077 3566 2141 ἐναποπνεούσης,
3610 2077 3693 2131 ἐπὶ
3742 2084 3839 2136 τὴν

2230 2181 2326 2224 τῶν
2373 2170 2561 2245 ἀρετῶν
2612 2176 2866 2243 σωτήριον
2910 2173 2998 2219 καὶ
3048 2167 3298 2227 ζωοποιόν
3340 2163 3560 2218 εύωδίαν
3602 2167 3841 2238 συνεφέλ-

2230 2281 2414 2314 κεται·
2479 2259 2603 2311 ἀλλά
2654 2278 2712 2329 γε
2766 2255 2832 2316 δὴ
2887 2262 2977 2308 καὶ
3026 2259 3193 2309 πάντα
3247 2264 3342 2317 τῆς
3409 2256 3716 2327 οἰκουμένης
3772 2260 3840 2307 τα

2232 2355 2447 2425 πέρατα,
2493 2356 2607 2409 ταῖς
2657 2348 2933 2420 ἐνεργείαις
2982 2344 3337 2419 περιλαϐοῦσα
3380 2350 3469 2396 καὶ
3516 2341 3839 2418 διατρέχου-

2234 2459 2321 2505 σα,
2356 2439 2413 2489 ού
2462 2438 2576 2489 κατ’
2620 2433 2789 2509 ἄνδρα
2832 2440 3003 2507 μόνον,
3055 2431 3161 2492 ἤδη
3218 2430 3275 2486 δὲ
3323 2439 3411 2486 καὶ
3454 2436 3588 2485 κατὰ
3637 2431 3840 2505 δήμους

2232 2526 2393 2592 ὅλους,
2428 2531 2516 2578 καὶ
2567 2524 2787 2599 ἀριθμου
2819 2529 3053 2595 κρείττω,
3103 2528 3419 2593 συστήματα
3464 2531 3563 2573 τῶν
3607 2525 3676 2584 ὡς
3712 2523 3837 2579 ἀλη-

2236 2618 2334 2677 θῶς
2382 2611 2587 2687 μονάδα
2633 2612 2748 2686 βίον
2784 2618 2873 2663 καὶ
2921 2612 3156 2685 οὐράνιον
3204 2611 3496 2671 πολίζουσά
3535 2631 3587 2663 τε
3618 2620 3724 2671 τοῖς
3757 2615 3837 2663 ἐπὶ

2230 2714 2353 2775 γῆς,
2408 2710 2497 2755 καὶ
2556 2704 2887 2755 πλατύνουσα
2974 2698 3044 2752 δι’
3110 2700 3277 2752 αὐτῶν
3336 2709 3433 2751 τῶν
3491 2703 3671 2772 ἔργων,
3717 2706 3836 2752 ὅσον

2233 2796 2375 2847 ἐστὶν
2427 2794 2588 2854 αὐτῆς
2636 2796 2692 2843 τό
2730 2790 2776 2842 ἐν
2828 2798 2931 2851 τοῖς
2984 2789 3156 2860 λόγοις
3211 2787 3488 2840 ἀκόλουθον
3540 2788 3757 2860 μᾶλλον,
3803 2792 3831 2848 ἡ

2233 2881 2327 2937 διὰ
2370 2893 2463 2943 τῆς
2494 2887 2628 2933 κατά
2670 2880 2933 2951 τὸνλόγον
2978 2878 3282 2937 ἀκολουθίας
3322 2881 3379 2929 τὸ
3411 2880 3632 2949 ύφεστός
3672 2879 3837 2941 αὐτῆς

2232 2974 2280 3025 ἐν
2330 2981 2432 3033 τοίς
2475 2975 2641 3043 ἔργοις
2690 2975 2777 3021 καὶ
2831 2971 3126 3041 περιούσιον
3167 2967 3415 3041 λαμπρῶς
3456 2963 3832 3021 ἐπιδείκνυσιν.

2233 3062 2307 3114 Ού
2359 3066 2460 3134 μὴν
2501 3074 2529 3113 κ
2562 3060 2687 3111 ἀλλά
2736 3078 2792 3130 γε
2842 3062 2930 3109 καὶ
2974 3066 3071 3108 τῶν
3118 3063 3441 3109 Δεσποτικῶν
3484 3057 3733 3129 ῥημάτων
3779 3060 3836 3107 τό

2230 3150 2448 3225 ἐνεργόν,
2510 3155 2597 3201 καὶ
2656 3153 2746 3205 τὴν
2807 3145 3026 3218 δύναμιν
3090 3143 3238 3197 ούδεν
3293 3147 3445 3203 ἧττον
3505 3142 3576 3196 δι’
3647 3146 3836 3207 ἑαυτῆς

2229 3245 2451 3314 παρέχει
2497 3238 2861 3310 θαυμάζεσθαι
2892 3254 2902 3264 ⁸
2939 3238 3030 3295 τὰς
3087 3238 3188 3307 γὰρ
3248 3234 3569 3306 ἀνθρωπίνας
3624 3234 3833 3305 ψυχας,

2229 3332 2351 3381 ὅσαι
2396 3329 2560 3390 ἄξιαι,
2608 3330 2729 3399 πρός
2775 3326 2954 3381 ἑαυτὴν
3004 3323 3413 3397 ἐπιστρέφουσα,
3463 3328 3553 3373 καὶ
3606 3326 3692 3373 τόν
3744 3332 3836 3374 τοῦ

2227 3417 2381 3488 λόγου
2438 3422 2627 3489 σπόρον
2670 3415 2860 3466 ἐνιεῐσά
2913 3433 2965 3465 τε
3017 3418 3105 3464 καὶ
3164 3411 3547 3483 ἐμϐαθύνονσα,
3601 3410 3701 3462 ἀπό
3744 3420 3837 3462 τον

2227 3514 2427 3579 καρποῦ
2468 3510 2524 3557 τό
2568 3501 2781 3574 δένδρον
2813 3502 3269 3572 ἐπιγινώσκεσθαι,
3304 3504 3387 3551 καὶ
3430 3498 3502 3551 δι’
3548 3500 3717 3551 αὐτῶν
3746 3510 3837 3551 τον

2227 3600 2519 3668 φυτοδιόμου
2572 3594 2722 3645 πάλιν
2774 3597 2865 3649 τὴν
2916 3591 3075 3661 ἰσχύν
3128 3594 3216 3641 καὶ
3274 3593 3457 3660 σοφίαν
3504 3588 3837 3660 ἐξυμνείσθαι

2225 3688 2560 3757 παρασκευήν
2600 3681 2788 3738 πολλὴν
2852 3680 3193 3751 συνεξεύρατο
3228 3696 3240 3709 ⁶
3280 3683 3367 3728 καὶ
3420 3678 3562 3728 οὔπω
3620 3697 3679 3747 γε
3746 3675 3838 3729 διά

2225 3776 2444 3838 τούτων,
2486 3776 2669 3844 καίπερ
2721 3769 3033 3825 τηλικούτων
3083 3772 3260 3831 ὄντων,
3320 3765 3392 3837 ἐφ’
3438 3768 3557 3817 ὅσον
3610 3770 3727 3824 ἣκει
3781 3773 3837 3819 τό

2222 3862 2487 3935 μεγαλεῖον
2562 3868 2655 3920 τῆς
2732 3861 2931 3929 φύσεως
3011 3856 3175 3918 αὐτῆς
3256 3856 3591 3927 ἐμφανίζεται
3626 3873 3637 3883 ·
3727 3854 3835 3905 ἀλλ’

2223 3954 2300 4003 ὅτι
2345 3956 2430 4001 καὶ
2484 3958 2582 4000 τῶν
2630 3948 2793 3998 ἄλλων
2839 3945 3030 4018 ἀρετῶν
3070 3951 3158 3996 καὶ
3188 3946 3602 4016 κατορθωμάτων
3634 3946 3838 4018 ὑπερεί-

2224 4035 2304 4091 δει
2360 4058 2412 4089 τε
2465 4042 2553 4087 καὶ
2611 4040 2823 4105 συνέχει
2878 4040 2969 4091 την
3032 4034 3271 4105 ὕπαρξιν.
3336 4040 3465 4097 Πῶς,
3524 4033 3567 4085 εἰ
3620 4039 3689 4103 μη
3756 4053 3837 4093 τις

2221 4124 2482 4195 Ἰουλιανῲ
2534 4130 2617 4181 τὴν
2675 4128 2796 4181 ἴσην
2848 4120 3001 4179 δίκην
3062 4124 3272 4194 ὑπέχων
3330 4121 3518 4193 τυφλός
3573 4130 3645 4191 τῷ
3701 4127 3838 4193 φωτὶ

2222 4215 2663 4287 περιπλανώμενος
2737 4210 3086 4283 διελέγχοιτο.
3144 4212 3235 4263 ούκ
3305 4210 3363 4261 ἂν
3437 4212 3832 4284 ύπεραγασθείη

2222 4302 2358 4355 τὸέν
2398 4312 2459 4374 τῇ
2511 4306 2660 4374 φύσει
2701 4304 2890 4372 κράτος
2938 4302 3097 4360 αὐτῆς
3142 4305 3231 4350 καὶ
3274 4299 3470 4369 ὑψηλόν
3521 4306 3611 4351 καὶ
3659 4310 3840 4358 σωτη-

463 4392 674 4450 Cbristi
705 4394 1041 4449 consilium.
1075 4399 1139 4449 ut
1166 4395 1264 4448 Dei
1297 4411 1465 4465 opus,
1506 4399 1568 4449 ut
1595 4395 1962 4449 humanitate
1996 4394 2115 4467 ple-

2230 4408 2364 4461 οιον;
2421 4397 2515 4443 Καὶ
2565 4395 2663 4463 γαρ
2710 4392 2824 4442 ὅσοι
2882 4394 2975 4447 τήν
3025 4389 3259 4463 οὐράνιον
3309 4388 3588 4453 πολιτείαν,
3643 4386 3716 4439 δι’
3769 4391 3836 4440 ὧν

462 4497 631 4543 num,
663 4482 1073 4538 celebrabitur.
1105 4483 1182 4537 Ad
1211 4484 1371 4537 hunc
1409 4483 1648 4537 modum
1680 4483 1825 4537 nudi
1868 4482 2112 4539 demum

462 4570 753 4637 homines,
786 4572 1005 4642 opibus
1037 4577 1090 4626 et
1125 4571 1507 4643 passionibus
1540 4570 1710 4626 vacui
1743 4572 2009 4635 terrenis,
2040 4571 2115 4627 ad

462 4660 789 4715 certamina
821 4661 1098 4717 athletica
1129 4677 1189 4715 se
1221 4664 1598 4732 componunt,
1642 4660 1700 4714 in
1734 4660 1880 4715 illud
1919 4660 2112 4715 solum

463 4754 657 4803 mente
686 4750 915 4813 intenti,
943 4754 999 4805 et
1024 4766 1274 4821 scopum
1302 4748 1593 4803 directum
1613 4748 1922 4815 habentes,
1949 4749 2113 4821 quod

465 4836 648 4891 Paulo
691 4838 950 4894 dicitur:
997 4859 1019 4889 α
1065 4837 1251 4909 Cupio
1300 4837 1563 4901 dissolvi,
1607 4842 1664 4890 et
1707 4854 1843 4892 cum
1884 4838 2114 4893 Christo

463 4942 589 4982 esse
632 4928 722 4979 π’.
770 4948 793 4977 ν
841 4927 1000 4982 Unde
1029 4927 1174 4981 visio
1223 4932 1494 4997 paterna,
1528 4926 1587 4981 in
1641 4927 1857 4998 Spiritu
1905 4931 2114 4982 sancto

464 5014 624 5086 (felix
644 5015 893 5070 omnino
918 5016 1104 5084 visio).
1133 5015 1411 5087 perfecta,
1445 5020 1501 5070 et
1524 5016 1651 5070 sine
1680 5015 1921 5087 speculo
1950 5031 2113 5070 reve-

462 5104 603 5169 lata,
634 5107 692 5158 et
719 5104 988 5159 revelans
1018 5104 1315 5159 bonorum
1352 5105 1630 5177 primum,
1663 5109 1719 5159 et
1748 5103 2111 5160 desiderato-

538 5310 585 5344 τι
622 5308 747 5363 Act.
785 5322 862 5371 ιν,
896 5310 985 5371 34,
1014 5308 1101 5363 35.
1178 5310 1247 5344 τι·
1287 5308 1559 5381 Philip.1,
1587 5312 1674 5365 23.

2226 4480 2436 4554 βιοῦσιν
2468 4479 2552 4531 ἐπὶ
2576 4490 2639 4550 γη
2658 4501 2692 4545 ς,
2726 4482 3107 4553 ύπογρόφουσι,
3141 4482 3357 4539 τούτους
3391 4474 3481 4540 δὴ,
3510 4481 3729 4539 τούτους
3762 4482 3836 4530 ἔν-

2225 4590 2359 4622 εστιν
2414 4573 2533 4642 ὅρᾴν
2588 4570 2713 4619 αὐτὸ
2772 4577 2924 4619 τουτο
2985 4576 3208 4640 πρῶτον,
3268 4567 3516 4638 θεμέλιον,
3576 4566 3681 4617 οἷον
3746 4574 3834 4619 καὶ

2224 4657 2537 4731 ύπόϐαθρον,
2571 4661 2648 4719 τό,
2694 4680 2719 4706 ‹‹
2776 4656 3055 4713 Πωλήσατε
3092 4658 3154 4706 τὰ
3201 4657 3532 4729 ὑπάρχοντα,
3574 4660 3663 4707 καὶ
3711 4653 3837 4708 δότε

2225 4746 2589 4818 ἐλεημοσύνην,
2624 4768 2649 4795 ››
2695 4744 3171 4816 ύποϐαλλομένους·
3224 4749 3311 4795 καὶ
3357 4746 3489 4795 ούτω
3532 4748 3626 4805 τὰς
3674 4745 3837 4805 ἄλλας

2225 4836 2407 4908 ἀρετὰς
2458 4832 2923 4906 ἐποικοδομοῦντας
2956 4853 2967 4865 ⁸
3019 4836 3087 4894 ὡς
3127 4835 3243 4884 οἰνευ
3291 4836 3506 4897 ταύτης,
3561 4831 3835 4906 μηδεμιᾶς

2224 4926 2377 4985 ἄλλης
2426 4926 2706 4997 ὑφεστάναι
2745 4926 2987 4989 καθαρῶς
3038 4919 3259 4985 δύναμιν
3305 4922 3553 4993 ἐχούσης.
3590 4928 3676 4975 Διό
3725 4944 3837 4975 πω-

2223 5015 2418 5074 λοῦντες
2467 5020 2709 5087 πρότερον
2761 5015 2826 5064 τὰ
2883 5014 3213 5083 ὑπάρχοντα,
3264 5018 3353 5063 καὶ
3410 5020 3518 5073 τοῖς
3570 5009 3839 5083 δεομένοις

2226 5100 2570 5176 διανέμοντες,
2606 5111 2713 5163 πῶς
2761 5104 2821 5153 οἶν
2854 5122 2929 5163 τις
2978 5099 3132 5162 ἀξίως
3174 5101 3435 5175 ἐξυμνὴση
3482 5106 3539 5153 τὸ
3574 5103 3707 5153 θεῖον
3751 5110 3840 5157 καὶ

1826 5432 2062 5491 VARI/E
2102 5433 2496 5490 LECTIONES.

1126 5557 1154 5595 ⁸
1192 5551 1251 5606 C.
1291 5553 1359 5608 Μ.
1392 5549 1451 5603 ού
1482 5553 1605 5623 μὴν.

540 5550 561 5594 ί
596 5552 673 5606 ἶσ.
717 5549 770 5614 ἐξ
799 5548 1014 5610 ἐκείνης.
