4136 6198
301 280 410 346 633

1375 282 1468 342 AD
1511 280 2058 342 AMPHILOCHIUM
2103 276 2428 353 QUESTIO
2469 280 2584 341 CII.

3487 255 3490 258 ’
3561 287 3669 342 634

293 417 598 489 θεονργικόν
651 419 740 465 καὶ
802 413 1157 488 φιλάνθρωπον
1213 422 1306 474 τῆς
1357 416 1748 486 παραινέσεως;
1801 412 1900 463 Οὖ-

2020 427 2144 467 rum
2175 427 2482 467 summum
2501 407 2866 466 intuentibus
2893 405 3235 474 fruendum,
3261 415 3663 480 repraesentat.

289 525 363 557 τω
420 508 610 576 ’γυμνοὶ
659 502 835 554 λοιπον
893 506 983 553 καὶ
1050 504 1342 575 χρημάτων
1391 507 1478 552 καὶ
1548 502 1904 573 προσπαθείας

291 595 453 656 οἷλλης
511 595 712 664 γηῖνης,
772 592 889 651 τούς
945 591 1268 653 ἀσκητικοῦς
1329 590 1510 650 ἄθλους
1563 586 1901 654 ὑποδύονται,

291 687 426 756 πρός
463 683 512 735 ἓν
551 686 702 754 μόνον
745 685 828 732 τόν
877 689 993 732 νοῦν
1050 680 1443 752 ἀνατεινόμενοι,
1498 684 1588 731 καὶ
1618 684 1708 736 τὴν
1737 682 1904 751 ἔφεσιν

294 775 520 843 ἔχοντες,
569 772 636 831 εἰς
692 774 748 821 τό
817 773 960 838 κοιτά⁹
998 771 1217 835 Παῦλον,
1271 792 1296 818 ‹‹
1355 768 1610 820 ἀναλῦσαι
1663 772 1753 819 καὶ
1812 768 1905 819 σύν

303 869 519 933 Χριστῷ
576 861 724 911 εἶναι.
760 880 787 910 »
824 860 898 910 Δι’
953 859 1033 926 οὗ,
1079 867 1170 910 τοῦ
1226 861 1428 930 Πατρός
1472 856 1517 908 ἐν
1564 857 1694 928 ἁγίῳ
1755 861 1907 909 [ινεύ-

298 971 425 1024 ματι
451 947 513 1021 (ὦ
552 954 812 1022 μακαρίου
860 951 1113 1020 θεάματος
1147 947 1184 1018 Σ)
1218 950 1247 1006 ἡ
1290 947 1592 1020 τελεωτέρα,
1626 952 1715 998 xui
1739 952 1906 1022 χωρὶς

298 1048 397 1091 τῶν
473 1037 736 1108 ἐσόπτρων
808 1047 1015 1108 γνῶσις,
1083 1036 1637 1107 συνανακαλυπτομένη
1704 1054 1756 1087 τε
1817 1041 1906 1087 xui

301 1131 849 1201 συναναστράπτουσα
900 1130 958 1178 τὸ
1015 1135 1216 1200 πρῶτον
1267 1124 1460 1196 ἀγαθόν
1503 1124 1570 1185 εἰς
1617 1123 1905 1176 ἀπόλαυσιν

299 1225 407 1277 τοῖς
459 1219 685 1278 θεαταῖς,
721 1221 809 1267 xui
862 1225 959 1266 τῶν
1015 1216 1200 1287 ἐφετῶν
1250 1215 1533 1288 χαρίζεται
1589 1216 1646 1264 τό
1686 1211 1908 1284 ἀκρότα-

298 1326 402 1360 τον.
450 1307 601 1358 Οὗτω
635 1302 721 1370 δη,
771 1306 929 1365 οὕτως
961 1306 989 1362 ἡ
1035 1310 1288 1378 σωτήριος
1319 1304 1447 1360 αὕτη
1494 1307 1584 1368 καὶ
1616 1306 1902 1358 Δεσποτικὴ

299 1394 477 1452 ἐντολὴ
513 1394 571 1446 οὐ
600 1395 826 1468 ῥηθῆναι
862 1399 1014 1464 μόνον
1061 1396 1118 1445 τὸ
1172 1396 1374 1464 εὔλογόν
1416 1411 1470 1444 τε
1509 1395 1598 1443 καὶ
1628 1388 1905 1441 ἀκόλουθον

300 1483 462 1555 πολλῇ
497 1479 717 1555 δυνάμει
764 1479 1161 1534 συνδιεσώσατο
1198 1482 1334 1533 ἁπαν
1365 1498 1662 1553 μαχόμενον
1692 1481 1780 1529 καὶ
1805 1497 1904 1530 πο-

301 1572 470 1644 λεμεῖν
528 1573 746 1644 ἠρμένον
790 1569 1084 1643 τρεψαμένη
1116 1589 1168 1622 τε
1211 1572 1344 1622 κατά
1395 1571 1598 1641 κράτος,
1647 1571 1736 1618 καὶ
1778 1585 1903 1617 κατ-

302 1665 616 1733 αισχύνασα
644 1681 657 1693 ·
694 1659 823 1712 ἀλλὰ
859 1666 946 1712 καὶ
1001 1659 1129 1712 πολύ
1185 1679 1241 1731 γε
1278 1659 1426 1710 πλέον
1470 1661 1556 1710 τόν
1605 1659 1778 1729 εἱρμὸν
1807 1663 1906 1707 τῶν

300 1751 486 1822 λόγων,
529 1756 617 1802 καὶ
647 1759 741 1810 τῆς
771 1755 984 1822 γνώμης
1017 1753 1074 1801 τό
1123 1748 1481 1816 ἀνεπίληπτον,
1526 1743 1620 1798 διὰ
1648 1753 1735 1806 τῆς
1773 1747 1907 1796 κατά
1938 1720 1979 1774 Β

302 1844 396 1901 τὰς
517 1839 770 1912 ἐνεργείας
867 1842 1196 1910 περιφανείας
1305 1855 1358 1889 τε
1442 1841 1531 1888 καὶ
1647 1833 1907 1907 ὑπάρξεως

2014 504 2204 572 Atque
2221 501 2301 557 ita
2328 499 2653 557 Servatoris
2669 497 2905 553 Domini
2934 497 3308 568 mandatum,
3339 515 3462 555 non
3485 499 3668 556 modo

2015 592 2174 646 dictu
2224 588 2578 645 rationabile
2617 594 2672 642 et
2709 601 3080 658 consequens
3126 587 3360 644 videtur
3412 604 3558 656 esse,
3613 591 3671 645 et

2016 679 2201 735 multa
2229 680 2470 734 veritate
2505 677 2792 743 fulcitum,
2835 675 2938 730 sed
2982 675 3281 748 quidquid
3319 678 3394 734 ad
3426 677 3670 751 opposi-

2015 774 2143 823 tum
2169 772 2484 838 repugnat,
2513 767 2677 836 fugat
2705 765 3086 836 praevalendo
3107 766 3408 838 etpudore
3442 767 3670 823 suffun-

2015 856 2135 915 dit:
2170 857 2272 910 sed
2308 861 2362 911 et
2401 855 2584 910 multo
2615 854 2809 924 magis
2851 854 3061 909 seriem
3098 855 3415 912 verborum
3451 861 3506 912 et
3535 873 3670 912 sen-

2015 945 2332 1000 tentiarum
2348 960 2602 1000 censura
2615 959 2886 1007 vacuam,
2902 959 3006 1013 per
3028 945 3395 1016 operationes
3418 945 3669 1003 eximias

2015 1039 2070 1088 et
2093 1033 2540 1090 subsistentiam
2561 1032 2900 1087 universam
2923 1031 3034 1086 sub
3057 1033 3179 1089 sole
3200 1035 3673 1092 consummatio-

2015 1138 2142 1177 rem
2167 1129 2223 1178 et
2244 1121 2752 1178 admirabiliorem
2783 1121 3046 1177 ostendit
3072 1127 3252 1194 atque
3281 1123 3434 1180 ultra
3469 1124 3587 1180 vim
3617 1128 3674 1179 et

2015 1220 2291 1267 naturam
2331 1211 2856 1282 epicherematum.
2903 1208 2986 1265 ita
3027 1217 3090 1266 ut
3143 1212 3434 1268 audentes
3477 1213 3670 1284 ipsam

2017 1299 2235 1355 violare
2291 1301 2548 1356 dedecus
2605 1318 2740 1358 cum
2796 1301 3024 1375 pudore
3082 1300 3284 1356 subire
3347 1302 3670 1371 coegerint.

2015 1393 2205 1459 Atque
2236 1389 2362 1444 haec
2401 1389 2710 1457 hactenus,
2745 1409 2813 1449 ex
2839 1392 2910 1446 iis
2939 1407 3076 1463 qua;
3107 1389 3326 1446 oblivio
3359 1406 3478 1445 non
3519 1405 3674 1461 prae-

2017 1477 2195 1544 venit,
2210 1484 2414 1534 contra
2429 1479 2453 1533 J
2467 1479 2733 1537 ulianum
2758 1487 3104 1554 Apostatam
3127 1481 3399 1552 nequiter
3416 1484 3473 1535 et
3499 1479 3672 1551 impie

2015 1572 2224 1621 contra
2253 1567 2556 1624 veritatem
2599 1570 3049 1625 insolescentem
3089 1568 3247 1624 dicta
3284 1572 3481 1624 sunto.
3521 1567 3672 1633 Tibi,

2015 1654 2279 1709 discendi
2306 1655 2547 1727 cupido,
2579 1662 2632 1713 et
2655 1657 2863 1714 divina
2883 1657 3146 1723 oracula,
3169 1662 3231 1712 ut
3246 1657 3466 1712 divinis
3494 1656 3673 1712 rebus

2015 1745 2311 1810 convenit,
2339 1747 2573 1815 edocto,
2613 1749 2790 1803 etiam
2822 1763 3014 1820 pauca
3049 1762 3080 1802 e
3110 1745 3298 1808 dictis,
3334 1746 3477 1813 scio,
3510 1745 3672 1802 suﬂ‘i-

2017 1833 2171 1889 cient
2199 1833 2278 1889 ad
2306 1836 2659 1906 quaestionis
2689 1836 3072 1893 solutionem.

301 1939 398 1991 τῆς
455 1927 552 1980 ἀνά
609 1935 784 1980 πᾶσαν
843 1931 938 1984 τὴν
991 1927 1074 1998 ὑφ’
1136 1926 1266 1997 ἡλίῳ
1329 1924 1671 1997 ἐντελέστερόν
1727 1943 1780 1975 τε
1837 1928 1926 1975 καὶ
1989 1924 2411 1996 θαυμασιώτερον
2459 1921 2778 1992 ἐπεδείξατο,
2833 1931 2922 1979 καὶ
2977 1933 3208 1998 κρεῖττον
3255 1925 3284 1984 ἡ
3341 1925 3453 1978 κατ’
3513 1924 3674 1996 ἰσχύν

304 2038 359 2071 τε
410 2022 499 2069 καὶ
554 2020 708 2089 φύσιν
769 2015 1210 2087 ἐπιχειρημάτων,
1261 2019 1378 2075 τοὺς
1425 2013 1803 2085 τετολμηκότας
1855 2011 2018 2069 αὐτὴν
2058 2010 2342 2086 ἐξυϐρίζειν
2389 2021 2480 2073 τῆς
2531 2018 2877 2086 μηχανούσης
2930 2016 3192 2087 αἰσχύνης
3248 2019 3306 2066 τὸ
3366 2016 3674 2087 σκυθρωπὸν

305 2107 540 2159 ὑπελθεῖν
603 2106 838 2178 ἐρύθημα
889 2103 1268 2176 κατεπράξατο.
1330 2102 1484 2154 Ἀλλά
1539 2109 1773 2154 τοσαῦτα
1839 2103 1948 2172 μὲν,
2005 2098 2058 2161 ἐξ
2119 2105 2185 2150 ὥν
2237 2102 2267 2158 ἠ
2325 2100 2453 2161 λήθη
2513 2107 2585 2174 μὴ
2650 2103 2999 2176 προκατέλαϐε
3056 2108 3184 2179 πρὸς
3254 2103 3528 2157 Ἰουλιανόν
3587 2105 3673 2154 τὸν

305 2196 640 2252 Ἀποστάτην
707 2195 1099 2268 κακουργοῦντά
1151 2211 1204 2244 τε
1264 2196 1351 2243 καὶ
1391 2193 1527 2242 κατά
1581 2199 1673 2252 τῆς
1724 2188 1984 2250 εὐσεϐείας
2025 2190 2170 2260 ἡμῶν
2212 2191 2588 2263 θρασυνόμενον
2644 2197 2864 2266 εἷρηται.
2915 2199 3000 2246 Σοὶ
3045 2191 3103 2246 δε
3155 2192 3542 2266 φιλομαθοῦντι,
3584 2196 3674 2244 καὶ

277 2289 358 2350 ,τὸ
413 2292 564 2337 Θείον
620 2286 913 2357 θεοπρεπῶς
967 2282 1287 2354 ὀργιάζοντι,
1353 2285 1444 2332 καὶ
1495 2280 1645 2351 ὀλίγα
1695 2288 1795 2330 τῶν
1845 2279 2123 2351 εἰρημένων
2181 2277 2470 2352 ἐξαρκέσειν
2509 2279 2657 2354 οἶμαι
2703 2287 2830 2357 πρὸς
2868 2287 2962 2342 τὴν
3014 2291 3106 2343 τῆς
3153 2281 3378 2356 ἀπορίας
3415 2280 3672 2334 ἐπίλυσιν.

877 2395 1189 2443 ΕΡΩΤΗΣΙΣ
1218 2388 1306 2440 ΡΒ’
1319 2432 1332 2444 .

820 2503 883 2550 Τί
914 2494 1071 2555 δηλοῖ
1096 2501 1152 2548 τό
1183 2492 1344 2568 ἐφούδ
1376 2513 1389 2562 ;

2107 2386 2434 2452 ΟΗιΕΞΤΙΟ
2492 2391 2604 2446 Cll.
2665 2388 2848 2463 [Coisl
2899 2391 3120 2447 CCLXV
3186 2392 3368 2446 Taur.
3431 2387 3674 2458 CCLVI.]

2478 2499 2634 2565 Quid
2669 2498 2955 2568 signiﬁcet
2985 2498 3175 2569 ephod
3197 2503 3225 2553 ἵ

1184 2621 1332 2670 Edita
1361 2633 1394 2670 θ,
1420 2620 1764 2676 Montacutio,
1796 2633 1876 2682 ep.
1911 2619 2018 2681 192,
2046 2619 2112 2667 ad
2143 2619 2483 2679 Galatarum,
2509 2637 2561 2686 p.
2583 2623 2805 2672 291-292.

375 2745 446 2794 Τό
478 2737 658 2813 ἐφοὺδ,
709 2745 826 2813 περὶ
870 2739 929 2792 οὗ
978 2741 1158 2810 μαθεῖν
1213 2738 1620 2811 περιεζὴτησας,
1662 2741 1780 2812 τρία
1817 2756 1910 2794 ση-

305 2837 531 2905 μαίνειν,
591 2829 644 2893 ἐξ
681 2831 748 2881 ὧν
798 2829 1101 2901 ἀνέγνωμεν,
1160 2829 1390 2901 εὖρομεν³
1434 2829 1482 2879 ἓν
1533 2831 1640 2900 μεν,
1695 2832 1789 2885 τὴν
1840 2831 1911 2879 ίε-

304 2926 528 2994 ρατικὴν
574 2924 664 2971 καὶ
721 2922 874 2989 ἁγίαν
918 2918 1126 2988 στολὴν,
1216 2918 1517 2990 κεχρῆσθαι
1561 2919 1764 2988 θεμιτόν
1817 2917 1910 2968 οὐκ

305 3008 387 3076 ἦν,
418 3009 528 3060 ἀλλ’
575 3010 604 3067 ᾖ
658 3015 768 3069 τοῖς
806 3011 1001 3082 ἵερεῦσι
1053 3013 1247 3078 μόνοις.
1279 3001 1562 3063 Ἐδηλοῡτο
1603 3002 1661 3058 δε
1711 3001 1784 3057 δι’
1816 3005 1913 3056 αὖ·

303 3107 396 3158 τῆς
445 3101 504 3149 τό
558 3101 833 3170 πρακτέον,
890 3095 966 3168 ἐφ’
1020 3096 1087 3146 ὧν
1141 3093 1433 3167 ἀνθρωπίνη
1473 3098 1732 3166 κρίσιςτό
1775 3113 1908 3166 συμ-

307 3194 455 3261 φέρον
510 3182 639 3238 ἰδεῖν
689 3185 970 3249 ἐξησθένει,
1032 3181 1136 3236 οἷον
1190 3182 1479 3258 ἐκεχειρίαν
1531 3185 1712 3234 θέσθαι
1758 3183 1911 3235 πολε-

302 3283 463 3350 μίοις,
519 3276 548 3334 ἦ
603 3283 674 3345 τῷ
730 3271 915 3348 δόρατι
967 3278 1053 3331 τὴν
1107 3281 1196 3325 τοῦ
1240 3273 1461 3336 πολέμου
1509 3276 1685 3345 κρίσιν
1715 3270 1912 3345 ἐπιτρέ-

301 3365 424 3436 ψαι,
458 3369 545 3416 xui
580 3367 704 3416 εἴτι
752 3363 874 3415 οὒ.λο
923 3361 1310 3434 παραπλήσιον.
1367 3360 1521 3412 Ἀλλὰ
1572 3369 1773 3434 πρῶτον
1820 3364 1909 3434 μὲν

303 3458 684 3526 σημαινόμενον
735 3461 832 3505 του
871 3448 1032 3522 ἐφοὺδ
1081 3460 1256 3507 τουτο,
1304 3448 1506 3524 Ἕτερον
1548 3447 1605 3502 δε
1665 3455 1910 3523 σχήματί

303 3563 410 3604 πως
437 3551 510 3613 τῷ
550 3542 798 3616 εἰρημένῳ
839 3545 1134 3613 παρεοικός,
1186 3543 1352 3592 κοινόν
1385 3536 1463 3608 δε,
1498 3545 1586 3591 καὶ
1626 3539 1731 3611 οὐχ
1773 3543 1910 3616 ἱερα-

302 3638 449 3685 τικόν
515 3649 526 3660 ⁸
588 3636 619 3682 ὅ
667 3635 900 3703 φαίνεται
958 3634 1044 3681 καὶ
1098 3625 1264 3682 Δαϐὶδ
1317 3627 1732 3700 ἀμπισχόμενος.
1797 3631 1910 3683 Ἐπὶ

298 3726 402 3794 γὰρ
455 3717 642 3788 Δαϐἱδ,
689 3725 867 3790 φησὶν,
903 3715 1096 3790 Ἐφοὺδ
1127 3723 1299 3790 μόνον·
1341 3720 1366 3769 ὃ
1396 3721 1521 3769 ἔνιοι
1545 3717 1779 3789 (βύσσου
1809 3722 1907 3794 γὰρ

302 3809 578 3868 ἐπεποίητο
610 3827 620 3837 ⁸
657 3813 813 3881 φυτόν
868 3805 925 3860 δε
969 3810 998 3865 ἡ
1053 3806 1283 3879 βύσσος)
1329 3807 1516 3864 στολὴν
1564 3809 1620 3857 ἐκ
1665 3816 1759 3868 τῆς
1789 3809 1909 3868 ὕλης

303 3900 585 3971 ὠνόμασαν
615 3897 878 3970 βυσσίνην
913 3914 924 3926 ·
970 3899 1017 3948 οἱ
1060 3893 1117 3948 δὲ
1167 3905 1238 3947 τῶ
1296 3901 1468 3969 τρόπῳ
1524 3903 1617 3956 τῆς
1662 3901 1910 3967 χρήσεως

300 3992 397 4046 τὴν
445 3991 646 4058 γένεσιν
699 3982 937 4047 διδόντες
984 3993 1072 4038 τοῦ
1125 3985 1368 4056 ὀνόματος
1421 3981 1665 4056 ἐπωμίδα
1713 4004 1764 4036 τε
1820 3989 1908 4036 καὶ

300 4073 587 4148 ἐπένδυμα.
647 4078 797 4147 [Ιαρά
850 4071 908 4126 δὲ
971 4082 1156 4138 ταῦτα,
1218 4077 1326 4125 ἔστι
1397 4079 1484 4124 καὶ
1549 4077 1718 4146 τρίτον
1779 4070 1906 4125 ἰδεῖν

301 4171 701 4238 σημαινόμενον.
735 4167 801 4217 Οἱ
831 4167 931 4237 γαρ
993 4173 1092 4214 τῶν
1143 4159 1366 4214 εἰδωλων
1409 4163 1737 4233 θεραπευταὶ,
1773 4166 1907 4214 κατά

295 4260 527 4328 μίμησιν
557 4263 658 4306 τῶν
693 4257 858 4325 ἱερέων
899 4260 990 4305 τοῦ
1018 4260 1174 4320 Θεοῦ,
1215 4258 1323 4311 τοῖς
1365 4260 1502 4322 σφῶν
1539 4253 1731 4325 ἱερεῦσι
1781 4271 1907 4304 στο-

298 4345 390 4404 λάς
445 4342 806 4415 ἀφωρισμένας
852 4340 1073 4393 ἐτίθεντο
1129 4340 1200 4402 εἰς
1249 4347 1440 4411 σχῆμα
1484 4347 1574 4390 του
1621 4335 1800 4410 ἐφουδ,
1847 4342 1904 4390 τό

295 4433 518 4504 ὕφασμα
570 4433 988 4504 περιγράφοντες,
1042 4434 1130 4481 καὶ
1179 4434 1271 4487 τὴν
1328 4428 1512 4486 κλῆσιν
1558 4426 1743 4480 ἐκεῖθεν
1782 4429 1904 4500 μεθ·
1937 4406 1982 4460 D

296 4522 545 4586 έλκοντες,
599 4519 756 4592 ἐφουδ
805 4524 894 4571 καὶ
952 4518 1074 4570 αὐτὸ
1121 4522 1527 4592 προσηγόρευον.
1591 4516 1904 4591 Ἐκέχρηντό

294 4631 350 4665 τε
379 4619 450 4664 τῶ
481 4615 768 4682 μιμήματι,
815 4605 886 4660 δι’
921 4608 1079 4659 αὐτοῦ
1137 4610 1202 4658 τά
1255 4603 1504 4677 δαιμόνια
1572 4620 1583 4632 ’
1644 4610 1730 4657 καὶ
1756 4606 1904 4658 αὐτοὶ

295 4699 651 4773 ἐπερωτῶντες
695 4698 767 4760 εἰς
811 4702 905 4756 τὴν
953 4705 1051 4748 τῶν
1113 4700 1380 4768 πρακτέων
1431 4693 1746 4765 κατάληψιν,
1813 4699 1903 4746 καὶ

295 4794 476 4842 καινόν
533 4783 703 4839 οὐδέν’
761 4789 934 4858 ὥσπερ
985 4789 1085 4857 γὰρ
1138 4788 1215 4855 τό,
1279 4787 1428 4849 Θεὸς,
1483 4787 1662 4855 ὄνομα,
1713 4788 1802 4834 καὶ
1845 4787 1903 4834 τό

294 4877 505 4938 ἀληθῶς
541 4875 618 4949 [ο.
671 4877 772 4946 m.]
810 4880 931 4926 ὄντα
978 4878 1244 4946 σημαίνει,
1299 4872 1499 4946 ἐφέρετο
1531 4869 1588 4924 δὲ
1644 4875 1733 4923 xui
1773 4875 1904 4923 κατά

287 4975 394 5020 τῶν
423 4961 777 5036 ψευδωνύμων
819 4960 1103 5035 δαιμονίων
1138 4980 1150 4992 ⁶
1196 4961 1329 5014 οὕτω
1359 4966 1448 5013 καὶ
1504 4964 1562 5012 τό
1620 4956 1779 5032 ἐφοὺδ
1833 4961 1901 5022 εἰς

292 5053 529 5128 διάφορα
551 5051 836 5128 διαιρεῖται
872 5057 1248 5124 σημαινόμενα.
1299 5054 1372 5101 Οὐ
1399 5053 1478 5115 τό,
1522 5053 1666 5110 Θεὸς,
1715 5046 1774 5101 δὲ
1810 5054 1902 5121 μό-

289 5165 378 5197 νον
435 5148 596 5214 ὅνομα
636 5146 758 5217 πρὸς
799 5141 1048 5193 τάναντία
1096 5143 1386 5214 μερίζεται,
1421 5137 1548 5191 ἀλλά
1594 5143 1683 5190 καὶ
1716 5142 1771 5191 τό
1805 5144 1899 5190 "Ov

287 5239 384 5287 xui
415 5237 471 5286 τό
502 5229 784 5304 κάὸδησιμ
827 5249 838 5260 °
873 5233 1066 5283 τούτων
1117 5232 1216 5304 γὰρ
1269 5229 1524 5303 ἑκάτερον,
1557 5234 1646 5280 καὶ
1675 5231 1761 5280 τόν
1804 5249 1897 5280 κυ-

2093 2741 2242 2792 Inter
2290 2738 2604 2809 legendum
2654 2739 3110 2797 observavimus
3157 2740 3378 2812 ephod,
3427 2740 3501 2796 de
3553 2757 3676 2813 qua

2018 2841 2164 2882 voce
2203 2827 2548 2898 interrogas,
2583 2829 2692 2885 tria
2723 2830 3057 2899 signiﬁcare
3083 2846 3095 2886 :
3123 2830 3414 2901 imprimis
3440 2845 3674 2884 sacram

2019 2919 2076 2970 et
2111 2915 2510 2986 pontiﬁcalem
2555 2917 2791 2983 stolam,
2839 2935 2961 2990 qua
3017 2919 3096 2973 uti
3145 2917 3288 2972 nulli
3341 2917 3526 2983 licuit,
3558 2917 3672 2972 nisi

2020 3004 2331 3059 sacerdoti.
2358 3004 2464 3061 llla
2486 3005 2930 3075 signiﬁcabatur
2953 3006 3111 3078 quod
3139 3004 3439 3077 agendum
3461 3011 3584 3060 erat
3612 3005 3676 3060 in

2022 3092 2095 3147 iis
2123 3092 2316 3160 rebus,
2348 3111 2471 3163 quo
2492 3095 2801 3150 consilium
2824 3095 3157 3150 humanum
3188 3094 3522 3166 pertingere
3550 3110 3674 3150 non

2019 3187 2270 3253 poterat,
2303 3197 2536 3254 nempe,
2569 3199 2645 3240 an
2683 3199 2718 3238 a
2747 3183 2915 3239 bellis
2946 3183 3327 3249 cessandum,
3361 3199 3438 3239 an
3469 3183 3678 3255 praelio

2020 3275 2145 3327 erat
2177 3271 2625 3336 decertandum,
2666 3279 2721 3328 et
2760 3273 2974 3328 similia
3004 3273 3030 3327 ‘I
3068 3275 3131 3328 Et
3169 3273 3298 3328 hinc
3337 3271 3676 3344 principalis

2019 3360 2218 3432 ephod
2233 3360 2609 3432 signiﬁcatio.
2629 3361 2921 3428 Secunda,
2951 3361 3304 3434 praecedenti
3325 3361 3445 3416 fere
3461 3360 3677 3416 eadem

2019 3455 2140 3505 erat
2159 3449 2352 3505 forma
2373 3449 2592 3521 ephod,
2625 3466 2768 3504 usus
2785 3451 3145 3516 communis,
3175 3456 3229 3506 et
3254 3467 3374 3506 non
3397 3449 3675 3506 sacerdo-

2021 3538 2153 3594 talis
2217 3557 2230 3594 :
2291 3554 2362 3594 eo
2423 3539 2676 3595 amictus
2727 3539 2956 3595 videtur
3008 3540 3188 3596 David
3240 3557 3254 3607 ;
3312 3540 3395 3595 ait
3441 3539 3602 3595 enim
3658 3556 3671 3594 :

2021 3627 2218 3699 Ephod
2259 3632 2384 3683 erat
2425 3644 2604 3698 super
2650 3628 2855 3694 David,
2903 3627 3063 3700 quod
3102 3645 3133 3684 e
3175 3629 3361 3700 bysso
3407 3627 3590 3684 ﬁebat
3627 3628 3670 3662 ⁸⁷

2021 3717 2169 3788 (erat
2205 3723 2405 3772 autem
2469 3717 2691 3788 byssus
2743 3717 2968 3790 planta)
3011 3733 3024 3784 ;
3071 3718 3286 3774 stolam
3328 3734 3395 3774 ex
3424 3717 3524 3774 illa
3554 3733 3677 3773 ma-

2019 3806 2165 3861 teria
2211 3807 2544 3862 confectam
2591 3806 2906 3878 byssinam
2957 3807 3354 3864 nominabant
3393 3826 3406 3860 :
3469 3812 3530 3864 at
3572 3807 3676 3880 qui

2019 3894 2279 3950 nominis
2300 3894 2614 3964 originem,
2651 3913 2793 3951 usus
2822 3897 3006 3952 modo
3037 3902 3092 3952 et
3134 3897 3339 3952 formze
3369 3896 3678 3953 ascribunt

2017 3990 2236 4039 vocant
2255 3983 2557 4054 epomida,
2590 3990 2646 4039 et
2671 3984 3032 4056 ependuma.
3068 3987 3166 4041 Est
3195 3990 3250 4040 et
3281 3986 3450 4041 tertia
3476 3985 3676 4041 adhuc

2019 4070 2180 4126 illius
2211 4072 2566 4141 signiﬁcatio
2604 4089 2616 4127 :
2651 4073 2950 4129 idolorum
2981 4073 3258 4144 cultores,
3297 4074 3356 4129 in
3402 4074 3676 4129 imitatio-

2016 4175 2156 4215 nem
2183 4161 2561 4216 sacerdotum
2593 4161 2715 4226 Dei,
2746 4161 3153 4217 sacerdotibus
3197 4163 3376 4218 etiam
3407 4162 3528 4217 suis
3560 4165 3675 4216 sto.

2016 4247 2106 4304 las
2135 4249 2692 4320 appropriaverunt,
2738 4255 3028 4306 texturam
3060 4267 3267 4306 earum
3306 4250 3367 4306 in
3409 4250 3670 4320 ﬁguram

2017 4336 2214 4409 ephod
2244 4337 2707 4403 conformantes,
2735 4355 2863 4394 rem
2895 4355 3136 4411 quoque
3161 4340 3358 4411 ipsam
3389 4343 3675 4395 vocarunt

2016 4425 2235 4497 ephod.
2272 4426 2434 4482 Hanc
2460 4427 2851 4483 imitationem
2882 4429 3281 4484 adhibuerunt
3318 4429 3626 4484 daemones
3655 4445 3668 4484 :

2015 4516 2116 4588 qui
2144 4515 2288 4571 nihil
2313 4517 2454 4572 novi
2479 4516 2557 4572 ad
2584 4533 2709 4572 rem
2727 4517 3174 4588 intelligendam
3206 4518 3530 4575 attulerunt
3564 4534 3577 4574 :
3610 4522 3674 4574 ut

2015 4621 2256 4669 nomen,
2292 4608 2466 4672 Deus,
2493 4621 2622 4661 vere
2646 4607 3030 4662 exsistentem
3053 4607 3370 4677 signiﬁcat,
3388 4612 3446 4663 at
3466 4608 3540 4663 de
3554 4606 3673 4663 das-

2016 4693 2300 4749 monibus
2352 4694 2522 4750 falsis
2578 4695 2691 4750 diis
2746 4701 3087 4768 usurpatur,
3142 4697 3225 4752 sic
3273 4700 3327 4753 et
3371 4695 3572 4769 ephod
3611 4695 3672 4751 in

2013 4782 2181 4839 varia
2210 4782 2542 4853 signiﬁcata
2578 4783 2967 4840 distribuitur.
3009 4788 3208 4857 Neque
3238 4801 3461 4841 nomen
3501 4784 3667 4850 illud,

2016 4871 2191 4938 Deus,
2232 4876 2462 4928 tantum
2498 4872 2559 4927 in
2599 4872 3005 4944 discrepantia
3044 4873 3342 4939 dividitur,
3393 4873 3492 4930 sed
3524 4878 3577 4926 ὅν
3615 4879 3673 4930 et

2013 4957 2295 5033 κάὸδησιμ
2336 4967 2581 5033 utraque
2624 4977 2759 5029 vox,
2811 4966 2866 5018 et
2905 4963 3137 5034 proprie
3168 4979 3293 5030 ens,
3341 4969 3398 5019 et
3435 4963 3671 5036 proprie

2013 5055 2282 5106 sanctum
2309 5049 2602 5120 signiﬁcat
2642 5069 2655 5107 :
2691 5056 2747 5107 et
2777 5067 2899 5108 non
2938 5051 3101 5108 aliter
3142 5069 3326 5125 quam
3371 5053 3593 5125 ephod,
3634 5069 3672 5110 δ.

2012 5139 2408 5195 servientibus
2433 5139 2744 5196 daemoniis
2770 5140 2847 5197 ad
2877 5141 3167 5198 honorem
3201 5159 3410 5199 eorum
3439 5141 3545 5216 qui
3575 5158 3669 5199 co-

2013 5227 2212 5284 luntur
2243 5227 2510 5284 trahitur.
2538 5231 2621 5284 Tu
2659 5234 2859 5285 autem
2900 5245 3150 5302 corpore
3198 5236 3253 5287 et
3282 5231 3487 5288 anima
3519 5231 3668 5289 vale.

287 5329 420 5400 ρίως
474 5326 614 5386 ὄντα,
669 5325 762 5373 καὶ
816 5323 1010 5394 κυρίως
1061 5319 1229 5390 ἅγιον,
1291 5314 1464 5376 δηλοῖ“
1518 5323 1606 5370 xui
1661 5325 1770 5379 τοῖς
1819 5316 2125 5390 λατρευταῖς
2167 5325 2265 5369 τῶν
2325 5313 2607 5390 δαιμόνων,
2669 5317 2754 5371 ἐπὶ
2805 5326 2931 5392 τιμῇ
2988 5327 3090 5372 τῶν
3151 5319 3349 5373 οἰκείων
3404 5319 3669 5398 σεϐασμά-

287 5433 417 5480 των,
455 5410 630 5464 καθ’ὀν
662 5406 729 5470 δὴ
762 5413 952 5485 τρόπον
982 5412 1072 5461 xui
1105 5413 1162 5461 τὸ
1185 5403 1365 5480 ἐφοὺδ,
1393 5411 1774 5480 μετενήνεκται,
1804 5410 1869 5460 Σὺ
1903 5402 1963 5459 δέ
1989 5426 2077 5480 μοι
2107 5405 2262 5480 ψυχῇ
2296 5411 2386 5461 καὶ
2421 5411 2624 5481 σώματι
2650 5406 2864 5486 ἴρῥωσο.

367 5567 416 5603 το
458 5568 503 5623 ιι
545 5562 736 5623 Paral.
769 5578 864 5634 xv,
893 5565 985 5619 27.
