3906 6186
431 241 536 298 633

433 368 752 432 QUA'ISTIO
819 366 930 421 CIII
979 367 1176 436 [CoisL
1239 365 1484 422 CCLXVI
1551 367 1738 422 Taur.
1811 366 2158 440 CCLVII].A

504 475 790 540 Quomodo
809 489 922 528 non
945 480 1028 526 est
1051 472 1406 528 contrarium
1432 472 1588 527 illud
1609 491 1621 527 :
1649 493 1676 522 «
1705 473 1948 528 Oculum
1971 490 2081 542 pro

499 547 667 600 oculo
707 551 758 601 et
792 547 1018 599 (tentem
1049 561 1158 610 pro
1192 545 1382 608 dente,
1421 565 1444 594 »
1470 543 1569 598 illi
1605 545 1931 600 sententim:
1971 545 2083 600 «Si

499 617 628 687 quis
648 625 700 672 te
715 615 1072 685 percusserit
1090 619 1150 670 in
1175 631 1354 670 unam
1377 615 1700 681 nuwillam,
1727 618 1966 686 porrige
1983 617 2082 672 illi

500 695 552 742 et
591 689 842 744 alteram
875 687 1007 758 (20).
1059 709 1079 736 ι

1661 241 1896 296 PHOTII
1939 237 2412 298 PATRIABCHIE
2449 238 2561 298 CP.
2709 219 2714 222 ’
3635 241 3704 302 es

2759 369 3072 420 ΕΡΩΤΗΣΙΣ
3111 366 3224 419 PI".

2195 481 2312 534 Πῶς
2369 473 2464 524 οὐκ
2539 475 2680 524 ἔστιν
2761 471 2985 547 ἐναντίον
3051 477 3108 524 τὸ
3180 491 3210 524 (ι
3302 473 3567 547 Ὀφθαλμὸν
3635 477 3716 530 ἀντὶ

2263 546 2526 618 ὀφθαλμοῦ
2609 549 2698 595 καὶ
2777 541 2968 596 ὀδόντα
3050 544 3164 596 ἀντὶ
3243 541 3496 616 ὀδόντος,’
3538 570 3561 600 )›
3627 555 3715 619 πρὸς

2261 613 2340 682 τό,
2389 640 2415 690 «μ
2439 615 2626 676 Ὅστις
2681 635 2738 668 σε
2769 616 2998 690 Δ,(Ξριπίσει
3043 615 3128 669 ἐπὶ
3177 621 3268 674 τὴν
3319 613 3484 679 δεξιὰν
3533 613 3714 690 σιαγόνα,

2265 637 2340 682 το,
2389 640 2408 665 ι
2462 635 2626 676 υστις
2681 635 2738 668 σε
2824 636 2985 668 απισει

2265 687 2487 759 στρέψον
2509 692 2599 738 καὶ
2629 691 2720 744 τὴν
2749 635 2928 744 ἀλλην,
2959 709 2985 736 η

1067 811 1220 862 Edita
1247 825 1278 862 ει
1306 812 1651 868 Montacutio,
1688 827 1770 875 ep.
1804 813 1911 868 196,
1943 813 2010 860 ad
2043 822 2050 856 ι

2185 817 2334 870 tant.,
2365 829 2416 876 p.
2449 813 2558 860 294.
2593 813 2648 860 In
2681 812 2866 861 Matth.
2899 826 2949 870 v,
2972 813 3140 863 38-39.

505 933 616 986 Lex
641 929 738 984 illa
777 945 896 1001 qua
945 928 1301 1000 praecipitur,
1341 929 1610 985 «Oculus
1651 915 1768 1002 pro
1799 929 1993 997 oculo,
2029 935 2084 985 et

427 1020 577 1076 dens
607 1036 714 1090 pro
745 1019 920 1074 dente
951 1040 996 1084 »,
1027 1035 1148 1073 non
1179 1019 1550 1084 adversatur,
1577 1025 1641 1074 ut
1673 1019 1928 1090 imperiti
1955 1019 2086 1090 qui-

427 1111 564 1164 dam
599 1109 958 1164 arbitrantur
985 1107 1087 1170 illi,
1125 1127 1152 1158 ί(
1187 1109 1242 1164 Si
1275 1109 1409 1178 quis
1461 1113 1517 1162 te
1549 1108 1608 1162 in
1643 1124 1824 1162 unam
1859 1107 2082 1164 malam

425 1197 800 1270 percusserit,
843 1195 1080 1252 obverte
1121 1196 1198 1251 illi
1246 1201 1300 1252 et
1331 1197 1597 1262 alteram,
1633 1216 1660 1248 »
1697 1201 1753 1252 et
1783 1213 1919 1269 quae
1947 1203 2084 1252 sunt

424 1288 553 1358 ejus
584 1287 832 1356 generis.
871 1290 995 1340 Ilaec
1025 1286 1182 1340 enim
1211 1285 1474 1356 judicent
1507 1292 1660 1340 recte
1691 1285 1975 1356 disponit,
2027 1291 2084 1341 et

425 1376 552 1446 lege
577 1376 698 1431 lata
723 1376 988 1438 intendit,
1023 1381 1082 1430 ut
1109 1375 1460 1445 impartialis
1497 1375 1568 1430 sit
1595 1391 1736 1444 erga
1759 1375 2078 1444 litigantes,

423 1470 480 1520 et
518 1465 796 1536 injuriam
839 1480 1018 1536 passo
1051 1471 1112 1519 ut
1150 1463 1422 1534 satisﬁat,
1465 1465 1564 1535 qui
1609 1481 1850 1536 poenam
1895 1464 2084 1535 poscit

423 1553 812 1624 inﬂigendam
861 1552 1136 1608 aﬂicienti
1178 1553 1414 1622 injuria.
1450 1551 1642 1607 Altera
1675 1569 1784 1607 nec
1815 1553 2078 1622 judicem

423 1642 678 1714 respicit,
713 1659 906 1712 neque
937 1642 1030 1696 lex
1061 1647 1146 1696 est
1173 1657 1184 1706 ;
1237 1643 1316 1696 ita
1337 1642 1492 1696 enim
1528 1641 1948 1708 contrairetur;
1977 1641 2078 1695 sed
2115 1625 2155 1680 Β

421 1733 698 1802 injuriam
723 1732 823 1802 qui
853 1731 1093 1801 patitur,
1113 1731 1188 1786 ad
1223 1730 1560 1784 comitatem
1589 1729 1808 1794 incitat,
1839 1736 1894 1785 et
1923 1747 2082 1784 com-

422 1821 764 1892 passionem
799 1821 1080 1875 informat
1111 1837 1123 1874 :
1159 1818 1338 1891 idque
1387 1820 1530 1890 agit,
1591 1825 1654 1874 ut
1708 1821 2081 1875 iracundiam

423 1917 661 1985 superet
691 1917 746 1966 et
794 1911 1074 1976 furorem,
1128 1909 1446 1966 consilium
1505 1909 1986 1982 philosophicum
2027 1917 2080 1965 et

422 2000 883 2058 accommodum
918 1999 1233 2054 adhibens.
1293 2000 1444 2054 Nam
1487 1999 1576 2054 vel
1609 2015 1728 2054 non
1769 2003 2082 2070 recuperat

421 2091 583 2163 quod
616 2089 878 2145 ablatum
911 2093 997 2144 est
1029 2089 1106 2144 ab
1135 2104 1204 2143 eo
1241 2106 1252 2142 :
1305 2093 1408 2143 aut
1451 2090 1494 2142 si
1537 2093 1864 2159 recuperet,
1917 2089 2079 2143 haud

421 2179 752 2252 possidebit
797 2178 932 2250 plus
971 2193 1157 2250 quam
1190 2177 1268 2232 ab
1308 2177 1476 2233 initio
1505 2177 1786 2232 habebat.
1833 2177 1944 2234 Sed
1977 2177 2078 2248 qui

423 2285 528 2342 per
579 2268 972 2332 tolerantiam,
1032 2268 1396 2331 comitatem,
1459 2273 1512 2320 et
1569 2266 2076 2337 compassionem,

422 2357 732 2414 inimicum
764 2361 1024 2428 superat,
1057 2361 1194 2426 post
1233 2355 1560 2420 victoriam,
1617 2359 2074 2410 monumentum

422 2446 534 2501 sibi
575 2445 824 2500 suscitat
861 2444 1199 2499 immortale
1238 2443 1466 2498 virtutis
1518 2459 1658 2508 suae,
1713 2449 1768 2497 et
1808 2443 2073 2498 Iudicem

421 2533 814 2590 universalem
867 2533 1189 2604 propitium
1241 2531 1348 2586 sibi
1393 2537 1449 2586 et
1505 2531 1810 2602 placatum
1861 2531 2074 2596 reddit,

419 2623 669 2692 dignum
687 2638 746 2676 se
763 2637 1104 2693 praeparans
1129 2621 1230 2692 qui
1249 2619 1636 2692 patiaturilla,
1665 2635 1794 2690 quae
1811 2620 1868 2674 in
1885 2621 2076 2690 proxi-

417 2727 586 2768 mum
617 2711 974 2766 intendebat.

2266 930 2376 982 Οὐκ
2430 931 2566 980 ἔστιν
2615 928 2860 985 ἐναντίον.
2892 931 2960 992 ὡς
3005 927 3150 992 ἔδοξέ
3201 949 3310 982 τισι
3341 938 3436 982 τῶν
3478 935 3542 1002 μὴ
3572 951 3722 1006 σωφρο-

2193 1021 2433 1086 νούντων,
2475 1021 2528 1084 ἡ,
2567 1041 2594 1068 ι(
2625 1018 2920 1090 Ὀφθαλμὸν
2969 1017 3084 1070 ἀντὶ
3129 1019 3414 1090 ὀφθαλμοῦ,
3460 1027 3539 1070 καί
3581 1018 3724 1072 ὀδόντα

2195 1107 2310 1160 ἀντὶ
2340 1104 2568 1172 ὀδόντος,
2611 1129 2638 1156 ››
2683 1108 3007 1178 ζημιοῦσθαι
3045 1111 3458 1182 προστάσσουσα
3484 1111 3724 1179 νομοθεσία,

2191 1203 2318 1270 πρός
2347 1202 2440 1256 τὴν
2487 1202 2718 1268 γνώμην·
2767 1219 2786 1246 ε
2817 1195 3002 1258 Ὀστις
3037 1217 3092 1250 σε
3117 1199 3331 1272 ῥαπίσει
3365 1197 3444 1250 ἐπὶ
3489 1202 3569 1256 τὴν
3595 1195 3726 1259 δεξιὰν

2195 1291 2432 1357 σιαγόνα,
2489 1285 2708 1358 στρέψον
2745 1286 2882 1356 αὐτῷ
2939 1290 3030 1337 καὶ
3085 1291 3180 1344 τὴν
3231 1286 3410 1352 οἷλλην,
3467 1307 3492 1338 »
3525 1292 3602 1337 καὶ
3641 1288 3730 1337 ὅσαι

2190 1377 2350 1446 ταύτῃ
2400 1374 2782 1446 παραπλήσιοι.
2831 1375 2888 1428 Ἠ
2943 1377 3032 1447 μὲν
3088 1377 3189 1449 γὰρ
3241 1379 3328 1426 τόν
3373 1381 3541 1448 κριτὴν
3587 1376 3730 1448 ῥυθμί-

2193 1463 2288 1532 ζει,
2355 1468 2444 1514 καὶ
2509 1467 2636 1536 πρός
2695 1463 2850 1516 αὐτόν
2899 1467 3240 1527 ἀποτείνεται,
3297 1461 3568 1517 ἀδέκαστον
3615 1463 3730 1514 αὐτὸν

2191 1559 2296 1611 τοῖς
2345 1555 2666 1624 κρινομένοις
2707 1556 2959 1628 παρέχειν
3011 1554 3388 1624 νομοθετοῦσα,
3436 1559 3519 1606 καὶ
3559 1561 3619 1621 τῷ
3643 1547 3734 1603 ἁδι-

2190 1645 2420 1711 κουμένῳ
2472 1647 2736 1716 τιμωρεῖν,
2777 1645 2870 1700 τὴν
2919 1643 3044 1698 ἴσην
3109 1641 3432 1694 ἀπαιτοῦντα
3469 1645 3628 1700 ποινήν
3667 1643 3732 1692 τὸν

2189 1725 2506 1786 ἠδικηκότα.
2567 1729 2624 1782 Ἦ
2681 1727 2762 1798 δὲ,
2803 1729 2860 1782 οὐ
2917 1733 3006 1801 μὲν
3064 1727 3152 1782 οὖν
3201 1731 3294 1782 οὐκ
3347 1733 3484 1782 ἔστιν
3533 1733 3642 1802 πρὸς
3669 1731 3734 1780 τόν

2189 1822 2391 1886 κριτὴν,
2453 1816 2576 1870 οὐδὲ
2631 1829 2804 1882 νόμος,
2857 1816 2982 1871 οὑδὲ
3033 1819 3221 1872 πολλοῦ
3267 1839 3326 1890 γε
3363 1825 3450 1872 καί
3501 1816 3587 1871 δεῖ·
3629 1819 3736 1868 οὕτω

2187 1909 2288 1979 γὰρ
2339 1907 2399 1958 ἂν
2443 1909 2505 1966 ἧν
2561 1909 2785 1960 ἐναντίον
2817 1925 2830 1937 ⁸
2883 1907 3012 1960 ἀλλά
3039 1913 3126 1960 τόν
3180 1905 3496 1966 ἀδικηθέντα
3546 1912 3738 1980 παραινεῖ

2190 1996 2262 2058 εἰς
2292 1995 2566 2048 ἐπιείκειαν
2592 2001 2682 2050 καὶ
2733 1999 3060 2069 συμπάθειαν
3105 1997 3453 2071 ἐπαλείφουσα
3495 2002 3575 2049 καὶ
3599 2001 3736 2070 κρείτ-

2187 2105 2310 2136 τονα
2360 2087 2840 2160 παρασκευάζουσα
2899 2086 3062 2161 ἀργῆς
3111 2091 3198 2140 καὶ
3267 2090 3434 2160 θυμοῦ
3499 2087 3739 2158 φιλοσόρως

2186 2175 2297 2228 λίαν
2345 2181 2434 2227 καὶ
2478 2175 2742 2248 ὠφελίμως
2795 2177 3139 2249 εὶσηγουμένη
3200 2181 3294 2235 τήν
3357 2175 3648 2250 συμϐουλήν.
3683 2178 3738 2225 Τό

2185 2267 2274 2335 μεν
2317 2267 2418 2336 γὰρ
2473 2267 2718 2338 στερηθὲν
2763 2267 2791 2324 ἡ
2840 2265 2935 2317 οὐκ
2983 2268 3121 2318 ἐστιν
3173 2265 3462 2332 ἀναλαϐεῖν,
3513 2266 3540 2324 ἡ
3591 2262 3740 2316 ἀναλα-

2187 2353 2340 2404 ϐόντα
2370 2350 2521 2404 οὐδὲν
2552 2353 2699 2405 πλέον
2753 2357 2892 2406 ἐστὶν
2940 2362 3030 2406 τοῦ
3083 2353 3318 2430 ἐξαρχῆς
3349 2353 3654 2430 προσλαϐεῖν.
3697 2351 3739 2401 ’0

2189 2439 2246 2494 δε
2305 2439 2375 2494 δι’
2433 2441 2701 2503 ἐπιεικείας
2753 2448 2843 2495 καὶ
2905 2445 3210 2515 συμπαθοῦς
3261 2451 3474 2516 γνώμης
3519 2445 3742 2515 περιγίνου

2185 2537 2282 2592 νὼς
2337 2539 2428 2582 τοῦ
2481 2529 2699 2606 ἐχθροῦ,
2746 2535 2876 2602 μετὰ
2905 2540 2998 2583 τοῦ
3033 2540 3248 2590 νικῆσαι
3285 2534 3532 2608 λαμπρῶς
3559 2535 3634 2580 καὶ
3661 2527 3742 2579 ἀεὶ·

2187 2639 2416 2691 μνηστον
2469 2627 2562 2681 τῆς
2613 2619 2794 2695 ἀρετῆς
2851 2619 3034 2694 ἐγείρει
3089 2629 3362 2693 μνημεῖον,
3413 2627 3498 2674 καὶ
3547 2623 3622 2672 τόν
3657 2635 3744 2668 κοι-

2185 2713 2270 2760 νὸν
2301 2713 2482 2782 κριτὴν
2538 2708 2768 2761 εὖίλατον
2805 2709 2970 2780 ἐαῡτῷ
3021 2715 3107 2761 καὶ
3161 2710 3343 2783 εὐμενῆ
3379 2707 3741 2782 παρασκευάζει,

423 2800 588 2852 ἐκεῖνα
617 2801 798 2853 παθεῖν
826 2799 1005 2851 ἑαυτὸν
1035 2798 1178 2861 ἄξιον
1211 2797 1538 2870 εὐτρεπίσας,
1569 2797 1602 2848 ἆ
1632 2797 1938 2870 προσλαϐὼν
1965 2797 2118 2859 αὐτὸς
2147 2807 2218 2868 τῷ
2247 2797 2466 2855 πληηίον
2507 2794 2824 2860 ἐπεδείξατο.

418 2907 730 2974 ΟΠΙΕΞΤΙΟ
775 2905 889 2962 CIV
937 2905 1132 2976 [CoisL
1178 2905 1478 2970 CCLXVII,
1547 2907 1720 2959 Taur.
1781 2906 2074 2976 CCLVIII].

415 3023 572 3073 Edita
599 3037 630 3071 ιι
660 3022 1003 3079 Montacutio,
1037 3035 1118 3084 ep.
1153 3023 1261 3080 203,
1299 3021 1366 3069 ad
1413 3021 1660 3069 Theudor.
1694 3021 1920 3082 hegmn.,

2757 2911 2964 2958 ΕΡΩΤΗ
2975 2912 3028 2960 ΣΙ
3039 2913 3070 2958 Σ
3107 2905 3218 2960 PA'.

1979 3035 2029 3082 p.
2075 3021 2184 3085 300,
2209 3021 2324 3085 7301.
2359 3021 2429 3068 De
2455 3019 2614 3068 Abelc
2649 3020 2796 3083 justo
2841 3025 2964 3070 ante
3000 3025 3338 3085 peccatorem
3383 3021 3631 3070 Adamum
3661 3017 3748 3065 vita

1921 3083 2102 3132 functo
2146 3083 2266 3144 (9.1).

485 3193 768 3250 Secretior
803 3193 998 3248 omnis
1031 3197 1086 3248 et
1112 3191 1463 3264 profundior
1492 3207 1679 3247 causae
1711 3193 1878 3256 ratio,
1910 3189 2072 3261 apud
2113 3189 2152 3244 C

413 3283 598 3338 Deum
631 3287 956 3352 scponatur
985 3301 997 3340 :
1033 3280 1136 3336 sed
1168 3281 1226 3336 in
1253 3286 1546 3352 quantum
1575 3281 1842 3336 humano
1874 3279 2072 3351 captui

413 3370 1044 3442 comprehendendam
1071 3371 1212 3426 dare
1234 3369 1438 3434 voluit,
1463 3369 1622 3424 illam
1644 3385 1754 3440 ego
1778 3369 2068 3424 attuleritn

412 3459 809 3532 quodidcirco
826 3457 1068 3513 Abelem
1081 3459 1274 3512 virum
1287 3459 1305 3528 j
1319 3457 1774 3523 ustum,Adamo
1791 3457 2068 3528 priorem,

412 3563 551 3602 cum
581 3552 780 3602 tamen
829 3548 1106 3618 princeps
1135 3546 1184 3600 is
1225 3551 1593 3617 peccaverat,
1629 3551 1684 3600 et
1717 3546 2070 3600 sententiam

411 3636 764 3692 ideomortis
793 3639 1122 3706 acceperat,
1143 3637 1314 3690 morti
1338 3635 1615 3689 traditum
1643 3635 1847 3703 voluit,
1887 3632 2069 3705 utqui

411 3726 600 3781 reatui
629 3723 992 3796 subjacebat,
1027 3739 1132 3794 per
1162 3728 1216 3777 et
1245 3723 1305 3777 in
1335 3723 1456 3778 tilio
1489 3739 1598 3776 suo
1625 3723 1923 3794 inculpato
1951 3739 2072 3778 ma-

405 3815 598 3884 jorem
645 3813 935 3870 tristitiam
989 3811 1324 3883 conciperet
1377 3813 1601 3877 animo,
1665 3819 1716 3866 et
1777 3811 2068 3882 majorem

411 3909 770 3959 monstraret
801 3901 1204 3974 paenitentiam
1239 3920 1255 3964 ;
1307 3902 1384 3956 ita
1424 3907 1487 3956 ut
1519 3917 1651 3956 cum
1689 3901 1956 3964 minimo,
2011 3903 2068 3956 iu

409 3997 699 4066 quantum
729 3991 854 4046 ﬁeri
881 3990 1094 4063 potuit,
1153 3991 1637 4059 transgressionis
1687 3989 1886 4044 debito
1928 3991 2067 4044 hinc

408 4081 682 4139 transiret
715 4079 952 4136 :deinde
986 4085 1047 4132 ut
1089 4083 1328 4150 puteum
1362 4079 1526 4134 illum
1577 4080 1783 4134 mortis
1827 4077 2068 4148 profun-

407 4171 575 4237 dum,
610 4185 714 4242 per
741 4169 878 4240 justi
909 4167 1164 4222 hominis
1193 4184 1262 4222 eo
1297 4168 1600 4223 introitum
1633 4167 1848 4238 injuria
1877 4167 2067 4223 affecti

405 4266 710 4332 receptum
739 4257 1010 4314 redderet
1041 4256 1343 4329 putridum
1396 4263 1450 4312 et
1493 4257 1754 4312 inanem.
1791 4257 1962 4322 Quod
2021 4257 2066 4310 si

407 4365 546 4405 eum
595 4347 698 4420 qui
738 4353 984 4419 peccato
1021 4363 1158 4402 reus
1209 4345 1314 4401 fuit
1354 4345 1686 4418 principem
1729 4345 2063 4416 recepisset,

403 4439 644 4495 ﬁrmum
677 4436 1021 4507 subjecisset
1054 4436 1104 4491 ei
1135 4435 1582 4490 firmamentum
1615 4453 1633 4492 :
1685 4435 1786 4488 sed
1821 4435 2067 4504 abrepto

2255 3189 2312 3241 '0
2366 3193 2456 3260 μὲν
2512 3188 2923 3264 ἀπορῥητότερος
2979 3195 3068 3243 καὶ
3118 3189 3412 3265 βαθύτερος
3475 3197 3564 3249 τῆς
3615 3185 3748 3241 αἰτίας

2831 3296 2844 3308 ⁶
2899 3279 2952 3342 ἐξ
3003 3280 3070 3330 ὧν
3099 3299 3159 3350 γε
3215 3276 3459 3340 διανοίας
3511 3279 3750 3350 ἀνθρώπων

2184 3365 2344 3419 ἔδωκε
2371 3369 2610 3438 γενέσθαι
2651 3367 2842 3434 ληπτά,
2877 3371 3058 3441 φαμεν,
3106 3372 3175 3430 ὡς
3203 3366 3298 3420 διὰ
3325 3377 3479 3421 τοῦτο
3525 3370 3600 3418 τόν
3627 3359 3750 3416 Ἀεελ

2186 3279 2336 3350 λογος
2383 3277 2603 3330 ἀνείσθω
2663 3287 2776 3350 Θεῷ

2185 3453 2388 3508 δίκαιον
2462 3461 2601 3518 ὄντα,
2661 3461 2760 3530 πρό
2814 3466 2906 3509 τοῦ
2985 3457 3402 3531 ἐξημαρτηκότος
3463 3453 3642 3526 Ἀδὰμ,
3683 3453 3753 3502 καὶ

2182 3551 2275 3604 τὴν
2331 3545 2591 3618 ἀπόφασιν
2647 3543 2949 3619 δεξαμένου,
3009 3553 3382 3620 συνεχώρησεν
3445 3547 3516 3606 εἰς
3575 3545 3752 3595 divum

2185 3634 2344 3686 ἐλθεῖν
2379 3655 2390 3666 ·
2429 3635 2509 3686 ἵνα
2559 3637 2735 3706 μαθὼν
2767 3637 2792 3688 ό
2825 3633 3078 3697 ὑπόδικος
3133 3639 3180 3687 ἐν
3224 3643 3298 3705 τῷ
3351 3635 3603 3704 ἀνευθύνῳ
3630 3623 3753 3683 παιδὶ

2183 3727 2239 3774 τό
2295 3723 2504 3798 φοϐερὸν
2557 3731 2648 3775 τοῦ
2703 3723 2966 3796 ἐπιτιμίου
3005 3729 3096 3776 καὶ
3157 3727 3414 3796 ἄφυκτον,
3447 3723 3592 3776 πλέον
3633 3737 3678 3770 τε
3709 3719 3752 3766 τὸ

2179 3812 2335 3882 οἰλγος
2389 3809 2708 3883 εἰσ-δέξηται,
2768 3819 2856 3866 καὶ
2911 3819 3003 3870 τὴν
3053 3816 3331 3885 μετάνοιαν
3379 3809 3689 3873 ἐπιδείξηται
3737 3817 3748 3831 '

2179 3903 2412 3952 κάκεῐθεν
2492 3901 2698 3952 ἔλαττον
2772 3901 2966 3974 ἀπέλθῃ
3049 3911 3142 3964 τῆς
3209 3901 3566 3976 παραϐάσεως
3609 3914 3754 3968 χρεω-

2182 3997 2314 4040 στῶν
2350 4005 2361 4017 ·
2397 3991 2471 4040 ἔτι
2513 3986 2590 4052 δὲ,
2623 3995 2711 4041 καὶ
2761 3991 2842 4041 ἱνα
2889 3997 2980 4042 τοῦ
3039 3992 3258 4042 θανάτου
3319 3995 3382 4042 τό
3440 3988 3648 4063 βάθρον,
3687 3985 3755 4034 τόν

2179 4075 2494 4149 ἠδικημένον
2533 4087 2733 4152 πρῶτον
2789 4075 3062 4150 δεξάμενον
3117 4081 3314 4153 σαθρὸν
3355 4084 3612 4148 καταστῇ.
3655 4073 3758 4124 Ὠσ-

2179 4187 2268 4241 περ
2319 4170 2418 4240 γὰρ
2469 4167 2510 4218 εἰ
2565 4171 2650 4218 τόν
2711 4169 2992 4220 ὑπεύθυνον
3033 4176 3236 4241 πρῶτον
3287 4165 3528 4234 ἐδέξατο,
3579 4161 3755 4236 στερρὸν

2177 4255 2236 4306 ἂν
2293 4256 2518 4328 θεμέλιον
2566 4255 2840 4308 ὑπεϐάλετο
2892 4273 2903 4286 ·
2951 4259 3084 4310 οὕτω
3141 4261 3226 4309 τόν
3281 4254 3502 4310 δίκαιον
3549 4251 3760 4326 ἁρπασά-

2177 4365 2345 4417 μενος,
2446 4347 2641 4418 σαθρὰν
2730 4345 2909 4397 ἑαυτὸν
2989 4346 3136 4398 ᾗαθε
3215 4351 3306 4398 καὶ
3397 4347 3756 4418 εὐπερίτρεπτον

2177 4439 2270 4492 τὴν
2301 4434 2492 4486 οἰκείαν
2541 4431 2782 4507 κρηπῖδα
2811 4433 3103 4506 πηξάμενος
3145 4436 3196 4478 h-
3229 4439 3296 4486 Σὺ
3361 4432 3426 4487 δέ
3465 4454 3554 4506 μοι
3586 4436 3758 4490 σκόπει,

405 4527 544 4584 illuc
569 4527 694 4583 viro
713 4527 890 4598 justo,
917 4525 1224 4598 putridum
1253 4523 1446 4580 solum
1471 4541 1580 4580 nec
1601 4523 1913 4579 difﬁculter
1931 4523 2050 4578 sub-

2185 4529 2265 4574 mi
2315 4527 2358 4574 εἴ
2387 4543 2490 4582 πως
2514 4524 2525 4563 ί
2553 4525 2698 4584 ὁτῆς
2755 4521 3090 4584 ἀναστάσεως
3146 4520 3240 4575 διὰ
3291 4527 3494 4575 τούτου
3529 4533 3758 4596 “ponam-

405 4617 721 4686 ruendum,
743 4615 1013 4672 nesciens
1037 4617 1238 4669 tamen
1263 4613 1536 4668 confecit.
1555 4617 1636 4668 Tu
1660 4619 1858 4668 autem
1887 4629 2066 4684 porro

405 4706 466 4763 in
490 4711 752 4762 mentem
775 4705 1002 4760 advoca
1021 4702 1358 4773 cogitando,
1382 4719 1458 4758 an
1491 4718 1611 4757 non
1635 4707 1817 4758 status
1842 4707 1894 4758 et
1917 4703 2065 4758 ratio

405 4795 868 4858 resurrectionis,
915 4797 1040 4849 tam
1093 4792 1272 4862 longo
1325 4793 1699 4862 praecedente
1757 4791 2064 4847 intervallo

407 4889 810 4956 praestruatur,
841 4887 898 4938 et
923 4899 1028 4954 per
1053 4881 1404 4950 mysterium
1435 4879 1920 4952 prmsigniﬁcetur
1951 4881 1977 4936 ?
2005 4881 2064 4935 Si

407 4973 565 5028 enim
613 4973 802 5027 bonus
833 4987 902 5026 ac
940 4971 1136 5042 justus
1169 4971 1322 5024 Deus
1371 4969 1564 5036 fuerit,
1617 4977 1718 5024 aut
1759 4969 2063 5042 utriusque

406 5061 603 5132 potius
655 5061 790 5116 fons
843 5065 900 5115 et
955 5059 1140 5130 origo,
1176 5059 1339 5114 haud
1398 5059 1868 5114 immuneratum
1921 5059 2062 5114 hinc

406 5150 572 5208 abire
600 5150 792 5205 virum
816 5148 1048 5218 justum
1077 5163 1151 5202 ne
1203 5149 1281 5203 ab
1305 5147 1534 5204 horulae
1587 5149 1767 5204 unius
1801 5147 2060 5219 spatium

2178 4612 2417 4664 ϐάλλεται
2469 4632 2552 4664 και
2609 4619 3035 4684 μυσταγωγεῖται
3087 4614 3257 4682 λόγος.
3327 4613 3390 4666 Εἰ
3447 4616 3550 4686 γὰρ
3599 4608 3764 4679 ἀγαθὸς

2176 4707 2264 4753 καὶ
2297 4698 2501 4762 δίκαιος
2531 4703 2554 4752 ό
2585 4705 2728 4766 Θεὸς,
2763 4701 2952 4772 μᾶλλον
2983 4697 3018 4753 δ
3023 4719 3058 4752 ι·
3095 4701 3430 4770 ἀγαθότητος
3459 4706 3550 4753 καί
3589 4695 3762 4750 δικαιο-

2179 4794 2338 4852 σύνης
2387 4795 2554 4860 πηγὴ,
2619 4790 2712 4842 οὐκ
2765 4788 2825 4840 ἂν
2876 4788 3163 4864 ἀγέραστον
3213 4789 3462 4843 ἀπελθεῖν
3539 4793 3624 4841 καὶ
3681 4784 3764 4854 πρὸ

2176 4881 2308 4954 ὧρας
2356 4883 2441 4931 τόν
2499 4877 2704 4930 δίκαιον
2768 4881 2936 4931 εἴασεν
2987 4878 3164 4933 ’Ἅϐελ
3219 4885 3322 4932 Καὶ
3385 4885 3442 4932 τί
3492 4879 3622 4948 λέγω
3668 4874 3764 4942 ἀγέ-

2173 4989 2364 5043 ραστον
2398 4987 2411 5036 ς
2447 4967 2551 5020 ἀλλ’
2601 4969 2694 5020 οὐκ
2736 4967 2794 5018 ἂν
2836 4963 3034 5030 ἀδίκως
3075 4973 3162 5020 καί
3209 4972 3266 5020 τὸ
3323 4973 3514 5040 μεῖζον
3565 4965 3665 5018 ἀνθ’
3707 4961 3764 5012 ὧν

2173 5061 2316 5130 ὤφθη
2377 5057 2632 5129 θεοφιλὴς,
2684 5057 2777 5108 οὐκ
2825 5057 2884 5108 ἂν
2933 5053 3223 5128 ὑπερείδειν
3277 5057 3652 5130 ἀναιρούμενον
3687 5072 3701 5085 ⁸
3731 5049 3764 5102 εἰ

2171 5155 2242 5220 μή
2321 5167 2399 5209 τις
2480 5145 2666 5200 ἐκεῖθεν
2719 5145 2845 5204 ἄλλη
2921 5149 3264 5211 κατάστασις,
3319 5152 3418 5200 καὶ
3471 5145 3588 5220 βίος
3639 5141 3766 5202 ἄλλος

1732 5273 1964 5330 νΑΗΙιΕ
1996 5273 2288 5330 LECTION
2301 5273 2376 5328 ES

479 5375 508 5418 ιι
539 5375 600 5432 C.
627 5375 698 5431 M.
735 5368 1026 5444 δεξάμενος.
1067 5369 1082 5410 ί
1127 5372 1204 5422 ἶσ.
1236 5375 1436 5442 μήτως.
1481 5374 1544 5430 C.
1577 5373 1646 5438 Μ,
1680 5373 1725 5424 εἴ
1763 5391 1892 5433 πως.

1975 5459 2200 5517 NOTAE.

479 5565 596 5637 (20)
629 5565 798 5637 Cum
849 5559 966 5615 hac
1014 5558 1768 5637 quaestione‘ggnferendte
1818 5563 1956 5616 sunt
1991 5575 2058 5615 ex

408 5627 894 5718 praicedentibus
924 5627 1288 5704 quXXXVll
1319 5633 1377 5686 et
1399 5627 1586 5686 XLVI.

2169 5634 2192 5686 ι
2236 5558 2354 5686 :2?
2393 5555 2557 5624 Idem
2596 5561 3012 5628 argumentum
3039 5555 3378 5629 quastione
3419 5560 3488 5615 XI
3531 5563 3762 5630 pertrac-

2197 5645 2233 5686 a
2260 5645 2298 5684 u
2333 5667 2348 5682 .

2197 5645 2348 5686 amr.
