4136 6198
229 250 337 311 637

1220 249 1315 309 AD
1354 250 1915 313 AMPHILOCHIUMl
1942 254 2265 325 QUIESTIO
2304 252 2423 312 Clll
2464 250 2573 313 CV.

3491 261 3599 318 638

231 381 491 452 ἀπέκειτο,
534 379 585 432 έν
722 386 821 431 τῶν
872 384 1139 454 πρακτέων
1187 382 1278 440 τὰς
1322 380 1559 453 ἀμοιϐὰς,
1604 387 1692 434 καὶ
1744 385 1837 443 τὰς

1950 383 2071 455 pati
2101 382 2323 440 debuit.
2345 382 2492 449 Quid
2521 386 2722 439 autem
2747 382 3214 440 immuneratum
3237 384 3415 441 dico?
3442 390 3599 441 certe

230 468 551 537 ἀντιδόσεις,
613 468 791 541 ἀφάτῳ
843 469 1045 540 πλούτῳ
1102 474 1347 543 προνοίας
1402 471 1704 543 εὐτρεπίσας
1754 492 1841 524 τα-

228 561 418 631 μιεύει.
464 558 665 611 Οὐκοῦν
715 559 889 610 οὐκέτι
940 554 1446 629 διαμφισϐητήσεις,
1486 557 1577 612 διὰ
1606 565 1657 612 τί
1698 570 1838 635 πρῶ-

229 667 318 707 τος
371 646 549 713 Ἀϐελ,
606 646 747 718 φίλος
807 643 1152 712 δικαιοσύνης
1215 653 1456 718 γεγονὼς,
1515 657 1710 721 πρῶτος
1767 657 1839 719 τῷ

231 738 440 806 θανάτῳ
512 734 903 808 ἐλειτούργησεν
982 736 1039 788 Εἰ
1085 732 1143 788 δὲ
1199 741 1290 788 καὶ
1342 741 1469 809 πρὸς
1525 741 1611 789 τὸν
1668 737 1841 810 Ἑνὼχ

229 823 570 895 ἀποϐλέψεις,
624 822 958 876 δικαιότατον
1033 830 1306 895 γεγονότα,
1359 826 1508 877 πλέον
1581 826 1710 889 ἔξεις
1767 823 1839 879 δι’

227 914 301 964 ὧν
335 913 392 965 οὗ
441 917 709 978 ζητήσεις,
741 923 846 973 πῶς
893 921 992 964 τῶν
1043 909 1280 978 δικαίών,
1317 912 1506 984 μᾶλλον
1549 915 1578 973 ἦ
1613 922 1714 966 τῶν
1754 917 1840 967 ὑπ’

226 1002 424 1068 αἰτίαν,
484 1003 510 1053 ὁ
565 1003 782 1063 θάνατος
835 1005 1167 1075 ἐκυρίευσεν·
1223 1002 1473 1075 ἀνωτερος
1528 1006 1629 1079 γάρ
1697 1004 1840 1065 οὗτος

226 1090 283 1153 ἐξ
313 1090 502 1164 ἀρετῆς
530 1095 621 1143 καὶ
652 1090 942 1163 φιλοτιμίας
968 1098 1102 1143 Θεοῦ
1131 1090 1243 1163 (καὶ
1284 1093 1367 1143 ῖνα
1396 1095 1469 1163 μὴ
1512 1096 1570 1144 τὸ
1603 1088 1841 1145 δυσθεώ-

226 1199 390 1254 ρητον
421 1183 619 1250 ἔχωσιν
645 1181 700 1231 αὶ
728 1184 819 1232 σαὶ
850 1177 1086 1253 ἀπορίαι)
1116 1188 1214 1231 τῶν
1245 1187 1334 1232 τοῦ
1368 1182 1590 1232 θανάτου
1620 1179 1837 1254 βρόχων

226 1272 318 1320 καὶ
355 1276 449 1330 τῆς
476 1265 781 1341 τυραννίδος
812 1267 1191 1341 ἐχρημάτισεν.

1947 471 2113 528 haud
2151 472 2358 527 fuisset
2387 487 2603 543 passus
2639 472 2855 543 injuste
2900 470 3163 544 aliquem
3194 472 3338 537 tolli,
3370 472 3599 528 nedum

1947 560 2141 616 virum
2167 560 2258 616 sui
2282 567 2604 627 amantem,
2635 561 2683 615 si
2712 576 2828 616 non
2853 560 3026 616 allius
3054 561 3187 617 vitae
3215 566 3422 631 status,
3458 555 3596 618 con;

1947 650 2091 706 ditio
2113 649 2231 706 alia
2252 650 2509 722 reposita
2540 649 2747 705 fuisset
2775 649 2878 720 illi,
2900 649 3003 705 ubi
3028 666 3230 706 rerum
3255 666 3292 706 a
3321 666 3384 706 se
3406 657 3598 722 gesta-

1948 754 2079 793 rum
2120 738 2560 794 retributionem
2599 743 2655 793 et
2694 739 3241 795 remunerationem
3289 755 3395 811 per
3432 740 3600 795 inex-

1946 826 2253 899 plicabiles
2274 827 2490 882 divinae
2521 827 2905 899 providentiae
2923 827 3161 884 divitias
3194 835 3599 899 praeparatam

1946 917 2342 988 disposuerat.
2377 917 2666 982 Quocirca
2697 933 2815 973 non
2844 922 2932 973 est
2960 934 3066 973 cur
3092 923 3153 973 tu
3178 918 3379 975 adhuc
3406 918 3597 974 addu-

1945 1004 2118 1069 bites,
2145 1004 2302 1059 unde
2325 1003 2547 1059 factum
2581 1009 2643 1061 ut
2668 1005 2807 1060 Abel
2828 1006 3068 1076 justitiae
3104 1005 3294 1062 cultor
3320 1005 3594 1062 omnium

1947 1093 2261 1149 hominum
2291 1094 2569 1165 princeps
2597 1099 2848 1150 mortem
2886 1094 3293 1151 famularetur.
3336 1095 3510 1161 Quod
3547 1094 3596 1150 si

1947 1181 2277 1253 respexeris
2304 1182 2382 1237 ad
2410 1183 2716 1239 Enochum
2737 1182 3049 1255 quietipse
3065 1182 3438 1254 justissimus
3463 1184 3594 1255 fuit,

1946 1269 2082 1341 plus
2129 1269 2325 1325 adhuc
2383 1270 2488 1325 tibi
2538 1277 2907 1342 suggeretur,
2953 1288 3060 1327 cur
3097 1287 3219 1328 non
3251 1273 3593 1339 addubites,

225 1359 389 1414 unde
418 1357 646 1414 factum
686 1364 748 1414 ut
790 1375 950 1414 mors
990 1359 1155 1431 prius
1187 1359 1248 1414 in
1283 1358 1478 1430 justos
1514 1375 1697 1431 quam
1738 1360 1798 1415 in
1837 1376 1970 1416 reos
2009 1360 2349 1416 dominium
2380 1366 2676 1416 exerceret
2708 1379 2720 1415 :
2765 1360 3036 1432 superior
3073 1360 3233 1416 enim
3275 1362 3468 1432 justus
3509 1368 3597 1420 est

226 1453 476 1519 propter
504 1447 779 1503 virtutem
820 1452 877 1502 et
906 1454 1177 1503 amorem
1221 1448 1319 1503 Dei
1357 1448 1647 1504 eximium
1680 1459 1779 1514 (ne
1816 1448 2002 1505 dubia
2034 1466 2070 1505 a
2128 1455 2180 1505 te
2220 1451 2532 1522 proposita
2578 1449 2887 1505 difficulter
2932 1449 3322 1523 explicentur)
3363 1451 3597 1524 laqueis

227 1536 442 1592 mortis
471 1536 731 1593 irretitus
757 1542 812 1592 et
838 1538 968 1608 ejus
995 1536 1376 1608 tyrannidem
1415 1542 1685 1609 expertus
1717 1537 1901 1595 fuisse
1922 1538 2155 1593 dicitur.

799 1649 1113 1697 ΕΡΩΤΗΣῙΣ
1152 1643 1266 1698 ΡΕ’.

744 1755 866 1820 Περὶ
898 1758 993 1813 τῆς
1020 1758 1272 1824 περιτομῆ
1285 1770 1323 1811 ς.

2126 1646 2445 1711 QU/ESTIO
2486 1645 2595 1703 CV.
2636 1644 2841 1718 [CoisL
2883 1651 2938 1701 et
2980 1646 3158 1702 Taur.
3193 1647 3419 1718 CXXII.)

2481 1754 2566 1808 De
2610 1752 3065 1808 circumcisione.

977 1872 1130 1922 Edita
1157 1887 1189 1922 a
1225 1874 1572 1932 Montacutio,
1610 1889 1695 1938 ep.
1724 1876 1834 1932 205,
1866 1875 1934 1924 ad
1972 1875 2226 1931 Theodor.
2260 1876 2482 1940 Iugum,
2518 1892 2570 1940 p.
2611 1876 2840 1926 302-304.

297 1987 356 2041 Ἦ
407 1993 663 2062 περιτομὴ
708 1993 829 2061 τρία
875 1991 991 2040 τινὰ
1037 1992 1496 2061 πραγματεύεσθαί
1536 2010 1626 2063 μοι
1667 1988 1830 2043 δοκεῖ’

228 2076 277 2129 ἓν
323 2081 435 2149 μὲν,
488 2079 642 2130 οἱονεὶ
693 2082 890 2150 σημείῳ
942 2083 1042 2129 τινὶ
1092 2084 1181 2131 καὶ
1228 2076 1482 2153 σφραγῖδι
1526 2084 1649 2142 τοὺς
1690 2079 1834 2152 ἐκγό-

225 2186 342 2226 νους
394 2165 637 2241 Ἀϐραὰμ
678 2165 1023 2240 ἀφορίζουσα,
1075 2172 1165 2219 καὶ
1212 2177 1312 2219 τῶν
1358 2168 1548 2220 λοιπῶν
1595 2165 1835 2222 διαστέλ-

226 2256 396 2307 λουσα
449 2255 623 2307 ἐθνῶν·
682 2252 920 2330 δεύτερον
977 2253 1056 2321 δὲ,
1098 2255 1145 2307 ἐν
1200 2256 1352 2329 ἑαυτῇ
1412 2263 1506 2315 την
1550 2265 1640 2309 τοῦ
1696 2260 1833 2311 θείου

230 2343 602 2418 βαπτίσματος
658 2341 1095 2417 προδιατυποῦσα
1152 2351 1241 2398 καὶ
1299 2350 1836 2421 προανακηρὺττουσα

227 2436 395 2508 χάριν
442 2439 533 2485 καὶ
595 2430 834 2505 δυνάμιν.
887 2440 1084 2508 Ὥσπερ
1139 2437 1239 2510 γὰρ
1307 2437 1333 2487 ὁ
1391 2441 1834 2508 περιτεμνόμενος,

231 2527 304 2584 εἰς
331 2523 455 2575 λαόν
493 2530 628 2576 Θεοῦ
667 2519 759 2575 διὰ
787 2532 878 2586 τῆς
928 2522 1216 2598 σφραγῖδος
1258 2526 1418 2577 πάλαι
1457 2524 1830 2600 ἐχρημάτιζεν*

231 2613 397 2674 οὕτως
452 2614 477 2664 ὁ
533 2610 938 2685 βαπτιζόμενος,
992 2610 1265 2686 σφραγῖδα
1312 2622 1402 2667 τοῦ
1446 2623 1738 2687 Χριστοῦ)
1788 2614 1835 2666 ἐν

232 2702 399 2771 ἑαυτῷ
449 2702 839 2773 τυπωσάμενος,
908 2702 982 2764 εἰς
1033 2704 1297 2755 υἱοθεσίαν
1357 2711 1490 2756 Θεοῦ
1547 2703 1835 2778 ἀναγράφε-

231 2809 339 2844 ται.
377 2795 476 2843 Καὶ
506 2795 701 2864 τρίτον,
736 2790 991 2863 σύμϐολον
1034 2799 1134 2844 τῶν
1166 2791 1214 2843 ἐν
1253 2801 1315 2864 τῇ
1351 2795 1537 2869 χάριτι
1580 2795 1835 2846 καθιστα-

232 2883 395 2950 μένων
447 2888 668 2945 πιστῶν,
724 2882 772 2931 οἱ
820 2888 919 2931 τῶν
970 2890 1230 2955 σαρκικῶν
1270 2878 1470 2939 ἡδονῶν
1523 2887 1612 2934 καὶ
1660 2884 1838 2934 παθῶν

231 2971 326 3028 τὰς
379 2967 779 3035 ἐπαναστάσεις,
831 2977 903 3039 τῷ
958 2977 1219 3042 τιμητικῷ
1271 2977 1366 3031 τῆς
1422 2975 1649 3032 πίστεως
1700 2970 1838 3043 λόγῳ

2012 1993 2144 2048 Tria
2179 2009 2302 2065 prie
2334 2009 2395 2049 se
2425 1993 2574 2049 ferre
2604 1992 2833 2050 videtur
2858 1992 3003 2049 mihi
3025 1993 3403 2050 circumcisio
3438 2011 3449 2049 :
3481 1995 3598 2067 pri-

1945 2097 2130 2146 mum,
2152 2082 2317 2154 quod
2345 2088 2633 2155 tanquam
2657 2083 2898 2152 signum
2919 2087 2974 2138 et
2996 2082 3253 2153 sigillum
3269 2083 3595 2139 Abrahami

1943 2171 2287 2242 progeniem
2318 2175 2642 2242 separaret,
2668 2176 2725 2226 et
2749 2187 2786 2226 a
2818 2170 3040 2227 caeteris
3080 2172 3358 2241 gentibus
3389 2171 3597 2229 distin-

1942 2264 2184 2329 gueret:
2228 2260 2585 2324 secundum,
2613 2259 2674 2315 in
2705 2275 2769 2315 se
2808 2258 2997 2314 divini
3046 2259 3424 2331 baptismatis
3463 2275 3598 2331 gra-

1942 2346 2085 2402 tiam
2115 2355 2172 2404 et
2200 2347 2528 2405 efﬁcaciam
2560 2364 2667 2420 per
2695 2348 2955 2418 ﬁguram
2981 2348 3361 2421 praedicabat.
3407 2349 3595 2406 Veluti

1943 2437 2101 2491 enim
2129 2436 2266 2492 olim
2290 2437 2700 2505 circumcisus,
2727 2454 2833 2510 per
2863 2437 3123 2507 sigillum
3153 2439 3213 2494 in
3241 2437 3342 2493 Dei
3372 2439 3599 2511 populo

1945 2526 2315 2592 censebatur,
2349 2526 2431 2582 sic
2458 2532 2515 2581 et
2541 2526 2893 2597 baptizatus,
2927 2527 3135 2582 Christi
3161 2526 3219 2582 in
3248 2543 3310 2583 se
3339 2527 3598 2599 sigillum

1944 2629 2297 2685 expressum
2323 2614 2576 2679 habens,
2603 2614 2925 2686 adoptatus
2954 2614 3296 2671 inscribitur
3321 2615 3424 2671 Dei
3447 2615 3596 2672 ﬁlio-

1944 2718 2079 2757 rum
2104 2701 2272 2758 albo:
2295 2702 2556 2767 tertium,
2577 2703 2915 2774 symbolum
2937 2707 3065 2759 erat
3085 2703 3355 2760 ﬁdelium
3381 2704 3441 2760 in
3464 2719 3602 2775 gra-

1944 2790 2028 2846 tia
2050 2791 2477 2859 exsistentium,
2498 2793 2601 2865 qui
2625 2792 2957 2849 carnalium
2979 2792 3361 2865 voluptatum
3390 2799 3447 2850 et
3464 2810 3599 2865 pas-

1944 2880 2182 2936 sionum
2213 2881 2673 2937 insurrectiones
2704 2881 3102 2937 tumultuosas
3140 2881 3431 2939 excisorio
3461 2882 3601 2938 ﬁdei

1948 2984 2243 3035 sermone,
2276 2976 2332 3025 et
2356 2970 2619 3026 asceticis
2640 2969 2950 3026 laboribus
2979 2969 3344 3025 abscindunt
3373 2976 3601 3027 etmor—

231 3061 322 3108 καὶ
368 3061 544 3120 πόνοις
594 3056 900 3120 ἀσκητικοίς
950 3061 1252 3132 ἐκτέμνουσι
1299 3064 1389 3111 καὶ
1442 3058 1836 3133 ἀπονεκροῦσινο

1946 3058 2170 3114 tiﬁcant
2202 3074 2217 3112 :
2245 3074 2366 3114 non
2393 3074 2611 3130 corpus
2642 3057 2939 3125 scindunt,
2967 3058 3075 3113 sed
3105 3073 3208 3114 cor
3227 3076 3241 3114 :
3263 3073 3367 3113 nec
3393 3075 3601 3115 secun-

234 3146 292 3197 οὗ
356 3154 509 3218 σῶμα
560 3152 845 3219 τέμνοντες,
906 3146 1033 3199 ἀλλὰ
1088 3152 1180 3206 τὴν
1229 3145 1456 3221 καρδίαν
1486 3168 1499 3181 ⁸
1544 3154 1634 3201 καὶ
1690 3153 1838 3201 πνεύ-

232 3254 359 3306 ματι
369 3277 381 3295 ,

232 3326 439 3375 ἔπαινον
506 3324 600 3376 οὐκ
670 3326 997 3399 ἀνθρωπίνης
1063 3324 1366 3401 ἐπικρίσεως
1424 3323 1654 3392 δεῖσθαι,
1714 3326 1842 3380 ἀλλά

231 3420 327 3474 τῆς
377 3411 566 3466 ἀνωθεν
619 3414 884 3485 ἠρτῆσθαι
921 3413 1121 3486 ψήφου,
1168 3414 1368 3476 Παῦλος
1420 3417 1445 3467 ὁ
1501 3418 1652 3478 θεῖος,
1703 3418 1728 3468 ὀ
1777 3420 1843 3469 τά

231 3510 452 3554 τοιαυτα
493 3505 854 3573 μυσταγωγὸς,
906 3502 1121 3578 λαμπρᾷ
1167 3512 1226 3576 τῇ
1290 3511 1427 3576 φωνῇ
1491 3502 1836 3580 διαμαρτύρε-

460 3235 518 3286 οὗ
596 3236 871 3309 γράμματι
943 3241 1360 3311 περιτεμνόμενοι
1394 3257 1405 3270 ·
1466 3238 1534 3289 ὧν
1599 3243 1688 3290 καὶ
1752 3242 1840 3291 τὸν

230 3611 339 3645 ται.
386 3591 449 3643 Εἰ
479 3588 537 3643 δὲ
584 3610 655 3661 τῳ
694 3593 897 3643 κάκεῖνο
946 3591 974 3632 k
1016 3589 1181 3657 δοκεῖ,
1229 3596 1293 3653 ὡς
1335 3598 1512 3665 γένους
1560 3596 1648 3665 μὲν
1701 3594 1838 3646 Καλ-

233 3677 401 3733 δαίων
463 3678 824 3752 ἔχρημάτιζευ
873 3679 1156 3753 Ἀϐραάμ·
1216 3685 1274 3733 τὸ
1332 3679 1412 3750 δὲ,
1465 3687 1554 3734 καὶ
1605 3685 1840 3757 μητράσι

232 3774 321 3821 καὶ
380 3770 673 3843 θυγατράσι
726 3774 816 3820 καὶ
873 3766 1120 3841 ἀδελφαῖς
1172 3769 1408 3842 ἐκθέσμῳ
1463 3776 1600 3843 νόμῳ
1660 3790 1841 3823 συναν-

229 3861 467 3930 εφύρετο.
512 3856 622 3910 Ἵνα
666 3854 752 3910 οὖν
800 3862 872 3930 μὴ
927 3866 1031 3918 τοῖς
1080 3864 1340 3931 πατρῴοις
1386 3861 1525 3911 ἔθεσι
1578 3865 1705 3931 μήτε
1745 3861 1842 3912 αὖ·-

228 3951 342 4013 τὸς,
402 3952 534 4018 μήτε
582 3950 639 3998 τὸ
698 3946 754 4008 ἐξ
801 3945 962 3999 αὐτοῦ
1009 3952 1173 4018 γένος,
1214 3953 1629 4019 καταμιαίνοιτο,
1671 3954 1840 4021 τέμνε·

227 4055 342 4101 ται,
404 4039 554 4106 φασὶ,
598 4039 692 4092 την
737 4033 1086 4108 ἀκροϐυστίαν
1126 4036 1197 4097 εἰς
1244 4035 1489 4095 ἀθέτησιν
1532 4045 1623 4097 τῆς
1664 4041 1837 4089 τοιαύ-

227 4143 325 4185 της
368 4122 759 4198 ἀρῥητοποιίας,
792 4129 878 4176 καὶ
919 4130 1115 4195 γίνεται
1158 4125 1298 4195 αὐτῷ
1347 4134 1442 4188 τῆς
1481 4125 1674 4187 οἰκείας
1714 4146 1840 4199 σαρ-

225 4215 324 4274 κὸς
373 4213 403 4269 ἡ
448 4217 723 4286 περιτομὴ,
763 4209 1025 4286 διαίρεσις
1070 4221 1160 4274 τῆς
1206 4223 1506 4291 προσεχοῦς
1538 4222 1840 4287 συγγενείας

225 4306 323 4353 καὶ
373 4298 697 4373 ἀποστροφὴ,
746 4302 847 4353 ὅσα
894 4321 954 4372 γε
1002 4302 1073 4363 είς
1130 4303 1334 4375 ὁμιλίαν
1388 4310 1640 4376 γαμικὴν.
1697 4302 1838 4358 Οὐδὲ

1945 3147 2088 3202 dum
2108 3147 2361 3203 litteram
2382 3149 2484 3203 sed
2498 3149 2768 3220 spiritum
2785 3147 3321 3205 circumciduntur:
3338 3164 3598 3221 quorum

1944 3236 2210 3292 laudatio
2241 3252 2361 3292 non
2389 3236 2570 3292 habet
2602 3253 2756 3308 opus
2785 3237 3053 3292 humano
3080 3237 3396 3308 prmeonio,
3427 3236 3532 3294 sed
3564 3253 3602 3295 a

1949 3325 2049 3381 Dei
2079 3325 2309 3384 calculo
2334 3326 2653 3398 dependet,
2687 3332 2751 3382 ut
2776 3326 2987 3383 Paulus
3008 3325 3224 3383 harum
3249 3343 3446 3383 rerum
3465 3343 3602 3400 my-

1949 3420 2236 3486 stagogus
2263 3414 2425 3471 clara
2451 3430 2597 3471 voce
2627 3420 2892 3472 testatur.
2926 3416 3195 3481 Ulterius,
3227 3425 3285 3472 et
3311 3416 3457 3472 illud
3486 3416 3604 3473 for-

1946 3504 2118 3559 tassis
2149 3504 2406 3559 arriserit
2439 3504 2633 3570 alicui,
2664 3505 2829 3577 quod
2860 3520 2890 3559 e
2933 3509 3108 3574 gente
3149 3506 3425 3562 Chaldaaa
3454 3506 3603 3563 orie-

1943 3593 2122 3649 batur
2135 3593 2575 3661 Abraham,ubi
2597 3594 2910 3660 matribus,
2930 3593 3190 3660 ﬁliabus,
3220 3600 3276 3650 et
3301 3595 3601 3652 sororibus

1945 3682 2019 3738 de
2067 3682 2497 3739 consuetudine
2552 3683 2741 3755 impia
2801 3683 3116 3740 carnaliter
3174 3685 3599 3742 miscebantur.

1947 3772 2256 3836 Quocirca.
2301 3787 2373 3826 ne
2403 3786 2510 3843 per
2542 3771 2771 3843 patulos
2812 3787 3010 3828 mores
3055 3772 3146 3829 vel
3187 3775 3439 3846 ipsemet
3479 3775 3605 3847 pol-

1944 3860 2223 3925 lueretur,
2242 3860 2328 3915 vel
2346 3860 2422 3915 ab
2448 3860 2544 3916 illo
2570 3860 3026 3928 descendentes,
3062 3862 3607 3921 circumcidebatur

1947 3948 1998 4004 ei
2027 3948 2404 4021 praeputium,
2435 3964 2557 4020 quo
2577 3950 2661 4004 sic
2681 3948 2955 4005 aboletur
2970 3950 3316 4021 hujusmodi
3339 3952 3602 4009 nefanda

1950 4038 2267 4110 turpitudo,
2322 4043 2502 4110 atque
2545 4037 2627 4094 ita
2669 4040 3015 4096 acrescebat
3051 4040 3105 4095 ei
3156 4057 3282 4096 suae
3336 4042 3600 4113 propriae

1945 4126 2142 4182 carnis
2172 4126 2565 4194 circumcisio,
2612 4131 2674 4183 ut
2713 4127 2924 4185 divisio
2969 4128 3047 4186 ab
3078 4129 3355 4185 afﬁnibus
3394 4131 3518 4185 suis
3546 4134 3604 4187 et

1945 4216 2426 4286 consanguineis,
2451 4232 2521 4272 ac
2547 4222 2842 4290 quantum
2867 4219 2940 4274 ad
2965 4219 3298 4291 maritalem
3323 4219 3602 4291 copulam

1945 4305 2275 4377 spectabat,
2305 4304 2556 4361 aversio.
2590 4309 2717 4361 Non
2743 4307 2907 4361 enim
2942 4306 3033 4361 vel
3064 4305 3265 4361 furtim
3296 4306 3434 4378 quis
3463 4322 3605 4378 post

223 4393 335 4464 γὰρ
382 4386 498 4441 οὐδ’
538 4386 599 4447 ἦν
650 4392 891 4464 φωράσαι
942 4394 1075 4456 τινὰ,
1123 4396 1254 4464 μετά
1305 4397 1397 4451 τὴν
1439 4399 1738 4466 περιτομὴν,
1789 4394 1836 4446 ἐν

1946 4393 2436 4450 circumcisonem
2452 4410 2483 4449 e
2502 4394 3111 4465 sanguinezAbraham
3138 4394 3401 4451 infandis
3411 4396 3603 4452 istius-

225 4485 346 4538 τοῖς
390 4476 443 4539 ἐξ
487 4478 706 4550 αἵματος
759 4478 1000 4551 Ἀϐραὰμ
1056 4488 1174 4542 ταῖς
1231 4484 1499 4545 τοιαύταις
1555 4482 1838 4556 ἐνισχημέ-

222 4586 317 4619 νον
376 4564 779 4641 ἀρῥητουργίαις
808 4588 819 4599 ·
851 4576 948 4629 τῆς
996 4566 1304 4630 Χαλδαῐκῆς
1353 4568 1613 4645 ἀκρασίας
1672 4569 1837 4635 ἀδεῶς

224 4661 325 4708 καὶ
380 4654 803 4728 ἀνεπαισχὼτως
855 4665 1095 4729 μακροῖς,
1129 4664 1218 4710 καὶ
1275 4662 1406 4731 μετά
1456 4668 1642 4723 ταυτα,
1703 4667 1838 4732 χρό-

223 4763 336 4805 νοις
383 4747 447 4796 τὰ
496 4747 714 4797 τοιαῦτα
757 4742 1283 4819 δραματουργούσης.
1339 4747 1501 4801 Ἀλλά
1548 4758 1698 4802 τοῦτο
1746 4754 1835 4823 μὲν

223 4838 302 4896 ὡς
358 4833 499 4905 φίλον
556 4834 761 4906 ἑκάστῳ
811 4840 900 4886 καὶ
956 4837 1244 4908 νομιζέτωο
1283 4836 1632 4913 ἀφορισθῆναι
1660 4844 1835 4911 μέντοι

229 4927 289 4976 τὸ
333 4921 575 4995 Ἀϐραὰμ
624 4919 728 4975 ἔδει
789 4927 935 4995 γένος
966 4940 979 4954 ⁸
1035 4933 1239 4998 πρῶτον
1291 4929 1402 4999 μεν,
1466 4930 1549 4980 ἵνα
1601 4934 1670 4999 μὴ
1730 4937 1835 4991 τοῖς

219 5012 406 5072 ἄλλοις
457 5013 651 5064 ἔθνεσιν
701 5010 1114 5086 ἐπιμιγνύμενον,
1166 5019 1250 5066 καὶ
1301 5020 1436 5068 κατά
1487 5021 1670 5089 μικρὸν
1726 5026 1835 5080 τοίς

215 5102 431 5155 ἕκείνων
514 5105 726 5176 τρόποις
792 5103 1197 5177 ὑποσυρόμενον,
1239 5113 1332 5165 τῆς
1401 5124 1455 5157 τε
1507 5106 1699 5169 οἰκείας
1756 5108 1834 5160 εὖ·

219 5190 432 5253 σεϐείας
502 5195 842 5266 παρατροπὴν
900 5193 1064 5265 πάθῃ,
1134 5197 1224 5245 καὶ
1294 5201 1404 5254 τοῖς
1479 5192 1679 5247 ἐκείνων
1748 5196 1831 5248 λα·

211 5283 418 5360 τρώσῃ
474 5274 837 5353 βδελύγμασιν
869 5300 882 5314 υ
918 5282 1114 5350 ἔπειτα,
1150 5283 1234 5335 ἵνα
1272 5289 1365 5345 τῆς
1413 5284 1556 5346 θείας
1595 5285 1833 5358 ὑποσχέ-

1946 4484 2108 4539 modi
2130 4482 2570 4555 impediebatur
2598 4499 2610 4538 :
2641 4498 2776 4537 cum
2803 4482 3217 4540 Chaldaeorum
3238 4484 3488 4542 lascivia
3518 4486 3601 4543 af-

1948 4572 2116 4629 fatim
2154 4578 2209 4628 et
2250 4572 2624 4644 impudenter
2671 4571 2749 4627 ad
2786 4571 2972 4628 multa
3016 4578 3152 4645 post
3197 4573 3325 4630 haec
3377 4576 3600 4632 saecula

1945 4661 2408 4735 prostitueretur.
2437 4661 2550 4719 Sed
2571 4661 2797 4716 fruatur
2810 4660 2906 4716 hic
2926 4662 3183 4734 quisque
3194 4662 3422 4733 judicio
3450 4681 3594 4721 suo:

1944 4754 2100 4808 certe
2126 4757 2254 4807 erat
2281 4766 2522 4806 necesse
2551 4755 2611 4805 ut
2646 4749 2969 4806 Abrahami
2999 4751 3315 4823 progenies
3346 4769 3596 4826 separa-

1942 4839 2478 4912 returzimprimis,
2520 4855 2595 4896 ne
2634 4840 2920 4912 permista
2971 4840 3197 4896 caeteris
3250 4842 3598 4901 nationibus

1942 4928 2177 4985 illarum
2220 4928 2488 4985 moribus
2523 4928 2811 5001 paulatim
2853 4928 3264 4999 abduceretur,
3289 4931 3443 4989 facta
3468 4932 3600 5006 pie-

1943 5018 2077 5074 tatis
2108 5018 2420 5090 cultusque
2461 5019 2807 5083 mutatione,
2836 5024 2893 5074 et
2930 5020 3013 5075 ita
3050 5021 3431 5077 exsecrandis
3459 5021 3595 5079 illa-

1941 5124 2075 5163 rum
2122 5108 2307 5164 sacris
2353 5108 2691 5172 inserviret;
2727 5107 3014 5173 secundo,
3068 5115 3131 5163 ut
3176 5109 3597 5179 promissionis

1939 5196 2152 5253 divina:
2183 5211 2483 5269 apparens
2512 5200 2569 5251 et
2597 5194 2930 5266 cuicunque
2959 5194 3342 5267 intelligibilis
3373 5197 3508 5254 ﬁnis
3538 5203 3596 5257 et

1940 5286 2224 5358 perfectio
2244 5284 2610 5351 redderetur,
2640 5283 2962 5342 Abrahami
2987 5286 3215 5343 semine
3234 5287 3298 5342 in
3318 5285 3592 5348 innume-

1578 5443 1812 5501 VABl/E
1841 5446 2133 5505 LECTION
2139 5444 2241 5502 ES.

290 5541 309 5597 1
378 5540 439 5597 C.
473 5540 545 5595 Μ.
574 5540 660 5592 τὸν
698 5545 953 5615 Χριστον.
1038 5541 1069 5584 κ
1126 5542 1187 5598 C.
1219 5542 1286 5598 Μ.
1321 5537 1500 5595 εἰδετω
1524 5539 1747 5602 κάκεῖνο.
