4136 6198
542 226 649 282 639
1790 227 2024 284 PHOTII
2067 226 2183 283 PA'I

2295 226 2550 285 ARCH/E
2589 230 2695 287 CP.
3806 234 3907 292 650

542 352 791 409 rabilem
826 350 1266 408 multitudinem
1310 353 1698 424 multiplicato
1728 357 2174 408 etexcrescente

2312 373 2434 415 σεως
2492 354 2718 429 ἐναργὲς,
2760 360 2849 407 καὶ
2895 363 3028 408 πᾶσι
3084 362 3343 430 γνώριμον
3395 362 3452 410 τό
3506 362 3663 432 πέρας
3719 356 3903 432 δειχθῇ

544 441 716 507 Quod
747 440 793 495 si
839 458 976 496 cum
1005 441 1231 497 caeteris
1271 442 1613 497 nationibus
1647 441 1913 513 permisti
1946 442 2183 496 mansis'

2308 443 2377 503 είς
2433 443 2783 519 ἀναρίθμητον
2832 445 3029 508 πλῆθος
3078 454 3169 498 τοῦ
3224 446 3276 508 ἐξ
3326 447 3564 523 Ἀϐραὰμ
3622 454 3907 521 σπέρματος

542 535 690 594 sent,
719 530 936 586 veritas
969 529 1379 601 promissionis
1412 530 1740 603 adimpleta
1770 546 1889 587 non
1919 546 2200 601 agnosce-

541 624 721 686 retur,
756 634 867 673 nec
907 618 1222 674 multitudo
1254 624 1433 674 tantae
1468 628 1620 675 esset
1649 620 2052 683 admirationi,
2096 619 2198 674 ubi

540 707 862 778 separatim
897 708 945 761 si
985 713 1246 779 agerent,
1294 714 1349 763 et
1395 708 1828 780 rempublicam
1897 708 2196 779 privatam

539 800 862 851 tuerentur.
894 797 1104 863 Tertio,
1131 797 1293 868 quod
1319 802 1453 852 aute
1485 797 1632 853 alias
1661 813 1876 852 causas
1903 802 2196 861 censetur,

539 885 1033 958 quandoquidem
1056 886 1148 940 Dei
1162 886 1377 941 dilecto
1392 891 1448 941 et
1462 886 1723 956 diligenti
1744 890 1926 941 Deum
1943 887 2195 942 Abrahae

538 980 784 1046 pactum
807 977 999 1031 fuerat
1026 994 1038 1030 :
1072 993 1102 1029 «
1141 981 1199 1031 ln
1228 977 1444 1032 semine
1470 983 1529 1032 tu
1558 992 1592 1032 ο
1616 976 2042 1032 benedicentur
2071 976 2196 1031 uni-

538 1080 723 1120 versae
744 1066 949 1120 mundi
968 1066 1239 1121 nationes
1256 1067 1350 1118 τεν.
1375 1087 1401 1117 ››
1433 1069 1550 1121 Ηοο
1568 1071 1806 1136 pactum
1826 1083 1861 1121 a
1881 1064 2045 1120 nullo
2062 1080 2197 1137 pro-

539 1153 705 1224 gredi
746 1160 993 1226 poterat,
1036 1171 1219 1226 quam
1248 1172 1283 1210 a
1314 1155 1649 1219 Conditore,
1683 1160 1739 1210 et
1768 1154 2053 1209 ineffabili
2086 1170 2196 1211 sua

537 1242 910 1313 providentia
950 1245 1171 1315 ubique
1201 1242 1420 1299 diffusa
1465 1250 1519 1299 et
1557 1242 1949 1298 disseminata
1982 1258 2192 1298 omnes

537 1331 997 1403 complectente:
1033 1332 1373 1388 communis
1397 1335 1555 1387 enim
1583 1334 1890 1387 Formator
1910 1331 2073 1386 solus
2090 1347 2194 1403 po-

536 1425 683 1477 terat
740 1427 860 1477 tam
916 1438 1300 1477 communem
1348 1422 1828 1476 benedictionem
1880 1421 2190 1492 impertiri.

533 1511 865 1577 Enimvero,
909 1527 1045 1565 cum
1087 1511 1197 1566 hoc
1236 1511 1434 1582 ipsum
1485 1511 1851 1565 Provisorem
1899 1510 2063 1563 illum
2115 1510 2192 1565 ad

532 1600 1027 1665 incarnationem,
1066 1601 1231 1671 quod
1284 1600 1617 1654 maximum
1666 1604 1773 1663 est,
1819 1598 2189 1663 destinaret;

535 1686 722 1759 (quod
752 1689 830 1743 ab
857 1688 1021 1742 omni
1067 1695 1220 1743 retro
1251 1688 1575 1742 aeternitate
1607 1686 1808 1741 divino
1849 1692 1902 1741 et
1937 1687 2183 1741 abscon-

2299 1692 2546 1759 μέγιστον
2595 1696 2690 1747 τῆς
2742 1692 2858 1761 περὶ
2908 1690 3047 1758 ἡμᾶς
3102 1694 3343 1762 προνοίας
3393 1689 3459 1750 εἰς
3516 1689 3904 1763 ἐνανθρώπησιν

534 1777 657 1831 dito
677 1782 825 1831 nutu
849 1776 1240 1831 ordinabatur
1266 1794 1276 1830 :
1304 1778 1321 1845 )
1351 1776 1484 1830 ideo
1516 1792 1705 1845 genus
1739 1775 1991 1830 Abrahae
2020 1792 2183 1846 sepa-

2299 1779 2384 1827 τὸν
2452 1780 2743 1850 Προνοητὴν
2801 1775 2966 1828 ἐκάλει
3033 1778 3188 1847 (οὕτω
3242 1780 3343 1850 γὰρ
3403 1779 3592 1830 ἄνωθεν
3659 1785 3751 1831 καὶ
3808 1784 3902 1851 πρὸ

532 1870 713 1929 ratur,
740 1871 793 1919 et
810 1882 845 1920 a
866 1865 1286 1920 commistione
1311 1865 1588 1921 eximitur
1610 1865 1863 1919 aliarum
1884 1865 2181 1933 gentium:

534 1958 599 2009 ut
637 1958 876 2011 Creator
908 1959 962 2008 et
1004 1954 1290 2009 Dominus
1343 1960 1621 2009 naturam
1665 1960 1933 2008 nostram
1984 1970 2055 2009 ex
2085 1953 2186 2008 illa

534 2044 715 2116 stirpe
746 2050 1094 2111 assumeret,
1122 2050 1178 2099 et
1207 2045 1474 2098 similiter
1503 2059 1574 2099 ac
1606 2060 1716 2098 nos
1739 2044 1934 2099 carnis
1966 2048 2021 2098 et
2052 2059 2184 2098 san-

532 2132 727 2203 guinis
759 2134 1054 2205 particeps
1087 2134 1269 2198 Iieret,
1302 2149 1425 2204 quo
1452 2133 1605 2204 pacti
1634 2138 1690 2187 et
1723 2132 2000 2204 promissi
2031 2133 2182 2187 veri-

531 2228 622 2278 tas
635 2222 916 2278 omnibus
929 2222 1385 2293 numeris,apud
1400 2238 1609 2276 omnes
1623 2237 1766 2277 cons
1778 2226 2147 2277 ummaretur
2166 2239 2178 2276 :

2306 533 2688 606 πληθννομένου
2735 541 2824 587 καὶ
2879 535 3140 597 αὔξοντος.
3192 535 3266 587 Οὔ
3307 539 3409 608 γὰρ
3460 536 3518 588 ἃν
3570 540 3761 609 ὁμοίως
3811 548 3906 600 τοίς

2305 622 2473 683 ἄλλοις
2524 625 2691 675 ἔθνεσι
2749 629 3152 698 συμφυρομένων
3210 630 3268 677 τό
3328 644 3382 677 τε
3443 636 3539 687 τῆς
3599 626 3905 698 ἐπαγγελίας

2307 708 2526 780 ἀψευδὲς
2570 712 2896 782 ἐγινώσκετο,
2940 718 3028 764 καὶ
3073 716 3131 764 τὸ
3186 721 3278 766 τοῦ
3329 713 3558 775 πλήθους
3611 713 3905 789 παράδοξον

2305 798 2644 871 ἐθαυμάζετο,
2697 804 2871 874 ὥσπερ
2924 802 3040 855 καθ’
3126 803 3333 863 ἑαυτοὺς
3402 809 3491 855 καὶ
3560 803 3905 876 ἀφορισμένην

2303 893 2397 946 τὴν
2442 888 2703 941 πολιτείαν
2752 889 2996 961 ἐχόντων.
3035 896 3133 943 Καὶ
3181 896 3374 962 τρίτον,
3418 892 3443 943 ὃ
3486 897 3575 944 καὶ
3616 902 3717 944 τῶν
3750 894 3904 945 ἄλλων

2304 979 2441 1029 ἔστιν
2525 975 2651 1030 ἰδεῖν
2728 979 3059 1044 αἰτιώτατον,
3125 978 3327 1051 ἐπείπερ
3403 982 3774 1053 ὑπεσχημένον
3848 980 3902 1039 ἦν

2304 1075 2374 1136 τῷ
2422 1067 2639 1138 θεοφιλεῖ
2675 1066 2941 1140 Ἀϐραὰμ,
2989 1069 3036 1119 ἐν
3085 1077 3155 1139 τῷ
3206 1072 3467 1141 σπέρματι
3523 1071 3683 1123 αὐτοῦ
3743 1074 3904 1123 πάντα

2302 1159 2367 1207 τὰ
2424 1157 2539 1212 ἔθνη
2592 1156 3061 1227 εὐλογηθὴσεσθαι.
3099 1164 3262 1209 Τουτο
3294 1154 3352 1210 δὲ
3394 1156 3468 1210 δι’
3510 1156 3724 1221 οὐδενὸς
3756 1160 3903 1212 ἄλλον

2306 1240 2527 1295 δυνατὸν
2577 1241 2636 1301 ἧν
2686 1244 2968 1319 προελθεῖν,
3000 1244 3109 1296 ἀλλ’
3142 1246 3170 1303 ἡ
3227 1242 3300 1296 δι’
3332 1250 3489 1298 αὑτοῦ
3520 1255 3612 1299 τοῦ
3649 1254 3741 1299 καὶ
3775 1248 3903 1301 πλά-

2306 1352 2512 1393 σαντος,
2554 1338 2643 1385 καὶ
2684 1337 2741 1385 τὸ
2788 1341 2877 1393 τῆς
2924 1339 3166 1408 προνοίας
3210 1336 3424 1406 οἷφατον,
3468 1340 3632 1407 μέχρι
3684 1342 3776 1388 καὶ
3822 1338 3904 1389 αυ-

2300 1430 2396 1473 τῶν
2445 1430 2544 1473 τὼν
2598 1420 2680 1472 ἐπὶ
2736 1430 2836 1492 γῆς
2887 1424 3152 1482 καθιέντος
3208 1442 3296 1473 και
3360 1426 3676 1493 ἐκχέοντος·
3727 1427 3752 1475 ό
3807 1429 3904 1501 γὰρ

2300 1513 2467 1570 κοινὸς
2524 1511 2767 1572 Πλάστης
2815 1510 2971 1571 αὐτὸς
3002 1508 3219 1572 δυνατὸς
3271 1516 3419 1583 μόνος
3456 1518 3545 1563 καὶ
3591 1519 3771 1572 κοινὴν
3816 1520 3904 1571 τὴν

2301 1598 2533 1670 εὐλογίαν
2587 1601 2932 1671 χαρίζεσθαι.
2988 1598 3144 1667 Ἀλλ’,
3201 1597 3380 1658 ἐπειδὴ
3433 1620 3583 1653 τουτο
3638 1602 3795 1653 πάλιν
3851 1607 3903 1654 τό

2298 1873 2395 1915 τῶν
2455 1865 2647 1916 αἰώνων
2700 1872 2810 1925 τοῖς
2864 1867 3013 1925 θείοις
3079 1870 3166 1916 καὶ
3238 1865 3555 1940 ἀπορρήτοις
3608 1874 3905 1942 προώριστο

2295 1954 2560 2025 νεύμασι),
2619 1951 2712 2005 διὰ
2770 1960 2920 2005 τοῦτο
2996 1958 3053 2005 τὸ
3117 1953 3459 2026 Ἀϐραμιαῐον
3516 1959 3662 2026 γένος
3732 1956 3906 2030 ἀφορί-

2298 2043 2463 2107 ζεται,
2496 2048 2584 2093 καὶ
2632 2051 2730 2093 τῶν
2780 2043 2935 2094 ἐθνῶν
2983 2052 3082 2094 τῶν
3133 2043 3295 2095 ἄλλων
3337 2052 3433 2105 τῆς
3479 2043 3744 2112 ἐπιμιξίας
3789 2043 3905 2097 δια-

2295 2136 2542 2204 κρίνεται·
2579 2133 2659 2182 ἰνα
2707 2138 2797 2182 τοῦ
2831 2137 3159 2204 Δημιουργοῦ
3208 2136 3297 2183 καὶ
3337 2138 3597 2184 Δεσπότου
3639 2140 3735 2191 τὴν
3780 2138 3907 2206 ἠμε-

2295 2225 2443 2292 τέραν
2499 2223 2652 2290 φύσιν
2708 2220 2762 2282 ἐξ
2824 2219 2983 2271 αὐτοῦ
3042 2220 3542 2293 προσλαμϐάνοντος,
3594 2227 3684 2274 καὶ
3741 2242 3906 2297 παρα-

2294 2309 2526 2368 πλησίως
2600 2311 2726 2381 ἡμῖν
2810 2312 3000 2381 σαρκὸς
3066 2318 3428 2369 κοινωνοῦντος
3497 2315 3586 2362 xui
3663 2313 3903 2384 αἳματος,

530 2327 743 2382 nempe
792 2312 997 2367 Chriso
1038 2314 1154 2366 Deo
1198 2316 1421 2379 nostro,
1465 2311 1522 2365 in
1573 2326 1692 2381 quo
1728 2316 1932 2379 gentes
1974 2326 2184 2365 omnes

529 2401 960 2456 benedictionis
986 2416 1091 2472 per
1121 2401 1372 2470 gratiam
1416 2400 1733 2471 participes
1764 2400 1934 2464 ﬁunt,
1978 2416 2007 2453 e
2036 2398 2184 2454 lum-

529 2488 623 2543 bis
653 2488 809 2543 illius
844 2504 947 2559 per
982 2488 1275 2559 principia
1314 2487 1713 2556 generationis
1749 2487 2035 2543 humanae
2074 2488 2181 2542 de-

531 2577 871 2634 scendente.
890 2580 1078 2648 Atque
1102 2577 1230 2631 haec
1249 2576 1492 2648 quidem
1517 2576 1822 2641 hactenus,
1849 2576 2179 2631 secundum

532 2666 762 2738 pietatis
804 2682 1085 2721 sensum:
1138 2664 1285 2736 quin
1327 2672 1381 2720 et
1418 2665 1565 2720 illud
1606 2665 1711 2721 tibi
1737 2666 1914 2720 etiam
1956 2665 2181 2727 liquere

529 2755 802 2819 arbitror,
818 2754 980 2827 quod
997 2754 1360 2809 circumcisio
1373 2754 1577 2810 divino
1592 2755 1717 2809 viro
1734 2758 1772 2808 A
1784 2755 1984 2809 brahia
1999 2770 2185 2811 causa

529 2860 907 2917 nequaquam
935 2844 1073 2898 ﬁdei
1102 2843 1312 2906 fuerat,
1336 2859 1445 2898 nec
1464 2843 1561 2898 illa
1584 2842 1915 2897 secundum
1935 2843 2073 2898 ﬁdei
2092 2859 2183 2898 or-

527 2933 732 2989 dinem
754 2932 983 2988 censeri
1009 2932 1221 2988 debeat
1246 2951 1261 3003 ;
1288 2932 1451 3004 prius
1479 2932 1809 2987 crediderat
1833 2937 1887 2987 et
1917 2948 2054 2987 cum
2082 2932 2181 2987 illa

528 3022 675 3078 ﬁdes
746 3022 1004 3078 anterior
1059 3022 1218 3093 apud

526 3112 641 3168 hoc
698 3111 1057 3183 impressum
1101 3112 1344 3180 accepit.
1396 3109 1705 3166 Afﬁrmare
1761 3112 1961 3180 igitur,
2017 3111 2182 3182 quod

527 3200 753 3256 idcirco
788 3200 1143 3272 praeputium
1173 3199 1660 3267 abscindebatur,
1697 3200 2039 3254 utnudatus
2072 3215 2182 3253 na-

527 3289 820 3344 turalibus
854 3289 1236 3353 ornamentis,
1271 3289 1477 3343 sordes
1510 3288 1781 3357 genitalis
1813 3287 1912 3342 illa
1938 3288 2176 3351 clueret,

529 3378 647 3432 scio
691 3394 958 3449 paganos
998 3384 1053 3433 et
1083 3378 1313 3433 Judaaos
1346 3394 1358 3431 :
1394 3377 1499 3431 sed
1538 3377 1932 3432 deblateraut.
1965 3378 2181 3432 Contra

527 3482 679 3539 quos
692 3483 820 3521 cum
837 3468 1011 3522 multa
1027 3466 1162 3522 mihi
1180 3466 1430 3521 dicenda
1445 3471 1927 3537 suppetant,quae
1942 3466 2180 3522 abunde

526 3555 796 3612 refellant
831 3556 987 3612 hanc
1028 3556 1352 3611 absurdam
1389 3555 1757 3625 opinionem,
1789 3554 1903 3609 hoc
1937 3554 2179 3609 unicum

525 3643 876 3708 edisseram,
910 3644 1076 3715 quod
1110 3659 1231 3698 non
1266 3642 1560 3697 illibenter
1592 3643 1859 3697 audirem
1900 3643 1981 3698 ita
2011 3642 2182 3698 dicti-

526 3738 740 3797 tantes,
776 3735 819 3787 si
854 3739 1060 3788 contra
1079 3732 1301 3788 fontem
1326 3732 1663 3787 efﬂuxionis
1700 3731 2027 3797 seminalis,
2059 3732 2180 3801 gla-

525 3822 693 3878 dium
717 3822 804 3878 vel
827 3821 1130 3878 cultellum
1164 3821 1499 3876 adhibitum
1527 3820 1826 3889 vidissent,
1858 3821 1944 3875 vel
1973 3828 2180 3879 contra

524 3916 810 3978 ventrem,
847 3927 1027 3984 quem
1059 3910 1317 3982 plurima
1348 3910 1751 3974 immunditie,
1785 3916 1839 3965 et
1866 3909 2175 3967 abomina-

522 4000 629 4058 bili
680 4000 879 4057 adhuc
932 3999 1125 4069 magis
1177 3999 1469 4071 repletum
1532 4004 1588 4054 et
1636 3999 1972 4070 subjectum
2026 4004 2177 4055 ster-

523 4093 694 4145 nunL

2295 2394 2540 2455 ἐπίδηλόν
2576 2416 2630 2449 τε
2690 2399 2801 2449 λίαν
2851 2404 2939 2451 καὶ
2978 2401 3250 2471 περιφανὲς
3300 2399 3470 2451 ἅπασι
3522 2403 3580 2451 τὸ
3635 2408 3729 2461 τῆς
3781 2403 3904 2454 ὑπο-

2297 2491 2529 2557 σχέσεως
2589 2483 2814 2556 ἀψενδες
2871 2495 3129 2558 καταστῇ.
3200 2492 3300 2539 Καὶ
3357 2490 3433 2539 ὅτι
3487 2493 3723 2562 Χριστὸς
3777 2494 3907 2552 Θεὸς

2294 2576 2459 2647 ἡμῶν,
2510 2575 2559 2626 ἐν
2682 2577 2850 2627 πάντα
2888 2580 2955 2628 τὰ
3009 2578 3125 2633 ἔθνη
3176 2584 3267 2637 τῆς
3326 2575 3373 2627 ἐν
3427 2580 3617 2652 χάριτι
3672 2578 3905 2649 εὐλογίας

2292 2664 2718 2730 κατηξιώθησαν,
2774 2664 2829 2716 ἐκ
2900 2674 2993 2727 τῆς
3053 2665 3244 2737 ὀσφύος
3300 2668 3488 2719 ἐκείνου
3543 2668 3637 2728 τὰς
3692 2673 3904 2741 πρώτας

2293 2759 2379 2805 καὶ
2442 2752 2767 2828 ἀνθρωπίνας
2815 2752 2986 2826 ἀρχὰς
3053 2754 3145 2806 οὐκ
3209 2753 3502 2817 ἀπηξίωσεν
3558 2756 3701 2825 αὐτῷ
3772 2764 3905 2828 γενέ-

2296 2845 2421 2895 σθαι
2469 2850 2563 2904 τῆς
2614 2846 2748 2894 κατά
2803 2845 2973 2917 σάρκα
3024 2849 3330 2913 γεννήσεως.
3387 2843 3544 2897 Ἀλλὰ
3590 2852 3757 2896 ταῦτα
3814 2849 3902 2918 μὲν

2294 2937 2381 2984 καὶ
2411 2934 2476 2983 τὰ
2514 2939 2750 2999 τοιαῦτα,
2788 2935 2835 2983 οἱ
2876 2931 3103 2991 εὐσεϐεῖς
3139 2932 3406 3004 λογισμοί.
3444 2934 3658 2985 Κάκεῖ-νο
3712 2931 3771 2986 δέ
3820 2955 3904 2987 σοι

1298 3020 1465 3076 illum
1523 3022 1860 3087 resedisset,
1923 3021 2180 3090 sigillum

2295 3017 2452 3078 δῆλον
2513 3019 2659 3092 οἶμαι
2717 3023 3054 3088 καθεστάναι,
3115 3025 3182 3082 ὡς
3254 3026 3344 3080 τὴν
3401 3027 3683 3095 περιτομὴν
3742 3025 3768 3074 ό
3830 3026 3901 3076 θε-

2296 3114 2511 3171 σπέσιος
2584 3108 2841 3181 Ἀϐραὰμ,
2897 3114 3015 3162 οὔτε
3080 3116 3300 3171 πίστεως
3358 3114 3515 3182 ἔσχεν
3592 3111 3790 3176 αἰτίαν,
3845 3112 3901 3163 οὐ

2292 3202 2395 3270 μὴν
2445 3194 2560 3250 οὐδ’
2617 3198 2744 3249 αὐτὸ
2790 3218 2849 3269 γε
2896 3207 3050 3251 τοῦτο
3104 3199 3246 3261 τάξιν
3300 3200 3596 3270 ἐπέχουσαν
3650 3205 3897 3261 πίστεως·

2291 3292 2668 3359 προεπίστενσε
2738 3291 2864 3362 γὰρ,
2922 3287 3053 3340 ἀλλά
3126 3296 3215 3349 τῆς
3280 3288 3695 3361 προύπαρξάσης
3763 3290 3902 3360 αὐτῷ

2290 3381 2442 3448 μόνον
2499 3373 2768 3448 σφραγίδα
2822 3380 3010 3433 ταύτην
3070 3373 3301 3439 ἐδέξατο.
3355 3381 3424 3429 Τὸ
3482 3381 3656 3449 μέντοι
3719 3397 3777 3449 γε
3826 3378 3902 3430 λέ-

2290 3484 2419 3535 γειν,
2453 3468 2522 3526 ὡς
2572 3462 2665 3517 διὰ
2714 3473 2867 3517 τοῦτο
2914 3468 3230 3539 περιετμῆθη
3277 3470 3369 3523 τὴν
3415 3464 3791 3540 ἀκροϐυστίαν,
3839 3470 3902 3527 ὡς

2294 3554 2351 3606 ἆν
2407 3558 2603 3625 γυμνόν
2660 3559 2882 3627 γεγονὼς
2935 3564 3033 3606 τῶν
3096 3554 3150 3606 ἐκ
3214 3557 3414 3627 φύσεως
3476 3555 3901 3628 περιϐλημάτων,

2290 3648 2347 3695 τὸ
2416 3640 2728 3713 παιδογόνον
2787 3652 2887 3696 τῶν
2940 3642 3126 3696 ἐκεῖθεν
3187 3646 3361 3719 psum
3420 3647 3725 3720 καθαρεύοι,
3779 3642 3903 3698 οἶδα

2290 3735 2380 3805 μὲν
2428 3732 2673 3789 Ἑλλήνων
2723 3738 2899 3796 παισὶ,
2955 3737 3043 3784 καί
3098 3752 3235 3785 τισιν
3284 3730 3555 3785 Ἰουδαίων
3606 3734 3903 3807 πεγλυαρηο

2291 3826 2457 3893 μένον,
2500 3827 2597 3873 Καὶ
2628 3826 2792 3893 μυρία
2832 3821 2991 3892 λέγειν
3037 3825 3175 3893 ἔχων
3222 3826 3353 3895 πρὸς
3403 3823 3590 3883 αὐτοὺς
3635 3832 3729 3883 τῆς
3778 3824 3902 3875 ἀτό-

2288 3930 2388 3962 που
2442 3907 2620 3974 δόξης,
2678 3914 2733 3961 τό
2791 3918 2890 3961 τῶν
2955 3909 3180 3982 ἐλέγχων
3250 3913 3467 3983 ἄφθονον
3525 3916 3898 3985 χορηγούσης,

2289 3999 2445 4051 ἐκεῖνο
2489 4004 2639 4071 μόνον
2691 3998 2804 4073 ἓρω,
2865 4002 2933 4060 ὡς
2982 3996 3147 4060 ἡδέως
3186 3999 3245 4051 ἂν
3291 4001 3459 4053 αὐτῶν
3505 4005 3699 4059 ἤκουον
3748 4012 3900 4054 τοῦτο

2287 4088 2553 4158 λεγόντων,
2596 4088 2639 4139 εἰ
2686 4088 2799 4139 κατ’
2851 4088 3015 4150 αὐτῆς
3062 4098 3163 4140 τῶν
3212 4098 3577 4163 σπερματικῶν
3626 4091 3900 4163 ῥευμάτων

522 4187 619 4240 τῆς
648 4186 838 4250 πηγῆς,
872 4186 1071 4251 πρῶτον
1096 4180 1153 4229 τὸ
1186 4177 1330 4249 ξίφος
1360 4176 1565 4229 ἔϐλεπον
1593 4182 1849 4251 φέροντας,
1881 4178 1908 4237 ῆ
1938 4180 2071 4230 κατά
2090 4181 2375 4252 γαστέρων,
2399 4176 2460 4238 ἃς
2490 4176 2639 4229 αὐτοὶ
2669 4177 2873 4239 ἑαυτοῖς
2901 4183 2989 4229 καὶ
3014 4177 3255 4230 πλειόνων
3284 4177 3620 4250 ἀκαθαρσιῶν
3650 4185 3742 4231 καὶ
3775 4175 3899 4251 βδε·

524 4269 822 4343 λυρωτέρων
853 4268 1142 4339 ὑπονόμους
1164 4268 1547 4325 ὑπεστήσαντο.

700 4385 1011 4450 ΟΗΕΞΤΙΟ
1040 4386 1150 4440 CVI
1172 4382 1379 4455 [CoisL
1410 4388 1463 4438 et
1495 4383 1668 4437 Taur.
1696 4380 1991 4453 CXXVIII].

595 4491 749 4558 Quid
796 4490 1082 4561 signiﬁca:
1120 4489 1513 4545 redundantia
1552 4487 1713 4543 verbi
1744 4486 1849 4558 εἰμί
1880 4486 2106 4557 (sum)?

2854 4386 3168 4434 ΕΡΩΤΗΣΙΣ
3208 4380 3315 4445 Ρςί.

2604 4492 2667 4540 Τί
2703 4493 2944 4560 σημαίνει
2973 4490 3001 4545 ἡ
3039 4496 3129 4540 τοι)
3160 4489 3265 4561 εἰμὶ
3294 4488 3528 4564 παρολκῆ
3557 4506 3569 4554 ;

993 4604 1144 4654 Ediia
1173 4617 1204 4653 a
1233 4604 1577 4659 Montacutio,
1606 4617 1693 4667 cp.
1726 4604 1836 4659 208,
1871 4604 1938 4651 ad
1968 4602 2179 4652 Leonem
2207 4604 2414 4666 χώεται,
2444 4618 2495 4667 p.
2530 4605 2755 4653 305-306.
2786 4604 3014 4663 Quaestio
3041 4606 3407 4667 grammatica.

590 4714 977 4772 Abundantia
1010 4714 1169 4770 vocis
1211 4713 1334 4785 εἰμί,
1368 4730 1518 4777 sum,
1570 4712 1630 4766 in
1675 4712 2007 4783 composita
2045 4727 2173 4767 ora-

523 4806 701 4871 tione,
720 4821 856 4859 cum
874 4802 1227 4877 pronomine
1247 4818 1349 4873 ego
1368 4801 1756 4874 praecedente,
1783 4801 2062 4871 frequens
2082 4806 2175 4855 est

521 4894 583 4949 in
614 4892 831 4948 divinis
883 4892 1122 4956 Litteris,
1177 4908 1284 4946 nec
1318 4898 1516 4947 tamen
1557 4890 1783 4945 crimen
1816 4889 1975 4946 subit
2005 4889 2149 4945 solue

523 4982 738 5037 cismi:
788 4982 835 5035 si
900 4981 973 5036 de
1032 4982 1146 5036 hoc
1205 4980 1747 5049 dubites,recogita,
1809 4984 1949 5032 Ενιοί
2024 4977 2175 5039 τινες”’

524 5075 660 5142 Σφᾶς
718 5069 919 5131 αὐτούς’
986 5069 1237 5128 Ἀπῆλθεν
1309 5072 1469 5141 ἔχων,
1528 5086 1664 5140 quae
1717 5068 2057 5124 redundant
2114 5068 2174 5122 in

526 5162 867 5216 Graecorum
899 5158 1081 5223 libris,
1119 5165 1174 5215 et
1204 5160 1285 5215 ita
1322 5160 1539 5214 desiste
1582 5158 1936 5214 addubitare
1969 5174 1982 5212 :
2014 5161 2175 5229 patet

521 5248 697 5318 enim,
726 5248 889 5320 quod
907 5251 1049 5313 ἔνιοι,
1074 5264 1213 5303 cum
1241 5264 1381 5303 voce
1410 5251 1561 5315 τινές,
1587 5253 1737 5320 σφᾶς,
1777 5263 1913 5303 cum
1965 5246 2174 5313 αὐτοὺς,

524 5352 649 5395 non
679 5337 907 5410 aliquid
939 5336 1099 5393 aliud
1146 5336 1507 5408 signiﬁcant,
1537 5352 1721 5409 quam
1754 5336 1918 5409 quod
1966 5335 2178 5408 primis

593 5518 642 5556 ⁷⁸
673 5519 814 5576 Gen.
851 5533 952 5583 xu,
978 5520 1031 5573 3.

2356 4712 2413 4764 Ἠ
2473 4719 2564 4763 τοῦ
2619 4712 2725 4783 εἰμί
2776 4711 3033 4783 παρολκὴ,
3085 4720 3174 4773 τῆς
3231 4712 3330 4783 ἐγὼ
3384 4712 3717 4785 ἀντωνυμίας
3764 4715 3904 4765 κατὰ

2289 4801 2529 4854 σύνθεσιν
2587 4805 3042 4874 προηγησαμένης,
3098 4804 3311 4862 σύνηθες
3358 4806 3448 4872 μέν
3498 4801 3611 4853 ἐστι
3664 4811 3729 4874 τῇ
3791 4804 3905 4873 θείᾳ

2290 4897 2489 4963 Γραφῆ,
2542 4888 2645 4940 ἀλλ’
2700 4886 2949 4962 οὐδεμίαν
3014 4887 3105 4943 διὰ
3157 4898 3306 4943 τοῦτο
3358 4890 3596 4942 σολοίκου
3650 4891 3903 4962 γλώσσης

2286 4981 2456 5032 αἰτίαν
2507 4983 2816 5053 παρέχεται.
2864 4979 2919 5031 Εἰ
2970 4976 3029 5031 δέ
3071 4999 3127 5051 γε
3172 4976 3597 5051 διαμφισϐητεῖς,
3649 4979 3905 5040 ἐννοήσας

2284 5072 2363 5137 τὸ,
2420 5067 2579 5121 Ἐνιοί
2651 5086 2825 5129 τινες·
2888 5073 2976 5120 καὶ
3051 5071 3128 5133 τὸ,
3186 5074 3322 5140 Σφᾱς
3389 5068 3600 5135 αὐτοὺς,
3660 5089 3755 5121 και
3824 5072 3901 5133 τὸ,

2284 5157 2534 5217 Ἀπῆλθεν
2594 5160 2751 5228 ἔχων,
2805 5157 2840 5208 ἂ
2884 5165 2993 5219 τοῖς
3044 5157 3351 5217 Ἑλληνικοῖς
3406 5157 3677 5218 πλεονάζει
3731 5160 3905 5232 γράμο

2286 5266 2441 5320 μασι,
2489 5254 2679 5305 στῆσον
2731 5250 2922 5298 σαυτὸν
2968 5254 3063 5309 τῆς
3106 5245 3499 5319 ἀμφισϐῆσεως.
3549 5246 3715 5304 Δῆλον
3774 5250 3899 5321 γὰρ,

2288 5338 2356 5397 ὡς
2409 5338 2487 5404 τὸ,
2537 5338 2688 5404 τινες,
2744 5338 2875 5408 μετὰ
2938 5342 3029 5387 τοῦ
3086 5337 3230 5404 ἔνιοι,
3287 5340 3376 5388 καὶ
3433 5338 3492 5387 τὸ
3546 5341 3703 5408 σφᾶς,
3768 5338 3905 5409 μετά
