4136 6198
247 297 350 360 641

1187 303 1284 360 AD
1322 293 1872 364 AMPHILOCHIUM
1909 291 2232 374 QUASSTIO
2273 299 2671 361 CXVI-CVIII.

3504 301 3614 364 642

249 434 342 478 τοῦ
384 425 594 496 αὐτοὺς,
649 423 800 478 οὐδὲν
855 427 1043 500 ἕτερον,
1094 428 1206 481 ἄλλ’
1248 433 1368 505 ὅπερ
1415 429 1632 490 ἐδηλουν
1683 432 1852 484 αὐτῶν

1974 429 2210 486 vocibus
2235 429 2680 500 designabatur.
2697 429 2762 484 Et
2781 431 2938 501 patet
2953 428 3110 485 hanc
3131 443 3316 485 unam
3335 445 3462 485 esse
3485 445 3612 503 spe-

251 518 308 568 αἱ
333 521 744 590 προτεταγμέναι
778 522 1099 588 σημαίνουσι
1148 519 1324 582 λέξεις.
1357 525 1426 574 Τό
1478 519 1536 574 δὲ
1565 525 1810 575 τοιούτων
1837 521 1852 564 1

251 601 493 670 εὔδηλον,
541 608 610 667 ὡς
665 610 763 677 μία
817 611 894 666 τίς
949 605 1090 659 ἐστιν
1137 605 1252 661 ἰδέα
1303 619 1396 672 τῆς
1449 611 1714 686 παρολκῆς
1765 615 1854 664 καὶ

253 703 450 767 σχῆμα
472 694 646 766 λόγου,
682 695 788 748 ἀλλ’
819 696 878 748 οὐ
933 697 1164 758 σόλοικος
1193 701 1379 771 ἄγνοια
1410 721 1422 733 ·
1457 706 1543 752 καὶ
1586 705 1664 765 τό,
1720 705 1856 774 ἔχων

253 781 314 836 δὲ
357 785 606 846 πολλάκις
659 788 788 858 μετά
833 793 926 838 τοῦ
984 785 1228 854 ἀπῆλθες,
1275 791 1304 846 ἦ
1359 797 1452 842 τοῦ
1507 788 1766 862 βαδίζεις,
1821 791 1852 850 ἣ

249 881 346 926 τοῦ
385 871 645 944 σπεύδεις,
675 879 766 926 καὶ
824 878 954 946 μετά
1009 875 1252 930 πλειόνων
1297 877 1480 944 ἄλλων,
1529 879 1576 931 ἐν
1619 881 1853 952 ὑποταγῇ

255 965 635 1034 συντιθέμενον,
665 966 807 1038 παρά
839 972 946 1025 τοῖς
977 972 1090 1027 σοῖς
1123 975 1400 1037 σοφισταῖς
1429 965 1578 1020 οὐδὲν
1607 968 1734 1030 ὅλως
1766 987 1858 1026 ση-

250 1059 437 1124 μαῖνον
485 1053 800 1124 εὑρίσκεται,
835 1051 940 1104 ἀλλ’
987 1053 1110 1106 αὐτὸ
1165 1063 1316 1108 τοῦτο
1363 1057 1626 1130 παρολκῆς
1671 1057 1859 1130 ἐπέχον

251 1143 432 1194 τόπον.
467 1137 590 1192 Εἰὸε
619 1147 708 1192 καὶ
737 1141 1016 1215 ἒῃυτέρας
1039 1142 1215 1215 βούλει
1253 1149 1722 1206 κατασιωπηθῆναι
1751 1155 1861 1208 τοῖς

253 1225 710 1302 παραδείγμασιν,
763 1227 1068 1284 οὐδὲτοῦτο
1111 1239 1356 1306 παρήσω.
1416 1235 1586 1288 Αὐτοῦ
1625 1239 1724 1309 γαρ
1769 1243 1860 1288 τοῦ

253 1319 365 1390 εἰμί
395 1323 490 1377 τὴν
543 1317 908 1394 ἀπαρέμφατον
965 1320 1216 1392 ἔγκλισιν,
1271 1328 1360 1376 καὶ
1415 1329 1510 1382 τὴν
1575 1325 1701 1377 ἑκὼν
1744 1345 1862 1397 μετ-

251 1413 416 1480 οχὴν,
490 1409 561 1470 εἰς
635 1413 844 1481 μνήμην
897 1408 1174 1483 ἀνειληφὼς
1245 1412 1448 1486 (καίπερ
1518 1413 1682 1485 ὀλίγοι
1761 1423 1860 1466 τῶν

253 1497 623 1562 Ἀττικιστῶν,
685 1499 758 1558 οἷς
813 1499 908 1550 οὐκ
966 1501 1078 1551 ἔστι
1127 1503 1184 1552 τὸ
1233 1500 1362 1552 ἑκὼν
1414 1500 1542 1554 εἶναι
1593 1512 1692 1554 τῶν
1739 1522 1862 1574 συγ-

247 1589 582 1660 γραμμάτων
653 1585 702 1638 ἐν
755 1591 915 1659 μοίρᾳ
981 1587 1220 1661 λαμπροῦ
1276 1590 1753 1663 καλλωπίσματος),
1807 1587 1860 1643 εὖ

250 1672 362 1728 οἷδ’
416 1679 492 1727 ὅτι
549 1679 740 1728 σαυτὸν
783 1676 1024 1750 αἰτιάσῃ,
1069 1680 1150 1730 ὅτι
1195 1686 1302 1740 τοῖς
1333 1677 1532 1732 ἐκείνων
1569 1685 1744 1741 πόνοις
1785 1679 1863 1732 ἐν-

249 1764 470 1837 ομιλῶν,
517 1770 606 1817 καὶ
651 1768 708 1816 τό
766 1764 895 1818 εἶναι
948 1764 1152 1838 βλέπων
1191 1767 1442 1840 παρέλκον
1497 1769 1692 1838 αὐτοῖς,
1741 1789 1864 1844 τρα-
1899 1787 1938 1842 Β

248 1863 352 1914 νὼς
423 1854 714 1926 πολλαχοῦ,
773 1859 864 1906 καὶ
931 1851 1080 1908 οὐδὲν
1145 1865 1333 1915 νοῆσαι
1375 1871 1389 1882 ’
1419 1857 1687 1930 τολμήσας
1741 1861 1864 1912 ποτε

250 1939 560 2015 ὀνειδισμὸν
622 1943 860 1996 σολοίκου
925 1952 1110 2016 φωνῆς,
1171 1945 1200 2003 ἣ
1271 1948 1514 1999 ὑπόνοιαν
1574 1948 1746 2009 αὐτοῖς
1807 1951 1865 2000 τὸ

247 2040 494 2084 τοιοῦτον
548 2031 820 2104 ἐμποιείνς
857 2033 968 2085 Οὐκ
1037 2031 1408 2102 ἐδυσωπὸθης,
1473 2033 1566 2088 διὰ
1627 2042 1722 2096 τήν
1777 2045 1868 2090 τοῦ

247 2122 366 2194 εἷμὶ
423 2120 708 2194 παρολκην,
763 2125 858 2180 τὴν
915 2123 1074 2196 (εἴπερ
1127 2121 1188 2182 ἦν
1249 2132 1414 2177 ταῦτα
1461 2125 1710 2198 γλώσσης
1763 2127 1872 2180 Ἐλ-

247 2207 472 2273 ληνίδος
526 2211 836 2285 ἁμάρτημα)
902 2213 1092 2284 ὁμοίως
1161 2213 1418 2290 ἑκατέροις
1475 2214 1870 2291 ἐφαρμόζουσαν

247 2309 352 2354 τοῦ
423 2300 732 2361 σολοικίζειν
785 2307 1015 2376 γραφὴν,
1070 2303 1242 2376 ὥσπερ
1305 2303 1359 2355 ἐκ
1427 2303 1698 2380 βαρϐάρου
1763 2305 1870 2358 ἐπι·

247 2393 530 2462 τάγματος
586 2393 720 2442 κατά
767 2395 928 2462 μόνης
976 2399 1070 2451 τῆς
1113 2394 1252 2454 θείας
1296 2394 1442 2464 ἡμῶν
1471 2399 1558 2446 καὶ
1594 2396 1870 2466 ἱερωτάτης

245 2485 332 2552 μή
389 2478 856 2551 καταψηφίζεσθαι
907 2485 1112 2552 Γραφῆς
1143 2497 1156 2544 ;
1191 2481 1328 2534 Ἀλλ’
1361 2479 1448 2534 οὖν
1479 2479 1628 2543 εἰδώς
1667 2503 1762 2535 σου
1809 2487 1866 2535 τό

249 2577 358 2629 τῆς
401 2573 614 2639 γνώμης
671 2563 984 2632 ἀδέκαστον,
1045 2567 1240 2629 εὔελπίς
1283 2569 1388 2641 εἰμι
1431 2577 1523 2622 τοῦ
1570 2571 1774 2636 λοιποῦ,
1807 2569 1866 2622 οὐ

1687 2675 1700 2685 ·
1741 2658 1869 2710 ἀλλὰ

247 2661 416 2730 μόνον
464 2659 651 2729 μηκέτι
692 2675 748 2708 σε
793 2659 856 2708 τὰ
907 2665 1122 2708 τοιαῦτα
1173 2659 1262 2710 ὑπ’
1310 2659 1478 2711 αἰτίαν
1524 2661 1646 2733 όρᾷν

1961 518 2112 575 ciem
2133 519 2410 591 parolciaa
2441 536 2545 575 seu
2577 518 3009 575 redundantias.
3047 518 3255 590 Figura
3285 523 3373 574 est
3401 519 3617 576 oratio-

1963 609 2076 670 nis,
2118 624 2234 664 non
2277 608 2499 665 solceca
2541 608 2836 678 ignoratio
2887 630 2902 665 :

2957 612 3014 664 et
3063 624 3221 680 saepe
3279 611 3416 679 ἔχων
3475 623 3616 665 cum

1965 695 2190 758 ἀπῆλθες
2221 697 2522 754 substrata
2545 713 2664 754 vox
2689 697 2750 754 in
2780 695 3210 770 compositione
3241 697 3406 768 apud
3445 696 3618 768 SOphi

1967 791 2088 842 stas
2131 792 2262 842 tuos
2296 787 2442 842 nihil
2483 787 2648 843 aliud
2695 791 2840 844 nota
2887 803 3072 860 quam
3125 783 3390 860 βαδιζεις,
3465 789 3620 839 σπεύ-

1969 874 2096 940 δεις,
2126 882 2260 946 etc.,
2299 876 2376 931 ad
2413 875 2664 932 formam
2707 876 2994 932 nimirum
3031 875 3312 950 παρολκῆς-
3361 875 3463 932 Sin
3513 891 3622 948 per

1965 963 2253 1020 viciniora
2277 965 2552 1036 exempla
2583 965 2670 1020 vis
2703 969 2766 1021 ut
2797 964 3096 1020 silentium
3125 965 3228 1020 tibi
3251 965 3620 1037 imponatur,

1967 1051 2030 1108 id
2055 1068 2178 1109 non
2219 1054 2688 1124 prtetermittam.
2731 1054 2900 1110 Vocis
2941 1053 3045 1126 εἰμὶ
3087 1054 3444 1110 intinitivum
3487 1071 3622 1110 cum

1968 1142 2284 1214 participio
2319 1142 2379 1197 in
2411 1143 2764 1200 memoriam
2794 1159 3084 1200 revocans
3119 1143 3276 1216 (licet
3309 1143 3474 1216 pauci
3509 1143 3624 1198 sint

1971 1231 2123 1286 inter
2157 1231 2472 1297 Atticis-tas,
2505 1231 2608 1303 qui
2655 1247 2776 1288 non
2815 1232 2938 1284 ἑκὼν
2977 1229 3125 1298 εἶναι,
3165 1237 3226 1288 ut
3271 1237 3624 1288 ornamento

1967 1320 2254 1376 orationis
2267 1325 2552 1391 utuntur),
2575 1321 2719 1389 scio,
2738 1321 2985 1392 teipsum
3007 1321 3302 1394 culpabis,
3315 1321 3480 1392 quod
3495 1337 3625 1376 cum

1970 1409 2030 1464 in
2061 1425 2271 1464 eorum
2315 1409 2548 1480 scriptis
2589 1417 2855 1466 versatus
2889 1409 3086 1474 fueris,
3123 1409 3225 1465 ubi
3259 1407 3388 1462 εἶναι
3419 1409 3628 1480 saepis-

1971 1497 2118 1552 sime
2131 1497 2466 1554 redundare
2477 1498 2882 1569 deprehendes
2899 1497 3630 1562 manifestissimc,necali-

1969 1587 2118 1660 quid
2147 1585 2394 1642 omnino
2424 1587 2780 1656 significare,
2814 1605 2998 1644 ausus
3027 1587 3206 1644 fueris
3239 1588 3630 1643 solmcismun

1969 1675 2040 1730 iis
2079 1673 2394 1747 imputare,
2429 1681 2530 1731 aut
2557 1677 2617 1731 in
2648 1677 2776 1747 ejus
2805 1677 3004 1732 venire
3039 1676 3442 1748 suspicionem
3463 1677 3490 1732 ?
3517 1678 3630 1732 Cur

1971 1764 2144 1837 igitur
2165 1780 2280 1820 non
2311 1764 2570 1820 metuisti
2594 1770 2834 1837 propter
2853 1765 3016 1822 vocis
3042 1765 3148 1838 εἰμὶ
3169 1764 3630 1821 redundantiam

1971 1854 2042 1926 (si
2067 1845 2218 1910 esset
2245 1854 2304 1908 in
2327 1869 2600 1910 sermone
2621 1855 2820 1911 Graeco
2835 1855 3190 1926 peceatum),
3209 1869 3344 1927 quae
3367 1859 3632 1925 utrisque

1974 1943 2274 2014 competit,
2309 1959 2376 1998 ac
2406 1944 2454 1997 si
2481 1943 2731 2000 barbare
2755 1944 3108 2015 loqueretur,
3139 1959 3376 1999 sacram
3407 1941 3630 1998 etdivi-

1977 2049 2118 2088 nam
2151 2031 2514 2104 Scripturam
2547 2031 2864 2087 incusare?
2893 2033 3006 2088 Sed
3027 2049 3164 2088 cum
3187 2031 3513 2102 intelligam
3545 2031 3630 2086 in-

1979 2127 2320 2193 corruptum
2343 2124 2513 2176 tuum
2530 2136 2658 2176 esse
2675 2121 2992 2191 judicium,
3013 2137 3150 2194 spes
3167 2137 3261 2176 me
3279 2123 3434 2176 tenet
3447 2120 3630 2188 bona,

1979 2215 2032 2267 te
2057 2209 2408 2282 hujusmodi
2429 2209 2784 2265 locutionem
2805 2211 3022 2266 dehinc
3039 2225 3158 2266 non
3179 2209 3628 2266 incusaturum:

1981 2299 2086 2356 sed
2113 2299 2162 2354 si
2193 2298 2294 2370 qui
2326 2297 2442 2354 sint
2479 2299 2580 2371 qui
2609 2297 2754 2354 illud
2785 2299 2916 2355 ausi
2941 2299 3177 2364 fuerint,
3209 2301 3266 2354 te
3310 2297 3478 2353 facile
3531 2313 3634 2352 eos

1977 2389 2290 2444 instructos
2321 2387 2382 2442 in
2403 2386 2562 2443 viam
2583 2387 2990 2456 reducturum,
3017 2401 3280 2459 quorum
3295 2385 3634 2456 ignorantia.

1976 2478 2144 2548 (nam
2181 2476 2452 2532 audaciae
2483 2480 2674 2531 mater
2700 2481 2790 2531 est
2817 2474 3176 2546 ignorantia)
3193 2475 3272 2531 ad
3291 2473 3406 2530 hoc
3449 2472 3634 2530 modo

1976 2566 2452 2638 delinquendum
2499 2565 2664 2637 ipsos
2701 2564 2998 2630 excitavit,
3039 2571 3095 2621 et
3145 2563 3320 2636 quasi
3375 2562 3484 2620 alis
3541 2563 3636 2619 in-

1977 2655 2208 2712 struxit.

245 2752 350 2798 καὶ
404 2749 448 2797 εί
491 2765 620 2806 τινες
677 2745 900 2816 τολμῷεν
955 2746 1326 2821 παραπλησίως
1383 2747 1772 2821 ἐξαμαρτάνειν,
1827 2743 2026 2822 ῥᾳδίως
2085 2744 2274 2806 αὐτοὺς
2313 2743 2592 2814 μεθέλκειν,
2665 2747 2752 2796 καὶ
2809 2739 3186 2796 ἀναδιδάσκειν
3249 2743 3318 2794 ὧν
3367 2745 3396 2802 ἡ
3451 2743 3634 2814 ἄγνοια

247 2836 514 2908 (θράσους
541 2835 644 2907 γὰρ
671 2832 874 2906 ἀμαθὶα
893 2837 1114 2906 μήτηρ),
1145 2835 1212 2895 εἰς
1243 2839 1300 2888 τὸ
1325 2837 1640 2910 πλημμελεῖν
1671 2837 1856 2898 αὐτοὺς
1887 2837 1974 2888 ἀνε
1995 2837 2186 2909 πτέρου
2217 2837 2306 2884 καὶ
2337 2830 2656 2906 ἀνηρέθιζεν.

837 2947 1150 2994 ΕΡΩΤΗΣΙΣ
1191 2941 1302 2996 ΡΖ’.

432 3033 484 3082 τί
549 3037 620 3100 τῷ
677 3028 930 3104 τληπαθεί
979 3029 1220 3103 Ἠρακλεῖ
1268 3035 1326 3082 τὸ
1393 3041 1481 3092 τῆς
1563 3031 1870 3104 Ἀμαλθείας

583 3105 739 3174 κέρας
768 3103 816 3154 οἰ
857 3099 1069 3159 ποιηταὶ
1109 3105 1500 3177 ἐγχειρίζουσιν
1534 3119 1547 3169 ;
1624 3099 1633 3104 ⁷
1904 3099 1944 3156 C

482 3209 634 3260 Edita
659 3223 690 3260 a
721 3211 772 3258 Β.
804 3209 868 3259 de
903 3211 1262 3268 Montfaucon,
1295 3211 1546 3268 Biblioth,
1583 3211 1724 3262 Cois!
1755 3227 1820 3275 .p.
1854 3211 1944 3262 347

247 3033 356 3083 Διά

331 3329 478 3380 "Ian
533 3329 602 3388 ὡς
659 3327 718 3378 οὐ
776 3331 929 3398 μόνον
991 3337 1062 3398 τῷ
1117 3327 1370 3386 τληπαθεί
1422 3329 1680 3402 Ἠρακλεῖ,
1741 3327 1868 3382 ἀλλά

247 3423 348 3470 καὶ
407 3423 480 3486 τῷ
531 3415 690 3486 λογίῳ
744 3413 902 3488 Ἐρμῇ
963 3420 1020 3468 τὸ
1080 3424 1174 3478 τῆς
1237 3417 1549 3490 Ἀμαλθείας
1605 3422 1758 3492 κέρας
1819 3419 1868 3470 οἱ

247 3511 480 3562 ποιηταὶ
531 3503 916 3578 ἐγχειρίζουσι.
951 3511 1036 3564 Μὴ
1087 3511 1255 3559 τοίνυν
1311 3513 1600 3578 στρατείαις
1639 3512 1728 3560 καὶ
1779 3512 1870 3560 πό-

247 3617 368 3657 νοις
427 3601 746 3664 σωματικοῖς
811 3593 923 3646 ὃλον
993 3599 1204 3646 σεαυτόν
1268 3591 1473 3662 διδοὺς,
1541 3606 1640 3648 τῶν
1701 3596 1868 3648 καλῶν

247 3686 588 3758 μαθημάτων
641 3682 926 3756 ἀφίστασο,
985 3682 1172 3736 ἐκεῖθέν
1233 3705 1316 3737 σοι
1352 3687 1538 3760 ῥεῦσαι
1576 3691 1726 3758 μόνον
1775 3690 1868 3744 τήν

251 3771 604 3845 εὐδαιμονίαν
655 3781 745 3824 τοῦ
791 3771 914 3845 βίου
968 3771 1195 3845 οἰόμενος
1230 3793 1243 3805 .
1275 3773 1402 3826 ἀλλὰ
1451 3779 1540 3826 καὶ
1589 3783 1698 3835 ταῖς
1747 3776 1868 3846 ἠμί-

249 3869 436 3938 τέραις
474 3863 698 3933 εὐγενέσι
749 3865 996 3934 μούσαις,
1054 3861 1236 3914 αἰτῶν
1266 3862 1572 3922 Ἐλληνίδων
1621 3872 1868 3917 τοσοῦτον

251 3951 626 4024 διαφέρουσιν,
699 3953 818 4004 ὅσον
890 3951 1144 4026 ἐλεύθεροι
1225 3955 1406 4024 φύσεις
1468 3949 1664 4004 δούλων
1730 3955 1868 4012 ἠθῶν

249 4047 350 4094 καὶ
399 4040 665 4100 κολακείας
697 4039 930 4107 ἀλήθεια,
965 4037 1122 4093 δίδου
1171 4041 1264 4092 κάν
1309 4043 1359 4093 ἐν
1407 4046 1550 4114 μέρει
1600 4045 1665 4092 τὰ
1709 4043 1870 4114 σεμνὰ

249 4133 352 4182 καὶ
414 4125 547 4187 ἡδέα
595 4137 694 4182 τῶν
737 4128 983 4202 ᾀσμάτων
1031 4126 1344 4182 κατεπάδειν
1377 4149 1478 4182 σοι.
1529 4133 1599 4182 Τό
1647 4134 1736 4202 μὲν
1766 4132 1866 4205 γαρ

253 4217 571 4290 Ἀμαλθείας
647 4221 796 4293 κέρας
869 4223 958 4270 καὶ
1032 4225 1103 4288 τῷ
1179 4217 1421 4290 Ἀχελῴῳ
1491 4225 1727 4290 ποταμῷ,
1789 4219 1868 4270 ὅτι

249 4311 356 4366 τὴν
417 4307 754 4380 ὑποκειμένην
813 4305 1088 4381 περιρρέων
1145 4313 1328 4381 χώραν
1381 4309 1649 4381 πάμφορον
1719 4306 1868 4382 ἐργά-

251 4398 428 4462 ζεται,
493 4399 550 4448 τό
611 4415 838 4453 ποιητων
899 4396 1180 4468 αὐτόνομον
1239 4397 1380 4457 ἔθνος
1441 4397 1652 4469 ἑτοίμως
1711 4401 1869 4470 χαρί-

253 4485 464 4544 ζονται.
527 4489 626 4537 Καὶ
673 4481 823 4538 οὐδὲν
874 4483 1126 4558 ἀνθρώπῳ
1177 4489 1312 4557 μέγα
1363 4493 1544 4558 τυχεῖν
1594 4487 1660 4536 ὧν
1699 4485 1752 4538 ἐκ
1780 4489 1868 4557 φύ-

255 4593 396 4636 σεως
449 4576 560 4646 ἔχει
599 4576 776 4626 καὶτὰ
825 4573 1038 4648 ἀψυχα.
1077 4579 1182 4633 Τὴν
1212 4571 1262 4627 δ’
1293 4573 1458 4633 ἀληθῆ
1491 4580 1580 4628 καὶ
1617 4577 1752 4628 θείαν
1785 4575 1866 4627 εὖ·
1899 4605 1943 4658 D

254 4659 540 4735 δαιμονίαν
592 4667 680 4715 καὶ
733 4661 983 4738 ἀνθρώπῳ
1041 4668 1359 4738 πρέπουσαν,
1413 4669 1502 4716 καὶ
1553 4667 1678 4738 πρὸς
1734 4663 1792 4722 ἣν
1833 4667 1862 4723 ἡ

255 4752 550 4826 Ἀμάλθεια
601 4755 980 4827 παρατιθεμένη
1040 4758 1190 4814 νόσος
1238 4759 1328 4805 και
1357 4757 1504 4806 πενία
1552 4755 1862 4823 εὑρίσκεται,

255 4841 312 4894 ἐκ
371 4845 536 4914 μόνων
589 4843 728 4894 ἔστιν
785 4851 886 4894 τῶν
927 4845 1072 4895 θείων
1131 4847 1336 4914 Λογίων
1391 4847 1480 4896 καὶ
1535 4851 1626 4903 τῆς
1681 4841 1867 4896 ἐκεῖθεν

253 4935 520 5006 γεωργίας
550 4929 880 5004 ἀμήσασθαι.

835 5025 1148 5074 ΕΡΩΤΙΙΣΙΣ
1189 5019 1310 5076 ΡΗ’.

251 5113 322 5162 Τί
389 5107 497 5162 ἐστι
556 5112 615 5162 τὸ
673 5109 909 5174 ἐξουσίαν
971 5112 1112 5182 ἔχειν
1177 5115 1272 5169 τὴν
1336 5115 1560 5182 γυναῖκα
1623 5109 1707 5163 ἐπὶ
1775 5113 1868 5170 τὴν

935 5181 1158 5256 κεφαλήν
1185 5199 1200 5250 ;

2174 2937 2489 3004 ουΑῖεΤιο
2531 2938 2670 2993 cvn
2708 2937 2925 3013 [Coisl.,
2961 2941 3140 3006 Taur,
3185 2939 3423 3010 CXXIX].

1982 3031 2110 3087 Cur
2137 3027 2426 3086 laborioso
2467 3027 2708 3085 Herculi
2734 3033 2912 3100 poetae
2953 3029 3283 3085 Amalthea
3330 3043 3518 3084 cornu
3567 3029 3632 3084 in

2523 3101 2796 3156 manibus
2833 3101 3102 3168 ponant?

1975 3213 2025 3260 et
2051 3221 2082 3259 a
2111 3199 2457 3270 Montacutio,
2485 3221 2567 3271 cp.
2599 3209 2708 3263 209,
2742 3207 2808 3254 ad
2837 3206 3072 3266 Leonem,
3103 3221 3154 3270 p.
3189 3207 3412 3256 306-307.

2045 3324 2226 3392 Nosti,
2284 3339 2406 3380 non
2447 3323 2632 3380 solum
2671 3321 2974 3380 laborioso
3015 3321 3266 3388 Herculi,
3311 3324 3414 3378 sed
3453 3323 3630 3380 etiam

1975 3414 2208 3472 erudito
2238 3412 2519 3472 Mercurio
2542 3411 2865 3469 Amaltheaa
2895 3428 3080 3469 cornu
3109 3417 3320 3484 poetas
3363 3411 3425 3468 in
3455 3414 3634 3468 mani-

1975 3505 2090 3560 bus
2137 3517 2376 3576 ponere.
2431 3505 2510 3558 Ne
2553 3501 2730 3573 igitur
2774 3501 3000 3558 militia:
3043 3501 3464 3572 laboribusque
3507 3517 3636 3557 cor-

1977 3593 2173 3664 poreis
2197 3597 2384 3647 totum
2411 3597 2465 3646 te
2487 3591 2732 3658 dedens,
2761 3607 2797 3648 a
2815 3589 2983 3647 bonis
3003 3589 3328 3662 disciplinis
3349 3589 3630 3660 absistas,

1976 3687 2141 3738 ratus
2169 3681 2328 3736 illinc
2359 3685 2592 3736 tantum
2623 3680 2725 3736 tibi
2755 3681 3041 3737 orituram
3071 3681 3207 3736 vitae
3253 3679 3590 3736 felicitatem
3616 3695 3630 3735 :

1977 3772 2078 3828 sed
2108 3769 2288 3826 etiam
2333 3769 2636 3826 nobilibus
2668 3769 2855 3824 musis
2889 3769 3121 3832 nostris,
3171 3785 3306 3840 quae
3339 3773 3564 3824 tantum
3597 3785 3632 3824 a

1975 3859 2328 3916 Gt'tecanicis
2357 3860 2470 3914 illis
2497 3859 2796 3924 differunt,
2829 3864 3124 3930 quantum
3171 3857 3372 3912 liberte
3403 3862 3632 3914 naturai

1975 3948 2340 4005 aservilibus
2388 3947 2678 4012 moribus,
2724 3953 2778 4004 et
2833 3947 2912 4004 ab
2973 3947 3318 4004 adulatione
3393 3949 3628 4014 veritas,

1975 4037 2234 4093 concede
2268 4043 2327 4092 ut
2347 4037 2440 4091 vel
2467 4053 2534 4090 ex
2565 4039 2730 4107 parte
2770 4035 3022 4092 honesta
3052 4034 3371 4106 dulciaque
3401 4036 3632 4092 cantica

1977 4125 2052 4180 ibi
2129 4125 2525 4181 modulantur.
2607 4125 2756 4180 Nam
2825 4123 3114 4180 Amalthea
3185 4139 3372 4179 cornu
3453 4123 3632 4180 etiam

1975 4213 2226 4268 Acheloo
2276 4211 2478 4280 ﬂuvio,
2542 4209 2687 4284 quia
2741 4212 3065 4283 subjectum
3119 4218 3338 4268 terram
3386 4211 3635 4268 circum-

1971 4302 2164 4358 ﬂuens
2196 4307 2454 4358 feracem
2481 4299 2694 4367 reddit,
2717 4301 2903 4358 libera
2929 4307 3242 4373 poetarum
3266 4304 3426 4360 natio
3449 4303 3632 4358 liben-

1975 4397 2060 4447 ter
2088 4389 2375 4448 attribuit.
2413 4394 2612 4462 Neque
2653 4389 2856 4460 magni
2887 4390 3174 4446 momenti
3203 4391 3430 4448 homini
3467 4407 3634 4464 repu-

1973 4485 2152 4547 tatur,
2177 4497 2248 4538 ea
2271 4479 2665 4552 assequﬁquae
2697 4479 2785 4534 vel
2807 4478 3138 4536 inanimato.
3164 4480 3296 4552 ipsa
3323 4497 3394 4537 ex
3421 4489 3635 4537 natura

1973 4569 2212 4626 habent.
2253 4571 2462 4624 Veram
2509 4571 2732 4634 autem,
2775 4565 3042 4624 divinam
3074 4573 3130 4624 et
3159 4567 3388 4625 homini
3419 4585 3636 4626 convc-

1974 4659 2236 4716 nientem
2267 4658 2622 4724 felicitatem,
2655 4657 2744 4712 cui
2767 4663 3118 4728 comparata
3141 4657 3454 4716 Amalthea
3477 4675 3635 4716 mor-

1974 4748 2087 4806 bus
2126 4755 2182 4805 et
2211 4753 2532 4820 paupertas
2565 4763 2694 4803 esse
2733 4745 3208 4818 deprehenditur,
3252 4764 3325 4804 ex
3375 4747 3517 4805 solis
3555 4747 3638 4805 di-

1975 4839 2124 4896 vinis
2155 4837 2438 4911 Eloquiis,
2479 4853 2672 4909 exque
2699 4834 3062 4907 agricultura
3090 4835 3228 4892 inde
3261 4845 3503 4911 sumpta
3533 4835 3636 4895 de-

1979 4935 2190 4986 metere
2220 4927 2376 4984 licet.

2137 5016 2456 5084 onmno
2499 5014 2666 5072 cvm
2697 5011 2899 5087 [CoisL
2935 5019 2990 5071 et
3023 5015 3196 5072 Taur.
3233 5015 3474 5088 CXXX],

1980 5107 2127 5173 Quid
2156 5113 2234 5164 est
2249 5105 2544 5162 mulierem
2559 5103 2768 5160 habere
2780 5107 3128 5173 potestatem
3153 5103 3216 5161 ιή
3231 5111 3412 5176 caput
3437 5105 3640 5165 suum?

755 5287 911 5340 Edita
939 5303 970 5340 a
998 5289 1338 5340 Montacutio.
1376 5303 1460 5353 ep.
1487 5291 1596 5346 210,
1631 5288 1698 5338 ad
1722 5288 1987 5350 Eulamp.,
2022 5285 2227 5337 307-309
2265 5282 2584 5348 Explanatio
2628 5283 2684 5332 in
2711 5281 2730 5331 ι
2760 5281 2878 5332 Cor.
2913 5279 3003 5340 X1,
3032 5279 3114 5333 1ο.

331 5409 422 5476 Τὸ,
475 5405 716 5472 ἔξουσίαν
771 5408 912 5481 ἔχειν
967 5410 1062 5466 τὴν
1115 5412 1342 5480 γυναῖκα
1395 5404 1476 5462 επὶ
1531 5409 1625 5466 τὴν
1686 5425 1852 5478 κεφα-

1975 5403 2100 5470 lud,
2135 5422 2164 5453 «
2195 5401 2508 5461 mulierem
2535 5399 2760 5460 habere
2799 5397 3012 5472 capitis
3053 5397 3140 5456 sui
3165 5401 3570 5472 potestatem,
3607 5415 3637 5448 »

1603 5556 1844 5618 VARl/E
1881 5554 2180 5616 LECTION
2185 5556 2286 5613 ES.

264 5691 308 5747 Ι.
333 5689 380 5752 C
409 5693 482 5750 Μ.
507 5697 609 5752 553
635 5693 660 5750 f
683 5695 780 5752 180
815 5703 1054 5750 τοιοῦτον

413 5800 656 5860 ΡΑτιιοι..
699 5801 808 5862 Gn.
849 5802 938 5860 Cl.

3401 5793 3460 5845 2-1
