4136 6198
510 278 620 337 643

510 421 653 469 non,
684 404 746 459 ut
774 401 970 474 prima
989 398 1140 456 facie
1168 399 1354 456 verba
1389 415 1606 456 sonare
1642 401 1940 466 videntur,
1979 400 2059 455 ita
2101 400 2160 456 in

507 492 788 566 praesenti
824 494 1073 561 usurpat
1101 489 1338 544 divinus
1380 489 1612 546 Paulus.
1662 492 1808 545 Cum
1854 489 2156 554 audimus,

513 607 538 638 α
580 587 937 657 potestatem
997 580 1240 646 habere,
1292 601 1319 634 »
1371 580 1512 637 forte
1571 580 2038 635 dominationem
2106 584 2161 635 et

507 673 910 748 principatum
954 669 1204 741 quidam
1247 668 1615 737 intelligent:
1657 675 1716 725 at
1741 669 1834 724 ille
1856 669 1950 724 hic
1991 687 2017 721 ε
2059 683 2160 740 po-

507 767 779 821 testatem
833 760 1067 824 habere,
1117 781 1137 809 »
1184 758 1350 830 ponit
1389 775 1486 830 pro
1531 781 1552 808 ι
1596 759 1763 813 subdi
1809 765 1865 813 et
1925 756 2160 828 subijici

509 850 804 924 potestati.
852 871 872 899 ι
918 851 1106 919 thue
1123 849 1281 920 quod
1307 848 1514 904 dicitur
1541 846 1912 903 manifestius
1939 846 2061 911 ﬁat,
2105 850 2161 902 et

508 943 581 999 ad
614 941 865 999 aliorum
896 954 1033 1010 quas
1062 936 1281 993 abinde
1307 937 1601 1004 oriuntur,
1633 935 2035 992 dubitationes
2067 950 2159 996 so-

503 1031 652 1088 lutio
695 1027 1062 1101 expediatur,
1107 1025 1426 1086 dicendum
1469 1043 1482 1083 :
1527 1026 1724 1084 Mundi
1754 1029 1963 1081 doctor
2003 1025 2160 1084 viros

505 1121 658 1177 inter
685 1118 982 1174 orandum
1013 1119 1068 1171 et
1097 1116 1580 1187 prophetandum
1617 1131 1740 1172 nou
1769 1114 1974 1170 velatis
2004 1114 2160 1186 capi,

507 1210 668 1267 tibus
707 1224 842 1264 esse
886 1206 1026 1271 vult,
1069 1205 1343 1262 mulieres
1381 1211 1580 1262 autem
1630 1204 1859 1271 velatis,
1903 1207 2158 1260 Causam

506 1299 678 1356 affert
701 1296 1028 1367 geminam,
1067 1311 1175 1350 cur
1215 1295 1330 1351 hoc
1370 1294 1666 1367 prmeipiat
1708 1313 1720 1352 :
1766 1314 1795 1345 «
1843 1293 1935 1348 Vir
1981 1296 2164 1363 caput

507 1405 684 1445 suum
728 1386 935 1455 tondit,
1001 1394 1102 1443 aut
1144 1385 1322 1442 etiam
1362 1385 1536 1449 radit,
1583 1407 1603 1434 ο
1660 1387 1934 1440 neutrum
1970 1382 2162 1438 facere

505 1477 739 1534 mulieri
780 1474 1156 1546 permittitur.
1203 1477 1285 1530 lta
1319 1490 1438 1528 non
1474 1473 1719 1545 perinde
1765 1471 1996 1527 mulieri
2027 1471 2162 1527 licet

503 1567 822 1623 invelatum
861 1570 1052 1634 caput,
1097 1569 1160 1619 ut
1198 1563 1320 1618 viro
1346 1563 1496 1619 licet.
1527 1562 1622 1616 Vir
1661 1585 1687 1614 ε
1731 1578 1804 1617 ne
1842 1565 2020 1632 caput
2059 1559 2161 1616 de-

505 1657 761 1719 decoret,
807 1675 835 1703 »
875 1668 997 1708 non
1037 1652 1194 1720 tegit.
1252 1653 1378 1707 Non
1425 1657 1509 1706 est
1542 1651 1702 1706 enim
1746 1666 1885 1705 cum
1931 1648 2159 1706 ratione

505 1745 915 1815 conjunctum,
959 1746 1020 1797 ut
1046 1757 1180 1796 cum
1215 1757 1389 1796 coma
1417 1740 1670 1804 tollatur,
1707 1755 1894 1811 quam
1945 1744 2162 1815 natura

504 1813 686 1898 dedit,
715 1838 1021 1887 externum
1053 1830 1384 1886 asciscatur
1407 1829 1845 1900 operimentum
1880 1847 1892 1883 :
1927 1813 2162 1884 mulieri

505 1922 707 1978 decori
754 1925 841 1976 est
883 1914 1356 1991 operimentum;
1408 1924 1589 1990 caput
1631 1917 1983 1972 dehonestat
2036 1932 2157 1972 non

505 2011 690 2067 modo
726 2015 916 2074 tonsa,
958 2024 1117 2073 rasa,
1178 2009 1281 2065 sed
1337 2009 1514 2064 etiam
1570 2023 1690 2062 non
1737 2007 1946 2062 velata.
2006 2005 2159 2062 Licet

505 2099 662 2156 enim
691 2098 840 2154 illud
869 2102 1082 2153 natura
1108 2096 1464 2161 institutum,
1495 2096 1609 2151 hoc
1657 2099 1856 2150 autem
1891 2110 1928 2150 a
1956 2094 2157 2150 mode-

501 2189 614 2246 stia
643 2193 696 2245 et
727 2187 956 2260 pudore
989 2185 1065 2240 sit
1105 2203 1118 2242 :
1153 2192 1470 2257 utrumque
1512 2190 1709 2240 tamen
1738 2184 1939 2254 capitis
1965 2182 2155 2254 operi—

499 2283 766 2334 mentum
788 2281 919 2332 est:
951 2281 1006 2330 et
1033 2275 1212 2330 veluti
1252 2291 1390 2332 rasa
1433 2273 1701 2331 naturale
1744 2272 1984 2344 deponit
2015 2287 2156 2343 ope-

496 2368 841 2430 rimentum,
886 2364 968 2419 sic
1019 2363 1287 2437 inOperta
1337 2363 1582 2435 pudoris
1629 2363 1900 2418 velamen
1936 2367 1992 2417 et
2034 2377 2153 2417 mo—

497 2456 703 2512 destiae
732 2453 899 2515 tollit,
940 2471 970 2506 ε
994 2457 1172 2524 atque
1193 2453 1273 2509 ita
1294 2453 1419 2523 pari
1444 2455 1674 2508 constat
1704 2455 1858 2506 statu
1875 2466 2010 2506 cum
2027 2465 2150 2505 era.

499 2560 588 2601 sa.
629 2562 659 2596 ›
692 2546 818 2598 Una
840 2541 1019 2610 igitur
1039 2547 1093 2596 et
1114 2542 1325 2598 eadem
1346 2541 1599 2596 habetur
1619 2556 1824 2603 causa,
1848 2555 1953 2594 cur
1971 2537 2151 2594 velari

497 2632 716 2687 debeat
753 2631 872 2694 illa,
908 2629 1022 2684 iste
1055 2646 1175 2685 non
1215 2630 1376 2686 item.
1408 2631 1554 2694 Imo,
1587 2644 1647 2683 re
1679 2633 1984 2700 perspecta
2015 2626 2149 2683 dili-

497 2725 724 2792 genter,
757 2722 1071 2778 haud.ista
1100 2719 1296 2776 subire
1336 2734 1532 2775 causae
1560 2718 1847 2776 rationem
1878 2717 2146 2783 dabunt;

492 2812 906 2868 refutationem
938 2828 1074 2868 vero
1113 2816 1169 2866 et
1190 2807 1572 2879 negationem
1594 2807 1894 2863 continere
1919 2821 2147 2876 eorum,

493 2901 595 2972 qui
627 2906 914 2958 statutum
951 2902 1284 2973 vituperare
1317 2897 1548 2961 volunt,
1587 2900 1645 2954 et
1675 2897 1844 2969 paria
1875 2895 2151 2954 mulieres

493 3006 632 3046 cum
673 2990 813 3046 viris
851 2991 1121 3048 factitare
1162 2988 1382 3052 volunt,
1424 2994 1733 3059 propterea
1767 2985 1932 3059 quod
1977 2984 2150 3043 utris-

489 3094 608 3151 que
659 3079 734 3133 sit
766 3085 983 3136 natura
1029 3077 1364 3136 communis
1401 3093 1414 3133 :
1451 3076 1553 3132 sed
1587 3076 1710 3130 sive
1763 3090 2007 3130 causam
2066 3074 2152 3129 in-

489 3168 726 3236 ducant,
756 3185 860 3225 seu
889 3168 1370 3238 redargutionem
1395 3165 1721 3221 tollentium
1744 3163 2001 3230 illorum,
2022 3163 2151 3220 haec

489 3262 688 3313 tamen
710 3274 779 3313 eo
807 3274 985 3314 sensu
1011 3258 1303 3314 dicuntur.
1335 3253 1698 3311 Sententiam
1725 3253 1972 3308 alteram
1994 3252 2149 3308 hanc

489 3351 757 3402 statuunt
790 3365 802 3398 :
830 3347 1050 3402 Natura
1082 3351 1197 3401 stat
1236 3349 1299 3399 ut
1325 3343 1532 3400 mulier
1564 3342 1634 3397 sit
1671 3341 1940 3412 subjecta
1969 3341 2098 3398 viro
2127 3360 2145 3414 ;

488 3449 627 3488 nam
655 3434 858 3489 abillo
889 3433 1179 3503 originem
1221 3438 1380 3489 ortus
1405 3431 1497 3486 sui
1543 3447 1612 3486 ea
1655 3430 1903 3485 derivat.
1954 3431 2147 3487 Multis

488 3522 731 3596 quidem
753 3523 884 3578 aliis
907 3523 1206 3595 imperitat
1231 3523 1320 3576 vir
1356 3539 1367 3575 :
1395 3519 1854 3575 illustrissimum
1886 3519 2014 3590 ejus
2037 3521 2150 3575 im-

488 3613 720 3683 perium
755 3619 810 3668 et
850 3618 1113 3684 potestas
1153 3609 1374 3667 eximia
1422 3614 1507 3664 est
1551 3609 1610 3663 in
1651 3607 1984 3665 mulierem.
2030 3612 2148 3665 l-loc

489 3716 670 3756 sensu
692 3700 912 3756 dicitur
939 3717 952 3756 :
987 3701 1133 3755 «Viri
1153 3699 1344 3772 gloria
1369 3697 1580 3753 mulier
1607 3703 1711 3752 est.
1760 3719 1780 3746 ι
1827 3699 1971 3754 Cum
2004 3714 2147 3769 ergo

488 3788 859 3861 principatus
905 3789 1009 3843 viri
1041 3804 1193 3860 apex
1251 3787 1459 3842 mulier
1502 3785 1595 3853 sit,
1642 3785 1898 3842 debitrix
1946 3793 2038 3842 est
2077 3805 2146 3844 ea

484 3877 700 3946 facere,
728 3894 1104 3950 quaecunque
1132 3877 1347 3942 virum,
1376 3881 1440 3931 ut
1457 3875 1808 3948 principem,
1831 3877 2142 3933 honorent.

487 3965 685 4023 Faciet
713 3973 912 4023 autem
941 3967 1173 4023 habens
1213 3969 1558 4038 potestatem
1593 3964 1777 4037 ipsius
1820 3982 1999 4036 super
2047 3983 2148 4022 ca-

486 4061 610 4128 put,
640 4064 695 4112 et
736 4057 1049 4112 declarans
1087 4055 1539 4128 subjectionem,
1581 4054 1642 4109 in
1686 4071 1752 4110 eo
1796 4055 1960 4128 quod
2009 4072 2147 4128 pro-

485 4146 684 4218 prium
705 4151 886 4218 caput
915 4146 1083 4210 velet,
1113 4146 1280 4201 illum
1308 4149 1510 4201 autem
1541 4149 1771 4215 reputet
1794 4145 1921 4216 ejus
1942 4151 2141 4218 caput,

485 4241 541 4290 et
578 4236 638 4290 in
665 4251 801 4290 eum
834 4235 1185 4290 omnimodo
1217 4240 1507 4306 tanquam
1550 4239 1748 4305 caput,
1791 4234 2138 4292 relationem

484 4323 736 4379 habens.
771 4323 1093 4395 [mpudens
1114 4328 1266 4378 certe
1289 4330 1344 4377 et
1374 4323 1674 4392 ingratum
1705 4338 1858 4394 opus
1885 4328 1990 4389 est,
2019 4339 2140 4378 non

1725 273 1959 332 PHOTll
2017 272 2268 331 PATRIA
2279 273 2492 336 RCHE
2529 274 2643 336 ΟΡ.

2192 402 2236 454 Α
2270 401 2382 466 λῆν,
2442 402 2546 474 οὐχ
2606 405 2672 464 ὡς
2722 406 2779 456 τό
2832 407 3113 477 πρόχειρον
3166 408 3265 454 τῶν
3320 401 3566 476 ῥημάτων
3620 411 3752 458 νοεῖν
3797 404 3877 460 δί-

2273 488 2454 558 δωσιν,
2517 493 2650 544 οὕτω
2710 499 2797 544 νῦν
2851 494 2875 543 ὁ
2941 494 3212 552 θεσπέσιος
3240 492 3440 553 Παῦλος
3491 491 3744 564 ἐξείληφε.
3783 502 3880 549 Καὶ

2269 582 2391 652 γὰρ,
2462 580 2701 644 ἐξουσίαν
2773 584 2935 652 ἔχειν,
2988 580 3275 651 ἀκούοντες,
3333 585 3389 634 τό
3451 582 3877 644 κατεξουσιάζειν

2270 675 2359 724 καὶ
2400 674 2650 746 κυριεύειν
2700 675 2828 732 ἴσως
2881 674 3012 736 τινες
3064 670 3400 733 ἐξακούουσιν
3436 687 3447 699 ⁸
3483 671 3635 732 αὑτός
3669 669 3729 725 δὲ
3768 681 3877 742 νύν,

2270 757 2505 820 ἐξουσίαν
2552 762 2713 831 ἔχειν,
2765 765 2895 832 φησι
2940 764 3026 818 τὴν
3083 768 3328 830 γυναῖκα,
3388 763 3445 812 τό
3500 761 3587 814 ὑπ’
3638 759 3876 825 ἐξουσίαν

2269 849 2550 901 τάττεσθαι
2609 854 2698 901 καὶ
2749 848 2922 905 τελεῖν.
2980 853 3077 902 Καὶ
3150 849 3230 900 ἱνα
3293 854 3605 924 σαφέστερον
3662 854 3878 921 γένηται

2268 940 2326 990 τὸ
2382 936 2669 1010 λεγόμενον,
2727 943 2816 992 καὶ
2864 948 2962 990 τῶν
3021 938 3183 992 ἄλλων
3231 940 3286 991 αἰ
3315 938 3506 1008 λύσεις,
3536 939 3571 992 ἆ
3603 959 3688 992 σοι
3742 945 3877 996 κατά

2267 1029 2326 1079 τὸ
2387 1026 2512 1078 αύτὸ
2569 1031 2767 1105 χωρίον
2835 1024 3277 1099 συνὸιηπόρηται,
3333 1028 3516 1102 ῥητέον
3574 1027 3805 1086 ἐντεῦθεν
3861 1049 3872 1060 ·

2268 1118 2399 1177 Τοὺς
2419 1112 2617 1188 ἄνδρας
2646 1117 2670 1168 ὁ
2702 1124 2796 1180 τῆς
2827 1117 3129 1190 οἰκουμένης
3181 1113 3505 1180 διδάσκαλος
3550 1117 3881 1181 ἀκαλύπτους

2269 1207 2410 1274 ἔχειν
2459 1208 2550 1266 τὰς
2598 1205 2818 1277 κεφαλὰς
2876 1205 2922 1257 ἐν
2972 1214 3042 1276 τῷ
3095 1209 3433 1279 προφητεύειν
3483 1227 3536 1260 τε
3583 1212 3674 1259 καὶ.
3715 1227 3878 1282 προσ·-

2271 1296 2524 1365 εύχεσθαι
2571 1290 2939 1360 διατάσσεται,
2999 1298 3090 1358 τὰς
3140 1302 3390 1366 γυναῖκας
3451 1293 3510 1349 δὲ
3553 1297 3880 1368 κεκαλυμμέ-

2270 1402 2379 1442 νας.
2439 1387 2537 1436 Καὶ
2588 1386 2797 1442 τίθησιν
2847 1384 3018 1446 αἰτίας
3072 1380 3146 1436 δι’
3193 1383 3249 1444 ἃς
3286 1392 3438 1438 τοῦτο
3470 1384 3878 1458 παρακελεύεται

2273 1469 2456 1535 διττάς
2488 1489 2500 1502 ·
2537 1494 2563 1522 ‹‹
2595 1471 2653 1524 Ὀ
2684 1471 2834 1546 ἀνὴρ,
2897 1478 3045 1544 φησὶ,
3095 1478 3320 1547 κείρεται
3365 1478 3458 1534 τὴν
3511 1473 3736 1546 κεφαλὴν
3790 1481 3877 1527 καὶ

2271 1563 2490 1635 ζυράται
2514 1580 2524 1590 ·
2562 1584 2589 1611 ››
2629 1567 2840 1633 γυναικὶ
2889 1558 2947 1614 δὲ
2998 1558 3112 1614 οὐδ’
3158 1563 3324 1635 ἕτερον
3372 1565 3565 1616 τούτων
3602 1570 3768 1616 ποιεῖν
3801 1566 3877 1618 θε-

2269 1671 2378 1723 μις.
2426 1651 2604 1712 Ούτως
2636 1648 2721 1704 οὖν
2775 1651 2818 1704 εἰ
2864 1657 2953 1702 καὶ
3007 1653 3031 1703 ό
3090 1650 3217 1724 ἀνὴρ
3287 1651 3579 1706 ἀκάλυπτον
3626 1656 3747 1724 ἔχοι
3784 1657 3876 1712 τὴν

2205 1739 2514 1825 Βκεφαλην,
2557 1738 2662 1792 ἀλλ’
2716 1743 2888 1792 οὐκέτι
2935 1745 3023 1792 καὶ
3074 1745 3284 1812 γυναικὶ
3331 1740 3629 1813 τολμητέον.
3679 1741 3739 1794 Ὀ

2268 1830 2388 1902 γὰρ,
2437 1830 2519 1882 ἵνα
2568 1833 2640 1900 μὴ
2695 1833 2888 1887 ταύτην
2942 1830 3197 1901 αἰσχύνη,
3254 1829 3493 1902 φυλάττει
3542 1829 3868 1890 ἀκάλυπτον,

2269 1917 2344 1970 Ού
2393 1920 2490 1991 γὰρ
2539 1917 2688 1989 λόγον
2737 1921 2849 1990 ἔχει
2891 1925 2983 1978 την
3026 1922 3115 1990 μὲν
3156 1924 3343 1990 κόμην,
3374 1919 3432 1977 ἣν
3459 1922 3488 1978 η
3522 1922 3679 1990 φύσις
3713 1916 3878 1973 δίδω-

2269 2027 2370 2072 σιν,
2422 2006 2655 2081 ἀφαιρεῖν
2685 2027 2696 2039 ·
2731 2007 2907 2070 ἔξωθεν
2976 2004 3034 2060 δὲ
3089 2007 3412 2082 περιϐόλαιον
3487 2007 3704 2064 ἐπινοεῖν
3739 2027 3750 2038 ’
3785 2030 3878 2080 7U-

2265 2100 2402 2148 vauxi
2457 2093 2515 2150 δὲ
2571 2101 2726 2170 χρέος
2770 2101 2826 2150 τό
2881 2096 3129 2168 κάλυμμα
3161 2112 3174 2128 ⁶
3222 2100 3568 2169 καταισχύνει
3625 2101 3729 2172 γὰρ
3784 2105 3874 2157 τῆν

2263 2185 2485 2257 κεφαλὴν
2539 2186 2719 2250 αὐτῆς,
2776 2189 2947 2258 ὥσπερ
3008 2185 3270 2260 ξυρωμένη
3331 2206 3384 2239 τε
3442 2192 3530 2239 καὶ
3573 2191 3872 2263 κειραμένη,

2265 2274 2398 2326 οὕτω
2432 2271 2498 2333 δὴ
2537 2280 2624 2328 καὶ
2673 2279 2743 2347 μὴ
2801 2275 3181 2346 καλυπτομένη.
3215 2275 3276 2329 Εἰ
3317 2278 3418 2350 γὰρ
3468 2280 3558 2328 καὶ
3604 2280 3662 2330 τό
3705 2280 3797 2348 μεν
3842 2279 3870 2335 η

2262 2366 2419 2434 φύσις
2471 2362 2851 2436 προϐάλλεται·
2894 2367 2952 2418 τὸ
2999 2360 3076 2428 δὲ,
3129 2365 3159 2421 ἡ
3216 2370 3431 2435 σώφρων
3483 2361 3647 2425 αἰδώς
3702 2384 3714 2396 ο
3765 2364 3874 2417 ἀλλ’

2261 2449 2347 2504 οὖν
2400 2455 2554 2525 ἄμφω
2603 2453 2826 2525 κεφαλῆς
2874 2453 3218 2524 περιϐόλαιαο
3253 2459 3342 2508 καὶ
3395 2455 3566 2527 ὥσπερ
3618 2456 3645 2511 ἡ
3689 2453 3870 2527 ἐξυρη·

2257 2547 2384 2614 μένη
2444 2546 2502 2596 τό
2557 2547 2774 2614 φυσικόν
2833 2542 3041 2596 ἀπέθετο
3103 2542 3450 2616 περιϐόλαιον,
3506 2544 3640 2595 οὑτω
3695 2549 3788 2595 καὶ
3839 2544 3868 2600 ἡ

2263 2631 2552 2693 ἀκάλυπτος
2613 2641 2703 2694 τῆς
2757 2639 3018 2704 σώφρονος
3073 2629 3254 2693 αἰὸοὑς
3306 2632 3523 2707 περιεῖλε
3569 2637 3626 2685 τό
3680 2631 3872 2703 ἀμφία-

2264 2741 2392 2794 σμα,
2443 2726 2526 2774 καὶ
2580 2727 2781 2793 γίνεται
2827 2725 2962 2776 κατά
2992 2732 3144 2776 τουτο
3200 2727 3387 2777 ταυτὸν
3436 2730 3497 2793 τῇ
3556 2720 3866 2796 ᾆξυρημένη.

2261 2815 2372 2866 Μία
2423 2814 2512 2882 μὲν
2563 2807 2649 2864 οὖν
2698 2811 2844 2864 αἰτία
2899 2820 2989 2864 τοῦ
3047 2817 3135 2870 την
3189 2816 3277 2882 μὲν
3325 2808 3433 2864 δεῖν
3481 2810 3871 2868 κατακαλύπτε-

2265 2902 2408 2966 σθαι,
2465 2904 2552 2951 τόν
2602 2897 2661 2952 δὲ
2699 2906 2906 2972 μηκέτι,
2967 2903 3119 2960 αῦτη.
3174 2901 3375 2954 Μαλλόν
3427 2896 3485 2952 δέ
3533 2919 3609 2961 τις
3640 2899 3870 2974 ἀκριϐῶς

2262 2987 2577 3054 ἐπισκοπῶν,
2635 2985 2757 3042 οὐδὲ
2809 2991 2977 3051 αἰτίας
3032 2987 3288 3043 ἀπόδοσιν
3342 2990 3441 3066 ἐρεῖ
3482 2997 3651 3041 ταυτα
3682 3005 3696 3018 ·
3752 2988 3870 3042 ἀνα-

2187 3127 2227 3182 C
2260 3083 2450 3151 τροπὴν
2503 3075 2688 3132 δὲκαὶ
2746 3078 3008 3152 ἀναίρεσιν
3057 3089 3156 3132 τῶν
3237 3079 3510 3132 αἰτιᾶσθαι
3569 3082 3664 3136 τὴν
3720 3097 3869 3150 νομο-

2266 3169 2288 3182 η
2368 3172 2377 3182 ,
2500 3165 2511 3181 ,
2746 3170 2755 3182 .
3041 3173 3050 3182 .
3156 3172 3164 3181 .
3288 3168 3358 3182 ..
3498 3175 3513 3182 -
3619 3167 3631 3178 .
3691 3164 3712 3182 ε.
3774 3171 3782 3181 ,

2263 3169 2438 3220 θεσίαν
2492 3165 2914 3243 ἐπιχειρούντων,
2969 3173 3059 3221 καὶ
3112 3172 3177 3221 τά
3238 3168 3373 3222 αύτά
3436 3175 3544 3233 τοῖς
3611 3164 3870 3240 ἀνδράσιν

2261 3254 2538 3319 ἀξιούντων
2613 3261 2702 3308 καὶ
2770 3257 2818 3308 ἐν
2879 3261 3085 3320 τούτοις
3153 3259 3392 3331 πράττειν
3466 3260 3556 3319 τὰς
3614 3267 3870 3328 γυναῖκας

2263 3341 2354 3397 διὰ
2382 3350 2476 3404 τὴν
2520 3350 2786 3397 κοινωνίαν
2834 3355 2931 3408 τῆς
2983 3350 3202 3420 φύσεως.
3256 3346 3390 3398 Ἀλλ’
3424 3349 3523 3398 εἴτε
3572 3345 3741 3415 αἰτία,
3774 3349 3870 3398 εἴτε

2259 3443 2357 3486 τῶν
2416 3434 2726 3507 αἰτιωμένων
2785 3435 3018 3507 ἔλεγχος,
3081 3439 3295 3494 τοιαύτη
3346 3435 3405 3487 ἂν
3454 3437 3483 3494 ἡ
3519 3431 3735 3487 διάνοια
3769 3438 3867 3492 εἴη.

2261 3528 2508 3598 Δευτέραν
2558 3521 2616 3575 δὲ
2668 3526 2852 3582 τίθησι
2895 3528 3141 3582 τοιαύτην
3186 3545 3198 3557 ο
3237 3525 3293 3578 Ἦ
3339 3529 3489 3596 γυνὴ,
3544 3530 3699 3596 φησὶ,
3770 3526 3871 3576 ύπό

2259 3618 2351 3670 τὴν
2394 3611 2630 3675 ἐξουσίαν
2679 3618 2870 3685 πέφυκε
2901 3612 3055 3666 τελεῖν
3087 3622 3176 3666 τοῦ
3217 3610 3408 3687 ἀνδρὸς
3434 3633 3446 3645 ·
3479 3612 3531 3676 ἐξ
3561 3615 3726 3665 αὑτοῦ
3769 3617 3869 3687 γὰρ

2258 3705 2388 3773 ἔσχε
2443 3705 2578 3754 κατὰ
2628 3708 2839 3776 πρωτας
2891 3706 2979 3763 τὰς
3029 3706 3332 3776 σωματικὰς
3391 3701 3567 3775 ἀρχὰς
3611 3712 3710 3764 τῆς
3738 3708 3872 3774 γενέ-

2262 3810 2390 3852 σεως
2421 3808 2432 3820 ·
2461 3796 2550 3842 καὶ
2603 3791 2800 3843 πολλῶν
2839 3794 2929 3864 μὲν
2973 3791 3264 3854 ἐξουσιάζει
3308 3798 3396 3844 καὶ
3425 3792 3588 3844 ἄλλων
3628 3794 3654 3843 ὁ
3688 3792 3818 3867 ἀνήρ
3853 3809 3868 3822 ⁸

2258 3882 2315 3930 τό
2376 3875 2433 3931 δὲ
2487 3875 2812 3952 ἐνδοξότερον
2867 3880 3027 3932 αὑτοῦ
3083 3886 3170 3932 καὶ
3223 3888 3520 3954 τιμιώτερον
3574 3889 3672 3944 τῆς
3731 3881 3871 3944 ἐξου⁶

2261 3973 2375 4028 σίας
2401 3973 2489 4020 καὶ
2517 3967 2711 4042 ἀρχῆς,
2745 3971 2774 4027 ἡ
2810 3975 2938 4041 γυνη
2973 3968 3105 4022 ἐστι.
3147 3978 3307 4024 Τοῦτο
3328 3974 3428 4045 γὰρ
3454 3971 3583 4044 λέγει
3617 3988 3629 4000 '
3667 3990 3696 4021 «
3735 3977 3866 4031 Γυνὴ

2260 4054 2317 4109 δὲ
2368 4053 2499 4118 δόξα
2527 4055 2719 4130 ἀνδρὸς
2767 4057 2927 4111 ἔστιν.
2971 4080 2997 4111 »
3031 4061 3176 4112 Ἐπεὶ
3202 4057 3288 4113 οὖν
3320 4064 3377 4112 τὸ
3423 4057 3754 4135 ἐνδοξότερον
3782 4067 3869 4113 καὶ

2257 4140 2629 4219 ἐπισημότερον
2672 4155 2769 4208 τῆς
2811 4157 2902 4200 τοῦ
2951 4145 3140 4220 ἀνδρὸς
3180 4149 3356 4224 ἀρχῆς
3386 4152 3414 4208 ἡ
3448 4155 3576 4222 γυνή
3626 4150 3759 4217 ἔστι,
3793 4170 3870 4202 κε-

2255 4241 2590 4309 χρεωστηκεν
2648 4237 2749 4288 ὅσα
2823 4246 3067 4309 τιμῶσιν,
3146 4240 3209 4299 ὡς
3283 4238 3479 4312 ἀρχὴν,
3553 4244 3641 4291 τόν
3703 4237 3871 4314 ἄνδρα

2253 4326 2516 4397 πράττειν.
2573 4327 2801 4398 Πράττοι
2843 4323 2892 4378 δ’
2941 4325 3000 4378 ἃν
3045 4330 3250 4399 ἔχουσα
3299 4333 3391 4385 τὴν
3437 4327 3681 4390 ἐξουσίαν
3713 4329 3870 4382 αὑτοῦ

487 4428 812 4482 agnoscere
841 4412 1005 4467 illum
1048 4411 1405 4484 principium
1448 4416 1505 4466 et
1536 4427 1780 4467 causam
1828 4429 1950 4467 suae
1995 4411 2143 4468 exsi-

2259 4412 2338 4465 ἐπὶ
2383 4413 2628 4485 κεφαλῆς,
2684 4420 2772 4467 καὶ
2826 4413 3165 4469 ἐπιδεικνὺσα
3219 4422 3311 4476 τὴν
3368 4419 3635 4489 ὑποταγὴν
3691 4418 3741 4470 ἐν
3798 4427 3869 4490 τῷ

489 4503 734 4568 stentiae,
768 4507 825 4558 et
855 4509 917 4558 ut
959 4502 1206 4574 principi
1243 4502 1537 4557 honorem
1567 4502 1826 4557 tribuere
1857 4518 1869 4558 :
1913 4503 1960 4557 si
2000 4501 2145 4558 nihil

488 4591 670 4657 aliud,
704 4608 832 4664 qua:
859 4591 1045 4648 multa
1075 4597 1230 4658 sunt,
1263 4591 1565 4659 recogitet,
1600 4591 1647 4644 si
1698 4589 2016 4646 dectractet
2036 4590 2145 4645 viri

488 4681 546 4736 in
579 4697 641 4736 se
679 4681 1020 4752 imperium,
1063 4687 1117 4736 et
1166 4697 1338 4735 suam
1385 4680 1832 4750 subjectionem.
1889 4682 1963 4734 At
2003 4695 2144 4737 vero

487 4769 752 4839 angelos,
784 4769 992 4842 inquit,
1027 4775 1202 4826 testes
1230 4786 1354 4824 sua:
1381 4787 1412 4823 a
1435 4770 1555 4823 viro
1595 4768 1857 4840 originis,
1901 4785 2146 4841 aequum

488 4864 574 4914 est
605 4865 668 4914 ut
693 4865 918 4914 metuat
955 4876 1024 4915 ac
1055 4864 1408 4922 revereatur,
1452 4862 1508 4913 et
1546 4863 1787 4930 propter
1823 4858 1953 4914 illos
1994 4858 2148 4915 vela-

489 4953 759 5004 mentum
781 4947 986 5020 capitis
1005 4952 1232 5017 gestare
1254 4948 1313 5002 in
1338 4947 1575 5017 signum
1599 4963 1721 5003 suae
1739 4947 2143 5019 subjectionis,

490 5039 638 5092 Nam
668 5034 783 5090 hoc
813 5037 1118 5092 declarant
1145 5036 1243 5092 illa
1281 5054 1293 5092 :
1338 5058 1366 5087 «
1409 5035 1696 5105 Quocirca
1736 5037 1907 5092 debet
1938 5037 2148 5094 mulier

490 5129 840 5197 potestatem
863 5126 1085 5181 habere
1118 5127 1176 5182 in
1219 5126 1431 5198 capite,
1466 5133 1706 5199 propter
1731 5126 1978 5197 angelos
2011 5147 2037 5178 »
2081 5131 2150 5184 At

489 5230 612 5270 non
645 5213 892 5287 perinde
924 5217 1012 5271 vir
1041 5215 1254 5272 eadem
1280 5215 1408 5286 lege
1459 5215 1849 5287 subjectionis
1882 5221 2143 5273 tenetur:

489 5319 611 5360 non
643 5310 729 5360 est
749 5321 902 5376 opus
934 5306 1074 5375 ergo
1099 5310 1160 5359 ut
1181 5309 1359 5375 caput
1388 5308 1565 5373 tegat.
1600 5305 1724 5359 Imo
1762 5321 1923 5370 vero,
1959 5304 2151 5376 inquit

490 5395 644 5466 quis,
676 5411 781 5449 cur
809 5394 914 5458 vir,
948 5393 1052 5466 qui
1084 5401 1267 5465 caput
1306 5409 1485 5448 suum
1521 5393 1821 5449 Christum
1859 5394 2061 5461 habet,
2095 5399 2151 5452 et

492 5499 630 5538 cum
679 5483 755 5538 sit
793 5482 927 5554 ejus
979 5482 1350 5554 principatus
1401 5497 1536 5554 pars
1585 5482 2012 5552 gloriosissima
2041 5484 2152 5558 (est

490 5571 649 5627 enim
679 5570 771 5627 vir
825 5571 1029 5641 imago
1074 5575 1128 5626 et
1159 5571 1346 5643 gloria
1378 5571 1498 5634 Dei,
1542 5575 1604 5628 ut
1632 5576 1687 5628 et
1725 5573 1936 5629 mulier
1963 5574 2150 5644 ipsius

2254 4501 2528 4554 καλύπτειν
2586 4506 2676 4576 μὲν
2731 4509 2824 4564 τῆν
2877 4502 3016 4557 ἰδίαν
3049 4526 3060 4538 ·
3093 4509 3279 4559 ἐκεῖνον
3331 4503 3391 4560 δὲ
3423 4507 3649 4579 κεφαλὴν
3708 4509 3868 4569 αὐτῆς

2259 4595 2506 4664 νομίζειν,
2563 4598 2654 4645 καὶ
2698 4593 2769 4656 εἰς
2827 4593 3011 4647 ἐκεῖνον
3055 4595 3176 4654 ὅλην
3235 4596 3420 4655 ἑαυτὴν
3475 4599 3539 4657 ὡς
3589 4597 3664 4658 εἰς
3718 4617 3870 4670 κεφα-

2259 4681 2353 4740 λὴν
2399 4681 2753 4756 ἀναφέρουσαν
2812 4683 3130 4744 ἀνατιθέναι,
3187 4686 3565 4758 Ἀναίσχυντον
3617 4691 3721 4761 γὰρ
3784 4695 3870 4739 καὶ

2263 4771 2578 4845 ἀχάριστον,
2631 4777 2702 4845 μὴ
2750 4773 2876 4846 ούχὶ
2922 4783 3100 4827 τοῦτον
3133 4773 3308 4850 ἀρχὴν
3341 4781 3426 4828 καὶ
3467 4781 3750 4849 παραίτιον
3785 4785 3871 4837 τῆς

2258 4861 2527 4934 ὑπάρξεως
2574 4858 2786 4929 εἰδέναι,
2819 4869 2907 4917 καὶ
2964 4869 3051 4923 τὴν
3102 4865 3331 4939 ἀρχικήν
3374 4870 3526 4938 τιμὴν
3574 4865 3867 4939 ἀπονέμειν.

2261 4950 2318 5003 Εἰ
2373 4954 2473 5026 γὰρ
2529 4956 2618 5004 καὶ
2670 4950 2836 5023 μηδὲν
2899 4954 3086 5029 ἕτερον,
3139 4955 3334 5008 πολλῶν
3383 4960 3555 5020 ὄντων,
3621 4956 3872 5028 ὑπολογί-

2262 5040 2427 5109 ζοιτο,
2467 5038 2607 5112 μηδέ
2648 5041 3118 5118 τινας¹ἀνθρώπων
3173 5046 3481 5117 αἰσχύνοιτο
3539 5050 3635 5104 τὴν
3697 5045 3868 5119 ἀρχὴν

3590 5134 3720 5187 ἀλλά
3757 5140 3869 5195 τοὺς

2261 5225 2382 5289 γοῦν
2433 5216 2701 5290 ἀγγέλους,
2750 5227 2928 5293 φησὶν,
2980 5221 3026 5274 οἱ
3075 5222 3293 5276 ἐπόπται
3340 5229 3425 5276 καὶ
3478 5226 3741 5298 μάρτυρές
3769 5225 3867 5276 εἰσι

2263 5315 2355 5369 τῆς
2406 5306 2458 5370 ἐξ
2504 5305 2695 5382 ἀνδρὸς
2743 5315 2987 5382 γενέσεως
3035 5313 3195 5375 αὐτῆς
3245 5319 3333 5365 καὶ
3383 5311 3637 5386 προόδου,
3687 5311 3869 5366 δίκαια

2263 5396 2322 5448 ἂν
2355 5401 2430 5455 ειη
2484 5395 2851 5452 δυσωπεῖσθαι
2895 5406 2986 5456 καὶ
3039 5402 3405 5475 αἰσχύνεσθαι,
3459 5405 3780 5459 ὑπόκεισθαί
3819 5422 3868 5456 τε

2263 5483 2357 5540 διὰ
2385 5495 2537 5541 τοῦτο
2575 5497 2648 5561 τῷ
2703 5486 2879 5566 ἀνδρὶ,
2935 5496 3024 5543 καὶ
3072 5500 3168 5555 τῆς
3210 5495 3477 5566 ὑποταγῆς
3523 5493 3783 5567 σύμϐολα,
3813 5499 3866 5547 τό

2261 5579 2343 5628 ἐπὶ
2397 5585 2490 5640 τῆς
2547 5578 2773 5653 κεφαλῆς
2823 5580 3070 5656 κάλυμμα
3140 5586 3324 5658 φέρειν.
3380 5590 3544 5637 Τοῦτο
3597 5586 3697 5660 γὰρ
3749 5581 3866 5642 ἐδή-

2263 5129 2444 5196 αύτοῡ,
2493 5135 2582 5182 καὶ
2623 5134 2679 5183 τὸ
2725 5134 3085 5206 ὑποτετάχθαι
3113 5139 3499 5209 παραιτουμένη
3533 5155 3545 5166 ·
