3906 6186
471 324 577 384 641

1690 312 1931 370 ΡΗΟΤΙΙ
1972 308 2455 368 ΡΑΤΒΙΑΒΟΗᾹΞ
2492 310 2599 366 CP.

3732 306 3837 359 648

444 423 667 506 ἐει-νει
697 449 755 502 in
786 444 1109 501 dividendo
1140 445 1565 512 congruentem
1597 440 1810 510 legem.
1859 438 1971 505 Qui
2000 438 2122 495 sine

2234 444 2358 489 ε).εἰν
2403 434 2588 510 ὀρθῶς,
2627 436 2710 486 τὸν
2754 438 2825 506 μὴ
2860 439 3119 506 τηροῦντα
3168 434 3253 483 τὸν
3299 434 3565 506 πρέποντα
3596 438 3656 501 τῇ
3705 426 3815 482 διαι

472 535 932 611 reprehensione
966 537 1081 589 Deo
1113 532 1235 587 vult
1259 531 1491 597 servire,
1545 530 1818 603 inprimis
1855 534 2009 584 recte
2045 529 2123 583 di-

452 627 691 691 ‘videre,
749 629 804 680 et
838 622 1105 679 similiter
1142 627 1292 677 recte
1344 621 1553 676 offerre
1625 620 1817 675 debet.
1866 616 2033 683 Quod
2077 617 2123 672 si

470 732 592 772 una
613 714 861 788 periodo
892 711 1282 768 concludatur
1333 710 1523 777 locus,
1558 708 1898 764 taliusmodi
1927 706 2125 777 subja-

472 805 629 861 cebit
647 802 1055 877 speculationi.
1074 801 1243 868 Quod
1272 800 1318 855 si
1341 814 1461 855 non
1482 815 1665 855 unam
1692 803 1745 853 et
1768 796 2120 869 simplicem,

472 896 577 951 sed
616 895 794 951 veluti
833 909 863 948 e
902 892 1136 948 duabus
1170 894 1535 947 contractam
1577 890 1831 958 figuram
1864 887 1958 941 hic
1989 886 2123 957 quis

472 989 774 1057 agnoscet,
805 988 861 1039 ct
888 984 963 1038 ad
1002 982 1162 1037 hunc
1195 980 1443 1036 modum
1476 978 1781 1051 periodum
1816 974 2127 1031 absolven-

471 1082 611 1143 tem,
640 1078 702 1129 ut
731 1073 947 1145 partim
974 1070 1248 1141 elliptice,
1282 1069 1495 1141 partim
1538 1067 1802 1139 plenarie
1848 1064 2079 1120 dicatur
2108 1079 2122 1129 ;

470 1181 581 1220 nec
618 1164 697 1218 ita
728 1162 815 1216 vis
850 1160 1096 1215 infertur
1139 1158 1388 1224 veritati,
1432 1157 1512 1213 ita
1552 1175 1563 1205 :
1599 1159 1745 1221 Non,
1778 1154 1826 1209 si
1858 1160 2011 1208 recte
2042 1157 2125 1208 at-

472 1253 690 1315 tuleris,
713 1251 941 1306 laudem
982 1247 1386 1321 consequeris,
1442 1245 1559 1301 nisi
1581 1250 1636 1301 et
1678 1249 1832 1299 recte
1885 1258 2123 1314 quoque

450 1340 738 1395 diviseris
773 1355 783 1393 :
820 1354 960 1393 nam
993 1342 1057 1393 ut
1093 1336 1369 1409 pietatem
1413 1335 1741 1407 sapitrecte
1783 1332 2012 1394 offerre,
2044 1332 2124 1387 ita

468 1444 589 1483 non
618 1434 772 1483 recte
798 1426 1065 1482 dividere
1108 1425 1429 1497 impietatis
1465 1428 1697 1480 reatum
1746 1420 1935 1477 aﬂ'ert.
1994 1420 2124 1474 Haec

470 1521 559 1573 est
603 1516 960 1573 constructio
1013 1514 1181 1570 istius
1240 1513 1399 1579 dicti,
1447 1513 1542 1568 hic
1582 1528 1792 1568 sensus
1862 1509 1999 1565 inde
2027 1508 2125 1564 eli-

469 1607 643 1664 citus.

543 1857 752 1909 Verum
788 1852 1047 1917 ulterius,
1083 1874 1109 1900 ‹‹
1144 1854 1298 1906 recte
1324 1850 1537 1908 offerre
1564 1875 1591 1901 ››
1616 1868 1722 1924 per
1764 1867 1825 1908 se
1873 1848 2122 1907 manife-

469 1948 622 1999 stum
653 1947 743 1998 est
775 1959 786 2003 ;
819 1945 1025 1997 «recte
1050 1939 1315 1996 dividere
1347 1940 1913 2010 nindigetulterioris
1934 1938 2121 2011 expli-

467 2032 738 2088 cationis.
770 2031 867 2087 Ille
888 2030 1478 2100 igiturrectedividit,
1508 2031 1611 2102 qui
1638 2031 1799 2086 dona
1819 2045 1941 2086 non
1963 2030 2124 2101 quie-

466 2122 603 2177 libet
635 2124 750 2177 Deo
773 2123 985 2185 sacrat,
1019 2120 1124 2175 sed
1159 2123 1317 2175 recto
1339 2119 1565 2190 judicio
1594 2120 1693 2177 illa
1731 2118 2010 2175 discernit
2053 2132 2123 2172 ac

466 2211 692 2273 dividit,
717 2215 897 2281 atque
927 2209 1199 2279 italonge
1250 2209 1480 2280 optima
1529 2208 1718 2265 offert.
1773 2208 1913 2265 Fieri
1963 2205 2122 2262 enim

465 2315 585 2355 non
627 2303 837 2371 potest,
887 2298 1029 2370 quin
1078 2298 1350 2354 omnium
1381 2297 1876 2369 praestantissima
1903 2300 1957 2350 et
1997 2309 2125 2365 pre-

464 2388 784 2443 tiosissima
822 2388 1179 2458 productori,
1225 2387 1419 2442 datori
1474 2391 1528 2442 et
1570 2402 1765 2441 causa:
1820 2384 2122 2439 universo-

463 2488 591 2525 rum
622 2474 739 2526 Deo
788 2476 1044 2531 debeant
1110 2471 1307 2531 offerri
1353 2476 1407 2525 et
1452 2472 1692 2526 sacrari.
1738 2470 1883 2526 Talis
1937 2468 2122 2523 fuisse

462 2561 707 2614 docetur
731 2558 895 2624 Abel,
920 2560 1122 2613 animo
1152 2573 1297 2628 puro
1328 2563 1384 2613 et
1409 2558 1639 2614 sincero
1664 2561 1849 2613 Deum
1884 2574 2120 2613 amans.

462 2650 742 2702 Narratur
771 2648 845 2702 de
871 2647 984 2717 illo,
1016 2646 1183 2718 quod
1235 2668 1255 2695 ι
1304 2647 1374 2701 de
1422 2647 1827 2717 primogenitis
1874 2653 1930 2702 et
1985 2647 2122 2718 pin-

461 2736 764 2806 guioribus
781 2736 1126 2792 obationem
1168 2735 1330 2806 tulit;
1358 2756 1385 2787 »
1426 2735 1535 2790 hoc
1569 2741 1657 2791 est
1691 2754 1704 2791 :
1750 2734 1846 2790 illa
1883 2751 2019 2807 quae
2058 2735 2121 2790 in

460 2825 831 2896 primogenia
873 2824 1282 2896 productione,
1335 2830 1392 2879 et
1438 2824 1499 2879 in
1551 2840 1622 2880 eo
1653 2824 1818 2896 quod
1870 2824 2122 2896 pinguia

459 2920 631 2969 erant
658 2920 714 2969 et
735 2914 921 2970 altilia
946 2914 1169 2970 caeteris
1197 2913 1568 2986 praestabant
1599 2912 1824 2968 obtulil.
1859 2916 2006 2968 Nam
2047 2912 2123 2967 de

459 3003 797 3069 umentosis,
840 3003 993 3059 bene
1014 3004 1203 3075 pastis
1246 3008 1303 3058 et
1351 3002 1765 3075 pinguefactis,
1816 3007 1873 3058 et
1934 3001 2124 3057 multa

461 3092 774 3149 sedulitate
805 3098 1015 3149 curata
1054 3109 1189 3165 quae
1207 3092 1461 3162 fuerant,
1487 3092 1795 3147 selectiora
1827 3095 1884 3145 et
1899 3089 2125 3161 Optima

459 3182 639 3237 dedit.
672 3184 921 3255 Uterque
952 3183 1131 3239 frater
1157 3183 1421 3238 studium
1450 3182 1511 3237 in
1539 3180 1843 3237 offerendo
1872 3195 1982 3251 par
2018 3179 2127 3235 lia-

456 3270 587 3326 buit
639 3291 653 3325 :
703 3278 763 3327 at
812 3273 1114 3327 dividendi
1151 3278 1208 3328 et
1238 3272 1490 3341 eligendi
1541 3273 1789 3343 optima,
1829 3285 1953 3325 non
1991 3272 2120 3324 erat

458 3373 567 3428 par
598 3360 732 3425 gsed
761 3360 924 3425 Abel,
960 3367 1019 3416 ut
1052 3366 1206 3416 recte
1240 3360 1470 3430 obtulit,
1499 3360 1583 3415 ita
1612 3366 1668 3415 et
1705 3364 1858 3414 recte
1885 3356 2112 3413 divisii:

460 3446 601 3501 Cain
627 3448 717 3502 vel
741 3464 860 3503 non
889 3456 1043 3507 recte
1072 3450 1303 3520 obtulit,
1356 3450 1500 3521 quia
1531 3463 1653 3504 non
1697 3452 1853 3503 recte
1887 3446 2112 3510 divisit,

461 3534 553 3590 vel
599 3537 648 3591 si
700 3538 871 3593 detur
910 3554 1047 3593 eum
1096 3544 1251 3594 recte
1295 3537 1603 3603 obtulisse,
1676 3541 1865 3591 tamen
1900 3535 1960 3589 in
2005 3534 2117 3590 ele-

461 3625 654 3681 ctione
683 3631 739 3682 et
787 3628 1162 3699 separatione
1206 3629 1461 3684 multum
1507 3626 1765 3691 defecit;
1808 3640 1954 3681 nam
1996 3639 2114 3679 non

463 3717 822 3785 praestantia,
878 3717 983 3773 sed
1037 3717 1379 3789 imperfecta
1438 3715 1665 3773 obtulit.
1722 3715 1786 3770 ld
1866 3722 2114 3787 apparet

460 3804 625 3875 quod
654 3805 715 3860 in
742 3828 762 3855 ι
797 3807 927 3877 ejus
957 3807 1246 3863 sacriﬁcia
1275 3810 1428 3862 Deus
1458 3820 1581 3862 non
1610 3804 1887 3877 respexit,
1938 3824 1965 3856 »
2013 3820 2116 3859 nec

459 3892 741 3950 divinitus
766 3895 902 3967 igne
930 3897 1224 3964 immisso,
1271 3901 1336 3951 ut
1376 3894 1573 3951 Abelis
1613 3894 1933 3965 assumpsit
1966 3909 1979 3959 ;
2034 3894 2115 3949 ita

459 3982 617 4039 enim
644 3986 907 4056 produnt
949 3986 1196 4051 factum,
1243 3991 1299 4042 et
1326 3985 1463 4042 inde
1506 3985 1846 4041 convictum
1888 3983 1962 4039 de
1991 3998 2114 4038 non

454 4080 611 4130 recte
636 4074 796 4132 facta
823 4075 1133 4132 divisione.
1162 4082 1350 4149 Atque
1380 4077 1462 4132 ita
1492 4091 1554 4130 se
1601 4073 1797 4145 habet,
1837 4095 1864 4122 ‹‹
1885 4076 2111 4140 Nonne,

458 4166 505 4219 si
526 4171 680 4221 recte
701 4165 1003 4231 obtuleris,
1029 4182 1149 4222 non
1172 4172 1229 4221 et
1254 4171 1410 4222 recte
1436 4165 1729 4234 diviseris,
1749 4164 2008 4235 peccasti
2035 4162 2063 4216 ?
2082 4181 2108 4213 »

457 4255 629 4319 Quod
660 4254 926 4327 sequitur
956 4269 971 4310 :
1007 4256 1265 4322 Quiesce,
1296 4254 1473 4327 quasi
1502 4240 1721 4310 diceret
1753 4253 1830 4309 ad
1864 4268 2119 4325 peccan.

455 4350 595 4406 tem,
622 4346 709 4401 Sis
739 4345 905 4417 apud
931 4350 982 4401 te
1015 4344 1210 4401 solum
1260 4346 1510 4416 quietus,
1554 4350 1610 4399 et
1631 4343 1945 4413 diligenter
1975 4358 2111 4398 con-

454 4434 650 4490 sidera
689 4434 1119 4491 absurditatem
1152 4436 1289 4490 facti
1340 4434 1421 4489 tui
1446 4438 1502 4490 et
1552 4449 1657 4505 per
1697 4432 2110 4505 paenitentiam

454 4530 698 4594 peccato
734 4523 972 4579 veniam
1012 4524 1274 4595 acquire.
1326 4523 1436 4578 Per
1470 4522 1731 4595 quietem
1774 4526 1830 4576 et
1868 4520 2108 4576 sedatas

454 4614 764 4684 passiones
806 4612 1035 4669 facilius
1090 4614 1152 4668 id
1199 4619 1253 4668 et
1294 4612 1649 4668 discernitur
1694 4616 1747 4667 et
1786 4610 2103 4681 judicatur,

454 4703 617 4775 quod
658 4702 1128 4774 praetermissum
1159 4702 1285 4758 fuit.
1320 4701 1431 4758 Sed
1473 4709 1528 4757 et
1567 4702 1714 4757 forte
1744 4700 1975 4756 volebat
2019 4716 2108 4755 re-

452 4792 707 4862 primere
723 4790 879 4846 illius
910 4792 1222 4863 impetum,
1247 4807 1364 4862 quo
1396 4791 1489 4847 ille
1517 4792 1721 4846 misere
1764 4790 2060 4846 ferebatur
2086 4806 2101 4847 :

453 4900 483 4931 ‹‹
512 4881 785 4945 Peccasti,
822 4879 1033 4952 inquit,
1080 4881 1320 4953 quiesce
1353 4897 1364 4935 :
1399 4902 1423 4932 »
1457 4896 1531 4936 ne
1561 4882 1621 4936 in
1648 4880 1889 4951 justitiae
1932 4895 2105 4935 accu-

452 4966 645 5021 mules
669 4967 871 5023 aliam:
896 4968 1198 5025 insaniam
1218 4970 1279 5025 in
1298 4984 1392 5024 me
1410 4973 1575 5026 tuam
1605 4968 2098 5034 circumscribito,

450 5054 769 5112 afraterno
797 5058 1090 5127 sanguine
1128 5064 1424 5115 etmanus
1469 5064 1525 5115 et
1574 5062 1832 5114 mentem
1887 5060 2103 5114 immu-

450 5159 557 5199 nes
583 5149 825 5215 prtesta.
855 5151 926 5201 At
954 5146 1141 5203 illud:
1179 5168 1203 5199 α
1232 5148 1320 5203 Ad
1352 5152 1409 5203 te
1448 5146 1556 5205 erit
1593 5148 1903 5205 conversio
1946 5148 2096 5219 ejus,

446 5239 507 5290 et
532 5239 592 5290 tu
622 5233 709 5288 illi
739 5234 1155 5302 dominaberis,
1186 5254 1216 5293 »
1248 5238 1339 5294 vel
1369 5237 1443 5294 de
1492 5237 1694 5295 oblato
1724 5252 1968 5293 munere
2013 5237 2099 5293 di—

449 5325 618 5390 citur,
658 5324 832 5396 quasi
860 5323 1050 5396 vellet,
1084 5325 1403 5398 indignum
1446 5332 1538 5384 est
1586 5329 1751 5400 quod
1783 5343 1894 5403 ego
1934 5343 2098 5384 acce-

448 5420 631 5486 ptem,
660 5412 940 5484 quocirca
966 5428 1244 5471 aversum
1271 5422 1361 5473 est
1389 5422 1465 5474 ad
1498 5424 1571 5484 te,
1602 5426 1657 5474 et
1686 5423 1749 5474 tu
1803 5418 1959 5474 illius
1996 5417 2096 5474 do-

444 5504 645 5559 minus
670 5502 1001 5559 etiamnum
1029 5504 1163 5570 eris,
1192 5510 1256 5561 ut
1305 5506 1483 5571 fuisti,
1525 5507 1872 5580 priusquam
1924 5508 2095 5565 offer-

444 5595 602 5650 retur
658 5605 677 5653 :
720 5592 832 5660 vel,
884 5608 1007 5651 non
1040 5593 1206 5666 quod
1258 5594 1637 5662 offerebatur,
1696 5597 1803 5653 sed
1857 5598 1917 5653 in
1972 5599 2096 5670 q'uo

2233 531 2372 600 ρέσει
2432 528 2641 596 θεσμόν.
2703 531 2786 577 Δεῖ
2843 520 2902 575 δὲ
2978 526 3063 574 τὸν
3136 522 3479 592 ἀνεπιμώμως
3530 526 3640 579 τοῖς
3693 521 3835 578 θείοις

2233 616 2660 689 ὑπηρετούμενον,
2752 612 2917 687 ὀρθῶς
3000 630 3053 663 τε
3128 607 3436 683 προδιελεῖν,
3516 615 3607 660 καὶ
3684 608 3836 679 ὀρθῶς

2234 706 2419 776 ὁμοίως
2470 710 2846 777 προσενεγκεῖν.
2898 700 3033 755 Ἀλλ’
3086 700 3129 751 εἰ
3184 704 3272 771 μὲν
3324 701 3460 750 κατὰ
3516 703 3643 769 μίαν
3698 704 3837 768 περί-

2234 790 2356 847 οδον
2401 796 2476 853 εἴη
2526 797 2581 845 1'6
2631 796 2828 866 χωρίον
2872 792 3265 862 τεθεωρημένον,
3312 791 3583 848 τοιαύταις
3637 786 3695 837 ἂν
3739 789 3834 837 ὑπ-

2235 885 2413 953 άγοιτο
2456 884 2713 945 θεωρίαις.
2751 881 2808 932 Εἰ
2858 876 2917 933 δέ
2957 899 3033 939 τις
3076 878 3179 950 οὐχ
3212 877 3378 935 ἁπλῆν
3416 883 3508 928 καὶ
3532 883 3682 949 μίαν,
3735 876 3833 926 ἀλλ’

2236 972 2338 1023 οἷον
2399 970 2451 1022 ἐκ
2511 967 2611 1023 δύο
2678 977 2827 1021 τινῶν
2883 966 3227 1041 βραχυτέρων
3294 966 3664 1037 συγκειμένην,
3722 965 3836 1014 ὓπο-

2233 1059 2382 1112 λάϐοι
2429 1063 2486 1111 1'6
2543 1066 2637 1112 τοῦ
2696 1058 3103 1130 ἀποφαινομένου
3152 1063 3361 1127 σχῆμα,
3412 1060 3504 1105 καὶ
3562 1054 3699 1104 οὕτω
3749 1073 3837 1123 pa-

2235 1149 2521 1201 λάττουσαν
2568 1151 2663 1205 τὴν
2710 1143 2973 1218 περίοδον,
3008 1151 3097 1197 καὶ
3143 1148 3202 1197 τὸ
3252 1148 3341 1216 μὲν
3393 1144 3560 1202 αὐτῆς
3604 1142 3721 1193 κατ’
3769 1141 3836 1193 ἔλα

2232 1237 2420 1308 λειψιν,
2475 1241 2534 1289 τὸ
2594 1233 2652 1288 δὲ
2726 1235 3006 1294 αὐτοτελῶς
3063 1234 3346 1306 εἰρῆσθαι·
3398 1228 3514 1284 οὐδ’
3576 1231 3713 1283 οὕτω
3780 1238 3831 1301 τῇ

2234 1330 2384 1399 φύσει
2430 1335 2527 1387 τῆς
2594 1324 2833 1384 ἀληθείας
2886 1322 3190 1394 λυμανεῖται
3217 1339 3227 1351 ·
3262 1323 3366 1373 οἷον
3401 1337 3413 1350 ⁸
3450 1321 3599 1392 Οὐχὶ
3653 1318 3717 1369 ἂν
3758 1318 3843 1389 ὀρ-

2235 1418 2329 1476 θῶς
2380 1419 2468 1487 μὲν
2514 1417 2861 1485 προσενέγκῃς
2913 1408 3287 1484 εὐδοκιμήσας,
3335 1408 3393 1460 ἂν
3452 1406 3511 1461 δὲ
3562 1414 3635 1481 μὴ
3682 1407 3845 1479 ὀρθῶς

2214 1500 2429 1576 διελεῖς,
2463 1506 2708 1576 ἥμαρτες,
2746 1506 2841 1555 Καὶ
2885 1504 2987 1577 γὰρ
3040 1503 3212 1574 ὥσπερ
3254 1503 3311 1551 τὸ
3362 1499 3520 1570 ὀρθῶς
3567 1516 3846 1569 προσενεγ-

2230 1600 2335 1645 κεῖν
2389 1591 2611 1660 εόσεϐες,
2670 1592 2803 1643 οὕτω
2872 1594 2930 1642 τὸ
2987 1594 3058 1661 μὴ
3134 1589 3297 1662 ὀρθῶς
3354 1584 3537 1639 διελεῖν
3608 1585 3847 1645 ἀσεϐείας

2232 1684 2536 1733 ὑπεύθυνον.
2576 1684 2677 1733 Καὶ
2723 1681 2748 1731 6
2780 1682 2867 1751 μὲν
2898 1685 2993 1739 τῆς
3034 1684 3125 1729 τοῦ
3154 1677 3315 1751 ῥητοῦ
3347 1675 3639 1737 συντάξεως
3666 1675 3843 1746 λόγος.

2156 1789 2200 1845 Β
2231 1774 2320 1821 καὶ
2346 1771 2375 1827 ἡ
2416 1768 2501 1820 ἀπ’
2535 1768 2697 1830 αὐτῆς
2730 1766 3103 1840 ἁναφαινομένη
3139 1763 3367 1835 διάνοια,
3398 1764 3446 1816 ἐν
3476 1768 3710 1825 τούτοις.

2302 1858 2457 1912 Ἀλλὰ
2524 1860 2625 1931 γὰρ
2702 1860 2760 1910 τὸ
2835 1860 2944 1929 μὲν,
3008 1863 3369 1929 προσενεγκεῖν
3441 1853 3631 1927 ὀρθῶς,
3696 1854 3848 1905 αὑτο-

2232 1949 2310 2000 θεν
2360 1943 2561 2005 δῆλον·
2621 1950 2679 1998 τὸ
2730 1942 2807 2011 δὲ,
2862 1950 2933 2017 μὴ
2996 1942 3183 1998 διελεῖν
3238 1944 3423 2017 ὀρθῶς,
3477 1946 3612 2005 ἴσως
3673 1940 3847 1995 δεῖται

2232 2041 2524 2109 σαφηνείας.
2590 2036 2808 2096 Ἐκεῖνος
2859 2042 3139 2107 τοιγαροῦν
3196 2033 3357 2107 ὀρθῶς
3414 2029 3638 2105 διαιρεῖ,
3697 2033 3724 2083 ὁ
3776 2040 3843 2103 μή

2228 2130 2292 2178 τὰ
2336 2130 2570 2197 τυχόντα
2601 2121 2748 2199 δῶρα
2799 2126 2960 2198 φέρων
2990 2130 3126 2193 Θεῷ,
3162 2120 3271 2173 ἀλλ’
3321 2121 3447 2195 ὀρθῇ
3492 2126 3675 2195 κρίσει
3711 2118 3851 2173 διαι-

2227 2217 2473 2291 ρούμενος
2518 2233 2572 2266 τε
2624 2218 2713 2265 καὶ
2764 2210 3065 2285 διακρίνων,
3101 2216 3191 2262 καὶ
3242 2207 3706 2283 δο›ροφοροὺμενος
3756 2212 3847 2262 αὐ-

2228 2312 2300 2374 τῷ
2357 2306 2421 2356 τὰ
2475 2302 2645 2373 πολλῶ
2700 2311 2799 2354 τῶν
2869 2301 3032 2353 ἀλλων
3102 2302 3504 2374 προφερέστεροί.
3572 2307 3696 2360 Πῶς
3750 2302 3846 2373 γὰρ

2229 2393 2357 2465 οὐχὶ
2408 2394 2475 2444 τὰ
2538 2394 2741 2443 πάντων
2799 2389 2847 2442 ἐν
2903 2392 3139 2464 ὑπεροχῇ
3211 2394 3514 2461 τιμιώτερα,
3574 2396 3651 2457 τῶ
3715 2408 3853 2458 7r»:-

2232 2490 2460 2553 σιουργῷ
2524 2484 2615 2533 καὶ
2662 2476 2851 2555 δοτῆρι
2911 2484 3001 2531 καὶ
3057 2481 3259 2530 πάντων
3315 2477 3465 2547 αἰτίῳ
3518 2484 3624 2528 τῶν
3678 2478 3851 2529 καλῶν

2230 2578 2365 2641 Θεῷ,
2423 2574 2491 2642 μὴ
2547 2578 2808 2644 προσῆκεν
2856 2568 3073 2642 ἐξαίρειν
3131 2572 3221 2619 καὶ
3279 2568 3603 2638 ἱεροθυτείν;
3665 2573 3853 2619 Τοιοῦ-

2227 2680 2309 2720 τος
2342 2655 2608 2711 δέδεικται
2652 2663 2741 2710 καὶ
2770 2657 2946 2725 ”Αϐελ,
2995 2657 3311 2728 εὗγνομονων
3356 2674 3407 2707 τε
3454 2660 3545 2707 καὶ
3592 2659 3651 2707 τὸ
3706 2662 3859 2709 Θεῖον

2227 2750 2469 2819 καθαρῶς
2527 2747 2681 2819 φιλῶν
2720 2763 2737 2779 ⁸
2784 2751 2872 2798 καὶ
2939 2749 3041 2818 γὰρ
3092 2748 3294 2817 εἴρηται
3362 2748 3480 2816 περὶ
3537 2744 3732 2809 αὐτοῦ,
3787 2749 3859 2805 ως

2231 2859 2259 2885 ‹‹
2294 2835 2423 2889 Ἀπὸ
2466 2844 2566 2888 τῶν
2609 2841 2948 2909 πρωτοτόκων
2997 2838 3087 2885 καὶ
3130 2832 3231 2886 ἀπὸ
3279 2841 3379 2885 τῶν
3412 2835 3645 2885 στεάτων
3680 2853 3858 2907 προσ-

2229 2930 2472 2996 ήνεγκεν
2511 2946 2539 2977 ››
2592 2929 2880 2989 τουτέστιν,
2932 2924 2967 2975 ἃ
3013 2931 3112 2974 τῶν
3164 2922 3327 2973 ἄλλων
3379 2925 3428 2973 ἓν
3480 2940 3535 2973 τε
3584 2931 3661 2991 τῷ
3713 2943 3862 2997 πρωο

2228 3019 2418 3067 τότοκα
2457 3016 2605 3083 εἶναι,
2638 3019 2727 3066 καὶ
2758 3012 2805 3065 ἐν
2836 3021 2927 3082 τῷ,
2965 3015 3033 3072 ὡς
3064 3011 3123 3063 ἆν
3168 3013 3305 3062 εἴποι
3345 3030 3444 3075 τις,
3482 3010 3857 3064 ἐστεατῶσθαι

2230 3108 2319 3155 καὶ
2383 3103 2815 3156 καταλελιπάνθαι
2874 3099 3093 3174 διέφερε,
3158 3108 3327 3151 ταῦτα
3398 3104 3712 3173 προσέφερε.
3786 3103 3856 3155 T6

2229 3196 2329 3264 γὰρ
2378 3192 2479 3244 ἀπὸ
2527 3201 2627 3245 τῶν
2680 3194 2926 3257 στεάτων,
2978 3198 3077 3241 τῶν
3123 3189 3388 3260 εὐτραφῶν
3442 3192 3532 3239 καὶ
3592 3188 3857 3241 ἐστεατωο

2226 3286 2386 3352 μένων
2418 3286 2571 3353 φησὶ,
2619 3285 2708 3333 καὶ
2738 3289 2800 3353 τῇ
2850 3278 3009 3352 πολλῇ
3055 3277 3324 3349 ἑπιμελνίᾳ
3370 3283 3753 3351 παρεχομένων
3794 3283 3853 3331 τὸ

2227 3368 2536 3443 ἐξῃρημένον
2595 3375 2685 3421 καὶ
2740 3371 2975 3444 οἰριστον.
3039 3367 3194 3419 Ἀλλὰ
3249 3373 3342 3418 τοῦ
3399 3369 3485 3437 μὲν
3558 3385 3859 3440 προσενεγ-

2223 3466 2350 3528 κεῖν,
2408 3458 2590 3531 ἀμφοῖν
2640 3458 2859 3531 ἐγεγόνει
2908 3461 2935 3515 ἡ
2990 3462 3188 3530 φροντίς
3224 3473 3235 3485 ·
3268 3464 3362 3508 τοῦ
3409 3452 3468 3508 δε
3515 3452 3713 3507 διελεῖν
3764 3462 3857 3508 καὶ

2224 3546 2529 3611 ἐκλέξασθαι
2582 3550 2647 3600 τὰ
2697 3546 2909 3619 ἀμείνω,
2969 3546 3140 3599 οὐκέτι
3192 3548 3385 3617 ὁμοίιος
3438 3543 3631 3617 ἀμφοῖν
3670 3561 3684 3574 ·

2223 3638 2250 3688 6
2296 3640 2383 3705 μὲν
2435 3636 2608 3702 Ἅϐελ,
2660 3640 2833 3709 ὥσπερ
2883 3633 3068 3688 διεῖλεν
3120 3634 3306 3709 ὀρθῶς,
3352 3635 3484 3686 οὕτω
3536 3639 3627 3685 καὶ
3680 3653 3857 3709 προσ-

2224 3731 2465 3798 una!on
2490 3746 2502 3758 '
2538 3728 2563 3778 6
2609 3723 2667 3778 δὲ
2714 3728 2860 3789 Κάῑν,
2897 3726 2926 3784 ἡ
2976 3720 3099 3777 οὐδὲ
3140 3729 3485 3798 προσήνεγκεν
3538 3723 3737 3795 ὀρθῶς,
3775 3726 3859 3774 ὁτι

2224 3812 2362 3887 μηδὲ
2411 3812 2595 3867 διεῖλεν
2622 3834 2634 3847 ⁸
2675 3815 2704 3873 ἣ
2741 3814 2783 3867 εἰ
2827 3818 2917 3866 καὶ
2961 3810 3081 3870 δοίη
3128 3832 3210 3875 τις
3252 3813 3420 3886 ὀρθῶς
3447 3820 3851 3885 προσενεγκεῖν3

2224 3902 2352 3955 ἀλλὰ
2413 3910 2531 3979 περί
2582 3923 2641 3975 γε
2696 3907 2789 3961 τὴν
2858 3902 3113 3976 ἐξαίρεσιν
3170 3905 3262 3953 καὶ
3325 3900 3545 3971 ἐκλογήν
3598 3900 3857 3953 πλεῖστον

2221 3995 2343 4045 ὅσον
2399 3990 2722 4068 διήμαρτεν·
2780 3988 2903 4044 οὐδὲ
2950 3994 3051 4064 γὰρ
3116 3994 3180 4043 τὰ
3227 3996 3474 4061 κρείσσω,
3525 3993 3595 4042 τὰ
3653 3987 3722 4042 δε
3778 3996 3849 4061 μὴ

2221 4091 2459 4153 τοιαῦτα,
2514 4088 2855 4156 προσήνεγκε.
2914 4086 3015 4135 Καὶ
3078 4077 3236 4138 δῆλον
3295 4079 3349 4142 ἐξ
3404 4080 3468 4130 ὧν
3526 4098 3584 4131 τε
3643 4102 3676 4128 ι(
3724 4083 3856 4137 est};

2222 4178 2339 4232 ταῖς
2370 4171 2529 4224 αὐτοῦ
2579 4173 2786 4231 θυσίαις
2824 4175 2894 4244 μὴ
2946 4168 3207 4241 ἐπέϐλεψε,
3243 4188 3272 4220 )›
3322 4164 3460 4241 μηδὲ
3506 4171 3647 4241 πυρὶ
3706 4170 3853 4235 θείῳ,

2223 4263 2394 4334 ῶσπερ
2449 4264 2514 4313 τὰ
2557 4268 2648 4313 τοῦ
2699 4259 2855 4313 Ἀϐελ
2902 4261 3285 4311 ὡλοκαύτωσε·
3342 4264 3493 4310 τοῦτο
3549 4260 3657 4328 γάρ
3716 4275 3854 4317 τινες

2222 4347 2570 4417 ἕκδεδῶκασι,
2618 4355 2709 4401 καὶ
2758 4348 2810 4412 ἐξ
2857 4349 2923 4399 ὧν
2971 4352 3059 4401 τὸν
3111 4348 3328 4419 ἔλεγχον
3381 4355 3475 4407 τῆς
3533 4346 3635 4397 οὐκ
3688 4348 3860 4419 ὁρθὲς

2221 4438 2435 4492 ἀπέτισε
2479 4435 2804 4511 διαιρέσεως.
2855 4436 3010 4489 Ἀλλὰ
3056 4440 3114 4489 τὸ
3163 4440 3275 4509 μὲν,
3329 4456 3358 4487 ‹(
3398 4434 3511 4486 Οὐκ
3564 4434 3628 4485 ἂν
3687 4434 3855 4508 ὀρθῶς

2218 4533 2532 4603 προσενέγῃς
2575 4528 2741 4589 ὀρθῶς
2791 4523 2850 4579 δε
2894 4530 2965 4599 μή
3021 4522 3218 4597 διέλῃς,
3271 4528 3543 4599 ἦμαρτες;
3582 4545 3613 4571 υ
3674 4534 3860 4576 tow-3-

2214 4637 2321 4674 τον.
2368 4623 2436 4671 T6
2492 4614 2571 4682 δε,
2619 4616 2949 4690 Ἠσύχασον,
3002 4618 3084 4668 ἵνα
3143 4619 3289 4685 εἴπῃς
3342 4618 3466 4686 πρὸς
3526 4616 3857 4687 {epulata-26-

2214 4728 2297 4774 τα,
2331 4709 2625 4783 Ἠρέμησον
2668 4709 2805 4759 κατὰ
2848 4710 3085 4771 σεαυτὸν,
3117 4709 3207 4756 καὶ
3260 4700 3643 4759 διασκόπησον
3701 4704 3858 4778 augt.

2214 4797 2317 4859 ϐὡς
2367 4804 2457 4850 τοῦ
2520 4800 2881 4872 πεπραγμένου
2932 4798 2988 4847 1'6
3045 4796 3261 4860 ἄτοπον,
3316 4799 3406 4846 καὶ
3458 4800 3737 4867 μετανοίᾳ
3798 4798 3855 4846 τέ

2212 4886 2515 4960 ἁμαρτηθὴν
2569 4884 2855 4948 ἑξιλεωσαι.
2894 4885 2981 4936 Ἐν
3033 4885 3242 4956 ἠσυχίᾳ
3288 4885 3389 4955 γὰρ
3430 4887 3524 4933 καὶ
3580 4891 3663 4953 τῷ
3722 4883 3863 4936 ἆται

2208 4979 2365 5050 ράχῳ
2429 4983 2527 5027 τῶν
2592 4973 2856 5046 λογισμῶν
2926 4972 3118 5046 μᾶλλον
3199 4977 3484 5045 συνορᾶται
3561 4977 3661 5024 καὶ
3734 4980 3858 5045 κρέ-

2207 5083 2348 5117 νεται
2386 5066 2444 5116 τὸ
2497 5065 2811 5139 παροραθίν.
2853 5064 3015 5135 Τάχα
3064 5057 3124 5114 δε
3174 5065 3265 5113 καὶ
3316 5061 3861 5133 προαναστεῗιιλοντος

2209 5149 2269 5211 ἦν
2294 5158 2387 5212 τὴν
2430 5155 2596 5227 ὁρμὴν
2635 5157 2729 5211 τὴν
2774 5151 2847 5224 ἐφ’
2894 5152 3032 5224 ᾧπερ
3071 5149 3229 5211 αὐτὸς
3272 5147 3457 5210 ἀθλίως
3508 5148 3810 5210 ἐκϐέϐηκεν
3844 5168 3858 5180 ·

2209 5262 2237 5291 ‹‹
2267 5241 2547 5316 Ἠμαρτες,
2584 5246 2764 5315 φησὶν,
2812 5242 3095 5313 ἠσύχασον
3120 5258 3134 5272 ο
3166 5259 3193 5291 »
3241 5244 3312 5312 μὴ
3363 5241 3621 5315 πρόσθῃς
3676 5244 3857 5316 ἕτερον

2206 5339 2277 5402 τῷ
2323 5328 2619 5405 ἀδικήματι
2648 5348 2662 5363 ο
2690 5335 2854 5405 μέχρι
2898 5338 2997 5394 τῆς
3038 5330 3109 5391 εἰς
3155 5328 3241 5402 ἐμὶ
3288 5328 3663 5402 πλημμελείας
3706 5338 3865 5408 περίς

2204 5420 2406 5494 γραψον
2498 5426 2591 5480 τὴν
2682 5420 2948 5491 ἀπόνοιαν,
3032 5415 3325 5492 ἁδελφικῶν
3406 5419 3663 5489 αἱμάτων
3781 5424 3857 5491 μὴ

2204 5512 2299 5573 τὰς
2355 5518 2542 5585 χεῖρας
2597 5513 2769 5584 μόνον,
2824 5508 2955 5563 ἀλλὰ
3020 5514 3109 5562 καὶ
3164 5512 3259 5568 τὴν
3312 5510 3531 5581 γνώμην
3592 5512 3859 5584 καθαρὰν

2208 5596 2545 5674 διαφύλαξον.
2591 5602 2662 5655 Τὸ
2710 5596 2790 5669 δε,
2843 5622 2870 5651 ι(
2917 5602 3051 5675 Πρὸς
3099 5600 3157 5652 σε
3202 5600 3231 5657 ἠ
3284 5596 3595 5673 ἀποστρορή
3647 5599 3859 5661 αὐτοῦ,

3744 3544 3859 3595 ἀλλ’
