4136 6198
217 283 324 338 649

1269 284 1364 338 AD
1399 281 1956 342 AMPHILOCHIUM
1996 285 2320 354 QUIESTIO
2361 290 2504 350 CIX.

3471 297 3578 354 650

215 411 308 460 καὶ
343 408 408 461 σὺ
431 405 592 459 αὐτοῦ
622 405 816 480 ἄρξεις,
856 425 880 456 ν
915 405 944 466 ᾖ
974 409 1092 482 περὶ
1136 408 1296 464 αὐτοῦ
1327 417 1417 466 τοῦ
1447 411 1792 486 προσενεχθέν

1937 413 2313 484 peccabatur,
2348 431 2486 474 cum
2517 413 2847 484 offerretur,
2888 415 3131 486 intelligi
3170 417 3348 475 debet
3379 439 3391 478 :
3438 436 3510 476 ac
3539 424 3590 478 si

213 516 298 557 τος
351 500 578 571 εἰρηται,
649 495 778 558 οἷον,
829 495 1086 564 Ἀνάξιον,
1147 505 1326 571 φησὶν,
1380 507 1476 561 τῆς
1531 499 1655 559 ἐμῆς
1715 498 1826 551 ἐστι

215 591 536 661 προσφορᾶς,
591 582 678 638 διὸ
721 583 1100 661 ἀποστρέφεταί
1156 608 1238 641 σοι
1295 595 1384 642 καὶ
1436 589 1592 651 αύτός
1645 589 1820 656 αὑτοῦ,

211 677 388 750 ὥσπερ
457 680 548 727 καὶ
609 679 730 748 πρὶν
799 675 828 733 ἦ
902 679 1320 750 προσενεχθῆναι
1373 682 1552 752 κύριος
1605 681 1696 752 ἔσῃ
1743 695 1755 709 ·
1789 679 1818 737 ᾖ

208 763 342 836 ούχὶ
423 767 482 818 τὸ
547 766 915 836 προσενεχθὲν,
995 764 1102 818 ἀλλ’
1174 767 1300 820 αὐτὸ
1353 771 1411 820 τὸ
1489 765 1822 842 διαμααρτη-

209 855 296 906 θεν
339 857 458 928 περὶ
509 857 604 912 τὴν
651 853 946 926 προσένεξιν
1005 856 1032 906 6
1075 855 1218 927 λόγος
1263 854 1420 914 δηλοῖ
1467 872 1480 887 ·
1531 861 1819 925 τουτέστιν,

205 947 278 995 Σύ
329 950 422 995 τοῦ
476 941 872 1016 ἁμαρτήματος,
935 943 1029 996 οὐκ
1096 945 1264 1016 ἄλλος,
1314 950 1526 1018 γέγονας
1573 949 1742 1008 αἴτιος
1795 959 1812 976 ⁸

205 1029 300 1084 διὸ
355 1033 384 1090 ἡ
441 1029 748 1106 ἀποστροφὴ
801 1032 982 1098 αὑτοῦ,
1031 1039 1120 1086 καὶ
1173 1037 1202 1094 ἡ
1271 1033 1508 1107 ἀναφοπὰ
1568 1038 1694 1108 πρὸς
1763 1037 1820 1088 σὲ

204 1122 477 1192 ἐπανήξει,
531 1126 619 1174 καὶ
677 1127 743 1176 σύ
800 1123 960 1176 αὐτοῦ
1017 1125 1186 1199 ἄρξεις
1234 1123 1475 1200 ἀρχηγὸς
1527 1125 1695 1198 ὀφθεὶς
1725 1133 1817 1188 τῆς

199 1217 328 1286 περὶ
363 1216 420 1264 τὸ
453 1219 604 1265 Θείον
637 1211 934 1285 ὀλιγωρίας,
963 1212 1016 1276 ἐξ
1046 1213 1105 1264 οὗ
1135 1219 1222 1266 καὶ
1254 1217 1318 1266 τὰ
1342 1213 1497 1266 λοιπὰ
1523 1223 1620 1266 τῶν
1651 1214 1818 1287 ἁμαρ-

198 1304 456 1374 τημάτων
503 1305 842 1374 προέρχεται.
893 1301 952 1355 Εἰ
1001 1299 1060 1354 δὲ
1113 1323 1194 1364 τις
1243 1307 1377 1356 εἴποι
1415 1309 1504 1356 καὶ
1553 1305 1620 1366 ὡς
1650 1323 1816 1377 παρα-

195 1391 394 1463 ψυχῆς
443 1392 590 1445 ἕνεκα
636 1398 790 1443 τοῦτο
817 1395 1021 1466 εἴρηται
1071 1391 1369 1464 (ἐλελύπητο
1424 1397 1525 1467 γὰρ
1584 1395 1610 1445 6
1663 1395 1810 1460 Κάὶν,

197 1481 246 1536 εἰ
286 1486 376 1533 καὶ
419 1486 491 1554 μὴ
542 1477 686 1532 δίότι
713 1483 1034 1556 ἡμάρτηκεν,
1092 1481 1200 1534 ἀλλ’
1231 1483 1312 1534 ὃτι
1362 1487 1420 1535 τὸ
1452 1485 1606 1542 ἧττον
1655 1486 1810 1556 ἔσχεν

193 1571 288 1622 ἐπὶ
337 1576 450 1630 ταῖς
487 1569 694 1629 θυσίαις
741 1571 884 1644 παρὰ
919 1574 1004 1622 τὸν
1057 1567 1319 1644 ἀδελφόν),
1353 1567 1659 1624 οὐδὲτοῦτο
1704 1591 1809 1644 μα-

192 1661 324 1732 κρὸν
390 1665 482 1719 τῆς
539 1656 754 1734 ἄπειρον
819 1663 908 1710 καὶ
976 1657 1374 1731 ἁνεξιχνιάστου
1425 1660 1809 1736 φιλανθρωπίας

188 1755 292 1800 τοῦ
349 1755 482 1800 Θεοῦ
545 1764 558 1777 ·
619 1749 684 1808 ὡς

189 1841 546 1912 ῆριαρτηκότα
584 1833 774 1902 παῖδα,
830 1841 914 1896 Μὴ
974 1843 1266 1911 συμπέσης,
1319 1835 1459 1911 μηδὲ
1508 1841 1808 1911 καταποθῇς

187 1935 256 2000 τῇ
329 1925 489 2000 λύπη,
545 1933 655 1988 τοῖς
725 1923 918 2002 δώροις
993 1947 1050 1980 σε
1115 1925 1675 2001 παρευδοκιμήσαντος
1714 1936 1805 1982 τοῦ

189 2011 424 2087 ἀδελφοῦ
452 2026 470 2046 ⁸
503 2015 546 2067 εὶ
594 2017 695 2089 γὰρ
727 2020 817 2066 καὶ
871 2013 924 2078 ἐξ
969 2016 1036 2066 ὧν
1091 2016 1245 2078 αὐτὸς
1275 2019 1436 2080 ὁσίως
1483 2017 1696 2092 ἔπραξεν
1725 2014 1805 2070 δι-

1935 501 2159 560 diceret
2190 521 2202 561 :
2235 507 2318 561 Tu
2347 511 2572 578 peccati
2607 507 2792 571 istius,
2825 510 2880 561 et
2911 522 3032 562 non
3059 507 3232 576 alius,
3265 495 3416 564 fuisti
3447 527 3591 566 cau-

1935 607 2004 646 sa
2043 608 2058 656 ;
2123 609 2310 665 quare
2349 599 2478 665 ejus
2520 596 2830 651 conversio
2869 599 2924 651 et
2985 595 3188 651 relatio
3232 597 3308 652 ad
3357 603 3408 654 te
3461 600 3588 671 erit,

1931 695 2092 752 nque
2131 681 2538 740 dominaberis
2579 703 2594 754 ;
2637 683 2756 740 dux
2795 685 2925 756 ejus
2968 689 3350 757 contemptus
3401 687 3590 746 divini

1931 770 2214 838 numinis,
2245 772 2404 828 unde
2451 777 2664 828 caetera
2703 779 2948 845 peccata
3001 781 3432 845 processerunt.
3485 777 3588 833 Sin

1927 859 2332 934 velitaliquis,
2365 862 2473 916 hoc
2503 861 2860 918 consolandi
2911 878 3096 919 causa
3148 863 3374 920 dictum
3419 866 3586 936 (nam

1929 953 2180 1006 mcestus
2231 956 2352 1006 erat
2382 950 2548 1018 Cain,
2577 967 2696 1007 non
2731 968 2800 1006 eo
2833 953 2997 1024 quod
3050 957 3422 1024 peccaverat,
3481 955 3586 1012 sed

1928 1038 2093 1109 quod
2136 1038 2196 1093 in
2237 1038 2511 1094 secundis
2554 1045 2690 1112 post
2741 1041 2984 1096 fratrem
3037 1041 3242 1113 quoad
3294 1042 3586 1100 sacrificia

1927 1125 2161 1198 fuerat),
2190 1143 2310 1183 non
2339 1127 2453 1184 hoc
2477 1128 2652 1198 longe
2675 1129 2893 1185 recedit
2924 1129 3000 1184 ab
3032 1130 3259 1186 infinita
3281 1135 3340 1185 et
3363 1130 3586 1186 inseru-

1925 1215 2087 1271 tiabili
2113 1216 2520 1273 misericordia
2548 1217 2670 1285 Dei;
2700 1235 2768 1273 ac
2796 1219 2842 1272 si
2869 1217 3188 1288 indulgens
3211 1225 3374 1290 pater
3397 1221 3583 1277 tilium

1925 1303 2369 1378 delinquentem
2427 1305 2840 1378 alloqueretur,
2903 1307 3028 1363 Noli
3084 1307 3414 1374 considere,
3479 1314 3583 1366 aut

1927 1409 2177 1450 mwrore
2195 1394 2519 1461 absorberi,
2545 1395 2704 1468 quod
2730 1397 2906 1452 frater
2945 1399 3000 1451 te
3030 1396 3202 1452 donis
3239 1397 3362 1452 suis
3405 1413 3580 1470 supe-

1921 1481 2139 1537 raverit
2173 1505 2184 1535 :
2215 1483 2260 1538 si
2289 1484 2448 1538 enim
2478 1485 2583 1540 rite
2634 1484 2960 1554 praefertur,
3000 1487 3074 1541 ob
3123 1484 3182 1541 id
3220 1486 3385 1558 quod
3425 1492 3581 1542 recte

1919 1569 2074 1636 fecit,
2099 1575 2298 1627 tamen
2331 1573 2542 1628 iterum
2569 1571 2664 1628 ille
2691 1573 2770 1629 ad
2817 1579 2870 1629 te
2923 1579 3318 1642 convertetur,
3372 1575 3485 1630 sub
3525 1581 3579 1632 te

1919 1661 2045 1727 erit,
2075 1665 2132 1716 et
2157 1661 2635 1732 primogeniturae
2659 1663 3064 1734 praerogativis
3092 1663 3388 1735 praecedes
3415 1679 3574 1731 eum,

753 1745 812 1798 ἂν
881 1751 1015 1801 εἴποι
1072 1749 1407 1824 φιλόστοργος
1461 1754 1630 1824 πατὴρ
1680 1753 1797 1823 πρὸς

1918 1748 1968 1804 si
1997 1765 2102 1822 per
2128 1749 2592 1823 resipiscentiam
2627 1755 2678 1806 te
2700 1752 3023 1807 correxeris
3049 1768 3086 1808 a
3109 1757 3356 1824 peccato
3390 1770 3401 1806 :
3429 1767 3578 1824 prse-

1915 1838 2180 1908 rogativa
2211 1839 2312 1895 illa
2343 1839 2446 1895 tibi
2477 1855 2598 1896 non
2629 1840 2945 1906 auferetur,
2988 1857 3172 1914 quam
3201 1840 3482 1912 accepisti
3511 1840 3574 1899 in

1915 1942 1986 1984 eo
2011 1928 2176 2000 quod
2210 1933 2509 1985 maternos
2535 1928 2770 1986 dolores
2801 1930 3030 2002 primus
3063 1931 3329 1990 solveris.

185 2111 526 2176 καιοπρεπῶς
576 2108 972 2176 προτετίμηται,
1036 2103 1143 2156 ἀλλ’
1195 2102 1282 2158 ούν
1332 2105 1800 2182 ἀποστραφήσεταί
1867 2123 1951 2158 σοι
2011 2103 2164 2156 πάλιν
2222 2107 2306 2157 καὶ
2363 2105 2463 2158 ύπό
2521 2108 2578 2158 σε
2640 2109 2810 2175 ἔσται,
2869 2111 2958 2160 καὶ
3008 2117 3080 2180 τῷ
3141 2117 3404 2185 προνομίῳ
3467 2123 3572 2167 τῶν

185 2196 558 2266 πρωτοτοκίων
617 2193 776 2255 αὐτὸς
842 2192 995 2245 πάλιν
1054 2196 1112 2246 τό
1175 2193 1442 2266 πρεσϐεῖον
1513 2195 1654 2262 ἕξεις,
1733 2193 1792 2246 ἂν
1864 2193 2175 2268 μεταμελείᾳ
2242 2197 2434 2247 σαυτὸν
2489 2201 2582 2246 τοῦ
2668 2199 2994 2267 πταίσματος
3071 2197 3370 2274 ἀνορθώσῃς
3403 2219 3415 2233 ·
3487 2201 3571 2254 ἀν-

185 2300 470 2355 αφαιρετον
517 2283 619 2354 γὰρ
673 2284 824 2334 ἔσται
875 2301 956 2334 σοι
1007 2284 1062 2334 τό
1116 2281 1231 2334 κατ’
1299 2283 1458 2337 αύτοῦ
1520 2287 1699 2357 κύρος,
1748 2285 1868 2356 ὅπερ

261 2370 418 2422 Ἀλλὰ
461 2369 576 2421 κατ’
609 2367 885 2428 ἐπιστολὴν
942 2370 1090 2422 ἰκανά
1121 2375 1210 2423 καὶ
1241 2379 1404 2424 ταῦτα
1435 2369 1604 2446 οἶμαι.
1660 2369 1800 2426 Οἶδα

182 2456 246 2512 δέ
307 2461 450 2518 τινάς
505 2477 628 2512 ποτε
683 2466 782 2511 τῶν
843 2458 1202 2512 παλαιοτάτων
1269 2457 1542 2514 Ἰουδαίων
1609 2481 1798 2536 γεγρα-

180 2551 368 2619 φότας,
401 2545 535 2598 οἳ·τὸ
575 2545 840 2620 ἐλλόγιμον
887 2555 986 2599 τῶν
1039 2547 1200 2598 calam
1239 2551 1380 2620 ἔχειν
1427 2545 1660 2616 ἐδόκουν,
1705 2546 1797 2602 διὰ

175 2642 339 2688 τοῦτο
374 2635 619 2709 εἰρῆσθαι
649 2639 734 2688 τὸν
791 2637 918 2688 Κάῐν
967 2641 1072 2710 μὴ⁸
1097 2633 1282 2690 διελεῖν
1312 2637 1476 2710 ὀρθῶς
1517 2635 1656 2691 διότι
1694 2637 1794 2692 ἀπὸ

174 2733 286 2778 τῶν
321 2723 567 2796 ἀψύχων,
621 2722 728 2776 ἀλλ’
767 2725 861 2777 ούκ
917 2723 1017 2777 ἀπὸ
1071 2734 1170 2778 τῶν
1229 2725 1504 2798 ἐμψύχων,
1563 2729 1736 2802 ὥσπερ
1768 2729 1793 2779 ὁ

177 2813 367 2881 ³Αϐελ,
429 2817 492 2866 τὰ
541 2811 689 2886 δώρα
743 2818 1053 2888 προσέφερεν
1125 2817 1484 2890 (καθυστερεῖν
1550 2818 1650 2889 γὰρ
1703 2819 1792 2868 καὶ

173 2905 528 2958 ἐλαττοῦσθαι
553 2903 722 2974 πολλῷ
767 2912 866 2956 τῶν
915 2903 1168 2977 ἐμψύχων
1221 2908 1286 2957 τα
1337 2904 1551 2977 ἀψυχα)
1587 2923 1598 2934 ·
1635 2902 1708 2958 δι’
1766 2907 1793 2958 ὅ

173 2999 264 3046 καὶ
319 2996 408 3045 τὸν
468 3001 566 3045 τῶν
615 2991 740 3044 ὅλων
790 2997 919 3046 Θεὸν
949 3001 1040 3044 τού
1079 2997 1169 3063 μὲν
1216 2995 1507 3056 ἐφησθῆναι
1545 3001 1653 3054 τοῖς
1689 2989 1791 3044 δω-

171 3102 282 3155 Ροις
313 3083 388 3143 ὡς
427 3079 710 3152 ἐμψύχοις,
744 3089 834 3134 τοῦ
872 3079 931 3134 δὲ
970 3085 1062 3140 τὴν
1117 3085 1302 3134 θυσίαν
1350 3079 1614 3158 ὑπεριδεῖν
1633 3085 1694 3143 ὡς
1735 3081 1788 3134 ἐκ
1827 3121 1867 3175 C

171 3192 276 3224 των
330 3169 558 3242 ἀψύχων
608 3171 1092 3243 εἰσκεκομισμένην.
1143 3170 1279 3223 Ἀλλ’
1322 3174 1458 3245 εἴπερ
1505 3171 1664 3232 οὕτως
1720 3168 1785 3223 εἷ-

171 3279 290 3333 χεν,
328 3259 423 3312 οὐκ
453 3257 512 3310 ἂν
544 3260 570 3310 ό
623 3261 748 3312 Κάῑν
778 3264 874 3318 τὴν
928 3257 1208 3334 διαίρεσιν,
1243 3259 1350 3312 ἀλλ’
1403 3261 1564 3320 αὐτὴν
1603 3259 1664 3312 ἂν
1693 3265 1787 3319 τὴν

177 3353 370 3416 θνσίαν
400 3344 718 3414 ὠνειδίζετο,
759 3350 936 3421 ὅτιπερ
976 3347 1090 3402 ἀντὶ
1142 3359 1241 3402 τῶν
1291 3359 1500 3424 καρπῶν
1553 3355 1624 3420 μὴ
1676 3351 1788 3411 ζῶα

171 3444 546 3515 προσήνεγκεν.
608 3437 744 3494 Ἀλλ’
809 3435 1045 3512 οὐδαμοῦ
1099 3443 1328 3512 φαίνεται
1386 3447 1538 3492 τοῦτο
1585 3441 1615 3498 ἠ
1675 3443 1786 3494 θεία

172 3527 628 3601 καταμεμψαμένη
685 3532 822 3594 φωνή
878 3547 894 3562 ·
943 3526 1071 3579 ἀλλὰ
1116 3537 1214 3580 τῶν
1267 3531 1356 3600 μὲν
1403 3525 1580 3601 δώρων
1632 3525 1783 3583 οὐδὲν

172 3619 457 3690 ᾐτιάσατο,
519 3617 646 3691 ύπερ
706 3613 764 3670 δὲ
815 3626 911 3680 τῆς
964 3613 1270 3692 δίαιρὲσεως
1317 3621 1410 3676 τὴν
1453 3617 1649 3690 μέμψιν
1698 3619 1784 3672 ἑπ-

173 3713 408 3778 ὴνεγκεν.
449 3705 583 3759 Ἀλλ’
616 3707 751 3758 ὥστε
782 3701 840 3758 δὲ
871 3705 914 3758 εἰ
943 3707 968 3757 6
999 3709 1087 3778 μὲν
1119 3703 1372 3780 ἁπαρχῆς
1429 3705 1546 3780 βίον
1595 3711 1652 3760 τὸ
1692 3728 1785 3779 γη-

171 3803 371 3864 πονείν,
404 3797 430 3848 ὁ
463 3791 522 3847 δὲ
572 3797 630 3847 τὸ
677 3799 969 3867 ποιμαίνειν
1027 3794 1240 3862 ἐτίθετο,
1300 3804 1404 3856 πῶς
1457 3795 1551 3848 ούκ
1598 3796 1784 3868 ἄλογον

173 3882 564 3956 ὑπολαμϐάνειν
620 3884 706 3936 ὑπ’
775 3883 948 3936 αἰτίαν
1002 3886 1243 3956 γενέσθαι
1299 3888 1384 3936 τὸν
1443 3887 1592 3951 Κάϊν,
1645 3883 1785 3939 διότι

171 3979 242 4046 μή
299 3971 406 4026 ἀπὸ
443 3980 541 4024 τῶν
586 3970 881 4046 ἀλλοτρίων,
935 3971 1042 4024 ἀλλ’
1101 3971 1200 4025 ἀπὸ
1241 3981 1338 4024 τῶν
1388 3973 1587 4026 οἰκείων
1625 3994 1786 4048 προσ-

173 4069 385 4135 ήνεγκεν
415 4077 430 4129 ;
457 4059 670 4116 Κάκείνο
699 4057 758 4114 δέ
787 4081 868 4123 τις
893 4064 1170 4136 προσθείη,
1213 4063 1280 4124 ὡς
1307 4061 1401 4114 οὐκ
1437 4059 1486 4114 ἐν
1530 4069 1591 4136 τῇ
1624 4081 1786 4136 προσ-

173 4153 332 4216 ενέξει
377 4159 474 4214 τῆς
505 4152 693 4214 θυσίας
715 4150 929 4223 μᾶλλον,
965 4149 1070 4202 ἀλλ’
1095 4149 1350 4224 ἀπαρχῆς
1381 4160 1476 4213 τῆς
1523 4160 1623 4205 τῶν
1653 4150 1784 4226 βίων

173 4244 428 4318 αἱρέσεως
457 4237 564 4294 ἔδει
609 4243 697 4293 τὸν
751 4243 840 4313 μὲν
894 4239 1157 4313 φαυλίζειν
1189 4241 1270 4293 ὅτι
1315 4248 1555 4312 γηπονείν
1605 4239 1781 4308 εἵλετο,

171 4335 260 4384 τὸν
294 4327 357 4383 δὲ
407 4333 749 4403 ποιμαίνοντα
794 4325 1181 4401 ἀποδέχεσθαι.
1213 4333 1283 4382 Τό
1321 4333 1421 4402 γὰρ
1453 4337 1552 4382 τῶν
1599 4329 1784 4388 ἐπιτηο

174 4417 448 4494 δωμάτων
489 4415 738 4492 διάφορον
779 4417 922 4494 ἆρχη
978 4423 1066 4471 καὶ
1119 4423 1266 4472 αίτία
1319 4421 1635 4478 καθέστηκεν
1691 4426 1784 4472 τοῦ
1815 4471 1859 4526 D

209 4513 218 4525 .
329 4511 338 4524 .
463 4509 474 4522 ρ
557 4507 570 4524 ,
615 4513 622 4521 ,
881 4507 892 4520 .
1073 4515 1088 4526 ,
1339 4515 1358 4526 ,
1443 4511 1466 4526 η
1587 4511 1634 4526 η,

169 4513 256 4562 τὸν
285 4511 400 4582 μὲν,
450 4509 514 4569 ὡς
549 4507 814 4580 ἐνόμισαν,
870 4507 1118 4582 ἁμαρτεῖν
1165 4515 1382 4584 καρποῖς
1441 4511 1778 4588 θυσιάζοντα,

170 4602 258 4652 τὸν
322 4593 383 4651 δὲ
433 4593 901 4670 παρευδοκιμῆσαι
956 4603 1067 4660 ςώα
1123 4599 1190 4650 τὰ
1253 4595 1400 4673 δῶρα
1454 4601 1778 4670 ποιούμενον,

173 4695 290 4749 Πῶς
348 4682 408 4740 δε
458 4688 554 4739 κάν
601 4693 712 4748 ταῖς
762 4689 1094 4760 νομοθεσίαις
1139 4687 1352 4759 ὕστερον
1408 4683 1680 4759 σεμίδαλίς
1728 4707 1782 4740 τε

171 4782 262 4830 καί
309 4777 536 4846 στάχυες
574 4779 664 4828 καὶ
708 4775 858 4850 ἀρτοι
893 4778 1186 4852 προθέσεως
1217 4775 1288 4838 εἰς
1333 4779 1633 4850 προσφορὰν
1666 4783 1780 4846 Θεῷ

171 4864 465 4936 ἐλογίζοντο
496 4880 510 4931 ;
541 4863 602 4918 Εἰ
641 4860 699 4917 δὲ
739 4870 826 4917 καὶ
866 4884 895 4917 ι(
947 4865 1079 4917 καλὰ
1123 4864 1236 4917 λίαν
1295 4886 1320 4916 ι)
1359 4865 1487 4936 οὐχί
1537 4884 1654 4917 τινα
1681 4873 1778 4916 τῶν

173 4951 682 5026 δημιουργημάτων,
737 4953 868 5006 ἀλλὰ
913 4955 1081 5006 πάντα
1137 4961 1209 5024 τῷ
1254 4961 1600 5026 γενεσιουργῷ
1645 4953 1780 5025 λόγῳ

172 5045 396 5116 εῖρηται,
447 5046 538 5094 καὶ
588 5047 893 5108 πεποίηται,
943 5047 1060 5094 τίνα
1113 5041 1262 5113 λόγον
1313 5044 1444 5112 ἔχει,
1507 5045 1628 5104 τοὺς
1677 5043 1778 5094 ἀπὸ

169 5139 272 5202 γῆς
327 5133 581 5206 καρπούς,
643 5135 734 5184 καὶ
790 5129 824 5184 ἃ
874 5129 1064 5204 μᾶλλόν
1123 5129 1262 5183 ἐστιν
1307 5129 1558 5206 ἀνθρώπῳ
1596 5135 1777 5204 τροφὴ,

173 5218 222 5272 ἐν
274 5216 438 5292 ἀτίμῳ
490 5223 651 5292 μοίρᾳ
705 5225 795 5272 καὶ
843 5217 1171 5292 βδελύγματι
1209 5221 1294 5272 τὸν
1345 5217 1780 5295 δημιουργήσαν-

171 5327 240 5360 τα
285 5311 726 5382 παραπέμπεσθαι
766 5311 898 5376 ;Διό
951 5318 1045 5371 τῆς
1100 5311 1346 5369 τοιαύτης
1401 5307 1640 5370 ἐπιϐολῆς
1686 5313 1778 5366 τήν

171 5398 658 5471 προτεθεωρημένην
728 5397 978 5468 ἐξήγησιν
1043 5397 1232 5471 μᾶλλον
1291 5396 1574 5469 ἐγκριτέον.
1633 5397 1775 5456 Λύτη

171 5488 276 5562 γὰρ
327 5491 416 5539 καὶ
472 5485 544 5547 οἷς
598 5487 622 5538 ὁ
675 5495 768 5547 τῆς
815 5489 1050 5560 καθαρᾶς
1110 5489 1256 5559 ἡμῶν
1310 5492 1399 5539 καὶ
1451 5485 1775 5559 ἀναιμάκτου

177 5577 368 5636 θυσίας
421 5575 574 5647 λόγος
622 5575 900 5647 ἠγνόηται,
945 5573 1092 5630 δοκεῖ
1131 5596 1238 5638 πως
1294 5573 1728 5650 ᾄδειν-ὁμόφωνα
1757 5592 1773 5607 ·

174 5661 226 5726 ἐξ
259 5662 326 5713 ὧν
351 5666 441 5716 καὶ
468 5665 494 5718 6
532 5673 624 5726 τῆς
671 5663 1000 5726 ἀποστάσίας
1047 5665 1324 5728 Ἰουλιανὸς
1377 5669 1512 5719 κατὰ
1554 5674 1645 5726 τῆς
1693 5665 1778 5718 εύ-

2297 2284 2323 2298 ιν

1927 2281 2132 2356 εἴληφας
2181 2282 2234 2346 ἐξ
2289 2284 2356 2335 ὧν
2395 2292 2600 2358 πρῶτος
2657 2286 2748 2346 τὰς
2797 2287 3060 2359 μητρικάς
3113 2286 3300 2350 ¹ἔλυσας
3357 2285 3565 2354 ὠδῖνας.

1979 2373 2170 2444 Atque
2200 2371 2326 2426 haec
2359 2371 2699 2428 suﬁ‘ecerint
2743 2372 3020 2444 epistolae.
3079 2377 3221 2432 Novi
3267 2379 3568 2449 quosdam

1904 2475 2002 2516 res
2032 2459 2372 2516 Judaeorum
2412 2461 2867 2534 antiquissimas
2916 2464 3221 2520 memoriae
3275 2467 3569 2524 mandan-

1905 2551 2012 2618 tes,
2072 2547 2176 2621 qui
2237 2555 2375 2604 ante
2433 2548 2582 2605 alios
2635 2549 2878 2605 scientia
2934 2552 3162 2623 praaditi
3229 2553 3338 2610 visi
3406 2563 3566 2621 sunt,

1903 2638 2006 2710 qui
2067 2638 2202 2694 ideo
2259 2638 2602 2695 existimant
2642 2639 2783 2694 Cain
2823 2641 3070 2697 minime
3108 2647 3260 2698 recte
3299 2644 3566 2704 divisisse

1902 2726 2036 2793 dici,
2060 2728 2205 2799 quia
2234 2742 2356 2782 non
2390 2743 2427 2782 a
2457 2727 2816 2794 viventibus,
2847 2733 2909 2785 ut
2933 2729 3100 2798 Abel,
3135 2731 3238 2786 sed
3270 2731 3345 2788 ab
3377 2732 3566 2790 inani-

1902 2817 2075 2872 matis
2117 2831 2368 2871 munera
2411 2822 2655 2889 accepta
2699 2817 2863 2873 dedit
2912 2819 3132 2888 (multis
3167 2820 3329 2876 enim
3365 2822 3562 2878 modis

1898 2903 2229 2960 inanimata
2262 2905 2480 2960 cedunt
2505 2905 2802 2976 animatis)
2829 2923 2840 2961 :
2861 2909 3044 2962 Deum
3067 2907 3265 2980 itaque
3289 2911 3564 2966 universa

1899 2991 2054 3048 illius
2078 2993 2240 3050 dona
2261 2996 2526 3050 animata
2549 2999 2795 3066 accepta
2813 2993 3115 3059 habuisse,
3139 2997 3320 3067 hujus
3342 2999 3564 3052 sacriﬁ-

1897 3081 2054 3136 cium
2095 3082 2392 3153 rejecisse,
2444 3081 2608 3154 quod
2647 3082 2722 3136 de
2768 3083 3112 3139 inanimatis
3149 3091 3558 3158 appararetur.

1900 3169 2012 3226 Sed
2039 3170 2085 3226 si
2114 3170 2172 3224 id
2199 3171 2278 3225 ita
2299 3169 2418 3233 ﬁet,
2441 3169 2916 3242 haudquaquam
2939 3171 3176 3240 divisio,
3221 3173 3324 3228 sed
3355 3174 3560 3246 ipsum

1895 3258 2254 3316 sacriﬁcium
2299 3263 2695 3325 accusaretur,
2738 3259 2902 3332 quod
2959 3275 3080 3316 non
3136 3261 3422 3320 animalia
3449 3279 3559 3336 pro

1896 3347 2166 3419 frugibus
2195 3348 2450 3403 offerret.
2504 3347 2618 3404 Sed
2650 3363 2772 3404 non
2805 3349 3036 3405 videtur
3071 3349 3188 3406 hoc
3215 3351 3419 3408 divina
3457 3352 3560 3408 illa

1893 3453 2036 3493 voce
2065 3437 2437 3509 increpatum
2467 3455 2484 3508 ;
2518 3437 2592 3492 de
2613 3437 2788 3492 donis
2809 3453 2928 3494 non
2961 3445 3222 3509 accusat,
3243 3441 3562 3514 reprehen-

1893 3527 1976 3584 dit
1997 3531 2230 3583 tantum
2271 3525 2652 3582 divisionem.
2687 3529 2850 3583 Certe
2886 3528 2936 3584 si
2963 3528 3041 3584 ab
3073 3528 3243 3585 initio
3274 3529 3561 3600 agricola—

1893 3616 2117 3672 tionem
2157 3615 2274 3681 ille,
2303 3615 2679 3687 pastoritiam
2708 3615 2814 3672 iste
2855 3617 3234 3689 sequebatur,
3269 3635 3303 3674 a
3331 3619 3558 3676 ratione

1893 3706 2143 3762 omnino
2181 3704 2444 3760 alienum
2485 3709 2574 3760 est
2605 3705 2940 3762 existimare
2989 3707 3235 3762 Cainum
3279 3708 3342 3764 in
3382 3709 3559 3780 culpa

1893 3793 2094 3860 fuisse,
2128 3793 2268 3868 quia
2300 3809 2422 3850 non
2448 3793 2523 3849 de
2553 3793 2762 3849 alienis
2794 3795 2898 3850 sed
2928 3795 3001 3852 de
3031 3799 3153 3850 suis
3189 3795 3556 3854 oblationem

1893 3883 2200 3941 offerebat.
2230 3883 2461 3938 Addere
2482 3883 2632 3953 licet,
2668 3885 2831 3956 quod
2855 3900 2976 3940 non
3003 3886 3062 3940 in
3093 3883 3420 3953 offerendo,
3452 3889 3554 3942 sed

1893 3971 1956 4028 in
1993 3971 2269 4042 eligendo
2307 3971 2440 4026 vitae
2479 3970 2748 4028 instituto
2787 3972 3164 4029 accusandus
3207 3983 3368 4030 erat:
3412 3976 3556 4047 quia

1892 4059 2315 4130 agriculturam
2337 4058 2597 4129 elegerit,
2626 4063 2682 4115 et
2707 4060 2870 4116 fratri
2895 4060 3196 4132 reliquerit
3221 4068 3550 4134 pasturam.

1895 4148 2232 4204 Differentia
2269 4147 2494 4221 quippe
2533 4147 2816 4204 institutae
2849 4150 2978 4205 vita:
3013 4165 3260 4207 causam
3295 4151 3461 4208 dedit
3499 4157 3554 4209 et

1893 4239 2274 4312 principium,
2312 4237 2478 4310 quod
2509 4239 2832 4311 opinantur
2865 4239 3031 4296 illum
3072 4257 3372 4312 peccasse,
3406 4242 3552 4298 dum

1891 4328 1967 4384 de
1988 4327 2278 4383 fructibus
2306 4327 2666 4384 sacrificium
2689 4327 2946 4398 offerret,
2980 4345 3117 4385 cum
3145 4328 3550 4402 illelaudetur,

1892 4417 1996 4488 qui
2013 4415 2296 4474 animalia
2317 4415 2498 4472 dedit.
2520 4416 2631 4472 Sed
2654 4416 2938 4488 deinceps
2961 4418 3210 4474 etiamin
3229 4419 3379 4490 lege,
3399 4436 3554 4492 quo-

1893 4505 2074 4562 modo
2105 4504 2320 4572 simila,
2361 4505 2576 4570 aristae,
2609 4519 2798 4576 panes
2833 4505 3255 4578 propositionis
3285 4508 3362 4564 ad
3389 4507 3556 4564 obla-

1891 4597 2080 4654 tiones
2109 4593 2343 4651 divinas
2372 4593 2818 4667 deputabantur
2849 4595 2878 4651 ?
2913 4597 3083 4662 Quod
3114 4597 3160 4652 si
3193 4615 3222 4648 «
3257 4597 3423 4654 valde
3449 4597 3554 4654 bo-

1890 4699 1970 4740 na
2003 4707 2031 4738 »
2062 4699 2182 4739 non
2209 4683 2424 4756 aliquae
2448 4687 2680 4739 tantum
2704 4699 2799 4740 res
2832 4691 3062 4750 creatae,
3097 4687 3198 4741 sed
3228 4687 3552 4742 universim

1889 4773 2096 4831 omnia
2119 4773 2297 4830 verbo
2330 4773 2660 4829 Conditoris
2685 4774 3205 4843 commendantur,
3229 4792 3362 4848 quas
3397 4776 3550 4832 ratio

1891 4863 2142 4920 suaserit
2181 4868 2245 4919 ut
2283 4863 2508 4918 fructus
2547 4879 2578 4918 e
2619 4867 2792 4934 terra,
2836 4881 2971 4938 quae
3009 4864 3295 4922 humanas
3327 4865 3550 4922 alitioni

1893 4957 2012 5009 tum
2044 4952 2512 5024 deputabuntur,
2553 4953 2970 5010 inhonoranda
2996 4959 3100 5010 aut
3137 4956 3274 5012 vilia
3306 4955 3553 5028 despue-

1890 5047 2092 5098 rentur
2115 5041 2143 5096 ?
2165 5041 2450 5108 Quocirca
2479 5041 2738 5113 priorem
2767 5041 2930 5099 illam
2967 5044 3397 5116 expositionem
3429 5045 3550 5101 lon-

1891 5145 1962 5200 ge
1993 5129 2349 5202 praetulerim
2381 5129 2495 5185 hac
2525 5129 2844 5200 adjectitia.
2889 5134 3036 5188 Nam
3067 5133 3197 5196 ista,
3232 5133 3303 5187 iis
3329 5133 3549 5205 quibus

1887 5219 2038 5275 ratio
2066 5220 2371 5290 ignoratur
2392 5218 2524 5290 puri
2553 5219 2739 5274 nostri
2769 5225 2824 5275 et
2853 5220 2977 5276 sine
3004 5221 3550 5292 sanguine'sacriﬁ-

1888 5309 1981 5376 cii,
2023 5307 2479 5380 quodammodo
2517 5307 2753 5363 videtur
2791 5309 3122 5365 consentire
3156 5333 3167 5363 :
3203 5310 3360 5365 unde
3401 5327 3548 5382 apo-

1891 5404 2040 5456 stata
2068 5396 2340 5452 Julianus
2368 5395 2462 5452 ille
2493 5401 2699 5454 contra
2725 5397 3071 5467 religionem
3093 5399 3383 5466 scribens,
3408 5415 3546 5454 cum

1888 5487 2065 5543 stulta
2092 5490 2148 5540 et
2178 5484 2428 5541 ridicula
2464 5483 2773 5557 proferret,
2815 5487 3130 5544 videbatur
3169 5492 3391 5544 tamem
3423 5503 3541 5542 non

1885 5578 2083 5648 inepte
2095 5589 2203 5631 nec
2223 5574 2484 5631 absurde
2506 5575 2866 5633 Christianos
2897 5577 3352 5650 reprehendere,
3381 5576 3544 5650 quod

1887 5679 2279 5738 nequaquam
2315 5666 2548 5722 Numen
2580 5664 2936 5726 animalibus
2967 5665 3140 5726 eiecis
3175 5665 3544 5724 honorarent
