4136 6198
552 289 656 370 651

1801 309 2044 371 PHOTII
2083 283 2561 371 PATRIARCHE
2600 312 2709 371 cr.

3818 313 3927 368 652

555 437 769 500 σεϐείας
829 435 1060 511 γράφων,
1127 433 1378 490 ἀλλόκοτα
1451 441 1540 511 μὲν
1596 441 1685 493 καὶ
1736 442 1888 514 μωρὰ
1935 442 2167 514 γράφων,
2231 441 2366 514 ὅμως
2441 431 2612 505 ἔδοξέν
2669 457 2722 493 τι
2803 437 2960 512 σοφὸν
3017 437 3107 490 καὶ
3178 430 3598 509 δυσεπιτίμητον
3652 433 3928 492 αἰτιᾶσθαι

551 528 926 601 Χριστιανοὺς,
960 527 1039 579 ὅτι
1075 530 1145 597 μὴ
1180 523 1495 589 ζωοθυσίαις
1522 532 1578 581 τό
1619 536 1769 582 Θεῖον
1797 536 2151 606 γεραίρουσιν.

728 652 1062 719 QUESTIO
1095 655 1178 710 CX
1211 654 1412 725 [CoisL
1445 660 1498 711 et
1538 657 1720 712 Taur.
1753 655 2025 728 CXXXII].

2904 657 3219 707 ΕΡΩΤΗΣΙΣ
3249 649 3347 706 ΡΓ.

612 783 766 838 Edita
799 799 831 837 a
860 781 1196 846 Montacutio,
1237 799 1319 853 ep.
1353 788 1461 846 213,
1495 789 1562 836 ad
1589 789 1926 853 Ειιιεῇεπιοη.
1962 801 2014 853 p.
2053 785 2304 853 3137,7314.
2340 786 2414 837 De
2447 787 2639 837 Christi
2669 785 3000 851 apparitione
3037 785 3092 835 in
3113 785 3493 849 Hierosolymis
3518 781 3848 849 promissam
3872 788 3926 837 in

1719 852 1936 902 Galilaea
1962 852 2351 916 apparitionem
2383 853 2751 914 prmvertente.

619 981 984 1043 Promissum
1016 985 1301 1058 praevenit
1324 987 1599 1043 Servator
1625 990 1868 1059 propter
1897 984 2209 1058 discipulo-

2395 985 2662 1058 Συντέμνει
2691 988 2784 1043 τὴν
2813 978 3109 1056 ὑπόσχεσιν
3164 983 3189 1035 ὁ
3248 987 3444 1058 Σωτὴρ,
3482 978 3578 1035 διὰ
3625 987 3722 1041 τὴν
3755 981 3929 1056 ὄλιγο-

548 1091 682 1132 rum
723 1074 1246 1148 parvanimitatem
1289 1090 1303 1132 :
1345 1079 1402 1131 et
1440 1081 1576 1131 ante
1618 1092 1921 1132 accessum
1962 1075 2019 1130 in
2062 1074 2210 1131 Gali—

547 1164 721 1220 laeam
753 1161 917 1236 apud
956 1163 1396 1237 Hierosolymas
1435 1180 1500 1220 se
1554 1161 1892 1220 manifestat
1935 1181 1947 1219 :
1991 1179 2111 1220 non
2151 1162 2210 1218 in

547 1253 662 1309 hoc
692 1252 1047 1325 promissum
1090 1270 1267 1309 suum
1293 1251 1555 1320 violavit,
1590 1269 1696 1308 nec
1718 1253 1894 1325 longe
1925 1252 2206 1316 differtur,

548 1341 712 1414 quod
777 1347 1020 1414 propter
1079 1359 1362 1414 magnam
1422 1340 1893 1399 misericordiam
1933 1348 2056 1398 tam
2097 1339 2212 1396 cito

549 1429 1014 1503 adimplebatur.
1045 1431 1100 1488 Si
1126 1431 1262 1503 quis
1292 1431 1496 1487 animo
1520 1447 1797 1503 perverso
1822 1431 2125 1486 veritatem
2152 1428 2210 1484 in

548 1519 935 1576 mendacium
955 1524 1177 1575 vertere
1200 1519 1358 1584 velit,
1394 1524 1450 1575 et
1473 1519 1630 1576 dicat
1661 1535 1779 1574 non
1804 1535 1931 1574 esse
1961 1518 2212 1582 veracis,

549 1607 889 1680 promittere
921 1607 1214 1664 visionem
1246 1609 1308 1663 in
1345 1607 1603 1676 Galilaaa,
1638 1607 1801 1664 illam
1832 1624 1973 1663 vero
2022 1607 2214 1662 Hiero-

550 1696 798 1769 solymis
851 1696 1130 1752 exhibere
1183 1712 1196 1754 :
1252 1697 1606 1768 consideret,
1650 1696 1810 1769 quod
1857 1695 1953 1752 ubi
1987 1697 2214 1752 dixerat

549 1787 825 1842 Servator
856 1802 916 1841 se
946 1785 1287 1842 fruitionem
1318 1786 1510 1843 beatae
1537 1786 1724 1858 ipsius
1746 1785 1991 1842 visionis
2014 1785 2072 1841 in
2105 1785 2214 1842 Ga-

548 1871 701 1930 lilaea
743 1873 1166 1946 exbibiturum,
1211 1879 1266 1932 et
1304 1876 1551 1931 omnino
1582 1891 1703 1931 non
1743 1874 2046 1931 exhiberet
2078 1895 2090 1934 :
2122 1875 2213 1931 vel

549 1964 595 2020 si
625 1963 900 2037 adjicere.
940 1961 1366 2036 Hierosolymis
1395 1963 1869 2038 haudquaquam
1895 1961 2095 2036 ipsum
2128 1962 2210 2019 vi-

551 2069 744 2118 suros,
788 2057 844 2108 et
883 2058 1080 2110 tamen
1121 2054 1399 2120 viderent,
1442 2070 1564 2110 non
1605 2055 1730 2110 sine
1758 2054 1918 2126 justa
1958 2053 2211 2109 forsitan

549 2142 779 2199 ratione
810 2139 943 2216 quis
967 2141 1040 2199 de
1064 2143 1378 2201 mendacio
1413 2141 1751 2216 postularet,
1784 2145 1953 2210 Quod
1979 2143 2027 2198 si
2061 2145 2214 2199 Gali-

550 2231 765 2288 laicam
793 2230 1232 2304 apparitionem
1260 2233 1622 2306 praemittens
1653 2240 1708 2289 et
1729 2232 1891 2289 illam
1923 2227 2212 2305 praestitit,

2320 1069 2528 1147 ψυχίαν
2571 1081 2671 1126 τῶν
2713 1073 2959 1148 μαθητῶν
2991 1090 3004 1103 ⁶
3037 1075 3126 1126 καὶ
3173 1075 3274 1148 πρό
3331 1081 3426 1134 τῆς
3457 1071 3733 1133 Γαλιλαίας
3761 1070 3810 1125 ἓν
3842 1071 3930 1125 αῦ-

2321 1168 2430 1225 τοῖς
2469 1159 2846 1237 Ἱεροσολύμοις
2889 1163 3065 1223 αὐτοῖς
3119 1160 3451 1234 ἐμφανίζεται
3485 1180 3497 1194 ·
3541 1167 3630 1215 καὶ
3663 1159 3722 1214 οῦ
3757 1157 3928 1220 δήπου

2321 1259 2472 1305 τοῦτο
2538 1257 2628 1313 τῆς
2711 1251 3018 1324 ἐπαγγελίας
3091 1253 3325 1324 ὑπάρχει
3404 1249 3728 1326 παράϐασις,
3809 1249 3930 1305 οῦδὶ

2321 1339 2508 1394 πολλοῦ
2551 1335 2633 1394 δεῖ
2663 1358 2677 1374 ⁶
2704 1348 2896 1413 ταχεῖα
2945 1337 3002 1394 δὲ
3055 1340 3243 1413 μᾶλλον
3286 1339 3340 1392 ἐκ
3392 1339 3584 1402 πολλῆς
3643 1340 3933 1415 φιλανθρω-

2321 1435 2441 1491 πίας
2494 1429 2834 1505 ἐκπλήρωσις.
2889 1429 2948 1484 Εἰ
3007 1426 3135 1482 δ’ἔτι
3181 1449 3261 1491 τις
3315 1428 3625 1502 ἀγνωμονῶν
3681 1431 3752 1494 εἰς
3810 1429 3934 1502 timi-

2325 1513 2418 1580 δος
2465 1519 2622 1572 ἕλκειν
2648 1524 2742 1577 τὴν
2788 1517 3028 1578 ἀληθειαν
3082 1517 3398 1586 ἐκϐιάςοιτο,
3456 1515 3551 1571 οῦκ
3605 1516 3734 1573 εἶναι
3775 1517 3933 1591 λέγων

2323 1605 2738 1672 ἓπαληθεύοντος,
2790 1607 2838 1659 ἐν
2901 1609 2990 1680 μὶν
3047 1615 3108 1679 τῇ
3175 1606 3422 1680 Γαλιλαίᾳ
3479 1615 3783 1682 παρασχεῖν
3841 1614 3932 1667 τὴν

2324 1695 2442 1768 ὄψιν
2496 1695 2924 1769 ἐπαγγείλασθαι,
2960 1693 3408 1772 ἕνἸεροσολῦμοις
3463 1691 3521 1750 δὲ
3579 1699 3778 1754 ταύτην
3833 1692 3930 1750 δω-

2321 1785 2593 1862 ρήσασθαι
2637 1805 2649 1818 ·
2708 1785 2864 1838 ἐκεῖνο
2920 1783 3110 1858 μᾶλλον
3164 1790 3403 1855 συνιέτω,
3460 1789 3529 1848 ὡς
3584 1790 3722 1860 εἴπερ
3782 1786 3934 1839 εἰπὼν

2324 1877 2579 1951 ὀΣωτὴρ,
2639 1878 2687 1928 ἐν
2745 1879 2807 1949 τῇ
2864 1870 3113 1948 Γαλιλαίᾳ
3166 1871 3348 1928 δοῦναι
3396 1881 3504 1936 τοῖς
3549 1873 3814 1948 μαθηταῖς
3841 1881 3934 1935 τὴν

2323 1959 2611 2017 ἀπόλαυσιν
2663 1969 2757 2026 τῆς
2810 1967 3077 2039 μακαρίας
3127 1963 3242 2026 θεας
3295 1973 3323 2005 η
3374 1962 3587 2029 ἐκείνης,
3640 1958 3753 2016 εἶτα
3805 1959 3935 2037 μηδ’

2324 2052 2447 2115 ὅλως
2475 2057 2740 2129 παρέσχεν
2785 2071 2797 2083 ·
2851 2051 2879 2112 ἦ
2928 2055 3174 2128 προσθεὶς
3227 2053 3276 2106 ἐν
3329 2049 3704 2128 Ἱεροσολύμοις
3763 2047 3936 2126 μηδαο

2325 2151 2434 2215 μῶς
2465 2140 2639 2204 αὐτοῖς
2693 2139 2931 2215 ὀφθῆναι,
2987 2145 3162 2195 ἔπειτα
3213 2143 3383 2214 ὤφθη,
3438 2139 3532 2194 οῦκ
3586 2141 3646 2194 ἂν
3705 2137 3938 2217 ἀφρόνως

2323 2231 2436 2284 λίαν
2493 2232 2560 2293 εἰς
2608 2231 2852 2284 ὑπόνοιαν
2895 2249 2975 2293 τις
3024 2229 3278 2304 ἐξεφέρετο
3331 2239 3423 2284 τοῦ
3479 2225 3728 2302 ψεύδους·
3786 2231 3831 2284 εἰ
3882 2225 3938 2284 δί

553 2337 622 2377 ac
645 2319 823 2376 etiam
848 2321 906 2376 in
928 2321 1345 2394 Hierosolymis
1368 2318 1664 2379 addiderit
1692 2321 1893 2388 aliam,
1923 2318 2026 2376 ubi
2053 2337 2216 2376 men-

2329 2319 2417 2380 τὴν
2473 2317 2520 2372 ἐν
2576 2328 2636 2393 τῇ
2713 2319 2962 2392 Γαλιλαίᾳ
3030 2319 3323 2392 ἐπιφάνειαν
3393 2321 3764 2395 προαῃεῆας,
3847 2325 3936 2374 καὶ

550 2409 705 2464 dacii
750 2425 1089 2481 processus,
1125 2409 1260 2466 licet
1288 2409 1350 2465 in
1400 2410 1535 2466 exili
1568 2407 1886 2482 phantasia
1920 2407 2215 2481 relinqua~

550 2504 642 2552 tur
680 2495 707 2552 ’ἲ
739 2499 863 2553 lmo
911 2515 1096 2568 quare
1135 2514 1255 2553 non
1289 2500 1485 2570 potius
1539 2497 1801 2553 veritatis
1855 2497 2078 2570 duplex
2109 2497 2218 2552 erit

551 2583 920 2657 adimpletio,
951 2584 1106 2640 illius
1127 2601 1309 2657 quam
1332 2585 1622 2658 promisit,
1648 2589 1698 2643 et
1723 2585 1854 2658 ejus
1878 2603 2062 2658 quam
2092 2586 2217 2641 sine

551 2673 848 2746 promisso
880 2673 1203 2746 praestitit?
1231 2675 1346 2732 Sed
1401 2675 1638 2732 ulterius
1671 2671 1911 2732 adverte
1945 2693 1958 2730 :
1994 2674 2043 2730 si
2075 2677 2216 2731 sim-

549 2759 776 2835 pliciter
827 2759 1131 2834 discipulis
1172 2760 1464 2834 pollicitus
1514 2765 1668 2821 esset
1705 2781 1765 2819 se
1809 2765 2003 2819 visum
2052 2764 2120 2819 iri
2158 2763 2217 2819 in

551 2847 813 2918 Galilaea,
845 2855 901 2907 et
939 2847 1032 2907 ille
1059 2851 1222 2924 prius
1253 2852 1471 2909 alicubi
1504 2853 1821 2920 videretur,
1851 2848 1913 2908 in
1945 2852 2220 2909 confesso

551 2939 656 2996 erit
682 2957 801 2996 non
848 2941 1183 2997 mentitum.
1213 2938 1316 2998 Sin
1359 2941 1645 2999 abeuntes
1697 2939 1919 2998 diceret
1965 2942 2218 3008 visuros,

552 3031 611 3086 at
633 3029 708 3084 illi
742 3045 862 3085 non
893 3027 1145 3098 abirent,
1187 3030 1410 3104 quippe
1443 3029 1545 3103 qui
1576 3030 1933 3088 miraculum
1961 3030 2107 3087 illud
2139 3046 2224 3086 re-

552 3113 936 3174 surrectionis
955 3135 1344 3192 nequaquam
1365 3120 1604 3176 firmiter
1627 3119 1955 3190 credentes,
1978 3124 2063 3190 ut,
2089 3122 2225 3176 reli-

552 3205 659 3261 ctis
674 3205 1109 3278 Hierosolymis,
1130 3206 1297 3262 illum
1328 3208 1386 3263 in
1411 3206 1646 3264 Galilma
1673 3207 1996 3264 videndum
2017 3225 2225 3282 exspe—

553 3297 822 3349 ctarent:
872 3294 1181 3366 quomodo
1213 3311 1334 3350 non
1367 3295 1724 3353 irrationalis
1778 3304 1864 3352 est
1896 3295 2100 3368 opinio
2151 3295 2223 3353 de

555 3380 865 3463 mendacio
924 3387 978 3438 et
1026 3383 1422 3455 sycophantia
1465 3385 1493 3439 ?
1551 3385 1662 3440 Sed
1709 3389 1764 3440 et
1815 3383 2042 3458 absque
2101 3385 2225 3441 istis

557 3467 879 3541 praedictis,
946 3471 1158 3527 intueri
1202 3469 1475 3544 inprimis
1536 3478 1784 3546 Oportet,
1853 3473 2017 3545 quod
2096 3473 2227 3531 licet

560 3547 981 3630 Hierosolymis
1023 3555 1232 3625 adfuit,
1283 3563 1340 3616 et
1392 3561 1551 3615 visus
1610 3565 1695 3616 est
1743 3559 2051 3632 discipulis
2105 3563 2226 3618 suis

2326 2413 2515 2468 ταύτην
2574 2405 2861 2484 ἐπλήρωσε,
2917 2413 3006 2461 καὶ
3067 2413 3161 2467 τὴν
3215 2409 3264 2461 ἐν
3310 2406 3689 2482 Ἰεροσολύμοις
3752 2407 3937 2481 ἐχαρίο

2328 2517 2474 2568 σατο,
2510 2500 2609 2551 ποῦ
2655 2506 2726 2570 τῷ
2774 2495 2961 2570 ψεύδει
3007 2493 3261 2573 πάροδος,
3289 2497 3384 2550 κᾶν
3427 2505 3552 2568 γοῦν
3592 2497 3641 2550 ἒν
3670 2497 3802 2570 ψιλῇ
3835 2519 3936 2550 τινι

2325 2587 2687 2640 καταλείποιτο
2741 2591 3050 2660 φαντασίας
3101 2583 3304 2640 Μᾶλλον
3358 2579 3438 2652 δί,
3489 2593 3596 2648 πῶς
3643 2587 3736 2640 οῦκ
3768 2590 3930 2650 ἔστιν,

2327 2675 2396 2739 ὡς
2425 2677 2485 2728 ἄν
2515 2696 2590 2736 τις
2622 2679 2775 2743 εἴποι,
2819 2673 2978 2734 διπλή
3029 2691 3110 2738 τις
3149 2685 3244 2738 τῆς
3296 2671 3536 2736 ἀληθείας
3579 2673 3930 2749 ἐκπλήρωσις,

2328 2760 2394 2815 ὧν
2439 2784 2490 2816 τε
2542 2761 2820 2836 ὑπέσχετο,
2878 2769 2967 2816 καὶ
3019 2761 3086 2815 ὧν
3139 2761 3276 2836 μηδὲ
3321 2765 3687 2837 ὑποσχόμενος
3744 2762 3931 2838 ἐχαρί-

2332 2847 2656 2927 σατο;”ορα
2706 2845 2763 2906 δὲ
2811 2852 3014 2905 κάκεῖνο
3044 2871 3054 2883 ·
3090 2848 3133 2905 εἰ
3164 2855 3252 2924 μὲν
3313 2850 3485 2916 ἀπλῶς
3545 2847 3604 2912 ἦν
3655 2855 3934 2926 προαγγεί-

2329 2942 2424 3005 λας
2454 2939 2502 2994 ἒν
2541 2943 2602 3015 τῇ
2664 2937 2911 3015 Γαλιλαίᾳ
2953 2947 3062 3004 τοῖς
3107 2943 3364 3015 μαθηταῖς
3409 2941 3790 3017 ὁραθήσεσθαι,
3824 2943 3850 2993 ό
3879 2938 3936 2994 dt

2334 3028 2566 3103 ἀλλαχοῦ
2613 3033 2858 3105 πρότερον
2910 3031 3110 3102 ὡράθη,
3168 3033 3608 3106 σνγκεχωρείσθω
3661 3033 3752 3082 καὶ
3799 3027 3936 3104 μηδὲ

2333 3126 2514 3193 χώραν
2563 3118 2684 3192 ἔχον
2737 3122 2794 3172 τὸ
2851 3116 3066 3190 ψεῦδος.
3119 3121 3178 3173 Εἰ
3222 3115 3280 3172 δε
3331 3117 3645 3181 ἀπελθόντας
3676 3121 3769 3192 ἔφη
3824 3119 3938 3190 ὄψε-

2338 3211 2481 3276 σθαι,
2525 3213 2572 3261 οὶ
2619 3205 2676 3261 δὲ
2720 3209 2862 3262 οὔπω
2912 3211 3266 3284 παρεγένοντο,
3328 3202 3450 3261 οῦδέ
3495 3212 3596 3282 γὰρ
3653 3203 3714 3267 ἦν
3767 3203 3938 3268 αὐτοῖς

2335 3293 2758 3372 ἐνεστηριγμένον
2807 3299 2864 3349 τό
2922 3301 3016 3360 τῆς
3067 3291 3398 3360 ἀναστάσεως
3463 3299 3660 3369 θαῦμα,
3718 3295 3803 3349 ίνα
3856 3301 3937 3349 τὸν

2338 3383 2652 3455 ἀνασταντα,
2720 3389 2785 3439 τὰ
2839 3386 3170 3459 Ἱεροσολύμα
3215 3383 3467 3452 λιπόντες,
3521 3385 3589 3449 εἰς
3641 3391 3731 3445 τὴν
3787 3385 3935 3440 Γαλι-

2333 3473 2480 3527 λαίαν
2536 3472 2664 3528 ἰδεῖν
2704 3471 3119 3548 προσδοκήσωσι
3151 3489 3163 3505 ⁸
3197 3479 3306 3538 πῶς
3358 3474 3447 3527 οὐκ
3507 3474 3754 3538 ἀσύνετος
3815 3477 3934 3548 mp6-

2336 3554 2440 3638 δρα
2468 3572 2558 3626 τῆς
2602 3559 2684 3616 ἐπὶ
2737 3567 2808 3635 τῷ
2855 3557 3040 3634 ψεύδει
3101 3552 3448 3637 συκοῲιντίας
3487 3563 3516 3623 ἡ
3560 3555 3689 3627 δόξα
3722 3577 3737 3630 ζ
3771 3570 3938 3639 Χωρὶς

562 3644 850 3712 Servator,
889 3664 1008 3702 non
1057 3651 1255 3705 tamen
1310 3647 1713 3721 principaliter
1744 3649 1827 3705 illi
1856 3665 1994 3704 eum
2043 3653 2217 3710 intue.

2336 3647 2394 3705 δὲ
2444 3655 2542 3705 τῶν
2586 3647 2862 3729 εἰρημένων
2915 3655 3135 3728 συνορᾴν
3181 3649 3414 3726 μάλιστα
3462 3648 3665 3721 δεήσει,
3724 3655 3796 3715 ὡς
3845 3649 3938 3705 κᾶν

559 3737 798 3792 bantur.
835 3737 946 3803 Qui
977 3736 1136 3793 enim
1167 3744 1429 3810 possent,
1462 3735 1563 3812 qui
1609 3755 1670 3795 se
1723 3735 1991 3811 spiritum
2025 3739 2224 3797 videre

560 3823 906 3897 putabant?
936 3823 1100 3892 Quod
1132 3826 1176 3882 si
1197 3832 1396 3884 autem
1418 3833 1625 3900 postea
1656 3825 1998 3894 credebant,
2023 3834 2222 3886 tamen

563 3929 671 3969 nec
720 3913 863 3970 illud
895 3932 1182 3987 magnum
1227 3911 1354 3972 fuit.
1417 3916 1566 3984 Quid
1624 3917 1783 3974 enim
1819 3921 2032 3989 praeter
2090 3918 2222 3985 hoc,

565 4025 592 4056 «
620 4001 902 4076 Spiritum
930 4022 1170 4062 carnem
1198 4010 1255 4062 et
1292 4023 1426 4063 ossa
1457 4024 1577 4063 non
1636 4003 1858 4064 habere
1879 4007 1948 4074 ⁷⁸,
1984 4030 2012 4062 ››
2035 4007 2220 4080 quod,

563 4094 668 4167 qui
697 4099 946 4150 mortem
975 4094 1220 4162 obierat,
1257 4091 1572 4153 resurrexit
1601 4096 1628 4152 ?
1656 4094 1944 4162 Quocirca
1975 4097 2104 4153 illos
2133 4093 2221 4152 in-

565 4199 818 4256 crepans
851 4177 932 4238 ait
965 4200 977 4238 :
1011 4207 1038 4236 ‹‹
1074 4185 1224 4250 Quid
1258 4185 1478 4242 turbati
1509 4187 1647 4242 estis
1676 4185 1705 4239 ‘?
1732 4183 2028 4255 Quorsum
2068 4180 2224 4256 cogi-

566 4273 818 4328 tationes
847 4273 1181 4328 ascendunt
1206 4273 1263 4328 in
1305 4275 1487 4330 corda
1519 4280 1716 4330 vestra
1744 4275 1792 4311 ⁷⁷
1818 4275 1846 4330 Ῡ
1877 4296 1903 4328 ››
1949 4270 2069 4330 Hoc
2101 4291 2220 4331 non

567 4365 690 4417 erat
717 4378 924 4416 eorum
947 4361 1049 4433 qui
1081 4363 1297 4418 animis
1341 4361 1572 4420 fuerant
1601 4359 1956 4434 confirmati,
1987 4364 2089 4436 qui
2116 4361 2225 4418 im-

570 4447 888 4505 mobilibus
902 4447 1124 4506 veritati
1142 4449 1470 4508 rationibus
1485 4449 1890 4508 adhaerebant.
1906 4449 1963 4506 ln
1985 4449 2226 4509 Galilma

568 4555 772 4595 revera
800 4539 1067 4595 viderunt
1099 4556 1258 4607 eum,
1288 4539 1510 4596 ibidem
1541 4537 1804 4597 revelato
1827 4536 2010 4597 modo
2042 4543 2227 4596 mani-

569 4627 886 4683 festabatur
917 4645 929 4683 :
963 4625 1125 4700 quod
1182 4643 1363 4700 quem
1406 4627 1792 4685 intuebantur
1838 4625 2045 4696 oculis,
2099 4627 2225 4702 ipse

572 4721 749 4787 esset,
803 4739 830 4765 ‹‹
885 4717 990 4800 qui
1034 4719 1240 4772 mortis
1287 4718 1612 4773 dominium
1670 4719 2033 4790 spoliaverat
2057 4714 2152 4784 ⁷⁸;
2201 4743 2219 4768 ι

571 4801 717 4878 ipse,
753 4826 778 4856 «
806 4806 908 4877 qui
935 4821 1132 4861 rerum
1173 4806 1443 4862 omnium
1477 4823 1610 4879 quae
1638 4807 1698 4861 in
1730 4803 1876 4863 caelo
1909 4810 2044 4863 sunt
2067 4825 2133 4863 ac
2166 4809 2224 4862 in

573 4897 725 4949 terra
748 4895 1094 4965 potestatem
1113 4901 1423 4966 acceperat
1442 4899 1497 4951 et
1517 4893 1852 4952 dominium
1884 4893 1952 4960 τ’,
1981 4918 2007 4945 ››
2033 4913 2227 4969 quan-

2333 3737 2381 3792 ἐν
2428 3739 2800 3816 Ἰεροσολύμοις
2857 3738 3067 3813 ἐπέστη,
3129 3747 3218 3795 καὶ
3267 3741 3411 3816 ὤφθη
3461 3750 3564 3803 τοῖς
3621 3741 3937 3815 μαθηταίςό

2333 3833 2530 3898 Σωτὴρ,
2605 3826 2711 3882 ἀλλ’
2766 3827 2853 3883 οῦν
2910 3829 2998 3883 τοῦ
3066 3836 3257 3904 κυρίως
3305 3830 3486 3884 ἐκεῖνοι
3564 3835 3746 3884 τοῦτον
3807 3827 3939 3884 ἐθεά-

2336 3939 2490 3972 σαντο
2547 3938 2561 3951 ·
2608 3927 2712 3981 πῶς
2754 3921 2855 3993 γὰρ
2903 3914 3092 3994 ἐώρων,
3147 3917 3198 3972 οἵ
3244 3939 3303 3992 γε
3348 3927 3549 3992 πνεῦμα
3591 3919 3798 3995 θεωρεῖν
3829 3917 3939 3974 ἐδό-

2553 4005 2613 4060 Εί
2657 4001 2715 4061 δὲ
2767 4012 2856 4061 καὶ
2909 4004 3124 4083 ὕστερον
3177 4003 3464 4076 ἐπίστευον,
3501 4003 3610 4062 ὰλν
3641 4004 3770 4063 οῦδὲ
3814 4013 3941 4063 οὕτω

2333 4101 2468 4170 μέγα
2499 4114 2512 4128 ⁵
2542 4101 2593 4150 τί
2636 4099 2758 4172 γὰρ,
2792 4096 2923 4157 πλὴν
2980 4093 3056 4150 δτι
3101 4121 3127 4147 ‹‹
3169 4103 3376 4170 Πνεῦμα
3426 4094 3598 4171 σοίρκα
3645 4103 3736 4151 καὶ
3789 4095 3942 4152 ὀστέα

2333 4185 2427 4239 οῦκ
2456 4186 2586 4257 ἔχει,
2625 4209 2650 4237 ››
2683 4191 2772 4239 καὶ
2801 4183 2881 4239 ὅτι
2910 4183 3062 4248 αὐτὸς
3087 4187 3112 4238 ό
3142 4183 3455 4248 θανατωθεὶς
3501 4187 3592 4239 καὶ
3645 4181 3896 4246 ἀνέστηκε
3925 4201 3937 4253 ;

2334 4277 2432 4328 Λιὸ
2481 4280 2569 4327 καὶ
2621 4269 2870 4348 ἐπιτιμῶν
2928 4275 3100 4336 αὐτοῖς
3150 4271 3305 4346 {Ar/5"
3366 4296 3393 4327 ι(
3452 4277 3515 4328 Τί
3571 4281 3941 4350 τεταραγμένοι

2335 4357 2474 4425 ἐστὲ,
2505 4363 2594 4416 καὶ
2645 4355 2737 4416 διὰ
2765 4369 2818 4417 τὶ
2870 4363 3116 4436 λογισμοὶ
3165 4359 3532 4417 ἀναϐαίνουσιν
3565 4361 3613 4417 ἓν
3657 4373 3778 4427 ταῖς
3823 4379 3943 4439 κάρα

2335 4442 2480 4514 δίαις
2528 4455 2668 4524 ὑμῶν
2697 4468 2711 4518 ;
2743 4474 2771 4505 ››
2813 4454 2934 4526 ὅπερ
2981 4453 3073 4505 οῦκ
3106 4451 3165 4511 ἧν
3219 4453 3600 4528 ἐστερεωμένων
3650 4453 3771 4516 τατς
3821 4457 3942 4525 7%-

2334 4560 2473 4614 μαις,
2524 4533 2638 4593 οὐδ’
2695 4540 2960 4604 ἀκινήτοις
3012 4540 3292 4614 χρωμένων
3359 4539 3476 4614 περὶ
3549 4547 3642 4600 τὴν
3701 4540 3942 4600 ἀλήθειαν

2333 4633 2442 4690 τοῖς
2471 4624 2760 4702 λογισμοῖς,
2791 4625 2871 4683 Ἐν
2897 4631 2958 4703 τῇ
3008 4627 3255 4703 Γαλιλαίᾳ
3313 4621 3372 4682 δὲ
3412 4622 3612 4691 ἀληθῶς
3667 4627 3943 4683 ἐθεάσαντο

2333 4722 2422 4769 καὶ
2453 4710 2591 4769 εἶδον
2621 4733 2632 4747 ⁸
2668 4712 2828 4769 ἐκεῖσε
2867 4715 2969 4790 γὰρ
3022 4715 3197 4779 αὐτοῖς
3252 4713 3609 4790 ἀποκαλυφθξν
3654 4715 3940 4791 ἐτρανώθη,

2335 4805 2402 4868 ὡς
2428 4803 2480 4857 ὃν
2515 4800 2768 4878 βλέπουσι
2797 4805 2885 4858 καὶ
2917 4810 3128 4881 ὁρῶσιν,
3179 4805 3330 4868 αὐτὸς
3381 4811 3470 4879 μέν
3520 4805 3663 4859 ἐστιν
3719 4829 3746 4857 (ι
3791 4807 3817 4860 ό
3858 4813 3943 4860 τοῦ

3359 4895 3517 4956 αὐτὸς
3549 4887 3609 4949 δὲ
3662 4895 3689 4948 ὁ
3741 4900 3943 4950 πάντων

2333 4028 2454 4060 κουν
2492 4029 2504 4073 ς

2338 4893 2557 4947 θανάτου
2610 4895 2901 4956 σκυλεύσας
2931 4899 2988 4947 τὸ
3035 4891 3224 4968 κράτος
3281 4910 3294 4922 ·

574 4985 652 5038 do
680 5000 981 5038 summam
1024 4987 1079 5039 et
1133 4983 1428 5042 excelsam
1461 4984 1823 5054 apostolatus
1875 4981 2217 5056 dignitatem

2335 4983 2543 5039 ἅπασαν
2581 4989 2680 5038 τῶν
2716 4979 2799 5038 ἐπὶ
2855 4989 2956 5058 γῆς
3009 4989 3098 5038 καὶ
3152 4983 3371 5059 οὖρανῷ,
3421 4989 3514 5044 τὴν
3571 4979 3818 5049 ἐξουσίαν
3861 4992 3941 5038 καὶ

576 5089 754 5144 super
775 5069 982 5128 orbem
1001 5071 1344 5129 universum
1365 5073 1636 5131 collatam
1661 5073 2053 5148 accipiebant.
2075 5077 2224 5141 Qua-

577 5178 633 5217 re
656 5163 957 5217 doctorem
987 5180 1155 5217 suum
1184 5161 1453 5237 discipuli
1483 5179 1688 5220 revera
1715 5161 1771 5219 in
1797 5161 2041 5221 Galilaea
2071 5163 2225 5220 vide-

577 5251 741 5315 bant,
773 5249 1092 5307 Dominum
1111 5257 1165 5308 et
1194 5269 1352 5320 cum,
1376 5258 1662 5327 potestate
1684 5254 1965 5310 omnibus
1990 5255 2228 5327 imposi-

647 5395 695 5430 η
726 5395 860 5450 Luc.
894 5403 1056 5459 xxnv,
1088 5393 1180 5450 39.
1257 5396 1302 5431 ⁷⁷
1333 5395 1476 5451 ibid.
1507 5397 1595 5450 38.
1695 5396 1743 5432 το
1775 5396 1951 5452 Hebr.
1989 5411 2047 5464 ιι,
2094 5396 2178 5452 14.

2334 5081 2619 5150 κυριότητα
2674 5067 3126 5147 ἀναδεδεγμένοςο
3160 5088 3171 5105 '
3209 5071 3348 5127 »ὅτε
3403 5077 3492 5126 καὶ
3545 5073 3603 5127 τὸ
3664 5080 3803 5148 μέγα
3857 5093 3945 5140 καὶ

2336 5163 2534 5235 ὑψηλόν
2565 5167 2660 5225 τῆς
2709 5159 3002 5225 ἀποστολῆς
3057 5159 3280 5236 ἀξίωμα,
3337 5172 3426 5226 τῆς
3471 5162 3567 5216 ἀνὰ
3626 5171 3804 5217 πᾶσαν
3857 5166 3945 5222 τήν

2334 5246 2639 5312 οἰκόυὸένην
2695 5251 3075 5326 περιεϐάλοντο.
3125 5259 3433 5328 Τοιγαροῦν,
3484 5250 3531 5305 ἐν
3701 5251 3948 5324 Γαλιλαία

2255 5397 2304 5435 7°
2338 5395 2544 5452 Matth.
2576 5412 2774 5463 xxvm,
2812 5395 2991 5452 l8-20.

1996 5557 2221 5615 VARUS
2259 5555 2662 5615 LECTIONES.

649 5715 676 5746 ο
708 5699 773 5761 σῖ
813 5703 878 5760 Μ.
926 5698 1161 5777 θεωρίας.
1197 5714 1223 5745 ο
1254 5697 1316 5757 C.
1359 5696 1431 5760 Μ.
1476 5691 1929 5774 ἀναδεδειγμένος.
