4136 6198
259 291 366 351 653

1258 290 1356 347 AD
1390 287 1942 350 AMPHILOCHIUM
1980 290 2312 361 QUESTIO
2351 294 2465 362 CX,
2510 293 2650 351 CXI.

3508 301 3628 368 ἷ654

254 418 342 470 τὸν
394 411 738 482 διδάσκαλον,
790 415 860 477 ὡς
911 414 1135 483 ἀληθῶς,
1176 416 1225 469 0i
1276 418 1511 489 μαθηταὶ
1561 416 1856 472 ίθιάσαντο·

1972 425 2097 475 tum
2142 418 2355 476 divinas
2399 419 2649 493 Spiritus
2700 418 2892 478 sancti
2929 419 3137 491 gratias
3195 422 3622 495 elargitorem:

261 510 451 581 Κύριον
494 508 596 580 γὰρ
646 510 736 558 καὶ
777 505 1125 568 ἄξουσιαστήν
1157 512 1250 559 τοῦ
1277 511 1490 575 παντὸς,
1520 514 1615 569 τῆς
1656 528 1711 561 τε
1751 509 1863 581 χά-

254 616 399 672 ριτος
466 604 559 649 τοῦ
629 599 887 668 παναγίου
950 598 1243 669 Πνιύματος
1306 601 1561 671 χορηγὸν,
1615 602 1706 650 καὶ
1761 606 1861 649 τῶν

253 686 422 739 ἄλλων
481 684 688 758 ἀγαθῶν
738 689 928 758 ταμίαν
974 690 1091 738 τότε
1141 686 1332 759 μᾶλλον
1384 687 1413 745 ἡ
1472 691 1718 760 πρότερον
1777 683 1862 739 δι-

255 774 563 849 δαχθέντες,
595 779 942 834 κατενόησαν,
982 776 1302 838 Παναληθῶς
1325 777 1430 851 ἄρα
1451 782 1541 829 καὶ
1572 779 1864 851 θεοπρεπῶς

253 869 349 939 ἔφη
383 866 410 918 ὁ
449 868 695 938 Χριστὸς,
726 864 824 918 κᾶν
864 863 913 916 ἄν
940 863 1316 938 Ἰεροσολύμοις
1351 862 1529 919 ἑαυτὸν
1555 862 1864 939 προύπίδει-

254 956 357 1026 ξεν,
413 955 590 1029 ὅτιπερ
640 956 690 1007 οἱ
728 953 963 1027 μαθηταὶ
1012 959 1108 1014 τὴν
1153 954 1429 1009 Γαλιλαίαν
1470 950 1859 1024 καταλαϐόντες,

252 1043 364 1097 ἕκιῖ
383 1044 541 1097 αὐτὸν
568 1041 806 1117 ὄψονται.

810 1173 1126 1223 armum:
1164 1164 1315 1227 PIA'.
1376 1194 1381 1199 ~

318 1307 475 1358 Edita
501 1321 536 1358 a
566 1307 910 1367 Montacutio,
936 1322 1020 1374 ep.
1052 1311 1160 1367 214,
1193 1310 1260 1360 ad
1287 1310 1606 1376 stephanum,
1638 1324 1690 1374 (ι.
1722 1310 1952 1365 3154317.

328 1455 356 1483 ‹‹
398 1434 476 1485 Τὰ
506 1426 697 1485 εἴδωλα
744 1442 842 1486 τῶν
893 1432 1046 1487 ἐθνῶν
1077 1433 1322 1511 ἀργύριον
1353 1441 1444 1489 καὶ
1472 1441 1698 1512 χρυσίον
1735 1439 1860 1509 ἔργα

249 1528 453 1595 χειρῶν
512 1521 811 1598 ἀνθρώπων.
850 1545 877 1573 ia
928 1529 990 1577 Τί
1040 1519 1100 1577 δὲ
1152 1527 1217 1577 τὰ
1289 1521 1541 1578 σπονδεῖα
1590 1534 1685 1588 τῆς
1758 1534 1856 1577 τῶν

246 1618 584 1687 Χριστιανῶν
618 1612 914 1687 θρησκείας,
956 1616 1046 1665 καὶ
1093 1616 1139 1665 0i
1178 1623 1454 1687 κρατῆρες,
1505 1619 1594 1668 καὶ
1648 1616 1701 1667 αἱ
1750 1614 1858 1667 θυί-

255 1720 403 1773 σκαι,
438 1704 527 1753 καὶ
576 1702 624 1753 οἱ
672 1708 762 1753 τοῦ
809 1709 1039 1774 σταυροῦ
1086 1704 1240 1755 τύποι
1287 1708 1376 1756 καὶ
1406 1706 1571 1780 μυρία
1600 1701 1765 1769 (illa;
1796 1698 1857 1754 ἐῶ

249 1792 356 1864 γὰρ
410 1790 567 1843 εἰπεῖν
613 1796 703 1850 τῆς
752 1796 1044 1853 Μωσαῑκῆς
1093 1790 1276 1852 θυσίας
1321 1795 1385 1845 τὰ
1426 1790 1700 1866 σύμϐολασ
1733 1791 1857 1864 οὐχὶ

253 1876 527 1952 ἀργύριον,
578 1882 667 1931 καὶ
695 1882 946 1952 χρυσίον,
993 1885 1080 1932 καὶ
1129 1880 1275 1945 ξύλα,
1320 1886 1409 1934 καὶ
1454 1886 1738 1956 χρώματα,
1770 1882 1858 1932 καὶ

252 1968 382 2043 ἔργα
434 1976 629 2042 χειρῶν
686 1965 963 2043 ἀνθρώπων
988 1987 1001 2038 ;
1044 1974 1127 2028 Μὴ
1173 1974 1391 2042 γένοιτο·
1435 1966 1492 2023 οὐ
1531 1973 1632 2044 γὰρ
1684 1970 1859 2043 ἀργύ-

248 2061 367 2132 ρίον
424 2058 577 2127 εἰσιν,
634 2054 739 2109 ἀλλ’
798 2055 851 2121 ἐξ
918 2055 1191 2134 ἀργύρου·
1247 2054 1369 2112 οὐδὲ
1424 2065 1673 2136 χρυσίον,
1733 2056 1859 2110 ἀλλά

252 2153 470 2219 χρυσοῦ
534 2151 895 2221 πεποιημένασ
940 2143 1064 2200 οὐδὲ
1113 2146 1257 2220 ξύλα,
1328 2146 1356 2208 ἦ
1411 2156 1695 2224 χρώματα,
1752 2145 1858 2199 ἀλλ’

251 2235 384 2295 ὕλην
426 2240 517 2309 μὲν
561 2239 674 2308 ἔχει
716 2244 899 2289 ταῦτα.
930 2234 1135 2310 Ἕτερον
1170 2234 1229 2290 δέ
1277 2258 1326 2290 τι
1374 2236 1513 2290 ἔστιν
1557 2236 1611 2290 ἐκ
1641 2238 1854 2304 τούτων,

254 2322 551 2398 θαυμάσιον
604 2322 708 2378 οἷον
768 2325 1212 2398 συντετελεσμένον
1242 2345 1255 2357 “
1303 2327 1361 2380 οὐ
1415 2333 1518 2401 μὴν
1576 2324 1690 2380 οὐδ’
1744 2330 1859 2379 ἔστι

248 2424 451 2491 χειρῶν
495 2412 774 2489 ἀνθρώπων
814 2419 1103 2479 παιζόντων
1135 2418 1251 2492 περὶ
1294 2423 1387 2476 τὴν
1427 2416 1571 2483 ὕλην,
1605 2422 1771 2490 χωρίς
1806 2436 1859 2469 τε

250 2506 436 2567 πάσης
474 2502 720 2578 ἐνεργείας
779 2506 917 2568 θείας
992 2508 1049 2557 τὸ
1106 2511 1467 2581 παρεμπίπτον
1512 2507 1679 2559 αὐτῶν
1743 2513 1859 2568 ταῖς

250 2590 516 2656 διανοίαις
566 2592 1006 2650 ἁναπλαττόντων,
1064 2597 1158 2646 Διὰ
1208 2604 1379 2658 τοῦτο,
1435 2597 1501 2647 τὰ
1555 2596 1644 2667 μὲν
1707 2590 1857 2647 οὐδὲν

246 2680 423 2755 ἕτερον
469 2680 579 2735 ἐστι
631 2682 763 2741 πλὴν
809 2682 938 2741 αὑτὴ
982 2685 1011 2742 ἠ
1055 2678 1150 2741 ὕλη
1200 2684 1632 2757 περιυϐρισμένη,
1688 2688 1778 2736 καὶ
1830 2682 1855 2735 ὁ

245 2778 352 2823 τῶν
412 2769 740 2844 ἀνθρωπίνων
791 2779 985 2845 χειρῶν
1057 2770 1425 2833 ἀνεηίσκεπτός
1484 2792 1537 2825 τε
1603 2776 1691 2824 καὶ
1742 2770 1857 2825 ἁλόο

241 2880 432 2932 γιστος
485 2864 656 2922 πόνοςο
713 2861 780 2913 τὰ
833 2854 891 2912 δὲ
945 2863 1268 2935 μορφάζεται
1324 2865 1414 2933 μεν
1462 2865 1545 2914 ἐπὶ
1610 2867 1671 2935 τῇ
1734 2862 1853 2935 ὕλῃ,

243 2955 340 3002 καὶ
390 2954 482 3008 τὴν
537 2958 697 3023 χεῖρα
749 2948 1110 3022 ὑπηρετοῦσαν
1168 2954 1302 3023 ἔχει,
1361 2948 1467 3002 ἀλλ’
1528 2951 1716 3003 ἄνωθεν
1770 2972 1855 3004 κι-

241 3043 519 3112 νουμένην·
582 3039 914 3114 ὑπηρετείται
965 3042 1066 3113 γὰρ
1128 3047 1239 3101 ταῖς
1310 3041 1502 3092 ἄνωθεν
1564 3039 1853 3102 ἐπιπνοίαις

240 3133 338 3181 καὶ
386 3124 659 3200 λογισμοῖς
712 3129 951 3203 ἔμφροσι,
1002 3133 1091 3180 καὶ
1130 3132 1261 3202 πρὸς
1303 3133 1396 3188 τὴν
1441 3126 1622 3188 εὐσεϐῆ
1676 3134 1851 3201 κρίσιν
1886 3103 1926 3159 C

242 3216 578 3290 ἀνηγμένοις.
638 3219 913 3289 Προσύχες
969 3229 1016 3287 Ρ,
1080 3218 1421 3290 Εἰκονομςίχε,
1491 3223 1580 3269 καὶ
1632 3222 1703 3291 μή
1766 3217 1851 3270 ἐπ-

242 3307 551 3378 αισχυνθῇς
603 3308 805 3379 μαθεῖν,
866 3300 938 3358 δι’
1010 3302 1076 3357 ὧν
1148 3306 1412 3378 αὶσχύνης
1481 3317 1697 3382 φρικτὴς
1755 3302 1850 3359 ἀπ-

243 3394 475 3469 αλλάττῃ
521 3407 570 3462 (Ι,
618 3399 706 3446 καὶ
765 3389 919 3452 δίκην
981 3394 1209 3468 ἄφυκτον
1276 3403 1451 3468 φυγεῖν
1522 3393 1840 3468 ἐξευρήσεις.

238 3484 449 3557 ’Ὠσπερ
504 3480 563 3536 δι
615 3483 677 3535 τὰ
726 3485 951 3557 ἡμέτερα
997 3478 1246 3536 σπονδεῖα
1307 3489 1395 3536 καὶ
1456 3487 1504 3536 οἱ
1573 3494 1846 3559 κρατῆρες,

240 3578 337 3625 καὶ
385 3573 440 3623 αἱ
488 3574 722 3637 θυῐσκαι,
769 3576 858 3623 καὶ
911 3572 959 3624 οἱ
1001 3578 1093 3624 τοῦ
1148 3581 1372 3644 σταυροῦ
1422 3574 1595 3640 τύποι,
1649 3578 1738 3625 καὶ
1786 3572 1850 3625 τὰ

242 3656 615 3735 παραπλήσια,
664 3660 721 3713 οὖ
773 3665 1001 3735 χρυσὸς,
1054 3660 1147 3713 οὐκ
1191 3659 1437 3737 ἄργυρος,
1492 3658 1615 3714 οὐδὲ
1664 3660 1845 3725 ξύλων.

243 3756 273 3811 ἦ
326 3748 630 3824 χρωμάτων
680 3746 794 3807 ὕλη.
838 3744 953 3802 οὐδ’
1008 3750 1132 3823 ἔργα
1182 3758 1376 3823 χειρῶν
1418 3748 1716 3823 ἀνθρώπων·
1765 3748 1849 3802 οὖ-

239 3860 352 3900 τως
404 3834 527 3891 οὐδὲ
569 3841 635 3891 τὰ
684 3840 796 3912 ἱερὰ
852 3838 995 3912 ἡμῶν
1039 3847 1137 3891 τῶν
1193 3840 1564 3913 εἰκονισμάτων
1623 3836 1848 3893 ἐκτυπώ-

232 3946 410 4003 ματα,
441 3928 533 3979 οὐκ
580 3928 716 3981 ἔστιν
767 3924 1032 4003 ἀργύριον,
1080 3924 1202 3981 οὐδὲ
1252 3934 1499 4002 χρυσίον,
1547 3922 1669 3983 οὖδέ
1715 3927 1845 4002 χαλ-

231 4022 350 4088 κὸς,
381 4015 439 4069 οὗ
478 4022 582 4089 μὴν
622 4008 743 4071 οὐδέ
771 4023 1034 4090 χρώματα
1082 4015 1195 4070 οὐδ’
1223 4020 1349 4092 ἔργα
1380 4022 1530 4091 (μήτι
1560 4023 1773 4091 γένηται
1808 4019 1845 4089 Ξ)

230 4114 438 4181 χειρῶν
481 4103 827 4180 ἀνθρωπίνων.
890 4110 996 4170 Τῆς
1051 4109 1152 4180 γὰρ
1208 4104 1446 4160 ἀνέκαθεν
1499 4104 1846 4169 ἀποστολικῆς

232 4216 294 4249 τε
352 4201 441 4247 καὶ
498 4204 754 4268 πατρικῆς
804 4191 1169 4271 παραδόσεως,
1223 4199 1281 4248 τὸ
1352 4199 1482 4250 θεῖον
1539 4201 1627 4250 καὶ
1694 4190 1847 4248 (λαλιά-

231 4304 441 4338 πτωτον
492 4290 754 4360 κήρυγμα,
800 4280 905 4338 οἷον
948 4305 1023 4345 τις
1078 4288 1302 4358 ἔμπνους
1348 4289 1527 4359 σοφία,
1588 4290 1680 4345 τὴν
1720 4285 1844 4345 ὓλην

233 4372 706 4446 ἀπολαμϐάνουσα,
769 4380 858 4426 καὶ
924 4370 1058 4426 κατά
1118 4379 1239 4435 τοὺς
1308 4370 1478 4438 ἰδίους
1530 4381 1618 4427 καὶ
1679 4376 1843 4450 ἱεροὺς

238 4466 474 4534 θεσμοὺς
525 4456 868 4537 ἐργαζομένη,
927 4466 1118 4522 ταύτην
1179 4469 1267 4516 καὶ
1326 4468 1717 4535 τεχνιτεύουσα,
1779 4465 1846 4517 εἰ·

232 4552 440 4611 κονίζει
510 4572 564 4605 τε
632 4558 721 4604 καὶ
796 4560 1105 4626 μορροποιεῖ
1147 4548 1296 4605 οὐδὲν
1348 4563 1437 4615 τῆς
1492 4553 1673 4616 ὑλικῆς
1729 4553 1847 4607 ἀκο-

240 4646 427 4714 σμίας,
483 4645 511 4700 ἧ
581 4648 675 4702 τῆς
745 4639 1065 4715 ἀνθρωπίνης
1143 4647 1478 4717 περιεργείας,
1557 4640 1606 4695 ἐν
1676 4642 1847 4705 αὐτοῖς

222 4720 387 4783 γὲὠσα
449 4728 929 4805 παρρησιάζεσθαι·
1009 4726 1119 4782 ὅλον
1202 4726 1259 4784 δὲ
1331 4734 1387 4783 τὸ
1462 4732 1609 4806 ἔργον
1661 4732 1846 4794 ἑαυτῆς

1890 1746 1934 1801 Β

1972 509 2225 566 aliorum
2241 526 2485 582 quoque
2508 514 2804 566 bonorum
2823 526 3103 582 promum
3125 511 3389 568 condum
3418 535 3430 567 :
3458 514 3626 585 quod

1973 598 2188 654 clarius
2200 614 2379 671 quam
2402 607 2580 657 antea
2599 600 3065 671 cognoscebant.
3092 600 3379 667 Quocirca
3395 603 3628 659 verissi-

1971 704 2067 743 me
2092 693 2152 743 et
2170 688 2371 743 divine
2394 689 2544 745 dixit
2569 690 2855 757 Christus,
2892 695 3192 763 utcunque
3221 706 3284 746 se
3307 697 3626 763 praaosten-

1970 775 2153 834 debat
2173 777 2613 850 Hierosolymis,
2642 778 2808 850 quod
2827 780 3048 852 ipsum,
3076 795 3216 836 cum
3236 780 3534 838 venissent
3560 779 3624 838 in

1972 866 2297 933 Galilmam,
2326 868 2511 925 visuri
2540 871 2733 925 erunt.

1986 1250 1993 1257 θ
2146 1169 2462 1237 ΟυίΕΞΤῙΟ
2496 1171 2606 1229 CXI
2637 1167 2840 1243 [σοίεῖ.
2875 1175 2930 1229 et
2963 1172 3145 1230 Taur.
3173 1172 3442 1247 CXXXIII]

1989 1310 2048 1360 In
2078 1311 2215 1375 psal.
2246 1325 2446 1368 cxuiv,
2473 1314 2550 1369 15,
2579 1316 2633 1362 et
2660 1313 2800 1376 psal.
2841 1326 2954 1375 ειν,
2984 1316 3030 1371 ι,
3061 1313 3209 1377 justa
3231 1314 3380 1366 LXX.

2056 1434 2249 1493 «Idola
2279 1439 2543 1507 gentium
2584 1444 2898 1509 argentum
2928 1443 2982 1496 et
3010 1456 3247 1511 aurum,
3280 1457 3461 1515 opera
3490 1459 3624 1502 ma-

1965 1539 2154 1581 nuum
2193 1526 2615 1583 humanarum.
2653 1550 2680 1579 »
2723 1530 2879 1585 Vasa
2928 1528 3201 1586 libatoria
3240 1532 3299 1586 in
3339 1531 3621 1603 religione

1967 1614 2313 1682 Christiana,
2358 1620 2635 1683 crateres,
2683 1616 3005 1683 thuribula,
3048 1618 3239 1674 crucis
3279 1620 3524 1690 efﬁgies,
3566 1625 3623 1679 et

1967 1709 2242 1761 sexcenta
2272 1705 2387 1762 alia
2417 1723 2429 1761 :
2466 1706 2845 1778 praetermitto
2884 1707 3044 1763 enim
3079 1708 3361 1781 symbolo.
3389 1711 3621 1768 Mosaici

1968 1793 2242 1849 sacriﬁcii
2276 1811 2289 1860 ;
2320 1810 2516 1851 nonne
2548 1801 2862 1866 argentum
2904 1800 3044 1852 sunt
3074 1800 3130 1853 et
3158 1814 3392 1868 aurum,
3434 1799 3618 1870 ligna,

1967 1880 2215 1946 colores,
2256 1898 2441 1954 opera
2481 1898 2772 1940 manuum
2802 1884 3202 1941 humanarum
3228 1885 3257 1941 ?
3286 1886 3413 1943 Imo
3444 1886 3616 1956 absit,

1967 1975 2278 2042 argentum
2310 1986 2430 2027 non
2464 1976 2621 2039 sunt,
2642 1973 2749 2030 sed
2775 1978 3078 2046 argentea,
3107 1990 3229 2031 non
3252 1992 3487 2044 aurum,
3514 1976 3620 2034 sed

1968 2077 2040 2116 ex
2104 2076 2252 2116 auro
2318 2059 2493 2127 facta,
2554 2076 2677 2118 non
2744 2061 2928 2134 ligna,
2997 2079 3120 2120 non
3178 2065 3425 2135 colores,
3514 2065 3621 2124 sed

1967 2148 2274 2205 materiem
2316 2146 2480 2206 illam
2528 2149 2774 2208 habent.
2817 2150 2994 2208 Aliud
3032 2157 3118 2209 est
3152 2170 3223 2210 ex
3266 2154 3412 2223 istis,
3454 2156 3619 2228 quod

1964 2238 2270 2312 perﬁcitur
2307 2254 2462 2311 opus
2502 2240 2723 2296 mirum
2769 2255 2783 2296 :
2825 2257 2948 2297 non
3002 2246 3141 2300 sunt
3180 2259 3471 2300 manuum
3511 2245 3617 2301 hu-

1967 2345 2287 2385 manarum
2345 2328 2406 2384 in
2450 2329 2700 2387 materia
2747 2328 3102 2398 ludentium,
3159 2336 3215 2388 et
3271 2334 3397 2389 sine
3450 2335 3618 2390 omni

1966 2418 2305 2490 operatione
2344 2417 2549 2475 divina
2585 2418 2645 2474 id
2685 2419 2849 2491 quod
2902 2420 3323 2491 cogitationem
3373 2421 3619 2481 subierit

1967 2504 2404 2563 fabricantium.
2439 2507 2728 2574 Quocirca
2754 2507 2850 2564 illa
2878 2508 3026 2565 nihil
3054 2507 3215 2566 aliud
3242 2514 3397 2574 sunt,
3430 2527 3619 2582 quam

1966 2596 2216 2652 materia
2245 2595 2669 2653 contumeliose
2703 2601 2966 2664 tractata,
3004 2604 3056 2654 et
3084 2616 3376 2655 manuum
3402 2598 3621 2656 huma-

1964 2699 2179 2740 narum
2195 2684 2365 2741 labor
2382 2685 2506 2740 sine
2527 2686 2751 2742 ratione
2764 2692 2818 2743 et
2835 2685 3311 2744 consideratione
3333 2688 3479 2745 ulla:
3502 2688 3619 2746 ista

1963 2777 2162 2829 autem
2183 2771 2575 2830 eﬁ‘ormatain
2602 2775 2873 2843 materia,
2902 2782 2958 2831 et
2983 2793 3200 2833 manus
3227 2776 3455 2833 habent
3475 2778 3619 2834 sub-

1965 2862 2385 2926 ministrantes,
2414 2864 2512 2918 sed
2554 2870 2747 2919 motas
2777 2880 2812 2920 a
2842 2864 2994 2921 caelo
3025 2883 3037 2921 :
3072 2882 3216 2921 nam
3247 2864 3618 2922 subservitur

1960 2951 2298 3008 ccelestibus
2317 2951 2830 3024 inspirationibus,
2846 2953 3125 3009 etrationi
3143 2955 3440 3025 prudenti,
3456 2955 3543 3027 etj
3556 2971 3618 3011 u-

1960 3039 2173 3095 dicium
2187 3039 2420 3113 pietatis
2434 3040 2930 3113 promoventibus.
2947 3046 3192 3113 Attente,
3206 3043 3614 3112 Iconomache,

1960 3144 2071 3184 nec
2100 3129 2362 3184 ediscere
2393 3134 2446 3184 te
2486 3129 2710 3201 pudeat
2746 3128 2846 3186 illa
2883 3146 2989 3203 per
3022 3147 3158 3203 qua:
3196 3130 3545 3187 liberaberis
3577 3147 3614 3188 a

1960 3218 2193 3290 pudore
2218 3217 2482 3284 terribili,
2516 3224 2572 3273 et
2601 3217 2759 3274 unde
2784 3220 3073 3276 rationem
3114 3218 3289 3275 inibis
3312 3219 3609 3291 judicium

1960 3306 2297 3363 inevitabile
2318 3306 2660 3363 declinandi
2684 3325 2697 3362 :
2721 3306 2897 3364 veluti
2919 3325 3057 3364 cum
3085 3308 3357 3366 libatoria
3386 3313 3610 3375 nostra,

1959 3394 2190 3461 calices,
2224 3400 2279 3452 et
2304 3392 2625 3460 thuribula,
2651 3396 2842 3452 crucis
2875 3397 3103 3468 ﬁgurae,
3126 3414 3195 3453 ac
3221 3396 3457 3464 similia,
3490 3414 3613 3453 non

1959 3487 2094 3540 sunt
2131 3500 2369 3548 aurum,
2414 3500 2536 3540 non
2578 3490 2915 3557 argentum,
2962 3502 3082 3541 non
3126 3485 3447 3558 lignorum,
3488 3502 3610 3542 non

1958 3572 2222 3629 colorum
2256 3574 2550 3640 materies,
2574 3590 2765 3643 neque
2787 3590 2970 3647 opera
2998 3590 3289 3631 manuum
3320 3574 3613 3631 humana-

1956 3676 2092 3717 rum
2125 3679 2138 3716 :
2168 3663 2247 3717 ita
2277 3666 2522 3719 sacratae
2562 3662 2895 3732 imaginum
2926 3664 3455 3736 representationes
3488 3680 3612 3720 non

1957 3754 2347 3818 suntaurum,
2367 3754 2707 3821 argentum,
2731 3770 2828 3818 aes,
2854 3751 3104 3825 colores,
3128 3769 3250 3809 non
3280 3770 3464 3826 opera
3485 3770 3611 3809 ma-

1956 3856 2147 3896 nuum
2172 3840 2353 3913 (Deus
2387 3840 2676 3914 meliora!)
2701 3841 3127 3899 humanarum.
3159 3842 3500 3900 Praedicatio
3521 3842 3611 3898 di-

1955 3929 2096 3986 vina
2132 3934 2188 3985 et
2225 3930 2521 3986 invariata
2563 3930 2895 3986 traditionis
2934 3930 3009 3987 ab
3054 3930 3219 3987 initio
3269 3932 3610 4004 apostolicae

1954 4023 2008 4074 et
2038 4019 2287 4091 patritae,
2323 4023 2611 4093 tanquam
2640 4020 2835 4075 vivida
2861 4019 3144 4093 quaedam
3167 4021 3461 4092 sapientia
3487 4038 3611 4078 ma-

1953 4108 2159 4162 teriem
2179 4108 2618 4181 apprehensam
2636 4108 2809 4179 juxta
2828 4109 3094 4181 proprias
3116 4113 3174 4164 et
3197 4108 3430 4165 divinas
3448 4109 3609 4180 leges

1953 4202 2222 4270 operata,
2256 4202 2312 4253 et
2341 4196 2654 4253 artificiose
2677 4202 2957 4264 tractans,
2981 4197 3239 4254 formam
3265 4203 3322 4253 et
3353 4198 3609 4268 ﬁguram

1953 4285 2234 4357 imaginis
2259 4286 2315 4341 in
2347 4302 2480 4342 eam
2508 4286 2755 4352 inducit,
2790 4285 2935 4343 nihil
2965 4287 3141 4360 plane
3175 4285 3265 4343 vel
3291 4287 3608 4343 deordina-

1954 4376 2130 4432 tionis
2163 4374 2506 4440 materialis.
2539 4378 2629 4431 vel
2660 4374 2942 4432 humanm
2976 4376 3332 4432 curiositatis
3362 4376 3444 4431 ibi
3478 4392 3609 4449 per-

1956 4464 2195 4520 mittens
2232 4462 2413 4520 libere
2446 4470 2665 4520 exstare
2693 4482 2706 4532 ;
2742 4466 2847 4520 sed
2878 4481 3032 4537 opus
3060 4481 3236 4520 suum
3267 4465 3517 4520 omnino
3551 4469 3608 4521 et

1955 4554 2016 4611 in
2046 4553 2302 4609 solidum
2351 4558 2678 4620 ostentans,
2722 4570 2906 4626 puras
2937 4560 2992 4611 et
3023 4553 3430 4627 impermistas
3463 4570 3606 4627 pro—

1956 4648 2298 4716 totypornm
2321 4643 2889 4716 repreesentationes,
2920 4648 2983 4699 ut
3006 4644 3089 4699 rei
3116 4659 3299 4700 sacras
3329 4644 3607 4702 convenit

1959 4739 2013 4788 et
2052 4738 2292 4789 sacratas
2322 4729 2517 4799 famas,
2563 4732 2823 4789 exhibet.

240 4814 501 4872 δεικνῦσα
527 4824 615 4872 καὶ
646 4816 1011 4891 ἀποφαίνουσα
1036 4822 1270 4894 καθαρὰς
1299 4820 1423 4893 ἡμῖν
1454 4825 1543 4873 καὶ
1586 4816 1905 4886 ἁκιϐδὴλους
1936 4822 1984 4875 ἐν
2015 4828 2124 4884 τοῖς
2148 4829 2359 4885 σεπτοίς
2388 4821 2718 4896 εἰκονίσμασι
2747 4825 2840 4885 τὰς
2860 4830 2960 4875 τῶν
2989 4824 3339 4900 πρωτοτύπων
3362 4822 3609 4898 ἐμφάσεις

240 4910 562 4982 ἱεροπρεπῶς
587 4928 638 4960 τε
667 4912 754 4961 καὶ
788 4910 1068 4983 ὶεροτύπως
1098 4913 1405 4981 παρέχεται.

316 4995 503 5067 ’Ἔχεις
559 4994 665 5065 οὖν,
726 4996 793 5057 ὡς
843 4993 890 5049 ἓν
961 4994 1244 5070 βραχέσιν,
1296 4993 1462 5070 οἶμαι,
1528 4995 1599 5050 δι’
1651 4998 1718 5050 ὧν
1796 5020 1849 5053 τε

242 5089 443 5139 σαυτὸν
522 5091 615 5143 τὴν
708 5091 1018 5161 προγονικὴν
1094 5085 1353 5138 εὐσέϐειαν
1422 5097 1849 5162 καρποφοροῦντα

240 5174 439 5247 μᾶλλον
495 5171 789 5241 ἐπιδείξεις,
845 5176 935 5227 καὶ
987 5178 1107 5237 τοὺς
1162 5178 1515 5250 αῐρετίζοντας
1580 5176 1847 5251 ἐπιστομί-

244 5284 379 5325 σεις.
438 5270 520 5334 Τῷ
566 5267 656 5336 μεν
713 5267 811 5337 γαρ
863 5273 952 5325 τῆς
1008 5264 1136 5327 ὒλης
1191 5265 1327 5337 λόγῳ
1380 5272 1468 5319 καὶ
1526 5275 1598 5336 τῷ
1644 5269 1846 5319 ὑποκει-

241 5358 402 5426 μένῳ,
448 5352 621 5428 ὥσπερ
666 5354 899 5428 τράπεζα
938 5362 1093 5419 Θεοῦ,
1140 5359 1229 5407 καὶ
1258 5357 1493 5431 τράπεζα
1540 5353 1842 5429 δαιμονίων,

2030 5000 2115 5058 Ita
2142 5001 2353 5069 habes,
2390 5000 2623 5074 opinor,
2657 5000 2815 5058 unde
2847 4998 3073 5059 fructus
3102 5003 3337 5076 pietatis
3368 5008 3606 5061 tuorum

1958 5091 2409 5164 progenitornm
2448 5091 2751 5163 percipere
2782 5090 3067 5157 declares,
3109 5098 3164 5149 et
3193 5092 3604 5149 haereticorum

1958 5197 2064 5235 ora
2092 5180 2355 5245 obtures,
2396 5180 2648 5236 breviter
2675 5197 2978 5254 eIpressa.
3014 5185 3185 5246 Nam,
3234 5182 3395 5255 quod
3425 5188 3606 5240 mate-

1955 5269 2162 5325 rialem
2189 5270 2484 5326 rationem
2516 5276 2761 5342 spectat,
2792 5285 2999 5328 mensa
3026 5273 3144 5343 Dei,
3174 5277 3231 5328 et
3252 5287 3461 5328 mensa
3489 5275 3608 5328 dua-

1958 5374 2229 5426 monum,
2260 5359 2613 5416 srcriﬁcium
2640 5360 2931 5429 divinum,
2962 5365 3018 5420 et
3039 5360 3406 5419 diabolicum
3429 5361 3607 5419 sacri-

1595 5528 1827 5587 VARLE
1867 5528 2265 5587 LECTIONES.

323 5697 351 5739 P
415 5684 475 5740 C.
517 5684 585 5737 M.
619 5686 870 5759 πρόσχες.
899 5695 928 5740 (ι
976 5685 1037 5741 C.
1056 5686 1125 5741 Μ.
1157 5684 1438 5759 ἑπαλλάγη.
