4136 6198
516 295 622 351 655

1764 287 1992 346 PHOTII
2031 282 2506 342 PATRIARCHE
2544 283 2632 340 ΟΡ
2645 327 2660 342 .

3773 286 3886 342 656

514 419 738 483 ﬁcium,
764 430 1142 490 paganorum
1172 414 1360 485 orgia,
1394 419 1447 472 et
1470 416 1858 489 mystagogiaa
1889 411 2167 471 Christia-

2296 412 2438 462 iua'iu
2492 429 2547 462 τε
2601 411 2731 474 θεία,
2787 412 2877 460 καὶ
2941 409 3101 460 θυσία
3159 403 3521 480 ὃαιμονώδης,
3589 412 3748 482 ὄργιά
3828 431 3888 464 τε

513 522 752 572 norum,
787 510 840 560 et
865 504 1048 561 multa
1068 503 1205 571 alia,
1229 521 1364 577 quae
1383 521 1487 577 per
1509 521 1777 561 summos
1804 504 2026 574 gradus
2051 501 2166 557 dis-

513 601 821 669 parantur,
855 610 977 650 non
1009 610 1232 664 magna
1263 598 1461 650 tamen
1489 599 1765 650 constant
1793 592 2162 650 differentia:

514 702 621 740 usu
661 700 731 740 ac
768 683 954 749 titulo,
983 684 1448 750 consecratione,
1484 700 1553 739 ac
1576 684 1829 756 mystica
1851 681 2166 754 participa-

515 773 692 837 tione,
728 777 784 829 et
834 774 895 828 in
931 772 1130 828 multis
1183 771 1332 837 aliis,
1391 771 1807 844 inexplicabile
1846 771 2166 826 discrimen

514 862 802 919 obtinent.
834 862 921 918 Ad
949 862 1112 918 hunc
1144 861 1393 918 modum
1423 861 1586 918 idola
1612 862 1899 932 gentium,
1927 866 1982 915 et
2010 859 2169 916 Chri-

516 953 844 1009 stianorum
887 952 1200 1023 imagines,
1251 951 1539 1023 templum
1593 950 1710 1018 Dei,
1765 955 1821 1006 et
1866 949 2167 1005 idolorum

515 1057 654 1106 arae,
687 1040 913 1097 nidoris
963 1040 1284 1097 Grmcanici
1313 1039 1584 1110 liturgica
1637 1055 1804 1109 vasa,
1863 1054 1934 1094 ac
1982 1037 2168 1094 nostri

517 1127 788 1186 sacriﬁcii
831 1127 967 1200 puri
1003 1127 1161 1182 illius
1203 1131 1258 1184 et
1311 1128 1438 1182 sine
1482 1127 1775 1196 sanguine
1814 1130 2046 1182 sacrata
2084 1141 2171 1181 re-

517 1217 826 1290 ceptacula
859 1236 871 1274 :
900 1217 1030 1273 haec
1058 1222 1330 1289 utraque,
1357 1233 1493 1288 quae
1517 1217 1598 1272 sic
1629 1218 1688 1271 in
1710 1215 2056 1288 oppositum
2085 1229 2172 1269 se-

519 1311 861 1373 cernuntur,
903 1307 1213 1363 materiem
1252 1305 1480 1362 habent
1512 1305 1840 1378 aliquando
1869 1303 2169 1367 eamdem,

519 1412 590 1454 ac
621 1396 680 1452 in
706 1395 872 1452 nullo
897 1394 1340 1464 discrepantem
1375 1410 1387 1450 :
1422 1399 1480 1450 at
1512 1395 1844 1451 secundum
1876 1392 2172 1458 formalia,

520 1489 578 1541 et
625 1485 885 1556 speciem
935 1483 1300 1550 inducentia,
1341 1487 1444 1538 aut
1499 1483 1849 1539 alteritatem
1895 1482 2175 1538 inducere

520 1573 799 1644 valentia,
835 1572 1269 1644 inexplicabilis
1316 1572 1564 1627 resultat
1594 1588 1702 1628 nec
1753 1571 1951 1627 verbis
1986 1571 2179 1642 expri-

2296 1571 2454 1620 ιιέντοι
2527 1569 2593 1618 τὰ
2647 1574 2961 1641 μορφοῦντα,

524 1662 746 1719 menda
776 1661 1126 1716 differentia.
1161 1662 1533 1732 Quapropter
1572 1661 1819 1716 materia
1849 1660 2092 1715 minime
2119 1660 2178 1716 in

525 1752 836 1809 meliorem
869 1755 1089 1807 statum
1113 1755 1362 1814 mutata,
1391 1750 1536 1822 quin
1558 1751 1756 1822 potius
1783 1749 2025 1805 abunde
2047 1765 2178 1821 par-

527 1842 800 1912 ticipans,
851 1854 974 1896 non
1023 1839 1316 1894 immerito
1355 1837 1611 1909 lignum,
1650 1838 1900 1911 lapides,
1943 1855 2177 1895 aurum.

527 1934 864 1999 argentum,
893 1944 992 1992 aes,
1023 1943 1206 2000 opera
1229 1943 1519 1983 manuum
1545 1927 1952 1983 humanarum
1980 1927 2180 1999 appel-

527 2019 744 2087 lantur,
769 2022 822 2073 et
842 2017 1087 2088 profana
1103 2020 1260 2081 sunt,
1284 2016 1494 2088 impia,
1518 2017 1775 2088 impura,
1800 2018 2017 2089 partim
2047 2032 2180 2089 pro-

529 2113 658 2182 pter
671 2107 986 2171 materiem,
1003 2106 1204 2178 partim
1222 2111 1466 2178 propter
1482 2105 1781 2172 artiﬁcem,
1797 2107 2002 2178 partim
2023 2105 2100 2162 ab
2114 2105 2184 2161 iis

529 2197 749 2270 quibus
770 2196 952 2269 impie
975 2201 1028 2252 et
1050 2196 1329 2252 scelerate
1350 2195 1735 2252 ascribuntur
1751 2195 2186 2252 denominatio-

531 2302 667 2342 nem
693 2285 910 2341 sortita.
929 2287 1088 2340 Hanc
1105 2285 1184 2340 ob
1205 2300 1472 2350 causam,
1489 2284 1999 2350 licetoshabeant,
2023 2289 2187 2340 muta

532 2377 810 2431 dicuntur
835 2391 848 2441 ;
872 2374 1006 2430 licet
1027 2375 1211 2446 pedes
1226 2379 1281 2430 et
1300 2389 1536 2446 manus,
1562 2389 1683 2430 non
1708 2375 1933 2430 moveri
1953 2379 2183 2430 tamen:

532 2464 670 2520 licet
691 2479 1101 2530 aures,nasos,
1120 2468 1321 2518 tamen
1341 2463 1468 2518 sine
1485 2478 1684 2529 sensu,
1706 2463 1830 2518 sine
1859 2463 2188 2518 actionein-

536 2553 676 2607 ania
689 2566 814 2606 esse
828 2551 1125 2605 dicuntur.
1142 2551 1393 2614 Quorum
1407 2549 1560 2606 enim
1572 2551 1901 2622 archetypa,
1919 2550 2007 2606 vel
2023 2550 2186 2615 nihil,

537 2639 627 2697 vel
659 2640 901 2703 misera,
935 2638 1023 2692 vel
1055 2637 1343 2708 sacrilega
1369 2643 1525 2702 sunt,
1559 2653 1766 2694 eorum
1799 2639 2006 2695 artifex
2038 2640 2190 2695 inter

539 2727 757 2800 impios
796 2727 985 2795 magis
1030 2725 1207 2781 miser
1253 2731 1363 2791 est,
1408 2731 1464 2782 et
1500 2726 1694 2782 cultus
1729 2727 2027 2783 exhibitus
2069 2731 2188 2784 Deo

538 2817 734 2886 magis
768 2832 1025 2883 exosus;
1076 2815 1240 2870 hisce
1271 2815 1435 2871 nullo
1467 2816 1652 2871 modo
1696 2821 1888 2887 potest
1917 2814 2190 2888 adaptari

2276 498 2448 564 ἐθνῶν,
2504 503 2592 552 καὶ
2642 505 2970 572 Χριστιανῶν
3027 501 3421 568 μυσταγωγίαι,
3474 503 3565 550 xui
3619 499 3782 551 πολλά
3823 497 3889 553 δὲ

2275 588 2404 640 ἄλλα
2450 596 2548 639 τῶν
2594 588 2660 648 εἰς
2716 591 2773 640 τό
2822 587 3102 659 ἀκρότατον
3161 585 3538 658 ἀντικειμένων,
3593 589 3718 662 παρ’
3780 587 3890 640 ὀλίο

2274 697 2364 749 γον
2423 680 2614 748 ἔχουσι
2659 680 2716 730 τό
2765 675 3208 749 παρηλλαγμένον·
3254 679 3453 748 χρήσει
3510 672 3571 728 δὲ
3623 681 3712 728 xui
3761 677 3894 734 κλή-

2281 785 2378 829 σει,
2431 764 2751 837 ἐπιθειασμῷ
2810 785 2862 817 τε
2913 769 3002 817 xui
3062 763 3441 837 τελεσιουργίᾳ,
3503 769 3593 817 καὶ
3672 771 3888 837 μυρίοις

2277 853 2446 915 ἄλλοις
2494 856 2688 926 ἄφατον
2733 854 2899 906 αὐτῶν
2939 855 3170 926 ὑπάρχει
3217 857 3274 906 τὸ
3316 850 3681 926 διωρισμένον.
3731 855 3889 907 Οῦτω

2279 939 2371 1009 δὴ,
2413 943 2548 995 οὕτω
2591 947 2680 995 καὶ
2725 939 2917 996 εἴδωλα
2963 941 3134 1006 ἐθνῶν,
3180 947 3268 993 καὶ
3304 950 3628 1018 Χριστιανῶν
3676 943 3888 1005 εἰκόνες,

2275 1036 2392 1092 ναός
2431 1051 2483 1084 τε
2531 1039 2684 1098 Θεοῦ,
2730 1037 2820 1084 καὶ
2865 1030 3045 1104 βωμός
3084 1028 3329 1100 εἰδώλων,
3374 1037 3464 1084 xui
3509 1029 3578 1091 δὴ
3621 1038 3710 1086 καὶ
3742 1038 3893 1086 κνίσ-

2282 1141 2376 1182 σης
2425 1121 2720 1179 Ἑλληνικοῦ
2749 1133 2774 1164 ι’
2819 1120 3153 1194 λειτουργικὰ
3203 1123 3384 1187 σκεύη,
3441 1126 3528 1173 καὶ
3572 1130 3667 1184 τῆς
3716 1125 3890 1174 καθα-

2279 1217 2374 1283 ρᾶς
2442 1215 2530 1262 καὶ
2599 1209 2920 1282 ἀναιμάκτου
2990 1212 3177 1270 θυσίας
3230 1212 3374 1282 ἡμῶν
3437 1213 3742 1285 ἱερουργικά
3797 1208 3895 1264 δο-

2281 1308 2424 1372 χεία·
2476 1304 2565 1351 καὶ
2619 1302 2720 1373 γὰρ
2767 1303 2857 1351 καὶ
2908 1301 3102 1352 τούτων
3150 1299 3383 1373 ἑκάτερον
3424 1308 3524 1352 τῶν
3555 1300 3626 1362 εἰς
3685 1299 3893 1353 ἀντίθε-

2282 1408 2368 1441 τον
2417 1393 2733 1459 συστοιχίαν
2785 1387 3254 1461 ἀποκεκρινομένων
3338 1388 3463 1446 ὓλην
3502 1393 3591 1461 μὲν
3647 1392 3892 1461 ἔχουσιν,

2285 1480 2421 1530 ἔστιν
2470 1478 2552 1530 ὅτε
2607 1473 2849 1549 μηὸόλως
2917 1479 3148 1548 ἔχουσαν
3200 1481 3257 1528 τό
3313 1473 3710 1550 διηλλαγμένον·
3756 1482 3898 1530 κατὰ

3039 1571 3129 1618 xui
3205 1562 3585 1632 εἰδοποιοῦντα,
3659 1573 3750 1620 καὶ
3799 1573 3898 1625 τήν

2289 1657 2562 1732 ἑτερότητα
2609 1655 2924 1728 ἐργάζεσθαι
2968 1659 3251 1727 πεφυκότα,
3308 1655 3520 1731 ἆπειρος
3568 1658 3756 1728 ὁρᾶται
3803 1662 3898 1709 καὶ

2287 1746 2420 1817 λόγῳ
2450 1745 2599 1817 μόλις
2626 1746 2758 1820 ῥητὴ
2816 1747 2845 1802 ἡ
2895 1743 2942 1795 ἐν
2989 1744 3163 1807 αὐτοῖς
3219 1743 3567 1820 ἀλλοτριότης.
3620 1747 3696 1797 Δι’
3749 1745 3775 1798 ὃ
3827 1750 3900 1798 τὰ

2289 1839 2378 1907 μὲν
2427 1842 2522 1895 τῆς
2577 1833 2704 1895 ύλης
2755 1831 2906 1886 οῦδὲν
2963 1833 3046 1886 ἐπὶ
3099 1837 3155 1885 τό
3208 1835 3414 1906 ἄμεινον
3464 1840 3896 1908 μετενηνεγμένα,

2291 1923 2419 1975 ἀλλά
2474 1928 2563 1975 καὶ
2618 1923 2746 1976 πολύ
2803 1919 2894 1974 τοῦ
2951 1928 3186 1997 χείρονος
3236 1923 3593 1996 μετειληφότα,
3675 1921 3902 1988 δικαίως

2292 2012 2351 2064 διν
2401 2011 2545 2079 ξύλα,
2597 2015 2685 2063 xui
2722 2010 2879 2077 λίθοι,
2911 2015 3000 2062 καὶ
3029 2015 3256 2086 χρυσός,
3289 2017 3378 2064 καὶ
3422 2013 3669 2086 ἄργυρος,
3704 2017 3733 2071 ἦ
3772 2017 3906 2088 ἔργα

2292 2110 2485 2176 χειρῶν
2548 2098 2827 2175 ἀνθρώπων
2909 2100 3330 2172 ἑπονομάζοιντο,
3409 2099 3609 2173 βέϐηλα
3679 2121 3733 2154 τε
3809 2108 3904 2154 καὶ

2294 2193 2481 2265 ἐναργῆ
2533 2194 2622 2241 καὶ
2670 2188 2961 2264 ἀκάθαρτα·
3012 2193 3070 2240 τὸ
3128 2193 3216 2260 μὲν
3276 2187 3330 2240 ἐκ
3383 2197 3479 2250 τῆς
3523 2190 3667 2257 om,
3713 2195 3775 2242 τό
3818 2189 3902 2256 δὲ,

2295 2278 2349 2331 ἐκ
2399 2286 2489 2331 τοῦ
2544 2278 2875 2343 πλάττοντος,
2925 2281 2982 2330 τό
3027 2273 3085 2330 δὲ
3123 2276 3176 2340 ἐξ
3226 2275 3446 2343 ἐκείνων,
3497 2276 3571 2338 οἷς
3625 2275 3908 2341 δυσσεϐῶς

2296 2372 2384 2420 καὶ
2440 2366 2595 2428 ἀθέως
2672 2365 3028 2440 ἀνιερώθησαν
3082 2365 3502 2438 ἐξωνομασμένα,
3579 2369 3674 2419 Διά
3744 2375 3904 2419 τοῦτο

2296 2459 2391 2509 xciv
2444 2459 2542 2528 ἔχῃ
2601 2460 2789 2528 στόμα,
2844 2460 2938 2513 τὴν
2995 2457 3219 2528 ἀφῳνίαν
3278 2453 3609 2516 ὀνειδίζεται·
3666 2458 3763 2508 κεῖν
3823 2458 3907 2532 ῥῖ-

2300 2543 2416 2611 δας,
2476 2547 2572 2596 κᾶν
2627 2553 2831 2619 χεῖρας,
2883 2547 2974 2602 τὴν
3019 2543 3315 2602 ἀκινησίαν·
3357 2546 3452 2596 xciv
3496 2541 3621 2607 ὦτα,
3685 2544 3780 2596 κᾶν
3810 2550 3902 2597 πό-

2298 2655 2406 2704 νας,
2465 2635 2560 2685 κᾶν
2618 2637 2662 2685 εί
2707 2653 2758 2685 τι
2815 2632 2957 2699 ἄλλο,
2991 2637 3076 2690 τὴν
3101 2631 3469 2697 ἀναισθησίαν,
3501 2638 3592 2685 καὶ
3620 2633 3903 2708 ἀπραξίαν,

2298 2728 2388 2776 καὶ
2417 2726 2474 2774 τό
2505 2724 2741 2795 μάταιον.
2773 2722 2868 2794 ⁷ῼν
2904 2724 3004 2796 γὰρ
3037 2725 3065 2779 ἧ
3109 2718 3258 2774 οῦδὲν
3289 2727 3317 2779 ἦ
3354 2718 3594 2779 δύστηνα
3622 2727 3712 2774 καὶ
3741 2723 3901 2794 ἐναγῆ

2300 2816 2365 2865 τὰ
2417 2811 2714 2886 ἀρχέτυπα,
2753 2815 2842 2862 καὶ
2882 2812 2906 2861 ό
2941 2813 3133 2862 τούτων
3167 2809 3400 2870 πλάστης
3430 2813 3560 2882 μετά
3612 2809 3702 2863 τού
3761 2808 3904 2864 δυσ-

539 2907 745 2977 gratiaa
771 2910 826 2960 et
856 2905 1057 2974 gloriae
1089 2904 1424 2977 quidquam
1455 2905 1842 2976 operationis,
1877 2912 1979 2960 aut
2010 2907 2187 2962 hone-

2305 2901 2486 2964 σεϐοῦς
2526 2901 2832 2973 ἀθλιώτερος
2865 2905 2954 2952 καὶ
3003 2903 3060 2952 τό
3115 2910 3209 2962 τῆς
3251 2900 3490 2975 λατρείας
3529 2901 3643 2953 ὅλον
3685 2904 3906 2954 θεοστυ-

541 2997 686 3052 stior
716 2993 1060 3067 appellatio.
1107 2998 1177 3049 At
1206 2993 1677 3050 Christianorum
1723 3010 1893 3050 sacra
1923 3000 1979 3051 et
2020 3011 2192 3050 vene-

539 3085 746 3142 rabilia
787 3101 932 3139 vasa
970 3083 1444 3148 sucramentalia,
1499 3083 1742 3155 templa,
1785 3083 2096 3156 imagines,
2138 3090 2194 3141 et

541 3175 658 3230 alia
695 3173 928 3245 pietatis
963 3172 1277 3244 cultusque
1325 3172 1516 3242 signa,
1565 3178 1868 3245 utcunque
1918 3173 2191 3229 eamdem

542 3263 850 3318 materiem
881 3262 1224 3325 sortiantur,
1243 3262 1304 3315 in
1327 3261 1540 3316 melius
1562 3265 1762 3317 tamen
1791 3261 1977 3318 multo
2006 3269 2196 3318 trans-

543 3351 878 3407 formantur
907 3366 921 3416 ;
948 3366 1077 3414 usu,
1110 3350 1374 3415 nomine,
1407 3349 1791 3421 mystagogia
1815 3356 1871 3406 et
1897 3350 2196 3422 exempla-

542 3437 702 3494 rium
719 3437 1042 3502 divinitate,
1070 3454 1328 3510 quorum
1348 3454 1451 3509 per
1468 3438 1837 3494 characteres
1858 3441 2196 3510 exprimun-

545 3532 656 3593 tur,
692 3531 748 3582 et
779 3527 1148 3583 sanctiﬁcata
1169 3531 1565 3598 separataque
1596 3527 2000 3598 perﬁciuntur.
2038 3530 2197 3582 Hanc

546 3619 625 3672 ob
656 3631 902 3670 causam
927 3613 1091 3669 haud
1115 3613 1356 3669 ulterius
1377 3615 1626 3684 lignum,
1652 3615 1823 3687 lapis,
1855 3620 2194 3684 argentum,

545 3720 785 3769 aurum,
815 3718 935 3759 non
976 3702 1158 3757 modo
1198 3702 1422 3758 colores
1466 3709 1750 3774 potestate
1797 3709 1853 3759 et
1891 3705 2080 3773 gratia
2109 3721 2200 3761 as-

547 3795 788 3849 sistente
810 3799 866 3848 et
888 3792 1266 3865 speciﬁcante
1293 3791 1554 3848 destituti
1574 3793 1837 3865 reputari
1863 3795 2081 3849 debent
2108 3795 2197 3850 vel

546 3882 877 3940 nominari:
909 3886 1115 3937 sancta
1145 3881 1360 3953 potius,
1388 3881 1764 3949 honoranda,
1789 3883 2067 3955 gloriosa,
2101 3900 2201 3940 ve-

547 3972 850 4029 nerabilia.
881 3972 1026 4026 Cum
1059 3971 1218 4026 enim
1259 3971 1609 4042 participent
1647 3973 1948 4029 cmlestem
1988 3989 2201 4044 opera-

548 4063 790 4129 tionem,
819 4065 874 4116 et
912 4077 1046 4116 eam
1077 4061 1146 4116 iis
1170 4061 1633 4126 communicent,
1667 4062 1888 4135 quibus
1914 4062 2201 4118 dedican-

547 4158 662 4218 tur,
696 4167 955 4224 quorum
987 4165 1202 4205 nomen
1245 4149 1526 4216 referunt,
1570 4151 1833 4222 speciem
1873 4168 2198 4224 repraesen-

547 4245 694 4307 tant,
725 4256 983 4312 cumque
1010 4240 1280 4294 animum
1302 4244 1568 4296 nostrum
1587 4240 1664 4296 ad
1686 4240 1787 4298 illa
1812 4241 2203 4298 transvehant

548 4333 604 4385 et
632 4333 1054 4400 transportent,
1083 4333 1139 4382 et
1164 4327 1435 4383 divinum
1474 4328 1736 4384 favorem
1778 4329 1952 4385 nobis
1993 4346 2204 4401 procu-

546 4423 698 4483 rent,
729 4423 783 4474 et
803 4418 962 4474 bona
986 4417 1306 4482 attrahant,
1330 4433 1451 4473 non
1475 4432 1512 4472 a
1537 4418 1783 4474 materia
1803 4420 2203 4474 denominan-

551 4512 664 4575 tur,
698 4523 814 4563 non
843 4507 920 4562 ab
952 4505 1154 4578 aliqua
1191 4506 1309 4562 alia
1347 4506 1707 4579 proprietate
1739 4508 2200 4574 inconvenienti,

550 4599 606 4653 et
630 4612 765 4668 quas
795 4594 1098 4652 contrariis
1126 4611 1451 4666 congruere
1481 4595 1685 4667 possit,
1719 4596 1822 4651 sed
1853 4612 1987 4668 quae
2021 4597 2206 4667 parti-

551 4687 773 4757 cipant,
796 4686 871 4740 ad
895 4702 1030 4756 qum
1052 4684 1459 4748 traducuntur,
1481 4684 1703 4756 quibus
1731 4685 2118 4740 subserviunt
2150 4690 2207 4741 et

553 4775 938 4840 devoventur,
963 4772 1039 4828 ab
1057 4771 1168 4826 illis
1188 4772 1432 4843 quidem
1447 4774 1671 4844 optime
1693 4778 2206 4844 etcognoscuntur

555 4879 592 4920 a
614 4863 752 4918 viris
785 4863 920 4933 piis,
952 4867 1007 4916 et
1036 4860 1581 4917 denominationem
1608 4863 1951 4918 sortiuntur.

2299 2995 2561 3065 γέστερον·
2595 2993 2794 3050 τούτοις
2818 2991 2970 3042 πόθεν
2999 2989 3126 3051 ὃλως
3163 2992 3389 3061 χάριτός
3422 3009 3559 3052 τινος
3588 2994 3617 3047 ἦ
3655 2987 3838 3053 δόξης,
3871 2994 3902 3047 ἦ

2303 3084 2577 3154 ἐνεργείας,
2628 3083 2657 3137 ἤ
2701 3099 2832 3139 τινος
2874 3083 3180 3152 σεμνοτέρας
3210 3078 3438 3140 κλήσεως
3467 3079 3728 3141 οἰκείωσις
3760 3098 3908 3151 πορι-

2307 3171 2558 3227 σθησεται
2595 3186 2607 3235 ;
2649 3171 2726 3221 Τὰ
2759 3165 2817 3220 δὲ
2849 3170 2990 3239 air/iu,
3024 3172 3113 3219 xui
3150 3170 3313 3220 σεπτά
3341 3177 3439 3220 τῶν
3473 3176 3808 3240 Χριστιανῶν
3837 3171 3908 3219 is-

2303 3261 2560 3332 ρουργικα
2589 3277 2641 3310 τε
2669 3261 2850 3321 σκεύη,
2884 3262 2970 3308 xui
3000 3261 3203 3328 τεμένη,
3227 3261 3316 3309 καὶ
3344 3257 3700 3329 εὶκονίσματα,
3731 3259 3911 3308 καὶτά

2306 3348 2434 3399 ἀλλα
2470 3356 2563 3408 τῆς
2590 3349 2726 3407 θείας
2757 3349 2901 3417 ἡμῶν
2935 3347 3214 3420 θρησκείας
3244 3345 3499 3417 σύμϐολα,
3528 3345 3636 3398 ἐπεὶ
3664 3346 3759 3398 κάν
3783 3345 3908 3405 ῦλην

2306 3437 2411 3508 οὐχ
2460 3435 2630 3510 ἑτέραν
2680 3433 3042 3502 ὑποϐέϐληται,
3105 3432 3215 3485 ἀλλ’
3247 3431 3334 3486 οὖν
3380 3454 3438 3506 γε
3470 3439 3600 3508 πρὸς
3637 3439 3697 3486 τὸ
3737 3433 3910 3504 πολλῷ

2306 3527 2509 3598 ἄμεινον
2565 3527 2993 3596 μετεσκεύασται·
3048 3529 3241 3598 χρήσει
3295 3527 3396 3596 γὰρ
3454 3529 3541 3576 καὶ
3593 3523 3776 3582 κλήσει
3822 3531 3911 3576 καὶ

2307 3619 2679 3687 μυσταγωγία,
2726 3618 2816 3664 καὶ
2893 3620 2954 3684 τῇ
3015 3621 3113 3664 τῶν
3172 3610 3612 3688 παραδειγμάτων
3680 3615 3909 3682 θεότητι,

2308 3704 2374 3755 ὧν
2406 3709 2509 3763 τοῖς
2565 3710 2906 3777 χαρακτῆρσι
2937 3697 3387 3775 διαμεμόρφωται,
3437 3708 3527 3754 καὶ
3574 3708 3786 3775 μυρίοις
3826 3703 3910 3755 οἴλ-

2307 3793 2414 3854 λοις
2471 3792 2892 3862 καθαγιασθέντα
2957 3790 3294 3843 τετελείωται.
3362 3794 3457 3844 Διά
3526 3800 3681 3844 τοῦτο
3738 3792 3913 3844 οὐκέτι

2310 3881 2454 3946 ξύλα,
2506 3885 2536 3940 ἦ
2581 3880 2742 3945 λίθος,
2797 3876 2895 3932 ούδ
2948 3880 3196 3954 ἄργυρος,
3251 3877 3375 3933 οὐδὲ
3427 3886 3654 3954 χρυσός·
3707 3881 3768 3932 οὐ
3811 3885 3910 3953 μὲν

2308 3967 2432 4024 οὐδὲ
2486 3976 2750 4044 χρώματα
2795 3972 2966 4042 γυμνὰ
3036 3976 3130 4030 τῆς
3189 3966 3558 4030 εἱδοποιούσης
3636 3976 3730 4022 καὶ
3785 3989 3914 4043 παρα

2310 4057 2628 4132 εδρενούσης
2681 4055 2943 4130 δυνάμεως
2979 4077 3030 4110 τε
3078 4061 3167 4109 καὶ
3217 4061 3458 4130 χάριτος,
3504 4060 3611 4110 οὔτ’
3651 4060 3715 4109 οἷν
3746 4061 3916 4116 ἐννοη-

2275 4151 2420 4206 ,θείη
2454 4150 2594 4212 ποτε,
2637 4150 2754 4198 οὔτε
2801 4149 3350 4221 παρονομασθησεται·
3407 4146 3536 4219 οἶγία
3589 4143 3649 4199 δὲ
3699 4147 3908 4219 μᾶλλον,

2310 4241 2400 4289 καὶ
2451 4241 2602 4309 τίμια
2656 4241 2744 4288 καὶ
2806 4231 3180 4307 δεδοξασμένα,
3248 4240 3337 4288 καὶ
3387 4237 3572 4288 σεπτοί.
3641 4242 3750 4298 Τῆς
3813 4239 3910 4308 γὰρ

2313 4328 2500 4378 οἶνωθεν
2562 4324 2827 4399 ἐνεργείας,
2887 4329 2976 4376 xui
3038 4325 3115 4384 οἷς
3159 4322 3528 4389 ἀνατέθεινται,
3585 4325 3651 4376 ὧν
3711 4343 3765 4376 τε
3823 4330 3911 4381 τὴν

2312 4414 2500 4472 κλῆσιν
2542 4418 2631 4466 xui
2672 4417 2730 4465 τὸ
2777 4408 2916 4474 εἶδος
2957 4418 3216 4486 φέρουσιν,
3269 4411 3318 4464 ἐν
3361 4418 3616 4485 μετουσίᾳ
3643 4417 3907 4485 γενόμενα,

2313 4508 2402 4555 καὶ
2458 4506 2544 4554 τόν
2607 4505 2850 4575 ἡμέτερον
2907 4510 3024 4554 νοῦν
3081 4505 3211 4574 πρὸς
3284 4501 3449 4554 ἐκεῖνα
3511 4498 3907 4565 διαϐιϐάζοντα,

2316 4591 2766 4665 ὃιαπορθμεύοντά
2818 4611 2871 4644 τε
2927 4594 3052 4663 ἡμῖν
3110 4596 3202 4649 τὴν
3257 4590 3444 4644 ἐκεῖθεν
3491 4587 3780 4662 ἀγαθοειδῆ
3828 4597 3914 4643 xui

2317 4686 2454 4735 θείαν
2508 4683 2783 4754 εὐμένειαν,
2841 4681 2934 4733 οὐκ
2987 4683 3042 4733 ὲκ
3094 4689 3188 4742 τῆς
3243 4679 3368 4743 ῦλης
3421 4681 3480 4732 ἂν
3531 4681 3741 4741 εἰκότως
3794 4681 3914 4738 κλη-

2317 4774 2448 4830 θείη·
2509 4771 2566 4822 ού
2619 4775 2721 4843 μην
2761 4766 2877 4822 οὐδ’
2918 4769 3016 4822 ἀπό
3074 4789 3214 4831 τινος
3269 4768 3692 4842 ἀπεμφαινούσης
3734 4769 3910 4834 οἶλλης,

2313 4867 2402 4914 καὶ
2465 4868 2568 4921 τοῖς
2627 4859 2992 4932 ἀντικειμένοις
3075 4860 3413 4934 ἁρμοζούσης
3471 4857 3754 4922 ἰδιότητος·
3808 4859 3911 4910 ἀλλ’

558 4949 624 5002 ὧν
649 4970 702 5003 τε
730 4955 974 5024 μετέσχε,
1004 4953 1243 5023 καὶπρὸς
1271 4950 1306 5002 ἄ
1333 4959 1618 5024 παρῆκται·
1644 4952 1719 5013 οἷς
1747 4971 1799 5003 τε
1825 4953 2160 5027 ύπηρετεῖται
2189 4957 2278 5004 καὶ
2302 4951 2597 5026 ἀφιέρωται·
2629 4949 2814 5002 ἐκεῖθεν
2846 4946 2898 5002 εὖ
2937 4948 3092 5022 μάλα,
3128 4952 3216 5001 καὶ
3245 4948 3359 5001 λίαν
3390 4946 3606 5010 ἐνδίκως
3647 4953 3737 5001 xui
3765 4953 3914 5020 γινὼ·

561 5058 738 5092 σκεται
780 5047 887 5102 τοῖς
915 5039 1174 5092 εύσεϐέσιν
1215 5043 1370 5101 ὅντως
1402 5045 1490 5092 καὶ
1525 5040 1852 5112 ὀνομάζεται.

738 5148 1054 5213 QU/ESTIO
1086 5148 1211 5219 CXI]
1249 5148 1426 5205 Coisl.
1459 5155 1512 5204 et
1546 5151 1728 5206 Taw'.
1757 5149 2024 5223 CXXXIV]

2845 5152 3156 5201 armum:
3197 5142 3332 5202 PIB'.

623 5273 775 5322 Edita
804 5284 836 5322 θ,
857 5272 1204 5323 Montacutio.
1232 5285 1313 5336 ep.
1340 5274 1450 5330 216,
1485 5274 1554 5324 ad
1584 5275 1766 5336 Georg.
1789 5273 1970 5323 Nicom
1995 5287 2046 5337 p.
2074 5274 2296 5323 318-323.
2335 5273 2650 5338 Explanatio
2686 5273 2738 5321 in
2762 5271 2909 5321 Rom.
2947 5285 3017 5329 rx,
3055 5273 3083 5320 3
3114 5285 3263 5335 seqq.

636 5391 822 5456 Quem
851 5387 999 5444 nihil
1036 5403 1314 5461 separare
1343 5393 1539 5462 potest
1576 5390 1654 5447 ab
1684 5405 1889 5448 amore
1923 5389 2044 5455 Dei,
2086 5406 2209 5448 non

2388 5390 2482 5442 ’⁷ον
2522 5386 2672 5443 οὐδὲν
2724 5385 2944 5442 δύναται
2996 5393 3233 5462 χωρίσαι
3280 5395 3374 5448 τῆς
3427 5384 3633 5458 ἀγάπης
3672 5390 3821 5456 Θεοῦ,
3860 5385 3915 5437 ού

1899 5542 2132 5598 νΑΒιΑς
2164 5539 2578 5598 LECTIONES.

638 5689 662 5718 ι·
713 5675 779 5733 C.
820 5678 886 5734 Μ.
929 5674 1447 5739 κνίσσηςἘλληνίου.

1527 5686 1549 5717 ⁸
1617 5676 1674 5731 C.
1718 5678 1784 5733 Μ.
1817 5674 2250 5748 ἀποκεκριμένων,
