4136 6198
261 273 368 328 657

267 399 456 450 θάνατο
467 416 487 457 ς
545 392 902 466 ἀπειλούμενος
938 405 950 422 ·

263 486 454 538 ἐκεῖθεν
481 483 654 545 ἁπλῶς
689 500 700 512 '
731 483 788 534 ού
845 484 912 534 τά
962 481 1182 535 ἐνταῦθα
1213 499 1226 514 ⁶
1263 493 1372 546 πῶς
1409 485 1564 546 αὐτὸς
1613 483 1868 541 ἑκουσίως

265 575 570 647 ἀφίσταται,
625 576 716 624 καὶ
767 574 880 623 τότε
925 593 944 621 ι
981 573 1106 646 ὑπὲρ
1159 581 1258 624 τῶν
1313 575 1448 625 κατά
1513 574 1683 646 σάρκα
1743 590 1868 641 συγ-

261 672 424 736 γενὼν
453 681 466 729 ;
493 682 520 714 ι)
552 667 642 714 καὶ
699 661 756 713 ού
814 666 968 734 μόνον
1002 663 1088 713 τὸν
1134 667 1410 736 χωρισμὸν
1453 665 1712 734 ὑπομένει,
1743 658 1872 711 ἀλλά

261 757 356 804 καὶ
411 751 654 822 ἐπιθυμεῖ
702 754 794 802 καὶ
867 748 1146 821 ἐπεύχεται
1203 753 1538 826 χωρισθῆναι
1584 755 1818 823 Χριστοῦ
1852 765 1866 780 ·

267 863 297 893 (ι
343 840 604 912 Ηύχόμην
679 841 778 914 γὰρ
856 839 1008 900 αύτὸς
1087 838 1185 910 ἐγὼ
1270 839 1499 913 ἀνάθεμα
1573 837 1702 892 εἶναι
1769 835 1870 888 ἀπὸ

267 937 529 1004 Χριστοῦ,
575 931 700 1003 ὑπὲρ
750 937 850 980 τῶν
900 925 1132 1000 ἀδελφῶν
1182 949 1304 1002 μου,
1335 939 1430 982 τῶν
1477 937 1733 1001 συγγενῶν
1770 947 1870 1000 μου

263 1028 370 1072 τῶν
400 1021 533 1070 κατά
583 1019 772 1090 σάρκα.
807 1039 833 1068 »
865 1017 1013 1070 Ούτω
1064 1022 1153 1090 μὲν
1197 1021 1258 1071 ἄν
1305 1039 1386 1080 τις
1423 1023 1516 1077 τὴν
1549 1023 1645 1076 σὴν
1685 1017 1872 1070 ἐπιτεί-

265 1129 368 1160 νων
423 1107 644 1175 ἀπορίαν
701 1105 861 1181 ἐρεῖ·
917 1111 979 1158 Τί
1035 1107 1122 1160 οὖν
1183 1124 1196 1175 ;
1253 1117 1356 1169 πῶς
1422 1107 1752 1180 συμϐήσεται
1811 1108 1874 1158 τά

267 1195 558 1269 ἀσύμϐατα
589 1213 602 1263 ;
635 1195 700 1248 Ἢ
753 1203 954 1268 πρῶτον
1012 1198 1101 1268 μὶν
1149 1195 1307 1249 ἐκεῖνο
1383 1199 1536 1268 φάναι
1597 1199 1736 1248 ἔστιν
1793 1196 1874 1247 ὃτι

267 1283 400 1338 ούδέ
455 1284 568 1338 ἐστι
609 1291 775 1338 ταῦτα
822 1288 1139 1356 μαχόμεθ’
1170 1287 1228 1337 ού
1279 1288 1380 1360 γάρ
1436 1285 1656 1338 ἐναντίον
1701 1281 1876 1336 ἀδιαί-

263 1395 420 1450 ρετος
475 1375 630 1434 πόθος
681 1381 938 1446 Χριστοῦ,
983 1377 1158 1426 καὶτὸ
1208 1373 1413 1444 ἀγαπᾷν
1449 1375 1584 1426 οὕτω
1619 1377 1702 1426 τὸν
1741 1373 1876 1431 πλη-

269 1469 408 1530 σίου,
469 1465 602 1515 ὥστε
647 1468 736 1514 καὶ
804 1470 898 1524 τῆς
980 1459 1122 1524 ἰδίας
1186 1463 1420 1536 ὠφελείας
1486 1468 1556 1536 μὴ
1647 1463 1874 1536 νομίζειν

267 1551 522 1604 ἐλάττονα
571 1555 662 1608 τὴν
710 1549 906 1602 ἐκείνων
965 1555 1246 1622 σωτηρίαν.
1288 1551 1490 1604 Μᾶλλον
1536 1548 1594 1604 δε
1623 1556 1714 1602 καὶ
1757 1570 1876 1603 συν-

269 1637 396 1714 ᾴδει
439 1647 606 1692 ταῦτα
645 1640 776 1711 πρὸς
804 1637 1001 1696 ἄλληλα
1025 1654 1037 1668 '
1062 1641 1088 1691 6
1130 1643 1230 1714 γάρ
1276 1639 1488 1711 ἀγαπῶν
1536 1642 1622 1691 τὸν
1653 1635 1874 1711 ἀδελφὸν

1313 270 1411 324 AD
1452 261 2008 326 AMPHILOCHIUM
2047 263 2370 332 QUIESTIO
2409 269 2570 326 CXII.

1015 393 1074 445 ού
1128 394 1270 458 ζωῆς
1315 396 1610 466 ὑπόσχεσις
1637 410 1650 422 ·
1685 391 1742 443 ού
1799 391 1866 442 τά

1994 405 2142 446 nors
2173 393 2354 450 minis
2387 394 2675 450 intentata
2695 407 2819 450 non
2857 393 2980 448 vita
3008 392 3322 464 promissa,
3347 408 3469 448 non
3497 408 3632 465 quia

3527 271 3632 326 658

1976 479 2050 534 ibi
2083 487 2238 549 sunt,
2273 499 2394 540 non
2415 501 2552 556 quae
2576 484 2676 540 hic
2707 501 2720 539 :
2749 483 3054 556 quomodo
3086 482 3134 536 is
3161 487 3371 554 sponte
3398 497 3640 554 separa-

1977 571 2280 635 tur,etiam
2309 595 2331 624 ε
2357 589 2466 644 pro
2491 571 2772 628 affinibus
2792 571 3124 626 secundum
3148 587 3390 626 carnem
3430 587 3442 626 :
3469 591 3496 622 »
3525 586 3634 627 nec

1975 663 2206 716 tantum
2246 661 2406 716 subit
2434 662 2894 733 separationem,
2938 660 3046 715 sed
3085 659 3250 716 illam
3311 661 3546 732 expetit,
3580 665 3636 716 et

1977 751 2108 803 orat
2145 763 2180 804 a
2219 749 2445 806 Christo
2471 749 2782 824 separari?
2822 771 2850 800 «
2891 749 3180 820 Cuperem
3220 765 3330 820 ego
3355 764 3452 804 me
3492 765 3637 804 ana-

1978 836 2180 892 thema
2207 839 2332 894 ﬁeri
2361 856 2394 896 a
2422 840 2650 896 Christo
2690 855 2799 911 pro
2841 838 3120 894 fratribus
3157 837 3327 905 meis,
3369 838 3636 909 cognatis

1979 925 2126 980 mihi
2146 929 2480 984 secundum
2497 945 2810 984 carnem.»
2835 929 2922 982 Ad
2943 928 3106 982 hunc
3129 927 3377 983 modum
3419 927 3636 999 aliquis

1979 1018 2142 1070 tuam
2171 1017 2428 1073 dilatans
2454 1017 2886 1074 dubilationcm
2926 1016 3138 1072 dixerit
3179 1035 3193 1069 :
3227 1016 3380 1080 Quid
3409 1017 3584 1086 igitur
3611 1019 3638 1074 ?

1981 1105 2286 1175 quomodo
2318 1111 2656 1179 competent
2701 1105 3164 1178 incompetibilia
3193 1106 3220 1160 ?
3255 1106 3523 1178 Inprimis
3550 1105 3640 1162 vi-

1982 1193 2154 1249 detur
2189 1195 2532 1262 dicendum,
2575 1211 2694 1251 non
2732 1196 2860 1251 haec
2897 1195 2970 1250 ad
3008 1195 3264 1250 invicem
3313 1209 3578 1268 pugnare
3619 1212 3636 1252 :

1983 1299 2096 1338 non
2125 1284 2280 1340 enim
2315 1284 2524 1341 Christi
2551 1286 2876 1342 indivisum
2918 1285 3280 1340 desiderium
3307 1286 3636 1340 contraria-

1983 1375 2078 1427 tur
2127 1389 2330 1430 amare
2367 1375 2426 1428 in
2461 1379 2692 1430 tantum
2726 1374 3009 1438 vicinum,
3041 1378 3102 1428 ut
3145 1389 3218 1428 ne
3259 1373 3631 1430 existimetur

1984 1459 2140 1514 illius
2171 1461 2334 1518 salus
2371 1463 2748 1533 procuranda
2777 1463 2838 1518 in
2885 1462 3160 1518 secundis
3207 1476 3340 1516 esse
3381 1461 3637 1533 propriae

1985 1549 2264 1606 utilitatis.
2287 1551 2438 1616 Quin
2471 1551 2792 1606 concinunt
2813 1552 3006 1623 potius
3036 1551 3164 1606 haec
3185 1551 3336 1606 inter
3361 1567 3460 1609 se:
3503 1566 3637 1605 nam

1983 1639 2084 1711 qui
2124 1638 2312 1708 diligit
2335 1638 2578 1696 fratrem
2610 1657 2798 1703 suum,
2839 1645 2894 1696 et
2927 1641 2984 1696 in
3021 1655 3092 1696 eo
3123 1639 3352 1696 Domini
3393 1638 3642 1694 manda-

271 1731 460 1796 αὐτοῦ,
519 1727 718 1786 ἐντολὴν
793 1727 1000 1800 πληρῶν
1072 1733 1412 1794 Δεσποτικὴν,
1471 1731 1528 1780 τό
1599 1731 1722 1800 πρὸς
1787 1730 1872 1779 τὸν

1994 1732 2108 1785 tum
2131 1728 2355 1800 implet,
2388 1745 2605 1800 purum
2635 1733 2686 1784 et
2715 1729 3012 1784 sincerum
3053 1728 3147 1784 ille
3185 1743 3454 1784 amorem
3501 1743 3642 1782 con-

271 1823 541 1876 Δεσπότδτν
600 1816 802 1891 φίλτρον
850 1818 1078 1892 καθαρὸν
1149 1823 1238 1870 καὶ
1306 1816 1540 1892 ἀκέραιον
1598 1814 1872 1877 διασώζει.

272 1929 307 1960 ‹‹
349 1908 431 1960 Ἐν
481 1909 648 1976 τούτῳ
695 1907 796 1977 γάρ
849 1911 1140 1976 γνώσονται
1190 1909 1392 1972 πάντες,
1427 1909 1506 1959 ὃτι
1552 1905 1666 1978 ἐμοὶ
1702 1908 1878 1978 μαθη-

271 2003 362 2050 ταί
411 1995 546 2064 ἐστε,
601 1995 686 2046 ἐάν
737 1993 972 2066 ἀγάπᾱτε
1017 1994 1262 2057 ἀλλήλους
1287 2013 1298 2025 ·
1333 2017 1358 2048 ν
1390 2001 1480 2048 καὶ
1527 1995 1698 2062 πάλιν,
1726 2015 1756 2046 (ι
1795 1995 1875 2046 Ἐν

273 2087 498 2146 ταύταις
541 2092 652 2145 ταῖς
721 2081 876 2136 δυσὶν
944 2083 1168 2146 ἐντολαῖς
1228 2085 1342 2146 ὅλος
1399 2087 1423 2136 6
1470 2089 1620 2156 νόμος
1675 2089 1764 2136 καὶ
1829 2087 1878 2136 οἱ

265 2183 544 2249 προφῆται
584 2177 890 2248 κρέμανται.
937 2193 964 2222 ››
1014 2173 1298 2244 Κεφάλαιον
1339 2177 1438 2248 γάρ
1484 2172 1598 2226 ἐστι
1630 2179 1720 2226 καὶ
1761 2176 1878 2224 σύν-

271 2262 488 2336 δεσμος,
536 2268 626 2314 καὶ
688 2261 813 2337 ῥίζα
877 2269 974 2313 τῶν
1043 2262 1205 2314 ἄλλων
1266 2261 1502 2314 ἁπάντων
1541 2264 1878 2337 κατορθωμά-

271 2374 398 2418 των,
433 2356 462 2411 ἣ
495 2372 550 2404 τε
601 2358 692 2403 τοῦ
738 2356 865 2404 Θεοῦ
921 2349 1098 2422 ἀγάπη
1149 2356 1238 2404 καὶ
1280 2353 1309 2410 η
1341 2359 1432 2404 τοῦ
1471 2351 1712 2410 πλησίον.
1755 2355 1876 2416 Ναὶ,

275 2447 438 2515 φησίν
501 2462 514 2475 ·
578 2439 683 2492 ἀλλ’
768 2437 989 2491 ἐνταῦθα

275 2537 444 2603 γενεῖς
485 2548 496 2558 ·
543 2533 753 2601 εὔχεται
804 2523 862 2580 δὲ
916 2535 1048 2581 Θεοῦ
1094 2532 1450 2602 χωρισθῆναι,
1513 2531 1594 2582 ἵνα
1653 2525 1876 2604 κερδάνη

278 2623 546 2682 τούτους·
585 2620 610 2670 6
663 2615 722 2670 δὲ
771 2621 995 2692 Χριστὸς
1038 2621 1128 2690 ἔφη
1165 2638 1177 2650 ·
1225 2640 1248 2669 α
1293 2619 1351 2672 Ὀ
1405 2619 1558 2691 φιλῶν
1605 2623 1808 2692 πατέρα
1847 2619 1876 2677 ἡ

278 2714 486 2783 μητέρα
549 2710 674 2780 ὑπὲρ
761 2706 866 2779 ἐμὲ,
953 2707 1046 2759 οὐκ
1130 2711 1238 2760 ἔστι
1306 2728 1404 2781 μου
1473 2709 1636 2772 οἰξιος.
1667 2729 1694 2760 ››
1729 2708 1884 2762 Ἀλλά

277 2803 384 2872 γάρ
437 2807 544 2859 πῶς
599 2801 712 2850 ἔστι
767 2804 918 2850 τοῦτο
961 2797 1118 2869 φιλεῖν
1172 2799 1296 2870 ὑπὲρ
1353 2803 1439 2850 τόν
1495 2803 1768 2872 Χριστόνς
1826 2797 1885 2850 Εἰ

1082 2445 1348 2512 προκρίνει
1419 2444 1508 2513 μεν
1577 2443 1694 2502 τοὺς
1753 2460 1880 2512 συγ-

278 2891 374 2960 μίεν
444 2889 546 2958 γὰρ
619 2883 692 2938 δι’
768 2887 934 2958 ἕτερον
991 2905 1042 2938 τι
1117 2887 1302 2957 Παύλῳ
1367 2886 1682 2960 ἐστέργοντο,
1744 2883 1884 2958 εἶχεν

279 2975 344 3028 ἀν
394 2977 420 3027 6
458 2975 605 3046 λόγος
634 2977 692 3027 τὸ
744 2975 1000 3048 ἰσχυρόν·
1036 2975 1080 3028 εἰ
1124 2971 1172 3027 δ’
1221 2977 1304 3026 ἵνα
1345 2981 1590 3047 γένωνται
1627 2983 1882 3050 Χριστοῦ,

281 3064 382 3119 οὐκ
444 3067 552 3136 ἔχω
626 3060 878 3132 συνιδεῖν,
933 3065 1066 3124 ὅπως
1122 3067 1171 3116 οἱ
1229 3073 1493 3136 συγγενεῖς
1549 3070 1888 3139 προτετίμην-

279 3175 370 3208 ται
411 3162 500 3206 τοῦ
547 3159 896 3226 Δημιουργοῦ.
954 3156 1016 3208 Τί
1067 3156 1168 3225 γὰρ
1226 3159 1314 3206 καὶ
1367 3152 1426 3212 ἦν
1479 3157 1646 3226 ἕτερον
1697 3157 1754 3206 τὸ
1804 3174 1888 3225 φι-

281 3243 388 3298 λεῖν
447 3242 687 3307 ἐκείνους,
750 3246 780 3300 ἣ
850 3245 910 3294 τὸ
979 3243 1234 3305 ὑποτάξαι
1305 3243 1513 3308 αύτούς,
1577 3247 1666 3296 καὶ
1721 3263 1887 3315 προσ-

281 3340 558 3386 οικειῶσαι
609 3340 681 3402 τῷ
732 3339 886 3402 κοινῷ
938 3337 1216 3404 Δεσπότῃ;
1269 3339 1381 3394 Πῶς
1437 3329 1524 3384 οὖν
1569 3337 1681 3384 ἔστι
1729 3331 1889 3405 φιλεῖν

284 3422 508 3482 ἐκείνους
558 3423 684 3494 ὑπὲρ
733 3423 820 3473 τὸν
869 3423 1119 3494 Χριστὸν,
1170 3423 1296 3474 ὅπου
1345 3441 1404 3492 γε
1455 3425 1546 3474 καὶ
1598 3422 1782 3482 αὐτοὺς
1821 3421 1891 3484 εἰς

285 3515 384 3570 τὴν
436 3511 669 3568 ὑπακοὴν
718 3514 808 3562 καὶ
863 3507 1070 3581 ἀγάπην
1123 3511 1256 3564 εἷλκε
1309 3515 1402 3569 τὴν
1455 3512 1648 3578 αὑτοῦ;
1689 3510 1892 3564 Μᾶλλον

287 3597 352 3654 δὲ
397 3595 674 3671 ἀδεκάστῳ
705 3604 878 3672 κρίσει
924 3619 1000 3660 τις
1041 3599 1336 3652 ἐπισκοπῶν
1381 3599 1603 3654 ἐντεῦθεν
1633 3599 1694 3651 ἀν
1736 3619 1894 3652 κατα·

289 3693 390 3760 θεῷ
431 3697 685 3760 τοτρανώς
731 3692 818 3740 τὸν
867 3687 1264 3760 ἀναφλεγόμενον
1305 3687 1381 3742 ἀεὶ
1419 3697 1510 3742 τοῦ
1545 3691 1682 3742 θείου
1714 3692 1894 3764 ἔρωτος

287 3778 340 3832 ἐν
403 3777 590 3848 Παύλῳ
661 3781 878 3851 πυρσόν.
936 3777 1010 3830 Ού
1087 3779 1178 3852 νάρ
1237 3779 1442 3851 ἠρκεῖτο
1499 3778 1676 3831 ἑαυτὸν
1745 3783 1895 3851 μόνον

287 3869 594 3942 προσάγων,
651 3865 778 3918 ἀλλά
827 3872 916 3918 καὶ
975 3866 1174 3941 ἐτέρους
1227 3867 1284 3919 ού
1341 3867 1554 3940 γλώσσῃ
1605 3872 1757 3940 μόνον
1808 3873 1897 3919 καὶ

283 3961 438 4030 χειρὶ
489 3960 716 4028 σημείων
759 3959 780 3997 ι
808 3973 822 3986 ·
869 3954 995 4007 ἀλλά
1037 3961 1126 4008 καὶ
1171 3954 1274 4028 βίῳ
1320 3961 1408 4009 καὶ
1455 3961 1660 4030 τρόποις
1705 3957 1894 4021 ἅπασι,

283 4051 384 4099 καὶ
431 4042 638 4118 μεθόδῳ
703 4047 847 4117 πάσῃ
917 4041 1164 4098 ἔσπευδεν
1225 4054 1624 4117 συνεισενεγκεῖν
1659 4063 1672 4077 ·
1732 4047 1898 4108 καλῶς

288 4153 456 4208 φησιν
501 4133 546 4186 εἰ
591 4138 662 4206 μὴ
711 4131 962 4207 ἐχώριζεν
1008 4133 1188 4186 ἑαυτὸν
1233 4141 1326 4186 τοῦ
1377 4142 1608 4206 Χριστοῦ
1639 4151 1650 4164 ⁸
1699 4137 1756 4187 τὸ
1809 4139 1898 4207 μὲν

282 4227 392 4296 γὰρ
443 4222 599 4274 θέλειν
649 4222 846 4294 ἑτέρους
901 4224 1338 4296 προσενεχθῆναι,
1390 4223 1484 4274 ούκ
1541 4226 1682 4276 ἔστιν
1739 4223 1901 4276 ἐπιτι-

286 4319 432 4386 μᾷν·
466 4315 524 4362 τό
570 4307 630 4363 δε
677 4313 930 4384 χωρίζειν
980 4310 1156 4363 ἑαυτὸν
1212 4312 1355 4381 ᾧτινι
1393 4320 1655 4386 προσῆγεν
1713 4313 1900 4374 οῡιλους

287 4401 390 4454 οὐκ
442 4403 585 4452 ἔστιν
623 4405 694 4472 μὴ
747 4399 1008 4472 ἐπιτιμᾷν.
1055 4403 1118 4452 Τί
1168 4397 1254 4452 οὖν
1299 4420 1493 4472 φαμενς
1527 4405 1558 4460 ἧ
1606 4405 1676 4464 ὡς
1717 4402 1775 4453 ού
1811 4405 1898 4474 μὲν

287 4486 383 4544 οὖν
435 4488 526 4540 οὐκ
575 4486 860 4560 ἐχώριζεν;
909 4485 1032 4540 οὐδὲ
1077 4490 1178 4563 γὰρ
1223 4485 1379 4544 εἶπεν·
1437 4493 1684 4561 Εὕχομαι
1732 4511 1900 4564 χωρί’

295 4580 514 4642 σθῆναι,
557 4575 663 4628 ἀλλ’
708 4578 955 4649 ηὐχόμην
1001 4579 1098 4628 ἄν·
1129 4581 1416 4643 τουτέστιν,
1446 4579 1504 4632 Εἰ
1553 4575 1770 4632 δυνατὸν
1815 4577 1896 4645 ἦν,

295 4667 344 4720 εἰ
393 4665 684 4719 συνέϐαινεν
744 4667 860 4738 θείῳ
903 4667 1046 4737 πόθῳ
1101 4668 1260 4718 πόθον
1317 4669 1478 4719 ἔνθεον
1531 4666 1898 4726 ἐκνικηθῆναι·

295 4757 344 4810 εἰ
405 4758 532 4829 ἔρως
601 4757 880 4829 θεοπρεπὴς
948 4757 1218 4808 θεσπέσιον
1271 4757 1432 4830 ἔρωτα
1489 4753 1896 4829 παρηυδοκίμει,

295 4851 390 4899 καὶ.
439 4853 620 4898 τοῦτον
667 4844 728 4896 ἀν
757 4844 990 4897 ὑπελθεῖν
1038 4846 1404 4917 ἠγωνισάμην.
1457 4847 1632 4896 Πάντα
1661 4848 1750 4916 μὲν
1797 4851 1898 4920 γαρ

299 4937 582 5009 ἐπράττετο
643 4934 852 5004 Παύλῳ,
901 4935 983 4986 ἵνα
1054 4934 1280 4994 ἅπαντας
1349 4941 1562 5006 Χριστῷ
1613 4933 1856 5008 οἰκειώση
1885 4951 1898 4964 ·

295 5023 532 5096 μάλιστα
575 5019 634 5075 δῖε
673 5019 980 5084 Ἰουδαίους.
1013 5023 1174 5074 Οὗτοι
1218 5025 1318 5094 γάρ
1367 5027 1457 5074 καὶ
1510 5029 1773 5094 συγγενεῖς
1813 5029 1900 5078 καὶ

295 5117 472 5184 νόμοις
517 5113 748 5183 ἠγμένοι,
798 5116 888 5164 καὶ
942 5114 1069 5185 πρὸς
1125 5109 1212 5173 οὓς
1256 5113 1310 5162 αἱ
1363 5110 1664 5184 ἐπαγγελίαι
1709 5113 1898 5166 ἄνωθεν

295 5207 388 5254 καὶ
433 5199 486 5252 ἐκ
533 5205 768 5276 πατέρων
796 5216 807 5228 ·
843 5199 968 5253 ἀλλά
1014 5205 1104 5252 καὶ
1145 5209 1244 5252 τῶν
1289 5200 1450 5253 ἄλλων
1495 5201 1642 5254 πλέον
1693 5209 1764 5272 τῷ
1807 5222 1901 5260 κη-

297 5293 526 5364 ρύγματι
557 5290 923 5350 ἀνθεστηκότες
968 5305 982 5318 '
1018 5287 1052 5343 δ
1060 5291 1090 5341 ι’
1118 5289 1144 5342 ὃ
1170 5295 1258 5342 καὶ
1287 5292 1311 5342 6
1337 5295 1454 5364 περὶ
1503 5291 1693 5352 αύτούς
1738 5289 1895 5364 ἀγὼν,

1985 1821 2178 1873 servat
2199 1832 2340 1887 erga
2381 1818 2720 1873 Dominum.
2765 1839 2790 1869 ‹‹
2843 1823 2905 1873 ln
2937 1819 3050 1874 hoc
3087 1817 3248 1872 enim
3279 1819 3643 1886 cognoscent

1985 1921 2218 1975 omnes,
2262 1907 2424 1978 quod
2461 1907 2576 1962 mei
2622 1908 2760 1962 estis
2792 1906 3083 1978 discipuli,
3121 1907 3170 1961 si
3219 1907 3472 1962 invicem
3513 1904 3640 1962 dili-

1986 1996 2137 2066 gatis
2171 2012 2184 2050 :
2225 2015 2252 2046 ››
2291 1996 2612 2059 etiterum,
2639 2016 2668 2048 (ι
2689 2001 2748 2052 In
2769 1995 3182 2051 hisceduobus
3197 1995 3501 2066 praeceptis
3519 1999 3642 2050 tota

1985 2085 2076 2140 lex
2116 2083 2338 2156 pendet
2356 2089 2412 2140 et
2435 2085 2782 2157 prophetae:
2827 2105 2856 2136 »
2901 2085 2994 2139 Dei
3037 2085 3258 2140 etenim
3308 2089 3364 2140 et
3383 2083 3642 2155 proximi

1987 2173 2226 2229 dilectio
2259 2177 2440 2245 caput
2463 2179 2568 2238 est,
2605 2173 2933 2238 vinculum,
2973 2173 3146 2228 radix
3177 2173 3452 2230 omnium
3502 2171 3646 2228 alio-

1987 2277 2123 2318 rum
2159 2267 2314 2317 recte
2349 2261 2666 2318 factorum.
2707 2261 3060 2318 Conceditur
3105 2279 3118 2316 :
3165 2265 3260 2316 ast
3291 2263 3352 2316 in
3379 2262 3514 2330 hoc,
3555 2261 3640 2315 in-

1988 2351 2222 2424 quiunt,
2258 2351 2509 2422 praetulit
2539 2350 2745 2406 afﬁnes
2779 2372 2792 2406 :
2825 2367 2956 2406 nam
2985 2367 3021 2406 a
3051 2353 3165 2406 Deo
3197 2355 3442 2422 exoptat
3470 2365 3648 2421 sepa-

1989 2440 2126 2506 rari,
2161 2445 2224 2494 ut
2245 2439 2506 2496 lucretur
2531 2455 2652 2506 eos,
2673 2455 2811 2495 cum
2839 2439 3101 2496 Christus
3131 2440 3308 2506 dicat,
3353 2459 3382 2490 «
3425 2439 3530 2504 Qui
3557 2439 3645 2494 di-

1988 2528 2118 2599 ligit
2145 2533 2376 2601 patrem
2403 2529 2490 2584 vel
2513 2534 2764 2586 matrem
2778 2529 2910 2601 plus
2932 2545 3118 2600 quam
3143 2544 3256 2593 me,
3281 2544 3402 2584 non
3427 2531 3512 2584 est
3547 2542 3644 2582 me

1991 2618 2223 2689 dignus.
2263 2639 2290 2668 »
2332 2621 2568 2686 Verum,
2593 2619 2900 2690 quomodo
2917 2633 3097 2689 supra
3123 2616 3422 2672 Christum
3455 2615 3640 2687 diligi,

1992 2709 2310 2764 dicuntur?
2343 2707 2398 2765 Si
2424 2707 2503 2764 ob
2533 2707 2698 2764 aliud
2722 2707 2948 2780 aliquid
2967 2707 3365 2777 diligebantur
3385 2723 3420 2762 a
3439 2705 3642 2770 Paulo,

1993 2797 2210 2854 valeret
2235 2797 2661 2869 consequentia
2689 2813 2703 2864 ;
2735 2798 2846 2862 sin,
2877 2801 2942 2854 ut
2971 2797 3178 2852 Christi
3207 2795 3505 2867 peculium
3546 2795 3648 2850 ﬁe-

1992 2891 2142 2952 rent,
2157 2886 2320 2942 haud
2335 2885 2596 2958 intelligo
2607 2885 2913 2958 quomodo
2925 2885 3165 2954 cognati
3179 2885 3302 2954 ejus
3315 2884 3644 2956 plusquam

1996 2975 2262 3032 Christus
2302 2973 2671 3046 dilliguntur.
2717 2973 2865 3034 Quid
2907 2973 3066 3028 aliud
3105 2972 3546 3027 eniminsinual
3579 2986 3648 3025 ει-
3727 2983 3736 2990 ·

1925 3093 1964 3148 ρ
1995 3079 2160 3120 mare
2189 3063 2320 3118 illos
2349 3079 2534 3134 quam
2563 3063 2912 3126 subdere,et
2936 3061 3323 3132 appropriare
3341 3059 3472 3115 illos
3489 3075 3650 3115 com-

1995 3152 2165 3209 muni
2217 3152 2472 3207 Domino
2499 3151 2526 3205 ?
2566 3149 2879 3216 Quomodo
2917 3165 3060 3220 ergo
3095 3149 3296 3204 dilexit
3331 3164 3432 3204 eos
3488 3147 3652 3219 plus-

1997 3256 2177 3312 quam
2207 3238 2522 3306 Christum,
2542 3255 2680 3294 cum
2703 3237 2762 3293 in
2784 3237 3188 3294 obedientiam
3213 3235 3368 3292 illius
3399 3239 3456 3290 et
3484 3249 3654 3291 amo-

1996 3344 2122 3385 rem
2154 3344 2256 3384 eos
2284 3327 2697 3400 pertraheret?
2745 3327 2898 3392 Quin
2925 3325 3154 3396 judicio
3200 3324 3549 3395 incorrupto
3601 3323 3652 3378 si

1997 3419 2132 3491 quis
2177 3417 2292 3474 hoc
2331 3417 2636 3488 ponderat,
2679 3417 2752 3472 ab
2783 3431 2853 3471 eo
2895 3415 3112 3487 poterit
3149 3413 3362 3470 intueri
3403 3413 3654 3468 flamma

1999 3507 2184 3563 divini
2223 3506 2446 3564 amoris
2478 3521 2732 3562 accensa
2777 3505 3022 3560 Paulum
3079 3507 3366 3576 perpetuo
3401 3501 3656 3558 exarde-

2001 3601 2289 3654 scentem.
2317 3599 2436 3652 Non
2465 3594 2758 3651 continuit
2797 3595 3064 3664 seipsum
3107 3592 3184 3648 ad
3227 3595 3411 3647 Deum
3468 3595 3658 3646 trans-

2002 3685 2216 3750 ferens,
2259 3684 2510 3742 adduxit
2542 3683 2690 3739 alios
2729 3698 2850 3739 non
2891 3682 3098 3752 lingua
3138 3685 3394 3746 tantum,
3429 3683 3485 3735 et
3531 3695 3654 3735 ma-

2001 3790 2192 3830 nuum
2217 3773 2496 3846 operibus
2537 3771 2938 3836 miraculosis,
2969 3771 3074 3826 sed
3107 3770 3247 3836 vita,
3291 3768 3560 3826 moribus
3601 3771 3657 3826 et

2003 3864 2410 3919 omniratione
2433 3869 2494 3918 ut
2513 3861 2572 3917 id
2595 3868 2795 3932 ageret
2835 3859 3274 3916 contendebat:
3307 3863 3464 3914 recte
3488 3857 3656 3922 dixit,

2005 3959 2307 4024 utcunque
2365 3967 2428 4006 se
2478 3967 2514 4008 a
2567 3951 2791 4006 Christo
2838 3965 2960 4004 non
3008 3948 3326 4020 separavit.
3391 3951 3518 4004 Non
3571 3950 3660 4002 est

2005 4040 2480 4114 vituperandum,
2530 4039 2690 4111 quod
2736 4038 2882 4094 alios
2940 4037 3180 4094 volebat
3227 4035 3546 4100 adducere,
3597 4039 3658 4090 at

2007 4145 2289 4202 separare
2335 4146 2398 4184 se
2435 4127 2688 4184 voluisse
2715 4125 2794 4183 ab
2823 4141 2894 4182 eo
2941 4125 3020 4181 ad
3072 4140 3254 4196 quem
3317 4123 3660 4179 adducebat

2007 4221 2178 4286 alios,
2204 4217 2512 4291 quomodo
2535 4233 2654 4272 non
2687 4213 3249 4288 reprehendendum
3271 4214 3300 4270 7
3323 4211 3476 4278 Quid
3501 4209 3660 4266 dice-

2007 4325 2143 4366 mus
2165 4323 2306 4376 ergo
2325 4307 2352 4361 ?
2383 4311 2470 4362 An
2509 4306 2675 4378 quod
2695 4319 3082 4377 nequaquam
3114 4302 3434 4374 separabat
3467 4300 3494 4356 ?
3535 4315 3658 4356 non

2007 4399 2168 4455 enim
2198 4396 2386 4452 dixit:
2430 4395 2580 4466 Opto
2615 4393 2898 4463 separari,
2939 4392 3046 4448 sed
3083 4399 3361 4462 optarem,
3419 4390 3536 4445 hoc
3569 4393 3660 4446 est

2009 4489 2056 4543 si
2097 4485 2380 4559 possibile
2444 4489 2616 4548 esset,
2673 4484 2722 4538 si
2763 4483 2890 4538 ﬁeri
2921 4486 3142 4554 posset,
3191 4485 3252 4535 ut
3296 4477 3659 4535 desiderium

2008 4577 2280 4634 divinum
2318 4574 2522 4629 divino
2551 4571 2850 4628 desiderio
2883 4569 3249 4634 vinceretur;
3283 4568 3332 4623 si
3359 4583 3530 4624 amor
3562 4565 3660 4620 de-

2010 4681 2149 4722 cens
2181 4667 2368 4720 Deum
2410 4662 2681 4718 divinum
2720 4675 2988 4716 amorem
3037 4658 3451 4722 transcederet,
3499 4655 3661 4712 hunc

2009 4771 2120 4825 ego
2147 4759 2212 4810 ut
2233 4753 2496 4810 subirem
2517 4751 2956 4808 contenderem.
2990 4749 3205 4806 Omnia
3228 4746 3384 4802 enim
3407 4744 3664 4802 faciebat

2009 4843 2248 4911 Paulus,
2297 4848 2360 4898 ut
2416 4856 2626 4898 omnes
2681 4839 2912 4896 Christo
2941 4837 3331 4904 lucrifaceret,
3367 4834 3662 4908 imprimis

2008 4933 2274 4988 Judaaos.
2313 4934 2489 4986 Erant
2525 4930 2605 4986 illi
2649 4929 2882 4997 attines,
2921 4929 3050 4997 lege
3097 4925 3548 4990 ordinabantur,
3581 4925 3660 4980 ad

2007 5039 2112 5080 eos
2138 5021 2434 5094 promissa
2477 5018 2738 5091 patribus
2787 5018 2856 5072 ab
2913 5016 3080 5072 initio
3131 5014 3532 5087 spectabant:
3579 5011 3664 5068 illi

2009 5112 2164 5168 ultra
2188 5111 2336 5167 alios
2357 5107 2764 5182 prtedicationi
2793 5107 3162 5162 obsistebant
3201 5122 3212 5161 :
3246 5104 3527 5177 quocirca
3541 5118 3666 5157 ma-

2011 5201 2100 5270 gis
2137 5201 2214 5257 de
2253 5199 2368 5256 illis
2421 5196 2826 5254 laborandum
2884 5200 2940 5252 et
2989 5195 3472 5252 contendendum
3516 5192 3662 5257 fuit;

2009 5290 2304 5363 imprimis
2327 5305 2394 5346 ne
2417 5287 2708 5344 videretur
2729 5285 2824 5342 lex
2851 5285 3075 5358 aliquid
3097 5285 3302 5354 gratiae
3331 5281 3666 5340 communi-

1649 5481 1876 5538 VARIIE
1916 5467 2314 5536 LECTIONES.

378 5661 496 5732 ‘i'a',
537 5665 822 5736 σημαίνων.
855 5663 922 5722 C.
961 5661 1034 5716 M.
1072 5663 1318 5733 σημείων.
