4136 6198
474 244 580 302 659

471 383 664 435 casse,
699 381 808 424 nec
837 363 1070 423 animas
1095 365 1282 423 abilla
1302 365 1912 424 intormandasnibilo
1929 379 2122 435 magis
2157 365 2200 420 A

470 464 641 532 aptas
681 456 868 521 reddi,
897 466 957 512 ut
983 456 1410 528 promissiones
1446 457 1716 529 patribus
1747 457 1918 512 facta;
1963 455 2122 512 falsa!

470 552 840 623 putarentur,
873 561 946 601 ne
963 545 1221 600 Christus
1239 547 1428 617 magis
1452 546 1530 602 ab
1568 546 1634 601 iis
1654 546 2120 619 blasphematur,

472 655 508 696 a
533 637 757 711 quibus
787 635 984 706 magis
1004 635 1285 691 honorari
1311 636 1505 702 debet,
1534 651 1607 692 ne
1633 636 1736 708 qui
1759 634 2123 707 conjunctio-

474 743 567 784 res
610 725 865 782 Domino
895 729 1083 792 erant,
1123 725 1182 779 in
1220 739 1604 780 communem
1637 725 1950 781 Dominum
1981 737 2124 779 con-

476 815 848 873 tumeliosius
870 818 1131 884 agerent,
1167 812 1290 885 ipse
1330 813 1630 870 videretur
1665 815 1943 869 maximae
1973 811 2125 886 parti

477 904 1065 973 consanguineorum
1101 903 1409 959 insultare.
1442 903 1652 958 Taliter
1697 906 1859 959 enim
1909 901 2125 957 Paulus

476 998 602 1050 erat
631 992 953 1055 animatus,
985 996 1049 1047 ut
1078 990 1301 1064 ubique
1342 992 1400 1046 in
1449 992 1731 1047 omnibus
1777 989 2027 1064 gloriam
2070 994 2128 1046 et

476 1084 705 1140 cultum
731 1081 1066 1138 absolutum
1091 1083 1207 1136 Deo
1237 1081 1502 1136 debitum
1532 1082 1799 1153 praestari
1829 1081 2002 1136 vellet
2023 1093 2127 1152 per

475 1172 767 1244 seipsum,
791 1185 897 1242 per
922 1183 1111 1239 genus
1130 1184 1320 1234 suum,
1351 1185 1451 1241 per
1481 1176 1708 1239 gentes.
1737 1185 1812 1225 ne
1833 1169 1891 1224 in
1925 1168 2126 1240 aliquo

473 1261 710 1317 deesset
733 1259 1105 1331 apostolatus
1131 1259 1220 1314 sui
1248 1259 1554 1324 functioni,
1597 1257 1871 1330 inprimis
1916 1257 2128 1312 inlide-

471 1350 604 1407 litas
643 1348 1228 1420 consanguineorum
1249 1348 1411 1403 illum
1435 1347 1589 1404 male
1612 1348 1894 1412 habebat,
1928 1361 2127 1401 eorum

473 1455 656 1497 causa
685 1437 1198 1494 inﬂammabatur.
1235 1438 1640 1493 Hocindicans
1668 1437 1809 1492 dicit
1838 1454 1850 1493 :
1898 1455 1924 1487 ‹‹
1953 1440 2128 1507 Opta-

473 1543 600 1585 rem
631 1544 742 1598 ego
791 1529 1107 1583 anathema
1142 1527 1268 1582 ﬁeri
1316 1545 1328 1582 :
1397 1548 1425 1580 »
1480 1527 1592 1582 hoc
1623 1532 1681 1581 ut
1727 1526 2126 1596 pronuntiem,

477 1617 757 1672 stimulus
789 1615 1011 1672 amoris
1033 1616 1148 1671 mei
1171 1628 1265 1670 me
1286 1621 1567 1686 provocat
1593 1631 1604 1668 :
1631 1613 1957 1669 affectionis
1983 1629 2129 1670 meai

474 1705 724 1761 ﬂamma
747 1704 972 1758 viscera
985 1703 1405 1774 depascensita
1426 1717 1518 1757 me
1543 1703 2088 1772 cogitproclamare
2114 1719 2126 1756 :
2163 1719 2207 1777 Β

475 1809 643 1848 amor
662 1807 804 1860 erga
835 1791 1133 1847 Christum
1159 1805 1328 1846 meus
1351 1791 1664 1863 persuasit,
1690 1794 1748 1846 ut
1773 1791 1830 1845 in
1859 1791 2128 1846 animum

478 1880 764 1936 inducam
798 1879 1066 1948 singulos
1099 1880 1208 1951 ipsi
1232 1885 1607 1935 consecratos
1637 1880 1782 1934 dare
1811 1896 1822 1934 :
1851 1886 2126 1949 optarem,

478 1971 526 2024 si
575 1971 1017 2034 concederetur,
1075 1970 1124 2022 si
1171 1968 1390 2033 liceret,
1446 1969 1494 2024 si
1545 1969 1856 2040 apostasia
1932 1969 2133 2041 aliqua

479 2057 754 2114 salutaris
779 2061 958 2122 esset,
993 2073 1129 2130 quae
1161 2073 1296 2113 cum
1332 2061 1449 2113 Deo
1495 2063 1843 2128 procuraret
1883 2059 2133 2129 conjun-

479 2154 761 2219 ctionem,
799 2153 847 2209 si
898 2165 1020 2226 qua
1061 2154 1358 2224 separatio
1397 2155 1614 2210 arctius
1667 2154 2049 2225 constringat,
2089 2155 2137 2210 si

478 2259 601 2316 qua
635 2243 914 2300 alienatio
948 2242 1266 2315 perfectius
1305 2243 1470 2300 uniat
1520 2258 1533 2296 :
1578 2257 1719 2300 nam
1761 2256 1870 2316 pro
1929 2244 2136 2299 Christi

481 2332 686 2402 gloria,
717 2336 775 2387 et
799 2331 1212 2388 contribulium
1243 2333 1453 2397 salute,
1489 2347 1564 2387 ne
1595 2332 1709 2387 hoc
1733 2345 1846 2401 ego
1891 2332 2134 2404 quidem

480 2422 1012 2494 praetermitterem.
1041 2424 1358 2493 Postquam
1383 2427 1536 2476 certe
1560 2435 1850 2486 amorem,
1887 2422 2137 2493 quemiu

486 2512 778 2567 Christum
808 2509 1069 2578 gerebat,
1093 2509 1446 2565 omnimodo
1470 2509 1899 2575 manifestarat,
1928 2523 2067 2565 nam
2085 2509 2142 2566 et

486 2597 684 2653 verbis
716 2595 1012 2669 expressis
1031 2597 1113 2652 ait
1146 2613 1158 2652 :
1203 2617 1232 2648 ‹‹
1274 2597 1592 2653 Persuasus
1621 2613 1777 2663 sum,
1821 2616 1849 2649 η
1882 2599 1961 2655 ita
1981 2599 2138 2654 enim

485 2685 668 2742 iidem
714 2701 820 2758 per
856 2700 1034 2757 opera
1071 2685 1402 2751 conﬁrmat,
1457 2705 1484 2738 «
1524 2687 1688 2759 quod
1733 2701 1926 2757 neque
1979 2701 2140 2743 mors

483 2789 679 2846 neque
726 2775 869 2839 vita,
915 2790 1020 2830 nec
1059 2774 1424 2846 principatus
1471 2789 1579 2830 nec
1638 2781 1979 2847 potestates,
2031 2787 2139 2832 nec

480 2862 803 2935 praesentia
824 2875 931 2919 nec
963 2861 1180 2928 futura,
1218 2875 1337 2920 non
1379 2864 1626 2921 altitudo
1666 2879 1786 2920 non
1832 2863 2140 2936 profundi-

477 2957 590 3018 tas,
623 2967 746 3008 non
772 2952 1001 3025 qumvis
1022 2949 1140 3008 alia
1171 2961 1442 3009 creatura
1475 2954 1682 3024 poterit
1714 2969 1808 3009 me
1856 2969 2135 3026 separare

478 3042 557 3096 ab
587 3057 789 3098 amore
810 3043 1014 3114 quiest
1039 3042 1097 3097 in
1132 3042 1360 3098 Christo
1387 3044 1520 3098 Jesu
1555 3043 1805 3099 Domino
1832 3049 2068 3112 nostro;
2103 3059 2133 3096 »
2166 3075 2206 3131 Ο

477 3136 794 3203 postquam
833 3130 1073 3200 singula
1113 3132 1271 3187 entia
1311 3132 1603 3188 collectim
1653 3132 2029 3190 distribuerat
2073 3133 2134 3188 in

476 3224 696 3289 partes,
733 3235 841 3274 nec
871 3232 1113 3275 cursum
1141 3222 1364 3276 amoris
1403 3222 1490 3275 sui
1527 3223 1770 3285 stiterat,
1798 3221 1872 3276 de
1898 3229 2132 3286 caetero,

477 3321 510 3361 a
541 3321 662 3362 non
688 3309 922 3362 cutibus
954 3309 1011 3363 in
1035 3315 1450 3377 argumentum
1495 3311 1914 3366 tantummodo
1945 3311 2136 3366 addu‘

476 3395 602 3462 ctis,
626 3395 805 3450 veluti
832 3396 1144 3451 insatiatus
1169 3397 1414 3469 quidam
1443 3404 1699 3469 amator,
1747 3401 1978 3454 Christo
2024 3400 2137 3454 mi-

478 3498 592 3539 nus
625 3497 688 3538 se
727 3483 954 3540 deferre
987 3485 1328 3555 arbitratur,
1381 3493 1436 3542 et
1468 3501 1605 3542 eum
1647 3488 1945 3542 defectum
2001 3501 2137 3560 sup-

481 3573 638 3645 plere
683 3575 1070 3642 contendens,
1103 3575 1277 3629 infert
1328 3580 1562 3631 tantum
1615 3588 1735 3631 non
1785 3577 2075 3633 verbatim
2119 3593 2133 3633 :

480 3665 682 3733 ipsam
707 3677 891 3734 spem,
909 3663 1386 3735 cursumipsum,
1404 3664 1653 3720 salutem
1679 3667 1872 3736 ipsam
1895 3666 2139 3723 libenter

478 3753 860 3822 deponerem,
919 3751 965 3806 si
1016 3751 1242 3808 Christo
1281 3752 1414 3808 hinc
1454 3753 1586 3824 plus
1643 3754 1848 3825 gloriae
1900 3756 2137 3811 accede-

480 3845 580 3904 ret,
609 3845 664 3896 et
693 3841 965 3896 conversi
1016 3841 1203 3897 Judaei
1235 3843 1641 3898 salvarentur:
1675 3844 1803 3899 haec
1834 3850 1890 3901 et
1923 3845 2135 3902 sentire

474 3934 530 3985 et
557 3929 771 3996 dicere,
807 3945 925 3985 non
952 3934 1039 3986 est
1060 3947 1094 3987 a
1135 3933 1253 3986 Deo
1276 3933 1589 4003 separatio.
1617 3935 1892 3999 Quonam
1921 3935 2081 3990 enim
2110 3937 2136 3992 ?

474 4018 668 4091 potius
716 4021 990 4092 quzedam
1041 4021 1192 4075 mira
1240 4022 1604 4092 conjunctio,
1657 4027 1713 4078 et
1762 4025 1904 4079 unio
1960 4036 2137 4095 supra

474 4113 750 4164 naturam
779 4110 1061 4166 innovate
1091 4127 1104 4165 :
1138 4112 1354 4166 amoris
1381 4125 1523 4182 erga
1559 4114 1738 4167 Deum
1775 4124 1917 4183 erga
1946 4114 2134 4169 homi-

472 4212 577 4252 nes
616 4198 1106 4270 incomparabilis
1154 4201 1436 4255 exhibitio
1483 4199 1848 4257 manifesta:
1906 4203 2136 4271 insigne

473 4287 778 4357 quoddam
832 4290 1142 4360 proprium
1194 4289 1383 4345 beatae
1443 4290 1700 4346 ccclesiis
1759 4287 1910 4347 illius
1967 4293 2134 4348 Pauli

474 4376 706 4473 animai.
750 4380 938 4449 Atque
979 4377 1058 4433 ita
1107 4382 1232 4433 esto
1286 4379 1483 4473 prima
1531 4379 1746 4435 solutio
1782 4381 1968 4446 dubii,
2013 4394 2131 4436 non
2165 4419 2208 4473 Β

474 4465 742 4531 multum,
779 4468 857 4522 uti
886 4467 1155 4530 arbitror,
1190 4465 1476 4522 recedens
1515 4469 1593 4523 ab
1639 4469 1899 4541 Apostoli
1953 4481 2134 4526 sensu

475 4557 530 4616 et
558 4555 869 4608 sententia.
905 4558 972 4608 At
994 4569 1130 4609 cum
1161 4555 1326 4610 Pauli
1359 4555 1646 4626 plantatio
1677 4569 1797 4612 non
1832 4558 1900 4612 sit
1932 4559 2136 4613 unius~

481 4642 662 4707 modi,
697 4642 804 4698 sed
831 4655 950 4697 non
985 4659 1136 4708 raro,
1171 4644 1371 4698 multis
1395 4645 1719 4700 etdiversis
1752 4647 2130 4709 ramusculis,

481 4734 767 4803 tanquam
795 4731 874 4786 ab
903 4732 1082 4787 unico
1108 4729 1305 4788 litteris
1327 4747 1565 4806 campo,
1595 4747 1880 4789 sensuum
1913 4735 2136 4793 fructus

480 4820 698 4875 maturi
731 4821 1206 4890 progrediantur,
1241 4823 1511 4891 agedum,
1543 4834 1674 4877 cum
1728 4824 1992 4879 oratione
2024 4825 2134 4880 col-

479 4907 790 4963 lectionem
825 4909 1141 4976 fructuum,
1182 4916 1237 4966 et
1264 4911 1462 4982 siquid
1486 4911 1624 4966 inde
1660 4909 1820 4967 aliud
1854 4913 2136 4984 agricolu-

481 4996 637 5050 tione
685 4996 937 5067 dignum
1005 5005 1336 5064 enascatur,
1409 5000 1816 5057 instituamus.
1865 5002 2136 5057 Videmus

483 5084 753 5149 Paulum,
795 5099 915 5140 non
971 5087 1316 5158 simpliciter
1384 5089 1700 5152 dicentem,
1741 5089 1884 5145 velle
1922 5106 1982 5144 se
2026 5105 2135 5161 pro

482 5172 794 5229 tribulibus
818 5175 960 5239 suis,
981 5180 1303 5247 postquam
1334 5178 1680 5242 crediderat,
1701 5179 1962 5248 separari
1996 5179 2136 5235 :hoc

482 5267 607 5318 erat
647 5265 806 5318 enim
851 5265 1040 5333 magis
1068 5266 1328 5321 terribile
1368 5281 1380 5329 ;
1418 5266 1520 5321 sed
1585 5283 1701 5322 non
1752 5268 1853 5331 ait,
1892 5267 1969 5322 ab
2026 5269 2137 5323 hoc

484 5357 752 5422 tempore
794 5355 1069 5425 Optarem
1114 5354 1236 5410 ﬁeri
1283 5356 1626 5425 anathema,
1673 5356 1776 5412 sed
1824 5357 2135 5426 Optassem

1694 237 1938 297 PHOTll
1979 233 2464 297 PATBIAHCHAE
2502 238 2591 297 ΟΡ
2605 283 2618 298 .

3735 245 3843 299 660

2234 371 2318 419 καί
2367 369 2396 426 ἡ
2447 366 2684 436 σπουδὴ,
2720 367 2810 421 καὶ
2841 367 2866 419 ὁ
2897 370 3065 431 πόνος,
3101 366 3291 440 μᾶλλον
3339 363 3434 419 διὰ
3461 373 3616 419 τοῦτο
3648 367 3732 420 ἵνα
3773 374 3849 440 μή

2236 455 2363 530 δόξῃ
2405 459 2431 510 ό
2460 463 2613 530 νόμος
2643 455 2792 511 οὐδὲν
2823 465 2884 529 τῇ
2927 457 3111 530 χάριτι
3159 463 3581 527 συνεισενεγκεῖν,
3615 462 3705 510 καὶ
3749 462 3850 518 τας

2235 546 2422 600 ἐκεῖθεν
2464 545 2966 620 παιδαγωγηθείσας
3023 547 3224 619 ψυχὰς,
3281 543 3430 599 οὐδὲν
3490 543 3852 604 ἐπιτηδειοτέ·

2234 657 2329 714 ρας
2375 639 2797 711 παρασκευάσαι,
2833 639 2915 688 ἱνα
2961 641 3030 708 μὴ
3077 631 3313 706 ψευδεῖς,
3348 635 3390 687 εἰ
3437 640 3527 687 καὶ
3581 639 3749 708 μάτην
3796 639 3855 689 αἱ

2235 730 2363 800 πρὸς
2411 731 2528 787 τοὺς
2578 730 2800 801 πατέρας
2862 725 3164 797 ἐπαγγελίαι
3220 727 3574 798 νομισθῶσιν
3637 727 3722 776 ἶνα
3771 729 3848 796 μὴ

2240 819 2464 888 Χριστὸς
2511 815 2594 885 ὑφ’
2644 816 2712 868 ὧν
2767 811 2873 868 ἔδει
2917 813 3105 887 μᾶλλον
3161 817 3594 890 προσκυνεῖσθαι,
3653 811 3852 886 μᾶλλον

2239 905 2657 979 βλασφημῆταιο
2716 906 2799 957 ἵνα
2849 909 2922 977 μὴ
2977 909 3066 957 καὶ
3118 909 3214 966 τῆς
3270 907 3490 975 ἔγγιστα
3540 909 3851 975 συγγενείας

2237 996 2310 1058 εἰς
2359 999 2446 1047 τόν
2505 998 2671 1046 κοινὸν
2726 998 2988 1051 Δεσπότην
3041 991 3474 1068 ἇμπαροινούσης,
3529 996 3674 1065 μέρει
3743 997 3851 1045 τινὶ

2237 1092 2328 1136 τοῦ
2373 1091 2668 1157 προσεχοῦς
2712 1084 2948 1154 αἵματος,
2992 1087 3082 1134 καὶ
3137 1084 3253 1135 τότε
3300 1087 3534 1154 μεγίστῳ
3580 1078 3709 1154 δόξῃ
3757 1086 3851 1133 καὶ

2239 1174 2394 1234 αὐτὸς
2465 1172 2808 1246 ίμπαροινεῐν.
2885 1175 3112 1229 Τοιαύτη
3197 1174 3295 1243 γὰρ
3379 1168 3441 1229 ἦν
3526 1173 3556 1228 ἡ
3638 1168 3849 1222 Παύλου

2237 1263 2389 1334 ψυχή
2415 1279 2426 1292 ⁸
2458 1259 2491 1314 δ
2498 1264 2551 1314 ιὰ
2579 1265 2780 1314 πάντων
2825 1261 2999 1319 ἤθελεν
3049 1260 3250 1318 ὁλοτελῆ
3294 1265 3386 1319 τὴν
3420 1256 3580 1322 δόξαν
3627 1264 3718 1311 καὶ
3748 1263 3848 1317 τήν

2238 1352 2474 1425 λατρείαν
2521 1353 2885 1425 προσάγεσθαι
2930 1359 3042 1420 Θεῷ
3097 1347 3191 1402 διὰ
3235 1349 3458 1402 ἑαυτοῦ·
3497 1346 3588 1401 διὰ
3643 1357 3742 1400 τῶν
3791 1347 3846 1398 ἐκ

2238 1445 2453 1512 γένους·
2484 1437 2578 1492 διὰ
2623 1448 2720 1492 τῶν
2769 1439 2922 1492 ἐθνῶν
2951 1455 2962 1469 ’
3007 1435 3178 1491 οὐδενὶ
3231 1450 3371 1512 μέρει
3421 1438 3623 1496 ἕλλειπῆ
3675 1455 3851 1509 παρα-

2245 1537 2440 1588 στῆσαι
2486 1533 2578 1587 τὴν
2632 1537 2722 1589 τῆς
2767 1527 3056 1588 ἀποστολῆς
3106 1528 3264 1579 αὐτοῦ
3316 1525 3585 1580 διακονίαν
3644 1528 3852 1597 ἠνείχε-

2243 1637 2318 1682 το,
2352 1618 2579 1691 μάλιστα
2622 1615 2680 1670 δὲ
2724 1618 2876 1669 αὐτὸν
2917 1620 2948 1675 ἡ
2995 1625 3092 1669 τῶν
3139 1625 3400 1688 συγγενῶν
3444 1617 3566 1675 ἠνία
3603 1615 3847 1679 ἀπιστία,

2243 1713 2331 1760 καὶ
2380 1711 2571 1760 τούτων
2634 1713 2750 1781 πέρι
2807 1707 3003 1760 ἐκαίετο
3055 1719 3102 1761 ιι.
3160 1711 3260 1759 Καὶ
3307 1713 3461 1757 τοῦτο
3515 1707 3853 1777 παριστάνων

2245 1797 2426 1869 ἔλεγεν,
2473 1813 2495 1846 ι(
2530 1797 2785 1869 Πυχόμην
2826 1797 2981 1856 αὐτὸς
3031 1795 3128 1866 ἐγὼ
3176 1793 3408 1867 ἀνάθεμα
3438 1790 3588 1848 εἶναι.
3623 1813 3652 1845 »
3698 1794 3854 1845 Οὕτω

2244 1907 2326 1959 με,
2376 1892 2553 1959 φησιν,
2598 1887 2774 1954 εἰπεῖν,
2809 1895 2898 1937 τοῦ
2948 1887 3110 1938 πόθου
3167 1888 3223 1936 τὸ
3259 1890 3465 1958 κέντρον
3518 1882 3850 1935 συνελαύνεν

2244 1977 2402 2036 οὕτως
2431 1979 2459 2034 ἡ
2507 1984 2597 2036 τῆς
2627 1984 2850 2048 στοργῆς
2897 1973 3021 2046 φλόξ
3051 1976 3116 2026 τὰ
3157 1974 3441 2045 σπλάγχνα
3470 1969 3851 2042 ἐπιϐοσκομένη

2247 2065 2489 2139 βιάζεται
2540 2064 2886 2138 ἁνακράζειν·
2939 2061 3102 2125 οὕτως
3151 2065 3175 2115 ὁ
3227 2067 3355 2138 πρός
3412 2066 3647 2135 Χριστὸν
3704 2064 3852 2134 ἔρως,

2246 2159 2334 2207 καὶ
2379 2158 2436 2206 τό
2489 2151 2730 2206 σπεύδειν
2777 2154 2916 2223 αὐτῷ
2961 2155 3154 2213 πάντας
3212 2156 3424 2227 ίερῶσαι
3478 2158 3675 2225 φρονεῖν
3727 2149 3856 2200 ἀνα-

2247 2246 2429 2298 πείθει.
2480 2244 2740 2315 Ηὺχόμην
2792 2241 2873 2310 ἂν,
2935 2243 2975 2294 εἰ
3031 2239 3314 2313 ἐνεδέχετο,
3375 2242 3418 2293 εἰ
3484 2239 3752 2313 ἐνεχώρει,
3811 2242 3857 2290 εἶ

2248 2352 2322 2394 τις
2375 2330 2434 2390 ἦν
2482 2329 2776 2394 ἀπόστασις
2827 2336 3102 2404 σωτήριος,
3160 2339 3292 2384 Θεοῦ
3343 2331 3673 2403 χαριζομένη
3735 2345 3856 2380 συν⁸

2251 2425 2448 2493 άφειαν,
2509 2425 2552 2473 εἴ
2616 2439 2694 2482 τις
2759 2425 3036 2494 χωρισμὸς
3094 2417 3322 2472 συνδέων
3395 2416 3761 2492 σφοδρότερον,
3814 2419 3858 2467 εἶ

2251 2528 2329 2572 τις
2373 2509 2708 2582 ἀλλοτρίωσις
2753 2509 3018 2562 οἰκειοῦσα
3061 2509 3363 2580 τελειότερον
3393 2527 3406 2541 υ
3442 2505 3566 2560 οὐδὲ
3593 2512 3696 2580 γὰρ
3730 2503 3857 2558 οὐδὲ

2254 2607 2430 2650 τοῦτον
2472 2608 2567 2661 τῆς
2617 2605 2846 2670 Χριστοῦ
2901 2595 3078 2663 δόξης,
3136 2603 3224 2650 καὶ
3276 2603 3372 2658 τῆς
3439 2606 3537 2648 τῶν
3586 2593 3856 2667 ὁμορύλων

2254 2694 2532 2761 σωτηρίας,
2579 2687 2638 2740 οὐ
2687 2692 2776 2761 μιν
2815 2685 2902 2740 οὖν
2956 2689 3050 2739 οὐκ
3098 2690 3158 2739 ἄν
3206 2707 3265 2758 γε
3309 2687 3574 2759 παρῆλθον
3612 2689 3698 2737 τόν
3733 2689 3858 2756 τρό-

2250 2798 2368 2834 πον.
2437 2774 2649 2836 Ἐπειδὴ
2711 2781 2809 2851 γὰρ
2865 2773 2918 2829 ἐκ
2975 2785 3074 2829 τῶν
3122 2780 3276 2829 ὄντων
3333 2777 3569 2828 ἁπάντων
3631 2780 3724 2832 τὴν
3789 2774 3858 2834 εἰς

2253 2871 2478 2941 Χριστὸν
2534 2867 2762 2938 ἀγάπην,
2810 2861 3105 2929 ἐπεδείξατο
3132 2884 3144 2896 °
3182 2885 3208 2914 (ι
3251 2870 3560 2935 Πέπεισμαι,
3598 2885 3625 2916 η
3671 2865 3852 2934 λέγων,

2246 2963 2336 3007 καὶ
2383 2964 2494 3018 τοῖς
2539 2955 2730 3026 λόγοις,
2765 2960 2854 3007 καὶ
2903 2953 2996 3008 διὸ.
3036 2963 3132 3007 τῶν
3179 2957 3333 3030 ἔργων
3386 2960 3480 3012 τὴν
3528 2959 3708 3005 πίστιν
3758 2952 3854 3004 ἐπ-

2247 3048 2402 3112 άγων,
2442 3065 2468 3096 ι(
2509 3047 2588 3097 ὅτι
2619 3049 2730 3097 οὔτε
2781 3048 3016 3110 θάνατος,
3052 3048 3167 3096 οὔτε
3199 3046 3327 3105 ζωὴ,
3363 3047 3479 3095 οὔτε
3524 3041 3694 3115 ἁρχαὶ
3734 3047 3853 3094 οὔτε

2247 3133 2513 3206 δυνάμεις,
2566 3139 2681 3186 οὔτε
2729 3132 2982 3186 ἐνεστῶτα
3027 3137 3142 3186 οὔτε
3186 3132 3453 3204 μέλλοντα,
3495 3136 3610 3183 οὔτε
3654 3130 3850 3202 ὕψωμα

2248 3228 2365 3276 οὔτε
2422 3222 2606 3296 βάθος,
2651 3227 2766 3275 οὔτε
2814 3228 2987 3284 κτίσις
3039 3239 3117 3282 τις
3175 3222 3321 3293 ἑτέρα
3374 3218 3660 3278 δυνήσεται
3709 3221 3851 3290 ἡμᾶς

2245 3319 2480 3387 χωρίσαι
2523 3311 2621 3364 ἀπὸ
2670 3322 2766 3374 τῆς
2809 3309 3016 3382 ἀγάπης
3063 3319 3154 3364 τοῦ
3209 3318 3360 3375 Θεοῦ,
3393 3320 3486 3371 τῆς
3535 3308 3583 3361 ἐν
3631 3317 3851 3385 Χριστῷ

2246 3405 2424 3459 Ἰησοῦ
2586 3406 2760 3474 Κυρίῳ
2805 3403 2970 3472 ἡμῶν.
3007 3420 3034 3451 η
3091 3401 3231 3452 Ἐπεὶ
3283 3396 3369 3451 οὖν
3430 3402 3714 3470 σύμπαντα
3762 3402 3852 3468 μὲν

2245 3493 2311 3541 τα
2358 3495 2496 3554 ὄντα,
2541 3496 2629 3542 καὶ
2673 3491 2916 3562 μερίζων,
2950 3495 3038 3541 καὶ
3081 3489 3510 3561 κεφαλαιούμενος
3561 3485 3852 3552 διεξῆλθεν,

2248 3582 2388 3630 οὔπω
2418 3576 2475 3631 δὲ
2519 3582 2604 3630 τὸν
2636 3585 2727 3630 τοῦ
2754 3579 2918 3630 πόθου
2950 3581 3139 3636 ἔστησε
3169 3574 3386 3651 δρόμον,
3412 3577 3591 3628 λοιπὸν
3622 3573 3732 3634 ἤδη
3765 3596 3854 3628 και

2247 3666 2301 3718 ἐκ
2346 3675 2445 3719 τῶν
2495 3673 2564 3739 μὴ
2616 3672 2772 3719 ὄντων
2820 3671 2910 3739 μὶν
2968 3665 3106 3739 μηδὲ
3151 3671 3456 3738 γεγονότων,
3499 3666 3565 3726 εἰς
3605 3667 3855 3718 ὑπόθεσιν

2231 3753 2307 3807 δὲ
2355 3755 2914 3830 παραλαμϐανομένων,
2948 3757 3031 3808 οἶά
3083 3771 3164 3815 τις
3200 3762 3350 3828 κόρον
3399 3755 3492 3806 οὐκ
3537 3749 3695 3815 εἰδὼς
3742 3754 3856 3826 ἐρα-

2249 3851 2391 3906 στὴς,
2451 3844 2527 3897 ἀεὶ
2574 3842 2631 3898 δι
2688 3845 2912 3916 νομίζων
2961 3844 3301 3896 ίλαττουσθαι
3350 3851 3440 3896 τοῦ
3497 3849 3716 3916 χρέους,
3763 3848 3853 3895 καὶ

2247 3938 2304 4009 τό
2355 3935 2534 3987 λοιπον
2593 3935 3026 4007 προσφιλονεικών
3081 3933 3455 4008 ἀναπληρῶσαι
3507 3936 3851 4008 προσεπάγει,

2244 4029 2528 4095 μονονουχὶ
2580 4023 2758 4094 λέγων,
2817 4026 2886 4083 ὡς
2932 4027 3030 4075 Καὶ
3090 4023 3248 4081 αὐτὴν
3297 4027 3390 4080 τὴν
3440 4019 3646 4087 ἐλπίδα,
3701 4026 3852 4073 αὑτὸν

2243 4117 2329 4164 τόν
2388 4109 2603 4186 δρόμον,
2658 4112 2820 4168 αὐτὴν
2873 4116 2966 4170 τὴν
3025 4116 3287 4183 σωτηρίαν
3345 4113 3630 4182 κατεθέμην
3675 4110 3757 4175 ἂν,
3810 4110 3854 4163 εἰ

2245 4205 2475 4274 Χριστός
2513 4201 2660 4253 πλέον
2701 4198 2794 4253 δια
2845 4210 2940 4263 τῆς
2985 4204 3230 4262 τοιαύτης
3281 4197 3554 4263 ἐδοξάζετο
3593 4201 3849 4274 πράξεως,

2242 4295 2331 4341 καὶ
2379 4294 2434 4341 τὸ
2480 4287 2744 4343 Ἰουδαίων
2789 4292 2928 4352 ἔθνος
2974 4289 3275 4361 ἐπιστρέφον
3322 4286 3642 4350 διεσώζετο·
3695 4293 3753 4340 τό
3797 4288 3854 4341 δι

2244 4387 2463 4430 τοιαῦτα
2517 4384 2604 4431 καί
2660 4387 2855 4451 φρονεῖν
2924 4385 3012 4430 καὶ
3076 4379 3260 4450 λέγειν,
3321 4381 3435 4430 οὔτε
3489 4385 3624 4431 Θεοῦ
3684 4397 3856 4451 χωρι-

2248 4473 2378 4538 σμός
2409 4466 2520 4519 ἐστι
2553 4485 2565 4500 ·
2601 4469 2790 4534 πόθενς
2823 4472 2938 4520 οὔτε
2979 4463 3261 4528 διάστασις
3286 4485 3298 4498 °
3332 4469 3514 4528 ἕνωσις
3562 4464 3622 4519 δι
3664 4467 3856 4538 μᾶλλον

2248 4559 2517 4627 θαυμασία
2585 4577 2666 4619 τις
2719 4562 2807 4608 καὶ
2873 4559 3159 4631 ὑπερφυὴς,
3218 4561 3306 4608 καὶ
3366 4557 3852 4630 καινοπρεπεστάτη

2248 4646 2518 4717 συνάφεια,
2560 4652 2646 4698 καὶ
2685 4654 2777 4697 τοῦ
2827 4650 2955 4718 πρὸς
3001 4649 3128 4699 Θεὸν
3177 4651 3265 4698 καὶ
3312 4644 3610 4718 ἀνθρώπους
3655 4644 3858 4719 ἀπαρα-

2246 4734 2435 4792 ϐλὴτου
2481 4741 2690 4808 φίλτρου
2741 4734 3089 4809 ἐναργεστάτη
3136 4737 3486 4805 παράστασις,
3529 4739 3617 4786 καὶ
3673 4740 3854 4805 μόνης,

2246 4827 2313 4885 ὡς
2363 4823 2586 4893 ἀληθῶς,
2633 4833 2722 4884 τῆς
2767 4829 3030 4899 μακαρίας
3075 4823 3267 4885 ίκείνης
3297 4828 3386 4875 καὶ
3431 4823 3670 4896 οὐρανίου
3707 4828 3856 4876 Παύ-

2245 4912 2334 4964 λου
2392 4913 2580 4984 ψυχῆς
2650 4914 3058 4986 ἀπαράγραπτον
3131 4918 3425 4986 γνώρισμα.
3482 4911 3624 4965 Ἀλλ’
3676 4915 3706 4970 ἡ
3765 4919 3855 4984 μεν

2247 5008 2424 5074 πρώτη
2489 5002 2638 5064 λύσις
2694 5011 2784 5054 τοῦ
2841 5003 3191 5074 ἠπορημένον,
3247 5003 3338 5054 οὐκ
3395 5001 3452 5053 ἂν
3509 5002 3657 5073 οἶμαι
3715 5003 3853 5067 λίαν,

2249 5089 2372 5142 οὐδὲ
2422 5100 2513 5152 τῆς
2546 5091 2895 5151 ἀποστολικῆς
2941 5091 3129 5143 ἐκείνου
3186 5099 3396 5164 γνώμης
3451 5091 3625 5165 πόρρω
3673 5094 3854 5144 τεθεωι

2246 5184 2463 5253 ρημένη,
2497 5184 2733 5237 τοιαύτη.
2770 5182 2909 5234 Ἐπεὶ
2961 5178 3016 5232 δε
3053 5181 3144 5232 οὐκ
3176 5183 3314 5232 ἔστιν
3345 5177 3620 5252 μονοειδὴς
3652 5183 3682 5238 ἡ
3719 5184 3857 5234 Παύ-

2247 5273 2333 5322 λου
2383 5275 2581 5340 φυτεία,
2635 5269 2738 5321 ἀλλ’
2791 5270 2899 5321 ἔσθ’
2955 5273 3036 5321 ὅτε
3083 5269 3457 5340 πολυστέλεχοί
3501 5287 3555 5320 τε
3597 5274 3686 5321 καὶ
3731 5267 3858 5321 διά-

2247 5378 2414 5431 φοροι,
2448 5362 2510 5419 ὡς
2570 5358 2668 5411 ἀπὸ
2721 5365 2846 5432 μιᾶς
2901 5366 2993 5410 τοῦ
3044 5360 3355 5431 γράμματος
3407 5365 3606 5433 χώρας,
3655 5361 3704 5410 οἱ
3759 5368 3858 5411 τῶν

1830 5491 2066 5548 VARUE
2121 5491 2518 5551 LECTlONES.

563 5636 623 5691 C.
649 5635 720 5690 Μ.
749 5639 1091 5710 περιεκαίετο.
