3906 6186
417 267 524 323 663

415 390 793 465 parationisa
822 392 957 444 Deo.
1003 391 1118 443 Nec
1169 388 1426 457 interest,
1492 389 1779 445 dixeritne

416 496 511 537 me
542 481 615 534 de
634 479 783 533 libro
812 479 965 542 vitm,
1002 498 1027 529 »
1063 483 1117 533 et
1147 501 1172 527 «
1206 495 1422 551 separa
1449 496 1543 534 me
1577 496 1612 535 a
1640 484 1712 535 te.
1751 500 1776 529 »
1811 478 2074 533 Libertas

414 570 543 625 haec
575 584 694 623 non
728 571 961 622 tantum
992 567 1070 621 ab
1110 566 1324 623 affectu
1366 568 1561 623 divino
1609 567 2078 640 procedens,ve-

416 675 547 714 rum
574 662 627 713 et
656 656 906 728 pr0priis
927 656 1151 711 meritis
1205 656 1574 721 subinduxit,
1629 663 1689 714 ut
1728 672 1851 712 non
1894 654 2077 711 modo

413 763 535 803 non
562 746 916 816 rejiceretur,
953 745 1060 800 sed
1082 762 1222 801 cum
1246 746 1474 803 honore
1497 746 1922 803 admitteretur.
1949 746 2078 801 Vox

416 836 517 892 illa
548 835 843 908 populum
884 834 1128 890 afﬁnem
1184 835 1257 890 ab
1308 836 1394 891 ira
1431 837 1593 907 justa
1638 835 1919 901 liberavit,
1969 850 2077 890 nec

416 926 712 983 dicentem
745 925 1035 997 expunxit
1078 925 1148 979 ab
1186 925 1286 982 illo
1320 946 1346 976 «
1378 925 1529 981 libro
1550 926 1693 980 vitae.
1732 946 1757 977 »
1791 924 2080 991 Quocirca

415 1022 478 1070 ut
514 1018 710 1071 Mosen
735 1015 863 1069 haec
889 1014 1184 1069 dicentem
1219 1020 1273 1069 et
1315 1016 1627 1070 facientem
1683 1014 2076 1077 admiramur,

418 1105 499 1160 ita
526 1112 581 1160 et
606 1104 851 1159 Paulum
878 1103 1070 1171 magis
1104 1104 1403 1174 suspicere
1435 1104 1747 1171 debemus,
1780 1103 1881 1175 qui
1908 1102 2081 1157 ’ν’θΙιε-

420 1193 679 1249 mentius
720 1193 780 1248 in
838 1192 1122 1248 eumdem
1188 1192 1468 1247 affectum
1499 1193 1815 1247 ferebatur.
1847 1196 1932 1246 An
1958 1207 2078 1247 non

415 1282 649 1337 videtur
686 1282 787 1337 tibi
822 1282 1149 1336 anathema
1185 1283 1451 1353 seipsum
1486 1280 1938 1353 quodammodo
1977 1296 2079 1351 po-

418 1371 633 1439 suisse,
668 1375 723 1426 et
764 1387 823 1425 se
853 1387 887 1425 a
928 1370 1121 1441 gratia
1158 1387 1469 1442 separasse
1502 1387 1608 1443 pro
1635 1370 1904 1440 cognatis
1934 1370 2073 1439 suis,

417 1476 555 1516 cum
581 1460 955 1514 Timotheum
1005 1459 1475 1523 circumcideret,
1519 1465 1574 1515 et
1633 1476 1769 1514 cum
1823 1459 2076 1528 gloriose

416 1548 748 1622 praedicans
784 1548 1185 1617 Evangelium,
1216 1549 1551 1604 Iudaeorum
1594 1555 1732 1603 vota
1760 1547 2073 1612 simulavit,

417 1644 598 1710 caput
635 1638 950 1702 abradens,
993 1642 1048 1693 et
1068 1643 1290 1693 statuta
1313 1639 1567 1693 oﬂ’erens
1602 1638 1887 1693 sacriﬁcia
1913 1636 1941 1691 7
1970 1653 2075 1692 nec

416 1744 527 1799 pro
580 1744 640 1782 se
698 1727 842 1789 solo,
900 1726 1001 1780 sed
1063 1727 1193 1780 aliis
1270 1726 1444 1781 etiam
1514 1742 1772 1798 quorum
1853 1726 1972 1781 soda

2189 1729 2273 1775 καὶ
2309 1727 2547 1797 πράττων
2577 1726 2867 1796 θαυμάσιος
2916 1742 2928 1754 ⁶

418 1820 561 1880 erat,
592 1816 693 1887 qui
721 1819 1065 1885 etsumptus
1108 1815 1169 1869 in
1203 1816 1490 1871 sacriﬁcia
1526 1814 1951 1886 suppeditabat
1979 1816 2071 1870 iis.

420 1904 483 1957 In
507 1920 691 1975 quam
718 1918 961 1958 causam
990 1904 1017 1957 ?
1044 1903 1208 1959 Illam
1242 1919 1476 1974 nempe,
1515 1908 1576 1959 ut
1608 1918 1816 1958 omnes
1850 1904 2074 1959 Christo

416 1990 804 2057 lucrifaceret,
830 1992 1198 2063 utplurimos
1247 1992 1588 2057 adduceret,
1620 1998 1682 2047 ut
1723 1992 2075 2048 omnimodo

420 2080 647 2151 aliquos
676 2086 935 2135 servaret
970 2100 985 2148 ;
1017 2080 1153 2135 ideo
1192 2080 1415 2135 Judaais
1444 2081 1682 2136 Iudaeus
1712 2080 1796 2145 ﬁt,
1847 2080 1917 2135 iis
1972 2081 2075 2152 qui

419 2168 545 2223 sine
567 2167 715 2237 lege,
758 2174 1043 2239 tanquam
1081 2168 1206 2223 sine
1259 2169 1407 2239 lege,
1457 2168 1864 2223 cuminﬁrmis
1917 2168 2076 2224 inﬁr-

418 2256 714 2312 mabatur.
756 2256 903 2312 Nihil
948 2258 1163 2313 horum
1205 2263 1331 2314 erat
1375 2257 1551 2330 (absit
1583 2262 1641 2313 ut
1689 2257 1885 2329 fuerit)
1914 2258 2075 2329 apud

416 2346 685 2402 animum
712 2346 1071 2415 etjudicium
1087 2363 1261 2402 suum
1296 2366 1309 2402 :
1370 2348 1493 2413 sed,
1520 2347 1850 2403 «Omnibus
1872 2348 2076 2403 omnia

416 2435 606 2490 factus
637 2440 743 2504 est,
785 2442 847 2489 ut
893 2436 976 2489 sic
1021 2435 1224 2507 aliquo
1273 2436 1458 2492 modo
1490 2436 1748 2509 aliquem
1775 2436 2076 2492 lucriface-

416 2530 521 2579 ret.
554 2545 577 2573 υ
614 2524 877 2580 Imitator
893 2525 1188 2593 egregius,
1215 2525 1481 2596 ut,quod
1511 2531 1691 2597 caput
1718 2530 1830 2590 est,
1861 2526 2071 2591 dicam,

420 2612 757 2669 communis
788 2612 1023 2668 Domini
1051 2617 1104 2667 et
1138 2614 1466 2669 Servatoris
1500 2613 1709 2674 nostri.
1744 2614 1845 2684 qui
1872 2614 2075 2669 omnia

420 2716 523 2773 pro
557 2700 729 2755 nobis
760 2717 994 2773 passus,
1029 2700 1107 2755 ob
1140 2700 1582 2773 inexplicabiles
1640 2701 1877 2757 divitias
1903 2702 2076 2757 mise-

418 2790 690 2846 ricordia:
725 2806 848 2845 suae
897 2795 952 2845 et
982 2790 1426 2855 exinanitionis,
1459 2806 1580 2845 non
1625 2791 1921 2846 recusavit
1944 2806 2077 2862 pec-

420 2886 619 2935 catum
670 2884 726 2935 et
767 2879 1107 2935 maledictio
1162 2896 1273 2951 pro
1305 2879 1478 2935 nobis
1518 2879 1631 2935 dici
1687 2886 1742 2935 et
1794 2880 2076 2953 reputari,

422 2986 557 3025 cum
589 2976 784 3024 tamen
816 2968 948 3023 fons
978 2974 1133 3025 esset
1157 2970 1355 3024 omnis
1387 2969 1839 3035 benedictionis,
1876 2973 1933 3024 et
1983 2970 2081 3025 de-

419 3058 659 3115 structio
691 3058 931 3130 peccati.
964 3061 1127 3114 Hunc
1160 3058 1269 3113 sibi
1316 3075 1421 3130 per
1453 3064 1641 3114 totum
1669 3059 1800 3114 vitae
1841 3075 2081 3114 cursum

420 3147 725 3218 exemplar
787 3163 1128 3219 proponens
1189 3148 1487 3217 genuinus
1546 3149 1675 3219 ejus
1728 3148 1972 3220 discipul

2192 3155 2319 3223 μήτε
2374 3155 2635 3222 γινόμενος
2690 3169 2702 3181 °

420 3236 830 3293 admirabilem
855 3236 1014 3291 illam
1034 3241 1091 3291 et
1110 3236 1569 3293 desiderabilem
1613 3238 2084 3293 conversationis

420 3324 1006 3395 repraesentationem
1028 3326 1242 3380 animae
1264 3343 1385 3380 sure
1408 3326 1671 3397 quotidie
1690 3326 2085 3382 transcribere

420 3417 479 3469 et
505 3411 816 3467 eﬁormare
848 3428 967 3467 non
990 3413 1236 3468 destitit.
1270 3414 1380 3469 Sed
1427 3414 1501 3469 de
1543 3420 1643 3470 tuo
1694 3416 1879 3471 dubio
1923 3416 2085 3471 haud

422 3500 546 3556 scio
574 3516 650 3555 an
678 3500 842 3571 quod
866 3501 1277 3573 repuirebatur
1306 3503 1526 3570 minus,
1569 3507 1724 3558 certe
1764 3504 1914 3559 ultra
1961 3504 2085 3575 epi-

423 3589 587 3645 stolze
608 3587 908 3655 terminos,
944 3590 1051 3643 ista
1072 3590 1300 3644 habeas
1328 3590 1642 3646 solutionis
1660 3592 1807 3647 vice.
1843 3592 2004 3649 Vale.

415 3679 569 3750 ἡμᾶς,
644 3697 733 3728 και
816 3680 1127 3749 νομισθῆναι
1202 3684 1544 3752 παρῃτήσατο
1613 3696 1625 3710 ·

1706 3686 1877 3733 καίτοι
1954 3685 2096 3752 πηγὴ
2177 3685 2355 3745 πάσης
2425 3683 2676 3754 εὐλογίας,

418 3772 701 3839 ἀναίρεσις.
759 3764 851 3816 ⁸ον
913 3764 1005 3818 διὰ
1072 3766 1193 3840 βίον
1248 3768 1400 3820 καλὸν
1470 3766 1810 3842 παράδειγμα
1856 3771 2289 3844 προστησάμενος

1646 261 1883 319 PHOTII
1925 258 2409 317 PATRIARCIIIE
2454 259 2563 315 CP.
3645 264 3717 319 eat

1832 408 1845 443 ε
1881 386 2075 443 «Dele
2106 385 2147 438 Α
2190 383 2249 442 ἦν
2294 386 2323 442 ἡ
2381 390 2609 446 Μωσέως
2660 385 2813 457 ψυχὴ
2866 394 2955 444 τῆς
3012 383 3215 436 Παύλου
3267 382 3447 454 ψυχῆς
3478 401 3489 413 ·
3517 385 3634 438 «Ἕκ
3657 398 3727 450 τῆς

2188 474 2373 547 βίϐλου
2400 478 2523 547 γὰρ,
2559 481 2710 547 φησι,
2740 484 2834 536 τῆς
2868 476 3021 535 ζωῆς.
3057 494 3084 526 ›)
3115 481 3278 526 Τοῦτο
3327 470 3384 525 δε
3431 478 3479 525 τί
3507 474 3626 526 ἐστιν
3665 479 3729 528 ἀλ·

2184 564 2259 629 λο,
2294 568 2436 638 παρά
2463 569 2519 617 τὸ
2558 565 2742 636 λέγειν,
2794 568 2863 627 ὡς
2915 564 3009 617 "Au
3063 569 3134 636 μὴ
3182 572 3288 625 τοῖς
3342 568 3557 634 sris-mu;
3591 578 3614 607 Χ
3640 587 3731 617 κατ-

2187 654 2481 725 αλλαγείης,
2529 659 2619 705 καὶ
2677 662 2852 724 σαυτῷ
2907 652 3143 725 συνάψης
3204 653 3414 714 αύτούς,
3469 675 3491 703 ν
3542 651 3599 723 (ὦ
3638 662 3734 725 γνώ-

2186 763 2289 815 μης
2764 752 2862 799 τῶν
2906 742 2957 805 εξ
3016 744 3230 813 αῖματος
3274 746 3512 813 πρόνοιωι
3560 745 3733 812 μεθυού-

2190 852 2286 893 σης
2324 832 2361 903 Ξ)
2391 853 2417 883 (ι
2446 838 2681 907 χωρισον
2735 831 2865 904 κάμὲ
2903 830 3001 883 ἀπὸ
3037 840 3130 883 σοῦ
3166 849 3178 897 ;
3213 854 3241 882 ν)
3288 828 3518 889 Εὔδηλον
3552 834 3639 903 γὰρ
3684 836 3733 895 ὡς

2188 922 2212 972 ὁ
2264 919 2448 973 ἐκεῖθεν
2490 920 2888 993 ἀπαλειφὸμενος
2950 924 3035 972 τὸν
3103 922 3379 993 χωρισμὸν
3458 917 3736 991 συγκαταδι-

2187 1013 2404 1073 κάςεται
2437 1020 2527 1064 τοῦ
2569 1020 2699 1064 Θεοῦ
2737 1030 2747 1040 ·
2782 1017 2870 1063 καὶ
2901 1008 3050 1063 οὐδὲν
3080 1008 3379 1082 διενήνοχεν
3407 1010 3573 1077 εἰπεῖν,
3610 1030 3633 1060 ι(
3655 1011 3735 1073 Ἐξ.

2189 1100 2397 1170 άλειψόν
2444 1121 2507 1172 με
2544 1110 2635 1163 τῆς
2690 1099 2876 1172 βίϐλου
2929 1108 3023 1161 τῆς
3078 1101 3234 1162 ζωῆς,
3291 1104 3381 1151 καὶ
3440 1104 3653 1171 χώρισὸν
3692 1120 3737 1171 με

2188 1188 2288 1241 ἀπὸ
2326 1198 2439 1243 σού.
2477 1212 2496 1238 ι
2535 1192 2594 1241 Ὠ
2640 1191 2938 1263 παρρησίας
2984 1190 3077 1242 οὐκ
3110 1187 3163 1240 ἐκ
3207 1191 3346 1249 Θείας
3374 1194 3534 1260 μόνης
3586 1188 3738 1261 φιλοτι-

2187 1284 2331 1351 μίας⁹
2382 1277 2506 1330 ἀλλά
2568 1284 2657 1330 καὶ
2712 1284 2887 1341 πόνοις
2944 1278 3153 1349 οἰκεῖος,
3206 1278 3333 1349 ούχι
3380 1282 3437 1329 τὸ
3496 1276 3739 1348 ἀκατάγνωο

2191 1388 2307 1420 σοον
2346 1374 2517 1440 μόνον,
2569 1367 2697 1420 ἀλλά
2750 1368 2838 1420 καὶ
2888 1371 2942 1420 τὸ
2993 1364 3267 1439 εὐδόκιμον
3325 1366 3737 1439 ἀπενεγκαμένηςὶ

2188 1456 2341 1519 ἐξεῖλε
2384 1477 2436 1509 τε
2480 1460 2581 1529 γὰρ
2633 1463 2717 1509 τὸν
2773 1457 2989 1529 φυλέτην
3042 1457 3162 1509 λαὸν
3215 1465 3309 1517 τῆς
3368 1454 3575 1517 δικαίας
3618 1456 3741 1531 ὀργῆς

2187 1549 2215 1604 ἡ
2274 1552 2433 1615 φωνὴ,
2492 1552 2581 1597 καὶ
2637 1550 2720 1598 τὸν
2799 1547 3007 1599 εἰπόντα
3071 1546 3162 1598 ούκ
3228 1544 3485 1616 ἀπήλειψε
3542 1554 3625 1606 τῆς
3664 1554 3740 1596 τῶν

2187 1633 2411 1695 ἀειζὼων
2462 1643 2766 1708 συγγραφῆς
2826 1656 2837 1668 ’
2896 1638 2964 1697 ὡς
3026 1631 3113 1687 οὖν
3176 1642 3376 1697 Μωσῆς
3418 1642 3574 1687 ταῦτα
3614 1634 3740 1705 λέγων

2978 1726 3112 1776 οὕτω
3159 1729 3248 1776 καὶ
3309 1723 3514 1785 Παῦλος
3571 1722 3613 1775 ἓν
3661 1730 3741 1782 τοῖς

2186 1815 2384 1886 ὁμοίοις
2444 1811 2784 1887 σφοδρότερος
2838 1814 3028 1886 ὀφθεὶς,
3086 1812 3168 1865 ἐπὶ
3211 1821 3445 1865 τοιοῦτον
3483 1815 3742 1886 θαυμασιώ-

2184 1922 2347 1975 τερος.
2381 1902 2447 1953 Ἥ
2495 1902 2552 1954 ού
2586 1899 2735 1954 δοκεῖ
2777 1923 2860 1955 σοι
2906 1902 3135 1975 ἀνάθεμα
3190 1910 3352 1955 ποιεῖν
3414 1902 3603 1965 ἑαυτὸν,
3644 1903 3741 1973 ὑπερ

2185 2001 2280 2052 τῆς
2345 1998 2610 2065 σωτηρίας
2660 2000 2758 2043 τῶν
2812 2001 3093 2063 συγγενῶν,
3153 1997 3243 2043 καὶ
3285 1996 3476 2064 τρόπον
3524 1994 3627 2042 τινα
3672 1998 3745 2049 τῆς

2184 2082 2403 2154 χάριτος
2458 2078 2863 2152 διασχίζεσθαι,
2921 2083 3003 2133 ὅτε
3050 2082 3297 2152 Τιμόθεον
3338 2085 3619 2153 περιέτεμεν
3648 2097 3659 2145 ;
3685 2082 3748 2131 ὅτε

2187 2170 2343 2231 αὐτὸς
2418 2170 2602 2232 ἐκεῖνος
2668 2170 2915 2242 λαμπρῶς
2992 2173 3272 2243 κηρύσσων
3332 2175 3391 2222 τὸ
3460 2170 3745 2241 Εύαῃέλιον,

2186 2256 2482 2321 Ἰουὸαῑκάς
2546 2258 2710 2329 εὐχὰς
2780 2260 3098 2333 ὑπεκρίνετο,
3156 2263 3248 2316 τήν
3298 2278 3349 2310 τε
3412 2264 3571 2330 κόμην
3620 2258 3751 2331 ξυρῶ-

2186 2368 2333 2420 μενος
2406 2356 2494 2409 τῆς
2578 2349 2822 2420 κεφαλῆς,
2877 2354 2965 2401 καὶ
3022 2351 3111 2409 τὰς
3180 2353 3546 2421 νενομισμένας
3596 2350 3748 2406 θυσίας

2186 2442 2503 2512 προσφέρων,
2561 2442 2644 2488 καὶ
2699 2438 2805 2508 οὐχ
2862 2439 2988 2509 ύπερ
3050 2438 3235 2490 ἑαυτοῦ
3284 2442 3463 2509 μόνον,
3523 2436 3637 2489 ἀλλὰ
3678 2441 3748 2488 καὶ

2185 2527 2309 2601 ὑπὲρ
2345 2526 2523 2599 ἐτέρων
2576 2524 2650 2588 οἷς
2707 2530 3063 2597 συνηγνίζετο,
3119 2530 3206 2587 τάς
3255 2526 3337 2579 ἐπὶ
3387 2535 3449 2599 τῇ
3510 2528 3651 2595 θυσία
3674 2544 3747 2574 κα-

2185 2617 2413 2677 τατιθεὶς
2468 2612 2725 2683 δαπάνας,
2780 2621 2868 2667 καὶ
2920 2618 2986 2667 τά
3016 2614 3327 2688 ἀναλώματα
3357 2632 3371 2682 ;
3406 2615 3515 2669 Ἱνα
3561 2619 3605 2665 τί
3628 2618 3748 2685 γένη·

2185 2722 2312 2771 ται;
2347 2727 2373 2754 ι(
2397 2703 2507 2757 Ἱνα
2536 2711 2634 2757 πᾶν
2683 2708 2728 2746 ι’
2764 2713 2977 2778 Χριστῷ
3010 2702 3246 2780 κερδηση
3286 2723 3297 2735 ·
3333 2708 3420 2757 ἱνα
3450 2708 3567 2765 τοὺς
3611 2702 3748 2755 πλείοο

2186 2815 2274 2856 νας
2314 2794 2572 2868 προσάξη,
2636 2796 2717 2845 ῑνα
2763 2798 2968 2856 πάντως
3024 2798 3165 2854 τινας
3214 2802 3356 2866 σωση
3423 2813 3437 2827 ο
3491 2790 3579 2846 διὰ
3626 2798 3750 2843 τοῦτο

2189 2888 2277 2935 καὶ
2333 2880 2588 2944 Ἰουδαῖος
2630 2888 2831 2955 γίνεται
2882 2880 3161 2945 Ἰουδαίοις
3216 2900 3229 2913 ⁶
3282 2888 3371 2934 καὶ
3420 2890 3527 2944 τοῖς
3580 2881 3754 2953 ἀνόμοις

2192 2976 2253 3032 ὡς
2283 2974 2466 3044 ἄνομος
2499 2969 2791 3024 διατίθεται
2849 2987 2861 3001 ⁶
2925 2978 3014 3024 καὶ
3063 2974 3364 3025 συνασθενεῖ
3420 2980 3523 3033 τοῖς
3552 2970 3755 3024 ἀσθενού-

2194 3082 2295 3116 σιν.
2340 3085 2365 3111 ››
2402 3058 2579 3120 Μηδὲν
2611 3065 2802 3114 τούτων
2860 3061 3052 3133 (ἀπαγε
3110 3062 3148 3132 I)
3215 3066 3347 3133 μήτε
3397 3063 3466 3112 ὢν
3511 3061 3557 3113 ἐν
3597 3066 3756 3133 κρίσει,

2764 3156 2854 3203 καὶ
2908 3172 2936 3201 (ι
2992 3158 3100 3212 τοῖς
3155 3157 3288 3202 πᾶσι
3344 3152 3519 3202 πάντα
3574 3154 3758 3219 γίνεται,

2194 3242 2275 3293 ἱνα
2297 3242 2497 3300 πάντως
2539 3243 2682 3301 τινὰς
2726 3248 2821 3302 τῆς
2878 3240 3073 3301 πλάνης
3123 3238 3402 3312 ἀνελκύση.
3469 3264 3495 3289 υ
3551 3242 3762 3310 Μιμητὴς

2191 3333 2291 3403 γὰρ
2322 3327 2380 3388 ἦν
2430 3326 2723 3401 περιδέξιος
2773 3333 2876 3397 (ἱνα
2919 3333 2975 3381 τὸ
3015 3329 3288 3400 κεφάλαιον
3348 3332 3501 3397 εῖπω)
3548 3334 3631 3380 τοῦ
3672 3346 3757 3377 κοι-

2193 3426 2280 3470 νοῦ
2335 3426 2566 3491 Σωτῆρος
2619 3420 2762 3489 ἡμων
2820 3423 2907 3470 καὶ
2952 3423 3212 3470 Δεσποτου
3244 3437 3254 3447 ·
3287 3418 3353 3478 ὡς
3403 3434 3435 3477 y
3494 3420 3647 3470 πάντα
3683 3435 3759 3467 πα-

2199 3509 2295 3559 θὼν
2353 3509 2477 3581 ὑπὲρ
2558 3509 2701 3579 ημὼν
2760 3506 2937 3578 ἀρά-τῳ
3002 3506 3203 3578 πλούτῳ
3272 3507 3648 3580 φιλανθρωπίας
3686 3506 3757 3553 καὶ

2196 3600 2472 3659 κενώσεως,
2514 3590 2628 3645 οὐδ’
2674 3594 2925 3665 ἁμαρτία,
2980 3590 3103 3646 ούδε
3155 3596 3360 3667 κατάρα
3414 3594 3654 3652 κληθῆναι
3708 3586 3754 3642 δι

2752 3688 2842 3735 καὶ
2926 3685 3103 3745 πάσης
3182 3684 3445 3758 ἁμαρτίας
3534 3684 3756 3752 ὑπάρχων

2373 3774 2397 3823 ὁ
2469 3776 2704 3842 γνήσιος,
2797 3774 2866 3833 ὡς
2952 3769 3174 3835 ἀληθῶς,
3235 3774 3501 3843 μαθητὴς,
3581 3769 3650 3822 ἀεὶ
3709 3771 3754 3819 τι

423 3859 720 3929 θαυμαστὸν
773 3854 929 3909 ἐκεῖνο
990 3862 1079 3909 καὶ
1135 3856 1484 3932 πολυέραστον
1537 3868 1632 3919 τῆς
1689 3859 1969 3925 πολιτείας,
2034 3858 2081 3912 ἓν
2147 3868 2207 3932 τῇ
2287 3860 2440 3932 ψυχῇ
2524 3862 2864 3933 μεταγράφων
2946 3866 3030 3913 καὶ
3099 3859 3367 3913 ἀνατυπών
3439 3860 3533 3913 οὐκ
3592 3856 3757 3911 ἀπελπ-

414 3965 498 4017 γεν
564 3945 795 4017 ἄγαλμα.
856 3945 1009 3998 Ἀλλά
1080 3950 1203 4018 γάρ,
1275 3952 1390 4019 περὶ
1445 3954 1536 3998 τοῦ
1606 3943 1997 4021 διηπορημένον
2053 3968 2159 4020 σοι,
2210 3958 2305 4011 τῆς
2361 3954 2565 4022 χρείας,
2617 3950 2710 4002 οὐκ
2750 3946 2851 4002 οἷδ’
2908 3950 2949 4002 εἰ
3001 3949 3232 4021 θάττον⁹
3280 3959 3375 4011 τῆς
3437 3947 3491 4002 δ’
3532 3945 3612 4001 οὖν
3660 3945 3757 3997 ἑπι-

422 4034 610 4095 στολῆς
639 4038 722 4085 καὶ
750 4034 834 4087 ἐπὶ
859 4034 1026 4102 πλέον,
1054 4038 1145 4097 τὰς
1176 4035 1352 4097 λύσεις
1387 4032 1686 4108 δεχόμενος,
1723 4037 1940 4111 ἔρρωσο.

584 4125 904 4190 QU/ESTIO
930 4125 1089 4181 CXIII
1124 4124 1329 4197 [CoisL
1354 4131 1407 4181 et
1441 4127 1615 4181 Taur.
1650 4126 1915 4200 CXXXV].

814 4214 897 4269 De
926 4214 1315 4270 tabernaculo
1346 4216 1685 4271 testimonii.

2746 4134 3057 4182 ΕΡΩΤΗΣΙΣ
3090 4128 3237 4187 ΡΙΓ’.

2511 4221 2634 4290 Περὶ
2672 4226 2767 4276 τῆς
2800 4226 2995 4281 σκηνῆς
3026 4225 3116 4271 τοῦ
3154 4221 3474 4293 μαρτυρίου.

422 4355 575 4406 Edita
600 4368 631 4403 a
656 4355 998 4413 Montacutio,
1058 4370 1141 4419 ep.
1172 4357 1263 4405 219
1297 4356 1364 4403 ad
1394 4357 1607 4405 Leonem
1641 4362 1686 4405 et
1710 4356 1876 4415 Galat,
1906 4373 1956 4422 p.
1996 4359 2215 4407 324-328.
2250 4359 2305 4406 In
2336 4358 2489 4407 exod.
2526 4373 2603 4415 xc,
2636 4360 2691 4407 19
2718 4360 2793 4406 19.

423 4497 595 4563 Quid,
656 4496 987 4567 interrogas
1044 4498 1458 4555 vestimentum
1503 4516 1535 4555 e
1570 4499 1823 4555 diversis
1877 4499 1966 4556 col

2262 4505 2325 4552 Τί
2381 4498 2597 4571 δήποτε,
2653 4504 2884 4575 πυνθάνῃ
2938 4505 2995 4554 τὸ
3046 4501 3095 4553 ἐν
3167 4499 3428 4575 διαφόρων
3497 4499 3765 4574 χρωμάτων

421 4586 536 4641 bus
567 4592 909 4642 contextum
928 4586 1328 4643 adulterinum
1350 4589 1910 4659 vocanslegislator,
1930 4590 2085 4660 ejus-

422 4689 539 4746 que
570 4692 739 4731 usum
760 4676 1067 4747 prohibuit
1090 4678 1156 4731 iis
1170 4679 1272 4750 qui
1292 4678 1483 4749 ipsius
1505 4679 1783 4751 paedagio
1805 4678 2084 4735 informa-

424 4763 657 4834 bantur,
692 4780 765 4818 ne
796 4766 1148 4831 induerent;
1176 4772 1380 4822 tamen
1406 4767 1727 4823 testimonii
1746 4767 2088 4825 tabernacu-

423 4851 549 4907 lum
582 4854 880 4909 talismodi
927 4855 1308 4925 Operimentis
1354 4857 1537 4912 velari
1572 4857 1797 4928 jubet:
1858 4858 1919 4912 in
1967 4872 2085 4929 quo

424 4940 741 4996 videbatur
770 4946 923 4997 Deus
945 4960 1233 5014 praesens,
1267 4950 1324 5001 et
1351 4948 1560 5002 Sancta
1604 4951 1948 5002 sanctorum
2002 4962 2088 5002 re-

426 5028 859 5084 condebantur.
878 5032 1028 5086 Audi
1044 5039 1240 5089 autem
1257 5034 1543 5091 rationem
1558 5035 1697 5091 huic
1710 5035 2017 5107 quaestioni
2034 5040 2087 5091 et

427 5115 724 5171 similibus
752 5123 1471 5187 congruentem:divinus
1506 5127 1697 5180 Moses
1751 5140 1887 5179 cum
1946 5124 2088 5180 talia

426 5205 760 5271 mandaret,
782 5208 1026 5278 praecise
1048 5210 1233 5267 voluit
1253 5212 1587 5282 significare
1614 5229 1736 5270 non
1766 5229 1894 5269 esse
1942 5212 2087 5268 litte-

2194 4590 2430 4661 ὕφασμα,
2473 4587 2721 4647 κίϐδηλόν
2752 4610 2806 4643 τε
2831 4590 3018 4654 καλῶν,
3074 4595 3162 4643 καὶ
3219 4589 3521 4662 ἀποτρέπων
3577 4590 3602 4640 ο
3641 4604 3769 4657 νομο-

2195 4680 2341 4741 θέτης
2393 4683 2513 4740 τοὺς
2564 4680 2651 4732 ὑπ’
2700 4680 2860 4733 αὐτοῦ
2927 4676 3454 4751 παιδαγωγουμένους
3523 4678 3767 4750 ἀμφιέννν·

2196 4772 2339 4833 σθαι,
2380 4774 2473 4827 την
2526 4777 2617 4821 τοῦ
2674 4774 2965 4843 μαρτυρίου
3024 4774 3217 4827 σκηνὴν
3277 4770 3537 4829 τοιούτοις
3584 4764 3768 4819 ἐπιϐλή-

2193 4878 2326 4931 μασι
2376 4861 2704 4930 προστάσσει
2742 4858 3119 4926 καλύπτεσθαι,
3160 4859 3207 4909 ἐν
3354 4862 3483 4918 Θεὸς
3523 4876 3577 4907 τε
3619 4854 3769 4905 ὠπτᾶ-

2192 4966 2321 5011 νετο,
2370 4952 2460 4999 καὶ
2486 4950 2553 4999 τὰ
2604 4956 2703 5000 τῶν
2747 4947 2905 5019 ἁγίων
2942 4946 3177 5000 ἀπέκειτο
3225 4947 3386 5018 Ἀγια
3429 4964 3444 5013 ;
3482 4946 3705 5002 Ἀκούοις
3725 4936 3767 4992 δ’

2195 5035 2255 5086 ἂν
2294 5039 2484 5100 κοινὸν,
2541 5035 2615 5088 ἐπ’
2650 5037 2809 5089 αὐτοῦ
2860 5056 2914 5090 τε
2969 5042 3058 5089 καὶ
3086 5045 3185 5089 τῶν
3238 5037 3443 5108 ὁμοίων,
3478 5033 3627 5104 λόγον
3664 5031 3771 5082 ἀπν-

2197 5120 2471 5196 διδόμενον
2502 5164 2515 5177 .
2548 5128 2617 5188 ὡς
2672 5128 2739 5178 τά
2784 5134 3002 5179 τοιαῦτα
3038 5128 3323 5199 νομοθετῶν
3354 5126 3377 5176 ὁ
3408 5124 3544 5184 θεῖος
3596 5125 3771 5176 Μωσῆς

2197 5212 2425 5287 ἀκριϐῶς
2471 5212 2679 5280 ἐδήλου,
2730 5220 2799 5287 μὴ
2855 5224 3054 5288 χρῆναι
3099 5222 3268 5287 γυμνῇ
3319 5208 3679 5287 προσεδρεύειν
3719 5212 3767 5276 τῇ

2924 5354 2927 5355 ν
2942 5304 2987 5367 ρ’

1766 5443 1999 5503 VARI/E
2053 5444 2451 5503 LECTIONES.

497 5661 525 5691 ι
560 5650 619 5705 C.
652 5648 725 5705 M.
758 5646 1013 5722 ἔχ”γένονς
1038 5649 1086 5691 ι’
1111 5648 1169 5703 C.
1206 5649 1279 5705 M.
1314 5651 1529 5712 πάντας.
1558 5663 1585 5704 3’
1615 5653 1671 5709 C.
1707 5654 1776 5708 M.
1810 5656 1963 5708 recte
1988 5654 2062 5712 ὃς.
