4136 6198
304 304 414 365 665

302 433 435 496 λέξει
489 437 580 485 τοῦ
627 433 958 506 γράμματος,
1027 428 1166 505 μηδὲ
1225 436 1296 504 τῳ
1348 439 1616 509 προχείρῷ
1676 452 1906 507 προσαν-
1938 434 1983 488 Α

301 528 443 595 ἐχειν
469 531 560 582 τῆς
603 521 926 592 καταλέψεως
970 532 1011 561 κ·
1044 529 1154 582 τοῖς
1185 526 1285 598 γὰρ
1321 520 1758 596 ὃιαφιλονεικοῦσι
1786 526 1907 575 ταύ-

310 631 369 686 τῃ
412 615 500 663 τόν
537 619 654 662 νοῦν
692 619 792 662 τῶν
833 617 1295 684 προσταττομένων
1342 613 1513 665 λαϐεῖν
1550 614 1643 665 οὐκ
1674 614 1734 664 ἄν
1782 631 1906 664 ποτε

304 704 596 777 θηράσιμος
645 704 863 772 γένοιτο.
911 707 1155 754 Τοιοῦτον
1181 703 1282 776 γὰρ
1318 707 1407 754 καὶ
1438 706 1514 766 τό,
1571 705 1618 755 ἓν
1659 700 1904 772 Σαϐϐάτῳ

300 790 523 843 κελεύειν
577 786 743 862 μηδὲν
795 789 924 852 ὅλως
964 790 1296 862 ἐργάζεσθαι’
1345 796 1464 852 τοῦς
1515 788 1575 843 δε
1616 793 1759 864 ἱερεῖς
1797 789 1903 842 επι-

302 884 508 955 τρέπειν
567 879 650 931 ἐπὶ
694 887 805 939 ταῖς
860 881 1070 942 θυσίαις
1128 883 1213 931 καὶ
1256 879 1572 945 ξυλοκοπεῖν,
1628 884 1716 931 καὶ
1779 899 1903 951 σεναο

300 971 506 1042 γιάζειν
536 981 564 1012 ι
615 969 704 1030 οὖς
757 966 862 1021 ἔδει
905 969 1093 1042 μᾶλλον
1127 978 1227 1022 τῶν
1275 969 1438 1021 ἄλλων
1489 976 1752 1041 γνώμονας
1804 969 1906 1021 ώσ-

301 1079 400 1134 περ
457 1064 546 1111 xui
579 1057 874 1133 ἀρχέτυπον
926 1067 1018 1111 τοῦ
1061 1059 1292 1120 πλήθους
1341 1064 1508 1124 ὄντας,
1548 1063 1606 1111 τό
1638 1067 1726 1119 τῆς
1756 1078 1905 1130 νομοο

305 1151 487 1210 θεσίας
534 1148 799 1220 φυλάττειν
846 1147 1126 1221 ἀκήρατονο
1181 1151 1256 1200 ἔτι
1305 1145 1364 1201 δὲ
1405 1154 1495 1200 καὶ
1537 1152 1594 1200 τό
1639 1151 1904 1221 προστάσ-

305 1255 434 1306 σειν,
487 1235 540 1288 εκ
582 1235 738 1288 λίθων
775 1245 984 1308 τμητών
1039 1241 1110 1308 μὴ
1161 1237 1570 1297 κατασκευάζειν
1615 1238 1904 1294 θυσιαστήο

299 1345 414 1400 ρια,
459 1327 540 1377 ὅτι
594 1329 890 1397 μεμίανταιο
950 1330 1040 1378 καὶ
1110 1333 1200 1378 τοῦ
1252 1328 1532 1399 μεμιάνθαι
1585 1330 1677 1383 τὴν
1736 1325 1904 1377 αἰτίαν

299 1413 511 1486 ἐπάγειν
567 1417 626 1466 τό
677 1410 1023 1488 ἐγχειρίδιον,
1083 1416 1256 1488 ὅτιπερ
1303 1415 1485 1476 αὐτοῖς
1534 1422 1688 1466 τοῦτο
1727 1414 1905 1486 ξυομέ-

298 1523 403 1564 νοις
428 1501 457 1544 ι)
487 1501 838 1560 ἆπιϐέϐληταιο
871 1511 944 1572 τῷ
989 1501 1297 1577 ἐγχειριδίῳ
1336 1499 1396 1556 δὲ
1429 1509 1519 1556 καὶ
1558 1503 1682 1556 αύτό
1727 1507 1782 1555 τό
1831 1522 1906 1554 τιο

297 1599 560 1666 μιώτατον
611 1597 701 1644 καὶ
753 1596 997 1664 μέγιστον
1062 1594 1190 1667 παρ’
1241 1591 1498 1667 Ἑϐραίοις
1551 1597 1644 1651 τὴν
1702 1611 1902 1667 περιτο-

299 1686 406 1755 μὴν
472 1679 880 1756 ἀπεργάζεσθαι,
936 1686 1025 1732 καὶ
1069 1685 1172 1752 μὴν
1230 1681 1320 1732 καὶ
1368 1684 1542 1742 πάσας
1612 1682 1901 1755 ἱερουργία)

300 1768 647 1846 ἐγχειριδίοις
736 1769 1212 1844 τελεσιουργεῖσθαι
1290 1776 1380 1822 καὶ
1474 1771 1901 1845 καταρτίζεσθαι.
1942 1787 1982 1841 Β

306 1865 410 1913 Καὶ
467 1857 536 1918 δὴ
583 1858 805 1924 κάκεῖνο,
868 1863 955 1912 τόν
1037 1863 1126 1931 μέν
1193 1859 1472 1931 ἁπτόμενον
1525 1867 1704 1932 νεκροῦ
1785 1858 1908 1912 ἀκάο

307 1951 492 2022 θαρτον
540 1950 690 2013 εἶναι,
727 1947 838 2001 εἶτα
875 1950 1222 2021 καθαίρεσθαι
1260 1951 1403 2022 παρά
1444 1957 1536 2001 τοῦ
1591 1952 1778 2023 ἱερέως⁸
1821 1954 1907 2002 τόν

305 2035 368 2092 δε
398 2045 468 2112 μὴ
513 2035 774 2091 δύνασθαι
811 2040 1077 2112 καθαίρειν
1117 2038 1276 2098 ἄλλως
1309 2039 1352 2090 εἰ
1397 2044 1467 2110 μὴ
1512 2035 1605 2090 διὰ
1646 2041 1904 2111 θυμάτων,

303 2129 342 2180 οἷ
394 2125 463 2187 δὴ
518 2129 674 2190 αὑτός
713 2147 766 2180 τε
813 2136 1100 2200 νεκροποιεί
1143 2137 1365 2201 πρώτος,
1406 2133 1496 2181 καὶ
1537 2128 1772 2199 ἅπτεται,
1820 2134 1910 2181 καὶ

301 2217 407 2271 ἀπὸ
445 2226 545 2270 τῶν
573 2225 760 2292 νεκρῶν
797 2219 1048 2290 αἱμάτων,
1096 2218 1124 2276 ἡ
1173 2226 1234 2290 τῇ
1276 2214 1458 2288 σποδῷ
1489 2223 1771 2291 περιραίνει
1799 2222 1906 2284 τόν,

301 2310 386 2360 ὅτι
422 2316 602 2384 νεκροῦ
643 2307 836 2379 ἣψατό,
893 2312 1180 2382 προσιόντα
1222 2308 1677 2381 καθαρθὰσεσθαι,
1736 2307 1910 2378 Αἰνίγ-

298 2417 428 2471 ματι
455 2400 552 2469 γὰρ
593 2404 746 2449 τοῦτο
777 2396 1054 2462 παντελῶς,
1089 2399 1134 2448 εἴ
1167 2415 1248 2458 τις
1295 2395 1591 2468 ἐναπομένοι
1631 2405 1701 2467 τῷ
1737 2399 1906 2469 γράμ-

296 2506 450 2560 ματι,
497 2489 653 2542 ἔοικε.
706 2490 954 2539 Τοιοῦτόν
995 2489 1108 2538 ἐστι
1150 2491 1240 2538 καὶ
1282 2489 1362 2554 τό,
1410 2487 1614 2548 πάντως
1668 2487 1910 2557 ὁμοίωμα

294 2583 462 2628 ποιεῖν
514 2573 774 2649 ἀπάρχειν
820 2578 907 2626 τόν
951 2574 1182 2649 Ἰσραήλο
1237 2575 1387 2627 αὐτόν
1438 2571 1498 2627 δὲ
1549 2582 1716 2626 ταῦτα
1759 2591 1909 2646 νομο·

301 2667 572 2733 θετοῦντα,
627 2672 828 2737 πρῶτον
883 2667 972 2735 μὲν
1021 2669 1110 2714 καὶ
1163 2663 1325 2721 αὐτὴν
1362 2669 1454 2721 τὴν
1506 2663 1726 2715 κιϐωτόν
1776 2668 1908 2716 κατὰ

299 2757 463 2807 τύπον
493 2758 582 2805 καὶ
633 2757 851 2825 μίμημα
887 2754 1215 2810 ποιήσασθαι
1266 2762 1366 2804 τῶν
1408 2749 1718 2824 δειχθέντων
1771 2753 1909 2823 αὐτῷ

305 2843 356 2895 ἐν
399 2851 473 2913 τῷ
523 2842 648 2914 ὀρει-
712 2844 888 2894 ἔπειτα
936 2844 1030 2904 τὰς
1079 2841 1296 2906 εἰκόνας,
1362 2846 1450 2893 xui
1500 2845 1566 2894 τὰ
1609 2844 1912 2914 ὁμοιώματα

303 2941 405 2985 τῶν
457 2929 720 3005 Χερουϐὶμ
777 2927 1067 3002 διαγλύφαι
1106 2949 1159 2982 τε
1215 2935 1302 2982 καὶ
1362 2937 1626 3004 τορεῦσαι,
1671 2936 1760 2982 καὶ
1803 2939 1912 2990 τοῖς

308 3021 759 3095 παραπετάσμασι
820 3019 1205 3092 προσεξυφᾶναί
1277 3039 1329 3071 τε
1398 3025 1487 3071 καὶ
1559 3016 1902 3093 ῥαφιὸεῦσαι·

1363 311 1453 364 AD
1495 299 2034 365 AMPHILOCHIUM
2074 302 2400 376 QUAESTIO
2438 311 2631 370 CXIII.

3562 320 3669 376 666

2016 448 2096 489 rte
2117 435 2548 494 adhiercndum
2580 437 2835 510 penitus,
2860 452 2968 493 nec
2990 439 3420 497 attendendum
3443 443 3519 499 ad
3543 461 3672 501 sen-

2015 539 2149 579 sum
2186 525 2379 596 prima
2410 528 2556 583 facie
2585 527 2922 583 exhibitum.
2960 526 3042 582 Illi
3075 534 3252 596 certe,
3280 531 3385 602 qui
3418 533 3672 603 pertina-

2014 613 2140 667 cius
2154 617 2406 670 contend
2418 617 2752 672 untsecund
2763 634 2857 672 um
2872 617 3119 673 litteram
3135 618 3246 674 ista
3262 621 3669 691 intelligenda,

2015 703 2368 760 sententiam
2392 720 2702 777 nunquam
2735 706 3133 762 venabuntur.
3161 708 3294 763 Tale
3322 713 3672 768 mandatum

2013 795 2122 854 est,
2151 807 2270 863 quo
2290 793 2625 866 prmcipitur
2651 794 2797 849 nihil
2819 795 2996 866 plane
3024 812 3129 868 per
3151 797 3472 855 sabbatum
3497 815 3675 870 agen-

2013 879 2180 945 dum,
2215 897 2351 936 cum
2383 889 2586 938 tamen
2617 885 2955 939 sacerdotes
2996 886 3474 956 permitterentur
3511 889 3670 960 ligna

2012 967 2260 1038 ﬁndere,
2292 987 2506 1026 carnes
2542 972 2825 1038 dividere,
2865 973 3146 1030 animalia
3200 976 3469 1032 occidere
3511 994 3526 1034 :
3568 977 3674 1048 qui

2013 1061 2208 1113 tamen
2255 1060 2473 1129 regulae
2520 1061 2709 1116 instar
2747 1067 2804 1116 et
2842 1063 3149 1134 archetypi
3191 1065 3495 1123 debebant
3540 1082 3672 1123 esse

2013 1146 2396 1213 multitudini,
2441 1155 2524 1214 ut,
2563 1150 2725 1222 quod
2767 1151 2895 1220 lege
2938 1153 3412 1224 praecipiebatur,
3447 1155 3671 1212 sincere

2014 1235 2272 1291 colerent
2297 1253 2310 1291 :
2335 1238 2416 1293 ita
2433 1255 2568 1293 cum
2590 1240 2902 1295 mandetur
2914 1256 2986 1296 ne
3004 1257 3035 1296 e
3056 1239 3360 1312 lapidibus
3375 1245 3672 1300 sectilibus

2013 1324 2355 1395 pollutionis
2391 1326 2691 1398 ejusmodi
2730 1344 2914 1384 causa
2959 1329 3286 1388 enchiridio
3325 1332 3670 1406 imputetur,

2015 1412 2222 1470 altaria
2252 1422 2694 1483 construantur,
2728 1433 2800 1473 eo
2829 1418 2994 1490 quod
3031 1419 3114 1474 sic
3156 1420 3581 1492 polluerentur,
3616 1427 3673 1479 et

2013 1517 2136 1573 quo
2166 1503 2225 1557 in
2255 1504 2620 1561 exascianda
2653 1506 2902 1562 materia
2929 1507 3011 1562 uti
3039 1507 3232 1564 solent
3271 1525 3286 1564 :
3324 1526 3462 1566 cum
3493 1517 3548 1566 et
3572 1527 3674 1568 en-

2014 1590 2264 1648 chiridio
2285 1593 2344 1647 id
2365 1594 2525 1665 quod
2548 1595 2812 1651 maximo
2836 1595 2894 1650 in
2918 1596 3143 1652 honore
3163 1599 3387 1654 Judaais
3409 1604 3468 1656 et
3487 1616 3670 1657 vene-

2013 1680 2241 1736 ratione
2280 1689 2424 1746 erat,
2478 1699 2695 1756 nempe
2744 1685 3134 1752 circumcisio,
3173 1687 3572 1758 perﬁceretur,
3615 1694 3672 1746 et

2014 1770 2220 1826 omnia
2275 1771 2569 1828 sacriﬁcia
2617 1789 2724 1845 per
2767 1773 2981 1830 eadem
3033 1782 3454 1834 consummata
3497 1778 3672 1834 abso-

2014 1859 2255 1932 lutaque
2312 1861 2588 1918 darentur
2642 1863 3056 1921 instrumenta.
3113 1866 3308 1922 Simile
3356 1872 3502 1924 est:
3557 1871 3670 1924 «ls

2015 1950 2117 2022 qui
2171 1955 2475 2006 mortuum
2532 1952 2806 2022 tetigerit,
2864 1953 3217 2010 immundus
3277 1957 3404 2022 erit,
3455 1963 3510 2013 et
3569 1973 3673 2028 pu-

2014 2038 2340 2096 riﬁcandus
2397 2041 2649 2096 traditur
2702 2043 3024 2111 sacerdoti;
3087 2066 3114 2095 »
3189 2046 3295 2116 qui
3366 2061 3488 2101 non
3553 2046 3671 2102 alio

2019 2129 2198 2184 modo
2246 2145 2382 2185 eum
2434 2130 2748 2200 puriﬁcare
2798 2132 3008 2203 potuit,
3071 2149 3255 2204 quam
3304 2150 3412 2206 per
3454 2135 3675 2190 sacriﬁ-

2015 2218 2125 2282 cia,
2157 2233 2293 2289 quae
2332 2234 2432 2288 per
2461 2219 2664 2289 ipsum
2699 2220 3030 2276 morticinia
3071 2221 3346 2293 inprimis
3386 2223 3556 2290 ﬁunt,
3590 2224 3672 2280 ita

2013 2306 2203 2376 tangit
2233 2312 2286 2362 et
2319 2323 2418 2378 per
2443 2307 2800 2379 sanguinem
2831 2309 3130 2365 demortui
3161 2315 3216 2366 et
3245 2313 3506 2367 cinerem
3537 2327 3674 2384 pur-

2014 2400 2115 2465 gat
2143 2411 2302 2459 eum,
2335 2396 2440 2468 qui
2469 2397 2818 2468 purgandus
2851 2399 3025 2464 venit,
3060 2414 3180 2454 non
3213 2398 3393 2456 aliam
3425 2399 3504 2456 ob
3534 2417 3673 2457 cau-

2013 2499 2139 2539 cam
2169 2500 2347 2556 quam
2375 2485 2537 2556 quod
2572 2486 2837 2555 tetigerat
2871 2491 3192 2542 mortuum.
3221 2487 3354 2543 Haec
3379 2489 3670 2560 resipiant

2013 2574 2356 2643 aenigmata,
2374 2574 2421 2628 si
2442 2574 2578 2646 quis
2599 2574 2802 2630 litterae
2825 2574 3230 2644 immanserit;
3274 2583 3448 2649 atque
3479 2576 3670 2632 simile

2014 2667 2101 2717 est
2123 2677 2223 2733 per
2242 2662 2446 2729 omnia,
2470 2663 2634 2734 quod
2658 2663 3048 2720 simulacrum
3071 2665 3465 2736 prohibentur
3491 2669 3672 2721 Israe-

2014 2750 2132 2806 lita;
2161 2750 2352 2806 facere
2395 2770 2408 2809 :
2451 2768 2588 2806 cum
2615 2758 2813 2808 tamen
2845 2752 2911 2819 is,
2945 2754 3048 2825 qui
3074 2754 3201 2810 haec
3233 2755 3487 2811 sancivit
3517 2756 3667 2825 lege,

2016 2856 2216 2896 arcam
2244 2839 2452 2910 jubeat
2475 2839 2767 2896 fabricare
2795 2842 3130 2897 secundum
3161 2849 3370 2914 typum
3403 2850 3458 2898 et
3488 2843 3674 2900 imita-

2019 2929 2236 2983 tionem
2292 2935 2668 2984 ostensorum
2723 2929 2831 3000 ipsi
2887 2930 2947 2985 in
3001 2937 3235 2997 monte;
3303 2936 3428 2987 tum
3489 2932 3669 2987 etiam

2019 3017 2568 3087 mandetimagines
2581 3018 3092 3090 etexpressionem
3110 3019 3425 3074 Cherubim
3444 3019 3674 3076 exscul~

306 3112 536 3186 ῥοῖσκων
582 3129 636 3162 τι
691 3111 996 3181 ὁμοιώματα
1061 3117 1170 3170 τοῖς
1237 3110 1387 3181 ἱεροῖς
1449 3111 1683 3160 σκεύεσιν
1765 3108 1910 3160 ἐντυ-

2021 3121 2180 3177 pere,
2221 3113 2276 3161 et
2303 3106 2582 3171 formare,
2626 3111 2682 3161 et
2721 3106 2864 3161 velis
2912 3107 3208 3178 praetextis
3254 3113 3567 3176 contegere
3617 3113 3674 3164 et

312 3209 490 3252 πώσαι
536 3204 625 3251 καὶ
673 3204 839 3271 μυρία
885 3197 1032 3251 ἄλλα.
1087 3199 1277 3250 Ἐκεῖνο
1325 3194 1403 3262 δὲ,
1461 3206 1569 3258 πῶς
1607 3199 1665 3249 οὗ
1717 3200 1914 3270 θαυμά-

313 3293 420 3342 σειέ
458 3308 556 3353 τις,
599 3295 708 3348 τοῖς
752 3295 844 3339 τοῦ
877 3289 1135 3360 θαύματος
1173 3288 1454 3361 προθύροις
1482 3291 1634 3358 μόνον
1667 3285 1912 3362 ἀναστρε-

309 3382 545 3450 φόμενος,
613 3381 704 3429 καὶ
747 3384 853 3437 τοῖς
899 3373 1044 3429 ἔνδον
1095 3379 1465 3448 κεκρυμμένοις
1503 3378 1590 3427 τόν
1649 3384 1766 3428 νοῦν
1820 3376 1913 3428 οὐκ

306 3470 446 3538 ἔχων
501 3466 910 3536 ἀνατενίζοντας
945 3466 1027 3516 ὃτι
1079 3467 1165 3516 τόν
1215 3468 1304 3537 μὲν
1354 3462 1609 3536 ἀρτιγενεί
1655 3464 1816 3540 λέπρᾳ
1854 3470 1911 3518 τὸ

308 3564 464 3628 σωμα
519 3556 840 3628 στιζόμενον,
899 3562 1042 3606 οῦπω
1097 3550 1156 3606 δὲ
1202 3559 1296 3612 τὴν
1327 3554 1448 3612 ὅλην
1497 3553 1788 3626 ἐπιφάνειαν
1821 3551 1914 3607 διὰ

305 3647 566 3718 φθαρέντα
603 3653 674 3715 τῷ
722 3650 1001 3714 νοσήματι,
1057 3643 1347 3718 ἀκάθαρτον
1403 3649 1488 3696 καὶ
1546 3647 1733 3719 μιαρὸν
1789 3644 1910 3696 ἁπο-

305 3740 500 3808 φαίνει·
569 3739 655 3786 τόν
695 3731 746 3786 δ’
798 3733 909 3786 ὃλον
950 3737 1006 3786 τό
1045 3742 1200 3806 σῶμα
1234 3735 1613 3807 περισχεθέντα
1645 3741 1713 3803 τῷ
1743 3742 1906 3805 κακῷ,

304 3828 392 3876 καὶ
435 3822 762 3897 βδελύγματι
792 3837 817 3866 ο
847 3823 907 3876 ἆν
943 3827 1230 3894 γενόμενον·
1265 3829 1354 3875 καὶ
1399 3824 1440 3875 εἰ
1489 3820 1548 3876 δὲ
1580 3825 1712 3895 χθὲς
1748 3827 1794 3866 c'
1822 3828 1911 3896 μὲν

307 3915 583 3986 ὁραθῆναι,
643 3913 800 3986 ἐγγύς
849 3909 908 3966 δὲ
941 3917 1192 3985 γεγονότα
1221 3917 1310 3965 xui
1347 3916 1464 3973 τοῦς
1494 3917 1746 3984 φυσικούς
1793 3932 1913 3965 συν-

310 3999 538 4076 δέσμους
595 4003 832 4055 λύεσθαιο
900 4009 1081 4054 τοῦτον
1128 3998 1187 4054 δε
1235 4000 1336 4074 ἆρα
1391 4003 1617 4076 καθαρόν
1671 4007 1760 4054 καὶ
1817 4011 1912 4063 τῆς

312 4102 618 4165 συναγωγῆς
670 4092 813 4155 οἰξιον
864 4093 1175 4167 κρίνεσθαι;
1235 4090 1296 4142 Εἰ
1345 4088 1521 4162 βούλει
1597 4087 1656 4144 δὲ
1707 4091 1910 4144 κάκεῖνο

308 4191 409 4235 τῶν
464 4181 510 4234 ἐν
549 4186 687 4254 νόμῳ
738 4179 990 4254 βιούντων
1052 4177 1202 4248 ἰδεῖν,
1243 4183 1307 4239 ώς
1354 4179 1448 4232 οῦκ
1505 4178 1620 4242 ἐξῆν
1659 4184 1748 4252 μέν
1795 4199 1911 4232 τινα

312 4274 456 4346 παρὰ
503 4275 595 4330 τὴν
650 4276 846 4329 σκηνὴν
895 4269 1129 4342 ἀλλαχοῦ
1175 4267 1366 4341 τολμᾷν
1409 4269 1695 4329 θυσιάζεινο
1743 4271 1772 4327 ἡ
1805 4272 1906 4344 γὰρ

308 4361 383 4422 εἰς
436 4361 567 4432 αἷμα
614 4357 738 4418 δίκη
800 4358 1000 4418 ἀπήντα
1038 4367 1108 4410 τῶ
1154 4356 1467 4431 παραϐάντι·
1523 4358 1581 4409 οῦ
1631 4362 1734 4430 μὴν
1785 4356 1908 4411 οὐδὲ

306 4448 403 4510 ἔξω
444 4456 536 4501 τοῦ
560 4456 704 4513 ναοῦ,
733 4451 863 4519 μετὰ
891 4451 984 4506 τὴν
1015 4449 1199 4499 τούτου
1231 4443 1536 4518 οἰκοδομὴν,
1579 4449 1671 4509 τὰς
1703 4449 1906 4520 ἱερουρ-

302 4541 426 4608 γίας
463 4539 746 4590 ποιεῖσθαι·
789 4541 877 4589 τόν
929 4532 988 4589 δε
1041 4537 1332 4608 θαυμάσιον
1376 4535 1636 4606 Σαμουὴλ,
1679 4541 1768 4588 καὶ
1820 4539 1908 4590 θυ-

307 4632 620 4701 σιαστήριον
656 4633 750 4688 τῆς
803 4634 996 4686 σκηνῆς
1044 4625 1278 4685 ἑστώσης
1322 4625 1505 4692 πῆξαι,
1537 4623 1777 4684 κάκείνην
1816 4630 1905 4698 μὲν

302 4716 490 4768 λὶπεῖν·
552 4715 716 4768 ὰεὶσε
775 4711 833 4768 δε
883 4717 976 4777 τὰς
1017 4717 1204 4776 Θυσίας
1252 4716 1552 4784 ἀνενεγκεῖν,
1596 4713 1706 4765 Οὐκ
1751 4713 1906 4766 αὑτὸν

307 4801 369 4858 δε
421 4809 595 4877 μόνον,
649 4803 774 4857 ἀλλὰ
811 4811 897 4857 xui
938 4807 1024 4857 τόν
1066 4806 1197 4878 ἱερόν
1237 4802 1413 4856 Ἠλίαν
1464 4809 1554 4854 τοῦ
1605 4801 1651 4854 ἐν
1693 4802 1909 4876 Ἰεροσο-

304 4893 494 4966 λύμοις
548 4901 671 4946 ναοῦ
719 4894 966 4967 λαμπρῶς
1006 4893 1302 4957 ἑστηκότος,
1344 4891 1427 4944 ἐπὶ
1473 4900 1567 4944 τοῦ
1623 4891 1908 4965 Καρμήλου

310 4984 525 5056 βωμούς
575 5003 625 5036 τε
664 4982 857 5056 ἐγεῖραι
889 4979 977 5035 δαὶ
1009 4989 1366 5056 προσενεγκεῖν
1412 4983 1616 5042 θυσίας.
1665 4986 1763 5034 Καὶ
1792 4983 1907 5033 τού-

302 5091 408 5125 των
438 5068 644 5139 ούδένα,
704 5071 808 5144 ούχ
856 5072 937 5124 ὁτι
982 5075 1052 5145 μὴ
1096 5069 1432 5143 ἓγκληθῆναι,
1474 5068 1605 5122 ἀλλὰ
1653 5075 1742 5122 καὶ
1781 5073 1911 5144 πρός

306 5168 464 5227 Θεοῦ,
511 5168 603 5214 τοῦ
651 5157 745 5214 διὰ
778 5163 1002 5224 Μωσέως
1046 5157 1212 5234 μηδεν
1256 5161 1451 5213 τούτων
1494 5158 1788 5233 τολμᾶσθαι
1822 5179 1908 5212 νο-

1938 4496 1982 4551 D

2023 3195 2186 3251 radio
2209 3195 2580 3260 intertexere;
2624 3195 2724 3250 sed
2747 3195 3119 3251 etmalorum
3144 3202 3528 3266 granatoru-m
3550 3196 3673 3253 for-

2021 3301 2149 3340 mas
2172 3285 2356 3340 sacris
2379 3283 2729 3339 utensilibus
2746 3283 3103 3356 insculpere,
3131 3289 3187 3340 et
3221 3285 3437 3341 similia
3459 3285 3671 3342 multa.

2023 3373 2173 3428 Illud
2194 3389 2336 3429 vero
2362 3387 2481 3428 non
2513 3371 2762 3444 estquin
2787 3373 3113 3428 admiretur
3137 3373 3210 3438 is,
3243 3375 3347 3445 qui
3373 3373 3468 3430 vel
3495 3374 3671 3432 mira-

2021 3463 2158 3519 cula
2186 3463 2264 3519 ab
2293 3461 2533 3518 introitu
2563 3461 2860 3526 salutavit,
2894 3477 3004 3518 nec
3033 3462 3303 3518 animum
3335 3463 3587 3520 afﬁxum
3617 3467 3674 3520 et

2021 3552 2309 3609 intentum
2337 3551 2519 3608 habet
2555 3551 2634 3607 ad
2677 3566 2749 3606 ea
2789 3567 2924 3624 qum
2973 3552 3220 3607 interius
3266 3553 3670 3620 occultantur;

2020 3641 2186 3714 quod
2215 3657 2352 3697 eum
2382 3640 2487 3712 qui
2523 3639 2689 3711 lepra
2728 3639 3041 3712 incipiente
3071 3641 3516 3713 compungitur,
3561 3657 3670 3698 nec

2019 3737 2208 3788 totam
2238 3730 2504 3801 corporis
2525 3728 2900 3801 superﬁciem
2931 3729 3144 3786 morbo
3166 3729 3447 3786 infectam
3473 3730 3672 3787 adhuc

2019 3820 2218 3890 habet,
2260 3817 2643 3874 immundum
2698 3819 3060 3889 pronuntiat,
3119 3822 3177 3873 et
3223 3819 3668 3886 declinandum,

2020 3925 2157 3964 cum
2198 3908 2386 3971 illum,
2431 3907 2533 3979 qui
2592 3922 2629 3962 a
2674 3905 2862 3977 capite
2903 3906 2978 3962 ad
3033 3906 3258 3962 calcem
3304 3907 3514 3964 odioso
3556 3908 3673 3964 hoc

2021 3997 2232 4053 morbo
2257 3995 2508 4062 laborat,
2541 3998 2721 4065 atque
2747 3999 2834 4048 est
2863 3993 2940 4050 ad
2969 3993 3324 4050 intuendum
3357 3995 3675 4052 detestabi-

2017 4086 2108 4151 lis,
2163 4085 2386 4158 quique
2433 4097 2620 4155 prope
2664 4088 2752 4137 est
2799 4087 2861 4138 ut
2909 4083 3142 4138 vincula
3189 4087 3409 4139 natura
3456 4084 3672 4149 solvat,

2016 4175 2198 4241 hunc,
2232 4173 2500 4245 inquam,
2527 4171 2931 4226 mundumlex
2961 4175 3213 4243 reputet,
3242 4178 3298 4228 et
3318 4173 3673 4244 dignumju-

2017 4266 2170 4320 dicet
2195 4276 2524 4336 synagoga.
2568 4258 2626 4314 Si
2654 4259 2853 4316 adhuc
2887 4259 3123 4332 placeat
3154 4259 3366 4316 intueri
3406 4260 3539 4316 illos
3567 4261 3672 4333 qui

2017 4353 2130 4410 sub
2158 4353 2284 4423 lege
2305 4349 2606 4413 vivebant,
2654 4348 2876 4420 quibus
2916 4348 3141 4404 licitum
3194 4366 3313 4405 non
3361 4356 3486 4406 erat
3529 4349 3676 4418 alibi

2015 4459 2186 4516 quam
2225 4440 2385 4512 apud
2426 4437 2877 4494 tabernaculum
2921 4437 3258 4493 sacriﬁcare
3299 4453 3314 4494 :
3356 4444 3509 4494 certe
3537 4455 3672 4494 san-

2015 4533 2194 4604 guine
2219 4531 2280 4586 in
2301 4545 2440 4584 eum
2465 4527 2900 4592 vindicabatur,
2925 4527 3027 4599 qui
3051 4533 3456 4597 transgressus
3483 4529 3672 4584 fuerat

2014 4623 2245 4692 legem;
2287 4619 2392 4675 sed
2430 4634 2535 4674 nec
2569 4622 2735 4674 extra
2773 4617 3064 4688 templum
3107 4617 3290 4687 licuit,
3343 4624 3670 4690 postquam

2015 4711 2306 4783 templum
2337 4705 2806 4774 construebatur,
2841 4705 3132 4762 sacriﬁcia
3150 4723 3451 4778 peragere.
3476 4707 3674 4763 Admi-

2014 4801 2220 4858 rabilis
2239 4803 2440 4855 tamen
2459 4797 2544 4852 vir
2559 4795 2816 4861 Samuel,
2835 4811 2968 4850 cum
2989 4800 3167 4852 staret
3191 4796 3667 4868 tabernaculum,

2016 4890 2202 4948 altare
2232 4887 2376 4945 alibi
2415 4886 2561 4957 ﬁxit,
2597 4892 2651 4941 et
2679 4885 2844 4957 quod
2875 4885 2936 4940 in
2968 4885 3352 4942 tabernaculo
3382 4886 3509 4951 fuit,
3543 4885 3673 4942 reli-

2017 4980 2161 5054 quit,
2190 4983 2245 5034 et
2279 4977 2340 5033 in
2373 4994 2409 5033 a
2452 4991 2514 5031 se
2551 4980 2892 5030 constructo
2931 4973 3220 5030 sacriﬁcia
3253 4975 3466 5031 obtulit
3505 4989 3520 5031 :
3564 4975 3671 5031 sed

2018 5073 2077 5126 et
2094 5073 2334 5124 sanctus
2348 5080 2632 5137 sacerque
2647 5064 2732 5119 vir
2748 5063 2938 5120 Helias
2952 5063 3174 5136 templo
3193 5065 3671 5136 splendidissime

2018 5161 2372 5226 constructo,
2403 5156 2465 5212 in
2503 5157 2707 5211 monte
2737 5153 3008 5211 Carmelo
3039 5153 3250 5212 altaria
3280 5156 3459 5214 erexit
3498 5159 3553 5212 et
3579 5170 3674 5213 sa-

1641 5417 1874 5474 VARl/E
1912 5417 2311 5477 LECTIONES.

373 5626 494 5683 ιϐ.
543 5626 619 5682 Μ.

301 5698 434 5758 ζειν.

683 5628 812 5698 553A
847 5623 889 5680 f.
952 5625 1092 5698 203$,
1111 5628 1267 5682 recte
1321 5624 1498 5683 habet
1551 5625 1914 5698 καταλήψεως.

2005 5637 2033 5670 ι
2061 5627 2120 5683 C.
2168 5626 2238 5681 Μ.
2281 5627 2372 5678 xui
2427 5621 2723 5697 Eulexpmiv
2787 5640 2875 5676 και
2917 5628 3233 5697 λκριανομεῖν
3287 5623 3666 5697 καί-’σφαγιά-

534 5699 565 5743 ὶ)
595 5698 652 5753 C.
688 5698 758 5752 Μ.
788 5694 834 5758 ί.
878 5700 980 5753 203
1008 5694 1047 5756 ιζ
1066 5697 1343 5770 ξεομένοις.
1369 5710 1394 5741 ο
1423 5700 1503 5755 ἶσ.
1565 5694 2030 5772 βδελυγματιαῖον.
2087 5699 2144 5752 C.

2207 5699 2275 5754 Μ.
2336 5699 2426 5750 καὶ
2474 5691 2825 5768 βδελύγματι.
2857 5707 2880 5738 ο
2912 5695 2929 5712 '
2962 5689 3219 5768 εἰδεχθὲς.
3273 5694 3337 5749 C.
3383 5689 3664 5748 Μ.ἐὶ’δὲ.
