3906 6186
449 274 555 336 667

1671 258 1911 331 PHOTII
1952 254 2438 330 PATRIARCHE
2475 264 2585 327 CP.

3708 264 3795 327 668

451 394 751 459 criﬁcavit.
774 395 996 451 Horum
1021 380 1246 451 nemini
1266 391 1405 451 vitio
1428 386 1558 451 hac
1577 392 1976 458 vertebantur,

2260 393 2567 457 οθετοῡντος,
2610 388 2662 445 εὖ
2716 390 2859 465 μάλα
2902 410 2957 446 τε
2983 388 3410 465 προσδεχθῆναι,
3468 396 3564 445 καὶ
3608 392 3802 467 οὐρανίῳ

447 488 641 545 aDeo.
675 484 778 556 qui
804 500 908 555 per
935 485 1131 540 Mosen
1165 482 1240 539 nil
1275 482 1387 539 tale
1410 482 1757 541 audendum
1790 482 2102 544 sancierat,

450 574 679 648 accepti
730 573 981 638 fuerant,
1029 588 1289 643 cumque
1343 571 1675 629 oblationes
1714 572 1838 642 igni
1880 569 2103 627 caelesti

446 666 925 731 absumerentur,
952 660 1137 717 multo
1160 665 1331 717 erant
1351 660 1698 718 illustriores
1724 666 1777 719 et
1800 659 2106 731 gloriosio-

447 770 540 810 res
574 768 753 825 quam
783 751 865 807 illi
897 750 956 805 in
988 750 1106 805 suis
1152 749 1478 817 sacriﬁciis,
1529 750 1633 821 qui
1664 750 1811 819 legis
1843 748 2106 822 praescri-

447 848 610 915 ptum
627 840 1025 897 sacrilicantes
1040 839 1707 911 sequebantur.Samuel
1724 838 1984 905 ulterius,
2004 838 2107 911 qui

447 932 829 1005 pontificatus
863 928 1107 985 sublimi
1147 927 1330 987 titulo
1360 935 1417 985 et
1442 928 1767 1001 prophetiae
1805 927 2111 987 attolleba-

448 1026 541 1077 tur
566 1019 809 1076 sacratis
843 1014 1116 1074 manibus
1154 1020 1325 1087 Agag
1364 1017 1684 1085 interemit;
1725 1024 1780 1073 et
1816 1016 1916 1075 illo
1957 1016 2111 1088 prior

447 1110 698 1167 Phinees
720 1124 823 1181 per
844 1105 1069 1163 caedem
1101 1105 1403 1176 duplicem
1431 1105 1731 1176 indigenae
1758 1111 1813 1163 et
1833 1105 2112 1177 alienige-

448 1217 539 1259 nas
568 1198 966 1255 sacerdotium
1010 1197 1299 1253 aeternum
1340 1195 1608 1253 muneris
1655 1194 1787 1251 loco
1827 1196 2053 1267 accepit
2094 1214 2107 1251 ε

446 1288 549 1345 sed
577 1294 633 1345 et
659 1290 923 1349 anterius
955 1290 1187 1351 adhuc,
1228 1283 1544 1356 splendida
1593 1282 2010 1340 benedictione
2059 1284 2115 1341 et

444 1380 672 1436 honore
705 1380 918 1451 majori
946 1380 1106 1451 digni
1134 1375 1320 1435 habiti
1356 1378 1513 1445 sunt,
1542 1374 1641 1446 qui
1679 1378 1940 1442 cognato
1970 1387 2114 1427 san-

436 1469 623 1540 guine
653 1486 870 1527 manus
910 1468 1335 1539 impleverant;
1377 1480 1515 1520 cum
1546 1478 1729 1520 causa
1752 1467 1912 1518 esset
1946 1476 2112 1517 com.-

447 1557 645 1615 munis
675 1575 883 1615 eorum
910 1560 1011 1631 qui
1040 1556 1441 1628 patiebantur,
1468 1551 1643 1624 etqui
1671 1549 1999 1609 vindictam
2024 1550 2110 1605 in-

443 1647 714 1704 ferebant
754 1667 766 1708 :
808 1647 1129 1719 hiquidem
1160 1643 1381 1703 talibus
1409 1640 1988 1699 remunerationibus
2007 1654 2108 1709 pro

445 1736 738 1805 sanguine
760 1735 898 1792 fuso
924 1736 1294 1793 colebantur.
1321 1730 1606 1788 Davidem
1629 1743 1832 1798 regem
1857 1727 2109 1786 necessi’

446 1830 536 1881 tas
562 1825 894 1894 adurgebat
921 1824 1078 1883 bello
1114 1820 1393 1895 persequi
1422 1820 1662 1884 hostes;
1705 1817 1941 1889 idcirco,
1974 1833 2107 1877 eum

445 1911 507 1968 id
544 1914 927 1971 vehementer
973 1917 1236 1985 cuperet,
1290 1908 1576 1980 templum
1620 1906 2101 1979 Hierosolymita»

446 2017 592 2058 num
615 2012 953 2061 construere
977 2002 1307 2061 vetabatur.
1335 1997 1547 2054 Sauiet
1566 1996 1786 2065 Achab,
1808 1995 1975 2069 quod
2002 1994 2106 2051 mi-

434 2090 845 2149 .sericordibus
893 2092 1079 2149 oculis
1127 2088 1517 2149 intuebantur
1560 2085 1823 2159 captivos
1875 2085 2103 2153 hostes,

446 2179 765 2237 amissione
797 2180 962 2251 regni
994 2177 1428 2240 multabantur,
1470 2179 1526 2232 et
1557 2174 1758 2245 gladio
1789 2173 1979 2244 perire
2011 2174 2106 2233 de-

434 2269 840 2327 cernebantur
873 2286 883 2325 :
918 2286 1057 2329 cum
1080 2266 1288 2328 David,
1312 2265 1415 2337 qui
1428 2266 1590 2336 justo
1597 2263 1823 2335 judicio
1842 2262 2107 2323 similiter

432 2357 852 2431 delinquentes
898 2362 1240 2421 mactasset,
1286 2356 1569 2425 indignus
1598 2358 1954 2420 censeretur,
2000 2352 2103 2426 qui

444 2452 741 2505 extrueret
793 2448 1105 2519 templum.
1152 2445 1209 2502 Si
1257 2443 1511 2501 volueris
1558 2449 1779 2508 autem,
1822 2442 2035 2513 poteris
2072 2458 2105 2501 e

444 2541 651 2591 contra
683 2536 885 2593 videre
914 2536 1167 2604 dignum
1195 2532 1536 2604 judicalum
1561 2531 1659 2602 qui
1682 2534 1865 2589 altare
1885 2530 2108 2601 erigere

437 2621 505 2679 .in
562 2638 703 2681 area
761 2626 920 2682 Orna
976 2622 1220 2681 Jebusei
1259 2637 1270 2676 :
1314 2621 1417 2679 ubi
1482 2619 1839 2679 sacrificium
1892 2620 2107 2677 obtulit

446 2712 821 2783 praeclarum,
848 2712 985 2781 igne
1032 2712 1106 2771 de
1148 2711 1296 2769 caelo
1325 2709 1470 2769 illud
1500 2708 1884 2777 absumente,
1924 2708 2005 2769 ita
2044 2714 2107 2767 ut

432 2800 595 2859 .iram
628 2801 1079 2868 irresistibilem,
1120 2816 1151 2859 e
1189 2801 1350 2872 justo
1391 2799 1490 2859 Dei
1529 2798 1727 2858 furore
1764 2804 2109 2857 accensamt

440 2906 579 2963 qua
603 2896 792 2948 totum
817 2892 1093 2949 Israelent
1117 2890 1229 2962 dep
1245 2889 1503 2953 ascebat,
1527 2887 1926 2957 exstingueret
1956 2904 1971 2945 :
2002 2887 2107 2960 qui

432 2980 563 3052 ipse
590 2987 788 3040 tamen
818 2979 1203 3040 inexorabilis
1230 2995 1369 3037 cum
1409 2983 1569 3035 esset
1598 2977 1656 3037 in
1689 2977 1949 3035 hostium
1973 2994 2106 3037 san-

440 3070 623 3140 guine
649 3070 982 3137 fundendo,
1019 3068 1445 3143 prohibebatur
1467 3066 1568 3127 Dei
1591 3067 1881 3139 templum
1901 3067 2107 3125 eamdi-

434 3158 642 3217 ﬁcere.

434 3294 444 3305 .
509 3251 647 3307 Haec
687 3253 772 3305 tot
804 3254 862 3305 et
905 3248 1067 3314 talia,
1101 3246 1203 3308 ubi
1239 3247 1454 3317 legitur
1488 3245 1681 3305 littera
1709 3250 1914 3307 contra
1957 3244 2102 3307 litte-

435 3351 586 3401 ram,
619 3337 927 3408 quomodo
954 3336 1089 3409 quis
1117 3336 1196 3395 ab
1230 3335 1397 3394 omni
1421 3334 1837 3393 contrarietate
1862 3350 2101 3399 excusa-

432 3422 543 3491 bit,
576 3430 632 3481 et
664 3425 897 3492 seriem,
930 3442 1068 3498 quas
1102 3442 1214 3498 par
1240 3430 1330 3483 est
1358 3424 1420 3481 in
1451 3422 1566 3481 illis
1593 3423 1923 3489 observari,
1958 3440 2097 3485 con.

431 3530 643 3585 gruem
673 3516 1128 3582 demonstrabit,
1155 3520 1211 3572 et
1240 3530 1363 3572 non
1388 3512 1587 3585 potius
1608 3512 1815 3573 omnia
1838 3514 2097 3575 tumultu

427 3610 483 3662 et
504 3606 898 3673 suspensione
923 3604 1107 3662 animi
1130 3600 1420 3675 impleat?
1461 3602 1769 3667 Praeterea,
1793 3618 1923 3674 quae
1946 3603 2095 3663 ratio

422 3694 591 3750 reddi
649 3699 862 3765 potest,
924 3695 1110 3750 Deum
1164 3691 1410 3762 nuptias
1459 3689 1818 3762 permittere,
1876 3696 1930 3747 et
1986 3708 2094 3751 sua

427 3783 656 3852 dignari
682 3783 1123 3853 benedictione;
1161 3787 1217 3838 et
1241 3785 1445 3837 tamen
1472 3778 1575 3851 qui
1597 3779 1816 3851 copula
1838 3782 2092 3852 nuptiali

421 3871 806 3943 jungebatur,
836 3872 1177 3929 sedundum
1215 3869 1312 3927 Dei
1344 3875 1402 3925 et
1435 3874 1660 3925 naturae
1692 3868 1880 3940 ipsius
1907 3868 2087 3939 leges,

426 3967 490 4015 ut
515 3960 898 4018 immundum
917 3978 953 4018 a
972 3959 1398 4033 mysteriorum
1429 3957 1884 4030 participatione
1902 3959 2089 4016 exclu-

424 4049 605 4121 deret,
633 4066 740 4106 nec
761 4051 839 4107 ad
858 4066 1030 4106 sacra
1046 4048 1385 4106 admitteret
1405 4046 1521 4104 nisi
1544 4046 1708 4119 prius
1727 4054 2043 4117 purgatum
2062 4050 2090 4109 ?

424 4140 508 4197 Ita
546 4156 788 4212 quoque
821 4156 928 4196 vas
958 4144 1307 4201 testaceum,
1352 4136 1413 4193 in
1451 4152 1576 4207 quo
1608 4135 1899 4208 pollutum
1938 4137 2085 4209 quid

423 4230 857 4294 continebatur,
901 4226 1195 4296 confringi
1229 4226 1498 4297 jnbebat,
1542 4242 1610 4281 ac
1648 4226 1696 4280 si
1737 4242 1857 4283 non
1888 4232 2087 4298 posset

423 4318 645 4389 alioqui
700 4317 996 4389 pollutum
1048 4313 1283 4387 expiari
1326 4330 1340 4369 :
1382 4316 1472 4371 sin
1520 4329 1755 4371 laneum
1814 4331 1941 4381 vas,
1994 4318 2084 4375 vel

422 4406 687 4477 ligneum
718 4410 892 4472 esset,
921 4404 1200 4462 facillime
1238 4402 1501 4460 lavando
1530 4403 1940 4461 mundaretur.
1971 4404 2084 4461 Eli-

2214 487 2340 554 πυρὶ
2392 486 2484 541 τὴν
2532 490 2629 533 τῶν
2681 483 2921 554 θυμάτων
2967 482 3316 535 ὁλοκαύτωσιν
3379 490 3803 556 περιφανεστίραν

2215 590 2268 623 τε
2319 578 2408 623 καὶ
2465 568 2907 645 παραδοξοτέραν,
2968 573 2996 634 ἡ
3047 574 3334 644 συμπάσας
3396 575 3490 635 τὰς
3549 572 3725 638 οἰλλας,
3762 576 3807 625 αἱ

2216 662 2301 711 τὸν
2359 665 2511 731 νόμον
2570 658 2713 733 εἶχον
2766 670 2860 724 τῆς
2911 661 3117 725 τελετῆς
3173 662 3340 714 αὐτῶν
3408 664 3805 735 καθηγούμενον,

2219 746 2601 821 ἀποφανθῆναι.
2664 747 2788 804 Εἶτα
2817 754 2902 804 τὸν
2952 751 3192 823 Σαμουὴλ
3230 750 3384 803 πάλιν
3417 750 3806 825 ἀρχιερωσύνης

2219 836 2339 907 thiasi
2397 842 2483 891 καὶ
2534 843 2849 912 προφητείας
2900 838 3202 913 ἀνηγμένον,
3270 846 3460 913 χερσίν
3520 843 3684 916 ἱεραῖς
3735 846 3807 894 τὸν

2219 926 2392 997 Ἄγριον
2446 926 2812 1000 ἀποσφάττειν*
2867 934 2957 983 καί
3003 932 3102 1003 πρὸ
3158 948 3214 1001 γε
3282 929 3443 982 αὐτοῦ
3500 934 3591 983 τὸν
3660 937 3807 992 (Duas;
3904 952 3906 957 ·

2222 1012 2417 1077 διπλῆς
2463 1024 2690 1088 σφαγῆς,
2747 1016 2993 1092 ἐμφυλίου
3038 1036 3094 1070 τε
3130 1022 3219 1071 καί
3267 1017 3575 1090 ἀλλοφύλου,
3636 1024 3727 1077 τὴν
3756 1021 3808 1075 ia-

2221 1107 2457 1178 ρωσύνην
2505 1102 2670 1177 δῶρον
2719 1106 2924 1161 αἰώνιον
2983 1106 3271 1181 ἀποφέρειν.
3320 1108 3395 1161 Οὐ
3444 1113 3550 1179 μὴν
3603 1108 3730 1165 ἀλλά
3766 1128 3811 1179 γε

2222 1200 2306 1249 καὶ
2350 1197 2569 1267 πρόσθεν
2615 1198 2688 1248 ἔτι
2732 1195 2973 1271 λαμπρᾶς
3024 1197 3255 1268 εὐλογίας
3307 1202 3397 1255 καὶ
3446 1206 3605 1269 τιμῆς
3649 1200 3810 1270 μείζο-

2221 1303 2303 1346 νος
2361 1284 2615 1346 ἠξιῶσθαι
2682 1288 2822 1354 τούς,
2880 1285 2993 1341 ὅσοι
3053 1296 3363 1358 συγγενικῶν
3421 1289 3660 1359 αἱμάτων
3738 1291 3814 1347 τας

2222 1382 2405 1446 χεῖρας
2464 1372 2785 1446 ἐπλήρωσαν,
2840 1380 3012 1433 καίτοι
3060 1385 3235 1439 κοινῆς
3294 1379 3457 1437 οὔσης
3505 1385 3601 1438 τῆς
3656 1376 3811 1437 αἰτίας

2223 1472 2319 1517 τὼν
2386 1483 2439 1517 τε
2488 1460 2642 1523 δίκην
2712 1464 3178 1539 ιίσπραττομένων,
3236 1471 3327 1521 καὶ
3385 1474 3483 1521 τῶν
3544 1465 3812 1520 ἀπαιτούνο

2222 1571 2337 1607 των·
2390 1556 2607 1614 τούτους
2643 1556 2732 1625 μιν
2780 1557 3033 1617 τοιούτοις
3079 1554 3254 1618 ἄθλοις
3295 1555 3379 1611 ἐπὶ
3418 1564 3480 1628 τῇ
3514 1565 3615 1611 τῶν
3668 1559 3812 1628 αἱμά-
3904 1608 3906 1617 ,

2218 1663 2316 1696 των
2347 1646 2507 1717 χύσει
2538 1644 2844 1714 τιμηθῆναι.
2880 1649 2977 1697 Τόν
3018 1641 3079 1701 δέ
3119 1664 3178 1717 γε
3211 1644 3433 1717 βασιλέα
3465 1642 3637 1701 Δαϐὶδ
3666 1645 3811 1717 ἀντίον

2217 1752 2311 1791 κην
2383 1734 2573 1802 ἔχοντα
2641 1732 2885 1804 πολέμοις
2958 1737 3077 1796 τοὺς
3163 1734 3546 1798 ἀνθεστηκότας
3626 1734 3809 1801 ἐπεξαμ-

2214 1842 2317 1884 ναι,
2379 1818 2472 1877 διὰ
2518 1829 2671 1877 τοῦτο
2723 1824 2810 1877 τὸν
2860 1821 2908 1876 ἐν
2958 1822 3334 1896 Ἰεροσολύμοις
3379 1829 3474 1878 νεὼ
3516 1823 3806 1885 ἀναστῆσαι

2214 1911 2653 1982 προθυμούμενον,
2710 1911 3053 1969 κεκωλύσθαι.
3103 1918 3199 1969 Καὶ
3241 1917 3326 1969 τὸν
3370 1917 3459 1986 μὲν
3515 1915 3678 1969 Σαούλ
3728 1920 3807 1967 καὶ

2216 2001 2300 2053 τὸν
2347 1998 2575 2071 ’Δχαάϐ,
2628 2002 2706 2054 ὅτι
2747 2000 3126 2076 φιλανθρώποις
3163 2006 3395 2075 ὄμμασιν
3434 2000 3548 2059 ἴδον
3577 2008 3705 2067 τοὺς
3740 2005 3807 2061 ἑα-
3904 2060 3906 2063 ,

2213 2086 2428 2151 λοκότας
2478 2097 2575 2143 τῶν
2633 2089 2906 2163 πολεμίων,
2964 2090 3220 2149 ἐκπτώσει
3272 2111 3325 2147 τε
3378 2100 3476 2154 τῆς
3541 2090 3808 2164 βασιλείας

2216 2177 2567 2249 ζημιωθῆναι,
2616 2184 2705 2232 καὶ
2743 2183 2829 2233 τὸν
2871 2177 2964 2239 διὰ
3002 2185 3277 2254 μαχαίρας
3326 2184 3542 2239 θάνατον
3585 2180 3801 2242 ἀπαιτη-

2216 2268 2386 2325 θῆναι’
2420 2270 2507 2320 τὸν
2561 2263 2619 2320 δι
2667 2265 2854 2335 Δαϐίδ,
2895 2269 2976 2325 ὃτι
3008 2266 3313 2343 δικαιοτέρα
3349 2276 3521 2345 κρίσει
3564 2276 3692 2334 τούς
3718 2292 3805 2327 πα-

2214 2355 2537 2428 ραπλησίους
2584 2358 2778 2428 ὑπῆγεν
2808 2357 2855 2423 d,
2907 2357 3112 2423 ἀνάξιον
3146 2361 3391 2431 κριθῆναι
3433 2368 3529 2419 τῆς
3567 2370 3659 2413 τοῦ
3687 2369 3803 2415 ναοῦ

2215 2448 2536 2517 ἁνεγίρσεως.
2592 2446 2651 2500 Εἰ
2688 2445 2867 2518 βούλει
2907 2444 2967 2503 δε
3010 2453 3101 2505 καὶ
3153 2447 3295 2512 ἄξιον
3343 2449 3499 2503 αὐτὸν
3530 2454 3620 2521 μὲν
3660 2450 3802 2503 πάλιν

2212 2541 2391 2589 τοῦτον
2439 2531 2830 2606 ἐπιδειχθῆναι,
2886 2538 3261 2609 θυσιαστήριον
3308 2536 3355 2593 ἐν
3394 2546 3454 2612 τῇ
3511 2546 3602 2595 τοῦ
3654 2538 3804 2612 Ὀρνὰ

2213 2622 2317 2693 ἅλῳ
2363 2621 2659 2687 ἀναστῆσαι
2704 2630 2790 2678 καὶ
2849 2626 3009 2683 θύσαι
3054 2624 3350 2698 παράδοξον
3401 2629 3608 2694 θυσίη,
3651 2631 3803 2701 ούρα-

2212 2714 2324 2765 νίου
2355 2715 2517 2782 πυρὸς
2547 2716 2640 2771 τὶν
2671 2712 3023 2773 ὁλοκαύτωσιν
3055 2714 3563 2789 συγκαλλιεροῡντος,
3595 2722 3684 2771 καὶ
3723 2719 3807 2770 θυι

2212 2803 2307 2871 μὸν
2338 2796 2566 2871 ἄσχετον
2601 2800 2659 2853 ἐκ
2699 2803 2836 2866 θείας
2878 2802 3041 2874 ὀργῆς
3085 2809 3170 2857 καί
3217 2801 3449 2869 δικαίας,
3493 2806 3696 2863 ἅπαντα
3724 2808 3805 2858 τὸν

2214 2886 2430 2962 Ἰσραὴλ
2502 2888 2878 2964 ἐπινεμόμενον,
2962 2891 3357 2969 ἑξιλεωσάμενον
3422 2902 3641 2954 στῆσαν
3724 2898 3807 2948 τὸν

2214 2978 2368 3033 αὐτὸν
2446 2976 2504 3037 δε
2590 2989 2768 3039 τοῦτον
2825 2977 2977 3039 οὐδὲν
3029 2982 3179 3041 πλέον
3236 2984 3304 3045 εἰς
3370 2985 3505 3057 αἷμα
3554 2984 3806 3056 πολεμίων

2214 3064 2559 3127 ἀδυσώπητον
2601 3076 2849 3143 γεγονότα
2894 3070 3217 3146 ἐξιίργεσθαι
3258 3080 3350 3128 τοῦ
3382 3077 3503 3129 ναὸν
3534 3081 3647 3145 Θεῷ
3674 3072 3808 3131 ἀνοι-

2211 3154 2311 3213 κοδ
2313 3164 2412 3228 ομῆ
2424 3177 2531 3212 σαι.

2283 3254 2395 3308 Πῶς
2439 3250 2537 3322 γὰρ
2590 3256 2756 3305 ταῦτα
2795 3252 2885 3307 καὶ
2933 3251 3001 3307 τὰ
3033 3258 3248 3309 τοιαῦτα
3290 3253 3318 3313 ἡ
3372 3258 3465 3307 τοῦ
3501 3253 3805 3326 γράμματος

2206 3338 2340 3389 κατὰ
2392 3338 2448 3389 τὸ
2496 3339 2717 3410 γράμμα
2758 3336 3071 3410 ἀνάγνωσις,
3126 3339 3300 3402 αἰτίας
3343 3359 3399 3395 τε
3443 3346 3535 3397 καὶ
3578 3344 3803 3397 ἐναντιω-

2208 3443 2331 3486 σεως
2383 3423 2683 3493 ἀπαλλάξει,
2733 3432 2823 3483 καὶ
2868 3430 2953 3482 τὸν
2990 3432 3251 3500 πρέποντα
3296 3430 3473 3502 εἱρμὸν
3522 3433 3573 3487 ἐν
3634 3430 3802 3491 τῦτοίς

2207 3514 2547 3587 θεωρούμενον
2606 3510 2873 3585 ἐπιδείξει,
2931 3514 3057 3572 ἀλλὰ
3108 3522 3180 3589 μὴ
3237 3522 3326 3575 καὶ
3379 3518 3571 3580 πολλῇς
3615 3518 3801 3591 ἐμπλή-

2205 3620 2283 3657 σει
2335 3612 2578 3676 ταραχῆς
2627 3623 2681 3657 τε
2734 3609 2823 3659 καὶ
2861 3603 3208 3678 ἀμηχανίαςς
3251 3606 3373 3667 Ἐπὶ
3420 3611 3645 3675 τούτοις,
3691 3615 3798 3667 πῶς

2201 3692 2261 3743 ἄν
2312 3694 2429 3763 ἔχοι
2482 3692 2649 3764 λόγον,
2692 3696 2777 3747 τὸν
2828 3697 2919 3766 μὲν
2969 3697 3136 3767 γάμον
3194 3700 3323 3751 Θεὸν
3381 3695 3674 3769 ἐπιτρέψαι,
3720 3698 3798 3753 e2}:-

2200 3777 2379 3850 λογίας
2429 3800 2482 3833 τε
2537 3790 2627 3842 τῆς
2678 3783 2801 3855 παρ’
2871 3783 3031 3841 αὐτοῦ
3084 3783 3329 3849 ἂξιῶσαν
3392 3788 3683 3858 ἀκάθαρτον
3740 3782 3797 3839 δι

2197 3870 2284 3920 τὸν
2337 3868 2660 3941 ὡμιληκότα,
2702 3874 2838 3925 κατὰ
2887 3875 3008 3936 τούς
3042 3874 3212 3938 θείους
3266 3877 3508 3945 θεσμοὺς,
3559 3882 3660 3935 τοῖς
3708 3881 3800 3931 τῆς

2198 3960 2393 4029 φύσεως
2448 3964 2758 4034 μυστηρίοις
2812 3959 3131 4018 ἀποκαλέσαι
3156 3975 3202 4027 ο,
3250 3968 3339 4019 καὶ
3377 3971 3491 4027 τοῖς
3531 3966 3679 4037 ἱεροῖς
3730 3964 3796 4032 μὲ

2195 4052 2483 4119 προσιέναι,
2528 4048 2568 4100 εἰ
2620 4054 2689 4121 μὴ
2740 4052 3049 4123 καθαρθείη,
3101 4049 3462 4107 ἀποθεσπίσαι
3493 4051 3687 4106 ῖΠάλιν
3742 4046 3801 4103 ἃς

2194 4138 2251 4187 τὸ
2314 4134 2402 4206 μὲν
2462 4135 2763 4212 ὀστράκινον
2842 4140 3024 4210 ἄγγος,
3094 4139 3217 4194 ἐπὰν
3286 4138 3587 4215 ἀκαθάρτου
3659 4142 3800 4197 τινὸς

2192 4223 2398 4297 ψαύσῃ,
2458 4225 2849 4299 συντρίϐεσθαι,
2899 4231 2968 4290 ὡς
3023 4233 3210 4301 μηκέτι
3254 4225 3479 4285 δυνατὸν
3524 4228 3652 4285 εἶναι
3704 4235 3801 4286 τῆς

2191 4310 2520 4386 ἀκαθαρσίας
2574 4318 2632 4367 τὸ
2708 4316 3093 4389 μεμολυσμένον
3156 4316 3478 4375 ἀπολύεσθαι
3533 4317 3571 4371 ί.
3623 4318 3687 4373 ἐν
3742 4313 3801 4371 δι

2189 4401 2421 4473 χαλκοῦν
2470 4404 2499 4464 ἣ
2554 4403 2749 4471 ξύλινον
2818 4406 2872 4477 ᾖ,
2929 4402 3125 4480 ῥᾳδίως
3172 4416 3267 4472 τῆς
3319 4406 3647 4481 ἀκαθαρσίας
3704 4401 3803 4463 διὰ

424 4487 523 4543 saai
553 4504 694 4544 ossa
723 4485 1032 4545 communi
1056 4485 1130 4542 de
1154 4482 1503 4543 morticiniis
1529 4483 1638 4555 legi
1664 4484 1966 4556 subjaceba

2255 4499 2280 4543 ύ
2338 4489 2534 4557 ὓδατος
2596 4492 3035 4553 ἀπαλλάττεσθαι.
3101 4501 3199 4551 Καὶ
3259 4499 3325 4550 τὰ
3381 4500 3472 4569 μὶν
3530 4498 3797 4551 Ἐλισαίου

423 4580 480 4633 et
504 4576 893 4648 pollutionem
921 4573 1380 4647 impertiebant;
1422 4578 1621 4633 tamen
1640 4574 1854 4631 mortui
1869 4574 2080 4633 iisdem

423 4664 899 4736 approximantes
938 4664 1017 4720 ab
1058 4662 1172 4721 illis
1205 4679 1383 4734 puros
1422 4662 1555 4721 vitae
1592 4662 1795 4723 radios
1835 4663 2082 4736 recipie-

426 4752 588 4819 bant,
624 4759 681 4811 et
707 4754 786 4809 ad
813 4753 945 4810 vitae
969 4753 1163 4812 lucem
1190 4769 1226 4811 a
1258 4751 1583 4811 tenebrosis
1612 4752 1821 4811 mortis
1845 4752 2077 4811 {oribus

423 4842 884 4902 reducebantur.
901 4843 1144 4901 Dicesne
1157 4842 1354 4912 igitur,
1372 4842 1570 4915 polluti
1584 4840 1686 4911 illi,
1705 4842 1807 4915 qui
1826 4842 2077 4915 proximi

425 4930 537 4987 illis
578 4931 815 4995 ossibus
858 4932 994 4992 tacti
1025 4949 1061 4993 a
1091 4932 1295 4989 mortis
1327 4931 1703 4991 immunditie
1736 4932 2075 5003 purgaban-

427 5025 520 5081 tur
547 5019 575 5076 ?
612 5035 815 5081 annon
848 5021 1045 5097 potius
1074 5020 1437 5083 sacriﬁcium
1460 5020 1842 5091 gratitudinis
1871 5038 1978 5094 pro
1992 5038 2076 5085 re-

424 5110 791 5167 stauratione
808 5110 1044 5167 illorum
1061 5110 1291 5178 offeres,
1317 5128 1503 5183 quam
1528 5110 1926 5183 expiatorium
1938 5128 2077 5171 conc

2189 4579 2323 4634 ὀστᾶ
2372 4590 2443 4652 τῷ
2513 4592 2667 4654 κοινῷ
2738 4592 2838 4637 τῶν
2885 4593 3071 4658 νεκρῶν
3124 4589 3262 4657 νόμῳ
3337 4586 3404 4651 εἰς
3464 4585 3797 4659 ἀκαθαρσίαν

2188 4671 2358 4741 ἄγειν*
2420 4676 2536 4733 τοὺς
2597 4668 2656 4726 δι
2702 4672 3125 4736 πεπλησιακότας
3162 4674 3343 4737 αὐτοις
3395 4679 3601 4749 νεκροὺς
3628 4676 3802 4729 καθα-

2186 4762 2284 4834 ρὰς
2350 4761 2540 4815 ἐκεῖθεν
2618 4770 2715 4824 τῆς
2775 4762 2914 4824 ζωῆς
2973 4759 3233 4835 δέχεσθαι
3287 4766 3379 4826 τὰς
3440 4762 3661 4825 ἀκτῖνας.
3712 4766 3806 4815 καί

2186 4852 2317 4922 πρὸς
2363 4852 2421 4905 τὸ
2452 4856 2547 4905 τοῦ
2598 4848 2721 4923 βίον
2772 4859 2875 4923 φῶς
2927 4850 2982 4904 ἐκ
3023 4860 3122 4905 τῶν
3157 4853 3381 4925 ζοφερῶν
3427 4853 3593 4909 πυλὼν
3639 4851 3807 4906 ἐπαν-

2188 4939 2410 5009 άγεσθαι
2462 4946 2553 4992 τοῦ
2599 4941 2847 4996 θάνατου.
2905 4944 2967 4995 Τί
3018 4937 3106 4993 οὖν
3140 4957 3153 5009 ;
3186 4940 3317 5016 ἐρεῖς
3356 4940 3689 5016 ἀκαθάρτους
3720 4940 3805 4991 ὁτι

2185 5024 2573 5092 πλησιάσαντες
2645 5028 2838 5092 ὀστέοις
2894 5038 3095 5104 νεκροῦ,
3159 5040 3253 5093 τῆς
3318 5030 3643 5105 ἀκαθαρσίας
3711 5037 3807 5086 τού

2189 5116 2409 5171 θανάτου
2460 5114 2851 5189 ίκαθάρθησαν,
2893 5118 2922 5179 ἡ
2979 5124 3069 5173 καὶ
3117 5124 3421 5191 προσοίσεις
3470 5122 3586 5191 ὑπὲρ
3622 5118 3806 5171 αὐτῶν

424 5203 616 5257 tactus
642 5214 749 5272 per
779 5214 961 5271 quem
987 5200 1326 5256 surrexere?
1357 5200 1672 5267 Quomodo
1695 5217 1817 5258 non
1836 5202 1966 5277 erit;

2264 5224 2281 5255 ι
2327 5205 2734 5282 εὐχαριστὴριον
2779 5216 2871 5269 τῆς
2902 5206 3170 5281 ἐγέρσεως,
3211 5207 3340 5262 ἀλλὰ
3388 5211 3673 5282 καθύρσιον
3709 5215 3806 5269 τῆς

1775 5380 2005 5445 ΥΔΒΙκΕ
2045 5379 2441 5445 LECTIONES.

495 5578 611 5641 dC.
663 5574 737 5640 M.
796 5573 1200 5653 παραπλησίους
1252 5571 1465 5643 ἁλόντας
1521 5577 1714 5653 ὑπῆγεν
1789 5592 1816 5629 ο
1845 5581 1921 5641 ίσ.
1981 5578 2307 5645 ἀποκλεῖσαι.
2352 5585 2417 5645 C.
2456 5587 2523 5647 ﬂ.
2574 5583 2914 5647 ἀποκαλέσαι.

428 5654 768 5711 ἀπολύεσθαι.

3021 5588 3044 5633 t‘
3072 5590 3152 5649 ισ,
3206 5588 3561 5651 ἀπολούεσθαι.
3592 5590 3664 5649 C.
3726 5593 3800 5648 ll.

3264 5702 3282 5729 δ
