4136 6198
247 293 354 356 669

1200 297 1296 357 Αῐ)
1335 297 1878 360 AMPHILOCHIUM
1919 288 2249 371 QUAESTIO
2291 305 2472 372 cxm,
2516 293 2706 363 CXIV.

3504 298 3617 366 670

249 427 404 499 ἁφῆς,
439 426 494 489 ἐξ
522 428 583 489 ἧς
610 426 901 485 ἀνέστησαν
949 443 962 492 ;
1018 426 1122 480 Καὶ
1168 436 1274 489 πῶς
1316 428 1410 480 οὐκ
1457 429 1518 480 ἂν
1575 432 1652 488 εἵη
1701 437 1854 482 τοῦτο

1974 435 2174 487 contra
2222 431 2468 503 planam
2517 432 2884 504 Scripturam
2923 445 3051 486 rem
3091 434 3480 502 apparentem
3512 447 3620 504 per

249 520 383 569 κατά
438 536 497 588 γε
526 526 626 569 τῶν
672 520 1040 588 γεγραμμένων
1070 520 1126 569 τὸ
1181 523 1500 590 φαινόμενον,
1531 519 1693 578 πολλὴ
1723 518 1854 591 ἀμαυ

253 608 343 659 θία
371 612 461 660 καὶ
509 609 660 658 ἄνοια
693 606 792 673 ;Ἦ
826 603 885 658 δὲ
937 613 1030 668 τῆς
1077 611 1192 658 ὄνου
1224 613 1420 680 σιαγὼν
1464 609 1681 681 τριπλῆς
1734 607 1855 660 ἀκαι

252 698 476 769 θαρσίας
528 696 701 748 αἰτίαν
753 696 1094 764 πηγάζουσα,
1144 705 1251 759 πῶς
1308 699 1541 770 καθαροῦ
1588 703 1674 750 καί
1714 702 1857 750 ποτίο

251 803 354 856 μου
383 788 608 856 νάματος
655 781 882 854 διψῶντι
919 792 991 854 τῷ
1031 787 1316 859 Ναζαραίῳ
1365 783 1589 839 ἀνέδωκε
1638 787 1857 860 ῥύακας,

250 876 387 934 ἴσοις
415 882 511 935 τῆς
562 873 890 948 ἀκαθαρσίας
928 871 1276 932 διαϐοηθεῐσα
1308 877 1539 948 θαύμασι
1575 894 1587 944 ;
1617 880 1732 928 ὄνου
1773 879 1860 947 μὶν

250 965 353 1034 γάρ
410 963 491 1032 ἦν,
543 967 632 1016 καὶ
662 969 844 1034 νεκροῦ
874 961 1026 1030 ὀστᾶ,
1073 969 1162 1014 καὶ
1192 969 1386 1036 τρίτον,
1417 970 1576 1036 φόνων
1625 969 1819 1036 ὄργανα
1846 984 1858 998 ο

252 1051 348 1103 οὐκ
405 1050 453 1103 ἕν
508 1060 575 1124 γῇ
638 1048 697 1104 δὲ
755 1050 975 1110 πλησίον
1033 1049 1246 1122 ὕδατος,
1297 1050 1422 1106 οὐδέ
1477 1072 1610 1116 τινες
1664 1050 1863 1114 νοτίδας

251 1139 462 1213 ἀφανῶς
520 1137 880 1216 ὑπαρδόμεναι
937 1148 1030 1196 τοῦ
1088 1141 1246 1194 ὀστοῦ
1297 1141 1645 1197 κατελάϐοντο
1700 1160 1712 1174 '
1756 1141 1861 1193 ἀλλ’

253 1227 444 1302 ἀνδρὸς
492 1236 639 1302 χειρὶ
687 1237 936 1302 μαχητοῦ
968 1233 1121 1284 ὅπλον
1169 1235 1306 1284 κατά
1334 1231 1588 1304 πολεμίων
1619 1235 1814 1304 ἐφέρετο
1848 1271 1862 1286 .

251 1324 344 1372 καὶ
401 1323 668 1377 τοσαύτην
700 1325 876 1390 πηγὴν
928 1316 1136 1372 ὑδάτων
1169 1319 1462 1389 ἀνέϐλυσεν,
1513 1323 1645 1372 ὥστε
1691 1324 1774 1373 τόν
1814 1321 1864 1372 ἐν

252 1411 490 1480 τοσούτῳ
540 1414 686 1479 κόπῳ
738 1420 765 1461 ε
820 1413 909 1460 καὶ
961 1411 1198 1481 καμάτῳ,
1251 1416 1339 1462 καὶ
1386 1413 1619 1483 τοσαύτη
1680 1417 1865 1483 καιροῦ

254 1499 548 1570 παρατάσιι
601 1494 951 1568 δεδιψηκότα,
1008 1497 1230 1569 ἀφθόνου
1283 1503 1374 1550 καὶ
1436 1496 1716 1570 δαψιλοῦς,
1775 1504 1865 1550 καὶ

252 1590 389 1658 πέρα
430 1596 526 1648 τῆς
573 1593 780 1659 χρείας,
815 1586 1094 1660 ἐμοιρῆσαι
1121 1589 1150 1632 ιι
1187 1593 1436 1660 πόματος.
1492 1587 1644 1641 Ἀλλά
1694 1590 1860 1640 τοιού.

253 1695 329 1746 τῳ
381 1679 470 1748 μὲν
516 1680 580 1728 τά
629 1685 722 1728 τοῦ
775 1675 1069 1750 ἀκαθάρτου
1118 1677 1252 1737 ξωου
1305 1683 1395 1728 καὶ
1423 1680 1577 1750 νεκροί
1633 1683 1722 1729 καὶ
1771 1697 1862 1750 φο-

251 1768 375 1817 νικά
427 1765 560 1817 ὀστᾶ
610 1766 980 1837 ὑπηρετησατο
1036 1767 1266 1837 θαύματι

253 1863 448 1926 πηγῆς,
489 1859 581 1912 τὴν
627 1859 741 1907 ὄνου
789 1859 1009 1926 σιαγόνα
1061 1863 1319 1923 ποιοῦσιν,
1373 1853 1606 1908 κάκεῖθεν
1657 1865 1728 1925 τῷ
1779 1853 1860 1908 δε-

255 1939 515 2013 διψηκότι
572 1949 786 2016 φέρουσι
811 1947 869 1996 τό
941 1949 1098 2015 νᾶμα,
1159 1948 1331 1996 καίτοι
1392 1949 1479 1996 τόν
1531 1950 1859 2018 προκείμενον

253 2031 406 2102 λόγον
453 2033 568 2084 κατ’
617 2029 768 2085 οὐδὲν
817 2032 1231 2105 λυμαινομένοις.
1281 2033 1450 2092 Λῆλον
1503 2037 1605 2105 γὰρ
1659 2037 1723 2094 ὡς
1770 2040 1859 2086 καὶ

254 2121 410 2174 αὐτοὶ
458 2129 609 2174 τοῦτο
678 2121 928 2193 λέγοντες,
988 2122 1163 2196 πόρρω
1217 2130 1308 2174 τοῦ
1367 2126 1673 2197 γράμματος
1746 2124 1859 2195 ἰχν-

252 2210 535 2268 ηλατοῦσιν
586 2230 598 2243 '
642 2212 736 2272 ἕως
773 2211 834 2262 ἀν
883 2215 912 2269 ἡ
966 2221 1067 2262 τῶν
1116 2209 1428 2284 παραδόξων
1474 2213 1634 2284 ἔργων
1679 2218 1858 2274 πίστις

251 2301 501 2372 ἑνισχύη,
552 2299 646 2352 οὐκ
702 2299 762 2350 ἂν
805 2297 970 2360 ἡδέως
1023 2305 1386 2372 συμφήσαιμι.
1433 2305 1532 2353 Καὶ
1583 2306 1634 2352 τί
1665 2303 1726 2353 οἷν
1780 2321 1858 2364 τις

252 2386 580 2461 ἀπαριθμοίη
618 2391 682 2440 τὰ
709 2397 927 2440 τοιαῦτα
961 2405 973 2455 ;
1004 2385 1202 2460 σχεδόν
1232 2393 1333 2463 γὰρ
1379 2385 1413 2440 δ
1421 2389 1453 2440 ι’
1481 2389 1597 2442 ὅλου
1647 2399 1736 2442 τοῦ
1775 2410 1856 2442 νο-

249 2486 413 2549 μικοῦ
501 2481 828 2550 γράμματος,
892 2480 920 2536 ἡ
996 2481 1216 2536 τοιαύτη
1292 2487 1392 2529 τῶν
1459 2476 1857 2550 αἰνιγματωδῶν

254 2568 480 2640 θεωριῶν
551 2572 909 2639 κατακέχυται
964 2567 1147 2620 θύελλα
1201 2584 1214 2598 ⁶
1273 2566 1382 2619 ἀλλ’
1438 2569 1559 2642 ὅπερ
1619 2575 1710 2622 καὶ
1768 2567 1856 2642 ἀρε

252 2661 482 2728 χόμενος
553 2653 713 2722 εἷπον,
796 2653 890 2708 διὰ
944 2660 1138 2708 τούτων
1193 2676 1248 2709 τε
1318 2662 1407 2709 καὶ
1453 2667 1553 2709 τῶν
1615 2660 1859 2710 τοιούτων

253 2744 516 2811 ἁπάντων,
572 2748 598 2798 ό
653 2749 805 2819 σοφός
881 2749 1158 2818 νομοθέτης
1224 2746 1451 2820 ἐναργῶς
1514 2752 1859 2822 παρίστησιν,

253 2838 322 2895 ὡς
353 2835 478 2893 ἄλλη
512 2839 601 2907 μὶν
633 2837 662 2893 ἠ
697 2838 833 2888 κατά
860 2839 919 2888 τό
970 2838 1194 2909 γράμμα
1227 2840 1315 2887 καὶ
1365 2840 1424 2887 τό
1457 2842 1736 2909 πρόχειρον
1765 2845 1861 2898 τῆς

252 2922 538 2985 ἐπιστολῆς
593 2923 904 2995 ἀπαγγελία,
959 2927 1026 2984 ὡς
1079 2928 1470 2998 παραπέτασμα
1525 2921 1856 2996 διηπλωμένη

251 3017 486 3085 κρυφίων
555 3014 900 3086 θεωρημάτων
968 3030 980 3042 ·
1037 3013 1184 3089 ἑτέρα
1235 3009 1296 3065 δὴ
1347 3015 1377 3070 ἡ
1429 3021 1520 3065 τοῦ
1576 3018 1858 3087 πνεύματος

251 3106 345 3153 καὶ
383 3099 432 3152 ἐν
480 3110 553 3172 τῷ
604 3099 756 3173 βάθει
811 3107 1140 3175 κρυπτομίνη
1186 3104 1430 3174 θεοσοφία
1481 3122 1493 3134 ’

253 3186 552 3258 Ἰουδαίων,
607 3197 697 3244 καὶ
747 3199 847 3244 τῶν
892 3189 1287 3252 Ἰουδαῖζόντων
1314 3192 1632 3266 αἰρεσιωτῶν
1657 3191 1862 3256 πληθύς

252 3278 520 3332 έπεκοῦσα
561 3279 807 3355 ίμακράν
868 3286 958 3334 καὶ
1007 3281 1243 3352 χαλεπὴν
1291 3281 1349 3334 ού
1399 3285 1619 3334 παύεται
1665 3281 1860 3341 πλάνην

249 3369 560 3442 πλανωμένη
571 3408 584 3422 .

824 3465 1136 3513 ΕΡΩΤΗΣῘΣ
1165 3459 1304 3516 PIA’.

1965 520 2367 590 ignorantiam
2394 528 2450 578 et
2478 523 2837 594 imperitiam
2868 521 3149 576 inducere
3175 520 3202 574 ‘2
3227 520 3390 576 Asini
3417 525 3620 579 autem

1968 610 2436 682 maxillatriplici
2458 618 2690 668 scatens
2708 608 3085 665 immunditia
3105 610 3415 682 quomodo
3444 610 3622 666 defea.

1969 704 2115 754 catae
2135 704 2192 756 et
2210 701 2486 772 potabilis
2504 717 2678 772 aqum
2697 700 3086 769 scaturigines
3107 700 3323 755 sitienti
3344 703 3620 758 Nazaraao

1971 789 2417 859 suppeditabat,
2450 807 2581 862 qua:
2621 789 2871 862 paribus
2917 789 3278 861 impuritatis
3315 789 3620 845 miraculis

1970 876 2374 934 illustrabatur
2394 879 2422 933 ?
2452 895 2520 935 os
2551 878 2711 936 enim
2739 878 2850 933 fuit
2871 878 3077 947 assini,
3118 885 3174 932 et
3196 878 3442 949 quidem
3466 878 3620 934 asini

1973 967 2210 1031 mortui,
2265 973 2322 1023 et
2385 969 2580 1024 adhuc
2635 968 2822 1033 tertio,
2886 967 3046 1022 necis
3101 967 3618 1024 instrumentum:

1972 1070 2094 1110 non
2125 1061 2326 1112 autem
2358 1073 2388 1112 e
2418 1057 2611 1112 vicina
2649 1063 2799 1112 terra
2842 1072 3049 1128 aqueaa
3089 1056 3501 1113 distillationes
3532 1057 3623 1112 in-

1974 1143 2331 1201 sensibiliter
2359 1162 2426 1201 os
2448 1145 2593 1202 illud
2621 1144 3096 1201 madefaciebant
3124 1160 3136 1200 :
3170 1144 3274 1200 sed
3300 1145 3413 1201 viri
3442 1145 3623 1202 bella-

1973 1233 2114 1288 toris
2147 1250 2320 1290 arma
2349 1241 2552 1290 contra
2590 1234 2836 1290 hostiles
2873 1233 3128 1290 insultus
3171 1234 3572 1291 adhibebatur
3603 1250 3618 1290 :

1973 1325 2200 1378 tantam
2231 1339 2372 1379 vero
2401 1341 2694 1396 aquarum
2732 1323 3156 1394 scaturiginem
3187 1323 3382 1388 edidit,
3419 1328 3482 1378 ut
3518 1324 3622 1395 qui

1974 1416 2110 1482 post
2151 1412 2329 1468 talem
2373 1413 2884 1484 defatigationem,
2917 1419 2972 1468 et
3014 1412 3300 1480 laborem,
3343 1420 3399 1467 et
3435 1413 3494 1468 in
3521 1411 3622 1468 tali

1972 1501 2256 1572 temporis
2277 1501 2575 1572 exigentia
2591 1503 2791 1567 sitiret,
2815 1501 3169 1570 abundanti,
3187 1501 3370 1565 varia,
3390 1506 3448 1556 et
3469 1500 3622 1557 ultra

1972 1591 2381 1646 necessitatem
2396 1607 2691 1662 aquarum
2713 1590 3255 1662 copiairrigaretur.
3293 1593 3356 1646 Et
3377 1591 3621 1662 quidem

1973 1679 2274 1736 talismodi
2303 1679 2590 1734 miraculo
2629 1695 2696 1735 os
2734 1679 3014 1736 animalis
3054 1679 3275 1750 impuri
3305 1685 3361 1735 et
3400 1678 3619 1738 mortui

1320 1786 1332 1798 °
1383 1774 1488 1826 τοῖς
1538 1770 1638 1839 γὰρ
1705 1771 1861 1839 ὄνομα

1974 1769 2493 1827 subministrativit
2516 1790 2527 1828 :
2545 1787 2652 1826 nec
2665 1773 2998 1843 quinquam
3013 1769 3154 1826 inde
3173 1769 3509 1826 detrimenti
3522 1785 3622 1825 ao-

1969 1866 2272 1932 ceperunt,
2301 1860 2402 1932 qui
2429 1876 2648 1920 nomen
2681 1859 2858 1915 fontis
2885 1858 3139 1915 maxillae
3161 1858 3312 1914 asini
3339 1857 3619 1928 detulere,

1969 1953 2027 2004 et
2056 1948 2274 2004 abinde
2321 1948 2538 2004 sitienti
2568 1949 2791 2004 fluenta
2830 1949 3064 2003 dedere.
3109 1950 3272 2005 Certe
3311 1946 3359 2001 si
3399 1946 3499 2016 qui
3538 1945 3622 2002 ita

1968 2037 2288 2101 afﬁrmant,
2329 2037 2504 2107 longe
2535 2054 2572 2094 a
2603 2037 2794 2093 littera
2835 2036 3259 2107 investigantes
3289 2035 3574 2092 recedunt
3603 2050 3617 2101 ;

1965 2126 2188 2198 quibus
2213 2143 2325 2195 ego
2347 2126 2537 2182 libens
2560 2141 2678 2184 non
2702 2125 3002 2181 adhibebo
3025 2141 3406 2189 consensum,
3431 2140 3616 2196 quan-

1965 2217 2067 2270 diu
2086 2215 2528 2286 paradoxorum
2543 2231 2791 2286 Operum
2809 2214 2958 2269 tides
2979 2213 3372 2285 prasvaluerit.
3390 2215 3455 2269 Et
3470 2213 3619 2284 quid

1965 2321 2118 2377 opus
2149 2306 2239 2360 bis
2263 2305 2480 2360 similia
2501 2319 2853 2360 enumerare
2873 2304 2901 2357 Ῥ
2933 2303 3046 2358 fere
3068 2304 3226 2359 enim
3256 2319 3360 2376 per
3390 2303 3618 2359 univero

1967 2411 2096 2448 sam
2117 2394 2265 2463 legis
2284 2395 2644 2465 Scripturam
2664 2393 2959 2465 ejusmodi
2977 2392 3457 2464 speculationum
3477 2391 3616 2448 aani-

1967 2483 2361 2552 gmaticarum
2400 2488 2718 2554 tempestas
2757 2481 3108 2538 diffunditur
3141 2498 3155 2537 :
3195 2482 3298 2538 sed
3335 2481 3502 2554 quod
3538 2481 3617 2538 ab

1967 2571 2134 2627 initio
2171 2571 2313 2636 dixi,
2355 2576 2600 2643 propter
2647 2571 2776 2626 hinc
2823 2577 2879 2626 et
2941 2570 3175 2640 similia,
3237 2571 3474 2642 sapiens
3520 2568 3617 2625 ille

1967 2659 2264 2730 legislator
2301 2666 2502 2730 aperte
2531 2659 2774 2725 indicat,
2806 2659 2973 2732 quod
3011 2659 3177 2716 aliter
3212 2660 3403 2715 littera
3432 2674 3618 2730 appa-

1969 2757 2164 2805 renter
2194 2749 2474 2819 suggerit,
2517 2755 2805 2821 tanquam
2849 2749 3252 2806 velamentum
3283 2748 3616 2804 obductum

1967 2838 2424 2893 abseuratarum
2472 2837 2974 2909 speculationum,
3027 2837 3197 2894 aliter
3253 2837 3496 2908 spiritus
3553 2837 3618 2892 in

1971 2925 2328 2982 abscondito
2380 2927 2583 2982 divina
2635 2927 2971 2998 sapientia:
3031 2942 3219 2998 aquo
3263 2926 3513 2980 Iudaica
3563 2929 3618 2986 et

1968 3015 2242 3072 haeretica
2273 3015 2590 3071 multitudo
2619 3015 2896 3070 excidens
2934 3015 3183 3085 longum
3220 3019 3279 3072 et
3314 3012 3619 3070 difficilem

1554 3105 1612 3163 ἧς
1674 3107 1703 3162 ἡ
1761 3112 1859 3155 τῶν
1888 3128 1930 3186 C
1969 3120 2229 3162 errorem
2255 3119 2451 3161 errare
2482 3120 2602 3161 non
2629 3103 2843 3160 desinit
2867 3103 3086 3161 adhuc.

2116 3461 2437 3528 QUESTIO
2468 3461 2625 3516 CXIV
2657 3458 2858 3530 [ϐοίει.
2889 3465 2938 3514 et
2973 3459 3153 3515 Taur.
3191 3453 3480 3529 CXXXVI].

419 3575 572 3625 Edita
597 3589 630 3626 a
656 3575 995 3632 Montacutio,
1029 3590 1110 3640 ep.
1135 3577 1243 3635 228,
1274 3575 1617 3635 adArsabcr.,
1648 3580 1861 3690 ρῂὲὶῗᾶξ

1729 3655 1760 3690 a
1829 3656 1860 3690 I.

1997 3576 2405 3688 Desggnorantia
2433 3575 2536 3626 diei
2557 3579 2609 3625 et
2631 3575 2774 3625 hora:
2792 3555 3009 3638 judicii.
3047 3573 3212 3628 Marc.
3247 3575 3353 3630 xm,
3378 3572 3472 3630 32;

1974 3656 2038 3690 ιν.
2134 3677 2146 3690 .

1729 3655 1860 3690 attn.
1897 3656 2038 3698 xxw,
2067 3655 2146 3696 eo,

338 3755 413 3807 Οὐ
471 3754 660 3814 πολλὴν
711 3775 803 3831 μοι
856 3751 1002 3809 δοκεῖ
1030 3759 1123 3814 τὴν
1158 3749 1473 3829 δυσχέρειαν
1526 3760 1686 3830 ἔχειν,
1744 3760 1864 3834 ὅπερ

260 3865 354 3898 σοι
396 3844 605 3912 πολλὴν,
643 3847 713 3906 ὡς
757 3847 988 3918 γράφεις,
1042 3845 1241 3917 ἐμποιεῖ
1292 3850 1382 3904 τὴν
1433 3844 1668 3920 ἀπορίαν·
1731 3857 1868 3923 πρὼ-

256 3955 347 3988 τον
397 3937 486 4007 μὶν
533 3937 656 4008 γὰρ,
713 3932 760 3986 ἕν
815 3932 1085 4008 ἀνθρώπου
1151 3937 1300 4006 φύσει
1350 3941 1438 3986 καὶ
1482 3943 1650 4010 μορφῇ
1708 3955 1865 4007 πεφη-

255 4027 380 4094 νὼς,
426 4023 452 4073 ό
489 4021 536 4073 ἐν
593 4030 764 4096 μορφῇ
838 4030 930 4074 τοῦ
1007 4030 1140 4075 Θεοῦ
1203 4027 1292 4073 καὶ
1360 4027 1554 4098 Πατρός
1613 4025 1865 4098 ὑπάρχων

255 4114 397 4176 Υἱός,
462 4113 526 4171 ὡς
587 4113 852 4187 ἄνθρωπος
913 4113 979 4163 τά
1015 4111 1180 4163 πολλά
1234 4117 1338 4171 τοῖς
1390 4113 1650 4183 μαθηταῖς
1701 4117 1866 4164 συνὼν

259 4199 541 4273 διελέγετο,
603 4205 694 4258 τὴν
754 4201 870 4253 καθ’
929 4202 1068 4273 ἡμᾶς
1126 4203 1279 4273 φύσιν
1333 4198 1599 4253 ἀναλαϐεῖν
1646 4201 1664 4256 .i
1710 4199 1867 4254 ἐνδει-

255 4294 523 4363 κνύμενος.
589 4294 687 4344 Καὶ
745 4294 794 4342 τί
849 4291 950 4362 γὰρ
1011 4290 1222 4362 ἄπορον,
1277 4292 1362 4340 τὸν
1431 4298 1708 4357 κοπιῶντα,
1777 4296 1865 4342 καὶ

260 4377 532 4455 ἰδροῦντα,
581 4384 670 4430 καὶ
715 4379 856 4451 ὕπνῳ
905 4375 1370 4450 διαναπαυόμενον,
1422 4376 1620 4452 βρώσει
1669 4398 1721 4431 τε
1776 4384 1864 4430 καὶ

258 4475 434 4534 πόσει,
466 4473 558 4526 τὴν
610 4477 701 4521 τοῦ
754 4475 992 4542 σωματος
1045 4470 1218 4540 φύσιν,
1251 4471 1308 4521 τὸ
1342 4467 1453 4520 ὅλον
1506 4467 1682 4534 εἰπεῖν,
1738 4487 1863 4520 συν-

257 4565 455 4631 έχοντα
509 4559 751 4633 ῥέουσαν,
807 4565 987 4611 τοῦτον
1020 4553 1087 4615 δὴ
1125 4565 1326 4623 τοῦτον,
1381 4562 1470 4610 καὶ
1521 4559 1731 4630 ἄγνοιαν
1773 4566 1866 4619 τῆς

255 4645 551 4723 μελλούσης
626 4649 821 4724 ἡμέρας
903 4642 1280 4718 ἀναδέχεσθαι,
1362 4651 1450 4699 καὶ
1525 4652 1580 4699 τό
1663 4651 1865 4722 μέτρον,

258 4741 436 4813 ὥσπερ
491 4734 557 4795 δὴ
620 4746 720 4791 τῶν
772 4737 954 4808 ἀλλων,
989 4737 1123 4788 οὕτω
1169 4732 1228 4788 δὲ
1259 4741 1346 4788 καὶ
1400 4745 1492 4798 τῆς
1547 4735 1866 4812 ἀνθρωπίνης

258 4834 522 4901 γνώσεως,
606 4825 891 4900 ἐξυϐρίζειν
951 4825 1044 4878 ούκ
1104 4823 1386 4899 ἀνέχεσθαι
1437 4841 1450 4892 ;
1501 4829 1570 4887 ὼς
1617 4829 1706 4898 μὲν
1764 4829 1864 4902 γὰρ

261 4920 595 4990 Δημιουργὸς
671 4917 910 4968 ἁπάντων
961 4921 1049 4970 καὶ
1106 4919 1236 4977 Θεὸς
1311 4917 1513 4968 ἅπαντα
1573 4935 1645 4989 τῳ
1699 4918 1867 4992 ῙΙατρὶ

265 5011 398 5079 συνῂ
410 5003 489 5058 det
545 5023 557 5036 '

260 5115 468 5149 πονσαν
500 5097 729 5169 ἄγνοιαν,
764 5095 821 5147 ού
851 5097 940 5168 μὲν
989 5093 1076 5148 οὖν
1130 5093 1223 5145 οὐκ
1272 5093 1464 5151 ὴθέτει.
1516 5092 1608 5155 Ὃς
1661 5096 1762 5168 γὰρ
1797 5091 1864 5152 δὴ

613 5008 680 5067 ὡς
729 5007 999 5080 ἄνθρωπος
1031 5001 1108 5077 δὲ,
1153 5001 1275 5057 οὐδὲ
1309 5009 1397 5064 τὴν
1428 5003 1718 5077 ἀνθρώποις
1750 5007 1865 5080 πρέ-

261 5189 325 5238 τό
385 5185 495 5236 ὅλον
564 5184 721 5237 είλετο
776 5183 969 5248 λαϐεῖν,
1023 5192 1130 5235 πῶν
1183 5183 1231 5234 ἓν
1279 5201 1329 5234 τι
1381 5190 1482 5234 τῶν
1533 5187 1652 5254 περὶ
1710 5182 1868 5235 ίκείνο

261 5279 613 5348 παρῃτήσατο
650 5279 722 5348 μὴ
774 5271 946 5326 λαϐεῖν
994 5273 1023 5334 ἦ
1079 5277 1152 5344 μὴ
1203 5273 1526 5325 πιστοῦσθαι
1597 5273 1677 5324 ὃτι
1739 5291 1870 5345 παρ-

2047 3761 2174 3813 Non
2201 3756 2434 3812 videtur
2465 3755 2610 3812 mihi
2641 3770 2926 3824 magnam
2965 3752 3184 3809 habere
3214 3751 3629 3808 difﬁcultatem

1976 3845 2140 3918 quod
2181 3845 2303 3909 tibi,
2344 3846 2424 3899 uti
2461 3844 2688 3906 scribis,
2721 3839 3150 3897 dubitationem
3180 3840 3504 3914 plurimam
3543 3839 3630 3896 af-

1977 3935 2086 3989 fert
2115 3954 2126 3992 :
2153 3934 2423 4005 inprimis
2451 3933 2496 3986 si
2529 3933 2588 3986 in
2619 3937 2832 3986 natura
2858 3937 2915 3987 et
2938 3931 3136 3987 forma
3155 3931 3424 3986 humana
3451 3945 3636 4002 appa-

1976 4024 2112 4088 ruit,
2153 4021 2275 4094 qui,
2320 4037 2456 4076 cum
2497 4020 2671 4075 Filius
2711 4026 2882 4086 esset,
2926 4025 3052 4076 erat
3099 4020 3158 4074 in
3206 4020 3394 4075 forma
3437 4019 3536 4074 Dei
3575 4023 3632 4075 et

1978 4111 2159 4168 Patris
2186 4127 2198 4165 :
2231 4110 2491 4166 uthomo
2519 4126 2656 4165 cum
2679 4109 2988 4182 discipulis
3002 4124 3252 4164 versans
3279 4107 3628 4174 disserebat,

1975 4205 2241 4256 nostram
2271 4199 2328 4254 in
2357 4216 2418 4255 se
2450 4205 2726 4255 naturam
2755 4199 3088 4271 suscepisse
3115 4197 3452 4254 ostendens.
3479 4196 3634 4262 Quid

1976 4289 2036 4344 in
2077 4305 2146 4345 eo
2187 4289 2440 4345 dubium
2495 4295 2598 4356 est,
2656 4287 2821 4343 illum
2872 4287 2978 4362 qui
3029 4285 3490 4356 defatigabatur,
3530 4285 3636 4358 qui

1978 4377 2250 4444 sudabat,
2307 4379 2409 4452 qui
2463 4393 2674 4434 somno
2732 4375 3161 4450 requiescebat,
3216 4376 3320 4448 qui
3373 4375 3508 4430 cibo
3564 4390 3636 4432 ac

1977 4474 2116 4542 potu
2147 4468 2412 4540 corporis
2438 4474 2737 4532 naturam,
2785 4472 2841 4521 ut
2873 4470 3062 4521 totum
3093 4464 3257 4537 quod
3288 4469 3375 4520 est
3406 4464 3627 4530 dicam,

1974 4558 2238 4614 ﬂuxilem
2271 4557 2568 4624 ﬁrmabat,
2593 4557 2756 4614 hunc
2774 4556 3176 4627 ignorantiam
3203 4553 3319 4610 dici
3335 4553 3544 4626 judicii
3572 4553 3635 4608 in

1978 4665 2038 4704 se
2063 4649 2418 4721 suscepisse,
2449 4654 2504 4704 et
2527 4662 2896 4715 mensuram,
2929 4645 3013 4701 uti
3039 4649 3096 4701 et
3132 4648 3506 4709 caeterorum,
3550 4641 3635 4698 ita

1978 4744 2033 4794 et
2060 4739 2344 4794 humana:
2363 4735 2735 4807 cogitationis
2753 4735 3015 4791 noluisse
3039 4733 3392 4807 pudefacere
3411 4733 3438 4788 ?
3471 4733 3635 4788 Certe

1979 4827 2333 4883 utConditor
2348 4827 2620 4882 omnium
2644 4841 2714 4881 ac
2737 4827 2890 4881 Deus
2917 4823 3121 4880 omnia
3138 4839 3274 4878 cum
3299 4825 3463 4877 Patre
3487 4819 3634 4876 scie-

1977 4915 2118 4984 bat;
2144 4921 2202 4972 at
2221 4922 2507 4988 tanquam
2531 4916 2712 4971 homo
2733 4915 3065 4972 humanam
3085 4929 3121 4969 a
3143 4929 3204 4968 se
3224 4910 3632 4984 ignorantiam

1979 5021 2101 5061 non
2133 5005 2352 5077 rejecit.
2383 5008 2532 5060 Nam
2565 5005 2667 5078 qui
2701 5010 2891 5060 totum
2922 5004 3204 5072 dignatus
3235 5007 3320 5057 est
3346 5001 3632 5073 recipere,

1978 5094 2284 5168 quomodo
2320 5111 2504 5148 unum
2529 5092 2753 5165 aliquid
2781 5109 2986 5148 eorum
3019 5091 3361 5161 abnegaret,
3396 5106 3504 5146 nec
3531 5106 3634 5146 ac-

1980 5183 2219 5255 ciperet,
2245 5188 2346 5236 aut
2376 5181 2477 5236 ubi
2505 5181 2854 5251 accepisset,
2888 5179 3186 5252 accepisse
3219 5195 3339 5234 non
3367 5180 3634 5235 credere-

1979 5276 2072 5328 tur
2098 5274 2127 5324 ‘2
2157 5271 2426 5327 Secundo
2455 5270 2502 5325 si
2525 5270 2662 5343 quis
2690 5268 2904 5326 dixerit
2928 5275 3188 5326 mentem
3205 5274 3261 5325 et
3277 5269 3632 5326 sententiam

1633 5434 1864 5489 VARI/1‘3
1907 5431 2194 5488 LECTION
2202 5433 2280 5487 ES

338 5637 365 5680 8
393 5624 454 5681 C.
502 5624 576 5681 M.
633 5628 778 5694 κόπῳ
835 5627 940 5696 καίΔ
980 5617 1184 5696 ἱδρῶτι.

262 5703 361 5757 τὴν
392 5697 510 5750 καθ’
544 5699 680 5769 ἡμας
710 5693 865 5768 φύσιν
897 5693 1097 5758 ἀληθῶς
1121 5693 1436 5767 ἀναλαϐοῖν,.

1283 5621 1425 5700 ὶξῖσ.
1476 5621 1810 5700 εύμοιρῆσαι.
1867 5623 1924 5680 C.
1972 5622 2042 5678 Μ.
2085 5621 2382 5695 ἐμοιρῆσαι,
2467 5621 2574 5678 ίΟ.
2629 5623 2698 5676 Μ.
2752 5619 2956 5684 πληθύς
3009 5619 3332 5675 ἐκπεσοῦσα.
3412 5620 3426 5664 Ι
3469 5621 3530 5677 C.
3582 5616 3631 5676 Μ
