4136 6198
551 289 654 343 6ῖ1

1763 281 2001 338 PHOTll
2039 279 2518 337 PATRIABCHE
2557 283 2665 341 CP.

3807 287 3927 342 672

551 411 844 466 dictorum
891 407 1271 479 rejectionem
1328 407 1642 478 respicere,
1703 407 1784 464 ita
1831 413 1894 464 ut
1945 405 2196 463 noluerit

2311 409 2429 477 ἐχοι
2457 409 2485 450 k
2514 405 2682 460 λαϐὼν
2709 425 2722 474 ;
2757 409 2994 482 Δεύτερον
3027 405 3104 473 δε,
3137 406 3234 461 κᾶν
3283 407 3354 471 εἰς
3390 406 3643 468 ἀναϐολὴν
3682 414 3771 462 τὸν
3800 421 3926 464 νοῦν

549 515 682 554 eam
711 498 868 552 diem
886 496 1192 566 discipulis
1208 495 1490 562 revelare,
1517 503 1828 568 propterea
1853 497 2019 570 quod
2051 496 2199 552 scire

551 605 651 643 eos
682 603 803 642 non
833 589 955 640 erat
991 586 1148 650 utile,
1190 601 1264 640 ne
1302 591 1431 642 haec
1470 587 1716 658 quidem
1755 587 1906 643 ratio
1935 603 1971 642 a
2008 586 2200 659 provi-

550 677 753 733 dentia
800 675 858 730 in
912 673 1184 729 homines
1233 673 1433 731 divina
1491 675 1814 732 abhorret:
1866 675 2199 732 methodice

548 772 748 822 autem
787 763 1124 835 disponitur
1162 780 1268 836 per
1315 763 1742 830 oeconomiam,
1779 781 1912 837 qum
1963 781 2086 836 prs:
2136 779 2199 819 se

549 853 656 911 fert
701 854 1121 923 ignorantiam,
1158 858 1213 908 et
1264 853 1509 909 minime
1559 853 1904 921 intelligere,
1944 869 2017 908 ne
2057 869 2200 908 mm-

548 961 680 1002 rore
696 941 1019 1015 discipulos
1051 941 1328 1007 afﬁceret,
1346 944 1448 1014 qui
1471 943 1900 999 desiderabant
1926 942 2006 1007 id,
2035 942 2200 1014 quod

547 1034 923 1104 ignorabant,
957 1032 1300 1102 intelligere.
1329 1034 1494 1088 Certe
1526 1033 1920 1100 incongruum
1948 1037 2074 1087 erat
2102 1031 2202 1087 illa

547 1123 715 1189 scire,
757 1138 892 1195 quae
925 1126 1160 1192 tempus
1199 1119 1346 1175 illud
1378 1126 1545 1176 erant
1571 1137 1957 1191 praecessura,
1991 1125 2047 1176 et
2077 1125 2198 1175 tam

547 1217 818 1268 accurate
870 1210 972 1265 illa
1010 1225 1347 1281 exponere:
1404 1211 1616 1266 horam
1658 1227 1798 1266 vero
1855 1211 2049 1282 ipsam
2089 1209 2200 1265 illis

546 1301 972 1367 adhaerentem,
999 1315 1133 1371 quae
1166 1315 1306 1371 pars
1329 1300 1676 1354 eorumdem
1701 1299 2048 1355 brevissima
2071 1298 2194 1363 fuit,

546 1406 669 1446 non
709 1404 1092 1459 cognoscere.
1149 1391 1263 1443 Nec
1311 1388 1440 1443 ﬁeri
1495 1393 1686 1461 potest
1725 1393 1786 1443 ut
1845 1405 1939 1444 res
2001 1387 2202 1457 aliqua

545 1478 800 1534 existens
851 1477 1122 1533 animum
1177 1477 1446 1531 divinum
1503 1483 1559 1532 et
1605 1493 1787 1549 quem
1832 1476 2012 1532 latere
2056 1475 2202 1531 nihil

545 1573 758 1640 potest,
797 1567 1012 1631 lateat;
1062 1581 1169 1620 nec
1207 1565 1335 1620 ﬁeri
1387 1569 1602 1636 potest,
1644 1571 1708 1620 ut
1753 1565 2200 1620 obvenientium

546 1675 766 1724 rerum,
799 1664 854 1713 et
883 1657 1192 1724 obventus,
1227 1665 1282 1712 et
1307 1658 1694 1713 connexionis
1725 1674 1974 1714 causam
2002 1658 2199 1727 cogni-

547 1752 670 1804 tam
709 1746 965 1810 habeat;
1007 1753 1246 1817 tempus
1283 1751 1482 1801 autem
1523 1745 1891 1801 destinatum
1934 1751 1994 1800 ut
2025 1761 2194 1802 suam

548 1851 840 1907 superans
859 1834 1311 1905 conceptionem
1333 1834 1562 1903 ignoret
1586 1851 1599 1900 ;
1624 1834 1906 1907 utjudicii
1939 1839 2200 1906 potestas

547 1923 628 1979 illi
676 1924 1054 1988 concedatur,
1115 1943 1138 1973 (ι
1189 1926 1355 1978 Pater
1402 1923 1586 1988 enim,
1640 1923 1851 1995 inquit,
1895 1921 2198 1978 neminem

543 2013 790 2085 judicat,
825 2013 928 2068 sed
958 2028 1137 2068 omne
1160 2012 1455 2083 judicium
1497 2013 1639 2068 Filio
1678 2012 1843 2069 dedit
1872 2013 1939 2078 ⁸ο,
1978 2033 2001 2063 »
2036 2012 2199 2068 horm

549 2109 750 2160 autem
778 2102 1040 2166 scientia,
1070 2109 1125 2157 et
1154 2102 1454 2169 discretio,
1497 2102 1851 2174 sapientiam
1893 2101 2020 2172 ejus
2051 2100 2202 2156 etfu-

547 2194 670 2264 giat
694 2201 749 2249 et
787 2193 1143 2249 dominium.
1189 2192 1300 2248 Sed
1340 2193 1442 2264 qui
1482 2207 1594 2260 ego
1632 2192 1760 2248 haec
1799 2190 1894 2247 hic
1935 2205 2202 2246 comme-

546 2299 716 2339 moro
738 2282 765 2337 ?
796 2287 884 2337 An
905 2282 953 2336 is
970 2281 1073 2353 qui
1105 2285 1333 2337 Patrem
1357 2282 1437 2336 ita
1468 2280 1646 2348 videt,
1675 2296 1744 2336 ac
1773 2283 1937 2336 Pater
1966 2278 2198 2344 Filium,

545 2371 704 2428 diem
731 2377 788 2426 et
807 2371 1041 2434 horam,
1074 2369 1394 2442 particulas
1425 2369 1724 2440 quasdam
1754 2367 1924 2424 facile
1952 2368 2202 2423 circum-

545 2459 906 2523 scribendas,
927 2458 1209 2527 ignorat?
1234 2460 1405 2521 Sane,
1424 2463 1579 2527 patet
1599 2457 1764 2528 quod
1784 2461 1851 2522 is,
1876 2457 1980 2528 qui
1997 2457 2202 2512 omnia

547 2547 766 2603 sciebat
798 2547 1146 2617 priusquam
1175 2551 1392 2610 essent,
1419 2562 1554 2600 cum
1595 2545 1666 2599 sit
1698 2545 1879 2600 Patris
1910 2545 2200 2615 sapientia

544 2635 778 2692 interna
808 2634 1160 2700 subsistens,
1202 2635 1306 2705 qui
1344 2635 1546 2689 omnia
1587 2633 1849 2705 possidet
1885 2649 2021 2712 quae
2061 2637 2203 2688 sunt

544 2723 750 2793 Patris,
803 2723 911 2777 nisi
973 2721 1136 2794 quod
1198 2723 1515 2790 ingenitus,
1578 2729 1639 2776 ut
1689 2725 1876 2789 Pater,
1935 2737 2056 2776 non
2107 2722 2197 2784 sit,

543 2813 793 2869 istorum
833 2811 1230 2881 ignorantiam
1263 2826 1385 2866 non
1415 2809 1620 2866 habuit
1652 2825 1666 2865 :
1695 2809 1800 2865 sed
1832 2809 1993 2880 quod
2023 2810 2198 2866 disci-

543 2901 718 2974 pulos
747 2901 896 2956 scirc
927 2916 1044 2956 non
1069 2907 1438 2971 congrueret,
1464 2899 2016 2971 comperendinavit
2037 2914 2198 2954 reve-

544 2991 826 3047 lationem
853 2995 909 3046 et
935 2989 1242 3045 scientiam
1266 3005 1647 3044 communem
1681 3005 1818 3044 cum
1847 2991 2031 3058 Patre,
2063 3003 2199 3060 quae

2311 504 2409 547 τῶν
2441 497 2716 570 εἰρημένων
2749 497 2854 573 ἐρεῖ
2900 518 2978 560 τις
3034 499 3250 574 ἁφορᾴν,
3306 502 3482 551 καὶτὸ
3513 504 3583 572 μὴ
3631 498 3928 572 βούλεσθαι

2309 592 2413 644 τοῖς
2443 589 2706 658 μαθηταῖς
2762 587 2940 656 εἰπεῖν,
2972 588 3099 660 οἷπερ
3131 588 3310 649 αὑτοῖς
3343 587 3437 640 ούκ
3485 590 3548 646 ἧν
3606 593 3735 650 τέως
3788 609 3930 661 συμ-

2311 677 2457 747 φέρον
2509 678 2708 747 μαθεῖν,
2745 673 2868 729 οὐδὲ
2916 684 3066 728 τούτο
3119 685 3208 737 τῆς
3257 676 3618 751 φιλανθρώπου
3671 684 3926 751 προνοίας

2309 765 2339 820 ἡ
2373 761 2591 834 μέθοδος
2640 773 2989 840 παραιτεῖται·
3018 762 3355 837 μεθοδεύοιτο
3410 763 3460 818 δ’
3506 768 3586 838 ἂν,
3641 765 3694 830 ἐξ
3725 767 3926 820 οἰκονο-

2310 857 2427 924 μίας
2483 856 2919 927 σχηματιζομένη
2987 860 3081 914 τὴν
3152 857 3383 926 οῐγνοιαν,

2312 938 2464 1004 δοξαι
2513 948 2581 1014 μὴ
2613 941 2824 1009 εἰδέναι,
2859 945 2984 1018 ὑπὲρ
3018 952 3110 996 τοῦ
3154 949 3224 1016 μὴ
3268 945 3443 997 λυπεῖν
3492 949 3615 1007 τούς
3654 949 3918 1018 μαθητὰς,

3462 861 3552 909 καὶ
3608 860 3667 909 τὸ
3727 858 3922 929 μᾶλλον

2310 1034 2368 1083 τὸ
2419 1030 2728 1104 ἐγνωσμένον
2779 1035 2961 1105 μαθεῖν
3018 1037 3320 1100 ζητοῦντας,
3354 1035 3466 1096 ,οὑκ
3500 1032 3916 1089 ἕκδιδάσκοντα·

2312 1119 2421 1172 ἐπεὶ
2451 1129 2560 1182 πῶς
2607 1121 2772 1184 ἄλλως
2824 1121 2883 1174 ἂν
2933 1125 3051 1194 ἔχοι
3089 1123 3259 1195 λόγον,
3289 1125 3355 1175 τά
3392 1127 3481 1195 μὲν
3530 1129 3632 1196 πρὸ
3659 1133 3754 1187 τῆς
3783 1129 3924 1200 ὧρας

2313 1205 2505 1260 εἰδέναι
2550 1229 2625 1278 τε,
2683 1216 2773 1263 καὶ
2832 1215 2926 1263 σὺν
2977 1211 3138 1284 πολλῇ
3201 1207 3478 1266 δίδασκειν
3526 1221 3589 1284 τῇ
3652 1212 3920 1288 ἀκριϐείᾳ,

2313 1297 2474 1355 αὐτὴν
2505 1294 2564 1350 δε
2593 1303 2686 1357 τὴν
2741 1302 2875 1369 ᾧραν
2933 1298 3133 1352 ἐκείνων
3164 1300 3440 1373 ἐχομένην,
3472 1307 3562 1353 καὶ
3600 1306 3658 1354 τὸ
3707 1302 3923 1377 βραχύο

2311 1406 2464 1439 τατον
2512 1392 2665 1461 μέρος
2721 1389 2904 1455 οὖσαν,
2957 1389 3050 1441 ούκ
3095 1390 3454 1461 ἐπιγινώσκειν
3487 1409 3502 1458 ;
3533 1400 3642 1453 πῶς
3684 1388 3735 1444 δ’
3775 1395 3839 1444 οἶν
3871 1415 3923 1446 τι

2310 1483 2410 1527 τῶν
2472 1479 2627 1528 ὄντων
2685 1480 2770 1528 τὸν
2825 1476 3080 1536 autem»
3135 1483 3224 1530 καὶ
3275 1480 3405 1531 θεῖον
3461 1475 3706 1532 διαλάθοι
3748 1489 3920 1548 vovi»;

2312 1565 2340 1622 ῆ
2372 1569 2482 1616 τίνα
2511 1564 2658 1637 λόγον
2698 1569 2836 1637 ἔχοι,
2877 1575 2975 1617 τῶν
3022 1569 3112 1638 μὲν
3169 1571 3539 1641 παραγομένων
3588 1569 3765 1637 αὑτὸν,
3827 1577 3922 1623 καὶ

2309 1661 2402 1715 τῆς
2431 1662 2774 1727 παραγωγῆς,
2807 1659 2897 1706 καὶ
2935 1663 3028 1718 τῆς
3078 1664 3334 1728 συνοχῆς,
3380 1661 3474 1714 τὴν
3529 1656 3705 1709 αἰτίαν
3749 1661 3919 1730 ἔχειν,

2242 1747 2400 1809 Βκαὶ
2437 1747 2531 1801 τὴν
2584 1752 2797 1814 γνῶσιν·
2840 1747 2926 1796 τὸν
2981 1741 3039 1796 δὲ
3085 1748 3266 1817 καιρὸν
3322 1749 3496 1816 μόνον,
3555 1747 3774 1818 κρείττω
3823 1757 3922 1810 τῆς

2310 1830 2501 1884 ἐκείνου
2546 1831 2905 1903 καταλήψεως,
2945 1834 3226 1905 ὑπάρχειν,
3280 1839 3370 1885 καὶ
3424 1842 3519 1894 τῆς
3565 1838 3657 1906 μὲν
3693 1840 3922 1910 κρίσεως

2310 1921 2464 1973 αὑτὸν
2496 1919 2824 1994 ἀνηρτῆσθαι
2855 1925 2912 1974 τὸ
2942 1925 3130 1994 κράτος
3162 1925 3216 1994 (ιι
3255 1923 3280 1974 6
3331 1927 3512 1997 Πατὴρ
3565 1927 3670 1997 γὰρ
3729 1923 3921 1978 οὐδένα

2309 2015 2491 2084 κρίνει,
2523 2016 2612 2068 τὴν
2645 2007 2703 2063 δε
2742 2015 2919 2085 κρίσιν
2949 2017 3122 2064 πᾶσαν
3181 2007 3381 2064 δέδωκε
3427 2019 3497 2082 τῷ
3545 2020 3651 2083 Υιῷ
3714 2017 3788 2084 ι),
3821 2023 3921 2076 τῆς

2310 2101 2447 2172 ὥρας
2481 2096 2539 2152 δε
2569 2104 2661 2157 τὴν
2689 2095 2994 2170 διάγνωσιν,
3050 2104 3140 2152 καὶ
3188 2105 3383 2173 κρίσιν,
3415 2105 3502 2158 τῆν
3534 2101 3696 2154 αὑτοῦ
3730 2108 3920 2174 σοφίαν

2308 2193 2398 2240 καὶ
2419 2193 2705 2261 κυριότητα
2731 2185 3028 2260 διαφεύγειν
3061 2206 3075 2255 ;
3129 2192 3228 2241 Καὶ
3275 2193 3326 2240 τί
3376 2197 3542 2241 ταῦτα
3592 2189 3723 2260 λέγω
3752 2206 3766 2256 ;
3800 2190 3920 2262 Ἆρ’

2310 2279 2335 2328 6
2365 2280 2450 2329 τὸν
2483 2282 2688 2350 Πατέρα
2728 2274 2896 2340 εἰδὼς,
2930 2278 3102 2349 ὥσπερ
3143 2279 3168 2329 6
3215 2281 3392 2350 Πατὴρ
3451 2280 3538 2330 τὸν
3587 2281 3730 2344 Υίὸν,
3790 2281 3918 2349 ἠμέ-

2309 2385 2402 2438 ραν
2433 2372 2521 2418 καὶ
2555 2371 2712 2438 ὤραν,
2752 2368 2916 2439 μικρά
2963 2385 3079 2418 τινα
3115 2371 3204 2417 καὶ
3261 2365 3629 2441 εύπεριόριστα
3681 2364 3921 2425 διαστῆ-

2309 2475 2470 2526 ματα,
2525 2453 2875 2525 ἀγνοήσει;ῆ
2930 2450 3107 2520 δῆλον,
3170 2457 3240 2514 ὡς
3292 2455 3386 2506 οὐκ
3438 2463 3610 2519 αὐτος,
3666 2457 3692 2507 6
3747 2476 3922 2508 παντα

2311 2540 2478 2608 εἰδὼς,
2533 2548 2622 2594 καὶ
2671 2547 2790 2615 πρὶν
2839 2543 3152 2608 ὑποστῆναι,
3208 2545 3238 2600 ἡ
3287 2543 3632 2604 ἐνυπόστατος
3671 2552 3762 2596 τοὺ
3811 2552 3919 2597 Πα-

2309 2636 2429 2705 τρος
2479 2636 2656 2703 σοφία,
2688 2633 2713 2682 6
2742 2633 2911 2683 πάντα
2938 2633 3002 2683 τὰ
3042 2639 3133 2684 τοῦ
3189 2636 3392 2705 Πατρός
3439 2634 3596 2703 ἔχων,
3647 2633 3781 2691 πλὴν
3821 2644 3923 2696 τῆς

2311 2720 2639 2792 ἀγεννησίας,
2691 2719 2748 2772 ού
2829 2722 2917 2792 μὲν
2985 2716 3072 2772 οὑν
3149 2717 3271 2772 ούδε
3341 2728 3440 2772 τῶν
3496 2724 3744 2773 τοιούτων
3821 2728 3919 2780 τῆν

2309 2812 2519 2880 οἶγνοιαν
2551 2805 2692 2880 εἶχεν
2730 2825 2742 2837 ·
2778 2807 2906 2859 ἀλλά
2957 2816 3066 2868 τοῖς
3105 2811 3371 2880 μαθηταῖς
3415 2807 3714 2881 ἀσύμφορον
3754 2807 3919 2862 οὖσαν

2308 2900 2701 2971 ὑπερτιθέμενος
2747 2901 2839 2955 τὴν
2903 2905 3095 2968 γνῶσιν
3160 2903 3337 2956 κοινὴν
3405 2897 3460 2949 ἐκ
3530 2897 3921 2970 φιλανθρωπίας

2307 2992 2401 3045 τὴν
2483 2988 2694 3058 οἶγνοιαν
2753 2985 2995 3054 ἐποιεῖτο,
3053 2991 3144 3038 καὶ
3190 2991 3322 3061 πρὸς
3374 2990 3431 3039 τὸ
3495 2986 3688 3039 ἄλυπον
3740 2987 3920 3047 αύτοῖς

542 3085 663 3135 erat
694 3078 1119 3145 misericordia,
1155 3078 1556 3147 ignorantiam
1601 3077 1755 3144 fecit,
1785 3081 1840 3133 et
1877 3093 1949 3132 ne
1981 3078 2196 3132 contri-

2311 3072 2659 3129 συνδιετίθετο
2700 3079 2793 3132 τὴν
2839 3073 3140 3146 ἀπολογίαν.
3195 3081 3378 3149 Τρίτον
3433 3073 3484 3128 δ’
3538 3074 3598 3126 ἆν
3655 3073 3791 3128 εἰδοι
3841 3096 3919 3135 τις

542 3173 854 3233 starentur,
899 3167 1242 3239 apologiam
1285 3184 1404 3223 una
1445 3171 1898 3222 commentatur.
1941 3166 2198 3221 Tertium

542 3256 878 3312 consideret
927 3257 1061 3328 quis
1106 3262 1162 3311 et
1219 3255 1384 3321 illud,
1437 3258 1598 3327 quod
1652 3272 1790 3310 cum
1846 3255 2018 3318 Patri,
2073 3259 2198 3310 tan-

541 3361 726 3417 quam
756 3361 953 3401 causae
986 3343 1156 3400 Filius
1198 3343 1658 3416 praerogativam
1702 3343 1968 3399 ascribat
2003 3360 2015 3398 :
2060 3359 2198 3399 con-

542 3433 699 3489 venit
740 3433 895 3490 enim
951 3433 1112 3502 Filio,
1164 3433 1264 3503 qui
1308 3437 1538 3488 Patrem
1596 3449 1778 3488 suum
1834 3433 2044 3502 diligit,
2104 3437 2200 3487 ut-

541 3526 679 3590 pote
736 3522 914 3577 totius
965 3520 1359 3577 ordinationis
1417 3527 1474 3576 et
1520 3526 1749 3576 naturae
1799 3519 2092 3591 operatori
2144 3526 2199 3576 et

540 3610 956 3682 dispensatori,
971 3626 1167 3665 causa:
1183 3609 1625 3680 prmeminentiis
1643 3609 1925 3664 honorare
1944 3609 2193 3673 Patrem,

539 3716 609 3756 ac
646 3698 730 3754 sic
773 3699 885 3753 dici
916 3698 1069 3753 illius
1110 3703 1166 3753 et
1199 3699 1362 3752 horae
1409 3697 1837 3765 cognitionem,
1885 3703 1944 3752 ut
1979 3702 2035 3752 et
2078 3696 2198 3753 alia

541 3788 748 3857 multa,
787 3788 982 3844 eidem
1020 3787 1320 3843 ascribere
1353 3807 1365 3845 :
1411 3802 1551 3851 non,
1604 3785 1664 3841 id
1695 3786 1855 3842 enim
1896 3787 2060 3842 nefas
2093 3793 2194 3856 est,

541 3878 800 3948 seipsum
839 3876 940 3932 illa
995 3877 1241 3932 scientia
1279 3876 1534 3948 privare,
1593 3879 1655 3930 ut
1692 3891 1798 3931 nec
1836 3874 1952 3930 alio
1992 3875 2195 3947 aliquo

539 3964 724 4034 digno
745 3964 1171 4021 ethonorando
1195 3979 1460 4028 munere,
1493 3980 1697 4018 verum
1726 3963 1889 4018 illum
1915 3963 2030 4018 sibi
2050 3979 2195 4035 prte-

535 4054 708 4120 ferre,
739 4055 818 4110 ita
849 4070 1026 4110 nemo
1075 4053 1191 4108 Filii
1237 4053 1462 4108 bonam
1509 4052 1956 4124 dispositionem
2005 4052 2066 4107 in
2105 4068 2195 4108 ar-

539 4149 892 4213 gumentum
934 4142 1105 4198 mala:
1151 4141 1360 4198 trahat.
1401 4142 1492 4198 Sic
1530 4142 1634 4214 qui
1673 4141 2074 4212 ignorantiam
2112 4141 2194 4197 illi

538 4225 787 4302 afﬁngit,
813 4237 869 4288 et
893 4231 1094 4288 litterae
1114 4231 1398 4297 adhaeret,
1430 4247 1547 4287 non
1568 4231 1862 4287 tenebitur
1880 4247 2015 4286 reus
2040 4230 2194 4287 blas-

536 4321 826 4392 phemia:
857 4327 1010 4378 certe
1029 4320 1299 4376 dictionis
1321 4326 1597 4376 accurata
1622 4322 1794 4385 ratio,
1830 4325 1888 4376 ut
1915 4320 2190 4392 deinceps

2308 3163 2512 3216 κάκεῖνο
2570 3165 2638 3222 ὡς
2685 3172 2753 3234 τῲ
2805 3167 2972 3234 Πατρὶ
3017 3159 3255 3223 διδοὺςό
3297 3167 3440 3231 Υίός,
3497 3167 3567 3225 ὡς
3619 3163 3794 3235 αἰτιῳ,
3857 3170 3921 3216 τα

2657 3257 2846 3326 Πρέπει
2895 3253 2995 3325 γὰρ
3055 3256 3158 3322 Υίῷ
3236 3251 3563 3328 φιλοπάτορι,
3624 3255 3802 3314 πασης
3866 3272 3919 3305 τε

2310 3346 2506 3414 φύσεως
2569 3346 2658 3393 καὶ
2705 3341 2945 3403 εὐταξίας
2993 3346 3305 3413 Δημιουργῷ
3351 3346 3440 3394 καὶ
3496 3344 3775 3414 νομοθέτῃ,
3829 3348 3920 3394 καὶ

2309 3252 2576 3326 πρεσϐεῖα.

2306 3439 2416 3492 τοῖς
2472 3440 2562 3490 τῆς
2610 3429 2776 3490 αἰτίας
2830 3435 3130 3501 προνομίοις
3175 3436 3330 3502 τιμᾴν
3386 3433 3472 3482 τὸν
3541 3435 3769 3502 Πατέρα,
3829 3437 3917 3483 καὶ

2306 3525 2403 3578 τὴν
2446 3528 2539 3581 τῆς
2585 3521 2777 3590 ἡμέρας
2826 3517 3022 3580 ἐκείνης
3067 3523 3155 3570 καὶ
3213 3521 3349 3593 ὥρας
3397 3528 3610 3590 γνῶσιν,
3675 3523 3811 3594 ὥπερ
3848 3517 3916 3579 δὲ

2305 3614 2396 3661 καί⁵
2447 3608 2577 3660 ἄλλα
2627 3607 2789 3660 πολλοὶ
2835 3605 3007 3678 ἐκείνῳ
3068 3609 3492 3680 προσανατίθησι
3521 3626 3532 3637 ·
3588 3608 3693 3679 οὐχ
3736 3609 3922 3661 ἑαυτὸν

2308 3698 2498 3770 (οῖπαγε
2546 3698 2583 3768 l)
2640 3699 2831 3757 ταύτης
2877 3696 3195 3772 ἀποστερῶν,
3249 3698 3324 3749 ὅτι
3375 3693 3506 3769 μηδ’
3560 3697 3717 3749 οὒ.λου
3775 3702 3917 3760 τινος

2304 3795 2404 3840 τῶν
2445 3791 2629 3858 τιμίων
2681 3805 2732 3838 τε
2797 3790 2887 3836 καὶ
2939 3785 3128 3850 καλῶν,
3187 3784 3294 3837 ἀλλ’
3355 3783 3540 3838 ἐκεῖνον
3600 3785 3694 3837 κάν
3746 3791 3914 3858 ταύτῃ

2303 3884 2587 3948 προτιμῶν·
2642 3879 2730 3927 καὶ
2782 3874 2841 3926 ού
2902 3871 3076 3933 δήπου
3129 3894 3206 3935 τις
3253 3879 3310 3927 τό
3351 3879 3609 3947 εὔγνωμον
3663 3882 3756 3927 τοῦ
3789 3879 3916 3926 Υίοῦ

2303 3967 2548 4018 ὑπόθεσιν
2603 3963 2975 4036 ἀγνωμοσύνης
3017 3968 3335 4035 ποιούμενος.
3379 3966 3506 4018 Εἶτα
3552 3970 3645 4022 τῆν
3696 3966 3914 4035 ἄγνοιαν

2302 4056 2596 4126 περιάπτων
2655 4053 2816 4124 αύτῷ,
2862 4055 3110 4127 καὶπρὸς
3155 4055 3250 4115 τὰς
3297 4061 3392 4114 τῆς
3441 4053 3615 4116 λέξεως
3655 4056 3913 4125 καταφεύ-

2301 4164 2404 4215 γων
2437 4147 2450 4189 1
2484 4141 2760 4211 συλλαϐὰς,
2794 4150 2889 4204 τῆς
2921 4141 3263 4214 βλασφημίας
3313 4141 3718 4199 ἀπολυθήσεται.
3770 4139 3912 4195 Οὑδε

2301 4235 2398 4305 γὰρ
2431 4229 2604 4290 ούδή
2651 4239 2746 4293 τῆς
2776 4231 2954 4294 λέξεως
3004 4230 3260 4305 ἀκρίϐεια,
3313 4234 3380 4293 ὡς
3440 4233 3656 4306 ὕστερον
3709 4229 3913 4284 ἐπιδει-

2299 4323 2580 4392 χθήσεται,
2615 4319 2820 4394 ἀφορμή
2852 4339 2989 4372 τισιν
3021 4320 3090 4382 εἰς
3135 4324 3192 4372 τὸ
3233 4325 3305 4393 μὴ
3358 4319 3641 4393 βούλεσθαι
3674 4324 3738 4372 τὰ
3782 4323 3913 4395 ὁρθά

535 4409 788 4478 docebo,
805 4425 924 4466 non
942 4409 1232 4482 prmbebit
1247 4408 1421 4465 alicui
1435 4408 1813 4465 occasionem
1827 4409 2017 4464 minus
2036 4413 2189 4464 recte

2304 4418 2495 4485 φρονεῖν
2544 4411 2946 4481 πορισθήσεται.
2998 4408 3058 4461 Εἰ
3112 4411 3212 4481 γὰρ
3283 4415 3372 4461 καὶ
3435 4414 3911 4482 συγκεχωρημένον

536 4499 846 4555 sentiendi.
884 4499 1040 4554 Licet
1071 4499 1224 4554 enim
1251 4514 1410 4554 nunc
1441 4515 1782 4554 concessum
1813 4498 1905 4563 sit,
1933 4497 2185 4554 litteram

531 4586 798 4644 indicare
816 4587 940 4644 Filii
962 4588 1384 4658 ignorantiam,
1411 4587 1556 4642 nihil
1574 4593 1770 4642 tamen
1800 4586 2070 4653 absurdi,
2089 4591 2190 4643 aut

531 4677 736 4750 pietati
759 4677 1146 4741 contrarium,
1169 4676 1373 4732 animo
1391 4682 1543 4731 recte
1561 4675 2024 4747 contemplante,
2051 4691 2190 4731 con-

532 4766 850 4824 stituamus
883 4783 898 4820 :
936 4765 1040 4821 sed
1070 4765 1388 4822 neclittera
1414 4764 1569 4819 favet
1592 4765 1660 4818 iis
1691 4764 1815 4836 qui,
1849 4769 1909 4818 ut
1932 4764 2184 4834 gloriam

528 4856 889 4912 imminuent
919 4854 1230 4924 Unigeniti,
1261 4854 1507 4909 adhiant
1537 4853 1714 4908 istam
1746 4853 2175 4925 ignorantiam.

531 4945 654 5012 Ego
677 4943 817 5008 scio,
850 4944 1074 5016 quippe
1092 4942 1195 5014 qui
1217 4941 1356 4998 olim
1377 4958 1516 4998 sene
1538 4941 1808 5014 quodam
1825 4942 2184 5012 theologiam

531 5032 798 5103 apprime
825 5032 1043 5088 sciente
1075 5031 1302 5099 utebar,
1336 5032 1438 5104 qui
1465 5048 1601 5087 cum
1630 5037 1902 5087 externas
1929 5031 2184 5105 discipli-

528 5135 640 5178 nas
669 5119 979 5188 fastidiret,
1024 5119 1098 5177 de
1128 5120 1403 5193 praesenti
1443 5120 1772 5193 quaestione
1811 5120 1988 5178 talem
2020 5121 2181 5178 insti-

604 5345 651 5381 δο
680 5347 852 5403 Joaa.
887 5360 943 5413 v,
977 5349 1066 5400 22.

2297 4507 2384 4550 νύν
2424 4503 2512 4559 τὰς
2562 4497 2722 4562 λέξεις
2784 4494 2975 4556 δηλοῦν
3022 4495 3219 4570 ἀγνοεῖν
3259 4502 3346 4551 τὸν
3396 4501 3534 4565 Υίον,
3587 4501 3726 4570 ὅμως
3758 4495 3910 4551 οὐδὲν

2297 4596 2396 4641 τῶν
2453 4585 2654 4640 ἀτόπων
2701 4605 3049 4660 παρεπομενον
3109 4586 3331 4650 εὐσεϐῶς
3387 4592 3470 4640 τὸν
3523 4596 3641 4640 νοῦν
3713 4590 3911 4662 θεωρή-

2299 4697 2474 4737 σαντες
2524 4682 2947 4750 παρεστησαμεν.
3002 4675 3138 4729 Ἀλλ’
3205 4672 3312 4743 οὖν,
3373 4673 3488 4729 οὐδ’
3537 4679 3593 4728 αἱ
3654 4676 3812 4739 λέξεις
3861 4697 3911 4728 τι

2295 4774 2611 4840 χαριοῦνται
2663 4773 2767 4826 τοῖς
2822 4763 2904 4817 ἐπὶ
2952 4767 3254 4836 καθαιρέσει
3307 4773 3403 4826 τῆς
3444 4762 3600 4828 δοξης
3655 4774 3747 4818 τοῦ
3804 4773 3908 4819 Μο-

2293 4864 2552 4927 νογενούς,
2605 4858 2697 4914 τὴν
2746 4855 2957 4926 ἄγνοιαν
3011 4860 3431 4929 περιχαίνουσιν.
3483 4856 3614 4926 Ἐγὼ
3678 4851 3738 4907 δὲ
3785 4852 3912 4907 οἶδα

2293 4945 2454 4998 πάλαι
2499 4947 2622 4997 ποτε
2649 4948 2852 5018 γέροντι
2885 4951 3025 5015 σοφῷ
3072 4946 3136 4997 τὰ
3183 4945 3293 4996 θεῖα
3324 4943 3666 5017 ἐνωμιληκώς,
3711 4946 3763 5004 ὃς
3794 4949 3911 4996 καί·

2292 5053 2375 5086 τοι
2427 5042 2526 5086 τῶν
2558 5046 2600 5074 m
2633 5032 2726 5096 ἔξω
2778 5033 3121 5106 θεωρημάτων
3177 5031 3368 5090 πολλὴν
3424 5035 3559 5104 ἔχων
3608 5037 3704 5090 τὴν
3765 5032 3909 5103 ὀλιγο

2293 5127 2472 5196 ωρίαν,
2523 5126 2656 5194 ὅμως
2709 5124 2954 5179 τοιαύτην
3025 5122 3142 5174 τινὰ
3212 5126 3330 5196 περὶ
3398 5128 3490 5174 τοῦ
3557 5126 3903 5195 προκείμενον

1881 5489 2121 5545 νΑΒΙιΕ
2149 5489 2435 5548 LECTION
2444 5491 2546 5547 ES.

598 5679 628 5723 ι(
656 5680 826 5755 ὅτιπερ
859 5678 998 5751 ἔχοι.
1033 5681 1091 5736 C.
1125 5680 1191 5737 M.
1222 5676 1300 5731 ὁτι
1339 5680 1592 5752 παρέχοι.
1674 5679 1688 5722 ι
1731 5680 1789 5736 C.
1826 5680 1894 5735 Μ.
1920 5678 2239 5753 ἀποφεύγων.
2317 5689 2365 5725 ω
2399 5679 2460 5736 C.
2491 5676 2566 5736 M.
2595 5681 2684 5732 καὶ
2716 5686 2778 5751 τῇ
2803 5684 2925 5731 τῶν.
