4136 6198
239 297 350 358 673

1283 299 1379 357 Al)
1419 296 1959 359 AMPHILOCHIUM
2001 299 2328 372 QU/ES'I‘IO
2370 299 2564 364 CXIV.

3501 309 3614 370 674

243 425 496 500 διέγραφε
552 425 806 499 θεωρίαν”
867 426 936 478 T6
994 422 1186 478 εἰδέναι
1239 424 1415 481 διττόν
1472 431 1636 501 ἔλεγεν
1687 428 1850 483 εἶναι·

1970 430 2167 486 luebat
2180 432 2720 488 considerationem
2737 429 2950 496 :Scire,
2966 431 3186 504 duplex
3202 447 3331 490 esse
3344 435 3612 496 dicebat:

243 521 304 569 τὸ
337 519 426 588 μὲν
470 515 760 587 ἐπιστήμῃ,
789 518 848 566 τὸ
896 512 954 567 δὲ
995 523 1057 588 τῇ
1091 521 1246 589 πείρᾳ
1277 537 1290 550 ⁸
1325 522 1460 570 κατὰ
1487 523 1577 591 μεν
1624 515 1710 572 οὖν
1741 523 1852 572 ἐπι-

245 611 453 678 στήμην
507 607 692 677 ὁμοίως
734 601 924 657 εἰδέναι
976 607 1046 676 τῲ
1095 610 1258 680 Πατρὶ
1301 611 1388 658 τὸν
1432 611 1548 660 Υἱόν
1580 614 1673 666 τὴν
1722 612 1852 680 ἡμέ-

239 715 341 768 ραν
391 694 584 752 ἐκείνην
636 699 724 746 καὶ
781 696 950 767 ὥραν·
993 698 1128 746 κατὰ
1177 704 1356 768 πεῖραν
1402 694 1460 749 δὲ
1503 698 1676 750 ούκέτι
1708 716 1719 726 ·
1767 702 1853 750 τόν

241 789 337 856 μὲν
383 787 484 856 γὰρ
534 789 738 857 Πατέρα
785 789 874 834 καὶ
925 783 996 844 εἰς
1042 791 1223 856 πεῖραν
1272 784 1450 850 ἐλθεῖν,
1483 791 1571 838 καὶ
1615 786 1849 859 προσλα-

242 872 353 925 ϐεῖν
400 879 495 931 τὴν
541 876 785 930 τοιαύτην
827 880 1040 943 γνῶσιν,
1072 875 1226 930 ἡνίκα
1269 880 1442 926 πᾶσαν
1491 872 1738 928 ἐδεδώκει
1780 884 1852 946 τῷ

241 965 353 1033 Υἱῷ
408 967 501 1020 τὴν
557 967 732 1034 κρίσιν
767 983 779 995 ·
836 960 1083 1034 ἐκεκρίκει
1143 966 1245 1034 γὰρ
1285 969 1396 1016 τότε
1448 966 1473 1016 6
1529 969 1708 1039 Πατὴρ
1759 970 1851 1023 τὴν

242 1057 423 1124 κρίσιν
472 1063 501 1091 ιι
550 1051 761 1102 ἅπασαν
807 1049 1107 1123 ἐγχειρίσαι
1150 1060 1222 1121 τῷ
1270 1055 1391 1122 Υὶῳ,
1435 1058 1522 1104 καὶ
1565 1055 1685 1105 ὅσον
1732 1054 1850 1110 ἧκεν

242 1141 318 1201 εἰς
366 1140 570 1211 ψήφους
622 1143 714 1202 τὰς
768 1139 926 1191 αὐτοῦ
995 1137 1269 1211 ἐνεργῆσαι
1327 1145 1422 1199 τὴν
1480 1139 1620 1193 ἰδίαν
1675 1147 1851 1216 κρίσιν

239 1235 338 1282 καὶ
395 1230 856 1301 συμπεραίνεσθαι.
906 1235 965 1279 Ὁ
1013 1225 1070 1280 δέ
1118 1248 1177 1299 γε
1220 1232 1357 1294 Υἱὸς,
1402 1227 1559 1289 δῆλον
1601 1233 1665 1290 ὡς
1710 1233 1850 1282 οὔπω

240 1323 498 1391 κέκρικεν,
527 1314 641 1369 οὐδ’
669 1316 740 1378 εἰς
768 1319 916 1390 ἔργον
956 1321 1048 1375 τὴν
1079 1318 1284 1390 πρᾶξιν,
1322 1319 1352 1377 ἧ
1364 1338 1386 1379 ς
1422 1319 1578 1370 αύτον
1608 1320 1633 1370 6
1671 1323 1849 1392 Πατὴρ

242 1406 419 1459 ἀνεῖπε
480 1410 688 1479 Κύριον,
753 1411 967 1477 ἤγαγεν.
1035 1407 1236 1458 Οὐκοῦν
1291 1409 1315 1458 6
1372 1411 1461 1479 μὲν
1517 1412 1696 1479 Πατὴρ
1763 1413 1852 1459 καὶ

241 1501 400 1570 πείρα
440 1500 534 1554 τὴν
572 1497 702 1567 ὧραι
749 1492 888 1547 οἶδεν
911 1513 922 1524 '
953 1494 980 1546 6
1019 1491 1078 1547 δὲ
1127 1497 1263 1566 Υἱὸς,
1302 1496 1344 1548 εἰ
1373 1502 1462 1548 καὶ
1491 1497 1605 1548 κατ’
1636 1495 1851 1554 ἐπιστή-

243 1605 373 1658 μην,
419 1588 592 1658 ὥσπερ
643 1586 668 1636 6
714 1589 915 1658 Πατὴρ,
967 1583 1073 1635 ἀλλ’
1121 1585 1207 1636 οὖν
1255 1587 1396 1638 οὔπω
1427 1582 1487 1638 δε
1533 1591 1621 1638 καὶ
1651 1591 1804 1658 πείρα
1835 1603 1846 1614 ·

243 1678 441 1727 εἴσεται
499 1670 557 1726 δε
611 1670 822 1726 ἐπειδὰν
881 1670 1127 1731 δηλονότι
1189 1678 1280 1731 την
1327 1679 1501 1747 κρίσιν
1553 1678 1699 1747 οἴσῃ,
1757 1683 1853 1735 τῆς

1966 535 2175 588 unum,
2208 537 2312 590 per
2349 521 2798 594 experientiam,
2832 519 3084 576 alterum
3134 537 3238 592 per
3277 529 3483 591 artem;
3528 543 3615 583 se-

1962 609 2229 663 cundum
2263 614 2448 665 artem
2479 615 2582 666 aut
2611 609 3008 679 cognitionem
3047 610 3299 678 dicebat,
3343 629 3514 686 aeque
3545 632 3616 672 ac

1965 700 2180 752 Patrem
2205 699 2409 754 Filium
2434 699 2600 754 illum
2618 698 2778 753 diem
2800 698 3079 754 ethoram
3097 715 3476 770 cognoscere,
3492 720 3615 760 non

1964 785 2292 841 secundum
2315 786 2769 859 experientiam;
2803 790 3035 842 Patrem
3067 789 3228 844 enim
3259 793 3618 862 experientia

1962 876 2332 943 cognovisse,
2361 882 2416 932 et
2444 875 2625 932 talem
2666 876 2974 932 scientiam
3009 879 3429 950 assumpsisse,
3477 899 3616 939 cum

1961 977 2139 1017 omne
2164 963 2456 1033 judicium
2483 965 2545 1020 in
2573 964 2782 1020 Filium
2808 966 3220 1022 transcriberet
3264 984 3276 1022 :
3306 968 3644 1039 judicabat,

1960 1051 2118 1106 enim
2147 1058 2287 1108 tunc
2331 1057 2494 1108 Pater
2523 1053 2860 1118 convenire,
2916 1059 2978 1108 ut
2997 1054 3295 1124 judicium
3339 1058 3420 1112 sic
3456 1063 3614 1115 tran-

1961 1139 2257 1204 scriberet,
2283 1147 2339 1196 et
2367 1147 2662 1214 quantum
2689 1142 2880 1213 ipsius
2930 1142 3278 1215 suffragium
3310 1147 3614 1218 attinebat,

1961 1229 2270 1300 proprium
2298 1247 2474 1286 suum
2489 1230 2780 1300 judicium
2799 1247 3276 1290 consummasse.
3295 1238 3365 1290 At
3386 1240 3618 1291 constat

1963 1317 2168 1372 Filium
2187 1322 2320 1374 actu
2344 1319 2611 1374 nondum
2630 1319 2953 1390 judicasse,
2983 1336 3092 1376 nec
3109 1320 3169 1376 in
3194 1321 3466 1379 effectum
3490 1340 3616 1380 rem

1959 1404 2146 1470 iliam,
2178 1407 2272 1460 cui
2296 1406 2489 1476 ipsum
2525 1407 2789 1478 praefecit
2817 1414 2987 1480 pater
3026 1408 3301 1466 duxisse:
3336 1414 3618 1483 quocirca

1965 1493 2132 1548 Pater
2151 1494 2515 1566 experientia
2542 1497 2741 1551 horam
2775 1497 2954 1552 novit.
2990 1496 3168 1553 Filius
3197 1498 3331 1553 licet
3361 1506 3423 1556 ut
3454 1504 3620 1556 Pater

1961 1582 2291 1637 secundum
2326 1589 2505 1638 artem
2534 1584 2718 1650 novit,
2751 1585 3008 1640 nondum
3039 1591 3232 1640 tamen
3260 1589 3620 1658 experientia

1961 1671 2138 1725 novit.
2165 1670 2314 1726 Sciet
2335 1676 2534 1727 autem
2583 1677 2728 1736 tum,
2764 1687 2902 1727 cum
2943 1672 3239 1743 judicium
3265 1675 3458 1740 faciet,
3492 1684 3616 1731 tum

241 1765 363 1816 κατ’
407 1762 708 1835 ἐπιστήμην
756 1759 1000 1823 εἰδήσεως
1047 1763 1117 1824 εἰς
1148 1767 1240 1820 τὴν
1284 1767 1417 1816 κατά
1453 1771 1634 1837 πεῖραν
1663 1771 1853 1835 γνῶσιν

1970 1760 2242 1829 cognitio,
2271 1775 2406 1831 quae
2437 1766 2522 1816 est
2541 1775 2646 1832 per
2676 1761 3007 1827 scientiam,
3036 1763 3300 1820 transibit
3327 1765 3388 1819 in
3419 1765 3619 1834 cogni-

241 1853 621 1927 προελθούσης.

320 1942 479 1996 Ἀλλὰ
523 1944 718 1999 ταύτην
764 1944 854 2014 μεν
906 1939 1148 2013 ἕξιθέμην
1195 1959 1278 1992 σοι
1323 1946 1416 1999 τὴν
1464 1939 1756 2015 ἑρμηνείαν,
1797 1941 1854 1993 ού

243 2036 345 2090 τὴν
398 2031 448 2083 ἐν
505 2031 636 2102 αὐτῇ
709 2029 928 2090 θειάςων
985 2028 1247 2095 ἀλήθειαν,
1308 2028 1418 2081 ἀλλ’
1476 2033 1612 2091 ὅπως
1667 2027 1856 2104 ἀνδρὸς

243 2121 474 2180 ἁπλότης
519 2121 770 2182 τοσαύτη,
825 2117 1066 2176 ποικίλην
1115 2119 1250 2170 οὕτω
1293 2123 1381 2170 καὶ
1431 2124 1856 2193 περινενοημὲνην

245 2210 485 2263 ὑπελθεῖν
537 2208 829 2282 ἐφρόντισεν
882 2210 1074 2259 ἔννοιαν
1107 2223 1120 2237 ⁸
1182 2210 1262 2259 ὅτι
1315 2205 1374 2260 δε
1429 2204 1546 2259 οὐδ’
1599 2210 1653 2259 αἱ
1705 2207 1857 2270 λέξεις

247 2301 407 2352 αύταὶ
444 2305 750 2370 καταφυγῆς
807 2298 902 2349 εἶεν
953 2301 1107 2357 τόπος
1162 2304 1272 2357 τοῖς
1329 2293 1636 2368 δυσφημίαιι
1682 2316 1858 2349 ποιου-

248 2392 420 2462 μένοις
470 2392 564 2445 τὴν
603 2387 838 2458 ἄγνοιαν,
881 2388 938 2437 ἑκ
985 2383 1148 2437 τῶνδε
1187 2382 1373 2460 ῥᾴδιον
1418 2387 1618 2457 μαθεῖν.
1657 2385 1715 2437 Ὀ
1767 2389 1856 2458 μὲν

249 2475 342 2530 οὖν
400 2479 530 2549 ἱερὸς
576 2477 840 2534 Ματθαίος
889 2478 980 2532 τὴν
1030 2479 1349 2531 Δεσποτικὴν
1407 2478 1576 2545 φωνὴν
1633 2472 1858 2546 ἀναγρά-

250 2587 378 2639 φων,
414 2585 441 2617 ‹‹
479 2561 673 2625 Ούδεὶς
703 2561 834 2630 οἶδε,
868 2567 1016 2635 φησι,
1050 2567 1144 2621 τὴν
1173 2565 1388 2636 ἡμέραν,
1422 2559 1545 2615 οὐδὲ
1574 2567 1666 2621 τὴν
1698 2565 1853 2636 ὤραν,

249 2652 380 2709 οὐδε
421 2657 470 2706 οἱ
515 2654 746 2725 ἄγγελοι,
779 2653 823 2705 εἰ
870 2657 941 2725 μὴ
994 2655 1019 2704 6
1069 2657 1242 2726 Πατὴρ
1287 2672 1386 2725 μον
1413 2657 1584 2724 μόνος.
1618 2657 1856 2706 »Σκόπει

248 2747 355 2817 γὰρ
403 2743 613 2795 λοιπόν’
660 2751 863 2816 πρῶτον
915 2745 1027 2814 μεν,
1079 2743 1217 2803 ὅπως
1270 2741 1441 2804 εἰπὼν,
1487 2737 1602 2793 οὐδ’
1657 2743 1705 2793 οἱ
1754 2743 1856 2812 ἄγ-

249 2833 418 2905 γελοι,
465 2832 637 2884 οὐκέτι
687 2832 1058 2904 προστίθησιν,
1117 2827 1256 2882 Οὐδὲ
1306 2831 1332 2881 6
1380 2833 1516 2890 Υἱός.
1561 2829 1712 2881 Ούτω
1754 2832 1855 2902 γὰρ

253 2919 316 2981 ἧν
363 2925 390 2980 ἡ
443 2921 571 2983 λέξις
620 2924 747 2981 ἰσως
799 2918 1141 2992 ἀναχώρησις
1190 2927 1280 2970 τοῦ
1334 2915 1759 2990 δυσσεϐήματος,
1816 2919 1858 2970 εἰ

251 3016 346 3063 καὶ
393 3013 479 3062 τὸν
525 3012 642 3062 Υἱὸν
690 3016 800 3068 τοῖς
848 3007 1084 3079 ἁγγελοις
1131 3009 1377 3080 προσθεὶς
1422 3009 1702 3077 ἐπήγαγεν,
1735 3029 1761 3056 ‹‹
1798 3005 1858 3057 Εἰ

253 3105 328 3173 μὴ
379 3101 405 3151 6
452 3103 628 3171 Πατήρ
675 3117 775 3169 μου
827 3102 1000 3169 μόνος.
1046 3119 1073 3146 ››
1121 3103 1228 3149 Νῦν
1287 3093 1346 3148 δὲ
1397 3096 1500 3167 οὐχ
1549 3096 1683 3147 οὕτω
1728 3100 1858 3166 φησί
1890 3124 1934 3178 D

253 3190 455 3255 ποθεν;
509 3186 634 3239 ἀλλὰ
705 3191 870 3260 μέχρι
939 3194 1038 3237 τῶν
1105 3184 1333 3257 ἀγγέλων
1388 3190 1700 3257 παρατείνας
1762 3188 1856 3242 τὴν

252 3279 491 3348 ἄγνοιαν,
542 3275 714 3326 οὐκέτι
764 3277 928 3346 ⁴ιάύτη
983 3276 1070 3325 τὸν
1121 3276 1240 3326 Υἱὸν
1287 3273 1472 3344 ὑπάγει
1507 3291 1519 3304 ο
1564 3275 1628 3333 ὡς
1674 3271 1734 3323 ἂν
1783 3277 1853 3344 μὴ

252 3372 442 3439 χώραν
485 3367 603 3436 ἔχοι
653 3364 768 3416 κατ’
813 3363 1002 3424 αὐτούς
1048 3365 1074 3414 6
1124 3367 1304 3436 Πατὴρ
1359 3361 1717 3434 ἐπιφερόμενον
1763 3365 1858 3420 τὴν

251 3459 392 3527 πρὸς
428 3457 514 3506 τὸν
557 3455 675 3506 Υἱόν
720 3452 1056 3524 ἀπαγορεύειν
1101 3448 1406 3508 διαστολὴν.
1441 3451 1597 3504 Ἀλλὰ
1640 3453 1737 3525 γὰρ
1769 3453 1862 3502 κά-

253 3545 440 3610 τωθεν,
473 3542 573 3594 ἀπὸ
624 3550 722 3594 τῶν
772 3539 1051 3614 ἀνθρώπων
1097 3539 1268 3606 ἀνιὼν,
1301 3545 1390 3592 καὶ
1442 3544 1560 3602 τούς
1614 3539 1861 3611 ἁγγελους

255 3634 486 3707 φθάσας,
533 3631 704 3684 ούκέτι
760 3636 968 3703 πρόεισι
1020 3633 1340 3702 περαιτέρω·
1400 3627 1562 3681 εκεῖσε
1621 3625 1679 3680 δε
1731 3647 1860 3699 σνγ-

1271 3719 1579 3792 ύπερούσιον
1625 3723 1714 3768 καὶ
1768 3714 1861 3774 δη-

255 3813 513 3884 μιουργόν
556 3809 739 3862 οὐσίαν
781 3810 985 3880 μακρὰν
1035 3806 1222 3878 ἀπάγει
1273 3809 1468 3868 ταύτης
1519 3812 1608 3858 καὶ
1659 3808 1862 3881 ὑπερτί-

255 3721 602 3781 κατακλείσας
656 3723 750 3778 τὴν
801 3721 1036 3790 ἄγνοιαν,
1081 3723 1174 3775 τὴν
1207 3734 1219 3747 ·

260 3903 420 3958 Θησιν
449 3919 462 3930 ο
498 3898 777 3972 ἀνθρώπων
815 3899 904 3968 μεν
953 3898 1055 3968 γὰρ
1109 3892 1170 3953 ἦν
1218 3897 1246 3953 ἡ
1300 3904 1399 3947 τῶν
1446 3897 1692 3967 μαθητῶν
1741 3895 1864 3968 ἐρω-

256 4008 442 4052 τησις,
472 3989 535 4050 ἧς
566 3987 864 4058 ἀπόκρισις,
897 4004 924 4035 ‹‹
960 3980 1150 4046 Οὐδεὶς
1192 3981 1351 4051 οἶδεν,
1387 4007 1414 4034 ››
1445 3984 1728 4057 ἀνθρώπων
1761 3981 1865 4042 δη-

257 4079 433 4131 λονότι
465 4092 478 4106 ⁶
509 4077 639 4138 εἶτα,
673 4071 786 4127 οὐδ’
818 4076 867 4126 οἱ
896 4073 1110 4146 ἄγγελοι
1134 4091 1146 4102 ·
1189 4071 1397 4146 βαθμός
1436 4074 1583 4136 οὗτος
1617 4073 1767 4146 (μετά
1807 4092 1866 4144 γε

258 4173 321 4222 τὸ
392 4165 710 4240 ἀνθρώπινον
769 4166 799 4222 ἡ
865 4172 964 4215 τῶν
1021 4164 1311 4236 ἀσωμάτων
1374 4164 1552 4234 φύσις)
1611 4159 1862 4235 δεύτερος.

258 4261 327 4311 Τί
359 4255 447 4308 οὖν
493 4256 518 4307 6
562 4257 714 4320 Υἱός;
748 4253 791 4305 εἰ
836 4255 926 4325 μὲν
965 4254 1136 4325 ὥσπερ
1169 4248 1236 4311 δὴ
1285 4257 1373 4304 καὶ
1401 4271 1554 4324 νομος
1598 4254 1741 4317 υἱῶν,
1774 4259 1869 4313 τῆς

257 4351 532 4419 πατρικῆς
576 4340 736 4405 δόξης
782 4341 1094 4414 κληρονόμος
1141 4346 1231 4393 καὶ
1288 4343 1507 4412 φύσεως,
1563 4343 1732 4412 μάτην
1786 4358 1869 4392 πε-

1961 1848 2184 1904 tionem
2217 1865 2323 1920 per
2359 1849 2810 1921 experientiam.

2035 1939 2194 1992 Hanc
2240 1937 2343 1992 tibi
2377 1937 2830 2010 explicationem
2854 1938 3160 2012 proposui,
3184 1954 3306 1996 non
3333 1942 3501 2013 quod
3521 1957 3618 2000 ve-

1962 2039 2094 2079 ram
2125 2039 2230 2096 per
2253 2026 2460 2081 omnia
2479 2041 2775 2090 censeam,
2802 2026 2907 2081 sed
2934 2031 2996 2082 ut
3020 2027 3279 2082 hominis
3301 2029 3429 2098 ejus
3456 2035 3620 2087 tanta

1962 2113 2332 2185 simplicitas,
2369 2121 2493 2170 tam
2525 2115 2753 2171 variam
2781 2121 2838 2171 et
2884 2115 3288 2188 multipliciter
3329 2119 3617 2188 agitatam

1965 2201 2388 2271 cogitationem
2420 2217 2784 2275 sensumque
2819 2203 3127 2273 satagebat
3168 2246 3180 2259 .
3211 2220 3388 2276 porro
3419 2211 3621 2263 autem

1967 2291 2127 2362 quod
2171 2307 2280 2346 nec
2319 2291 2446 2362 ipsa
2475 2291 2656 2348 dictio
2689 2292 2900 2363 refugii
2930 2293 3130 2349 locum
3163 2293 3490 2365 prmbitura
3520 2296 3616 2360 sit,

1967 2379 2069 2451 qui
2109 2396 2179 2436 ex
2219 2381 2556 2450 ignorantia
2595 2381 3041 2453 blasphemant,
3095 2381 3268 2438 facile
3309 2390 3500 2454 potest
3549 2401 3622 2442 ex

1967 2468 2128 2523 hisce
2176 2468 2318 2524 disci
2368 2487 2384 2539 ;
2435 2484 2598 2525 sacer
2643 2470 2732 2525 vir
2769 2470 3072 2526 Mattheus
3114 2472 3348 2527 Domini
3395 2473 3623 2530 dictum

1967 2557 2296 2613 edisserens
2335 2557 2561 2614 refert:
2612 2581 2640 2608 «
2695 2562 2879 2615 Nemo
2931 2559 3097 2615 novit
3141 2559 3375 2627 horam,
3427 2577 3622 2635 neque

1968 2647 2150 2716 diem,
2173 2663 2293 2703 non
2320 2648 2536 2718 angeli,
2562 2647 2677 2703 nisi
2705 2648 2866 2704 solus
2906 2649 3077 2705 Pater
3097 2665 3286 2705 meus.
3329 2652 3372 2686 ⁸¹
3408 2672 3429 2700 ι
3477 2655 3624 2710 Nota

1969 2737 2242 2807 primum,
2274 2739 2436 2808 quod
2470 2736 2573 2792 ubi
2607 2736 2836 2792 dixerat
2863 2755 2876 2792 :
2909 2738 3032 2794 Nec
3062 2739 3284 2808 angeli,
3317 2754 3439 2794 non
3468 2741 3625 2812 adje-

1967 2825 2043 2881 cit
2091 2841 2104 2889 ;
2147 2827 2262 2880 Nec
2302 2825 2480 2880 Filius
2518 2825 2672 2881 :hoc
2703 2825 2862 2881 enim
2904 2826 3124 2881 dictum
3157 2827 3302 2883 forte
3329 2827 3488 2884 viam
3517 2829 3623 2885 im-

1965 2913 2169 2986 pietati
2201 2914 2472 2983 muniret,
2499 2914 2548 2968 si
2578 2930 2716 2969 cum
2736 2913 2963 2983 angelis
2987 2915 3085 2969 ubi
3102 2915 3315 2970 Filium
3342 2923 3623 2986 posuerat

1965 3001 2257 3058 intulisset
2289 3017 2301 3056 :
2338 3022 2365 3052 ι(
2407 3001 2527 3056 Nisi
2556 3001 2726 3058 Pater
2755 3019 2926 3058 meus
2968 3002 3168 3068 solus;
3219 3024 3247 3055 »
3288 3007 3350 3058 at
3378 3019 3495 3060 non
3542 3005 3624 3061 ita

1965 3091 2246 3163 loquitur,
2289 3091 2393 3146 sed
2425 3090 2827 3163 ignorantiam
2896 3093 2973 3147 ad
3019 3093 3266 3162 angelos
3293 3109 3488 3167 neque
3520 3096 3620 3152 ubi

1966 3181 2309 3247 deduxerat,
2337 3197 2456 3236 non
2483 3181 2668 3235 eidem
2715 3181 2966 3252 subjecit
3017 3181 3221 3237 Filium
3256 3202 3271 3251 ;
3320 3199 3413 3250 ne,
3456 3186 3622 3256 quod

1968 3269 2188 3336 volunt,
2229 3269 2368 3324 inde
2408 3272 2576 3325 Pater
2624 3269 2871 3325 infertur
2920 3285 3055 3325 cum
3110 3270 3254 3326 Filio
3302 3272 3621 3328 diastolem

1967 3357 2307 3430 prohibere;
2331 3356 2647 3412 desursum
2679 3357 2757 3412 ab
2795 3357 3142 3414 hominibus
3169 3375 3544 3430 progressus,
3567 3366 3624 3417 et

1968 3447 2046 3503 ad
2091 3446 2337 3516 angelos
2372 3448 2736 3518 perveniens,
2777 3446 3020 3502 ulterius
3061 3462 3179 3502 non
3220 3449 3619 3520 progreditur.

1972 3536 2072 3591 Hic
2098 3536 2226 3606 jam
2252 3534 2616 3591 concludens
2641 3535 3062 3607 ignorantiam,
3085 3538 3622 3608 supersubstantia—

1971 3625 2084 3680 lem
2112 3631 2168 3679 et
2193 3624 2537 3680 creatricem
2570 3623 2962 3679 substantiam
2985 3623 3162 3693 longe
3193 3625 3270 3680 ab
3300 3625 3400 3681 illa
3430 3643 3623 3684 semo-

1972 3719 2095 3770 tam
2125 3711 2765 3783 transcendentemque
2805 3713 2971 3784 ponit
3007 3729 3020 3767 :
3059 3729 3199 3768 nam
3227 3716 3474 3785 quaestio
3503 3716 3622 3772 dis-

1971 3801 2303 3875 cipulorum
2364 3802 2634 3856 humana
2685 3800 2814 3869 fuit,
2862 3802 3035 3874 cujus
3084 3805 3396 3873 responsio
3432 3811 3560 3862 erat
3603 3824 3614 3862 :

1971 3910 2002 3946 ‹‹
2035 3895 2216 3947 Nemo
2234 3891 2466 3954 novit,»
2489 3906 2685 3956 nemo,
2708 3890 3012 3955 nimirum,
3033 3889 3368 3958 hominum,
3393 3894 3496 3949 sed
3518 3911 3628 3951 nec

1973 3978 2189 4048 angeli,
2223 3979 2449 4049 gradus
2481 3979 2650 4045 alter,
2687 3982 2820 4049 post
2856 3979 3131 4034 homines
3157 3980 3627 4052 incorporalium

1973 4067 2142 4134 ordo,
2173 4067 2445 4123 subsistit
2470 4067 2529 4120 in
2556 4067 2850 4121 secundis.
2878 4067 3031 4132 Quid
3055 4073 3256 4123 autem
3291 4069 3467 4125 Filius
3489 4070 3516 4125 ?
3554 4074 3632 4127 si-

1973 4155 2240 4228 quidem,
2259 4154 2423 4226 quod
2443 4155 2687 4218 obtinet,
2708 4171 2812 4226 per
2832 4155 3024 4225 legem
3042 4154 3342 4212 ﬁliationis
3363 4163 3628 4228 paternas

1977 4243 2177 4314 glorias
2217 4247 2275 4298 et
2309 4247 2536 4298 natura:
2574 4242 2766 4298 haeres
2817 4243 2908 4309 sit,
2960 4242 3177 4298 frustra
3232 4244 3632 4314 ignorantiam

1976 4331 2163 4388 hianti
2187 4348 2288 4388 ore
2313 4331 2492 4388 infers
2524 4349 2536 4386 :
2573 4333 2665 4387 sin
2691 4347 2814 4388 non
2844 4332 2925 4388 ita
2945 4333 3036 4403 sit,
3070 4334 3305 4389 tertium
3335 4341 3634 4392 creatura-

260 4440 528 4513 ριχαίνεις
557 4437 650 4492 τήν
699 4433 938 4503 ἄγνοιον·
971 4430 1013 4482 εἰ
1063 4426 1116 4482 δ’
1159 4429 1253 4482 οὐκ
1296 4427 1355 4480 ἆν
1403 4431 1529 4502 ἔχη,
1574 4433 1753 4502 τρίτην
1787 4447 1861 4480 σοι

1978 4437 2113 4477 rum
2151 4421 2424 4478 ordinem
2449 4420 2794 4492 adimpleat.
2826 4421 2898 4476 At
2929 4421 3084 4476 unde
3112 4420 3354 4494 factum,
3395 4430 3458 4480 ut
3486 4425 3638 4482 saltu

262 4533 370 4578 τῶν
419 4524 715 4595 κτισμάτων
757 4519 1122 4591 ἀναπληρώσει
1170 4517 1315 4580 τάξιν
1340 4535 1352 4547 ·
1395 4523 1484 4570 καὶ
1524 4526 1629 4578 πῶς
1659 4519 1684 4568 6
1722 4517 1874 4589 λόγος

263 4612 430 4666 αύτόν
476 4608 882 4683 ύπεραλλόμενος
925 4609 1009 4660 ἐπὶ
1051 4610 1138 4659 τόν
1182 4611 1376 4681 πατέρα
1407 4602 1595 4673 διίϐη;
1630 4601 1735 4657 ἔδει
1771 4607 1872 4678 γὰρ

266 4701 445 4765 αὐτόν,
496 4701 538 4753 εἰ
586 4704 655 4773 μὴ
711 4701 737 4758 ὂ
787 4705 876 4751 τοῦ
926 4700 1149 4770 Πατρός,
1197 4694 1324 4747 ἀλλὰ
1370 4700 1520 4771 τρίτη
1561 4694 1702 4757 τάξις
1742 4690 1873 4766 εἶχε,

264 4795 358 4845 τὸν
422 4797 707 4861 Μονογενῆ,
767 4792 1013 4860 πρότερον
1087 4785 1268 4854 εἰπεῖν,
1319 4806 1348 4833 ‹‹
1400 4781 1524 4836 οὐδὲ
1574 4787 1600 4836 6
1656 4787 1770 4843 Υἱός
1799 4800 1810 4811 ⁸
1847 4803 1875 4835 »

266 4876 369 4933 εἶθ’
420 4879 554 4930 οὕτω
600 4882 691 4935 τὴν
743 4884 936 4948 γνῶσιν
991 4873 1252 4927 ἀναθεῖναι
1302 4880 1374 4943 τῷ
1430 4878 1629 4946 Πατρί·
1675 4880 1762 4923 νύν
1819 4867 1878 4924 δὲ

268 4968 578 5042 ἀνθρώπων,
625 4970 774 5038 φησὶ,
827 4969 916 5016 καὶ
969 4963 1259 5036 ἀσωμάτων
1305 4966 1430 5014 νόὼν
1480 4959 1716 5027 διελθὼν,
1762 4961 1880 5013 οὐκ-

268 5062 352 5111 έτι
401 5052 700 5115 διαϐιϐάζει
743 5059 837 5112 τὴν
884 5054 1096 5125 ἄγνοιαν
1145 5052 1232 5104 ἐπὶ
1280 5053 1366 5103 τὸν
1416 5053 1553 5115 Υἰόν,
1587 5048 1692 5101 ἀλλ’
1735 5049 1880 5109 εὐθὺς

267 5153 338 5219 τῇ
385 5151 612 5220 πατρικῇ
663 5145 836 5217 φύσει,
885 5143 945 5204 ἧς
990 5141 1302 5218 κληρονόμος
1345 5145 1555 5212 γνήσιος
1603 5141 1738 5206 Υἱὸς,
1787 5142 1882 5198 τὴν

349 5321 397 5363 ⁸¹
429 5321 638 5382 Matth.
658 5335 814 5392 xxiv,
847 5324 944 5382 36.

1982 4515 2146 4566 trans
2175 4509 2329 4565 illum
2375 4509 2550 4574 facto,
2601 4525 2800 4565 sermo
2838 4510 2915 4566 ad
2963 4510 3194 4566 Patrem
3248 4513 3636 4582 pervenerit?

1983 4615 2312 4669 congruum
2338 4600 2498 4654 enim
2530 4600 2738 4664 fuerat,
2781 4600 2828 4654 si
2859 4615 2980 4654 non
3015 4605 3296 4670 paternus
3331 4601 3499 4667 ordo,
3533 4605 3640 4659 sed

1985 4687 2187 4744 tertius
2212 4688 2345 4760 quis
2371 4688 2605 4743 tenebat
2629 4687 2862 4757 Filium,
2889 4687 3058 4743 illum
3085 4693 3219 4744 ante
3276 4692 3506 4746 Patrem
3538 4708 3641 4749 n0-

1986 4777 2214 4834 miuare
2244 4797 2256 4844 ;
2287 4778 2390 4842 sic,
2435 4797 2463 4828 ‹‹
2515 4779 2715 4848 Neque
2743 4778 2932 4835 Filius
2963 4817 2977 4842 ,
3015 4797 3043 4828 »
3088 4777 3166 4832 ita
3197 4780 3348 4834 Patri
3381 4781 3639 4849 cognitio

1987 4866 2418 4922 attribueretur.
2461 4867 2560 4920 Ast
2585 4866 2644 4920 in
2669 4868 2945 4937 praesenti
2974 4865 3291 4922 hominum
3323 4875 3379 4924 et
3404 4870 3644 4939 angelo-

1988 4971 2120 5012 rum
2152 4955 2390 5011 ordines
2412 4959 2843 5024 transgressus,
2871 4956 3266 5025 ignorantiam
3309 4973 3430 5014 non
3461 4965 3645 5015 trans-

1989 5047 2100 5102 fert
2122 5047 2200 5101 ad
2240 5045 2451 5101 Filium
2479 5043 2606 5111 ,sed
2640 5045 2944 5110 continuo,
2993 5060 3133 5101 cum
3189 5047 3366 5104 Filius
3413 5055 3642 5107 natura:

1989 5140 2247 5209 paternae
2277 5134 2573 5207 genuinus
2592 5133 2778 5191 haeres
2799 5134 2892 5208 sit,
2917 5132 3266 5194 testiﬁcatur
3279 5136 3347 5195 de
3360 5153 3430 5198 eo
3444 5140 3644 5214 cogni-

1613 5512 1856 5574 VARLE
1895 5512 2302 5575 LECTIONES.

351 5713 383 5747 ³³
410 5695 472 5753 C'
498 5694 577 5753 Μ·
610 5697 636 5749 ὁ
661 5701 832 5771 πατὴρ
866 5705 938 5769 τῷ
969 5701 1062 5756 τὴν
1093 5701 1262 5773 κρίσιν
1293 5709 1319 5738 ο
1353 5700 1410 5755 C.
1451 5698 1518 5752 M.
1551 5699 1644 5754 τήν
1667 5697 1880 5767 ἄγνοιαν
1915 5697 2004 5748 καὶ
2035 5700 2157 5754 τήν.

461 5806 702 5865 Parnm.
747 5805 858 5864 Ga.
907 5805 995 5862 CI.

3152 5809 3224 5863 22
