3906 6186
1869 121 1902 142 ’ω

559 226 666 290 673

1802 229 2035 289 PHOTII
2075 224 2565 288 PATBIARCHIE
2605 231 2713 289 cp.
3697 241 3760 296 me
3842 201 3843 232 ἰ

559 359 806 415 tionem.
823 355 994 414 Unde
1009 352 1187 426 igitur
1197 356 1256 413 in
1275 358 1573 428 arreptam
1587 355 1991 428 ignorantiam
2014 355 2074 411 in
2093 355 2201 411 Fili:

2327 365 2520 427 γνῶσιν
2569 364 2842 432 μαρτυρεῖ.
2895 359 3056 410 Πόθεν
3105 353 3193 409 οὖν
3241 360 3305 409 σὺ
3348 362 3428 416 τὴν
3467 361 3763 432 ἄγνοιαδλαεὼν.

562 464 696 504 eam
720 446 1004 504 transfers
1037 444 1479 511 contumeliam,
1507 446 1620 500 nisi
1642 445 1970 501 secundum
2007 450 2056 499 te
2103 460 2218 500 una

563 553 701 592 cum
739 535 1088 591 hominibus
1119 541 1176 590 et
1199 533 1425 603 angelis
1447 534 1562 589 hoc
1579 542 1666 590 est
1686 535 1866 590 servis
1882 533 2219 588 censebitur

564 624 849 680 Dominus
868 623 891 677 7
907 623 1072 696 quod
1092 623 1386 678 hactenus
1404 623 1568 694 apud
1589 639 1799 679 omnes
1822 621 2209 694 impiosinau-

562 713 749 768 ditum
781 718 869 769 est
897 732 909 771 :
940 712 1032 767 sin
1062 711 1175 767 hoc
1196 727 1314 766 non
1344 711 1591 776 audeas,
1627 713 1733 766 sed
1765 711 1974 766 Filium
2005 710 2084 766 ab
2116 726 2219 765 an-

561 802 752 874 gelica
793 801 1124 857 substantia
1158 816 1419 872 separes,
1463 800 1596 856 licet
1636 801 1786 856 Patri
1825 800 2023 856 adhuc
2078 815 2214 854 eum

562 891 859 964 aequalem
889 905 1010 946 non
1050 890 1253 956 facias,
1295 905 1417 946 non
1463 890 1870 962 consequeris,
1914 905 2051 944 cum
2094 893 2215 944 tam

561 981 720 1038 clare
749 981 824 1035 de
855 979 1084 1049 angelis
1115 979 1522 1049 ignorantiam
1564 980 1746 1034 verba
1769 979 2109 1049 praedicent,
2157 981 2218 1032 ut

557 1069 732 1127 liceat
751 1069 853 1126 tibi
869 1069 980 1140 ipsi
993 1067 1269 1124 eamdem
1287 1068 1590 1138 aﬂingere,
1604 1073 1898 1138 utcunque
1922 1065 2217 1130 multoties

561 1159 844 1215 violenter
886 1156 1201 1214 transferre
1243 1156 1408 1212 illam
1458 1158 1709 1222 coneris,
1763 1158 1822 1211 in
1862 1155 2132 1210 ordinem
2181 1170 2216 1209 a

559 1251 726 1304 Patre
757 1263 866 1304 suo
895 1247 1197 1302 diversum
1228 1265 1240 1304 :
1274 1251 1330 1301 et
1350 1252 1552 1302 tamen
1583 1245 1674 1300 vel
1703 1246 1807 1314 sic,
1837 1249 1897 1300 ut
1927 1244 2211 1313 refugias,

557 1337 694 1394 licet
710 1336 1042 1394 secundum
1060 1341 1114 1391 te
1129 1335 1472 1405 Unigenitus
1487 1335 1636 1390 Patri
1652 1334 2010 1391 coadunitus
2025 1332 2214 1387 scien-

559 1427 653 1483 tias
671 1431 948 1482 naturam
965 1439 1208 1481 omnem
1229 1429 1284 1479 et
1302 1423 1733 1480 sublimitatem
1749 1420 2210 1491 transcendenti,

556 1516 703 1588 quia
734 1522 988 1586 paterna
1017 1517 1121 1578 est,
1153 1512 1367 1568 ridebit
1391 1511 1798 1569 tuamtertiam
1815 1517 1982 1566 extra
2023 1509 2211 1564 lineas

557 1604 966 1660 ambulantem
1009 1601 1449 1657 ordinationem
1481 1617 1494 1667 ;
1524 1605 1580 1657 et
1606 1600 1855 1656 ubinam
1892 1589 2009 1654 hoc
2037 1604 2212 1669 pacto

2328 445 2403 516 ἐφ’
2458 445 2604 518 ὕϐρει
2655 447 3064 508 κατασκευάζεις
3117 455 3210 498 τοῦ
3263 449 3416 504 Υὶοῦξ
3465 449 3501 500 εἰ
3539 455 3593 520 μὴ
3629 454 3698 523 ἄρα
3724 473 3771 504 σω

2325 542 2433 595 τοῖς
2467 534 2700 606 ἀγγέλοις
2747 541 2834 587 καὶ
2880 533 3087 597 δούλοις
3137 538 3161 587 6
3201 541 3475 606 Μονογινὴς
3510 544 3579 590 καὶ
3611 547 3771 600 Δεστότης

2329 623 2727 686 συντετάξεταιο
2775 623 2821 688 ὃ,
2868 629 3030 697 μέχρι
3071 636 3097 677 Ρ
3126 631 3236 688 νῦν,
3281 620 3479 690 οὐδεμία
3511 628 3622 696 ὤφθη
3653 625 3772 680 δυσσέ-

2327 712 2440 764 ϐεια
2495 713 2848 783 μελετήσασα.
2911 714 2966 765 Εἰ
3019 709 3079 766 δὲ
3132 718 3201 785 μὴ
3258 720 3400 764 τοῦτο
3445 713 3613 785 τολμᾷς,
3650 719 3773 777 ὑπεξεί-

2327 820 2427 873 ρεις
2472 812 2501 854 (1
2551 799 2609 853 δὲ
2648 805 2731 853 τόν
2782 804 2898 854 Υἰὸν
2952 811 3045 861 τῆς
3090 800 3365 872 ἀγγελικῆς
3411 803 3586 862 οὐσίας’
3626 804 3689 854 κᾶν

2328 898 2587 960 πατρικῆς
2633 887 2840 942 οὐδέπω
2891 893 3004 942 ἴσον
3053 888 3112 940 ἂν
3158 893 3259 962 ἔχῃ
3287 907 3298 918 “
3333 891 3426 960 οὐχ
3471 891 3574 952 ἔξεις
3614 889 3777 947 δήπουθεν

2327 977 2575 1049 λαμπρῶς
2627 979 2760 1030 οὕτω
2804 987 2902 1030 τῶν
2949 978 3148 1041 λέξεων,
3200 981 3282 1031 ἐπὶ
3331 989 3420 1030 τὼν
3459 979 3638 1049 ἀγγιλων
3676 980 3778 1048 ἀπιγ-

2325 1066 2602 1137 γε).λόντων
2647 1072 2741 1125 τὴν
2785 1069 2998 1138 ἄγνοιαν
3055 1063 3344 1138 οὐδαμόθεν
3392 1068 3514 1137 αὐτῷ
3559 1069 3699 1122 ταύτῃ
3730 1085 3780 1116 πει

2324 1158 2580 1229 ριοὲπτειν,
2617 1155 2711 1207 κᾶν
2754 1159 3004 1230 μυριάκις
3047 1156 3111 1217 εἰς
3149 1156 3304 1213 ἄλλην
3347 1157 3476 1218 τάξιν
3513 1155 3781 1224 ἀπάγεινπαρὰ

2325 1248 2410 1296 τὸν
2467 1253 2674 1318 πατρῶν
2731 1245 2917 1318 κλῆρον
2970 1245 3186 1317 ἐκϐιασῃ
3224 1263 3235 1274 ·
3278 1250 3366 1297 καὶ
3407 1245 3524 1296 οὔτω
3567 1243 3694 1306 πάλιν,
3730 1242 3785 1292 κᾶν

2324 1338 2394 1405 μὴ
2457 1332 2619 1406 βούλῃ
2682 1342 2742 1406 τῇ
2800 1340 2889 1386 καὶ
2931 1337 3067 1386 κατὰ
3122 1337 3178 1386 σε
3230 1336 3468 1406 ὑπερφυεῖ
3509 1338 3576 1384 καὶ
3611 1334 3786 1401 {mpsim

2323 1425 2412 1473 καὶ
2464 1430 2695 1494 πατρικῇ
2769 1429 2958 1493 γνώσει
3027 1425 3052 1474 6
3117 1428 3405 1493 Μονογενὴς
3453 1430 3514 1492 τῷ
3560 1425 3683 1492 “arpi
3718 1437 3790 1468 cur

2323 1516 2627 1583 απτόμενος,
2684 1516 2777 1570 τὴν
2838 1516 2933 1571 σὴν
2979 1513 3248 1585 ὑπερόριον
3303 1511 3594 1586 ἐκμυκτηριιί
3632 1514 3695 1560 καὶ
3727 1511 3790 1578 τρί-

2325 1620 2416 1657 την
2485 1596 2749 1663 διάταξιν.
2810 1608 2916 1654 Ποῦ
2975 1606 3146 1654 τοίνυν
3222 1603 3435 1654 ἐνταῦθα
3483 1605 3668 1672 φαίνεται
3707 1600 3793 1646 κατὰ

558 1696 827 1764 apparet,
850 1691 1015 1762 quod
1034 1688 1446 1746 haereticorum
1467 1688 1701 1745 insania
1721 1688 1911 1758 ﬁngit,
1939 1688 2201 1758 ignoran-

2321 1687 2453 1752 λέξιν
2507 1690 2536 1748 ἡ
2601 1686 2856 1759 διάνοιαν,
2909 1693 2978 1751 ὡς
3032 1695 3058 1748 ἡ
3117 1699 3215 1741 τῶν
3259 1691 3586 1764 αἱρετιζόντων
3623 1686 3794 1749 παράνοια

557 1781 639 1836 tia
683 1780 910 1836 Christo
953 1779 1239 1844 insiliens,
1281 1778 1372 1834 vel
1413 1778 1742 1834 secundum
1791 1778 2067 1841 litteram,
2110 1781 2213 1832 aut

558 1884 803 1924 sensum
822 1869 849 1921 ?
871 1869 997 1924 Imo
1023 1867 1367 1938 aiunt,quia
1387 1865 1572 1932 addit,
1595 1885 1623 1916 «
1647 1867 1762 1922 Nisi
1782 1865 1951 1921 Pater
1973 1864 2154 1929 solus,
2181 1885 2207 1915 »

552 1963 730 2023 recte,
762 1963 818 2014 et
845 1958 1020 2014 valde
1051 1957 1349 2029 sapienter
1391 1973 1404 2011 :
1433 1971 1508 2011 ne
1533 1956 1858 2019 existimes,
1878 1954 2039 2026 quod
2071 1970 2208 2009 cum

552 2047 970 2117 intelligentias
995 2045 1336 2118 praeterierit
1366 2044 1767 2115 incorporeas,
1805 2044 2006 2100 locum
2035 2041 2207 2098 habi-

550 2142 742 2194 turum
772 2152 963 2208 usque
981 2137 1053 2191 ad
1077 2141 1351 2192 naturam
1375 2135 1634 2206 primam
1650 2149 2033 2207 progressum
2047 2132 2205 2188 facit.

551 2229 714 2283 Certe
741 2227 818 2282 ab
849 2227 957 2281 hac
979 2225 1108 2281 sola
1138 2224 1460 2280 conditrice
1492 2229 1549 2279 et
1573 2223 1924 2279 dominante
1975 2222 2209 2276 univer-

549 2333 747 2372 sorum
774 2317 853 2370 uti
878 2315 1072 2370 omnia
1092 2318 1307 2370 caetera
1331 2329 1466 2385 quae
1488 2313 1841 2383 consignant
1859 2320 2205 2378 creaturam,

549 2405 634 2460 ita
671 2409 728 2459 et
765 2403 1102 2473 ignorantia
1140 2402 1488 2471 longissime
1528 2402 1909 2472 disjungitur.
1945 2402 2116 2464 Quod
2160 2400 2205 2454 si

546 2509 685 2558 vox,
727 2493 903 2557 solus,
946 2491 1151 2547 turbas
1190 2491 1440 2554 conciet,
1477 2489 1838 2545 intellectum
1881 2491 1956 2544 sit
2010 2489 2207 2560 potius

548 2581 708 2654 quod
734 2595 771 2636 a
801 2579 1046 2651 quibus,
1070 2579 1460 2651 ignorantiam
1481 2579 1689 2643 citans,
1715 2579 1947 2633 Patrem
1973 2577 2206 2647 disjun-

549 2669 654 2736 xit,
697 2675 903 2725 contra
943 2667 1072 2724 illos
1113 2671 1170 2723 et
1206 2655 1410 2722 divisit
1457 2667 1623 2732 illud,
1663 2668 1813 2722 solus
1835 2685 1852 2738 ;
1883 2684 2018 2739 quae
2057 2667 2206 2722 ratio

550 2763 654 2830 est,
671 2757 901 2828 angelis
921 2756 1175 2813 tribuere
1193 2755 1614 2827 ignorantiam,
1651 2761 1768 2812 tum
1802 2762 1863 2812 ut
1893 2757 2003 2812 illis
2034 2758 2208 2813 omis-

549 2849 653 2916 sis,
695 2847 774 2904 ad
803 2845 1196 2902 differentiam
1227 2845 1376 2913 Filii,
1395 2845 1469 2901 de
1501 2862 1622 2918 quo
1653 2851 1755 2902 aut
1784 2850 1991 2902 contra
2026 2862 2205 2918 quem

546 2937 693 2994 nihil
721 2937 886 3001 dixit,
911 2935 1054 2992 illud
1077 2939 1314 3007 putetur
1334 2935 1559 2992 dictum
1592 2952 1605 2990 :
1640 2957 1667 2984 «
1700 2934 1819 2991 Nisi
1849 2936 2014 2991 Pater
2038 2952 2206 2991 meus

547 3027 728 3084 solus.
779 3046 807 3079 ‹‹
846 3025 1013 3091 Quod
1043 3025 1089 3080 si
1127 3027 1286 3081 solus
1312 3025 1525 3091 turbet,
1553 3024 1871 3080 turbaeillre
1888 3025 2208 3096 dispellun-

547 3121 642 3172 tur
681 3132 786 3188 per
827 3136 851 3166 ι(
887 3118 1055 3170 Pater
1094 3130 1285 3169 meus.
1329 3136 1356 3164 ››
1398 3115 1557 3169 Patet
1586 3115 1746 3168 enim
1773 3114 1932 3184 quod
1973 3129 2094 3169 non
2130 3113 2206 3170 ad

549 3205 706 3277 seips
717 3221 816 3260 um
831 3203 1108 3259 relatione
1120 3202 1296 3268 facta,
1312 3203 1482 3274 cujus
1495 3202 1826 3258 naturalem
1841 3203 1972 3273 conj
1985 3202 2206 3258 unctio-

550 3309 686 3349 nem
727 3291 1053 3348 insinuavit
1087 3292 1328 3346 dicens:
1377 3311 1404 3342 «
1445 3297 1614 3363 pater
1654 3308 1842 3361 meus,
1889 3314 1917 3344 »
1972 3292 2079 3346 sed
2130 3292 2202 3348 ad

548 3381 680 3438 illos
711 3397 964 3453 quorum
997 3380 1400 3450 ignorantiam
1419 3381 1669 3441 notavit,
1696 3380 1859 3446 dixit,
1883 3381 2055 3437 solus.
2081 3383 2207 3437 Non

552 3469 713 3526 enim
745 3469 805 3524 in
834 3469 935 3523 illo
965 3468 1143 3534 dicto,
1191 3489 1214 3520 σ
1255 3469 1372 3524 Nisi
1411 3473 1578 3524 Pater
1609 3485 1778 3524 meus
1817 3469 1997 3537 solus,
2043 3491 2070 3518 »
2124 3469 2207 3524 in-

555 3558 904 3629 telligendus
927 3563 1014 3613 est
1041 3558 1304 3630 seipsum
1331 3558 1744 3614 disterminare
1776 3559 1852 3614 ab
1875 3574 1945 3614 eo
1985 3575 2121 3614 cum
2153 3562 2208 3614 et

553 3648 747 3704 verbis
787 3653 843 3704 et
879 3647 1049 3703 factis
1088 3652 1331 3703 testetur
1382 3664 1393 3702 :
1438 3670 1467 3699 »
1522 3649 1642 3717 Ego
1692 3654 1748 3704 et
1797 3651 1966 3704 Pater
2017 3663 2204 3703 unum

555 3755 762 3794 sumus
784 3739 830 3772 ³³
859 3754 965 3803 ;-
988 3736 1202 3792 Omnia
1217 3753 1348 3808 quas
1370 3737 1553 3793 habet
1577 3741 1762 3803 Pater,
1784 3745 2066 3794 measunt
2088 3739 2156 3789 ⁸³.
2177 3760 2205 3786 ››

557 3825 813 3883 Scientia
850 3841 990 3898 pars
1032 3829 1137 3889 est,
1188 3825 1321 3881 licet
1369 3826 1602 3895 exigua,
1645 3841 1853 3881 eorum
1893 3841 2029 3897 quae
2069 3841 2205 3880 cum

553 3914 800 3970 inﬁnitis
823 3915 954 3971 aliis
977 3929 1269 3985 generans
1291 3914 1485 3970 habet:
1518 3914 1621 3970 sed
1643 3914 1876 3986 absque
1893 3915 1986 3970 bis
2009 3913 2203 3980 dictis,

553 4005 601 4059 si
669 4009 794 4060 erat
849 4005 1189 4074 unigenitus
1244 4003 1348 4076 qui
1401 4003 1514 4058 illis
1579 4003 1994 4073 ignorantiam,
2058 4005 2206 4060 Patri

552 4094 861 4150 scientiam
887 4094 1163 4165 sssignat,
1196 4109 1329 4165 quin
1366 4097 1453 4148 est
1491 4093 1592 4147 illa
1632 4092 1936 4164 superﬂua
1975 4093 2203 4163 sapien-

551 4184 650 4249 tia,
680 4199 815 4239 cum
850 4199 914 4238 se
944 4182 1224 4252 dignatus
1268 4183 1341 4237 sit
1362 4198 1572 4237 eorum
1611 4181 1959 4253 participem
1991 4182 2204 4250 facere,

549 4289 686 4346 quas
725 4273 957 4342 majora
988 4276 1126 4326 sunt
1164 4276 1220 4326 et
1260 4273 1376 4326 Deo
1419 4270 1518 4325 soli
1577 4277 1797 4326 aeterno
1861 4278 2206 4343 competunt

550 4361 864 4433 indignum
892 4360 1159 4416 arbitrari
1186 4361 1540 4431 cognotione
1566 4361 1648 4416 rei
1676 4359 1819 4416 olim
1844 4361 2128 4417 omnibus
2149 4368 2206 4418 et

549 4452 749 4520 bonis,
779 4456 836 4508 et
870 4450 1041 4507 malis
1074 4449 1409 4507 revelandae
1429 4451 1457 4506 ‘I

622 4725 823 4795 Itaque
858 4720 1203 4778 omnimodo
1238 4723 1418 4793 patet,
1459 4719 1624 4792 quod
1660 4719 2007 4791 neutiquam
2040 4718 2201 4790 igno-

548 4813 809 4868 rantiam
839 4813 911 4880 ei,
939 4817 1112 4884 prout
1137 4811 1395 4866 haeretici
1425 4810 1650 4877 volunt,
1681 4815 2009 4880 competet;
2039 4826 2200 4866 com-

551 4902 748 4956 munis
776 4902 984 4956 doctor
1020 4906 1076 4957 et
1124 4901 1353 4970 generis
1390 4899 1572 4955 nostri
1629 4899 1810 4964 salus,
1857 4898 2191 4969 instituens,

548 5005 704 5062 quos
736 4989 1021 5061 selegerat
1048 4988 1391 5062 discipulos,
1421 4988 1694 5061 proprios
1724 5004 1865 5044 suos
1913 4988 2194 5045 modulos

546 5094 887 5150 agnoscere,
943 5085 998 5135 et
1049 5095 1085 5135 a
1139 5080 1566 5152 quaestionibus
1616 5078 1934 5145 abstinere,
1979 5078 2195 5152 quibus

614 5275 659 5311 ⁸³
687 5273 859 5332 Joan.
883 5291 942 5346 x,
983 5277 1051 5332 30
1077 5277 1123 5311 ⁸³
1148 5275 1314 5332 Joan.
1352 5293 1472 5342 xvr,
1507 5279 1596 5336 15.

2321 1786 2392 1848 τῷ
2439 1781 2542 1848 Υὶῷ
2589 1780 2616 1836 ἡ
2670 1781 2855 1850 ἄγνοια
2903 1775 3263 1845 ἐπιπηδῶσα;
3300 1784 3417 1844 Ναὶ,
3459 1773 3706 1850 omina}?
3739 1775 3791 1822 ir.-

2321 1873 2533 1938 ἢγαγεν»
2570 1888 2592 1918 ⁸
2629 1867 2689 1919 Εἰ
2728 1873 2797 1939 μὴ
2834 1870 2859 1918 ὁ
2893 1874 3070 1939 Πατήρ
3102 1887 3201 1940 μου
3233 1874 3418 1939 μόνος·
3449 1889 3470 1918 r
3501 1866 3637 1924 καλῶς
3657 1881 3697 1932 γε
3726 1861 3795 1910 λίαν

2320 1961 2408 2008 καὶ
2452 1965 2616 2028 σοφῶς
2647 1976 2658 1988 ο
2691 1959 2777 2009 ἱνα
2823 1962 2893 2029 μὴ
2941 1962 3160 2029 νομίσῃς
3209 1960 3278 2019 ὡς
3320 1963 3404 2008 καὶ
3444 1961 3546 2015 τοὺς
3582 1952 3794 2022 compita»;

2318 2050 2438 2106 νόας
2501 2042 2900 2120 διαδραμοῦσα,
2953 2053 3134 2119 χώραν
3193 2049 3315 2118 ἔχοι
3377 2051 3459 2098 καὶ
3503 2048 3660 2116 μέχρις
3699 2039 3799 2094 αὐτῆς

2319 2142 2413 2196 τῆς
2458 2141 2666 2207 πρώτης
2706 2138 2902 2207 φύσεως
2949 2140 3196 2210 προίέναι.
3245 2140 3445 2196 Ταύτης
3487 2137 3569 2204 γὰρ
3618 2128 3686 2193 δὲ,
3724 2129 3796 2175 ταί

2318 2243 2413 2284 της
2468 2229 2628 2295 μόνος
2693 2233 2783 2284 τῆς
2839 2221 3167 2296 δημιουργοῦ
3225 2231 3314 2277 καὶ
3375 2230 3537 2298 κυρίας
3583 2228 3658 2270 τῶν
3708 2215 3799 2266 ὅλων.

2319 2315 2489 2387 ὥσπερ
2549 2317 2615 2366 τὰ
2684 2314 2815 2365 ἄλλα
2881 2316 3052 2365 πάντα
3105 2313 3152 2365 ἐν
3209 2315 3288 2374 οἷς
3345 2317 3372 2372 ἡ
3443 2316 3592 2369 κτίσις
3633 2303 3800 2375 γνωρὲξε·

2318 2422 2422 2467 ταίν
2477 2404 2610 2453 οὕτω
2678 2399 2736 2455 δέ
2805 2407 2891 2454 καὶ
2964 2407 3021 2454 τὸ
3082 2412 3176 2463 τῆς
3230 2402 3437 2474 ἀγνοίας
3491 2397 3724 2472 διέρριπται
3762 2408 3804 2445 ἰδς

2317 2490 2654 2564 πορρωτάτω.
2711 2494 2769 2543 Ei
2849 2489 2906 2544 δὲ
2973 2495 3053 2559 τό,
3111 2498 3289 2563 μόνος,
3357 2495 3426 2544 ἑτι
3480 2493 3669 2560 τάραχον
3705 2486 3802 2530 lviii-

2321 2584 2534 2631 συνιέτω
2574 2579 2782 2651 μᾶλλον,
2834 2583 2914 2632 ὅτι
2963 2581 3030 2631 ὧν
3079 2586 3174 2638 τὴν
3221 2584 3430 2651 ἄγνοιαν
3469 2578 3598 2631 εἰπὼν
3633 2569 3806 2623 διέστειλε

2318 2672 2402 2720 τὸν
2459 2672 2681 2741 Πατέρα,
2732 2673 2859 2740 πρὸς
2917 2668 3140 2730 ἐκείνους
3198 2666 3416 2742 διώρισε
3468 2672 3545 2718 καὶ
3593 2667 3638 2714 τό
3682 2665 3805 2730 μάνῡς·

2319 2758 2460 2810 Ἐπεὶ
2505 2763 2620 2809 τίνα
2667 2757 2812 2828 λόγον
2871 2758 2993 2818 ὅλως
3051 2761 3188 2829 ἔχοι,
3240 2757 3469 2830 ἀγγέλοις
3515 2757 3587 2826 μὲν
3631 2753 3808 2818 insigni

2317 2852 2404 2904 τὴν
2455 2849 2666 2917 ἄγνοιαν
2717 2844 3026 2911 συνειδέναι,
3060 2844 3171 2899 εἶτα
3213 2851 3432 2908 τούτους
3461 2843 3620 2916 ἀρε-ιτα
3655 2838 3706 2896 εἰς
3735 2832 3811 2884 δια·

2321 2935 2508 2993 στολὴν
2541 2955 2598 2987 ου
2644 2933 2808 3007 μηδὲν
2853 2945 3089 2988 κατεῖπεν
3117 2940 3263 3002 Υἱοῦ,
3300 2941 3376 3002 τό,
3410 2959 3435 2983 κ
3479 2933 3529 2985 Εἰ
3554 2935 3610 3002 μὴ
3644 2929 3807 2988 “Iw-.5

2247 3059 2286 3115 ρ
2317 3044 2416 3095 μου
2448 3030 2618 3096 μόνοςθ
2657 3048 2684 3074 ι)
2717 3026 2943 3096 νομίζειν
2979 3026 3219 3098 εἰρῆσθαι
3251 3044 3264 3055 ο
3303 3029 3375 3078 ἔτι
3409 3022 3463 3076 δὲ
3501 3027 3618 3092 εἰπερ
3642 3019 3686 3068 τό
3715 3028 3814 3082 tvm;

2462 3113 2475 3115 _
2594 3111 2608 3115 ⁸
3617 3106 3632 3115 ρ
3672 3114 3676 3115 ν
3745 3097 3759 3115 ν

2320 3113 2544 3186 θορυϐεῖ,
2581 3111 2673 3166 διὰ
2717 3123 2805 3166 τοῦ
2854 3139 2881 3164 ι(
2917 3117 2941 3166 ό
2979 3121 3153 3186 Πατήρ
3187 3136 3296 3185 μου
3327 3137 3354 3165 ))
3401 3118 3455 3166 τὸ
3502 3106 3703 3180 θορυϐοὺν
3737 3097 3810 3151 δια-

2314 3202 2534 3255 λυέσθω.
2579 3202 2735 3260 Δῆλον
2783 3205 2883 3275 γὰρ
2933 3207 3000 3264 ὡς
3059 3205 3151 3255 οὐκ
3202 3203 3267 3256 ἂν
3318 3208 3439 3278 πρὸς
3485 3201 3637 3253 ἑαυτὸν
3677 3193 3720 3244 οὗ
3755 3195 3813 3244 τήν

2317 3295 2540 3362 φυσικὴν
2612 3291 2872 3344 οἰκείωσιν
2950 3291 3261 3361 ἀνεκήρυξεν
3342 3293 3488 3345 εἰπὼν
3551 3287 3636 3336 «ὁ
3693 3287 3811 3342 "177-?

2315 3399 2436 3450 μου,
2469 3401 2493 3427 ››
2528 3379 2654 3432 ἀλλά
2693 3384 2822 3454 πρὸς
2875 3379 3116 3442 ἐκείνους,
3157 3383 3222 3432 ὧν
3278 3387 3372 3440 τὴν
3406 3383 3598 3450 ἄγνοιαν
3639 3373 3690 3443 ἐφ’
3787 3363 3815 3415 δι’

2319 3475 2710 3540 συναπεφὴνατο
2758 3475 2846 3522 καὶ
2894 3475 2951 3522 τό
2991 3476 3162 3542 μόνος·
3196 3481 3308 3532 πῶς
3353 3467 3404 3523 δ’
3442 3471 3499 3521 οἷν
3527 3467 3568 3517 ἐν
3605 3471 3660 3531 τῷ
3689 3459 3816 3524 λέΊΕινι

2320 3579 2342 3608 (ι
2396 3559 2454 3610 Ei
2506 3563 2575 3630 μὴ
2629 3561 2653 3610 6
2714 3564 2891 3632 Πατήρ
2947 3579 3045 3629 μου
3103 3566 3277 3630 μόνος,
3329 3582 3356 3608 ››
3412 3559 3575 3611 ἑαυτὸν
3621 3547 3817 3620 νομισθείη

2317 3643 2654 3711 διαστῶλειν,
2709 3649 2735 3699 ό
2780 3653 2870 3700 καὶ
2931 3656 3033 3709 τοῖς
3076 3649 3273 3719 λόγοις,
3327 3653 3415 3700 καὶ
3465 3653 3564 3705 τοῖς
3609 3644 3738 3712 ἔργοις
3771 3631 3819 3699 εξ·

2315 3739 2436 3796 ἴσης
2489 3734 2646 3808 βοῶν,
2695 3760 2714 3785 ι
2763 3737 2890 3808 Ἐγὼ
2936 3743 3023 3790 καὶ
3077 3740 3102 3789 ό
3162 3744 3344 3809 Πατὴρ
3404 3738 3450 3789 ἓν
3507 3734 3711 3804 ἐσμενζθ
3745 3739 3820 3776 καιν

2319 3845 2346 3876 ι(
2378 3827 2552 3878 Πάντα
2593 3827 2693 3877 ὅσα
2737 3828 2849 3897 ἔχει
2896 3827 2921 3878 6
2955 3831 3155 3899 Πατὴρ,
3199 3826 3303 3898 ἐμοὶ
3353 3827 3502 3889 ἐστι;
3535 3845 3554 3870 ι
3585 3818 3711 3876 Δῆλον
3739 3811 3822 3879 γάρ·

2315 3917 2378 3974 ὡς
2429 3919 2518 3966 καὶ
2574 3917 2603 3973 ἡ
2655 3923 2868 3986 γνῶσις,
2916 3917 2963 3968 ἓν
3020 3935 3072 3968 τι
3131 3920 3325 3968 καὶτὸ
3382 3913 3681 3988 βραχύτατον
3723 3901 3770 3949 ὧν
3807 3914 3821 3943 ο

2313 4008 2625 4074 γεγεννηκώς
2672 4006 2805 4075 ἔχει,
2843 4009 2933 4056 καὶ
2980 4009 3144 4076 μυρία
3190 4005 3345 4059 ἄλλα.
3399 4009 3556 4074 Χωρὶς
3583 3995 3634 4050 δὲ
3669 4001 3742 4043 τῶν
3778 4005 3824 4035 εει

2313 4097 2564 4165 ρηριένων,
2617 4093 2659 4146 εἰ
2712 4093 2870 4155 αὑτός
2921 4091 2981 4152 ἦν
3036 4096 3061 4144 ό
3114 4099 3399 4166 μονογενὴς
3447 4093 3470 4142 6
3519 4095 3615 4147 τοῖς
3659 4085 3724 4158 ft}?
3763 4094 3824 4127 τίν

2313 4184 2545 4252 οἰγνοιαν,
2579 4189 2650 4249 τῷ
2703 4187 2870 4253 Πατρὶ
2901 4178 2960 4234 δὲ
3006 4179 3222 4234 διαιτῶν
3272 4187 3369 4240 τὴν
3399 4188 3599 4252 γνῶσιν,
3626 4171 3736 4231 Titii
3767 4182 3829 4215 τε·

2311 4276 2462 4343 ριττὴ
2536 4275 2694 4342 σοφία
2751 4271 2904 4337 αὕτη,
2961 4271 3140 4324 ἑαυτὸν
3194 4271 3448 4334 ἀξιοῦντα
3493 4275 3582 4319 τῶν
3631 4259 3824 4334 μειζόνων.

2311 4364 2402 4411 καὶ
2444 4358 2479 4410 ἀ
2526 4364 2663 4431 μόνῳ
2711 4367 2825 4429 Θεῷ
2874 4359 2949 4412 ἀεὶ
2996 4357 3298 4432 διαπρέπει,
3334 4360 3622 4433 πράγματος
3665 4347 3722 4407 εἰς

2235 4439 2281 4494 D
2312 4468 2400 4509 τας
2452 4449 2664 4522 ὕστερον
2726 4453 2813 4501 καὶ
2889 4446 3211 4510 σπουδαίους
3291 4454 3384 4500 καὶ
3441 4444 3646 4518 φαύλους
3703 4438 3832 4504 ὁμοίως

2311 4537 2849 4612 ἐκκαλυφθησομὲνου,
2922 4547 3012 4600 τῆς
3096 4545 3346 4611 γνώσεως
3439 4534 3628 4597 ἀνάξιον
3678 4525 3833 4592 ali-'9'?”

2308 4649 2407 4684 νειν
2429 4645 2446 4686 :
3818 4697 3825 4704 '

2379 4720 2500 4794 'Ap’
2555 4722 2614 4775 οὗ
2689 4723 3016 4792 πανταχόθεν
3073 4725 3366 4792 γνώριμον,
3424 4719 3488 4777 ὡς
3537 4705 3774 4780 οὐδαμὸθτι
3815 4717 3832 4751 π

2308 4811 2492 4882 ἄγνοια
2543 4819 2650 4872 τοῖς
2701 4812 3027 4883 αἱριτίζουσι
3085 4805 3514 4882 πνδραμείται;
3560 4804 3612 4854 Ὀ
3656 4802 3727 4870 μὲν
3768 4804 3834 4858 7⁹9

2305 4903 2476 4961 κοινός
2524 4897 2870 4969 διδάσκαλος,
2901 4904 2990 4952 καὶ
3037 4907 3129 4951 τοῦ
3176 4902 3367 4970 γένους
3410 4897 3646 4969 ἡμετέρου
3691 4883 3834 4948 me

2308 4989 2395 5050 οὓς
2447 4988 2677 5063 ἀφώρισε
2729 4990 2968 5062 μαθητὰς
3022 4984 3291 5041 παιδεύων
3346 4988 3416 5039 τὰ
3471 4984 3627 5037 οἰκεῖα
3673 4977 3836 5028 συνιέναι

2303 5083 2492 5155 μέτρα,
2553 5083 2642 5134 καὶ
2697 5059 3009 5152 ζῆτημάτων
3083 5080 3410 5150 ἀναχωρεῖν,
3468 5072 3504 5126 ἀ
3571 5067 3671 5146 βίον
3740 5059 3836 5132 ph?

1845 5493 1851 5502 ι
1879 5459 2112 5515 νΑΒΙβΕ
2146 5458 2548 5518 LECTIONES.

599 5663 630 5707 ι)
661 5651 718 5707 C.
751 5647 818 5707 Μ.
846 5646 898 5702 ὃν
928 5647 1112 5722 μέχρι.
1189 5652 1217 5700 (1
1248 5643 1308 5700 C.
1350 5642 1419 5698 Μ.
1453 5642 1736 5720 ὑπεξαίρει.
1814 5656 1842 5698 (ι
1871 5643 1971 5700 'C.
2001 5647 2072 5703 M.
2101 5649 2215 5720 ἔφη.

2297 5660 2317 5690 ι
2351 5650 2410 5704 c.
2445 5649 2514 5704 Μ.
2540 5646 2575 5699 ἃ
2600 5645 2704 5720 βίω
