3906 6186
23 269 98 332 δτι
976 269 1074 331 ΑΙ)
1111 269 1666 332 AMPHILOCHIUM
1705 263 2035 342 QUESTIO
2081 267 2277 330 CXIV.

3193 271 3296 331 678

25 399 164 454 οὐδένα
194 397 360 470 βελτίω
389 405 534 466 ποιεῖ,
577 403 732 470 ὄγκου
781 396 840 453 δὲ
878 405 966 454 καὶ
1017 409 1163 455 κενοῦ
1207 405 1536 475 φυσήματος,

1765 399 2002 472 ιιίιιιιοω
2031 399 2152 456 vita
2184 397 2390 456 melior
2429 397 2720 465 redditur,
2750 397 2856 454 sed
2883 401 3118 472 tumore
3147 414 3307 458 vano

25 491 154 543 ἒτᾶοτι
185 489 366 550 πολλοῖς
409 490 650 548 ὑπόθεσις
697 490 920 560 γίγνοιτ’
973 491 1054 556 ἄν,
1096 491 1303 554 ἀλύπως
1352 511 1405 544 τε
1444 491 1538 542 αὐ-

27 590 104 642 τοῖς
143 583 198 631 τὰ
239 587 322 640 τῆς
374 578 602 649 ὡτνε)είας
651 577 980 650 εἰσηγεῖσθαι
1034 577 1540 654 διοικονομούμενος,

27 677 88 722 καὶ
221 670 374 720 πειθοί
408 667 614 738 μᾶλλον,
652 667 680 725 η
713 663 804 720 διὰ
845 665 934 729 τῆς
963 667 1106 741 βίας⁹
1149 675 1268 732 τοὺς
1295 669 1545 741 ἀγγέλους

29 761 156 818 αὐτοῖς
194 757 476 832 προκομίζει
527 756 597 818 εἰς
653 754 1014 829 παράδειγμα,
1097 767 1176 810 ῖνα
1247 761 1410 834 ὧνπερ
1491 765 1546 818 ul

29 849 234 918 ἁτώματοι
289 851 370 897 καὶ
423 847 548 918 ὑπὲρ
625 847 764 917 ἡμᾶς
821 847 998 899 οὐσίαι
1056 853 1146 907 τὴν
1204 857 1396 920 γνῶσιν
1451 849 1544 902 οὐκ

27 943 160 1008 ἔχοιεν,
207 939 378 988 τούτων
416 932 542 1008 μηδ’
591 936 742 988 αὐτοὶ
792 936 1052 1002 λαϐόντες,
1101 943 1235 1010 μήτε
1275 937 1540 1006 ἀνιᾶσθαι,

33 1039 126 1096 ιιι-ε
172 1033 232 1096 τῷ
283 1021 588 1096 διδασκάλῳ
645 1021 808 1096 μηδὲν
863 1025 1118 1080 ἐπικαλεῖν
1179 1039 1198 1068 8
1249 1030 1417 1099 ἔχοιεν
1470 1033 1541 1100 μὴ

29 1115 262 1186 βουληθέντι
307 1110 539 1178 διδάξαι,
595 1113 632 1165 οἰ
689 1111 818 1186 μηδ’
861 1117 890 1173 ἡ
953 1124 1053 1168 τῶν
1115 1115 1405 1188 ἀσωμάτων
1457 1123 1546 1170 καὶ

31 1207 116 1275 ὑπὲρ
149 1203 334 1276 ,αὐτοὺς
384 1207 538 1275 φύσις
590 1201 858 1274 ἐγίνωσκε.
915 1209 978 1257 Τί
1034 1208 1120 1256 οὖν
1178 1224 1190 1274 ;
1255 1206 1348 1258 οὐκ
1401 1209 1544 1281 ἤρκει

29 1305 133 1344 τούτο
170 1299 264 1354 τοῖς
315 1294 592 1365 μαθηταῖς,
638 1297 712 1354 εἷς
761 1313 815 1346 τε
869 1299 926 1346 τὸ
984 1293 1318 1346 ἀλυπώτατον
1373 1295 1548 1358 αὐτοῖς

29 1389 92 1438 τὴν
121 1391 194 1443 τῆς
231 1381 466 1442 αἰτήσει-ος
501 1380 800 1453 ἀποτυχίαν
847 1379 1148 1446 διαθέσθαι,
1183 1389 1390 1446 καὶτὰς
1411 1391 1550 1456 γνώ-

28 1491 110 1542 μας,
145 1471 206 1532 εἰς
245 1475 295 1522 τὸ
345 1467 504 1542 μηδὲν
545 1479 645 1522 τῶν
690 1473 814 1546 ὑπὲρ
855 1473 1044 1532 αὐτοὺς
1097 1473 1304 1547 ἐρευνᾲν
1361 1472 1552 1548 καταρ-

29 1563 238 1632 iui-uiam-
287 1558 386 1610 ἀλλ’
433 1557 540 1611 ἔδει
587 1551 692 1634 ἄρα
721 1565 810 1612 καὶ
859 1567 952 1620 τὴν
979 1562 1328 1614 ἐνυπὸστατον
1369 1567 1551 1634 σοφίαν

31 1653 88 1698 τον
125 1650 222 1700 Υὶὸν
271 1648 332 1710 εἰς
395 1653 485 1706 τήν
551 1647 776 1713 ἐκείνων,
823 1651 891 1711 ὡς
947 1653 1096 1716 ἔοικε,
1157 1653 1554 1724 περιενεχθῆναι

1652 495 1707 545 et
1737 489 2030 547 inﬂatione
2061 490 2316 562 repletos
2355 489 2436 546 ita
2483 489 2622 560 agit,
2664 493 2720 545 et
2747 487 3028 562 disponit,
3081 493 3146 545 ut
3183 488 3310 545 sine

1656 595 1928 644 maerore,
1945 579 2245 652 quaeipsis
2267 577 2436 635 utilia
2453 583 2606 650 sunt,
2639 579 3114 651 apprehendant,
3131 577 3312 650 idque

1654 669 2054 738 suasupotius
2081 685 2266 740 quam
2297 667 2579 724 violentia
2609 685 2620 722 :
2648 667 2728 724 ita
2751 667 2998 738 angelos
3029 668 3088 724 in
3116 683 3314 724 exem-

1655 757 1820 828 plum
1855 757 2142 828 posternit
2171 757 2239 812 iis
2269 779 2280 822 ;
2313 763 2373 813 ut
2402 757 2920 830 quemadmodum
2972 757 3086 812 illa;
3117 757 3313 812 incor-

1653 861 1870 917 poreas.
1898 853 2270 916 etsupranos
2295 845 2644 902 substantiae
2665 846 2880 901 harum
2905 862 3104 902 rerum
3129 845 3318 902 scien-

1656 933 1796 990 tiam
1815 951 1936 990 non
1967 935 2320 1007 percipiunt,
2353 935 2432 992 ita
2453 953 2562 992 nec
2593 935 2756 1006 ipsos
2791 951 2852 990 se
2893 940 3312 991 consecuturos

1654 1025 1987 1096 opinentur,
2009 1041 2128 1080 non
2149 1031 2332 1080 tamen
2349 1025 2482 1080 inde
2499 1023 2849 1094 afﬂigantur,
2870 1029 2968 1080 aut
2983 1025 3318 1096 magistrum

1653 1114 1948 1177 incusent,
1981 1113 2028 1168 si
2057 1113 2270 1170 docere
2301 1113 2499 1178 nollet,
2535 1130 2664 1185 qua:
2697 1129 2770 1168 ne
2797 1113 3164 1184 incorporeas
3187 1113 3316 1186 qui-

1655 1202 1784 1258 dem
1800 1207 1856 1258 et
1872 1219 2143 1275 superna:
2157 1203 2506 1260 substantiae
2522 1203 2735 1258 sciunt.
2753 1203 2902 1268 Quid
2923 1219 3084 1272 ergo,
3103 1219 3176 1258 an
3195 1219 3316 1257 non

1657 1289 2024 1347 satisfactum
2047 1291 2180 1346 hinc
2206 1291 2512 1362 apostolis,
2545 1297 2606 1347 ut
2635 1291 2762 1346 sine
2811 1291 3042 1347 tristitia
3099 1292 3322 1346 ferrent

1659 1380 2007 1452 petitionem
2031 1396 2152 1436 non
2169 1381 2455 1444 obtinere,
2484 1385 2540 1435 et
2555 1381 2628 1436 ad
2652 1380 2838 1436 animi
2856 1381 3208 1436 sententiam
3239 1379 3321 1435 ita

1659 1469 2158 1536 confirmandam,
2205 1474 2268 1524 ut
2300 1484 2374 1524 ne
2403 1469 2776 1538 investigent,
2823 1485 2955 1542 quae
2982 1473 3113 1524 sunt
3133 1484 3316 1540 supra

1661 1558 1845 1630 ipsos.
1871 1558 1982 1614 nisi
2007 1559 2184 1614 etiam
2205 1557 2385 1612 Filius
2417 1557 2819 1628 illasapientia
2845 1557 3233 1630 inhypostata
3254 1559 3318 1612 in

1661 1663 1860 1702 eorum
1883 1647 2272 1718 ignorantiam
2289 1651 2612 1702 assumatur
2627 1645 2653 1698 ‘?
2675 1649 2730 1700 et
2747 1646 3070 1717 quodnam,
3092 1663 3320 1718 quaeso,

29 1739 228 1806 imm;
268 1743 350 1788 καὶ
409 1743 458 1789 τί
513 1740 869 1812 παραμύθιον,
939 1740 968 1798 ἦ
1039 1741 1366 1812 παράκλησις
1433 1745 1554 1792 ποία

1789 1751 1934 1790 .men
1957 1751 2092 1806 quae
2125 1734 2454 1790 consolatio
2487 1733 2588 1790 Dei
2619 1733 2960 1804 ignorantia
2993 1735 3102 1789 erit
3131 1735 3331 1790 colen-

33 1831 120 1878 Θεοῦ
157 1825 320 1896 ἄγνοια
354 1833 458 1888 τοῖς
509 1826 836 1898 λατρευταίς,
865 1833 1109 1901 προνοίας
1154 1849 1206 1881 τε
1235 1837 1325 1889 τῆς
1370 1828 1554 1880 ἐκεῖθεν

35 1935 92 1964 καί
133 1921 294 1986 σοφίας
346 1912 604 1987 δεομένοις
635 1933 650 1980 ;
685 1915 874 1986 μᾶλλον
925 1913 982 1968 δε
1025 1927 1134 1978 πῶς
1179 1918 1305 1988 οὐχὶ
1356 1916 1560 1988 βάθοςῑ

35 2001 324 2072 ἀπογνώσεως,
371 2009 458 2056 καὶ
511 1999 770 2066 δυσσεϐὲς
821 2005 980 2066 ἄλλως
1019 2011 1108 2058 καὶ
1163 2011 1345 2066 σκότος
1396 2004 1556 2078 βαθὺ,

35 2097 92 2140 ui
131 2091 300 2162 ἀθυμία
343 2093 568 2164 ἐσχάτη,
623 2099 711 2144 καὶ
757 2093 920 2151 πλοίνη
971 2091 1101 2166 μηδ’
1161 2093 1294 2146 ἔλεον
1334 2097 1557 2164 ἔχουσα,

37 2185 124 2230 θεον
167 2184 289 2252 ἔχειν
343 2180 550 2252 ἀγνοίας
607 2185 818 2248 ἦττονα,
873 2187 962 2234 καὶ
1013 2191 1191 2235 τοῦτον
1237 2182 1561 2255 ἀνομολογεῐν

37 2277 96 2318 τον
129 2275 397 2342 οοςοίσοντος
447 2267 676 2336 δεῖσθαι,
710 2277 798 2323 καὶ
842 2281 936 2332 τῆς
979 2272 1150 2344 ἐτέρου
1195 2277 1456 2346 προνοίας,
1501 2271 1562 2322 ἶν’

35 2361 306 2430 igua-195?:
357 2359 394 2411 οἱ
447 2357 672 2432 μηδέπω
722 2365 860 2430 τέως,
916 2363 1090 2435 ὥσπερ
1149 2357 1262 2414 οὐδ’
1321 2363 1350 2420 ἡ
1409 2361 1560 2418 λοιπὴ

38 2457 174 2512 κτίσις,
205 2446 373 2516 cide);
405 2451 462 2504 Εἰ
511 2455 600 2522 μὲν
649 2455 752 2526 γὰρ
803 2455 936 2502 κατά
987 2455 1044 2503 τὸ
1105 2450 1424 2526 ἀνθρώπινον
1469 2471 1566 2502 παι

36 2533 256 2608 Ιοειὸέχοιτὸ
295 2559 370 2600 τις
415 2543 508 2597 τὴν
555 2539 787 2610 ἄγνοιαν,
845 2543 1046 2614 εἴρηται
1086 2545 1174 2592 καὶ
1222 2543 1466 2614 πρόσθεν,
1499 2543 1568 2601 ὡς

39 2621 144 2674 οὐδὲν
189 2623 428 2702 δυσχερὲς
481 2633 573 2686 τὴν
623 2637 714 2690 τῆς
770 2635 956 2702 σοφίας
1005 2634 1200 2698 πηγὴν,
1243 2633 1348 2694 τὸν,
1403 2631 1502 2680 ὃσα
1541 2631 1566 2680 6

39 2717 184 2786 Πατὴρ,
223 2721 304 2768 καὶ
352 2713 530 2769 εἰδότα
572 2723 662 2768 καὶ
715 2721 926 2790 ἔχοντα,
982 2717 1155 2792 ὥσπερ
1207 2721 1268 2770 τὰ
1317 2717 1446 2768 ἀλλα
1485 2717 1569 2768 ἀν-

43 2803 228 2872 Ξιοιέιπινα,
279 2806 412 2858 οὑτω
469 2812 558 2858 καὶ
611 2812 704 2864 τὴν
741 2809 972 2878 ἄγνοιαν,
1029 2804 1374 2860 ὑποδύεσθαι.
1419 2807 1482 2861 Εἰ
1518 2803 1570 2858 δ’

39 2889 82 2946 εξ
125 2899 196 2950 τὴν
241 2896 372 2946 θείαν
413 2895 570 2947 αὑτοῦ
629 2901 716 2947 xui
771 2897 1036 2968 οῐχραντον
1084 2899 1260 2968 φύσιν,
1312 2901 1406 2954 τὴν
1469 2894 1568 2948 ἀπὸ

41 2979 294 3050 τέςέιγνοίας
342 2983 492 3058 ὕϐριν
533 2985 797 3057 ἀναφέροι,
842 2994 946 3046 πῶς
986 2985 1043 3036 οὐ
1089 2988 1415 3057 πανταχόθεν
1457 3005 1569 3057 χα-

1669 1824 1826 1880 tibus
1863 1828 2067 1892 Deum,
2104 1823 2208 1896 qui
2235 1823 2608 1894 providentia
2665 1831 2718 1878 et
2766 1823 3054 1893 sapientia
3085 1822 3327 1878 caelesti,

1668 1931 1818 1986 Opus
1835 1913 2092 1968 habent?
2111 1915 2308 1968 Potius
2326 1912 2756 1984 desperationis
2773 1911 3074 1984 quoddam
3095 1911 3334 1985 profun—

1668 2003 1837 2068 dum,
1861 2002 2158 2074 impietas,
2183 2003 2385 2058 densae
2410 2003 2682 2066 tenebrae,
2726 2007 2987 2056 extrema
3019 2003 3333 2058 disconso-

1669 2092 1806 2148 latio
1839 2097 1892 2146 et
1917 2107 2074 2146 error
2104 2107 2226 2146 non
2255 2091 2634 2146 miserandus
2679 2091 2805 2154 erit,
2867 2093 3052 2146 Deum
3111 2091 3332 2146 habere

1671 2179 2023 2250 ignorantiae
2058 2181 2470 2251 subjacentem
2493 2185 2549 2235 et
2579 2179 2638 2234 in
2661 2178 2933 2234 confesso
2961 2179 3329 2250 indigentem

1673 2269 2036 2326 institutione
2067 2275 2122 2324 et
2150 2268 2473 2324 directione
2517 2268 2780 2332 alterius,
2827 2273 2978 2324 utea
3021 2267 3330 2340 intelligat,

1674 2376 1808 2432 quae
1823 2359 2112 2424 nondum,
2137 2375 2244 2414 nec
2261 2357 2452 2430 magis
2465 2374 2650 2430 quam
2667 2363 2892 2413 caetera:
2917 2361 3222 2424 creaturae,
3251 2357 3338 2413 in-

1677 2447 1912 2504 tellexit.
1941 2446 1996 2503 Si
2024 2447 2160 2520 quis
2176 2448 2444 2502 humano
2458 2463 2622 2502 more
2645 2445 3330 2518 accipiatignorantiam,

1671 2537 1798 2608 jam
1829 2541 1964 2592 ante
1995 2535 2222 2592 dictum
2253 2543 2363 2600 est,
2389 2551 2510 2591 non
2537 2552 2664 2592 esse
2699 2535 3087 2598 offendiculo,
3121 2535 3166 2589 si
3185 2533 3337 2604 fons,

1677 2627 2002 2699 sapientiae,
2023 2627 2124 2698 qui
2150 2627 2354 2682 omnia
2374 2625 2558 2690 novit,
2589 2626 2772 2682 habet
2791 2625 3132 2697 omniaquae
3149 2627 3334 2690 Pater,

1677 2715 1756 2770 uti
1789 2719 2000 2770 caetera
2027 2715 2396 2776 humanitus.
2427 2717 2506 2770 ita
2533 2720 2586 2770 et
2613 2713 3017 2784 ignorantiam
3064 2714 3337 2769 subiisse.

1681 2805 1776 2862 Sin
1805 2805 1860 2860 in
1880 2805 2146 2859 divinam
2177 2805 2367 2876 ipsius
2387 2808 2445 2858 et
2469 2803 2848 2876 impollutam
2873 2809 3151 2858 naturam
3175 2803 3341 2872 igno-

1681 2895 1874 2950 rantia
1886 2893 2312 2948 contumeliose
2331 2893 2636 2961 ingeratur
2652 2892 2930 2962 impietas
2945 2897 3034 2946 est
3057 2899 3341 2958 extrema,

1680 2988 1736 3038 et
1770 2979 2208 3051 indulgentiam
2263 2980 2575 3034 excedens.
2631 2979 2744 3035 Sed
2799 2985 2854 3034 et
2897 2979 3216 3034 considera
3266 2979 3343 3032 sis

39 3075 140 3120 νεῖον
167 3079 316 3125 τεκαὶ
347 3075 526 3146 μεῖζον
575 3081 890 3146 συγγνώμης
929 3079 986 3126 τὸ
1021 3071 1337 3148 δυσσέϐημα
1367 3095 1379 3142 ;
1416 3079 1479 3126 Σὺ
1514 3071 1570 3126 δὲ

1799 3086 1919 3126 :um
1947 3069 2104 3124 istud
2135 3085 2146 3122 :
2176 3067 2326 3122 dixit
2355 3067 2572 3122 alicubi
2609 3069 2886 3122 Servator
2919 3083 2930 3122 :
2959 3089 2986 3116 «
3023 3070 3207 3122 Nemo
3237 3083 3341 3122 no-

37 3175 100 3224 μοι
121 3159 292 3214 κακεῖνο
335 3167 728 3216 συνεπισκόπευ
775 3167 866 3236 ἔφη
909 3184 1008 3216 που
1037 3165 1062 3215 6
1095 3170 1290 3237 Σωτήρ·
1317 3183 1346 3218 ς
1384 3161 1572 3225 Οὐδεὶς

41 3241 116 3296 suis
159 3253 230 3301 τὸν
277 3257 502 3326 Πατέρα,
557 3251 602 3304 εἰ
643 3257 714 3324 μὴ
769 3254 793 3304 ὁ
843 3255 978 3315 Υἱός.
1009 3277 1036 3304 ›)
1069 3259 1130 3306 Τί
1171 3255 1258 3306 οὖν
1288 3271 1300 3320 ;
1333 3253 1436 3328 ἄρα
1486 3259 1571 3306 τὸν

43 3339 204 3410 Πατέρα,
229 3336 312 3392 διὰ
341 3345 420 3410 τὸ,
453 3361 478 3391 ι
514 3336 701 3401 Οὐδεὶς
731 3337 862 3408 οἶδε,
911 3365 939 3394 ›)
971 3347 1060 3394 καὶ
1100 3339 1194 3396 διὰ
1237 3347 1316 3412 τὸ,
1349 3367 1374 3392 ‹‹
1407 3345 1468 3398 Εἰ
1499 3347 1568 3416 μὴ

43 3439 58 3468 ο
83 3427 184 3492 Υἱὸς,
215 3449 238 3478 ι)
279 3438 369 3492 τῆς
417 3431 606 3482 ἑαυτοῦ
659 3432 982 3504 ὑπερορίσεις
1027 3437 1268 3502 γνώσεως
1295 3449 1308 3498 ;
1337 3439 1426 3485 καὶ
1464 3441 1574 3494 πῶς

39 3511 126 3582 cili
178 3514 316 3570 τοῦτο
363 3525 529 3592 μανία
571 3519 830 3594 λαμπροί;
884 3521 1040 3574 Ἀ).λὰ
1089 3529 1254 3574 ταῦτα
1305 3525 1394 3596 μὲν
1445 3526 1572 3596 πρὸς

43 3599 376 3666 πντιὸιαστοὶὴν
453 3617 576 3672 τῶν,
658 3609 760 3660 ὃσα
823 3612 952 3681 μετὰ
1023 3614 1116 3668 τὴν
1166 3617 1376 3682 πρώτην
1462 3610 1574 3662 ἐστὶ

41 3708 168 3758 ἔντη,
214 3701 430 3762 νοήσεις,
494 3694 740 3769 οὐδαμῶς
787 3695 846 3750 δὲ
897 3703 1031 3751 κατὰ
1061 3707 1152 3751 τοῦ
1199 3703 1411 3774 Πατρός·
1457 3719 1574 3752 συν-

39 3786 324 3854 ετινοοὺμενον
399 3784 462 3839 δὲ
520 3787 710 3859 μᾶλλον
761 3788 936 3853 αὐτὸν,
991 3795 1081 3842 καὶ
1148 3795 1576 3862 συνεισαγόμενον

39 3875 76 3934 τε
123 3879 272 3948 μνήμη
323 3887 414 3929 τοῦ
503 3879 626 3930 Υἰοῦ
681 3883 770 3930 καὶ
833 3887 938 3940 πῶς
1006 3875 1262 3930 κάπειδὰν
1345 3877 1572 3950 ἀκούοις,

89 3957 244 4026 (ᾕδεις
281 3963 392 4019 οἵδε
435 3971 534 4024 τὴν
577 3965 734 4040 ὥραν,
767 3967 810 4020 εἰ
855 3972 926 4040 μὴ
957 3969 982 4019 6
1025 3972 1226 4042 Πατὴρ,
1257 3988 1286 4020 ›)
1331 3969 1460 4040 οὐχὶ
1491 3973 1576 4020 τὸν

41 4051 147 4099 me
195 4054 368 4126 θεσμὸν
439 4064 734 4127 συντηρεῖς,
803 4063 890 4109 καὶ
946 4065 1008 4130 τῇ
1068 4061 1159 4130 μὲν
1225 4065 1316 4110 τοῦ
1375 4061 1576 4132 Πατρὸς

37 4143 166 4208 ,κνήμῃ
206 4153 512 4204 ουνεπινοείς
549 4149 634 4196 τὸν
683 4147 819 4198 Υἱόν·
870 4149 928 4197 τὸ
963 4143 1040 4212 δὲ,
1079 4170 1098 4196 ι
1146 4143 1332 4207 Οὐδεὶς
1363 4144 1492 4218 οἶδε,
1545 4168 1572 4198 ))

39 4229 76 4290 Tr}
115 4233 258 4282 κτίσει
295 4239 464 4306 νέμεις
511 4243 572 4306 τῇ
617 4235 798 4308 λογικῇ
833 4253 846 4302 ;
878 4240 1052 4288 καίτοι
1105 4235 1325 4288 ἐνταῦθα
1353 4240 1441 4309 μὲν
1489 4241 1576 4288 καὶ

35 4320 274 4384 κτισμάτων
329 4327 510 4394 φύσιν,
579 4323 695 4375 κατ’
769 4321 922 4392 εἶδος,
1001 4323 1434 4399 ἀπηρίθμήσατ⁰’
1485 4330 1574 4377 καὶ

37 4413 240 4478 infiget;
291 4405 350 4468 ἦν
399 4415 484 4478 τὸ,
548 4433 576 4462 ι(
627 4409 819 4474 Οὐδεὶς
867 4410 1028 4480 οἰδὲν,
1059 4433 1087 4466 ν
1119 4413 1194 4466 ἐπ’
1247 4417 1446 4468 ἐκείνων
1492 4413 1578 4466 ἐκ-

39 4488 176 4576 ικὲιῖνο
227 4501 273 4548 ἑν
327 4511 356 4542 l1
407 4497 470 4554 δὲ
521 4504 603 4568 τὸ,
653 4525 682 4552 ι(
741 4497 932 4564 Οὐδεὶς
971 4499 1084 4555 οἶδε
1134 4507 1222 4555 τὸν
1271 4508 1494 4578 Πατέρα,
1547 4523 1576 4556 )›

37 4593 232 4636 natura?
263 4593 396 4662 φέρει
437 4595 534 4650 τὴν
565 4594 760 4663 φωνὴν,
800 4597 890 4644 καὶ
928 4591 1022 4644 οὐκ
1070 4595 1302 4664 ἔχουσαν
1355 4593 1475 4646 ὅσον
1525 4589 1580 4644 ἐκ

37 4677 103 4716 τέο
137 4683 520 4750 προειρημένων,
575 4680 650 4752 ἐφ’
699 4681 768 4732 ὧν
822 4683 1070 4756 μερισθῇ.
1125 4681 1186 4736 Εἰ
1243 4683 1328 4735 οὖν
1381 4681 1428 4734 ἐν
1487 4695 1575 4756 τῷ,

37 4775 54 4800 ε
89 4757 242 4824 Οὲδεὶς
293 4763 404 4820 οἶδε
457 4772 548 4821 τὸν
601 4773 804 4843 Πατέρα
857 4771 900 4822 εἰ
945 4774 1014 4843 μὴ
1053 4772 1078 4822 ὁ
1126 4773 1266 4842 Υἱὸς,
1297 4793 1326 4822 ’³
1382 4776 1582 4846 φεύγεις

134 4859 390 4931 γεννητορα
451 4856 810 4932 βλασφημεῖν,
863 4856 1002 4932 pud”:
1059 4859 1108 4912 ἐν
1159 4869 1254 4931 τῷ,
1308 4885 1335 4912 ‹‹
1394 4859 1586 4926 Οὐδεὶς

35 4929 114 4984 ωδε
149 4945 226 4996 τὴν
269 4943 422 5018 ὥραν,
485 4947 530 5000 εί
571 4952 644 5020 μὴ
679 4950 706 5000 6
757 4955 958 5025 Πατὴρ,
995 4969 1022 5002 )›
1065 4949 1132 5010 εἰς
1175 4949 1322 5024 ὕϐριν
1355 4959 1446 5004 τοῦ
1475 4973 1588 5026 γεν-

37 5041 212 5090 Ϊξιιιιιτος
279 5045 592 5109 mpm-umis.
681 5039 740 5090 Ei
817 5035 876 5092 δε
951 5041 1009 5091 τὸ
1079 5035 1316 5114 δεύτερον
1375 5041 1586 5115 τολμᾷς,

39 5120 384 5192 ’τὲπῖτάὶμηταί
437 5145 528 5178 σοι
584 5127 754 5198 πολλῷ
825 5127 1016 5200 μᾶλλον
1087 5134 1175 5182 καὶ
1237 5133 1294 5184 τὸ
1363 5139 1585 5206 πρῶτον*

39 5205 327 5286 audiat-epos
391 5217 494 5290 γὰρ
553 5215 732 5270 ἑαυτὸν
793 5215 1012 5290 ἀγνοεῖν,
1068 5220 1096 5278 ἣ
1163 5220 1348 5294 ἕτερον·
1411 5225 1460 5274 τί
1509 5225 1581 5295 μὴ

1681 3159 1762 3216 vit
1787 3159 2036 3222 Patrem,
2061 3156 2172 3212 nisi
2202 3155 2376 3211 Filius
2410 3173 2422 3210 :
2453 3177 2479 3208 )›
2519 3155 2656 3210 Hinc
2681 3172 2754 3210 an
2789 3155 3022 3212 Patrem
3059 3155 3344 3211 excludes

1683 3265 1720 3304 a
1750 3249 1841 3303 sui
1863 3246 2204 3316 cognitione
2243 3261 2348 3316 per
2373 3244 2520 3300 illud
2568 3261 2582 3300 :
2632 3264 2660 3296 ι(
2709 3247 2894 3300 Nemo
2949 3245 3134 3314 novit,
3195 3264 3222 3296 »
3277 3249 3343 3300 et

1681 3337 1856 3404 illud;
1893 3335 2059 3393 «Nisi
2093 3335 2264 3390 Filius
2285 3335 2312 3391 ?
2343 3356 2366 3385 (ι
2396 3339 2454 3390 at
2481 3334 2608 3390 haec
2630 3333 2866 3389 insania
2883 3333 3211 3406 conspicua
3234 3339 3342 3388 est.

1683 3431 1830 3484 Nam
1852 3427 1964 3482 hoc
1982 3423 2436 3494 intelligendum
2458 3429 2563 3487 est,
2583 3424 2660 3480 ad
2683 3423 3104 3479 antidiastolen
3139 3439 3346 3479 eorum

1681 3533 1812 3588 quae
1843 3522 1980 3589 post
2007 3517 2265 3587 primam
2311 3519 2586 3570 naturam
2649 3513 2994 3578 subsistunt,
3026 3517 3080 3568 et
3111 3529 3232 3568 non
3285 3517 3349 3568 ut

1685 3610 1914 3662 Patrem
1942 3604 2481 3676 comprehendunt.
2527 3603 2813 3667 Quocirca
2860 3619 2992 3656 cum
3042 3619 3182 3657 eum
3224 3617 3346 3657 una

1685 3699 2062 3766 conceptum,
2086 3697 2144 3748 et
2175 3708 2295 3748 una
2335 3691 2645 3746 inductum
2683 3707 2821 3746 cum
2867 3691 3010 3745 Filio
3057 3689 3344 3748 memoria

1683 3783 1918 3852 recolis,
1951 3789 2162 3838 etcum
2202 3781 2377 3836 audis
2423 3797 2434 3835 :
2491 3803 2510 3830 ι
2541 3783 2719 3836 Nemo
2767 3781 2932 3835 novit
2969 3781 3176 3836 horam
3229 3779 3347 3834 nisi

1686 3871 1926 3936 Pater,»
1949 3887 2150 3926 nonne
2181 3887 2252 3926 ex
2284 3871 2492 3926 eadem
2520 3869 2648 3938 lege
2681 3871 2828 3938 agis,
2863 3873 2918 3924 et
2956 3869 3126 3924 Patre
3181 3884 3347 3924 com-

1689 3967 2016 4016 memorato
2041 3959 2244 4015 Filium
2275 3959 2548 4028 intelligis
2579 3955 2607 4011 ?
2637 3958 2798 4028 illud,
2831 3981 2856 4008 ‹‹
2889 3959 3072 4012 Nemo
3097 3959 3280 4022 novit,
3315 3979 3342 4006 »

1689 4051 1762 4105 ad
1791 4055 2126 4106 creaturam
2153 4047 2494 4104 transcribis
2517 4046 2892 4108 rationalem,
2917 4046 3018 4100 ubi
3052 4051 3344 4100 creatura-

1685 4157 1818 4196 rum
1847 4145 2118 4194 uuturam
2146 4139 2476 4192 secundum
2511 4137 2738 4207 species
2771 4136 3097 4200 recensuit;
3121 4135 3194 4188 de
3216 4135 3346 4204 qui-

1685 4229 1800 4285 bus
1835 4229 2073 4300 propius
2095 4233 2200 4292 est,
2233 4233 2291 4281 ut
2317 4248 2344 4276 «
2374 4229 2556 4281 Nemo
2601 4225 2782 4289 novit,
2813 4247 2838 4274 »
2885 4223 3246 4293 intelligatur
3283 4221 3344 4276 in

1685 4319 1786 4375 illo
1805 4319 1984 4384 dicto,
2017 4339 2040 4368 (ι
2071 4321 2253 4373 Nemo
2293 4315 2458 4372 novit
2490 4317 2745 4378 Patrem,
2781 4333 2807 4364 »
2853 4329 3060 4368 vocem
3099 4311 3347 4366 adhibet

1687 4415 2137 4482 indelinite,nec
2155 4413 2480 4468 habentem
2502 4411 2578 4467 ad
2607 4411 2774 4484 quod
2801 4427 2832 4466 e
2863 4408 3341 4482 praecedentibus

1687 4505 2009 4562 referatur:
2045 4503 2094 4558 si
2123 4518 2264 4574 ergo
2297 4501 2358 4556 in
2393 4501 2512 4570 illo,
2547 4521 2574 4552 «
2633 4503 2816 4556 Nemo
2877 4499 3038 4554 novit
3087 4501 3344 4564 Patrem,

1689 4593 1806 4650 nisi
1835 4593 2029 4658 Filius,
2061 4612 2086 4644 »
2121 4592 2448 4660 genitorem
2473 4589 2885 4660 blasphemare
2909 4603 3028 4643 non
3075 4587 3180 4654 vis,
3234 4602 3345 4642 nec

1693 4683 1754 4738 in
1785 4681 1900 4746 illo,
1938 4703 1964 4730 ι(
1995 4685 2179 4737 Nemo
2203 4681 2414 4736 horam
2443 4679 2624 4746 novit,
2657 4677 2774 4732 nisi
2825 4677 3006 4742 Pater,
3047 4697 3074 4727 »
3099 4675 3164 4732 in
3199 4691 3347 4730 con-

1693 4770 2002 4828 tumeliam
2034 4769 2156 4826 Filii
2187 4768 2392 4825 feraris
2421 4787 2434 4826 :
2469 4767 2559 4822 sin
2589 4767 2704 4824 hoc
2725 4765 2934 4830 audes,
2985 4765 3172 4820 multo
3227 4779 3350 4820 ma-

1695 4862 1784 4932 gis
1815 4860 1954 4916 illud
1985 4859 2143 4930 prius
2173 4857 2328 4915 aude
2363 4873 2374 4910 :
2405 4873 2547 4913 nam
2591 4854 2888 4928 stupidius
2939 4859 3027 4909 est
3084 4853 3350 4924 seipsum

1695 4967 1882 5024 quam
1911 4949 2094 5006 alium
2139 4950 2434 5019 ignorare.
2487 4945 2704 5012 Quidui
2758 4943 2946 4999 multo
2971 4942 3275 4998 horridius
3295 4949 3352 4998 et

1697 5037 2183 5098 contumeliosius
2228 5037 2390 5108 prius
2437 5051 2624 5108 quam
2663 5033 2994 5090 secundum
3022 5032 3049 5087 ?
3074 5032 3162 5086 sin
3203 5031 3354 5087 illud

1701 5131 1962 5186 furorem
1983 5127 2426 5198 etimpietatem
2464 5140 2708 5180 omnem
2763 5123 3030 5188 excedat,
3081 5121 3230 5194 quid
3279 5121 3354 5176 de

1697 5220 1812 5276 hoc
1837 5217 2164 5276 dicendum
2191 5216 2218 5273 ?
2247 5217 2466 5272 Iterum
2497 5215 2596 5280 ait,
2628 5235 2656 5268 (ι
2677 5213 2864 5270 Nemo
2909 5211 3070 5269 novit
3119 5211 3350 5282 Filium,

1333 5433 1564 5493 VARIE
1605 5431 2014 5494 LECTIONES.

111 5653 202 5708 Ic.
225 5655 290 5712 ii.
315 5655 604 5718 meum».
638 5655 658 5698 ι
685 5651 866 5732 βύθος.
941 5653 1022 5716 ia.
1061 5653 1128 5714 εἰ.
