4136 6198
584 314 689 374 670

1921 308 2157 365 puoru
2201 280 2685 362 PATRIARCHE
2724 296 2833 363 cp.

3845 304 3973 363 δερ
4036 50 4097 359 l

584 440 703 499 nisi
760 439 930 495 Pater
992 451 1060 492 τ»
1127 448 1239 491 nec
1303 434 1666 492 contradicat
1738 434 1973 507 aliquis,
2029 435 2231 490 Filium

2345 430 2536 486 εἰδέναι
2586 440 2674 486 καὶ
2731 433 3075 507 φοϐερώτερον
3129 434 3197 493 εἰς
3245 433 3393 508 ὓϐριν
3440 445 3529 488 τοῦ
3603 433 3861 512 δευτέρου
3915 442 3974 491 τὸ

585 528 1141 603 seipsumignorare
1172 524 1220 580 si
1247 540 1367 580 non
1406 530 1534 596 post
1566 525 1690 580 alia
1718 525 2000 588 absurda,
2046 524 2233 579 mino-

582 636 710 678 rem
742 622 959 674 statuat
984 614 1293 670 scientiam
1325 614 1508 670 Patris
1543 633 1555 669 :
1592 615 1733 669 dum
1776 614 1913 669 Filio
1961 613 2236 685 relinqui-

584 714 681 765 tur
709 708 826 771 illa,
856 721 987 777 quae
1017 704 1094 759 ad
1116 702 1205 758 sui
1238 703 1423 775 ipsius
1450 704 1749 774 propriam
1783 718 1901 758 non
1938 702 2232 773 pertingit.

587 797 642 854 Si
684 812 826 867 ergo
872 796 933 850 in
973 794 1085 848 hoc
1129 790 1332 857 effato,
1374 795 1615 847 «Nemo
1658 792 1819 847 novit
1863 790 2088 855 Filium,
2125 790 2233 845 nisi

584 888 775 953 Pater,
800 905 824 935 ι
862 882 1059 938 Filium
1092 897 1125 936 a
1156 896 1267 935 sua
1298 881 1542 935 scientia
1595 896 1711 935 non
1764 880 2087 936 excludunt
2118 902 2128 944 ;
2158 880 2237 933 ita

583 990 694 1030 nec
723 974 781 1029 in
808 973 928 1036 illo,
955 974 1188 1026 «Nemo
1224 970 1386 1025 novit
1441 969 1655 1025 horam
1707 969 1821 1023 nisi
1883 971 2063 1033 Pater,
2101 989 2123 1018 »
2160 967 2236 1021 ab

2342 529 2587 595 πρότερον
2622 540 2634 588 ;
2684 523 2740 576 Εἰ
2774 520 2825 575 δ’
2858 523 3013 575 ἐκεῖνο
3061 528 3251 594 μανίας
3279 530 3367 575 καὶ
3428 521 3745 587 δυσσεϐείας
3786 524 3973 580 οὐδενὶ

2343 614 2637 664 καταλείπει
2695 612 2994 680 ὑπερϐολὴν,
3050 618 3101 664 τί
3164 615 3223 663 οἶν
3291 633 3364 673 τις
3418 614 3523 687 ἐρεῖ
3550 623 3666 688 περὶ
3722 620 3970 673 τούτουζ

2348 702 2503 773 Πάλιν
2536 707 2715 771 φησὶν,
2754 722 2781 751 (ι
2816 699 3006 761 Οὐδεὶς
3040 698 3151 753 οἶδε
3181 706 3267 752 τον
3295 703 3411 753 res»
3443 704 3487 755 εἰ
3516 709 3587 775 μή
3622 708 3645 756 ὁ
3687 712 3905 778 Πατήρ.
3948 728 3969 755 ν

2342 795 2431 841 καὶ
2489 790 2579 841 οὐκ
2634 792 2693 841 ἄν
2751 810 2830 851 τις
2892 794 3071 841 ἐαυτὸν
3126 789 3324 860 ἀγνοεῖν
3390 793 3811 863 καταψηφιεῖται
3874 800 3964 845 τὸν

2344 882 2481 939 Υὶὸν,
2527 879 2568 929 εἰ
2614 884 2684 949 μὴ
2729 882 2858 950 μετὰ
2912 887 3007 939 τῆς
3061 880 3215 939 ἄλλης
3267 881 3503 943 ἀτοπίας,
3554 882 3806 935 ἐλάττονα
3854 887 3968 941 θείη

2342 972 2430 1019 καὶ
2510 972 2602 1025 τὴν
2659 977 2851 1038 γνῶσιν
2902 969 2997 1025 την
3058 974 3175 1040 περὶ
3230 977 3322 1021 τοῦ
3379 975 3601 1044 Ιιατρὸς·
3658 976 3767 1042 εἰγε
3832 975 3969 1030 ωῐτη

578 1061 1026 1131 illacognitione
1069 1057 1386 1113 excludent
1408 1058 1618 1112 Filium
1643 1074 1655 1111 :
1683 1058 1771 1111 sin
1800 1058 1875 1112 ab
1907 1057 2018 1111 hac
2048 1056 2231 1111 elimi-

2342 1059 2431 1127 μεν
2477 1065 2546 1125 τῷ
2584 1059 2687 1126 Υἱῷ
2740 1057 3101 1119 κατείληπναι,
3148 1066 3238 1117 τῆς
3284 1055 3342 1110 δὲ
3375 1055 3510 1119 ἰδίας
3541 1064 3685 1111 οὔπω
3720 1060 3961 1132 ἐφίκετο.

580 1156 742 1215 nent,
769 1152 897 1222 jam
924 1151 1088 1221 prius
1118 1146 1193 1201 ab
1216 1146 1315 1201 illa
1358 1146 1750 1213 excluserunt,
1780 1150 2081 1215 utcunque
2113 1159 2233 1197 sum

576 1242 777 1312 impiae
810 1238 1112 1294 sententiae
1142 1236 1441 1291 labiorum
1475 1234 1809 1290 ministeria
1841 1250 1960 1288 non
2002 1248 2235 1288 accom-

575 1330 901 1387 modarunt
933 1344 944 1382 :
974 1327 1169 1396 ﬁgura
1199 1324 1503 1389 orationis,
1534 1326 1692 1378 unde
1720 1323 2013 1395 imprimis
2043 1337 2234 1377 errore

576 1436 639 1475 se
664 1418 1101 1490 implicuerunt,
1130 1422 1367 1485 etspem
1384 1411 2234 1484 blasphemandiarripuerunt

573 1508 874 1564 simillima
900 1510 987 1560 est
1015 1521 1026 1568 ;
1056 1510 1112 1557 et
1139 1503 1260 1558 Filii
1288 1502 1617 1565 scientiam,
1646 1517 1719 1555 ne
1748 1502 1790 1554 si
1824 1501 2015 1568 magis
2040 1500 2232 1553 adhuc

571 1596 829 1652 insanire
871 1593 1067 1655 velint,
1108 1606 1228 1645 non
1272 1589 1718 1651 iuﬁciabuntur,
1760 1588 1911 1643 ultra
1948 1587 2235 1655 cognitio-

574 1701 713 1741 nem
746 1684 899 1737 illius
930 1682 1115 1743 horas,
1146 1680 1221 1735 ad
1253 1678 1387 1734 allia
1404 1679 1596 1749 magis
1615 1677 1837 1743 divina,
1868 1682 1920 1731 et
1952 1675 2233 1732 sublimia

576 1773 914 1830 extendere.

575 1860 1077 1933 συγκατεσκεύαζον,
1120 1862 1207 1911 καὶ
1239 1859 1325 1918 τὰς
1355 1864 1446 1909 τοῦ
1479 1854 1824 1915 δυσσεϐἠσειν
1853 1852 2067 1917 ἐλπίδας
2093 1852 2301 1925 ἀνεῖχον
2327 1858 2650 1928 ὁμοιότατον·
2681 1863 2769 1909 καὶ
2797 1862 2882 1915 την
2913 1863 3027 1931 περὶ
3057 1863 3139 1909 τὸν
3168 1862 3285 1911 Υὶὸν
3311 1868 3525 1929 γνῶσιν,
3558 1859 3676 1913 οὐδ’
3706 1860 3766 1912 ἆν
3797 1863 3961 1915 πλέον

2344 1144 2402 1197 Εἰ
2453 1150 2622 1197 τοίνυν
2676 1144 2723 1195 ἐν
2778 1154 2869 1215 τῷ,
2930 1143 3189 1220 (ςόοῦδεὶς
3237 1143 3348 1199 οἶδε
3396 1151 3481 1199 τὸν
3529 1150 3645 1201 Υἰὸν
3704 1150 3747 1201 εἰ
3812 1156 3890 1221 μὴ
3945 1155 3969 1202 ὁ

2344 1238 2545 1302 Πατὴρ,
2582 1260 2607 1281 n
2640 1230 2886 1305 οὐδαμῶς
2930 1232 3025 1296 τῆς
3054 1240 3171 1306 περὶ
3203 1236 3364 1287 αὐτὸν
3411 1234 3664 1299 εἰδήσεως
3698 1238 3971 1300 ἐξνυθοῦσί

2342 1326 2427 1373 τὸν
2472 1325 2609 1374 Υὶον·
2663 1320 2777 1374 οὐδ’
2811 1324 2857 1374 ἐν
2887 1333 2980 1393 τῷ,
3031 1348 3057 1372 ‹‹
3094 1321 3284 1385 Οὐδεὶς
3329 1322 3440 1377 οἶδε
3481 1332 3573 1383 τήν
3614 1326 3773 1398 ὤραν,
3817 1331 3865 1379 εἰ
3893 1336 3965 1399 μη

2341 1414 2366 1463 ὁ
2412 1416 2609 1483 Πατὴρ,
2658 1433 2683 1459 ν)
2738 1420 2833 1473 τῆς
2871 1418 2986 1486 περὶ
3022 1416 3104 1463 τὸν
3150 1418 3330 1483 καιρὸν
3379 1414 3565 1466 ἐκεῖνον
3613 1423 3972 1487 προ-γνώσεως

2342 1499 2685 1561 ἐξωθησονσι.
2748 1502 2803 1553 Εἰ
2856 1499 2914 1554 δε
2962 1505 3151 1562 ταύτης
3204 1502 3497 1563 ἐλαύνουσι,
3559 1505 3959 1577 προαπηλασαν

2340 1587 2595 1656 κάκείνης,
2654 1591 2747 1640 κοῖν
2816 1594 2956 1641 οὔπω
3003 1590 3357 1665 τεθαῤῥήκασι
3409 1589 3619 1644 διδόναι
3672 1597 3739 1645 τὰ
3797 1596 3964 1665 χείλη

2342 1686 2444 1737 τοῖς
2489 1675 2773 1730 δυσσεϐέσι
2829 1679 3103 1751 λογισμοῖς
3153 1682 3613 1753 ὑπηρετήσασθαι·
3673 1688 3733 1734 τὸ
3765 1702 3826 1735 τε
3856 1688 3965 1758 γὰρ

2269 1763 2311 1817 Β
2343 1775 2534 1839 σχῆμα
2565 1776 2655 1819 τοῦ
2684 1768 2860 1837 λόγον,
2905 1770 2979 1839 ἐφ’
3021 1771 3059 1837 ᾧ
3091 1769 3320 1838 μάλιστα
3362 1776 3454 1828 τὴν
3504 1770 3705 1828 ἀπάτην
3748 1772 3966 1835 ἑαυτοῖς

573 1950 850 2024 ἕκμανεῐεν,
915 1946 1028 2001 οὐδ’
1100 1948 1248 2000 αὐτοὶ
1299 1948 1359 1999 ἄν
1402 1945 1676 2021 ἀρνηθείην
1720 1958 1773 2015 ν,
1819 1949 1889 2018 μὴ
1935 1952 2118 2017 μακρῷ
2170 1951 2265 2005 τῆς
2296 1950 2413 2017 περὶ
2456 1950 2549 2003 τὴν
2598 1945 2733 2020 ὣραν
2782 1945 2975 2003 ἐκείνην
3018 1954 3378 2022 προγνώσεως,
3428 1950 3686 2017 θειοτέραν
3753 1970 3810 2003 τε
3864 1958 3958 2003 και

571 2039 893 2114 ὑψηλοτέραν
925 2046 1073 2092 εῖναι.

637 2136 825 2202 Atque
854 2128 985 2184 haec
1028 2126 1272 2200 quidem
1304 2124 1414 2180 fuit
1463 2122 1721 2180 Matthaai
1768 2122 2077 2190 sententia,
2123 2120 2223 2176 tali

570 2218 792 2278 theoria
818 2217 1215 2274 considerata.
1252 2216 1320 2270 At
1348 2214 1559 2269 beatus
1597 2216 1845 2273 Marcus.
1889 2212 2225 2267 eodemmet

2600 2120 2623 2138 ν

2405 2122 2541 2175 Ἀλλ’
2596 2122 2655 2181 ἦν
2695 2137 2723 2165 ι
2753 2127 2842 2196 μὲν
2885 2133 2975 2177 τοῦ
3023 2127 3159 2198 ἱεροῦ
3198 2128 3469 2178 Ματθαίον
3502 2128 3680 2201 ῥῆσις.
3744 2129 3794 2180 ἐν
3836 2135 3958 2182 τού-

2335 2230 2444 2272 τοις
2493 2231 2543 2263 τε
2598 2218 2685 2264 καὶ
2740 2217 2981 2271 τοιαύτην
3037 2218 3240 2285 ἔχοντα
3286 2220 3379 2273 τὴν
3423 2218 3657 2289 θεωρίαν.
3691 2217 3751 2269 Ὀ
3799 2216 3867 2270 δέ
3905 2240 3965 2291 7ε

567 2308 775 2383 spiritu
808 2308 1150 2379 inspiratus,
1194 2305 1405 2359 eadem
1446 2303 1762 2359 abundans
1806 2307 2009 2371 gratia,
2062 2317 2225 2355 eum-

566 2400 703 2455 dem
732 2394 1174 2471 praidicationis
1205 2409 1541 2449 sermonem
1567 2392 1671 2447 sibi
1696 2392 2101 2447 concreditum
2125 2390 2225 2444 ha-

568 2487 739 2551 bens,
772 2485 912 2540 nihil
947 2484 1124 2555 plane
1156 2497 1493 2553 repugnans
1521 2481 1862 2551 prolocutus
1905 2484 2012 2543 est,
2044 2478 2225 2551 idque

2336 2303 2591 2375 μακάριος
2649 2304 2876 2376 Μάρκος,
2930 2306 3184 2375 πνεύματί
3244 2324 3297 2355 τε
3355 2313 3427 2373 τῷ
3481 2307 3621 2375 αὐτῷ
3677 2306 3962 2377 ἐμπνεόμε-

2336 2410 2438 2453 νος,
2495 2396 2584 2441 καὶ
2634 2396 2725 2447 τὴν
2780 2392 2940 2449 αὐτὴν
3002 2392 3230 2444 πλουτῶν
3279 2396 3461 2466 χάριν,
3518 2401 3607 2446 καὶ
3667 2399 3757 2446 τὸν
3797 2397 3963 2447 αὐτὸν

2338 2488 2427 2530 τοῦ
2472 2483 2808 2553 κηρύγματος
2873 2482 3336 2552 ἐμπεπιστευμένος
3406 2482 3575 2552 λόγον,
3647 2480 3812 2541 δῆλον
3867 2494 3964 2557 μεν

573 2575 701 2630 sine
746 2579 1027 2629 accurata
1076 2571 1207 2625 dicti
1263 2570 1624 2640 inspectione
1682 2574 1861 2639 patet,
1920 2568 2227 2639 synhiero-

2340 2569 2413 2619 ὃτι
2463 2574 2551 2619 καὶ
2608 2575 2777 2640 χωρὶς
2834 2577 2923 2629 τῆς
2986 2578 3075 2621 τοῦ
3130 2571 3289 2643 ῥητοῦ
3340 2568 3685 2641 διασκέψεως,
3739 2576 3837 2624 οὐκ
3902 2577 3964 2625 ab

571 2664 832 2737 phantae,
862 2664 1447 2732 etsymmystagogo,
1469 2673 1662 2728 neque
1694 2657 1917 2711 veritati
1949 2655 2220 2727 quamilli

569 2752 963 2814 tradiderunt,
1032 2752 1087 2803 et
1146 2746 1544 2817 multipliciter
1608 2745 1934 2801 etiamnum
1986 2745 2228 2799 manife-

570 2847 755 2898 statte.
787 2839 902 2895 Sed
930 2839 979 2892 si
1009 2836 1192 2892 verba
1223 2836 1351 2905 ejus
1373 2834 1729 2905 exponenda
1762 2833 2223 2905 susceperimus,

568 2930 767 2989 adhuc
787 2926 1146 2998 magisillius
1178 2941 1558 2991 consensum,
1583 2930 1637 2979 et
1664 2940 1799 2979 cum
1834 2924 2073 2977 veritate
2090 2938 2228 2977 con-

568 3018 959 3093 spirationem
997 3014 1395 3085 intelligemus
1432 3029 1443 3068 :
1502 3020 1645 3070 nota
1671 3013 1812 3068 mihi
1862 3028 2023 3082 ergo,
2062 3011 2225 3084 quod

569 3110 810 3166 divinus
855 3108 959 3162 iste
1003 3106 1108 3171 vir,
1142 3120 1215 3159 ne
1257 3106 1609 3174 praetextum
1660 3102 1903 3174 quidem
1939 3100 2227 3155 haereticis

566 3200 899 3271 relinquere
945 3194 1146 3259 voluit,
1198 3192 1303 3248 sed
1355 3208 1566 3248 omnes
1618 3192 1854 3247 illorum
1915 3190 2223 3245 machinas

568 3288 833 3343 funditus
903 3282 1260 3352 concutiens,
1325 3297 1399 3336 ne
1449 3280 1693 3352 quidem
1759 3296 1986 3342 vocem,
2048 3280 2224 3343 solus,

570 3392 692 3449 quo
726 3376 857 3430 licet
895 3372 1229 3428 frustraneo
1279 3370 1594 3425 utebantur
1632 3368 1857 3439 refugio
1909 3368 2226 3440 impietatis

2340 3372 2507 3420 πάντα
2562 3366 2619 3421 δε
2672 3375 2962 3421 κατασείων
3016 3370 3071 3421 ἐκ
3108 3368 3317 3444 βάθρων
3370 3372 3537 3422 αὐτῶν
3589 3375 3654 3423 τὰ
3703 3378 3962 3443 μηχανῆς

2337 2660 2453 2708 οὔτε
2504 2666 2573 2726 τῷ
2627 2661 2995 2732 συνιεροφοὲντη
3042 2665 3126 2711 καὶ
3181 2670 3645 2731 σνμμυσταγωγῷ,
3713 2666 3833 2714 οὗτε
3898 2674 3963 2734 τῇ

2338 2748 2460 2819 παρ’
2530 2748 2696 2797 αὐτῶν
2768 2750 3272 2820 μυσταγωγηθείση,
3352 2747 3445 2800 διὰ
3496 2750 3692 2801 πολλῶν
3748 2748 3807 2803 δὲ
3870 2758 3967 2803 καὶ

2336 2844 2424 2886 νοῦ
2483 2867 2510 2905 y
2568 2832 2958 2909 ἐπιδεδειγμένη
3038 2837 3283 2911 λαμπρῶς
3380 2838 3615 2909 ἀληθεία,
3701 2836 3967 2911 οὐδαμῶς

2338 2926 2398 2975 οἶν
2442 2929 2719 2995 μαχόμενα
2764 2925 3060 2996 φθέγξαιτο.
3106 2925 3284 2997 ⁴Ομως
3341 2923 3399 2979 δε
3451 2934 3540 2979 καὶ
3588 2930 3617 2985 ἡ
3654 2938 3745 2979 τοῦ
3785 2930 3962 3001 ῥητοῦ

2338 3018 2735 3086 μεταχείρησις,
2799 3014 2987 3084 μᾶλλον
3041 3034 3092 3066 τε
3133 3015 3300 3066 «item
3348 3022 3440 3073 τὴν
3487 3023 3811 3087 συμφωνίαν,
3864 3025 3961 3069 καὶ

2338 3106 2395 3153 τὸ
2450 3106 2574 3176 πρὸς
2622 3107 2715 3159 τὴν
2779 3102 3019 3159 ἀληθειαν
3089 3104 3353 3174 ἐνάμιλλον
3422 3110 3784 3177 παραστήσει.
3858 3113 3961 3159 Καὶ

2340 3210 2427 3261 μοι
2461 3196 2653 3263 συνόρα
2701 3191 2897 3257 λοιπὸν,
2950 3194 3013 3251 ὡς
3057 3192 3202 3252 οὗτος
3238 3198 3263 3243 ὀ
3307 3195 3441 3254 θεῖος
3490 3192 3640 3267 ἀνὴρ,
3676 3191 3803 3246 οὐδὲ
3837 3206 3963 3267 προο

2342 3284 2498 3351 φασίν
2543 3300 2656 3331 τινα
2713 3280 2877 3331 λιπεῖν
2953 3289 3060 3342 τοῖς
3153 3282 3479 3353 αἰρετίζουσι
3558 3286 3961 3357 προνοούμενος,

573 3481 715 3529 sum,
764 3479 885 3518 sum
935 3460 1238 3532 scriptioni
1292 3459 1577 3514 insertam
1640 3457 1931 3512 adhibuit.
2010 3456 2227 3511 Vocem

575 3569 717 3626 ergo
731 3556 1077 3624 amputans,
1111 3555 1167 3603 et
1196 3564 1314 3603 una
1334 3548 1601 3603 eximens
1626 3546 1941 3617 impietatis
1970 3546 2229 3601 occasio-

574 3660 735 3707 nem,
768 3659 803 3697 a
835 3641 1113 3695 deorsum
1149 3642 1203 3691 et
1225 3638 1369 3707 ipse,
1395 3634 1911 3707 quemadmodum
1930 3634 2230 3705 synhiero-

574 3734 792 3807 phanta
817 3727 1081 3786 ascendit
1113 3740 1299 3797 usque
1313 3724 1389 3779 ad
1419 3724 1685 3791 angelos,
1705 3722 1931 3794 etapud
1953 3724 2231 3793 eosigno-

573 3822 821 3880 rantiam
844 3814 1288 3879 circumscribit,
1306 3830 1443 3869 cum
1470 3830 1587 3884 qua
1612 3812 1895 3868 orationis
1917 3812 2227 3885 periodum

576 3911 733 3977 ﬁnit,
758 3909 835 3965 ab
850 3908 965 3963 alio
982 3906 1260 3976 deinceps
1282 3902 1568 3976 principio
1586 3918 1875 3970 exorsus,,
1901 3918 2019 3956 non
2040 3901 2231 3956 solum

577 4002 801 4060 nullam
832 3993 1140 4066 Unigenito
1170 3992 1570 4064 ignorantiam
1603 3990 1864 4055 ascribit,
1904 3992 2005 4046 sed
2033 4006 2063 4044 e
2091 4007 2231 4045 con-

579 4097 668 4149 tra
682 4088 856 4163 plane
870 4082 1460 4153 Patriscognitionem
1476 4081 1694 4137 habere
1710 4080 1875 4135 illum
1895 4083 2229 4152 proﬁtetur;

578 4196 701 4238 non
733 4178 891 4233 illam
923 4174 1125 4236 modo,
1169 4172 1273 4227 sed
1305 4171 1459 4226 illius
1509 4172 1758 4225 modum
1793 4175 1847 4224 et
1891 4185 2230 4224 mensuram

578 4270 860 4335 declarat,
894 4265 1064 4336 cujus
1091 4267 1155 4318 ut
1183 4267 1238 4318 et
1267 4260 1606 4316 divinarum
1639 4259 2117 4331 naturaliumque
2150 4260 2229 4313 di-

2340 3478 2497 3529 ματα,
2553 3455 2675 3510 οὐδὲ
2717 3462 2771 3510 τὸ
2826 3464 3000 3530 μόνος,
3062 3459 3181 3533 ὃπερ
3246 3461 3306 3510 οἶν
3364 3456 3423 3517 ἦν
3474 3459 3683 3522 ἐκείνοις
3732 3462 3963 3513 ἐνταῦθα

2340 3552 2726 3618 προσκείμενον,
2784 3547 2826 3599 εἰ
2876 3554 2965 3599 καὶ
3016 3550 3206 3619 μάτην,
3263 3553 3541 3620 καταφυγὴ
3593 3546 3643 3601 δ’
3684 3549 3828 3621 ὅμως
3870 3559 3963 3602 τοῦ

2344 3633 2763 3709 δυσσεϐηματος,
2808 3634 2929 3688 οὐδὲ
2974 3646 3123 3689 τοῦτο
3281 3638 3447 3709 οἰκείᾳ
3494 3647 3665 3712 γραφῆ
3722 3658 3963 3712 προσηρ-

2341 3731 2567 3797 μοσατο’
2656 3725 2894 3798 περιελὼν
2964 3722 3022 3778 δε
3107 3731 3199 3783 τὴν
3282 3726 3414 3788 λέξιν
3496 3732 3583 3778 καὶ
3673 3728 3957 3789 συνεξελών

2342 3814 2514 3873 αὐτοῖς
2561 3823 2583 3851 ε
2634 3823 2724 3874 τῆς
2764 3819 3012 3886 πονηρίας
3056 3820 3149 3872 τὴν
3199 3820 3481 3889 πρόφασιν,
3525 3818 3693 3868 ἄνεισι
3734 3822 3827 3888 μεν
3862 3824 3955 3869 καὶ

2343 3903 2517 3967 αὐτὸς,
2573 3902 2745 3975 ὥσπερ
2806 3905 2830 3954 ὁ
2912 3905 3330 3976 συνιεροφάντηςε
3398 3903 3451 3955 ἐκ
3509 3914 3606 3957 τῶν
3672 3913 3958 3979 κατωτέρω

2342 3995 2504 4064 μέχρι
2551 3987 2608 4043 δε
2666 4000 2762 4042 τῶν
2826 3990 3053 4063 ἀγγέλων
3102 3995 3321 4065 φθάσας,
3379 3998 3468 4045 καὶ
3515 3997 3571 4046 σε
3617 3999 3954 4069 περιγράφει,

2342 4086 2434 4137 τὴν
2484 4081 2693 4151 οἶγνοιαν
2746 4084 3145 4154 συναπαρτίζων
3198 4083 3348 4155 αὐτῇ,
3411 4089 3501 4134 καὶ
3556 4088 3650 4141 τὴν
3709 4092 3802 4136 τοῦ
3873 4086 3959 4137 λό-

2342 4190 2434 4239 γου
2484 4167 2751 4240 περίοδον
2810 4169 2895 4222 ἀπ’
2950 4172 3108 4233 ἄλλης
3153 4168 3202 4224 δ’
3257 4171 3428 4245 ἀρχῆς
3468 4172 3646 4224 λοιπὸν
3702 4172 3960 4247 ἀπαρχο-

2336 4277 2505 4330 μενος,
2571 4260 2627 4310 οὐ
2677 4265 2827 4330 μόνον
2904 4257 3151 4333 οὐδεμίαν
3223 4263 3434 4332 ἄγνοιαν
3498 4261 3807 4335 ἑπιφημίζει
3882 4273 3959 4334 τῷ

579 4359 873 4433 gnitatum
897 4356 1118 4411 fontem
1138 4366 1269 4407 esse
1288 4351 1515 4405 Patrem
1538 4349 1677 4403 Filio
1692 4348 2016 4418 theologice
2041 4348 2229 4402 docet.

2344 4357 2632 4419 Μονογενεῖ,
2686 4348 2811 4401 ἀλλὰ
2866 4354 2952 4401 καὶ
3011 4357 3109 4402 πᾶν
3163 4351 3455 4403 τούναντίον
3515 4354 3761 4426 καθαρῶς
3810 4354 3961 4423 αὐτῷ

582 4448 734 4519 Quid
768 4451 965 4503 autem
992 4441 1151 4503 dicit,
1188 4464 1206 4489 ι
1236 4454 1427 4510 neque
1467 4437 1641 4492 Filius
1675 4438 1864 4500 sciret,
1906 4436 2020 4491 nisi
2072 4437 2234 4519 Pater

584 4516 871 4598 revelaret
921 4534 949 4589 ‘2
990 4554 1016 4583 ››
1063 4531 1177 4586 hoc
1209 4532 1310 4593 est,
1349 4527 1426 4583 ab
1467 4543 1536 4581 eo
1580 4526 1735 4581 fonte
1778 4526 1907 4581 ﬂuit
1946 4516 2230 4596 cognitio.

586 4630 743 4685 unde
786 4630 843 4681 et
888 4619 1284 4694 generationis
1332 4632 1536 4680 causa;
1584 4632 1721 4670 nam
1775 4630 1895 4670 non
1949 4621 2031 4669 est
2063 4613 2234 4669 Filius

583 4721 710 4777 sine
738 4713 1045 4789 principio,
1072 4717 1125 4763 et
1146 4722 1348 4771 causa,
1370 4710 1426 4760 ut
1454 4710 1541 4760 est
1565 4707 1729 4760 Patcr
1764 4720 1777 4769 ;
1808 4703 1912 4759 sed
1936 4704 1991 4758 in
2022 4703 2232 4774 princi-

576 4810 735 4883 pium
749 4804 993 4860 refertur
1005 4803 1057 4853 et
1071 4812 1307 4852 causam
1321 4808 1727 4863 congenerem,
1744 4808 1972 4864 nempe,
1990 4793 2227 4847 Patrem.

578 4882 607 4950 ξ(
636 4901 747 4953 Nec
782 4893 953 4949 Filius
984 4888 1171 4955 sciret,
1208 4885 1321 4940 nisi
1358 4884 1517 4956 prius
1566 4882 1884 4937 revelasset
1950 4884 2120 4939 Pater
2152 4900 2163 4940 :
2202 4906 2229 4931 η

576 4984 721 5059 quid
756 4984 865 5038 isto
906 4976 1241 5034 testimonio
1287 4973 1589 5037 illustrius,
1624 4976 1727 5027 aut
1781 4970 2031 5026 validius
2091 4976 2177 5055 est
2204 4972 2232 5027 ?

577 5058 746 5133 Novit
772 5073 955 5137 Pater,
992 5072 1047 5123 et
1078 5066 1251 5123 Filius
1293 5064 1456 5120 novit
1490 5080 1501 5127 ;
1538 5062 1585 5117 si
1626 5061 1765 5117 latet
1803 5060 2014 5117 Filium
2058 5058 2231 5131 quid-

576 5180 759 5238 quam
788 5162 845 5217 id
878 5177 909 5215 a
949 5160 1114 5213 Patre
1153 5154 1334 5212 habet
1364 5171 1374 5209 :
1411 5154 1507 5208 sed
1540 5151 1723 5207 Patris
1756 5149 2059 5206 scientiam
2086 5149 2229 5204 nihil

576 5253 761 5327 fugit:
790 5250 1092 5325 quocirca,
1122 5262 1231 5303 nec
1259 5243 1380 5301 Filii
1410 5241 1743 5299 communis
1774 5243 2008 5306 natura,
2040 5239 2230 5295 Deitas

2343 4443 2435 4496 τὴν
2486 4443 2724 4511 πατρῴαν
2786 4445 2977 4510 γνῶσιν
3056 4439 3480 4514 ἐπιμαρτύρεταυ
3546 4446 3637 4492 καὶ
3712 4442 3773 4493 οὗ
3863 4448 3961 4500 τὴν

2343 4536 2535 4599 γνῶσιν
2601 4532 2771 4600 μόνον,
2833 4528 2959 4579 ἀλλά
3024 4533 3111 4580 καὶ
3192 4533 3279 4581 τὸν
3332 4535 3519 4602 τρόπον
3580 4535 3964 4583 σνναναπτύσο

2347 4635 2425 4669 σει
2484 4626 2579 4677 τῆς
2630 4624 2885 4687 γνώσεως,
2943 4622 3035 4675 τὴν
3101 4626 3200 4669 τῶν
3267 4618 3429 4669 ἄλλων
3488 4638 3723 4690 φυσικων
3757 4639 3807 4672 τε
3864 4628 3960 4671 καὶ

2346 4708 2633 4777 θεοπρεπῶν
2724 4704 3029 4777 ἀξιωμάτων
3088 4711 3260 4777 πηγὴν
3332 4710 3419 4759 τὸν
3480 4712 3708 4782 Πατέρα,
3770 4717 3963 4761 τοῦτον

2344 4798 2506 4846 αἴτιον
2562 4792 2689 4847 εἶναι
2745 4803 2817 4865 τῷ
2874 4797 2975 4865 Υἰῷ
3032 4800 3120 4847 καὶ
3185 4804 3277 4858 τῆς
3352 4802 3591 4867 γνώσεως
3679 4797 3961 4867 θεολογῶν.

2340 4888 2403 4935 Τί
2430 4886 2553 4957 γὰρ,
2580 4889 2758 4955 φησὶν,
2783 4906 2811 4933 ‹‹
2841 4881 3029 4936 Οὐδεό
3060 4887 3177 4946 Υἱὸς
3208 4887 3268 4936 οἷν
3295 4881 3413 4957 ᾔδει
3447 4885 3487 4938 εἰ
3521 4890 3589 4950 μὴ
3621 4888 3646 4937 ὀ
3677 4892 3900 4960 Πατήρς
3938 4910 3960 4937 ι

2343 4978 2627 5039 τουτέστιν,
2698 4972 2883 5025 ἐκεῖθεν
2962 4974 3256 5044 πηγαζεται
3324 4982 3395 5045 τῷ
3446 4976 3550 5044 Υἱῷ
3625 4978 3654 5033 ἠ
3734 4984 3961 5045 γνῶσις,

2320 5064 2451 5114 ’ὅθεν
2504 5060 2647 5132 αὐτῷ
2694 5067 2782 5114 καὶ
2835 5070 2929 5123 τῆς
2976 5068 3260 5134 γεννήσεως
3316 5064 3343 5121 ἡ
3402 5063 3565 5118 αἰτία.
3633 5061 3777 5117 Οὖδὲ
3855 5070 3959 5137 γὰςο

2341 5153 2573 5224 ἄναρχος
2602 5158 2690 5203 καὶ
2721 5153 2965 5217 ἀναίτιος,
3000 5150 3171 5226 ὥσπερ
3205 5154 3229 5204 ὁ
3273 5157 3473 5227 Πατὴρ,
3507 5151 3617 5206 ἀλλ’
3650 5153 3721 5215 εἰς
3766 5153 3954 5228 ἀρχὴν

2344 5239 2643 5315 ἀναφέρεται
2710 5245 2800 5293 καὶ
2872 5243 3099 5315 συμφυὲς
3171 5244 3335 5295 αἰτιον
3406 5244 3491 5295 τὸν
3568 5248 3955 5315 γεγεννηκότα,

2722 5349 2761 5369 ‘4

2667 5390 2727 5451 δέ

1918 5480 2152 5543 νΑΒΙιΕ
2198 5481 2664 5587 ιεοΤΙοΝΕεκλί

645 5739 675 5770 v
700 5727 758 5785 ί),
790 5726 857 5783 Μ,
887 5716 1166 5799 ἀρνηθεῖεν.
1197 5728 1227 5760 ι
1254 5712 1316 5771 C.
1348 5714 1416 5772 M.
1453 5713 1538 5774 ἠγ
1569 5710 1632 5768 C.
1663 5713 1731 5771 Μ.
1764 5717 1871 5770 νῦν.
1952 5704 2106 5768 σοΜ.
2134 5708 2324 5773 αὐτῆς.
