3906 6186
38 315 112 370 681
1063 315 1158 369 AD
1200 308 1742 370 AMPl-IILOGHIUM
1783 307 2105 378 QUA‘ISTIO
2147 307 2348 367 CXIV.

3269 311 3374 372 G82

38 467 56 490 ιι
89 437 218 494 Οὐδὲ
243 442 270 492 6
299 443 416 502 Υἱός
459 442 522 492 οἷν
547 439 688 514 ᾔδει,
721 447 794 513 μὴ
829 443 855 494 6
883 446 1082 516 Πατήρ.
1123 463 1146 492 ν
1180 446 1242 494 Τί
1273 443 1468 500 ταύτης
1519 447 1580 498 τῆ

1833 437 2080 502 ιωιιῐιὶε,
2110 434 2440 493 communis
2473 432 2823 498 substantia,
2857 431 3072 490 harum
3103 449 3375 491 commu-

35 535 296 603 μαρτυρίας
377 531 734 606 λαμπρότερόν
809 549 864 584 τε
950 537 1039 584 καὶ
1129 529 1522 605 ἐμϐριθέστερον
1595 545 1608 594 ;

37 617 160 672 Οἶδεν
211 621 238 671 6
289 624 494 694 Πατὴρ,
536 617 650 672 οἶδε
695 622 836 673 καὶὸ
869 623 986 682 Υἱὸς
1039 637 1050 650 ·
1112 620 1156 672 εἰ
1207 620 1388 676 λέληθὲ
1431 638 1480 670 τι
1525 620 1612 668 τόν

37 714 142 776 Υιόν,
307 717 401 760 τοῦ
447 713 646 783 Πατρός
711 709 842 762 ἕλκει
887 714 980 767 τὴν
1037 710 1205 761 αἰτίαν
1251 727 1262 738 '
1295 707 1402 760 ἀλλ’
1462 703 1612 759 οὐδὲν

35 805 100 855 τὴν
139 807 230 850 τοῦ
289 803 494 872 Πατρός
560 795 831 872 διαφεύγει
885 807 1076 870 γνῶσιν
1132 816 1144 828 '
1205 793 1318 850 οὐδ’
1373 799 1475 871 οἰρα
1525 802 1613 850 τοῦ

39 891 126 940 fis-3
175 891 350 938 κοινόν
400 889 430 944 ἡ
494 891 650 960 φύσις
709 905 721 917 ·
763 893 932 940 κοινὸν
977 891 1006 946 ἡ
1062 890 1241 948 θεότης
1289 904 1302 917 '
1357 890 1526 938 κοινόν
1579 888 1608 943 ἡ

39 976 162 1028 οὐσία
194 997 206 1009 ·
241 979 440 1029 τούτων
493 973 553 1030 δὲ
597 979 626 1035 ἡ
659 983 924 1048 κοινωνία,
955 982 1046 1030 καὶ
1091 980 1156 1030 τὰ
1197 977 1326 1030 ἄλλα
1357 979 1608 1051 θεοπρεπῆ

39 1067 276 1138 ἀξιώματα
304 1068 460 1119 κοινὰ
487 1075 712 1120 ποιεῖται
753 1073 844 1121 καὶ
901 1065 1177 1142 ἀδιαίρετα
1255 1087 1282 1118 (ι
1333 1065 1434 1127 Οὓς
1486 1065 1613 1118 θέλει

1001 1156 1134 1221 θέλει
1191 1155 1342 1209 πάλιν
1402 1158 1427 1208 ό
1498 1157 1613 1216 Υἱὸς

355 1241 544 1304 Οὐδεὶς
599 1247 816 1320 ἔρχεται
877 1249 1007 1318 πρὸς
1049 1249 1134 1298 τόν
1179 1245 1400 1319 ’Πατέρα
1449 1244 1491 1297 εἰ
1538 1249 1608 1316 μὴ

40 1157 248 1214 ζωοποιεῖ
307 1157 336 1207 6
393 1161 593 1227 Πατήρ·
673 1161 764 1208 καὶ
839 1156 928 1218 οὓς

39 1245 263 1303 ζωοποιεῖ.

39 1329 106 1384 ὄιεὶ
141 1340 236 1385 τοῦ
291 1335 420 1386 Υἰοῡ
454 1350 468 1364 ·
493 1339 585 1386 καὶ
617 1331 789 1395 οὐδεὶς
829 1337 1036 1407 ἔρχεται
1083 1339 1208 1407 πρός
1260 1339 1346 1387 τόν
1387 1337 1523 1400 Υἱόν,
1571 1333 1614 1385 εἰ

37 1426 90 1492 μὴ
119 1419 204 1474 δια
235 1429 332 1474 τοῦ
379 1429 602 1492 Πατρός.
657 1429 908 1476 Γινώσκει
946 1425 972 1475 6
1025 1429 1206 1498 Πατὴρ
1253 1427 1338 1476 τὸν
1387 1425 1506 1476 Υἰόν
1535 1439 1546 1452 '
1585 1443 1612 1471 »

151 1513 340 1573 καθὼς
367 1519 618 1580 γινώσκει
665 1513 842 1580 αὐτόν,
875 1514 1008 1565 οὕτω
1038 1517 1126 1565 καὶ
1175 1533 1198 1564 ε
1233 1515 1257 1564 6
1297 1515 1416 1565 Υἰόν
1465 1517 1614 1583 γινώιι

38 1621 118 1652 ns:
159 1606 248 1652 τον
311 1607 539 1674 Πατέρα.
589 1601 787 1654 »Ὅσα
829 1605 942 1675 ἔχει
996 1604 1020 1654 6
1074 1607 1275 1677 Πατὴρ,
1335 1601 1468 1660 πλὴν
1519 1609 1614 1662 τῆς

35 1689 338 1758 ἀγεινπσίας,
371 1695 541 1744 πάντα
570 1694 684 1764 ἔχει
711 1694 738 1743 6
767 1694 882 1752 Υἱός
925 1709 936 1720 ·
975 1691 1102 1743 ἀλλὰ
1143 1697 1230 1744 καὶ
1275 1693 1376 1743 ὅσα
1431 1693 1545 1762 ἔχει
1588 1691 1613 1742 6

1721 527 1824 582 nio
1845 533 1900 582 et
1929 526 2043 582 alia
2061 527 2180 582 Deo
2203 541 2469 596 congrua
2494 521 3070 580 axiomataindivisa
3084 523 3298 594 reddit,
3318 527 3377 582 et

1722 617 2076 680 communia,
2138 617 2351 680 «Quos
2403 613 2528 669 vult
2571 614 2736 668 Pater
2789 610 3058 678 viviﬁcat,
3095 616 3151 668 et
3197 611 3376 670 Filius

1723 705 1979 784 viviﬁcat
2008 721 2160 777 quos
2191 705 2328 760 item
2359 704 2547 758 vult“.
2583 705 2769 759 Nemo
2799 701 2963 757 venit
3007 701 3086 758 ad
3125 703 3371 774 Patrem,

1722 793 1832 850 nisi
1865 810 1968 868 per
1997 795 2204 858 ﬁlium,
2251 797 2308 850 et
2345 792 2424 849 ad
2464 791 2672 847 Filium
2717 807 2916 856 nemo,
2969 791 3083 846 nisi
3114 807 3223 864 per
3267 793 3378 849 Pa~

1723 889 1888 940 trem.
1923 883 2236 952 Cognoscit
2263 883 2434 938 Pater
2463 881 2671 938 Filium
2705 902 2732 930 »
2763 880 2870 936 sed
2901 884 2956 936 et
2985 880 3065 937 ita
3098 901 3124 930 ‹‹
3154 897 3372 951 cogno-

1725 973 1833 1029 scit
1874 972 2052 1028 Filius
2093 971 2398 1028 Patrem".
2433 991 2460 1022 »
2511 971 2724 1026 Omnia
2761 985 2918 1042 quae,
2963 969 3142 1026 habet
3185 971 3372 1037 Pater,

1722 1067 1936 1133 praeter
1950 1061 2304 1131 ingenitum,
2325 1059 2506 1116 habet
2523 1059 2716 1123 Filius,
2741 1064 2797 1114 et
2818 1059 3024 1116 omnia
3039 1075 3176 1132 quae
3193 1059 3374 1117 habet

1722 1151 1898 1208 Filius
1933 1157 2144 1224 prmter
2170 1151 2426 1222 genitum
2450 1149 2634 1206 habet
2685 1150 2850 1205 Pater
2882 1165 2892 1203 :
2922 1170 2950 1200 «
2977 1151 3097 1204 Tua
3126 1149 3308 1214 enim,
3345 1172 3368 1202 ι

1722 1240 1932 1313 inquit,
1971 1261 1998 1292 ‹‹
2031 1256 2155 1296 mea
2181 1243 2342 1305 sunt,
2368 1243 2424 1295 et
2457 1255 2590 1294 mea
2621 1243 2760 1293 sunt
2801 1241 2922 1294 tua.
2966 1259 2994 1292 »
3037 1239 3258 1294 Horum
3295 1239 3376 1295 uti

1721 1335 1846 1386 erat
1875 1329 2140 1386 initiatus
2165 1329 2314 1402 ipse,
2343 1329 2426 1384 ita
2456 1343 2565 1383 nos
2591 1326 2847 1384 initiavit
2885 1326 3132 1382 scientia
3159 1327 3374 1383 beatus

1721 1420 1968 1489 Marcus,
2005 1417 2366 1488 theologiam
2407 1419 2700 1482 accurate,
2743 1421 2799 1472 et
2849 1415 3197 1472 circumciso
3232 1415 3377 1471 deﬁ-

1721 1509 1913 1574 niens,
1946 1508 2102 1564 clare
2129 1508 2366 1572 clamat,
2398 1505 2564 1578 quod
2615 1528 2642 1556 n
2682 1508 2798 1562 Nec
2822 1503 2997 1560 Filius
3033 1505 3217 1574 novit,
3255 1504 3374 1562 nisi

1721 1600 1905 1663 Pater,
1939 1596 2134 1670 »ρυοά
2165 1595 2507 1669 copulatum
2541 1597 2664 1650 erat
2693 1593 2913 1658 extulit,
2939 1593 3224 1650 orationis
3251 1609 3375 1650 me-

1721 1688 2024 1758 talespsin,
2045 1691 2247 1758 utpote
2275 1686 2502 1742 cunctis
2526 1684 2893 1750 claram,nec
2919 1683 2980 1739 in
3001 1682 3186 1740 dubio
3213 1687 3374 1756 posi-

37 1787 138 1844 Υἱός,
205 1781 354 1839 πλὴν
419 1789 508 1842 τῆς
555 1786 856 1853 γεννήσεως,
923 1783 1092 1833 πάντα
1150 1783 1260 1852 ἔχει
1312 1782 1337 1832 6
1409 1783 1579 1856 Πατήρ

1827 1796 1843 1834 ι
1875 1777 2090 1834 omisit.
2134 1781 2260 1834 Non
2298 1781 2388 1833 est
2416 1777 2594 1841 enim,
2642 1791 2752 1831 nec
2792 1774 2900 1831 erit
2922 1773 3018 1830 ille
3045 1773 3369 1846 impietatis

39 1891 50 1916 ι
91 1872 150 1921 Τὰ
185 1874 294 1945 γὰρ
333 1869 454 1942 ἐμὰ,
498 1875 651 1942 φησὶ,
697 1871 766 1922 σοί
796 1869 928 1936 ἐστι,
961 1876 1050 1922 καὶ
1079 1873 1144 1922 1'6:
1177 1874 1261 1938 σὰ,
1297 1868 1395 1941 ἐμά
1429 1887 1440 1899 ·
1477 1891 1504 1922 »
1545 1870 1613 1920 ὧν

37 1955 76 2008 δὲ
119 1964 666 2032 μεμυσταγωγημένος
705 1964 796 2012 καὶ
845 1967 1204 2031 μυσταγωγῶν
1240 1961 1378 2031 ἡμᾶς
1408 1961 1434 2010 6
1481 1960 1614 2019 θεῖος

45 2049 216 2121 Μάρκος
277 2053 382 2106 τήν
441 2049 724 2120 θεολογίαν,
788 2052 858 2111 εἷς
913 2067 966 2101 τε
1018 2052 1074 2100 1'6
1120 2047 1323 2122 ἀκριϐὲς
1361 2047 1470 2120 ἅμα
1524 2052 1613 2099 καὶ

37 2140 254 2209 σύντομον
285 2137 666 2212 ἆῳοριζόμενος
689 2142 784 2196 τὴν
808 2134 1180 2203 διδασκαλίαν,
1224 2141 1288 2198 ὡς
1344 2157 1371 2189 ‹‹
1405 2133 1544 2189 Οὐδὲ
1587 2137 1611 2188 6

43 2225 208 2284 ι’ίάςᾶν
239 2223 394 2298 ᾔδει,
431 2223 746 2300 διαπρύσιον
775 2225 898 2298 βοᾷ,
950 2226 993 2278 εἰ
1045 2231 1114 2298 μή
1150 2228 1174 2278 6
1215 2231 1415 2300 Πατὴρ,
1464 2245 1490 2277 »
1524 2229 1613 2277 καὶ

37 2319 78 2364 τό
105 2321 450 2387 συνημμένον,
485 2316 636 2367 εἰπὼν
689 2323 779 2368 τοῦ
827 2315 1002 2385 λόγου,
1054 2317 1124 2377 ὡς
1179 2315 1391 2368 αὖτόθεν
1445 2315 1612 2367 ἅπασι

41 2399 170 2460 ialm
195 2401 396 2473 οὖσαν,
428 2409 518 2455 καὶ
548 2401 678 2477 μηδ’
719 2401 1170 2478 ἀμφιδοξουμένην
1223 2409 1320 2456 τινὶ
1375 2409 1466 2462 τὴν
1521 2424 1609 2476 με·

35 2493 220 2562 τέληῷιν
275 2502 513 2566 παρῆκεν
545 2513 558 2524 ·
590 2493 650 2545 οὒ
681 2497 783 2568 γὰρ
833 2495 992 2558 ἔστιν,
1042 2493 1136 2545 οὐκ
1185 2496 1345 2558 ἔστιν,
1399 2489 1514 2545 οὐδ’
1553 2497 1612 2545 οὺ

39 2589 345 2650 aven-m1,
387 2579 502 2634 οὐδ’
555 2581 614 2632 ἂν
645 2587 802 2644 αὐτὸς
845 2585 870 2634 6
905 2591 996 2642 τῆς
1048 2588 1237 2644 κακίας
1289 2582 1610 2655 ἀρχιτέκτων

37 2669 175 2730 sim,
223 2673 298 2732 ei;
349 2669 502 2730 ἀκοας
559 2689 708 2721 τινων
743 2672 920 2730 αὐτοῖς
966 2670 1220 2742 ἐρεύξοιτο
1251 2671 1502 2742 χείλεσιν,
1558 2671 1612 2733 ὃς

37 2757 134 2826 οὐχὶ
181 2771 252 2830 τῷ
291 2765 469 2832 Πατρὶ
519 2764 612 2816 τήν
661 2769 850 2830 γνῶσιν
899 2759 1090 2820 ἐκείνης
1137 2769 1225 2820 τῆς
1276 2762 1472 2833 ἡμέρας
1521 2765 1611 2812 καὶ

37 2849 136 2906 6-32;
179 2851 580 2920 προσαναθὴσει
627 2853 732 2890 εσυ·
771 2857 923 2901 τοῦτο
966 2846 1024 2901 δὲ
1075 2846 1264 2911 διδοὺς
1308 2854 1396 2901 καὶ
1426 2861 1450 2890 C
1481 2846 1612 2902 δυσ-

33 2943 274 3006 χεραίνων,
313 2937 376 2988 οὗ
402 2937 558 2999 λήξη⁶
592 2944 934 3012 συγχωρήσει
968 2941 1172 3000 πάντως
1201 2945 1290 2990 καὶ
1318 2941 1474 3005 ἄκων,
1517 2945 1609 2997 τήν

35 3025 162 3082 αὐτὴν
213 3029 406 3079 ἐνεῖναι
444 3035 640 3096 γνῶσιν
701 3035 772 3098 τῷ
829 3029 932 3098 Υἱῷ
982 3047 995 3058 ’
1049 3030 1108 3079 τὸ
1155 3031 1278 3100 γὰρ,
1333 3047 1359 3079 (ι
1417 3025 1540 3080 οὐδὲ
1583 3029 1608 3080 ὁ

31 3116 142 3177 Υἱός,
191 3117 232 3166 εἰ
299 3121 374 3188 μή
435 3117 460 3166 6
511 3120 714 3189 Πατὴρ,
775 3136 798 3165 ν
857 3114 1250 3191 ἁπαραγριὶπτῳ
1320 3115 1457 3187 λόγῳ
1517 3125 1608 3170 τοῦ

33 3207 202 3275 Πατρός
251 3201 460 3264 εἰδότος
509 3205 576 3264 εἰς
630 3209 724 3261 τήν
779 3203 938 3261 αὐτὴν
994 3207 1206 3274 συνάγει
1255 3213 1447 3276 γνῶσιν
1521 3209 1608 3258 τόν

33 3293 140 3344 ’π’ίω.
179 3292 346 3344 Ὠστε
382 3289 498 3344 οὐδ’
539 3293 566 3333 ά
613 3295 756 3344 ἔστιν
795 3293 974 3362 εἰπεῖν,
1029 3295 1148 3346 ὅσον
1198 3294 1264 3356 εἰς
1309 3298 1366 3345 τό
1412 3293 1612 3367 ἀκριϐέ-

33 3387 184 3431 ττκτον
233 3403 288 3434 τε
337 3387 426 3434 καὶ
483 3383 920 3453 θεοπρεπέστατον
969 3388 1060 3440 τὴν
1106 3383 1154 3434 ἐν
1199 3389 1366 3457 Πατρὶ
1421 3393 1608 3455 γνῶσιν

29 3475 170 3528 κοινήν
197 3471 552 3546 ἀνακηρύττει
588 3477 678 3524 καὶ
725 3481 816 3524 τοὺ
862 3475 1005 3525 Υὶοῦ.
1056 3477 1122 3524 Σὺ
1177 3470 1236 3525 δέ
1291 3493 1380 3542 μοι
1432 3474 1610 3526 λοιπόν

27 3576 102 3614 τεν
133 3569 218 3613 τοῦ
267 3568 534 3632 παναγίου
581 3565 672 3613 καὶ
727 3563 864 3613 θείου
921 3565 1212 3634 Πνεύματος
1273 3567 1434 3634 σοφὴν
1475 3563 1610 3615 οἰκο-

27 3655 178 3714 νομίαν
223 3657 318 3702 καὶ
365 3650 624 3724 πολυμερῆ
681 3650 1073 3722 συνεπιλογίζου
1132 3671 1143 3682 ’
1195 3654 1334 3713 ὅπως
1375 3651 1609 3725 ἐνεργοῦν

27 3737 62 3784 ἐν
95 3739 304 3810 ἑκατέρῳ
354 3747 452 3792 τῶν
505 3738 902 3810 εὖαγγελιστῶν,
961 3737 1034 3792 δι’
1081 3741 1253 3813 ἐτέρας
1303 3747 1393 3792 καὶ
1441 3741 1610 3815 ἐτέρας

23 3821 154 3893 2670-;
205 3830 582 3901 συμφράσεως.
631 3829 704 3888 εἰς
744 3833 838 3886 τὴν
887 3829 1045 3887 αὐτὴν
1095 3830 1280 3890 αὖτόὺς
1323 3838 1414 3890 τῆς
1470 3831 1608 3882 εὗσε-

21 3911 138 3976 εείας
189 3919 386 3968 ἔννοιαν
447 3919 682 3988 συνάγει.
741 3916 798 3968 Ὀ
851 3921 940 3990 μὲν
988 3920 1090 3990 γὰρ
1140 3921 1270 3993 ἱερός
1321 3919 1606 3988 Ματθαῖος,

23 4003 88 4064 1'3,
125 4009 298 4074 μόνος,
358 4013 462 4066 τοῖς
507 4006 684 4076 λόγοις
738 4009 1030 4072 συνάπτων,
1082 4004 1326 4080 οὐδαμῶς
1375 4007 1608 4066 ἐντίθησι

21 4097 80 4146 τὸ,
111 4115 132 4142 ι
161 4092 350 4148 οεδξά
377 4097 514 4157 Υἱός·
549 4115 578 4146 »
617 4096 700 4146 ἶνα
726 4099 796 4167 μή
831 4091 960 4168 δόξῃ
995 4100 1081 4148 τόν
1111 4099 1228 4150 Υἰόν
1263 4105 1372 4158 τοῖς
1415 4100 1608 4166 αἱρετί-

25 4179 306 4244 hirsuti};
343 4187 432 4257 μὲν
471 4193 732 4260 πατρικῆς
783 4181 940 4247 δοξης
989 4183 1232 4260 διαιρεῖν,
1280 4187 1350 4248 εἰς
1408 4185 1466 4239 δὲ
1511 4191 1605 4245 τὴν

17 4281 96 4320 τώ.
139 4271 370 4344 ἀγγέλων
425 4274 574 4336 τάξιν
635 4273 976 4328 συνελαύνειν.
1015 4275 1072 4327 Ὀ
1104 4272 1164 4328 δὲ
1209 4279 1340 4337 θεῖος
1371 4279 1602 4350 Μάρκος,

19 4363 300 4426 προσταξας
329 4367 406 4426 1'6,
436 4383 466 4414 ιι
491 4360 678 4415 Οὐδὲό
711 4365 848 4428 Υἱός,
873 4384 899 4414 )›
929 4369 1018 4416 καὶ
1043 4365 1218 4438 ἀρχὴν
1245 4375 1396 4418 τοῦτο
1428 4363 1606 4419 δευτέ-

1723 1867 1950 1936 artifex,
2005 1883 2114 1924 nec
2165 1867 2341 1923 labiis
2391 1864 2685 1922 cructabit
2733 1864 2865 1931 tale,
2905 1863 3008 1936 qui
3059 1878 3169 1920 nec
3216 1863 3370 1920 Patri

1722 1959 2028 2014 scientiam
2044 1957 2160 2013 diei
2179 1957 2334 2012 illius
2356 1961 2412 2012 et
2427 1955 2588 2011 horai
2606 1953 2872 2012 attribuit
2894 1971 2908 2020 ;
2931 1953 3044 2010 hoc
3058 1969 3366 2020 concesso,

1723 2064 1850 2103 cum
1863 2047 2202 2103 difﬁcultate
2220 2051 2275 2101 et
2291 2045 2505 2101 invitus
2521 2043 2674 2109 licet,
2702 2043 2984 2100 concedet
3003 2046 3203 2100 tamen
3220 2043 3362 2099 Filio

1723 2154 1856 2194 eam
1871 2137 2332 2208 cognitationem
2350 2154 2360 2192 :
2380 2149 2535 2200 nam,
2557 2155 2580 2182 ι
2595 2134 2798 2204 Neque
2813 2131 2992 2187 Filius
3005 2131 3118 2188 nisi
3131 2135 3315 2198 Pater,
3331 2153 3362 2185 »

1721 2242 1859 2284 cum
1886 2227 1946 2281 in
1979 2223 2447 2295 circumscripita
2477 2222 2704 2278 ratione
2723 2223 2888 2276 Pater
2919 2219 3082 2284 sciat,
3111 2220 3172 2275 in
3200 2236 3361 2276 eam-

1722 2319 1858 2372 dem
1887 2315 2241 2388 cognitionis
2273 2327 2620 2369 mensuram
2652 2316 2707 2366 et
2729 2310 2940 2366 Filium
2973 2309 3230 2366 ascribet
3251 2327 3265 2365 :
3285 2309 3368 2366 ita

1723 2422 1842 2462 non
1859 2405 2300 2469 estdicendum,
2316 2403 2480 2476 quod
2503 2400 2932 2458 accuratiorem
2949 2405 3002 2456 et
3015 2397 3370 2455 diviniorem

1725 2495 1970 2550 modum
2025 2495 2227 2564 tangit,
2291 2490 2602 2546 scientiam
2656 2489 2718 2544 in
2773 2489 2942 2544 Patre
2996 2501 3370 2542 communem

1723 2585 2002 2656 praedicat
2023 2599 2158 2638 cum
2197 2581 2337 2636 Filio
2369 2597 2382 2646 ;
2419 2586 2478 2634 tu
2505 2583 2728 2639 autem,
2753 2575 2918 2649 quod
2945 2580 3144 2640 restat,
3179 2574 3370 2630 sancti

1725 2675 1822 2728 Dei
1851 2673 2078 2744 Spirtus
2110 2672 2444 2743 sapientem
2471 2675 2528 2725 et
2563 2667 2946 2738 multiplicem
2975 2663 3370 2736 dispensatio-

1721 2779 1856 2818 nem
1885 2761 2125 2818 recolito
2159 2778 2172 2816 :
2210 2776 2346 2832 quae
2377 2759 2436 2813 in
2477 2762 2728 2829 utroque
2767 2754 3138 2824 evangelista
3166 2769 3374 2824 opera-

1719 2851 1915 2919 batur;
1947 2867 2053 2922 per
2101 2865 2286 2904 unam
2326 2853 2384 2904 et
2425 2847 2677 2902 alteram
2727 2844 2966 2900 dicendi
2999 2843 3274 2906 formam,
3309 2843 3372 2896 in

1721 2956 1905 2996 unam
1933 2945 1988 2994 et
2013 2938 2290 2994 eamdem
2317 2935 2550 3008 pietatis
2571 2933 2992 3002 cogitationem
3022 2930 3324 2985 deducens
3352 2943 3370 2994 ;

1721 3035 1962 3084 sanctus
1992 3027 2298 3082 Matthteus
2327 3039 2538 3080 vocem
2564 3023 2724 3078 solus
2755 3019 3094 3083 adnectens,
3139 3031 3262 3073 non
3289 3015 3374 3072 in-

1720 3117 1966 3183 terserit,
2004 3135 2032 3167 «
2081 3119 2281 3187 Neque
2310 3113 2490 3167 Filius
2523 3131 2550 3162 »
2584 3125 2658 3165 ne
2704 3108 2972 3164 videatur
3015 3121 3154 3162 cum
3183 3105 3366 3161 haere-

1723 3207 1849 3263 ticis
1881 3222 1916 3262 a
1941 3209 2187 3276 paterna
2215 3201 2402 3276 gloria
2429 3199 2636 3256 Filium
2663 3211 2960 3269 separare.
2995 3200 3050 3251 et
3075 3195 3134 3249 in
3158 3193 3374 3250 cohor-

1720 3302 1826 3351 tem
1843 3293 2212 3364 compingere
2225 3289 2563 3361 angelorum
2587 3304 2600 3342 :
2617 3287 2842 3341 Marcus
2873 3283 3162 3356 adjiciens
3179 3281 3328 3338 illud
3351 3298 3364 3337 :

1722 3405 1748 3437 «
1779 3387 1978 3456 Neque
1995 3381 2192 3446 Filius,
2225 3401 2252 3430 »
2277 3385 2332 3435 et
2350 3377 2712 3452 principium
2745 3375 2988 3430 alterius
3014 3372 3234 3445 periodi
3257 3373 3372 3428 sta-

1721 3479 1914 3540 tuens,
1941 3471 2088 3529 tollit
2107 3471 2278 3532 solus.
2309 3484 2383 3524 ne
2422 3468 2468 3522 si
2501 3462 2834 3532 accesserit,
2866 3463 2944 3518 ab
2973 3462 3172 3533 impiis
3229 3459 3370 3517 arri-

1719 3569 1957 3635 peretur
1984 3579 2000 3616 :
2033 3566 2090 3616 et
2113 3577 2230 3616 non
2263 3556 2625 3631 principium
2661 3553 2902 3609 alterius
2927 3549 3158 3624 periodi
3187 3555 3363 3614 esset,

1721 3655 1969 3724 «Neque
1995 3651 2191 3716 Filius,
2218 3671 2242 3700 ν
2269 3647 2372 3703 sed
2387 3643 2774 3719 praecedentis
2791 3639 3059 3697 clausula
3081 3654 3150 3694 ac
3167 3637 3372 3694 termi-

1721 3757 1832 3796 nus
1855 3739 2051 3796 inanis
2079 3757 2092 3808 ;
2117 3737 2197 3794 ibi
2216 3736 2376 3793 enim
2395 3733 2640 3792 scientia
2659 3737 2910 3805 paterna
2933 3728 3077 3785 Filio
3098 3742 3370 3784 commu-

1719 3831 1950 3886 nicatur
1973 3833 2406 3895 consummate,
2431 3841 2538 3898 per
2562 3821 3006 3896 improbitatem
3031 3817 3368 3890 ignorantia

1719 3919 2050 3991 suscipitur,
2083 3923 2137 3973 et
2166 3916 2390 3988 gradus
2412 3915 2754 3984 assignatur
2783 3909 3136 3980 angelorum
3167 3923 3368 3963 servo-

1717 4025 1994 4081 rumque,
2027 4009 2142 4063 hoc
2173 4011 2466 4062 conantur
2513 4001 2618 4075 qui
2655 4003 2775 4056 Deo
2823 3999 3043 4062 bellum
3076 3997 3364 4063 indicunt,

1719 4097 1971 4154 Domino
1997 4101 2053 4152 et
2083 4095 2340 4152 Creatori
2371 4091 2670 4161 attingere.
2705 4089 2972 4157 Quorum
2999 4084 3369 4158 impietatem

1717 4193 2031 4260 amputans
2071 4183 2462 4254 evangelista,
2509 4184 2862 4252 prtetextum
2898 4176 2976 4235 ab
3019 4175 3156 4242 illis,
3187 4175 3359 4241 solus,

1716 4276 2052 4350 praescindit
2080 4279 2136 4330 et
2177 4271 2472 4344 prsetollit.
2521 4271 2711 4341 Atque
2765 4269 2844 4324 ita
2888 4281 2996 4338 per
3041 4269 3366 4336 utrumque

1714 4367 2006 4431 divinum,
2048 4369 2104 4420 et
2145 4377 2370 4418 sacrum
2415 4359 2798 4431 Scriptorem,
2831 4372 2969 4412 cum
3009 4369 3116 4410 ora
3157 4352 3364 4408 videas

15 4467 94 4518 ex;
139 4447 392 4524 περιόδου
427 4455 802 4524 ποιησάμενος,
861 4451 1156 4528 ἀφαιρεῖται
1211 4459 1268 4506 τό
1317 4459 1483 4526 μόνος,
1525 4457 1557 4508 ii

1818 4453 2177 4510 fetisantium
2193 4450 2491 4514 obturata,
2506 4453 2717 4504 etcum
2740 4445 3120 4501 abundanter
3133 4441 3360 4498 habeas

135 4547 292 4592 τοῦτο
371 4543 523 4594 πάλιν
594 4541 817 4595 ἐνταῦθα
897 4549 1282 4617 προσκείμενον,
1351 4545 1557 4619 ἅρπαγρ

1817 4543 2034 4600 )iorum
2061 4559 2094 4597 a
2124 4548 2176 4597 te
2205 4539 2650 4614 propositorum
2667 4535 3010 4598 solutiones,
3037 4531 3359 4603 impietatis

13 4635 102 4687 τοὶς
129 4625 420 4682 rius-0:660:
448 4636 664 4702 γένηται
698 4649 712 4661 ο
744 4637 834 4684 καὶ
883 4632 976 4684 οὐκ
1019 4631 1166 4706 ἀρχὴ
1199 4633 1387 4705 μᾶλλον
1437 4634 1555 4708 ἑτέρη

1821 4631 2200 4689 amunionem
2231 4627 2602 4685 constantius
2641 4623 2905 4688 evitabis,
2940 4626 2997 4678 et
3031 4619 3266 4694 pietatis
3307 4625 3363 4676 te

11 4715 268 4786 περιόδου,
311 4741 340 4767 u
368 4719 504 4772 Οὐδὲ
533 4721 560 4772 6
589 4723 712 4783 Υἱὸς
745 4744 764 4770 ι
797 4723 1044 4794 νομισθῇ,
1071 4731 1167 4784 τῆς
1196 4728 1553 4795 προτεταγμέντ

1823 4721 1904 4792 gis
1948 4719 2246 4776 fervidum
2286 4720 2641 4784 amatorem,
2687 4717 2745 4770 et
2800 4710 3172 4768 defensorem
3217 4725 3365 4782 pras-

13 4801 60 4896 ξε
111 4813 276 4882 πέρας
333 4815 415 4862 καὶ
461 4813 893 4886 συναπαρτισμός
939 4808 1330 4886 ῥᾳδιουργηθῇ.
1383 4819 1478 4866 Καὶ
1501 4816 1601 4887 γὰρ
1714 4811 1920 4870 stabis.

7 4901 192 4958 η-εὲνως
253 4909 282 4938 ο
335 4901 418 4968 μὲν
475 4901 506 4958 ἡ
561 4904 790 4972 πατρική
845 4907 1034 4970 γνῶσις
1079 4909 1152 4970 τῷ
1209 4903 1314 4972 Υίῴ
1370 4907 1514 4959 κοινὴ
1595 4904 1885 4954 καθίστατο
1937 4903 2027 4951 καὶ
2101 4895 2374 4958 αὐτοτελής
2437 4911 2452 4928 ⁸
2501 4889 2594 4946 διὰ
2645 4887 2705 4946 δὲ
2769 4898 2864 4954 τῆς
2921 4892 3258 4964 κακουργίας,
3325 4891 3357 4950 ἦ

11 5001 178 5052 εγνοια
237 4983 475 5057 δέχεται,
527 4994 616 5041 καὶ
677 4990 702 5040 6
753 4997 851 5040 τῶν
909 4989 1136 5059 ἀγγέλων
1211 4995 1301 5041 καὶ
1360 4987 1558 5042 δούλων
1617 4989 1838 5064 βαθμὸς,
1908 4989 2028 5062 ὅπερ
2080 4985 2190 5040 ἐστὶ
2263 4993 2362 5038 τῶν
2411 4983 2808 5056 θεομαχούντων
2868 4977 3212 5052 σπούδασμα,
3271 4981 3360 5034 τὸν

11 5079 264 5130 Δεσπότην
337 5083 422 5126 καὶ
466 5081 813 5150 Δημιουργόν,
873 5077 968 5128 Ὧν
1027 5082 1082 5130 τὸ
1131 5085 1418 5150 κακοῦργον
1467 5082 1718 5152 ἐκτέμνων
1768 5081 1792 5131 ό
1843 5075 2229 5150 εὖαγγελιστής,
2285 5079 2378 5133 τήν
2425 5079 2518 5126 τοῦ
2563 5077 2718 5145 μόνος
2763 5074 3024 5144 πρόφασιν
3076 5066 3362 5146 προδιακό-

9 5179 110 5212 ττει
149 5169 246 5215 καὶ
291 5173 601 5240 προοωαιρεῖ.
665 5166 843 5226 Οὕτως
909 5166 998 5217 οὖν
1058 5163 1131 5218 δι’
1197 5165 1438 5240 ἑκατέρου
1483 5177 1582 5220 τῶν
1652 5171 1936 5222 θεσπεσίων
1997 5171 2086 5218 καὶ
2163 5163 2434 5240 ἱερολόγων
2509 5157 2732 5236 ἀνδρῶν,
2801 5163 2868 5214 τὰ
2925 5168 3021 5213 τῶν
3080 5160 3362 5236 αἰρετιζόν-

9 5269 96 5300 ’τι
167 5255 312 5326 ὀρῶν
392 5253 768 5328 ἐμφραττόμενα
853 5259 1108 5328 στόματα,
1177 5263 1266 5309 καὶ
1343 5261 1434 5320 τὰς
1507 5258 1682 5320 λῆσεις
1739 5259 1805 5308 ὧν
1875 5257 2102 5330 ἠπόρεις,
2160 5250 2232 5306 δι’
2293 5251 2460 5305 αὐτῶν
2535 5248 2738 5304 ἐκείνων
2795 5249 3355 5324 καταπλουτιζόμενος,

75 5403 118 5436 εδ
149 5404 336 5459 Joan.
377 5420 421 5472 γ,
451 5407 534 5460 2t.
564 5409 610 5443 ³⁵
640 5407 788 5462 Joan
819 5421 933 5472 xxv,
971 5411 1021 5463 6.

1343 5555 1579 5614 VARIAE
1622 5555 2018 5614 LECTIONES.

77 5717 96 5746 ι
125 5705 156 5746 δ
179 5703 244 5762 C.
277 5703 360 5760 Μ.
395 5709 840 5777 specuum-19661:.
875 5722 900 5754 ο
931 5709 992 5767 C.
1023 5711 1092 5768 Μ.
1123 5711 1238 5769 xciv.
1281 5709 1308 5752 ά
1336 5708 1396 5768 C.
1421 5713 1490 5769 Μ.
1525 5712 1736 5786 συνάγει
1755 5705 1894 5765 οὐδ’.
1926 5723 1950 5756 ο
1978 5707 2040 5768 C.
2070 5709 2138 5767 Μ.
2179 5710 2336 5768 recte
2362 5705 2546 5774 ἐκεῖνος
2843 5761 2884 5776 ,,
2931 5725 2940 5736 ·
3155 5743 3206 5774 ,δ
