3906 6186
497 340 599 401 683

1725 325 1816 382 PH
1827 323 1961 380 OTlI
1998 318 2156 376 ΡΑΤῙ

2268 317 2474 375 BCHJE
2511 318 2624 377 cp.
3113 393 3124 402 _
3760 318 3849 373 εει

490 471 585 526 τήν
641 484 694 518 τε
765 470 857 525 τῆς
930 454 1244 522 δυσσεϐείας
1312 457 1385 520 εἰς
1409 459 1468 510 τὸ
1539 453 1872 530 βεϐαεάτερον
1937 447 2183 522 ἐκτρέπου
2264 450 2537 499 κακόνοιαν
2589 444 2626 510 ί,
2704 447 2794 497 καὶ
2870 451 2962 506 τῆς
3019 440 3281 507 εὐσεϐείας
3347 443 3651 516 θερμότερον
3718 443 3850 496 αὐτόν

491 559 712 632 ἐραστὴν
745 558 833 605 καὶ
861 555 1166 627 ύπέρμαχον
1198 547 1548 602 ἓπιδείκνυσο.

642 661 959 728 ΟΗίΕΞΤΙΟ
1003 661 1149 714 CXV.
1193 657 1396 729 [CoisL
1443 657 1616 711 Taur.
1661 645 1998 719 CXXXVll.]

921 750 1004 804 De
1033 747 1324 818 sapientia
1359 743 1718 800 Salomonis.

2819 649 3132 696 ΕΡΩΤΗΣΙΣ
3171 640 3307 696 Ρῐῐῖ.

2651 737 2776 804 Περὶ
2797 741 2858 791 τῆ
2872 754 2892 793 ς
2927 732 3244 803 Σολομῶντος
3263 737 3468 804 σοφίας.

556 850 708 901 Edita
733 864 764 898 ξι
792 847 1241 909 Montacutio(ep.
1268 846 1378 900 241,
1403 845 1468 892 ad
1505 841 1815 904 Theophan.,
1840 853 1891 901 ι).
1924 837 2007 884 361
2045 834 2178 894 seq.)
2211 828 2619 893 Explanationes
2652 833 2703 880 in
2737 831 2801 879 IIl
2836 831 3057 894 Regum,
3090 845 3157 889 iv,
3186 832 3238 879 31
3267 834 3319 879 et
3348 831 3363 878 Ι
3395 831 3520 894 Reg.
3560 846 3630 887 Ix,
3668 834 3743 880 25.

565 949 719 1017 Quid
749 952 809 1003 tu
841 963 1076 1018 passus,
1125 961 1249 1017 qua
1297 941 1661 1012 cogitatione
1704 941 1903 994 motus
1948 939 2032 999 tu,
2068 929 2155 987 vir
2182 927 2228 980 A

494 1039 618 1106 Dei,
652 1043 777 1109 post
808 1041 929 1092 tam
980 1035 1228 1104 longum
1279 1038 1515 1104 tempus
1556 1036 1612 1086 et
1641 1028 1828 1086 nostri
1857 1031 1976 1082 tam
2021 1039 2153 1096 pro-

493 1127 750 1184 fundam
793 1125 1179 1185 oblivionem,
1209 1128 1346 1194 post
1376 1120 1734 1178 amnestiam
1767 1115 2151 1180 horrendam,

495 1234 602 1274 nec
635 1216 808 1272 facile
842 1211 1468 1277 commemorandam,
1505 1209 1582 1266 ab
1605 1209 1742 1264 olim
1778 1207 1921 1262 mihi
1948 1205 2155 1261 amicis

496 1306 851 1380 profectam,
900 1309 1035 1376 post
1061 1302 1222 1358 mala
1265 1306 1347 1358 tot
1380 1300 1675 1357 exantlata
1708 1301 1940 1354 tantum
1983 1295 2154 1350 silen-

498 1397 669 1463 tium,
711 1394 874 1451 haud
917 1392 1172 1448 dixerim
1210 1407 1319 1462 ego
1362 1388 1581 1462 aequali
1622 1403 1753 1444 mea
1785 1385 2155 1442 condemna-

500 1487 680 1551 tione,
700 1500 771 1541 ea
793 1498 1129 1555 proponere
1155 1481 1255 1536 tibi
1282 1480 1477 1535 visum
1500 1478 1688 1543 fuerit,
1709 1492 1838 1548 qua:
1861 1475 2154 1530 curiosius

502 1575 580 1631 ab
615 1574 686 1628 iis
725 1572 946 1644 inquiri
1001 1570 1211 1635 solent,
1263 1569 1367 1641 qui
1401 1566 1667 1638 jucunde
1729 1565 1914 1620 vitam
1976 1562 2152 1618 istam

503 1663 862 1732 transigunt,
898 1663 953 1715 et
985 1658 1320 1714 accuratius
1364 1655 1855 1727 phi1050phantur
1887 1670 1898 1706 :
1933 1659 1992 1708 at
2021 1668 2152 1720 nos,

504 1767 759 1824 quorum
782 1750 908 1820 jam
937 1748 1080 1804 olim
1102 1748 1216 1803 vita
1240 1746 1412 1802 malis
1434 1745 1742 1808 emarcuit,
1766 1743 1869 1815 qui
1895 1741 2157 1814 plurima

504 1857 577 1896 ex
603 1845 770 1911 parte
807 1837 1024 1894 mortui
1069 1853 1278 1892 sumus
1322 1852 1334 1892 :
1367 1835 1468 1908 qui
1509 1849 1688 1898 nunc,
1736 1838 1798 1888 ut
1836 1834 2155 1888 obscurum

505 1928 817 2001 quoddam
851 1927 1264 1990 simulacrum,
1293 1930 1348 1981 et
1377 1925 1472 1980 vix
1501 1922 1972 1993 agnoscendum,
2001 1927 2155 1976 vete-

505 2018 587 2074 ris
619 2017 774 2072 illius
803 2020 1014 2071 nostrae
1053 2013 1456 2077 institutionis,
1493 2018 1550 2069 et
1590 2011 1827 2068 dicendi
1869 2010 2158 2082 cupidita-
2188 2003 2231 2059 B

505 2107 600 2171 tis,
648 2105 710 2162 in
752 2105 861 2161 hac
910 2120 1088 2160 carne
1150 2103 1382 2160 misella
1443 2103 1502 2175 (ο
1557 2117 1874 2174 quousque
1922 2099 2157 2156 vivendi

507 2195 804 2252 desiderio
823 2193 1116 2250 teneberis
1145 2191 1682 2264 l)circumagimur
1705 2207 1718 2246 :
1742 2206 1926 2246 unum
1954 2194 2060 2254 est,
2083 2189 2157 2245 de

506 2302 625 2358 quo
662 2284 1180 2357 philosophemur,
1221 2298 1404 2348 mors,
1449 2285 1506 2337 et
1543 2279 1837 2350 angimur,
1877 2279 2044 2351 quod
2075 2279 2157 2335 sic

506 2375 717 2438 tardet,
751 2390 859 2429 nec
888 2389 995 2429 nos
1027 2373 1202 2428 citius
1234 2374 1308 2427 de
1332 2371 1460 2427 istis
1492 2370 1745 2426 miseriis
1783 2369 1998 2433 educit,
2031 2369 2158 2441 qui-

507 2464 618 2518 bus
643 2462 905 2534 quotidie
937 2478 1048 2517 nos
1073 2461 1423 2529 premimur,
1453 2460 1588 2514 dum
1612 2459 1757 2514 nihil
1777 2475 1840 2513 se
1855 2458 2159 2514 remittunt

505 2557 931 2623 persequentes
966 2550 1132 2614 Quod
1166 2550 1210 2604 si
1249 2550 1462 2619 cupitis
1501 2554 1582 2613 (et
1623 2564 1746 2613 cur,
1793 2564 2016 2617 quaeso,
2061 2563 2158 2602 cu-

505 2639 703 2711 pietis,
734 2639 830 2709 qui
862 2654 1102 2693 summa
1125 2636 1388 2691 fruimini
1429 2635 1719 2706 felicitate,
1754 2651 2015 2707 quorum
2053 2637 2157 2692 lin-

505 2743 631 2797 gum
661 2728 910 2783 libenter
929 2727 1229 2782 rhetorum
1261 2741 1466 2796 greges
1488 2725 1855 2780 famulantur
1880 2724 1929 2796 Ῡ)
1970 2726 2043 2780 de
2070 2731 2157 2782 tu-

503 2817 670 2873 mulo
714 2832 924 2873 vocem
965 2816 1188 2882 audire,
1231 2815 1503 2886 loquetur
1550 2823 1703 2870 certe
1765 2815 2152 2871 simulacrum

501 2909 640 2974 mei,
683 2909 765 2964 ita
811 2909 968 2963 enim
1012 2907 1206 2976 magis
1249 2921 1581 2975 congruum
1620 2905 1899 2977 praesenti
1955 2907 2150 2962 statui.

503 2997 788 3054 Fortassis
828 2997 1061 3053 silentio
1105 2996 1420 3051 insidiatur
1450 2996 1757 3067 scriptum,
1801 2999 1857 3051 et
1913 2995 2153 3051 alterius

500 3087 806 3159 tragoedia
836 3085 1047 3158 quaerit
1095 3084 1495 3141 accasionem.
1526 3086 1581 3140 Si
1612 3101 1719 3156 per
1750 3085 1994 3140 insidias
2035 3101 2157 3140 ser-

498 3194 710 3235 mones
738 3177 1025 3240 feruntur,
1043 3175 1399 3247 jamdudum
1431 3178 1534 3237 est,
1560 3190 1698 3229 cum
1717 3175 1942 3246 experti
1970 3176 2156 3231 simus

499 3266 836 3323 istiusmodi
879 3266 1234 3322 insessorcs.
1281 3263 1591 3330 Quocirca,
1636 3263 1910 3336 loquetur
1942 3265 2153 3334 potius,

2332 949 2600 1020 ’Ἄνθρωπε
2644 955 2736 999 τοῦ
2791 947 2944 1012 Θεοῦ,
2998 953 3047 999 τί
3085 949 3281 1011 παθὼν,
3337 951 3389 999 τί
3441 944 3499 999 δὲ
3557 944 3844 1008 διανοηθεὶς,

2262 1038 2393 1106 μετά
2462 1044 2709 1089 τοσοῦτον
2761 1042 2951 1111 χρόνον
3019 1041 3238 1109 μακρὸν,
3287 1040 3417 1108 μετὰ
3489 1037 3661 1094 λήθην
3731 1039 3845 1107 ἡμῶν

2263 1126 2394 1177 οὕτω
2452 1124 2686 1198 βαθεῖαν,
2745 1129 2876 1199 μετὰ
2936 1125 3152 1198 φοϐερὰν
3213 1131 3300 1177 καὶ
3364 1124 3717 1199 ἀνιστόρητον
3769 1131 3846 1178 ire}

2262 1222 2363 1266 τῶν
2405 1235 2529 1268 ποτε
2581 1216 2857 1287 φιλούντων
2913 1214 3225 1287 ἀμνηστίαν,
3277 1217 3406 1287 μετά
3454 1220 3725 1267 τοσούτων
3766 1226 3850 1268 πεῖ-

2261 1323 2355 1378 ραν
2406 1301 2706 1377 δυσχερῶν,
2762 1307 2891 1377 μετά
2948 1304 3264 1362 τηλικαύτην
3333 1307 3390 1356 ἐκ
3442 1303 3743 1366 καταδίκης
3787 1308 3851 1376 (οὐ

2261 1393 2392 1464 λέγω
2445 1395 2619 1464 ποίας)
2682 1399 2849 1465 σιγὴν,
2911 1394 3077 1446 ἐκεῖνα
3131 1398 3409 1465 προτείνειν
3463 1397 3649 1465 ἔγνως,
3693 1395 3726 1446 ἁ
3768 1403 3852 1455 τοῖς

2264 1482 2630 1555 ἐνευημεροῦσι
2710 1492 2780 1554 τῷ
2860 1489 3075 1556 παρόντι
3153 1481 3254 1554 βίῳ
3334 1488 3423 1535 καὶ
3497 1484 3854 1555 φιλοσοφοῦσι,

2265 1570 2627 1646 ἀκμαιότερον,
2737 1572 3284 1645 πολυπραγμονεῖσθαι
3404 1575 3624 1638 mea;
3707 1574 3855 1644 Ἡμεῖς

2266 1659 2346 1730 δε,
2403 1666 2493 1712 καὶ
2547 1661 2709 1722 αὐτῆς
2766 1663 2909 1732 ἡμῶν
2971 1671 3068 1722 τῆς
3126 1662 3262 1722 ζωῆς
3315 1661 3475 1713 πάλαι
3526 1669 3645 1723 τοῖς
3704 1669 3858 1721 κακοῖς

2265 1749 2787 1824 ἐναπομαρανθείσης,
2837 1771 2893 1802 το
2962 1750 3110 1802 πλέον
3180 1753 3491 1824 τεθνήκαμεν
3523 1769 3537 1780 ·
3597 1758 3692 1803 καὶ
3765 1761 3857 1813 νύν,

2266 1841 2347 1891 οἷά
2412 1859 2493 1900 τις
2547 1840 2694 1890 εἰκὼν
2751 1835 2985 1911 ἀμυδρὰ,
3039 1844 3128 1892 καὶ
3184 1847 3374 1912 μικροῦ
3445 1837 3582 1911 μηδ’
3640 1840 3858 1911 ἐπιγινω-

2269 1933 2513 1999 σκομένη,
2573 1938 2667 1990 τῆς
2740 1928 2960 1988 παλαιᾶς
3026 1928 3221 1990 ἐκείνης
3280 1927 3487 1999 ἀγωγῆς
3567 1936 3659 1981 καὶ
3733 1932 3858 2001 φιλο-

2266 2020 2498 2090 μαθείας,
2559 2026 2630 2088 τῷ
2702 2018 3011 2091 ταλαιπώρῳ
3078 2022 3243 2089 τούτῳ
3319 2024 3519 2092 σαρκίῳ
3718 2025 3857 2091 μέχρι

2267 2113 2404 2168 τίνος
2465 2107 2864 2179 φιλοζωήσεις;)
2921 2107 3372 2182 περιπλανώμεθα,
3421 2109 3470 2160 ἓν
3546 2113 3708 2179 μόνον
3757 2112 3859 2178 ημῖν

2268 2195 2638 2268 φιλοσοφεῖται,
2698 2198 2723 2248 ὁ
2796 2199 3034 2261 θάνατος,
3105 2196 3334 2256 κάκεῖνος
3399 2196 3730 2264 παραλείπων
3796 2200 3860 2248 ὁτι

2269 2281 2521 2359 βραδύνει
2551 2305 2562 2318 -
2597 2290 2686 2338 καὶ
2729 2286 2822 2337 ούκ
2865 2285 3054 2355 ἀπάγει
3110 2288 3291 2337 θᾶττον
3337 2294 3435 2336 τῶν
3491 2286 3744 2356 θλίψεων,
3795 2287 3862 2346 αἷς

2268 2371 2608 2435 ἀδιαλείπτως
2657 2375 2750 2427 ούκ
2820 2371 3126 2426 ἐνδιδόντων
3176 2383 3270 2435 τῆς
3333 2373 3706 2446 ἐπιτιθεμένων
3762 2395 3862 2426 σνν-

2268 2466 2515 2535 εχόμεθα.
2570 2463 2708 2522 Πλὴν
2758 2464 2802 2515 εἰ
2857 2468 3030 2534 γέγονέ
3073 2465 3222 2515 ποθεν
3279 2463 3445 2534 φίλον,
3505 2468 3581 2525 ὡς
3639 2466 3732 2515 οὐκ
3774 2461 3861 2516 οἶδ’

2268 2552 2375 2604 ἀνθ’
2420 2555 2538 2605 ὅτου
2589 2555 2665 2613 οἷς
2717 2551 2940 2624 ἀκμάζει
2995 2555 3084 2624 μὲν
3133 2556 3194 2604 τά
3241 2560 3335 2614 τῆς
3368 2549 3737 2624 εὐδαιμονίας,

2266 2647 2426 2714 τόρων
2480 2638 2532 2694 δ’
2601 2640 2780 2712 ἀγέλαι
2835 2647 3119 2714 χαίρουσιν
3176 2643 3446 2714 ὑπηρετεῖν
3506 2650 3574 2713 τῇ
3649 2642 3865 2713 γλώττῃ,

2265 2738 2353 2784 καὶ
2404 2740 2493 2791 τῆς
2543 2730 2598 2783 ἐκ
2646 2733 2816 2802 τάφων
2865 2739 3032 2802 φωνῆς
3075 2730 3361 2783 ἐπακοῦσαι
3390 2749 3402 2761 ·
3455 2731 3740 2802 φθέγξεται
3787 2736 3865 2802 μὲν

2265 2825 2320 2872 το
2379 2819 2497 2892 ἐμὸν
2567 2817 2813 2872 εἴδωλον·
2871 2820 3004 2872 οὕτω
3067 2824 3166 2892 γὰρ
3239 2821 3396 2873 εἰπεῖν
3447 2829 3556 2882 τοῖς
3618 2829 3862 2894 παροῦσιν

2265 2909 2588 2983 οἰκειοτερον.
2647 2911 2806 2980 Τάχα
2878 2913 2979 2980 γαρ
3049 2916 3137 2962 καὶ
3186 2915 3355 2981 γραφη
3418 2915 3512 2967 τὴν
3595 2916 3749 2980 σιγήν
3803 2910 3867 2960 ἐν·

2266 2995 2483 3069 εὸρεύει,
2517 3003 2604 3049 καὶ
2652 2998 2799 3058 ζητεῖ
2840 3002 3100 3070 πρόφασιν
3145 2997 3301 3059 ἄλλης
3342 2994 3673 3072 τραγῳδίας.
3711 2999 3768 3050 Εἰ
3813 2994 3864 3048 τῖε

2265 3091 2354 3138 καὶ
2397 3086 2536 3158 λοχᾷ
2578 3091 2696 3148 τούς
2746 3087 2945 3157 λόγους,
3000 3087 3162 3139 πάλαι
3212 3096 3308 3138 τῶν
3365 3086 3652 3158 λοχώντων
3706 3107 3868 3139 1:532:-

2265 3177 2483 3248 ράμεθα.
2512 3177 2588 3228 Δι’
2618 3176 2642 3227 ὃ
2669 3175 2940 3248 φθέγξεται
2969 3175 3179 3245 μᾶλλον,
3208 3176 3236 3233 ἡ
3267 3180 3529 3232 σιωπήσει
3556 3195 3570 3205 ·
3603 3177 3865 3248 φθέγξεται

2270 3261 2326 3316 δὲ
2360 3263 2573 3336 βραχέα
2601 3270 2689 3316 καὶ
2712 3267 2945 3331 ταπεινὰ,
2970 3269 3060 3317 καὶ
3080 3267 3165 3318 οἶα
3189 3265 3345 3333 εἰκὸς,
3370 3273 3475 3324 τοῖς
3507 3267 3650 3318 οὕτω
3680 3263 3868 3316 duxit.

498 3372 683 3429 quam
706 3353 897 3410 silebit
926 3373 938 3421 ;
967 3358 1026 3408 at
1059 3353 1335 3426 loquetur
1356 3353 1748 3419 breviuscule,
1773 3358 1829 3409 et
1853 3353 2153 3422 humliter,

2268 3357 2450 3424 μένοις,
2489 3352 2880 3429 ἀποκρίνεσθαι.

499 3449 693 3515 utpar
723 3448 806 3498 est
858 3442 1025 3498 illum
1079 3443 1436 3513 respondere
1485 3443 1758 3514 qumsitis,
1810 3443 1998 3515 quiin
2021 3460 2157 3502 mea

498 3531 872 3589 constituitur
903 3530 1264 3587 conditione.

567 3624 799 3678 Unume
851 3619 1048 3675 dubiis
1075 3619 1235 3674 illud
1283 3627 1416 3676 est:
1467 3642 1494 3669 «
1531 3621 1840 3691 Sapientia
1882 3622 2156 3680 excelluit

501 3709 784 3768 Salomon
839 3724 1048 3764 omnes
1109 3707 1385 3763 homines
1439 3729 1452 3775 ;
1503 3715 1627 3765 erat
1679 3726 1858 3781 super
1905 3711 2150 3767 Getham

496 3798 846 3864 Israelitam,
869 3818 897 3849 ν
922 3801 1032 3852 etc.
1051 3798 1403 3868 Respondeo
1421 3798 1480 3853 in
1494 3798 1720 3871 primis,
1740 3816 1833 3856 me
1848 3816 2152 3872 nusquam

495 3889 785 3962 reperisse
817 3887 1102 3960 scriptum
1133 3888 1485 3954 Israelitam,
1539 3889 1704 3961 quod
1735 3905 1770 3944 a
1801 3895 1856 3945 te
1886 3890 2151 3961 positum

499 3983 589 4036 est
625 3993 639 4046 ;
676 3977 790 4034 nisi
839 3977 982 4034 mihi
1029 3976 1381 4033 memoriam
1426 3977 1834 4034 tribulationes
1883 3996 2156 4037 excusse-

496 4071 612 4126 rint
646 4085 658 4124 :
692 4067 799 4124 sed
848 4083 957 4139 pro
989 4067 1288 4133 Israelita,
1324 4067 1629 4123 Zaraitam
1677 4068 1793 4136 legi
1825 4086 1837 4124 :
1884 4069 2153 4125 lsraelitm

497 4162 666 4216 erant
688 4157 852 4212 natio
869 4159 893 4212 J
903 4156 1132 4222 udaica,
1159 4161 1214 4211 et
1235 4156 1631 4211 communiter
1651 4157 1731 4212 ita
1751 4157 2151 4216 vocabantur:

497 4253 560 4305 at
583 4248 925 4304 charactere
953 4245 1259 4301 communi
1287 4244 1572 4300 denotare
1596 4245 1872 4317 aliquem,
1907 4263 2044 4303 cum
2076 4248 2154 4303 ad

497 4337 665 4394 illum
693 4352 894 4392 omnes
931 4351 1104 4390 suum
1131 4349 1319 4404 genus
1362 4332 1619 4389 referant
1651 4335 1810 4405 juste
1844 4337 2155 4407 reprehen-

497 4426 673 4483 ditur.
690 4425 976 4490 Quocirca
990 4440 1098 4496 pro
1117 4423 1438 4487 Israelites,
1459 4423 1699 4479 omnino
1714 4425 2151 4482 rescribendum

498 4515 762 4573 Zaraites
792 4530 806 4580 ;
832 4513 1074 4577 zEthan,
1099 4512 1158 4568 in
1190 4511 1542 4583 quibusdam
1587 4513 2024 4584 exemplaribus
2051 4518 2155 4572 Ge-

501 4604 642 4661 than
687 4603 902 4659 dicitur
950 4619 964 4655 :
1019 4601 1288 4658 fortassis
1347 4600 1635 4656 eumdum
1663 4600 1969 4658 binomine
2009 4620 2154 4660 voce

2336 3621 2422 3674 Ἒν
2467 3625 2554 3692 μὲν
2605 3619 2691 3674 οὖν
2739 3625 2816 3688 τὸ,
2853 3644 2879 3675 ‹(
2907 3623 3222 3694 Ἐσοφίσατο
3270 3624 3503 3696 Σολομῶν
3555 3627 3686 3698 ὑπερ
3742 3628 3868 3677 πάν-

2265 3731 2353 3774 τας
2403 3711 2724 3786 ἀνθρώπους,
2777 3717 2863 3764 καὶ
2911 3714 3036 3784 ὑπερ
3087 3715 3247 3766 Γεθάν
3295 3718 3382 3766 τὸν
3441 3714 3802 3787 Ἰσραηλίτην,
3847 3738 3866 3761 s

2264 3805 2352 3852 καὶ
2409 3801 2544 3862 ἑξῆς.
2610 3808 2812 3873 Πρῶτον
2866 3805 2953 3874 μεν
3006 3800 3163 3854 ἐκεῖνό
3217 3823 3400 3875 φαμεν,
3432 3807 3496 3863 ὡς
3538 3804 3636 3856 οὐκ
3669 3805 3871 3873 Ἰσραη-

2263 3889 2409 3947 λίτην
2463 3891 2671 3962 εὖρομέν
2720 3909 2818 3942 που
2877 3895 3251 3962 γεγραμμένον,
3295 3894 3360 3952 ὡς
3417 3893 3571 3946 αὐτοὶ
3622 3898 3686 3946 τὸ

2264 3981 2584 4054 παρέθεσθε·
2643 3982 2686 4032 εἱ
2748 3986 2904 4050 μήπω
2961 3985 3050 4032 καὶ
3106 3981 3262 4038 αύτήν
3311 3983 3458 4050 ἡμῶν
3516 3987 3613 4040 τὴν
3673 3989 3871 4054 μνήμην

2264 4068 2664 4141 προσαφείλοντο
2711 4071 2766 4120 αἱ
2812 4068 3040 4139 θλίψεις·
3092 4068 3195 4120 ἀλλ’
3245 4067 3357 4122 ἀντὶ
3407 4079 3504 4122 τοῦ
3552 4072 3873 4143 Ἰραηλίτην,

2263 4162 2525 4231 Ζαραίτην
2579 4156 2899 4229 ἀνέγνωμεν·
2965 4158 3285 4231 Ἰσραηλῖται
3331 4164 3422 4231 μεν
3473 4163 3581 4234 γὰρ
3641 4167 3704 4213 τὸ
3756 4162 3872 4214 Ἰονα

2267 4243 2428 4298 δαίων
2478 4244 2613 4298 ἁπαν
2663 4246 2836 4318 φῦλον,
2878 4251 2966 4298 καὶ
3009 4253 3184 4304 κοινὴν
3233 4247 3364 4300 ἕλκει
3420 4253 3515 4306 τὴν
3575 4250 3774 4308 κλῆσιν
3825 4254 3875 4300 τὰ

2264 4337 2426 4398 ἔθνος,
2502 4339 2766 4392 κοινότητι
2851 4331 2909 4388 δε
2984 4337 3399 4410 χαρακτηρίζειν
3452 4342 3621 4400 τινας,
3687 4342 3755 4399 εἰς
3829 4343 3878 4392 ἓν

2265 4424 2491 4485 ἅπαντας
2560 4429 2894 4498 συναναφέρει
2965 4429 3021 4476 τὸ
3086 4430 3251 4495 γένος,
3314 4426 3407 4477 οὐκ
3467 4430 3582 4479 ἔστι
3668 4426 3879 4480 δικαίου

2263 4512 2419 4571 λαϐὴν
2470 4512 2740 4584 ἐκφυγεῖν·
2779 4511 2904 4565 ἀλλὰ
2943 4522 3094 4565 τούτο
3144 4516 3231 4584 μὲν
3288 4514 3449 4586 ὀρθῶς
3494 4514 3557 4566 ἆν
3604 4520 3688 4575 εἴη
3741 4522 3879 4588 ἔχον,

2266 4602 2308 4654 εἰ
2369 4601 2480 4654 ἀντὶ
2550 4610 2639 4654 τοῦ

2712 4603 3066 4674 Ἰσραηλίτης,
3128 4607 3414 4675 Ζαραῖτης,
3482 4606 3873 4678 μεταληφθείις¹

499 4693 880 4766 exprimente.
940 4691 1110 4756 Quod
1173 4690 1350 4760 igitur
1410 4689 1694 4762 deinceps
1753 4692 2019 4762 sequitur
2094 4693 2150 4749 in

2268 4695 2351 4744 τὸν
2429 4689 2487 4744 δὲ
2569 4691 2747 4756 Αἰθάν,
2805 4694 2915 4743 ἔνια
2968 4701 3065 4743 τῶν
3125 4690 3450 4764 ἀντιγράφων
3520 4698 3731 4746 Γαιῦὰν
3779 4699 3884 4747 ονο-

499 4783 631 4839 loco
660 4783 794 4848 isto,
828 4780 1188 4836 dividiturin
1228 4779 1526 4850 duplicem
1575 4795 1797 4846 aream,
1831 4786 1886 4836 et
1913 4782 2154 4851 gemina

501 4871 977 4930 consideratione
1021 4869 1301 4928 variatur.
1339 4869 1397 4927 Si
1430 4867 1666 4935 Euam,
1701 4876 1757 4926 et
1789 4870 2066 4933 Chalcad,
2100 4879 2153 4928 et

503 4961 753 5018 Cardala
769 4961 1068 5027 exhibeat,
1090 4959 1390 5029 signiﬁcat
1408 4958 1689 5030 antiquos
1706 4958 1784 5014 ob
1805 4960 2149 5031 sapientiam

501 5049 640 5105 olim
674 5049 933 5106 celebres
965 5048 1380 5121 Egyptiorum
1421 5049 1747 5122 prophetas
1778 5053 1910 5104 ante
1942 5055 2151 5106 natum

498 5140 734 5209 Moysen
767 5157 779 5202 ;
812 5140 1025 5211 posteri
1077 5144 1244 5194 erant
1270 5139 1435 5204 Zara,
1469 5139 1567 5210 qui
1593 5138 1898 5194 Thamaris
1929 5155 1958 5195 e
2003 5141 2154 5196 .luda

497 5227 656 5285 ﬁlius
675 5231 818 5295 erat,
851 5234 906 5284 et
934 5227 1014 5284 illi
1046 5232 1258 5300 praeter
1305 5228 1679 5300 prophetiam
1737 5232 1793 5284 et
1840 5228 2017 5285 aliam
2066 5246 2154 5286 sa-

491 5303 803 5392 pientiam,
850 5316 1080 5391 praediti
1130 5322 1302 5374 erant
1356 5315 1599 5374 scientia
1647 5315 1928 5388 pengenli
1977 5316 2148 5383 odas,

2265 4781 2440 4853 μάζει,
2503 4776 2746 4851 ὃιωνύμῳ
2812 4783 2957 4852 τάχα
3024 4780 3226 4845 κλήσει,
3283 4785 3370 4833 τὸν
3451 4781 3614 4834 αὐτὸν
3681 4783 3883 4841 5:05:-

2263 4869 2467 4923 λούντα.
2513 4874 2581 4922 Τὸ
2656 4874 2825 4940 μέντοι
2901 4870 3018 4932 ἑξῆς
3086 4877 3176 4921 τού
3230 4875 3436 4942 χωρίου
3507 4877 3597 4923 καὶ
3655 4875 3735 4934 εἰς
3796 4872 3885 4925 δύο

2267 4959 2518 5030 σχίζεται
2577 4955 2766 5030 ἐδάφη,
2820 4964 2908 5010 καὶ
2958 4955 3116 5030 διπλῇ
3173 4958 3495 5011 ποικίλλεται
3552 4963 3758 5033 θεωριᾳ
3831 4965 3883 5014 Ei

2265 5051 2352 5112 μὲν
2395 5051 2495 5119 γὰρ
2543 5051 2696 5099 Αῖναν
2749 5053 2838 5099 καὶ
2870 5044 3110 5111 Χάλκαδ,
3144 5053 3232 5099 καὶ
3275 5045 3547 5122 Κάρδαλα,
3579 5055 3647 5102 τὸ
3703 5049 3885 5119 ἔδαφος

2266 5136 2588 5190 ἀναπτύσσει
2644 5137 2890 5196 παλαιούς
2940 5133 3138 5210 ἄνδρας
3197 5137 3278 5188 ἐπὶ
3352 5143 3507 5209 σοφίᾳ
3563 5158 3884 5209 γεγέννηκε-

2262 5246 2376 5287 νους
2436 5228 2724 5298 ὑποφαίνει,
2775 5226 2822 5277 οἱ
2875 5229 3008 5277 κατά
3065 5231 3157 5284 τὴν
3231 5231 3493 5298 Αἴγυπτον
3551 5239 3884 5299 apocatas-

2267 5336 2382 5383 σαν,
2433 5316 2575 5368 οὔπω
2639 5320 2862 5376 Μωσέως
2934 5315 3003 5377 εἰς
3079 5315 3238 5387 αύγάς
3288 5315 3434 5373 ἡλίου
3493 5315 3884 5389 προελθόντες·

1841 5521 2084 5581 νΑΒυΕ
2121 5521 2530 5582 LECTlONES.

669 5736 724 5777 σ.
744 5712 1037 5775 κοινωνίὰν.
