4136 6198
323 260 432 317 685
1397 264 1491 320 AD
1531 261 2080 321 AMPHILOCHIUM
2121 260 2445 330 QUIESTIO
2485 259 2648 319 CXV.
3581 257 3691 325 686

318 399 475 462 γονῆς
520 387 571 443 δ’
611 392 714 464 ἄρα
756 387 848 444 εἶεν
891 391 1034 444 οὗτοι
1071 399 1160 444 τοῦ
1199 393 1354 466 Σαρὰ,
1399 391 1454 455 ὃς
1493 391 1544 444 ἐκ
1588 399 1684 454 τῆς
1736 393 1924 466 Θάμαρ

2057 405 2162 462 {uo
2193 405 2295 445 eos
2327 387 2616 446 naturalis
2647 384 2928 443 inclinato
2958 385 3235 458 ducebat,
3278 386 3428 446 adeo
3468 393 3534 447 ut
3561 391 3690 464 qui-

317 478 516 550 ἒγένετο
575 493 603 534 8
653 489 723 550 τῷ
797 479 1011 553 Ἰούδᾳ·
1077 480 1190 540 ἐνῆν
1262 479 1319 534 δὲ
1389 481 1567 543 αὐτοῖς
1639 484 1769 554 μετὰ
1833 490 1925 542 τῆς

2055 479 2178 534 iam
2198 479 2414 550 psalmi
2445 495 2649 534 eorum
2674 477 2748 532 de
2771 476 3118 533 nominibus
3139 477 3566 536 inscribantur.
3597 482 3688 540 Ait

314 575 655 643 προφητείας,
703 576 792 622 καὶ
832 579 927 632 τῆς
975 570 1135 630 ἄλλης
1190 576 1396 642 σοφίας,
1428 576 1516 623 καὶ
1559 575 1671 645 περὶ
1710 575 1922 628 ποίησιν

2049 585 2176 641 ergo
2219 568 2421 624 divina
2459 568 2777 639 Scriptura,
2824 567 2984 639 quod
3027 570 3349 639 praestabat
3397 568 3682 628 Salomon

313 655 468 729 ᾠδῶν
512 660 540 713 ἡ
590 663 744 730 φύσις
799 659 1045 731 λαχοῦσα
1095 664 1188 718 τήν
1231 660 1526 732 εύκληρίαν,
1559 663 1626 722 ὡς
1665 665 1754 712 καί
1784 680 1923 721 τινας

2053 673 2152 714 ion
2182 657 2362 714 modo
2393 657 2618 712 caeteris
2647 655 3016 722 hominibus,
3050 657 3156 712 sed
3186 662 3242 712 et
3271 657 3415 714 istis.
3453 657 3508 714 Si
3527 659 3686 716 dica-

310 757 415 799 τών
467 747 684 821 ψαλμῶν
743 749 812 808 εἰς
873 753 932 800 τὸ
999 748 1200 802 ἐκείνων
1273 754 1432 822 ονομα
1492 755 1583 807 τήν
1631 748 1920 822 ἐπιγραφήν

2056 763 2125 802 ur
2151 747 2429 803 Salomon
2461 747 2788 801 secundum
2830 745 3117 801 utramvis
3147 749 3404 819 speciem
3442 748 3687 805 rationis

307 835 596 910 ἀναφέρειν.
632 843 768 894 Φησὶ
812 847 1090 911 τοιγαροῦν
1121 842 1148 897 η
1205 841 1318 892 θεία
1378 844 1576 914 Γραφή,
1612 841 1681 901 ὡς
1725 840 1783 891 ού
1828 844 1920 909 μό-

2054 852 2349 908 uperasse
2397 851 2607 892 omnes
2655 835 2967 907 sapientia,
3024 835 3201 892 etiam
3256 841 3312 893 et
3365 837 3578 894 rEthan
3631 842 3687 895 et

308 945 397 978 νον
442 935 542 979 τῶν
590 926 753 979 ἄλλων
805 926 1110 1000 ἀνθρώπων,
1146 927 1273 980 ἀλλὰ
1320 934 1409 981 καὶ
1457 932 1646 981 τούτων
1687 928 1917 999 Σολομῶν

2046 927 2234 982 Eman
2265 931 2747 999 praetergressus;
2790 925 3100 982 sciendum
3131 931 3240 992 est,
3273 927 3441 1000 quod
3471 929 3679 986 fEthan

307 1014 515 1090 ἐκράτει
563 1025 624 1088 τῇ
679 1021 854 1088 σοφίᾳ.
892 1017 952 1068 Εἰ
998 1014 1056 1070 δὲ
1084 1020 1218 1070 κατὰ
1265 1019 1476 1090 θάτερον
1520 1027 1618 1070 τῶν
1654 1017 1916 1090 λογισμῶν

2048 1022 2082 1072 ιι
2104 1017 2312 1072 Eman
2345 1031 2464 1072 non
2493 1019 3039 1072 commemorantur
3065 1022 3131 1071 ut
3160 1016 3418 1074 Cbalcad
3449 1019 3681 1090 Opinio-

307 1103 455 1167 εἶδος
533 1105 948 1182 ἀποκρύψασθαι
1006 1111 1096 1179 μὲν
1153 1108 1350 1178 λέγοιτο
1411 1107 1642 1180 Σολομῶν
1714 1106 1915 1179 ἀνθρώ-

2043 1121 2167 1161 iem
2213 1106 2282 1161 de
2333 1122 2394 1162 se
2437 1109 2560 1161 tam
2605 1104 2889 1161 celebrem
2938 1105 3278 1178 reliquisse;
3320 1107 3425 1163 sed
3465 1108 3676 1166 eadem

305 1216 442 1257 πους
488 1198 705 1262 πάντας,
757 1198 1084 1268 σοφίσασθαι
1142 1195 1202 1249 δὲ
1253 1202 1343 1248 καὶ
1401 1198 1526 1270 ὑπὲρ
1586 1197 1766 1262 Αἰθὰν,
1826 1201 1915 1248 καὶ

2046 1199 2194 1250 etate
2224 1211 2347 1267 qua
2378 1194 2661 1250 Salomon
2691 1193 3030 1251 admirabili
3060 1195 3350 1267 sapientia
3378 1198 3679 1269 praecessit

305 1284 438 1357 ὑπὲρ
536 1285 745 1358 Αἰμάν·
800 1284 956 1337 ἐκεῖνο
1028 1295 1284 1359 προσῆκεν
1343 1283 1552 1351 εἰδέναι,
1611 1288 1680 1345 ὡς
1745 1284 1914 1338 Αἰθάν

2041 1299 2254 1349 )mnes,
2277 1288 2332 1340 et
2352 1283 2484 1356 ipsi,
2508 1283 2588 1338 illi
2618 1283 2837 1355 partim
2854 1286 3084 1340 natura?!
3101 1284 3412 1354 beneﬁcio,
3455 1287 3674 1358 partim

305 1392 365 1425 τε
411 1379 499 1426 καὶ
545 1375 712 1446 Αἰμὰν
759 1374 851 1427 ούκ
895 1373 943 1426 ἐν
991 1381 1192 1447 μνήμῃ,
1241 1377 1471 1449 καθάπερ
1522 1377 1569 1426 οἱ
1617 1379 1734 1448 περὶ
1778 1374 1915 1428 Χαλ-

2045 1372 2334 1443 ιιιρὶθηιίδθ
2387 1371 2607 1428 divitiis
2659 1371 2816 1429 ultra
2872 1388 3082 1429 omnes
3133 1389 3498 1445 congeneres
3543 1375 3678 1432 elati

305 1460 437 1529 κὰδ,
489 1464 782 1516 κατέλειπον
836 1469 928 1522 τήν
981 1466 1148 1516 αὑτῶν
1207 1465 1504 1535 σωζομένην
1550 1460 1707 1526 δόξαν
1739 1478 1753 1494 ’
1802 1462 1912 1514 ἀλλ’

2039 1462 2437 1518 :ernebantur.
2471 1464 2599 1527 Qua
2625 1465 2824 1518 autem
2852 1461 2972 1518 alia
2995 1462 3056 1518 in
3085 1478 3167 1528 re,
3196 1463 3310 1519 nisi
3339 1465 3474 1530 hac,
3505 1465 3672 1538 quod

305 1553 412 1604 ὑπὸ
463 1557 580 1614 τοὺς
610 1553 798 1614 αὐτοὺς
841 1558 1086 1625 χρόνους,
1126 1553 1173 1604 ἐν
1202 1555 1276 1613 οἷς
1305 1559 1393 1604 καὶ
1428 1553 1656 1625 Σολομῶν
1711 1552 1791 1605 ἐπὶ
1826 1572 1910 1605 σο-

2044 1551 2264 1621 gloriosi
2295 1568 2327 1606 a
2351 1565 2488 1621 rege
2515 1551 2813 1607 constituti
2837 1551 2897 1606 in
2931 1552 3209 1608 secundis
3235 1552 3595 1623 ferebantur,
3621 1559 3677 1613 et

305 1646 403 1713 φία
432 1643 499 1684 h'i
527 1644 725 1703 πάντας
771 1643 1087 1700 κατέπληττε
1139 1644 1385 1712 θαύματι,
1421 1649 1511 1694 καὶ
1553 1643 1724 1709 αὐτοὶ,
1756 1650 1909 1695 τοῦτο

2040 1641 2286 1713 indique
2344 1655 2468 1696 non
2515 1639 2789 1712 aequandi
2842 1640 3328 1712 praedicabantur
3367 1657 3380 1698 :
3423 1645 3673 1716 psalmis

303 1736 399 1802 μὲν
444 1733 646 1803 μεγέθει
705 1735 920 1804 φύσεως,
981 1739 1132 1784 τοῦτο
1185 1729 1244 1783 δὲ
1296 1737 1480 1804 σοφίας
1533 1732 1758 1802 πλούτῳ,
1807 1741 1906 1783 τῶν

2042 1729 2403 1786 :oncinendis
2433 1729 2624 1800 periti,
2653 1745 2840 1800 quam
2865 1729 2944 1784 ob
2975 1745 3224 1786 causam
3255 1736 3422 1788 erant
3449 1735 3675 1790 cunctis

303 1822 560 1890 ὁμογενῶν
607 1821 843 1872 ἁπάντων
893 1823 1232 1893 ὑπερέχοντες
1273 1823 1502 1894 ὡρώντο.
1542 1825 1642 1873 Καὶ
1672 1826 1722 1872 τί
1762 1820 1906 1886 ἄλλο,

2032 1818 2435 1876 tdmirationi:
2467 1835 2602 1874 cum
2631 1818 2745 1890 ipsi
2777 1819 3040 1890 cynaris,
3076 1819 3336 1890 nabiliis,
3370 1822 3665 1892 cymbalis

302 1910 333 1968 ἦ
383 1915 474 1967 τὴν
529 1907 686 1972 δόξαν
743 1907 814 1962 δι’
860 1911 925 1960 ὧν
971 1913 1141 1984 ἔφερον
1199 1914 1264 1961 τὰ
1314 1907 1531 1983 δεύτερα
1581 1920 1652 1980 τῷ
1700 1909 1910 1982 βασιλεῖ

2035 1908 2310 1964 nirabilia
2358 1907 2456 1963 Dei
2504 1907 2908 1964 decantarent.
2962 1911 3097 1965 Erat
3141 1915 3352 1975 autem,
3395 1911 3668 1979 arbitror,

300 2004 736 2071 περιφανεστέραν
815 2000 1157 2070 ἀνεκήρυττόν
1229 2018 1301 2062 τε,
1365 2003 1454 2050 καὶ
1533 2007 1643 2060 τοῖς
1716 2004 1906 2073 πέρασι

2031 1997 2222 2054 iterari
2278 1997 2545 2053 fEthanis
2593 1996 2960 2069 progenitor,
3021 1997 3126 2069 qui
3186 1998 3352 2056 tertio
3402 2000 3664 2058 ﬁliorum

303 2095 580 2161 περιηχεῑν
653 2091 841 2161 κράτος
925 2084 1058 2146 ἦσαν
1136 2089 1347 2160 ἄμαχον
1420 2086 1902 2162 ἐμπεριειληφότες·

2035 2086 2146 2143 .evi
2183 2086 2390 2142 ordine
2433 2085 2788 2142 censebatur
2827 2103 2843 2143 :
2884 2089 3094 2143 Eman
3143 2086 3295 2142 ﬁlius
3326 2089 3504 2145 Joelis
3539 2095 3668 2148 erat

297 2174 584 2248 ψαλμῳδοὶ
629 2174 686 2229 δε
715 2181 840 2248 πρὸς
888 2177 965 2237 οἷς
996 2177 1372 2248 ἐθαυμάζοντο,
1406 2184 1516 2236 τοῖς
1543 2176 1713 2236 ἄλλοις
1745 2176 1904 2250 ἐχρη-

2033 2191 2202 2248 lepos
2251 2175 2556 2248 propheta
2606 2174 2936 2242 Samuelis;
2977 2191 3160 2248 quem
3209 2192 3380 2235 sacra
3423 2179 3666 2236 oracula

298 2266 521 2340 μάτιξον
566 2271 655 2318 καὶ
707 2266 850 2318 οὗτοι
895 2263 988 2318 διὰ
1032 2268 1244 2338 κινύρας
1291 2269 1380 2316 καὶ
1424 2264 1613 2327 νάϐλας
1659 2271 1746 2318 καὶ
1777 2286 1906 2338 κυμ-

2039 2263 2275 2336 tirpitus
2303 2264 2447 2320 Core
2475 2263 2806 2336 assignant,
2835 2262 3049 2320 exinde
3074 2279 3181 2336 per
3207 2265 3509 2322 carnalem
3535 2282 3672 2340 pro-

300 2354 472 2407 ϐάλων
501 2358 567 2407 τὰ
595 2363 687 2407 τοῦ
721 2363 853 2408 Θεοῦ
897 2356 1168 2426 θαυμάσια
1206 2350 1556 2426 μελῳδοῦντες
1582 2371 1594 2420 ;
1627 2361 1721 2406 Ἦν
1749 2351 1808 2407 δὲ
1833 2362 1904 2425 τῷ

2035 2353 2239 2423 geniem
2288 2352 2690 2410 descendebat
2739 2354 2973 2410 Eman.
3027 2353 3162 2410 Haec
3219 2355 3298 2410 ad
3348 2355 3668 2428 quaesitum

297 2448 393 2514 μὶν
461 2445 621 2498 Δίθὰν
696 2449 964 2520 πρόγονος,
1041 2441 1209 2516 οἶμαι,
1293 2445 1319 2495 ὁ
1399 2449 1635 2519 Μεραρί⁶
1711 2443 1764 2504 ὃς
1833 2444 1905 2505 εἰς

876 2464 964 2509 ιος,
1041 2441 1209 2516 οἶμαι,
1293 2445 1319 2495 ὁ
1399 2449 1635 2519 Μεραρί⁶
1711 2443 1764 2504 ὃς
1833 2444 1905 2505 εἰς
2014 2448 2180 2498 tuum
2223 2442 2509 2514 primum.

295 2532 588 2605 ἁρίθμησιν
640 2541 740 2585 τῶν
794 2529 1000 2585 παίδων
1049 2540 1140 2585 τοῦ
1196 2535 1323 2584 Λευί
1380 2537 1560 2607 τρίτην
1619 2530 1906 2604 ἀνεπλήρου
1960 2531 2126 2594 τάξιν.
2184 2539 2241 2584 '0
2298 2529 2356 2584 δὲ
2418 2532 2585 2604 Αίμὰν
2653 2539 2774 2592 παῖς
2840 2535 2929 2603 μὲν
3004 2529 3065 2590 ἦν
3129 2531 3295 2599 Ἰωήλ,
3359 2531 3544 2595 ὑϊδοῦς
3608 2534 3669 2590 δε

293 2630 390 2674 τοῦ
423 2628 684 2694 προφήτου
717 2622 958 2694 Σαμουήλ
983 2639 995 2654 ο
1026 2622 1078 2673 ὃν
1112 2624 1176 2673 τὰ
1215 2626 1387 2693 Λόγια
1419 2622 1490 2683 εἰς
1516 2626 1607 2679 τὴν
1657 2625 1782 2695 Κορὲ
1816 2623 2064 2674 συνάπτει
2112 2625 2412 2694 συγγένειαν
2442 2639 2454 2650 ·
2488 2617 2763 2691 ἀνεῲιαδοὶ
2809 2617 2867 2673 δὲ
2898 2625 3122 2682 Μωσέως
3163 2629 3253 2675 τοῦ
3283 2625 3580 2695 νομοθέτου,
3615 2627 3664 2677 οἱ

295 2718 415 2786 περὶ
449 2716 596 2786 Κορὲ,
631 2713 763 2765 ὥστε
807 2717 896 2764 καὶ
924 2719 996 2784 τῷ
1043 2712 1214 2785 Αἱμὰν
1245 2710 1431 2765 ἐκεῖθεν
1477 2713 1506 2770 ἡ
1545 2716 1814 2784 σωματικὴ
1868 2709 2095 2786 ἀπορροὴ
2130 2718 2220 2763 τοῦ
2249 2714 2447 2782 γένους.
2478 2709 2634 2764 Ἀλλὰ
2681 2713 2798 2785 περὶ
2843 2712 2933 2783 μὲν
2979 2718 3072 2764 τοῦ
3102 2717 3308 2786 πρώτου
3357 2713 3659 2786 ζητήματος

294 2811 483 2857 ταῦτα.

367 2896 466 2944 Τὸν
515 2888 575 2944 δὲ
623 2889 787 2944 Δαϐἱδ
835 2891 975 2954 ἅπαξ
1016 2895 1166 2964 ἴσμεν
1209 2895 1518 2966 χρισθέντα,
1554 2888 1790 2966 δεύτερον
1841 2888 1899 2944 δὲ

2081 2889 2368 2946 Davidem
2384 2889 2562 2945 semel
2584 2889 2895 2944 inunctum
2915 2889 3134 2944 scimus
3155 2906 3168 2955 ;
3211 2891 3475 2948 secundo
3492 2891 3667 2950 inau-

294 2980 703 3052 ἀναγορευθέντα
752 2982 817 3041 εἰς
864 2979 1123 3052 βασιλέα’
1173 2987 1260 3033 καὶ
1316 2983 1606 3053 χρισθέντα
1661 2984 1748 3052 μὲν
1797 2983 1896 3032 ὑπὸ

2029 2985 2291 3052 guratum
2347 2994 2454 3051 per
2509 2977 2799 3047 suffragia
2854 2977 3045 3034 tribus
3094 2979 3261 3034 ludas
3315 2979 3377 3035 in
3427 2980 3662 3038 Hebron

293 3070 538 3141 Σαμουὴλ
586 3077 676 3122 τοῦ
738 3074 1046 3142 προφήτου·
1103 3070 1450 3145 ἀναρρηθέντα
1505 3067 1582 3131 δὲ,
1650 3074 1895 3143 πρότερον

2028 3074 2140 3124 )ost
2160 3073 2384 3139 septem
2407 3082 2600 3123 annos
2616 3083 2653 3123 a
2673 3065 2918 3138 reliquis
2937 3066 3212 3122 tribubus
3235 3069 3661 3126 communibus

291 3163 385 3231 μὲν
442 3160 598 3231 ψήφῳ
656 3168 750 3220 τῆς
804 3156 980 3212 Ἰούδα
1029 3159 1190 3231 φυλῆς
1239 3163 1287 3211 ἐν
1345 3159 1551 3233 Χεϐρών
1586 3177 1598 3188 °
1658 3159 1784 3211 ἐπ’τά
1837 3156 1896 3211 δε

2020 3157 2305 3227 suffragiis
2327 3156 2582 3228 priorem
2604 3156 2732 3226 ejus
2753 3155 3103 3212 electionem
3125 3156 3616 3215 conﬁrmantibus
3639 3173 3653 3214 :

288 3253 714 3321 μεταγενέστερον
795 3247 938 3309 ἐτῶν,
988 3252 1130 3322 παρὰ
1207 3258 1305 3300 τῶν
1380 3248 1672 3301 ὑπολοίπων
1727 3248 1892 3320 φυλῶν

2027 3247 2310 3303 :ommuni
2348 3245 2618 3318 quadam
2653 3244 2882 3301 ratione
2921 3245 3223 3317 Scriptura
3257 3247 3518 3317 priorem
3560 3247 3660 3305 de-

287 3343 384 3396 τήν
437 3340 716 3410 φθάσασαν
764 3343 938 3410 κρίσιν
999 3344 1294 3410 συμφώνοις
1337 3345 1565 3410 γνώμαις
1617 3336 1889 3409 ἐπικροτη-

2024 3336 2388 3392 :larationem
2429 3339 2484 3390 et
2528 3333 2866 3404 generalem
2907 3334 2967 3388 in
3004 3349 3206 3404 regem
3250 3335 3657 3394 inunctionem

289 3431 516 3482 σάντων.
575 3432 868 3500 Κοινὸτερον
921 3425 998 3493 δὲ,
1053 3431 1117 3478 τὰ
1180 3434 1367 3498 Λὸγια,
1419 3433 1508 3480 καὶ
1561 3433 1654 3485 τήν
1713 3431 1890 3500 προτέ-

2022 3430 2190 3482 rocat.
2221 3424 2466 3479 Videtur
2501 3423 2682 3479 David
2724 3422 2957 3494 regium
2996 3422 3278 3481 diadema
3307 3424 3420 3481 sibi
3461 3426 3655 3500 impo-

283 3537 404 3590 ραν,
450 3521 540 3568 καὶ
597 3521 689 3574 τήν
739 3518 959 3587 ὑστέραν
1015 3518 1112 3569 ὑπὸ
1156 3524 1248 3568 τοῦ
1298 3517 1526 3579 πλήθους
1580 3515 1885 3590 ἀνάρρησιν,

2020 3514 2209 3581 suisse,
2237 3519 2533 3587 quantum
2559 3511 2849 3569 memoria
2868 3511 3310 3583 mihisuggerit,
3337 3530 3476 3571 cum
3501 3515 3653 3574 Joab

282 3611 473 3679 χρίσιν
532 3605 792 3677 ὀνομάζει.
853 3605 1120 3660 Βασίλειον
1183 3611 1355 3678 μέντοι
1410 3612 1654 3678 στέφανον
1721 3610 1885 3677 φαίνε·

2022 3603 2162 3676 ιρυό
2198 3602 2572 3658 Ammonitos
2601 3602 2826 3658 bellum
2853 3605 3090 3672 gerente
3121 3603 3362 3660 Remath
3394 3605 3539 3662 urbs
3564 3623 3655 3664 re-

282 3715 372 3746 ται
418 3697 746 3768 περιθέμενος
795 3692 978 3756 Δαϐὶδ,
1014 3697 1114 3746 ὅσα
1154 3715 1209 3767 γε
1250 3694 1335 3767 ἐμὲ
1382 3698 1700 3768 μεμνῆσθαι,
1732 3696 1888 3752 ἡνίκα

2018 3694 2092 3765 gia
2123 3698 2450 3765 caperetur,
2486 3692 2593 3748 sed
2623 3692 2788 3764 prius
2817 3707 3002 3762 quam
3027 3693 3171 3747 Joab
3199 3691 3365 3749 illam
3392 3700 3651 3767 caperet,

279 3783 780 3856 προπολεμήσαντος
880 3784 1033 3836 Ἰωὸϐ
1134 3784 1184 3835 ἐν
1285 3785 1467 3857 Ῥεμάθ
1565 3794 1664 3836 τῶν
1763 3786 1884 3835 υἰών

2018 3801 2094 3839 ’θΧ
2127 3799 2232 3854 per
2247 3799 2424 3838 suum
2446 3781 2771 3838 adventum
2793 3780 3095 3837 obsidioni
3115 3781 3438 3839 terminum
3460 3783 3651 3856 impo-

281 3875 480 3946 Ἀμὼν,
538 3877 629 3930 τήν
685 3869 944 3945 βασιλίδα
1008 3873 1173 3940 πόλιν,
1239 3873 1388 3945 ἐγγύς
1453 3894 1506 3926 τε
1560 3875 1883 3944 ἐγκαταστή-

2011 3874 2128 3938 suit,
2159 3879 2283 3929 tum
2315 3872 2474 3928 enim
2506 3871 2658 3926 inter
2683 3870 2875 3943 spolia
2901 3887 3186 3928 coronam
3207 3872 3453 3930 Melchol
3472 3875 3644 3947 cepit,

283 3981 471 4023 σαντος
527 3970 620 4014 τοῦ
678 3962 886 4028 ἁλῶναι,
939 3963 1152 4022 ἐπιστὰς
1214 3965 1239 4014 ὁ
1293 3963 1544 4035 βασιλεὺς
1607 3962 1742 4023 τέλος
1799 3962 1883 4014 ἐπ-

2015 3968 2048 4019 ει
2078 3961 2344 4032 regnavit
2373 3962 2500 4032 ipse
2532 3976 2714 4032 super
2746 3960 3036 4032 captivos;
3078 3965 3131 4017 et
3167 3965 3231 4017 ut
3269 3962 3648 4034 splendidam

277 4053 434 4109 ἐθηκε
480 4059 542 4123 τῇ
575 4051 850 4124 πολιορκίᾳ
873 4071 886 4083 ·
918 4056 1033 4104 τότε
1077 4054 1176 4127 γὰρ
1222 4051 1445 4125 λάφυρον
1478 4055 1613 4123 ἔχων
1657 4055 1740 4104 τὸν
1774 4055 1882 4104 στέ-

2014 4059 2171 4124 itque
2201 4050 2514 4107 indubiam
2544 4049 2853 4106 victoriam
2869 4065 2930 4105 se
2955 4049 3222 4106 obtinere
3247 4051 3506 4122 doceret,
3537 4071 3647 4110 suo

277 4160 435 4213 φανον
491 4148 583 4193 τοῦ
634 4140 858 4212 Μελχὼλ
905 4139 1190 4209 (ἐϐασίλευε
1233 4138 1291 4193 δε
1337 4147 1428 4192 καὶ
1472 4141 1629 4203 αὐτὸς
1664 4150 1760 4194 τῶν
1802 4140 1881 4192 ἐα-

2009 4139 2383 4196 :ircumdedit
2451 4137 2630 4211 capiti
2674 4138 2934 4210 lapidem
2987 4137 3314 4208 fulgentem
3361 4141 3642 4212 pretioso.

272 4229 560 4298 λωκότων),
595 4229 685 4280 οἶτε
721 4225 788 4286 δή
822 4229 934 4280 κατ’
966 4229 1125 4281 αὐτοῦ
1161 4249 1215 4281 τε
1261 4234 1351 4282 xui
1399 4234 1584 4291 παντὸς
1631 4237 1722 4282 τοῦ
1751 4230 1877 4287 πλή-

1527 4234 1584 4291 ὸς
1631 4237 1722 4282 τοῦ
1751 4230 1877 4287 πλη·
1990 4229 2348 4302 pendentem
2379 4227 2504 4283 auri
2537 4227 2820 4284 talentum
2853 4241 3160 4284 coronam.

274 4320 402 4379 θους
421 4315 674 4390 ἀδήριτον
704 4322 793 4369 καὶ
821 4317 1062 4392 λαμπρὰν
1092 4318 1233 4388 αύτῷ
1259 4322 1716 4392 περιπεποιημένος
1745 4323 1838 4376 τὴν
1863 4323 2030 4389 νίκην,
2063 4327 2124 4391 τῇ
2159 4315 2274 4390 ἰδίᾳ
2302 4316 2525 4392 περιῆψε
2555 4317 2771 4391 κεφαλῇ,
2799 4316 2927 4390 λίθῳ
2957 4318 3047 4390 μὲν
3077 4321 3234 4390 τιμίῳ
3269 4320 3640 4393 περιηνθισμέ-

268 4426 380 4476 νον,
410 4407 620 4459 ἕλκοντα
651 4403 709 4459 δὲ
741 4409 967 4479 σταθμὸν
996 4407 1063 4468 εἰς
1092 4409 1339 4460 τάλαντον
1367 4413 1620 4480 χρυσίου.

343 4500 450 4554 Τήν
505 4492 563 4548 δε
617 4495 808 4548 κωλέαν
879 4498 904 4554 ii
963 4503 1055 4548 τοῦ
1119 4495 1340 4548 Ἀκύλου
1413 4493 1620 4557 ἔκδοσις
1675 4502 1877 4568 κνήμην
1915 4501 1953 4554 D

2062 4496 2262 4550 Κωλέαν
2319 4494 2513 4551 versio
2575 4494 2801 4568 Aquilae
2865 4499 3066 4568 κνήμην
3143 4496 3493 4555 transtulit:
3535 4499 3641 4556 sed

269 4587 578 4658 αναγράφει.
636 4589 728 4642 Εἵη
787 4581 836 4637 δ’
878 4584 958 4650 ἂν,
1019 4584 1379 4658 ἀκριϐέστερον
1433 4587 1610 4654 εἰπεῖν,
1667 4587 1871 4646 σκέλος⁸

2006 4587 2250 4642 exactius
2282 4585 2580 4658 loquendo
2618 4584 2791 4647 σκέλος
2822 4591 3006 4653 esset;
3048 4585 3213 4658 quod
3244 4602 3349 4658 per
3374 4585 3494 4644 alia
3519 4587 3639 4645 duo

267 4677 395 4748 ὅπερ
426 4680 515 4726 xui
547 4672 702 4727 δύσιν
735 4675 922 4746 ἑτέροις
953 4675 1172 4747 ὀνόμασι
1198 4671 1472 4733 δηλοῦται.
1505 4681 1652 4747 Λέγω
1681 4672 1747 4733 δή
1782 4680 1874 4734 τὴν

2006 4675 2237 4731 10mina
2319 4674 2617 4730 indicatur
2659 4691 2672 4731 :
2714 4675 2976 4744 intelligo
3057 4681 3258 4732 autem
3340 4680 3639 4750 μετάμηρον

265 4767 568 4838 μετάμηρον
620 4764 804 4826 κωλήν,
863 4769 952 4816 καὶ
1011 4769 1066 4816 τὸ
1124 4768 1252 4836 μετά
1294 4769 1381 4816 τὸν
1430 4769 1594 4839 μηρὸν
1648 4764 1875 4839 ἀκροκώ-
1984 4765 2152 4824 κωλήν
2191 4769 2248 4820 et
2284 4784 2414 4838 μετα
2462 4767 2548 4817 τὸν
2599 4767 2766 4840 μηρὸν
2815 4762 3152 4838 ἁκροκώλεον.
3206 4769 3433 4822 Nomen
3477 4768 3636 4824 enim

263 4854 378 4905 λεον
409 4868 422 4882 '
467 4857 523 4904 τὸ
565 4856 664 4924 γὰρ
711 4861 802 4914 τῆς
849 4858 1048 4924 κνήμης
1095 4857 1256 4925 ὄνομα
1307 4851 1577 4930 διαφόροις
1629 4857 1872 4928 πράγμα-

2004 4855 2128 4911 llud
2180 4859 2350 4926 κνήμη
2416 4854 2477 4910 in
2532 4855 2712 4910 rebus
2777 4853 2960 4911 variis
3024 4855 3342 4925 divagatur
3383 4873 3398 4912 :
3443 4856 3637 4914 solent

267 4961 353 4994 σιν
411 4940 772 4994 ἑπιπλανᾶται.
832 4943 1063 4995 Εἰωθασι
1133 4946 1232 5016 γὰρ
1287 4943 1456 4996 καλεῖν
1509 4949 1710 5015 κνήμην
1782 4949 1872 4996 καὶ

1997 4944 2143 5000 anim
2181 4944 2492 5000 nominare
2530 4949 2752 5017 κνήμην,
2799 4943 2860 4999 id
2909 4945 3073 5016 quod
3122 4949 3256 5002 ante
3304 4945 3478 5008 σκέλος
3525 4952 3630 5015 est,

263 5035 324 5083 τὸ
385 5033 646 5102 ἔμπροσθε
692 5033 706 5085 i
751 5035 840 5103 μὲν
889 5039 978 5083 τοῦ
1029 5032 1242 5094 σκέλους
1290 5033 1364 5093 εἰς
1412 5041 1510 5104 μῦν
1562 5031 1865 5106 ἐπηρμένον,

2000 5038 2036 5088 εἰ
2065 5034 2144 5089 ad
2176 5041 2273 5105 μῦν
2294 5033 2574 5105 pertingit
2612 5049 2627 5090 :
2671 5039 2735 5089 ut
2764 5033 2930 5106 quod
2955 5050 2992 5090 a
3022 5039 3177 5091 retro
3203 5041 3292 5091 est
3317 5037 3633 5094 nominant

264 5124 442 5194 ὠσπερ
495 5124 552 5172 τὸ
609 5122 818 5172 ὄπισθεν
876 5119 1243 5192 ἀντικνήμιον’
1301 5127 1389 5173 καὶ
1438 5121 1560 5173 αύτὸ
1612 5118 1670 5174 δὲ
1721 5129 1868 5174 τοῦτο

1998 5122 2332 5194 ὶντικνήμιον.
2365 5122 2528 5178 Idem
2559 5139 2796 5196 quoque
2834 5123 3050 5179 dicitur
3080 5123 3142 5179 id
3180 5125 3347 5196 quod
3385 5141 3631 5199 compo-

256 5215 318 5262 τὸ
379 5213 711 5283 συγκείμενον
761 5212 818 5262 ἔκ
868 5229 920 5262 τε
965 5218 1057 5262 τοῦ
1106 5215 1428 5285 προκνημίου
1479 5216 1569 5262 καὶ
1618 5221 1711 5273 τῆς
1769 5231 1865 5263 παο

1998 5211 2136 5267 iitur
2166 5227 2197 5268 e
2225 5216 2566 5288 προκνημίου,
2619 5216 2674 5269 et
2719 5209 3140 5289 παρακνημίδος,
3184 5229 3306 5274 una
3357 5231 3496 5274 cum
3527 5216 3631 5275 ob-

1612 5434 1852 5491 VARDE
1893 5435 2185 5492 LECTION
2191 5437 2294 5492 ES.

327 5677 360 5721 8
387 5663 446 5722 C.
469 5666 539 5721 M.
569 5664 834 5739 ἐγεννήθη.
863 5664 939 5710 h-i
969 5669 1100 5724 Haec
1129 5667 1250 5726 duo
1279 5667 1462 5726 verba
1489 5667 1708 5726 desunt
1732 5668 1795 5726 in
1835 5671 1987 5728 Mon.
2016 5669 2034 5724 J'
2069 5670 2130 5727 C.
2163 5672 2234 5728 M.
2270 5673 2428 5729 recte
2460 5671 2769 5748 ἔμπροσθεν.
2825 5705 2828 5710 -
