3906 6186
492 254 603 325 637

1722 268 1962 324 PHOTII
2004 267 2487 324 PATRIARCHAE
2526 267 2633 324 LP.
3691 274 3763 331 688

501 392 731 446 \‘claute
762 390 907 445 illud
947 405 1144 454 carne,
1188 394 1243 447 et
1276 391 1551 455 cuticula,
1583 408 1766 465 quam
1803 400 1970 450 vetus
2002 396 2039 450 G

2219 390 2600 469 .ρακνημίδος,
2664 393 2773 467 οἶμα
2848 402 2937 455 τῆς
3012 394 3385 468 ἐπαλειφούσης
3442 397 3561 449 αὐτὰ
3610 406 3761 471 σαρκὸς,

500 495 708 535 corum
738 479 940 547 lingua
968 484 1169 551 κνήμην
1197 486 1386 536 vocat.
1419 483 1706 553 Apposuit
1742 499 1877 553 ergo
1909 484 2148 539 Samuel

500 568 690 619 κωλέαν
730 584 934 623 coram
973 569 1129 637 Saul,
1164 569 1246 626 illi
1286 570 1575 625 honorem
1622 576 1758 626 ante
1801 572 1950 626 alios
1994 572 2148 627 exhi-

498 656 670 721 bens,
716 673 897 728 quem
945 657 1233 713 honorem
1275 660 1438 727 regni
1480 660 1712 729 insigne
1748 660 1903 715 velut
1939 677 2147 715 conse-

500 746 703 809 cravit,
731 746 906 817 quasi
944 747 1138 817 ipsum
1179 754 1476 818 oporteret
1508 764 1615 818 pro
1665 749 1885 821 populo
1911 748 2150 804 labores

496 849 705 890 omnes
728 833 948 899 subire,
973 840 1029 890 et
1046 835 1207 890 adire
1228 836 1510 907 pericula.
1537 837 1675 893 Ideo
1700 838 2146 909 superaddidit:

499 946 525 973 «
546 923 801 979 Comede
829 923 886 977 id
901 924 1061 995 quod
1096 924 1195 979 tibi
1230 924 1288 979 in
1317 926 1721 982 testimonium
1752 927 2143 999 apponitur.»

499 1014 668 1079 Quod
694 1013 977 1085 sequitur.
1014 1014 1071 1068 in
1100 1014 1464 1086 quibusdam
1495 1017 1788 1071 veteribus
1819 1016 1984 1071 libris
2008 1017 2147 1087 legi-

497 1107 593 1158 tur
649 1105 789 1173 παρὰ
836 1109 927 1153 τοῦ
989 1102 1114 1154 λαοῦ
1173 1103 1232 1158 in
1288 1104 1417 1160 aliis
1471 1107 1613 1177 παρὰ
1668 1108 1785 1165 τοὺς
1842 1105 2047 1171 ἄλλους,
2098 1106 2148 1161 si

495 1191 768 1260 legamus
808 1193 949 1263 παρὰ
991 1200 1080 1243 τοῦ
1130 1192 1277 1255 λαοῦ,
1338 1194 1450 1249 hoc
1509 1193 1631 1249 vult
1671 1213 1683 1260 ;
1725 1193 2146 1250 Testimonium

496 1279 597 1334 tibi
634 1278 873 1334 exhibui
903 1280 955 1333 in
1000 1280 1319 1351 prmsentia
1374 1282 1582 1353 populi
1626 1297 1637 1335 :
1682 1282 1794 1345 sin,
1846 1285 1990 1355 παρὰ
2031 1286 2148 1343 τοὺς

495 1367 699 1433 ἄλλους,
742 1384 846 1439 per
881 1374 1110 1441 partem
1148 1369 1243 1425 tibi
1290 1371 1643 1442 praecipuam
1683 1372 2008 1442 appositam
2044 1371 2147 1427 ho-

493 1473 691 1514 norem
716 1463 853 1514 ante
893 1460 1039 1515 alios
1070 1460 1358 1516 eximium
1391 1461 1651 1517 exhibui.
1686 1464 1831 1517 Nam
1876 1462 2149 1517 membra

496 1548 966 1620 haaccecorporis
984 1548 1148 1619 regni
1169 1565 1287 1621 pra:
1306 1549 1904 1620 seferuntimaginem
1948 1566 1962 1605 :
2006 1566 2148 1605 nam

2257 490 2345 537 xui
2389 494 2482 547 τῆς
2515 482 2845 557 δερματίδος,
2880 484 2939 543 ἢν
2984 485 3179 537 παλαιὰ
3210 495 3301 547 τῆς
3328 484 3551 549 Ἑλλάδος
3578 488 3768 559 γλῶτταὶ

2260 579 2459 645 κνήμην
2511 575 2769 645 ὀνομάζει.
2831 577 3121 647 Παρεθηχεν
3168 572 3218 627 δ’
3267 572 3351 627 οὖν
3400 578 3424 628 6
3468 580 3665 649 Σαμουὴλ
3705 588 3768 637 τήν

2258 663 2447 714 κωλέαν
2507 662 2716 715 ἐνώπιον
2770 671 2859 715 τού
2917 664 3108 717 Σαούλ·
3146 670 3297 735 τιμὴν
3347 666 3480 735 αύτῷ
3532 676 3615 718 τῶν
3656 669 3769 721 ἀλλων

2261 756 2663 826 προαπονέμων’
2718 752 2972 824 σύμϐολον
3041 750 3099 805 δὲ
3150 758 3242 810 τὴν
3296 760 3446 824 τιμὴν
3496 755 3769 827 ἐξοσιούμινος

2261 850 2354 903 τῆς
2408 840 2680 913 βασιλείας
2716 858 2728 871 ⁸
2786 848 2874 894 καὶ
2928 850 3015 894 του
3071 839 3180 894 δεῖν
3224 843 3374 894 αὐτόν
3418 846 3533 916 ὑπὲρ
3579 856 3651 897 τον
3685 847 3769 898 λαοὺ

2260 933 2452 991 πάντας
2496 933 2820 1003 ὑφίστασθαι
2867 936 3076 995 πόνους,
3130 937 3217 985 καὶ
3275 930 3669 1005 προκινδυνεύειν.
3714 942 3770 988 Διό

2260 1024 2349 1072 καὶ
2403 1020 2676 1091 ἐπήγαγεν,
2730 1040 2757 1071 ι(
2803 1024 2960 1093 Φάγε,
3016 1024 3097 1073 ὅτι
3160 1022 3232 1081 εἰς
3290 1024 3558 1095 μαρτύριον
3613 1026 3772 1076 τέθειται

2264 1128 2368 1162 σοι.
2426 1133 2445 1158 ι
2493 1114 2561 1163 Τό
2613 1109 2664 1161 δ’
2716 1110 2916 1183 ἑφεξῆς,
2961 1113 3071 1163 ἔνια
3259 1120 3356 1163 τῶν
3412 1112 3618 1164 παλαιῶν
3658 1133 3773 1188 γραμ-

2260 1201 2455 1270 μάτων,
2502 1218 2530 1249 ι(
2563 1202 2706 1273 παρὰ
2762 1208 2852 1251 τού
2910 1199 3073 1252 λαοῦ·
3120 1222 3146 1249 ι)
3207 1203 3315 1253 ἔνια
3374 1197 3450 1267 δὲ,
3482 1204 3657 1274 «παρὰ
3698 1208 3775 1261 τοὺς

2261 1288 2465 1355 ἄλλους,
2500 1309 2527 1340 ›)
2583 1290 2929 1363 ὑπαγορεύειο
2988 1288 3092 1341 ἀλλ’
3153 1290 3194 1342 εἰ
3250 1294 3339 1362 μὲν
3387 1294 3460 1349 εἴη
3505 1313 3529 1341 ι(
3558 1294 3676 1363 παρὰ
3715 1299 3775 1343 τοῦ

2258 1376 2406 1447 λαοῦ,
2442 1401 2461 1426 ι
2512 1377 2623 1430 ἁντὶ
2666 1386 2779 1442 τοῦ,
2826 1378 3071 1431 Ἐνώπιον
3120 1387 3211 1431 τοῦ
3253 1378 3379 1432 λαοῦ
3425 1384 3477 1432 τό
3519 1376 3600 1433 διὰ
3631 1384 3775 1452 μαιμώ-

2259 1471 2369 1539 ριόν
2416 1486 2500 1519 σοι
2550 1473 2934 1540 προσενήνοχα,
2990 1473 3231 1540 σημαίνει
3259 1484 3272 1499 ⁸
3314 1468 3357 1521 εἰ
3404 1465 3460 1523 δι
3496 1490 3521 1520 ι(
3550 1472 3668 1544 παρὰ
3699 1474 3777 1529 τοὺς

2259 1555 2457 1625 ἄλλους,
2499 1579 2516 1603 ι
2552 1554 2663 1608 ἀντὶ
2710 1564 2820 1619 τοὺ,
2856 1556 3139 1629 Ἐξαίρετόν
3183 1577 3285 1623 σοι,
3328 1563 3466 1631 παρὰ
3504 1564 3605 1619 τοὺς
3646 1558 3777 1617 ἄλλους

495 1642 561 1692 ut
580 1638 691 1692 ista
711 1638 769 1692 in
793 1654 1038 1709 corpore
1062 1638 1330 1695 breviora
1351 1646 1487 1694 sunt
1507 1655 1691 1711 quam
1717 1639 1924 1705 multa,
1951 1644 2037 1695 tan

2261 1651 2521 1719 προκρίτῳ
2574 1642 2752 1719 μερίδι
2810 1651 2903 1704 τὴν
2959 1651 3115 1718 τιμὴν
3173 1647 3369 1717 ἀνῆψα.
3428 1650 3513 1705 Eii:
3564 1644 3603 1699 δ’
3649 1646 3695 1698 ἂν
3735 1650 3778 1698 τὰ

495 1726 795 1783 substrata
815 1728 1339 1783 sustinentmolem
1369 1727 1544 1783 totius
1565 1728 1877 1799 compositi
1923 1748 1934 1786 :
1978 1728 2058 1783 ita
2097 1732 2151 1784 et

496 1816 713 1885 regalis
746 1816 1017 1885 ﬁrmitas,
1056 1821 1355 1890 utcunque
1387 1820 1444 1871 in
1483 1832 1603 1872 uno
1640 1817 1845 1890 aliquo
1894 1819 2151 1889 compri-

496 1908 695 1960 matur
716 1910 1031 1970 coarctata,
1064 1911 1116 1961 et
1142 1905 1223 1961 sic
1266 1906 1514 1972 vacillet,
1564 1910 1759 1961 tamen
1810 1922 2030 1978 corpus
2069 1912 2150 1962 to-

498 1992 614 2046 tius
653 1991 993 2063 reipublicae
1036 1998 1421 2065 compactum
1462 1994 1727 2050 continet
1757 1998 1811 2049 et
1852 1994 2155 2050 substrata

498 2085 811 2146 sustentat,
836 2096 945 2136 nec
966 2081 1398 2152 permittiteam
1423 2082 1557 2138 inse
1582 2081 1853 2138 collisam
1868 2081 2151 2152 diﬂ'ringi.

496 2183 595 2235 Ast
616 2178 741 2234 haec
765 2179 1027 2236 fortassis
1046 2180 1227 2236 multo
1246 2181 1559 2245 curiosius,
1588 2196 1773 2253 quam
1802 2196 1916 2235 vox
1941 2177 2154 2233 εἰδωλον

496 2268 885 2340 explicantur.
913 2272 995 2325 Tu
1026 2275 1227 2326 autem
1260 2270 1463 2326 animo
1495 2270 1687 2327 valeas
1707 2276 1885 2343 atque
1908 2286 2154 2341 corpore

497 2374 605 2415 nec
644 2358 884 2414 ulterius
931 2360 1266 2415 istiusmodi
1312 2360 1383 2415 iis
1414 2359 1653 2423 ofieras,
1684 2360 1785 2431 qui
1818 2364 1958 2414 sunt
1990 2360 2153 2432 apud

497 2446 720 2501 inferos
765 2463 776 2500 :
810 2448 915 2501 sed
933 2447 1093 2518 apud
1115 2446 1247 2503 illos
1266 2463 1516 2520 expone,
1540 2448 1760 2520 quibus
1788 2448 1919 2503 vitaa
1942 2464 2152 2505 cursus

500 2534 683 2589 estad
712 2535 1177 2605 beneplacitum,
1200 2552 1460 2607 quorum
1483 2552 1672 2607 mens,
1698 2537 1907 2601 oratio,
1935 2554 2153 2594 manus

499 2637 620 2678 non
654 2621 1018 2679 defecerunt.

644 2892 960 2957 QUIESTIO
994 2892 1150 2950 CXVI
1193 2894 1394 2964 [CoisL
1440 2895 1630 2953 Taur.
1659 2896 2005 2969 CXXXVIII.]

1068 2984 1151 3038 De
1158 2983 1359 3054 patria
1383 2984 1587 3041 Pauli.

2260 1734 2383 1805 μελη
2455 1741 2617 1786 ταῦτα
2669 1742 2759 1786 τοῦ
2834 1754 3067 1806 σωματος
3130 1740 3218 1788 xui
3272 1736 3439 1787 εἰκόνα
3489 1740 3670 1809 φίροντα
3719 1743 3778 1793 τῆς

2263 1821 2553 1895 βασιλείας.
2609 1823 2808 1898 Ὠσπερ
2861 1828 2961 1896 γὰρ
3011 1832 3177 1876 ταῦτα
3213 1834 3285 1895 τῷ
3338 1832 3533 1897 σώματι
3572 1834 3645 1876 τού
3681 1825 3777 1885 tuo»

2263 1910 2574 1985 βραχύτερα
2625 1913 2821 1965 πολλῶν
2873 1914 3034 1985 μελῶν
3084 1919 3223 1976 ὄντα,
3276 1916 3414 1986 ὅμως
3462 1916 3775 1984 ὑπεστήρυιπη⁹

2261 2007 2349 2054 καὶ
2399 2001 2750 2063 ἀναϐαστάζει
2808 2007 2892 2055 τόν
2950 2004 3061 2055 ὅλον
3120 2011 3210 2055 τοῦ
3266 2009 3599 2075 συγκρίματος
3638 2008 3777 2071 ἇγκονο

2262 2092 2396 2143 οὕτω
2426 2097 2514 2144 καὶ
2554 2094 2581 2149 ἡ
2618 2090 2871 2164 βασιλικὴ
2909 2092 3210 2166 στερῥότης,
3256 2099 3428 2145 καίτοι
3471 2092 3537 2165 ἐφ’
3582 2094 3641 2144 ἑνὶ
3671 2088 3781 2161 ἀνδρὶ

2266 2180 2665 2252 συστελλομένη,
2716 2186 2804 2233 καὶ
2861 2181 3154 2234 σαλεύουσα
3207 2185 3418 2254 σύμπαν
3463 2186 3513 2234 τὸ
3563 2191 3687 2251 σῶμα
3719 2188 3780 2237 τῆς

2263 2269 2519 2330 πολιτείας
2571 2269 2747 2341 ἀνέχει
2796 2290 2849 2323 τε
2896 2276 2985 2323 xui
3039 2268 3342 2343 ύπερείδει·
3386 2276 3472 2323 xui.
3518 2271 3598 2323 οὐκ
3646 2270 3692 2339 ἐᾷ
3733 2268 3782 2326 εἰς

2264 2361 2425 2417 αὐτὴν
2495 2367 2804 2413 καταπεσεῖν
2877 2380 2929 2413 τε
3007 2364 3092 2412 καὶ
3170 2363 3617 2435 περιθραυσθῆναι.
3674 2357 3782 2409 Ἀλλὰ

2264 2457 2428 2501 ταῦτα
2485 2450 2573 2520 μεν
2634 2453 2779 2519 ἴσως,
2822 2455 2911 2501 xui.
2968 2458 3138 2521 φωνῆς
3191 2447 3409 2502 εἰδώλου
3456 2452 3780 2523 περιεργότερον.

2264 2542 2329 2592 Σύ
2370 2534 2428 2591 δὲ
2458 2538 2643 2610 ψυχὴν
2688 2544 2776 2590 xui
2829 2546 3033 2611 σώματι
3065 2538 3263 2613 ἔρρωσο
3292 2558 3302 2568 ·
3334 2545 3420 2592 xui
3448 2543 3611 2611 μηκέτι
3635 2544 3716 2595 τοῖς
3748 2535 3781 2585 έν

2262 2625 2396 2698 ᾅδου
2440 2630 2505 2680 τὰ
2550 2635 2768 2680 τοιαῦτα
2808 2632 3040 2701 πρότεινε
3065 2645 3075 2655 '
3109 2627 3212 2679 ἀλλ’
3263 2628 3484 2697 ἐκείνοις,
3514 2628 3581 2689 οἷς
3606 2628 3658 2678 τὰ
3690 2626 3783 2675 κατὰ

2262 2720 2349 2770 τὸν
2382 2716 2498 2789 βίον
2524 2716 2707 2789 εύροεῖ,
2738 2722 2827 2770 xui
2866 2718 2891 2769 ὁ
2918 2725 3055 2785 νοῦς,
3089 2722 3178 2769 xui
3206 2720 3257 2770 oi
3302 2717 3459 2791 λόγοι,
3491 2721 3571 2770 xui
3594 2718 3639 2768 αἱ
3658 2720 3783 2786 χεῖρες

2263 2806 2321 2859 ού
2348 2808 2567 2880 παρείθη
2578 2825 2691 2862 σαν.

2820 2902 3132 2950 ΕΡΩΤΗΣΙΣ
3172 2897 3315 2961 ΡΙς⁹’.

2728 2991 2851 3059 Περὶ
2880 2983 3137 3059 πατρίδος
3162 2986 3393 3041 Παύλου.

1305 3082 1457 3132 Edita
1480 3096 1513 3132 8.
1540 3082 1867 3134 Montacutio
1903 3086 2005 3148 (cp.
2037 3119 2051 3134 .
2078 3086 2187 3140 246,
2226 3084 2290 3135 ad
2314 3084 2602 3141 Euschem.,
2631 3099 2681 3148 p.
2714 3085 2822 3143 377,
2853 3086 2984 3148 378).

518 3183 526 3191 '
568 3171 782 3229 Paulus
811 3171 905 3227 ille
927 3169 1165 3226 divinus
1192 3172 1521 3243 apostolus,
1548 3173 1654 3245 qui
1677 3189 1748 3229 ex
1776 3173 2149 3230 inﬂammato

498 3260 808 3328 desiderio,
842 3265 898 3315 et
927 3275 1131 3315 amore
1158 3259 1389 3331 Christi,
1421 3265 1476 3316 et
1505 3261 1977 3333 inexsuperabici
2007 3279 2151 3333 pras-

497 3348 807 3404 dicationis
833 3364 1007 3403 cursu
1052 3348 1350 3405 caelestem
1401 3349 1563 3406 illam
1613 3351 1939 3407 Jerusalem
1978 3368 2150 3408 occu-

495 3442 705 3510 patam
739 3453 912 3493 suam
941 3436 1090 3503 fecit,
1123 3438 1375 3508 patriam
1396 3438 1606 3495 habuit
1630 3441 1757 3511 jam
1784 3440 1926 3496 olim
1958 3457 1994 3496 a
2022 3457 2149 3497 ma-

491 3524 723 3598 joribus
771 3526 895 3580 suis
944 3526 1277 3582 secundum
1329 3530 1595 3599 corporis
1647 3529 2148 3601 propagationem

496 3615 724 3672 Giscala
746 3614 997 3687 (viculus
1019 3621 1105 3671 est
1128 3615 1222 3671 ille
1253 3631 1413 3671 nunc
1451 3617 1510 3671 iu
1540 3618 1745 3673 Judaea
1786 3617 1927 3673 olim
1983 3618 2151 3674 urbe-

492 3704 625 3761 cula
651 3703 1029 3774 censebatur)
1062 3720 1075 3759 :
1100 3704 1256 3760 bello
1284 3708 1482 3760 autem
1513 3708 1781 3762 Romano
1805 3707 2149 3779 parentibus

492 3794 680 3867 ipsius
712 3810 849 3848 cum
874 3792 1169 3865 plerisque
1197 3793 1329 3849 aliis
1358 3794 1419 3848 in
1443 3795 1847 3866 captivitatem
1871 3795 2147 3852 abductis

490 3886 739 3940 Tarsum
763 3882 1112 3953 migrarunt,
1146 3883 1239 3939 hic
1260 3883 1353 3938 ille
1384 3883 1574 3939 editus
1604 3884 1662 3939 in
1690 3884 1884 3941 lucem
1934 3886 2150 3941 dicitur

493 3976 550 4028 et
579 3972 786 4043 patriae
815 3971 1221 4028 ascribebatur
1253 3994 1264 4027 :
1304 3992 1331 4023 »
1373 3974 1495 4042 Ego
1525 3990 1678 4037 sum,
1712 3974 2025 4046 dixitipse,
2066 3977 2150 4031 vir

490 4059 753 4127 Judaaus,
782 4065 955 4116 natus
983 4061 1148 4117 Tarsi
1178 4060 1237 4115 in
1271 4060 1469 4117 Cilicia
1498 4079 1510 4115 :
1549 4086 1575 4111 ››
1612 4062 1976 4131 benignitate
2010 4081 2148 4120 vero

491 4150 899 4206 Romanorum
962 4166 1099 4205 cum
1159 4150 1405 4205 victoria
1482 4152 1891 4219 contendente,
1960 4158 2015 4209 et
2070 4154 2149 4209 ad

490 4238 856 4308 alienigenas
895 4254 958 4294 se
1008 4239 1382 4306 extendente,
1416 4255 1701 4295 concessa
1733 4241 1837 4297 fuit
1897 4241 2148 4299 facultas

489 4329 709 4401 partim
765 4328 968 4398 gratis,
1021 4328 1207 4400 pretio
1266 4329 1477 4400 partim
1540 4332 2013 4402 transcriptionis
2087 4333 2146 4387 in

492 4418 851 4474 nobilitatem
867 4424 923 4475 et
943 4418 1285 4491 reipublicae
1300 4422 1356 4472 et
1371 4418 1627 4473 nominis
1652 4421 2143 4493 participandam.

492 4509 635 4564 Hinc
664 4508 908 4576 factum,
944 4512 1007 4564 ut
1036 4513 1310 4579 parentes
1362 4507 1545 4564 Pauli.
1601 4514 1658 4563 et
1687 4508 1809 4579 ipse
1839 4527 1941 4582 per
1968 4510 2143 4582 sylla-

490 4597 600 4653 bas
651 4612 901 4668 paucas,
947 4596 1281 4652 secundum
1339 4596 1638 4652 humanas
1696 4598 1857 4667 leges
1901 4602 2145 4657 Romam

492 4686 749 4758 patriam
797 4685 1148 4751 obtinerent,
1196 4690 1250 4741 et
1294 4684 1730 4756 rempublicam
1768 4691 2142 4748 Romanam:

492 4774 607 4831 hoc
637 4779 741 4841 est,
774 4774 939 4845 quod
969 4774 1203 4830 divinus
1256 4773 1351 4829 ille
1382 4774 1468 4829 vir
1499 4774 1835 4841 insinuavit,
1870 4778 2147 4850 inquiens

495 4863 659 4935 apud
680 4864 1088 4928 chiliarcham,
1120 4863 1224 4936 qui
1255 4862 1330 4919 de
1368 4863 1603 4920 civitate
1650 4868 1921 4923 Romana
1961 4870 2147 4938 pretio

497 4951 739 5007 obtenta
760 4953 1147 5023 praedicabat,
1180 4975 1203 5004 α
1229 4956 1347 5022 Ego
1365 4959 1565 5009 autem
1593 4953 1741 5011 liber
1761 4961 1937 5011 natus
1970 4957 2049 5012 fui
2078 4974 2091 5023 ;
2117 4979 2143 5007 ››

500 5038 560 5095 id
591 5043 696 5104 est,
730 5052 883 5096 sorte
921 5048 1164 5113 paterna
1218 5046 1487 5099 Romana
1534 5043 1637 5100 illa
1691 5044 1948 5101 afﬁnitas
2004 5047 2147 5102 mihi

500 5128 765 5198 contigit,
793 5145 900 5185 nec
923 5131 995 5187 de
1023 5136 1293 5188 materno
1326 5139 1490 5188 utero
1512 5133 1857 5204 vulgaribus
1889 5136 2139 5207 parenti-

500 5219 617 5277 bus
662 5218 893 5291 genitus
939 5219 999 5276 in
1044 5220 1239 5279 lueem
1284 5220 1497 5297 prodii,
1550 5223 1656 5281 sed
1702 5225 1806 5297 qui
1856 5224 2147 5282 beneﬁcio

2336 3174 2535 3235 Παυλος
2568 3176 2593 3226 ό
2628 3176 2760 3237 θεῖος
2805 3174 3111 3241 ἀπόστολος,
3144 3176 3170 3227 ὁ
3199 3185 3277 3247 τῷ
3326 3172 3551 3249 διαπύρῳ
3584 3174 3697 3239 mea
3722 3176 3783 3225 τῆς

2262 3263 2327 3324 εἰς
2382 3266 2610 3336 Χριστόν
2672 3261 2980 3334 ἀγαπήσεως
3038 3268 3125 3315 xui
3179 3274 3252 3335 τῷ
3314 3262 3642 3339 ἀνυπερϐλήτῳ
3695 3256 3784 3331 δρο-

2260 3374 2340 3425 μῳ
2406 3360 2496 3404 τοῦ
2554 3356 2909 3424 κήρύγματος,
2971 3357 3062 3409 τὴν
3122 3354 3226 3404 ἀνω
3286 3352 3603 3427 Ἰερουσαλὴμ
3663 3348 3779 3411 ἑαντῲ

2260 3441 2667 3514 καταλαϐόμενος
2719 3438 2972 3513 πατρίδα,
3030 3446 3121 3499 τὴν
3176 3443 3233 3493 ἐκ
3294 3442 3517 3495 παλαιῶν
3568 3444 3780 3511 προγόνων.

2261 3536 2349 3583 xui
2400 3540 2493 3593 τῆς
2545 3538 2848 3603 σωματικῆς
2896 3534 3139 3601 γενέσεως
3186 3534 3254 3583 τὰ
3309 3531 3538 3602 Γίσχαλα
3576 3532 3709 3598 (κώμη
3742 3519 3783 3573 δέ

2258 3628 2346 3671 νῦν
2389 3624 2446 3671 τό
2476 3624 2673 3692 χωρίον
2703 3628 2791 3680 τῆς
2822 3616 3106 3685 Ἰουδαίας,
3139 3620 3306 3672 παλαι
3346 3620 3598 3691 πολίχνιον
3630 3632 3784 3688 χρημα-

2260 3709 2432 3779 τίσαν)
2480 3706 2713 3780 πατρίδα
2759 3708 2939 3779 λαχὼν
2966 3706 3078 3779 εἶχε
3106 3729 3117 3741 ·
3156 3718 3228 3780 τῷ
3254 3710 3519 3780 Ῥωμαίκῷ
3560 3704 3608 3759 δὲ
3648 3700 3783 3774 δόρατι

2260 3807 2359 3849 τὼν
2424 3802 2809 3869 γεννησαμένων
2885 3798 2996 3869 οἶμα
3069 3803 3157 3850 καὶ
3234 3798 3437 3859 πολλοῖς
3508 3797 3663 3869 ἑτέροις
3719 3796 3781 3839 Ὗ)

2262 3890 2435 3949 ἔθνους
2481 3888 2894 3951 συνεαλωκότων,
2940 3891 3178 3960 Ταρσούς
3228 3888 3373 3957 αύτῷ
3430 3891 3483 3938 τό
3532 3881 3780 3951 συνενεχθὲν,

2260 3976 2307 4028 ἓν
2349 3979 2425 4039 οἷς
2461 3982 2550 4029 xui
2597 3980 2690 4037 τὰς
2732 3980 2987 4049 μητρυιὰς
3035 3978 3211 4029 ὒιυσεν
3263 3975 3475 4041 ὠδῖνας,
3520 3970 3685 4027 δίδωσι
3716 3987 3784 4020 πα·

2260 4063 2436 4140 τρίδα.
2472 4086 2499 4115 ‹‹
2528 4067 2659 4137 Ἐγὼ
2688 4068 2788 4138 γάρ
2831 4066 2955 4137 εἰμι,
2992 4071 3167 4138 φησὶν,
3204 4065 3337 4141 ἀνὴρ
3389 4062 3636 4127 Ἰουδαῖος,
3661 4075 3784 4129 γεγειθ

2258 4162 2466 4226 νημίνος
2516 4154 2563 4207 ἐν
2606 4163 2793 4227 Ταρσῷ
2844 4164 2932 4215 τῆς
2980 4154 3230 4213 Κιλικίας·
3270 4176 3299 4208 ››
3334 4154 3441 4208 εἶτα
3483 4150 3783 4220 τῆςῬωμαίωυ

2260 4245 2569 4316 φιλοτιμίας,
2624 4254 2695 4314 τῲ
2756 4246 2954 4315 μεγέθει
3016 4254 3107 4295 τον
3172 4248 3402 4317 κρείτονς
3471 4237 3785 4314 παραμιλλωμέ-

2258 4354 2363 4397 νης,
2401 4339 2490 4385 καὶ
2538 4337 2727 4405 μέχρις
2774 4332 2940 4384 αὐτῶν
2991 4342 3088 4384 των
3141 4332 3437 4406 ἀλλοφύλων
3483 4336 3535 4384 τό
3584 4328 3784 4401 φιλότιμον

2258 4425 2742 4487 καθυπατευούσης,
2827 4422 2901 4482 εἰς
2983 4427 3075 4479 τὴν
3152 4425 3351 4474 τούτων
3428 4422 3668 4491 εὐγένειαν,
3725 4415 3786 4461 Hi

2256 4521 2346 4571 τῆς
2400 4511 2655 4571 πολιτείας
2710 4516 2798 4563 xui
2850 4518 2940 4563 τοῦ
2996 4509 3263 4581 ὀνόματος,
3310 4519 3461 4563 τοῦτο
3508 4513 3585 4565 μὲν
3627 4510 3785 4575 προῖκα,

2256 4608 2404 4652 τούτο
2455 4597 2512 4652 δε
2556 4605 2644 4652 xui
2690 4605 2939 4673 χρήμασι
2988 4599 3193 4661 πολλοῖς
3237 4597 3548 4673 ἀναδραμεῖν
3583 4590 3783 4667 ἐχαρίσθη

2259 4690 2504 4751 ἐξουσία·
2556 4694 2752 4759 γίνεται
2796 4694 2966 4741 τοίνυν
3020 4687 3073 4740 ἐκ
3125 4692 3312 4741 τούτου
3359 4694 3443 4741 καὶ
3498 4694 3594 4745 τοῖς
3631 4686 3787 4753 γονεῦσι

2258 4787 2347 4830 του
2396 4782 2671 4831 θεσπεσίου
2717 4780 2921 4830 Παύλου
2968 4777 3247 4838 συλλαϐαῖς
3307 4778 3505 4847 ὀλίγαις
3544 4780 3622 4827 xui
3660 4776 3789 4837 νόμοις

2259 4868 2593 4942 ἀνθρωπίνοις
2644 4872 2831 4941 πατρὶς
2880 4870 2909 4925 ἠ
2968 4867 3159 4938 Ῥώμη,
3207 4873 3300 4918 xui.
3354 4871 3412 4918 τό
3454 4868 3683 4936 Ῥωμαίων
3724 4873 3787 4905 πο*

2257 4958 2494 5029 λίτευμα.
2538 4962 2637 5010 Καὶ
2689 4962 2836 5008 τοῦτο
2870 4958 3025 5025 ἐστιν,
3061 4956 3085 5007 ὃ
3130 4962 3217 5007 xui
3250 4958 3276 5008 6
3334 4958 3461 5016 θεῖος
3504 4954 3664 5009 ἐκεῖνος
3695 4946 3785 5013 uti?

2259 5046 2621 5117 ἐπεσημήνατο
2651 5045 2807 5115 λέγων
2840 5048 2965 5117 πρὸς
3005 5048 3089 5097 τὸν
3134 5045 3423 5116 χιλίαρχον
3455 5044 3693 5113 αὐχμῶντα
3723 5037 3787 5087 Ti?

2260 5136 2310 5199 ἐξ
2377 5139 2625 5209 ἐμπορίας
2688 5134 2948 5206 Ῥωμαίων
3018 5138 3341 5204 συγγένειαν,
3398 5137 3463 5195 ὡς
3518 5150 3545 5181 ‹‹
3594 5130 3700 5198 Ἐγὼ
3748 5118 3788 5172 δε

2257 5230 2345 5278 xui
2392 5229 2719 5297 γεγέννημαι,
2765 5245 2793 5277 ››
2843 5222 2955 5276 ἀντὶ
3009 5231 3119 5289 τοῦ,
3171 5227 3314 5277 Κατὰ
3373 5224 3552 5295 κλῆρόν
3600 5237 3675 5289 μοι
3717 5231 3789 5265 πα·

1850 5439 2081 5502 VARIE
2122 5439 2517 5501 LECTIONES.

584 5686 606 5717 ι
632 5672 847 5751 γλῶσσα
871 5670 1037 5729 deest
1076 5668 1136 5727 in
1179 5667 1338 5724 Mon.
1391 5724 1401 5731 ,
