4136 6198
251 293 356 355 689

1215 287 1312 352 ΑΙ)
1349 293 1894 353 AMPHILOCHIUM
1937 295 2261 365 QUAESTIO
2302 298 2490 365 CXVI,
2525 299 2738 358 CXVII.

3513 287 3618 358 690

253 430 420 499 τρῷον
469 423 499 481 ἡ
549 422 811 495 Ῥωμαῖκή
867 423 1137 493 συγγένεια
1166 423 1391 487 κάτεισι,
1433 427 1522 475 καὶ
1569 421 1662 475 ούκ
1710 419 1862 475 ἰδιω-

1971 424 2378 483 codicillorum
2420 429 2825 483 Romanorum
2846 425 2921 482 de
2948 441 3154 482 eorum
3187 424 3468 482 afﬁnitate
3495 428 3616 498 glo-

248 516 460 567 τεύουσι
516 519 624 573 τοῖς
679 519 916 582 γονεῦσιν
970 511 1198 583 λαγόνων
1270 518 1526 586 μητρῴων
1597 512 1856 585 προῆλθον

249 603 318 664 εἰς
376 610 500 674 φῶς,
549 599 658 653 ἀλλ’
729 597 837 659 ἤδη
891 605 976 653 καὶ
1030 609 1120 653 τοῦ
1169 601 1459 673 Ῥωμαῖκοῦ
1535 609 1642 663 τοῖς
1692 604 1857 674 γράμ-

247 711 414 765 μασιν
470 691 654 751 αύτούς
703 692 1038 762 σεμνύνοντος
1091 692 1326 762 αἳματος.
1376 690 1537 743 Ὠστε
1592 691 1650 742 ού
1703 695 1856 762 μόνον

250 778 351 833 δύο
402 776 671 853 πατρίδες,
723 781 845 852 ὅπερ
902 779 1054 840 αὐτὸς
1089 778 1457 851 ἀμφισϐητεῖς,
1491 787 1561 850 τῷ
1591 788 1683 840 τῆς
1727 779 1858 838 ἀλη-

252 872 391 930 θείας
468 871 798 943 εὑρίσκονται
859 869 1060 943 ῥήτοριο
1127 866 1231 920 ἀλλ’
1287 864 1394 928 ἢδη
1449 872 1575 943 πρὸς
1639 872 1857 931 ταύταις

245 966 340 1013 καὶ
392 964 564 1034 τρίτη’
609 955 676 1008 ὧν
724 955 796 1020 εἷς
838 961 927 1030 μεν
967 961 1032 1010 τὰ
1075 957 1339 1030 Γίσχαλα,
1371 960 1419 1010 ἓν
1463 965 1525 1030 τῇ
1558 956 1738 1030 μερίδι
1763 964 1851 1012 καὶ

246 1046 443 1119 δικαίῳ
496 1057 591 1110 τῆς
625 1044 990 1120 Βενιαμίτιδος
1034 1047 1191 1120 φυλῆς
1248 1046 1570 1122 ἀναφέρεται·
1614 1050 1662 1102 οἱ
1715 1055 1849 1123 Ταρο

1967 514 2294 571 riabantur.
2341 519 2420 573 tta
2451 519 2585 572 dum
2611 517 2836 589 patriae,
2871 515 2944 571 de
2975 532 3096 587 qua
3123 532 3183 570 re
3222 515 3323 570 tibi
3371 517 3616 587 quaestio

1967 604 2288 674 nstituitur,
2347 607 2607 663 veritatis
2672 607 2753 662 illi
2819 606 3080 679 praeconi
3141 605 3611 675 contingebant;

1966 693 2073 748 sed
2113 700 2238 750 erat
2285 697 2482 752 adhuc
2523 697 2722 763 tertia;
2762 698 2959 769 prima
2989 711 3226 767 nempe,
3279 694 3510 749 Giscala
3556 693 3616 749 in

1965 782 2119 836 tribu
2180 784 2544 856 Benjamini;
2597 789 2816 841 Tarsus
2877 785 3166 840 beneﬁcio
3217 781 3614 853 captivitatis;

1965 872 2232 927 Romana
2267 874 2470 930 civitas
2510 890 2614 948 per
2660 879 2952 947 parentes,
2993 873 3096 946 qui
3138 888 3314 928 censu
3353 873 3615 928 Romano

1962 959 2479 1028 describebantur,
2495 980 2630 1036 quas
2643 963 2904 1035 dignitas
2925 979 3030 1035 per
3045 967 3256 1018 sortem
3279 966 3615 1033 parternam

1962 1048 2037 1103 ad
2063 1049 2229 1106 illum
2261 1053 2568 1110 transibat.

244 1142 336 1190 σοὶ
367 1133 426 1190 δι
447 1144 544 1198 τῆς
572 1136 948 1208 αἰχμαλωσίας
973 1133 1140 1210 δῶρον
1172 1135 1419 1207 ἕγένοντο’
1450 1134 1698 1208 Ῥωμαῖον
1731 1133 1764 1189 δ
1769 1140 1790 1189 ὲ
1819 1144 1916 1191 τῶν
1943 1141 2190 1192 τεκόντων
2215 1141 2245 1198 ἠ
2281 1141 2351 1203 εἰς
2380 1147 2500 1206 τοὺς
2525 1142 2808 1217 Ῥωμαίους
2829 1142 3100 1216 ἀναγραφὴ
3127 1147 3283 1209 ποιεῖ,
3311 1144 3400 1193 καὶ
3421 1141 3479 1194 τὸ
3509 1158 3617 1194 πα..

239 1229 424 1299 τρικόν
454 1221 549 1278 διὰ
575 1233 668 1280 τοῦ
693 1225 888 1298 κλήρου
920 1222 1189 1278 διαϐαῖνον
1210 1226 1276 1287 εἰς
1303 1226 1454 1279 αὑτὸν
1487 1225 1713 1299 αξίωμα.

799 1321 1114 1368 ΕΡΩΤΗΣΙΣ
1152 1313 1292 1368 ΡΙΖ’.

660 1403 720 1458 Ἡ
751 1403 881 1463 αὑτὴ
918 1403 1112 1472 ἀπορία
1139 1410 1228 1458 καὶ
1257 1405 1427 1467 λύσις.

2139 1321 2462 1384 QU/ESTIO
2489 1323 2705 1379 cxvn.
2745 1322 2951 1396 [Coisl.
2982 1318 3284 1393 CXXXIX]
3311 1319 3422 1391 (σε)

2356 1412 2573 1469 Eadem
2607 1413 2890 1469 dubitatio
2914 1419 2962 1468 et
2986 1413 3220 1468 solutio.

1124 1495 1279 1544 Edita
1307 1508 1340 1545 a
1365 1494 1691 1544 Mon‘tacutio
1725 1499 1825 1558 (ep.
1854 1495 1963 1551 247,
2000 1495 2067 1544 ad
2097 1498 2364 1555 eumdem,
2393 1515 2443 1563 p.
2474 1502 2581 1559 378,
2617 1504 2748 1565 280).

317 1585 517 1658 ⁴Ὠσπερ
576 1585 602 1635 ὁ
657 1583 848 1645 κλεινὸς
913 1583 1208 1657 Βαρνάϐας,
1276 1588 1334 1637 τὸ
1414 1593 1505 1646 τῆς
1564 1589 1853 1658 πραότητος

239 1679 339 1728 καὶ
388 1675 715 1746 συμπαθείας
771 1677 842 1737 ὡς
893 1674 1101 1737 ἀληθῶς
1164 1683 1370 1745 σκεῦος,
1419 1674 1605 1747 αἳματι
1660 1680 1852 1748 προγό-

237 1785 346 1816 νων
393 1759 649 1824 Ἰουδαῖος
700 1765 788 1830 ὧν,
844 1763 1075 1836 Κύπριον
1126 1766 1184 1814 τὸ
1260 1762 1360 1814 ἀπὸ
1432 1771 1524 1823 τῆς
1599 1759 1852 1836 πατρίδος

235 1852 380 1906 εἷλκε
419 1857 580 1925 γένος·
640 1856 726 1903 καὶ
777 1853 802 1904 ὁ
865 1851 1039 1924 λόγιος
1101 1851 1380 1915 Ἀπολλὼς,
1437 1854 1462 1904 ὁ
1510 1860 1583 1923 τῷ
1657 1856 1852 1926 κηρύγ-

231 1961 373 2016 ματι
423 1947 508 2000 τὴν
577 1940 789 2013 Ἔφεσον
845 1943 1065 2012 φθάσας,
1134 1947 1224 1994 καὶ
1284 1944 1410 2012 πρὸς
1470 1945 1564 1999 τὴν
1621 1942 1849 2012 Ἀχαίαν

2039 1588 2564 1652 Quemadmodum
2596 1592 2912 1662 praeclarus
2951 1591 3045 1646 ille
3075 1589 3403 1654 Barnabas,
3433 1585 3616 1643 comi—

1964 1676 2098 1730 tatis
2126 1683 2179 1731 et
2209 1680 2643 1750 compassionis
2667 1697 2791 1746 vas,
2827 1697 2932 1750 per
2966 1679 3259 1749 majorum
3298 1677 3610 1745 saguinem

1959 1765 2196 1820 Judaaus
2233 1772 2371 1835 erat,
2413 1769 2514 1822 sed
2555 1771 2736 1840 patria
2774 1774 2942 1825 ortus
2984 1770 3174 1841 Cypro
3215 1783 3228 1821 :
3270 1770 3326 1821 et
3363 1765 3616 1820 disertus

1959 1853 2054 1909 ille
2081 1855 2308 1924 Apollo,
2337 1857 2440 1929 qui
2475 1875 2576 1929 per
2606 1876 2778 1914 suam
2809 1857 3291 1931 praedicationem
3316 1854 3612 1926 Ephesum

1959 1947 2290 2015 occupavit,
2322 1953 2377 2001 et
2407 1947 2545 2003 inde
2584 1949 2809 2005 transiit
2838 1949 2896 2004 in
2927 1947 3224 2012 Achaiam,
3259 1961 3418 2010 cum,
3449 1941 3616 2015 quod

235 2007 455 2094 διαϐὰς,
525 2027 829 2092 Ἰουδαϊκῆς
871 2031 1126 2105 ὑπάρχων
1185 2029 1367 2102 φυλῆς,
1424 2030 1525 2082 ὃσα
1573 2030 1640 2090 εἰς
1694 2032 1849 2103 φύσιν

1960 2007 2236 2104 parentes
2277 2007 2528 2106 spectat,
2569 2039 2639 2093 de
2678 2038 2837 2093 tribu
2880 2038 3049 2094 Judaa
3093 2007 3263 2100 esset,
3310 2007 3615 2108 provincia

233 2119 551 2194 ἀναφέρεται
615 2128 715 2171 τῶν
783 2124 1192 2191 γεννησαμένων,
1247 2115 1340 2172 διὰ
1407 2127 1503 2180 τῆς
1573 2124 1849 2194 παροικίας

236 2214 344 2268 τὴν
403 2205 797 2282 ’Δλεξάνδρειαν
858 2208 1170 2282 ἐπεγράφετο
1229 2205 1486 2283 πατρίδα’
1559 2208 1693 2262 οὑτω
1760 2213 1850 2261 καὶ

231 2301 261 2352 ὁ
319 2301 452 2373 ἱερὸς
511 2297 728 2363 Παῦλος,
789 2297 858 2360 ἐξ⁹
910 2294 1177 2350 Ἰουδαίων
1229 2317 1282 2350 τε
1331 2300 1446 2369 φύς,
1495 2303 1584 2350 καὶ
1636 2299 1701 2358 εἰς
1756 2301 1850 2356 τὴν

233 2383 589 2460 Βενιαμίτιδα
653 2386 815 2459 φυλὴν
872 2385 1176 2458 ἀνηγμένος,
1229 2387 1476 2461 Ταρσοὺς
1534 2395 1633 2439 τῶν
1683 2391 1851 2439 τεκόν-

230 2499 344 2532 των
391 2483 484 2536 τήν
535 2473 812 2535 Ἑλληνίδα
843 2475 989 2529 πόλιν
1039 2476 1399 2548 ἐπῳκηκότων,
1451 2477 1706 2535 ἐκτήσατο
1745 2497 1848 2529 πα-

227 2563 422 2642 τρίδα.
462 2565 663 2640 Ὠσπερ
693 2562 752 2619 δὲ
782 2566 934 2618 πάλιν
965 2567 990 2618 ὁ
1021 2565 1334 2641 χιλίαρχος,
1363 2563 1455 2618 διὰ
1485 2569 1573 2639 μὲν
1600 2575 1700 2619 τῶν
1728 2569 1848 2638 φύν-

229 2677 342 2711 των
392 2660 480 2708 καὶ
532 2662 624 2715 τῆς
677 2654 1009 2726 ἐνεγκούσης,
1086 2656 1152 2715 ὡς
1215 2653 1532 2729 πορρωτάτω
1588 2663 1680 2707 τοῦ
1728 2655 1849 2708 Ῥω-

226 2751 432 2820 μαϊκοῦ
475 2741 723 2796 διίστατο
773 2747 972 2814 γένους⁸
1026 2748 1276 2818 χρήμασι
1326 2740 1404 2809 δὲ,
1447 2746 1515 2806 ὡς
1544 2743 1695 2805 αὑτὸς
1725 2743 1850 2797 ἐκεῖ·

226 2856 318 2897 νος
370 2831 702 2907 διωμολόγει,
761 2832 832 2895 εἰς
880 2838 973 2891 τὴν
1020 2831 1219 2885 ἐκείνων
1278 2832 1504 2885 εὔκλειαν
1553 2832 1838 2906 ἀνελήφθη⁶

225 2929 331 2978 καὶ
371 2923 547 2996 ὥσπερ
601 2923 632 2980 ἡ
681 2920 945 2976 Φιλίππων
994 2921 1142 2982 πολις
1193 2929 1288 2983 τῆς
1335 2917 1648 2975 Μακεδόνων
1694 2925 1847 2996 ἐπαρ-

222 3017 368 3086 χίας
437 3011 754 3086 μητρόπολις
829 3007 982 3076 οὖσα,
1033 3015 1124 3063 καὶ
1177 3007 1328 3064 οὐδὲν
1379 3007 1583 3063 δίκαιον
1641 3014 1846 3082 ἔχουσα

221 3104 365 3177 πρὸς
469 3105 770 3173 συγγένειαν
840 3101 1127 3174 Ῥωμαίων,
1213 3100 1354 3172 ὅμως
1455 3097 1694 3159 ἠδυνήθη
1771 3110 1842 3172 τῷ

222 3193 400 3248 τοιύτη
413 3211 434 3252 ς
482 3190 697 3262 ὀνόματι
749 3189 1170 3264 λαμπρυνθῆναι.

218 3290 327 3343 τῆς
386 3277 700 3343 παιδίσκης,
766 3279 818 3342 ἕξ
884 3280 949 3342 ἧς
1020 3282 1077 3331 τὸ
1128 3286 1220 3330 τοῦ
1298 3281 1536 3341 Πυθῶνος
1600 3278 1838 3340 ἀπηλάθη

469 3105 770 3173 συγγένειαν
840 3101 1127 3174 Ῥωμαίων,
1213 3100 1354 3172 ὅμως

1249 3194 1346 3243 Καὶ
1401 3192 1498 3262 γὰρ
1555 3192 1603 3242 οἱ
1669 3193 1844 3263 κύριοι

220 3377 454 3442 πνεῦμα.
510 3367 914 3441 ἀγανακτοῦντες
969 3371 1104 3420 κατὰ
1164 3375 1264 3420 τῶν
1311 3377 1408 3429 τῆς
1456 3367 1698 3431 ἀληθείας
1749 3390 1841 3428 κη-
1879 3360 1921 3418 C

219 3462 426 3533 ρύκων,
480 3463 569 3510 καὶ
649 3461 772 3532 πρὸς
846 3461 968 3518 τοὺς
1051 3461 1380 3529 στρατηγούς
1442 3457 1662 3519 ἕλκοντες
1726 3464 1839 3520 τοὺς

223 3547 632 3610 ἀπαλλάξαντας
683 3551 740 3600 τὸ
788 3546 1006 3618 πλάσμα
1057 3554 1148 3598 τοῦ
1205 3543 1501 3619 δαιμονίου,
1547 3545 1746 3622 ἐπείπερ
1805 3551 1834 3607 ἡ

226 3641 487 3711 θεραπεία
542 3644 614 3708 τςῖ»
695 3637 850 3688 πάθει
911 3635 1297 3694 πναπήλαυνεν
1355 3636 1524 3688 αὐτῶν
1586 3641 1676 3688 καὶ
1745 3641 1838 3696 τὴν

222 3727 507 3799 ἐμπορίαν,
565 3747 593 3776 ‹‹
644 3725 805 3779 Οὗτοι
878 3726 926 3776 οἱ
985 3726 1270 3796 ἄνθρωποι,
1326 3731 1503 3797 φασὶν,
1586 3723 1834 3801 ἐκταράσ-

225 3835 422 3869 σουσιν
482 3817 627 3887 ἡμῶν
684 3819 776 3872 τὴν
825 3813 992 3876 πόλιν,
1051 3810 1300 3866 Ἰουδαῖοι
1357 3815 1703 3889 ὑπάρχοντες,
1748 3820 1837 3868 καὶ

221 3904 672 3976 καταγγέλλουσιν
721 3906 831 3969 ἔθη,
879 3903 913 3954 οἱ
971 3902 1064 3954 οὑκ
1113 3903 1306 3965 ἔξεστιν
1361 3905 1486 3975 ἡμῖν
1539 3902 1836 3976 παραδέχε-

224 3996 362 4047 σθαι
401 3990 524 4045 ούδε
568 4000 752 4057 ποιεῖν,
805 3991 1078 4064 Ῥωμαίοις
1119 3988 1286 4044 οὑσιν,
1334 4012 1361 4044 »
1410 3992 1565 4066 Ὀρᾲς
1601 3995 1738 4055 ὅπως
1789 3996 1837 4046 οί

221 4082 596 4147 Φιλιππήσιοι,
677 4089 738 4153 τῇ
821 4080 1083 4153 Ῥωμαίων
1164 4081 1374 4141 ἐαυτοὺς
1439 4080 1837 4153 ἕπισεμνύνουσι

218 4172 434 4230 κλήσει.
492 4169 690 4244 ⁸Ωσπερ
748 4166 806 4222 δὲ
850 4169 1021 4233 πάλιν,
1081 4173 1275 4222 τούτων
1307 4170 1540 4245 ὕστερον,
1586 4171 1837 4231 Ἰώσηπος

217 4259 482 4335 ἹΞϐραίων
532 4278 586 4312 τε
637 4264 858 4330 γνησίας
903 4265 1104 4333 σπορᾶς
1148 4257 1530 4326 ἐκϐλαστὴσας,
1575 4265 1661 4312 καὶ
1704 4260 1836 4312 αύτά

217 4345 464 4422 πατρίδα
527 4351 592 4400 τὰ
647 4347 984 4423 Ἰεροσόλυμα
1061 4349 1466 4422 κεκληρωμένος,
1536 4347 1588 4411 ἐξ
1667 4351 1835 4422 ἱερέων

217 4455 284 4490 τε
329 4441 419 4488 καὶ
494 4439 653 4512 ἱερεὺς
721 4437 847 4489 αὐτὸ
901 4445 1049 4489 τοῦτο
1097 4442 1456 4509 χρηματίσας,
1515 4437 1646 4495 πλὴν
1707 4442 1834 4512 πρὸς

220 4533 291 4599 τῇ
346 4525 612 4597 Ῥωμαίων
667 4527 872 4592 κλήσει,
923 4531 1012 4577 καὶ
1077 4531 1168 4584 τὴν
1229 4525 1445 4586 Φλάϐιος
1524 4525 1834 4602 ἐπεγράφετο

223 4621 612 4691 προσηγορίανο
686 4617 712 4668 ὃ
781 4621 936 4691 γέρας
1002 4618 1032 4674 ἡ
1111 4623 1204 4668 τοῦ
1267 4616 1666 4670 Οὐεσπασιανοῦ
1746 4619 1832 4671 ἐπ-

1963 2126 2161 2178 tamen
2187 2123 2588 2181 Alexandrina
2616 2127 2914 2182 oriebatur
2939 2150 2950 2192 ;
2987 2127 3070 2183 sic
3097 2131 3154 2181 et
3190 2128 3433 2180 sanctus
3464 2125 3616 2178 Pau-

1957 2211 2070 2277 lus,
2113 2228 2150 2267 a
2187 2213 2409 2269 Judaais
2451 2221 2633 2281 ortus,
2666 2223 2722 2271 et
2753 2216 2830 2270 ad
2863 2216 3080 2271 tribum
3113 2211 3443 2284 Benjamini
3467 2210 3616 2266 rela-

1959 2305 2078 2367 tus,
2107 2317 2178 2356 eo
2207 2303 2368 2375 quod
2403 2307 2681 2376 parentes
2707 2308 2952 2361 Tarsum
2987 2307 3250 2360 Graecam
3292 2300 3497 2356 urbem
3527 2299 3615 2354 in-

1961 2389 2256 2457 colebant,
2307 2408 2442 2448 eam
2473 2394 2582 2448 sibi
2632 2395 2888 2466 patriam
2943 2393 3149 2449 habuit
3200 2411 3214 2450 :
3287 2387 3614 2446 chiliarcha

1959 2477 2165 2535 itidem
2210 2497 2311 2552 per
2359 2482 2655 2552 genitores
2705 2499 2842 2538 suos
2902 2489 3132 2553 patrem
3181 2485 3238 2536 et
3281 2485 3520 2534 matrem
3578 2492 3614 2531 ιι

1960 2569 2232 2625 Romana
2259 2570 2487 2641 origine
2526 2572 2878 2644 longissime
2917 2573 3142 2636 aberat,
3182 2569 3288 2624 sed
3325 2568 3466 2623 data
3514 2580 3614 2640 pe-

1959 2658 2154 2724 cunia,
2195 2660 2361 2732 quod
2400 2661 2612 2717 fatetur
2648 2663 2794 2733 ipse,
2836 2662 2897 2716 in
2937 2661 3175 2716 illorum
3234 2657 3608 2714 nobilitatem

1958 2749 2412 2806 assumebatur:
2455 2756 2510 2806 et
2541 2752 2696 2808 velut
2734 2753 2877 2808 urbs
2929 2749 3203 2821 Philippi,
3253 2745 3608 2803 Macedonici

1956 2838 2261 2908 regiminis
2292 2841 2660 2914 metropolis,
2694 2858 2803 2897 nec
2834 2840 3203 2897 afﬁinitatem
3237 2836 3446 2892 habuit
3480 2851 3609 2890 cum

1957 2928 2239 2983 Romanis
2278 2930 2484 2998 ullam,
2519 2935 2719 2986 tamen
2750 2931 2824 2986 de
2850 2933 3120 2986 Romano
3151 2927 3392 2982 nomine
3420 2923 3611 2995 potuit

1953 3015 2233 3073 illustrari
2267 3035 2278 3072 :
2315 3035 2448 3073 nam
2474 3019 2652 3074 herus
2679 3019 2834 3074 illius
2880 3017 3109 3074 ancillae
3141 3032 3171 3071 e
3202 3031 3318 3086 qua
3364 3013 3607 3084 spiritus

1955 3106 2318 3180 Pythonicus
2360 3108 2487 3175 fuit,
2521 3107 2868 3179 indignatus
2909 3113 3118 3163 contra
3157 3104 3416 3161 veritatis
3459 3117 3606 3172 prae-

1953 3214 2152 3262 cones,
2177 3202 2233 3253 et
2264 3198 2502 3254 trahens
2528 3198 2658 3254 illos
2689 3199 2762 3253 ad
2793 3197 3208 3267 magistratum
3245 3191 3604 3266 puniendos,

1952 3287 2054 3360 qui
2084 3292 2419 3343 creaturam
2454 3288 2548 3344 Dei
2575 3303 2610 3343 a
2649 3287 2893 3343 diabolo
2924 3286 3299 3348 liberaverat,
3342 3299 3411 3337 eo
3442 3280 3605 3352 quod

1953 3391 2058 3449 per
2082 3377 2440 3432 curationem
2475 3376 2636 3432 illam
2663 3376 2898 3432 illorum
2944 3390 3184 3448 quoque
3226 3372 3457 3427 lucrum
3503 3368 3606 3423 ab—

1952 3463 2223 3528 sciderat,
2253 3485 2273 3512 ‹
2305 3465 2396 3519 isti
2425 3463 2721 3530 homines,
2749 3463 3046 3536 inquiens,
3079 3477 3214 3517 cum
3255 3461 3372 3514 sint
3394 3457 3602 3520 Judaei,

1949 3557 2212 3608 nostram
2248 3552 2605 3608 conturbant
2634 3553 2951 3614 civitatem,
2992 3557 3047 3606 et
3091 3549 3386 3621 quasdam
3433 3544 3605 3600 nobis

1948 3642 2276 3698 obtrudunt
2333 3641 2814 3707 consuetudines,
2880 3657 3031 3712 quas
3097 3639 3409 3695 admittere
3483 3649 3599 3688 non

1946 3730 2262 3798 debemus,
2314 3747 2448 3787 cum
2487 3731 2740 3787 Romani
2797 3731 2983 3785 simus
3058 3730 3126 3783 ⁸⁸.
3195 3749 3214 3778 ε
3285 3726 3457 3780 Vides
3509 3724 3605 3778 hic

1948 3820 2344 3893 Philippenses
2395 3820 2561 3876 titulo
2621 3836 2682 3875 se
2732 3821 3001 3875 Romano
3079 3817 3466 3873 venditantes.
3539 3812 3606 3868 Et

1943 3915 2082 3981 post
2115 3926 2187 3966 ea
2225 3914 2510 3981 tempora,
2549 3909 2844 3980 Iosephus
2885 3925 2920 3963 a
2974 3908 3221 3963 Iudaica
3276 3904 3602 3975 propagine

1945 3999 2202 4068 genuina
2244 3999 2498 4067 genitus,
2531 4003 2587 4054 et
2619 3999 2870 4070 patriam
2901 3998 3157 4053 sortitus.
3189 3994 3537 4049 Jerusalem.
3572 4009 3602 4048 e

1945 4088 2322 4143 sacerdotum
2382 4088 2560 4160 stirpe
2624 4087 2899 4142 sacerdos
2957 4087 3107 4156 ipse,
3175 4090 3373 4140 tamen
3436 4097 3599 4135 more

1945 4179 2214 4232 Romano
2256 4176 2485 4230 Flavius
2543 4174 2847 4232 dicebatur
2899 4190 2912 4228 :
2973 4190 3149 4245 quem
3214 4171 3295 4226 illi
3357 4169 3600 4225 honoris

1947 4265 2196 4330 titulum,
2247 4265 2596 4336 Vespasiani
2645 4279 2992 4336 praenomen
3045 4262 3226 4327 dedit,
3287 4278 3423 4316 cum
3487 4257 3599 4313 illis

1945 4369 2348 4417 communem.
2398 4354 2498 4425 qui
2560 4353 3069 4424 consanguinitate
3130 4367 3267 4406 cum
3323 4347 3599 4404 Romanis

1945 4443 2386 4500 efferebantur?
2411 4445 2524 4500 Nec
2553 4444 2832 4514 Josepho,
2865 4442 2966 4516 qui
2999 4443 3340 4498 Romanum
3377 4444 3432 4494 et
3472 4438 3598 4494 Fla-

1945 4534 2108 4588 vium
2133 4533 2492 4604 indigitibat,
2540 4533 2732 4589 dicam
2764 4531 2947 4604 aliqui
2992 4531 3160 4595 ξενίας
3201 4528 3594 4601 inscripsere;

1943 4640 2080 4678 cum
2109 4626 2307 4678 tamen
2357 4639 2426 4678 ex
2465 4621 2694 4678 invidia
2741 4621 2817 4677 illi
2856 4623 3053 4692 plures
3102 4619 3594 4688 adversarentur;

229 4711 439 4779 ωνυμία
475 4712 582 4767 τοῖς
610 4704 900 4777 Ῥωμαῖκὴν
946 4706 1207 4777 αὐχοῦσιν
1259 4710 1350 4764 τὴν
1393 4711 1689 4778 συγγένειαν
1724 4704 1838 4760 ἐδί-

1954 4713 2046 4766 sed
2078 4727 2186 4766 nec
2217 4707 2560 4782 rapiebatur
2589 4710 2702 4764 κατ’
2729 4707 2942 4772 ἔνδειξιν
2967 4709 3044 4764 ad
3079 4708 3285 4780 judicii
3309 4706 3598 4763 tribunal:

230 4793 352 4849 δον.
418 4799 512 4847 Καὶ
565 4793 624 4846 ού
691 4799 845 4866 μόνον
901 4795 1150 4867 Ῥωμαῖον
1225 4795 1378 4847 αὑτὸν
1453 4803 1542 4848 καὶ
1618 4796 1835 4848 Φλάϐιον

227 4887 540 4958 ἀναγράφων
591 4880 829 4956 οὐδαμοῦ
878 4885 1042 4946 ξενίας
1121 4885 1145 4935 ὁ
1199 4885 1460 4946 Ἰώσηπος
1521 4885 1667 4937 ἑάλω·
1720 4892 1833 4938 καί-

222 4992 309 5026 τοι
361 4972 556 5026 πολλῶν
604 4981 677 5044 τῷ
743 4974 906 5044 φθονῳ
967 4978 1080 5026 κατ’
1148 4973 1306 5026 αὑτοῦ
1358 4973 1668 5046 βαλλόντων·
1724 4975 1834 5028 ἀλλ’

223 5060 344 5116 οὐδ’
403 5059 616 5126 ἔνδειξιν
671 5064 925 5133 εἰσήχθη.
986 5063 1043 5115 Ei
1097 5061 1274 5136 βούλει
1328 5059 1386 5115 δὲ
1431 5068 1518 5115 καὶ
1568 5065 1696 5123 αύτή
1732 5074 1831 5117 τῶν

220 5150 572 5225 ῐεροσολύμων
651 5153 680 5208 ἡ
767 5151 933 5217 πόλις,
993 5159 1189 5224 γενεαῖς
1257 5153 1502 5223 ὑστέραις
1605 5152 1659 5205 ἐκ
1734 5162 1829 5215 τῆς

220 5237 512 5314 ’Λδριανοῦ
552 5245 922 5315 προσωνυμίας
971 5245 1064 5300 τὴν
1114 5240 1298 5294 Αἰλίων
1341 5240 1527 5299 κλῆσίν
1557 5240 1823 5315 λαχοῦσα,

298 5384 348 5424 ⁸⁸
377 5385 501 5442 Act.
533 5400 652 5450 xvn,
680 5383 776 5444 20.

1943 4815 2152 4855 verum
2200 4805 2256 4854 et
2315 4800 2445 4871 ipsa
2500 4799 2644 4856 urbs
2714 4799 3261 4869 Hierosolymitana,
3332 4795 3597 4868 sequenti

1942 4888 2186 4958 saeculo,
2231 4889 2305 4944 de
2351 4889 2593 4945 Adriani
2623 4889 2866 4944 nomine
2902 4887 3061 4943 Elim
3101 4885 3270 4943 titulo
3317 4885 3598 4956 insignio-

1940 4975 2138 5041 batur,
2178 4983 2234 5033 et
2290 4993 2478 5048 genus
2534 4977 2647 5032 hoc
2693 4981 2870 5050 pacto
2927 4976 3200 5031 indutum
3265 4975 3594 5031 Romanum

1937 5068 2338 5122 communiter
2380 5081 2616 5138 semper
2653 5065 3002 5122 vocabatur.
3077 5064 3595 5130 Quemabmodum

1938 5161 2135 5210 autem
2163 5154 2255 5210 isti
2280 5171 2512 5217 omnes,
2546 5156 2786 5210 natione
2822 5162 2876 5209 et
2906 5153 3088 5227 patria
3135 5153 3272 5210 cum
3323 5153 3592 5225 alienige-

1937 5259 2029 5299 nte
2054 5249 2268 5306 essent,
2314 5243 2374 5299 in
2411 5244 2709 5300 civitatem
2744 5246 3078 5301 Romanam
3120 5245 3286 5302 asciti
3318 5244 3590 5314 fuerant;

1793 5483 2021 5542 NOTAE.

302 5634 408 5704 (2t)
429 5635 564 5706 Haec
582 5632 906 5706 quaestioin
919 5633 1065 5706 cod.
1098 5635 1332 5706 Taurin.
1354 5633 1548 5691 indice
1569 5650 1690 5691 non
1721 5651 1828 5691 nu-

231 5713 491 5763 meratur
511 5720 528 5776 3
550 5703 690 5762 inde
707 5721 743 5763 a
759 5703 1116 5766 Coisliniano
1128 5705 1343 5778 differt,
1356 5721 1496 5765 cum
1507 5722 1624 5783 quo
1636 5706 1703 5766 in
1713 5723 1820 5765 nu-

1938 5652 2099 5716 mero
2122 5642 2176 5694 et
2193 5637 2400 5695 ordine
2422 5638 2578 5695 circa
2604 5641 2702 5697 138
2723 5637 2950 5716 priores
2964 5637 3324 5716 quaestiones
3345 5653 3591 5696 consen-

1931 5713 2102 5770 ﬁeret.
