4136 6198
482 290 581 350 691
1726 292 1965 348 PHOTII
2005 291 2115 349 PA'

2239 293 2490 351 ARCHE
2528 295 2638 352 CP.
2887 336 2897 343 ο
3752 305 3872 360 692

487 421 571 477 sic
601 425 657 478 et
676 420 835 477 beati
871 416 1032 476 Pauli
1051 421 1321 493 parentes
1339 436 1475 476 cum
1507 419 1686 476 vitam
1714 437 1880 475 suam
1904 436 2115 491 ageren

2256 419 2636 495 δημοποιητόν,
2685 426 2751 486 ὡς
2803 427 2957 498 φάναι
3003 428 3059 478 τὸ
3110 429 3249 495 ἔπος,
3311 430 3369 479 τὸ
3412 426 3678 501 Ῥωμαίων
3715 434 3875 501 γένος

486 529 607 568 non
636 513 694 567 in
728 513 981 567 obscura
1025 518 1196 579 gente
1240 511 1603 575 Judazorum,
1645 511 1747 565 sed
1800 510 1950 565 ultra
1990 528 2115 567 com

2253 510 2439 568 ὑπέδυ.
2481 514 2682 588 Ὠσπερ
2730 512 2818 567 οὖν
2848 517 2990 568 οὗτοι
3022 518 3224 580 πάντες,
3275 520 3451 580 ἔθνους
3481 525 3571 571 καὶ
3605 518 3876 593 πατρίδος

486 619 727 657 munem
758 600 1133 673 popularium
1165 609 1382 656 sortem
1416 600 1581 669 «ligni
1613 599 2005 666 habebantur,
2039 617 2119 673 qu

2253 606 2392 665 ὄντες
2442 603 2720 675 ἀλλόφυλον
2778 610 2812 669 ι,
2875 607 2943 668 εἰς
2988 611 3080 664 τὴν
3132 607 3422 679 Ῥωμαῐκην
3482 607 3712 662 ἐτέλεσαν
3772 632 3879 662 πο-

486 691 761 747 tribubus
829 692 1109 746 Romanis
1171 690 1413 761 ascripti
1472 696 1528 745 et
1598 689 1873 744 societate
1931 706 2119 744 eorun

2251 691 2608 765 λιτογροιφίοιν⁸
2661 694 2796 746 οὓτω
2872 701 2960 747 καὶ
3044 699 3092 747 οἱ
3157 704 3248 747 τοῦ
3304 699 3579 750 θεσπεσίου
3650 701 3877 752 Παύλου

488 782 817 853 gauderent
849 800 862 834 :
894 780 1109 835 Paulus
1142 779 1464 852 prudenter
1495 779 1664 834 sortis
1704 785 1965 850 paternae
2011 796 2121 833 suci

2251 791 2433 851 γονεῖς,
2477 784 2569 834 οὐκ
2623 783 2669 834 ἓν
2722 793 2793 853 τῶ
2836 785 3074 842 λεληθότι
3121 794 3212 846 τῆς
3266 784 3563 848 Ἰουδαϊκῆς
3604 789 3874 849 πολιτείας

485 872 839 937 cessionem,
869 876 925 927 et
962 871 1326 926 nobilitatem
1355 870 1429 925 ad
1459 886 1519 925 se
1546 886 1581 924 a
1616 870 1963 941 parentibus
1992 870 2118 925 derit

2254 870 2509 944 βιοῦντες,
2558 872 2683 925 ἀλλά
2725 881 2814 927 καὶ
2840 884 2939 926 τῶν
2969 875 3167 927 πολλῶν
3212 878 3418 947 ἔχοντές
3457 897 3508 929 τι
3556 878 3725 943 πλέον,
3770 888 3878 939 τῆς

484 968 686 1016 vatam
713 976 832 1015 non
856 962 1192 1031 ignorabat.
1227 960 1513 1029 Deinceps
1549 960 1725 1028 igitur
1761 959 1863 1013 tibi
1893 975 2049 1014 cura;
2071 959 2117 1014 si

2249 960 2542 1032 Ῥωμαῖκῆς
2591 970 2809 1037 φατρίας
2864 965 3071 1036 φυλέται
3126 962 3219 1017 διὰ
3273 975 3372 1026 τῆς
3414 966 3677 1040 ἐγγραφῆς
3722 968 3876 1041 ἐκρί-

486 1065 608 1105 non
657 1051 839 1105 modo
892 1050 1078 1105 dubia
1117 1064 1475 1122 proponere,
1521 1048 1623 1103 sed
1669 1052 1724 1104 et
1770 1048 2119 1119 peculiaren

2254 1053 2421 1107 θησαν
2466 1052 2559 1104 οὐκ
2613 1052 2809 1116 ἀνάξιοι
2858 1060 3216 1131 χρηματίσαι⁸
3274 1054 3327 1117 ἐξ
3383 1056 3443 1107 οὗ
3490 1062 3579 1109 καὶ
3622 1059 3647 1109 0
3704 1062 3878 1129 σοφὸς

485 1139 723 1195 illorum
764 1140 1114 1195 solutionem
1164 1143 1492 1209 acceptare,
1548 1144 1601 1192 et
1648 1136 1747 1192 illa
1796 1141 2118 1193 contentun

2254 1140 2456 1201 Παῦλος
2513 1138 2786 1214 διαδοχῆς
2866 1144 3039 1218 κλήρῳ
3110 1150 3204 1203 τὴν
3260 1145 3525 1217 Ῥωμαίων
3600 1147 3874 1218 εὐγένειαν

486 1245 612 1284 esse
672 1246 685 1284 :
744 1247 887 1285 nam
966 1230 1011 1284 si
1066 1229 1201 1301 quis
1243 1228 1581 1283 dialecticas
1637 1226 2016 1298 quaestiones,
2062 1228 2119 1281 at

2249 1232 2499 1300 πατρόθεν
2530 1232 2667 1302 αὐτῷ
2699 1240 2980 1285 κατιοῦσαν
3032 1235 3123 1285 οὐκ
3163 1234 3361 1304 ἠγνόει.
3414 1239 3485 1287 Τό
3530 1235 3711 1287 λοιπόν
3749 1257 3872 1308 μη-

483 1318 861 1383 immediatis,
897 1323 952 1375 et
976 1320 1181 1391 primis
1212 1324 1268 1374 et
1292 1319 1408 1369 καθ’
1439 1319 1565 1369 αύτό
1605 1320 1850 1371 conetur
1892 1316 2116 1372 solvere

2250 1323 2359 1370 κέτι
2410 1339 2493 1371 σοι
2533 1325 2590 1372 τὸ
2646 1321 2851 1396 ἀπορεῖν
2923 1328 3094 1394 μόνον·
3157 1321 3283 1375 ἀλλὰ
3355 1324 3485 1375 πολύ
3551 1325 3741 1396 μᾶλλον
3804 1331 3871 1378 τό

484 1408 742 1464 ludibrio
758 1409 1097 1475 habebitur,
1115 1424 1224 1463 nec
1244 1407 1537 1463 mendacii
1556 1405 1793 1475 effugiet
1809 1406 2101 1460 actionem

2251 1408 2509 1471 ἐπιζητείν
2562 1415 2619 1462 τό
2674 1412 2857 1464 οἰκεῖον
2911 1422 3009 1463 τῶν
3071 1412 3285 1477 λύσεων,
3354 1418 3441 1465 καὶ
3496 1414 3702 1485 ἀγαπᾷν
3748 1414 3875 1467 ἐπι-

487 1502 543 1553 et
590 1498 635 1553 si
674 1499 809 1571 quis
848 1500 908 1554 in
969 1499 1275 1553 rhetoricis
1324 1496 1559 1566 regulas
1625 1496 2023 1551 elementares
2078 1512 2114 1549 u

2250 1498 2425 1569 μέλεια
2480 1503 2718 1571 γινέσθω.
2776 1501 2974 1574 ’Ὠσπερ
3029 1504 3129 1575 γὰρ
3182 1506 3224 1554 εἰ
3266 1522 3344 1564 τις
3388 1505 3455 1554 τὰ
3505 1506 3635 1555 κατά
3681 1501 3867 1557 διαλεο

484 1588 856 1644 necessarias
897 1588 1192 1658 requirat;
1234 1587 1279 1640 si
1320 1587 1377 1640 in
1420 1584 1856 1639 mathematicis
1897 1583 2117 1652 politica

2250 1592 2435 1645 κτικὴν
2485 1589 2784 1661 ζητήματα,
2855 1590 2906 1653 ἐξ
2970 1591 3171 1662 ἀμέσων
3224 1594 3298 1648 ῗτε
3360 1597 3448 1644 καὶ
3497 1600 3713 1666 πρῶτων
3761 1601 3866 1648 καὶ

488 1676 855 1732 theoremata
868 1676 1332 1747 etsuperticiales
1363 1672 1781 1745 persuasiones
1800 1673 1855 1726 in
1875 1673 2121 1727 mediuu

2250 1685 2347 1727 τῶν
2396 1680 2512 1729 καθ’
2564 1681 2707 1733 αὑτό.
2756 1688 2975 1753 πειρῷτο
3011 1678 3389 1745 διαλύσασθαι,
3440 1678 3627 1743 διδούς
3664 1686 3723 1734 τὸ
3764 1703 3871 1753 γε-

488 1767 751 1837 proferre
793 1767 1058 1829 voluerit,
1106 1782 1178 1820 ne
1223 1764 1365 1837 quid
1417 1762 1630 1817 foedius
1677 1761 1893 1824 dicam,
1938 1762 2015 1815 ita
2054 1780 2114 1816 es

2248 1766 2403 1829 λοῖον,
2442 1764 2565 1819 οὐδὲ
2605 1773 2697 1826 τὴν
2751 1776 2842 1821 τοῦ
2890 1767 3115 1839 ψεᾶδους
3164 1767 3319 1827 δίκην
3355 1768 3643 1843 διαφεύγει·
3686 1778 3777 1823 καὶ
3808 1773 3865 1824 ἐν

489 1859 545 1908 et
572 1854 706 1922 hic;
740 1857 861 1921 sed,
898 1858 1019 1911 etsi
1048 1857 1181 1927 quis
1208 1856 1381 1909 etiam
1414 1852 1725 1906 historicas
1756 1853 2117 1921 quaestiones

2249 1856 2491 1929 ῥητορεία
2540 1861 2846 1928 γραμμικὰς
2896 1860 2921 1909 0
2972 1857 3202 1910 ἀπαιτῶν
3262 1858 3511 1931 ἀνάγκας,
3568 1863 3708 1911 καὶὸ
3753 1870 3865 1912 τῶν

487 1959 605 1999 non
629 1961 697 1999 ex
722 1945 968 2001 historia
1000 1945 1097 2000 sed
1132 1943 1371 1999 aliunde
1403 1942 1612 2005 solvat,
1646 1956 1767 1994 non
1795 1947 1881 1994 est
1907 1958 2115 2011 speran

2250 1948 2385 1995 κατὰ
2439 1948 2501 1996 τά
2571 1950 2859 2017 μαθήματα
2927 1950 3269 2021 θεωρημάτων
3324 1950 3588 2009 πολιτικάς
3644 1969 3699 2001 τε
3762 1956 3864 2002 καὶ

487 2032 633 2089 dum
683 2051 857 2107 posse
906 2035 1071 2090 illum
1124 2035 1201 2089 ad
1255 2032 1601 2087 historicam
1656 2030 1956 2085 veritatem
2014 2047 2120 2102 per

2251 2033 2584 2097 ἐπιπολαίους
2647 2042 2853 2098 πίστεις
2920 2036 3201 2112 ἐπιχειρῶν
3271 2040 3607 2113 προκομίζειν
3683 2058 3866 2112 παρα-

487 2123 682 2178 venire
704 2138 726 2194 ,'
758 2126 835 2180 ita
865 2130 919 2180 et
949 2125 1059 2179 hic.

2251 2123 2472 2181 πλήσιόν
2528 2143 2595 2176 τι·
2646 2126 2729 2177 ἳνα
2778 2132 2849 2198 μὴ
2929 2126 3385 2202 ἀσχημονέστερον
3471 2132 3616 2191 εἴπω,
3695 2147 3866 2179 κατα-

487 2210 754 2284 λαμϐάνεν
806 2218 895 2265 καὶ
926 2218 1043 2275 τοὺς
1076 2214 1190 2265 ὅσοι
1217 2222 1313 2264 τῶν
1344 2212 1459 2263 καθ’
1503 2212 1735 2283 ἱστορίαν
1768 2208 2082 2279 ζητημάτων
2114 2211 2217 2283 οὐχ
2252 2214 2544 2287 ἱστορικῶς,
2580 2215 2689 2266 ἀλλ’
2722 2214 2772 2279 ἐξ
2803 2216 2973 2288 ἐτέρου
3000 2220 3197 2287 γένους,
3230 2213 3418 2269 ἐλπίδα
3439 2216 3748 2289 ἀνέχουσιν,
3787 2216 3864 2276 εἰς

488 2304 719 2373 μάθησιν
748 2303 903 2356 ἐλθεῖν
942 2314 1037 2365 τῆς
1064 2303 1324 2364 ἀληθείας.

489 2392 808 2456 QU/ESTIO
837 2394 1074 2447 CXVIII.
1118 2394 1305 2465 [Coisl
1348 2395 1529 2458 :CXL,
1600 2396 1776 2449 Taur.
1832 2390 2122 2461 CXXXIXQ

1654 2412 1776 2449 aur.
1832 2390 2131 2462 CXXXIX]
2800 2401 3111 2448 ΕΡΩΤΗΣΙΣ
3143 2394 3287 2449 PIH'.

828 2466 953 2520 Cur
978 2465 1359 2520 circumcisus
1395 2473 1477 2521 est
1511 2468 1761 2522 Chrstus
1780 2467 1807 2519 ?

2602 2468 2697 2518 Διά
2726 2471 2777 2518 τί
2802 2470 3119 2539 περιετμήθη
3150 2469 3175 2519 ό
3220 2471 3488 2539 Χριστός

1264 2607 1417 2656 Edita
1445 2621 1477 2657 a
1502 2608 1826 2656 Montacutio
1864 2616 1963 2669 (ep.
1994 2605 2102 2662 248,
2135 2606 2201 2653 ad
2228 2605 2374 2669 Gcog.
2415 2606 2693 2666 Nicomed.,
2726 2624 2785 2672 p.
2823 2610 3065 2667 380-383),

564 2720 935 2777 Profunditas
963 2721 1179 2777 divinae
1203 2723 1617 2787 Providentiaa,
1640 2740 1936 2796 perquam
1966 2724 2135 2776 Jesus

2317 2726 2385 2774 Τό
2430 2726 2518 2795 μὲν
2570 2724 2855 2798 βαθύτερον
2903 2735 2997 2789 τῆς
3047 2731 3315 2798 Προνοίας,
3351 2722 3425 2777 δι’
3479 2727 3540 2785 ἦν
3584 2725 3791 2787 Ἰησοῦς
3826 2728 3854 2778 0

490 2810 751 2866 Christus
775 2814 927 2866 Deus
956 2817 1154 2868 noster
1174 2812 1233 2867 in
1261 2829 1437 2868 carne
1460 2830 1569 2867 sua
1583 2812 2123 2878 circumcidebatur,

2248 2817 2477 2885 Χριστός
2510 2820 2595 2865 καὶ
2624 2819 2746 2877 Θεὸς
2791 2816 2956 2887 ἡμῶν,
3007 2821 3163 2889 σαρκὶ
3196 2821 3282 2873 τὴν
3314 2819 3596 2888 περιτομὴν
3646 2818 3853 2885 ἔσχεῑν,

486 2900 911 2972 injudiciorum
926 2902 1209 2972 abyssum
1225 2903 1809 2974 impervestigabilem
1826 2904 2119 2957 humanan

2249 2902 2319 2963 εἰς
2372 2907 2458 2955 τόν
2510 2902 2896 2974 ἀνεξερεύνητον
2955 2906 3114 2958 αὑτοῦ
3179 2914 3276 2957 τῶν
3325 2908 3589 2977 κριμάτων
3660 2903 3849 2976 βυθόν,

488 2997 897 3061 exuperantcm
961 2992 1377 3061 cogitationem
1433 2993 1801 3064 immergitur
1865 3009 1877 3046 :
1938 2994 2051 3046 hoc
2106 3007 2121 3046 ε

2248 3000 2342 3053 τῆς
2410 2992 2735 3066 ἀνθρωπίνης
2804 2993 3109 3068 ἀναχωροῦν
3187 2990 3443 3059 διανοίας,
3509 2990 3852 3048 καταδύεται·

488 3080 750 3135 doctrina
780 3080 1081 3135 beatorum
1110 3082 1336 3136 Patrum
1370 3088 1673 3152 acceptum
1699 3101 1710 3151 ;
1740 3082 1999 3153 denique
2025 3080 2115 3151 ips

2248 3082 2282 3132 ἆ
2326 3078 2403 3147 δὲ,
2453 3086 2539 3133 καὶ
2587 3090 2685 3133 τῶν
2739 3087 3003 3155 μακαρίων
3036 3085 3179 3154 ἡμῶν
3216 3087 3452 3156 [Ιατέρων
3485 3078 3854 3134 διδασκόντων

488 3170 561 3225 ad
584 3170 985 3239 cognitionem
1020 3172 1401 3241 cogitationes
1439 3178 1667 3228 nostras
1708 3176 2121 3233 convertentes

2248 3175 2337 3222 καὶ
2394 3171 2542 3222 αὐτοὶ
2591 3167 3000 3233 διασκοποῦντες
3060 3169 3311 3236 συνιδεῖν,
3373 3171 3479 3242 οὐχ
3546 3172 3854 3245 εὑρίσκομεν

485 3275 915 3327 cognoscemus
940 3276 1057 3316 non
1077 3277 1203 3316 esse
1228 3261 1787 3331 penitusinsolubile
1812 3278 1825 3314 :
1848 3262 2118 3331 imprimi:

2249 3260 2461 3332 ἄπορον.
2506 3267 2713 3333 Πρῶτον
2758 3264 2847 3332 μεν
2893 3260 2972 3313 ἐπ’
3017 3261 3214 3333 ἐλέγχῳ
3263 3266 3497 3332 τέμνεται
3530 3265 3623 3318 τὴν
3679 3264 3860 3333 σάρκα

486 3349 643 3403 enim
668 3349 899 3403 caroilli
934 3351 1491 3416 circumcidebatur,
1546 3352 1623 3406 ad
1657 3351 2119 3419 redarguendun

2250 3358 2345 3400 τῶν
2394 3354 2485 3407 τὴν
2545 3350 2775 3402 Παλαιὰν
2826 3347 3235 3423 δυσφημούντων
3282 3352 3566 3414 Διαθηκην,
3618 3354 3709 3402 καὶ
3764 3354 3856 3401 τόν

488 3451 589 3491 eos
642 3436 741 3505 qui
797 3439 966 3491 Vetus
1016 3439 1451 3492 Testamentum
1503 3437 2029 3507 blasphemabant,
2084 3450 2114 3489 e

2252 3437 2296 3488 ἐν
2329 3438 2458 3510 αὐτῇ
2492 3442 2916 3511 νομοθετήσαντα
2964 3439 3147 3513 ὕϐρεσι
3188 3439 3500 3513 βαλλόντων.
3547 3440 3619 3490 Δι’
3652 3440 3718 3489 ὧν
3746 3442 3852 3511 γὰρ

486 3522 753 3579 convitiis
784 3524 1182 3591 legislatorem
1218 3527 1751 3597 prosequebantur.
1797 3528 1940 3578 Cum
1979 3524 2119 3578 enin

2248 3532 2339 3585 τὴν
2398 3526 2582 3580 ἐκεῖθεν
2639 3525 2881 3580 δοθεῖσαν
2930 3534 3235 3601 περιτομήν,
3293 3532 3361 3589 ὡς
3415 3524 3530 3580 οὐδ’
3586 3530 3647 3579 οἷν
3701 3528 3855 3579 αὐτοὶ

485 3612 978 3667 circumcisionem
1000 3614 1079 3667 ibi
1095 3614 1435 3676 institutam,
1451 3614 1613 3685 quod
1632 3629 1848 3681 negare
1866 3628 1985 3667 non
2002 3628 2118 3683 pos

2248 3616 2530 3688 ἀρνηθεῖεν,
2585 3619 2610 3668 ό
2669 3618 2859 3688 ἀγαθός
2926 3638 2978 3670 τε
3029 3623 3118 3669 καὶ
3172 3616 3370 3680 ἀληθὴς
3422 3621 3543 3679 Θεὸς
3621 3619 3850 3681 ὑπέστη,

487 3707 645 3767 sunt,
689 3703 736 3756 is
778 3702 1019 3767 subiret,
1067 3702 1169 3774 qui
1232 3702 1444 3768 bonus,
1501 3710 1554 3758 et
1612 3704 1767 3756 Deus
1826 3702 2115 3758 existebat

2246 3714 2352 3767 τοῖς
2412 3709 2578 3780 ἔργοις
2635 3707 2807 3769 αὐτοῖς
2866 3715 3137 3782 μαρτυρεῖ,
3186 3711 3271 3759 τόν
3321 3715 3416 3768 τῆς
3459 3714 3740 3781 περιτομῆς
3769 3726 3853 3757 νο-

486 3799 685 3862 aperte
758 3798 957 3861 patet,
1041 3794 1227 3861 legem
1287 3793 1360 3847 de
1424 3792 1878 3848 circumcisione
1945 3792 2119 3847 feren-

2245 3797 2463 3867 μοθέτην
2509 3798 2701 3866 ἀγαθόν
2758 3816 2809 3848 τε
2862 3794 3011 3861 εἶναι,
3067 3802 3156 3848 καὶ
3215 3796 3420 3867 ἀγαθῶν
3481 3793 3705 3868 δοτῆρα,
3756 3800 3850 3847 καὶ

484 3886 602 3935 tem
646 3888 699 3935 et
740 3882 965 3935 bonum
1006 3898 1248 3954 quoque
1297 3898 1443 3949 esse,
1504 3888 1558 3937 et
1607 3882 1747 3937 boni
1799 3882 2117 3951 largitorem

2245 3892 2334 3945 τῆς
2364 3885 2523 3947 αὐτῆς
2571 3889 2771 3957 φύσεως
2822 3892 3078 3939 κοινωνόν.
3123 3886 3197 3938 Ou’
3249 3889 3350 3959 γὰρ
3403 3887 3463 3937 ἄν
3514 3905 3649 3946 τινος
3701 3885 3853 3946 ὄντος

486 3970 687 4035 fuisse,
730 3970 1018 4041 ejusdem,
1062 3972 1232 4041 cujus
1273 3972 1353 4026 illi
1403 3978 1588 4036 erant,
1633 3972 1983 4045 participem
2036 3988 2119 4028 nat

2245 3976 2494 4035 ἐναντίας,
2554 3977 2581 4032 ἡ
2651 3984 2738 4035 τῆς
2801 3974 3120 4045 ἀγαθοτητος
3168 3980 3307 4045 πηγὴ
3361 3978 3452 4037 τὰς
3507 3975 3693 4027 ἐκεῖθεν
3756 3982 3850 4026 τοῦ

488 4063 653 4114 turea.
690 4062 811 4114 Non
845 4062 1002 4114 enim
1046 4060 1089 4115 si
1130 4062 1265 4133 quis
1302 4078 1373 4116 ex
1409 4062 1687 4133 opposito
1726 4061 1929 4116 fuisset
1969 4062 2121 4116 boni-

2243 4071 2400 4135 νόμου
2450 4061 2669 4138 ῥανίδας
2743 4061 2836 4117 διὰ
2886 4073 2976 4125 τῆς
3035 4069 3229 4137 σαρκός
3295 4063 3563 4117 ἐπεδείκνυ
3617 4083 3854 4138 προχεο-

484 4149 616 4205 tatis
640 4148 771 4204 fons
790 4149 868 4204 ab
888 4150 1019 4221 ipso
1052 4158 1247 4219 guttas
1280 4152 1510 4223 aliquas
1538 4151 1611 4206 de
1639 4167 1814 4206 carne
1846 4150 2117 4205 distillant

2244 4158 2416 4225 μένας.
2475 4152 2583 4205 Ἵνα
2633 4149 2719 4205 οὖν
2766 4156 2831 4205 τὰ
2887 4152 3128 4205 ἀπύλωτα
3179 4158 3435 4224 στόματα,
3486 4156 3554 4205 τὰ
3583 4156 3720 4205 κατά
3755 4161 3848 4205 τοῦ

482 4243 571 4295 tes
638 4239 968 4295 ostenderet
1024 4256 1035 4295 :
1106 4241 1407 4312 quocirca,
1485 4246 1547 4295 ut
1611 4240 1867 4311 patentia
1928 4247 2115 4295 contra

2246 4246 2469 4317 Πατρός,
2495 4244 2523 4302 ἦ
2560 4247 2648 4294 καὶ
2678 4242 2791 4293 κατ’
2821 4242 2977 4295 αὐτοῦ
3006 4262 3063 4314 γε
3091 4250 3182 4294 τού
3213 4242 3334 4295 Υἰοῦ
3376 4248 3471 4301 τὴν
3503 4242 3848 4315 βλασφημίαν

483 4331 712 4384 Patrem
731 4329 960 4396 ora,vel
990 4335 1193 4385 contra
1227 4330 1433 4386 Filium
1456 4330 1799 4400 blaspheme
1824 4329 2116 4402 loquentia

2242 4332 2541 4391 λαλήσαντα
2599 4331 2913 4406 ἐπιστομίσῃ
2967 4332 3050 4404 (‹‹
3103 4335 3280 4384 Πάντα
3324 4334 3425 4404 γὰρ
3473 4335 3537 4383 τά
3594 4340 3687 4384 τοῦ
3741 4339 3848 4385 Πα-

483 4416 789 4472 obturaret
826 4422 841 4483 (
876 4439 904 4467 «
940 4419 1152 4473 Omnia
1178 4418 1335 4474 enim
1358 4419 1541 4475 Patris
1566 4418 1689 4473 Filii
1717 4424 1875 4484 sunt,
1910 4434 1979 4475 ea
2000 4435 2116 4491 qua

2242 4426 2359 4496 τρός
2411 4430 2502 4474 τοῦ
2552 4422 2674 4474 Υίοῦ
2706 4424 2836 4474 ἐστι·
2887 4427 2995 4485 καὶ,
3036 4422 3071 4473 οἳ
3115 4430 3249 4474 ποιεῖ
3290 4423 3315 4473 0
3347 4428 3528 4493 Πατὴρ
3560 4427 3651 4473 καὶ
3679 4422 3704 4473 0
3730 4423 3850 4482 Υἱὸς

480 4504 617 4561 facit
644 4508 830 4570 Pater,
858 4506 997 4561 facit
1026 4513 1079 4561 et
1108 4508 1279 4562 Filius
1325 4530 1343 4557 ι
1381 4508 1421 4579 ),
1453 4524 1693 4563 carnem
1726 4508 1814 4563 sui
1846 4510 2113 4580 praeputii

2211 4520 2379 4566 ηποιεῐ
2409 4532 2435 4562 »
2470 4511 2511 4581 ),
2558 4516 2791 4583 τέμνεται
2832 4516 2920 4563 καὶ
2954 4516 3044 4569 τὴν
3101 4513 3273 4583 σάρκα
3320 4519 3412 4573 τῆς
3464 4509 3844 4587 ἀκροϐυστίας.

479 4594 883 4661 circumcidit;
925 4601 981 4651 et
1017 4613 1135 4652 una
1176 4598 1409 4653 sustulit
1460 4598 1776 4653 multarum
1814 4598 2112 4669 impiaruu

2245 4598 2627 4672 συνδιατέμνων
2735 4600 2863 4672 αὐτῇ
2953 4599 3151 4652 πολλῶν
3233 4596 3507 4652 ὃνσσεϐῶν
3592 4602 3844 4671 αἱρέσεων

478 4684 788 4740 haeresium
847 4687 1193 4740 occasiones
1232 4693 1287 4742 et
1346 4703 1548 4753 ansas,
1593 4689 1884 4752 Secundo,
1941 4688 2111 4742 recoli

2240 4687 2494 4762 ἀφορμάς.
2543 4692 2781 4763 Δεύτερον
2831 4687 2890 4741 δὲ
2934 4688 3090 4742 ἐκεῖνό
3135 4709 3224 4761 μοι
3271 4693 3396 4741 νόει·
3447 4688 3700 4760 ἐτόλμησέ
3751 4710 3840 4743 πο-

478 4790 714 4830 mecum
742 4779 797 4829 et
824 4773 986 4828 istud
1016 4790 1028 4829 :
1077 4774 1352 4831 Audrbat
1391 4776 1533 4832 olim
1567 4776 1787 4849 impius
1826 4776 1918 4832 ille
1954 4777 2111 4832 hmre

2238 4798 2291 4831 τε
2346 4781 2370 4830 0
2426 4776 2695 4839 δυσσεϐὴς
2765 4779 3125 4853 Ἀπολινάριος
3186 4782 3624 4854 τερατεύσασθαι,
3687 4800 3752 4840 ως
3809 4782 3838 4839 ἡ

480 4864 714 4919 siarcha
752 4862 1147 4933 Apollinarius
1193 4866 1541 4936 prodigiosa
1567 4866 1850 4937 quietiam
1886 4866 2113 4921 commi‘

2237 4867 2631 4936 προσληφθεῖσα
2713 4869 2863 4942 σὰρξ,
2941 4878 3002 4941 τῇ
3058 4868 3430 4943 προσλαϐούση
3507 4870 3714 4926 θεότητι
3783 4873 3843 4921 τὸ

478 4952 647 5016 nisci,
689 4951 847 5022 quod
882 4968 1021 5007 caro
1066 4961 1378 5025 assumpta
1427 4971 1526 5026 per
1566 4956 1846 5012 Deitatem
1874 4955 2111 5011 consub-

2236 4959 2511 5029 όμοούσιον
2589 4955 2926 5019 συνδιέσωζε·
2983 4960 3153 5032 σάρκα
3204 4960 3304 5031 γὰρ
3369 4956 3697 5024 ἀνέπλαττεν,
3780 4962 3844 5020 ὡς

479 5039 913 5095 stantialitatem
962 5042 1194 5098 Deitatis
1259 5044 1437 5100 simul
1487 5044 1837 5117 possideat:
1884 5062 2112 5101 carnem

2235 5045 2497 5110 ἠϐούλετο,
2555 5051 2658 5118 οὐχ
2715 5045 2825 5099 οἱαν
2870 5048 2898 5105 ἡ
2958 5046 3251 5121 ἀνθρωπίνη
3308 5048 3458 5119 φύσις
3508 5043 3668 5099 οἶδεν
3732 5034 3848 5100 ἀλλ’

480 5130 701 5185 scilicet
745 5130 1045 5197 conﬁnxit,
1088 5134 1327 5205 qualem
1394 5135 1644 5199 volebat,
1711 5151 1828 5191 non
1885 5135 2113 5206 qualem

2234 5138 2343 5187 οἵαν
2394 5138 2422 5193 ἡ
2479 5140 2735 5207 φαντασία
2778 5145 2875 5189 τῶν
2946 5135 3294 5199 ἐξεστηκότων
3371 5136 3638 5208 λογισμῶν
3720 5134 3845 5195 ἕδη.

477 5220 745 5292 agnoscit
774 5235 945 5278 suam
976 5228 1190 5279 natura
1228 5223 1515 5293 humana,
1554 5224 1661 5281 sed
1689 5224 1931 5297 qualem
1965 5224 2110 5281 elon-

2229 5227 2486 5299 μιούργιι’
2540 5229 2569 5285 ἦ
2602 5230 2771 5279 τοίνυν
2810 5238 2853 5267 ω
2894 5230 3025 5298 τομὴ
3073 5233 3168 5288 τῆς
3210 5228 3424 5299 σαρκὸς,
3481 5230 3571 5277 καὶ
3610 5229 3668 5278 τὸ
3708 5229 3840 5301 πρὸς

1826 5474 2053 5532 νΑΒΙιΕ
2090 5474 2385 5532 LECTION
2392 5477 2492 5531 ES.

568 5703 583 5746 ι
630 5706 689 5762 L.
721 5707 788 5763 Μ.
820 5705 925 5762 553
956 5704 995 5762 f.
1026 5707 1129 5762 239
1162 5703 1467 5778 ἀλλοφύλου.
1504 5717 1547 5748 m
1574 5708 1633 5764 C.
1668 5708 1747 5763 Mr
1776 5709 1878 5763 553
1905 5706 1942 5763 f.
1974 5709 2079 5765 210
2103 5719 2130 5753 ει
2152 5710 2182 5768 ἠ
2221 5726 2417 5762 τοιννν.
