4136 6198
350 325 452 387 693

1381 324 1478 380 AD
1518 321 2070 381 AMPHILOCHIUM
2119 321 2446 390 QUESTIO
2487 324 2729 383 CXVIII.

3603 327 3708 388 694

345 459 444 515 τῆν
509 457 734 512 θεότητα
787 451 1038 527 λαμπρῶς
1099 449 1442 525 ἀνακηρύττει
1516 451 1792 524 ἑτεροφυὶς,
1856 453 1947 501 καὶ

2065 453 2212 519 gatae
2235 449 2480 506 rationis
2505 450 2844 522 phantasia,
2874 447 2988 522 ipsi
3013 449 3391 522 suggerebat.
3425 453 3713 518 Quocirca

343 550 402 598 1'6
459 547 588 617 πρὸς
635 548 732 602 τὴν
801 545 1051 616 ἡμετέραν
1129 544 1300 616 σάρκα
1365 543 1640 612 όμοούσιον
1687 545 1942 612 παριστᾷ.

343 641 530 710 Τρίτον
616 629 676 686 δε
745 636 875 707 πρὸς
941 639 1050 694 τοῖς
1125 631 1430 704 εἰρημένοις,
1489 633 1537 682 οἱ
1609 639 1708 682 τῶν
1782 637 1944 682 Μανι-

346 729 520 796 χαίων
595 719 796 784 παῖδες,
864 726 1123 793 φαντασίᾳ
1177 725 1271 778 τῆν
1348 723 1520 793 σάρκα
1566 723 1653 772 τόν
1715 721 1944 791 Χριστόν

343 813 707 888 προειληφέναι
737 808 1184 883 δογμαποιοῦνται
1217 829 1229 842 ·
1267 808 1370 860 ἀλλ’
1413 813 1480 872 ὡς
1527 812 1665 884 ὁρᾷς,
1717 827 1946 882 προαπο-

345 903 636 974 τειχίζεται
685 909 746 974 τῆ
791 907 1064 974 περιτομῇ,
1115 904 1384 952 καὶτοῦτο
1427 903 1485 951 τὸ
1528 897 1825 971 δύσφημον.
1881 897 1939 950 Ἡ

348 995 606 1064 φαντασία
669 993 770 1063 ’γὰρ
828 994 991 1062 τομὴν
1065 994 1154 1041 καὶ
1201 990 1366 1049 πάθος
1418 993 1507 1040 καὶ
1555 989 1706 1064 ῥύσιν
1756 989 1946 1060 ὁρωμέ-

1277 1075 1402 1130 ούδε
1445 1080 1510 1130 τὰ
1567 1085 1656 1138 τῆς
1704 1077 1947 1139 ἀληθείας

1329 1165 1710 1240 παραδέχεται.
1785 1165 1945 1218 Πάλιν

343 1101 438 1139 νην
497 1083 713 1153 αἳματος
769 1079 862 1132 οὐκ
919 1077 1160 1150 ἀνέχεται
1211 1097 1223 1111 ·

345 1173 490 1243 ἔργα,

345 1259 680 1318 Ούαλεντῖνος
759 1263 1050 1330 κενοφωνεί,
1102 1257 1194 1309 ούκ
1242 1255 1297 1309 ἐκ
1340 1265 1440 1308 τῶν
1487 1259 1804 1331 παρθενικῶν
1857 1261 1945 1308 καὶ

575 1173 633 1222 τό
717 1167 936 1241 πλάσμα
1014 1169 1250 1242 καθαρῶς

350 1349 630 1423 ἀχράντων
681 1347 910 1420 αἱμάτων
965 1351 1056 1404 τὴν
1115 1346 1388 1398 ἑνωθεῑσαν
1435 1353 1506 1417 τῷ
1561 1351 1717 1416 Λόγῳ
1777 1346 1948 1419 σάρκα

343 1445 580 1510 παγῆναι
604 1457 617 1470 ·
646 1439 788 1489 κάτω
838 1433 896 1488 δὲ
921 1445 1013 1497 τῆς
1043 1435 1302 1497 εὐσεϐείας
1347 1441 1540 1504 πεσὼν,
1585 1436 1774 1487 ἄνωθεν
1806 1435 1946 1504 αὐτῷ

341 1531 498 1582 ποθεν
539 1527 881 1588 καταϐιϐάζει
936 1531 992 1579 τό
1045 1535 1196 1598 σῶμα
1253 1543 1264 1557 ’
1301 1525 1426 1578 ἀλλά
1455 1529 1544 1578 καὶ
1587 1528 1770 1578 τούτου
1822 1524 1948 1600 πόρ-

344 1620 528 1694 ῥωθεν,
562 1620 628 1681 ὡς
676 1613 853 1681 δῆλον,
914 1618 944 1674 ἡ
1005 1620 1259 1690 περιτομὴ
1307 1619 1364 1667 1'6
1414 1617 1602 1688 θράσος
1655 1618 1944 1688 παραποτέο

344 1727 523 1780 μνεται
573 1723 585 1737 ·
643 1711 735 1759 καὶ
791 1707 919 1779 πρὸς
997 1707 1194 1765 τούτοις
1271 1707 1643 1777 περιτέμνεται,
1730 1705 1812 1755 ἵνα
1885 1706 1943 1755 τό
1983 1691 2024 1746 Β

347 1795 562 1870 βέϐαιον
611 1803 708 1857 τῆς
758 1791 1006 1855 δοθείσης
1069 1793 1267 1854 ἐντολῆς
1333 1799 1653 1868 παραστήσῃ
1690 1813 1702 1825 ·
1758 1790 1946 1865 διαμέ-

341 1905 443 1938 νειν
526 1887 626 1957 γὰρ
699 1885 829 1957 αὐτῇ·
909 1887 965 1936 τὸ
1021 1883 1352 1957 ἀπαράϐατον
1429 1887 1590 1958 μέχρι
1643 1891 1740 1945 τῆς
1787 1883 1944 1935 αύτοῡ

344 1979 659 2048 παρουσίας,
715 1973 767 2036 ἐξ
825 1974 890 2024 ὧν
943 1975 1328 2049 ύπηρετήσατο,
1385 1975 1512 2045 μετά
1555 1979 1646 2024 τοῦ
1701 1971 1942 2030 ἀνεπιλὴ-

345 2084 499 2130 πτου,
539 2063 1050 2135 συγκατασκευάζει.
1099 2063 1159 2116 Εἰ
1212 2065 1310 2137 ’γὰρ
1363 2065 1387 2114 6
1440 2067 1511 2134 μῆ
1568 2059 1770 2123 δεηθεὶς
1818 2061 1944 2122 ὅλως

347 2161 654 2228 περιτομῆς,
704 2153 836 2224 ὅμως
875 2153 1162 2224 ὑπέρχεται
1193 2163 1220 2192 η
1252 2155 1466 2218 ταύτην,
1512 2151 1680 2224 σχολῆ
1709 2151 1756 2223 ’γ’
1783 2153 1842 2203 ἄν
1869 2171 1944 2212 τις

349 2243 495 2301 ἀλοίη
567 2251 664 2294 τῶν
729 2243 828 2294 ὑπὸ
900 2249 970 2312 τῷ
1059 2247 1196 2313 νόμῳ
1283 2243 1476 2298 ταύτην
1555 2243 1944 2316 παρεωραμένος

345 2332 440 2384 οὐκ
506 2331 715 2404 ὀφείλων
769 2327 940 2392 δίκας.
1007 2331 1166 2382 Πάλιν
1221 2339 1318 2381 τῶν
1386 2328 1656 2383 Ἰουδαίων
1708 2331 1732 2380 ό
1780 2327 1944 2402 δῆμος

345 2421 740 2495 φιλαιτιώτατος
769 2420 854 2488 ὢν,
890 2421 1097 2480 καὶτὰς
1133 2424 1206 2492 μὴ
1249 2423 1411 2480 οὔσας
1459 2417 1626 2480 δεινός
1664 2421 1944 2492 προφάσεις

347 2509 706 2575 ἀναπλάττειν,
769 2509 812 2562 εἰ
871 2513 942 2581 μὴ
1005 2514 1098 2567 τὴν
1165 2513 1441 2582 περιτομὴν
1496 2511 1746 2577 ὑποστὰς,
1800 2508 1946 2569 οὗτος

345 2601 523 2662 αὐτοῖς
567 2601 631 2652 τὰ
664 2604 897 2674 σωτήρια
945 2599 1203 2669 εἰσηγεῖτο
1231 2616 1242 2628 ⁸
1297 2603 1436 2660 τίνος
1477 2597 1536 2649 ἂν
1568 2599 1660 2650 οὐκ
1711 2599 1944 2670 ἐνόμιζον

347 2687 788 2764 περιδράττεσθαι
815 2685 1170 2758 δικαιολογίας
1197 2684 1537 2761 διωθούμενοι
1561 2693 1654 2746 τὴν
1683 2685 1941 2740 διδασκα-

345 2779 462 2832 λέαν
494 2781 668 2852 ὅτιπερ
702 2777 1048 2850 ἀπερίτμητον
1075 2789 1101 2818 ο
1135 2781 1258 2828 ὄντα
1287 2782 1374 2829 καὶ
1413 2776 1464 2840 ἐξ
1495 2777 1658 2838 αὐτῆς
1711 2777 1887 2837 ἑστίας
1915 2793 1943 2831 P

348 2869 517 2920 πάντα
563 2867 744 2918 λύοντα
802 2869 1008 2939 θεσμὸν,
1063 2875 1164 2927 πῶς
1217 2865 1329 2924 ἐνῆν
1383 2863 1788 2940 παραδέχεσθαι
1847 2886 1944 2918 0‘0)-

345 2964 484 3029 τῆρα
515 2955 664 3023 ;”Ινα
692 2951 779 3007 οὖν
810 2955 977 3008 αύτῶν
1023 2953 1362 3029 ἀναχώρησιν
1411 2963 1582 3008 πᾶσαν
1633 2955 1939 3028 ἀποκλείσῃ,

347 3051 438 3097 καὶ
487 3049 544 3097 τὸ
593 3045 777 3097 οἰκεῖον
840 3047 1146 3119 άμάρτημα,
1198 3042 1462 3118 μηδεμίαν
1515 3048 1682 3116 ἔχωσι
1738 3051 1940 3118 χώραν,
1973 3054 2014 3106 C

348 3134 419 3197 εἰς
447 3138 531 3186 τόν
603 3133 827 3186 ἀναίτιον
914 3139 1257 3208 περιτρέπειν,
1351 3139 1766 3208 περιτεμνόμενος
1856 3138 1943 3191 τὴν

346 3221 714 3296 ἀκροϐυστίαν,
792 3228 1157 3295 συναποτέμνει
1217 3231 1316 3274 τῶν
1398 3221 1706 3296 ἀχαρίστων
1771 3229 1944 3274 πᾶσαν

347 3311 684 3386 εὐπρόσωπον
755 3312 1142 3384 πιθανολογίαν.
1198 3317 1382 3364 Σκόπει
1442 3309 1500 3364 δέ
1546 3332 1636 3384 μοι
1689 3320 1891 3364 κακεῖνο
1929 3330 1939 3340 ·

348 3399 392 3452 εἰ
431 3403 522 3472 μὲν
567 3405 638 3472 μὴ
689 3403 1038 3475 περιτμηθεὶς,
1093 3403 1248 3453 ἔπαυε
1298 3405 1390 3458 τὴν
1441 3402 1654 3476 πρᾶξιν,
1690 3403 1836 3473 τάχα
1885 3399 1944 3451 ἀν

345 3508 485 3541 τισιν
539 3491 564 3542 6
617 3493 893 3556 Δεσπότης,
965 3493 1034 3552 ὡς
1097 3489 1273 3542 ἑαυτὸν
1337 3489 1684 3542 ἀπαλλάσσων
1751 3490 1941 3556 αἰτίας,

347 3583 438 3631 καὶ
514 3587 604 3640 τῆς
678 3576 820 3641 ἰδίας
883 3583 1171 3654 προθέσεως
1241 3581 1634 3652 προίστάμενος,
1707 3585 1798 3638 τῆν
1853 3588 1944 3642 τῆς

348 3677 634 3741 περιτομῆς
710 3667 970 3744 ἀναίρεσιν
1048 3665 1140 3721 διὰ
1214 3677 1313 3720 τῶν
1369 3671 1614 3740 μαθητων
1690 3671 1946 3722 ὑπενοεῖτο

349 3755 668 3829 μεθοδεύσαι
732 3779 744 3792 ο
800 3758 907 3810 ἐπεὶ
952 3755 1010 3810 δὲ
1076 3762 1165 3810 καὶ
1225 3763 1594 3832 περιτέμνεται,
1657 3763 1745 3810 καὶ
1792 3762 1946 3811 παύει

349 3849 408 3898 1'6
441 3849 606 3920 ἔργον,
641 3852 727 3900 καὶ
767 3851 962 3905 ταύτην
1001 3854 1398 3922 προαφαιρεῖται
1425 3853 1517 3905 τὴν
1563 3849 1804 3900 ὑπόνοιαν
1847 3857 1946 3899 τῶν

348 3935 636 4008 φιλαιτίων.
698 3941 761 3989 Σύ
822 3933 879 3989 δὲ
926 3934 1054 4009 μηδ’
1101 3936 1259 3988 ἐκεῖνο
1309 3933 1659 4011 παραδράμῃς
1712 3951 1724 3966 ·
1792 3940 1946 3997 τύπος

349 4021 410 4082 ἧν
441 4029 531 4077 καὶ
580 4025 832 4098 σύμϐολον
885 4033 976 4077 τοῦ
1021 4025 1392 4098 βαπτίσματος
1445 4029 1470 4084 ἡ
1517 4031 1768 4098 περιτομὴ
1807 4043 1818 4055 ⁸
1851 4031 1944 4098 μή·

346 4133 426 4166 πω
519 4123 794 4166 τοιεναοοῡν
892 4121 982 4166 τῆς
1061 4119 1304 4166 ἀληθείας
1378 4119 1776 4166 ωανεοωθείσης.
1863 4119 1945 4166 τόν

519 4123 794 4190 τοιγαροῦν
892 4121 982 4177 τῆς
1061 4113 1304 4178 ἀληθείας
1378 4117 1777 4190 φανερωθείσης,

345 4207 502 4255 τόπον
534 4201 822 4279 ἐπικρατεῖν
855 4201 960 4256 ἔδει
1009 4221 1020 4232 ·
1083 4203 1378 4266 ἐπιστάσης
1426 4201 1475 4256 δ’
1531 4203 1724 4264 ἐκείνης
1755 4207 1946 4262 ταύτην

345 4293 662 4366 ὑποχωρεῖν.
725 4297 811 4345 Διό
883 4297 1233 4367 περιτέμνεται
1303 4298 1392 4366 μὲν
1449 4297 1503 4346 1'6
1566 4297 1780 4365 κρύφιον
1857 4303 1946 4354 τῆς

349 4385 564 4456 σαρκὸς,
621 4385 761 4434 οὔπω
814 4391 907 4445 τῆς
975 4383 1020 4434 ἐν
1078 4385 1267 4457 χάριτι
1317 4391 1592 4456 περιτομῆς
1644 4385 1948 4456 φανερωθεί-

347 4490 442 4531 σης
498 4491 511 4503 ⁸

345 4579 439 4633 περ
449 4560 822 4631 ιανγαζούσης,

568 4469 762 4532 ἐκείνης
806 4468 864 4524 δὲ
913 4482 982 4544 τῷ
1025 4479 1320 4543 Δεσποτικῷ
1381 4471 1718 4546 βαπτίσματι
1778 4475 1949 4524 πάντα

901 4567 990 4612 καὶ
1063 4561 1302 4636 λαμπρὰν
1361 4567 1453 4620 τὴν
1521 4561 1761 4620 ἀλήθειαν
1823 4565 1948 4614 610-

350 4646 714 4714 δεικνυούσης,
779 4653 844 4702 τά
901 4649 948 4702 ἐν
1001 4657 1126 4722 σκιᾷ
1173 4655 1260 4702 καὶ
1323 4651 1587 4722 αἰνίγματι
1647 4651 1948 4726 παρρησιά-

349 4739 536 4800 ζεσθαι
587 4743 740 4791 τόπον
790 4739 882 4792 οὐκ
932 4741 1177 4814 εὑρίσκει.
1236 4744 1414 4814 Χωρὶς
1488 4737 1546 4792 δε
1593 4749 1690 4792 τῶν
1741 4741 1948 4812 εἰρημέ-

347 4849 466 4894 νων,
547 4827 942 4900 ἀναμνησθῆναι
1005 4836 1154 4881 κακεῖ
1207 4825 1404 4894 δεήσει,
1474 4827 1520 4880 ἐν
1565 4829 1636 4900 τῷ
1690 4834 1948 4902 σπέρματι

347 4924 439 4969 τοῦ
499 4915 734 4990 Ἀϐραὰμ
787 4921 850 4970 τά
901 4920 1018 4976 ἔθνη
1076 4919 1240 4970 πάντα
1296 4917 1794 4989 ἐνευλογηθήσεσθαι
1851 4931 1878 4972 (ἶ
1931 4937 1942 4949 ·

349 5007 501 5080 ὅρκον
525 5008 645 5059 καθ’
676 5007 858 5060 ἑαυτοῦ
905 5004 1094 5068 διδούς
1139 5009 1164 5059 ό
1219 5011 1345 5069 Θεὸς
1393 5015 1463 5078 τῷ
1511 5005 1722 5080 δικαίῳ,
1783 5017 1945 5061 ποιεῖ-

347 5117 434 5150 ται
487 5093 691 5168 λογάδα
746 5099 948 5150 πάντων
1001 5099 1152 5150 ἐθνῶν
1208 5102 1300 5155 τὴν
1350 5099 1542 5150 ἐκείνου
1603 5099 1806 5171 φυλήν·
1859 5104 1948 5152 καὶ

348 5186 501 5239 οἱονεὶ
548 5187 850 5260 σφραγίξων
892 5187 1054 5245 αὐτὴν
1105 5183 1200 5239 διὰ
1249 5194 1340 5239 τοῦ
1389 5187 1664 5261 φυλάρχου
1709 5197 1768 5262 τῆ
1801 5209 1950 5262 περι-

348 5283 504 5349 τομῇ,
545 5281 640 5335 τήν
690 5295 746 5329 τε
791 5280 970 5330 πίστιν
1009 5275 1404 5351 ἐπισημαίνεται
1443 5285 1534 5331 τοῦ
1585 5281 1946 5354 πατριάρχου,

2057 541 2256 594 carnis
2271 541 2561 596 abscissio
2579 541 2889 612 perspicue
2918 541 3204 612 praedicat
3215 541 3394 597 aliam
3409 550 3707 610 naturam,

2057 628 2398 685 distinctam
2418 647 2446 683 a
2467 631 2897 702 Deitate,quam
2913 631 3477 686 consubstantialem
3492 639 3710 690 nostrae

2055 719 2250 773 carnis
2277 725 2504 775 naturae
2537 726 2795 791 praestat.
2833 720 3022 775 Tertio
3053 721 3344 776 accedunt
3379 721 3708 778 Manichaei.

2054 809 2158 880 qui
2179 809 2476 864 docebant
2497 810 2796 866 Christum
2819 815 3048 865 tantum
3068 812 3397 865 secundum
3419 827 3712 883 apparen-

2055 897 2197 953 tiam
2221 913 2462 952 carnem
2485 899 2813 970 sumpsisse
2838 917 2851 954 :
2880 899 3046 970 quod
3071 915 3172 971 per
3193 901 3710 957 circumcisionem

2055 987 2420 1042 exscinditur
2459 993 2520 1043 ut
2549 988 2972 1060 blasphemum
3008 1005 3019 1042 :
3055 1004 3318 1060 namque
3357 991 3710 1061 apparentia

2055 1077 2396 1144 sectionem,
2431 1078 2788 1144 passionem,
2823 1078 3129 1147 sanguinis
3175 1079 3556 1136 emissionem
3589 1095 3710 1136 non

2057 1165 2312 1222 admittit
2345 1183 2357 1222 :
2391 1183 2500 1223 nec
2532 1167 2793 1223 veritatis
2825 1183 3010 1240 opera
3041 1168 3371 1224 consistunt
3400 1185 3536 1224 cum
3569 1169 3710 1224 veri-

2057 1259 2190 1310 tate.
2233 1257 2439 1310 Iterum
2501 1257 2848 1312 Valentinus
2891 1256 3047 1311 fatue
3100 1255 3429 1312 deblaterat
3476 1273 3708 1313 carnem

2053 1342 2246 1399 Verbo
2303 1345 2635 1408 adunitam,
2697 1360 2818 1400 non
2858 1361 2888 1399 e
2928 1345 3254 1416 purissimo
3295 1345 3538 1416 virginis
3579 1362 3712 1401 san-

2054 1431 2233 1501 guine
2264 1433 2597 1500 solidatam,
2633 1434 2737 1490 sed
2767 1435 2894 1506 ipse
2924 1435 3204 1490 deorsum
3238 1451 3273 1490 a
3303 1435 3518 1508 pietate
3554 1435 3708 1492 deci-

2053 1519 2221 1587 dens,
2264 1522 2338 1577 de
2377 1522 2527 1578 coelo
2567 1539 2806 1578 sursum
2846 1539 3064 1595 corpus
3102 1525 3150 1578 ei
3200 1523 3454 1579 devocat
3486 1542 3498 1590 ;
3541 1525 3714 1595 cujus

2055 1609 2310 1681 impium
2349 1611 2794 1682 pronuntiatum
2851 1613 3135 1683 rejectum
3177 1611 3484 1667 manifeste
3522 1613 3710 1684 rejicit

2055 1700 2446 1758 circumcisio.
2481 1701 2570 1755 Ad
2601 1701 2708 1756 hoc
2738 1702 2937 1774 itaque
2968 1701 3424 1766 circumciditur,
3459 1706 3524 1756 ut
3555 1717 3712 1758 man-

2054 1791 2262 1846 datum
2302 1789 2376 1846 de
2417 1791 2866 1845 circumcisione
2925 1791 3134 1846 datum
3175 1799 3368 1844 ratum
3427 1792 3612 1845 ﬁxum
3655 1795 3710 1846 et

2053 1879 2296 1935 ﬁrmum
2329 1895 2573 1934 manere
2617 1879 2832 1934 debere
2859 1879 3089 1944 doceat,
3124 1885 3177 1934 et
3209 1895 3326 1934 non
3358 1879 3704 1935 violandum

2053 1984 2236 2040 usque
2268 1969 2344 2023 ad
2373 1969 2502 2038 ejus
2529 1967 2874 2036 adventum,
2902 1969 2994 2024 cui
3028 1969 3455 2038 famulabatur,
3489 1984 3598 2024 nec
3625 1970 3712 2024 in—

2053 2061 2212 2114 terea
2237 2057 2554 2112 calumniis
2578 2057 2930 2128 subjaceret.
2961 2061 3105 2112 Nam
3140 2059 3188 2111 si
3215 2058 3284 2124 is,
3317 2059 3410 2112 cui
3438 2074 3558 2112 non
3591 2063 3715 2114 erat

2053 2163 2202 2219 opus
2225 2147 2694 2212 circumcisione,
2725 2146 3239 2202 circumcisionem
3271 2151 3466 2202 tamen
3496 2147 3672 2202 subiit
3697 2163 3709 2202 :

2051 2235 2101 2292 is
2128 2238 2231 2309 qui
2267 2236 2378 2291 sub
2407 2235 2537 2305 lege
2567 2237 2856 2292 exsistens
2882 2252 3016 2292 eam
3043 2236 3566 2306 transgrederetur,
3591 2253 3713 2308 pm—

2053 2342 2163 2381 nas
2211 2325 2452 2381 meritas
2503 2326 2648 2380 dare
2709 2325 2979 2381 debebat.
3035 2325 3222 2380 Tertio
3275 2342 3412 2380 cum
3461 2328 3714 2398 querula

2054 2421 2208 2471 esset
2248 2430 2394 2484 gens
2435 2413 2803 2480 Iudaeorum,
2844 2421 2900 2470 et
2955 2415 3268 2470 calumniis
3323 2413 3711 2470 contexendis

2055 2505 2270 2568 dedita,
2312 2520 2420 2560 nec
2459 2521 2581 2560 non
2632 2503 2904 2574 egregius
2958 2503 3164 2558 artifex
3221 2503 3712 2559 comminiscendi

2055 2599 2378 2666 praetextus
2434 2593 2636 2660 falsos,
2679 2597 2722 2648 si
2779 2593 3229 2648 incircumcisus
3269 2593 3524 2649 salutem
3563 2593 3710 2664 ipsis

2057 2683 2490 2750 annuntiasset,
2517 2681 2750 2738 facilem
2771 2683 2848 2738 illi
2870 2683 3277 2738 causationem
3299 2683 3708 2756 arripuissent,

2056 2779 2118 2828 ut
2157 2773 2490 2828 doctrinam
2533 2772 2770 2828 allatam
2811 2773 2988 2842 longe
3027 2790 3063 2828 a
3103 2789 3162 2826 se
3207 2773 3536 2842 rejicerent,
3571 2788 3712 2827 cum

2053 2861 2242 2932 legem
2263 2862 2560 2934 imprimis
2576 2862 2742 2916 illum
2763 2861 3016 2916 violasse
3034 2862 3478 2916 contenderent.
3496 2863 3707 2928 Quare,

2057 2958 2114 3006 ut
2140 2955 2477 3024 amputaret
2507 2967 2707 3006 eorum
2757 2967 2793 3007 a
2830 2952 3074 3006 veritate
3103 2951 3519 3019 defectionem,
3553 2955 3607 3004 et
3640 2965 3712 3005 ne

2055 3057 2266 3098 ansam
2290 3039 2612 3111 arriperent
2631 3057 2805 3094 suum
2829 3041 3094 3110 ipsorum
3127 3045 3436 3109 peccatum
3461 3039 3520 3093 in
3547 3039 3713 3094 inuo-

2055 3127 2282 3185 cente'm
2344 3129 2753 3193 transferendi,
2815 3127 3198 3183 circumcisus
3239 3129 3551 3200 praeputio,
3597 3143 3714 3184 una

2055 3223 2332 3290 amputat
2383 3217 2752 3288 ingratorum
2793 3218 3065 3272 omnium
3129 3235 3266 3272 cum
3325 3217 3526 3290 aliquo
3573 3233 3715 3289 prae-

2055 3311 2218 3363 textu
2259 3307 2639 3379 plausibilem
2695 3307 3156 3363 accusationem.
3217 3307 3328 3362 Sed
3369 3313 3425 3362 et
3465 3307 3710 3361 ulterius

2055 3397 2316 3464 attende,
2381 3397 2428 3451 si
2468 3413 2587 3452 non
2638 3398 3016 3452 circumcisus
3055 3396 3236 3451 ﬁnem
3278 3395 3712 3451 circumcisioni

2055 3487 2408 3557 imponeret,
2435 3485 2721 3541 Dominus
2747 3484 2896 3541 forte
2922 3486 3320 3556 suspicionem
3344 3485 3506 3558 apud
3533 3500 3688 3557 quos

2057 3577 2198 3632 dam
2241 3576 2537 3631 incurrere
2579 3581 2827 3646 poterat,
2870 3573 3031 3647 quod
3075 3591 3137 3630 se
3183 3581 3244 3630 ut
3283 3575 3457 3647 culpa
3496 3573 3688 3630 exime

2055 3671 2160 3730 ret,
2203 3681 2272 3721 ac
2323 3681 2494 3719 suam
2536 3663 2891 3720 sententiam
2923 3663 3284 3728 obtruderet,
3319 3671 3374 3718 et
3402 3661 3712 3734 discipulis

2056 3756 2214 3812 viam
2249 3771 2317 3810 ac
2361 3753 2652 3809 rationem
2700 3759 3002 3826 praestaret
3041 3753 3285 3809 tollendi
3318 3753 3552 3824 penitus
3608 3752 3716 3807 cir-

2057 3845 2482 3900 cumcisionem
2535 3863 2552 3912 ;
2602 3843 2988 3898 circumcisus
3039 3843 3187 3914 ipse.
3252 3859 3320 3898 ac
3373 3859 3492 3896 non
3548 3843 3714 3898 aliter

2056 3949 2292 3988 cessare
2321 3933 2455 3988 fecit
2505 3933 2660 3988 hanc
2707 3923 3102 4004 suspicionem
3159 3939 3214 3987 et
3239 3932 3315 3986 ab
3344 3933 3713 3988 accusaturis

2057 4023 2307 4077 sustulit.
2359 4022 2470 4076 Sed
2519 4038 2627 4076 nec
2681 4021 2824 4076 illud
2875 4023 3120 4092 insuper
3155 4027 3516 4093 praetereas:
3590 4025 3716 4076 erat

2057 4110 2430 4167 circumcisio
2454 4111 2787 4183 symbolum
2809 4127 2877 4166 ac
2901 4111 3091 4180 ﬁgura
3113 4110 3396 4181 baptismi
3428 4125 3440 4164 :
3472 4125 3580 4180 par
3604 4110 3716 4165 fuit

2059 4211 2120 4257 ut
2153 4217 2534 4274 nequaquam
2577 4200 2696 4257 vim
2741 4217 2912 4256 suam
2945 4200 3234 4255 obtineret
3269 4205 3444 4271 typus
3471 4200 3713 4254 veritate

2057 4291 2438 4346 manifestata
2488 4289 2591 4344 sed
2639 4289 2716 4344 illi
2767 4289 2958 4344 locum
3012 4289 3200 4344 daret.
3258 4287 3714 4343 Circumciditur

2058 4397 2198 4451 ergo
2231 4396 2367 4434 caro
2399 4380 2456 4434 in
2485 4379 2710 4436 occulta
2750 4385 2916 4451 parte
2943 4379 3224 4450 corporis,
3256 4394 3391 4432 cum
3441 4377 3713 4432 nondum

2059 4469 2426 4526 circumcisio
2461 4485 2564 4541 per
2593 4470 2845 4539 gratiam
2879 4472 3273 4539 compararet,
3308 4466 3416 4522 sed
3441 4483 3576 4522 cum
3611 4467 3712 4522 illa

2059 4575 2164 4631 per
2211 4557 2444 4613 Domini
2493 4557 2860 4630 baptismum
2915 4557 3118 4612 omnia
3176 4555 3593 4620 collustrasset,
3656 4561 3714 4611 et

2060 4649 2342 4703 illustrem
2401 4647 2756 4704 reddidisset
2797 4647 3124 4711 veritatem,
3158 4661 3292 4720 quae
3317 4645 3552 4700 fuerant
3578 4661 3710 4699 um-

2056 4739 2180 4796 brae
2210 4745 2264 4793 et
2292 4739 2612 4808 aenigmata
2643 4737 2824 4794 libere
2857 4753 2920 4794 se
2947 4736 3222 4792 exerendi
3247 4735 3492 4791 ulterius
3515 4733 3706 4790 facul-

2059 4835 2238 4885 tatem
2271 4827 2744 4884 non'haberent.
2779 4831 2988 4882 Praeter
3016 4827 3304 4883 hactenus
3346 4839 3712 4880 commemo-

2057 4923 2204 4984 rata,
2256 4920 2658 4973 revocandum
2709 4921 2796 4972 est
2841 4917 2900 4971 in
2934 4915 3314 4978 memoriam,
3363 4913 3422 4968 in
3479 4913 3710 4970 semine

2057 5007 2309 5064 Abrahae
2339 5005 2780 5063 benedicendas
2810 5023 2941 5062 esse
2968 5006 3110 5062 olim
3138 5021 3348 5061 omnes
3371 5008 3597 5074 gentes,
3629 5004 3710 5060 ita

2059 5099 2215 5153 enim
2256 5097 2414 5168 justo
2447 5097 2524 5152 illi
2578 5097 2726 5162 viro,
2757 5113 2860 5168 per
2889 5097 3153 5168 seipsum
3181 5095 3486 5166 juraverat
3537 5094 3706 5158 Deus,

2058 5188 2138 5244 ita
2159 5188 2286 5258 ejus
2310 5187 2656 5259 progeniem
2679 5188 2990 5242 nationum
3023 5184 3294 5240 omnium
3316 5183 3706 5240 collectricem

2057 5278 2214 5344 facit,
2247 5293 2432 5350 quam
2459 5292 2565 5350 per
2603 5277 2862 5334 tribuum
2898 5275 3137 5335 illarum
3182 5279 3240 5332 et
3285 5273 3518 5346 generis
3547 5271 3706 5346 prin-

1723 5511 1954 5566 VARl/E
1995 5507 2290 5568 LECTION
2297 5509 2401 5566 ES.

419 5723 454 5762 ι
484 5719 542 5775 C.
575 5719 644 5776 Μ.
672 5717 1032 5791 ὑπιρέρχιταισ
1061 5727 1088 5760 ο
1114 5717 1172 5774 C.
1203 5719 1272 5773 M.
1306 5718 1641 5792 περίτμητον.
1669 5726 1700 5770 ι)
1728 5714 1789 5770 C.
1821 5716 1891 5772 Μ.
1924 5711 2112 5778 αἰτίας.
2137 5725 2170 5768 ,ιι
2193 5714 2254 5770 Ο.
2293 5715 2364 5771 Μ.
2401 5711 2881 5788 εὐλογηθήσεσθαι.
