3906 6186
429 287 536 344 605

1679 283 1919 339 PHOTII
1959 281 2445 339 PATRIARCH/E
2484 279 2603 342 ΟΡ.
3666 286 3746 343 696

434 414 625 484 cipem
666 411 1117 468 circumcisione
1157 409 1498 480 consignat,
1530 409 1630 482 qui
1663 416 1719 465 et
1760 410 1944 465 ﬁdem
1983 409 2040 464 dt

2193 412 2283 460 καὶ
2335 411 2392 460 τὸ
2438 411 2580 480 γένος
2621 408 2734 481 ἅμα
2775 406 2822 460 ἓν
2868 407 3161 481 ἀφορισμῷ,
3213 415 3475 481 συντηριὶ
3518 408 3573 463 Ὀ
3614 420 3746 464 τοίννν

433 501 617 557 clarat
644 502 990 574 patriarchae
1017 506 1075 555 et
1096 500 1539 570 generationem
1579 501 1706 570 ejus
1740 504 2083 572 separatam

434 597 740 646 conservat
774 592 1212 662 :juramentum
1247 597 1402 644 certe
1427 590 1918 656 transgressionis
1949 604 2076 644 cau-

435 698 563 736 sam
593 683 980 754 praestitisset,
1009 681 1054 736 si
1091 697 1301 736 omnes
1330 686 1534 748 gentes
1563 695 1670 753 per
1703 693 2083 734 communem

435 772 798 826 Servatorem
843 769 1139 825 Christum
1174 771 1634 841 baptizarentur.
1687 769 1994 834 Quocirca,
2026 772 2087 821 ut

432 860 511 926 id,
537 861 701 932 quod
723 862 975 930 gratuito
1000 859 1312 932 poillicitus
1347 858 1535 914 fuerat
1560 858 1922 925 Abrahamo,
1947 873 2084 912 con-

433 957 802 1005 summatum
844 950 1023 1004 ﬁnem
1077 949 1401 1014 sortiretur,
1445 953 1499 1004 et
1544 954 1750 1003 contra
1777 948 2082 1004 veritatem

432 1039 740 1095 subortam
773 1039 1175 1110 suspicionem
1211 1039 1365 1092 Deus
1404 1054 1439 1093 a
1482 1037 1737 1094 falsitate
1763 1036 2086 1108 juramenti

431 1128 760 1185 immunem
795 1133 1120 1201 praestaret,
1169 1131 1189 1198 (
1223 1149 1250 1176 «
1293 1130 1438 1183 Nam
1489 1142 1621 1197 ego,
1655 1146 1682 1179 »
1722 1125 1954 1182 dicebat
1985 1124 2088 1182 ali-

432 1217 697 1288 quando,
749 1235 777 1266 ‹‹
821 1233 957 1272 sum
994 1216 1208 1272 veritas
1267 1220 1322 1271 et
1364 1215 1498 1271 vita.
1542 1216 1601 1284 »)
1641 1214 2084 1271 circumciditur

432 1321 610 1362 carne
641 1307 908 1377 praaputii
943 1306 1053 1370 sui,
1081 1305 1140 1360 in
1181 1307 1311 1378 ipso
1360 1305 1555 1376 primo
1591 1304 1868 1374 ingressu
1901 1305 2088 1375 etpri-

431 1396 608 1450 mitiis
634 1395 838 1466 gratiae
869 1413 880 1450 :
928 1396 1054 1450 haec
1103 1401 1302 1450 autem
1331 1399 1420 1449 est
1448 1395 1697 1457 vocatio,
1727 1393 2082 1457 benedictio,

431 1488 488 1539 et
527 1485 766 1555 adoptio
806 1486 1068 1553 gentium
1100 1484 1352 1555 legalem
1396 1483 1668 1554 politiam
1719 1482 2085 1537 circumscri-

431 1573 581 1628 bens
610 1580 664 1628 et
700 1574 1126 1629 determinans.
1158 1573 1333 1627 Plura
1354 1573 1538 1642 hujus
1565 1571 1798 1640 generis
1817 1572 1952 1643 quis
1985 1587 2089 1642 per

433 1663 614 1717 otium
648 1664 978 1732 excogitata
1036 1667 1295 1732 recolet;
1348 1678 1483 1732 quae
1517 1661 1608 1715 lex
1665 1659 1994 1730 epistolica,
2032 1663 2091 1714 et

2194 500 2345 572 ὅρκος
2421 499 2762 573 παραϐάσεως
2830 498 2888 550 ἂν
2952 507 3200 571 παρεῖχεν
3253 500 3424 551 αἰτίαν
3482 500 3748 575 εὐλογουῴ-

2193 609 2288 638 νων
2340 601 2363 628 ι’
2419 592 2508 660 μὲν
2571 589 2808 641 ἁπάντων
2863 587 3015 642 ἐθνῶν
3071 586 3167 640 διὰ
3230 593 3387 659 μόνου
3468 598 3557 641 τού
3616 600 3751 643 κοινοῦ

2195 685 2431 750 Σωτῆρος
2486 685 2718 750 Χριστοῦ
2756 697 2769 710 ·
2804 677 2862 729 ού
2903 683 3144 751 φέροντος
3189 675 3248 730 δὲ
3291 682 3348 729 τὸ
3400 677 3644 751 ἐπίσημον
3686 689 3754 741 τῆς

2197 766 2542 840 Ἀϐραμιαίας
2601 774 2817 839 σπορᾶς,
2871 769 2982 829 ἣτις
3028 764 3088 825 ἦν
3129 769 3157 826 ἡ
3211 773 3491 842 περιτομή.
3545 768 3643 821 Ἵνα
3688 770 3752 821 οὖν

2195 861 2283 908 καὶ
2335 866 2406 927 τῷ
2452 855 2689 931 Ἀϐραὰμ
2732 860 2792 908 τὸ
2840 861 3218 928 κεχαρισμένον
3270 861 3424 930 πέρας
3475 858 3506 915 ἡ
3560 859 3755 929 ὑποσκι-

2197 965 2280 1005 σις
2337 944 2596 1018 ἀπολάϐῃ,
2638 951 2727 997 καὶ
2772 951 2864 1004 τὴν
2921 949 3056 998 κατά
3107 954 3196 1005 τῆς
3245 944 3490 1008 ἀληθείας
3537 948 3755 1017 ὑπόληψιν

2195 1037 2248 1106 (ἡ
2279 1031 2339 1087 δέ
2368 1033 2508 1087 ἔστιν
2541 1036 2564 1086 ὀ
2611 1038 2759 1100 Θεὸς,
2799 1043 2891 1095 τῆς
2935 1031 3256 1108 ψευδορκίας
3303 1031 3556 1110 διαλύσῃ·
3591 1058 3615 1087 ιι
3654 1037 3755 1108 Ἐγὼ

2194 1126 2292 1196 γάρ
2327 1123 2450 1196 εἰμι,
2503 1129 2680 1196 φησὶν,
2736 1127 2765 1183 ἡ
2816 1123 3031 1182 ἀλήθεια
3085 1128 3174 1176 καὶ
3229 1126 3257 1183 ἡ
3320 1129 3424 1188 ζωή
3486 1135 3572 1196 »Γ
3623 1129 3759 1198 τέμνε-

2195 1233 2281 1266 ται
2315 1218 2408 1272 τὴν
2459 1215 2631 1288 σάρκα
2661 1223 2755 1274 τῆς
2808 1212 3164 1289 ἀκροϐυστίας
3212 1213 3258 1266 ἐν
3308 1222 3370 1286 τῇ
3430 1223 3529 1275 τῆς
3575 1217 3761 1290 χάριτος

2198 1302 2415 1375 ἀπαρχῇ
2463 1307 2552 1354 καὶ
2603 1302 2866 1374 εἰσαγωγῇ
2904 1322 2916 1336 ⁸
2953 1303 3084 1361 αὕτη
3119 1299 3178 1355 δέ
3231 1301 3371 1354 ἐστιν
3411 1305 3440 1361 ἡ
3496 1303 3669 1364 κλῆσις
3692 1309 3761 1355 καὶ

2197 1394 2226 1451 ἡ
2284 1392 2488 1463 εύλογία
2542 1397 2631 1445 καὶ
2683 1394 2711 1450 ἡ
2765 1393 3003 1445 υἱοθεσία
3057 1400 3157 1444 τῶν
3206 1391 3381 1458 ἐθνῶν,
3445 1397 3535 1451 τὴν
3587 1397 3760 1465 νομικὴν

2197 1481 2455 1534 πολιτείαν
2553 1483 2992 1555 συμπεριγράφων
3061 1486 3150 1534 καὶ
3229 1481 3614 1555 συνικπληρῶν.
3683 1485 3760 1535 Καὶ

2198 1570 2361 1623 πολλὰ
2402 1572 2463 1622 ἄν
2512 1590 2589 1632 τις
2633 1571 2780 1644 ἔτερα
2825 1578 3042 1622 τοιαῦτα
3080 1573 3216 1622 κατὰ
3266 1571 3470 1643 σχολὴν
3528 1571 3766 1642 ἐπιθεωρή-

2203 1679 2286 1712 σοι
2324 1672 2347 1702 ³
2377 1660 2442 1710 ὧν
2492 1662 2517 1712 ὁ
2545 1679 2596 1712 τε
2627 1668 2721 1720 τῆς
2777 1659 3053 1721 ἐπιστολῆς
3102 1665 3301 1732 νόμος),
3340 1665 3430 1712 καὶ
3468 1662 3498 1717 ἠ
3557 1665 3616 1718 σὴ
3667 1662 3765 1712 uiv-

432 1755 534 1804 tua
555 1750 874 1822 prudentia
902 1757 1056 1806 tuam
1078 1751 1216 1822 quid
1245 1751 1304 1805 in
1331 1749 1642 1805 antedictis
1667 1750 1940 1815 habetur,
1967 1764 2040 1820 qu

2201 1769 2306 1810 εσις
2359 1755 2430 1808 (τί
2475 1751 2576 1822 γὰρ
2646 1748 2700 1800 ἐκ
2765 1757 2863 1802 τῶν
2935 1749 3209 1822 εἰρημένων
3272 1749 3366 1800 οὐκ
3425 1748 3544 1808 ἐνῆν
3596 1756 3674 1801 καὶ
3717 1752 3768 1800 τὲι

432 1854 548 1893 non
577 1845 633 1894 et
654 1841 829 1895 tacita
855 1839 1333 1908 vestigareliceat
1359 1839 1405 1907 ?)
1429 1855 1562 1893 cum
1588 1844 1820 1909 gratum
1847 1853 1966 1892 non
1991 1837 2093 1893 ha-

428 1927 588 1993 beat,
619 1945 1128 2000 supervacaneum
1152 1928 1388 1984 addisse
1419 1927 1562 1982 mihi
1597 1927 1788 1983 visum
1816 1932 1921 1982 est.

537 2017 854 2081 QUAESTIO
889 2019 1087 2073 CXIX.
1116 2017 1324 2091 [CoisL
1357 2017 1532 2083 cxu,
1575 2018 1755 2074 Taur.
1808 2015 1985 2090 CXL]

638 2107 720 2164 De
751 2124 853 2165 eo:
891 2128 913 2159 α
945 2110 1132 2164 Deum
1159 2123 1326 2164 nemo
1359 2107 1504 2164 vidit
1539 2123 1811 2178 unquam.
1845 2129 1871 2156 »

493 2205 764 2256 Editarum
797 2220 829 2256 ιι
858 2206 1051 2257 Wolﬁo
1068 2209 1258 2272 quarta
1283 2206 1427 2269 (Cur.
1462 2204 1732 2269 Philolog.,
1763 2208 1798 2253 t.
1841 2206 1898 2272 Υ,

2203 1843 2524 1912 σεσιγημένα
2553 1842 2784 1913 θηρᾶσαι
2818 1849 2853 1909 ;)
2886 1839 2994 1892 ἐπεὶ
3033 1844 3104 1912 μὴ
3151 1836 3258 1900 ἡδὺ
3303 1841 3530 1912 νομίζει,
3564 1843 3764 1914 περιττὸν

2201 1927 2378 2004 ἐκρίθη
2403 1931 2431 1988 ἡ
2459 1931 2767 2003 παράθεσις.

2751 2025 3066 2072 ΕΡΩΤΗΣΙΣ
3100 2016 3243 2071 ΡΙΘ’.

2594 2111 2722 2162 Θεὸν
2753 2104 2924 2168 οὐδεὶς
2963 2107 3152 2180 ἑώρακε
3177 2113 3408 2165 πώποτε.

1937 2207 2040 2268 p.'i

2203 2209 2247 2256 5.
2281 2205 2522 2263 Galland,
2553 2211 2588 2255 t.
2622 2206 2822 2268 Xlll,p.
2852 2207 3076 2262 715-717,
3115 2220 3167 2255 n.
3195 2206 3292 2267 20).
3328 2232 3388 2242 -
3422 2205 3717 2269 Explenetio

1767 2268 2070 2325 verborum,
2106 2269 2123 2316 Ι
2156 2269 2292 2320 Joan
2323 2270 2360 2325 Ι,
2400 2271 2476 2318 18.

503 2352 746 2422 Egregia
766 2358 867 2406 tua
889 2351 1182 2406 industria
1208 2356 1309 2405 tua
1327 2355 1382 2406 el
1407 2367 1546 2406 cura
1564 2351 1637 2405 ad
1662 2351 1963 2420 sapientiae
1986 2349 2074 2403 di-

430 2439 700 2510 vincsque
728 2440 1011 2494 doctrinae
1053 2442 1246 2510 capita
1271 2439 1458 2494 relata
1507 2455 1625 2494 non
1659 2456 1752 2493 me
1784 2438 1976 2493 solum
2005 2438 2077 2493 ad

430 2526 587 2581 idem
618 2528 880 2581 studium
911 2528 1146 2597 excitat,
1177 2528 1279 2581 sed
1331 2533 1386 2583 et
1434 2526 1773 2598 unicuique,
1804 2531 1865 2581 ut
1909 2531 2075 2598 puto,

430 2615 524 2669 cui
547 2615 787 2670 animus
808 2617 886 2670 ab
908 2631 1112 2670 amore
1136 2631 1334 2670 rerum
1365 2615 1790 2687 praeclararum
1824 2615 2075 2683 alienus,

430 2720 550 2760 non
584 2705 814 2769 suadet,
851 2711 912 2758 ut
954 2722 1044 2758 res
1071 2721 1273 2760 amore
1319 2704 1598 2776 indignas
1631 2704 1831 2777 magni
1877 2704 2074 2770 faciat,

426 2794 603 2848 laude
644 2811 784 2849 vero
815 2794 1027 2866 dignas
1071 2800 1391 2863 aversetur,
1451 2795 1610 2849 idem
1665 2794 2074 2859 commendat,

425 2884 603 2953 quue
644 2889 809 2939 tanto
850 2884 1063 2952 magis,
1091 2884 1255 2955 quod
1299 2891 1358 2938 tu
1395 2883 1658 2956 quidem,
1704 2883 1878 2938 tantis
1921 2883 2076 2939 curis

426 2973 737 3042 districtus,
785 2972 923 3028 nihil
967 2974 1039 3026 de
1085 2972 1282 3027 studio
1325 2974 1435 3027 hoc
1478 2974 1743 3039 remittis,
1797 2974 2076 3045 quamvis

427 3062 539 3116 illis
581 3063 826 3135 quidem
879 3061 1132 3129 singulis
1173 3068 1372 3117 curate
1431 3063 1718 3131 invigiles,
1762 3078 1955 3135 neque
2000 3062 2074 3117 ad

426 3152 612 3206 otium
637 3153 942 3223 animique
964 3151 1392 3206 relaxationem
1421 3159 1670 3223 spectes,
1702 3152 1799 3206 sed
1824 3169 1913 3216 ea,
1941 3168 2075 3225 quae

426 3241 500 3296 ad
535 3240 720 3296 vitam
755 3243 1013 3296 activam
1055 3257 1124 3296 ac
1157 3241 1362 3312 patria).
1401 3241 1724 3296 commoda
1764 3243 2072 3313 pertinent,

423 3331 599 3385 etiam
656 3329 847 3399 magis
907 3347 1089 3402 quam
1151 3332 1566 3386 meditationes
1631 3338 1779 3398 tuas,
1839 3347 2074 3401 urgeas.

423 3423 621 3491 Neque
649 3435 787 3474 vero
828 3436 862 3474 a
899 3420 1188 3491 praeclaris
1230 3420 1344 3475 illis
1388 3421 1501 3475 tuis
1543 3427 1597 3475 et
1641 3420 2073 3490 phil030phicis

427 3508 861 3563 meditamentis
891 3509 1122 3580 penitus
1149 3509 1203 3562 in
1217 3509 1577 3576 vestigandis
1606 3511 1768 3580 prius
1791 3511 2072 3573 abstines,

422 3614 606 3670 quam
640 3597 715 3653 ad
742 3599 970 3666 ajiicem
1007 3598 1286 3663 veritatis,
1319 3599 1520 3670 quoad
1551 3598 1680 3670 ejus
1704 3598 1828 3653 ﬁeri
1861 3604 2072 3669 potest,

424 3689 775 3760 perveneris.
809 3688 1020 3743 Beatos
1049 3689 1225 3760 igitur
1256 3689 1516 3759 praedico
1551 3704 1674 3751 eos,
1706 3688 1925 3759 quibus
1954 3689 2077 3743 haec

423 3777 482 3831 in
505 3783 555 3832 te
586 3777 800 3841 videre,
842 3784 896 3832 et
928 3793 998 3832 ex
1041 3785 1091 3831 te
1124 3777 1329 3832 audire
1358 3777 1507 3831 licet.
1541 3779 1688 3833 Tum
1727 3793 1866 3831 vero
1895 3777 2074 3832 etiam

425 3865 632 3929 sentio,
663 3882 848 3937 quam
880 3881 1032 3934 aegre
1070 3866 1213 3920 mihi
1244 3865 1486 3920 fecerint
1515 3864 1760 3928 inimici,
1794 3871 1855 3919 et
1889 3881 2073 3936 quam

425 3954 673 4028 pulchro
691 3955 1080 4027 jucundoque
1105 3955 1441 4026 spectaculo
1465 3955 1687 4010 invidia
1705 3971 1795 4010 me
1815 3955 2072 4026 privarit,

425 4045 525 4118 qui
561 4043 753 4099 videre
786 4061 902 4099 non
933 4046 1160 4116 possim
1196 4044 1640 4116 philosophiam
1669 4045 1728 4099 in
1764 4045 1962 4099 media
1987 4061 2076 4100 re-

427 4134 664 4207 puplica
712 4135 961 4189 chorum
1019 4133 1358 4199 ducentem,
1401 4141 1456 4188 et
1495 4134 1740 4206 quidem
1783 4141 2070 4200 nostram,

2264 2349 2319 2403 H"
2349 2349 2477 2408 καλή
2515 2369 2608 2401 σου
2637 2354 2754 2422 περὶ
2787 2351 2852 2402 τὰ
2888 2349 3023 2401 οὕτω
3057 2351 3191 2420 σοφά
3221 2353 3306 2400 καὶ
3362 2351 3476 2401 θεῖα
3513 2351 3764 2421 μαθὰματα

2189 2439 2461 2512 φιλοπονία
2505 2443 2595 2489 καί
2637 2435 2866 2503 σπουδὴ,
2919 2439 3013 2489 ούκ
3058 2437 3140 2510 ἐμὶ
3180 2442 3331 2509 μόνον
3378 2442 3504 2510 πρὸς
3561 2436 3763 2508 ἐπιστρο-

2190 2533 2286 2599 φὴν
2341 2528 2499 2587 αὐτῆς
2532 2523 2893 2590 διανίστησιν,
2945 2525 3072 2578 ἀλλά
3123 2531 3209 2577 καὶ
3276 2531 3432 2578 παντί
3489 2546 3562 2597 γε,
3623 2524 3760 2597 οἶμαι,

2188 2620 2288 2688 ὅτῳ
2341 2622 2410 2688 μὴ
2479 2619 2610 2668 πάνυ
2687 2624 2784 2667 τῶν
2851 2616 3016 2668 καλῶν
3080 2617 3249 2688 ἔτερος
3302 2617 3429 2689 ἔρως
3479 2621 3536 2668 τὸ
3589 2615 3760 2688 φίλτρον

2188 2705 2374 2758 ἐκλύων
2426 2705 2798 2764 ἀντεπέστησεν
2857 2709 2911 2756 τὸ
2972 2704 3249 2779 ἀνέραστον
3311 2708 3418 2769 (22)
3473 2706 3676 2765 θειάζειν
3718 2722 3762 2754 τε

2187 2801 2275 2847 καὶ
2323 2803 2476 2848 κινεῖν
2541 2794 2748 2847 ἐπαίνου
2804 2795 2946 2858 ἄξια,
3017 2797 3354 2848 καθίσταται.
3421 2795 3655 2847 Μάλιστα
3713 2811 3761 2863 γε

2115 2883 2268 2937 (Ῑότι
2350 2890 2434 2936 καὶ
2494 2887 2756 2946 τοσαύτας
2822 2881 3098 2959 φροντίδας
3175 2883 3619 2957 ἐγκεχειρισμένος
3685 2882 3760 2933 οὐκ

2188 2971 2428 3038 ἐνδίδως,
2480 2971 2552 3034 οἷς
2591 2974 2710 3025 καθ’
2754 2973 2976 3030 ἑκάστην
3029 2977 3398 3048 προνοούμενος
3429 2971 3757 3046 ἐπαγρυπνεῐς,

2186 3061 2309 3116 οὐδὲ
2347 3067 2472 3138 πρὸς
2519 3068 2611 3121 τήν
2671 3071 2766 3114 τῶν
2811 3069 2974 3116 πόνων
3026 3065 3197 3115 οῖνεσιν
3274 3066 3362 3114 καὶ
3433 3063 3759 3134 ψυχαγωγίαν

2188 3152 2464 3226 ἀναφορᾲς,
2515 3151 2640 3204 ἀλλά
2689 3158 2778 3204 καὶ
2833 3151 3065 3205 ἐπέκεινα
3103 3156 3221 3214 τοὺς
3269 3152 3552 3223 λογισμούς
3606 3151 3668 3210 εἰς
3712 3152 3757 3199 τὸ

2187 3240 2509 3316 δραστήριόν
2539 3261 2591 3294 τε
2620 3247 2708 3293 καὶ
2757 3245 2814 3293 τὸ
2855 3249 2917 3314 τῇ
2955 3239 3174 3316 πατρίδι
3226 3249 3467 3293 συνοῖσον
3523 3240 3760 3313 ἀντιστρέ-

2187 3351 2312 3404 φεις.
2351 3336 2450 3384 Καὶ
2497 3339 2592 3382 τῶν
2629 3331 2762 3382 οὕτω
2811 3332 3125 3402 θαυμαστῶν
3174 3335 3264 3382 καὶ
3322 3330 3606 3403 φιλοσόφων
3651 3330 3758 3380 θεω-

2185 3423 2429 3494 ρημάτων
2496 3423 2552 3471 τὸ
2625 3418 2791 3492 βάθος
2850 3417 3244 3494 διερευνώμενος
3309 3419 3403 3471 ούκ
3473 3418 3637 3482 ἀνίεις,
3683 3416 3760 3475 ἓως

2186 3510 2264 3574 ἂν,
2300 3512 2367 3572 ὡς
2400 3511 2502 3561 οἷον
2535 3513 2588 3560 τέ
2621 3507 2780 3574 ἐστιν,
2821 3508 2887 3569 εἰς
2920 3509 3082 3567 αὐτὴν
3127 3517 3216 3569 τῆς
3269 3507 3514 3570 ἀληθείας
3564 3503 3759 3578 ἀναδρα-

2185 3608 2296 3673 μεῖν
2353 3619 2434 3650 σοι
2493 3601 2811 3671 περιγένοιτο
2868 3603 2959 3656 τὴν
3015 3603 3265 3672 κορυφήν.
3349 3602 3449 3650 Καὶ
3515 3595 3757 3670 μακαρίζω

2186 3692 2306 3750 τοὺς
2373 3689 2599 3760 ὁρῶντας
2652 3686 2733 3739 ἐπὶ
2812 3692 2895 3739 σοὶ
2955 3695 3119 3739 ταῦτα
3181 3691 3268 3739 καὶ
3324 3685 3614 3746 ἀκούοντας.
3676 3687 3760 3737 Καὶ

2185 3782 2298 3829 τότε
2330 3775 2573 3849 λαμϐάνω
2604 3779 2953 3834 συναίσθησιν
2985 3785 3080 3838 τῆς
3121 3785 3221 3828 τῶν
3278 3775 3481 3850 ἐχθρῶν
3529 3778 3754 3848 ἐπηρείας,

2184 3872 2268 3918 καὶ
2305 3868 2412 3918 οἷον
2441 3885 2502 3939 με
2533 3866 2690 3917 καλοῦ
2720 3871 2808 3918 καὶ
2838 3862 3062 3923 ἡδίστου
3113 3867 3369 3937 θεάματος
3397 3867 3421 3916 ὁ
3444 3867 3613 3936 φθόνος
3641 3862 3758 3914 ἐστε-

2182 3975 2360 4031 ρησεν,
2411 3954 2465 4008 ἐν
2520 3955 2752 4027 πολιτείᾳ
2803 3956 2925 4030 ὀρᾷν
2967 3953 3270 4027 φιλοσοφίαν
3315 3957 3654 4027 χορεύουσαν,
3681 3955 3756 4001 καὶ

2184 4052 2297 4097 τοτε
2330 4049 2421 4103 τὴν
2450 4047 2719 4118 ἡμετέραν,
2753 4049 2837 4096 καὶ
2873 4040 2936 4105 ἧς
2967 4045 2990 4094 ὁ
3020 4047 3219 4118 καρπὸς
3249 4046 3313 4095 τὰ
3339 4044 3567 4118 οὐράνια.
3603 4042 3756 4111 Ἡμεῖς

2181 4137 2270 4206 μεν
2323 4135 2410 4186 οὖν
2469 4137 2602 4185 κατά
2647 4138 2768 4196 τοὺς
2817 4133 3025 4204 Αἰγιέας
3056 4137 3169 4185 οὔτε
3200 4138 3393 4207 τρίτος,
3431 4135 3544 4185 οὔτε
3595 4135 3755 4202 τέταρ-

424 4229 600 4292 atque
631 4225 783 4279 adeo
814 4224 1014 4288 talem,
1052 4224 1222 4294 cujus
1256 4223 1480 4279 fructus
1513 4223 1771 4278 cmlestia
1803 4223 2040 4291 largitur

2192 4244 2266 4284 ro;
2295 4225 2424 4295 (23).
2459 4223 2545 4285 Εἰς
2576 4226 2769 4281 ταύτην
2799 4226 2901 4295 γὰρ
2939 4226 3002 4274 τὰ
3049 4225 3275 4296 ἡμέτερα
3321 4228 3415 4279 τὴν
3466 4221 3622 4284 λῆξιν.
3662 4218 3756 4272 Οὐκ

421 4317 534 4370 Nos
559 4313 802 4387 quidem
831 4312 907 4367 ad
943 4313 1282 4384 exemplum
1307 4311 1669 4381 Egieorum,
1705 4329 1810 4366 nec
1837 4314 2068 4368 tertium

420 4419 528 4459 nec
559 4410 836 4476 quartum
868 4402 1066 4458 locum
1100 4408 1394 4457 tenemus.
1429 4403 1511 4457 Ita
1541 4403 1697 4457 euim
1731 4418 1822 4457 res
1856 4411 2068 4459 nostris

423 4497 775 4567 comparatm
803 4499 960 4548 sunt.
979 4495 1103 4548 Non
1130 4492 1269 4547 novi
1292 4491 1659 4562 egotribum,
1679 4507 1798 4547 non
1826 4497 2064 4562 testam;

2181 4310 2302 4365 οἴδα
2349 4317 2406 4364 τὸ
2456 4313 2608 4386 φυλον
2667 4316 2776 4370 (24)
2813 4312 2904 4364 ούκ
2956 4307 3080 4364 οἶδα
3108 4316 3166 4363 τὸ
3199 4316 3476 4386 ὄστρακον,
3528 4311 3609 4362 οὐκ
3649 4305 3759 4360 οἶδα

2181 4403 2223 4455 εἰ
2432 4410 2503 4472 τῷ
2547 4398 2787 4473 καδίσκῳ
2847 4398 2941 4453 διὰ
2986 4408 3076 4453 τοῦ
3125 4409 3296 4474 κημοῦ
3346 4403 3609 4472 καθιεμένη
3661 4397 3754 4466 (‘26)

2178 4491 2370 4564 ψῆφος,
2402 4491 2494 4543 οὐκ
2516 4487 2660 4556 οἶδα,
2689 4494 2798 4543 εἴτι
2825 4490 2966 4542 ἄλλο.
2992 4493 3061 4543 Τὸ
3087 4492 3188 4564 γὰρ
3212 4491 3584 4565 πυθόχρηστον
3603 4487 3757 4558 λόγων

1768 4616 2004 4674 VARUS
2043 4615 2337 4673 LECTlON
2349 4617 2444 4671 ES.

497 4755 518 4784 ι’
547 4742 609 4799 C.
643 4743 719 4798 M.
753 4742 1132 4818 εὐλογουμένον.
1168 4753 1191 4784 ³
1217 4744 1278 4800 C.
1310 4744 1375 4800 M.
1411 4740 1759 4817 ίπιθεωρήση.

1988 4852 2029 4904 Ν
2038 4849 2210 4906 OT/E.

496 4966 606 5041 (22)
667 4969 758 5024 Sic
797 4969 990 5025 scribo
1032 4986 1139 5041 pro
1205 4969 1600 5041 ἀναίραστος,θῐ
1659 4983 1800 5023 mox
1857 4965 2065 5019 ἐπαίνου

424 5055 532 5113 pro
559 5039 812 5113 ἐπαίνους.
847 5044 948 5097 Res
979 5039 1078 5113 per
1107 5059 1168 5096 se
1195 5039 1368 5112 patet.

495 5111 722 5187 (23).Ita_
761 5110 990 5183 scripsi‘
1010 5130 1114 5184 pro
1152 5110 1322 5187 τρίτος
1363 5115 1496 5187 οὔτε,
1520 5115 1780 5184 τέταρτος.
1806 5110 2070 5187 ΔΡῐξονιὶις-

422 5182 587 5238 bium
622 5184 677 5236 in
713 5180 962 5253 ignavos
989 5180 1037 5237 et
1071 5180 1437 5252 cou'temptos
1488 5180 1759 5238 homines
1786 5183 1901 5235 dici
1939 5180 2070 5235 soli-

425 5260 550 5327 tum
578 5256 898 5327 secundum
922 5256 1234 5311 oraculum
1265 5257 1429 5327 illud,
1454 5255 1620 5327 quod
1652 5262 1782 5327 post
1806 5253 1953 5309 alios
1986 5268 2068 5308 re-

426 5326 566 5384 citat
595 5324 1204 5397 StephanusByzant.
1242 5343 1299 5397 p.
1333 5326 1428 5381 36:

617 5394 788 5470 ’Υιὶεῖς
813 5394 865 5470 ῥ’
899 5394 1089 5470 Αἰγίέες
1114 5394 1440 5470 ςῧτίτρίτοι,
1475 5399 1591 5450 οὔτε
1621 5400 1875 5470 τέταρτοι.

500 5469 638 5525 Vide
669 5469 751 5524 ibi
777 5467 997 5540 Thom.
1019 5467 1091 5522 de
1123 5467 1361 5540 Pinedo,
1397 5485 1453 5540 p.
1492 5472 1576 5524 36.

493 5541 604 5612 (24)
668 5540 863 5597 Codex
910 5539 1084 5595 habet
1123 5538 1302 5612 φύλλον
1361 5536 1564 5612 quod,
1597 5536 1904 5610 quomodo
1954 5536 2072 5591 huc

429 5610 709 5686 quadret,
740 5627 860 5686 non
911 5612 1102 5686 vidc_o_.
1151 5611 1231 5665 Ex
1282 5610 1665 5686 sequentibus
1707 5611 1864 5686 enim
1894 5612 2068 5679 patet,

432 5681 532 5758 Egi
552 5684 650 5742 hic
671 5681 746 5744 de
772 5683 951 5741 rebus
972 5682 1048 5740 ad
1065 5683 1261 5740 forum
1281 5681 1735 5758 pertinentibus.
1755 5681 1955 5756 Itaque
1983 5686 2074 5756 φῦ-

2179 4965 2266 5018 λον
2299 4963 2530 5036 scripsi,
2570 4979 2639 5020 eo
2673 4979 2874 5029 sensu,
2911 4968 2979 5036 ut
3003 4961 3194 5018 tribus
3223 4961 3320 5018 vel
3367 4962 3515 5019 ordo
3559 4957 3752 5030 aliquis

2181 5046 2235 5092 et
2276 5034 2484 5091 classis
2516 5037 2828 5092 hominum
2863 5034 3172 5090 indicetur.

2253 5109 2362 5176 (ἓὲ)
2403 5108 2446 5160 εἰ
2478 5110 2687 5178 scripsi
2733 5123 2834 5175 pro
2875 5107 2927 5175 ἡ,
2964 5106 3111 5178 sicut
3145 5121 3280 5159 mox
3314 5108 3592 5178 sequitur,
3618 5105 3658 5153 εἰ
3678 5118 3750 5178 τι.

2250 5174 2360 5249 (26)
2401 5180 2570 5233 Coisl.
2601 5174 2926 5245 καθημένη,
2980 5177 3123 5230 alter
3153 5174 3441 5249 καθημένή.
3488 5175 3640 5231 male.
3676 5174 3752 5249 ln-

2179 5247 2410 5307 dicatur
2441 5267 2572 5306 mos
2602 5262 2888 5313 veterum,
2933 5265 2999 5304 ex
3028 5263 3146 5320 quo
3175 5247 3407 5319 judices
3434 5250 3673 5320 calculos
3696 5247 3752 5295 iu

2180 5321 2401 5378 cadum
2441 5320 2830 5377 demittebant
2862 5335 2962 5392 per
2993 5317 3194 5392 κῆμόν,
3207 5321 3336 5392 sive
3370 5317 3657 5392 vasculum
3686 5327 3750 5366 ex

2177 5394 2360 5463 junco
2374 5392 2466 5448 vel
2484 5392 2704 5448 vimine
2728 5389 2972 5455 textum,
2998 5389 3220 5463 specilli
3248 5390 3437 5463 instar
3456 5390 3512 5463 in
3534 5396 3751 5463 summo

2182 5459 2376 5528 latius,
2419 5463 2480 5519 in
2521 5464 2640 5520 imo
2680 5459 3194 5532 angustiustide
3241 5461 3526 5532 Ludolph.
3567 5459 3754 5532 [iuste-

2182 5553 2315 5592 rum
2369 5536 2447 5591 ad
2491 5527 2899 5606 Aristophanis
2944 5533 3198 5606 Equites,
3244 5547 3299 5588 v.
3342 5527 3496 5602 1147,
3535 5545 3588 5602 p.
3637 5527 3748 5581 115.

2182 5607 2348 5663 Adde
2380 5600 2907 5682 Harpocrationem
2935 5600 3309 5668 γίκαδίσκος.

3654 5692 3683 5723 3
