3906 6186
1448 63 1495 91 κε

1500 99 1525 118 \

1536 137 1746 181 χκνκᾼμ

149 291 248 346 697

150 414 290 473 ἄλλως
321 432 367 466 τε
388 413 620 484 χαιρέτω,
653 413 740 462 καὶ
769 409 866 462 ’ὅτι
905 407 1055 464 οὗδεν
1097 415 1226 487 πρὸς
1250 416 1407 486 ἡμᾶς,
1438 413 1569 472 πλὴν
1623 414 1704 464 ὃτι
1734 409 1779 462 Α

153 503 485 574 παραπλήσιόν
510 520 559 552 τι
587 509 684 552 τῶν
715 500 1016 572 εἰρημένων,
1050 506 1114 563 ὡς
1138 509 1228 556 xui
1254 504 1405 564 αὐτὸς
1431 503 1490 555 ἂν
1525 507 1700 576 φαίης,

155 594 214 653 εἰς
242 597 299 644 τὰ
337 600 417 643 νῦν
461 596 687 664 παρόντα
734 595 820 642 τόν
872 594 1118 664 ἡμέτερον
1177 592 1294 666 βίον
1342 596 1698 668 περιέστησεν.

147 683 252 754 ἐμὲ
294 684 394 753 μὲν,
467 681 546 732 ὅτε
614 683 671 730 τό
737 682 958 753 γράμμα
1024 683 1164 748 ἧκεν,
1240 687 1392 744 νόσος
1458 682 1704 743 ἕμάστιζε

149 770 348 842 χαλεπὴ,
377 777 558 841 μικροῦ
605 765 732 840 μηδ’
765 769 922 822 εἰπεῖν
953 790 1004 822 τι
1030 772 1143 843 ('27)
1188 776 1316 846 πρὸς
1364 777 1456 830 τὴν
1497 776 1703 830 αἴτησιν

149 867 246 920 ταῖς
278 858 601 926 ἐπικειμέναις
647 855 912 928 ἀλγηδόσι
955 864 1049 916 τὴν
1093 856 1274 912 ἄδειαν
1306 859 1698 933 ἐμπαρέχουσα.

147 948 260 999 Ἀλλ’
300 944 398 1012 οὖν,
439 950 506 1008 ὡς
556 945 603 997 ἐν
645 952 782 1018 νόσῳ
820 951 1142 1019 πιεζόμενος,
1203 947 1364 1019 ἐκεῖνο
1419 949 1479 1000 ἄν
1525 952 1700 1020 φαίην,

149 1037 297 1089 ὅτιτὸ
340 1037 468 1088 κατά
516 1040 609 1093 τὴν
663 1035 844 1087 ἑαυτοῦ
894 1037 1203 1106 ὑπερούσιόν
1253 1057 1304 1089 τε
1342 1043 1430 1089 καὶ
1474 1037 1702 1094 camaras

147 1127 300 1178 οὐσίαν
351 1125 438 1177 οὐκ
493 1125 816 1198 ἀνθρωπίνην
895 1131 1048 1197 μόνον
1117 1125 1236 1197 ὅφιν
1310 1132 1399 1178 xui
1469 1123 1703 1179 διάνοιαν

146 1214 362 1286 ἐκφεύγει,
415 1213 539 1265 ἀλλά
594 1219 682 1266 καὶ
735 1215 894 1274 αὐτὰς
958 1217 1052 1276 τὰς
1110 1214 1354 1268 ἀνωτάτω
1401 1221 1490 1267 xui
1577 1215 1703 1272 πλη-

148 1305 399 1366 σιαζούσας
472 1300 738 1375 δυνάμεις,
829 1306 885 1354 αῖ
949 1303 1120 1374 πολλῷ
1192 1312 1264 1374 τῷ
1323 1310 1491 1380 μέτρῳ
1549 1307 1706 1377 ὑπερ-

145 1399 422 1452 ανεστηκασι
473 1396 693 1465 φύσεωςυ
737 1393 795 1445 οὐ
827 1396 963 1446 κατά
1002 1398 1087 1446 τόν
1131 1400 1362 1467 παρόντα
1391 1400 1542 1467 μόνον
1586 1415 1706 1446 και-

141 1487 228 1556 ρὸν,
263 1485 368 1534 καθ’
417 1482 468 1534 ὃν
518 1503 590 1554 τῳ
639 1483 929 1535 πολυπαθεί
975 1487 1140 1553 τούτῷ
1183 1490 1383 1558 σαρκίῳ
1424 1481 1700 1556 δεὸέμεθα,

287 1577 368 1623 καὶ
415 1575 548 1622 κατά
593 1575 714 1633 τοὺς
760 1573 1030 1643 μέλλοντας
1076 1573 1281 1636 αἰῶνας,
1330 1573 1411 1625 ὅτε
1449 1576 1515 1624 τὰ
1543 1573 1704 1625 πολλὰ

142 1669 221 1712 τῶν
275 1661 583 1734 αἰνιγμάτων
651 1666 740 1714 καὶ
820 1661 1089 1734 ἐσόπτρων
1167 1662 1699 1732 ἀποσκευασαμένοις,

143 1753 304 1802 καὶτὸ
351 1752 610 1824 ἄφθαρτον
669 1750 782 1802 ἀντὶ
843 1759 933 1803 τοῦ
1003 1753 1233 1826 φθαρτοῦ
1288 1751 1701 1825 περιϐαλομένοις
1729 1773 1774 1829 Β

140 1841 452 1913 καθαρώτερόν
535 1859 594 1892 τε
678 1845 768 1892 καὶ
851 1840 1157 1915 τελειότερον
1237 1840 1576 1913 ἕναστράπτει
1666 1842 1695 1898 ἡ

142 1926 333 1987 ἀλήθεια.
383 1935 445 1982 Τί
489 1932 595 2004 γὰρ
651 1934 762 2003 χρή
803 1929 986 2001 λέγειν,
1025 1932 1095 1992 ὡς
1137 1933 1253 1982 οὔτε
1299 1937 1514 1995 Μωσῆς,
1570 1932 1595 1981 6
1631 1930 1699 1992 εἰς

137 2017 394 2074 τηλικοῦτον
445 2019 580 2090 ὓψος
626 2017 813 2094 ἀρετῆς
850 2015 1188 2094 ἀναδραμὼν,
1221 2019 1355 2072 ὥστε
1399 2022 1463 2071 τά
1491 2039 1544 2072 τε
1573 2019 1703 2070 ἄλλα

138 2115 215 2158 τῶν
255 2106 552 2182 παραδόξων
633 2111 794 2182 χάριν
843 2111 980 2180 ἔχων
1050 2106 1179 2161 εἶναι
1245 2109 1537 2182 αὐτουργὸς
1610 2115 1700 2160 xui

137 2194 300 2269 γλώττῃ
343 2206 586 2273 γεωργεῖν
653 2197 825 2271 ὥσπερ
893 2200 1120 2273 ἄρουραν
1171 2202 1257 2250 τὸν
1317 2199 1553 2271 οὐρανὸν,
1612 2203 1702 2250 καὶ

140 2291 316 2356 τροφήν,
356 2287 566 2339 αὐτόθεν
620 2284 973 2358 αὐτοσχέδιον
1022 2287 1230 2348 πολλαῖς
1280 2290 1505 2362 μυριάσι
1548 2285 1701 2360 ἐπαρ-

141 2381 240 2426 κεῖν.
290 2378 414 2426 Οὔτε
469 2376 651 2438 Ἠλίας
816 2384 908 2427 τοῦ
969 2381 1134 2449 πυρός
1186 2379 1213 2434 ἡ
1267 2380 1442 2449 φύσις,
1490 2377 1560 2436 εἰς
1616 2377 1701 2428 ἶπ-

141 2481 244 2524 πονς
289 2462 682 2537 ἑπιμερισθείσα
734 2470 823 2516 καὶ
865 2464 1093 2538 ἅρματα,
1150 2471 1242 2522 τὴν
1289 2469 1414 2540 πρὸς
1455 2466 1702 2539 οὐρανοὺς

144 2551 252 2622 αὐτῷ
291 2555 759 2626 καθυπηρετὴσατο
810 2551 1017 2608 ἆνοδον.
1070 2554 1204 2607 Οὓτε
1254 2564 1353 2606 τῶν
1413 2557 1558 2607 θείων
1614 2560 1703 2607 καὶ

143 2646 367 2713 μακαρίων
415 2651 696 2715 προφητῶν
745 2645 770 2694 6
817 2647 1002 2716 χορός,
1061 2644 1303 2716 οὐμενοῦν
1343 2641 1518 2706 οὐδεὶς
1547 2647 1702 2715 ἔσχεν

143 2729 197 2790 εἰς
241 2732 518 2803 κατάληψιν
571 2731 757 2798 ἐλθεῖν,
806 2740 887 2795 τίς
931 2738 983 2785 τέ
1040 2736 1179 2786 ἐστιν
1236 2739 1323 2785 καὶ
1372 2735 1503 2793 ὅπως
1561 2735 1702 2786 ἐστὶν

141 2819 162 2874 ἑ
208 2821 447 2894 ὑπερφυής
499 2841 556 2874 τε
608 2827 699 2874 xui
748 2821 1003 2896 ἀκήρατος
1043 2827 1196 2895 φύσις
1231 2829 1504 2884 Θεότητος.
1545 2823 1703 2876 Ἀλλά

138 2910 216 2976 γὰρ
258 2909 328 2961 ὃτι
373 2913 460 2982 μὲν
508 2913 631 2962 ἔστι
674 2915 762 2963 καὶ
792 2912 1090 2983 ὑφέστηκεν,
1127 2912 1195 2974 εἰς
1234 2913 1528 2982 κατάληψιν
1576 2914 1700 2985 ἡμῖν

139 2994 407 3070 ἐχαρίσατο,
464 3000 507 3051 εἰ
559 3005 657 3052 xui
712 3008 817 3061 τοῖς
882 3003 970 3072 μεν
1028 3001 1215 3074 μᾶλλον
1284 3000 1555 3074 ἐναυγάζει
1609 3006 1700 3060 τὴν

137 3088 283 3160 χάριν,
325 3096 430 3150 τοῖς
497 3085 558 3142 δὲ
632 3086 986 3164 ἕπιδεέστερον
1047 3093 1180 3143 κατά
1259 3096 1355 3150 τὴν
1423 3090 1699 3162 ἀναλογίαν
1739 3127 1779 3182 C

138 3172 300 3248 ἑκάστῳ
320 3186 408 3230 τοῦ
437 3179 873 3254 κατορθώματος.

188 3450 241 3498 Τί
272 3464 380 3502 ποτε
422 3445 482 3502 δέ
532 3449 701 3515 ἐστιν,
758 3451 787 3510 ἦ
835 3449 972 3514 ὅπως
1021 3454 1147 3503 ποτέ
1181 3449 1341 3515 ἐστιν,
1388 3447 1562 3503 οὐδενὶ
1598 3457 1698 3502 τῶν

138 3531 334 3587 ἁπάντων
387 3538 576 3598 ἑαυτὴν
630 3540 1017 3612 ἀπεγύμνωσεν,
1079 3539 1206 3592 ἀλλὰ
1255 3545 1344 3592 καὶ
1396 3547 1495 3592 τῶν
1558 3541 1700 3615 εἰρη-

138 3629 266 3692 μένων
333 3628 488 3698 ἁγίων
568 3629 861 3703 ἔμπροσθεν
937 3636 1100 3696 Μωσῇ
1179 3627 1559 3688 ἐπιποθήσαντι
1641 3633 1698 3682 τὸ

139 3709 315 3766 ἀθέατον
363 3717 420 3769 οὐ
474 3714 809 3790 δεδώρηται.
873 3720 1206 3792 Παραμύθιον
1256 3715 1315 3770 δὲ
1378 3721 1540 3771 πόθου
1608 3727 1698 3771 τοῦ

139 3797 459 3874 ἀτυχήσαντος
507 3816 606 3868 τῆς
661 3813 990 3881 σαρκώσεως,
1036 3814 1126 3859 καὶ
1163 3812 1276 3860 τότε
1305 3805 1398 3860 διὰ
1429 3807 1698 3881 συμϐόλων

137 3897 202 3940 καὶ
243 3897 400 3946 τύπων
462 3895 844 3948 ἐκκαλύπτεται
899 3901 957 3949 τὸ
1006 3903 1314 3969 μυστήριον.
1367 3904 1487 3958 Τοῖς
1541 3894 1598 3950 δὲ
1651 3896 1699 3949 ἐν

135 3980 285 4044 τύποις
331 4002 382 4037 τε
425 3991 517 4038 xui
569 3987 924 4058 ὁμοιώμασιν,
955 3985 1054 4038 ὃσα
1102 3989 1240 4039 ἔστιν
1275 3982 1405 4038 ἰδεῖν
1446 3988 1698 4058 ἀνθρώπῳ

136 4063 314 4138 δυνατὰ,
343 4077 434 4132 τὴν
465 4075 666 4127 οἰκείαν
699 4072 856 4137 δόξαν
887 4079 944 4127 τὸ
992 4084 1141 4129 Θείον
1192 4075 1532 4150 ἐνήστραψεν.
1580 4074 1700 4127 *Οτι

137 4151 180 4207 δε
226 4165 337 4212 Θεὸν
389 4161 677 4237 ἀνθρώπων
730 4160 904 4225 οὖδεὶς
961 4165 1202 4240 ἑώρακεν,
1258 4169 1374 4217 οὔτε
1413 4162 1700 4222 δυνήσεται

137 4241 254 4318 ἰδεῖν,
306 4257 445 4323 γέμει
499 4255 594 4324 μὲν
653 4260 747 4314 τῆς
801 4258 1091 4327 μαρτυρίας
1121 4256 1186 4306 τά
1225 4253 1424 4305 παλαιά
1464 4259 1554 4305 xui
1592 4256 1702 4328 ἱερά

134 4337 400 4409 Ἱράμματα,
428 4346 580 4414 γέμει
618 4338 676 4393 δε
717 4344 748 4398 ἠ
797 4344 974 4416 χάρις,
1023 4347 1122 4395 Καὶ
1169 4341 1351 4414 βίϐλος
1389 4342 1449 4393 ἂν
1485 4343 1700 4400 όλόκλη·

137 4441 205 4492 ρος
233 4432 298 4486 εἴη
348 4432 377 4488 ἠ
427 4440 530 4483 τῶν
568 4430 1054 4505 ἓπιμαρτυρόμένων
1101 4437 1306 4502 Λογίων
1363 4436 1451 4490 τὴν
1507 4441 1700 4503 γνῶσιν

138 4517 403 4584 παράθεσις.
457 4524 558 4572 Καὶ
607 4524 704 4590 μὴν
753 4525 838 4572 καὶ
888 4522 914 4571 6
963 4529 1060 4572 τῶν
1088 4525 1200 4591 ξτοῦ
1263 4523 1398 4573 θείου
1453 4522 1702 4595 ῥημάτων

141 4604 310 4658 Παύλου
355 4613 557 4680 μύστης
610 4614 698 4660 καὶ
741 4615 1003 4670 κατήκοος.
1050 4611 1075 4660 6
1117 4611 1290 4683 ῥήτωρ
1335 4614 1424 4682 μὲν
1458 4615 1574 4671 τοὺς
1611 4610 1703 4662 λό-

140 4709 257 4759 γους,
299 4697 573 4770 φιλόσοφος
616 4695 674 4750 δὲ
713 4701 780 4750 τά
820 4704 1074 4771 νοήματα,
1128 4699 1316 4771 μᾶλλον
1351 4697 1409 4752 δὲ
1438 4706 1527 4752 καὶ
1557 4703 1582 4753 6
1613 4709 1704 4753 τοῦ

139 4790 209 4832 νον
241 4791 322 4837 xui.
360 4796 448 4848 τῆς
494 4787 749 4859 γλώσσης
791 4793 885 4846 τὴν
935 4790 1122 4841 ἄνωθεν
1167 4788 1478 4850 ἀποστάζων
1517 4791 1700 4862 χάριν,

139 4876 320 4935 καὶτῆς
370 4878 504 4938 θείας
555 4878 682 4948 ἡμῖν
733 4881 912 4950 σοφίας
960 4876 1256 4938 ἀναϐλύξων
1305 4882 1398 4937 τὴν
1446 4877 1699 4945 ἄϐυσσον,

138 4957 260 5023 οὗτος
304 4964 386 5016 οὖν
438 4967 464 5016 ό
518 4969 683 5038 μέγας
736 4971 1000 5028 Διονύσιος
1050 4969 1164 5039 (28)
1211 4967 1462 5041 λαμπρῶς
1498 4987 1549 5021 τε
1613 4975 1702 5020 xui

138 5043 328 5122 δριμέως
377 5060 691 5129 μετέρχεται
733 5060 811 5122 τὸ,
866 5054 1088 5130 μηδαμῆ
1153 5060 1210 5109 τό
1261 5064 1430 5128 Θείον,
1483 5062 1535 5109 τί
1579 5063 1703 5111 ποτέ

135 5133 266 5208 ἐστιν,
318 5140 584 5216 μηδέποτε
638 5143 987 5220 ἀνθρωπίναις
1034 5145 1422 5200 ὑποϐάλλεσθαι
1474 5148 1701 5206 καταλή-

1103 287 1203 343 AD
1242 271 1794 344 AMPHILOCHIUM
1837 275 2166 352 QUAESTIO
2209 275 2399 346 Cxtx.

3365 297 3470 352 698

1813 427 1934 467 non
1967 415 2130 480 novi,
2172 431 2319 470 num
2359 415 2512 470 cado
2555 429 2661 485 per
2699 414 3008 485 specillum
3051 415 3327 474 immissa
3357 422 3475 477 sint

1815 502 2092 573 suffragia
2147 521 2161 569 ;
2219 520 2339 559 non
2372 504 2532 570 novi,
2581 503 2853 574 nunquid
2902 504 3064 559 aliud
3114 507 3334 562 factum
3379 510 3473 564 sit.

1815 593 2135 650 Oraculum
2170 596 2330 650 enim
2383 593 2529 648 illud
2585 593 2932 665 Delphicum
2969 601 3030 650 ut
3080 596 3229 651 alias
3283 598 3475 655 valere

1805 679 2014 750 jubeo,
2047 683 2127 738 ita
2170 685 2245 738 ad
2291 699 2386 738 me
2425 683 2568 738 nihil
2617 683 2841 745 attinet,
2893 684 3000 738 nisi
3048 686 3212 756 quod
3244 687 3472 758 aliquid

1812 769 1981 825 dictis
2009 772 2418 844 simile,quod,
2451 779 2503 826 et
2529 772 2655 843 ipse
2680 773 2848 827 facile
2890 773 3150 840 fatearis,
3196 777 3475 846 praesenti

1813 858 1945 914 vitae
1979 875 2124 914 mea:
2151 860 2473 916 conditioni
2496 861 2786 917 acciderit.
2825 867 2969 917 Cum
3001 861 3201 918 litterae
3245 870 3357 920 tute
3398 865 3474 920 ad

1814 963 1908 1002 me
1931 948 2348 1019 perferrentur,
2369 949 2522 1005 adeo
2554 951 2752 1019 gravis
2793 966 2887 1004 me
2921 952 3170 1007 vexabat
3203 953 3472 1020 morbus,

1815 1043 1875 1092 ut
1904 1053 2010 1108 per
2039 1037 2276 1094 dolores
2330 1040 2643 1095 continuos
2694 1054 2816 1095 non
2869 1041 3250 1110 permitteret,
3305 1048 3367 1098 ut
3397 1043 3475 1098 ad

1812 1127 2158 1197 petitionem
2204 1133 2356 1184 tuam
2406 1129 2495 1184 vel
2533 1129 2843 1184 verbulum
2897 1130 3158 1202 proferre
3212 1148 3470 1203 possem.

1813 1215 1958 1271 Cum
1989 1217 2201 1273 eodem
2244 1218 2419 1286 igitur
2449 1218 2648 1273 adhuc
2705 1220 3064 1274 contlictanti
3119 1221 3234 1275 hoc
3290 1238 3473 1277 unum

1813 1305 2005 1361 dicere
2033 1305 2185 1370 licet,
2215 1308 2379 1378 quod
2436 1307 2690 1377 Numen,
2740 1324 2949 1362 omnes
2980 1309 3272 1364 essentias
3303 1327 3474 1382 supe-

1812 1409 1953 1450 rans
1979 1401 2035 1450 et
2082 1395 2712 1466 incomprehensibile,
2767 1413 2886 1452 non
2933 1397 3238 1452 hominum
3275 1399 3470 1455 solum

1818 1489 2077 1539 mentem
2137 1490 2193 1540 et
2221 1485 2444 1552 oculos,
2493 1484 2596 1539 sed
2629 1492 2680 1540 et
2733 1501 3022 1556 supernas
3075 1487 3202 1542 illas
3233 1488 3471 1560 Deoque

1813 1574 2110 1643 proximas
2144 1580 2487 1644 potestates,
2519 1590 2647 1645 quae
2679 1589 2773 1628 res
2805 1575 3107 1631 naturales
3136 1575 3314 1647 longo
3345 1583 3474 1648 post

1811 1678 1875 1716 se
1908 1662 2218 1718 intervallo
2245 1663 2606 1733 relinquunt,
2644 1661 2831 1731 fugiat
2860 1679 2872 1717 :
2906 1663 3080 1734 idque
3115 1681 3235 1720 non
3268 1667 3326 1720 in
3358 1666 3472 1722 hoc

1806 1754 2037 1805 tantum
2061 1751 2302 1815 saeculo,
2327 1767 2448 1822 quo
2475 1751 2850 1822 corpusculo,
2902 1753 3078 1807 variis
3104 1754 3474 1811 imbecillita-

1809 1839 1964 1893 tibus
1991 1840 2275 1903 obnoxio,
2301 1840 2488 1909 juncti
2507 1856 2736 1904 sumus,
2767 1840 2871 1895 sed
2897 1847 2954 1896 et
2980 1843 3212 1896 saeculis
3237 1843 3472 1911 futuris,

1805 1928 2055 2000 quando
2083 1944 2214 1992 nos,
2249 1929 2537 1999 depositis
2559 1929 2974 1997 aanigmatibus
3011 1937 3067 1984 et
3093 1931 3468 2003 perspicillis,

1810 2017 2211 2088 ncoruptibile
2289 2033 2398 2088 pro
2465 2017 2826 2087 corruptibili
2898 2018 3097 2083 induti,
3164 2021 3472 2076 veritatem

1818 2106 2031 2176 purius
2061 2111 2118 2160 et
2143 2105 2458 2176 perfectius
2507 2106 2951 2177 perspiciemus.
2995 2108 3147 2173 Quid
3197 2109 3356 2163 enim
3387 2111 3472 2163 dio

1806 2209 1936 2249 cere
1987 2196 2210 2259 attinet,
2264 2195 2428 2266 quod
2479 2211 2666 2266 neque
2705 2197 2912 2260 Moses,
2957 2197 3092 2268 quis
3139 2196 3200 2251 in
3233 2203 3464 2254 tantum

1813 2284 2121 2355 potestatis
2173 2283 2525 2356 virtutisque
2551 2285 2795 2353 gradum
2841 2291 3076 2340 evectus
3114 2292 3220 2351 est,
3258 2291 3338 2352 ut,
3368 2287 3470 2358 qui

1811 2371 1955 2428 alias
2007 2388 2250 2443 quoque
2301 2373 2586 2429 miracula
2639 2373 2852 2429 edendi
2908 2373 3182 2430 facultate
3229 2375 3467 2440 valeret,

1810 2461 2014 2531 lingua
2044 2478 2153 2516 sua
2178 2462 2417 2530 cmlum,
2450 2463 2634 2518 instar
2664 2467 2852 2529 terrae,
2901 2463 3094 2519 colere
3125 2470 3302 2536 atque
3333 2465 3471 2520 inde

1813 2553 2012 2606 multis
2041 2552 2352 2607 hominum
2392 2552 2654 2607 millibus
2698 2553 2900 2608 cibum
2952 2559 3168 2624 sponte
3199 2560 3255 2610 et
3280 2555 3472 2610 subito

1812 2647 2019 2696 natum
2051 2640 2508 2696 subministrare
2537 2648 2771 2714 posset;
2795 2659 2983 2714 neque
3006 2641 3176 2707 Elius,
3203 2644 3296 2698 cui
3318 2643 3472 2716 ignis

1811 2735 2044 2798 natura,
2073 2747 2358 2802 equorum
2387 2735 2444 2786 et
2473 2748 2681 2786 currus
2724 2733 2878 2786 vices
2909 2739 3212 2803 praestans,
3242 2734 3472 2789 aditum

1813 2819 1870 2874 in
1901 2820 2114 2875 coelum
2151 2821 2388 2891 paravit
2419 2836 2433 2886 ;
2466 2836 2658 2892 neque
2689 2820 3028 2876 divinorum
3085 2822 3472 2878 etbeatorum

1814 2909 2240 2979 prophetarum
2257 2909 2474 2963 chorus
2497 2909 2881 2978 intelligendo
2927 2910 3168 2982 assequi
3195 2911 3468 2980 potuerit,

1811 2996 2222 3069 quaaetqualis
2238 2998 2310 3051 sit
2332 2997 2794 3068 supernaluralis
2827 2998 2929 3054 illa
2968 3002 3027 3054 et
3058 2998 3472 3068 perfectissima

1811 3086 2033 3140 summi
2058 3085 2324 3141 Numinis
2355 3092 2591 3143 natura.
2621 3081 2790 3151 Quod
2821 3093 3019 3142 tamen
3052 3092 3107 3142 et
3129 3087 3221 3150 sit,
3255 3092 3312 3142 et
3342 3103 3470 3158 per-

1811 3175 1997 3240 sistat,
2032 3175 2095 3230 id
2127 3176 2370 3247 quidem
2395 3191 2576 3230 nosse
2600 3174 2778 3230 nobis
2808 3175 2971 3230 dedit
2995 3191 3008 3242 ;
3033 3177 3302 3248 quamvis
3320 3176 3468 3232 alios

1809 3263 2051 3334 largius,
2084 3264 2232 3320 alios
2266 3263 2506 3336 parcius
2539 3279 2646 3336 pro
2676 3264 2943 3331 modulo,
2977 3265 3191 3336 cuique
3235 3281 3466 3322 accomc

1811 3352 2075 3417 modato,
2106 3351 2301 3423 gratia
2324 3369 2433 3408 sua
2469 3352 2792 3408 collustret.

1883 3444 2022 3508 Quaa
2093 3457 2232 3497 vero
2301 3441 2398 3498 illa
2447 3442 2713 3498 Numinis
2770 3448 2983 3499 natura
3023 3443 3112 3508 sit,
3146 3448 3244 3498 aut
3275 3442 3468 3517 qualis

1811 3533 2051 3589 tandem
2084 3531 2175 3596 sit,
2205 3531 2429 3586 nemini
2461 3532 2731 3587 omnium
2765 3538 2966 3604 patere
3017 3533 3203 3588 voluit
3252 3549 3264 3600 ;
3303 3533 3467 3606 quod

1809 3637 1919 3678 nec
1947 3621 2082 3677 Mosi
2112 3621 2244 3692 ipsi,
2287 3621 2389 3693 qui
2444 3627 2580 3677 ante
2634 3629 2874 3678 sanctos
2915 3622 3067 3689 illos,
3113 3639 3272 3695 quos
3321 3622 3470 3677 dixi-

1811 3728 1956 3777 mus,
2007 3710 2167 3765 viros
2214 3709 2572 3766 invisibilem
2644 3711 2846 3767 videre
2891 3711 3179 3783 cupiebat,
3234 3727 3469 3768 conces-

1811 3817 1942 3855 sum
2000 3804 2104 3855 est.
2165 3801 2226 3854 In
2285 3799 2563 3856 solatium
2642 3806 2840 3856 tamen
2917 3800 3216 3869 desiderii,
3300 3800 3467 3874 quod

1810 3890 1869 3944 in
1935 3895 2322 3961 conspectum
2374 3890 2796 3946 incarnationis
2868 3889 3086 3947 frustra
3149 3891 3466 3960 ferebatur,

1811 3978 1989 4034 etiam
2021 3983 2162 4033 tunc
2190 3979 2532 4050 mysterium
2573 3979 2716 4034 illud
2758 3995 2863 4049 per
2895 3977 3168 4050 symbola
3199 3985 3255 4034 et
3284 3985 3464 4050 typos

1810 4076 2206 4133 revelabatur.
2257 4079 2315 4130 In
2361 4077 2452 4131 his
2529 4092 2664 4131 vero
2728 4076 2883 4147 typis
2966 4080 3022 4131 et
3062 4075 3466 4130 adumbratim

1811 4166 1985 4222 nibus
2045 4168 2357 4222 Summum
2424 4168 2653 4220 Numen
2711 4165 2962 4236 gloriam
3011 4181 3206 4227 suam,
3263 4164 3468 4235 quoad

1810 4256 2044 4328 quidem
2070 4253 2414 4309 hominibus
2435 4254 2764 4324 perspicere
2784 4269 2915 4308 eam
2942 4252 3094 4320 licet,
3127 4253 3469 4308 illucescere

1810 4344 2014 4400 voluit.
2053 4343 2222 4408 Quod
2257 4358 2395 4398 vero
2422 4343 2605 4398 Deum
2639 4358 2813 4397 nemo
2866 4342 3178 4396 hominum
3237 4341 3464 4411 viderit,

1812 4449 1921 4488 nec
1950 4432 2146 4488 videre
2163 4447 2430 4504 unquam
2466 4431 2670 4503 possit,
2687 4430 2745 4485 id
2787 4431 3023 4502 quidem
3061 4429 3467 4501 frequentibus

1815 4523 2126 4593 Scripturae
2174 4536 2376 4584 sacrae,
2438 4526 2562 4575 tum
2623 4518 2850 4574 Veteris
2891 4523 3014 4574 tum
3057 4518 3197 4574 Novi
3253 4519 3471 4575 Instru-

1814 4613 2020 4680 menti,
2051 4608 2402 4665 testimoniis
2429 4608 2665 4664 abunde
2706 4612 2959 4664 constat.
2995 4611 3212 4664 Horum
3262 4623 3468 4664 oracu-

1813 4701 2030 4763 lorum,
2082 4698 2140 4753 id
2199 4697 2447 4771 quidem
2501 4698 2863 4764 testautium,
2925 4696 3192 4752 collectio
3232 4697 3469 4768 justum

1813 4789 2033 4845 librum
2062 4787 2345 4844 efficeret.
2375 4787 2473 4842 Ille
2503 4803 2766 4860 quoque,
2800 4787 2902 4858 qui
2956 4787 3134 4852 divini
3173 4786 3329 4843 Pauli
3354 4787 3472 4844 elo-

1812 4880 1949 4951 quia
1976 4878 2158 4935 audiit
2187 4881 2243 4932 et
2264 4877 2509 4932 edoctus
2540 4882 2648 4942 est,
2699 4876 2898 4931 verbis
2948 4876 3193 4948 quidem
3248 4877 3466 4944 rhetor,

1813 4970 2114 5024 sententiis
2155 4983 2293 5022 vero
2346 4965 2758 5038 philosophus,
2812 4964 2898 5020 vel
2943 4965 3071 5021 talis
3118 4967 3335 5039 potius,
3367 4968 3470 5039 qui

1812 5065 1866 5115 et
1927 5056 2312 5126 intelligentia
2353 5062 2406 5110 et
2435 5054 2644 5123 lingua
2674 5053 3084 5128 sublimiorem
3131 5055 3309 5112 stillat
3335 5071 3468 5126 gra-

1813 5149 1976 5212 tiam,
1996 5147 2286 5218 nobisque
2305 5143 2611 5200 divinioris
2633 5143 2926 5216 sapientiae
2943 5145 3245 5218 profunda
3260 5146 3471 5219 aperit,

1667 5335 1895 5395 NOT/E.

189 5506 288 5653 $27;
320 5514 482 5599 Colb.
507 5529 618 5642 ἓξο
641 5516 714 5582 μὴ
749 5511 972 5599 dumdu
999 5534 1070 5571 τι.

207 5585 266 5638 28
303 5587 501 5644 Estille
574 5594 1070 5653 tonysiusAreopa

209 5513 264 5565 27
320 5514 482 5571 Colb.
507 5529 618 5642 Ἧο
641 5516 714 5582 μὴ
749 5512 972 5570 δειπνεῖν
999 5534 1070 5571 τι.

207 5512 501 5711 ἏέΕεείιιθ
574 5589 843 5671 ionysius
855 5588 1231 5671 Areopagita,
1255 5583 1426 5661 cujus
1443 5589 1684 5663 scripta,

207 5669 251 5710 ω
309 5658 438 5711 odie
461 5659 608 5711 falso
628 5660 735 5711 sub
760 5675 888 5711 eius
914 5676 1158 5711 nomine
1170 5661 1684 5711 circumferuntur.

137 5664 251 5723 quis
273 5658 438 5715 hodie
461 5659 608 5715 falso
628 5658 735 5716 sub
760 5661 888 5733 ejus
914 5658 1158 5718 nomine
1170 5658 1688 5730 circumferuntur,

1806 5530 1916 5590 pro
1936 5514 2241 5590 germanis
2269 5513 2482 5590 habuit
2506 5509 2747 5590 P_hotius
2777 5515 3136 5590 noster,_qui
3169 5519 3225 5590 et
3247 5513 3320 5590 in
3353 5509 3470 5586 My-

1795 5585 2054 5645 fiobiblo
2077 5602 2190 5644 suo
2221 5586 2425 5644 codice
2460 5591 2501 5658 t
2532 5586 2826 5644 Theodori
2865 5585 3194 5658 Presbyteri
3246 5585 3469 5642 librum

1799 5659 2165 5730 singularem
2191 5674 2300 5732 pro
2320 5655 2631 5732 γνησιὼ-ητι
2666 5674 2878 5716 eorum
2921 5655 3183 5714 enarrat.
