4136 6198
2449 70 2493 95 ἐν

446 264 550 325 699

1703 256 1941 321 ΡΗΟΊἼΙ
1982 262 2464 323 ΡΑΤΒΙΑΒΟΗᾸΕ
2503 258 2611 323 ΟΡ.
2814 292 2825 319 ς

3710 258 3806 322 700

446 433 727 488 magnus,
760 418 1030 488 inquam,
1075 413 1384 487 Dionysius
1431 417 1715 489 prteclare
1762 422 1820 473 et
1846 416 2101 489 graviter

2220 416 2363 487 ψεσιν
2414 420 2547 489 (’29).
2597 421 2696 474 Καὶ
2740 413 2809 477 δὴ
2849 414 2959 487 (30)
3001 418 3089 467 καὶ
3128 421 3219 467 τοῦ
3257 414 3485 486 μεγάλου
3516 423 3615 478 τῆς
3663 418 3812 470 εὗσε-

444 508 637 569 docet,
679 506 868 560 Divini
920 504 1181 559 Numinis
1221 506 1541 562 essentiam
1582 508 1880 563 mentibus
1912 506 2100 561 homi-

446 613 588 651 num
620 610 933 666 nunquam
969 594 1201 664 subjici.
1228 597 1405 650 Porro
1428 613 1498 650 ex
1548 612 1771 666 magno
1801 594 2101 665 religionis

444 686 683 748 athleta,
717 685 816 755 qui
834 700 1191 753 peromnem
1208 685 1384 739 vitam
1403 685 1583 740 multa
1603 686 1858 757 pertulit,
1874 686 2098 751 divino,

444 777 611 845 puta,
641 772 963 826 Athanasio
995 772 1106 841 (31)
1150 772 1337 827 multa
1378 774 1671 843 ejusmodi
1702 773 1879 829 effata
1937 772 2099 827 colli-

446 877 578 930 gere
610 861 759 925 licet,
793 876 927 931 quae
957 863 1187 915 Numen
1215 878 1521 916 summum
1580 864 1707 917 sine
1766 864 2102 917 velamento

447 951 667 1021 aliquo,
732 955 1092 1019 tegumento,
1142 955 1245 1004 aut
1293 951 1681 1007 similitudine
1713 954 1789 1006 ab
1835 952 2103 1005 humano

448 1054 684 1109 genere,
725 1039 890 1110 quod
918 1039 995 1092 ad
1036 1038 1354 1093 essentiam
1395 1044 1453 1093 et
1483 1045 1757 1095 naturam
1793 1056 2104 1111 nunquam

446 1128 689 1196 intelligi
714 1144 886 1199 posse
919 1128 1323 1198 pronuntiant.
1358 1128 1499 1192 Quis
1529 1131 1940 1198 veroignorat,
1977 1144 2102 1182 ma-

449 1232 635 1287 gnum
668 1216 1159 1271 etadmirabilem
1196 1217 1496 1281 Basilium,
1540 1219 1766 1285 regiam
1815 1218 1977 1273 illam
2012 1220 2109 1271 Εο-

447 1306 635 1361 οιθείω
667 1305 905 1373 stolam,
940 1306 1357 1377 Optimumque
1388 1313 1442 1361 et
1464 1306 1947 1361 amantissimum
1986 1307 2109 1360 ani-

449 1412 686 1451 marum
716 1395 1035 1457 medicum,
1066 1402 1273 1450 contra
1306 1396 1845 1451 Eunomiihreresin
1873 1396 2110 1449 medici—

450 1502 581 1541 nam
613 1490 940 1557 parantem,
972 1485 1120 1539 inter
1145 1490 1357 1539 caetera
1391 1485 1623 1540 Paeonia
1662 1485 1928 1539 remedia
1960 1485 2018 1538 id
2050 1486 2111 1538 in

449 1575 656 1646 primis
683 1574 1119 1644 suppeditasse,
1153 1574 1314 1643 quod
1344 1573 1551 1627 divina
1578 1573 1685 1629 illa
1708 1578 1766 1627 et
1797 1572 2110 1627 inelTabilis

449 1669 659 1719 natura
692 1678 800 1716 nec
833 1661 1078 1729 intelligi
1111 1676 1219 1716 nec
1247 1662 1671 1733 comprehendi
1699 1661 1941 1733 possit?

524 1754 810 1806 Praeterea
840 1750 917 1805 ab
954 1750 1051 1803 illo
1083 1766 1348 1821 quoque,
1371 1751 1464 1804 cui
1500 1750 1753 1821 theologi
1771 1751 2012 1806 nomine
2039 1767 2110 1805 ex

452 1840 673 1896 divinis
705 1840 897 1907 magis
924 1840 1321 1903 sermonibus,
1357 1856 1537 1909 quam
1571 1856 1637 1893 ex
1666 1840 2110 1911 nudaappella-

452 1932 609 1985 tione
655 1928 955 1996 desxgnari
988 1930 1230 1997 contigit
1270 1929 1432 1997 (novi
1489 1934 1541 1983 te
1581 1930 1923 1998 Gregorium
1956 1928 2113 1997 cogi-

455 2024 620 2084 tare),
652 2018 876 2089 quique
908 2016 1168 2087 copiosis
1192 2024 1248 2071 et
1276 2018 1467 2072 acutis
1511 2020 1871 2087 argumentis
1905 2018 2115 2072 verita-

455 2113 573 2163 tem
628 2107 785 2161 hanc
839 2122 1099 2160 asserere
1153 2106 1428 2170 instituit,
1500 2107 1572 2162 de
1642 2107 1856 2161 eodem
1922 2107 2114 2178 capite

456 2198 877 2254 commentatio
908 2196 1237 2267 perscripta
1267 2202 1374 2250 est.
1404 2196 1665 2268 Denique
1697 2204 1756 2251 et
1782 2197 1880 2251 ille
1916 2196 2113 2250 Eccle-

454 2286 555 2341 siae
578 2290 796 2347 orator,
821 2285 915 2338 vel
944 2284 1039 2338 ille
1063 2286 1277 2355 potius,
1312 2286 1412 2356 qui
1443 2292 1628 2340 totum
1657 2287 1865 2341 orbem
1893 2302 2115 2340 sermo-

451 2376 649 2439 nibus,
686 2375 978 2444 prreconio
1008 2374 1307 2442 Evangelii
1329 2375 1578 2445 aliisque
1596 2375 1878 2430 doctrinis
1904 2375 2113 2447 plenis,

452 2465 747 2526 instruxit,
778 2464 891 2525 ille,
922 2464 1189 2533 inquam,
1240 2480 1409 2534 quem
1458 2480 1763 2519 sermones
1813 2466 1903 2519 sui
1951 2465 2113 2518 aurei

452 2552 571 2608 oris
597 2551 837 2605 nomine
864 2552 1258 2605 communiter
1280 2553 1567 2623 appellari
1608 2553 1890 2617 fecerunt,
1926 2556 2118 2622 singu-

457 2640 561 2696 lari
587 2641 879 2703 oratione,
909 2640 982 2692 ad
1008 2639 1310 2694 veritatem
1339 2658 1453 2695 non
1480 2643 1698 2706 minus,
1727 2659 1913 2713 quam
1945 2644 2116 2697 obse-

455 2731 663 2801 quium
682 2729 968 2792 ﬂectente,
991 2745 1126 2798 quae
1154 2730 1233 2785 De
1256 2730 2116 2798 incomprehensibiliinscribi-

457 2822 571 2881 tur,
604 2817 747 2872 nihil
769 2818 1130 2886 diligeutins,
1152 2835 1334 2889 quam
1364 2819 1523 2874 idem
1547 2820 1659 2875 hoc
1690 2828 2113 2891 argumentum

458 2912 645 2975 urget,
672 2914 727 2961 et
775 2907 1159 2963 demonstrat.
1216 2909 1428 2962 Praeter
1480 2908 1592 2963 hos
1643 2910 1989 2966 innumeros
2043 2928 2113 2967 ex

460 2995 806 3051 doctoribus
840 2995 1054 3050 nostris
1078 2996 1228 3050 alios
1257 3012 1356 3066 per
1386 2998 1569 3051 otium
1601 3000 1911 3069 inveneris,
1956 3016 2117 3055 eam-

460 3084 598 3139 dem
627 3084 983 3139 sententiam
1008 3085 1304 3154 snti'ragiis
1334 3086 1454 3139 suis
1485 3088 1911 3158 approbantes,
1964 3107 2116 3162 quos

464 3174 705 3229 totidem
730 3173 925 3228 verbis
948 3191 1079 3228 eam
1106 3174 1489 3245 proposuisse
1522 3178 1932 3233 demonstrare
1985 3195 2116 3251 pos-

465 3279 613 3329 sem,
642 3262 754 3316 nisi
788 3278 879 3315 me
912 3262 1064 3315 acris
1099 3264 1337 3316 morbus
1362 3263 1669 3319 doloribus
1696 3267 2116 3323 intensissimis

462 3356 723 3405 vexaret.
754 3349 988 3403 Interim
1027 3356 1081 3404 et
1111 3349 1212 3404 tibi
1244 3351 1373 3421 ipsi,
1407 3368 1494 3415 ea,
1524 3370 1659 3424 quae
1704 3355 1844 3424 dixi,
1879 3363 1933 3409 et
1980 3373 2114 3428 quae

466 3438 579 3493 alia
610 3445 768 3501 sunt,
798 3438 1085 3492 memoria
1106 3441 1406 3509 repetenti,
1440 3440 1610 3494 facile
1645 3444 1834 3505 fuerit,
1859 3445 2115 3499 testimo-

464 3528 563 3583 nia
585 3526 683 3581 illa
715 3526 1009 3594 colligere,
1040 3536 1092 3581 et
1126 3528 1337 3581 miram
1362 3532 1631 3583 omnium
1657 3534 2112 3588 consensionem

463 3614 816 3689 perspicere.
860 3615 991 3669 Mihi
1022 3616 1269 3686 quidem
1303 3632 1459 3671 nunc
1488 3618 1780 3674 suffecerit
1814 3636 2114 3692 apponere

464 3720 675 3761 vocem
706 3703 891 3767 illam,
917 3720 1100 3774 quam
1130 3704 1325 3773 angeli
1348 3706 1681 3776 incorporei
1720 3724 1791 3763 eo
1822 3714 2113 3782 tempore,

464 3810 580 3866 quo
607 3798 765 3848 totus
798 3792 1201 3863 apostolorum
1233 3794 1470 3857 chorus,
1506 3798 1821 3854 Dominum
1852 3805 1907 3854 et
1936 3804 2115 3856 Deum

468 3887 733 3939 nostrum
764 3898 881 3937 una
912 3898 1047 3936 cum
1078 3898 1166 3947 eo,
1189 3883 1353 3955 quod
1379 3900 1449 3939 ex
1481 3885 1645 3940 nobis
1682 3896 2113 3962 assumpserat,

463 3974 523 4029 in
555 3972 769 4027 caelum
800 3980 1099 4042 receptum
1128 3973 1339 4027 videns
1372 3975 1699 4031 mirabatur
1730 3985 1785 4033 et
1824 3982 2117 4051 stupebat,

464 4062 620 4117 clare
679 4061 1152 4132 promulgarunt,
1211 4063 1318 4117 illis
1367 4063 1631 4119 dicentes
1666 4082 1677 4120 :
1710 4088 1737 4119 «
1770 4068 1919 4134 Quid
1953 4072 2119 4126 statis

464 4151 680 4207 crelum
706 4150 998 4204 intuentes
1036 4150 1063 4205 ?
1103 4150 1197 4205 hic
1226 4152 1416 4217 Jesus,
1451 4170 1485 4208 a
1519 4155 1688 4210 vobis
1722 4159 2014 4224 sublatus,
2050 4176 2119 4215 eo

463 4240 641 4295 modo
658 4245 996 4301 revertetur,
1025 4254 1146 4310 quo
1178 4240 1343 4295 illum
1377 4242 1436 4296 in
1478 4243 1694 4299 cadum
1743 4247 2120 4317 proﬁciscen-

463 4336 578 4384 tem
609 4327 835 4382 vidistis
866 4329 935 4384 ⁸⁷.
968 4348 996 4378 ››
1024 4328 1239 4383 Abibat
1279 4330 1517 4397 scilicet,
1573 4339 1631 4387 ut
1678 4350 1799 4389 una
1854 4353 1989 4391 cum
2024 4354 2114 4402 eo,

2213 506 2351 569 ϐείας
2405 507 2716 578 ἀγωνιστου,
2762 507 2818 569 ὃς
2862 505 2977 579 βίον
3022 509 3138 565 τους
3168 504 3357 566 ἄθλους
3406 505 3681 576 ἠνέγκατο,
3733 511 3817 559 τόν

2214 596 2486 647 θεσπέσιόν
2519 617 2651 669 φημι
2677 596 2991 650 Ἀθανοξσιον
3014 596 3153 661 (31),
3181 593 3372 655 πολλὰς
3401 597 3510 646 ἔστι
3537 595 3710 648 λαϐεῖν
3731 601 3819 657 τὰς

2209 685 2410 757 ῥήσεις,
2460 687 2515 736 αῖ
2561 690 2618 737 τό
2651 694 2801 738 Θεῖον
2849 689 3016 758 χωρίς
3063 703 3194 744 τινος
3223 686 3701 756 παραπετάσματος
3731 692 3821 739 xui

2212 773 2573 844 προϐλήματος
2630 776 2659 832 ἡ
2713 776 3043 845 ὁμοιωματος
3099 771 3323 830 ἄληπτον
3376 772 3659 838 παντελῶς,
3723 776 3821 827 ὅσα

2210 881 2267 931 γε
2319 863 2389 923 εἰς
2428 864 2610 914 οὐσίαν
2665 868 2755 915 καὶ
2808 866 2983 934 φύσιν,
3044 870 3115 930 τῷ
3174 860 3475 933 ἀνθρωπίνῳ
3516 867 3650 933 γένει
3702 861 3819 913 ἀνα.

2212 954 2551 1023 κηρύττουσι.
2595 958 2699 1009 Τὴν
2731 949 2789 1003 δὲ
2833 960 2923 1011 τῆς
2958 950 3272 1012 Ἐκκλησίας
3304 949 3574 1023 βασίλειον
3611 951 3817 1012 στολήν,

2212 1044 2296 1091 τόν
2332 1044 2631 1113 θαυμαστόν
2674 1047 2763 1093 καὶ
2811 1045 2973 1112 μέγαν
3021 1039 3308 1104 Βασίλειον,
3358 1044 3446 1091 τόν
3499 1042 3720 1114 ἄριστόν
3769 1059 3824 1091 τε

2214 1128 2323 1201 ἃμα
2352 1138 2441 1181 και
2474 1126 2692 1187 ἣδιστον
2719 1138 2815 1181 τῶν
2845 1129 3036 1199 ψυχῶν
3071 1128 3263 1201 ἰατρόν,
3296 1133 3375 1189 τίς
3406 1129 3500 1180 οὐκ
3524 1126 3692 1194 οἶδεν,
3720 1132 3828 1181 ὅτι·

2216 1238 2307 1289 περ
2362 1222 2495 1270 κατὰ
2556 1229 2652 1281 τῆς
2706 1219 2956 1290 Ε’ὶνομίου
3016 1217 3219 1279 λύσσης
3269 1227 3456 1290 κιρνών
3500 1222 3555 1269 τό
3614 1220 3827 1291 φάρμα-

2218 1328 2325 1372 κον,
2374 1311 2441 1369 ὡς
2481 1307 2528 1359 ἓν
2577 1328 2625 1360 τι
2675 1317 2773 1359 τῶν
2820 1311 3081 1359 Παιωνίων
3126 1304 3478 1378 ἀλεξημοίτων,
3529 1312 3620 1358 καὶ
3676 1316 3829 1358 τοῦτο

2220 1394 2287 1455 δὴ
2322 1405 2470 1448 τοῦτο
2497 1402 2553 1449 τό
2587 1398 2699 1467 (32)
2732 1405 2822 1457 τῆς
2868 1398 3006 1457 θείας
3044 1400 3133 1447 καὶ
3164 1394 3391 1468 ἀρρήτου
3432 1400 3631 1467 φύσεως
3661 1395 3829 1453 ἆληπ-

2219 1492 2304 1538 τόν
2338 1506 2389 1538 τε
2418 1491 2507 1538 καὶ
2528 1484 2857 1543 ἀνεπινόητον
2887 1503 3254 1560 παρεστήσατο
3284 1504 3297 1555 ;

2152 1790 2192 1845 Β
2295 1758 2394 1806 Καὶ
2437 1758 2540 1825 μὴν
2591 1758 2679 1805 καὶ
2730 1762 2800 1823 τῷ
2852 1752 2964 1824 (33)
3021 1751 3121 1805 ἀπό
3167 1762 3263 1813 τῆς
3294 1754 3559 1813 θειότητος
3598 1760 3700 1804 τῶν
3738 1752 3835 1803 λό-

2221 1864 2324 1913 γων
2353 1842 2543 1914 μᾶλλον
2595 1844 2625 1901 ἦ
2680 1839 2773 1894 διὰ
2802 1851 2896 1901 τῆς
2934 1842 3162 1903 κλήσεως
3193 1841 3580 1913 κληρωσαμένῳ
3623 1846 3682 1893 τό
3718 1844 3835 1911 (34)

2221 1933 2713 2004 χαρακτηρίζεσθαι
2778 1935 2864 1982 τόν
2910 1931 3162 1999 Θεολόγον
3218 1927 3366 2001 (οἶδα
3421 1936 3711 2004 Γρηγόριον
3765 1934 3835 1991 ως

2222 2020 2452 2081 ἐνόησας)
2498 2022 2670 2091 λόγοις
2709 2023 2789 2073 ὅτι
2842 2020 3078 2091 μάλιστα
3133 2027 3342 2079 πυκνοῖς
3391 2039 3443 2071 τε
3487 2025 3578 2071 xui
3612 2016 3837 2091 ὃριμέσι

2222 2118 2326 2169 τοῖς
2405 2110 2738 2181 ἐνθυμήμασι
2810 2109 3174 2181 ἰχνηλατοῦντι
3243 2114 3336 2167 τὴν
3397 2108 3641 2166 ἀλήθειαν
3714 2115 3838 2180 περὶ

2223 2202 2414 2259 ταύτης
2468 2197 2856 2271 ἀναγέγραπται
2908 2207 3005 2260 τῆς
3048 2200 3340 2258 ὑποθέσεως
3395 2200 3527 2264 (35).
3579 2198 3735 2251 Ἀλλά
3775 2218 3836 2268 γε

2224 2285 2292 2346 δὴ
2348 2294 2436 2339 καὶ
2494 2298 2565 2357 τῷ
2626 2290 2811 2362 ῥήτορι
2868 2296 2961 2349 τῆς
3009 2288 3343 2353 Ἐκκλησίας,
3394 2286 3584 2357 μᾶλλον
3649 2284 3707 2338 δε
3760 2295 3836 2356 τῷ

2222 2380 2353 2449 μετὰ
2395 2377 2593 2429 Παῦλον
2642 2382 2732 2434 τὴν
2778 2382 3034 2449 περίγειον
3080 2383 3254 2429 πᾶσαν
3290 2383 3395 2437 τοῖς
3434 2384 3526 2426 τοὺ
3557 2378 3835 2449 κηρυγμα-

2223 2485 2309 2526 τος
2347 2466 2518 2537 λόγοις
2570 2471 2659 2517 καὶ
2690 2474 2781 2526 τῆς
2823 2465 2985 2527 ἄλλης
3024 2462 3385 2536 παιδαγωγίας
3415 2464 3708 2529 πολίσαντι,
3740 2468 3834 2515 xui

2223 2559 2388 2625 τούτῳ
2450 2552 2541 2620 δὴ,
2595 2559 2778 2625 τούτῳ,
2840 2552 2897 2607 οὗ
2957 2554 3016 2607 τό
3073 2559 3243 2626 στόμα
3286 2557 3337 2606 οἱ
3384 2552 3532 2623 λόγοι
3588 2561 3831 2625 χρυσοῦν

2222 2652 2293 2713 τῷ
2342 2649 2522 2715 κόσμῳ
2573 2648 2878 2714 ἐγνώρισαν,
2952 2643 3103 2714 λόγος
3175 2644 3301 2716 ῥεων
3362 2642 3493 2694 πολὺ
3545 2645 3677 2713 μετὰ
3737 2650 3831 2701 τῆς

2223 2732 2465 2794 ἀληθείας
2542 2737 2599 2784 τὸ
2675 2735 2955 2799 πειθήνιον,
3038 2735 3091 2794 ὅς
3171 2734 3196 2783 ό
3270 2736 3393 2802 Περὶ
3454 2730 3829 2788 ἀκαταλήπτου

2224 2821 2561 2894 ἐπιγράφεται
2630 2826 2759 2889 (36),
2812 2819 2961 2873 οὐδὲν
3018 2820 3181 2895 ἕτερον
3229 2821 3439 2892 μᾶλλον,
3497 2825 3526 2879 ἤ
3588 2825 3646 2872 τό
3705 2840 3831 2891 προ-

2222 2916 2449 2982 κείμενον
2510 2908 2820 2974 σπουδάζει,
2872 2916 2961 2961 καὶ
3008 2906 3398 2961 ἀποδείκνυσιν.
3455 2915 3555 2961 Καὶ
3609 2915 3832 2981 μυρίους

2224 3000 2407 3061 ἄλλους
2452 3008 2549 3050 τῶν
2596 3001 2741 3050 θείων
2790 3000 2934 3069 ἡμῶν
2987 3002 3226 3070 Πατέρων
3281 2998 3419 3071 εὖροι
3458 2999 3520 3049 ἄν
3565 3017 3646 3058 τις
3697 2999 3834 3048 κατὰ

2156 3123 2197 3179 C
2228 3090 2449 3159 σχολήν,
2507 3090 2840 3160 ὁμογνώμονα
2886 3096 2995 3148 τοῖς
3051 3088 3339 3162 εἰρημένοις
3388 3091 3481 3145 τήν
3530 3086 3705 3157 ψῆφον
3748 3086 3833 3147 ἐξ-

2225 3180 2466 3248 άγοντας,
2517 3177 2603 3238 οὓς
2636 3178 2774 3249 εἰμὴ
2808 3177 2915 3238 (37)
2947 3181 3005 3228 τό
3046 3180 3229 3250 πικρὸν
3269 3184 3359 3237 τῆς
3383 3182 3539 3228 νόσου
3580 3181 3675 3232 τήν
3706 3172 3832 3226 ἁδύ-

2224 3286 2313 3324 νην
2362 3266 2623 3331 ἐπέτεινεν,
2678 3268 2825 3337 τάχα
2871 3268 2931 3317 οἷν
2984 3272 3072 3317 καὶ
3121 3266 3297 3326 αὑταῖς
3353 3265 3521 3327 λέξεσι
3546 3269 3640 3322 τὴν
3695 3270 3826 3334 γνώο

2225 3376 2325 3428 μην
2365 3364 2617 3429 παρεῖχον
2672 3351 3019 3415 δεικνύοντας.
3064 3355 3201 3412 Πλὴν
3249 3354 3373 3406 ἀλλά
3422 3358 3503 3405 σοί
3545 3373 3602 3424 γε
3642 3349 3831 3426 ῥᾴδιον

2224 3447 2514 3517 ὑπόμνησιν
2562 3443 2769 3495 λαϐόντι
2815 3452 2913 3495 τῶν
2974 3463 3027 3496 τε
3096 3444 3397 3515 εἰρημένων,
3450 3447 3539 3493 καὶ
3596 3452 3695 3494 τῶν
3756 3445 3833 3493 ἔτι

2223 3536 2547 3606 λειπομένων,
2601 3536 2690 3593 τὰς
2746 3538 3037 3607 μαρτυρίας
3094 3532 3161 3593 εἰς
3224 3536 3272 3584 ἕν
3319 3532 3695 3605 ἀθροισάμενον
3736 3536 3830 3588 τήν

2226 3624 2280 3677 ἐκ
2329 3626 2529 3675 πάντων
2590 3627 2889 3695 συμφωνίαν
2972 3625 3268 3695 θαυμασίαν
3337 3622 3447 3673 οἱαν
3509 3622 3825 3673 θεάσασθαι.

2224 3715 2372 3785 Ἡμῖν
2427 3710 2478 3764 δ’
2522 3711 2667 3786 ἀρκεῖ
2718 3714 2783 3763 τὰ
2832 3720 2919 3762 νῦν
2968 3716 3058 3763 καὶ
3100 3720 3199 3762 τῶν
3252 3709 3541 3782 ἀσωμάτων
3596 3714 3749 3781 μόνον
3798 3711 3826 3765 ἡ

2228 3808 2361 3874 φωνή
2408 3804 2776 3875 παρατεθεῖσα,
2830 3801 2891 3859 ἣν
2944 3797 3124 3858 ἐπειδὴ
3158 3808 3258 3851 τῶν
3308 3799 3607 3851 ἀποστόλων
3658 3800 3684 3850 ό
3736 3817 3831 3869 χο-

2227 3896 2316 3965 ρὸς
2372 3895 2457 3943 τόν
2507 3894 2674 3942 κοινὸν
2725 3895 2987 3947 Δεσπότην
3036 3894 3125 3941 καὶ
3187 3892 3316 3942 Θεὸν
3356 3891 3499 3960 ἡμῶν
3555 3893 3691 3959 μετὰ
3741 3894 3833 3939 τοῦ

2234 3980 2659 4055 προσλήμματος,
2742 3978 3221 4051 ἀναλαμϐανόμενον
3320 3976 3615 4051 βλέποντες,
3704 3996 3831 4028 κατ-

2231 4071 2530 4127 επλήττοντο
2600 4074 2689 4121 xui
2757 4068 3089 4132 ἐτεθήπεσαν,
3163 4064 3456 4141 διαρρήδην
3516 4067 3832 4139 ἀπεφήναντο

2229 4165 2357 4233 πρός
2405 4159 2612 4220 αυτούς-
2672 4179 2699 4209 ((
2749 4163 2811 4209 Τί
2867 4158 3121 4216 ἑστήκατε
3198 4156 3531 4227 ἐμϐλέποντες
3605 4156 3673 4216 εἰς
3746 4159 3833 4206 τόν

2230 4250 2486 4323 οὐρανόν;
2532 4250 2681 4309 οὗτος
2745 4249 2769 4299 ό
2819 4248 3020 4307 Ἰησους
3082 4248 3107 4298 ό
3165 4245 3473 4317 ἀναληφθεὶς
3525 4244 3609 4317 ἀφ’
3670 4248 3834 4316 ὑμῶν,

2229 4339 2373 4398 οὗτος
2413 4337 2692 4402 ἐλεύσεται,
2747 4338 2798 4389 ὄν
2851 4341 3038 4411 τρόπον
3093 4335 3379 4388 ἐθεάσασθε
3429 4335 3584 4387 αὐτόν
3622 4338 3834 4406 πορευόο

462 4417 627 4489 quod
685 4424 1110 4487 assumpserat,
1156 4418 1215 4472 in
1258 4420 1460 4475 sinum
1512 4422 1696 4478 Patris
1735 4425 2112 4496 reciperetur,

2228 4447 2374 4500 μενον
2441 4428 2511 4488 εἰς
2564 4431 2649 4478 τὸν
2708 4426 2943 4500 οὐρανόν.
3010 4446 3036 4473 ››
3097 4424 3401 4496 Ἐπορεύετν
3453 4421 3527 4475 δὼ
3592 4420 3834 4480 δηλονότι

460 4505 972 4579 quemadmodum
1005 4512 1181 4561 antea
1208 4508 1266 4561 in
1300 4509 1389 4562 his
1418 4511 1582 4565 terris
1611 4514 1690 4567 ita
1716 4516 2119 4584 conspicieba-

462 4602 575 4661 tur,
602 4599 661 4649 nt
700 4609 877 4649 carne
907 4600 1109 4650 nostra
1138 4598 1411 4662 exterius,
1445 4600 1733 4666 munitus,
1767 4608 1823 4659 et
1845 4604 2115 4662 humana

460 4682 655 4739 forma
701 4683 944 4738 indutus
991 4692 1330 4756 appareret.
1386 4689 1661 4744 Divinum
1715 4692 1914 4763 itaque
1966 4694 2113 4751 illud

536 4801 581 4837 ετ
612 4803 740 4857 Act.
773 4815 810 4865 1,
840 4802 894 4855 2.

2230 4525 2338 4577 αοίς
2385 4524 2659 4590 πατρικοῖς
2713 4520 2801 4566 καὶ
2860 4516 2989 4585 μετὰ
3036 4522 3127 4565 τοῦ
3182 4512 3594 4587 προσλήμματος
3638 4508 3834 4585 ἐνιδρυσ

2234 4607 2486 4664 θήσεσθαι
2524 4604 2755 4671 κόλποις,
2791 4602 2964 4675 ὣσπερ
3012 4607 3101 4653 καὶ
3134 4608 3379 4676 πρότερον
3410 4600 3493 4653 ἐπὶ
3522 4608 3619 4671 γῆς
3667 4603 3835 4675 epam

2232 4695 2513 4769 πρόϐλημα
2561 4698 2723 4769 φέρων
2766 4697 2859 4750 τήν
2907 4693 3099 4764 σάρκα,
3144 4696 3231 4743 καὶ
3272 4696 3365 4749 τήν
3412 4690 3682 4765 ἀνθρώπου
3715 4708 3837 4764 μορ-

2044 4912 2267 4969 NOTAE.

537 5005 650 5089 (29)
680 5004 823 5089 Vide
851 5004 1222 5089 Dionysium,
1252 5013 1333 5089 De
1363 5013 1577 5089 divinis
1598 5017 1950 5082 nominibus,
1982 5035 2112 5089 cap.

463 5083 519 5204 ὲ,
545 5086 686 5203 taoluii.
733 5080 923 5147 lOpp.
956 5081 1085 5149 ejus
1118 5082 1255 5137 edit.
1291 5086 1664 5143 Corderianae
1698 5106 1758 5160 p.
1792 5092 1915 5154 437,
1938 5080 2113 5162 seqq.

655 5171 701 5217 δ’

535 5222 645 5362 (30)
676 5232 762 5279 καὶ
794 5224 885 5284 δὴ.
920 5225 1173 5283 Colbert.

557 5294 647 5362 31)
681 5300 803 5353 Vid.
839 5298 1167 5352 Athanasiu

557 5294 647 5369 31)
681 5300 803 5353 Vid.
839 5298 1251 5371 Athanasium.
1275 5304 1416 5353 tom.
1450 5300 1468 5351 Ι
1498 5301 1649 5371 Opp.
1681 5300 1774 5355 ed.
1812 5301 2115 5358 Montefal-

460 5379 683 5492 (23(7):.p.
738 5374 826 5435 9’2,
873 5370 994 5434 227,
1051 5376 1162 5423 etc.
1217 5376 1273 5425 et
1321 5376 1461 5424 tom.
1516 5370 1581 5437 Il,
1634 5387 1693 5443 p.
1744 5372 1867 5437 243,
1904 5378 2004 5429 268
2063 5379 2120 5429 et

542 5508 655 5585 (32)
684 5512 975 5569 Posterius
1004 5511 1119 5567 hoc
1144 5516 1201 5565 τό
1232 5517 1410 5585 estex
1443 5512 1603 5569 Colb.

531 5584 646 5659 (33)
673 5585 765 5641 Sic
791 5585 986 5659 scribo
1016 5601 1155 5641 cum
1180 5584 1395 5643 eodem
1438 5600 1549 5658 pro
1578 5588 1657 5653 τὸ,
1710 5586 1932 5659 pendet
1960 5587 2121 5644 enim

466 5656 755 5735 sequente
778 5656 1182 5735 κληρωσαμένῳ.

2298 5018 2407 5079 (34)
2441 5020 2496 5068 τὸ
2530 5015 2736 5087 scripsi
2773 5030 2881 5087 pro
2910 5023 3003 5085 τῷ.

2298 5090 2407 5150 (35)
2450 5081 2678 5143 Passim
2712 5081 2823 5141 hoc
2846 5081 2968 5155 agit.
3010 5084 3351 5153 Gregorius,
3385 5081 3442 5137 in
3477 5081 3678 5154 primis
3707 5095 3838 5155 vero

2227 5162 2286 5215 in
2314 5161 2486 5231 λόγοις
2515 5160 2827 5230 θεολογικοῐς
2858 5152 3145 5229 quinque,
3180 5156 3285 5228 qui
3317 5152 3601 5224 leguntur
3626 5152 3833 5209 tomol

2229 5235 2377 5304 Opp.
2417 5249 2473 5306 p.
2500 5234 2601 5306 319
2628 5246 2797 5301 seqq.
2961 5304 2966 5306 _
2997 5300 3030 5306 _
3094 5297 3140 5306 __
3351 5301 3361 5306 _
3481 5295 3491 5306 ,

2302 5295 2972 5373 (36)Ὀυὶι]ψιθ’ἑχεῑδῐιί
2996 5300 3057 5354 D.
3086 5295 3494 5373 Chrysostomi
3520 5295 3691 5365 λόγοις
3724 5300 3838 5369 περὶ

2230 5368 2839 5437 ἀκαταλήπτονξοοοιιιει
2860 5374 3180 5425 Αιιοωωοε
3204 5368 3370 5423 dicti.
3398 5368 3551 5437 Lege
3574 5383 3677 5423 eos
3692 5368 3835 5422 tom.

2241 5446 2309 5499 Vl
2341 5446 2477 5501 edit.
2513 5444 2845 5508 Savnlianae,
2880 5458 2933 5514 p.
2968 5443 3070 5514 389
3097 5456 3290 5513 seqq.,
3319 5440 3583 5494 Ducauaa
3614 5438 3837 5514 tom._I,

2232 5534 2286 5589 p.
2318 5521 2421 5572 292
2452 5532 2644 5589 seqq.,
2690 5520 2747 5571 et
2784 5508 3353 5571 Mohtefalconﬁanae
3387 5516 3536 5569 tom.
3571 5514 3614 5577 ι,
3641 5524 3704 5585 p.
3736 5508 3841 5564 444

2241 5603 2414 5661 seqq.

2306 5658 2412 5732 (37)
2444 5658 2607 5716 Colb.
2642 5673 2752 5732 pro
2790 5658 2839 5710 οἱ
2865 5660 2966 5732 μή.
