4136 6198
270 281 373 344 7M

1307 265 1402 335 Al)
1442 263 1986 336 AMPHILOCHIUM
2025 265 2360 344 QUIESTIO
2400 267 2566 336 CXX.

3530 277 3633 342 702

275 470 374 540 φήν
426 465 792 538 περικείμενος.
850 458 1050 512 Οὐκοῦν
1106 462 1193 510 καὶ
1262 458 1334 520 εἰς
1390 455 1542 521 αὖθις
1595 461 1730 511 κατὰ
1780 463 1908 516 τήν,

2017 457 2284 514 raculum
2299 457 2544 513 confirm
2554 461 2630 522 at,
2647 471 3027 512 communem
3043 457 3350 513 Dominum
3375 465 3640 516 nostrum

278 553 424 608 ἰδέαν
472 571 526 605 τε
571 555 658 603 καὶ
711 553 865 622 φύσιν
915 549 1417 621 ἐμφανισθήσεσθαι,
1466 549 1536 610 εἰς
1576 554 1770 620 γνῶσίν
1825 569 1878 601 τε

274 649 368 696 καὶ
415 639 709 711 κατάληψιν
760 639 1038 712 ἀφικέσθαι
1067 641 1152 690 τὸν
1195 641 1364 689 κοινὸν
1395 644 1657 696 Δεσπότην
1689 641 1713 690 ὁ
1747 641 1878 712 ἱερὸς

277 735 527 810 χρησμὸς
585 727 910 782 ἐϐεϐαίωσεν.
961 732 1062 780 Καὶ
1112 732 1224 779 τότε
1281 729 1374 800 ὅρα
1426 747 1536 799 μοι,
1590 732 1748 782 τίσιν.
1805 727 1879 778 Οὔ

277 825 383 898 γὰρ
433 828 538 880 τοῖς
581 825 858 890 τυχοῦσιν,
911 813 1028 868 οὐδ’
1075 817 1189 867 ὅσοι
1232 825 1402 888 μικρῷ
1450 825 1521 886 τῷ
1571 821 1742 891 μέτρῳ
1784 825 1882 868 τῶν

279 911 444 964 ἄλλων
492 909 771 981 ἀνθρώπων
817 905 887 966 εἰς
931 905 1196 957 ἐπίπνοιάν
1246 923 1300 956 τε
1351 905 1487 956 θείαν
1535 911 1624 957 καὶ
1670 908 1885 980 θεωρίας

278 1000 436 1072 ὕψος,
482 1001 571 1049 καὶ
625 1002 740 1057 ταῖς
793 993 970 1056 οἷλλαις
1028 992 1236 1069 ἀρεταῖς
1287 993 1718 1066 ύπερανέχουσιν,
1777 993 1882 1045 ἀλλ’

280 1089 454 1148 αὐτοῖς
501 1085 727 1150 ἐκείνοις,
763 1086 810 1135 οἱ
856 1082 944 1134 ἀπ’
994 1081 1172 1156 ἀρχῆς
1220 1082 1477 1134 αὐτόπται
1507 1089 1594 1134 καὶ
1633 1084 1884 1158 ὑπηρέται

279 1185 373 1230 τοῦ
434 1175 594 1246 λόγου
669 1173 982 1246 γεγενῆσθαι
1058 1173 1340 1243 συμπάσης
1391 1181 1482 1232 τῆς
1561 1171 1883 1246 ἀνθρωπίνης

280 1269 480 1339 φύσεως
529 1262 614 1316 ὑπ’
683 1263 842 1314 αὐτοῦ
910 1269 998 1313 τού
1053 1260 1294 1312 Πλάστου
1353 1263 1759 1336 προεκρίθησαν.
1820 1265 1885 1312 Σύ

283 1351 346 1408 δέ
375 1374 466 1428 μοι
495 1354 560 1405 τά
591 1372 644 1404 τε
687 1351 815 1404 ἄλλα
859 1350 1074 1426 ἤόῥωσο,
1104 1355 1192 1402 καὶ
1240 1349 1426 1421 ψυχήν
1457 1357 1545 1402 καὶ
1595 1361 1746 1424 σῶμα
1780 1357 1886 1424 Θεῷ

281 1447 515 1517 καθαρὸν
568 1449 835 1516 συντηρῶν
891 1444 994 1500 εἴης
1050 1447 1141 1492 τού
1191 1437 1313 1512 βίον
1357 1443 1424 1492 τὰ
1466 1443 1672 1513 κύματα
1716 1441 1887 1514 ἱλαρὸν

281 1535 567 1592 πνεούσαις
619 1532 802 1604 αὔραις
851 1525 1130 1604 διαπερῶν,
1201 1533 1289 1580 καὶ
1343 1536 1436 1588 τῆς
1486 1528 1671 1582 ἐκεῖθεν
1725 1529 1890 1604 οἷλμης

283 1624 478 1696 ύπερνη
485 1625 678 1694 χόμενο
687 1639 728 1682 ς.

851 1711 1162 1761 ΕΡΩΤΗΣΙΣ
1201 1705 1322 1762 ΡΚ’.

283 1805 350 1854 Τί
401 1797 556 1871 δηλοῖ
603 1802 661 1851 τὸ
719 1796 1062 1851 ἀποστολικόν
1107 1796 1287 1871 ῥητὸν,
1323 1799 1400 1861 τὸ,
1450 1819 1476 1846 ‹‹
1533 1799 1751 1850 Πάντοτε
1799 1803 1888 1852 καὶ

359 1880 448 1924 νῦν
503 1869 890 1934 δοξασθήσεται
945 1867 1174 1944 Χριστὸς
1227 1867 1275 1919 ἐν
1338 1877 1408 1939 τῷ
1460 1874 1662 1941 σώματί
1703 1890 1828 1942 μου,
1859 1892 1886 1924 ››

359 1964 412 1999 κ.
448 1944 486 1997 ἐ.
521 1944 657 2016 \38).

1987 547 2198 602 eadem
2230 548 2424 619 specie
2468 546 2776 619 formaque
2805 547 3018 602 iterum
3066 547 3186 602 fore
3218 550 3631 619 conspicuum,

1987 635 2296 708 oculisque
2329 637 2543 690 nostris
2573 642 2628 690 et
2656 636 2974 703 cognitioni
3007 637 3274 694 obvium.
3307 637 3446 694 Vide
3473 657 3634 710 vero,

1989 725 2210 798 quibus
2239 725 2384 780 illud
2411 727 2484 779 sit
2512 731 2883 780 eventurum.
2938 727 3064 780 Non
3093 742 3234 780 sane
3274 728 3638 800 quibusque.

1991 830 2182 886 neque
2211 814 2320 868 illis
2350 815 2526 870 etiam
2552 815 2654 886 qui
2697 816 2910 884 exigua
2960 831 3242 871 mensura
3274 815 3422 872 alios
3453 817 3645 874 homi-

1992 919 2120 970 nes,
2143 903 2311 976 qnod
2332 903 2408 958 ad
2425 901 2695 958 afﬂatum
2715 903 2979 958 divinum
2995 903 3473 978 cognitionisque
3493 924 3643 980 pree-

1993 994 2292 1064 stantiam,
2329 997 2391 1048 ut
2421 991 2494 1046 de
2524 993 2844 1048 virtutibus
2893 991 3023 1046 aliis
3053 1010 3171 1048 non
3225 994 3445 1060 dicam,
3474 1013 3645 1068 supe-

1995 1089 2126 1136 rant
2159 1099 2172 1148 ;
2209 1083 2312 1137 sed
2362 1083 2509 1154 ipsis
2541 1082 2672 1146 illis,
2707 1083 2808 1154 qui
2842 1083 2914 1136 ab
2947 1081 3072 1153 ipso
3123 1081 3442 1140 Conditore
3474 1085 3640 1156 digni

1996 1187 2116 1242 prae
2144 1170 2272 1226 aliis
2304 1171 2490 1230 habiti
2515 1175 2701 1234 erant,
2745 1177 2805 1225 ut
2835 1171 2914 1226 ab
2941 1171 3106 1226 initio
3135 1179 3498 1240 spectatores
3520 1191 3648 1230 ver-

1995 1250 2075 1316 bi,
2109 1257 2163 1306 et
2186 1252 2260 1306 ad
2293 1259 2476 1307 totum
2509 1251 2822 1306 hominum
2846 1267 3034 1320 genus
3063 1252 3333 1322 ejusdem
3358 1253 3646 1326 interpres

1996 1345 2051 1394 et
2077 1339 2644 1395 administriessent.
2667 1339 2751 1395 Ita
2779 1345 2840 1394 tu
2870 1346 2926 1395 et
2948 1339 3092 1395 alias
3115 1340 3266 1404 vale,
3291 1347 3346 1396 et
3375 1342 3646 1398 animum

1998 1444 2334 1501 corpusque
2365 1433 2480 1484 Deo
2507 1429 2925 1484 intemeratum
2953 1445 3216 1497 servans,
3252 1432 3649 1503 secundisque

1999 1518 2186 1573 ventis
2210 1535 2372 1584 usus,
2401 1517 2705 1590 praesentis
2729 1518 2860 1573 vitae
2882 1517 3100 1574 ﬂuctus
3136 1535 3374 1591 supera,
3401 1519 3651 1578 salsum—

1999 1621 2116 1679 que
2141 1605 2255 1660 hoc
2288 1623 2452 1661 mare
2481 1605 2745 1660 emetire.

2107 1694 2430 1762 QU/ESTIO
2471 1697 2612 1750 CXX.
2653 1694 2852 1766 [ϐοίει.
2882 1693 3074 1750 CXLII.
3115 1696 3298 1751 Taur.
3334 1697 3533 1770 CXLI.]

2005 1783 2157 1851 Quid
2174 1784 2465 1853 signiﬁcat
2488 1783 2710 1838 dictum
2741 1785 3014 1852 Apostoli
3033 1800 3052 1838 .·
3080 1805 3102 1834 ‹‹
3137 1786 3380 1854 Semper
3414 1793 3465 1842 et
3491 1803 3650 1844 nunc

2001 1889 2228 1944 quoque
2243 1873 2514 1928 Christus
2525 1873 3038 1943 glori/icabilurin
3055 1890 3301 1942 corpore
3315 1891 3460 1942 meo,
3495 1899 3522 1929 »
3539 1881 3625 1933 etc
3638 1917 3652 1933 .

346 2069 624 2120 Editarum
653 2065 894 2116 aWolﬁo
921 2065 1110 2128 quinta
1136 2063 1188 2120 tl.
1218 2077 1284 2119 c.,
1318 2079 1370 2127 p.
1399 2065 1623 2124 715-719,
1657 2065 1898 2116 Galland.
1930 2069 2152 2122 717-718,
2181 2082 2233 2115 n.
2261 2069 2338 2124 21,
2379 2083 2427 2130 p.
2465 2069 2590 2130 142).
2621 2095 2682 2102 -
2709 2068 2976 2131 Expositio
3001 2071 3180 2118 textus
3219 2069 3442 2134 Philipp.
3471 2085 3506 2126 1,
3541 2073 3622 2121 20.

361 2167 422 2219 Ἦ
452 2174 544 2218 τοῦ
580 2166 798 2241 ῥήτορος
829 2172 917 2222 τῆς
963 2161 1202 2220 ἀληθείας
1232 2165 1394 2234 φωνή,
1428 2163 1482 2224 ἡ,
1514 2164 1580 2223 ὡς
1613 2183 1640 2211 ‹‹
1675 2165 1897 2216 Πάντοτε

287 2262 385 2308 καὶ
431 2264 517 2306 νῦν
565 2252 960 2316 δοξασθήσεται
1015 2255 1242 2323 Χριστὸς
1291 2249 1337 2300 ἐν
1396 2259 1465 2320 τῷ
1515 2256 1722 2323 σώματί
1771 2273 1896 2325 μου,

293 2349 398 2399 εἴτε
447 2341 540 2397 διὰ
589 2344 749 2409 ζωῆς,
801 2345 898 2393 εἴτε
947 2337 1040 2392 διὰ
1092 2341 1312 2390 θανάτου
1359 2338 1493 2412 (39),
1529 2361 1556 2389 ››
1605 2343 1768 2392 πόθου
1808 2344 1898 2413 μὲν

296 2436 432 2492 αὐτή
485 2434 596 2504 (40)
643 2439 923 2506 προχεῖται
951 2427 1240 2500 σεϐασμίου
1285 2447 1338 2480 τε
1367 2433 1455 2480 καὶ
1503 2431 1660 2502 ἱεροῦ,
1695 2427 1900 2490 ἐλπίδος

299 2521 362 2576 δέ
410 2520 626 2594 βέϐηκεν
669 2523 822 2592 φύσιν
857 2517 1148 2589 ἀγνοούσης
1181 2519 1390 2582 θνητὴν,
1422 2521 1666 2575 τοιαύτην
1717 2516 1775 2570 δὲ
1806 2524 1900 2578 τὴν

299 2609 540 2664 διάνοιαν
587 2605 864 2664 ύποδηλοῖ·
915 2609 1140 2660 Πάντοτε
1170 2607 1195 2657 ὀ
1236 2611 1464 2680 Χριστὸς
1503 2607 1550 2658 ἐν
1582 2615 1654 2678 τῷ
1697 2615 1903 2682 σώματι

300 2699 512 2754 Παύλου
579 2696 932 2771 ἐμεγαλύνετο,
989 2700 1078 2747 καὶ
1148 2697 1230 2746 ὅτε
1301 2691 1518 2767 δεσμοῖς
1583 2695 1739 2748 αὐτὸν
1811 2702 1902 2749 καὶ

297 2789 522 2863 μάστιξι
589 2786 1084 2858 ἐνταλαιπωρεῖσθαι
1156 2789 1462 2856 συνεχώρει,
1521 2791 1609 2836 καὶ
1683 2787 1902 2838 θανάτου

297 2881 404 2954 πρὸ
489 2875 660 2929 πυλῶν
737 2874 992 2949 ἐρρῖφθαι,
1047 2878 1137 2925 καὶ
1213 2873 1295 2924 ὅτε
1351 2872 1537 2934 ἐξείλκε
1593 2873 1748 2925 αὐτὸν
1819 2877 1906 2926 καὶ

300 2968 597 3042 ἀνήρπαζεν
664 2963 718 3016 ἐκ
784 2969 954 3036 μέσων
1027 2971 1124 3013 τῶν
1185 2964 1429 3035 ἀνιαρῶν.
1487 2963 1577 3022 Οἷς
1645 2967 1734 3034 μὲν
1805 2965 1904 3034 γὰρ

299 3055 528 3109 ἕναθλεῖν
580 3055 780 3126 ἠφίετο,
841 3057 931 3104 καὶ
983 3059 1088 3112 τοῖς
1139 3052 1208 3112 εἰς
1265 3053 1480 3103 θάνατον
1533 3053 1726 3123 ἄγουσι
1780 3071 1924 3114 συν-η

299 3149 560 3211 επλέκετο,
610 3149 922 3218 πειρασμοῖς
973 3139 1266 3193 ἑϐεϐαιούτο
1323 3145 1412 3192 καὶ
1465 3143 1766 3215 ἐκρατύνετο
1813 3150 1924 3202 τῆς·

301 3233 566 3294 εὐσεϐείας
636 3237 693 3284 τὸ
765 3236 1028 3304 κήρυγμα.
1091 3233 1454 3301 Λογιζομένων
1506 3239 1606 3282 τῶν
1675 3233 1908 3305 ὁρώντων

303 3327 374 3377 τὰ
425 3322 628 3375 Παύλου
676 3317 866 3392 δεσμὰ,
911 3323 1000 3370 καὶ
1048 3322 1140 3380 τὰς
1180 3317 1396 3390 θλίψεις,
1448 3324 1536 3370 καὶ
1579 3325 1668 3377 τήν
1726 3318 1773 3370 ἐν
1823 3319 1911 3370 αὐ-

2008 2166 2131 2220 Vox
2167 2165 2266 2219 illa
2325 2165 2610 2235 praeconis
2657 2165 2928 2229 veritatis,
2956 2181 3086 2236 quae
3145 2167 3224 2221 ait
3282 2183 3294 2221 :
3356 2169 3655 2239 «Semper

2009 2258 2064 2308 et
2095 2269 2254 2308 nunc
2282 2267 2520 2324 quoque
2538 2250 2804 2307 Christus
2835 2252 2896 2306 in
2926 2269 3175 2324 corpore
3211 2270 3334 2310 meo
3361 2255 3653 2324 gloriﬁca-

2007 2342 2185 2411 bitur,
2215 2344 2332 2398 sive
2361 2358 2464 2413 per
2512 2342 2714 2410 vitam,
2751 2343 2872 2397 sive
2913 2359 3016 2414 per
3047 2349 3370 2410 mortem,»
3397 2361 3464 2400 ex
3506 2345 3656 2400 desi-

2008 2431 2174 2487 derio
2213 2431 2480 2504 quodam
2531 2431 2808 2502 religioso
2849 2439 2906 2486 et
2947 2447 3117 2488 sacro
3165 2433 3423 2504 proﬂuit,
3481 2434 3658 2490 simul

2009 2519 2239 2576 veroad
2251 2537 2418 2592 spem
2433 2521 2653 2591 aspirat
2681 2537 2838 2593 ,quae
2862 2521 3173 2577 mortalem
3193 2529 3470 2578 naturam
3503 2523 3662 2593 igno-

2011 2615 2120 2665 rat.
2169 2613 2426 2666 Sensum
2475 2625 2618 2666 vero
2665 2609 2828 2665 hunc
2874 2609 3068 2676 refert,
3101 2613 3267 2684 quod
3306 2611 3568 2669 Christus
3603 2615 3664 2669 in

2011 2715 2256 2770 corpore
2297 2698 2456 2756 Pauli
2489 2715 2727 2770 semper
2766 2698 2844 2753 sit
2875 2701 3318 2770 magniﬁcatus,
3369 2702 3492 2757 sive
3525 2719 3663 2759 eum

2011 2789 2260 2844 vinculis
2291 2797 2347 2844 et
2369 2787 2572 2844 ferulis
2612 2787 2816 2859 aﬂligi,
2850 2791 3172 2861 mortisque
3213 2790 3366 2846 adeo
3389 2792 3664 2862 periculis

2014 2878 2194 2948 objici
2224 2885 2521 2949 pateretur
2549 2878 2724 2942 Deus,
2761 2878 2882 2932 sive
2915 2878 3077 2933 illum
3111 2895 3183 2934 ex
3231 2880 3439 2934 mediis
3489 2896 3664 2936 vexa-

2019 2967 2554 3034 tionibuseriperet,
2586 2971 2644 3021 et
2666 2966 3007 3021 vindicaret.
3041 2967 3158 3020 Illis
3193 2969 3354 3023 enim
3393 2971 3666 3024 tentatio-

2016 3056 2214 3120 nibus,
2249 3055 2340 3110 vel
2359 3061 2607 3110 mortem
2635 3056 2828 3126 ipsam
2868 3055 3407 3122 minantibus,cum
3445 3057 3669 3128 quibus

2018 3143 2342 3200 conﬂictari
2359 3147 2416 3198 et
2436 3144 2782 3216 depugnare
2795 3143 2815 3214 j
2828 3143 3139 3210 ubebatur,
3166 3145 3532 3216 praeconium
3557 3147 3671 3216 pie-

2019 3236 2154 3306 latis
2189 3231 2536 3288 ﬁrmabatur
2569 3239 2625 3288 et
2669 3231 3096 3288 stabiliebatur.
3164 3233 3272 3296 Qui
3310 3236 3468 3288 enim
3509 3234 3670 3290 Pauli

2021 3321 2260 3378 vincula
2289 3321 2778 3393 calamitatesque
2805 3337 2941 3374 cum
2966 3321 3194 3376 ratione
3215 3321 3672 3393 perspiciebant,

303 3420 416 3472 τοῖς
459 3413 719 3483 ὑπομονήν
769 3408 1203 3481 ἐκπληττομένων,
1241 3413 1331 3459 καὶ
1379 3416 1450 3478 τῷ
1507 3411 1734 3482 θαύματι
1789 3413 1908 3484 πρὸς

2023 3418 2079 3466 et
2111 3411 2454 3481 patientiam
2477 3409 2538 3464 in
2574 3409 2689 3464 illis
2743 3410 3062 3480 probatam
3093 3411 3563 3478 admirabantur,
3597 3409 3677 3466 illi

307 3502 632 3573 ἐπιστροφήν
692 3495 1124 3570 διανισταμένων,
1180 3499 1248 3558 ὡς
1301 3497 1343 3548 εὶ
1398 3501 1470 3569 μή
1534 3499 1666 3550 θεῖόν
1718 3518 1770 3550 τι
1825 3503 1914 3550 καὶ

309 3591 604 3652 πανάληθες
657 3593 714 3640 τὸ
767 3590 892 3658 παρ’
941 3587 1100 3638 αὐτοῦ
1142 3591 1531 3661 κηρυσσόμενον
1580 3589 1914 3654 καθεστήκει,

311 3681 412 3734 οὐκ
462 3679 521 3730 ἂν
566 3679 746 3730 ἑαυτὸν
789 3682 994 3750 μυρίοις
1041 3681 1246 3750 χαίρων
1290 3681 1378 3727 καὶ
1423 3675 1700 3750 ἀφορήτοις
1734 3673 1916 3728 ἐδίδου

311 3776 520 3834 κακοῖς,
573 3767 682 3819 ἐνὸν
733 3769 1064 3837 παυσάμενον
1121 3763 1538 3817 ἀπαλλάττεσθαι
1591 3774 1688 3817 τῶν
1749 3765 1918 3838 ἀλγει-

312 3867 416 3912 νῶν
462 3863 550 3909 καὶ
584 3862 656 3930 μή
711 3858 926 3908 θάνατον
971 3855 1044 3916 εἰς
1091 3853 1266 3926 ἀγῶνα
1317 3853 1506 3906 καλεῖν.
1556 3854 1919 3927 Ἐμεγαλύνετο

315 3953 490 4002 τοίνυν
539 3947 749 4007 εἰκότως
799 3943 891 3997 διὰ
939 3947 1134 3996 τούτων
1167 3945 1191 3994 ὁ
1237 3946 1484 4018 Χριστὸς,
1517 3951 1606 3995 τοῦ
1649 3947 1921 4018 κηρύγμα-

316 4058 410 4100 τος
467 4037 538 4098 εἰς
597 4034 883 4108 βεϐαίωσιν
952 4040 1058 4095 τοὶς
1126 4032 1332 4095 πολλοῖς
1402 4031 1794 4105 ἀφικνούμενον,
1833 4038 1923 4085 καὶ

317 4135 436 4188 ταῖς
490 4134 588 4178 τῶν
639 4125 920 4196 ἀνθρώπων
979 4122 1425 4194 ἐμπλατννομένου
1484 4121 1712 4194 ψυχαῖς.
1765 4122 1922 4174 Πάλιν

319 4213 405 4282 δὲ,
465 4217 622 4273 ἡνίκα
679 4212 892 4277 ἐξεῖλκεν
951 4213 1105 4264 αὑτὸν
1153 4216 1243 4264 καὶ
1315 4210 1608 4284 ἀνήρπαζεν
1673 4209 1924 4264 κινδύνων

319 4305 590 4380 ὀλεθρίων,
643 4304 854 4356 αὐτόθεν
899 4301 1256 4375 ἐμεγαλύνετο.
1314 4297 1454 4354 Οὐδὲ
1501 4303 1600 4374 γάρ
1651 4321 1787 4363 τινος
1842 4299 1925 4352 ἁν-

321 4397 590 4468 θρωπίτης
653 4389 716 4451 ἧν
786 4390 1014 4453 ἐπινοίας
1076 4393 1130 4442 ἐκ
1182 4395 1345 4464 μέσου
1417 4397 1598 4464 χειρὸς
1673 4396 1954 4463 φονώσης,

318 4490 416 4538 καὶ
468 4491 559 4536 τοῦ
605 4484 826 4556 αἳματος
880 4477 1154 4552 διψώντων
1214 4489 1407 4542 κακῶν,
1455 4481 1626 4540 ἀπαθῆ
1681 4481 1930 4542 πολλάκις

323 4573 650 4627 ἀπολύεσθαι
702 4575 788 4623 τὸν
843 4570 1160 4642 ἀγωνιστήν,
1204 4569 1333 4622 ἀλλὰ
1382 4571 1494 4623 θεία
1545 4590 1625 4632 τις
1669 4575 1754 4622 καὶ
1801 4571 1926 4646 ὑπὲρ

323 4664 600 4728 ἄνθρωπον
645 4663 806 4735 χάρις
863 4661 944 4724 ἧν,
1000 4662 1030 4718 ἡ
1081 4659 1204 4735 παρ’
1250 4655 1466 4720 ἐλπίδας
1513 4663 1598 4711 τὸν
1645 4661 1932 4734 θεράποντα

321 4754 554 4830 ῥυομένη
607 4757 698 4803 καὶ
752 4747 1046 4802 διαλύουσα
1111 4751 1178 4801 τὰ
1230 4744 1395 4804 δεινά.
1453 4755 1564 4810 Πῶς
1630 4748 1798 4801 ἐλύετο
1865 4751 1932 4801 τὰ

2025 3501 2156 3572 ipsa
2165 3499 2279 3554 hac
2290 3500 2362 3554 ad
2375 3499 2682 3554 miratione
2698 3501 2775 3556 ad
2789 3501 3232 3556 conversionem
3247 3501 3677 3566 excitabantur,

2027 3591 2374 3658 cogitantes,
2409 3589 2518 3644 nisi
2549 3589 2848 3660 praeconio
2879 3590 3008 3660 ejus
3039 3589 3216 3644 divim
3245 3589 3472 3661 aliquid
3499 3595 3555 3645 et
3584 3605 3676 3646 ve-

2027 3679 2249 3734 rissimi
2279 3678 2568 3742 subesset,
2601 3694 2666 3733 se
2701 3679 2907 3749 ipsum
2943 3678 3186 3734 inﬁnitis
3217 3683 3276 3733 et
3320 3680 3416 3734 vix
3465 3678 3682 3735 tolera—

2027 3767 2251 3824 bilibus
2293 3783 2415 3823 non
2449 3767 2632 3822 fuisse
2672 3768 3066 3838 objecturum,
3109 3783 3268 3832 cum,
3309 3784 3345 3824 a
3387 3769 3681 3824 sententia

2029 3857 2360 3922 discedens,
2409 3856 2695 3912 molestiis
2744 3856 2855 3912 illis
2917 3857 3150 3912 liberari
3207 3857 3516 3928 potuisset,
3573 3873 3681 3913 nec

2031 3947 2237 4002 mortis
2252 3945 2578 4016 periculum
2594 3946 2787 4000 subire
2799 3945 3124 4000 debuisset.
3145 3947 3264 4000 Hoc
3279 3947 3481 4017 itaque
3497 3945 3679 4002 modo

2034 4035 2242 4092 Christi
2298 4035 2485 4104 gloria
2548 4035 3108 4090 convenientissime
3177 4034 3678 4104 ampliﬁcabatur,

2032 4123 2521 4197 quandoquidem
2545 4125 2902 4194 praconium
2928 4122 3072 4176 illud
3095 4138 3280 4196 quam
3303 4123 3575 4193 plurimis
3596 4137 3682 4177 ra—

2033 4219 2160 4268 tum
2177 4212 2376 4280 ﬁebat,
2395 4211 2826 4284 hominumque
2848 4211 3064 4266 animis
3083 4212 3464 4282 iungebatur.
3488 4213 3685 4274 Quan-

2034 4301 2114 4356 do
2136 4300 2214 4356 ab
2253 4299 2437 4355 altera
2475 4304 2643 4370 parte
2687 4302 2836 4354 Deus
2880 4298 3048 4354 illum
3085 4317 3158 4354 ex
3205 4299 3686 4370 praesentissimis

2035 4389 2314 4462 periculis
2334 4389 2644 4460 eripiebat,
2665 4389 2846 4444 etiam
2867 4393 2996 4444 tum
3019 4387 3285 4444 Christus
3309 4387 3686 4460 gloriﬁcaba-

2035 4485 2150 4536 tur.
2172 4479 2373 4550 Neque
2391 4477 2546 4534 enim
2565 4478 2813 4534 humani
2837 4483 2962 4534 erat
2991 4479 3220 4534 consilii
3245 4484 3302 4534 et
3321 4479 3476 4550 opis,
3500 4478 3690 4534 athle—

2037 4575 2162 4626 tam
2199 4570 2356 4624 hunc
2397 4584 2467 4623 ex
2523 4567 2738 4623 mediis
2777 4583 2991 4624 manus
3048 4568 3542 4638 sanguinolenta,
3587 4572 3688 4624 aut

2037 4657 2436 4731 improborum
2451 4657 2778 4724 hominum,
2803 4658 3159 4729 sanguinem
3191 4658 3535 4724 sitientium,
3551 4672 3692 4714 con-

2039 4749 2456 4806 siliisillassum
2487 4747 2668 4805 exire.
2714 4748 2939 4804 Divinas
2983 4749 3182 4822 potius
3227 4754 3284 4805 et
3322 4748 3457 4820 plus
3501 4763 3686 4821 quam

328 4841 543 4914 δεσμά;
607 4847 724 4901 Πῶς
793 4839 1061 4902 ἐξέπιπτον
1124 4841 1178 4890 αἱ
1252 4837 1500 4904 exeam;
1549 4842 1607 4892 τὸ
1683 4847 1786 4911 φῶς
1852 4843 1904 4892 τί

2038 4840 2320 4896 humanae
2338 4839 2542 4910 gratiae
2561 4839 2920 4900 beneﬁcium
2935 4839 2998 4894 id
3019 4845 3162 4906 erat,
3191 4855 3324 4911 quae
3337 4838 3562 4894 scilicet
3576 4853 3696 4894 ser-

326 4935 562 5004 ὑφῆπτεν
615 4939 686 5002 τῷ
729 4930 981 5003 οἰκήματι
1026 4928 1174 5002 (41);
1206 4935 1316 4989 πῶς
1359 4935 1771 5004 περιήστραπτεν
1819 4929 1932 4982 ὅλον

325 5029 394 5096 τῇ
448 5019 599 5094 αἴγλη
645 5020 894 5094 πληροῦν,
928 5015 1194 5093 μηδεμιᾶς
1224 5016 1350 5079 ὕλης
1397 5019 1814 5094 ύπηρετουμένης
1862 5027 1923 5090 τῇ

2041 4946 2184 4986 vum
2213 4928 2382 4986 illum
2405 4927 2621 4984 amotis
2657 4927 2830 4983 malis
2875 4929 3178 4994 omnibus,
3229 4935 3443 5001 praeter
3483 4943 3694 5001 exspe-

2041 5019 2382 5085 ctationem,
2406 5017 2723 5074 liberabat.
2759 5017 3072 5082 Quomodo
3095 5019 3256 5076 enim
3298 5017 3536 5074 vincula
3579 5017 3697 5074 sol-

1905 5174 2129 5234 NOTIE.

403 5317 520 5390 (38)
551 5317 796 5390 Philipp.
828 5333 868 5386 ι,
901 5317 986 5386 20,
1023 5316 1124 5373 ubi
1159 5321 1362 5390 tamen
1407 5331 1518 5388 pro
1549 5313 1934 5390 δοξασθήσεται

327 5387 547 5462 legitur
563 5387 1233 5462 hodie'psyaluuan'qsrac,_
1251 5388 1330 5444 ad
1351 5387 1532 5462 quem
1557 5388 1748 5442 locum
1771 5387 1936 5444 nulla

330 5459 606 5518 codicum
639 5459 894 5517 varietas
923 5463 984 5517 in
1012 5459 1352 5517 collectione
1373 5459 1636 5531 Milliana
1664 5464 1931 5531 apparet.

333 5531 568 5604 Scilicet
591 5538 646 5604 et
669 5532 787 5600 hic,
816 5539 878 5588 ut
907 5532 1079 5601 alias,
1104 5531 1344 5604 Photius
1367 5529 1820 5604 memoriiesuae
1847 5529 1931 5604 ni-

331 5603 531 5662 mium
555 5599 789 5680 tribuit,
807 5608 938 5680 Ipse
959 5599 1161 5680 tamen
1175 5599 1318 5663 mox
1344 5602 1594 5662 verbum
1612 5599 1932 5667 δόξαζεσθαι

333 5691 446 5752 per
474 5673 854 5750 μεγαλύνεσθαῖ
880 5673 1146 5750 exponit.

2117 5315 2228 5388 (39)
2261 5313 2734 5388 Deessevidetur
2757 5312 3001 5388 λέγουσα.

2138 5385 2228 5458 40)
2259 5387 2354 5444 Sic
2385 5385 2592 5458 scribo
2620 5401 2726 5458 pro
2756 5386 2911 5458 αὐτῇ.

2138 5397 2228 5458 40)
2259 5397 2354 5444 Sic
2385 5397 2586 5440 scribo
2620 5401 2726 5456 pro
2756 5397 2911 5458 αὐτῇ.

2116 5397 2227 5529 iit)
2259 5461 2525 5530 Humani
2541 5455 2772 5530 aliquid
2808 5473 3022 5529 passus
3052 5457 3145 5530 hic
3165 5461 3258 5513 est
3282 5459 3537 5516 Photius.
3572 5461 3683 5516 Ne-

2043 5544 2160 5602 que
2181 5530 2409 5603 enim].
2448 5546 2498 5585 ο.
2513 5529 2719 5603 lumen
2748 5529 3495 5603 carcerisillatumaliunde
3512 5549 3594 5603 ;s.
3624 5533 3690 5589 d.

2025 5591 2297 5674 'c'andela
2315 5615 2352 5656 a
2372 5601 2620 5674 custode
2641 5602 2893 5674 carceris
2919 5601 3244 5674 postulata,
3263 5619 3321 5660 ν.
3340 5603 3429 5670 29,
3454 5591 3692 5664 dicitur.

2044 5674 2128 5731 Ea
2141 5671 2260 5730 huc
2275 5671 2488 5742 retulit,
2505 5687 2642 5745 quae
2669 5673 2841 5732 Petro
2856 5671 3204 5734 acciderunt
3221 5671 3348 5732 Act.
3367 5688 3472 5744 xn,
3493 5675 3586 5742 17,
