  <div class='ocr_page' id='page_1' title='image "/cluster/home/n/w/nwhite01/storage/ocr_20150623/101/hvd.32044054112305/371.png"; bbox 0 0 4136 6198; ppageno 0'>
   <div class='ocr_carea' id='block_1_1' title="bbox 564 275 671 330">
    <p class='ocr_par' dir='ltr' id='par_1_1' title="bbox 564 275 671 330">
     <span class='ocr_line' id='line_1_1' title="bbox 564 275 671 330; baseline -0.009 0"><span class='ocrx_word' id='word_1_1' title='bbox 564 275 671 330; x_wconf 82' lang='grc'>’703</span> 
     </span>
    </p>
   </div>
   <div class='ocr_carea' id='block_1_2' title="bbox 1738 263 2660 327">
    <p class='ocr_par' dir='ltr' id='par_1_2' title="bbox 1738 263 2660 327">
     <span class='ocr_line' id='line_1_2' title="bbox 1738 263 2660 327; baseline 0.003 -3"><span class='ocrx_word' id='word_1_2' title='bbox 1738 266 1975 325; x_wconf 86' lang='lat' dir='ltr'>PHOTll</span> <span class='ocrx_word' id='word_1_3' title='bbox 2020 263 2506 325; x_wconf 66' lang='lat' dir='ltr'>PATRIARCHAZ</span> <span class='ocrx_word' id='word_1_4' title='bbox 2547 264 2660 327; x_wconf 69' lang='grc' dir='ltr'>(ΣΡ.</span> 
     </span>
    </p>
   </div>
   <div class='ocr_carea' id='block_1_3' title="bbox 3828 269 3925 330">
    <p class='ocr_par' dir='ltr' id='par_1_3' title="bbox 3828 269 3925 330">
     <span class='ocr_line' id='line_1_3' title="bbox 3828 269 3925 330; baseline 0 0"><span class='ocrx_word' id='word_1_5' title='bbox 3828 269 3925 330; x_wconf 62' lang='lat'>701</span> 
     </span>
    </p>
   </div>
   <div class='ocr_carea' id='block_1_4' title="bbox 566 390 2211 471">
    <p class='ocr_par' dir='ltr' id='par_1_4' title="bbox 566 393 2211 467">
     <span class='ocr_line' id='line_1_4' title="bbox 566 393 2211 467; baseline -0.005 -13"><span class='ocrx_word' id='word_1_6' title='bbox 566 399 862 454; x_wconf 94' lang='lat' dir='ltr'>vebantur</span> <span class='ocrx_word' id='word_1_7' title='bbox 900 397 929 452; x_wconf 83' lang='lat'><strong>?</strong></span> <span class='ocrx_word' id='word_1_8' title='bbox 979 394 1283 467; x_wconf 92' lang='lat' dir='ltr'>quomodo</span> <span class='ocrx_word' id='word_1_9' title='bbox 1333 394 1690 451; x_wconf 83' lang='lat' dir='ltr'>decidebant</span> <span class='ocrx_word' id='word_1_10' title='bbox 1724 394 2010 450; x_wconf 69' lang='lat' dir='ltr'>caetenaa&quot;</span> <span class='ocrx_word' id='word_1_11' title='bbox 2041 393 2211 465; x_wconf 79' lang='lat' dir='ltr'>?quis</span> 
     </span>
    </p>
   </div>
   <div class='ocr_carea' id='block_1_5' title="bbox 2323 390 3933 471">
    <p class='ocr_par' dir='ltr' id='par_1_5' title="bbox 2336 390 3933 471">
     <span class='ocr_line' id='line_1_5' title="bbox 2336 390 3933 471; baseline 0.005 -26"><span class='ocrx_word' id='word_1_12' title='bbox 2336 394 2485 465; x_wconf 86' lang='grc' dir='ltr'>φλογί</span> <span class='ocrx_word' id='word_1_13' title='bbox 2512 412 2523 461; x_wconf 91' lang='grc'><strong>;</strong></span> <span class='ocrx_word' id='word_1_14' title='bbox 2560 398 2717 448; x_wconf 98' lang='grc' dir='ltr'>Πόθεν</span> <span class='ocrx_word' id='word_1_15' title='bbox 2769 400 2921 468; x_wconf 89' lang='grc' dir='ltr'>μόνον</span> <span class='ocrx_word' id='word_1_16' title='bbox 2970 396 3259 449; x_wconf 82' lang='grc' dir='ltr'>κατεσείετο</span> <span class='ocrx_word' id='word_1_17' title='bbox 3290 396 3348 446; x_wconf 87' lang='grc' dir='ltr'>τὸ</span> <span class='ocrx_word' id='word_1_18' title='bbox 3392 390 3799 471; x_wconf 84' lang='grc' dir='ltr'>δεσμωτήριὸν;</span> <span class='ocrx_word' id='word_1_19' title='bbox 3828 406 3933 462; x_wconf 75' lang='grc' dir='ltr'>Πῶς</span> 
     </span>
    </p>
   </div>
   <div class='ocr_carea' id='block_1_6' title="bbox 568 482 2223 556">
    <p class='ocr_par' dir='ltr' id='par_1_6' title="bbox 568 482 2223 556">
     <span class='ocr_line' id='line_1_6' title="bbox 568 482 2223 556; baseline -0.003 -16"><span class='ocrx_word' id='word_1_20' title='bbox 568 487 771 542; x_wconf 89' lang='lat' dir='ltr'>lumen</span> <span class='ocrx_word' id='word_1_21' title='bbox 809 484 1095 539; x_wconf 78' lang='lat' dir='ltr'>inferebat</span> <span class='ocrx_word' id='word_1_22' title='bbox 1139 483 1357 538; x_wconf 79' lang='lat' dir='ltr'>carceri</span> <span class='ocrx_word' id='word_1_23' title='bbox 1403 482 1431 537; x_wconf 71' lang='lat'><strong>7</strong></span> <span class='ocrx_word' id='word_1_24' title='bbox 1476 485 1786 556; x_wconf 85' lang='lat' dir='ltr'>quomodo</span> <span class='ocrx_word' id='word_1_25' title='bbox 1840 483 1981 537; x_wconf 90' lang='lat' dir='ltr'>illud</span> <span class='ocrx_word' id='word_1_26' title='bbox 2033 482 2223 553; x_wconf 85' lang='lat' dir='ltr'>splen-</span> 
     </span>
    </p>
   </div>
   <div class='ocr_carea' id='block_1_7' title="bbox 567 572 2219 643">
    <p class='ocr_par' dir='ltr' id='par_1_7' title="bbox 567 572 2219 643">
     <span class='ocr_line' id='line_1_7' title="bbox 567 572 2219 643; baseline -0.004 -12"><span class='ocrx_word' id='word_1_27' title='bbox 567 576 711 631; x_wconf 87' lang='lat' dir='ltr'>dore</span> <span class='ocrx_word' id='word_1_28' title='bbox 789 592 894 629; x_wconf 87' lang='lat' dir='ltr'>suo</span> <span class='ocrx_word' id='word_1_29' title='bbox 983 579 1171 628; x_wconf 89' lang='lat' dir='ltr'>totum</span> <span class='ocrx_word' id='word_1_30' title='bbox 1254 572 1670 643; x_wconf 79' lang='lat' dir='ltr'>perfundebat,</span> <span class='ocrx_word' id='word_1_31' title='bbox 1760 590 1896 627; x_wconf 91' lang='lat' dir='ltr'>cum</span> <span class='ocrx_word' id='word_1_32' title='bbox 1992 572 2219 627; x_wconf 89' lang='lat' dir='ltr'>nullum</span> 
     </span>
    </p>
   </div>
   <div class='ocr_carea' id='block_1_8' title="bbox 564 660 2220 732">
    <p class='ocr_par' dir='ltr' id='par_1_8' title="bbox 564 660 2220 732">
     <span class='ocr_line' id='line_1_8' title="bbox 564 660 2220 732; baseline -0.004 -12"><span class='ocrx_word' id='word_1_33' title='bbox 564 666 825 720; x_wconf 79' lang='lat' dir='ltr'>ﬂammae</span> <span class='ocrx_word' id='word_1_34' title='bbox 867 663 1221 718; x_wconf 82' lang='lat' dir='ltr'>alimentum</span> <span class='ocrx_word' id='word_1_35' title='bbox 1259 668 1598 732; x_wconf 70' lang='lat' dir='ltr'>suppeteret</span> <span class='ocrx_word' id='word_1_36' title='bbox 1633 663 1659 717; x_wconf 81' lang='lat' dir='ltr'>‘I</span> <span class='ocrx_word' id='word_1_37' title='bbox 1708 662 1864 717; x_wconf 92' lang='lat' dir='ltr'>unde</span> <span class='ocrx_word' id='word_1_38' title='bbox 1912 677 2115 716; x_wconf 85' lang='lat' dir='ltr'>carcer</span> <span class='ocrx_word' id='word_1_39' title='bbox 2159 660 2220 713; x_wconf 93' lang='lat' dir='ltr'>il-</span> 
     </span>
    </p>
   </div>
   <div class='ocr_carea' id='block_1_9' title="bbox 566 749 2221 821">
    <p class='ocr_par' dir='ltr' id='par_1_9' title="bbox 566 749 2221 821">
     <span class='ocr_line' id='line_1_9' title="bbox 566 749 2221 821; baseline -0.004 -12"><span class='ocrx_word' id='word_1_40' title='bbox 566 754 619 809; x_wconf 92' lang='lat' dir='ltr'>le</span> <span class='ocrx_word' id='word_1_41' title='bbox 666 754 830 807; x_wconf 91' lang='lat' dir='ltr'>solus</span> <span class='ocrx_word' id='word_1_42' title='bbox 876 752 1320 806; x_wconf 90' lang='lat' dir='ltr'>concutiebatur</span> <span class='ocrx_word' id='word_1_43' title='bbox 1360 749 1387 804; x_wconf 74' lang='lat' dir='ltr'>i’</span> <span class='ocrx_word' id='word_1_44' title='bbox 1437 751 1752 815; x_wconf 86' lang='lat' dir='ltr'>Quomodo</span> <span class='ocrx_word' id='word_1_45' title='bbox 1800 750 2221 821; x_wconf 86' lang='lat' dir='ltr'>aperiebantur</span> 
     </span>
    </p>
   </div>
   <div class='ocr_carea' id='block_1_10' title="bbox 566 838 2216 913">
    <p class='ocr_par' dir='ltr' id='par_1_10' title="bbox 566 838 2216 913">
     <span class='ocr_line' id='line_1_10' title="bbox 566 838 2216 913; baseline -0.003 -16"><span class='ocrx_word' id='word_1_46' title='bbox 566 843 723 898; x_wconf 88' lang='lat' dir='ltr'>fores</span> <span class='ocrx_word' id='word_1_47' title='bbox 775 841 802 895; x_wconf 78' lang='lat'>?</span> <span class='ocrx_word' id='word_1_48' title='bbox 859 840 1153 913; x_wconf 84' lang='lat' dir='ltr'>quomodo</span> <span class='ocrx_word' id='word_1_49' title='bbox 1216 843 1301 894; x_wconf 87' lang='lat' dir='ltr'>tot</span> <span class='ocrx_word' id='word_1_50' title='bbox 1351 846 1406 893; x_wconf 93' lang='lat' dir='ltr'>et</span> <span class='ocrx_word' id='word_1_51' title='bbox 1451 845 1615 894; x_wconf 87' lang='lat' dir='ltr'>tanta</span> <span class='ocrx_word' id='word_1_52' title='bbox 1672 838 2047 907; x_wconf 83' lang='lat' dir='ltr'>accidebant,</span> <span class='ocrx_word' id='word_1_53' title='bbox 2108 839 2216 893; x_wconf 87' lang='lat' dir='ltr'>nisi</span> 
     </span>
    </p>
   </div>
   <div class='ocr_carea' id='block_1_11' title="bbox 566 927 2219 999">
    <p class='ocr_par' dir='ltr' id='par_1_11' title="bbox 566 927 2219 999">
     <span class='ocr_line' id='line_1_11' title="bbox 566 927 2219 999; baseline -0.003 -13"><span class='ocrx_word' id='word_1_54' title='bbox 566 933 654 986; x_wconf 86' lang='lat' dir='ltr'>vis</span> <span class='ocrx_word' id='word_1_55' title='bbox 712 946 951 993; x_wconf 90' lang='lat' dir='ltr'>manus,</span> <span class='ocrx_word' id='word_1_56' title='bbox 998 928 1203 983; x_wconf 87' lang='lat' dir='ltr'>omnia</span> <span class='ocrx_word' id='word_1_57' title='bbox 1255 927 1635 999; x_wconf 86' lang='lat' dir='ltr'>perﬁcientis,</span> <span class='ocrx_word' id='word_1_58' title='bbox 1685 945 1747 983; x_wconf 90' lang='lat' dir='ltr'>se</span> <span class='ocrx_word' id='word_1_59' title='bbox 1786 930 2145 982; x_wconf 81' lang='lat' dir='ltr'>exseruisset</span> <span class='ocrx_word' id='word_1_60' title='bbox 2192 927 2219 981; x_wconf 87' lang='lat'><strong>?</strong></span> 
     </span>
    </p>
   </div>
   <div class='ocr_carea' id='block_1_12' title="bbox 568 1017 2217 1091">
    <p class='ocr_par' dir='ltr' id='par_1_12' title="bbox 568 1017 2217 1091">
     <span class='ocr_line' id='line_1_12' title="bbox 568 1017 2217 1091; baseline -0.004 -16"><span class='ocrx_word' id='word_1_61' title='bbox 568 1023 824 1091; x_wconf 89' lang='lat' dir='ltr'>Utraque</span> <span class='ocrx_word' id='word_1_62' title='bbox 860 1018 1039 1088; x_wconf 82' lang='lat' dir='ltr'>igitur</span> <span class='ocrx_word' id='word_1_63' title='bbox 1073 1034 1142 1071; x_wconf 83' lang='lat' dir='ltr'>ex</span> <span class='ocrx_word' id='word_1_64' title='bbox 1180 1022 1346 1087; x_wconf 90' lang='lat' dir='ltr'>parte</span> <span class='ocrx_word' id='word_1_65' title='bbox 1388 1017 1603 1072; x_wconf 87' lang='lat' dir='ltr'>Christi</span> <span class='ocrx_word' id='word_1_66' title='bbox 1646 1017 1836 1086; x_wconf 83' lang='lat' dir='ltr'>gloria</span> <span class='ocrx_word' id='word_1_67' title='bbox 1877 1017 1934 1071; x_wconf 92' lang='lat' dir='ltr'>in</span> <span class='ocrx_word' id='word_1_68' title='bbox 1973 1032 2217 1087; x_wconf 88' lang='lat' dir='ltr'>corpore</span> 
     </span>
    </p>
   </div>
   <div class='ocr_carea' id='block_1_13' title="bbox 564 1105 2217 1178">
    <p class='ocr_par' dir='ltr' id='par_1_13' title="bbox 564 1105 2217 1178">
     <span class='ocr_line' id='line_1_13' title="bbox 564 1105 2217 1178; baseline -0.002 -15"><span class='ocrx_word' id='word_1_69' title='bbox 564 1109 723 1164; x_wconf 85' lang='lat' dir='ltr'>Pauli</span> <span class='ocrx_word' id='word_1_70' title='bbox 762 1107 1261 1178; x_wconf 79' lang='lat' dir='ltr'>ampliﬁcabatur,</span> <span class='ocrx_word' id='word_1_71' title='bbox 1302 1108 1425 1160; x_wconf 87' lang='lat' dir='ltr'>sive</span> <span class='ocrx_word' id='word_1_72' title='bbox 1466 1122 1664 1177; x_wconf 68' lang='lat' dir='ltr'>praeco</span> <span class='ocrx_word' id='word_1_73' title='bbox 1708 1106 1943 1160; x_wconf 89' lang='lat' dir='ltr'>divinus</span> <span class='ocrx_word' id='word_1_74' title='bbox 1985 1105 2217 1161; x_wconf 87' lang='lat' dir='ltr'>acerbis</span> 
     </span>
    </p>
   </div>
   <div class='ocr_carea' id='block_1_14' title="bbox 564 1194 2216 1267">
    <p class='ocr_par' dir='ltr' id='par_1_14' title="bbox 564 1194 2216 1267">
     <span class='ocr_line' id='line_1_14' title="bbox 564 1194 2216 1267; baseline -0.003 -14"><span class='ocrx_word' id='word_1_75' title='bbox 564 1204 622 1253; x_wconf 86' lang='lat' dir='ltr'>et</span> <span class='ocrx_word' id='word_1_76' title='bbox 665 1198 838 1253; x_wconf 90' lang='lat' dir='ltr'>morti</span> <span class='ocrx_word' id='word_1_77' title='bbox 891 1197 1167 1267; x_wconf 86' lang='lat' dir='ltr'>proximis</span> <span class='ocrx_word' id='word_1_78' title='bbox 1216 1194 1578 1251; x_wconf 86' lang='lat' dir='ltr'>cruciatibus</span> <span class='ocrx_word' id='word_1_79' title='bbox 1645 1201 2032 1259; x_wconf 79' lang='lat' dir='ltr'>exerceretur,</span> <span class='ocrx_word' id='word_1_80' title='bbox 2094 1195 2216 1249; x_wconf 88' lang='lat' dir='ltr'>sive</span> 
     </span>
    </p>
   </div>
   <div class='ocr_carea' id='block_1_15' title="bbox 565 1284 2217 1354">
    <p class='ocr_par' dir='ltr' id='par_1_15' title="bbox 565 1284 2217 1354">
     <span class='ocr_line' id='line_1_15' title="bbox 565 1284 2217 1354; baseline -0.002 -12"><span class='ocrx_word' id='word_1_81' title='bbox 565 1287 824 1343; x_wconf 88' lang='lat' dir='ltr'>Christus</span> <span class='ocrx_word' id='word_1_82' title='bbox 864 1285 1145 1341; x_wconf 86' lang='lat' dir='ltr'>athletam</span> <span class='ocrx_word' id='word_1_83' title='bbox 1184 1285 1343 1339; x_wconf 90' lang='lat' dir='ltr'>hunc</span> <span class='ocrx_word' id='word_1_84' title='bbox 1401 1285 1874 1354; x_wconf 83' lang='lat' dir='ltr'>sanguinolentis</span> <span class='ocrx_word' id='word_1_85' title='bbox 1936 1284 2217 1339; x_wconf 88' lang='lat' dir='ltr'>insidian-</span> 
     </span>
    </p>
   </div>
   <div class='ocr_carea' id='block_1_16' title="bbox 563 1374 2215 1445">
    <p class='ocr_par' dir='ltr' id='par_1_16' title="bbox 563 1374 2215 1445">
     <span class='ocr_line' id='line_1_16' title="bbox 563 1374 2215 1445; baseline -0.002 -14"><span class='ocrx_word' id='word_1_86' title='bbox 563 1378 709 1431; x_wconf 88' lang='lat' dir='ltr'>tium</span> <span class='ocrx_word' id='word_1_87' title='bbox 741 1374 1002 1430; x_wconf 79' lang='lat' dir='ltr'>consiliis</span> <span class='ocrx_word' id='word_1_88' title='bbox 1033 1382 1243 1445; x_wconf 80' lang='lat' dir='ltr'>praeter</span> <span class='ocrx_word' id='word_1_89' title='bbox 1274 1379 1550 1428; x_wconf 90' lang='lat' dir='ltr'>naturam</span> <span class='ocrx_word' id='word_1_90' title='bbox 1587 1382 1640 1428; x_wconf 91' lang='lat' dir='ltr'>et</span> <span class='ocrx_word' id='word_1_91' title='bbox 1668 1380 1882 1445; x_wconf 69' lang='lat' dir='ltr'>praeter</span> <span class='ocrx_word' id='word_1_92' title='bbox 1909 1380 2215 1445; x_wconf 82' lang='lat' dir='ltr'>exspecta-</span> 
     </span>
    </p>
   </div>
   <div class='ocr_carea' id='block_1_17' title="bbox 564 1462 2211 1535">
    <p class='ocr_par' dir='ltr' id='par_1_17' title="bbox 564 1462 2211 1535">
     <span class='ocr_line' id='line_1_17' title="bbox 564 1462 2211 1535; baseline -0.003 -14"><span class='ocrx_word' id='word_1_93' title='bbox 564 1466 788 1521; x_wconf 88' lang='lat' dir='ltr'>tionem</span> <span class='ocrx_word' id='word_1_94' title='bbox 823 1464 1189 1535; x_wconf 86' lang='lat' dir='ltr'>superiorem</span> <span class='ocrx_word' id='word_1_95' title='bbox 1222 1463 1566 1518; x_wconf 86' lang='lat' dir='ltr'>ostenderet.</span> <span class='ocrx_word' id='word_1_96' title='bbox 1623 1465 1741 1517; x_wconf 85' lang='lat' dir='ltr'>Hoc</span> <span class='ocrx_word' id='word_1_97' title='bbox 1774 1463 1975 1533; x_wconf 87' lang='lat' dir='ltr'>itaque</span> <span class='ocrx_word' id='word_1_98' title='bbox 2010 1462 2211 1531; x_wconf 91' lang='lat' dir='ltr'>modo,</span> 
     </span>
    </p>
   </div>
   <div class='ocr_carea' id='block_1_18' title="bbox 564 1550 2215 1624">
    <p class='ocr_par' dir='ltr' id='par_1_18' title="bbox 564 1550 2215 1624">
     <span class='ocr_line' id='line_1_18' title="bbox 564 1550 2215 1624; baseline -0.003 -15"><span class='ocrx_word' id='word_1_99' title='bbox 564 1559 691 1609; x_wconf 86' lang='lat' dir='ltr'>tum</span> <span class='ocrx_word' id='word_1_100' title='bbox 726 1569 828 1624; x_wconf 89' lang='lat' dir='ltr'>per</span> <span class='ocrx_word' id='word_1_101' title='bbox 861 1558 1059 1614; x_wconf 87' lang='lat' dir='ltr'>vitam,</span> <span class='ocrx_word' id='word_1_102' title='bbox 1094 1552 1205 1605; x_wconf 93' lang='lat' dir='ltr'>hoc</span> <span class='ocrx_word' id='word_1_103' title='bbox 1237 1558 1327 1605; x_wconf 86' lang='lat' dir='ltr'>est</span> <span class='ocrx_word' id='word_1_104' title='bbox 1354 1566 1457 1621; x_wconf 91' lang='lat' dir='ltr'>per</span> <span class='ocrx_word' id='word_1_105' title='bbox 1484 1566 1554 1605; x_wconf 89' lang='lat' dir='ltr'>ea</span> <span class='ocrx_word' id='word_1_106' title='bbox 1580 1568 1716 1621; x_wconf 73' lang='lat' dir='ltr'>quae</span> <span class='ocrx_word' id='word_1_107' title='bbox 1750 1552 1933 1605; x_wconf 87' lang='lat' dir='ltr'>vitam</span> <span class='ocrx_word' id='word_1_108' title='bbox 1962 1550 2036 1603; x_wconf 87' lang='lat' dir='ltr'>illi</span> <span class='ocrx_word' id='word_1_109' title='bbox 2071 1567 2215 1621; x_wconf 69' lang='lat' dir='ltr'>prae-</span> 
     </span>
    </p>
   </div>
   <div class='ocr_carea' id='block_1_19' title="bbox 564 1639 2213 1709">
    <p class='ocr_par' dir='ltr' id='par_1_19' title="bbox 564 1639 2213 1709">
     <span class='ocr_line' id='line_1_19' title="bbox 564 1639 2213 1709; baseline -0.002 -13"><span class='ocrx_word' id='word_1_110' title='bbox 564 1642 809 1696; x_wconf 89' lang='lat' dir='ltr'>stabant</span> <span class='ocrx_word' id='word_1_111' title='bbox 826 1648 881 1693; x_wconf 92' lang='lat' dir='ltr'>et</span> <span class='ocrx_word' id='word_1_112' title='bbox 900 1640 1306 1701; x_wconf 83' lang='lat' dir='ltr'>vindicabant,</span> <span class='ocrx_word' id='word_1_113' title='bbox 1325 1645 1446 1693; x_wconf 90' lang='lat' dir='ltr'>tum</span> <span class='ocrx_word' id='word_1_114' title='bbox 1472 1654 1576 1709; x_wconf 92' lang='lat' dir='ltr'>per</span> <span class='ocrx_word' id='word_1_115' title='bbox 1595 1639 1801 1708; x_wconf 85' lang='lat' dir='ltr'>plagas</span> <span class='ocrx_word' id='word_1_116' title='bbox 1820 1643 1875 1692; x_wconf 93' lang='lat' dir='ltr'>et</span> <span class='ocrx_word' id='word_1_117' title='bbox 1896 1641 2213 1709; x_wconf 86' lang='lat' dir='ltr'>cruciatus,</span> 
     </span>
    </p>
   </div>
   <div class='ocr_carea' id='block_1_20' title="bbox 2335 483 3933 560">
    <p class='ocr_par' dir='ltr' id='par_1_20' title="bbox 2335 483 3933 560">
     <span class='ocr_line' id='line_1_20' title="bbox 2335 483 3933 560; baseline 0.004 -26"><span class='ocrx_word' id='word_1_118' title='bbox 2335 483 2649 556; x_wconf 75' lang='grc' dir='ltr'>ἀνεῴγνυντο</span> <span class='ocrx_word' id='word_1_119' title='bbox 2726 489 2779 538; x_wconf 81' lang='grc' dir='ltr'>αἱ</span> <span class='ocrx_word' id='word_1_120' title='bbox 2852 489 3043 558; x_wconf 55' lang='grc' dir='ltr'>θύραις</span> <span class='ocrx_word' id='word_1_121' title='bbox 3106 493 3213 546; x_wconf 83' lang='grc' dir='ltr'>πῶς</span> <span class='ocrx_word' id='word_1_122' title='bbox 3280 484 3450 537; x_wconf 88' lang='grc' dir='ltr'>ἐκεῖνα</span> <span class='ocrx_word' id='word_1_123' title='bbox 3506 488 3571 537; x_wconf 80' lang='grc' dir='ltr'>τὰ</span> <span class='ocrx_word' id='word_1_124' title='bbox 3628 493 3803 560; x_wconf 88' lang='grc' dir='ltr'>μυρία</span> <span class='ocrx_word' id='word_1_125' title='bbox 3853 497 3933 541; x_wconf 84' lang='grc' dir='ltr'>καὶ</span> 
     </span>
    </p>
   </div>
   <div class='ocr_carea' id='block_1_21' title="bbox 2331 572 3929 649">
    <p class='ocr_par' dir='ltr' id='par_1_21' title="bbox 2331 572 3929 649">
     <span class='ocr_line' id='line_1_21' title="bbox 2331 572 3929 649; baseline 0.002 -25"><span class='ocrx_word' id='word_1_126' title='bbox 2331 572 2607 647; x_wconf 83' lang='grc' dir='ltr'>παράδοξα</span> <span class='ocrx_word' id='word_1_127' title='bbox 2655 576 2895 647; x_wconf 82' lang='grc' dir='ltr'>ἐγεγόνει,</span> <span class='ocrx_word' id='word_1_128' title='bbox 2958 576 2999 627; x_wconf 87' lang='grc' dir='ltr'>εἰ</span> <span class='ocrx_word' id='word_1_129' title='bbox 3052 580 3123 647; x_wconf 85' lang='grc' dir='ltr'>μή</span> <span class='ocrx_word' id='word_1_130' title='bbox 3178 583 3270 635; x_wconf 83' lang='grc' dir='ltr'>τῆς</span> <span class='ocrx_word' id='word_1_131' title='bbox 3331 577 3503 627; x_wconf 83' lang='grc' dir='ltr'>πάντα</span> <span class='ocrx_word' id='word_1_132' title='bbox 3550 580 3853 649; x_wconf 72' lang='grc' dir='ltr'>κρατούσης</span> <span class='ocrx_word' id='word_1_133' title='bbox 3904 581 3929 637; x_wconf 69' lang='grc' dir='ltr'>ἡ</span> 
     </span>
    </p>
   </div>
   <div class='ocr_carea' id='block_1_22' title="bbox 2332 660 3933 740">
    <p class='ocr_par' dir='ltr' id='par_1_22' title="bbox 2332 660 3933 740">
     <span class='ocr_line' id='line_1_22' title="bbox 2332 660 3933 740; baseline 0.004 -27"><span class='ocrx_word' id='word_1_134' title='bbox 2332 660 2551 735; x_wconf 79' lang='grc' dir='ltr'>δύναμις</span> <span class='ocrx_word' id='word_1_135' title='bbox 2599 662 2921 717; x_wconf 73' lang='grc' dir='ltr'>ἐπεδείκνυτο</span> <span class='ocrx_word' id='word_1_136' title='bbox 2972 669 3187 738; x_wconf 82' lang='grc' dir='ltr'>χειρός;</span> <span class='ocrx_word' id='word_1_137' title='bbox 3222 664 3295 716; x_wconf 87' lang='grc' dir='ltr'>Δι’</span> <span class='ocrx_word' id='word_1_138' title='bbox 3347 662 3535 735; x_wconf 83' lang='grc' dir='ltr'>ἀμφοῖν</span> <span class='ocrx_word' id='word_1_139' title='bbox 3590 662 3682 716; x_wconf 78' lang='grc' dir='ltr'>οὖν</span> <span class='ocrx_word' id='word_1_140' title='bbox 3743 668 3768 717; x_wconf 81' lang='grc' dir='ltr'>ό</span> <span class='ocrx_word' id='word_1_141' title='bbox 3822 674 3933 740; x_wconf 58' lang='lat' dir='ltr'>Kei-</span> 
     </span>
    </p>
   </div>
   <div class='ocr_carea' id='block_1_23' title="bbox 2332 752 3933 825">
    <p class='ocr_par' dir='ltr' id='par_1_23' title="bbox 2332 752 3933 825">
     <span class='ocr_line' id='line_1_23' title="bbox 2332 752 3933 825; baseline 0.001 -20"><span class='ocrx_word' id='word_1_142' title='bbox 2332 756 2451 813; x_wconf 87' lang='grc' dir='ltr'>στός</span> <span class='ocrx_word' id='word_1_143' title='bbox 2502 752 2548 804; x_wconf 79' lang='grc' dir='ltr'>ἐν</span> <span class='ocrx_word' id='word_1_144' title='bbox 2590 762 2659 823; x_wconf 81' lang='grc' dir='ltr'>τῷ</span> <span class='ocrx_word' id='word_1_145' title='bbox 2716 761 2919 825; x_wconf 80' lang='grc' dir='ltr'>σώματι</span> <span class='ocrx_word' id='word_1_146' title='bbox 2959 754 3162 805; x_wconf 77' lang='grc' dir='ltr'>Παύλου</span> <span class='ocrx_word' id='word_1_147' title='bbox 3212 752 3565 824; x_wconf 72' lang='grc' dir='ltr'>ἐμεγαλύνετο,</span> <span class='ocrx_word' id='word_1_148' title='bbox 3607 762 3731 815; x_wconf 89' lang='grc' dir='ltr'>ταῖς</span> <span class='ocrx_word' id='word_1_149' title='bbox 3773 776 3824 807; x_wconf 87' lang='grc' dir='ltr'>τε</span> <span class='ocrx_word' id='word_1_150' title='bbox 3860 777 3933 807; x_wconf 79' lang='grc' dir='ltr'>πι-</span> 
     </span>
    </p>
   </div>
   <div class='ocr_carea' id='block_1_24' title="bbox 2329 842 3933 918">
    <p class='ocr_par' dir='ltr' id='par_1_24' title="bbox 2329 842 3933 918">
     <span class='ocr_line' id='line_1_24' title="bbox 2329 842 3933 918; baseline 0.003 -26"><span class='ocrx_word' id='word_1_151' title='bbox 2329 850 2474 913; x_wconf 88' lang='grc' dir='ltr'>κραῖς</span> <span class='ocrx_word' id='word_1_152' title='bbox 2548 848 2636 894; x_wconf 85' lang='grc' dir='ltr'>καὶ</span> <span class='ocrx_word' id='word_1_153' title='bbox 2720 845 3093 915; x_wconf 67' lang='grc' dir='ltr'>θανατηφόροις</span> <span class='ocrx_word' id='word_1_154' title='bbox 3166 842 3425 914; x_wconf 76' lang='grc' dir='ltr'>βασάνοις</span> <span class='ocrx_word' id='word_1_155' title='bbox 3512 846 3933 918; x_wconf 73' lang='grc' dir='ltr'>ἐγκαρτεροῦντος</span> 
     </span>
    </p>
   </div>
   <div class='ocr_carea' id='block_1_25' title="bbox 2328 928 3933 1004">
    <p class='ocr_par' dir='ltr' id='par_1_25' title="bbox 2328 928 3933 1004">
     <span class='ocr_line' id='line_1_25' title="bbox 2328 928 3933 1004; baseline 0.001 -21"><span class='ocrx_word' id='word_1_156' title='bbox 2328 939 2417 983; x_wconf 80' lang='grc' dir='ltr'>τού</span> <span class='ocrx_word' id='word_1_157' title='bbox 2464 936 2714 1004; x_wconf 76' lang='grc' dir='ltr'>κήρυκος,</span> <span class='ocrx_word' id='word_1_158' title='bbox 2756 937 2844 983; x_wconf 88' lang='grc' dir='ltr'>καὶ</span> <span class='ocrx_word' id='word_1_159' title='bbox 2896 928 2967 983; x_wconf 78' lang='grc' dir='ltr'>δι’</span> <span class='ocrx_word' id='word_1_160' title='bbox 3014 932 3081 982; x_wconf 85' lang='grc' dir='ltr'>ὧν</span> <span class='ocrx_word' id='word_1_161' title='bbox 3112 933 3385 1003; x_wconf 83' lang='grc' dir='ltr'>ύπερφυῶς</span> <span class='ocrx_word' id='word_1_162' title='bbox 3424 940 3539 991; x_wconf 87' lang='grc' dir='ltr'>ταῖς</span> <span class='ocrx_word' id='word_1_163' title='bbox 3582 941 3687 984; x_wconf 84' lang='grc' dir='ltr'>τῶν</span> <span class='ocrx_word' id='word_1_164' title='bbox 3738 934 3933 985; x_wconf 72' lang='grc' dir='ltr'>ἐπιϐον-</span> 
     </span>
    </p>
   </div>
   <div class='ocr_carea' id='block_1_26' title="bbox 2327 1016 3932 1093">
    <p class='ocr_par' dir='ltr' id='par_1_26' title="bbox 2327 1016 3932 1093">
     <span class='ocr_line' id='line_1_26' title="bbox 2327 1016 3932 1093; baseline 0.002 -22"><span class='ocrx_word' id='word_1_165' title='bbox 2327 1020 2572 1072; x_wconf 89' lang='grc' dir='ltr'>λευόντων</span> <span class='ocrx_word' id='word_1_166' title='bbox 2618 1026 2941 1092; x_wconf 77' lang='grc' dir='ltr'>μιαιφονίαις</span> <span class='ocrx_word' id='word_1_167' title='bbox 2985 1026 3073 1073; x_wconf 83' lang='grc' dir='ltr'>καὶ</span> <span class='ocrx_word' id='word_1_168' title='bbox 3122 1022 3265 1093; x_wconf 83' lang='grc' dir='ltr'>παρά</span> <span class='ocrx_word' id='word_1_169' title='bbox 3316 1016 3472 1082; x_wconf 81' lang='grc' dir='ltr'>δόξαν</span> <span class='ocrx_word' id='word_1_170' title='bbox 3518 1019 3785 1074; x_wconf 77' lang='grc' dir='ltr'>ἀνάλωτον</span> <span class='ocrx_word' id='word_1_171' title='bbox 3842 1023 3932 1075; x_wconf 83' lang='grc' dir='ltr'>ἐτί-</span> 
     </span>
    </p>
   </div>
   <div class='ocr_carea' id='block_1_27' title="bbox 2330 1107 3931 1181">
    <p class='ocr_par' dir='ltr' id='par_1_27' title="bbox 2330 1107 3931 1181">
     <span class='ocr_line' id='line_1_27' title="bbox 2330 1107 3931 1181; baseline 0.002 -21"><span class='ocrx_word' id='word_1_172' title='bbox 2330 1111 2403 1161; x_wconf 91' lang='grc' dir='ltr'>θει</span> <span class='ocrx_word' id='word_1_173' title='bbox 2452 1114 2540 1162; x_wconf 87' lang='grc' dir='ltr'>καὶ</span> <span class='ocrx_word' id='word_1_174' title='bbox 2590 1107 2916 1163; x_wconf 71' lang='grc' dir='ltr'>ἀπεδείκνυεν</span> <span class='ocrx_word' id='word_1_175' title='bbox 2964 1115 3047 1162; x_wconf 87' lang='grc' dir='ltr'>τόν</span> <span class='ocrx_word' id='word_1_176' title='bbox 3099 1109 3413 1181; x_wconf 86' lang='grc' dir='ltr'>ἀγωνιστήν.</span> <span class='ocrx_word' id='word_1_177' title='bbox 3471 1112 3651 1172; x_wconf 77' lang='grc' dir='ltr'>Ούτως</span> <span class='ocrx_word' id='word_1_178' title='bbox 3714 1108 3805 1163; x_wconf 73' lang='grc' dir='ltr'>οὖν</span> <span class='ocrx_word' id='word_1_179' title='bbox 3859 1120 3931 1163; x_wconf 81' lang='grc' dir='ltr'>καὶ</span> 
     </span>
    </p>
   </div>
   <div class='ocr_carea' id='block_1_28' title="bbox 2329 1194 3935 1265">
    <p class='ocr_par' dir='ltr' id='par_1_28' title="bbox 2329 1194 3935 1265">
     <span class='ocr_line' id='line_1_28' title="bbox 2329 1194 3935 1265; baseline 0.003 -17"><span class='ocrx_word' id='word_1_180' title='bbox 2329 1194 2420 1249; x_wconf 79' lang='grc' dir='ltr'>διὰ</span> <span class='ocrx_word' id='word_1_181' title='bbox 2465 1207 2559 1260; x_wconf 80' lang='grc' dir='ltr'>τῆς</span> <span class='ocrx_word' id='word_1_182' title='bbox 2608 1199 2764 1265; x_wconf 78' lang='grc' dir='ltr'>ζωῆς,</span> <span class='ocrx_word' id='word_1_183' title='bbox 2806 1203 3045 1252; x_wconf 84' lang='grc' dir='ltr'>τουτέστι</span> <span class='ocrx_word' id='word_1_184' title='bbox 3088 1208 3189 1250; x_wconf 86' lang='grc' dir='ltr'>τῶν</span> <span class='ocrx_word' id='word_1_185' title='bbox 3240 1202 3632 1258; x_wconf 84' lang='grc' dir='ltr'>ςωοποιούντων</span> <span class='ocrx_word' id='word_1_186' title='bbox 3690 1206 3783 1253; x_wconf 79' lang='grc' dir='ltr'>καὶ</span> <span class='ocrx_word' id='word_1_187' title='bbox 3827 1198 3935 1253; x_wconf 78' lang='grc' dir='ltr'>δια-</span> 
     </span>
    </p>
   </div>
   <div class='ocr_carea' id='block_1_29' title="bbox 2330 1285 3934 1361">
    <p class='ocr_par' dir='ltr' id='par_1_29' title="bbox 2330 1285 3934 1361">
     <span class='ocr_line' id='line_1_29' title="bbox 2330 1285 3934 1361; baseline 0 -22"><span class='ocrx_word' id='word_1_188' title='bbox 2330 1288 2619 1350; x_wconf 74' lang='grc' dir='ltr'>σωζόντων,</span> <span class='ocrx_word' id='word_1_189' title='bbox 2675 1294 2763 1340; x_wconf 83' lang='grc' dir='ltr'>καὶ</span> <span class='ocrx_word' id='word_1_190' title='bbox 2822 1285 2915 1341; x_wconf 81' lang='grc' dir='ltr'>διὰ</span> <span class='ocrx_word' id='word_1_191' title='bbox 2968 1297 3065 1340; x_wconf 85' lang='grc' dir='ltr'>τῶν</span> <span class='ocrx_word' id='word_1_192' title='bbox 3133 1290 3353 1340; x_wconf 90' lang='grc' dir='ltr'>θανάτου</span> <span class='ocrx_word' id='word_1_193' title='bbox 3403 1293 3699 1361; x_wconf 84' lang='grc' dir='ltr'>παραιτίων</span> <span class='ocrx_word' id='word_1_194' title='bbox 3736 1289 3934 1361; x_wconf 69' lang='grc' dir='ltr'>πληγῶν</span> 
     </span>
    </p>
   </div>
   <div class='ocr_carea' id='block_1_30' title="bbox 2325 1374 3935 1451">
    <p class='ocr_par' dir='ltr' id='par_1_30' title="bbox 2325 1374 3935 1451">
     <span class='ocr_line' id='line_1_30' title="bbox 2325 1374 3935 1451; baseline 0.001 -24"><span class='ocrx_word' id='word_1_195' title='bbox 2325 1381 2414 1427; x_wconf 84' lang='grc' dir='ltr'>καὶ</span> <span class='ocrx_word' id='word_1_196' title='bbox 2446 1374 2713 1448; x_wconf 85' lang='grc' dir='ltr'>βασάνων,</span> <span class='ocrx_word' id='word_1_197' title='bbox 2750 1380 2777 1435; x_wconf 78' lang='grc' dir='ltr'>ἡ</span> <span class='ocrx_word' id='word_1_198' title='bbox 2815 1386 2909 1438; x_wconf 81' lang='grc' dir='ltr'>τῆς</span> <span class='ocrx_word' id='word_1_199' title='bbox 2960 1382 3145 1449; x_wconf 78' lang='grc' dir='ltr'>σοφίας</span> <span class='ocrx_word' id='word_1_200' title='bbox 3189 1382 3274 1429; x_wconf 81' lang='grc' dir='ltr'>καὶ</span> <span class='ocrx_word' id='word_1_201' title='bbox 3312 1375 3583 1447; x_wconf 88' lang='grc' dir='ltr'>δυνάμεως</span> <span class='ocrx_word' id='word_1_202' title='bbox 3627 1383 3779 1448; x_wconf 82' lang='grc' dir='ltr'>πηγή</span> <span class='ocrx_word' id='word_1_203' title='bbox 3827 1386 3935 1451; x_wconf 77' lang='grc' dir='ltr'>Χρι-</span> 
     </span>
    </p>
   </div>
   <div class='ocr_carea' id='block_1_31' title="bbox 2328 1465 3925 1539">
    <p class='ocr_par' dir='ltr' id='par_1_31' title="bbox 2328 1465 3925 1539">
     <span class='ocr_line' id='line_1_31' title="bbox 2328 1465 3925 1539; baseline 0.003 -23"><span class='ocrx_word' id='word_1_204' title='bbox 2328 1470 2446 1525; x_wconf 81' lang='grc' dir='ltr'>στός</span> <span class='ocrx_word' id='word_1_205' title='bbox 2483 1467 2507 1516; x_wconf 90' lang='grc' dir='ltr'>ό</span> <span class='ocrx_word' id='word_1_206' title='bbox 2550 1470 2680 1528; x_wconf 84' lang='grc' dir='ltr'>Θεὸς</span> <span class='ocrx_word' id='word_1_207' title='bbox 2726 1468 2871 1539; x_wconf 72' lang='grc' dir='ltr'>ἡμῶν</span> <span class='ocrx_word' id='word_1_208' title='bbox 2914 1465 2961 1518; x_wconf 83' lang='grc' dir='ltr'>ἐν</span> <span class='ocrx_word' id='word_1_209' title='bbox 2992 1474 3063 1536; x_wconf 80' lang='grc' dir='ltr'>τῷ</span> <span class='ocrx_word' id='word_1_210' title='bbox 3093 1465 3299 1518; x_wconf 88' lang='grc' dir='ltr'>Παύλου</span> <span class='ocrx_word' id='word_1_211' title='bbox 3334 1473 3539 1537; x_wconf 88' lang='grc' dir='ltr'>σώματι</span> <span class='ocrx_word' id='word_1_212' title='bbox 3570 1467 3925 1539; x_wconf 78' lang='grc' dir='ltr'>ἐμεγαλύνετο.</span> 
     </span>
    </p>
   </div>
   <div class='ocr_carea' id='block_1_32' title="bbox 2327 1551 3935 1630">
    <p class='ocr_par' dir='ltr' id='par_1_32' title="bbox 2327 1551 3935 1630">
     <span class='ocr_line' id='line_1_32' title="bbox 2327 1551 3935 1630; baseline 0.002 -25"><span class='ocrx_word' id='word_1_213' title='bbox 2327 1551 2493 1605; x_wconf 73' lang='grc' dir='ltr'>Οὐδὲν</span> <span class='ocrx_word' id='word_1_214' title='bbox 2553 1552 2610 1607; x_wconf 77' lang='grc' dir='ltr'>δὲ</span> <span class='ocrx_word' id='word_1_215' title='bbox 2673 1556 2855 1607; x_wconf 88' lang='grc' dir='ltr'>κωλύει</span> <span class='ocrx_word' id='word_1_216' title='bbox 2910 1557 2976 1607; x_wconf 87' lang='grc' dir='ltr'>τά</span> <span class='ocrx_word' id='word_1_217' title='bbox 3038 1563 3129 1607; x_wconf 80' lang='grc' dir='ltr'>τοῦ</span> <span class='ocrx_word' id='word_1_218' title='bbox 3182 1551 3515 1607; x_wconf 76' lang='grc' dir='ltr'>διδασκάλου</span> <span class='ocrx_word' id='word_1_219' title='bbox 3581 1557 3807 1630; x_wconf 79' lang='grc' dir='ltr'>ῥήματα</span> <span class='ocrx_word' id='word_1_220' title='bbox 3856 1561 3935 1609; x_wconf 82' lang='grc' dir='ltr'>καὶ</span> 
     </span>
    </p>
   </div>
   <div class='ocr_carea' id='block_1_33' title="bbox 2325 1640 3930 1719">
    <p class='ocr_par' dir='ltr' id='par_1_33' title="bbox 2325 1640 3930 1719">
     <span class='ocr_line' id='line_1_33' title="bbox 2325 1640 3930 1719; baseline 0.002 -25"><span class='ocrx_word' id='word_1_221' title='bbox 2325 1642 2615 1717; x_wconf 77' lang='grc' dir='ltr'>πρόρρησιν</span> <span class='ocrx_word' id='word_1_222' title='bbox 2670 1647 3008 1719; x_wconf 77' lang='grc' dir='ltr'>ὑπογράφειν.</span> <span class='ocrx_word' id='word_1_223' title='bbox 3065 1646 3205 1697; x_wconf 72' lang='grc' dir='ltr'>Ἐπεὶ</span> <span class='ocrx_word' id='word_1_224' title='bbox 3262 1647 3363 1717; x_wconf 79' lang='grc' dir='ltr'>γὰρ</span> <span class='ocrx_word' id='word_1_225' title='bbox 3419 1640 3662 1719; x_wconf 85' lang='grc' dir='ltr'>δεύτερον</span> <span class='ocrx_word' id='word_1_226' title='bbox 3722 1654 3797 1717; x_wconf 82' lang='grc' dir='ltr'>τῷ</span> <span class='ocrx_word' id='word_1_227' title='bbox 3848 1651 3930 1698; x_wconf 80' lang='grc' dir='ltr'>Νέ-</span> 
     </span>
    </p>
   </div>
   <div class='ocr_carea' id='block_1_34' title="bbox 562 1728 2211 1809">
    <p class='ocr_par' dir='ltr' id='par_1_34' title="bbox 562 1728 2211 1801">
     <span class='ocr_line' id='line_1_34' title="bbox 562 1728 2211 1801; baseline 0 -18"><span class='ocrx_word' id='word_1_228' title='bbox 562 1731 664 1801; x_wconf 93' lang='lat' dir='ltr'>qui</span> <span class='ocrx_word' id='word_1_229' title='bbox 708 1740 957 1783; x_wconf 81' lang='lat' dir='ltr'>mortem</span> <span class='ocrx_word' id='word_1_230' title='bbox 1001 1728 1314 1783; x_wconf 86' lang='lat' dir='ltr'>conciliare</span> <span class='ocrx_word' id='word_1_231' title='bbox 1363 1734 1655 1800; x_wconf 84' lang='lat' dir='ltr'>poterant,</span> <span class='ocrx_word' id='word_1_232' title='bbox 1712 1728 1997 1792; x_wconf 86' lang='lat' dir='ltr'>Christus,</span> <span class='ocrx_word' id='word_1_233' title='bbox 2060 1729 2211 1783; x_wconf 87' lang='lat' dir='ltr'>Deus</span> 
     </span>
    </p>
   </div>
   <div class='ocr_carea' id='block_1_35' title="bbox 2323 1728 3931 1809">
    <p class='ocr_par' dir='ltr' id='par_1_35' title="bbox 2324 1732 3931 1809">
     <span class='ocr_line' id='line_1_35' title="bbox 2324 1732 3931 1809; baseline 0.002 -27"><span class='ocrx_word' id='word_1_234' title='bbox 2324 1752 2483 1806; x_wconf 88' lang='grc' dir='ltr'>ρωνος</span> <span class='ocrx_word' id='word_1_235' title='bbox 2539 1732 2743 1805; x_wconf 81' lang='grc' dir='ltr'>βήματι</span> <span class='ocrx_word' id='word_1_236' title='bbox 2796 1732 3055 1808; x_wconf 80' lang='grc' dir='ltr'>παρέστη,</span> <span class='ocrx_word' id='word_1_237' title='bbox 3114 1739 3199 1785; x_wconf 83' lang='grc' dir='ltr'>καὶ</span> <span class='ocrx_word' id='word_1_238' title='bbox 3258 1737 3351 1791; x_wconf 87' lang='grc' dir='ltr'>τήν</span> <span class='ocrx_word' id='word_1_239' title='bbox 3408 1737 3499 1805; x_wconf 75' lang='grc' dir='ltr'>μεν</span> <span class='ocrx_word' id='word_1_240' title='bbox 3555 1741 3775 1809; x_wconf 79' lang='grc' dir='ltr'>πρώτην</span> <span class='ocrx_word' id='word_1_241' title='bbox 3831 1735 3931 1806; x_wconf 68' lang='grc'>(42)</span> 
     </span>
    </p>
   </div>
   <div class='ocr_carea' id='block_1_36' title="bbox 564 1816 2213 1889">
    <p class='ocr_par' dir='ltr' id='par_1_36' title="bbox 564 1816 2213 1889">
     <span class='ocr_line' id='line_1_36' title="bbox 564 1816 2213 1889; baseline 0.001 -17"><span class='ocrx_word' id='word_1_242' title='bbox 564 1825 784 1883; x_wconf 87' lang='lat' dir='ltr'>noster,</span> <span class='ocrx_word' id='word_1_243' title='bbox 836 1824 1123 1889; x_wconf 86' lang='lat' dir='ltr'>tanquam</span> <span class='ocrx_word' id='word_1_244' title='bbox 1192 1819 1325 1871; x_wconf 86' lang='lat' dir='ltr'>fons</span> <span class='ocrx_word' id='word_1_245' title='bbox 1390 1816 1697 1887; x_wconf 73' lang='lat' dir='ltr'>sapientiae</span> <span class='ocrx_word' id='word_1_246' title='bbox 1742 1822 1797 1872; x_wconf 93' lang='lat' dir='ltr'>et</span> <span class='ocrx_word' id='word_1_247' title='bbox 1838 1820 2113 1888; x_wconf 64' lang='lat' dir='ltr'>potentim</span> <span class='ocrx_word' id='word_1_248' title='bbox 2154 1818 2213 1873; x_wconf 90' lang='lat' dir='ltr'>in</span> 
     </span>
    </p>
   </div>
   <div class='ocr_carea' id='block_1_37' title="bbox 565 1904 2208 1977">
    <p class='ocr_par' dir='ltr' id='par_1_37' title="bbox 565 1904 2208 1977">
     <span class='ocr_line' id='line_1_37' title="bbox 565 1904 2208 1977; baseline 0.001 -18"><span class='ocrx_word' id='word_1_249' title='bbox 565 1905 729 1961; x_wconf 86' lang='lat' dir='ltr'>Pauli</span> <span class='ocrx_word' id='word_1_250' title='bbox 776 1922 1023 1977; x_wconf 90' lang='lat' dir='ltr'>corpore</span> <span class='ocrx_word' id='word_1_251' title='bbox 1080 1904 1539 1974; x_wconf 87' lang='lat' dir='ltr'>glorilicabatur.</span> <span class='ocrx_word' id='word_1_252' title='bbox 1594 1906 1744 1961; x_wconf 88' lang='lat' dir='ltr'>Nihil</span> <span class='ocrx_word' id='word_1_253' title='bbox 1794 1922 1929 1961; x_wconf 89' lang='lat' dir='ltr'>vero</span> <span class='ocrx_word' id='word_1_254' title='bbox 1989 1906 2208 1976; x_wconf 89' lang='lat' dir='ltr'>obstat,</span> 
     </span>
    </p>
   </div>
   <div class='ocr_carea' id='block_1_38' title="bbox 563 1995 2214 2066">
    <p class='ocr_par' dir='ltr' id='par_1_38' title="bbox 563 1995 2214 2066">
     <span class='ocr_line' id='line_1_38' title="bbox 563 1995 2214 2066; baseline 0.001 -17"><span class='ocrx_word' id='word_1_255' title='bbox 563 1995 709 2066; x_wconf 91' lang='lat' dir='ltr'>quin</span> <span class='ocrx_word' id='word_1_256' title='bbox 749 1996 1010 2049; x_wconf 86' lang='lat' dir='ltr'>doctoris</span> <span class='ocrx_word' id='word_1_257' title='bbox 1051 1995 1236 2049; x_wconf 83' lang='lat' dir='ltr'>nostri</span> <span class='ocrx_word' id='word_1_258' title='bbox 1263 1995 1442 2050; x_wconf 90' lang='lat' dir='ltr'>verba</span> <span class='ocrx_word' id='word_1_259' title='bbox 1488 2000 1543 2049; x_wconf 93' lang='lat' dir='ltr'>et</span> <span class='ocrx_word' id='word_1_260' title='bbox 1590 1996 2027 2066; x_wconf 61' lang='lat' dir='ltr'>prtedictionem</span> <span class='ocrx_word' id='word_1_261' title='bbox 2077 1996 2214 2051; x_wconf 89' lang='lat' dir='ltr'>sub-</span> 
     </span>
    </p>
   </div>
   <div class='ocr_carea' id='block_1_39' title="bbox 556 2084 2211 2154">
    <p class='ocr_par' dir='ltr' id='par_1_39' title="bbox 556 2084 2211 2154">
     <span class='ocr_line' id='line_1_39' title="bbox 556 2084 2211 2154; baseline 0.001 -15"><span class='ocrx_word' id='word_1_262' title='bbox 556 2084 856 2154; x_wconf 86' lang='lat' dir='ltr'>jiciamus.</span> <span class='ocrx_word' id='word_1_263' title='bbox 896 2087 1043 2139; x_wconf 88' lang='lat' dir='ltr'>Cum</span> <span class='ocrx_word' id='word_1_264' title='bbox 1083 2084 1244 2140; x_wconf 89' lang='lat' dir='ltr'>enim</span> <span class='ocrx_word' id='word_1_265' title='bbox 1278 2085 1461 2141; x_wconf 83' lang='lat' dir='ltr'>altera</span> <span class='ocrx_word' id='word_1_266' title='bbox 1497 2086 1619 2140; x_wconf 92' lang='lat' dir='ltr'>vice</span> <span class='ocrx_word' id='word_1_267' title='bbox 1656 2086 1897 2141; x_wconf 84' lang='lat' dir='ltr'>Neronis</span> <span class='ocrx_word' id='word_1_268' title='bbox 1933 2086 2211 2141; x_wconf 88' lang='lat' dir='ltr'>tribunali</span> 
     </span>
    </p>
   </div>
   <div class='ocr_carea' id='block_1_40' title="bbox 562 2174 2207 2246">
    <p class='ocr_par' dir='ltr' id='par_1_40' title="bbox 562 2174 2207 2246">
     <span class='ocr_line' id='line_1_40' title="bbox 562 2174 2207 2246; baseline 0.001 -18"><span class='ocrx_word' id='word_1_269' title='bbox 562 2175 882 2240; x_wconf 87' lang='lat' dir='ltr'>sisteretur,</span> <span class='ocrx_word' id='word_1_270' title='bbox 942 2180 1078 2246; x_wconf 87' lang='lat' dir='ltr'>post</span> <span class='ocrx_word' id='word_1_271' title='bbox 1128 2174 1385 2245; x_wconf 85' lang='lat' dir='ltr'>primam</span> <span class='ocrx_word' id='word_1_272' title='bbox 1450 2174 1813 2245; x_wconf 85' lang='lat' dir='ltr'>apologiam,</span> <span class='ocrx_word' id='word_1_273' title='bbox 1878 2175 2207 2244; x_wconf 83' lang='lat' dir='ltr'>dimissus;</span> 
     </span>
    </p>
   </div>
   <div class='ocr_carea' id='block_1_41' title="bbox 562 2264 2214 2336">
    <p class='ocr_par' dir='ltr' id='par_1_41' title="bbox 562 2264 2214 2336">
     <span class='ocr_line' id='line_1_41' title="bbox 562 2264 2214 2336; baseline 0.002 -18"><span class='ocrx_word' id='word_1_274' title='bbox 562 2264 740 2319; x_wconf 86' lang='lat' dir='ltr'>altera</span> <span class='ocrx_word' id='word_1_275' title='bbox 786 2280 925 2320; x_wconf 89' lang='lat' dir='ltr'>vero</span> <span class='ocrx_word' id='word_1_276' title='bbox 966 2264 1063 2319; x_wconf 86' lang='lat' dir='ltr'>illa</span> <span class='ocrx_word' id='word_1_277' title='bbox 1112 2265 1252 2327; x_wconf 75' lang='lat' dir='ltr'>vice.</span> <span class='ocrx_word' id='word_1_278' title='bbox 1301 2264 1550 2336; x_wconf 87' lang='lat' dir='ltr'>quando</span> <span class='ocrx_word' id='word_1_279' title='bbox 1600 2266 1841 2320; x_wconf 85' lang='lat' dir='ltr'>Neronis</span> <span class='ocrx_word' id='word_1_280' title='bbox 1894 2266 2214 2321; x_wconf 87' lang='lat' dir='ltr'>crudelitas</span> 
     </span>
    </p>
   </div>
   <div class='ocr_carea' id='block_1_42' title="bbox 562 2353 2215 2425">
    <p class='ocr_par' dir='ltr' id='par_1_42' title="bbox 562 2353 2215 2425">
     <span class='ocr_line' id='line_1_42' title="bbox 562 2353 2215 2425; baseline 0.001 -17"><span class='ocrx_word' id='word_1_281' title='bbox 562 2354 811 2408; x_wconf 88' lang='lat' dir='ltr'>immani</span> <span class='ocrx_word' id='word_1_282' title='bbox 846 2354 1068 2423; x_wconf 88' lang='lat' dir='ltr'>impetu</span> <span class='ocrx_word' id='word_1_283' title='bbox 1102 2353 1159 2407; x_wconf 90' lang='lat' dir='ltr'>in</span> <span class='ocrx_word' id='word_1_284' title='bbox 1194 2354 1454 2423; x_wconf 88' lang='lat' dir='ltr'>pessima</span> <span class='ocrx_word' id='word_1_285' title='bbox 1481 2369 1731 2425; x_wconf 65' lang='lat' dir='ltr'>qumque</span> <span class='ocrx_word' id='word_1_286' title='bbox 1775 2353 2085 2420; x_wconf 82' lang='lat' dir='ltr'>ferebatur,</span> <span class='ocrx_word' id='word_1_287' title='bbox 2142 2356 2215 2410; x_wconf 78' lang='lat' dir='ltr'>vi—</span> 
     </span>
    </p>
   </div>
   <div class='ocr_carea' id='block_1_43' title="bbox 565 2442 2213 2513">
    <p class='ocr_par' dir='ltr' id='par_1_43' title="bbox 565 2442 2213 2513">
     <span class='ocr_line' id='line_1_43' title="bbox 565 2442 2213 2513; baseline 0.001 -16"><span class='ocrx_word' id='word_1_288' title='bbox 565 2449 684 2497; x_wconf 88' lang='lat' dir='ltr'>tam</span> <span class='ocrx_word' id='word_1_289' title='bbox 710 2442 912 2512; x_wconf 85' lang='lat' dir='ltr'>gladio</span> <span class='ocrx_word' id='word_1_290' title='bbox 941 2442 1183 2506; x_wconf 87' lang='lat' dir='ltr'>amisit;</span> <span class='ocrx_word' id='word_1_291' title='bbox 1214 2442 1407 2496; x_wconf 88' lang='lat' dir='ltr'>dicere</span> <span class='ocrx_word' id='word_1_292' title='bbox 1434 2445 1634 2513; x_wconf 87' lang='lat' dir='ltr'>utique</span> <span class='ocrx_word' id='word_1_293' title='bbox 1665 2448 1919 2513; x_wconf 89' lang='lat' dir='ltr'>poterat,</span> <span class='ocrx_word' id='word_1_294' title='bbox 1953 2444 2213 2499; x_wconf 88' lang='lat' dir='ltr'>Christus</span> 
     </span>
    </p>
   </div>
   <div class='ocr_carea' id='block_1_44' title="bbox 562 2530 2210 2602">
    <p class='ocr_par' dir='ltr' id='par_1_44' title="bbox 562 2530 2210 2602">
     <span class='ocr_line' id='line_1_44' title="bbox 562 2530 2210 2602; baseline 0.001 -17"><span class='ocrx_word' id='word_1_295' title='bbox 562 2532 624 2585; x_wconf 90' lang='lat' dir='ltr'>in</span> <span class='ocrx_word' id='word_1_296' title='bbox 672 2546 911 2599; x_wconf 91' lang='lat' dir='ltr'>corpore</span> <span class='ocrx_word' id='word_1_297' title='bbox 971 2546 1105 2584; x_wconf 89' lang='lat' dir='ltr'>meo</span> <span class='ocrx_word' id='word_1_298' title='bbox 1164 2530 1631 2601; x_wconf 82' lang='lat' dir='ltr'>magnificabitur</span> <span class='ocrx_word' id='word_1_299' title='bbox 1684 2532 1807 2585; x_wconf 88' lang='lat' dir='ltr'>sive</span> <span class='ocrx_word' id='word_1_300' title='bbox 1864 2548 1967 2602; x_wconf 88' lang='lat' dir='ltr'>per</span> <span class='ocrx_word' id='word_1_301' title='bbox 2006 2534 2210 2598; x_wconf 89' lang='lat' dir='ltr'>vitam,</span> 
     </span>
    </p>
   </div>
   <div class='ocr_carea' id='block_1_45' title="bbox 564 2619 2210 2688">
    <p class='ocr_par' dir='ltr' id='par_1_45' title="bbox 564 2619 2210 2688">
     <span class='ocr_line' id='line_1_45' title="bbox 564 2619 2210 2688; baseline 0.002 -15"><span class='ocrx_word' id='word_1_302' title='bbox 564 2619 714 2673; x_wconf 91' lang='lat' dir='ltr'>sicut</span> <span class='ocrx_word' id='word_1_303' title='bbox 742 2634 918 2683; x_wconf 88' lang='lat' dir='ltr'>nunc,</span> <span class='ocrx_word' id='word_1_304' title='bbox 949 2620 1190 2688; x_wconf 88' lang='lat' dir='ltr'>quando</span> <span class='ocrx_word' id='word_1_305' title='bbox 1220 2636 1287 2673; x_wconf 83' lang='lat' dir='ltr'>ex</span> <span class='ocrx_word' id='word_1_306' title='bbox 1321 2636 1501 2674; x_wconf 92' lang='lat' dir='ltr'>manu</span> <span class='ocrx_word' id='word_1_307' title='bbox 1540 2620 1892 2676; x_wconf 89' lang='lat' dir='ltr'>adversante</span> <span class='ocrx_word' id='word_1_308' title='bbox 1933 2629 2210 2677; x_wconf 76' lang='lat' dir='ltr'>mortem~</span> 
     </span>
    </p>
   </div>
   <div class='ocr_carea' id='block_1_46' title="bbox 562 2709 2211 2783">
    <p class='ocr_par' dir='ltr' id='par_1_46' title="bbox 562 2709 2211 2783">
     <span class='ocr_line' id='line_1_46' title="bbox 562 2709 2211 2783; baseline 0.003 -22"><span class='ocrx_word' id='word_1_309' title='bbox 562 2724 678 2779; x_wconf 92' lang='lat' dir='ltr'>que</span> <span class='ocrx_word' id='word_1_310' title='bbox 704 2709 1029 2762; x_wconf 87' lang='lat' dir='ltr'>intentante</span> <span class='ocrx_word' id='word_1_311' title='bbox 1064 2724 1156 2762; x_wconf 89' lang='lat' dir='ltr'>me</span> <span class='ocrx_word' id='word_1_312' title='bbox 1188 2709 1399 2779; x_wconf 86' lang='lat' dir='ltr'>eripuit</span> <span class='ocrx_word' id='word_1_313' title='bbox 1433 2725 1445 2773; x_wconf 92' lang='lat'><strong>;</strong></span> <span class='ocrx_word' id='word_1_314' title='bbox 1483 2710 1599 2764; x_wconf 86' lang='lat' dir='ltr'>sive</span> <span class='ocrx_word' id='word_1_315' title='bbox 1634 2725 1738 2780; x_wconf 91' lang='lat' dir='ltr'>per</span> <span class='ocrx_word' id='word_1_316' title='bbox 1772 2716 2041 2777; x_wconf 90' lang='lat' dir='ltr'>mortem,</span> <span class='ocrx_word' id='word_1_317' title='bbox 2077 2728 2211 2783; x_wconf 67' lang='lat' dir='ltr'>quae</span> 
     </span>
    </p>
   </div>
   <div class='ocr_carea' id='block_1_47' title="bbox 562 2797 2213 2869">
    <p class='ocr_par' dir='ltr' id='par_1_47' title="bbox 562 2797 2213 2869">
     <span class='ocr_line' id='line_1_47' title="bbox 562 2797 2213 2869; baseline 0.002 -17"><span class='ocrx_word' id='word_1_318' title='bbox 562 2813 703 2852; x_wconf 86' lang='lat' dir='ltr'>mox</span> <span class='ocrx_word' id='word_1_319' title='bbox 734 2804 1146 2867; x_wconf 85' lang='lat' dir='ltr'>consequetur,</span> <span class='ocrx_word' id='word_1_320' title='bbox 1179 2797 1424 2868; x_wconf 85' lang='lat' dir='ltr'>quando</span> <span class='ocrx_word' id='word_1_321' title='bbox 1443 2800 1803 2869; x_wconf 86' lang='lat' dir='ltr'>agonotheta</span> <span class='ocrx_word' id='word_1_322' title='bbox 1830 2799 1924 2854; x_wconf 92' lang='lat' dir='ltr'>ille</span> <span class='ocrx_word' id='word_1_323' title='bbox 1958 2817 2048 2854; x_wconf 91' lang='lat' dir='ltr'>me</span> <span class='ocrx_word' id='word_1_324' title='bbox 2082 2817 2213 2855; x_wconf 89' lang='lat' dir='ltr'>ma-</span> 
     </span>
    </p>
   </div>
   <div class='ocr_carea' id='block_1_48' title="bbox 560 2886 2210 2945">
    <p class='ocr_par' dir='ltr' id='par_1_48' title="bbox 560 2886 2210 2945">
     <span class='ocr_line' id='line_1_48' title="bbox 560 2886 2210 2945; baseline 0.002 -4"><span class='ocrx_word' id='word_1_325' title='bbox 560 2887 726 2942; x_wconf 82' lang='lat' dir='ltr'>ximo</span> <span class='ocrx_word' id='word_1_326' title='bbox 770 2888 1093 2942; x_wconf 87' lang='lat' dir='ltr'>certamine</span> <span class='ocrx_word' id='word_1_327' title='bbox 1144 2903 1260 2941; x_wconf 90' lang='lat' dir='ltr'>non</span> <span class='ocrx_word' id='word_1_328' title='bbox 1308 2886 1595 2942; x_wconf 80' lang='lat' dir='ltr'>destituet.</span> <span class='ocrx_word' id='word_1_329' title='bbox 1642 2889 2011 2943; x_wconf 89' lang='lat' dir='ltr'>Conveniens</span> <span class='ocrx_word' id='word_1_330' title='bbox 2053 2892 2210 2945; x_wconf 91' lang='lat' dir='ltr'>enim</span> 
     </span>
    </p>
   </div>
   <div class='ocr_carea' id='block_1_49' title="bbox 561 2975 2208 3045">
    <p class='ocr_par' dir='ltr' id='par_1_49' title="bbox 561 2975 2208 3045">
     <span class='ocr_line' id='line_1_49' title="bbox 561 2975 2208 3045; baseline 0.002 -14"><span class='ocrx_word' id='word_1_331' title='bbox 561 2975 742 3031; x_wconf 83' lang='lat' dir='ltr'>fuisse</span> <span class='ocrx_word' id='word_1_332' title='bbox 777 2976 1027 3041; x_wconf 88' lang='lat' dir='ltr'>videtur,</span> <span class='ocrx_word' id='word_1_333' title='bbox 1067 2982 1127 3030; x_wconf 86' lang='lat' dir='ltr'>ut</span> <span class='ocrx_word' id='word_1_334' title='bbox 1167 2976 1381 3031; x_wconf 87' lang='lat' dir='ltr'>athleta</span> <span class='ocrx_word' id='word_1_335' title='bbox 1413 2976 1506 3031; x_wconf 92' lang='lat' dir='ltr'>hic</span> <span class='ocrx_word' id='word_1_336' title='bbox 1538 2992 1657 3032; x_wconf 94' lang='lat' dir='ltr'>non</span> <span class='ocrx_word' id='word_1_337' title='bbox 1705 2985 1840 3032; x_wconf 88' lang='lat' dir='ltr'>ante</span> <span class='ocrx_word' id='word_1_338' title='bbox 1895 2978 2208 3045; x_wconf 84' lang='lat' dir='ltr'>fatisceret,</span> 
     </span>
    </p>
   </div>
   <div class='ocr_carea' id='block_1_50' title="bbox 2327 1818 3933 1897">
    <p class='ocr_par' dir='ltr' id='par_1_50' title="bbox 2327 1818 3933 1897">
     <span class='ocr_line' id='line_1_50' title="bbox 2327 1818 3933 1897; baseline 0.002 -25"><span class='ocrx_word' id='word_1_339' title='bbox 2327 1820 2787 1894; x_wconf 76' lang='grc' dir='ltr'>ἀπολογησάμενος</span> <span class='ocrx_word' id='word_1_340' title='bbox 2837 1824 3047 1894; x_wconf 81' lang='grc' dir='ltr'>ἠφείθη,</span> <span class='ocrx_word' id='word_1_341' title='bbox 3080 1826 3137 1874; x_wconf 87' lang='grc' dir='ltr'>τὸ</span> <span class='ocrx_word' id='word_1_342' title='bbox 3185 1818 3425 1895; x_wconf 86' lang='grc' dir='ltr'>δεύτερον</span> <span class='ocrx_word' id='word_1_343' title='bbox 3467 1819 3545 1888; x_wconf 72' lang='grc' dir='ltr'>δὲ,</span> <span class='ocrx_word' id='word_1_344' title='bbox 3593 1827 3727 1897; x_wconf 87' lang='grc' dir='ltr'>πρὸς</span> <span class='ocrx_word' id='word_1_345' title='bbox 3775 1827 3933 1876; x_wconf 85' lang='grc' dir='ltr'>πάντα</span> 
     </span>
    </p>
   </div>
   <div class='ocr_carea' id='block_1_51' title="bbox 2325 1910 3540 1986">
    <p class='ocr_par' dir='ltr' id='par_1_51' title="bbox 2325 1910 3540 1986">
     <span class='ocr_line' id='line_1_51' title="bbox 2325 1910 3540 1986; baseline -0.001 -23"><span class='ocrx_word' id='word_1_346' title='bbox 2325 1920 2418 1972; x_wconf 80' lang='grc' dir='ltr'>τῆς</span> <span class='ocrx_word' id='word_1_347' title='bbox 2490 1916 2717 1984; x_wconf 83' lang='grc' dir='ltr'>Νέρωνος</span> <span class='ocrx_word' id='word_1_348' title='bbox 2776 1913 3044 1983; x_wconf 79' lang='grc' dir='ltr'>ὠμότητος</span> <span class='ocrx_word' id='word_1_349' title='bbox 3117 1910 3330 1983; x_wconf 82' lang='grc' dir='ltr'>ἀσχέτῷ</span> <span class='ocrx_word' id='word_1_350' title='bbox 3401 1910 3540 1986; x_wconf 78' lang='grc' dir='ltr'>ῥύμη</span> 
     </span>
    </p>
   </div>
   <div class='ocr_carea' id='block_1_52' title="bbox 2326 1999 3927 2073">
    <p class='ocr_par' dir='ltr' id='par_1_52' title="bbox 2326 1999 3927 2073">
     <span class='ocr_line' id='line_1_52' title="bbox 2326 1999 3927 2073; baseline 0 -23"><span class='ocrx_word' id='word_1_351' title='bbox 2326 2000 2453 2071; x_wconf 85' lang='grc' dir='ltr'>ξίφει</span> <span class='ocrx_word' id='word_1_352' title='bbox 2502 2004 2587 2052; x_wconf 86' lang='grc' dir='ltr'>τὸν</span> <span class='ocrx_word' id='word_1_353' title='bbox 2636 1999 2751 2073; x_wconf 81' lang='grc' dir='ltr'>βίον</span> <span class='ocrx_word' id='word_1_354' title='bbox 2801 2000 3164 2072; x_wconf 84' lang='grc' dir='ltr'>ἀπολιμπάνει,</span> <span class='ocrx_word' id='word_1_355' title='bbox 3198 2008 3350 2052; x_wconf 81' lang='grc' dir='ltr'>τοῦτο</span> <span class='ocrx_word' id='word_1_356' title='bbox 3391 2008 3478 2052; x_wconf 83' lang='grc' dir='ltr'>νῦν</span> <span class='ocrx_word' id='word_1_357' title='bbox 3525 1999 3582 2051; x_wconf 81' lang='grc' dir='ltr'>ἂν</span> <span class='ocrx_word' id='word_1_358' title='bbox 3631 2005 3711 2058; x_wconf 87' lang='grc' dir='ltr'>εἰη</span> <span class='ocrx_word' id='word_1_359' title='bbox 3759 2001 3927 2071; x_wconf 78' lang='grc' dir='ltr'>λέγων,</span> 
     </span>
    </p>
   </div>
   <div class='ocr_carea' id='block_1_53' title="bbox 3635 1916 3928 1983">
    <p class='ocr_par' dir='ltr' id='par_1_53' title="bbox 3635 1916 3928 1983">
     <span class='ocr_line' id='line_1_53' title="bbox 3635 1916 3928 1983; baseline 0.014 -20"><span class='ocrx_word' id='word_1_360' title='bbox 3635 1916 3928 1983; x_wconf 70' lang='grc' dir='ltr'>φερομένης,</span> 
     </span>
    </p>
   </div>
   <div class='ocr_carea' id='block_1_54' title="bbox 2326 2089 3929 2162">
    <p class='ocr_par' dir='ltr' id='par_1_54' title="bbox 2326 2089 3929 2162">
     <span class='ocr_line' id='line_1_54' title="bbox 2326 2089 3929 2162; baseline -0.001 -22"><span class='ocrx_word' id='word_1_361' title='bbox 2326 2091 2404 2140; x_wconf 89' lang='grc' dir='ltr'>ὅτι</span> <span class='ocrx_word' id='word_1_362' title='bbox 2449 2089 2909 2160; x_wconf 85' lang='grc' dir='ltr'>Μεγαλυνθήσεται</span> <span class='ocrx_word' id='word_1_363' title='bbox 2954 2093 3180 2161; x_wconf 83' lang='grc' dir='ltr'>Χριστός</span> <span class='ocrx_word' id='word_1_364' title='bbox 3230 2089 3278 2140; x_wconf 85' lang='grc' dir='ltr'>ἐν</span> <span class='ocrx_word' id='word_1_365' title='bbox 3318 2098 3389 2160; x_wconf 86' lang='grc' dir='ltr'>τῷ</span> <span class='ocrx_word' id='word_1_366' title='bbox 3435 2094 3644 2162; x_wconf 87' lang='grc' dir='ltr'>σώματί</span> <span class='ocrx_word' id='word_1_367' title='bbox 3684 2109 3810 2162; x_wconf 84' lang='grc' dir='ltr'>μου,</span> <span class='ocrx_word' id='word_1_368' title='bbox 3840 2092 3929 2140; x_wconf 81' lang='grc' dir='ltr'>εἴτε</span> 
     </span>
    </p>
   </div>
   <div class='ocr_carea' id='block_1_55' title="bbox 2327 2176 3924 2253">
    <p class='ocr_par' dir='ltr' id='par_1_55' title="bbox 2327 2176 3924 2253">
     <span class='ocr_line' id='line_1_55' title="bbox 2327 2176 3924 2253; baseline 0 -22"><span class='ocrx_word' id='word_1_369' title='bbox 2327 2176 2421 2231; x_wconf 82' lang='grc' dir='ltr'>διὰ</span> <span class='ocrx_word' id='word_1_370' title='bbox 2472 2180 2626 2240; x_wconf 77' lang='grc' dir='ltr'>ζωῆς,</span> <span class='ocrx_word' id='word_1_371' title='bbox 2690 2182 2862 2253; x_wconf 81' lang='grc' dir='ltr'>ὥσπερ</span> <span class='ocrx_word' id='word_1_372' title='bbox 2937 2187 3024 2231; x_wconf 82' lang='grc' dir='ltr'>νῦν</span> <span class='ocrx_word' id='word_1_373' title='bbox 3082 2178 3136 2231; x_wconf 84' lang='grc' dir='ltr'>ἐκ</span> <span class='ocrx_word' id='word_1_374' title='bbox 3195 2183 3379 2252; x_wconf 83' lang='grc' dir='ltr'>χειρὸς</span> <span class='ocrx_word' id='word_1_375' title='bbox 3450 2180 3787 2252; x_wconf 81' lang='grc' dir='ltr'>παλαμναίας</span> <span class='ocrx_word' id='word_1_376' title='bbox 3848 2183 3924 2230; x_wconf 73' lang='grc' dir='ltr'>καὶ</span> 
     </span>
    </p>
   </div>
   <div class='ocr_carea' id='block_1_56' title="bbox 2326 2265 3927 2341">
    <p class='ocr_par' dir='ltr' id='par_1_56' title="bbox 2326 2265 3927 2341">
     <span class='ocr_line' id='line_1_56' title="bbox 2326 2265 3927 2341; baseline 0 -22"><span class='ocrx_word' id='word_1_377' title='bbox 2326 2276 2560 2340; x_wconf 82' lang='grc' dir='ltr'>φονώσης</span> <span class='ocrx_word' id='word_1_378' title='bbox 2600 2267 2918 2340; x_wconf 80' lang='grc' dir='ltr'>ἀφαρπάζων</span> <span class='ocrx_word' id='word_1_379' title='bbox 2973 2288 3055 2341; x_wconf 89' lang='grc' dir='ltr'>με,</span> <span class='ocrx_word' id='word_1_380' title='bbox 3104 2272 3201 2321; x_wconf 86' lang='grc' dir='ltr'>εἴτε</span> <span class='ocrx_word' id='word_1_381' title='bbox 3246 2265 3339 2321; x_wconf 80' lang='grc' dir='ltr'>διὰ</span> <span class='ocrx_word' id='word_1_382' title='bbox 3382 2270 3626 2333; x_wconf 87' lang='grc' dir='ltr'>θανάτου,</span> <span class='ocrx_word' id='word_1_383' title='bbox 3662 2270 3734 2330; x_wconf 87' lang='grc' dir='ltr'>ὡς</span> <span class='ocrx_word' id='word_1_384' title='bbox 3783 2269 3927 2319; x_wconf 70' lang='grc' dir='ltr'>ὕστε-</span> 
     </span>
    </p>
   </div>
   <div class='ocr_carea' id='block_1_57' title="bbox 2324 2354 3926 2430">
    <p class='ocr_par' dir='ltr' id='par_1_57' title="bbox 2324 2354 3926 2430">
     <span class='ocr_line' id='line_1_57' title="bbox 2324 2354 3926 2430; baseline 0 -21"><span class='ocrx_word' id='word_1_385' title='bbox 2324 2378 2411 2430; x_wconf 87' lang='grc' dir='ltr'>ρον</span> <span class='ocrx_word' id='word_1_386' title='bbox 2458 2361 2621 2423; x_wconf 64' lang='grc' dir='ltr'>ἔσται,</span> <span class='ocrx_word' id='word_1_387' title='bbox 2673 2354 2813 2430; x_wconf 77' lang='grc' dir='ltr'>μηδέ</span> <span class='ocrx_word' id='word_1_388' title='bbox 2856 2365 2945 2409; x_wconf 77' lang='grc' dir='ltr'>τοῦ</span> <span class='ocrx_word' id='word_1_389' title='bbox 2994 2357 3271 2430; x_wconf 85' lang='grc' dir='ltr'>κεφαλαίου</span> <span class='ocrx_word' id='word_1_390' title='bbox 3330 2366 3429 2410; x_wconf 83' lang='grc' dir='ltr'>τῶν</span> <span class='ocrx_word' id='word_1_391' title='bbox 3486 2359 3657 2410; x_wconf 78' lang='grc' dir='ltr'>ἄθλων</span> <span class='ocrx_word' id='word_1_392' title='bbox 3718 2356 3926 2409; x_wconf 83' lang='grc' dir='ltr'>ἀποστε·</span> 
     </span>
    </p>
   </div>
   <div class='ocr_carea' id='block_1_58' title="bbox 2323 2443 3919 2521">
    <p class='ocr_par' dir='ltr' id='par_1_58' title="bbox 2323 2443 3919 2521">
     <span class='ocr_line' id='line_1_58' title="bbox 2323 2443 3919 2521; baseline 0 -23"><span class='ocrx_word' id='word_1_393' title='bbox 2323 2453 2535 2521; x_wconf 81' lang='grc' dir='ltr'>ροῦντός</span> <span class='ocrx_word' id='word_1_394' title='bbox 2588 2467 2650 2519; x_wconf 89' lang='grc' dir='ltr'>με</span> <span class='ocrx_word' id='word_1_395' title='bbox 2702 2456 2794 2499; x_wconf 79' lang='grc' dir='ltr'>τοῦ</span> <span class='ocrx_word' id='word_1_396' title='bbox 2858 2447 3196 2519; x_wconf 83' lang='grc' dir='ltr'>ἀγωνοθέτου.</span> <span class='ocrx_word' id='word_1_397' title='bbox 3253 2443 3402 2499; x_wconf 82' lang='grc' dir='ltr'>Ἐδει</span> <span class='ocrx_word' id='word_1_398' title='bbox 3447 2450 3571 2521; x_wconf 80' lang='grc' dir='ltr'>γὰρ,</span> <span class='ocrx_word' id='word_1_399' title='bbox 3627 2450 3697 2509; x_wconf 83' lang='grc' dir='ltr'>ὡς</span> <span class='ocrx_word' id='word_1_400' title='bbox 3754 2450 3919 2509; x_wconf 80' lang='grc' dir='ltr'>ἔοικεν,</span> 
     </span>
    </p>
   </div>
   <div class='ocr_carea' id='block_1_59' title="bbox 2324 2532 3919 2610">
    <p class='ocr_par' dir='ltr' id='par_1_59' title="bbox 2324 2532 3919 2610">
     <span class='ocr_line' id='line_1_59' title="bbox 2324 2532 3919 2610; baseline 0 -23"><span class='ocrx_word' id='word_1_401' title='bbox 2324 2541 2391 2608; x_wconf 85' lang='grc' dir='ltr'>μή</span> <span class='ocrx_word' id='word_1_402' title='bbox 2440 2544 2828 2610; x_wconf 84' lang='grc' dir='ltr'>προαποκαμεῖν</span> <span class='ocrx_word' id='word_1_403' title='bbox 2876 2540 2961 2588; x_wconf 88' lang='grc' dir='ltr'>τόν</span> <span class='ocrx_word' id='word_1_404' title='bbox 3016 2536 3265 2605; x_wconf 80' lang='grc' dir='ltr'>ἀθλητὴν,</span> <span class='ocrx_word' id='word_1_405' title='bbox 3322 2532 3461 2608; x_wconf 72' lang='grc' dir='ltr'>μηδὲ</span> <span class='ocrx_word' id='word_1_406' title='bbox 3514 2540 3598 2587; x_wconf 84' lang='grc' dir='ltr'>τόν</span> <span class='ocrx_word' id='word_1_407' title='bbox 3660 2537 3786 2610; x_wconf 71' lang='grc' dir='ltr'>ὑπὲρ</span> <span class='ocrx_word' id='word_1_408' title='bbox 3838 2536 3919 2586; x_wconf 75' lang='grc' dir='ltr'>άν-</span> 
     </span>
    </p>
   </div>
   <div class='ocr_carea' id='block_1_60' title="bbox 2326 2621 3916 2698">
    <p class='ocr_par' dir='ltr' id='par_1_60' title="bbox 2326 2621 3916 2698">
     <span class='ocr_line' id='line_1_60' title="bbox 2326 2621 3916 2698; baseline -0.001 -21"><span class='ocrx_word' id='word_1_409' title='bbox 2326 2628 2525 2691; x_wconf 86' lang='grc' dir='ltr'>θρωπον</span> <span class='ocrx_word' id='word_1_410' title='bbox 2569 2623 2762 2698; x_wconf 81' lang='grc' dir='ltr'>δρόμον</span> <span class='ocrx_word' id='word_1_411' title='bbox 2792 2634 2946 2696; x_wconf 82' lang='grc' dir='ltr'>κοινῷ</span> <span class='ocrx_word' id='word_1_412' title='bbox 2981 2633 3074 2687; x_wconf 79' lang='grc' dir='ltr'>τῆς</span> <span class='ocrx_word' id='word_1_413' title='bbox 3119 2629 3319 2697; x_wconf 87' lang='grc' dir='ltr'>φύσεως</span> <span class='ocrx_word' id='word_1_414' title='bbox 3350 2621 3671 2683; x_wconf 80' lang='grc' dir='ltr'>διακοπῆναι</span> <span class='ocrx_word' id='word_1_415' title='bbox 3705 2626 3916 2694; x_wconf 78' lang='grc' dir='ltr'>θανάτῳ,</span> 
     </span>
    </p>
   </div>
   <div class='ocr_carea' id='block_1_61' title="bbox 2324 2707 3917 2788">
    <p class='ocr_par' dir='ltr' id='par_1_61' title="bbox 2324 2707 3917 2788">
     <span class='ocr_line' id='line_1_61' title="bbox 2324 2707 3917 2788; baseline -0.003 -22"><span class='ocrx_word' id='word_1_416' title='bbox 2324 2714 2450 2766; x_wconf 86' lang='grc' dir='ltr'>ἀλλά</span> <span class='ocrx_word' id='word_1_417' title='bbox 2494 2720 2580 2767; x_wconf 87' lang='grc' dir='ltr'>καὶ</span> <span class='ocrx_word' id='word_1_418' title='bbox 2627 2715 2787 2771; x_wconf 83' lang='grc' dir='ltr'>αύτήν</span> <span class='ocrx_word' id='word_1_419' title='bbox 2819 2720 2911 2771; x_wconf 82' lang='grc' dir='ltr'>τήν</span> <span class='ocrx_word' id='word_1_420' title='bbox 2946 2717 3077 2788; x_wconf 82' lang='grc' dir='ltr'>πρὸς</span> <span class='ocrx_word' id='word_1_421' title='bbox 3123 2716 3180 2765; x_wconf 86' lang='grc' dir='ltr'>τὸ</span> <span class='ocrx_word' id='word_1_422' title='bbox 3212 2715 3525 2786; x_wconf 88' lang='grc' dir='ltr'>ποθούμενον</span> <span class='ocrx_word' id='word_1_423' title='bbox 3564 2710 3744 2776; x_wconf 80' lang='grc' dir='ltr'>ἔξοδον</span> <span class='ocrx_word' id='word_1_424' title='bbox 3775 2707 3917 2764; x_wconf 85' lang='grc' dir='ltr'>ἆθλον</span> 
     </span>
    </p>
   </div>
   <div class='ocr_carea' id='block_1_62' title="bbox 2322 2801 3915 2875">
    <p class='ocr_par' dir='ltr' id='par_1_62' title="bbox 2322 2801 3915 2875">
     <span class='ocr_line' id='line_1_62' title="bbox 2322 2801 3915 2875; baseline -0.003 -19"><span class='ocrx_word' id='word_1_425' title='bbox 2322 2801 2451 2856; x_wconf 82' lang='grc' dir='ltr'>εἶναι</span> <span class='ocrx_word' id='word_1_426' title='bbox 2493 2810 2580 2856; x_wconf 88' lang='grc' dir='ltr'>καὶ</span> <span class='ocrx_word' id='word_1_427' title='bbox 2626 2802 2901 2875; x_wconf 74' lang='grc' dir='ltr'>ἀγώνισμα</span> <span class='ocrx_word' id='word_1_428' title='bbox 2947 2808 3164 2870; x_wconf 85' lang='grc' dir='ltr'>κρείττω</span> <span class='ocrx_word' id='word_1_429' title='bbox 3215 2806 3413 2874; x_wconf 85' lang='grc' dir='ltr'>φύσεως</span> <span class='ocrx_word' id='word_1_430' title='bbox 3451 2810 3727 2873; x_wconf 79' lang='grc' dir='ltr'>γηγενοῦς.</span> <span class='ocrx_word' id='word_1_431' title='bbox 3764 2809 3915 2854; x_wconf 77' lang='grc' dir='ltr'>Τοῦτο</span> 
     </span>
    </p>
   </div>
   <div class='ocr_carea' id='block_1_63' title="bbox 2324 2888 3916 2967">
    <p class='ocr_par' dir='ltr' id='par_1_63' title="bbox 2324 2888 3916 2967">
     <span class='ocr_line' id='line_1_63' title="bbox 2324 2888 3916 2967; baseline -0.003 -23"><span class='ocrx_word' id='word_1_432' title='bbox 2324 2889 2390 2950; x_wconf 88' lang='grc' dir='ltr'>δή</span> <span class='ocrx_word' id='word_1_433' title='bbox 2432 2888 2541 2960; x_wconf 78' lang='grc' dir='ltr'>οὖν,</span> <span class='ocrx_word' id='word_1_434' title='bbox 2573 2900 2724 2945; x_wconf 84' lang='grc' dir='ltr'>τοῦτο</span> <span class='ocrx_word' id='word_1_435' title='bbox 2776 2894 2800 2944; x_wconf 89' lang='grc' dir='ltr'><strong><em>ὁ</em></strong></span> <span class='ocrx_word' id='word_1_436' title='bbox 2850 2897 2918 2964; x_wconf 87' lang='grc' dir='ltr'>μή</span> <span class='ocrx_word' id='word_1_437' title='bbox 2967 2892 3068 2952; x_wconf 78' lang='grc' dir='ltr'>ζῶν</span> <span class='ocrx_word' id='word_1_438' title='bbox 3116 2892 3300 2962; x_wconf 85' lang='grc' dir='ltr'>ἐαυτῷ,</span> <span class='ocrx_word' id='word_1_439' title='bbox 3345 2890 3472 2943; x_wconf 84' lang='grc' dir='ltr'>ἀλλὰ</span> <span class='ocrx_word' id='word_1_440' title='bbox 3518 2901 3586 2963; x_wconf 81' lang='grc' dir='ltr'>τῷ</span> <span class='ocrx_word' id='word_1_441' title='bbox 3632 2891 3916 2967; x_wconf 74' lang='grc' dir='ltr'>Χριστῷ,ό</span> 
     </span>
    </p>
   </div>
   <div class='ocr_carea' id='block_1_64' title="bbox 2321 2982 3915 3054">
    <p class='ocr_par' dir='ltr' id='par_1_64' title="bbox 2321 2982 3915 3054">
     <span class='ocr_line' id='line_1_64' title="bbox 2321 2982 3915 3054; baseline -0.003 -21"><span class='ocrx_word' id='word_1_442' title='bbox 2321 2989 2425 3041; x_wconf 88' lang='grc' dir='ltr'>τοῖς</span> <span class='ocrx_word' id='word_1_443' title='bbox 2473 2988 2605 3033; x_wconf 87' lang='grc' dir='ltr'>πᾶσι</span> <span class='ocrx_word' id='word_1_444' title='bbox 2656 2983 2824 3033; x_wconf 89' lang='grc' dir='ltr'>πάντα</span> <span class='ocrx_word' id='word_1_445' title='bbox 2872 2985 2958 3032; x_wconf 87' lang='grc' dir='ltr'>καὶ</span> <span class='ocrx_word' id='word_1_446' title='bbox 3010 2986 3290 3053; x_wconf 73' lang='grc' dir='ltr'>γινόμενος,</span> <span class='ocrx_word' id='word_1_447' title='bbox 3341 2986 3430 3033; x_wconf 86' lang='grc' dir='ltr'>καὶ</span> <span class='ocrx_word' id='word_1_448' title='bbox 3472 2982 3559 3045; x_wconf 83' lang='grc' dir='ltr'>ὢν,</span> <span class='ocrx_word' id='word_1_449' title='bbox 3605 2983 3915 3054; x_wconf 75' lang='grc' dir='ltr'>προύποφαίο</span> 
     </span>
    </p>
   </div>
   <div class='ocr_carea' id='block_1_65' title="bbox 560 3064 2211 3145">
    <p class='ocr_par' dir='ltr' id='par_1_65' title="bbox 560 3064 2210 3138">
     <span class='ocr_line' id='line_1_65' title="bbox 560 3064 2210 3138; baseline 0.002 -19"><span class='ocrx_word' id='word_1_450' title='bbox 560 3080 755 3136; x_wconf 91' lang='lat' dir='ltr'>neque</span> <span class='ocrx_word' id='word_1_451' title='bbox 794 3080 1057 3129; x_wconf 86' lang='lat' dir='ltr'>cursum,</span> <span class='ocrx_word' id='word_1_452' title='bbox 1116 3064 1399 3121; x_wconf 88' lang='lat' dir='ltr'>humanis</span> <span class='ocrx_word' id='word_1_453' title='bbox 1448 3064 1674 3121; x_wconf 88' lang='lat' dir='ltr'>viribus</span> <span class='ocrx_word' id='word_1_454' title='bbox 1722 3068 2091 3138; x_wconf 84' lang='lat' dir='ltr'>superiorem</span> <span class='ocrx_word' id='word_1_455' title='bbox 2142 3085 2210 3123; x_wconf 93' lang='lat' dir='ltr'>eo</span> 
     </span>
    </p>
   </div>
   <div class='ocr_carea' id='block_1_66' title="bbox 2323 3064 3917 3145">
    <p class='ocr_par' dir='ltr' id='par_1_66' title="bbox 2323 3066 3917 3144">
     <span class='ocr_line' id='line_1_66' title="bbox 2323 3066 3917 3144; baseline -0.001 -24"><span class='ocrx_word' id='word_1_456' title='bbox 2323 3089 2413 3133; x_wconf 91' lang='grc' dir='ltr'>νει,</span> <span class='ocrx_word' id='word_1_457' title='bbox 2461 3076 2550 3121; x_wconf 84' lang='grc' dir='ltr'>καὶ</span> <span class='ocrx_word' id='word_1_458' title='bbox 2606 3066 3062 3144; x_wconf 87' lang='grc' dir='ltr'>προαναδιδάσκει</span> <span class='ocrx_word' id='word_1_459' title='bbox 3108 3074 3227 3131; x_wconf 81' lang='grc' dir='ltr'>τούς</span> <span class='ocrx_word' id='word_1_460' title='bbox 3270 3071 3525 3137; x_wconf 82' lang='grc' dir='ltr'>μαθητὰς,</span> <span class='ocrx_word' id='word_1_461' title='bbox 3562 3071 3645 3121; x_wconf 89' lang='grc' dir='ltr'>ἱνα</span> <span class='ocrx_word' id='word_1_462' title='bbox 3687 3074 3757 3141; x_wconf 83' lang='grc' dir='ltr'>μή</span> <span class='ocrx_word' id='word_1_463' title='bbox 3800 3068 3917 3141; x_wconf 69' lang='grc' dir='ltr'>μετὰ</span> 
     </span>
    </p>
   </div>
   <div class='ocr_carea' id='block_1_67' title="bbox 562 3154 2210 3225">
    <p class='ocr_par' dir='ltr' id='par_1_67' title="bbox 562 3154 2210 3225">
     <span class='ocr_line' id='line_1_67' title="bbox 562 3154 2210 3225; baseline 0.002 -16"><span class='ocrx_word' id='word_1_464' title='bbox 562 3154 771 3209; x_wconf 89' lang='lat' dir='ltr'>mortis</span> <span class='ocrx_word' id='word_1_465' title='bbox 803 3170 1037 3223; x_wconf 88' lang='lat' dir='ltr'>genere,</span> <span class='ocrx_word' id='word_1_466' title='bbox 1070 3154 1228 3225; x_wconf 94' lang='lat' dir='ltr'>quod</span> <span class='ocrx_word' id='word_1_467' title='bbox 1252 3162 1462 3210; x_wconf 88' lang='lat' dir='ltr'>natura</span> <span class='ocrx_word' id='word_1_468' title='bbox 1496 3172 1814 3211; x_wconf 91' lang='lat' dir='ltr'>commune</span> <span class='ocrx_word' id='word_1_469' title='bbox 1848 3157 2006 3223; x_wconf 83' lang='lat' dir='ltr'>facit,</span> <span class='ocrx_word' id='word_1_470' title='bbox 2032 3158 2210 3213; x_wconf 91' lang='lat' dir='ltr'>inter-</span> 
     </span>
    </p>
   </div>
   <div class='ocr_carea' id='block_1_68' title="bbox 562 3243 2208 3316">
    <p class='ocr_par' dir='ltr' id='par_1_68' title="bbox 562 3243 2208 3316">
     <span class='ocr_line' id='line_1_68' title="bbox 562 3243 2208 3316; baseline 0.001 -19"><span class='ocrx_word' id='word_1_471' title='bbox 562 3249 832 3306; x_wconf 86' lang='lat' dir='ltr'>verteret,</span> <span class='ocrx_word' id='word_1_472' title='bbox 885 3243 991 3298; x_wconf 92' lang='lat' dir='ltr'>sed</span> <span class='ocrx_word' id='word_1_473' title='bbox 1048 3244 1135 3298; x_wconf 90' lang='lat' dir='ltr'>fas</span> <span class='ocrx_word' id='word_1_474' title='bbox 1177 3244 1371 3315; x_wconf 86' lang='lat' dir='ltr'>potius</span> <span class='ocrx_word' id='word_1_475' title='bbox 1412 3251 1555 3308; x_wconf 87' lang='lat' dir='ltr'>erat,</span> <span class='ocrx_word' id='word_1_476' title='bbox 1604 3251 1665 3300; x_wconf 95' lang='lat' dir='ltr'>ut</span> <span class='ocrx_word' id='word_1_477' title='bbox 1695 3246 1829 3316; x_wconf 89' lang='lat' dir='ltr'>ipsa</span> <span class='ocrx_word' id='word_1_478' title='bbox 1858 3246 1986 3316; x_wconf 81' lang='lat' dir='ltr'>ejus</span> <span class='ocrx_word' id='word_1_479' title='bbox 2029 3262 2208 3311; x_wconf 87' lang='lat' dir='ltr'>mors,</span> 
     </span>
    </p>
   </div>
   <div class='ocr_carea' id='block_1_69' title="bbox 560 3332 2211 3404">
    <p class='ocr_par' dir='ltr' id='par_1_69' title="bbox 560 3332 2211 3404">
     <span class='ocr_line' id='line_1_69' title="bbox 560 3332 2211 3404; baseline 0.003 -18"><span class='ocrx_word' id='word_1_480' title='bbox 560 3332 808 3403; x_wconf 82' lang='lat' dir='ltr'>ipseque</span> <span class='ocrx_word' id='word_1_481' title='bbox 835 3332 913 3386; x_wconf 92' lang='lat' dir='ltr'>ad</span> <span class='ocrx_word' id='word_1_482' title='bbox 938 3332 1346 3387; x_wconf 88' lang='lat' dir='ltr'>desideratum</span> <span class='ocrx_word' id='word_1_483' title='bbox 1380 3335 1691 3404; x_wconf 72' lang='lat' dir='ltr'>praemium</span> <span class='ocrx_word' id='word_1_484' title='bbox 1740 3336 1939 3389; x_wconf 86' lang='lat' dir='ltr'>abitus</span> <span class='ocrx_word' id='word_1_485' title='bbox 1970 3342 2025 3390; x_wconf 89' lang='lat' dir='ltr'>et</span> <span class='ocrx_word' id='word_1_486' title='bbox 2054 3336 2211 3391; x_wconf 88' lang='lat' dir='ltr'>lucta</span> 
     </span>
    </p>
   </div>
   <div class='ocr_carea' id='block_1_70' title="bbox 558 3420 2210 3494">
    <p class='ocr_par' dir='ltr' id='par_1_70' title="bbox 558 3420 2210 3494">
     <span class='ocr_line' id='line_1_70' title="bbox 558 3420 2210 3494; baseline 0.003 -19"><span class='ocrx_word' id='word_1_487' title='bbox 558 3420 844 3475; x_wconf 65' lang='lat' dir='ltr'>humanas</span> <span class='ocrx_word' id='word_1_488' title='bbox 879 3427 1098 3476; x_wconf 66' lang='lat' dir='ltr'>naturas</span> <span class='ocrx_word' id='word_1_489' title='bbox 1132 3422 1282 3475; x_wconf 87' lang='lat' dir='ltr'>vires</span> <span class='ocrx_word' id='word_1_490' title='bbox 1333 3429 1655 3491; x_wconf 86' lang='lat' dir='ltr'>superaret.</span> <span class='ocrx_word' id='word_1_491' title='bbox 1690 3423 1811 3478; x_wconf 87' lang='lat' dir='ltr'>Hoc</span> <span class='ocrx_word' id='word_1_492' title='bbox 1865 3424 2061 3494; x_wconf 88' lang='lat' dir='ltr'>igitur,</span> <span class='ocrx_word' id='word_1_493' title='bbox 2104 3426 2210 3480; x_wconf 89' lang='lat' dir='ltr'>hoc</span> 
     </span>
    </p>
   </div>
   <div class='ocr_carea' id='block_1_71' title="bbox 560 3509 2211 3581">
    <p class='ocr_par' dir='ltr' id='par_1_71' title="bbox 560 3509 2211 3581">
     <span class='ocr_line' id='line_1_71' title="bbox 560 3509 2211 3581; baseline 0.002 -18"><span class='ocrx_word' id='word_1_494' title='bbox 560 3509 830 3581; x_wconf 88' lang='lat' dir='ltr'>inquam,</span> <span class='ocrx_word' id='word_1_495' title='bbox 870 3509 1107 3575; x_wconf 83' lang='lat' dir='ltr'>Paulus,</span> <span class='ocrx_word' id='word_1_496' title='bbox 1137 3511 1237 3581; x_wconf 89' lang='lat' dir='ltr'>qui</span> <span class='ocrx_word' id='word_1_497' title='bbox 1268 3526 1386 3565; x_wconf 89' lang='lat' dir='ltr'>non</span> <span class='ocrx_word' id='word_1_498' title='bbox 1416 3511 1546 3579; x_wconf 87' lang='lat' dir='ltr'>sibi,</span> <span class='ocrx_word' id='word_1_499' title='bbox 1583 3512 1688 3565; x_wconf 85' lang='lat' dir='ltr'>sed</span> <span class='ocrx_word' id='word_1_500' title='bbox 1722 3512 1950 3567; x_wconf 89' lang='lat' dir='ltr'>Christo</span> <span class='ocrx_word' id='word_1_501' title='bbox 1978 3514 2211 3569; x_wconf 86' lang='lat' dir='ltr'>vivebat</span> 
     </span>
    </p>
   </div>
   <div class='ocr_carea' id='block_1_72' title="bbox 561 3598 2211 3670">
    <p class='ocr_par' dir='ltr' id='par_1_72' title="bbox 561 3598 2211 3670">
     <span class='ocr_line' id='line_1_72' title="bbox 561 3598 2211 3670; baseline 0.004 -17"><span class='ocrx_word' id='word_1_502' title='bbox 561 3600 664 3670; x_wconf 92' lang='lat' dir='ltr'>qui</span> <span class='ocrx_word' id='word_1_503' title='bbox 701 3598 981 3654; x_wconf 90' lang='lat' dir='ltr'>omnibus</span> <span class='ocrx_word' id='word_1_504' title='bbox 1012 3601 1217 3655; x_wconf 88' lang='lat' dir='ltr'>omnia</span> <span class='ocrx_word' id='word_1_505' title='bbox 1246 3599 1426 3654; x_wconf 85' lang='lat' dir='ltr'>ﬁebat</span> <span class='ocrx_word' id='word_1_506' title='bbox 1464 3607 1517 3656; x_wconf 86' lang='lat' dir='ltr'>et</span> <span class='ocrx_word' id='word_1_507' title='bbox 1553 3605 1697 3665; x_wconf 90' lang='lat' dir='ltr'>erat,</span> <span class='ocrx_word' id='word_1_508' title='bbox 1733 3609 1870 3657; x_wconf 89' lang='lat' dir='ltr'>ante</span> <span class='ocrx_word' id='word_1_509' title='bbox 1901 3602 2124 3659; x_wconf 90' lang='lat' dir='ltr'>indicat</span> <span class='ocrx_word' id='word_1_510' title='bbox 2157 3610 2211 3660; x_wconf 89' lang='lat' dir='ltr'>et</span> 
     </span>
    </p>
   </div>
   <div class='ocr_carea' id='block_1_73' title="bbox 562 3687 2209 3762">
    <p class='ocr_par' dir='ltr' id='par_1_73' title="bbox 562 3687 2209 3762">
     <span class='ocr_line' id='line_1_73' title="bbox 562 3687 2209 3762; baseline 0.003 -19"><span class='ocrx_word' id='word_1_511' title='bbox 562 3689 733 3743; x_wconf 88' lang='lat' dir='ltr'>docet</span> <span class='ocrx_word' id='word_1_512' title='bbox 771 3687 1114 3759; x_wconf 88' lang='lat' dir='ltr'>discipulos,</span> <span class='ocrx_word' id='word_1_513' title='bbox 1165 3704 1237 3743; x_wconf 95' lang='lat' dir='ltr'>ne</span> <span class='ocrx_word' id='word_1_514' title='bbox 1293 3687 1509 3744; x_wconf 88' lang='lat' dir='ltr'>scilicet</span> <span class='ocrx_word' id='word_1_515' title='bbox 1561 3689 1621 3743; x_wconf 92' lang='lat' dir='ltr'>in</span> <span class='ocrx_word' id='word_1_516' title='bbox 1672 3696 1976 3761; x_wconf 89' lang='lat' dir='ltr'>posterum</span> <span class='ocrx_word' id='word_1_517' title='bbox 2022 3693 2209 3762; x_wconf 90' lang='lat' dir='ltr'>(Pauli</span> 
     </span>
    </p>
   </div>
   <div class='ocr_carea' id='block_1_74' title="bbox 562 3777 2211 3853">
    <p class='ocr_par' dir='ltr' id='par_1_74' title="bbox 562 3777 2211 3853">
     <span class='ocr_line' id='line_1_74' title="bbox 562 3777 2211 3853; baseline 0.002 -20"><span class='ocrx_word' id='word_1_518' title='bbox 562 3777 723 3833; x_wconf 90' lang='lat' dir='ltr'>enim</span> <span class='ocrx_word' id='word_1_519' title='bbox 754 3777 876 3833; x_wconf 89' lang='lat' dir='ltr'>vita</span> <span class='ocrx_word' id='word_1_520' title='bbox 916 3793 1047 3832; x_wconf 89' lang='lat' dir='ltr'>vere</span> <span class='ocrx_word' id='word_1_521' title='bbox 1084 3778 1315 3847; x_wconf 84' lang='lat' dir='ltr'>insigne</span> <span class='ocrx_word' id='word_1_522' title='bbox 1362 3794 1584 3832; x_wconf 92' lang='lat' dir='ltr'>munus</span> <span class='ocrx_word' id='word_1_523' title='bbox 1617 3784 1740 3834; x_wconf 86' lang='lat' dir='ltr'>erat</span> <span class='ocrx_word' id='word_1_524' title='bbox 1790 3785 1846 3834; x_wconf 92' lang='lat' dir='ltr'>et</span> <span class='ocrx_word' id='word_1_525' title='bbox 1904 3782 2211 3853; x_wconf 74' lang='lat' dir='ltr'>prmcipua</span> 
     </span>
    </p>
   </div>
   <div class='ocr_carea' id='block_1_75' title="bbox 563 3866 2209 3941">
    <p class='ocr_par' dir='ltr' id='par_1_75' title="bbox 563 3866 2209 3941">
     <span class='ocr_line' id='line_1_75' title="bbox 563 3866 2209 3941; baseline 0.003 -20"><span class='ocrx_word' id='word_1_526' title='bbox 563 3874 698 3937; x_wconf 93' lang='lat' dir='ltr'>post</span> <span class='ocrx_word' id='word_1_527' title='bbox 748 3866 932 3921; x_wconf 81' lang='lat' dir='ltr'>Deum</span> <span class='ocrx_word' id='word_1_528' title='bbox 979 3867 1162 3933; x_wconf 89' lang='lat' dir='ltr'>salus,</span> <span class='ocrx_word' id='word_1_529' title='bbox 1208 3867 1301 3921; x_wconf 92' lang='lat' dir='ltr'>cui</span> <span class='ocrx_word' id='word_1_530' title='bbox 1344 3866 1563 3922; x_wconf 86' lang='lat' dir='ltr'>scilicet</span> <span class='ocrx_word' id='word_1_531' title='bbox 1606 3868 1901 3923; x_wconf 88' lang='lat' dir='ltr'>malorum</span> <span class='ocrx_word' id='word_1_532' title='bbox 1931 3872 2102 3941; x_wconf 88' lang='lat' dir='ltr'>copia</span> <span class='ocrx_word' id='word_1_533' title='bbox 2128 3872 2209 3926; x_wconf 88' lang='lat' dir='ltr'>iu-</span> 
     </span>
    </p>
   </div>
   <div class='ocr_carea' id='block_1_76' title="bbox 561 3954 2209 4033">
    <p class='ocr_par' dir='ltr' id='par_1_76' title="bbox 561 3954 2209 4033">
     <span class='ocr_line' id='line_1_76' title="bbox 561 3954 2209 4033; baseline 0.003 -22"><span class='ocrx_word' id='word_1_534' title='bbox 561 3954 720 4012; x_wconf 85' lang='lat' dir='ltr'>ﬂicta</span> <span class='ocrx_word' id='word_1_535' title='bbox 759 3957 903 4027; x_wconf 90' lang='lat' dir='ltr'>erat)</span> <span class='ocrx_word' id='word_1_536' title='bbox 954 3957 1283 4027; x_wconf 87' lang='lat' dir='ltr'>pertubatio</span> <span class='ocrx_word' id='word_1_537' title='bbox 1329 3958 1609 4029; x_wconf 79' lang='lat' dir='ltr'>quaedam</span> <span class='ocrx_word' id='word_1_538' title='bbox 1650 3964 1706 4013; x_wconf 93' lang='lat' dir='ltr'>et</span> <span class='ocrx_word' id='word_1_539' title='bbox 1739 3958 2056 4027; x_wconf 66' lang='lat' dir='ltr'>aegritudo,</span> <span class='ocrx_word' id='word_1_540' title='bbox 2107 3977 2209 4033; x_wconf 85' lang='lat' dir='ltr'>spe</span> 
     </span>
    </p>
   </div>
   <div class='ocr_carea' id='block_1_77' title="bbox 560 4046 2209 4121">
    <p class='ocr_par' dir='ltr' id='par_1_77' title="bbox 560 4046 2209 4121">
     <span class='ocr_line' id='line_1_77' title="bbox 560 4046 2209 4121; baseline 0.004 -21"><span class='ocrx_word' id='word_1_541' title='bbox 560 4046 726 4101; x_wconf 89' lang='lat' dir='ltr'>omni</span> <span class='ocrx_word' id='word_1_542' title='bbox 751 4046 1006 4116; x_wconf 86' lang='lat' dir='ltr'>abjecta,</span> <span class='ocrx_word' id='word_1_543' title='bbox 1048 4046 1284 4104; x_wconf 90' lang='lat' dir='ltr'>animos</span> <span class='ocrx_word' id='word_1_544' title='bbox 1312 4062 1520 4101; x_wconf 90' lang='lat' dir='ltr'>eorum</span> <span class='ocrx_word' id='word_1_545' title='bbox 1565 4049 1941 4119; x_wconf 86' lang='lat' dir='ltr'>opprimeret,</span> <span class='ocrx_word' id='word_1_546' title='bbox 1981 4066 2116 4121; x_wconf 67' lang='lat' dir='ltr'>quas</span> <span class='ocrx_word' id='word_1_547' title='bbox 2148 4051 2209 4107; x_wconf 93' lang='lat' dir='ltr'>in</span> 
     </span>
    </p>
   </div>
   <div class='ocr_carea' id='block_1_78' title="bbox 563 4135 2209 4208">
    <p class='ocr_par' dir='ltr' id='par_1_78' title="bbox 563 4135 2209 4208">
     <span class='ocr_line' id='line_1_78' title="bbox 563 4135 2209 4208; baseline 0.004 -19"><span class='ocrx_word' id='word_1_548' title='bbox 563 4151 861 4190; x_wconf 84' lang='lat' dir='ltr'>summam</span> <span class='ocrx_word' id='word_1_549' title='bbox 892 4151 991 4191; x_wconf 89' lang='lat' dir='ltr'>eos</span> <span class='ocrx_word' id='word_1_550' title='bbox 1024 4135 1317 4190; x_wconf 83' lang='lat' dir='ltr'>tristitiam</span> <span class='ocrx_word' id='word_1_551' title='bbox 1340 4136 1745 4207; x_wconf 75' lang='lat' dir='ltr'>pramipitans,</span> <span class='ocrx_word' id='word_1_552' title='bbox 1781 4152 1948 4208; x_wconf 92' lang='lat' dir='ltr'>spem</span> <span class='ocrx_word' id='word_1_553' title='bbox 1965 4154 2209 4195; x_wconf 88' lang='lat' dir='ltr'>omnem</span> 
     </span>
    </p>
   </div>
   <div class='ocr_carea' id='block_1_79' title="bbox 560 4224 2211 4297">
    <p class='ocr_par' dir='ltr' id='par_1_79' title="bbox 560 4224 2211 4297">
     <span class='ocr_line' id='line_1_79' title="bbox 560 4224 2211 4297; baseline 0.002 -17"><span class='ocrx_word' id='word_1_554' title='bbox 560 4229 865 4293; x_wconf 88' lang='lat' dir='ltr'>everteret,</span> <span class='ocrx_word' id='word_1_555' title='bbox 904 4224 1191 4296; x_wconf 88' lang='lat' dir='ltr'>ipsosque</span> <span class='ocrx_word' id='word_1_556' title='bbox 1238 4225 1297 4278; x_wconf 91' lang='lat' dir='ltr'>in</span> <span class='ocrx_word' id='word_1_557' title='bbox 1340 4224 1571 4295; x_wconf 84' lang='lat' dir='ltr'>pietatis</span> <span class='ocrx_word' id='word_1_558' title='bbox 1603 4226 1799 4281; x_wconf 85' lang='lat' dir='ltr'>studio</span> <span class='ocrx_word' id='word_1_559' title='bbox 1842 4242 2054 4297; x_wconf 90' lang='lat' dir='ltr'>segnes</span> <span class='ocrx_word' id='word_1_560' title='bbox 2086 4228 2211 4283; x_wconf 85' lang='lat' dir='ltr'>efﬁ-</span> 
     </span>
    </p>
   </div>
   <div class='ocr_carea' id='block_1_80' title="bbox 559 4314 2208 4371">
    <p class='ocr_par' dir='ltr' id='par_1_80' title="bbox 559 4314 2208 4371">
     <span class='ocr_line' id='line_1_80' title="bbox 559 4314 2208 4371; baseline 0.002 -3"><span class='ocrx_word' id='word_1_561' title='bbox 559 4319 731 4368; x_wconf 71' lang='lat' dir='ltr'>ceret.</span> <span class='ocrx_word' id='word_1_562' title='bbox 781 4316 1099 4368; x_wconf 89' lang='lat' dir='ltr'>Possumus</span> <span class='ocrx_word' id='word_1_563' title='bbox 1165 4328 1302 4368; x_wconf 90' lang='lat' dir='ltr'>vero</span> <span class='ocrx_word' id='word_1_564' title='bbox 1353 4314 1521 4367; x_wconf 87' lang='lat' dir='ltr'>etiam</span> <span class='ocrx_word' id='word_1_565' title='bbox 1574 4314 1757 4369; x_wconf 90' lang='lat' dir='ltr'>alium</span> <span class='ocrx_word' id='word_1_566' title='bbox 1807 4315 2022 4370; x_wconf 90' lang='lat' dir='ltr'>horum</span> <span class='ocrx_word' id='word_1_567' title='bbox 2078 4333 2208 4371; x_wconf 86' lang='lat' dir='ltr'>ver-</span> 
     </span>
    </p>
   </div>
   <div class='ocr_carea' id='block_1_81' title="bbox 2321 3155 3917 3233">
    <p class='ocr_par' dir='ltr' id='par_1_81' title="bbox 2321 3155 3917 3233">
     <span class='ocr_line' id='line_1_81' title="bbox 2321 3155 3917 3233; baseline -0.001 -24"><span class='ocrx_word' id='word_1_568' title='bbox 2321 3168 2485 3211; x_wconf 82' lang='grc' dir='ltr'>ταῡτα</span> <span class='ocrx_word' id='word_1_569' title='bbox 2546 3160 2702 3231; x_wconf 82' lang='grc' dir='ltr'>(μέγα</span> <span class='ocrx_word' id='word_1_570' title='bbox 2774 3162 2873 3233; x_wconf 79' lang='grc' dir='ltr'>γὰρ</span> <span class='ocrx_word' id='word_1_571' title='bbox 2932 3155 2992 3217; x_wconf 78' lang='grc' dir='ltr'>ἧν</span> <span class='ocrx_word' id='word_1_572' title='bbox 3050 3162 3119 3221; x_wconf 83' lang='grc' dir='ltr'>ὡς</span> <span class='ocrx_word' id='word_1_573' title='bbox 3170 3158 3372 3221; x_wconf 83' lang='grc' dir='ltr'>ἀληθῶς</span> <span class='ocrx_word' id='word_1_574' title='bbox 3427 3164 3517 3211; x_wconf 85' lang='grc' dir='ltr'>καὶ</span> <span class='ocrx_word' id='word_1_575' title='bbox 3576 3166 3755 3233; x_wconf 81' lang='grc' dir='ltr'>πρώτη</span> <span class='ocrx_word' id='word_1_576' title='bbox 3801 3159 3917 3229; x_wconf 84' lang='grc' dir='ltr'>μετά</span> 
     </span>
    </p>
   </div>
   <div class='ocr_carea' id='block_1_82' title="bbox 2322 3242 3915 3323">
    <p class='ocr_par' dir='ltr' id='par_1_82' title="bbox 2322 3242 3915 3323">
     <span class='ocr_line' id='line_1_82' title="bbox 2322 3242 3915 3323; baseline -0.003 -22"><span class='ocrx_word' id='word_1_577' title='bbox 2322 3252 2449 3301; x_wconf 82' lang='grc' dir='ltr'>Θεὸν</span> <span class='ocrx_word' id='word_1_578' title='bbox 2499 3252 2734 3323; x_wconf 89' lang='grc' dir='ltr'>σωτηρία</span> <span class='ocrx_word' id='word_1_579' title='bbox 2781 3250 2809 3305; x_wconf 84' lang='grc' dir='ltr'>ἡ</span> <span class='ocrx_word' id='word_1_580' title='bbox 2867 3247 3069 3300; x_wconf 86' lang='grc' dir='ltr'>Παύλου</span> <span class='ocrx_word' id='word_1_581' title='bbox 3117 3248 3223 3308; x_wconf 79' lang='grc' dir='ltr'>ζωὴ</span> <span class='ocrx_word' id='word_1_582' title='bbox 3272 3256 3361 3300; x_wconf 82' lang='grc' dir='ltr'>τού</span> <span class='ocrx_word' id='word_1_583' title='bbox 3393 3250 3559 3309; x_wconf 85' lang='grc' dir='ltr'>πάθος</span> <span class='ocrx_word' id='word_1_584' title='bbox 3591 3246 3778 3320; x_wconf 84' lang='grc' dir='ltr'>ἀθρόον</span> <span class='ocrx_word' id='word_1_585' title='bbox 3808 3242 3915 3297; x_wconf 83' lang='grc' dir='ltr'>δια-</span> 
     </span>
    </p>
   </div>
   <div class='ocr_carea' id='block_1_83' title="bbox 2322 3334 3913 3412">
    <p class='ocr_par' dir='ltr' id='par_1_83' title="bbox 2322 3334 3913 3412">
     <span class='ocr_line' id='line_1_83' title="bbox 2322 3334 3913 3412; baseline -0.002 -22"><span class='ocrx_word' id='word_1_586' title='bbox 2322 3334 2578 3405; x_wconf 81' lang='grc' dir='ltr'>δοθέντος)</span> <span class='ocrx_word' id='word_1_587' title='bbox 2640 3336 2856 3409; x_wconf 80' lang='grc' dir='ltr'>θόρυϐός</span> <span class='ocrx_word' id='word_1_588' title='bbox 2924 3357 3002 3397; x_wconf 92' lang='grc' dir='ltr'>τις</span> <span class='ocrx_word' id='word_1_589' title='bbox 3071 3342 3159 3389; x_wconf 85' lang='grc' dir='ltr'>καὶ</span> <span class='ocrx_word' id='word_1_590' title='bbox 3212 3340 3449 3412; x_wconf 84' lang='grc' dir='ltr'>τάραχος</span> <span class='ocrx_word' id='word_1_591' title='bbox 3506 3346 3578 3408; x_wconf 84' lang='grc' dir='ltr'>τῷ</span> <span class='ocrx_word' id='word_1_592' title='bbox 3639 3337 3913 3404; x_wconf 80' lang='grc' dir='ltr'>ἀνελπίστῳ</span> 
     </span>
    </p>
   </div>
   <div class='ocr_carea' id='block_1_84' title="bbox 2319 3424 3913 3500">
    <p class='ocr_par' dir='ltr' id='par_1_84' title="bbox 2319 3424 3913 3500">
     <span class='ocr_line' id='line_1_84' title="bbox 2319 3424 3913 3500; baseline -0.003 -21"><span class='ocrx_word' id='word_1_593' title='bbox 2319 3430 2413 3488; x_wconf 80' lang='grc' dir='ltr'>τὰς</span> <span class='ocrx_word' id='word_1_594' title='bbox 2448 3427 2629 3499; x_wconf 64' lang='grc' dir='ltr'>ψυχὰς</span> <span class='ocrx_word' id='word_1_595' title='bbox 2660 3426 2826 3478; x_wconf 67' lang='grc' dir='ltr'>αὐτῶν</span> <span class='ocrx_word' id='word_1_596' title='bbox 2856 3424 3129 3499; x_wconf 72' lang='grc' dir='ltr'>διασείσῃ,</span> <span class='ocrx_word' id='word_1_597' title='bbox 3161 3432 3248 3479; x_wconf 76' lang='grc' dir='ltr'>καὶ</span> <span class='ocrx_word' id='word_1_598' title='bbox 3289 3427 3359 3489; x_wconf 85' lang='grc' dir='ltr'>εἰς</span> <span class='ocrx_word' id='word_1_599' title='bbox 3394 3425 3669 3500; x_wconf 82' lang='grc' dir='ltr'>ἀμήχανον</span> <span class='ocrx_word' id='word_1_600' title='bbox 3703 3426 3913 3497; x_wconf 84' lang='grc' dir='ltr'>ἀθυμίαν</span> 
     </span>
    </p>
   </div>
   <div class='ocr_carea' id='block_1_85' title="bbox 2320 3512 3907 3588">
    <p class='ocr_par' dir='ltr' id='par_1_85' title="bbox 2320 3512 3907 3588">
     <span class='ocr_line' id='line_1_85' title="bbox 2320 3512 3907 3588; baseline 0.002 -22"><span class='ocrx_word' id='word_1_601' title='bbox 2320 3514 2551 3588; x_wconf 76' lang='grc' dir='ltr'>ἐμϐαλὼν</span> <span class='ocrx_word' id='word_1_602' title='bbox 2597 3522 2771 3568; x_wconf 85' lang='grc' dir='ltr'>πᾶσαν</span> <span class='ocrx_word' id='word_1_603' title='bbox 2827 3516 3001 3576; x_wconf 74' lang='grc' dir='ltr'>αὐτοῖς</span> <span class='ocrx_word' id='word_1_604' title='bbox 3054 3512 3242 3568; x_wconf 78' lang='grc' dir='ltr'>ἐλπίδα</span> <span class='ocrx_word' id='word_1_605' title='bbox 3292 3516 3735 3588; x_wconf 66' lang='grc' dir='ltr'>συγκαταστρέψη</span> <span class='ocrx_word' id='word_1_606' title='bbox 3787 3513 3907 3583; x_wconf 68' lang='grc'>(43),</span> 
     </span>
    </p>
   </div>
   <div class='ocr_carea' id='block_1_86' title="bbox 2319 3604 3910 3680">
    <p class='ocr_par' dir='ltr' id='par_1_86' title="bbox 2319 3604 3910 3680">
     <span class='ocr_line' id='line_1_86' title="bbox 2319 3604 3910 3680; baseline -0.001 -25"><span class='ocrx_word' id='word_1_607' title='bbox 2319 3610 2407 3656; x_wconf 86' lang='grc' dir='ltr'>καὶ</span> <span class='ocrx_word' id='word_1_608' title='bbox 2454 3608 2581 3678; x_wconf 79' lang='grc' dir='ltr'>πρὸς</span> <span class='ocrx_word' id='word_1_609' title='bbox 2628 3610 2721 3663; x_wconf 82' lang='grc' dir='ltr'>τήν</span> <span class='ocrx_word' id='word_1_610' title='bbox 2775 3604 3035 3657; x_wconf 74' lang='grc' dir='ltr'>εὐσέϐειαν</span> <span class='ocrx_word' id='word_1_611' title='bbox 3084 3610 3395 3679; x_wconf 77' lang='grc' dir='ltr'>καταστήσῃ</span> <span class='ocrx_word' id='word_1_612' title='bbox 3448 3606 3720 3680; x_wconf 86' lang='grc' dir='ltr'>ὀκνηρούς.</span> <span class='ocrx_word' id='word_1_613' title='bbox 3774 3604 3910 3656; x_wconf 81' lang='grc' dir='ltr'>Ἔστι</span> 
     </span>
    </p>
   </div>
   <div class='ocr_carea' id='block_1_87' title="bbox 2321 3690 3905 3767">
    <p class='ocr_par' dir='ltr' id='par_1_87' title="bbox 2321 3690 3905 3767">
     <span class='ocr_line' id='line_1_87' title="bbox 2321 3690 3905 3767; baseline 0 -22"><span class='ocrx_word' id='word_1_614' title='bbox 2321 3690 2379 3745; x_wconf 80' lang='grc' dir='ltr'>δε</span> <span class='ocrx_word' id='word_1_615' title='bbox 2426 3698 2514 3745; x_wconf 88' lang='grc' dir='ltr'>καὶ</span> <span class='ocrx_word' id='word_1_616' title='bbox 2568 3695 2734 3767; x_wconf 81' lang='grc' dir='ltr'>ἕτερον</span> <span class='ocrx_word' id='word_1_617' title='bbox 2788 3701 2887 3744; x_wconf 85' lang='grc' dir='ltr'>τῶν</span> <span class='ocrx_word' id='word_1_618' title='bbox 2935 3694 3181 3767; x_wconf 79' lang='grc' dir='ltr'>ῥημάτων</span> <span class='ocrx_word' id='word_1_619' title='bbox 3238 3696 3467 3767; x_wconf 84' lang='grc' dir='ltr'>θηρᾶσαι</span> <span class='ocrx_word' id='word_1_620' title='bbox 3518 3697 3735 3762; x_wconf 85' lang='grc' dir='ltr'>σκοπὸν,</span> <span class='ocrx_word' id='word_1_621' title='bbox 3768 3691 3807 3744; x_wconf 83' lang='grc' dir='ltr'>εἰ</span> <span class='ocrx_word' id='word_1_622' title='bbox 3842 3694 3905 3761; x_wconf 74' lang='grc' dir='ltr'>μή</span> 
     </span>
    </p>
   </div>
   <div class='ocr_carea' id='block_1_88' title="bbox 2318 3780 3908 3857">
    <p class='ocr_par' dir='ltr' id='par_1_88' title="bbox 2318 3780 3908 3857">
     <span class='ocr_line' id='line_1_88' title="bbox 2318 3780 3908 3857; baseline -0.002 -22"><span class='ocrx_word' id='word_1_623' title='bbox 2318 3804 2369 3835; x_wconf 91' lang='grc' dir='ltr'>τι</span> <span class='ocrx_word' id='word_1_624' title='bbox 2421 3784 2563 3845; x_wconf 82' lang='grc' dir='ltr'>ἄλλο,</span> <span class='ocrx_word' id='word_1_625' title='bbox 2620 3782 2725 3834; x_wconf 85' lang='grc' dir='ltr'>ἀλλ’</span> <span class='ocrx_word' id='word_1_626' title='bbox 2779 3780 2865 3835; x_wconf 78' lang='grc' dir='ltr'>οὖν</span> <span class='ocrx_word' id='word_1_627' title='bbox 2918 3786 3061 3857; x_wconf 88' lang='grc' dir='ltr'>παρά</span> <span class='ocrx_word' id='word_1_628' title='bbox 3120 3780 3262 3835; x_wconf 86' lang='grc' dir='ltr'>πόδα</span> <span class='ocrx_word' id='word_1_629' title='bbox 3309 3788 3433 3845; x_wconf 81' lang='grc' dir='ltr'>τέως</span> <span class='ocrx_word' id='word_1_630' title='bbox 3486 3785 3795 3857; x_wconf 70' lang='grc' dir='ltr'>ὑπάρχοντα</span> <span class='ocrx_word' id='word_1_631' title='bbox 3846 3786 3908 3848; x_wconf 81' lang='grc' dir='ltr'>τῷ</span> 
     </span>
    </p>
   </div>
   <div class='ocr_carea' id='block_1_89' title="bbox 2316 3870 3908 3947">
    <p class='ocr_par' dir='ltr' id='par_1_89' title="bbox 2316 3870 3908 3947">
     <span class='ocr_line' id='line_1_89' title="bbox 2316 3870 3908 3947; baseline -0.003 -22"><span class='ocrx_word' id='word_1_632' title='bbox 2316 3874 2480 3947; x_wconf 81' lang='grc' dir='ltr'>ῥητῷ.</span> <span class='ocrx_word' id='word_1_633' title='bbox 2512 3876 2602 3933; x_wconf 90' lang='grc' dir='ltr'>Τίς</span> <span class='ocrx_word' id='word_1_634' title='bbox 2647 3872 2733 3923; x_wconf 76' lang='grc' dir='ltr'>οὖν</span> <span class='ocrx_word' id='word_1_635' title='bbox 2778 3872 2927 3933; x_wconf 78' lang='grc' dir='ltr'>οὗτος</span> <span class='ocrx_word' id='word_1_636' title='bbox 2954 3888 2967 3938; x_wconf 90' lang='grc'><strong>;</strong></span> <span class='ocrx_word' id='word_1_637' title='bbox 2998 3871 3087 3933; x_wconf 81' lang='grc' dir='ltr'>Ὡς</span> <span class='ocrx_word' id='word_1_638' title='bbox 3128 3874 3363 3937; x_wconf 87' lang='grc' dir='ltr'>πάντοτε,</span> <span class='ocrx_word' id='word_1_639' title='bbox 3401 3877 3581 3943; x_wconf 86' lang='grc' dir='ltr'>φησὶν,</span> <span class='ocrx_word' id='word_1_640' title='bbox 3614 3870 3662 3922; x_wconf 78' lang='grc' dir='ltr'>ἐν</span> <span class='ocrx_word' id='word_1_641' title='bbox 3715 3871 3808 3943; x_wconf 79' lang='grc' dir='ltr'>ὅλῳ</span> <span class='ocrx_word' id='word_1_642' title='bbox 3845 3873 3908 3935; x_wconf 80' lang='grc' dir='ltr'>τῷ</span> 
     </span>
    </p>
   </div>
   <div class='ocr_carea' id='block_1_90' title="bbox 2318 3958 3909 4035">
    <p class='ocr_par' dir='ltr' id='par_1_90' title="bbox 2318 3958 3909 4035">
     <span class='ocr_line' id='line_1_90' title="bbox 2318 3958 3909 4035; baseline -0.003 -22"><span class='ocrx_word' id='word_1_643' title='bbox 2318 3970 2409 4014; x_wconf 80' lang='grc' dir='ltr'>τού</span> <span class='ocrx_word' id='word_1_644' title='bbox 2464 3960 2585 4034; x_wconf 84' lang='grc' dir='ltr'>βίου</span> <span class='ocrx_word' id='word_1_645' title='bbox 2637 3958 2963 4032; x_wconf 71' lang='grc' dir='ltr'>διαστήματι</span> <span class='ocrx_word' id='word_1_646' title='bbox 3018 3960 3351 4032; x_wconf 71' lang='grc' dir='ltr'>ἐμεγαλύνετο</span> <span class='ocrx_word' id='word_1_647' title='bbox 3406 3962 3431 4012; x_wconf 87' lang='grc' dir='ltr'><strong><em>ὁ</em></strong></span> <span class='ocrx_word' id='word_1_648' title='bbox 3482 3963 3711 4035; x_wconf 82' lang='grc' dir='ltr'>Χριστός</span> <span class='ocrx_word' id='word_1_649' title='bbox 3757 3958 3801 4011; x_wconf 80' lang='grc' dir='ltr'>ἐν</span> <span class='ocrx_word' id='word_1_650' title='bbox 3847 3963 3909 4025; x_wconf 79' lang='grc' dir='ltr'>τῷ</span> 
     </span>
    </p>
   </div>
   <div class='ocr_carea' id='block_1_91' title="bbox 2319 4045 3904 4122">
    <p class='ocr_par' dir='ltr' id='par_1_91' title="bbox 2319 4045 3904 4122">
     <span class='ocr_line' id='line_1_91' title="bbox 2319 4045 3904 4122; baseline -0.006 -18"><span class='ocrx_word' id='word_1_651' title='bbox 2319 4060 2409 4104; x_wconf 81' lang='grc' dir='ltr'>τοῦ</span> <span class='ocrx_word' id='word_1_652' title='bbox 2459 4051 2663 4104; x_wconf 89' lang='grc' dir='ltr'>Παύλου</span> <span class='ocrx_word' id='word_1_653' title='bbox 2722 4056 2943 4122; x_wconf 83' lang='grc' dir='ltr'>σώματι,</span> <span class='ocrx_word' id='word_1_654' title='bbox 2997 4052 3295 4121; x_wconf 84' lang='grc' dir='ltr'>πάσχοντος</span> <span class='ocrx_word' id='word_1_655' title='bbox 3349 4053 3437 4122; x_wconf 74' lang='grc' dir='ltr'>μεν</span> <span class='ocrx_word' id='word_1_656' title='bbox 3498 4045 3771 4121; x_wconf 83' lang='grc' dir='ltr'>ἀνδρείως,</span> <span class='ocrx_word' id='word_1_657' title='bbox 3828 4049 3904 4097; x_wconf 84' lang='grc' dir='ltr'>καὶ</span> 
     </span>
    </p>
   </div>
   <div class='ocr_carea' id='block_1_92' title="bbox 2318 4136 3906 4213">
    <p class='ocr_par' dir='ltr' id='par_1_92' title="bbox 2318 4136 3906 4213">
     <span class='ocr_line' id='line_1_92' title="bbox 2318 4136 3906 4213; baseline -0.003 -21"><span class='ocrx_word' id='word_1_658' title='bbox 2318 4148 2549 4213; x_wconf 87' lang='grc' dir='ltr'>κρεῖττον</span> <span class='ocrx_word' id='word_1_659' title='bbox 2597 4142 2625 4198; x_wconf 82' lang='grc' dir='ltr'>ή</span> <span class='ocrx_word' id='word_1_660' title='bbox 2678 4141 2811 4190; x_wconf 88' lang='grc' dir='ltr'>κατά</span> <span class='ocrx_word' id='word_1_661' title='bbox 2847 4137 2964 4210; x_wconf 82' lang='grc' dir='ltr'>βίον</span> <span class='ocrx_word' id='word_1_662' title='bbox 3006 4139 3269 4210; x_wconf 74' lang='grc' dir='ltr'>φιλοῦντος</span> <span class='ocrx_word' id='word_1_663' title='bbox 3315 4142 3371 4190; x_wconf 84' lang='grc' dir='ltr'>τὸ</span> <span class='ocrx_word' id='word_1_664' title='bbox 3418 4138 3534 4211; x_wconf 73' lang='grc' dir='ltr'>ζῇν,</span> <span class='ocrx_word' id='word_1_665' title='bbox 3586 4136 3906 4189; x_wconf 84' lang='grc' dir='ltr'>ἀπαλλασσο-</span> 
     </span>
    </p>
   </div>
   <div class='ocr_carea' id='block_1_93' title="bbox 2318 4225 3909 4302">
    <p class='ocr_par' dir='ltr' id='par_1_93' title="bbox 2318 4225 3909 4302">
     <span class='ocr_line' id='line_1_93' title="bbox 2318 4225 3909 4302; baseline -0.004 -20"><span class='ocrx_word' id='word_1_666' title='bbox 2318 4234 2469 4302; x_wconf 73' lang='grc' dir='ltr'>μένου</span> <span class='ocrx_word' id='word_1_667' title='bbox 2504 4226 2559 4282; x_wconf 77' lang='grc' dir='ltr'>δὲ</span> <span class='ocrx_word' id='word_1_668' title='bbox 2608 4228 2743 4291; x_wconf 81' lang='grc' dir='ltr'>ξένον</span> <span class='ocrx_word' id='word_1_669' title='bbox 2779 4228 2891 4299; x_wconf 74' lang='grc'>(44)</span> <span class='ocrx_word' id='word_1_670' title='bbox 2924 4227 3151 4280; x_wconf 81' lang='grc' dir='ltr'>ἀκοῦσαι</span> <span class='ocrx_word' id='word_1_671' title='bbox 3183 4230 3297 4297; x_wconf 60' lang='grc' dir='ltr'>(45ὶ</span> <span class='ocrx_word' id='word_1_672' title='bbox 3340 4227 3429 4279; x_wconf 88' lang='grc' dir='ltr'><strong>καί</strong></span> <span class='ocrx_word' id='word_1_673' title='bbox 3472 4231 3699 4288; x_wconf 86' lang='grc' dir='ltr'>πίστεως</span> <span class='ocrx_word' id='word_1_674' title='bbox 3748 4225 3909 4299; x_wconf 79' lang='grc' dir='ltr'>μεῖζον</span> 
     </span>
    </p>
   </div>
   <div class='ocr_carea' id='block_1_94' title="bbox 2322 4310 3909 4388">
    <p class='ocr_par' dir='ltr' id='par_1_94' title="bbox 2322 4310 3909 4388">
     <span class='ocr_line' id='line_1_94' title="bbox 2322 4310 3909 4388; baseline -0.006 -17"><span class='ocrx_word' id='word_1_675' title='bbox 2322 4321 2513 4379; x_wconf 84' lang='grc' dir='ltr'>θνητῆς</span> <span class='ocrx_word' id='word_1_676' title='bbox 2556 4336 2566 4347; x_wconf 93' lang='grc'><strong>·</strong></span> <span class='ocrx_word' id='word_1_677' title='bbox 2598 4317 2731 4369; x_wconf 74' lang='grc' dir='ltr'>οὕτω</span> <span class='ocrx_word' id='word_1_678' title='bbox 2786 4316 2898 4387; x_wconf 74' lang='grc'>(46)</span> <span class='ocrx_word' id='word_1_679' title='bbox 2946 4321 3035 4368; x_wconf 87' lang='grc' dir='ltr'>καὶ</span> <span class='ocrx_word' id='word_1_680' title='bbox 3082 4324 3169 4367; x_wconf 84' lang='grc' dir='ltr'>νῦν</span> <span class='ocrx_word' id='word_1_681' title='bbox 3224 4315 3692 4388; x_wconf 76' lang='grc' dir='ltr'>μεγαλυνθήσεται,</span> <span class='ocrx_word' id='word_1_682' title='bbox 3743 4320 3825 4365; x_wconf 84' lang='grc' dir='ltr'>καὶ</span> <span class='ocrx_word' id='word_1_683' title='bbox 3868 4310 3909 4361; x_wconf 81' lang='grc' dir='ltr'>ἐν</span> 
     </span>
    </p>
   </div>
   <div class='ocr_carea' id='block_1_95' title="bbox 556 4401 2211 4488">
    <p class='ocr_par' dir='ltr' id='par_1_95' title="bbox 556 4401 2204 4474">
     <span class='ocr_line' id='line_1_95' title="bbox 556 4401 2204 4474; baseline 0.002 -17"><span class='ocrx_word' id='word_1_684' title='bbox 556 4402 775 4457; x_wconf 90' lang='lat' dir='ltr'>borum</span> <span class='ocrx_word' id='word_1_685' title='bbox 824 4416 1075 4473; x_wconf 91' lang='lat' dir='ltr'>scopum</span> <span class='ocrx_word' id='word_1_686' title='bbox 1105 4401 1481 4471; x_wconf 88' lang='lat' dir='ltr'>investigare,</span> <span class='ocrx_word' id='word_1_687' title='bbox 1533 4402 1660 4474; x_wconf 90' lang='lat' dir='ltr'>qui,</span> <span class='ocrx_word' id='word_1_688' title='bbox 1698 4408 1758 4458; x_wconf 93' lang='lat' dir='ltr'>ut</span> <span class='ocrx_word' id='word_1_689' title='bbox 1803 4404 1921 4459; x_wconf 88' lang='lat' dir='ltr'>alia</span> <span class='ocrx_word' id='word_1_690' title='bbox 1956 4410 2204 4473; x_wconf 87' lang='lat' dir='ltr'>taceam,</span> 
     </span>
    </p>
   </div>
   <div class='ocr_carea' id='block_1_96' title="bbox 2323 4401 3910 4488">
    <p class='ocr_par' dir='ltr' id='par_1_96' title="bbox 2323 4404 3910 4479">
     <span class='ocr_line' id='line_1_96' title="bbox 2323 4404 3910 4479; baseline -0.005 -19"><span class='ocrx_word' id='word_1_691' title='bbox 2323 4409 2455 4479; x_wconf 79' lang='grc' dir='ltr'>αύτῷ</span> <span class='ocrx_word' id='word_1_692' title='bbox 2516 4416 2613 4459; x_wconf 82' lang='grc' dir='ltr'>τῶν</span> <span class='ocrx_word' id='word_1_693' title='bbox 2683 4406 3059 4478; x_wconf 84' lang='grc' dir='ltr'>ἀγωνισμάτων</span> <span class='ocrx_word' id='word_1_694' title='bbox 3112 4414 3185 4477; x_wconf 82' lang='grc' dir='ltr'>τῷ</span> <span class='ocrx_word' id='word_1_695' title='bbox 3255 4405 3405 4459; x_wconf 72' lang='grc' dir='ltr'>τέλει.</span> <span class='ocrx_word' id='word_1_696' title='bbox 3463 4404 3910 4476; x_wconf 81' lang='grc' dir='ltr'>Μεγαλυνθήσεται</span> 
     </span>
    </p>
   </div>
   <div class='ocr_carea' id='block_1_97' title="bbox 560 4491 2203 4566">
    <p class='ocr_par' dir='ltr' id='par_1_97' title="bbox 560 4491 2203 4566">
     <span class='ocr_line' id='line_1_97' title="bbox 560 4491 2203 4566; baseline 0.001 -18"><span class='ocrx_word' id='word_1_697' title='bbox 560 4496 695 4548; x_wconf 88' lang='lat' dir='ltr'>ante</span> <span class='ocrx_word' id='word_1_698' title='bbox 720 4492 905 4563; x_wconf 89' lang='lat' dir='ltr'>pedes</span> <span class='ocrx_word' id='word_1_699' title='bbox 946 4493 1175 4562; x_wconf 92' lang='lat' dir='ltr'>positus</span> <span class='ocrx_word' id='word_1_700' title='bbox 1210 4497 1353 4547; x_wconf 89' lang='lat' dir='ltr'>erat.</span> <span class='ocrx_word' id='word_1_701' title='bbox 1384 4491 1525 4556; x_wconf 88' lang='lat' dir='ltr'>Quis</span> <span class='ocrx_word' id='word_1_702' title='bbox 1552 4508 1692 4547; x_wconf 89' lang='lat' dir='ltr'>vero</span> <span class='ocrx_word' id='word_1_703' title='bbox 1724 4493 1817 4548; x_wconf 91' lang='lat' dir='ltr'>ille</span> <span class='ocrx_word' id='word_1_704' title='bbox 1845 4494 1872 4548; x_wconf 82' lang='lat'>‘?</span> <span class='ocrx_word' id='word_1_705' title='bbox 1902 4496 1949 4547; x_wconf 89' lang='lat' dir='ltr'>ls</span> <span class='ocrx_word' id='word_1_706' title='bbox 1983 4496 2203 4566; x_wconf 88' lang='lat' dir='ltr'>utique,</span> 
     </span>
    </p>
   </div>
   <div class='ocr_carea' id='block_1_98' title="bbox 559 4579 2209 4656">
    <p class='ocr_par' dir='ltr' id='par_1_98' title="bbox 559 4579 2209 4656">
     <span class='ocr_line' id='line_1_98' title="bbox 559 4579 2209 4656; baseline 0.002 -21"><span class='ocrx_word' id='word_1_707' title='bbox 559 4580 724 4652; x_wconf 92' lang='lat' dir='ltr'>quod</span> <span class='ocrx_word' id='word_1_708' title='bbox 768 4580 978 4635; x_wconf 88' lang='lat' dir='ltr'>Paulus</span> <span class='ocrx_word' id='word_1_709' title='bbox 1005 4579 1183 4648; x_wconf 88' lang='lat' dir='ltr'>dicat,</span> <span class='ocrx_word' id='word_1_710' title='bbox 1227 4581 1381 4635; x_wconf 90' lang='lat' dir='ltr'>sicut</span> <span class='ocrx_word' id='word_1_711' title='bbox 1424 4582 1683 4636; x_wconf 89' lang='lat' dir='ltr'>Christus</span> <span class='ocrx_word' id='word_1_712' title='bbox 1731 4598 1967 4655; x_wconf 89' lang='lat' dir='ltr'>semper</span> <span class='ocrx_word' id='word_1_713' title='bbox 2005 4589 2061 4639; x_wconf 89' lang='lat' dir='ltr'>et</span> <span class='ocrx_word' id='word_1_714' title='bbox 2104 4601 2209 4656; x_wconf 89' lang='lat' dir='ltr'>per</span> 
     </span>
    </p>
   </div>
   <div class='ocr_carea' id='block_1_99' title="bbox 558 4670 2209 4744">
    <p class='ocr_par' dir='ltr' id='par_1_99' title="bbox 558 4670 2209 4744">
     <span class='ocr_line' id='line_1_99' title="bbox 558 4670 2209 4744; baseline 0.003 -19"><span class='ocrx_word' id='word_1_715' title='bbox 558 4685 801 4725; x_wconf 89' lang='lat' dir='ltr'>omnem</span> <span class='ocrx_word' id='word_1_716' title='bbox 830 4670 961 4724; x_wconf 66' lang='lat' dir='ltr'>vitae</span> <span class='ocrx_word' id='word_1_717' title='bbox 1000 4686 1122 4723; x_wconf 68' lang='lat' dir='ltr'>suae</span> <span class='ocrx_word' id='word_1_718' title='bbox 1162 4686 1409 4725; x_wconf 87' lang='lat' dir='ltr'>cursum</span> <span class='ocrx_word' id='word_1_719' title='bbox 1442 4670 1502 4724; x_wconf 90' lang='lat' dir='ltr'>in</span> <span class='ocrx_word' id='word_1_720' title='bbox 1543 4687 1792 4742; x_wconf 90' lang='lat' dir='ltr'>corpore</span> <span class='ocrx_word' id='word_1_721' title='bbox 1826 4689 1936 4727; x_wconf 88' lang='lat' dir='ltr'>suo</span> <span class='ocrx_word' id='word_1_722' title='bbox 1980 4675 2209 4744; x_wconf 89' lang='lat' dir='ltr'>magni-</span> 
     </span>
    </p>
   </div>
   <div class='ocr_carea' id='block_1_100' title="bbox 558 4758 2209 4832">
    <p class='ocr_par' dir='ltr' id='par_1_100' title="bbox 558 4758 2209 4832">
     <span class='ocr_line' id='line_1_100' title="bbox 558 4758 2209 4832; baseline 0.003 -19"><span class='ocrx_word' id='word_1_723' title='bbox 558 4759 773 4815; x_wconf 86' lang='lat' dir='ltr'>ﬁcatus</span> <span class='ocrx_word' id='word_1_724' title='bbox 820 4759 913 4823; x_wconf 91' lang='lat' dir='ltr'>sit,</span> <span class='ocrx_word' id='word_1_725' title='bbox 959 4775 1097 4813; x_wconf 89' lang='lat' dir='ltr'>cum</span> <span class='ocrx_word' id='word_1_726' title='bbox 1137 4758 1361 4813; x_wconf 86' lang='lat' dir='ltr'>fortiter</span> <span class='ocrx_word' id='word_1_727' title='bbox 1405 4760 1610 4815; x_wconf 89' lang='lat' dir='ltr'>omnia</span> <span class='ocrx_word' id='word_1_728' title='bbox 1657 4767 2081 4832; x_wconf 82' lang='lat' dir='ltr'>perpeteretur,</span> <span class='ocrx_word' id='word_1_729' title='bbox 2130 4764 2209 4819; x_wconf 91' lang='lat' dir='ltr'>vi-</span> 
     </span>
    </p>
   </div>
   <div class='ocr_carea' id='block_1_101' title="bbox 560 4850 2206 4919">
    <p class='ocr_par' dir='ltr' id='par_1_101' title="bbox 560 4850 2206 4919">
     <span class='ocr_line' id='line_1_101' title="bbox 560 4850 2206 4919; baseline 0.005 -18"><span class='ocrx_word' id='word_1_730' title='bbox 560 4851 807 4919; x_wconf 83' lang='lat' dir='ltr'>tamque</span> <span class='ocrx_word' id='word_1_731' title='bbox 852 4854 1082 4903; x_wconf 89' lang='lat' dir='ltr'>amaret</span> <span class='ocrx_word' id='word_1_732' title='bbox 1123 4853 1412 4919; x_wconf 68' lang='lat' dir='ltr'>praesente</span> <span class='ocrx_word' id='word_1_733' title='bbox 1458 4850 1952 4919; x_wconf 67' lang='lat' dir='ltr'>praestantiorem,</span> <span class='ocrx_word' id='word_1_734' title='bbox 1997 4853 2206 4909; x_wconf 89' lang='lat' dir='ltr'>eodem</span> 
     </span>
    </p>
   </div>
   <div class='ocr_carea' id='block_1_102' title="bbox 560 4936 2208 5010">
    <p class='ocr_par' dir='ltr' id='par_1_102' title="bbox 560 4936 2208 5010">
     <span class='ocr_line' id='line_1_102' title="bbox 560 4936 2208 5010; baseline 0.004 -19"><span class='ocrx_word' id='word_1_735' title='bbox 560 4952 697 4991; x_wconf 87' lang='lat' dir='ltr'>vero</span> <span class='ocrx_word' id='word_1_736' title='bbox 723 4943 987 5008; x_wconf 87' lang='lat' dir='ltr'>tempore</span> <span class='ocrx_word' id='word_1_737' title='bbox 1009 4936 1295 4991; x_wconf 88' lang='lat' dir='ltr'>liberatus</span> <span class='ocrx_word' id='word_1_738' title='bbox 1321 4937 1670 4992; x_wconf 90' lang='lat' dir='ltr'>insolentius</span> <span class='ocrx_word' id='word_1_739' title='bbox 1699 4938 1944 5010; x_wconf 88' lang='lat' dir='ltr'>aliquid,</span> <span class='ocrx_word' id='word_1_740' title='bbox 1973 4949 2026 4995; x_wconf 90' lang='lat' dir='ltr'>et</span> <span class='ocrx_word' id='word_1_741' title='bbox 2055 4959 2208 4997; x_wconf 88' lang='lat' dir='ltr'>mor-</span> 
     </span>
    </p>
   </div>
   <div class='ocr_carea' id='block_1_103' title="bbox 560 5022 2208 5101">
    <p class='ocr_par' dir='ltr' id='par_1_103' title="bbox 560 5022 2208 5101">
     <span class='ocr_line' id='line_1_103' title="bbox 560 5022 2208 5101; baseline 0.004 -21"><span class='ocrx_word' id='word_1_742' title='bbox 560 5022 663 5080; x_wconf 87' lang='lat' dir='ltr'>tali</span> <span class='ocrx_word' id='word_1_743' title='bbox 710 5024 824 5078; x_wconf 87' lang='lat' dir='ltr'>tide</span> <span class='ocrx_word' id='word_1_744' title='bbox 877 5027 1073 5095; x_wconf 87' lang='lat' dir='ltr'>majus</span> <span class='ocrx_word' id='word_1_745' title='bbox 1109 5027 1477 5097; x_wconf 78' lang='lat' dir='ltr'>perciperet;</span> <span class='ocrx_word' id='word_1_746' title='bbox 1524 5026 1605 5081; x_wconf 93' lang='lat' dir='ltr'>ita</span> <span class='ocrx_word' id='word_1_747' title='bbox 1666 5043 1824 5082; x_wconf 92' lang='lat' dir='ltr'>nunc</span> <span class='ocrx_word' id='word_1_748' title='bbox 1864 5045 2106 5101; x_wconf 89' lang='lat' dir='ltr'>quoque</span> <span class='ocrx_word' id='word_1_749' title='bbox 2148 5032 2208 5086; x_wconf 89' lang='lat' dir='ltr'>in</span> 
     </span>
    </p>
   </div>
   <div class='ocr_carea' id='block_1_104' title="bbox 559 5112 2210 5186">
    <p class='ocr_par' dir='ltr' id='par_1_104' title="bbox 559 5112 2210 5186">
     <span class='ocr_line' id='line_1_104' title="bbox 559 5112 2210 5186; baseline 0.004 -17"><span class='ocrx_word' id='word_1_750' title='bbox 559 5114 689 5184; x_wconf 91' lang='lat' dir='ltr'>ipso</span> <span class='ocrx_word' id='word_1_751' title='bbox 718 5112 893 5169; x_wconf 70' lang='lat' dir='ltr'>luctte</span> <span class='ocrx_word' id='word_1_752' title='bbox 932 5114 1049 5170; x_wconf 88' lang='lat' dir='ltr'>ﬁne</span> <span class='ocrx_word' id='word_1_753' title='bbox 1074 5114 1354 5170; x_wconf 88' lang='lat' dir='ltr'>eumdem</span> <span class='ocrx_word' id='word_1_754' title='bbox 1394 5114 1846 5186; x_wconf 76' lang='lat' dir='ltr'>magnificatum</span> <span class='ocrx_word' id='word_1_755' title='bbox 1885 5118 1974 5176; x_wconf 89' lang='lat' dir='ltr'>iri.</span> <span class='ocrx_word' id='word_1_756' title='bbox 2031 5118 2210 5177; x_wconf 88' lang='lat' dir='ltr'>Glori-</span> 
     </span>
    </p>
   </div>
   <div class='ocr_carea' id='block_1_105' title="bbox 631 5266 1098 5337">
    <p class='ocr_par' dir='ltr' id='par_1_105' title="bbox 631 5266 1098 5337">
     <span class='ocr_line' id='line_1_105' title="bbox 631 5266 1098 5337; baseline -0.004 -14"><span class='ocrx_word' id='word_1_757' title='bbox 631 5266 679 5303; x_wconf 82' lang='grc'>⁸⁸</span> <span class='ocrx_word' id='word_1_758' title='bbox 708 5271 832 5323; x_wconf 84' lang='lat' dir='ltr'>Act.</span> <span class='ocrx_word' id='word_1_759' title='bbox 866 5282 981 5337; x_wconf 77' lang='lat' dir='ltr'><strong>XVI,</strong></span> <span class='ocrx_word' id='word_1_760' title='bbox 1008 5268 1098 5323; x_wconf 83' lang='lat'>26.</span> 
     </span>
    </p>
   </div>
   <div class='ocr_carea' id='block_1_106' title="bbox 2321 4492 3909 4567">
    <p class='ocr_par' dir='ltr' id='par_1_106' title="bbox 2321 4492 3909 4567">
     <span class='ocr_line' id='line_1_106' title="bbox 2321 4492 3909 4567; baseline -0.004 -17"><span class='ocrx_word' id='word_1_761' title='bbox 2321 4494 2379 4550; x_wconf 78' lang='grc' dir='ltr'>δε</span> <span class='ocrx_word' id='word_1_762' title='bbox 2424 4500 2476 4548; x_wconf 63' lang='lat' dir='ltr'>Ex</span> <span class='ocrx_word' id='word_1_763' title='bbox 2527 4516 2577 4549; x_wconf 89' lang='grc' dir='ltr'>τε</span> <span class='ocrx_word' id='word_1_764' title='bbox 2621 4503 2711 4548; x_wconf 76' lang='grc' dir='ltr'>τοῦ</span> <span class='ocrx_word' id='word_1_765' title='bbox 2760 4500 2831 4567; x_wconf 82' lang='grc' dir='ltr'>μὴ</span> <span class='ocrx_word' id='word_1_766' title='bbox 2884 4497 3063 4547; x_wconf 85' lang='grc' dir='ltr'>παθεῖν</span> <span class='ocrx_word' id='word_1_767' title='bbox 3108 4498 3191 4546; x_wconf 87' lang='grc' dir='ltr'>τὸν</span> <span class='ocrx_word' id='word_1_768' title='bbox 3224 4495 3564 4551; x_wconf 77' lang='grc' dir='ltr'>ὑπασπιστὴν</span> <span class='ocrx_word' id='word_1_769' title='bbox 3610 4492 3909 4565; x_wconf 84' lang='grc' dir='ltr'>ὁμοίωςκαὶ</span> 
     </span>
    </p>
   </div>
   <div class='ocr_carea' id='block_1_107' title="bbox 2320 4578 3908 4656">
    <p class='ocr_par' dir='ltr' id='par_1_107' title="bbox 2320 4578 3908 4656">
     <span class='ocr_line' id='line_1_107' title="bbox 2320 4578 3908 4656; baseline -0.006 -18"><span class='ocrx_word' id='word_1_770' title='bbox 2320 4590 2374 4638; x_wconf 78' lang='grc' dir='ltr'>ἐκ</span> <span class='ocrx_word' id='word_1_771' title='bbox 2421 4592 2512 4638; x_wconf 77' lang='grc' dir='ltr'>τοῦ</span> <span class='ocrx_word' id='word_1_772' title='bbox 2563 4587 2763 4637; x_wconf 82' lang='grc' dir='ltr'>παθεῖν.</span> <span class='ocrx_word' id='word_1_773' title='bbox 2791 4584 2962 4636; x_wconf 81' lang='grc' dir='ltr'>Ἦκων</span> <span class='ocrx_word' id='word_1_774' title='bbox 3000 4587 3099 4656; x_wconf 73' lang='grc' dir='ltr'>γὰρ</span> <span class='ocrx_word' id='word_1_775' title='bbox 3146 4585 3170 4634; x_wconf 88' lang='grc' dir='ltr'><strong>ὁ</strong></span> <span class='ocrx_word' id='word_1_776' title='bbox 3201 4580 3455 4654; x_wconf 81' lang='grc' dir='ltr'>γεννάδας</span> <span class='ocrx_word' id='word_1_777' title='bbox 3503 4582 3650 4643; x_wconf 76' lang='grc' dir='ltr'>οὗτος</span> <span class='ocrx_word' id='word_1_778' title='bbox 3690 4580 3765 4633; x_wconf 71' lang='grc' dir='ltr'>ἐπ’</span> <span class='ocrx_word' id='word_1_779' title='bbox 3796 4578 3908 4631; x_wconf 66' lang='grc' dir='ltr'>αὐτὸ</span> 
     </span>
    </p>
   </div>
   <div class='ocr_carea' id='block_1_108' title="bbox 2317 4667 3909 4743">
    <p class='ocr_par' dir='ltr' id='par_1_108' title="bbox 2317 4667 3909 4743">
     <span class='ocr_line' id='line_1_108' title="bbox 2317 4667 3909 4743; baseline -0.006 -16"><span class='ocrx_word' id='word_1_780' title='bbox 2317 4678 2373 4727; x_wconf 83' lang='grc' dir='ltr'>τὸ</span> <span class='ocrx_word' id='word_1_781' title='bbox 2426 4675 2712 4727; x_wconf 85' lang='grc' dir='ltr'>τελευταῖον</span> <span class='ocrx_word' id='word_1_782' title='bbox 2770 4670 2986 4725; x_wconf 86' lang='grc' dir='ltr'>στάδιον</span> <span class='ocrx_word' id='word_1_783' title='bbox 3046 4681 3144 4724; x_wconf 82' lang='grc' dir='ltr'>τῶν</span> <span class='ocrx_word' id='word_1_784' title='bbox 3203 4672 3393 4740; x_wconf 78' lang='grc' dir='ltr'>ἄθλων,</span> <span class='ocrx_word' id='word_1_785' title='bbox 3455 4670 3658 4742; x_wconf 82' lang='grc' dir='ltr'>ἀφίεται</span> <span class='ocrx_word' id='word_1_786' title='bbox 3718 4673 3804 4743; x_wconf 64' lang='grc' dir='ltr'>μὲν</span> <span class='ocrx_word' id='word_1_787' title='bbox 3852 4667 3909 4717; x_wconf 82' lang='grc' dir='ltr'>τὰ</span> 
     </span>
    </p>
   </div>
   <div class='ocr_carea' id='block_1_109' title="bbox 2320 4758 3909 4837">
    <p class='ocr_par' dir='ltr' id='par_1_109' title="bbox 2320 4758 3909 4837">
     <span class='ocr_line' id='line_1_109' title="bbox 2320 4758 3909 4837; baseline -0.006 -20"><span class='ocrx_word' id='word_1_788' title='bbox 2320 4773 2501 4837; x_wconf 83' lang='grc' dir='ltr'>πρῶτα</span> <span class='ocrx_word' id='word_1_789' title='bbox 2545 4772 2635 4816; x_wconf 71' lang='grc' dir='ltr'>τοῦ</span> <span class='ocrx_word' id='word_1_790' title='bbox 2687 4764 2907 4815; x_wconf 91' lang='grc' dir='ltr'>θανάτου</span> <span class='ocrx_word' id='word_1_791' title='bbox 2953 4767 3041 4813; x_wconf 80' lang='grc' dir='ltr'>καὶ</span> <span class='ocrx_word' id='word_1_792' title='bbox 3088 4770 3179 4821; x_wconf 82' lang='grc' dir='ltr'>τῆς</span> <span class='ocrx_word' id='word_1_793' title='bbox 3229 4769 3457 4833; x_wconf 79' lang='grc' dir='ltr'>σφαγῆς,</span> <span class='ocrx_word' id='word_1_794' title='bbox 3502 4759 3639 4831; x_wconf 84' lang='grc' dir='ltr'>λόγῳ</span> <span class='ocrx_word' id='word_1_795' title='bbox 3685 4758 3909 4817; x_wconf 81' lang='grc' dir='ltr'>ἀληθείας</span> 
     </span>
    </p>
   </div>
   <div class='ocr_carea' id='block_1_110' title="bbox 2318 4843 3907 4925">
    <p class='ocr_par' dir='ltr' id='par_1_110' title="bbox 2318 4843 3907 4925">
     <span class='ocr_line' id='line_1_110' title="bbox 2318 4843 3907 4925; baseline -0.006 -20"><span class='ocrx_word' id='word_1_796' title='bbox 2318 4859 2406 4905; x_wconf 84' lang='grc' dir='ltr'>καὶ</span> <span class='ocrx_word' id='word_1_797' title='bbox 2449 4859 2625 4925; x_wconf 67' lang='grc' dir='ltr'>γνώμη</span> <span class='ocrx_word' id='word_1_798' title='bbox 2682 4850 2911 4905; x_wconf 77' lang='grc' dir='ltr'>θεοσεϐεῖ</span> <span class='ocrx_word' id='word_1_799' title='bbox 2970 4847 3351 4922; x_wconf 70' lang='grc' dir='ltr'>διαλυσάμενος</span> <span class='ocrx_word' id='word_1_800' title='bbox 3404 4852 3493 4909; x_wconf 80' lang='grc' dir='ltr'>τὰς</span> <span class='ocrx_word' id='word_1_801' title='bbox 3542 4848 3736 4917; x_wconf 85' lang='grc' dir='ltr'>αἰτίας,</span> <span class='ocrx_word' id='word_1_802' title='bbox 3792 4843 3907 4919; x_wconf 76' lang='grc' dir='ltr'>μᾶλ-</span> 
     </span>
    </p>
   </div>
   <div class='ocr_carea' id='block_1_111' title="bbox 2318 4934 3910 5015">
    <p class='ocr_par' dir='ltr' id='par_1_111' title="bbox 2318 4934 3910 5015">
     <span class='ocr_line' id='line_1_111' title="bbox 2318 4934 3910 5015; baseline -0.006 -21"><span class='ocrx_word' id='word_1_803' title='bbox 2318 4944 2401 4995; x_wconf 85' lang='grc' dir='ltr'>λον</span> <span class='ocrx_word' id='word_1_804' title='bbox 2450 4939 2507 4994; x_wconf 75' lang='grc' dir='ltr'>δὲ</span> <span class='ocrx_word' id='word_1_805' title='bbox 2559 4950 2653 5004; x_wconf 84' lang='grc' dir='ltr'>τῆς</span> <span class='ocrx_word' id='word_1_806' title='bbox 2701 4942 3118 5015; x_wconf 87' lang='grc' dir='ltr'>παντοκράτορος</span> <span class='ocrx_word' id='word_1_807' title='bbox 3176 4940 3651 5011; x_wconf 74' lang='grc' dir='ltr'>φιλοτιμησαμένης</span> <span class='ocrx_word' id='word_1_808' title='bbox 3706 4934 3910 4989; x_wconf 80' lang='grc' dir='ltr'>ἐνταῦθα</span> 
     </span>
    </p>
   </div>
   <div class='ocr_carea' id='block_1_112' title="bbox 2321 5025 3911 5102">
    <p class='ocr_par' dir='ltr' id='par_1_112' title="bbox 2321 5025 3911 5102">
     <span class='ocr_line' id='line_1_112' title="bbox 2321 5025 3911 5102; baseline -0.006 -17"><span class='ocrx_word' id='word_1_809' title='bbox 2321 5031 2513 5097; x_wconf 80' lang='grc' dir='ltr'>δεξιᾶς,</span> <span class='ocrx_word' id='word_1_810' title='bbox 2559 5036 2648 5083; x_wconf 86' lang='grc' dir='ltr'>καὶ</span> <span class='ocrx_word' id='word_1_811' title='bbox 2698 5027 2939 5088; x_wconf 87' lang='grc' dir='ltr'>δηλονότι</span> <span class='ocrx_word' id='word_1_812' title='bbox 2988 5028 3318 5102; x_wconf 83' lang='grc' dir='ltr'>ἐμεγαλύνετο</span> <span class='ocrx_word' id='word_1_813' title='bbox 3365 5026 3411 5079; x_wconf 74' lang='grc' dir='ltr'>ἐν</span> <span class='ocrx_word' id='word_1_814' title='bbox 3461 5036 3533 5098; x_wconf 80' lang='grc' dir='ltr'>τῷ</span> <span class='ocrx_word' id='word_1_815' title='bbox 3571 5025 3774 5079; x_wconf 85' lang='grc' dir='ltr'>Παύλου</span> <span class='ocrx_word' id='word_1_816' title='bbox 3826 5026 3911 5074; x_wconf 82' lang='grc' dir='ltr'>σώ-</span> 
     </span>
    </p>
   </div>
   <div class='ocr_carea' id='block_1_113' title="bbox 2320 5107 3911 5196">
    <p class='ocr_par' dir='ltr' id='par_1_113' title="bbox 2320 5107 3911 5196">
     <span class='ocr_line' id='line_1_113' title="bbox 2320 5107 3911 5196; baseline -0.009 -22"><span class='ocrx_word' id='word_1_817' title='bbox 2320 5142 2446 5196; x_wconf 91' lang='grc' dir='ltr'>ματι</span> <span class='ocrx_word' id='word_1_818' title='bbox 2494 5123 2518 5173; x_wconf 91' lang='grc' dir='ltr'>ό</span> <span class='ocrx_word' id='word_1_819' title='bbox 2571 5125 2817 5194; x_wconf 85' lang='grc' dir='ltr'>Χριστός.</span> <span class='ocrx_word' id='word_1_820' title='bbox 2854 5120 3013 5173; x_wconf 88' lang='grc' dir='ltr'>Πάλιν</span> <span class='ocrx_word' id='word_1_821' title='bbox 3065 5115 3123 5171; x_wconf 67' lang='grc' dir='ltr'>δὲ</span> <span class='ocrx_word' id='word_1_822' title='bbox 3176 5122 3234 5170; x_wconf 87' lang='grc' dir='ltr'>τὸ</span> <span class='ocrx_word' id='word_1_823' title='bbox 3285 5114 3524 5192; x_wconf 84' lang='grc' dir='ltr'>δεύτερον</span> <span class='ocrx_word' id='word_1_824' title='bbox 3551 5132 3562 5146; x_wconf 92' lang='grc'><strong>·</strong></span> <span class='ocrx_word' id='word_1_825' title='bbox 3597 5116 3654 5168; x_wconf 81' lang='grc' dir='ltr'>ού</span> <span class='ocrx_word' id='word_1_826' title='bbox 3686 5118 3787 5189; x_wconf 76' lang='grc' dir='ltr'>γὰρ</span> <span class='ocrx_word' id='word_1_827' title='bbox 3817 5107 3911 5164; x_wconf 76' lang='grc' dir='ltr'>ἔδει</span> 
     </span>
    </p>
   </div>
   <div class='ocr_carea' id='block_1_114' title="bbox 2126 5376 2363 5435">
    <p class='ocr_par' dir='ltr' id='par_1_114' title="bbox 2126 5376 2363 5435">
     <span class='ocr_line' id='line_1_114' title="bbox 2126 5376 2363 5435; baseline -0.004 -2"><span class='ocrx_word' id='word_1_828' title='bbox 2126 5377 2171 5433; x_wconf 89' lang='grc' dir='ltr'><strong>Ν</strong></span> <span class='ocrx_word' id='word_1_829' title='bbox 2178 5376 2363 5435; x_wconf 63' lang='grc' dir='ltr'>ΟΤΙΕ.</span> 
     </span>
    </p>
   </div>
   <div class='ocr_carea' id='block_1_115' title="bbox 559 5524 2201 5659">
    <p class='ocr_par' dir='ltr' id='par_1_115' title="bbox 559 5524 2201 5659">
     <span class='ocr_line' id='line_1_115' title="bbox 559 5524 2201 5659; baseline 0.007 -80"><span class='ocrx_word' id='word_1_830' title='bbox 559 5526 740 5659; x_wconf 59' lang='lat'>16(4&#39;2)</span> <span class='ocrx_word' id='word_1_831' title='bbox 776 5532 984 5602; x_wconf 78' lang='grc' dir='ltr'>Πρώτην</span> <span class='ocrx_word' id='word_1_832' title='bbox 1011 5524 1215 5584; x_wconf 87' lang='lat' dir='ltr'>addidi</span> <span class='ocrx_word' id='word_1_833' title='bbox 1243 5542 1315 5583; x_wconf 85' lang='lat' dir='ltr'>ex</span> <span class='ocrx_word' id='word_1_834' title='bbox 1346 5526 1600 5585; x_wconf 84' lang='lat' dir='ltr'>Colbert.</span> <span class='ocrx_word' id='word_1_835' title='bbox 1649 5528 1815 5589; x_wconf 86' lang='lat' dir='ltr'>Conf.</span> <span class='ocrx_word' id='word_1_836' title='bbox 1857 5532 1902 5587; x_wconf 85' lang='lat' dir='ltr'>ll</span> <span class='ocrx_word' id='word_1_837' title='bbox 1935 5532 2082 5590; x_wconf 89' lang='lat' dir='ltr'>Tim.</span> <span class='ocrx_word' id='word_1_838' title='bbox 2120 5549 2201 5604; x_wconf 83' lang='lat' dir='ltr'>iv,</span> 
     </span>
    </p>
   </div>
   <div class='ocr_carea' id='block_1_116' title="bbox 634 5671 2200 5748">
    <p class='ocr_par' dir='ltr' id='par_1_116' title="bbox 634 5671 2200 5748">
     <span class='ocr_line' id='line_1_116' title="bbox 634 5671 2200 5748; baseline 0.003 -22"><span class='ocrx_word' id='word_1_839' title='bbox 634 5671 743 5746; x_wconf 62' lang='grc'>(43)</span> <span class='ocrx_word' id='word_1_840' title='bbox 802 5672 913 5729; x_wconf 88' lang='lat' dir='ltr'>Pro</span> <span class='ocrx_word' id='word_1_841' title='bbox 980 5671 1450 5748; x_wconf 70' lang='grc' dir='ltr'>συγκαταστρέψει,</span> <span class='ocrx_word' id='word_1_842' title='bbox 1525 5678 1586 5731; x_wconf 86' lang='lat' dir='ltr'>ut</span> <span class='ocrx_word' id='word_1_843' title='bbox 1649 5690 1788 5733; x_wconf 79' lang='lat' dir='ltr'>mox</span> <span class='ocrx_word' id='word_1_844' title='bbox 1856 5682 2200 5738; x_wconf 79' lang='grc' dir='ltr'>καταστήσειο</span> 
     </span>
    </p>
   </div>
   <div class='ocr_carea' id='block_1_117' title="bbox 2386 5532 2995 5604">
    <p class='ocr_par' dir='ltr' id='par_1_117' title="bbox 2386 5532 2995 5604">
     <span class='ocr_line' id='line_1_117' title="bbox 2386 5532 2995 5604; baseline -0.007 -15"><span class='ocrx_word' id='word_1_845' title='bbox 2386 5534 2491 5603; x_wconf 60' lang='lat' dir='ltr'>(lli)</span> <span class='ocrx_word' id='word_1_846' title='bbox 2530 5532 2691 5589; x_wconf 92' lang='lat' dir='ltr'>Colb.</span> <span class='ocrx_word' id='word_1_847' title='bbox 2724 5547 2834 5604; x_wconf 85' lang='lat' dir='ltr'>pro</span> <span class='ocrx_word' id='word_1_848' title='bbox 2861 5532 2995 5593; x_wconf 74' lang='grc' dir='ltr'>ζέον.</span> 
     </span>
    </p>
   </div>
   <div class='ocr_carea' id='block_1_118' title="bbox 2390 5600 3841 5667">
    <p class='ocr_par' dir='ltr' id='par_1_118' title="bbox 2390 5600 3841 5667">
     <span class='ocr_line' id='line_1_118' title="bbox 2390 5600 3841 5667; baseline -0.006 -5"><span class='ocrx_word' id='word_1_849' title='bbox 2390 5600 2496 5665; x_wconf 72' lang='grc'><strong>(45)</strong></span> <span class='ocrx_word' id='word_1_850' title='bbox 2536 5600 2881 5665; x_wconf 66' lang='grc' dir='ltr'>’Δκούσοιντος</span> <span class='ocrx_word' id='word_1_851' title='bbox 2911 5601 3139 5667; x_wconf 84' lang='lat' dir='ltr'>malim,</span> <span class='ocrx_word' id='word_1_852' title='bbox 3171 5614 3245 5658; x_wconf 80' lang='lat' dir='ltr'>ex</span> <span class='ocrx_word' id='word_1_853' title='bbox 3276 5613 3495 5662; x_wconf 86' lang='lat' dir='ltr'>vocum</span> <span class='ocrx_word' id='word_1_854' title='bbox 3519 5600 3841 5658; x_wconf 83' lang='lat' dir='ltr'>structura.</span> 
     </span>
    </p>
   </div>
   <div class='ocr_carea' id='block_1_119' title="bbox 2389 5677 3176 5749">
    <p class='ocr_par' dir='ltr' id='par_1_119' title="bbox 2389 5677 3176 5749">
     <span class='ocr_line' id='line_1_119' title="bbox 2389 5677 3176 5749; baseline 0.001 -17"><span class='ocrx_word' id='word_1_855' title='bbox 2389 5678 2495 5741; x_wconf 70' lang='grc'>(46)</span> <span class='ocrx_word' id='word_1_856' title='bbox 2539 5679 2631 5734; x_wconf 90' lang='lat' dir='ltr'>Sic</span> <span class='ocrx_word' id='word_1_857' title='bbox 2661 5677 2829 5735; x_wconf 89' lang='lat' dir='ltr'>Colb.</span> <span class='ocrx_word' id='word_1_858' title='bbox 2863 5691 2971 5749; x_wconf 88' lang='lat' dir='ltr'>pro</span> <span class='ocrx_word' id='word_1_859' title='bbox 3006 5677 3176 5733; x_wconf 73' lang='grc' dir='ltr'>οὔπω.</span> 
     </span>
    </p>
   </div>
  </div>
