4136 6198
253 303 365 363 ’705

1309 304 1405 360 AD
1444 301 1988 362 AMPHILOCHIUM
2027 299 2348 373 QUAESTIO
2390 303 2579 360 CXXI.

3503 307 3553 373 ‘_7
3555 307 3627 364 06

259 435 319 484 τὸ
353 437 469 504 περὶ
516 433 603 482 τὸν
655 428 856 482 Παῦλον
902 431 1077 502 θαῦμα
1121 431 1419 502 φιλοτιμίας
1457 437 1609 503 μόνον
1646 432 1861 504 ὁρᾶσθαι

1979 430 2254 486 ficandus
2292 432 2492 504 itaque
2532 432 2656 486 erat
2689 427 2969 498 Christus,
3003 429 3122 484 sive
3151 429 3245 485 ille
3275 430 3372 486 Dei
3401 431 3634 487 satelles

263 527 608 580 Δεσποτικῆς,
663 515 768 572 ἔδει
817 516 876 571 δὲ
919 519 1023 592 ἆρα
1068 526 1158 573 καὶ
1205 525 1270 574 τὰ
1318 525 1510 574 ἐκείνου
1547 520 1870 594 ἐναστράψαι

260 610 635 683 λαμπρότερον.
690 613 886 662 Λοιπὸν
941 611 1100 681 όμόσε
1150 614 1274 684 πρὸς
1317 613 1487 662 πάντα
1531 609 1625 662 διὰ
1671 614 1728 663 τὸ
1777 614 1871 667 κή-

259 719 443 774 ρυγμα
476 707 660 770 χωρεῖ,
711 703 800 750 καὶ
854 698 1018 750 αὑτοῦ
1070 707 1162 750 τοῦ
1206 700 1399 771 ξίφους,
1441 706 1532 752 καὶ
1579 699 1737 759 αὐτῆς
1780 706 1870 758 τῆς

263 799 471 860 σφαγῆς
527 790 809 860 ὑπερορῶν,
879 793 970 840 καὶ
1025 792 1178 859 μόνον
1247 788 1333 840 ἓνα
1384 786 1588 840 διώκων
1652 792 1866 853 σκοπόν,

258 880 433 929 πάντα
481 874 698 950 δεύτερα
741 885 834 938 τῆς
885 875 1132 938 ἀληθείας
1173 877 1426 948 ἐλέγχειν,
1474 883 1564 930 καὶ
1610 881 1740 951 πρὸς
1782 879 1869 928 τὸν

259 970 645 1040 κηρυττόμενον
693 966 927 1039 ῥεόμενον
975 974 1066 1018 τοῦ
1108 968 1322 1038 αἵματος
1370 965 1624 1031 ἀπελθεῖν,
1683 963 1754 1018 δι’
1809 965 1869 1017 οὗ

260 1052 506 1112 δηλονότι
537 1055 690 1106 πάλιν
722 1054 1053 1126 ἐμεγαλύνετο
1092 1058 1117 1106 ό
1162 1060 1410 1129 Χριστός.

1979 527 2280 592 pateretur
2313 520 2560 592 aliquid,
2609 517 2733 573 sive
2771 517 2988 573 minus.
3023 520 3306 574 Strenuus
3345 520 3502 576 enim
3541 519 3635 576 ille

1981 610 2218 675 athleta,
2275 610 2549 665 ultimum
2600 606 2941 664 certaminis
2993 607 3256 664 stadium
3305 609 3634 681 ingressus,

1978 700 2242 771 primum
2265 698 2505 770 quidem
2528 715 2560 754 a
2585 703 2774 753 morte
2799 703 2856 752 et
2884 696 3046 753 caede
3071 697 3459 762 liberabatur,
3481 704 3639 770 post-

1977 804 2162 859 quam
2196 788 2431 858 objecta
2456 787 2708 844 crimina
2747 787 2929 843 verbo
2961 787 3210 844 veritatis
3246 788 3480 860 piisque
3508 804 3638 844 sen-

1979 877 2172 932 tentiis
2214 877 2506 942 diluisset,
2549 875 2635 932 vel
2669 875 3092 946 omnipotentis
3137 877 3334 948 potius
3369 877 3639 933 Numinis

1977 965 2182 1022 dextra
2250 965 2692 1022 intercessisset.
2761 967 2922 1020 Tunc
2990 965 3192 1037 utique
3254 965 3514 1022 Christus
3579 967 3639 1022 in

1979 1070 2226 1126 corpore
2260 1056 2424 1111 Pauli
2453 1053 2978 1127 magniﬁcabatur.
3008 1053 3171 1110 ldem
3201 1070 3338 1110 vero
3365 1054 3552 1111 fiebat
3580 1059 3640 1111 et

258 1145 445 1198 altera
472 1143 616 1199 vice.
650 1143 850 1215 Neque
879 1143 1040 1198 enim
1077 1143 1380 1213 singulare
1420 1148 1478 1198 et
1516 1143 1936 1198 admirandum
1979 1144 2209 1199 Domini
2239 1144 2504 1199 studium
2543 1145 2603 1198 in
2643 1143 2826 1199 Paulo
2857 1143 3118 1214 conspici
3150 1147 3402 1212 tantum,
3443 1144 3550 1199 sed
3580 1148 3634 1200 et

260 1233 451 1304 ipsius
513 1231 675 1287 Pauli
714 1247 808 1287 res
856 1232 1070 1287 clarius
1109 1233 1368 1288 emicare
1419 1231 1736 1287 debebant.
1781 1230 2097 1302 Reliquum
2152 1232 2355 1305 itaque
2393 1237 2535 1298 erat,
2594 1237 2658 1288 ut
2695 1231 2822 1303 ipse
2860 1237 3102 1304 propter
3141 1232 3441 1302 Evangelii
3479 1248 3627 1304 prae-

253 1323 500 1378 conium
533 1323 740 1377 omnia
781 1323 1109 1387 sustineret,
1145 1323 1462 1394 ipsumque
1503 1321 1656 1377 adeo
1686 1320 1974 1392 gladium,
2007 1333 2064 1376 et
2099 1337 2303 1378 necem
2334 1322 2530 1393 ipsam
2570 1321 3046 1394 parvipenderet,
3087 1326 3144 1377 et
3181 1321 3259 1378 ad
3289 1337 3475 1378 unum
3507 1327 3638 1378 tan-

259 1417 387 1466 tum
429 1427 669 1484 scopum
740 1412 1108 1467 contendens
1148 1412 1353 1466 omnia
1412 1412 1521 1465 sibi
1561 1410 1804 1466 veritate
1860 1410 2140 1466 inferiora
2179 1427 2309 1466 esse
2349 1411 2707 1476 ostenderet,
2763 1416 2942 1482 atque
2981 1411 3134 1467 adeo
3180 1412 3471 1482 sanguine
3511 1428 3636 1468 ma-

258 1501 410 1555 dens
442 1500 520 1555 ad
546 1517 704 1566 eum,
733 1516 912 1572 quem
946 1500 1392 1570 praedicaverat,
1425 1505 1788 1571 properaret.
1817 1499 1935 1554 Hoc
1964 1515 2106 1554 vero
2137 1500 2266 1571 ipso
2294 1501 2556 1556 Christus
2587 1500 2800 1555 iterum
2831 1500 3350 1571 magnificabatur.

809 1602 1122 1650 ΕΡΩΤΗΣΙΣ
1149 1597 1316 1650 ΡΚΑ’.

253 1711 386 1759 Τίνα
429 1701 490 1762 ἧν
531 1706 595 1756 τὰ
641 1705 981 1780 ὑστερήματα
1020 1712 1112 1755 τοῦ
1152 1709 1406 1774 Χριστοῦ,
1441 1703 1569 1776 ἅπερ
1606 1703 1630 1754 ό
1665 1700 1866 1763 Παῦλος

896 1774 1192 1847 ἐπλήρωσεν
1227 1791 1240 1842 ;

1977 1596 2294 1661 QUASSTIO
2369 1599 2522 1652 cxxr
2589 1595 2796 1668 [CoisL
2867 1597 3083 1662 cxuu,
3162 1599 3340 1654 Taur.
3411 1598 3628 1670 CXLII].

2049 1701 2188 1769 Quae
2205 1703 2452 1772 fuerunt
2488 1703 2622 1766 illa,
2667 1718 2795 1774 quae
2842 1702 3073 1776 Christo
3094 1702 3357 1776 deerant,
3391 1720 3634 1776 quaeque

2456 1776 2684 1830 Paulus
2715 1775 3031 1843 complevit
3061 1775 3128 1808 ⁸⁸·
3157 1774 3186 1828 ‘P

908 1881 1183 1930 Editarum
1215 1894 1247 1929 a
1269 1879 1443 1929 Volfio
1472 1883 1622 1928 sexta
1652 1878 1706 1938 (1.
1739 1893 1790 1928 c.
1828 1892 1878 1940 p.
1912 1877 2117 1927 719-726
2145 1879 2384 1929 Galland.
2417 1894 2468 1942 p.
2499 1880 2610 1936 719,
2643 1880 2752 1934 721,
2791 1894 2842 1927 n.
2876 1880 2976 1940 22).

325 1988 438 2033 Τῶν
491 1977 846 2031 ἁποστολικῶν
921 1979 1168 2053 ῥημάτων
1241 1979 1270 2035 ἡ
1338 1978 1650 2049 προτεθεῖσα
1715 1995 1857 2050 περι-

2039 1977 2346 2050 Proposita
2382 1978 2509 2034 haec
2535 1977 2855 2033 verborum
2888 1977 3151 2050 Apostoli
3184 1979 3364 2034 series
3402 1979 3628 2051 duplici

253 2075 392 2126 κοπὴ
456 2065 648 2127 διπλῆν
707 2067 969 2142 ἐκφέρεται
1025 2064 1261 2128 διανοίας
1317 2063 1459 2118 ὀδόν.
1532 2068 1597 2116 Οἱ
1657 2069 1745 2137 μὲν
1802 2069 1857 2116 τό

251 2162 530 2232 ὑστέρημα
579 2156 816 2219 λαϐόντες
875 2155 1040 2217 οὑτως
1097 2155 1286 2219 ἁπλῶς,
1341 2159 1412 2216 ὡς
1463 2158 1520 2206 τὸ
1579 2159 1860 2228 πρόχειρον

249 2247 530 2300 ὑποϐάλλει
584 2254 677 2307 τῆς
723 2253 916 2317 φωνῆς,
975 2251 1106 2317 φασὶ
1150 2249 1233 2296 τόν
1285 2247 1557 2296 θεσπέσιον
1602 2243 1856 2317 εἰρηκέναι

253 2336 478 2396 Παῦλον,
536 2335 617 2387 ὃτι
661 2337 739 2386 Τὰ
792 2335 1130 2408 ὑστερήματα
1179 2342 1277 2385 τῶν
1324 2331 1542 2404 θλίψεων
1586 2340 1677 2384 τοῦ
1733 2339 1855 2405 Χρι-

253 2433 386 2478 στοῦ
450 2423 498 2476 ἐν
555 2431 618 2496 τῇ
670 2428 826 2496 σαρκί
875 2443 974 2495 μου
1029 2421 1400 2496 ἀνταναπληρῶ
1431 2424 1560 2488 (47),
1593 2425 1682 2472 καὶ
1735 2419 1860 2492 βοὺ-

247 2515 438 2566 λεσθαι
469 2510 682 2574 δηλοῦν,
733 2514 798 2572 ὡς
837 2515 897 2564 Εἰ
934 2532 986 2564 τι
1033 2510 1222 2564 ἐνέλιπε
1269 2515 1496 2583 Χριστός
1534 2518 1626 2562 τοῦ
1657 2511 1855 2574 παθεῖν,

251 2603 356 2675 ἐγὼ
414 2592 462 2654 ἓν
520 2609 592 2671 τῷ
642 2605 848 2673 σώματί
895 2620 996 2674 μου
1049 2599 1422 2674 ἀνταναπληρῳ
1461 2599 1591 2661 (48)·
1624 2604 1711 2650 καὶ
1743 2618 1860 2650 συν-

253 2694 602 2763 επισχύοντες
635 2693 738 2755 (49)
790 2695 884 2748 την
924 2687 1158 2742 διάνοιαν
1199 2693 1412 2753 ταύτην,
1445 2687 1665 2762 Ὠσπερ,
1709 2693 1857 2759 φασὶ,

254 2777 476 2833 δέδοται
549 2787 655 2838 τοῖς
732 2777 1038 2839 ἀποστόλοις
1121 2783 1332 2852 μείζονα
1405 2776 1560 2829 τελεῖν
1633 2777 1660 2834 ἦ
1725 2779 1860 2830 κατὰ

251 2871 490 2943 Χριστὸν
542 2875 753 2940 σημεῖα’
802 2873 890 2919 καὶ
940 2867 1110 2934 πάλιν,
1159 2865 1358 2941 Ὠσπερ
1403 2866 1559 2926 αὑτός
1602 2867 1627 2917 ὅ
1661 2865 1861 2926 Παῦλος

252 2959 444 3030 ὑροὶται
493 2966 591 3008 τῶν
651 2964 976 3009 Δεσποτικῶν
1034 2955 1242 3008 ἐντολῶν
1291 2955 1609 3026 ὑψηλότερόν
1648 2974 1698 3005 τι
1738 2951 1860 3005 δια-

250 3050 621 3119 πραττόμενος·
677 3045 786 3107 ἐξὸν
835 3047 944 3111 (50)
983 3048 1080 3120 γὰρ
1127 3045 1268 3114 αὑτῷ
1318 3042 1372 3095 ἐκ
1411 3051 1501 3095 τοῦ
1547 3042 1858 3114 Εὑαγγελίου

252 3137 534 3211 τρέφεσθαι
600 3133 694 3186 οὑκ
754 3134 1004 3206 ἐτρέφετο*
1086 3139 1174 3185 καὶ
1252 3140 1470 3184 τοιαῦτα
1521 3133 1666 3206 ἕτεροί
1722 3151 1856 3184 τινα·

252 3228 390 3277 οὕτω
442 3228 532 3276 καὶ
583 3225 648 3276 τὰ
713 3225 1045 3295 ὑστερήματα
1097 3230 1190 3274 τοῦ
1253 3228 1512 3274 Δεσπότου
1571 3229 1642 3290 τῷ
1690 3221 1860 3293 οἰκείῳ

253 3312 543 3386 ἀνεπλήρου
600 3317 824 3384 σώματι.
884 3311 1014 3363 Ἀλλ’

254 3405 400 3456 ἔνιοι.
453 3404 518 3453 Οἱ
568 3397 626 3453 δὲ
685 3401 896 3453 αῦτοθεν
948 3399 1087 3474 βαρὺ
1144 3400 1441 3472 νομίζοντες
1495 3402 1551 3450 τό
1607 3404 1860 3470 στερῆσαί

251 3511 392 3551 τινος
442 3491 548 3555 (51)
585 3493 670 3542 τὸν
720 3493 952 3565 Χριστόν
1003 3488 1050 3540 ἐν
1099 3498 1170 3560 τῷ
1222 3489 1430 3540 παθεῖν’
1482 3491 1544 3539 Τί
1572 3489 1673 3561 γὰρ
1715 3493 1858 3560 ὤφει-

251 3579 356 3645 λεν,
405 3584 455 3631 τί
512 3575 561 3630 δ’
608 3579 711 3651 οὑχ
745 3580 944 3637 ὑπέστη
998 3579 1420 3652 ἐπηρεαζόμενος,
1455 3576 1856 3648 χλευαζόμενος,

254 3667 534 3728 ἐπιϐουλὰς
596 3673 776 3740 φέρων,
835 3665 1059 3741 ἐνέδρας,
1121 3667 1307 3740 ὑϐρεις,
1375 3663 1572 3733 ὀνείδη,
1640 3668 1857 3732 οἴκοθεν,

254 3758 458 3821 ἔξωθεν,
511 3763 599 3809 καὶ
649 3761 705 3808 τὸ
764 3757 1070 3822 τελευταῖον,
1135 3759 1357 3830 σταυρόν
1416 3761 1502 3806 καὶ
1559 3759 1860 3830 κακούργων

258 3849 474 3900 θάνατον
504 3864 518 3913 ;
546 3845 605 3897 Ὀ
637 3843 703 3904 δὴ
749 3855 915 3897 ταῦτα
945 3847 1140 3910 παθὼν,
1189 3851 1361 3896 καίτοι
1407 3841 1593 3919 ῥᾴδιον
1625 3847 1760 3916 ἔχων
1804 3849 1860 3896 τό

256 3943 456 4007 φυγεῖν,
487 3940 575 3987 καὶ
606 3937 776 3986 πάντα
824 3941 1018 4008 προῖκα
1068 3939 1157 3985 καὶ
1214 3930 1412 4007 δωρεὰν
1445 3929 1517 3984 δι’
1552 3935 1710 4003 ἡμᾶς,
1753 3943 1861 3995 πῶς

255 4027 544 4097 ὑστερῆσαι
590 4023 777 4095 λέγοιτ’
836 4022 896 4075 ἂν
937 4043 1094 4087 τινος,
1152 4024 1180 4082 ἣ
1240 4021 1550 4096 παραλιπεῖν
1600 4021 1746 4086 ὅλως,
1795 4022 1861 4071 ὧν

258 4111 365 4166 ἔδει
413 4115 632 4181 παθεῖν;
684 4117 754 4166 Τὸ
804 4110 862 4166 δὲ
913 4111 1134 4185 δύναμιν
1182 4112 1352 4164 λαϐεῖν
1411 4111 1626 4184 μείζονα
1674 4115 1862 4182 τέρατα

255 4203 433 4269 τελεῖν,
491 4203 534 4255 εἰ
596 4208 666 4275 μή
729 4206 960 4276 Χριστὸς
1026 4203 1176 4262 αὐτὸς
1234 4198 1294 4259 ἧν
1343 4201 1368 4252 ὁ
1450 4209 1545 4260 τῆς
1599 4195 1862 4270 δυνάμεως

254 4295 515 4366 χορηγὸς,
567 4291 624 4343 οῦ
677 4297 769 4349 τὴν
827 4291 1100 4366 εἰρημένην
1165 4295 1325 4363 μόνην
1407 4286 1643 4341 διάνοιαν
1723 4308 1864 4362 περι-

259 4380 452 4452 θοίλψοι
505 4383 588 4450 οἷν,
637 4379 765 4432 ἀλλὰ
819 4385 909 4432 καὶ
958 4379 1284 4453 ἀτοπωτέραν
1337 4377 1506 4448 πολλῷ
1557 4373 1862 4449 δυσφημίαν

257 4469 642 4545 ἁναρῥιπίσειε)
683 4471 794 4540 (52)
825 4469 906 4538 ἆν,
957 4471 1018 4531 ἧς
1058 4471 1086 4527 ἡ
1137 4474 1236 4541 φυὴ
1287 4469 1398 4536 (53)
1438 4468 1611 4542 (ῥίζης
1640 4469 1741 4540 γὰρ
1781 4464 1862 4516 ἐκ-

257 4563 472 4633 φύονται
517 4569 608 4620 τῆς
670 4559 851 4629 αὐτῆς)
907 4563 1034 4632 πρὸς
1093 4562 1187 4616 την
1241 4560 1580 4629 ἡγησαμένην
1625 4554 1863 4628 ἀναφέρε-

1966 2067 2189 2121 ratione
2211 2067 2546 2138 exponitur.
2583 2067 2691 2122 Alii
2718 2067 2878 2123 enim
2913 2083 3119 2122 vocem
3143 2069 3415 2143 ὑστέρημα
3441 2085 3626 2124 sensu

1968 2154 2076 2209 sim
2089 2155 2437 2226 plicissimo,
2462 2156 2566 2227 qui
2593 2155 2854 2211 maxime
2880 2155 3096 2210 obvius
3117 2161 3224 2222 est,
3245 2157 3629 2227 accipientes,

1967 2243 2240 2298 divinum
2275 2244 2522 2299 Paulum
2557 2249 2823 2299 statuunt
2852 2244 3068 2300 dixisse
3101 2261 3161 2300 se
3191 2245 3470 2318 reliquias
3503 2261 3633 2317 per-

1968 2334 2315 2405 pessionum
2368 2334 2577 2390 Christi
2624 2334 2888 2389 vicissim
2935 2335 2994 2388 in
3048 2349 3296 2405 corpore
3344 2351 3454 2390 suo
3505 2351 3633 2391 esse

1969 2421 2407 2492 suppleturum,
2457 2427 2636 2494 atque
2685 2423 2836 2478 adeo
2878 2421 2939 2477 id
2989 2422 3290 2478 sibi'velle
3331 2440 3343 2477 :
3379 2423 3438 2477 Si
3486 2423 3632 2496 quid

1970 2510 2227 2566 Christus
2271 2512 2328 2566 in
2377 2512 2765 2583 perpessione
2816 2527 2926 2566 sua
2979 2510 3276 2583 reliquum
3320 2510 3540 2577 fecerit,
3569 2511 3631 2566 id

1969 2615 2080 2669 ego
2120 2601 2179 2654 in
2225 2616 2472 2671 corpore
2501 2617 2634 2656 meo
2668 2599 2940 2672 suppleo.
2991 2604 3151 2655 Hanc
3189 2601 3629 2672 expositionem

1968 2689 2378 2744 confirmaturi
2406 2690 2603 2744 aiunt:
2633 2689 2793 2745 Sicut
2817 2689 3096 2762 Apostolo
3115 2695 3375 2761 potestas
3400 2691 3628 2761 majora

1971 2777 2175 2833 Christi
2232 2778 2345 2858 illis
2393 2779 2681 2834 miracula
2735 2779 3014 2851 patrandi
3065 2779 3224 2835 facta
3277 2785 3416 2846 est;
3477 2782 3630 2836 sicut

1967 2866 2147 2922 etiam
2182 2868 2393 2922 Paulus
2424 2868 2548 2939 ipse
2591 2868 2850 2940 amplius
2895 2869 3142 2940 aliquid,
3182 2885 3368 2940 quam
3397 2869 3630 2925 Domini

1969 2962 2265 3027 praecepta
2323 2957 2719 3028 postulabant,
2787 2957 3063 3029 praestitit
3117 2958 3279 3028 (cum
3341 2957 3502 3012 enim
3558 2973 3628 3011 ex

1973 3043 2268 3114 Evangelii
2300 3046 2597 3116 praeconio
2625 3045 2778 3100 alere
2811 3061 2872 3099 se
2910 3044 3222 3116 potuisset,
3270 3060 3392 3100 non
3428 3048 3629 3101 tamen

1969 3132 2106 3186 inde
2138 3149 2200 3186 se
2224 3132 2386 3202 aluit)
2423 3151 2435 3184 :
2467 3131 2549 3188 ita
2573 3138 2633 3188 ut
2661 3133 2777 3188 alia
2805 3133 2897 3187 his
2932 3132 3150 3188 similia
3181 3137 3508 3197 taceantur,
3540 3149 3629 3190 re-

1966 3219 2184 3292 liquias
2214 3221 2444 3276 Domini
2476 3223 2535 3276 in
2567 3238 2675 3277 suo
2708 3237 2957 3294 corpore
3001 3221 3303 3293 supplevit
3338 3224 3406 3274 ⁸ο.
3441 3228 3629 3294 Atque

1096 3311 1230 3363 οῦτω
1315 3313 1404 3381 μεν
1479 3311 1859 3383 τεθεωρήκασιν

1976 3311 2049 3364 ita
2075 3309 2314 3380 quidem
2353 3310 2613 3365 sentiunt
2643 3311 2934 3366 nonnulli.
2983 3311 3090 3366 Alii
3115 3327 3257 3366 vero
3289 3326 3405 3366 non
3438 3311 3631 3366 feren-

1969 3399 2115 3453 dum
2146 3402 2375 3470 putant,
2417 3405 2476 3454 ut
2516 3399 2584 3454 de
2620 3401 2830 3456 Christi
2876 3400 3258 3472 perpessione
3289 3399 3628 3472 quidquam

1967 3488 2352 3543 diminuatur.
2388 3489 2537 3554 Quid
2575 3490 2731 3544 enim
2769 3489 2862 3544 ille
2892 3489 3014 3562 pati
3046 3489 3289 3554 debuit,’
3311 3489 3477 3562 quod
3508 3504 3628 3544 non

1969 3577 2040 3633 sit
2071 3594 2406 3649 perpessus,
2446 3579 2777 3634 maledictis
2811 3578 3084 3642 obrutus,
3117 3579 3378 3644 delusus,
3427 3578 3628 3650 pravis

1967 3666 2251 3732 consiliis,
2284 3667 2534 3730 insidiis,
2563 3667 2815 3740 injuriis,
2846 3667 3102 3740 probris,
3137 3674 3259 3722 tum
3283 3667 3466 3738 domi,
3502 3671 3628 3723 tum

1967 3756 2126 3820 foris,
2175 3757 2496 3828 expositus,
2533 3757 2791 3828 denique
2847 3773 2987 3812 vero
3034 3774 3288 3821 crucem,
3337 3757 3630 3812 malefico-

1969 3863 2103 3901 rum
2143 3845 2528 3918 supplicium,
2588 3846 2847 3902 tolerans
2891 3848 2918 3904 ἰ)
2976 3847 3079 3918 qui
3130 3863 3270 3902 vero
3314 3847 3453 3902 talia
3499 3862 3630 3918 per-

1970 3951 2183 4007 pessus
2205 3940 2312 4000 est,
2339 3951 2468 4004 quae
2486 3934 2744 4003 effugere
2766 3934 2934 3989 facile
2955 3940 3200 4005 poterat,
3228 3935 3403 4007 idque
3425 3941 3630 3990 nostra

1971 4027 2199 4077 tantum
2252 4038 2453 4082 causa.
2506 4024 2814 4094 quomodo
2861 4023 2910 4076 is
2969 4023 3200 4078 destitui
3260 4023 3479 4094 aliquo,
3528 4029 3629 4078 aut

1970 4111 2296 4182 quidquam
2323 4109 2609 4182 reliquum
2638 4111 2847 4166 fecisse
2870 4111 3097 4166 dicatur
3123 4110 3150 4164 ?
3179 4111 3348 4176 Quod
3380 4127 3514 4165 vero
3545 4113 3628 4166 di-

1970 4199 2120 4254 citur
2142 4198 2479 4253 facultatem
2505 4201 2800 4270 accepisse
2827 4200 3056 4270 majora
3077 4198 3360 4254 miracula
3385 4199 3622 4265 edendi,

1971 4287 2082 4342 nisi
2115 4287 2367 4341 Christus
2397 4287 2692 4342 facultatis
2721 4287 2877 4342 illius
2902 4293 3110 4342 auctor
3141 4288 3213 4342 sit
3234 4295 3288 4342 et
3314 4287 3623 4347 habeatur.

1971 4377 2032 4432 id
2063 4377 2301 4448 quidem
2329 4393 2444 4430 non
2475 4376 2670 4432 solum
2699 4376 2884 4443 illam,
2923 4393 3107 4448 quam
3137 4377 3318 4431 modo
3345 4377 3624 4442 diximus,

1972 4465 2401 4537 expositionem
2427 4465 2624 4520 fovere
2653 4467 2859 4537 possit,
2892 4465 2992 4520 sed
3026 4465 3204 4520 aliam
3233 4481 3473 4537 quoque
3501 4481 3628 4521 sen-

1974 4554 2238 4618 tentiam,
2293 4553 2392 4608 illa
2437 4553 2902 4620 insolentiorem,
2956 4555 3126 4623 cujus
3176 4556 3342 4623 origo
3388 4558 3446 4608 et
3483 4553 3628 4608 ratio

257 4651 384 4702 σθαι
439 4645 623 4700 δικαία
678 4646 835 4716 ἐστὶν,
898 4653 986 4699 καὶ
1044 4647 1172 4719 οὐχὶ
1226 4655 1324 4698 τῶν
1394 4643 1756 4717 λαμϐανόντων
1806 4645 1861 4695 τὸ

1976 4644 2071 4714 (ex
2103 4643 2313 4697 eadem
2345 4643 2500 4698 enim
2544 4648 2791 4715 utraque
2827 4642 3019 4697 radice
3053 4649 3192 4698 nata
3223 4645 3330 4713 est)
3371 4643 3442 4697 ad
3470 4649 3629 4697 ante-

257 4743 456 4812 θαῦμα,
490 4738 594 4790 ἀλλ’
628 4740 656 4796 ἠ
710 4745 800 4790 τοῦ
842 4746 1196 4811 χορηγοῦντος
1238 4739 1423 4812 χάρις,
1472 4743 1562 4788 τοῦ
1605 4735 1864 4806 θαυμάζε-

258 4830 386 4881 σθαι
428 4831 520 4887 τὴν
571 4825 856 4902 ὑπερϐολὴν
911 4829 1044 4899 ἔχει.
1093 4833 1210 4879 Ὅτι
1244 4823 1302 4878 δὲ
1332 4824 1386 4877 ἐκ
1416 4833 1506 4878 τοῦ
1546 4823 1862 4896 Εὑαγγελίου

336 4964 384 4997 ⁸⁸
417 4960 642 5018 Coloss.
675 4976 712 5028 1,
738 4964 827 5016 '24.
906 4961 953 4995 ³ο
985 4960 1159 5017 ICor.
1193 4976 1270 5025 1x,
1306 4963 1390 5026 14,
1426 4961 1506 5015 15.

1974 4733 2284 4788 cedentem
2336 4732 2496 4788 illam
2542 4732 2992 4788 referri‘debetl
3039 4733 3265 4787 Scilicet
3308 4747 3428 4787 non
3473 4731 3625 4797 illos,

1974 4821 2078 4895 qui
2110 4821 2448 4878 facultatem
2478 4823 2632 4879 hanc
2659 4826 3029 4894 acceperunt,
3057 4822 3344 4879 admirari
3373 4827 3626 4895 oportet,

1835 5029 2055 5112 Nom.

331 5174 621 5256 (47)(301ζ).
652 5191 756 5256 pro
781 5173 1080 5256 ἀναπληρῷ,
1104 5177 1268 5256 recte
1302 5174 1562 5256 quidem.
1595 5176 1676 5256 Ita
1706 5174 1868 5256 enim

255 5248 498 5306 codices
531 5244 796 5320 plerique
839 5244 1061 5315 legunt,
1104 5244 1493 5318 lectionisque
1524 5246 1702 5317 hujus
1743 5244 1863 5300 effi-

257 5321 481 5377 caciam
520 5323 727 5374 Noster
758 5334 897 5375 mox
931 5326 1118 5386 urget.

329 5389 435 5454 (48)
458 5389 779 5462 itaiterum
801 5390 964 5450 Colb,
986 5406 1094 5461 pro
1111 5389 1314 5454 altero,
1342 5387 1700 5462 quod‘modo
1719 5387 1860 5443 dixi.

329 5463 437 5525 (49)
462 5460 629 5525 Colb,
662 5477 772 5534 pro
803 5459 1320 5534 συνεπαισχύνοντες,
1357 5459 1522 5533 quod
1552 5460 1670 5515 huc
1701 5475 1861 5532 pror-

257 5549 364 5590 sus
394 5548 516 5605 non
555 5533 831 5605 quadrat.
1105 5604 1108 5605 γ
1185 5551 1195 5563 ·

329 5607 440 5673 (50)
461 5603 803 5677 (an—scripsi
834 5619 967 5678 pro,
1000 5603 1053 5668 ἐξ
1077 5604 1164 5661 ὧν.
1200 5603 1365 5669 Conf,
1400 5607 1524 5660 not.
1564 5604 1650 5658 54.

403 5703 644 5760 ΡΑτειοι..
686 5701 797 5760 Gn.
838 5701 927 5759 Cl.

2051 5173 2163 5244 (51)
2191 5175 2276 5228 Ita
2301 5171 2682 5245 scribendum
2716 5170 2918 5242 putavi
2959 5187 3086 5242 pro,
3118 5177 3209 5223 τοῦ
3249 5174 3616 5245 erepant-:1,

1970 5242 2332 5316 (Ῑιιὸάϐοἱει.
2368 5249 2424 5299 et
2459 5260 2584 5316 pro,
2637 5247 2694 5295 τὸ
2731 5248 2982 5318 στερῆσαι
3009 5263 3079 5306 τι,
3103 5243 3269 5315 quod
3303 5242 3469 5299 C'olb.
3504 5243 3618 5300 ha-

1973 5317 2091 5370 bet.
2822 5317 2825 5318 ⁷

2045 5386 2158 5457 (52)
2187 5389 2304 5441 Hoc
2335 5385 2516 5441 malui
2537 5402 2656 5457 pro
2686 5384 2907 5457 ἀναριπή
2921 5405 3071 5440 σειεν.

2069 5391 2134 5441 52
2187 5389 2304 5441 Hoc
2335 5386 2516 5441 malui
2551 5402 2656 5457 pro
2686 5386 3071 5457 ἁναριπησειεν.

2045 5386 2158 5528 ἓ53)
2203 5456 2547 5529 pufrscripsi
2596 5473 2703 5528 pro
2751 5464 2910 5528 φυγή.
2957 5462 3039 5513 lta
3075 5457 3241 5527 jubet
3282 5461 3338 5514 et
3391 5473 3620 5522 sensus,

1974 5534 2031 5584 et
2051 5527 2293 5584 verbum
2317 5527 2612 5601 ἐκφύονται,
2649 5527 2990 5602 (πυόάωοχ
3021 5529 3312 5602 sequitur.

3381 5695 3451 5751 23
