4136 6198
556 276 661 339 707

1810 274 2037 332 ΡΗΟΤΙΙ
2075 271 2550 331 ΡΑἸἮΙΑΗΟΗΑΞ
2586 272 2676 330 GP
2689 316 2705 332 .

3818 266 3925 331 708

557 402 662 459 sed
697 402 889 473 gratia
912 399 1269 457 conferentis
1299 398 1497 465 habet,
1529 400 1695 472 quod
1727 401 1989 457 maxime
2017 399 2181 456 admi

2314 398 2425 462 ἐξόν
2491 399 2605 471 (54)
2681 402 2961 472 τρέφεσθαι
3017 398 3111 450 οὑκ
3177 397 3429 470 ἐτρέφετο,
3490 401 3638 470 ἔργον
3840 400 3927 451 έπ-

554 506 775 547 remur.
814 490 986 557 Quod
1017 504 1197 561 porro
1250 488 1463 543 Paulus
1511 505 1583 544 ex
1633 490 1951 560 Evangelio
1982 491 2203 545 victum

554 578 668 635 sibi
698 594 819 635 non
841 578 1155 651 paraverit,
1190 594 1328 633 cum
1361 584 1561 633 tamen
1592 578 1901 648 potuisset,
1936 578 1992 633 id
2030 578 2203 634 laude

550 668 795 740 quidem
840 667 1087 737 dignum
1118 670 1263 731 erat,
1303 666 1537 737 ipsique
1564 666 1843 722 salutare.
1879 669 1958 722 Ne
1987 666 2205 721 scilicet

548 756 899 812 criminandi
950 756 1326 813 occasionem
1365 755 1600 821 faceret,
1642 756 1744 827 qui
1783 772 1916 811 cam
1956 755 2201 811 sollicite

547 844 918 917 quaerebant,
968 861 1004 900 a
1058 844 1329 899 libertate
1382 843 1494 899 hac
1542 843 1845 913 abstinuit,
1891 843 2069 899 etiam
2106 843 2201 897 hic

550 934 779 990 Domini
823 935 916 989 sui
944 939 1238 1005 praecepto
1284 933 1561 998 munitus,
1603 933 1705 1004 qui
1741 949 1801 987 re
1836 934 1963 1004 ipsa
1994 932 2200 987 admo-

2314 493 2511 541 αινετὸν
2562 494 2653 541 καὶ
2699 491 2974 562 μακάριον.
3025 487 3135 541 Ἵνα
3183 491 3286 561 γὰρ
3337 493 3407 557 μὴ
3468 487 3632 545 λαϐὴν
3682 491 3791 557 (55)
3847 486 3926 560 δῷ

2312 586 2418 638 τοῖς
2462 580 2571 641 (56)
2627 582 2875 641 ζητοῦσιν
2930 577 3098 629 αἰτίαν
3148 578 3331 649 εὑρεῖν,
3389 585 3483 637 τῆς
3538 576 3786 638 ἐξουσίας
3834 577 3925 649 ἀφ.

2314 672 2513 718 ίστατο.
2597 672 2857 720 Δεσπότου
2932 664 2991 718 δε
3074 665 3342 717 κάνταῦθα
3423 670 3926 740 περιφρουροὺμενος

2313 754 2508 827 ἐντολῇ,
2571 752 2643 808 δι’
2718 778 2802 820 ης,
2883 758 2979 808 κάν
3048 760 3189 827 νόμῳ
3262 760 3351 806 καὶ
3409 758 3561 825 φύσει
3617 756 3786 807 πολλά
3831 765 3924 808 τοῦ

2310 846 2553 918 πράττειν
2606 844 2858 920 ἐλεύθεροί
2905 846 3076 916 ἔσμεν.
3134 848 3190 896 τὸ
3237 852 3347 904 τοῖς
3402 844 3624 902 πλησίον
3681 843 3921 897 σκάνδα-

2308 932 2393 984 λον
2446 932 2811 1005 ἀντιπαραθεὶς
2884 938 3018 1008 ἔργῳ
3067 934 3429 1008 προὺτρέψατο
3502 942 3598 995 τῆς
3682 934 3921 997 ἐξουσίας

2309 1020 2450 1091 ἆγειν
2497 1022 2719 1093 σχολὴν.
2752 1044 2780 1074 ‹(
2820 1029 2928 1075 Ὶνα
2970 1025 3071 1094 γὰρ
3117 1027 3187 1093 μὴ
3235 1018 3668 1093 σκανδαλίσωμεν
3709 1023 3921 1084 αὑτοὺς,

2309 1114 2487 1180 φησὶν,
2537 1114 2804 1184 πορευθεὶς
2852 1111 2918 1171 εἰς
2952 1111 3241 1173 θάλασσαν,
3302 1108 3430 1182 βάλε
3477 1112 3790 1183 ἄγκιστρον,
3833 1116 3919 1163 καὶ

2306 1202 2393 1249 τὸν
2442 1198 2784 1252 ἀναϐαίνοντα
2831 1209 3030 1273 πρῶτον
3079 1201 3241 1271 ἰχθὺν
3292 1195 3435 1273 ἆρον,
3486 1204 3577 1251 καὶ
3626 1199 3833 1263 ἀνοίξας
3861 1206 3919 1252 τὸ

2308 1292 2479 1359 στόμα
2508 1288 2689 1353 αὑτοῦ,
2741 1291 2979 1362 εὑρήσεις
3030 1296 3290 1361 στατῆρα.
3335 1288 3552 1340 Ἐκεῖνον
3600 1288 3797 1353 λαϐὼν,
3833 1286 3920 1349 δός

2306 1377 2481 1439 αὐτοῖς
2528 1376 2642 1430 ἀντὶ
2695 1377 2813 1449 ἐμέυ
2870 1383 2959 1429 καὶ
3008 1386 3123 1430 σοῦ.
3184 1400 3211 1428 ι)
3261 1377 3399 1429 Ἀλλ’
3454 1380 3697 1436 ἐπαινετὴ
3885 1382 3915 1435 ἡ

2305 1466 2509 1517 Παύλου
2569 1466 2753 1540 πρᾶξις
2819 1470 2944 1526 (πῶς
2994 1469 3095 1539 γὰρ
3148 1470 3290 1531 ο·5;),
3346 1463 3497 1518 οὐδὲν
3549 1463 3601 1518 δ’
3664 1465 3918 1537 ἐχέγγυον

544 1023 695 1092 nuit,
741 1027 824 1088 ut,
870 1022 1147 1094 quamvis
1190 1036 1297 1093 per
1344 1020 1536 1091 legem
1588 1025 1644 1075 et
1692 1028 1969 1076 naturam
2014 1020 2200 1076 multa

542 1111 737 1168 facere
767 1110 941 1167 nobis
970 1110 1161 1176 liceat,
1189 1108 1473 1165 seandalo
1498 1115 1717 1174 tamen,
1740 1110 1903 1181 quod
1924 1110 2198 1181 proximo

541 1200 718 1272 objici
743 1200 950 1272 possit,
991 1200 1335 1269 recogitata,
1385 1214 1421 1253 a
1464 1198 1729 1253 libertate
1767 1198 1867 1253 illa
1900 1197 2194 1253 abstinea-

540 1306 700 1345 mus.
752 1310 776 1339 α
822 1292 899 1344 Ne
942 1288 1123 1353 enim,
1183 1287 1396 1359 inquit,
1457 1286 1839 1342 offendamus
1885 1286 2036 1349 illos,
2097 1288 2195 1342 abi

539 1378 611 1435 ad
641 1394 804 1433 mare
844 1377 1063 1449 projice
1094 1378 1366 1441 hamum,
1396 1375 1532 1431 tolle
1563 1376 1812 1448 piscem,
1839 1377 1943 1447 qui
1966 1377 2195 1447 primus

538 1467 825 1534 ascendit,
878 1472 934 1521 et
973 1482 1173 1538 quem,
1207 1472 1413 1535 aperto
1438 1480 1541 1519 ore
1570 1466 1715 1535 ejus,
1750 1465 2048 1519 inveneris
2075 1470 2190 1520 sta-

536 1563 743 1622 terem,
777 1556 940 1610 illum
970 1554 1170 1624 accipe
1211 1559 1267 1608 et
1299 1556 1439 1609 dato
1470 1553 1580 1607 illis
1607 1569 1716 1624 pro
1744 1569 1838 1608 me
1869 1558 1927 1608 et
1956 1559 2010 1608 te
2042 1554 2113 1588 ’θ’
2142 1574 2184 1605 ,ιη

2302 1560 2634 1627 παρεχομένη
2688 1560 2817 1629 πρὸς
2865 1560 2922 1607 τὸ
2974 1558 3262 1629 ὑστερῆσαί
3310 1575 3360 1607 τι
3401 1559 3487 1607 τόν
3520 1561 3775 1627 Χριστόν.
3825 1560 3919 1608 Διά

536 1646 775 1701 Interim
805 1643 932 1698 haec
976 1642 1136 1697 l’auli
1163 1642 1315 1698 actio
1361 1642 1602 1697 laudem
1640 1650 2027 1713 promeretur.
2082 1643 2184 1708 Qui

2300 1652 2425 1715 γοῦν
2499 1648 2619 1721 τοὺς
2692 1646 2992 1717 εἰρημένους
3078 1647 3363 1715 λογισμοὺς
3441 1644 3534 1695 οὑκ
3614 1645 3918 1715 ἀγαπῶντες

536 1732 697 1789 enim
738 1747 859 1787 non
900 1733 927 1787 ?
952 1730 1190 1786 Nullum
1235 1735 1429 1785 tamen
1472 1738 1894 1799 argumentum
1928 1736 2184 1802 praestat,

2302 1736 2425 1785 ἔνιοι
2456 1737 2512 1785 τὸ
2541 1735 2716 1807 ῥηθὲν,
2751 1734 2820 1794 εἰς
2866 1734 3035 1806 ἑτέραν
3070 1730 3225 1795 δόξαν
3269 1735 3461 1804 ἄγουσι
3507 1738 3564 1785 τὸ
3602 1735 3788 1807 ῥητὸν,
3823 1740 3913 1787 καὶ

536 1837 659 1893 quo
701 1825 934 1876 constet
980 1820 1207 1875 Christo
1254 1820 1590 1891 quidquam
1630 1820 1909 1875 defuisse.
1954 1820 2184 1891 Pr0pter

2302 1826 2359 1874 τὸ
2413 1824 2681 1897 ὑστέρημα
2734 1822 2947 1893 λέγουσι
2996 1828 3107 1874 νυνὶ
3156 1831 3388 1875 τοιοῦτον
3443 1821 3801 1875 ἀναπτύσσειν
3854 1828 3912 1875 τὸ

534 1908 726 1964 dictas
745 1909 940 1978 itaque
960 1908 1215 1963 rationes
1233 1907 1526 1974 nonnulli,
1560 1907 1715 1963 hanc
1739 1907 1880 1963 dicti
1905 1908 2194 1979 vocisque

534 1999 809 2071 ὑστερήμα
879 1996 1183 2053 notionem
1241 2004 1603 2063 aversantes,
1670 1996 1851 2053 aliam
1915 1998 2190 2063 aﬂerunt,

533 2090 589 2144 et
633 2091 981 2159 sequentem
1034 2086 1386 2143 sententiam
1436 2086 1755 2156 signiﬁcari
1804 2087 2189 2143 contendunt.

530 2178 660 2234 Tria
702 2180 839 2232 sunt
875 2191 1105 2241 eorum,
1162 2191 1299 2247 qua:
1353 2180 1486 2231 acta
1534 2180 1724 2240 erant,
1773 2191 2009 2245 genera.
2064 2176 2193 2231 Alia

531 2266 693 2323 enim
725 2270 863 2321 sunt
889 2265 1138 2337 majora,
1187 2264 1304 2319 alia
1331 2265 1551 2328 media,
1597 2264 1714 2320 alia
1741 2280 1881 2319 vero
1913 2264 2189 2319 ultimum

529 2354 728 2411 locum
763 2358 1024 2409 tuentur.
1075 2353 1329 2421 Quando
1380 2353 1581 2424 itaque
1611 2352 1783 2407 divus
1816 2353 2027 2407 Paulus
2057 2354 2139 2407 ait
2172 2369 2185 2406 :

532 2443 948 2517 «Ὑστιρὴματα
999 2442 1353 2511 passionum
1395 2441 1601 2495 Christi
1654 2442 1713 2495 in
1770 2456 2017 2511 corpore
2053 2455 2189 2495 meo

532 2534 808 2601 suppleo,
841 2550 869 2581 »
928 2534 1230 2600 postrema
1273 2529 1631 2600 passionum
1671 2528 1897 2593 Christi,
1958 2533 2013 2583 et
2062 2528 2189 2583 ulti-

529 2632 698 2673 mum
728 2617 930 2674 locum
970 2616 1345 2689 occupantia,
1378 2631 1515 2671 eum
1556 2616 1803 2671 innuere
1844 2617 2029 2681 aiunt,
2065 2622 2190 2671 tan-

527 2722 715 2779 quam
728 2722 860 2779 quaz
875 2706 933 2761 in
950 2706 1010 2761 in
1032 2720 1280 2777 corpore
1297 2720 1410 2761 suo
1426 2705 1733 2776 suppleat;
1757 2706 1925 2777 quasi
1948 2706 2185 2771 diceret,

529 2795 908 2852 Calamitates
958 2810 1125 2861 meas,
1180 2798 1413 2851 tantum
1452 2794 1633 2858 abest,
1688 2800 1746 2848 ut
1792 2810 1926 2849 cum
1982 2794 2188 2849 Christi

526 2882 645 2940 illis
670 2884 1009 2957 comparari
1036 2884 1281 2956 possint,
1308 2886 1373 2937 ut
1400 2882 1529 2939 illas
1554 2898 1673 2939 non
1701 2899 1834 2938 cum
1860 2884 2189 2954 majoribus

525 2989 879 3047 comparare
896 2973 1179 3040 audeam,
1201 2973 1322 3028 imo
1346 2988 1454 3028 nec
1478 2989 1614 3027 cum
1633 2972 1842 3027 mediis
1859 2972 2183 3041 conferam,

527 3064 629 3120 sed
651 3080 789 3121 cum
812 3063 1037 3120 ultimis
1059 3068 1287 3119 tantum
1312 3066 1367 3119 et
1389 3063 1708 3134 postremis
1733 3061 2184 3133 conjungendas

2298 3068 2450 3137 φύσις
2502 3068 2628 3138 ὑπὲρ
2678 3072 2911 3137 Χριστοῦ
2986 3065 3154 3140 πράξῃ
3213 3066 3302 3117 καί
3360 3068 3499 3138 πάθη
3556 3068 3686 3135 (61),
3751 3066 3901 3120 οὐδέν

528 3168 657 3209 esse
704 3168 980 3209 censeam
1026 3153 1406 3224 Quaecunque
1448 3151 1608 3206 enim
1661 3151 1922 3207 hominis
1970 3156 2184 3207 natura

2298 3152 2436 3205 ἔστιν
2496 3153 2752 3219 ἀντάξιον,
2816 3151 2931 3206 οὐδ’
2988 3153 3160 3226 ἐγγὺς,
3222 3155 3289 3205 ὧν
3350 3155 3506 3215 αὐτὸς
3565 3157 3693 3229 ὑπὲρ
3755 3160 3898 3227 ἡμῶν

524 3258 634 3314 pro
673 3243 897 3298 Christo
947 3240 1037 3296 vel
1082 3240 1279 3307 faciat,
1320 3239 1415 3295 vel
1454 3240 1733 3311 patiatur,
1782 3256 1991 3296 eorum
2034 3240 2181 3295 nihil
2297 3244 2499 3297 ἔπαθεν.

524 3334 630 3397 est,
696 3330 863 3402 quod
918 3330 980 3386 in
1030 3345 1277 3385 censum
1335 3330 1535 3385 venire
1592 3329 1797 3401 possit,
1858 3344 1967 3384 nec
2028 3328 2360 3401 quidquam
2427 3331 2507 3387 ad
2558 3331 2658 3387 illa
2717 3331 2963 3396 accedit,
3024 3348 3157 3403 quae
3200 3332 3321 3404 ispe
3388 3348 3495 3405 pro
3569 3334 3746 3389 nobis
3808 3340 3898 3391 est

524 3432 863 3490 perpessus.

594 3506 765 3564 Multa
787 3522 929 3563 vero
951 3512 1109 3572 sunt,
1130 3509 1296 3563 aiunt
1318 3506 1417 3572 illi,
1447 3522 1582 3578 quae
1606 3506 1727 3561 haec
1754 3506 2008 3575 cogitata
2034 3521 2179 3562 con-

523 3595 777 3652 ﬁrment.
811 3612 842 3650 α
871 3598 987 3665 Ego
1018 3596 1178 3651 enim
1213 3611 1365 3661 sum,
1400 3595 1591 3667 inquit
1621 3594 1962 3665 Apostolus,
1993 3602 2179 3650 extre-

522 3701 659 3741 mus
700 3685 1125 3757 apostolorum,
1176 3700 1285 3739 nec
1334 3684 1551 3754 dignus
1594 3685 1696 3757 qui
1740 3700 1914 3739 vocer
1942 3692 2178 3757 aposto-

518 3774 613 3831 lus
644 3778 723 3831 °°:
762 3774 967 3840 nitem,
1004 3795 1027 3825 σι
1067 3777 1417 3846 Persequor,
1462 3779 1522 3829 ut
1547 3789 1839 3845 assequar
1869 3774 1913 3809 θί
1954 3790 1967 3839 ;
2006 3795 2032 3825 ››
2066 3791 2175 3831 nec

518 3880 676 3923 non:
713 3886 739 3914 ‹‹
773 3864 1014 3920 Mortem
1041 3863 1179 3918 Jesu
1227 3862 1289 3917 in
1328 3878 1576 3934 corpore
1616 3862 2062 3928 circumferens,
2114 3870 2175 3920 ut

2303 1916 2696 1983 σημαινόμενον·
2757 1919 2903 1985 Τρεῖς
2948 1911 3051 1963 εἰσι
3096 1920 3194 1963 τῶν
3248 1916 3612 1985 πραττομένων
3669 1914 3723 1963 αἱ
3782 1915 3915 1986 πρά-

2302 2001 2423 2063 ξεις.
2474 2004 2551 2053 Τά
2593 2005 2682 2073 μεν
2730 2004 2827 2074 γὰρ
2861 2001 3027 2052 αὐτῶν
3062 2001 3175 2053 ἐστι
3218 2002 3400 2073 μείζω,
3447 2004 3513 2052 τά
3559 1998 3617 2052 δὲ
3657 2006 3819 2072 μέσα,
3846 2006 3912 2053 τὰ

2302 2086 2361 2142 δε
2391 2094 2478 2147 τὴν
2532 2092 2764 2148 ὑστάτην
2820 2088 3067 2161 ἀπείληφε
3111 2096 3313 2163 χώραν.
3348 2093 3417 2145 Τὸ
3461 2097 3587 2160 γοῦν
3633 2091 3794 2143 εἰπεῖν
3827 2096 3911 2142 τὸν

2303 2180 2575 2231 θεσπέσιον
2638 2178 2855 2238 Παῦλον,
2918 2180 2997 2230 ὁτι
3046 2198 3075 2231 ε
3130 2182 3206 2231 Τά
3252 2181 3591 2251 ὑστερήματα
3648 2188 3747 2230 τῶν
3801 2179 3910 2231 θλί-

2298 2266 2434 2337 ψεων
2466 2275 2555 2319 τοῦ
2588 2275 2820 2341 Χριστοῦ
2849 2269 2958 2329 (57)
2999 2266 3045 2318 ἐν
3086 2276 3143 2337 τῇ
3186 2273 3341 2341 σαρκί
3374 2288 3474 2339 μου
3524 2267 3824 2341 ἀναπληρῶ,
3878 2290 3906 2315 ι)

2302 2360 2574 2425 σημαίνειν
2628 2361 2779 2427 φασὶ,
2842 2356 2921 2407 ὁτι
2979 2358 3055 2407 Τά
3112 2356 3317 2407 ὑστατα
3373 2366 3470 2407 τῶν
3527 2356 3749 2425 θλίψεων
3819 2365 3909 2408 τοῦ

2300 2450 2533 2517 Χριστοῦ
2586 2450 2675 2495 καὶ
2724 2450 2817 2501 τὴν
2870 2448 3105 2515 ἐσχάτην
3169 2448 3423 2516 επέχοντα
3474 2451 3679 2516 χώραν,
3737 2455 3907 2497 ταῦτα

2298 2530 2397 2601 ἐγὼ
2446 2532 2493 2583 ἐν
2546 2541 2617 2603 τῷ
2665 2539 2869 2604 σώματί
2918 2553 3016 2604 μου
3058 2533 3337 2607 ἀναπληρώ
3368 2536 3501 2601 (58)·
3534 2540 3799 2599 τουτέστι,
3831 2534 3910 2587 Τὰ

2298 2619 2395 2691 ἐμὰ
2443 2623 2585 2679 πάθη
2637 2630 2882 2673 τοσοῦτον
2944 2621 3129 2692 ἀπέχει
3183 2630 3273 2673 τοῦ
3326 2620 3752 2696 παραϐάλλεσθαι
3802 2632 3909 2684 τοῖς

2298 2716 2555 2781 Χριστοῦ,
2609 2710 2741 2762 ὣστε
2797 2710 2855 2762 οὑ
2908 2716 3059 2781 μόνον
3117 2715 3209 2767 τὴν
3276 2712 3383 2771 (59)
3436 2715 3563 2783 πρὸς
3618 2714 3685 2762 τὰ
3739 2717 3907 2783 μείζω

2301 2801 2577 2871 σύγκρισιν
2610 2799 2668 2850 οὑ
2708 2799 2878 2870 τολμῶ
2911 2799 3037 2863 (60),
3089 2799 3193 2850 ἀλλ’
3246 2795 3369 2850 οὑδὲ
3418 2807 3521 2859 τοῖς
3551 2804 3733 2871 μέσοις
3785 2820 3907 2852 συν-

2296 2888 2597 2951 τάττεσθαι,
2646 2895 2753 2949 τοῖς
2806 2890 3053 2949 ὑστάτοις
3098 2884 3155 2939 δε
3193 2893 3283 2938 καὶ
3330 2887 3661 2952 τελευταίοις,
3698 2888 3904 2959 ἀγαπη-

2298 2979 2383 3026 τόν
2420 2975 2531 3047 ἐμοὶ
2579 2980 2636 3028 τό
2687 2976 3135 3039 συνεξετάζεσθαι.
3188 2976 3347 3028 Ὅσον
3390 2980 3491 3047 γὰρ
3523 2980 3585 3029 οἶν
3626 2977 3901 3050 ανθρώπου

2362 3508 2531 3561 Πολλά
2550 3506 2600 3561 δ’
2622 3510 2682 3561 οἶν
2706 3512 2805 3575 εἴη,
2832 3514 3008 3581 φασὶν,
3029 3518 3090 3582 τῇ
3118 3512 3332 3583 τοεαὺτη
3362 3508 3659 3583 συνᾴδοντα
3687 3514 3891 3585 θεωρία.

2290 3620 2315 3647 (ι
2343 3600 2477 3669 Ἐγὼ
2503 3601 2604 3672 γάρ
2635 3600 2762 3670 εἰμι,
2796 3604 2946 3670 φησὶ,
2978 3597 3264 3660 ἀπόστολος
3292 3601 3316 3649 ό
3344 3598 3630 3671 ἐλάχιστος
3652 3610 3748 3653 τῶν
3772 3601 3894 3653 ἀπο-

2289 3687 2503 3755 στόλων,
2550 3692 2639 3739 καὶ
2675 3688 2767 3739 οὑκ
2808 3688 2913 3747 εἰμί
2960 3689 3134 3749 ἱκανός
3178 3687 3451 3740 καλεῖσθαι
3502 3688 3807 3751 ἀπόστολος·
3864 3711 3889 3737 ι)

2285 3781 2395 3841 καὶ,
2429 3798 2450 3825 ε
2473 3782 2652 3827 Διώκω
2678 3776 2722 3827 εἰ
2752 3782 2840 3828 καὶ
2866 3776 3165 3830 καταλάϐω.
3186 3797 3213 3828 ›)
3244 3782 3362 3841 Καὶ,
3387 3800 3413 3827 ‹‹
3436 3776 3493 3829 Ὀ
3522 3783 3611 3835 τὴν
3641 3784 3891 3851 νέκρωσιν

2284 3872 2375 3916 τοῦ
2411 3865 2584 3921 Ἰησοῦ
2632 3864 2680 3916 έν
2720 3873 2790 3935 τῷ
2842 3872 3045 3937 σώματι
3086 3870 3391 3941 περιφέρων,
3444 3866 3529 3918 ἳνα
3571 3874 3659 3919 καὶ
3701 3871 3730 3926 ἠ
3785 3873 3886 3931 ζωὴ

518 3954 695 4010 etiam
721 3953 843 4010 vita
871 3956 1006 4009 Jesu
1036 3954 1097 4008 in
1150 3968 1399 4023 corpore
1450 3952 1578 4022 ejus
1610 3951 2017 4008 manifestetur
2038 3956 2107 4005 θ’.
2142 3972 2171 4006 ι)

2283 3962 2374 4005 τοῦ
2424 3953 2601 4011 Ἰησοῦ
2650 3952 2697 4004 ἐν
2754 3962 2825 4023 τῷ
2873 3960 3079 4026 σώματι
3130 3954 3290 4006 αὑτοῦ
3348 3958 3636 4027 φανερωθῇ.
3698 3977 3725 4006 ι)
3780 3964 3891 4018 Πῶς

517 4042 829 4108 Quomodo
860 4042 1059 4114 itaque
1089 4040 1303 4096 Paulus
1334 4039 1504 4105 illius,
1538 4041 1637 4113 qui
1677 4041 1882 4095 omnia
1908 4042 2086 4111 gratis
2117 4048 2174 4098 et

2296 4050 2374 4093 ὀὗ
2431 4043 2542 4107 (62)
2591 4045 2762 4094 πάντα
2813 4051 3007 4117 προῖκα
3062 4047 3151 4095 καὶ
3206 4041 3405 4118 δωρεὰν
3455 4045 3749 4115 πράξαντος
3805 4051 3887 4097 καὶ

514 4137 716 4189 nostra
763 4146 943 4187 causa
977 4130 1113 4185 fecit
1153 4134 1209 4185 et
1265 4130 1567 4197 sustinuit,
1614 4129 1891 4201 reliquias
1937 4131 2173 4202 supple-

513 4220 671 4276 visse
701 4220 817 4275 dici
865 4235 1134 4291 unquam
1169 4224 1360 4291 potest
1382 4216 1615 4274 ?Taceo
1644 4218 1761 4273 alia
1804 4218 1894 4273 his
1930 4220 2167 4275 similia.

516 4312 642 4366 lam
672 4308 836 4365 valde
866 4308 1112 4381 quidem
1145 4309 1436 4379 posterior
1473 4308 1601 4363 haec
1635 4307 1925 4379 expositio
1956 4309 2035 4363 rei
2063 4309 2164 4381 ipsi

513 4404 918 4455 consentanea
946 4402 1073 4453 erat
1118 4397 1334 4461 futura,
1378 4397 1481 4451 nisi
1524 4412 1635 4451 vox
1668 4398 1938 4471 ὑστέρημα
1970 4398 2025 4453 in
2070 4400 2169 4453 Ve-

513 4488 617 4544 teri
664 4492 718 4543 et
754 4490 917 4542 Novo
968 4486 1177 4541 Codice
1215 4485 1553 4557 frequenter
1592 4491 1913 4541 occureret.
1953 4508 1980 4537 «
2015 4490 2169 4542 Nun-

515 4575 681 4649 quid,
704 4576 913 4647 inquit,
940 4575 1105 4630 vobis
1127 4574 1375 4629 defuit"
1403 4573 1430 4628 ?
1458 4594 1483 4623 ››
1512 4576 1576 4629 Et
1601 4593 1613 4626 :
1642 4595 1665 4623 α
1692 4576 1804 4629 Nec
1830 4575 2165 4647 quidquam

513 4664 709 4719 deficit
739 4662 1082 4719 timentibus
1112 4662 1275 4717 illum
1303 4664 1372 4715 9‘.
1412 4684 1431 4711 ι
1473 4665 1536 4717 Et
1568 4684 1578 4715 :
1609 4684 1629 4711 ι
1670 4665 1792 4717 Non
1822 4667 1967 4733 puto
1996 4664 2167 4735 quid-

2281 4134 2537 4193 παθόντος
2596 4133 2875 4203 ὑπέστημα
2941 4132 3047 4191 (63)
3103 4131 3289 4204 λέγοιτ’
3360 4134 3421 4184 ἄν
3493 4132 3883 4209 ἀναπληρῶσαι,

2280 4225 2369 4271 καὶ
2420 4219 2583 4272 πολλά
2632 4228 2898 4285 τοιαῦτα;
2951 4226 3050 4273 Καὶ
3108 4221 3220 4273 λίαν
3272 4225 3361 4293 μὲν
3425 4222 3487 4279 ἧν
3537 4222 3885 4296 ἁρμοζόμενον

2280 4311 2336 4359 τό
2389 4316 2483 4369 τῆς
2533 4305 2778 4385 δευτέρας
2827 4306 3059 4369 διανοίας
3096 4306 3258 4379 εἶδος,
3314 4310 3357 4362 εἰ
3402 4316 3471 4382 μὴ
3517 4311 3792 4383 πολλαχοῦ
3832 4318 3883 4364 τὸ

2280 4397 2549 4470 ὑστέρημα
2604 4401 2652 4450 ἓν
2703 4418 2755 4451 τε
2805 4408 2865 4471 τῇ
2940 4405 3144 4470 Παλαιᾲ
3197 4405 3285 4451 καὶ
3334 4406 3396 4472 τῇ
3456 4405 3565 4472 Νέᾳ
3616 4409 3885 4475 φερόμενον

2280 4492 2477 4561 Γραφῇ,
2528 4508 2551 4537 α
2586 4491 2671 4545 Μὴ
2720 4507 2859 4549 τινος
2900 4491 3019 4562 γὰρ,
3073 4494 3251 4559 φησὶν,
3303 4488 3631 4563 ὑστερήσατε
3666 4508 3680 4557 ;
3714 4513 3741 4540 »
3777 4497 3882 4561 καὶ,

2278 4597 2306 4625 ‹‹
2337 4576 2447 4627 Οὑκ
2475 4578 2613 4627 ἔστιν
2654 4578 2925 4649 ὑστέρημα
2954 4585 3057 4637 τοῖς
3089 4577 3418 4649 φοϐουμένοις
3465 4578 3643 4633 αὐτόν,
3692 4600 3719 4629 ι)
3769 4584 3884 4641 Καὶ,

2278 4686 2306 4713 ‹‹
2342 4666 2636 4737 Λογίζομαι
2676 4668 2777 4740 γὰρ
2810 4662 2975 4737 μηδεν
3007 4668 3367 4739 ὑστερηκέναι.
3416 4686 3443 4717 ››
3498 4672 3623 4732 Καὶ,
3661 4689 3689 4719 ‹‹
3720 4667 3887 4721 ’Υστεο

585 4762 653 4797 ⁸³·
693 4761 1033 4826 Matth.xvu,
1087 4763 1175 4815 '27.
1218 4760 1265 4795 9°
1320 4764 1337 4815 l
1380 4760 1510 4816 Cor.
1553 4777 1654 4831 xv,
1695 4761 1748 4816 9.
1791 4761 1835 4795 θί
1880 4760 2130 4833 Philipp.
2170 4780 2184 4815 ι

2297 4763 2381 4817 12.
2425 4765 2472 4798 ⁰²
2521 4766 2561 4818 ll
2613 4764 2740 4820 Cor.
2792 4779 2869 4829 ιν,
2914 4764 3001 4820 10.
3045 4765 3092 4799 9³
3152 4765 3284 4820 Luc.
3325 4779 3467 4832 xxii,
3504 4768 3596 4820 35.
3640 4766 3693 4802 ἰ
3734 4766 3884 4822 Psal-

511 4866 712 4920 xxxnv,
761 4850 845 4906 10.

2076 4947 2299 5005 ΝΟΤΕ.

585 5057 696 5128 (54)
726 5055 887 5112 0011).
921 5072 1029 5128 pro
1060 5054 1225 5128 ἐξγων.
1259 5054 1422 5112 Conf.
1460 5058 1579 5110 not.
1613 5058 1695 5110 50.

611 5127 695 5199 55)
721 5128 882 5183 0011).
913 5127 1019 5199 pro
1046 5127 1233 5181 λαϐεῖν.

611 5135 672 5183 55
721 5133 882 5183 0011).
913 5144 1019 5199 pro
1046 5133 1233 5181 λαϐεῖν.

518 5270 526 5281 .
584 5133 845 5281 (b6iﬂoc
876 5200 1035 5255 malo
1066 5215 1132 5255 ex
1164 5198 1331 5255 Coisl.
1367 5214 1473 5270 pro
1502 5198 1843 5264 συζητοῦσιν,
1876 5195 2042 5271 quod
2072 5204 2162 5254 est

512 5271 929 5415 ln(('§?)lbi’erba
984 5340 1103 5407 illa,
1132 5340 1179 5393 ἐν
1238 5348 1298 5413 τῇ
1345 5345 1500 5414 σαρκί
1544 5360 1643 5412 μου
1682 5371 1752 5383 -
1810 5341 2028 5470 θλίῨεων
2067 5348 2159 5393 τοῦ

512 5421 766 5470 Χριστοῦ.
794 5413 1127 5469 festinantis
1174 5412 1398 5469 librarii
1430 5415 1619 5470 lapsu.
1669 5429 1741 5468 ex
1772 5414 1899 5470 Cois
1926 5416 1983 5469 in
2015 5415 2158 5470 exci-

510 5412 771 5489 Χριστοῦ,
794 5413 1127 5489 festinantis
1174 5412 1619 5489 librarii'lapsu,
1669 5429 1741 5468 ex
1772 5412 1983 5470 Coislin
2015 5415 2158 5471 exci-

509 5483 733 5551 derant,
759 5487 816 5540 in
842 5483 1005 5557 Colb.
1028 5488 1183 5541 recte
1209 5483 1502 5557 suppleta.

580 5560 695 5632 (58)
732 5555 1123 5635 ἀνταναπληρῶ,
1150 5555 1461 5615 0011).ίνὶ(1.
1493 5558 1617 5613 not.
1646 5559 1713 5613 47
1740 5560 1797 5615 et
1819 5560 1912 5613 48.

2343 5051 2455 5121 (59)
2484 5059 2576 5114 τὴν
2609 5054 2768 5111 0011).
2803 5059 2958 5112 recte
2985 5071 3093 5127 pro
3124 5057 3213 5112 τά.

2344 5130 2449 5195 (ϐυ)
2493 5128 2578 5183 Ita
2609 5127 2803 5183 scribo
2835 5144 2943 5199 pro
2974 5127 3159 5199 τολμᾷ.

2344 5200 2451 5273 ((jl)
2478 5200 2795 5273 Sichscribo
2825 5198 2930 5270 pro
2956 5198 3141 5273 πράξει
3172 5204 3259 5252 καὶ
3287 5198 3468 5253 πάθει.

2342 5269 2452 5337 (62)
2480 5269 2642 5342 0011)1
2668 5278 2760 5322 τοῦ
2792 5269 2900 5342 pro
2927 5269 3005 5326 οὐ.

2342 5345 2449 5409 (63)
2494 5343 2585 5417 Sic
2616 5340 3090 5417 C_oisl.'Legerim
3121 5358 3232 5417 ego
3271 5344 3582 5417 ὑστέρημα,
3615 5342 3710 5399 vel
3756 5344 3875 5398 ὑπό-

2275 5431 2471 5485 στημα,
2513 5413 2809 5485 siquidem
2860 5416 3152 5485 posterior
3187 5415 3312 5472 hac
3350 5413 3479 5472 vox
3507 5414 3590 5473 ad
3629 5431 3874 5474 sensum

2274 5484 2430 5540 esset
2461 5484 2945 5543 accommodata.
