3926 6190
83 296 158 352 709
1011 285 1106 349 AD
1144 285 1693 351 AMPHILOCHIUM
1733 285 2060 355 QUESTIO
2101 290 2294 347 CXXI.

3209 290 3347 354 710-

82 423 215 493 ρηθιὶς
257 417 305 470 ού
351 415 675 490 κατενάρκησα
729 413 974 478 οὐδενὸς·
1029 421 1088 471 τὸ
1134 421 1235 496 γὰρ
1295 416 1567 493 ὑστέρημά
1596 415 1632 470 Α

1776 430 1858 470 ιω
1877 417 2023 472 mihi
2044 417 2280 483 deesse;
2307 437 2326 467 ο
2350 415 2492 473 item
2509 435 2520 476 ;
2543 442 2564 466 ι
2583 415 2862 486 [ndigens
2879 416 3034 474 enim
3056 434 3176 475 non
3195 435 3326 490 gra-

82 530 152 581 μου
190 506 627 582 προσανεπλήρωσαν
681 508 728 557 οἱ
782 502 1016 579 αδελφοί.
1063 530 1090 562 ››
1142 515 1240 562 Καὶ
1297 507 1345 560 ἐν
1398 507 1567 560 πλείο-

85 618 140 650 σιν
180 597 314 656 ἄλλοις
357 604 437 657 τῆς
489 602 640 667 φωνῆς
693 597 1060 670 εύρισκομένης
1129 599 1224 650 οῦκ
1275 601 1389 650 ἔστι
1443 597 1567 672 ῥᾷον

80 686 204 738 λαϐεῖν
241 691 317 743 τὴν
353 687 570 741 τοιαύτην
607 681 863 753 διάνοιαν,
912 683 985 738 δι’
1034 687 1192 748 αὐτῆς
1239 686 1568 739 ἀναπτυσσο-

81 780 208 845 μένην,
260 773 346 825 ἀλλ’
400 775 555 848 ὥσπερ
623 774 986 848 προείληπται.
1045 777 1195 828 Ούτω
1268 778 1567 850 καθορῶμεν

79 872 128 932 τῷ
163 865 242 914 ἔθει
282 870 361 923 τῆς
402 868 589 936 Γραφῆς
638 867 697 914 τὸ
748 865 1020 937 ὑστέρημα
1065 870 1157 923 τὴν
1207 870 1392 938 χρείαν
1438 885 1569 934 παρο

83 957 260 1020 ηομενον
308 959 383 1003 τοῦ
431 957 815 1023 σημαινομένου.
875 953 1145 1030 Ἐκατέρας
1203 952 1291 1007 οὖν
1345 963 1442 1006 τῶν
1498 954 1570 1006 εἱ-

79 1043 244 1113 ρημένων
283 1037 719 1112 ἐπιδισταζομένης
766 1041 978 1114 ἐννοίας,
1010 1045 1081 1104 εἰς
1109 1047 1168 1096 τὸ
1215 1043 1567 1096 ἀστασίαστον

82 1128 119 1176 ἂν
147 1134 212 1180 καὶ
243 1134 368 1200 τρίτη
415 1126 480 1181 δι’
526 1130 684 1182 αὐτῶν
729 1131 1069 1205 προκύψασα,
1115 1137 1205 1184 καὶ
1260 1135 1352 1194 τὰς
1403 1132 1570 1184 ἐκατέ-

77 1219 188 1288 pain
245 1216 377 1279 λαϐὰς
415 1215 624 1290 μέθοδον
696 1217 882 1272 ἐκεῖθεν
953 1226 1390 1294 συνευπορήσασα
1448 1217 1566 1273 δια-

79 1313 216 1377 ρυγιίν,
253 1310 436 1365 τοιαύτη
489 1327 564 1368 τις
614 1307 674 1359 ἆν
723 1312 823 1366 εἴη.
867 1316 950 1362 Δεῖ
996 1306 1054 1362 δε
1109 1319 1179 1381 τῷ
1219 1313 1308 1383 μὲν
1352 1311 1568 1382 ὑστερή-

76 1413 176 1463 tum,
202 1396 253 1454 ὡς
291 1397 408 1462 ἔθος,
436 1399 671 1468 χρῆσθαι
713 1402 768 1449 τό
802 1402 1025 1472 Γράμμα
1068 1402 1124 1450 τὸ
1167 1401 1317 1472 ἱερὸν,
1351 1403 1440 1450 καὶ
1467 1417 1570 1470 μη·

77 1479 132 1532 6n
192 1489 284 1556 περὶ
361 1489 444 1541 τὴν
518 1485 649 1548 λέξιν
720 1495 1061 1559 καινοτομεῖν.
1145 1485 1571 1561 Ἀνταναπληρὼ-

78 1589 128 1621 σει
163 1575 245 1637 (64)
288 1569 338 1624 δε
379 1582 478 1636 πῶς
519 1576 543 1625 6
592 1575 794 1636 Παῦλος
843 1575 891 1628 ἐν
934 1583 1006 1647 τῷ
1053 1597 1259 1649 σωματι
1301 1576 1463 1628 αὑτοῦ
1507 1578 1572 1626 τὰ

72 1661 320 1731 ὑστερήματα
375 1671 464 1714 τῶν
515 1663 733 1735 θλίψεων
790 1673 881 1717 τοῦ
933 1673 1210 1738 Χριστοῦ;

1199 1685 1212 1734 ;
1275 1670 1427 1718 τοῦτό
1481 1684 1569 1737 μοι

1676 503 1766 558 vis
1793 504 1876 559 fui
1898 507 2216 579 cuiquam;
2240 506 2512 580 inopiam
2535 507 2694 562 enim
2710 522 2908 562 meam
2927 508 3145 565 fratres
3186 510 3326 566 sub-

1677 592 1952 650 levarunt
1977 597 2047 652 95.
2068 619 2095 645 «
2115 597 2364 653 Porroin
2384 597 2650 670 pluribus
2667 597 2974 664 aliislocis,
3003 598 3063 654 in
3087 600 3328 671 quibusi

1679 699 1789 739 vox
1815 684 1944 740 haec
1966 685 2279 751 invenitur,
2312 702 2434 742 non
2465 687 2636 743 facile
2661 704 2817 754 eam,
2846 705 2977 761 qua:
3027 689 3212 746 modo
3248 689 3330 746 al-

1676 771 1795 828 lata
1832 779 1939 840 est,
1969 775 2292 844 notionem,
2326 776 2431 832 sed
2460 777 2644 844 illam,
2669 794 2803 850 quae
2842 785 3019 834 antea
3062 784 3150 834 est
3195 795 3330 851 pro-

1678 861 1893 933 posita,
1909 863 2388 936 deprehenderis.
2418 865 2697 921 Videmus
2715 869 2937 939 itaque,
2956 883 3163 923 vocem
3182 869 3332 920 ὑστέ-

1677 970 1822 1026 ρημα
1847 968 1913 1008 ex
1945 969 2058 1008 usu
2085 953 2402 1026 Scripturae
2431 955 2722 1010 defectum
2746 955 2851 1021 rei,
2879 956 2952 1010 de
2981 973 3105 1028 qua
3131 973 3331 1014 sermo

1677 1044 1785 1106 est,
1818 1041 2030 1096 inferre
2065 1043 2131 1096 οδ.
2171 1043 2342 1108 Quod
2373 1043 2419 1097 si
2460 1049 2659 1100 tamen
2700 1044 2774 1100 de
2809 1045 3090 1102 alterutra
3113 1045 3331 1102 harum

1677 1131 2110 1216 expositionum
2133 1131 2530 1188 dubitandum
2549 1134 2746 1190 adhuc
2764 1135 3049 1200 videatur,
3075 1137 3152 1191 ad
3173 1152 3331 1192 com-

1678 1220 2022 1290 ponendam
2050 1236 2290 1276 omnem
2305 1223 2774 1279 controversiam
2791 1224 2958 1280 tertia
2980 1224 3180 1293 etiam,
3202 1241 3333 1296 quae

1679 1325 1750 1364 ex
1771 1313 2024 1381 utraque
2055 1311 2368 1381 promicat,
2392 1317 2448 1367 et
2477 1311 2850 1369 difﬁcultates
2877 1313 3188 1386 utriusque
3217 1314 3331 1368 evi-

1680 1398 1847 1453 tandi
1876 1398 2031 1453 viam
2066 1400 2342 1466 ostendit,
2376 1401 2573 1457 afferri
2610 1401 2797 1473 possit
2827 1402 2886 1456 in
2907 1402 3064 1458 hanc
3098 1408 3333 1458 senten-

1680 1486 1844 1542 tiam.
1893 1489 2106 1543 Vocem
2154 1489 2426 1562 ὑστέρημα
2493 1506 2563 1546 eo
2617 1507 2816 1557 sensu,
2867 1492 2969 1564 qui
3017 1491 3332 1563 Scripturaa

1681 1592 1861 1632 sacrae
1895 1582 1984 1632 est
2013 1576 2339 1648 familiaris,
2379 1580 2667 1651 accipere,
2691 1596 2800 1635 nec
2829 1596 2986 1635 nova
3007 1580 3334 1636 consectari

1678 1671 1930 1736 oportet.
1966 1667 2274 1731 Quomodo
2301 1684 2440 1723 vero
2477 1668 2694 1724 Paulus
2749 1669 3032 1741 reliquias
3057 1669 3336 1725 calamita

77 1743 363 1802 m6mn6mi
405 1749 596 1806 λοιπόν.
631 1754 754 1825 Οὐχ
803 1756 904 1806 ὅσα
947 1760 1174 1828 Χριστὸς
1219 1755 1427 1827 ὀφείλων
1467 1773 1627 1831 πα-ξ

1785 1772 1803 1808 1
1833 1755 2040 1811 Christi
2064 1758 2123 1811 in
2143 1772 2391 1828 corpore
2410 1774 2521 1813 suo
2535 1758 2836 1830 suppleret
2855 1759 3041 1830 potuit
3067 1758 3095 1812 ‘2
3123 1759 3201 1813 De
3223 1759 3335 1813 hoc

74 1835 140 1883 ειίν
188 1836 272 1907 οὐχ
331 1840 619 1912 ὑπήνεγκεν,
671 1843 915 1914 οὐμενοῦν
949 1860 960 1874 ·
1015 1841 1138 1896 οὐδὲ
1188 1845 1290 1916 γάρ
1344 1863 1396 1895 τι
1443 1842 1570 1903 ὅλως

74 1922 312 1995 ὑστέρησεν·
361 1928 480 1980 ἀλλὰ
541 1937 633 1983 καὶ
691 1933 1119 2006 ὑπερεπλεόνασεν
1177 1935 1206 1991 ἡ
1264 1934 1428 2006 χάρις
1485 1932 1572 1983 αῦ-

73 2019 130 2061 τον
168 2014 222 2074 εἰς
256 2016 396 2088 ἡμᾶς.
447 2025 577 2071 Ποῖα
626 2016 712 2072 οὖν
766 2023 1101 2096 ὑστερήματα
1145 2020 1568 2095 ἀνταναπληροῖς

71 2097 273 2162 Ὀσα,είτ’
308 2107 369 2157 ἔτι
411 2108 516 2173 (65)
563 2117 638 2179 τῷ
688 2108 962 2183 ἀνθρώπου
1011 2115 1120 2180 (66)
1171 2108 1274 2182 βίῳ
1323 2107 1571 2182 ἐπεδήμει

72 2189 86 2236 ἀ
125 2195 254 2267 Σωτὴρ
299 2196 402 2247 καθ’
450 2196 502 2248 ὃν
554 2202 737 2271 καιρὸν
781 2201 807 2250 6
865 2199 1061 2260 Παῦλος
1103 2198 1390 2274 ἐκήρυσσεν
1439 2203 1568 2270 (67),

72 2278 193 2329 ἔπαθεν
229 2280 277 2331 ἂν
303 2280 580 2354 διδάσκων,
617 2293 710 2340 καὶ
757 2284 852 2341 διὰ
893 2298 988 2350 τῆς
1019 2293 1312 2362 παρουσίας
1355 2291 1430 2340 ἔτι
1461 2287 1570 2358 (68)

73 2373 128 2414 τοῦ
162 2368 418 2443 πλάσματος
460 2379 856 2449 προνοούμενος,
915 2377 1080 2430 ἐκεῖνα
1129 2386 1216 2429 νῦν
1272 2379 1498 2449 πάσχων
1546 2378 1571 2427 ὁ

71 2456 205 2518 Παῦλος
245 2458 606 2539 ἀνταναπληροί
664 2469 729 2518 τὰ
796 2468 1133 2542 ὑστερήματα
1189 2476 1286 2519 ΐῶν
1355 2465 1572 2537 θλίψεων

72 2550 127 2592 τεῦ
162 2552 374 2621 Χριστοῦ,
426 2559 591 2606 Τοῦτο
640 2557 743 2629 γὰρ
796 2556 984 2628 μᾶλλον
1037 2559 1308 2629 ἐγγύτερον
1361 2561 1450 2607 καὶ
1508 2563 1570 2628 τῇ

69 2640 123 2682 Τοῦ
151 2636 343 2708 ῥήματος
381 2645 620 2714 ἐμφάσει.
657 2645 733 2697 Ού
762 2648 862 2718 γὰρ
911 2646 1082 2708 ἁπλῶς
1113 2666 1270 2718 φησιν
1316 2645 1576 2703 Ἀναπλη-

67 2729 125 2788 94³)
165 2722 247 2776 ἀλλ’
297 2728 714 2807 Ἀνταναπληρῶ,
766 2739 1048 2802 τουτέστιν,
1111 2737 1259 2788 Ἀντὶ
1316 2739 1574 2787 Δεσπότου

63 2817 118 2860 ui
147 2809 428 2872 διδασκάλου
482 2823 508 2874 ὁ
555 2819 746 2882 δοῦλος
775 2823 872 2895 ἐγὼ
916 2829 1006 2875 καὶ
1049 2826 1285 2896 μαθητὴς
1325 2828 1418 2881 τὴν
1450 2823 1571 2875 ἐκεί-

64 2917 119 2948 ντι
149 2898 371 2958 διακονίαν
413 2911 673 2978 ύπελθων,
717 2916 802 2964 καὶ
847 2915 911 2964 τὰ
955 2915 1294 2988 ὑστερήματα
1337 2922 1432 2965 τῶν
1467 2913 1578 2965 θλί-

63 2987 150 3053 ᾴιων
190 2993 323 3048 αὑτοῦ
387 2997 788 3075 ἀνταναπληρῶ.
840 3009 902 3055 *Α
955 3005 1056 3074 γὰρ
1115 3001 1175 3053 ἂν
1234 3002 1421 3063 ἐκεῖνος
1477 3003 1575 3053 ὑπ-

64 3093 159 3141 ίττιῖ,
195 3088 250 3152 μὴ
292 3090 645 3162 παραθέμενος
686 3110 776 3162 μοι
823 3095 914 3150 τὴν
961 3088 1250 3157 διακονίαν,
1299 3093 1404 3143 ἐπεὶ
1447 3110 1576 3163 παρ·
1612 3128 1652 3186 C

62 3167 181 3218 είπξῡν
243 3178 440 3246 ταύτην,
490 3179 712 3241 εἰκότως
789 3185 878 3232 καὶ
946 3183 1011 3232 τὰ
1084 3182 1420 3252 ύστερῆματα
1476 3188 1574 3231 τῶν

63 3255 212 3324 iii-6mm
252 3265 397 3317 αὐτοῦ
442 3267 492 3320 ἐν
537 3277 618 3339 τῷ
663 3273 863 3340 σώματί
907 3289 1006 3342 μου
1040 3269 1428 3340 ἀνταναπληρῶ.
1457 3268 1577 3320 ’Ότι

65 3339 98 3392 Ξῖ
128 3343 335 3423 διάδοχοι
379 3366 467 3417 τῆς
513 3339 842 3420 Δεσποτικῆς
875 3339 1135 3419 διακονίας
1173 3339 1497 3432 κατέστηραν
1529 3359 1576 3409 οἱ

57 3436 237 3509 μαθηταὶ,
271 3449 352 3496 καὶ
401 3445 700 3519 ἀλλαχόθεν
750 3451 838 3519 μεν
887 3450 1025 3500 ἔστιν
1076 3448 1134 3500 ού
1173 3448 1402 3520 χαλεπόν
1453 3467 1574 3499 συν-

60 3519 159 3592 ιδεῖν,
183 3531 374 3603 ἀρκέσει
422 3532 482 3588 δὲ
530 3536 806 3588 κάνταῦθα
847 3537 1042 3598 Παῦλος
1082 3536 1266 3608 ἐαυτῷ·
1300 3557 1328 3588 (ί
1357 3540 1432 3589 Τὰ
1474 3540 1574 3610 γὰρ

55 3629 184 3685 una,
237 3628 406 3691 φησὶν,
460 3624 515 3676 ἐκ
605 3633 695 3677 τοῦ
769 3633 922 3692 Θεοῦ,
991 3633 1082 3678 τοῦ
1166 3626 1579 3688 καταλλάξαντος

57 3709 145 3790 fui;
169 3706 304 3781 ἐαυτῷ
334 3709 425 3765 διὰ
451 3715 643 3773 Ἰησοῦ
676 3721 932 3790 Χριστοῦ,
965 3720 1055 3767 καὶ
1107 3711 1285 3776 δόντος
1330 3717 1452 3787 ἡμῖν
1484 3721 1577 3774 τὴν

52 3783 248 3849 διακονίαν
289 3811 377 3864 τῆς
423 3803 780 3875 καταλλαγῆς.
817 3826 845 3853 ››
905 3809 1022 3870 Καὶ,
1076 3828 1102 3852 ι(
1143 3804 1293 3879 ’Υπὲρ
1347 3812 1580 3878 Χριστοῦ

54 3883 337 3959 πεισξεὲομεν,
369 3895 438 3955 ὡς
487 3901 588 3946 τοῦ
642 3901 775 3945 Θεοῦ
821 3894 1243 3966 παρακαλοῦντος
1289 3891 1361 3946 δι’
1412 3896 1578 3965 ilium,

50 3962 219 4064 ξεΰμενοι
281 3980 401 4056 ὑπὲρ
475 3989 738 4058 Χριστοῦ,
793 3982 1151 4054 καταλλάγητε
1218 3991 1288 4054 τῷ
1355 3990 1491 4053 Θεῷ.
1552 4002 1579 4034 ››

64 4066 191 4134 ιὶσπερ
237 4066 315 4119 οὖν
363 4075 450 4123 τὸν
502 4082 602 4132 τῆς
648 4071 980 4144 καταλλάγῆς
1026 4073 1176 4144 λόγον
1225 4071 1583 4146 ἐκληρώσαντο

52 4147 80 4196 εί
115 4155 328 4224 μαθηταὶ,
377 4168 469 4214 καὶ
531 4161 914 4234 πρεσϐεύουσιν
967 4163 1093 4234 ὑπὲρ
1155 4168 1390 4234 Χριστοῦ
1453 4161 1584 4213 οὕτω

50 4245 121 4302 καὶ,
156 4244 263 4320 άπερ
304 4250 501 4322 ἔμελλεν
561 4252 816 4322 πάσχειν,
857 4253 932 4304 ἔτι
979 4255 1072 4310 τὴν
1123 4248 1391 4304 διακονίαν
1435 4251 1587 4311 αὐτὸς

51 4329 271 4406 εκπὶιὶρών,
301 4339 450 4392 αὐτοὶ
495 4347 672 4394 ταῦτα
705 4339 751 4391 ἐν
799 4348 872 4411 τῷ
918 4345 1123 4412 σώματι
1169 4339 1334 4392 αύτῶν
1385 4340 1588 4400 εἰκότως

50 4425 482 4501 καταδαπληροῦσιν.
541 4435 645 4483 Καὶ
839 4432 1032 4481 τούτων
1083 4429 1318 4502 μάλιστα
1369 4429 1586 4494 Παῦλος,

53 4521 85 4562 ες
109 4509 271 4586 ’θαρρῶν
298 4525 401 4579 τοῖς
431 4522 607 4594 ἔργοις
660 4518 793 4590 λέγει
836 4519 971 4590 (69),
1008 4541 1028 4568 ι
1064 4515 1286 4579 Οὐδενός
1333 4527 1431 4570 τῶν
1462 4518 1587 4592 ὑπὲρ

45 4603 124 4647 θίαν
169 4603 457 4660 ἀποστόλων
509 4610 800 4683 ὑστέρησα.
858 4630 884 4657 ››
935 4613 1037 4661 Καὶ
1099 4613 1302 4673 σκόπει,
1363 4610 1501 4667 ὅπως
1557 4609 1586 4666 ἡ

49 4693 114 4747 τῆς
167 4693 358 4768 θεωρίας
431 4701 636 4759 ταύτης
724 4695 932 4754 ἐπιϐολὴ
1002 4693 1151 4749 οὐδὲν
1227 4700 1592 4772 προϋπέσχετο

44 4779 216 4848 κδμᾷάν.
255 4791 321 4838 Τό
371 4806 428 4840 τε
485 4789 589 4863 γὰρ
644 4788 918 4861 ὑστέρημα
969 4787 1064 4839 οὐκ
1122 4785 1437 4856 ἐκϐιάζεται,
1489 4784 1595 4837 ἀλλ’

96 5003 133 5036 ⁹⁵
168 5005 208 5060 ll
231 5007 357 5065 Cor.
385 5027 474 5065 ιι.
500 5010 556 5064 5.
671 5011 720 5044 ’⁸
748 5009 889 5066 ibid.
922 5009 976 5063 9.
1091 5011 1136 5045 ⁰⁷
1170 5009 1216 5064 Il
1246 5008 1378 5068 Cor.
1412 5024 1470 5073 ν,
1499 5008 1582 5064 18.

1681 1849 1968 1915 superest,
2007 1848 2067 1899 ut
2094 1862 2330 1901 mecum
2367 1846 2684 1918 disquiras.
2724 1848 2898 1912 Cave,
2929 1849 3009 1902 ita
3038 1847 3152 1903 hoc
3185 1847 3337 1903 acci-

1682 1933 1830 2004 pias,
1853 1949 1922 1988 ac
1939 1933 1988 1988 si
2005 1934 2271 1990 Christus
2287 1951 2405 1990 uon
2425 1935 2630 1991 omnia
2649 1952 2786 2008 quas
2807 1938 3034 2009 perpeti
3055 1937 3332 2000 debebat,

1683 2037 2006 2094 perpessus
2037 2023 2116 2078 sit
2148 2039 2162 2090 ;
2194 2039 2389 2095 neque
2429 2025 2585 2080 enim
2625 2025 2876 2096 quidam
2909 2025 3032 2080 ulta
3061 2026 3122 2080 in
3148 2041 3211 2080 re
3250 2041 3337 2080 re-

1680 2110 1907 2183 liquum
1938 2111 2105 2179 fecit;
2127 2112 2231 2166 sed
2249 2113 2439 2181 gratia
2462 2113 2591 2184 ejus
2617 2114 3149 2184 superabundavit.
3175 2115 3335 2179 Quas

1681 2199 1856 2269 igitur
1885 2200 2163 2272 reliquias
2198 2201 2412 2256 Paulus
2449 2201 2685 2273 supplet
2711 2200 2739 2256 ‘l’
2771 2204 2880 2257 Eas
2911 2201 3148 2269 scilicet,
3179 2217 3334 2274 quas

1685 2289 1972 2358 Salvator,
2009 2289 2306 2362 siquidem
2351 2291 2547 2346 adhuc
2597 2292 2749 2346 inter
2787 2291 3059 2347 homines
3103 2290 3332 2361 fuisset;

1684 2393 1820 2433 cum
1837 2377 2048 2434 Paulus
2079 2379 2378 2450 praeconio
2409 2379 2707 2449 Evangelii
2729 2379 3093 2451 fungeretur,
3113 2379 3338 2436 docens

1685 2467 1832 2538 ipse,
1873 2474 1927 2523 et
1962 2483 2220 2539 praesens
2259 2473 2660 2541 creaturzeque
2699 2485 2821 2525 suae
2874 2485 3080 2525 curam
3129 2484 3332 2540 agens,

1683 2572 2071 2628 perpessurus
2089 2561 2232 2623 erat,
2253 2557 2386 2620 has,
2404 2557 2670 2626 inquam,
2696 2558 3150 2630 perpessionum
3181 2558 3340 2616 Chri-

1685 2644 1758 2700 sti
1788 2645 2070 2717 reliquias
2107 2646 2319 2701 Paulus
2347 2646 2474 2717 ipse
2506 2646 2755 2717 patiens,
2786 2663 2892 2719 pro
2935 2647 3066 2718 ipso
3107 2645 3341 2717 supple-

1686 2735 1804 2790 bat.
1849 2736 1966 2790 Hoc
2006 2734 2252 2789 scillicet
2289 2735 2466 2790 etiam
2509 2739 2587 2790 ad
2627 2735 2812 2803 verbi,
2853 2751 2975 2807 quo
3016 2737 3218 2801 utitur,
3261 2734 3340 2790 ef.

1684 2823 1952 2879 ﬁcaciam
1993 2824 2240 2895 propius
2270 2824 2516 2880 accedit.
2558 2826 2759 2896 Neque
2798 2825 2954 2878 enim
2997 2822 3342 2895 simpliciter

1685 2913 1766 2967 ait
1806 2911 2102 2984 ἀναπληρῶ,
2141 2911 2246 2967 sed
2291 2911 2684 2984 ἀνταναπληρῶ,
2725 2912 2786 2967 h.
2829 2928 2880 2966 e.
2931 2913 3044 2967 Pro
3087 2911 3338 2966 Domino

1687 3002 1976 3071 magistro
2033 3016 2240 3056 servus
2289 3016 2400 3070 ego
2453 3005 2512 3056 et
2561 3000 2890 3072 discipulus
2945 2999 3334 3055 ministerium

1686 3091 1813 3162 ejus
1845 3088 2180 3160 suscipiens
2206 3089 2486 3161 reliquias
2513 3105 2700 3161 prope
2721 3089 3076 3160 passionum
3099 3088 3227 3159 ejus
3259 3088 3338 3143 vi-

1686 3183 1889 3236 cissim
1921 3180 2190 3250 suppleo.
2223 3181 2357 3244 Quae
2384 3181 2543 3234 enim
2566 3178 2659 3234 ille
2693 3194 3008 3250 perpessus
3049 3185 3156 3244 est,
3200 3194 3338 3234 cum

1685 3269 1958 3325 nondum
1983 3269 2128 3323 mihi
2149 3268 2305 3323 hanc
2330 3267 2700 3339 provinciam
2722 3268 3082 3332 credidisset,
3129 3283 3340 3323 eorum

1687 3364 2006 3431 postquam
2035 3357 2193 3412 illam
2236 3357 2469 3428 suscepi
2513 3357 2796 3429 reliquias
2826 3357 2886 3412 in
2916 3373 3163 3428 corpore
3208 3371 3342 3413 meo

1687 3447 1963 3520 supplere
1990 3447 2280 3502 convenit.
2311 3447 2477 3513 Quod
2506 3463 2643 3502 vero
2673 3447 2947 3518 discipuli
2969 3462 3344 3501 successores

1689 3537 1924 3592 Domini
1961 3536 2020 3591 in
2062 3535 2388 3592 ministerio
2444 3551 2554 3591 suo
2615 3536 2915 3591 constituti
2973 3536 3106 3600 sint,
3165 3535 3344 3591 etiam

1678 3626 1926 3682 aliunde
1949 3642 2067 3681 non
2094 3624 2407 3680 difﬁculter
2432 3624 2810 3697 intelligitur;
2835 3625 2928 3680 hic
2955 3640 3093 3679 vero
3121 3624 3344 3680 Paulus

1688 3717 1810 3786 ipse
1851 3715 1961 3770 sibi
2002 3713 2314 3770 suffecerit.
2350 3736 2377 3765 ‹‹
2407 3715 2622 3770 Omnia
2661 3715 2840 3779 enim,
2874 3714 3086 3784 inquit,
3129 3729 3199 3767 ex
3230 3716 3345 3769 Deo

1691 3808 1849 3869 sunt,
1879 3804 1981 3875 qui
2005 3819 2114 3859 nos
2140 3803 2249 3858 sibi
2267 3803 2671 3859 reconciliavit
2693 3819 2795 3874 per
2810 3802 3012 3857 Jesum
3031 3802 3342 3872 Christum,

1692 3893 1990 3964 nobisque
2041 3891 2472 3947 conciliationis
2515 3892 2908 3946 ministerium
2942 3891 3181 3946 tradidit
3211 3892 3282 3945 9".
3318 3912 3343 3941 ν

1695 3983 1836 4038 Item
1863 4002 1879 4036 :
1905 4001 1930 4031 «
1965 3981 2076 4037 Pro
2117 3980 2346 4037 Christo
2392 3981 2685 4050 legatione
2710 3981 3032 4050 fungimur,
3059 3986 3347 4051 tanquam

1699 4076 1814 4128 Deo
1852 4071 2184 4127 obtestante
2223 4086 2329 4142 per
2359 4085 2468 4125 nos
2507 4085 2616 4141 pro
2656 4069 2883 4124 Christo
2939 4085 2951 4124 :
2994 4068 3348 4124 reconcillie—

1697 4161 1844 4217 mini
1872 4164 1989 4215 Deo
2020 4162 2090 4214 9⁸.
2118 4180 2140 4210 ι
2179 4161 2337 4216 Sicut
2358 4159 2533 4230 igitur
2553 4159 2801 4214 verbum
2829 4156 3349 4214 reconcilliationis

1695 4250 1853 4306 nacti
1879 4255 2016 4303 sunt
2042 4247 2343 4320 discipuli,
2385 4254 2562 4320 atque
2603 4247 2753 4303 adeo
2794 4263 2902 4318 pro
2934 4245 3164 4302 Christo
3195 4245 3350 4315 lega-

1698 4341 1855 4395 tione
1877 4338 2208 4407 funguntur
2232 4353 2245 4402 ;
2274 4337 2356 4393 ita
2397 4337 2572 4392 etiam
2597 4351 2686 4401 ea,
2706 4351 2837 4408 qua;
2868 4335 3129 4390 Christus
3154 4334 3351 4388 adhuc

1698 4442 2092 4500 perpessurus
2130 4431 2270 4491 erat,
2326 4426 2373 4480 si
2415 4425 2740 4480 ministerio
2781 4424 2879 4479 illo
2921 4423 3180 4495 amplius
3203 4428 3353 4478 esset

1702 4516 2065 4589 perfunctus,
2095 4515 2207 4586 ipsi
2235 4530 2477 4587 quoque
2509 4514 2565 4569 in
2595 4528 2842 4584 corpore
2865 4528 2973 4568 suo
3001 4510 3356 4567 convenien-

1701 4611 1788 4661 ter
1828 4621 1929 4677 pro
1968 4604 2103 4675 ipso
2143 4604 2433 4658 sustinent
2463 4610 2518 4656 et
2547 4601 2793 4672 implent
2833 4618 2845 4667 ;
2889 4599 3038 4656 inter
3073 4616 3176 4655 eos
3217 4615 3355 4655 vero

1702 4694 1795 4751 vel
1829 4694 2087 4749 maxime
2112 4693 2346 4757 Paulus,
2375 4692 2475 4763 qui
2499 4691 2666 4746 factis
2698 4689 2818 4743 suis
2858 4691 3141 4755 conlisus,
3175 4687 3350 4742 dicit:

1707 4802 1736 4838 ‹
1775 4783 1943 4839 Nullo
1983 4797 2212 4847 eorum,
2250 4782 2354 4854 qui
2402 4779 2574 4837 valde
2615 4785 2753 4834 sunt
2803 4777 3079 4849 apostoli,
3122 4776 3359 4832 inferior

1696 5007 1743 5042 9⁸
1776 5005 1921 5063 ibid.
1946 5009 2013 5062 20

1589 5166 1796 5225 NOTAE

329 5321 505 5397 Colb.
536 5338 645 5396 pro
665 5322 870 5376 ἅπαντα
897 5322 1188 5397 πληρώσει.

90 5390 183 5466 (ϐξ)
221 5392 310 5469 Sic
353 5390 559 5469 scribd
595 5410 707 5469 pro
739 5398 836 5448 εἴτε
874 5413 945 5461 τι,
979 5390 1146 5468 quod
1195 5396 1282 5450 est
1322 5393 1384 5450 in
1425 5392 1599 5449 Coisl.

36 5450 416 5580 ginjéctnram
435 5450 780 5525 ﬁrmarttum
795 5450 1032 5538 sensus:
1044 5472 1173 5523 tum
1190 5482 1329 5522 mox
1343 5480 1600 5538 sequens

89 5601 189 5677 (⁸6)
214 5605 281 5665 In
307 5606 500 5668 Coisl.
524 5613 612 5669 est
633 5609 906 5687 ἀνθρώπῳ.
929 5609 1066 5682 Legi
1085 5609 1265 5670 etiam
1287 5611 1493 5683 posset
1515 5608 1604 5662 οἰν-

1720 5321 1977 5394 θρωπίνῳ.

1785 5392 1896 5456 (67)
1929 5388 2097 5447 Coisl.
2125 5388 2280 5445 male
2305 5392 2361 5444 et
2391 5385 2552 5445 nullo
2582 5403 2784 5455 sensu,
2812 5383 3093 5456 ἐκείρυσεν.

1807 5460 1896 5533 68)
1937 5464 2022 5533 En
2041 5477 2114 5517 ex
2136 5460 2296 5533 Colb.
2327 5475 2435 5533 pro
2455 5479 2510 5533 τι
2533 5461 2618 5514 τά.
2641 5460 2982 5533 Coisliniani

1809 5393 1873 5447 67
1929 5392 2097 5447 Coisl.
2125 5392 2280 5445 male
2305 5392 2361 5444 et
2391 5392 2552 5445 nullo
2582 5403 2784 5455 sensu,
2812 5392 3093 5456 ἐκείρυσεν.

1807 5464 1872 5518 68
1937 5464 2012 5514 ἔτι
2041 5477 2114 5517 ex
2136 5460 2296 5517 Colb.
2327 5475 2435 5533 pro
2455 5479 2510 5514 τι
2533 5461 2618 5514 τά.
2641 5460 2982 5519 Coisliniani

1779 5392 1896 5607 369i
1923 5532 2101 5594 COiSl.
2121 5532 2311 5591 male:
2339 5535 2364 5586 6
2397 5532 2602 5612 θαρρῶν
2628 5540 2737 5598 τοῖς
2759 5535 2932 5609 ἔργοις
2954 5532 3140 5608 λέγειν.
