4136 6198
577 312 680 374 ’111
1794 314 1881 370 PH
1889 313 2030 371 OTII
2067 313 2210 370 PATl

2307 294 2544 371 tacitis
2585 314 2691 371 cp.
3839 286 3940 372 τη

581 457 716 498 sum
748 442 817 493 ”.
859 461 888 489 »
928 439 1070 495 Vide
1114 454 1258 495 vero
1295 445 1579 512 praeterea
1608 441 2039 513 expositionem
2078 441 2214 496 bant

2340 440 2410 500 είς
2470 443 2527 492 τὸ
2588 441 2700 499 ἔθος
2774 438 2928 498 ἀνῆκε
2990 441 3234 513 φέρεσθαι
3292 448 3385 501 τῆς
3443 446 3670 512 Γραφῆς,
3735 449 3827 494 καὶ
3886 448 3943 495 τὰ

576 531 659 587 ita
680 534 1087 601 comparatam
1135 543 1283 591 esse,
1331 534 1395 585 ut
1441 529 1587 585 nihil
1634 529 1890 587 affectati
1916 546 2109 585 secum
2151 530 2209 585 fe

2340 532 2676 603 ὑστερήματα
2732 530 2757 579 ὁ
2819 528 3018 589 Παῦλος
3087 526 3396 603 ἀναπληροῖ,
3453 530 3557 600 οὐχ
3624 532 3730 581 ὅσα
3788 531 3944 591 ἁπλῶς

574 626 684 677 rat.
730 621 855 674 Vox
894 618 1054 673 enim
1093 618 1359 691 ὑστέρημα
1390 620 1614 675 nullam
1658 619 1778 674 vim
1834 620 2064 690 patitur,
2123 636 2207 674 sec

2340 620 2639 689 ὑστέρησεν,
2692 613 2806 668 οὐδ’
2858 622 2939 667 ὅτι
2983 618 3268 689 ὑστέρησέν
3307 637 3356 668 τι
3405 620 3429 667 ὁ
3479 623 3679 690 Σωτὴρ,
3719 624 3843 692 ὅπερ
3891 616 3943 675 ἐν

573 726 646 765 ex
667 712 955 763 consueto
982 708 1295 777 Scriptura:
1330 724 1440 763 usu
1465 708 1814 779 explicatur.
1846 709 2057 763 Paulus
2086 724 2206 762 veri

2340 710 2615 779 φορτικόν’
2675 704 2784 756 ἀλλ’
2842 707 2941 756 ὅσα
2993 710 3063 775 μὴ
3124 708 3479 777 παραθέμενος
3530 712 3625 764 τὴι
3677 704 3942 759 διακονίαν

571 797 673 853 illa
704 798 1044 868 ὑστερήματα
1083 795 1340 867 supplet,
1376 812 1491 850 non
1540 812 1676 867 quas
1748 796 2092 867 simpliciter
2140 811 2199 850 re

2341 796 2527 865 Παύλῳ
2578 800 2665 847 καὶ
2720 802 2827 856 τοῖς
2895 795 3069 854 ἄλλοις
3138 795 3432 865 ὁμιληταῖς,
3489 798 3672 848 ἔπαθεν
3748 797 3810 847 ἂν
3868 802 3942 848 καὶ

569 886 737 959 liqua
767 885 920 940 facta
940 886 1074 951 sint,
1117 889 1236 949 aut,
1263 886 1417 956 quod
1449 885 1735 941 Salvatori
1759 885 2092 957 quidquam
2126 885 2199 940 de

2340 887 2559 948 ὑπέστη,
2595 884 2712 936 καθ’
2756 885 2808 935 ὃν
2861 888 3049 957 τρόπον
3096 888 3187 935 καὶ
3230 890 3349 959 πρὶν
3386 888 3671 959 κηρύσσων
3735 892 3827 937 xui
3877 887 3943 938 τὶς

568 975 762 1041 fuerit,
793 973 957 1045 quod
983 973 1316 1028 absurdum
1357 972 1521 1029 dictu
1564 974 1709 1029 foret
1739 990 1751 1039 ;
1784 974 1887 1029 sed
1917 974 2038 1039 illa,
2094 989 2201 1044 qua

2340 974 2730 1045 αγγελιζόμενος
2810 977 2901 1029 τὴν
2976 971 3248 1043 βασιλείαν
3334 982 3432 1024 τῶν
3498 974 3756 1047 οὐρανῶν.
3823 976 3942 1025 Ἀλλ’

571 1064 618 1118 si
650 1063 1036 1118 ministerium
1078 1063 1193 1117 hoc
1245 1063 1425 1118 Paulo
1478 1063 1725 1133 aliisque
1768 1062 2077 1134 discipulis
2104 1063 2204 1117 suit

2341 1061 2456 1133 ἐμοὶ
2511 1065 2598 1133 μὲν
2654 1064 2774 1113 ὅσον
2824 1060 3229 1133 ἀφοσιώσασθαί
3280 1081 3373 1113 σου
3422 1068 3515 1120 τὴν
3578 1062 3748 1120 καλὴν
3811 1065 3943 1135 φιλο-

566 1168 690 1208 non
720 1151 1137 1216 commisisset,
1180 1166 1499 1223 perpessus
1544 1155 1688 1215 erat,
1714 1157 1770 1207 et
1799 1150 2199 1206 exantlaturus

2338 1154 2521 1201 πονίοὶν
2590 1150 2816 1223 εἰρήσθω
2893 1158 3079 1204 ταῦτα.
3143 1150 3202 1202 Εἰ
3269 1147 3329 1202 δέ
3400 1172 3474 1212 τις
3535 1157 3626 1203 καὶ
3692 1153 3940 1223 ὀψιγόνων

567 1240 1087 1314 quemadmodum
1117 1245 1293 1296 antea
1323 1240 1619 1312 praeconio
1676 1240 1803 1313 ipse
1844 1240 2118 1307 fungens,
2174 1255 2200 1295 e

2174 1244 2230 1295 et
2341 1241 2544 1309 ἄμεινόν
2570 1259 2621 1291 τι
2656 1241 2891 1312 θεωροίη,
2936 1238 3049 1311 ἐμοὶ
3092 1235 3150 1291 δε
3190 1240 3293 1311 ἄρα
3322 1246 3409 1292 καὶ
3436 1248 3590 1293 τοῦτο
3628 1240 3799 1312 φίλον,

565 1346 811 1400 regnum
882 1329 1166 1385 czelorum
1226 1332 1610 1394 annuntians,
1690 1329 2143 1400 perpetiebatur.
2191 1327 2303 1383 Sed
2364 1327 2491 1382 haec
2551 1328 2795 1399 quidem
2834 1328 3032 1383 studio
3080 1334 3178 1383 tuo
3216 1329 3504 1399 praeclaro
3550 1330 3943 1385 veliﬁcantem

566 1418 808 1484 dixisse,
840 1419 1155 1481 suffecerit,
1190 1420 1245 1474 Si
1292 1420 1427 1490 quis
1492 1424 1865 1490 posterorum
1924 1418 2178 1472 rectiora
2206 1415 2592 1488 perspexerit.
2615 1416 2844 1471 necilla
2880 1416 3024 1471 mihi
3056 1416 3476 1487 displicebunt.

638 1527 959 1592 QUESTIO
983 1526 1159 1580 CXXII
1189 1526 1383 1594 [CoisL
1416 1526 1643 1591 CXLIV,
1682 1526 1855 1579 Taur.
1893 1522 2155 1595 CXLIII].
2896 1528 3208 1575 ΕΡΩΤΗΣΙΣ
3251 1523 3409 1577 PKB'.

570 1654 597 1685 «
618 1635 751 1706 Non
774 1639 858 1706 est
879 1632 1035 1687 nobis
1061 1634 1221 1687 lucta
1243 1632 1519 1706 adversus
1542 1646 1773 1687 carnem
1796 1638 1849 1687 et
1879 1632 2203 1706 sanguinei)

2346 1652 2365 1679 ι
2608 1632 2746 1681 ἔστιν
2818 1631 2941 1699 ἡμῖν
3010 1629 3147 1706 πρίλη
3210 1634 3335 1702 πρὸς
3410 1632 3542 1703 αἷμα
3596 1638 3688 1684 καὶ
3763 1636 3947 1706 σάρκα,

636 1705 739 1759 sed
780 1704 1061 1759 adversus
1090 1704 1465 1775 principatus
1492 1710 1545 1757 et
1574 1709 1913 1775 potestates,
1950 1699 2227 1757 adversus

2412 1699 2540 1751 ἀλλὰ
2630 1704 2759 1772 πρὸς
2857 1704 2949 1761 τὰς
3035 1699 3258 1774 ἀρχὰς(
3316 1699 3601 1775 πρὸς’τάς
3682 1699 3946 1770 ἐξουσίας,

634 1775 840 1847 mundi
861 1776 1040 1843 hujus
1061 1781 1339 1847 rectores,
1362 1774 1641 1829 adversus
1664 1774 1998 1844 spiritantia
2020 1775 2227 1845 nequi-

2409 1775 2534 1845 πρὸς
2606 1776 2728 1831 τοὺς
2784 1774 3207 1847 κοσμοκράτορας
3286 1774 3377 1824 τοῦ
3456 1780 3662 1845 κόσμου
3742 1780 3945 1832 τούτου.

636 1848 727 1901 tice
756 1846 817 1901 in
849 1845 1178 1903 caelestibus
1224 1848 1264 1899 ί.
1300 1864 1327 1896 ››
2260 1916 2269 1925 1

2407 1847 2538 1925 πρὸς
2644 1847 2709 1894 τὰ
2801 1845 3124 1915 πνευματικὰ
3204 1852 3300 1904 τῆς
3386 1852 3636 1918 πονηρίας
3719 1846 3770 1897 ἐν
3853 1856 3948 1907 τοῖς

2260 1916 2301 1969 Β
2412 1916 2737 1987 ἐπουρανίοις
2752 1958 2763 1969 .

1188 2043 1463 2093 Editarum
1485 2056 1517 2093 a
1549 2042 1744 2093 Wolﬁo
1768 2042 1997 2106 septima
2028 2042 2083 2102 (l.
2122 2055 2187 2095 c.,
2213 2055 2265 2103 p.
2304 2039 2529 2089 726-732.
2564 2038 2804 2088 Galland.
2854 2054 2904 2102 p,
2937 2040 3159 2095 724-722,
3188 2054 3240 2088 n.
3277 2041 3379 2103 23).

634 2159 1001 2232 Principatus
1039 2166 1093 2215 et
1130 2162 1453 2232 potestates
1484 2162 1656 2214 vocat
1705 2158 1948 2230 spiritus
1989 2158 2047 2212 in
2093 2171 2228 2211 aere

2414 2156 2612 2225 Ἀρχὰς
2660 2159 2749 2206 καὶ
2796 2153 3031 2215 ἐξουσίας
3078 2154 3313 2207 ἐκάλεσεν
3366 2158 3432 2206 τὰ
3481 2155 3685 2229 ἐναέρια
3726 2164 3818 2209 καὶ
3866 2179 3950 2211 πο-

562 2254 866 2308 versantes
911 2253 965 2305 et
1012 2248 1225 2315 malos,
1282 2264 1404 2303 non
1454 2249 1629 2320 quasi
1668 2248 1746 2302 illi
1788 2251 2139 2319 potestatem
2168 2245 2195 2298 ll

2340 2246 2472 2317 νηρὰ
2518 2247 2801 2314 πνεύματα.
2836 2243 2939 2314 οὐχ
2988 2247 3054 2305 ως
3088 2244 3261 2316 ἀρχὴν
3311 2246 3455 2316 ἡμῶν
3486 2247 3514 2303 ἦ
3565 2245 3813 2307 ἐξουσίαν
3846 2253 3954 2299 τινὰ

561 2356 672 2396 nos
709 2339 802 2394 vel
834 2354 943 2392 suo
982 2337 1249 2409 quodam
1286 2338 1437 2408 jure,
1471 2337 1559 2392 vel
1591 2336 1875 2391 divinitus
1920 2334 2194 2389 haberent

2340 2334 2537 2383 οἴκοθεν
2581 2334 2609 2389 ἡ
2660 2334 2849 2384 ἄνωθεν
2899 2336 3224 2403 ἐσχηκότων,
3258 2333 3364 2384 ἀλλ’
3397 2336 3461 2394 ὡς
3510 2342 3624 2396 ταῖς
3668 2336 3952 2409 ἁμαρτίαις

562 2428 667 2483 sed
697 2426 861 2499 quod
888 2442 997 2481 nos
1029 2426 1140 2497 ipsi
1162 2426 1419 2497 peccatis
1445 2441 1556 2480 nos
1584 2425 1891 2480 reddimus
1913 2424 2195 2478 obnoxios

2342 2421 2554 2481 ἑαυτοὺς
2630 2423 2774 2492 ἡμῶν
2842 2418 3230 2489 ἐκδεδωκότων,
3286 2424 3351 2472 ὧν
3412 2423 3541 2474 εἰσιν
3594 2428 3643 2475 oi
3710 2422 3952 2497 δαίμονες

562 2530 823 2587 quorum
870 2517 1094 2568 satores
1145 2518 1200 2568 et
1252 2518 1501 2569 statores
1540 2518 1677 2568 sunt
1716 2514 2025 2568 diemones
2065 2529 2077 2565 :
2125 2527 2195 2581 qu

2341 2512 2655 2583 ὑποσπορείς
2708 2530 2761 2561 τε
2811 2512 2925 2580 (70)
2983 2517 3070 2562 καὶ
3128 2514 3413 2582 ὑποφῆται,
3447 2511 3648 2563 ἐκείνων
3701 2515 3819 2585 (7|)
3864 2522 3953 2574 τὴν

561 2603 815 2676 proinde
836 2601 1171 2657 dominium
1218 2607 1274 2657 et
1321 2606 1680 2673 potestatem
1735 2617 1840 2673 per
1870 2616 1959 2663 ea,
2007 2599 2194 2671 quibu

2341 2597 2515 2670 ἀρχὴν
2547 2604 2634 2650 καὶ
2679 2604 2771 2657 τὴν
2812 2599 3070 2665 ἐξουσίαν,
3107 2597 3177 2652 δι’
3223 2601 3289 2651 ὧν
3337 2604 3626 2672 πράττομεν
3664 2606 3732 2654 τὰ
3786 2605 3954 2655 αὐτῶν

566 2692 711 2764 ipsis
746 2689 1203 2759 morigeramur,
1259 2690 1320 2744 in
1358 2704 1467 2745 nos
1511 2694 1802 2745 exercent.
1848 2689 2003 2743 ldem
2065 2687 2199 2742 enin

2342 2687 2620 2759 θελήματα,
2679 2694 3109 2759 παρεσχημένων.
3178 2694 3274 2742 Καὶ
3336 2694 3437 2761 γάρ
3494 2710 3653 2761 φησιν
3705 2694 3733 2742 ό
3802 2693 3956 2751 αὐτὸς

566 2780 652 2836 vir
681 2784 921 2836 sanctus
945 2778 1027 2834 ait
1058 2798 1071 2837 :
1116 2800 1137 2829 ‹
1179 2781 1225 2832 Α
1254 2794 1376 2851 quo
1421 2779 1579 2835 enim
1610 2779 1864 2833 vincitur
1908 2778 2138 2849 aliquis,
2165 2777 2199 2831 il

2347 2778 2481 2850 ἱερὸς
2534 2778 2824 2847 ἄνθρωπος’
2885 2778 3008 2849 ((’ῼ
3062 2780 3159 2851 γάρ
3221 2798 3295 2838 τις
3344 2782 3586 2846 ἣττηται,
3643 2783 3812 2851 τούτῳ
3868 2788 3952 2832 xui

564 2870 680 2927 lius
710 2884 954 2941 quoque
976 2884 1182 2923 servus
1210 2867 1399 2923 factus
1427 2873 1515 2923 est
1546 2870 1588 2921 ³.
1614 2888 1642 2919 ››
1675 2867 1927 2933 Quando
1946 2867 2124 2936 igitur
2153 2867 2197 2921 al

2341 2862 2683 2920 δεδούλωται.
2730 2886 2757 2917 ›)
2812 2866 3119 2937 Ἠττωμενοι
3176 2876 3297 2938 γοῦν
3357 2876 3465 2930 τοῖς
3522 2868 3725 2921 ἐκείνων
3793 2872 3955 2943 ἐρεθι-

563 2959 799 3015 illorum
846 2958 1249 3013 incitamentis
1280 2961 1338 3012 et
1390 2956 1651 3013 consiliis
1684 2972 2057 3028 superamur,
2087 2964 2138 3010 et
2166 2956 2196 3008 ii

2342 2962 2491 3025 σμοῖς
2558 2960 2646 3005 καὶ
2713 2956 3021 3017 ὑποθήκαις,
3072 2961 3182 3023 καὶ,
3244 2961 3372 3029 πρὸς
3422 2957 3456 3008 ἃ
3521 2956 3805 3028 βούλονται
3861 2969 3954 3020 τες

563 3051 827 3121 peccata,
848 3062 979 3118 quae
1000 3045 1226 3112 volunt,
1256 3045 1657 3119 perpetranda
1678 3046 1929 3111 ruimus,
1954 3044 2077 3099 ﬁeri
2108 3061 2196 3098 no:

2340 3043 2599 3117 ἁμαρτίας
2652 3047 2793 3116 ἔργα,
2858 3063 3143 3115 φερομενοι,
3198 3046 3407 3107 εἰκότως
3459 3045 3518 3096 ἂν
3578 3050 3699 3107 τοὺς
3757 3050 3951 3119 ἄρχον-

565 3142 779 3210 potest,
804 3137 949 3208 quin
975 3136 1218 3192 eosdem
1267 3136 1548 3191 dominos
1594 3141 1651 3191 et
1703 3140 1987 3206 tyrannos
2018 3150 2198 3188 eorun

2338 3153 2429 3194 τας
2498 3138 2586 3184 καὶ
2633 3132 2975 3195 ἐξουσιαστάς
3034 3143 3132 3186 τῶν
3186 3137 3233 3186 ἐν
3287 3136 3411 3205 ἡμὶν
3452 3135 3643 3187 ἐκεῖθεν
3688 3144 3949 3208 φυομένων

564 3226 666 3298 qui
696 3226 833 3280 inde
860 3226 921 3279 in
953 3225 1128 3280 nobis
1169 3226 1501 3280 excitantur
1540 3224 1863 3280 aﬂectuum
1904 3224 2197 3278 constitua

2337 3224 2514 3273 παθῶν
2574 3224 2924 3293 καθιστῶμεν,
2969 3223 3056 3275 ἅτε
3119 3220 3185 3279 δὴ
3238 3233 3328 3283 τῆς
3377 3227 3466 3295 μὲν
3520 3224 3809 3297 ἐλευθερίας
3864 3234 3949 3277 τοῦ

564 3330 723 3369 mus.
759 3313 1123 3369 Sanctissimi
1145 3314 1296 3368 enim
1321 3314 1568 3385 Spiritus
1606 3313 1870 3369 libertate
1897 3314 2009 3367 hoc
2042 3312 2197 3367 modi

2337 3316 2593 3381 παναγίου
2671 3314 2985 3382 Πνεύματος,
3053 3316 3141 3364 καὶ
3206 3316 3265 3363 τὸ
3325 3320 3418 3374 τῆς
3485 3313 3950 3375 αὐτεξουσιότιςτος

568 3402 801 3473 privati,
845 3406 1191 3473 nostroque,
1236 3418 1358 3474 quo
1432 3401 1601 3457 liberi
1669 3402 2032 3464 fruebamur,
2092 3402 2201 3471 jun

2338 3398 2659 3472 ἀφῃρημένοι
2710 3404 2909 3472 κύριον,
2945 3401 3010 3461 εἰς
3057 3398 3274 3463 δούλους
3320 3398 3378 3453 δὲ
3418 3401 3637 3464 ἑαυτοὺς
3669 3408 3761 3454 καὶ
3799 3406 3945 3455 επεν

567 3489 825 3563 spoliati,
866 3506 975 3545 nos
1013 3491 1180 3561 ipsos
1221 3491 1280 3545 in
1322 3506 1631 3545 servorum
1688 3489 2071 3561 peccatisque
2123 3491 2200 3543 ob

2338 3490 2520 3550 θύνους
2577 3497 2668 3548 τῆς
2731 3489 2990 3564 ἁμαρτίας
3040 3489 3387 3562 γραψάμενοι.
3448 3494 3543 3542 Διὰ
3620 3500 3778 3543 τοῦτο
3844 3492 3948 3562 οὐχ

566 3580 884 3635 noxiorum
946 3579 1217 3633 ordinem
1238 3578 1711 3634 transcribimus.
1748 3578 2066 3648 Propterea
2094 3578 2199 3634 illo:

2340 3576 2514 3637 ἁπλῶς
2580 3580 2645 3628 τὰ
2698 3586 2785 3637 τῆς
2838 3584 3089 3651 πονηρίας
3146 3581 3411 3649 πνεύματα
3469 3583 3562 3641 τὰς
3623 3579 3797 3651 ἀρχὰς
3862 3586 3947 3631 καὶ

567 3668 840 3740 nequitiae
899 3666 1139 3739 spiritus
1188 3683 1309 3722 non
1366 3667 1709 3738 simpliciter
1761 3667 2127 3739 principatus
2172 3684 2199 3723 e

2337 3664 2575 3727 ἐξουσίας
2633 3666 2797 3732 καλεῖ,
2851 3666 2976 3718 ἀλλὰ
3041 3672 3161 3728 τοὺς
3223 3671 3654 3743 κοσμοκράτορας
3706 3676 3798 3721 καὶ
3856 3679 3944 3721 τοῦ

566 3762 907 3831 potestates,
950 3756 1055 3811 sed
1086 3756 1298 3811 mundi
1341 3762 1593 3811 rectores
1638 3761 1692 3811 et
1744 3756 1983 3828 quidem
2026 3758 2199 3811 mund

2335 3760 2534 3825 κόσμου
2591 3756 2724 3825 (7'2).
2779 3761 2984 3826 Κόσμον
3043 3755 3285 3823 ἐνταυθα,
3341 3760 3405 3817 ως
3461 3760 3570 3817 ἔθος
3624 3767 3685 3816 τῆ
3744 3765 3942 3832 Γραφῇ,

566 3846 743 3918 hujus
759 3844 1036 3917 appellat.
1054 3844 1321 3900 Mundum
1345 3861 1482 3899 vero
1495 3844 1589 3900 hic
1605 3844 1904 3917 non,quod
1920 3843 2066 3899 alias
2083 3846 2199 3900 Scri

2335 3844 2392 3894 οὗ
2423 3847 2481 3894 τὸ
2514 3840 2894 3916 δημιούργημα
2924 3848 2980 3895 τὸ
3013 3844 3065 3906 ἐξ
3096 3845 3334 3919 οὐρανοῦ,
3364 3853 3453 3897 xui
3480 3854 3596 3917 γῆς,
3630 3853 3721 3898 xui
3754 3856 3854 3898 τῶν
3900 3846 3943 3896 ἐν

565 3941 751 4008 pturaa
768 3940 999 4005 receptu
1011 3951 1058 3986 m
1076 3940 1177 4003 est,
1201 3938 1539 3989 structuram
1554 3951 1623 3988 ex
1636 3934 1803 3997 caelo,
1820 3938 1991 3997 terra,
2009 3934 2197 4006 iisque

2334 3937 2474 4004 μέσῳ
2524 3935 2812 4007 προαχθεν,
2865 3935 3071 4005 ἄπαγε·
3134 3932 3261 3985 ἀλλὰ
3316 3940 3512 4007 κόσμον
3567 3940 3689 3997 τους
3744 3938 3811 3987 τὰ
3866 3956 3944 3986 κο·

564 4040 694 4098 quee
713 4022 1301 4087 mediaintercedunt,
1319 4028 1709 4087 constantem,
1736 4023 1993 4094 appellat
2017 4040 2029 4088 ;
2046 4024 2197 4077 absit

2336 4025 2501 4093 σμικά
2568 4026 2873 4094 φρονήματα
2928 4028 3017 4074 καὶ
3074 4025 3301 4093 σαρκικὰ
3358 4022 3801 4097 ἐπανῃρημένους,
3858 4034 3944 4075 καί

567 4120 630 4169 ut
672 4114 756 4168 ita
788 4116 1161 4178 statuamus;
1194 4112 1299 4167 sed
1351 4111 1642 4167 mundum
1672 4117 1842 4167 vocat
1894 4112 2169 4167 homines

2333 4115 2463 4184 πρός
2537 4114 2599 4162 τὰ
2656 4113 2745 4170 τὰς
2797 4111 3069 4171 αἰσθήσεις
3150 4113 3392 4182 θέλγοντά
3462 4132 3515 4164 τε
3574 4119 3665 4165 καὶ
3731 4114 3944 4170 ἐκθηλύ-

564 4203 899 4258 mundanas
938 4206 995 4256 et
1061 4200 1327 4256 carnales
1381 4200 1730 4272 cupiditates
1788 4206 2195 4255 consectantes

2333 4220 2484 4250 νοντα
2535 4200 2641 4259 (73)
2696 4199 3054 4270 ἐπτοημένους,
3093 4202 3206 4252 καθ’
3265 4201 3290 4251 ὃ
3346 4207 3730 4274 σημαινόμενον
3782 4209 3873 4255 καὶ
3922 4204 3944 4253 ὁ

565 4297 742 4364 atque
775 4307 867 4359 ea,
901 4307 1033 4362 quae
1063 4290 1340 4345 sensibus
1371 4290 1778 4354 blandiuntur,
1817 4298 2198 4361 memtnanut

2334 4294 2507 4361 Σωτὴρ
2559 4289 2742 4359 ἔλεγεν,
2802 4294 2918 4360 περὶ
2977 4298 3075 4340 των
3138 4293 3403 4360 μαθητῶν,
3453 4315 3478 4339 ‹‹
3529 4294 3606 4343 ὅτι
3662 4293 3759 4345 οὐκ
3815 4294 3946 4345 εἰσιν

564 4380 969 4437 effeminatam
996 4378 1685 4451 redduntdepereuntes.
1736 4379 1856 4433 Hoc
1893 4396 2072 4434 sensu
2100 4379 2197 4435 Sal

2331 4381 2385 4429 ἐκ
2416 4387 2506 4429 τοῦ
2550 4383 2772 4449 κόσμου.
2809 4400 2835 4429 υ
2874 4375 3105 4435 Εὔδηλον
3150 4384 3239 4451 μὲν
3270 4383 3392 4451 γὰρ,
3427 4384 3503 4432 ὅτι
3534 4386 3623 4432 καὶ
3656 4381 3804 4433 οὗτοι
3836 4386 3946 4450 (74)

562 4477 731 4527 valor
760 4470 834 4525 de
871 4469 1181 4541 discipulis
1233 4469 1353 4523 suis
1385 4468 1640 4534 dicebat,
1673 4469 1889 4540 «quod
1937 4484 2058 4523 non
2101 4470 2188 4523 sin

2331 4471 2383 4519 ἐκ
2423 4475 2514 4519 τοῦ
2565 4464 3035 4540 δημιουργήματος
3089 4465 3244 4526 ἦσαν.
3287 4472 3459 4541 ὧσπερ
3504 4475 3614 4524 ι’ῖξὶ)
3667 4477 3760 4523 καὶ
3817 4475 3948 4542 riu-

562 4559 636 4615 de
668 4558 896 4614 mundo
929 4560 969 4612 ⁸.
1007 4579 1029 4607 ››
1062 4557 1429 4612 Manifestum
1454 4558 1611 4612 enim
1629 4564 1737 4621 est,
1764 4556 1927 4629 quod
1955 4556 2108 4611 etilli
2140 4573 2195 4611 at

2330 4577 2429 4609 παν
2477 4560 2532 4608 τὸ
2584 4554 2899 4631 ἀνθρώπινον
2951 4561 3115 4627 γένος.
3152 4581 3168 4607 α
3222 4558 3354 4609 Ἀλλ’
3400 4559 3492 4610 οὐκ
3546 4556 3704 4629 ἦσαν,
3763 4567 3947 4631 φησὶν,

565 4649 873 4712 mundum,
903 4655 1192 4719 tanquam
1220 4647 1527 4718 opificium
1572 4647 1687 4709 Dei,
1718 4647 1867 4702 sicut
1892 4652 2079 4701 totum
2109 4646 2198 4702 ho-

2331 4645 2384 4697 ἐκ
2415 4653 2505 4697 τοῦ
2550 4651 2770 4717 κόσμου,
2805 4665 2831 4697 »
2881 4651 3169 4717 τουτέστιν,
3213 4647 3306 4699 οὔκ
3350 4644 3483 4705 ἦσαν
3517 4647 3575 4699 ἐκ
3624 4659 3725 4700 τῶν
3762 4649 3948 4706 ἐπτοι-

565 4739 794 4794 minum
821 4753 1032 4808 genus,
1052 4736 1445 4808 pertinebant.
1477 4758 1502 4783 «
1528 4735 1776 4791 Eosdem
1801 4752 1937 4791 vero
1961 4752 2029 4791 ex
2051 4752 2193 4790 mun

2330 4738 2489 4806 μένων
2528 4737 2659 4806 πρὸς
2688 4736 2754 4785 τὰ
2792 4736 2994 4807 φθαρτὰ
3036 4741 3124 4787 καὶ
3154 4735 3379 4810 ἐπίκηρα
3416 4744 3512 4797 τῆς
3542 4748 3818 4809 κοσμικῆς
3847 4760 3952 4811 μα-

565 4789 972 4808 _-___~O__,..
1531 4789 1625 4791 κν
1693 4789 1704 4790 ,
1973 4789 2006 4791 η
2053 4789 2192 4790 7W,

565 4828 643 4883 do
674 4842 793 4882 non
822 4842 946 4881 esse
972 4849 998 4875 »
1029 4826 1130 4890 ait,
1164 4825 1276 4881 hoc
1322 4832 1425 4894 est,
1478 4840 1595 4880 non
1630 4829 1797 4880 erant
1828 4841 1899 4879 ex
1944 4824 2082 4894 illis,
2118 4841 2194 4897 qu

2330 4789 2339 4806 ι
2569 4789 2578 4806 δ
2646 4789 2659 4795 ⁷
2798 4789 2808 4806 Ι
2895 4789 2903 4807 Ι
3293 4789 3319 4810 ’ί
3464 4789 3473 4793 “
3498 4789 3511 4797 ⁸
3645 4789 3655 4809 ί
3763 4789 3776 4796 ⁷
3802 4789 3817 4800 ³
3847 4789 3866 4811 δὲ

2329 4828 2599 4883 ταιότητος
2642 4826 2732 4874 xui
2764 4821 2982 4885 ἀπάτης.
3016 4827 3083 4875 Τὸ
3118 4821 3197 4891 δὲ,
3230 4845 3257 4877 ι(
3291 4824 3338 4876 ἐν
3368 4832 3479 4886 τοῖς
3522 4824 3888 4901 ἐπουρανίοις,
3922 4848 3950 4877 ι)

564 4914 743 4971 ﬂuxis
769 4919 827 4970 et
858 4914 1138 4970 inanibus
1166 4914 1472 4969 mundanae
1495 4914 1767 4969 vanitatis
1794 4918 1848 4968 et
1870 4913 2097 4969 fraudis
2123 4914 2196 4970 de

2328 4916 2460 4973 τινες
2506 4915 2596 4985 μὲν
2654 4915 2711 4963 τὸ
2766 4917 3047 4986 πρόχειρον
3112 4921 3204 4965 τοῦ
3259 4914 3625 4987 φιλανθρώπου
3683 4924 3954 4991 προτιμή-

564 5003 885 5061 linimentis
936 5008 1309 5076 caperentur.
1358 5003 1544 5059 Voces
1582 5018 1760 5076 porro
1797 5002 1952 5069 illas,
2004 5002 2053 5054 ἐν
2108 5010 2197 5055 τοῖη

2332 5020 2526 5069 σαντες,
2560 4999 2997 5074 μεταπλάττοντες
3044 5005 3137 5061 τὴν
3184 5009 3279 5065 τῆς
3331 5002 3512 5067 λέξεως
3565 5003 3771 5081 ἀρχὴν,
3832 5007 3950 5072 οὐκ,

638 5184 684 5218 θ’
714 5184 755 5237 ll
782 5184 910 5239 Cor.
936 5198 1033 5237 χιι.
1063 5186 1146 5238 tt.
1260 5180 1500 5253 ‘Ephes.
1536 5197 1608 5248 v1,
1635 5181 1722 5235 12.
1839 5181 1912 5235 ἸΙ
1952 5183 2097 5238 Petr.
2132 5182 2192 5247 ll,
2230 5182 2313 5238 t9.
2429 5180 2628 5237 ’Joan.
2659 5197 2754 5245 xv,
2798 5180 2877 5235 l9.

2167 5281 2367 5337 ΝΟΤΕ

638 5385 752 5458 (70)
793 5384 963 5458 (ΞΟΠ).
990 5385 1543 5458 ριό-ὑποσπορεξσθαι

1473 5387 1543 5437 ναι
2397 5382 2507 5458 (73)
2546 5383 2718 5458 Coisl.
2746 5356 3106 5458 ἐνθηλυνοντά.

665 5460 754 5529 7i)
785 5455 1219 5529 éxatvwvscripsi
1253 5455 1358 5528 pro
1390 5455 1574 5510 ἐκεῖνα.
1732 5527 1740 5529 Α

2399 5456 2505 5529 (74)
2544 5461 2633 5509 καὶ
2658 5456 2821 5523 οὗτοι,
2856 5456 3087 5513 addidit
3110 5472 3184 5514 ex
3215 5457 3376 5515 Colb.

665 5462 754 5529 7i)
785 5462 980 5510 ἐκείνων
1011 5462 1219 5527 scripsi
1253 5473 1358 5528 pro
1390 5462 1574 5510 ἐκεῖνα.

638 5462 750 5602 ίῖὲ)
785 5528 1087 5587 Excidisse
1116 5534 1257 5603 puto
1279 5531 1482 5603 τούτου.
1519 5530 1609 5585 Sic
1649 5527 1808 5584 enim
1852 5528 2029 5585 habet
2074 5544 2217 5586 con-

1332 5473 1358 5512 D
1390 5462 1574 5510 ἐκεῖνα.
2399 5462 2505 5525 (‘74)
2544 5462 2633 5509 xui
2658 5462 2821 5523 οὗτοι,
2856 5462 2965 5512 add

1332 5531 1482 5603 μύτον.
1519 5530 1609 5585 Sic
1649 5527 1808 5584 enim
1852 5528 2029 5585 habet
2074 5544 2217 5586 con-
2398 5524 2507 5599 (75)
2548 5529 2711 5583 Idem
2744 5544 2851 5601 pro
2884 5531 2965 5588 ὡς.

569 5606 782 5662 textus.
