4136 6198
206 268 318 339 ’με
1243 266 1334 321 AD
1378 262 1798 330 AMPHILOCH]

1916 262 1918 267 ’
1957 262 2282 332 QUESTIO
2319 265 2560 326 CXXIII.
3463 267 3571 334 ’114
3615 263 3618 268 ’

205 393 531 466 ἐπουρανίοις
557 392 688 458 (76).
734 389 864 456 ἀλλ’,
910 392 1254 464 ὑπουρανίοις,
1301 392 1658 455 ἐξακούουσιν,
1709 390 1798 463 οὐχ

1926 388 2246 466 ἕπουρανίοις
2276 393 2568 459 nonnulli,
2598 392 2678 459 id,
2716 390 2880 466 quod
2903 388 3157 463 primum
3187 388 3429 450 obvium
3461 397 3568 462 est,

1921 480 2023 547 illi,
2065 484 2226 553 quod
2264 484 2589 540 humanius
2631 489 2736 548 est,
2763 481 3163 554 praeferentes,
3207 487 3432 539 mutato
3472 499 3573 539 vo-

1922 571 2005 624 cis
2043 571 2208 627 initio
2247 589 2368 628 non
2427 573 2766 646 ἐπουρανίοις,
2805 570 2911 625 sed
2964 571 3298 644 ὑπουρανίοις
3357 572 3570 642 legunt.

204 484 371 543 οὓτως
411 490 500 542 τῆς
546 483 683 552 ἱερᾶς
713 484 857 551 ημῶν
906 487 1114 553 Γραφῆς
1157 481 1410 552 ἐχούσης,
1456 488 1546 534 καὶ
1585 502 1710 554 φασι
1749 484 1816 534 τὰ

204 570 462 644 δαιμόνια
516 571 787 622 καλεῖσθαι
831 571 1139 642 ὑπουράνια,
1187 577 1417 624 τουτέστι
1473 575 1538 624 τὰ
1589 590 1814 642 πνευμαο

202 664 332 712 τικά
359 670 449 722 τῆς
483 663 748 732 πονηρίας.
799 664 895 710 Καὶ
924 661 1024 732 γὰρ
1075 660 1168 710 κάν
1195 679 1244 712 τε
1286 665 1402 733 περὶ
1433 659 1576 735 ἀέρα,
1626 663 1720 712 κάν
1763 679 1813 711 τε

201 756 324 822 περὶ
367 758 464 820 γῆν
506 749 672 800 αὐτῶν
710 751 738 806 ἠ
776 745 1046 818 διατριϐὴ,
1082 745 1232 800 οὐδὲν
1280 751 1432 806 ἦττον
1477 752 1537 801 ἄν
1581 751 1808 822 ὕπουρά-

199 859 293 891 νια
351 841 558 913 ῥηθείη.
610 838 761 889 Ἀλλά
809 841 1002 889 τούτων
1057 842 1146 908 μεν
1214 837 1306 889 κᾶν
1356 841 1385 896 ἠ
1457 837 1666 892 διάνοια
1717 839 1810 890 οὐκ

197 928 419 993 ἀσεϐὴς,
476 930 608 1000 ὅμως
657 929 680 978 ό
739 927 1115 999 μεταπλασμὸς
1159 928 1251 979 οὐκ
1306 927 1538 989 εὐσεϐὴς.
1595 929 1668 980 Οὐ
1729 925 1811 980 δεῖ

195 1021 307 1092 γὰρ
362 1014 476 1070 οὐδ’
521 1017 668 1080 ὃλως,
715 1014 832 1068 όύδ⁸
880 1016 954 1088 ἐφ’
1001 1016 1071 1068 ένὶ
1115 1019 1407 1090 γράμματι,
1463 1019 1810 1092 παραχαράτ-

194 1127 306 1160 τειν
357 1111 449 1169 τας
497 1105 658 1168 λέξεις
712 1109 806 1167 τὰς
862 1108 1019 1176 ἱερὰς,
1071 1106 1303 1176 μάλιστά
1341 1126 1400 1177 γε
1449 1112 1558 1177 (77)
1601 1107 1681 1158 ὃτι
1720 1111 1808 1159 xui

195 1206 294 1257 τῆς
335 1197 788 1271 ἀπαραχαράκτου
837 1194 1014 1258 λέξεως
1060 1194 1309 1266 ἐχούσης,
1363 1199 1431 1256 ὡς
1474 1199 1619 1268 ἔφην,
1661 1195 1808 1268 ἀνεμ-

193 1283 476 1348 ποδίστως
528 1287 557 1342 ἡ
609 1292 700 1337 τοῦ
765 1285 928 1359 ῥητοῦ
981 1290 1183 1359 πρόεισι
1250 1282 1478 1337 διάνοια.
1551 1290 1650 1338 Καὶ
1705 1288 1806 1358 γὰρ

192 1375 485 1450 ἐπουράνια
532 1379 620 1426 καὶ
673 1376 738 1425 τὰ
805 1372 942 1434 ἐντός
996 1382 1084 1425 τοῦ
1138 1374 1357 1446 οὐρανοῦ
1409 1376 1583 1426 εἴωθεν
1641 1374 1807 1426 καλεῖς

194 1467 351 1526 σθαι,
392 1465 496 1515 οἷον
529 1464 553 1514 ὁ
599 1461 720 1536 ἀήρ.
769 1467 858 1514 καὶ
895 1458 1044 1515 οὐδὲν
1084 1463 1288 1520 κωλύει,
1330 1464 1394 1514 τὰ
1422 1461 1469 1513 ἐν
1515 1463 1654 1533 αὐτῷ
1688 1459 1804 1515 δια·

191 1551 447 1622 τρίϐοντα
485 1553 613 1614 (78),
663 1555 902 1603 τουτέστι
948 1555 1012 1602 τὰ
1059 1555 1383 1624 πνευματικὰ
1424 1559 1514 1614 τῆς
1553 1557 1804 1626 πονηρίας

192 1637 474 1712 δαιμόνια,
532 1639 632 1692 ἀπὸ
675 1648 763 1700 τῆς
820 1639 866 1691 έν
904 1640 1044 1712 αὐτῷ
1085 1637 1358 1713 διατριϐῆς
1399 1645 1560 1703 ουτως
1610 1643 1800 1714 ὀνομά-

195 1731 412 1792 ζεσθαι.

265 2000 606 2070 Πνευματικὰ
651 1993 710 2050 δε
766 2001 984 2069 εἴρηται,
1046 1998 1126 2049 ὅτι
1185 2001 1379 2071 σαρκὸς
1440 2002 1528 2050 καὶ
1587 1999 1799 2070 αἵματος

186 2088 247 2140 οὐ
282 2091 517 2158 μετέχει,
567 2085 695 2138 ἀλλὰ
737 2086 890 2139 ἄυλον
926 2106 1041 2138 τινα
1087 2092 1176 2138 καὶ
1222 2088 1452 2160 οἰσαρκον
1491 2090 1583 2144 τὴν
1615 2092 1796 2140 ουσίαν

186 2175 280 2227 ἀπ’
339 2175 511 2250 ἀρχῆς
570 2174 950 2250 ἐκληρώσαντο.
1011 2174 1431 2249 Ἀκολουθότερον
1489 2171 1538 2227 δ’
1600 2177 1660 2227 οἷν
1717 2196 1799 2238 τις

183 2271 274 2318 xui
335 2274 425 2316 τοῦ
490 2269 824 2336 προκειμένου
889 2270 1039 2337 φαίη,
1099 2267 1170 2324 ὡς
1238 2263 1514 2326 ἐπουράνια
1581 2263 1798 2317 ἐνταῦθα

185 2360 282 2413 τὴν
338 2353 597 2406 εὐσέϐειάν
642 2373 694 2406 τε
749 2359 838 2406 καὶ
905 2356 998 2415 τὰς
1073 2352 1257 2425 ἀρετὰς
1316 2353 1633 2424 ἐπωνόμασε.
1698 2358 1795 2406 Καὶ

182 2449 288 2518 γὰρ
343 2440 437 2496 διὰ
465 2452 629 2495 ταῦτα
669 2447 760 2501 την
803 2451 900 2494 τῶν
946 2443 1170 2516 οὐρανῶν
1202 2439 1656 2516 κληροδοτούμεθα
1698 2440 1796 2512 βα-

185 2534 412 2596 σιλείαν,
469 2538 557 2584 xui
600 2535 710 2584 ἔστι
756 2533 880 2602 ἡμῖν
911 2535 940 2589 ἡ
985 2532 1119 2589 πάλη
1156 2553 1182 2582 ‹‹
1215 2537 1345 2605 πρός
1374 2534 1441 2584 τὰ
1473 2532 1797 2603 πνευματικὰ

182 2631 282 2686 τῆς
328 2626 580 2694 πονηρίας
613 2645 639 2672 ››
673 2621 718 2672 ἐν
762 2629 876 2680 ταῖς
919 2620 1122 2695 ἀρεταῖς
1150 2641 1204 2672 τε
1233 2625 1320 2672 καὶ
1351 2619 1398 2671 ἐν
1442 2628 1502 2692 τῇ
1539 2619 1790 2692 εὐσεϐείᾳ,

182 2715 339 2783 ἡμῶν
389 2715 477 2782 μὲν
529 2712 812 2783 κατορθουν
888 2718 1053 2762 ταῦτα
1116 2706 1543 2774 σπουδαζόντων,
1598 2713 1793 2762 ἐκείνων

185 2798 245 2854 δὲ
315 2803 404 2852 τὸν
462 2796 684 2851 δυνατὸν
740 2798 919 2860 αὐτοῖς
994 2803 1182 2874 τρόπον
1249 2798 1627 2862 ἀντιτιθέντων,
1704 2801 1794 2849 καὶ

181 2893 361 2942 πάντα
409 2888 627 2960 πόλεμον
676 2892 782 2955 (79)
830 2884 1247 2959 ἀναδεχομένων.
1299 2891 1384 2940 Διὸ
1431 2896 1595 2958 σοφῶς
1627 2885 1735 2955 (80)
1767 2886 1792 2937 ό

181 2988 273 3040 τῆς
341 2977 641 3050 οἰκουμένης
703 2973 1030 3038 διδάσκαλος
1095 2982 1184 3028 καὶ
1240 2973 1508 3048 ἁρμοδίως
1560 2978 1672 3047 ἔφη,
1726 2977 1793 3035 ὡς

181 3089 209 3120 (ι
261 3067 382 3119 Οὐκ
425 3070 566 3119 ἔστιν
597 3068 721 3138 ἡμῖν
750 3069 777 3124 η
812 3065 948 3124 πάλη
983 3071 1112 3139 πρὸς
1147 3066 1278 3137 αἷμα
1316 3069 1403 3117 καὶ
1441 3066 1630 3136 σάρκα,
1667 3062 1792 3114 ἀλλὰ

179 3162 313 3232 πρὸς
371 3159 437 3208 τὰ
482 3158 806 3227 πνευματικὰ
862 3163 958 3216 τῆς
1019 3160 1288 3227 πονηρίας,
1342 3174 1368 3207 ν
1428 3159 1683 3218 τουτέστι,
1727 3155 1792 3204 τὰ

180 3253 322 3318 μήτε
364 3250 522 3317 σαρκὶ
562 3251 690 3316 μήτε
734 3244 918 3316 αἱματι
963 3240 1314 3314 συνδεδεμένα
1364 3239 1639 3314 δαιμόνια.
1693 3247 1792 3295 Καὶ

182 3341 302 3388 τότε
353 3333 402 3386 ἐν
450 3339 561 3386 τίσι
609 3339 697 3386 καὶ
736 3339 854 3407 περὶ
902 3338 1050 3386 τίνων
1097 3335 1121 3384 ό
1169 3332 1434 3403 πόλεμος;
1487 3351 1516 3382 (ι
1559 3333 1641 3383 Ἐν
1685 3338 1794 3394 τοῖς

183 3425 538 3496 ἐπουρανίοις,
604 3446 626 3473 ››
691 3428 870 3494 φησὶν,
938 3426 1202 3474 τουτέστιν
1260 3421 1307 3472 ἐν
1360 3429 1469 3482 τοῖς
1528 3420 1794 3494 προξένοις

183 3522 274 3566 τοῦ
332 3513 572 3584 οὐρανίου
626 3518 985 3584 σκηνώματος,
1043 3512 1164 3583 ὅπερ
1233 3510 1392 3575 ἐστὶν,
1445 3513 1509 3570 ὡς
1567 3512 1787 3584 εἴρηται,

183 3605 212 3660 ἡ
255 3601 519 3665 εὐσέϐεια,
567 3607 656 3653 καὶ
704 3611 802 3653 τῶν
848 3600 1038 3676 ἀρετων
1074 3602 1098 3651 ό
1147 3605 1326 3675 χορός.
1363 3600 1422 3652 Εἰ
1462 3595 1521 3651 δέ
1550 3618 1628 3660 τις
1659 3601 1789 3666 (81),

185 3711 212 3741 (ι
266 3693 326 3744 ἐν
368 3699 474 3751 τοῖς
518 3689 848 3764 ἐπουρανίοις
898 3713 924 3738 ››
975 3697 1372 3763 προχειρότερον
1431 3685 1658 3738 ἐκλαϐεῖν
1717 3688 1794 3738 θέ-

183 3781 262 3833 λοι
297 3785 464 3838 αὐτὴν
507 3788 598 3838 την
645 3779 945 3851 ἐπουράνιον
1000 3783 1288 3841 κατοικίαν,
1336 3783 1424 3830 καὶ
1454 3776 1588 3829 οὓτω
1639 3777 1792 3836 t8‘2)6

185 3879 275 3930 τῆς
339 3867 599 3930 εὐσεϐείας
655 3877 772 3929 νοῦς
827 3864 1121 3920 εὐοδοῦται.
1177 3873 1271 3920 Καὶ
1310 3870 1408 3938 γὰρ
1451 3868 1479 3924 ἠ
1532 3868 1658 3939 πρὸς
1700 3864 1796 3916 αὐ-

183 3962 306 4018 τούς
357 3957 470 4009 ἐστι
515 3957 674 4022 πάλη,
722 3959 867 4028 ἡμῶν
912 3960 1002 4028 μὲν
1052 3954 1436 4027 ἀγωνιζομένων
1479 3960 1658 4025 τυχεῖν
1701 3962 1795 4014 τῆς

185 4049 436 4123 οὐρανίου
467 4042 841 4117 κληροδοσίας,
875 4045 1072 4097 ἐκείνων
1107 4042 1163 4097 δὲ
1192 4052 1283 4096 τοῦ
1325 4052 1577 4116 στερῆσαι
1603 4045 1793 4102 ταύτης

181 4143 272 4190 xui
303 4138 460 4208 ἡμᾶς,
493 4135 546 4198 έξ
574 4132 632 4196 ἧς
661 4135 812 4187 αὐτοὶ
838 4139 1327 4186 καταπεπτωκασιν.

753 4230 1065 4277 ΕΡΩΤΗΣΙΣ
1110 4221 1225 4276 ΚΓ.

185 4329 278 4378 Διὰ
316 4329 366 4375 τί
391 4323 608 4395 Πράξεις
627 4332 723 4374 τῶν
756 4322 1055 4402 αποστολων
1087 4321 1427 4392 ἐπιγράφεται
1468 4317 1789 4402 τδβιϐλίονζ

255 4389 492 4465 καίτοιγε
522 4398 580 4446 οὐ
613 4404 712 4446 τῶν
745 4391 956 4447 δώδεκα
983 4389 1486 4466 πράξεις’περιέχει,
1524 4389 1650 4442 ἀλλὰ
1681 4389 1790 4442 κατ’

255 4462 550 4538 ἀρχάςμὲν
584 4469 824 4538 θαύματα
849 4471 935 4538 καὶ
970 4462 1322 4538 διδασκαλίαν
1355 4463 1532 4532 ὀλίγην
1566 4464 1672 4528 ι83)
1694 4471 1792 4514 τῶν

257 4517 586 4599 ἁπῖστόλων,
635 4517 814 4610 ἑᾷεξῆς
873 4534 932 4589 δὲ
1003 4537 1068 4596 εἰς
1125 4535 1322 4587 Παῦλον
1382 4517 1597 4586 κινεῖται
1647 4540 1796 4586 πᾶσα

261 4614 289 4668 ὁ
326 4614 662 4683 πραγματεία
685 4625 698 4672 ;

1923 660 2214 731 (quamvis
2250 663 2327 716 ita
2342 661 2578 734 quidem
2595 662 2830 717 codices
2843 660 2991 715 sacri
3009 675 3128 714 non
3148 660 3455 729 habeant),
3473 661 3562 716 di-

1919 754 2180 820 cuntque
2226 749 2542 816 daemonia,
2585 751 2894 824 ὑπουράνια,
2932 749 3045 804 hoc
3103 752 3191 802 est
3225 750 3568 814 spiritantia

1918 839 2210 908 nequitiae,
2231 840 2538 912 appellari.
2555 839 2840 907 Quamvis
2853 838 3014 894 enim
3029 838 3151 894 sive
3169 839 3321 894 circa
3340 854 3561 904 aerem,

1921 928 2044 982 sive
2083 928 2239 983 circa
2295 935 2508 984 tcrram
2566 928 2666 985 illa
2705 933 3032 993 versentur,
3075 928 3351 999 utrinque
3391 930 3561 981 ὑπου-

1917 1022 2070 1084 ρανία
2097 1018 2296 1073 vocari
2327 1033 2519 1089 posse.
2554 1017 2668 1073 Sed
2697 1031 3049 1088 quanquam
3076 1016 3195 1071 haec
3220 1033 3429 1072 eorum
3461 1032 3553 1073 co-

1918 1108 2098 1173 gitata
2127 1123 2243 1162 non
2275 1107 2457 1178 impia
2483 1107 2617 1170 sint,
2654 1106 2903 1162 mutatio
2943 1111 3138 1160 tamen
3174 1105 3271 1162 illa
3321 1121 3440 1161 non
3468 1110 3558 1162 est

1917 1196 2034 1266 pia.
2096 1195 2263 1250 Nullo
2320 1197 2479 1250 enim
2537 1195 2735 1261 modo,
2802 1210 2877 1249 ne
2934 1194 3013 1249 ad
3067 1210 3252 1250 unam
3314 1195 3560 1266 quidem

1914 1282 2165 1338 litteram
2194 1283 2484 1339 dictiones
2520 1299 2719 1339 sacras
2747 1290 2977 1338 mutare
3000 1283 3091 1339 fas
3122 1288 3228 1350 est,
3267 1284 3558 1355 inprimis,

1916 1387 2052 1427 cum
2084 1388 2155 1427 ex
2186 1373 2454 1438 lectione,
2496 1387 2683 1444 quam
2723 1371 2865 1438 dixi,
2910 1371 3082 1428 salva
3119 1376 3175 1427 et
3215 1372 3562 1428 intemerata

1915 1463 2270 1518 commodus
2314 1462 2423 1517 loci
2463 1477 2675 1518 sensus
2714 1461 2983 1534 prodeat.
3040 1463 3355 1535 Ἐπουράνια
3401 1462 3562 1518 enim

1914 1551 2094 1606 etiam
2134 1550 2232 1606 illa
2269 1551 2472 1606 vocari
2512 1550 2723 1617 solent,
2780 1565 2916 1621 quae
2969 1549 3116 1606 coelo
3167 1551 3557 1615 continentur,

1910 1639 2076 1696 verbi
2108 1655 2294 1695 causa
2324 1655 2424 1694 aer
2452 1655 2464 1695 :
2498 1638 2769 1710 nihilque
2800 1637 3000 1695 obstat
3038 1639 3382 1710 quominus,
3421 1655 3556 1711 quae

1842 1739 1882 1794 Β
1911 1727 1971 1783 in
2019 1727 2172 1784 caelo
2220 1731 2548 1794 versantur,
2602 1727 2718 1782 hoc
2769 1731 2859 1782 est
2906 1725 3234 1798 spiritualia
3278 1727 3558 1798 nequitiae

1909 1817 2232 1886 daemonia,
2273 1833 2310 1873 a
2348 1833 2457 1873 sua
2487 1815 2550 1871 in
2589 1816 2687 1872 illo
2727 1814 3203 1872 commoratione
3241 1815 3321 1871 ita
3359 1815 3555 1888 appel-

1904 1905 2116 1962 lentur.

1978 1995 2319 2067 Spiritualia
2355 2011 2492 2052 vero
2529 1998 2839 2059 vocantur,
2873 1993 3036 2066 quod
3070 2007 3312 2049 carnem
3347 1996 3404 2050 et
3432 2009 3560 2050 san-

1905 2085 2149 2156 guinem
2179 2100 2299 2141 non
2328 2085 2572 2150 habent,
2605 2083 2711 2140 sed
2744 2090 2823 2139 ab
2865 2083 3030 2139 initio
3070 2084 3390 2139 essentiam
3429 2100 3554 2140 ma-

1904 2173 2064 2229 teriae
2086 2178 2140 2228 et
2161 2174 2357 2230 carnis
2376 2177 2678 2244 expertem
2705 2177 2880 2228 nacta
2911 2176 3070 2226 sunt.
3108 2171 3179 2226 At
3203 2176 3556 2242 argumento

1901 2263 2346 2318 convenientius
2380 2262 2618 2328 dixeris,
2657 2260 2938 2335 ἐπουρανια
2976 2260 3088 2315 hoc
3119 2259 3252 2316 loco
3286 2259 3554 2332 pietatem

1903 2358 1960 2408 et
1999 2352 2237 2407 virtutes
2286 2350 2594 2423 appellari.
2646 2354 2888 2421 Propter
2944 2349 3042 2404 illa
3093 2349 3253 2404 enim
3303 2363 3553 2417 regnum

1903 2441 2191 2497 calorum
2240 2440 2650 2512 adipiscimur,
2704 2439 2987 2510 luctaque
3035 2438 3188 2494 adeo
3235 2437 3416 2493 nobis
3464 2443 3556 2494 est

1905 2551 1933 2582 ι(
1965 2530 2253 2586 adversus
2283 2528 2612 2601 spiritualia
2641 2528 2919 2600 nequitiae
2953 2549 2982 2576 »
3013 2527 3072 2581 in
3112 2527 3395 2582 virtutum
3434 2525 3554 2597 pie-

1903 2620 2155 2691 tatisque
2185 2619 2402 2686 studio,
2431 2618 2673 2690 quando
2721 2632 2833 2672 nos
2869 2615 3116 2688 quidem
3156 2613 3267 2670 illis
3305 2629 3552 2686 operam

1900 2709 2137 2773 damus,
2186 2708 2286 2764 illa
2338 2722 2500 2772 vero,
2549 2705 2754 2778 quoad
2805 2709 3071 2778 possunt,
3112 2720 3173 2760 se
3211 2712 3549 2776 opponunt,

1902 2802 1959 2853 et
1974 2796 2188 2853 bellum
2217 2796 2621 2868 undequaque
2645 2798 2908 2850 movent.
2948 2793 3266 2866 PrOpterea
3287 2808 3553 2848 commu-

1901 2886 1994 2941 nis
2025 2886 2190 2942 orbis
2231 2886 2439 2941 doctor
2484 2886 2783 2956 sapienter
2822 2888 2879 2939 et
2917 2883 3335 2939 convenienter
3359 2881 3546 2937 dixit:

1906 2995 1934 3026 «
1964 2978 2090 3031 Non
2116 2979 2203 3030 est
2231 2974 2407 3030 nobis
2437 2973 2596 3029 lucta
2625 2973 2906 3028 adversus
2935 2971 3290 3041 sanguinem
3342 2977 3397 3024 et
3427 2984 3553 3025 car-

1823 3085 1866 3144 α
1901 3080 2058 3128 nem,
2097 3064 2200 3119 sed
2243 3063 2532 3120 adversus
2575 3060 2901 3134 spiritualia
2943 3059 3240 3131 nequitiae,
3272 3078 3300 3109 »
3320 3058 3434 3114 hoc
3464 3061 3554 3114 est

1903 3153 2188 3210 adversus
2213 3151 2535 3215 daemonia,
2561 3166 2670 3206 nec
2694 3149 2858 3205 carni
2887 3165 2994 3204 nec
3022 3147 3297 3217 sanguini
3319 3147 3550 3218 juncta.

1906 3242 2129 3298 Bellum
2156 3257 2293 3296 vero
2325 3239 2471 3295 illud
2502 3240 2561 3294 in
2591 3238 2815 3311 quibus
2857 3241 2914 3293 et
2945 3237 3020 3292 de
3045 3235 3270 3308 quibus
3298 3235 3496 3307 agitur
3521 3235 3552 3288 ?

1904 3352 1933 3385 ‹‹
1962 3337 2021 3388 In
2041 3330 2404 3394 coelestibus,
2432 3349 2459 3378 »
2493 3327 2834 3400 inquit,hoc
2862 3324 3150 3382 estinillis
3178 3323 3378 3389 rebus,
3413 3341 3548 3397 quin

1901 3421 2136 3478 cmleste
2166 3417 2574 3474 habitaculum
2613 3416 2786 3472 nobis
2827 3414 3166 3471 conciliant.
3207 3412 3372 3469 Tales
3412 3429 3552 3472 vero

1903 3515 2059 3575 sunt,
2081 3515 2142 3564 ut
2168 3508 2462 3564 monitum
2501 3511 2608 3577 est,
2649 3507 2837 3578 pietas
2877 3509 2933 3559 et
2971 3504 3262 3559 virtutum
3301 3502 3545 3559 chorus.

1904 3603 1960 3658 Si
1992 3599 2123 3672 quis
2150 3613 2291 3654 vero
2321 3597 2588 3669 phrasin,
2637 3618 2665 3645 α
2707 3595 2766 3649 in
2814 3592 3184 3658 coelestibus,
3238 3615 3266 3642 »
3304 3594 3553 3664 propius

1903 3689 2165 3760 accipere
2191 3686 2358 3742 malit
2389 3685 2464 3742 de
2490 3683 2711 3740 caelesti
2751 3682 3138 3749 habitatione,
3189 3686 3244 3738 et
3283 3681 3370 3737 sic
3406 3698 3553 3754 quo-

1902 3793 2019 3850 que
2042 3781 2248 3832 sancta
2269 3774 2433 3830 Pauli
2458 3790 2626 3830 mens
2646 3773 3047 3845 perspicietur.
3065 3771 3249 3826 Lucta
3265 3769 3423 3826 enim
3449 3770 3553 3828 ad-

1908 3884 2110 3922 versus
2129 3866 2438 3920 daemonas
2463 3863 2798 3934 suscipitur,
2826 3861 2997 3918 nobis
3013 3861 3260 3931 quidem
3279 3859 3356 3916 ad
3382 3859 3552 3918 caele-

1905 3960 2058 4010 stem
2080 3953 2487 4010 haereditatem
2505 3948 3137 4012 contendentibus,illis
3160 3964 3300 4004 vero
3315 3949 3548 4018 eadem,

1903 4060 2025 4115 qua
2046 4043 2159 4115 ipsi
2185 4041 2556 4108 exciderunt,
2586 4039 2761 4094 etia’m
2785 4053 2894 4092 nos
2915 4037 3148 4108 privare
3171 4037 3549 4094 conantibus.

1903 4218 2222 4285 QUAES'I‘IO
2276 4215 2477 4271 CXXIII
2531 4215 2738 4283 [ϐοίδι.
2792 4213 2994 4278 CXLV,
3060 4214 3240 4268 Taur.
3305 4213 3548 4284 CXLIV].

1905 4318 2102 4385 Quare
2129 4316 2278 4371 liber
2312 4315 2565 4368 Actuum
2603 4312 3050 4385 apostolicorum
3077 4310 3164 4366 ita
3185 4310 3550 4376 inscribitur,

1974 4405 2106 4444 cum
2139 4394 2326 4441 tamen
2357 4385 2660 4440 duodecim
2693 4384 3092 4451 apostolorum
3119 4389 3255 4437 acta
3278 4398 3398 4436 non
3425 4398 3556 4438 con-

1977 4461 2177 4525 tineat,
2211 4458 2311 4513 sed
2337 4457 2502 4510 initio
2550 4455 2783 4527 quidem
2833 4454 3124 4508 miracula
3170 4459 3223 4508 et
3251 4453 3553 4527 doctrinas

1971 4547 2190 4600 paucas
2219 4525 2642 4596 apostolorum,
2673 4532 2870 4600 postea
2891 4540 3025 4580 vero
3049 4530 3168 4580 tota
3200 4526 3468 4580 tractatio
3494 4525 3553 4579 in

1974 4595 2232 4657 Paulum
2256 4595 2650 4656 convertatur
2679 4595 2706 4652 ?

251 4679 526 4756 Editarum
561 4719 590 4755 a
617 4706 809 4756 Wolfio
835 4709 1024 4755 octava
1052 4705 1106 4766 (1.
1141 4718 1205 4762 c.,
1234 4719 1284 4766 p.
1318 4703 1524 4751 730-732
1551 4699 1792 4750 Galland.
1822 4717 1873 4766 p.
1905 4703 2014 4756 722,
2047 4701 2156 4754 723,
2194 4713 2247 4747 η.
2276 4697 2373 4760 24).
2421 4724 2480 4734 -
2513 4696 2584 4745 De
2611 4693 2764 4744 titulo
2786 4679 3015 4742 Actuum
3041 4693 3425 4757 apostolorum.

257 4803 380 4848 Ὀτι
427 4795 666 4869 Πράξεις,
703 4800 860 4866 φησὶν
905 4794 1040 4866 (84),
1087 4795 1184 4852 τῶν
1231 4791 1528 4844 ἀποστόλων
1575 4789 1792 4863 ἐπιγρά-

188 4905 339 4957 φεται
386 4889 442 4936 τό
497 4883 721 4958 βιϐλίον,
773 4869 1003 4954 καίτοιγε
1056 4882 1113 4934 όύ
1161 4892 1259 4934 τῶν
1320 4877 1532 4934 δώδεκα
1579 4879 1790 4954 πράξεις

1975 4793 2224 4844 Actuum
2277 4785 2764 4859 apostolicorum,
2821 4783 3033 4854 inquit,
3087 4782 3230 4838 liber
3282 4787 3550 4850 vocatur,

1901 4877 2178 4952 quamvis
2200 4875 2518 4932 duodecim
2541 4871 2955 4946 apostolorum
2976 4875 3110 4928 acta
3139 4885 3262 4928 non
3293 4871 3554 4945 comple-

1753 4987 1983 5043 ΝΟΤᾸΞ.

261 5099 370 5161 (76)
403 5097 464 5153 Id
496 5096 739 5168 quidem
768 5098 824 5151 in
855 5095 1016 5151 nullo
1037 5095 1238 5151 codice
1261 5094 1458 5168 adhuc
1489 5094 1788 5149 inventum

187 5173 296 5223 est.
350 5165 746 5237 Gundlingius
785 5174 984 5222 tamen
1022 5169 1100 5222 ita
1139 5167 1250 5236 legi
1289 5165 1546 5229 volebat,
1583 5172 1791 5237 contra

188 5241 551 5312 quemvide,
575 5235 706 5312 qua
728 5239 787 5294 in
815 5238 982 5294 Curis
1004 5239 1150 5293 meis
1181 5235 1256 5293 ad
1282 5239 1500 5308 Eplies.
1532 5237 1568 5290 l.
1601 5252 1650 5291 c.
1671 5235 1790 5290 dis-

234 5310 412 5365 utavi.

187 5327 412 5382 putavn.

260 5384 366 5442 (77)
410 5381 572 5436 Colb.
613 5386 764 5435 recte
806 5396 912 5450 pro
942 5380 1192 5432 κάλλιστὰ
1217 5399 1293 5450 γε.

261 5451 371 5524 (78)
404 5450 742 5524 διατρίϐοντα
768 5449 818 5503 έν
849 5451 1008 5521 αὐτῷ,
1046 5469 1114 5506 ex
1150 5449 1313 5506 Colb.
1348 5449 1570 5505 addidi.

261 5521 370 5596 (λθ)
395 5521 540 5578 Ideni
574 5540 681 5596 pro
718 5524 976 5594 πολέμιον.

263 5594 373 5666 (80)
398 5597 488 5651 Sic
505 5591 770 5650 scribenti
783 5591 872 5649 um
895 5610 1000 5665 pro
1017 5593 1355 5666 σοφός,ᾳοοό
1370 5598 1456 5648 est
1469 5593 1530 5649 in
1548 5591 1782 5650 Coislin.

263 5665 367 5727 (81)
399 5685 474 5732 τις
512 5668 667 5725 Colb.
698 5673 853 5724 recte
884 5681 992 5741 pro
1015 5665 1148 5731 τοῖς.

1997 5092 2086 5163 82)
2114 5091 2249 5144 οὓτω
2275 5089 2492 5163 scribo,
2527 5103 2636 5160 pro
2665 5086 2834 5163 οὗτος,

1997 5094 2086 5163 82)
2114 5094 2249 5144 οὓτω
2275 5094 2492 5155 scribo,
2527 5103 2636 5160 pro
2665 5094 2834 5148 οὗτος.

1972 5094 2092 5230 (83)
2123 5163 2298 5234 ὀλίγην
2328 5161 2509 5234 habet
2554 5157 2976 5234 apograpllum
3019 5171 3240 5234 meum,
3287 5161 3449 5232 quod
3480 5177 3552 5219 ex

1901 5229 2131 5290 Coislin.
2159 5229 2360 5290 codice
2384 5229 2629 5302 petitum
2649 5234 2814 5302 puto.
2841 5229 2921 5303 Ex
2939 5244 3015 5303 _e_o
3050 5233 3247 5303 tamen
3267 5229 3552 5303 praestan-

1900 5307 2161 5361 tissimus
2227 5299 2733 5366 Montefalconius,
2787 5317 2848 5373 p.
2897 5300 3000 5373 337
3030 5299 3548 5373 “ditymv'exhibet.

1899 5377 2099 5432 Malim
2133 5376 2372 5431 alterum
2397 5373 2561 5429 illud.
2598 5373 2731 5427 Mox
2757 5371 2918 5427 enim
2945 5372 3006 5426 in
3027 5371 3233 5430 limine
3257 5377 3552 5432 tractatio-

1896 5450 1988 5503 nis
2021 5449 2222 5518 itidem
2263 5447 2480 5518 legitur
2519 5444 2727 5518 ῥλίγην,
2776 5451 2831 5499 et
2879 5443 3056 5518 paulo
3101 5450 3242 5518 post
3294 5442 3550 5518 διήγησις

1895 5529 1986 5579 τῆς
2017 5516 2367 5591 διδασκαλίας
2397 5516 2471 5591 ἐπ’
2506 5516 2676 5591 ὀλίγον
2707 5515 3366 5591 παρατείνεσθαιό-ἱεὶῐιπ.

1967 5592 2079 5662 (84)
2108 5590 2318 5646 Exhoc
2342 5589 2522 5645 verbo
2544 5587 2794 5662 fortasse
2842 5587 3085 5658 colligas
3124 5587 3397 5646 Photium
3418 5587 3546 5649 haec

1895 5660 2135 5720 aliunde
2163 5668 2375 5720 mutua
2397 5660 2748 5735 sumpsisse.
