4136 6198
585 252 693 316 ’715

1809 252 2053 310 ΡΗΟΤΙΙ
2092 252 2578 310 ΡΑΤΗΙΑΒΟΗᾸΞ
2613 253 2719 310 CP.

3876 263 3987 325 716

588 386 801 451 ctatur,
829 381 934 438 sed
964 381 1229 453 primum
1267 380 1508 453 quidem
1549 381 1839 438 miracula
1867 386 1924 438 et
1951 381 2231 451 exiguam

2355 382 2603 453 περιέχει’
2654 378 2782 432 ἀλλὰ
2836 380 2951 433 κατ’
3001 380 3173 453 ἀρχὰς
3227 385 3317 454 μεν
3369 386 3613 457 θαύματα
3662 392 3762 440 καὶ
3812 386 3983 444 διδα-

586 478 820 547 partem
858 471 1143 527 doctrinae
1184 470 1610 543 apostolorum”,
1672 475 1881 543 postea
1935 487 2075 526 vero
2116 476 2240 525 tota

587 562 858 619 tractatio
896 562 956 615 in
987 560 1240 615 Paulum
1287 560 1693 616 transferatur.
1732 561 2044 616 Enimvero
2090 560 2237 615 liber

586 656 897 725 propterea
946 653 1197 705 Actuum
1246 649 1707 720 apostolicorum
1760 650 1981 704 titulum
2039 650 2233 718 refert,

589 741 755 813 quia,
787 745 927 795 teste
960 739 1162 804 Paulo,
1183 758 1212 789 «
1240 739 1498 795 Membro
1531 755 1650 794 uno
1676 739 2003 809 glorificato
2034 742 2239 795 omnia

590 830 863 886 membra
903 828 1081 884 simul
1111 829 1519 897 gloriﬁcantur
1548 831 1591 881 ⁴.
1627 851 1654 879 η
1689 830 1962 886 Similiter
2000 846 2238 901 quoque

588 920 687 977 hic
718 920 975 991 scriptor,
1008 918 1158 974 Petri
1185 923 1239 974 et
1268 918 1427 973 Pauli
1457 922 1588 974 acta
1617 919 1966 974 communia
1986 918 2236 985 faciens,

592 1009 810 1064 librum
841 1009 994 1062 hunc
1016 1007 1430 1079 apostolorum
1463 1012 1605 1063 Acta
1632 1007 1948 1079 inscripsit.
1989 1008 2159 1073 Quod
2190 1009 2238 1064 si

590 1113 770 1170 porro
808 1096 921 1151 sub
970 1096 1159 1167 capite
1206 1101 1393 1152 totum
1434 1112 1652 1169 corpus
1692 1096 2235 1168 comprehenditur,

592 1186 1011 1244 convenienter
1050 1191 1182 1241 acta
1228 1189 1668 1257 praecipuorum
1718 1187 1897 1241 Actus
1945 1186 2240 1257 apostolo-

590 1292 723 1332 rum
742 1280 1051 1339 vocantur,
1069 1275 1555 1347 quemadmodum
1577 1280 1629 1329 et
1649 1275 1936 1340 doctrina,
1957 1280 2235 1347 tanquam

591 1365 878 1438 apostolis
950 1364 1314 1433 communis,
1360 1365 1421 1418 in
1472 1364 1585 1419 illis
1626 1364 1897 1428 traditur,
1961 1364 2239 1436 quamvis

590 1453 883 1511 enarratio
912 1454 1040 1523 ejus
1070 1453 1343 1507 succince
1368 1458 1424 1507 et
1450 1453 1656 1523 paucis
1688 1453 1813 1519 ﬁat,
1862 1454 2239 1509 commodam

595 1550 785 1600 tamen
814 1542 994 1612 hujus
1024 1541 1422 1612 inscriptionis
1454 1543 1831 1597 occasionem
1878 1542 2236 1612 suppeditat.

594 1632 954 1703 Scriptorem
975 1646 1116 1686 vero
1140 1632 1395 1685 Actuum
1419 1630 1517 1684 alii
1546 1631 1895 1685 Clementem
1920 1631 2239 1687 Romanum

2351 470 2567 522 σκαλίαν
2613 470 2788 542 ὀλίγην
2834 479 2931 522 τῶν
2992 470 3311 537 ἀποστόλων,
3371 473 3548 545 ἐφεξῆς
3605 472 3666 528 δὲ
3720 478 3793 538 εἰς
3839 487 3986 532 Har}.

2347 558 2431 611 λον
2480 566 2699 612 κινεῖται
2746 566 2893 611 πᾶσα
2956 563 2984 618 ἡ
3040 567 3394 633 πραγματεία.
3458 564 3601 621 Πλὴν
3656 563 3759 617 διὰ
3816 578 3980 623 τοῦτο

2350 649 2569 720 Πράξεις
2627 658 2725 701 τῶν
2794 648 3092 702 ἀποστόλων
3169 650 3527 724 ἐπιγράφεται,
3603 652 3775 723 διότι,
3838 662 3981 710 κατὰ

2347 741 2433 789 τόν
2480 738 2701 803 Παῦλον,
2753 757 2782 788 ‹‹
2839 738 3189 810 Δοξαζομένου
3240 740 3343 801 ἑνός
3401 742 3587 813 μέλους
3640 742 3979 807 συνδοξάζε-

2347 846 2434 880 ται
2477 828 2589 897 (85)
2639 830 2806 879 πάντα
2844 831 2909 880 τά
2950 828 3099 899 μέλη.
3135 850 3163 877 ››
3211 828 3362 881 Ούτω
3418 828 3479 883 δὲ
3509 838 3601 884 καὶ
3632 837 3735 895 τὰς
3769 841 3971 909 Πέτρον

2347 920 2437 968 καὶ
2491 916 2697 968 Παύλου
2754 917 2961 991 πράξεις
3018 922 3467 991 κοινοποιούμενος
3518 923 3544 972 ό
3600 930 3966 997 συγγραφεύς,

2348 1014 2447 1057 τῶν
2496 1004 2796 1057 ἀποστόλων
2838 1010 2896 1059 τό
2947 1005 3148 1079 βιϐλίον
3198 1006 3476 1082 ἐπέγραψε,
3523 1013 3776 1083 Πράξεις.
3820 1016 3883 1067 Εἰ
3914 1014 3969 1068 δε

2348 1099 2438 1145 καὶ
2489 1102 2550 1165 τῇ
2626 1102 2823 1167 κορυφῇ
2888 1096 3433 1168 συμπεριλαμϐάνεται
3494 1103 3552 1151 τό
3609 1100 3729 1153 ὅλον
3791 1112 3963 1175 σῶμα,

2350 1183 2585 1254 εὐλόγως,
2657 1185 2717 1235 ἄν
2785 1186 2878 1245 τὰς
2946 1191 3239 1258 κορυφαίων
3294 1188 3511 1259 Πράξεις
3558 1188 3821 1243 ἐκάλεσαν
3876 1202 3968 1245 τῶν

2351 1270 2673 1337 ἀποστόλων,
2734 1272 2864 1331 πλὴν
2916 1292 2973 1343 γε
3029 1279 3117 1325 καὶ
3170 1277 3198 1332 ἡ
3269 1281 3411 1333 κοινὴ
3483 1278 3583 1330 τῶν
3660 1278 3969 1333 ἀποστόλων

2351 1360 2756 1435 ἐμπεριεχομένη
2807 1365 3022 1422 ταύταις
3070 1360 3419 1427 διδασκαλία,
3468 1368 3565 1418 κᾶν
3612 1367 3693 1420 ἐπ’
3730 1370 3963 1441 ὀλίγονὲ

2349 1454 2541 1511 ταύτης
2599 1447 2853 1521 διηγησὶς
2922 1458 3305 1526 παρατείνεται,
3380 1453 3487 1507 ἀλλ’
3556 1456 3805 1531 ἀφορμὴν
3878 1470 3971 1522 τῆς

2353 1539 2643 1613 ἐπιγραφὴς
2693 1545 2983 1613 παρέχεται
3056 1542 3280 1613 εὔλογον.
3348 1548 3447 1597 ΙΤόν
3513 1543 3571 1599 δὲ
3650 1556 3971 1621 συγγφαφέα

2351 1637 2451 1679 τῶν
2496 1628 2733 1699 Πράξεων
2778 1632 2826 1681 οἱ
2874 1633 2962 1701 μὲν
3026 1630 3294 1703 Κλήμεντα
3334 1632 3546 1704 λέγουσι
3602 1639 3688 1687 τόν
3744 1637 3967 1710 Ῥώμης,

594 1720 918 1790 appellant,
949 1718 1294 1773 Barnabam
1324 1718 1444 1786 alii,
1468 1718 1724 1773 aliivero
1756 1720 1977 1775 Lucam
2004 1734 2243 1789 evange-

2355 1717 2497 1769 ἄλλοι
2555 1715 2613 1769 δὲ
2667 1718 2955 1790 Βαρνάϐαν,
3014 1725 3103 1771 καὶ
3156 1721 3301 1773 ἄλλοι
3353 1728 3561 1776 Λουκᾶν
3610 1729 3698 1777 τόν
3756 1727 3969 1797 εὐαγγε-

596 1809 811 1864 listam.
844 1812 971 1879 Ipse
998 1822 1135 1862 vero
1167 1809 1349 1862 Lucas
1396 1823 1522 1861 rem
1563 1806 1788 1872 deﬁnit,
1840 1808 2085 1879 quando
2132 1810 2246 1880 pri-

593 1913 761 1953 mum
784 1896 1027 1967 quidem
1053 1895 1108 1950 in
1131 1895 1333 1951 limine
1349 1895 1483 1951 libri
1502 1900 1851 1967 praemonet,
1873 1897 2039 1969 quod
2062 1896 2241 1953 aliam

594 1986 1179 2049 commentationem,
1224 1986 1459 2041 Domini
1517 1989 1685 2055 gesta
1736 1986 2239 2057 complectentem,

593 2076 889 2146 scripserit
914 2091 927 2140 ;
961 2074 1179 2130 deinde
1205 2090 1347 2129 vero
1370 2091 1405 2130 a
1426 2076 1653 2130 caeteris
1676 2075 2055 2143 evangelistis
2085 2076 2145 2131 in
2172 2092 2242 2131 eo

592 2164 807 2230 differt,
854 2164 1019 2236 quod
1063 2178 1242 2219 nemo
1315 2179 1516 2219 eorum
1588 2164 1999 2219 tractationem
2070 2181 2241 2220 suam

591 2270 783 2325 usque
809 2253 887 2309 ad
914 2253 1326 2308 ascensionem
1360 2252 1565 2307 Christi
1596 2253 1885 2324 producit,
1928 2254 2054 2324 ipse
2105 2270 2243 2309 vero

594 2343 759 2399 solus
791 2348 847 2398 et
887 2342 1298 2397 ascensionem
1340 2341 1503 2397 illam
1546 2347 1819 2398 accurate
1862 2344 2151 2414 exposuit,
2186 2348 2244 2398 et

592 2434 670 2489 ab
701 2434 913 2488 eadem
940 2434 1193 2487 Actuum
1224 2432 1455 2487 initium
1502 2432 1651 2487 fecit.
1678 2432 1956 2489 Mattha’z'
1998 2432 2241 2503 quidem

592 2521 979 2591 Evangelium
1034 2520 1095 2575 in
1141 2535 1211 2575 eo
1254 2521 1487 2586 desinit,
1524 2526 1582 2576 ut
1630 2520 1904 2592 discipuli
1964 2522 2241 2578 undecim

593 2609 837 2682 profecti
892 2610 1183 2675 dicantur,
1236 2609 1493 2681 ﬁnisque
1519 2610 1649 2679 ejus
1696 2614 1828 2665 est:
1864 2613 2116 2681 «Usque
2165 2611 2243 2666 ad

594 2698 1177 2754 consummationem
1225 2698 1480 2753 mundi:
1532 2700 1721 2753 Amen
1767 2699 1811 2753 ⁵.
1844 2719 1867 2750 ι)
1915 2700 2118 2770 Itaque
2170 2700 2243 2756 de

594 2788 946 2844 ascensione
977 2787 1121 2843 nihil
1142 2787 1325 2842 addit.
1350 2788 1590 2843 Marcus
1610 2802 1748 2842 vero
1775 2803 1895 2843 non
1923 2793 2046 2844 tam
2077 2803 2245 2844 enar-

593 2882 684 2935 rat
712 2894 868 2939 eam,
894 2893 1075 2949 quam
1095 2876 1284 2931 obiter
1304 2877 1479 2947 quasi
1505 2882 1959 2942 commemorat,
1990 2878 2193 2933 dicens
2229 2894 2243 2933 :

590 2984 621 3017 ἰ
680 2967 969 3023 Dominus
1026 2966 1246 3037 itaque,
1291 2970 1614 3038 postquam
1668 2981 1803 3021 cum
1849 2966 1961 3021 illis
2007 2967 2242 3023 locutus

593 3060 740 3128 erat,
796 3059 1063 3128 receptus
1124 3059 1211 3110 est
1264 3056 1325 3110 in
1379 3054 1617 3121 coelum,
1689 3060 1746 3111 et
1820 3056 2093 3112 consedit
2166 3057 2244 3111 ad
2279 3070 2325 3142 ρ

592 3147 865 3202 dextram
904 3144 1000 3199 Dei
1033 3147 1073 3197 ⁸.
1112 3167 1137 3194 ››
1169 3146 1371 3215 Itaque
1403 3160 1510 3199 nec
1538 3144 1807 3211 modum,
1860 3161 1969 3201 nec
2020 3145 2240 3214 locum,

590 3250 701 3291 nec
733 3236 866 3299 alia,
908 3250 1043 3305 quae
1084 3250 1221 3287 cum
1251 3234 1483 3289 actione
1514 3234 1627 3289 hac
1679 3235 2009 3305 conjuncta
2055 3240 2239 3296 erant,

594 3322 986 3393 persequitur.
1028 3322 1279 3377 Joannis
1310 3321 1572 3393 denique
1620 3324 2007 3392 Evangelium
2060 3323 2244 3378 histo-

591 3412 743 3467 riam
776 3410 1141 3465 ascensionis
1183 3411 1242 3465 in
1292 3410 1407 3466 fine
1466 3426 1587 3467 non
1641 3412 1900 3477 tradidit,
1937 3412 2245 3468 subinnuit

592 3514 757 3562 vero,
785 3499 973 3554 multa
1003 3498 1121 3555 alia
1173 3498 1375 3553 fecisse
1416 3498 1641 3563 Jesum,
1704 3500 1917 3570 quibus
1969 3500 2028 3555 in
2061 3516 2243 3555 unum

593 3587 841 3653 collatis,
870 3603 991 3642 non
1014 3587 1251 3642 credere
1285 3602 1367 3653 se,
1409 3587 1607 3657 ipsum
1632 3588 1927 3642 mundum
1963 3588 2145 3644 libros
2171 3590 2245 3645 de

595 3677 666 3733 iis
733 3675 984 3747 scriptos
1028 3691 1240 3746 capere
1290 3677 1513 3746 posset
1556 3678 1759 3747 Itaque
1816 3692 1972 3731 unus
2038 3680 2244 3744 Lucas,

597 3765 761 3838 quod
784 3764 921 3829 dixi,
951 3769 1006 3819 et
1036 3764 1452 3819 ascensionem
1479 3763 1539 3819 in
1572 3763 1689 3818 fine
1740 3766 2039 3836 Evangelii
2070 3766 2246 3822 latius

597 3854 990 3927 persequitur,
1026 3860 1080 3907 et
1105 3852 1183 3908 ab
1214 3853 1426 3909 eadem
1457 3854 1712 3909 Actuum
1742 3854 1883 3910 facit
1913 3854 2170 3911 initium.

662 3978 980 4048 QUIESTIO
1009 3978 1215 4035 CXXIV
1248 3977 1456 4052 [007381.
1489 3978 1714 4047 CXLIV,
1749 3981 1926 4037 Taur.
1961 3980 2189 4055 CXLV].

676 4085 905 4154 Quoties
963 4084 1235 4141 Christus
1262 4085 1718 4167 apostolis_post
1774 4090 2249 4167 resnrrgctionem

851 4173 1015 4213 suam
1045 4158 1351 4227 apparuit,
1387 4163 1439 4214 et
1464 4158 1584 4225 ubi,
1627 4164 1681 4213 et
1711 4160 1945 4231 quando
1974 4161 2001 4215 ‘?

2352 1806 2553 1864 λιστήν.
2616 1807 2781 1868 Αύτός
2863 1805 2923 1860 δὲ
2999 1815 3208 1871 Λουκᾶς
3278 1810 3548 1885 ἐπικρίνει,
3612 1824 3817 1887 πρῶτον
3882 1821 3968 1887 μὲν

2354 1894 2407 1957 ἐξ
2450 1896 2515 1946 ὧν
2569 1899 2987 1969 προοιμιάζεται,
3021 1901 3090 1961 ὡς
3117 1904 3206 1950 καὶ
3252 1900 3398 1974 ἑτέρα
3428 1902 3569 1973 αὐτῷ
3598 1912 3966 1977 πραγματεία,

2353 1986 2442 2044 τὰς
2492 1988 2809 2046 Δεσποτικὰς
2886 1991 3212 2059 περιέχουσα
3263 1990 3473 2063 πράξεις
3547 1993 3964 2051 καταϐέϐληται.

2354 2076 2593 2145 Δεύτερον
2626 2070 2704 2138 δὲ,
2738 2073 2790 2136 ἐξ
2819 2076 2885 2125 ὧν
2934 2080 3022 2127 καὶ
3065 2086 3163 2127 τῶν
3209 2077 3371 2129 ἄλλων
3410 2080 3798 2151 εύαγγελιστῶν
3851 2080 3967 2136 δια-

2356 2162 2637 2229 στέλλεται,
2682 2163 2763 2215 ὃτι
2804 2169 2967 2237 μέχρι
3014 2174 3107 2227 τῆς
3149 2165 3451 2238 ἀναλήψεως
3485 2167 3660 2230 οὐδεὶς
3689 2172 3868 2223 αὐτῶν
3913 2178 3965 2223 τό

2355 2254 2630 2323 σύνταγμα
2686 2252 2947 2326 προελθεῖν
3021 2253 3326 2320 ἐποιήσατο,
3406 2256 3512 2309 ἀλλ’
3586 2256 3745 2320 οὗτος
3811 2266 3969 2331 μόνος

2352 2344 2441 2391 καὶ
2484 2344 2577 2398 τὴν
2623 2340 2879 2412 ἀνάληψιν
2920 2341 3143 2417 ἀκριϐῶς
3194 2344 3510 2415 ἐξηγήσατο,
3554 2354 3646 2400 καὶ
3677 2350 3837 2401 πάλιν

2351 2437 2450 2481 τῶν
2533 2431 2771 2502 Πράξεων
2848 2431 3098 2505 ἀπαρχὴν
3152 2434 3253 2507 ἀπὸ
3320 2438 3517 2497 ταύτης
3596 2440 3965 2496 ὑπεστήσατο.

2352 2520 2625 2571 Ματθαίου
2673 2522 2760 2587 μὲν
2816 2523 2917 2594 γὰρ
2978 2522 3116 2584 τέλος
3184 2526 3299 2595 ἔχει
3356 2529 3412 2577 τό
3490 2526 3828 2600 Εύαγγέλιον·
3905 2532 3969 2581 Οἱ

2353 2605 2536 2661 ἕνδεκα
2565 2611 2794 2681 μαθηταὶ
2846 2613 3222 2684 ἐπορεύθησαν·
3279 2613 3437 2679 τέλος,
3473 2639 3499 2665 ‹‹
3534 2614 3670 2678 Ἕως
3708 2626 3803 2678 τῆς
3849 2638 3967 2670 συν.

2353 2698 2547 2758 τελείας
2586 2706 2675 2751 τοῦ
2707 2699 2908 2761 αἰῶνος.
2962 2701 3139 2772 Ἀμήν.
3195 2723 3221 2751 ››
3268 2709 3366 2755 Καὶ
3410 2710 3529 2777 περὶ
3568 2710 3659 2776 μὲν
3711 2714 3812 2768 τῆς
3844 2708 3968 2759 ἁνα-

2354 2786 2557 2857 λήψεως
2606 2785 2756 2841 ούδεν
2802 2792 3145 2863 προστίθησι.
3190 2794 3398 2859 Μάρκος
3446 2789 3505 2846 δὲ
3554 2795 3595 2846 εἰ
3630 2801 3720 2847 καὶ
3754 2818 3964 2867 μνημο-

2354 2878 2505 2939 νεύει,
2562 2875 2668 2929 ἀλλ⁹
2726 2881 2795 2938 ὡς
2835 2877 2881 2929 ἐν
2930 2877 3214 2952 ἐπιδρομῇ,
3260 2880 3436 2951 λέγων·
3488 2882 3547 2935 Ὀ
3582 2888 3675 2955 μὲν
3727 2886 3815 2937 οὖν
3866 2890 3966 2939 Κύ-

2355 2985 2462 3039 ριος
2505 2969 2635 3037 μετά
2683 2970 2740 3018 τό
2785 2967 3011 3026 λαλῆσαι
3062 2970 3239 3032 αὐτοῖς
3281 2969 3539 3044 ἀνελήφθη
3568 2974 3637 3034 εἰς
3677 2979 3765 3027 τόν
3811 2977 3964 3050 οὖρα-

2356 3058 2437 3105 νόν
2468 3060 2556 3107 καὶ
2595 3054 2830 3108 ἐκάθισεν
2876 3057 2926 3108 ἐν
2968 3055 3118 3129 δεξιᾷ
3159 3068 3252 3111 τοῦ
3296 3068 3451 3114 Θεοῦ.
3484 3082 3513 3114 ν
3546 3066 3682 3115 Οὔτε
3727 3068 3829 3139 γὰρ
3876 3068 3959 3116 τόν

2355 3148 2563 3217 τρόπον,
2607 3142 2722 3198 οὐδ’
2775 3145 2895 3198 ἄλλο
2939 3168 2988 3199 τι
3037 3157 3136 3199 τῶν
3194 3160 3504 3202 συνεκτικῶν
3559 3153 3851 3223 κεφαλαίων
3898 3162 3954 3225 τῇ

2355 3234 2641 3306 τηλικαύτῃ
2686 3237 2868 3306 πράξει
2915 3234 3267 3291 συνδιέλαϐεν.
3315 3239 3553 3293 Ἰωάννου
3596 3238 3657 3294 δε
3695 3247 3754 3293 τό
3800 3244 3960 3314 Εὐαγ-

2354 3322 2524 3395 ’γελιον
2555 3322 2629 3395 [ἐν
2658 3323 2754 3396 τῷ]
2784 3325 2913 3377 τέλει
2944 3325 3239 3397 ἀναλήψεως
3270 3332 3358 3399 μὲν
3391 3329 3449 3381 ού
3486 3327 3790 3401 παρέδωκεν
3824 3336 3959 3384 ἱστοο

2355 3418 2492 3486 ρίαν,
2527 3412 2896 3484 ἐπεσημαίνετο
2930 3411 3006 3477 δὲ,
3048 3416 3126 3467 ὅτι
3158 3436 3186 3467 (‹
3224 3416 3389 3469 Πολλὰ
3427 3424 3517 3470 καὶ
3558 3420 3689 3471 ἄλλα
3718 3420 3957 3478 ἑπόίησεν

2357 3503 2381 3551 ὁ
2416 3502 2640 3570 Ἰησοῦς,
2673 3502 2823 3553 ἅτινα
2850 3503 2934 3555 ἐάν
2964 3506 3229 3577 ’γράφηται
3247 3507 3363 3558 καθ’
3390 3509 3457 3569 ἓν,
3484 3506 3610 3561 οὐδὲ
3636 3510 3796 3561 αὐτόν
3816 3509 3959 3581 οἶμαι

2357 3594 2443 3641 τόν
2474 3595 2668 3663 κόσμον
2694 3601 2945 3666 χωρῆσαι
2976 3597 3039 3644 τὰ
3067 3599 3369 3668 γραφόμενα
3397 3594 3597 3668 βιϐλία.
3628 3618 3655 3650 »
3694 3601 3853 3659 Μόνος
3881 3596 3956 3660 δε,

2358 3681 2426 3740 ὡς
2457 3682 2676 3752 εἴρηται,
2714 3686 2920 3742 Λουκᾶς
2961 3687 3049 3734 καὶ
3087 3687 3178 3741 τὴν
3225 3683 3479 3755 ἀνάληψιν
3511 3684 3559 3736 ἐν
3599 3696 3671 3757 τῷ
3702 3688 3833 3739 τέλει
3870 3696 3955 3739 τοῦ

2360 3768 2674 3839 Εύαγσγελίου
2714 3768 3025 3843 πλατύτερον
3074 3768 3357 3840 διεξῆλθεν,
3405 3779 3494 3826 καὶ
3529 3779 3623 3833 τὴν
3658 3774 3835 3848 ἀρχὴν
3865 3786 3953 3827 τῶν

2360 3857 2599 3929 Πράξεων
2632 3856 2733 3909 ἀπὸ
2764 3861 2960 3920 ταύτης
2990 3862 3224 3932 προάγει.

2916 3990 3229 4038 ΕΡΩἸἭΣΙΣ
3271 3985 3409 4039 ΡΚΔ’

2362 4091 2587 4150 Ποσάκις
2614 4091 2647 4173 ὁ,
2666 4093 2896 4162 Χριστός
2920 4098 3025 4153 τοῖς
3069 4089 3378 4155 ἀποστόλοις
3403 4098 3535 4165 μετὰ
3564 4100 3654 4153 τὴν
3695 4096 3751 4149 ὲκ
3780 4108 3954 4173 νεκρῶν

2627 4160 2913 4214 ἀνάστασιν
2944 4165 3112 4235 ὤφθη,
3142 4170 3231 4216 καὶ
3257 4184 3376 4228 που,
3403 4160 3498 4218 ’καὶ
3530 4173 3655 4220 πότε
3686 4186 3699 4235 ;

665 4281 938 4332 Editarum
961 4294 993 4331 a
1018 4279 1213 4331 Wolﬁo
1240 4293 1381 4331 nona
1404 4279 1455 4338 (l.
1477 4295 1541 4339 c.,
1567 4296 1618 4345 p.
1646 4280 1755 4338 732,
1783 4282 1891 4330 733.
1918 4282 2389 4395 Gallit‘ggl.rlr.eci,p.
2422 4284 2531 4341 723,
2565 4298 2617 4333 n.
2649 4286 2730 4348 25)
2754 4311 2814 4322 —
2837 4286 2905 4334 Dc
2937 4300 3163 4337 numero
3185 4289 3585 4352 apparitionum
3614 4291 3814 4341 Christi
3849 4299 3957 4357 post

2133 4361 2165 4394 u
2258 4361 2283 4395 c
2313 4361 2511 4395 ionem.

2133 4361 2511 4401 urrecuonem,

676 4465 833 4518 Intra
858 4460 1260 4532 quadraginta
1282 4459 1410 4515 dies
1442 4460 1704 4516 Salvator
1722 4477 1757 4517 a
1782 4460 2087 4534 discipulis
2118 4478 2258 4517 con-
2288 4465 2331 4518 D

605 4556 839 4625 spectus
872 4552 981 4614 est,
1020 4548 1302 4604 undecies
1333 4564 1475 4604 vero
1506 4554 1739 4605 tantum
1794 4566 1854 4605 se
1882 4550 1993 4605 illis
2025 4552 2255 4624 conspi-

605 4639 886 4698 ciendum
916 4636 1211 4711 praebuit;
1263 4653 1371 4693 nec
1428 4637 1553 4693 sine
1602 4638 1849 4695 ratione.
1908 4638 2054 4695 Cum
2095 4641 2255 4696 enim

604 4728 884 4788 undecim
905 4731 1102 4784 essent
1126 4726 1419 4798 discipuli,
1459 4727 1737 4784 undecies
1765 4745 1995 4800 quoque
2039 4729 2255 4785 iisdem

606 4818 905 4893 apparuit.
942 4816 1101 4872 Unde
1127 4831 1267 4871 vero
1299 4814 1541 4888 probari
1581 4821 1777 4888 potest
1804 4817 2082 4872 undecies
2130 4823 2255 4874 tan-

608 4913 719 4966 tum
754 4922 890 4963 eum
919 4906 996 4961 ab
1023 4904 1135 4960 illis
1191 4904 1271 4961 ita
1325 4909 1712 4975 conspectum
1744 4905 1923 4961 fuisse
1975 4907 2003 4961 ?
2029 4906 2258 4963 Scilicet

609 4998 873 5070 primum
908 4994 1187 5068 apparuit
1216 4994 1404 5051 Mariae
1420 4997 1593 5065 juxta
1621 4994 1979 5066 sepulcrum,
2014 5011 2121 5051 nec
2148 4997 2255 5052 mi-

612 5102 727 5141 nus
758 5084 987 5141 feminis
1009 5084 1141 5140 aliis
1171 5085 1214 5141 ⁸.
1240 5084 1301 5139 Id
1325 5083 1487 5156 quod
1508 5088 1566 5140 et
1599 5084 1788 5141 Isaias
1815 5085 2253 5156 praenuntiavit,

613 5174 886 5231 mulieres
918 5174 1246 5245 appellans,
1279 5178 1334 5229 et
1363 5172 1595 5229 dicens:
1635 5194 1658 5224 α
1685 5174 1947 5230 Mulieres
1974 5191 2008 5230 a
2029 5176 2255 5231 visione

2436 4461 2555 4515 Ὀτι
2608 4466 2655 4515 ἓν
2713 4468 3109 4537 τεσσαράκοντα
3160 4469 3379 4541 ἡμέραις
3431 4477 3536 4529 τοῖς
3608 4474 3878 4541 μαθηταῖς
3936 4474 3959 4523 ὁ

2368 4557 2542 4625 Σωτὴρ
2603 4553 2883 4618 ὠπτάνετο,
2959 4551 3222 4618 ἐνδεκάκις
3299 4553 3359 4609 δὲ
3425 4564 3579 4629 μόνον
3656 4561 3837 4623 αὐτοῖς
3897 4562 3961 4622 εἰς

2368 4641 2621 4694 ὀπτασίαν
2670 4648 2915 4702 κατέστη.
2984 4650 3081 4697 Καὶ
3131 4645 3354 4705 εἰκότως
3426 4644 3612 4700 ἕνδεκα
3660 4652 3765 4723 γὰρ
3818 4653 3961 4703 ὄντων

2367 4740 2462 4782 τῶν
2529 4734 2795 4803 μαθητῶν,
2850 4729 3126 4792 ἑνδεκάτην
3185 4740 3272 4787 καὶ
3340 4736 3492 4796 αύτός
3545 4742 3639 4795 τὴν
3710 4738 3962 4792 dirrare-ina

2368 4822 2669 4892 ἐποιήσατο,
2728 4823 2886 4873 Πόθεν
2937 4818 2994 4874 δὲ
3052 4825 3079 4880 ἡ
3129 4821 3412 4891 ἀπόδειξις,
3454 4827 3520 4885 ὡς
3579 4824 3766 4879 ἕνδεκα
3819 4838 3961 4901 μόνον

2367 4911 2509 4981 ὤφθη
2566 4908 2963 4979 ἐντεῦθεν;1(αὶ
3005 4914 3105 4987 ’γὰρ
3156 4921 3355 4983 πρῶτον
3402 4918 3492 4985 μεν
3545 4919 3693 4988 ὤφθη
3747 4926 3812 4989 τῇ
3864 4926 3962 4972 Μα-

2366 5002 2454 5070 ρίᾳ
2496 4997 2543 5050 ἐν
2570 5007 2641 5070 τῷ
2690 5005 2939 5071 μνήματι,
2984 5005 3073 5052 καὶ
3110 5009 3223 5063 ταῖς
3266 5002 3447 5065 ἄλλαις
3477 5005 3739 5075 γυναιξίν.
3771 5014 3959 5081 ⁸Ωσπερ

2365 5092 2453 5139 καὶ
2504 5087 2725 5150 Ἠσαίας
2776 5098 3145 5161 προαναφωνεῖ,
3201 5091 3366 5143 καλῶν
3415 5096 3504 5152 τὰς
3555 5103 3832 5166 ⁴γυναῖκας,
3885 5102 3963 5147 καὶ

2364 5176 2541 5248 λέγων’
2588 5198 2611 5227 α
2660 5183 2902 5241 Γυναῖκες
2952 5177 3231 5252 ἐρχόμεναι
3277 5179 3377 5233 ἀπὸ
3429 5183 3561 5247 θέας,
3608 5180 3781 5252 δεῦτε,
3818 5188 3963 5257 ἀναγ-

686 5302 707 5335 ⁴
736 5299 758 5356 1
784 5300 913 5356 Cor.
945 5314 1046 5366 xu,
1080 5300 1169 5354 26.
1209 5300 1229 5334 ⁵
1259 5298 1455 5356 Matth.
1486 5314 1681 5357 xxvui.
1717 5301 1803 5357 20.
1838 5300 1859 5336 ⁸
1890 5302 2060 5355 Marc.
2096 5317 2205 5366 xw,
2248 5302 2332 5357 19.
2364 5304 2382 5335 7
2415 5302 2585 5358 Joan.
2616 5318 2733 5370 xxi,
2761 5305 2851 5358 25.
2880 5306 2901 5339 ⁸
2927 5306 3094 5359 Joan.
3128 5322 3229 5374 xx,
3264 5307 3357 5364 14.

2178 5425 2403 5482 NOTAE.

689 5543 794 5611 (85)
824 5541 993 5598 ICor.
1026 5555 1125 5611 xu,
1158 5538 1248 5611 26,
1281 5537 1384 5601 ubi
1408 5542 1606 5599 tamen
1636 5555 1745 5614 pro
1774 5536 2151 5607 συνδοξάζεται
2181 5539 2243 5611 le;

2355 5556 2393 5600 tr
2421 5545 2727 5621 συγχαίρει.
