4136 6198
253 285 360 344 ’117

1276 287 1374 345 AD
1408 287 1966 346 AMPHILOCHIUM
2007 287 2335 358 QUESTIO
2373 289 2590 348 CXXV.

3505 279 3618 349 718

255 411 459 485 γείλατε
497 413 622 483 ἡμῖν
663 411 825 483 (85⁸).
885 435 912 462 ››
957 410 1170 466 Ἔπειτα
1200 415 1344 486 ὤφθη
1378 419 1572 488 Πέτρῳ,
1615 414 1726 468 εἶτα
1750 423 1840 469 τοῐι

1964 419 2343 483 revertentes,
2376 416 2588 481 venite,
2616 414 2964 472 annuntiate
2989 412 3187 473 nobis.
3214 436 3236 467 ν
3272 416 3479 474 Postea
3506 431 3615 490 ap-

255 508 376 574 περὶ
437 501 687 566 Κλεόπαν,
751 504 820 562 εἷς
858 521 910 554 τε
949 508 1042 560 τὴν
1095 499 1217 554 ὁδόν
1270 503 1502 556 ἐπιοῦσιν
1568 505 1746 566 αὐτοῖς
1788 506 1854 566 εἷς

256 590 551 663 Ἐμμαοὺμ,
611 589 706 641 κᾶν
751 594 893 642 οὔπω
957 596 1214 663 συνῄεσαν
1267 591 1464 658 ἐκεῖνοι,
1533 599 1622 646 καὶ
1680 593 1730 646 ἐν
1790 603 1850 668 τῇ

252 681 434 732 κλάσει
489 688 578 732 τοῦ
633 681 816 754 ἄρτου,
876 680 958 732 ὃτε
1031 679 1342 756 έφανέρωσεν
1413 682 1592 744 αὐτοῖς
1651 683 1850 736 ἑαυτόν.

251 771 382 822 Εἶτα
421 776 529 829 τοῖς
575 766 724 833 δέκα,
775 774 843 840 μή
879 774 1133 844 παρόντος
1165 777 1350 842 Θωμᾶ,
1399 774 1561 833 οὔσης
1593 771 1745 843 ὀψίας
1788 780 1850 844 τῇ

249 860 424 930 ἡμέρᾳ
471 857 657 929 ἐκείνη.
733 854 860 911 Εἶτα
895 860 1024 930 ὁμοῦ
1072 857 1238 911 ἐπάνω
1295 866 1650 922 πεντακοσίοις
1706 858 1854 913 ἀδελ-

250 956 382 1019 φοῖς,
443 946 662 1019 ἐφάπαξ,
724 950 790 1009 ὡς
858 946 1260 1020 ἐπισημαίνεται
1337 949 1558 1015 Παῦλος,
1633 949 1710 1002 ὃτι
1766 959 1853 1002 καὶ

248 1038 421 1088 αὐτῶν
452 1039 500 1088 οἱ
539 1035 740 1096 πλείους
775 1040 1016 1108 μένουσιν
1060 1037 1152 1098 ἓως
1177 1039 1314 1112 οἷρτι.
1357 1037 1473 1092 Ἔτι
1513 1036 1572 1092 δε
1603 1038 1848 1111 Ἰακώϐῳ·

243 1131 338 1178 καὶ
380 1134 534 1178 τοῦτο
584 1125 784 1186 Παῦλος
825 1123 1074 1179 διδάσκει
1105 1127 1232 1198 οὐχὶ
1275 1133 1426 1200 μόνον
1466 1136 1574 1190 τοῖς
1619 1125 1850 1184 δώδεκα.

245 1220 351 1268 Καὶ
398 1218 500 1289 γάρ
550 1214 820 1290 προλαϐὼν
869 1211 1023 1268 εἶπεν·
1076 1237 1103 1266 ‹‹
1155 1215 1324 1288 Ὠφθη
1372 1223 1543 1288 Κηφᾷ·
1588 1214 1698 1270 εἶτα
1749 1226 1852 1279 τοῖς

240 1300 434 1356 ἕνδεκα
473 1305 590 1372 (86)
625 1321 637 1370 ;
673 1323 700 1354 )›
733 1310 822 1356 καὶ
861 1305 1021 1364 οὓτως
1065 1303 1317 1376 ἐπήγαγεν
1361 1313 1470 1366 τοῖς
1517 1306 1847 1369 ἀποστόλοις.

240 1388 378 1446 Εἶτα
431 1399 534 1452 τοῖς
588 1391 716 1444 έπτὰ
758 1391 839 1444 έπὶ
903 1400 996 1454 τῆς
1052 1392 1324 1454 θαλάσσης
1379 1401 1473 1455 τῆς
1525 1391 1847 1467 Τιϐεριάδος,

236 1485 513 1534 τουτέστιν
564 1487 740 1554 Πέτρῳ
787 1482 876 1533 καὶ
929 1487 1096 1553 Θωμᾴ
1147 1487 1235 1534 καὶ
1272 1483 1572 1547 Ναθαναὴλ,
1623 1483 1850 1556 Ἰακωϐῳ

235 1576 335 1623 καὶ
389 1571 618 1644 Ἰωάννη,
672 1576 762 1622 καὶ
835 1570 1004 1631 ἄλλοις
1061 1567 1158 1623 δύο
1213 1579 1311 1623 τῶν
1368 1574 1613 1643 μαθητῶν
1666 1571 1846 1625 αὐτοῦ.

235 1658 376 1715 Εἶτα
419 1668 525 1722 τοῖς
581 1658 890 1720 ἀποστόλοις
939 1666 1118 1727 πᾶσιν,
1176 1664 1413 1713 τουτέστι
1465 1669 1571 1722 τοῖς
1623 1658 1850 1733 ἐϐδομή-

1965 507 2158 579 paruit
2197 507 2415 574 Petro“,
2467 505 2684 561 deinde
2749 503 3072 577 Cleophaa’o
3125 505 3373 577 eiusque
3416 506 3614 576 sociis,

1965 607 2103 650 eum
2134 595 2241 651 iter
2269 598 2618 652 Emauntem
2651 593 2932 662 facerent,
2962 609 3090 650 rem
3119 593 3315 666 ipsam
3343 594 3616 652 nondum

1965 684 2177 749 edocti,
2247 690 2304 742 et
2344 702 2472 741 cum
2530 686 2590 740 in
2644 683 2924 740 fractione
2971 683 3145 756 panis
3194 683 3449 756 seipsum
3499 683 3617 740 illis

1967 773 2388 830 manifestaret.
2424 775 2606 829 Porro
2637 773 2846 829 decem
2877 771 3255 845 discipulis“,
3289 789 3427 828 cum
3471 774 3618 830 Tho-

1963 878 2086 919 mas
2118 879 2234 919 non
2277 863 2584 925 adesset“,
2627 866 2682 918 et
2719 861 2966 934 quidem
3007 861 3121 917 sub
3151 877 3462 934 vesperam
3488 862 3619 934 ipso

1965 952 2405 1009 resurrectionis
2439 952 2554 1008 die.
2588 951 2728 1008 Inde
2767 950 3079 1023 discipulis
3127 951 3427 1017 undecim,
3470 967 3620 1023 praa-

1965 1046 2130 1099 sente
2149 1042 2335 1102 etiam
2359 1047 2416 1098 et
2437 1046 2832 1098 annumerato
2853 1039 2964 1096 illis
2983 1040 3230 1096 Thoma.
3262 1040 3476 1097 Postea
3502 1040 3621 1098 fra-

1963 1131 2147 1186 tribus
2184 1131 2527 1204 quingentis
2573 1136 2628 1186 et
2659 1129 2920 1202 amplius
2957 1129 3154 1194 simul,
3198 1144 3459 1198 quorum
3501 1129 3620 1201 ple-

1961 1236 2178 1292 rosque
2203 1221 2402 1276 adhuc
2426 1235 2732 1290 superesse
2755 1218 2970 1274 Paulus
2989 1220 3306 1274 testatur".
3331 1219 3623 1276 Prteterea

1959 1308 2236 1364 Iacobo“
2247 1327 2264 1380 ;
2286 1309 2448 1381 quod
2471 1308 2623 1363 idem
2643 1307 2858 1363 Paulus
2869 1307 3061 1372 docet,
3081 1322 3204 1362 non
3225 1307 3469 1378 quidem
3491 1311 3620 1363 tan-

1960 1401 2086 1454 tum
2140 1399 2292 1454 inter
2334 1397 2653 1452 duodecim
2709 1396 2862 1452 illos.
2911 1399 3059 1451 Ante
3113 1395 3272 1450 enim
3329 1395 3614 1453 dixerat:

1959 1508 1986 1537 «
2016 1485 2309 1558 Apparuit
2325 1487 2532 1557 Cephae
2559 1503 2572 1540 :
2597 1490 2806 1557 postea
2826 1483 3146 1540 duodecim
3165 1483 3366 1540 illis“:
3393 1505 3418 1535 ι
3445 1483 3620 1540 adeo-

1959 1591 2074 1648 que
2105 1575 2390 1647 apostolis
2429 1574 2595 1630 illum
2636 1571 3071 1646 superaddidit.
3115 1571 3332 1629 Deinde
3387 1577 3619 1645 septem

1959 1664 2092 1730 illis,
2129 1663 2207 1720 ad
2237 1680 2401 1719 mare
2440 1662 2760 1719 Tiberiadis
2799 1662 3193 1732 congregatis,
3235 1661 3350 1717 hoc
3390 1666 3481 1718 est
3519 1661 3621 1717 Pe-

233 1769 421 1803 κοντα.
475 1746 601 1802 Εἶτα
657 1749 724 1809 εἰς
766 1753 824 1800 τό
868 1753 985 1823 ὄρος
1043 1757 1136 1810 τῆς
1185 1749 1458 1810 Γαλιλαίας
1518 1751 1578 1802 οὗ
1633 1749 1840 1814 ἐτάξατο

1960 1757 2071 1819 tro,
2103 1753 2364 1819 Thomae,
2407 1751 2774 1818 Nathanaeli,
2818 1747 3066 1821 Jacobo,
3107 1749 3346 1816 Joanni,
3391 1755 3448 1807 et
3487 1750 3618 1807 aliis

233 1838 426 1900 αὐτοῖς
454 1839 479 1890 6
510 1837 734 1905 Ἰησοῦς,
763 1843 852 1890 καὶ
884 1838 956 1899 εἰς
981 1841 1039 1890 τό
1069 1842 1186 1912 ὅρος
1216 1847 1314 1890 τῶν
1347 1839 1579 1909 Ἐλαιῶν,
1621 1840 1704 1894 ὅτε
1733 1840 1846 1911 (81)

233 1932 337 1980 καὶ
365 1929 393 1985 ἡ
426 1926 700 1998 ἀνάληψις.

1958 1842 2197 1898 duobus
2245 1841 2558 1913 discipulis
2613 1839 2810 1896 suis“.
2861 1842 3040 1896 Porro
3080 1839 3366 1912 apostolis
3429 1839 3622 1895 omni-

1958 1931 2148 1998 bus",
2189 1930 2305 1987 hoc
2362 1936 2451 1986 est
2503 1929 2881 2002 septuaginta
2937 1927 3256 2000 discipulis.
3288 1927 3508 1984 Deinde
3559 1927 3621 1984 in

234 2023 451 2072 monte
480 2015 804 2080 Galilaeaa“,
845 2031 968 2088 quo
998 2016 1314 2072 convenire
1345 2033 1446 2073 eos
1475 2017 1646 2074 Jesus
1675 2019 1954 2090 jusserat,
1997 2025 2052 2076 et
2081 2020 2141 2075 in
2183 2024 2384 2076 monte
2415 2018 2643 2085 Oliveti,
2680 2017 2839 2074 unde
2869 2022 2924 2074 et
2951 2017 3231 2074 Ascensio
3271 2015 3426 2073 facta
3445 2018 3616 2073 est".

797 2129 1111 2176 εΡΩΤΗΣΙΣ
1152 2123 1309 2176 PKE’.

232 2233 338 2284 Διά
385 2234 437 2281 τί
488 2228 828 2302 παρήγγειλεν
883 2231 908 2279 ὁ
954 2233 1178 2302 Χριστός
1237 2238 1340 2289 τοῖς
1387 2230 1698 2302 ἀποστόλοις
1745 2231 1845 2284 ἀπὸ

307 2300 682 2375 Ἱεροσολύμων
731 2306 801 2372 μὴ
837 2300 1190 2372 χωρίζεσθαι,
1230 2307 1319 2353 καὶ
1354 2308 1477 2354 πότε
1507 2307 1599 2361 τὴν
1631 2301 1846 2375 ἐπαγγεο

307 2373 428 2426 λίαν
454 2381 545 2425 τοῦ
580 2376 777 2445 Πατρός
819 2376 1050 2430 ἤκουσαν
1086 2388 1100 2439 ;

1992 2126 2319 2191 ΟΗΑΞΞΤΙΟ
2351 2124 2530 2181 CXXV
2569 2123 2774 2197 [CoisL
2826 2124 3070 2190 CXLVII,
3113 2125 3290 2179 Taur.
3325 2123 3578 2197 CXLVI].

1957 2232 2149 2298 Quare
2177 2233 2454 2289 Christus
2492 2232 2768 2303 praecepit
2797 2229 3098 2300 apostolis,
3128 2249 3157 2303 tt
3187 2246 3253 2286 ne
3275 2229 3617 2303 Hierosoly-

2025 2306 2135 2360 mis
2165 2301 2543 2370 discederem,
2576 2309 2653 2368 et,
2688 2303 2924 2375 quando
2951 2301 3395 2372 promissionem
3420 2301 3614 2371 patris

2026 2376 2440 2432 amtivertmt’0
2471 2375 2498 2430 ‘2
2530 2395 2559 2428 »

458 2480 739 2529 Editarum
774 2493 806 2527 a
839 2479 1034 2529 Wolﬁo
1070 2479 1273 2530 decima
1309 2481 1362 2534 (1.
1395 2495 1472 2537 c.,
1509 2495 1560 2544 p.
1593 2481 1702 2537 734,
1730 2481 1838 2530 735.

1956 2481 2114 2536 land.
2147 2497 2200 2546 p.
2231 2482 2341 2538 723,
2379 2483 2488 2542 724,
2520 2497 2573 2531 ιι.
2598 2483 2701 2543 26).
2730 2508 2791 2520 -
2825 2479 2886 2530 In
2915 2481 3046 2530 Acta
3073 2483 3244 2543 apost.
3276 2495 3311 2536 ι,
3347 2481 3394 2529 4.

309 2577 666 2652 Παρηγγειλεν
739 2577 918 2638 αὐτοῖς
974 2576 1074 2630 ἀπὸ
1127 2576 1493 2650 Ἰεροσολύμων
1545 2582 1616 2650 μὴ
1676 2583 1842 2652 χωρί-

227 2668 448 2734 ζεσθαι,
491 2665 619 2718 ἀλλά
657 2669 942 2740 περιμένειν
994 2671 1088 2724 τὴν
1124 2666 1428 2738 ἐπαγγελίαν
1481 2674 1572 2719 τοῦ
1615 2672 1836 2742 Πατρός,

227 2760 295 2816 ἣν
353 2757 612 2814 ἠκούσατέ
661 2775 781 2826 μου.
824 2755 959 2808 Ἀλλ’
1008 2757 1088 2807 ὅτι
1127 2758 1216 2828 μεν
1265 2758 1290 2807 6
1333 2761 1507 2829 Σωτὴρ
1539 2760 1655 2828 ἔφη,
1687 2765 1839 2810 τοῦτο

227 2842 419 2903 δῆλον.
476 2841 626 2897 Εἶπεν
679 2846 802 2916 γὰρ,
858 2845 937 2895 ὅτι
985 2864 1013 2895 (ι
1065 2843 1349 2896 Ἀναϐαίνω
1411 2850 1536 2917 πρὸς
1597 2849 1681 2898 τὸν
1736 2853 1840 2898 Πα-

224 2939 362 3008 τέρα
415 2953 536 3006 μου,
586 2939 677 2984 καὶ
736 2932 1021 3004 παρακαλῶ
1071 2933 1244 2994 αὐτόν,
1315 2938 1405 2985 καὶ
1471 2938 1660 3005 πέμπει
1717 2936 1838 3006 ὑμῖν

222 3028 324 3077 τόν
380 3023 742 3095 Παράκλητον.
795 3041 824 3074 ι)
874 3021 932 3074 Ὀ
977 3019 1035 3074 δὲ
1082 3027 1258 3097 Πατὴρ
1307 3030 1406 3073 ποῦ
1457 3022 1835 3093 ἐπηγγείλατο;

2018 2579 2298 2651 Praecepit
2332 2578 2446 2634 illis
2488 2593 2563 2634 ne
2602 2576 3026 2649 Hierosolymis
3064 2573 3456 2642 discederent,
3506 2574 3614 2632 sed

1947 2672 2352 2740 exspectarent
2374 2665 2834 2738 promissionem
2866 2665 3071 2731 Patris,
3102 2679 3289 2736 quam
3320 2679 3394 2720 ex
3418 2679 3479 2720 se
3511 2678 3614 2720 au-

1949 2756 2214 2812 diverint.
2267 2756 2436 2824 Quod
2485 2756 2766 2812 Servator
2808 2754 2869 2810 id
2925 2753 3158 2822 dixerit,
3223 2751 3610 2809 manifestum

1947 2847 2151 2918 utique
2205 2851 2310 2901 est.
2366 2845 2602 2902 Dixerat
2638 2844 2791 2900 enim
2823 2863 2834 2902 :
2871 2865 2900 2894 ι(
2941 2841 3212 2898 Ascendo
3251 2841 3329 2897 ad
3377 2840 3612 2897 Patrem

1948 2951 2172 3000 meum,
2213 2939 2271 2990 et
2299 2934 2590 3002 precabor
2615 2932 2783 2988 illum
2828 2936 2884 2987 et
2915 2932 3105 2986 mittet
3131 2929 3303 2986 vobis
3360 2927 3613 2985 Paracli-

1946 3025 2144 3086 tum“.
2178 3043 2206 3075 »
2245 3023 2350 3078 Ubi
2377 3037 2516 3077 vero
2543 3022 2712 3077 Pater
2740 3019 2885 3075 illud
2919 3017 3243 3090 promisit?
3281 3018 3418 3072 Hazc
3445 3015 3610 3072 enim

223 3113 283 3164 έκ
345 3116 433 3184 μὲν
483 3114 584 3185 γὰρ
638 3119 730 3163 τοῦ
777 3098 1091 3182 Εὐαγγελίου
1140 3113 1168 3169 ἡ
1227 3119 1314 3163 τοῦ
1367 3116 1567 3182 Πατρός
1612 3110 1836 3183 ἐπαγγε-

1956 3113 2137 3168 Patris
2163 3111 2487 3184 promissio
2527 3126 2595 3167 ex
2623 3107 2940 3178 Evangelia
2972 3122 3093 3162 non
3124 3109 3376 3162 constat.
3402 3109 3610 3162 Nonne

221 3201 321 3252 λία
355 3200 458 3271 οὐχ
507 3201 824 3274 εὑρίσκεται.
867 3198 933 3252 ’Ἦ
977 3195 1153 3263 δῆλον,
1191 3202 1260 3261 ὡς
1303 3202 1350 3251 ἐν
1397 3207 1504 3261 τοῖς
1546 3206 1836 3275 προφήταις

224 3291 530 3364 εὑρίσκεται
562 3308 578 3360 ;
633 3291 702 3350 ὠς
745 3296 1000 3363 μαρτυρεί
1042 3293 1131 3340 καὶ
1173 3288 1368 3348 Παῦλος
1405 3287 1582 3360 λέγων·
1617 3309 1646 3340 ι(
1697 3296 1834 3341 Παῦ-

220 3378 340 3444 λος,
420 3375 607 3439 δοῦλος
681 3377 859 3435 Ἰησοῦ
939 3382 1195 3450 Χριστοῦ,
1266 3377 1450 3437 κλητὸς
1531 3378 1834 3442 ἀπόστολος,

223 3467 592 3541 ἀφωρισμένος
649 3466 718 3528 εἰς
780 3465 1094 3536 Εὖαγγέλιον
1171 3473 1327 3530 Θεοῦ,
1395 3467 1421 3518 ὃ
1493 3471 1839 3540 προεπηγγεί-

219 3557 356 3610 λατο
420 3552 513 3608 διά
576 3564 675 3608 τῶν
725 3563 1002 3628 προφητῶν
1059 3555 1218 3607 αὑτοῦ
1278 3554 1325 3606 έν
1387 3561 1612 3628 Γραφαῑς
1665 3556 1839 3628 ἁγίαις

220 3651 350 3718 περὶ
399 3654 491 3698 τοῦ
545 3648 669 3698 Υἰοῦ
713 3646 894 3697 αὑτοῦ.
959 3666 986 3693 ››
1062 3643 1598 3718 Προεπαγγειλάμενος
1668 3651 1836 3698 τοίνυν

220 3735 566 3806 Εὐαγγέλιον,
621 3733 964 3804 ἐπηγγείλατο
1014 3739 1101 3785 καὶ
1153 3740 1362 3805 Πνεῦμα
1411 3734 1556 3804 ἅγιον
1603 3731 1831 3788 διδόναι.

222 3829 388 3893 Λέγει
429 3820 486 3875 δε
525 3828 614 3875 καὶ
656 3821 749 3875 διά
788 3832 878 3874 τοῦ
918 3827 1184 3894 προφήτου
1239 3823 1264 3873 6
1303 3826 1445 3884 Θεὸς·
1511 3844 1534 3872 α
1586 3823 1667 3876 Ἐν
1719 3831 1835 3886 ταῖς

221 3911 483 3982 ἐσχάταις
531 3915 770 3984 ἡμέραις,
820 3911 956 3982 λέγει
1007 3914 1190 3984 Κύριος
1233 3914 1623 3985 παντοκράτωρ,
1666 3911 1834 3983 ἐκχεῶ

222 4003 335 4053 ἀπὸ
380 4009 470 4052 τοῦ
515 4003 808 4073 Πνεπᾶματός
849 4020 949 4073 μου
1002 3999 1086 4052 έπὶ
1131 4006 1306 4052 πᾶσαν
1340 4003 1529 4072 σάρκα,
1578 4007 1663 4052 καὶ
1713 4021 1835 4074 προ-

223 4093 584 4162 φητεύσουσιν
637 4091 686 4142 οἱ
734 4092 839 4142 υἱοὶ
888 4091 1029 4161 ὑμῶν
1076 4094 1166 4140 καὶ
1213 4091 1267 4140 αἱ
1309 4091 1576 4164 θυγατέρες
1606 4093 1768 4159 ὑμῶν,
1807 4113 1828 4140 ι

223 4176 375 4234 Ἰδοὺ
405 4181 434 4237 ἡ
480 4179 759 4250 ἐπαγγελία
788 4178 799 4232 l
836 4179 898 4232 Ἠ
939 4175 998 4230 δε
1027 4177 1260 4242 ἔκϐασις,
1290 4177 1368 4230 ὃτι
1401 4181 1508 4247 (88)
1538 4182 1596 4231 τὸ
1629 4186 1836 4248 Πνευμα

218 4289 278 4322 το
341 4268 488 4338 οἷγιον
565 4267 612 4319 ἐν
679 4265 808 4320 εῖδει
865 4267 1122 4340 γλωσσῶν
1181 4266 1254 4338 ἐφ’
1328 4269 1415 4320 ἕνα
1471 4267 1686 4319 ἕκαστον
1736 4276 1834 4320 τῶν

221 4358 477 4430 μαθητῶν
541 4355 769 4420 ἐκάθισε,
833 4361 922 4408 καὶ
1008 4355 1218 4408 ἐλάλουν
1293 4359 1359 4408 τά
1423 4355 1669 4428 μεγαλεῖα
1741 4363 1834 4409 τοῦ

1947 3194 2127 3270 igitur
2163 3199 2569 3271 consequitur,
2600 3199 2661 3254 in
2690 3196 2996 3270 prophetis
3027 3211 3162 3251 eam
3215 3192 3512 3251 inveniri?
3542 3193 3609 3250 Id

1947 3290 2107 3346 enim
2141 3289 2356 3346 Paulus
2403 3303 2643 3360 quoque
2675 3290 2938 3352 testatur,
2987 3284 3193 3340 dicens
3229 3303 3242 3343 :
3286 3303 3315 3336 »
3361 3283 3600 3348 Paulus,

1948 3394 2154 3434 servus
2189 3381 2326 3434 Jesu
2361 3376 2596 3442 Christi,
2638 3379 2882 3432 vocatus
2913 3373 3241 3446 apostolus,
3292 3375 3608 3444 separatus

1947 3468 2024 3524 ad
2069 3465 2451 3537 Evangelium
2481 3465 2601 3530 Dei,
2633 3463 2802 3538 quod
2832 3467 3012 3520 antea
3040 3461 3317 3535 promisit
3339 3476 3446 3534 per
3465 3476 3609 3533 pro-

1944 3556 2156 3629 phetas
2188 3571 2330 3611 suos
2360 3556 2422 3610 in
2454 3553 2767 3625 Scripturis
2815 3551 2996 3608 sacris
3041 3550 3118 3607 de
3168 3549 3308 3607 Filio
3357 3551 3542 3607 suo”.
3579 3570 3602 3600 ι

1947 3645 2198 3710 Quando
2215 3645 2414 3714 itaque
2429 3641 2815 3712 Evangelium
2837 3645 2973 3696 ante
3003 3638 3300 3711 promisit,
3331 3637 3606 3711 promisit

1943 3733 2124 3790 etiam
2165 3750 2229 3790 se
2275 3731 2564 3806 Spiritum
2602 3735 2876 3788 sanctum
2924 3729 3207 3786 daturum
3246 3743 3402 3785 esse.
3451 3726 3606 3784 Deus

1944 3840 2086 3880 vero
2101 3824 2276 3880 etiam
2311 3839 2415 3895 per
2436 3821 2792 3895 prophetam
2821 3821 2938 3876 ait:
2966 3839 2993 3871 »
3018 3819 3081 3874 lu
3105 3817 3328 3874 ultimis
3364 3817 3602 3884 diebus,

1944 3912 2082 3968 dicit
2098 3913 2254 3968 Deus
2276 3910 2678 3982 omnipotens,
2711 3909 2785 3966 de
2805 3908 3020 3980 Spiritu
3043 3923 3177 3964 meo
3207 3905 3518 3962 effundam
3542 3904 3605 3961 in

1944 4017 2188 4058 omnem
2215 4017 2477 4066 carnem,
2501 4007 2556 4056 et
2576 3998 3018 4071 prOphetabunt
3039 3997 3140 4052 ﬁlii
3167 3994 3363 4060 vestri,
3387 4000 3444 4050 et
3463 3993 3603 4050 ﬁlice

1945 4091 2215 4148 vestrae”.
2263 4111 2291 4140 »
2337 4092 2419 4144 En
2475 4087 2937 4160 promissionem
2992 4083 3287 4156 lImpleta
3339 4098 3480 4138 vero
3501 4081 3603 4140 illa

1944 4185 2052 4247 est,
2080 4177 2327 4250 quando
2354 4177 2607 4249 Spiritus
2621 4181 2862 4232 sanctus
2889 4173 3002 4229 sub
3029 4171 3229 4244 specie
3255 4171 3601 4241 linguarum

1943 4268 2002 4324 in
2034 4282 2398 4339 unoquoque
2459 4265 2887 4336 discipulorum
2955 4260 3302 4328 consedit",
3369 4258 3600 4331 ipsique

1946 4371 2168 4426 magna
2207 4355 2306 4411 Dei
2346 4371 2529 4428 opera
2558 4351 2952 4424 exponebant.
2991 4351 3225 4406 Patrem
3256 4364 3393 4405 vero
3448 4347 3598 4416 haec,

223 4454 386 4500 Θεοῦ.
437 4443 557 4497 Ὀτι
611 4441 670 4497 δὲ
725 4447 749 4496 ό
801 4450 976 4517 Πατὴρ
1037 4452 1202 4496 ταῦτα
1258 4444 1413 4516 λέγει,
1468 4445 1572 4516 οὐχ
1621 4445 1646 4496 6
1692 4447 1831 4509 Υἱός,

1956 4462 2066 4500 non
2099 4443 2326 4514 Filium,
2357 4442 2540 4516 loqui,
2567 4458 2637 4498 ex
2656 4440 3040 4513 sequentibus
3065 4443 3315 4511 apparet
3339 4453 3351 4491 :
3378 4455 3408 4490 ‹
3434 4436 3599 4526 Dabo

223 4535 281 4588 ἐκ
334 4541 425 4594 τῆς
456 4533 725 4605 ἀπαγωγῆς
775 4530 952 4593 δῆλον.
1003 4557 1027 4583 ‹‹
1078 4539 1177 4586 Καὶ
1219 4530 1375 4586 δώσω
1404 4536 1526 4606 γάρ,
1561 4539 1710 4606 φησὶ,
1742 4553 1834 4590 ση-

223 4631 352 4696 μεία
390 4622 437 4674 έν
492 4632 563 4693 τῷ
608 4623 806 4695 οὗρανῶ
857 4625 980 4688 ἄνω,
1019 4628 1108 4674 καὶ
1139 4621 1186 4674 ἐν
1217 4631 1277 4695 τῇ
1310 4631 1377 4694 γῇ
1425 4624 1585 4674 κάτω.
1621 4643 1648 4674 ››
1695 4623 1835 4695 Αἷμα

222 4716 320 4786 μὲν
372 4715 494 4784 γὰρ,
555 4713 579 4764 ὅ
632 4708 937 4786 παραδόξου
989 4717 1207 4784 σημείου
1261 4712 1407 4784 λόγον
1449 4711 1643 4784 ἐπέχει,
1685 4715 1740 4764 τό
1780 4710 1832 4763 ἐκ

222 4809 319 4861 τῆς
359 4808 673 4862 Δεσποτικῆς
729 4804 859 4872 μετα
913 4802 1128 4853 θάνατον
1175 4802 1365 4876 ῥεῦσαν
1422 4800 1663 4876 πλευρᾶς·
1729 4809 1830 4875 πῦρ

225 4887 309 4956 δε,
371 4893 427 4941 τὸ
480 4897 584 4952 τοῖς
635 4888 964 4953 ἀποστόλοις,
1024 4892 1090 4951 ὡς
1157 4895 1482 4965 προείρηται,
1554 4887 1828 4964 διαιρεθὲν.

1943 4538 2124 4600 enim,
2168 4533 2378 4606 inquit,
2409 4532 2583 4601 signa
2621 4532 2682 4586 in
2707 4530 2857 4586 coelo
2884 4544 3080 4600 supra,
3133 4534 3188 4586 et
3219 4527 3285 4582 in
3312 4531 3467 4582 terra
3513 4525 3599 4581 in-

1945 4623 2053 4679 fra.
2088 4646 2116 4673 ››
2148 4623 2402 4691 Sanguis
2439 4621 2621 4686 enim,
2665 4621 2766 4692 qui
2799 4617 2951 4688 signi
2981 4615 3273 4673 mirabilis
3303 4615 3594 4672 rationem

1942 4713 2142 4778 habet,
2193 4711 2287 4766 ille
2319 4716 2423 4778 est,
2457 4710 2561 4782 qui
2600 4725 2668 4764 ex
2712 4707 2943 4764 Domini
2991 4707 3172 4762 latere
3201 4708 3336 4777 post
3364 4703 3597 4760 obitum

1942 4801 2113 4858 ﬂuxit
2144 4817 2157 4869 ;
2186 4799 2340 4870 ignis
2371 4814 2510 4854 vero
2540 4797 2655 4863 ille,
2680 4797 2795 4869 qui,
2832 4799 2894 4851 ut
2917 4795 3145 4850 dictum
3177 4797 3282 4860 est,
3312 4791 3597 4864 apostolis

1943 4896 2028 4948 est
2051 4889 2430 4946 distributus.
2460 4908 2488 4939 «
2519 4887 2621 4944 sed
2649 4890 2707 4942 et
2762 4884 2874 4952 sol,
2929 4883 3140 4956 inquit,
3203 4882 3266 4938 in
3315 4880 3594 4938 tenebras

303 5038 374 5094 Ἰ
416 5038 547 5095 Cor.
579 5055 673 5105 xv,
701 5041 752 5094 5.
782 5039 1161 5103 1°Luc.xx1v,
1199 5039 1517 5095 16.“.loan.
1548 5056 1645 5106 xx,
1687 5045 1768 5096 l9.
1813 5041 1860 5076 ¹²
1887 5039 2032 5096 ibid.
2067 5040 2152 5095 26.
2196 5040 2242 5076 ¹⁸
2269 5040 2286 5093 l
2311 5039 2440 5093 Cor.
2471 5053 2570 5102 xv,
2598 5041 2650 5092 6.
2685 5037 2729 5070 “
2752 5033 2900 5090 ibid.
2927 5035 2982 5090 7.
3025 5032 3230 5089 “ibid.
3262 5032 3321 5106 _5.
3353 5032 3587 5090 “Joan.

223 5127 346 5176 xxr,
380 5111 431 5165 2.
513 5112 554 5148 ιτ
597 5113 612 5164 ι
647 5113 777 5167 Cor.
815 5127 898 5176 xv,
942 5117 993 5166 7.

1074 5111 1120 5146 ¹⁸
1161 5112 1357 5166 Matth.
1387 5127 1586 5176 xxvm,
1619 5118 1672 5166 7.
1751 5113 1924 5166 “Act.
1969 5127 2012 5178 1,
2046 5113 2134 5169 l2.

225 5199 348 5238 non
378 5189 500 5239 tam
531 5182 732 5252 verba,
761 5197 947 5254 quam
979 5197 1226 5237 sensum
1269 5183 1473 5237 recitat
1495 5181 1754 5238 Photius.
1826 5185 1874 5220 ’³
1909 5185 2072 5255 Rom,
2100 5201 2136 5248 ι,
2165 5185 2218 5236 2.

2217 5109 2416 5166 "ibid.
2447 5126 2484 5173 ι,
2517 5111 2569 5163 4.
2647 5108 2868 5163 ἰ]οο.ιι.
2895 5121 3013 5172 xiv,
3047 5110 3130 5176 16,
3183 5104 3356 5175 cujus
3394 5108 3589 5161 tamen

2317 5183 2364 5216 ’³
2393 5179 2517 5236 Joel
2546 5195 2625 5245 ιιι,
2659 5184 2681 5234 1
2727 5193 2857 5250 sqq.
2890 5179 2938 5212 ”
2969 5181 3093 5234 Act.
3126 5191 3186 5243 Il,
3215 5179 3268 5232 3.

1795 5306 2026 5366 NOTAE.

299 5432 560 5514 (85')A|sa
591 5447 786 5514 xxvtl,_
812 5433 902 5514 lt,
947 5430 1049 5486 ubi
1096 5437 1287 5512 tamen
1310 5431 1539 5514 Oultima
1571 5432 1758 5489 verba
1790 5452 1802 5492 :

225 5501 558 5585 ἀναγγείλα-τε
583 5503 729 5575 ἡμῖν,
763 5502 977 5585 frustra
1007 5501 1382 5585 quaesiveris.

298 5570 409 5651 (88)
434 5574 458 5630 I
479 5570 742 5643 Cor.'xv,
774 5579 825 5641 5,
858 5572 1006 5648 legis
1027 5570 1143 5640 *τοῖς
1173 5570 1402 5631 δώδεκα.

2006 5431 2118 5504 (87)
2147 5431 2360 5504 Legere
2391 5429 2596 5504 malim
2621 5428 2753 5504 ῆθεν.

2005 5499 2119 5574 (88)
2146 5499 2363 5576 Legere
2383 5500 2612 5572 malim,
2630 5499 2732 5557 ὁτι.
