4136 6198
494 258 648 319 71'9"?

1722 257 1965 314 PHOTII
2008 256 2494 315 PARIATRCHE
2532 260 2648 318 (ΣΡ.

3768 265 3886 321 ’120
3908 306 3913 312 ε

497 390 887 453 convertatur,
912 390 968 442 et
994 385 1138 442 luna
1163 385 1222 441 in
1280 385 1659 454 sanguinem,
1692 389 2013 458 antequam
2054 399 2151 440 ve-

2269 406 2289 433 ε
2352 384 2509 439 Ἀλλὰ
2572 390 2662 440 χαι
2719 388 2746 439 ὁ
2802 387 2962 453 ἣλιος,
3018 390 3200 459 φησὶν,
3256 391 3761 461 μεταστραφήσεται
3808 392 3885 454 εἰς

496 482 620 536 niat
680 479 807 533 dies
863 475 1099 532 Domini
1149 491 1371 545 magna
1430 480 1484 529 et
1532 474 1789 540 illustris,
1817 496 1844 527 »
1870 476 1982 530 hoc
2042 479 2145 539 est,

498 568 804 626 Filii.chc
845 571 1045 621 autem
1106 580 1141 619 a
1188 566 1381 630 Patre,
1418 580 1536 618 non
1581 580 1616 618 a
1666 565 1978 634 propheta,
2012 563 2146 626 dici,

496 659 729 714 initium
762 654 985 710 oraculi
1025 654 1206 724 hujus
1238 659 1498 708 testatur.
1534 654 1598 707 Id
1632 654 1787 708 enim
1824 655 1902 707 ita
1918 653 2103 708 habet
2132 668 2147 717 ;

501 769 529 799 «
569 750 633 801 In
652 746 895 801 ultimus
930 742 1371 813 diebus,inquit
1400 742 1708 806 Dominus,
1740 742 2042 796 eﬂundam
2077 741 2151 795 de

497 835 715 907 Spiritu
749 848 886 887 meo
917 847 1097 902 super
1126 846 1361 886 omnem
1388 846 1650 899 carnem,
1689 852 1713 880 υ
1745 836 1856 888 etc.
1910 830 2151 886 Manife-

498 930 653 979 stum
678 923 815 977 hinc
844 926 935 976 est
967 936 1069 991 per
1102 919 1446 988 Dominum,
1498 934 1616 974 non
1644 920 2019 990 prophetam,
2054 918 2151 990 qui

498 1028 813 1068 conservus
851 1014 1051 1065 noster
1088 1014 1175 1063 est
1229 1008 1334 1063 sed
1388 1010 1575 1064 Deum
1634 1013 1691 1064 et
1754 1010 2009 1073 Patrem,
2051 1008 2153 1080 qui

498 1116 639 1156 eum
671 1098 915 1163 miserit,
961 1097 1233 1155 indicari.

499 1295 818 1363 QUIESTIO
857 1294 1057 1349 CXXVI
1107 1293 1309 1364 [CoisL
1347 1293 1617 1355 CXLVIII,
1664 1294 1844 1348 Taur.
1875 1290 2152 1363 CXLVII].

538 1392 539 1397 “
604 1404 853 1472 Quando
897 1403 1191 1470 baptizati
1228 1409 1365 1456 sunt
1414 1402 1688 1470 apostoli,
1734 1408 1785 1457 et
1822 1419 1857 1456 a
1885 1416 1995 1472 quo
2022 1400 2050 1454 ‘i

2265 479 2467 537 σκότος,
2521 483 2610 528 καὶ
2661 480 2688 535 ἠ
2754 478 2933 535 σελήνη
2996 478 3063 536 εἰς
3120 477 3271 543 αἷμα,
3354 482 3471 548 πρὶν
3544 476 3705 529 ἐλθεῖν
3789 487 3880 538 τὴν

2263 565 2457 636 ἡμέραν
2511 571 2704 639 Κυρίου
2763 572 2855 624 τὴν
2910 566 3135 637 μεγάλην
3186 570 3275 617 καὶ
3316 564 3557 637 ἐπιφανῆ,
3609 574 3877 627 τουτέστι.

2262 660 2351 703 τοῦ
2384 656 2527 709 Υἰοῦ.
2594 680 2620 705 ))
2670 656 2786 708 “On
2838 653 2896 708 δὲ
2945 655 3046 707 ἀπὸ
3078 663 3169 707 τοῦ
3214 659 3415 729 Πατρός
3443 660 3646 727 εἰρηται
3690 678 3874 721 ταῦτα,

2262 748 2351 793 καὶ
2400 743 2492 794 ούκ
2544 742 2644 796 ἀπὸ
2678 753 2767 797 τοῦ
2808 750 3099 819 προφήτου,
3136 747 3164 802 ἡ
3214 744 3359 817 ἀρχὴ
3406 753 3497 795 τοῦ
3541 746 3706 820 ῥητοῦ
3743 769 3883 820 μαρ-

2263 839 2426 902 τυρεῖ.
2461 831 2616 903 Ἐχει
2643 837 2765 907 ’γάρ’
2818 857 2838 883 ε
2875 835 2955 887 Ἐν
3002 840 3111 893 ταῖς
3154 832 3408 904 ἐσχάταις
3453 836 3691 906 ἡμέραις,
3738 836 3874 907 λέγει

2268 923 2477 992 Κύριος,
2536 920 2703 993 ἐκχεῶ
2758 921 2857 974 ἀπο
2919 930 3009 975 τοῦ
3062 925 3357 994 Πνεύματός
3404 942 3504 994 μου
3560 922 3647 975 ἐπὶ
3702 932 3877 977 πᾶσαν

2270 1011 2463 1081 σάρκα,
2498 1033 2526 1060 ››
2562 1015 2647 1062 καὶ
2688 1012 2823 1073 ἑξῆς.
2880 1014 3063 1083 Κύριος
3115 1008 3174 1063 δὲ
3206 1008 3385 1077 δῆλον,
3437 1011 3518 1063 ὁτι
3544 1013 3652 1084 οὐχ
3684 1015 3711 1064 ό
3756 1035 3883 1087 προ-

2268 1102 2453 1171 φῄτης,
2486 1096 2773 1171 ὁμόδουλος
2813 1105 2879 1151 ὧν
2928 1102 3077 1172 ἡμῖν,
3116 1099 3223 1151 αλλ’
3256 1101 3280 1151 ό
3321 1108 3502 1153 τοῦτον
3536 1099 3883 1165 ἀπεσταλκὼς

2271 1190 2400 1249 Θεὸς
2426 1193 2515 1241 καὶ
2546 1194 2746 1263 Πατήρ.

2803 1298 3117 1349 ΕΡΩΤΗΣΙΣ
3160 1297 3343 1377 Ρκςκ

2500 1399 2792 1460 ἐϐαπτίσθη
2803 1422 2895 1454 σαν
2987 1405 3036 1454 οἱ
3148 1400 3431 1454 ἀπόστολοι
3529 1410 3620 1457 καὶ

2979 1492 3117 1536 τινος
3134 1490 3148 1538 ;

2266 1402 2395 1450 Πότε
2500 1402 2895 1460 ἐϐαπτίσθησαν
2987 1405 3036 1454 οἱ
3148 1402 3431 1454 ἀπόστολοι
3529 1410 3620 1457 καὶ
3734 1408 3885 1479 παρὰ

626 1582 905 1629 Editarum
935 1593 966 1627 a
994 1578 1191 1627 Wolﬁo
1224 1578 1507 1627 undecima
1535 1579 1606 1641 (p.
1640 1578 1864 1628 735-737.
1898 1576 2138 1626 Galland.
2171 1589 2225 1638 p.
2247 1576 2355 1633 724,
2394 1592 2445 1625 η.
2484 1581 2579 1636 27).
2613 1605 2671 1617 -
2698 1580 2772 1628 De
2802 1580 3070 1644 baptismo
3091 1580 3350 1643 apostolis
3379 1580 3574 1631 Christi
3602 1583 3751 1633 dato.

569 1681 853 1736 Videmus
872 1678 1175 1749 apostolos
1194 1682 1330 1732 ante
1358 1677 1700 1747 passionem
1726 1676 1941 1731 Christi
1962 1675 2160 1746 bapti-
2192 1673 2235 1727 Β

500 1766 957 1824 smumJoannis
972 1765 1296 1836 accepisse.
1334 1768 1533 1835 Neque
1546 1764 1705 1818 enim
1744 1763 2007 1819 Salvator
2021 1767 2157 1817 ante

498 1856 850 1930 passionem
882 1853 1063 1909 alium
1106 1853 1479 1925 baptismum
1504 1851 1770 1919 contulit,
1815 1868 1888 1907 ne
1944 1851 2160 1906 scilicet

505 1943 875 2019 praeconium
919 1941 1165 1997 Joannis
1204 1942 1434 1996 irritum
1459 1940 1753 2003 redderet,
1808 1945 1909 1996 aut
1941 1940 2158 1996 Iudaeis

499 2033 952 2092 adversantibus
980 2031 1360 2087 occasionem
1393 2029 1957 2101 praeberetdicendi,
1993 2030 2157 2101 quod

498 2125 557 2180 in
588 2122 983 2196 opprobrium
1002 2120 1248 2176 Joannis
1278 2119 1651 2191 baptismum
1674 2119 1999 2191 quemdam
2031 2136 2157 2190 pro-

500 2214 697 2287 prium
724 2212 1030 2267 invexerit.
1089 2209 1256 2275 Quod
1278 2224 1417 2264 vero
1435 2209 1516 2263 illi
1560 2209 1784 2269 deerat,
1819 2208 2153 2281 supplebat,

498 2319 619 2359 non
656 2318 815 2374 aqua
843 2300 1182 2371 baptizans,
1249 2298 1352 2353 sed
1386 2298 1630 2369 Spiritu.
1694 2298 1786 2353 Sic
1837 2298 1997 2353 enim
2033 2300 2155 2369 ipse

498 2392 583 2448 ait
617 2412 628 2449 :
660 2411 686 2441 »
707 2393 818 2445 Vos
850 2404 988 2443 vero
1019 2387 1453 2458 baptizabimini
1514 2386 1736 2457 Spiritu
1772 2390 2001 2451 sancto,
2033 2402 2154 2442 non

500 2485 631 2553 post
673 2479 893 2534 multos
925 2477 1123 2541 dies”,
1168 2496 1195 2527 »
1245 2491 1461 2547 nempe
1517 2475 1746 2529 decem.
1772 2478 1985 2530 Decem
2014 2492 2155 2532 vero

500 2568 626 2623 dies
656 2567 786 2621 huic
817 2566 981 2636 operi
1012 2564 1395 2629 deﬁniuntur,
1430 2569 1492 2618 ut
1544 2564 1691 2618 ﬁdes
1744 2564 2152 2635 apostolorum

499 2656 871 2728 probaretur.
892 2654 1087 2709 Gratia
1104 2653 1263 2707 enim
1282 2653 1621 2723 quiescente
1638 2652 1923 2724 nulloque
1946 2669 2155 2709 eorum

499 2761 634 2818 quas
674 2743 972 2816 promissa
1020 2746 1209 2807 erant,
1278 2748 1679 2813 comparente,
1748 2742 1893 2797 ﬁdes
1946 2759 2154 2798 eorum

498 2833 884 2892 exercebatur
920 2846 1057 2901 spes
1088 2846 1227 2886 vero
1258 2830 1639 2886 occasionem
1696 2830 2157 2887 nanciscebatur

496 2925 677 2979 ﬁdem
710 2938 831 2978 non
857 2920 1098 2975 dubiam
1125 2920 1411 2991 pariendi.
1454 2920 1672 2991 Spiritu
1728 2922 1923 2991 itaque
1948 2927 2153 2976 sancto

2346 1678 2665 1750 Εύρίσκομεν
2721 1682 2836 1739 τούς
2907 1677 3228 1740 ἀποστόλους
3277 1678 3529 1742 λαϐόντας
3598 1680 3886 1754 βάπτισμα

2270 1768 2370 1837 πρὸ
2420 1774 2511 1818 τοῦ
2558 1769 2753 1827 πάθους
2801 1776 3035 1841 Χριστοῦ
3078 1772 3136 1819 τό
3183 1768 3437 1823 Ἰῶάννου.
3491 1769 3550 1822 Ὀ
3592 1767 3652 1823 δὲ
3701 1778 3885 1845 Σωτὴρ

2270 1857 2370 1926 πρὸ
2410 1862 2501 1906 τοῦ
2549 1857 2745 1915 πάθους
2792 1856 2849 1907 ού
2886 1854 3083 1908 δίδωσι
3134 1855 3419 1928 βάπτισμα
3459 1860 3645 1931 ἕτερον,
3699 1862 3785 1911 ἶνα
3812 1867 3886 1933 μὴ

2267 1942 2399 2014 λύση
2458 1947 2514 1995 τό
2570 1943 2805 1996 Ἰωάννου
2860 1951 3124 2017 κήρυγμα,
3183 1950 3272 1997 καὶ
3343 1944 3420 2017 δῷ
3480 1948 3717 2022 ἀφορμὴν
3776 1958 3889 2012 τοῖς

2271 2030 2620 2103 ἀντιλέγουσιν
2672 2030 2973 2095 Ἰουδαίοις,
3028 2035 3108 2087 ὁτι
3156 2038 3286 2108 πρὸς
3333 2035 3481 2109 ὓϐριν
3538 2046 3630 2089 τοῦ
3690 2045 3884 2091 Βαπτι-

2271 2127 2396 2171 στοῦ
2448 2117 2583 2172 ἴδιον
2633 2120 2977 2193 ἐπεισήγαγεν
3029 2122 3328 2196 βάπτισμα.
3376 2125 3696 2201 Ἀναπληροῖ
3736 2125 3796 2180 δὲ
3824 2134 3883 2180 τό

2267 2207 2457 2276 λεῖπον,
2510 2210 2602 2262 ούκ
2660 2210 2708 2262 ἐν
2762 2209 2921 2264 ῦδατι
2969 2211 3265 2284 βαπτίζων,
3329 2213 3437 2266 ἀλλ’
3492 2214 3540 2267 ἐν
3592 2220 3880 2289 Πνεύματι.

2269 2300 2447 2358 Καθὼς
2499 2305 2588 2352 καὶ
2648 2300 2801 2361 αὐτός
2856 2320 3034 2373 φησιν,
3096 2322 3123 2352 ι(
3182 2301 3350 2374 Ὑμεῖς
3402 2301 3461 2355 δὲ
3514 2303 3882 2376 βαπτισθήσε-

2271 2389 2360 2438 σθε
2414 2387 2460 2438 ἐν
2519 2392 2776 2460 Πνεύματι
2820 2390 2948 2461 ἁγίῳ
2990 2391 3047 2441 ού
3098 2394 3227 2462 μετὰ
3280 2392 3471 2453 πολλὰς
3518 2398 3715 2457 ταύτας
3752 2399 3878 2467 ἡμέ-

2265 2495 2381 2549 ρας,
2428 2497 2456 2527 ))
2506 2474 2747 2535 δηλονότι
2801 2477 2951 2533 δέκα.
3002 2477 3240 2532 Δίδονται
3290 2478 3349 2533 δὲ
3395 2485 3711 2555 προθεσμίαι
3750 2483 3878 2538 δέκα

2266 2566 2455 2639 ἡμέραι
2504 2564 2596 2618 διὰ
2644 2574 2940 2639 ’γυμνασίαν
2979 2577 3071 2629 τῆς
3123 2578 3222 2621 τῶν
3284 2568 3581 2623 ἀποστόλων
3625 2578 3871 2636 πίστεως.

2262 2653 2677 2726 Ἱ-Ῑσυχαζούσης
2727 2665 2817 2717 τῆς
2860 2659 3103 2731 χάριτος,
3163 2664 3252 2711 καὶ
3300 2656 3527 2730 μηδενός
3564 2670 3663 2713 τῶν
3710 2664 3868 2734 ἐπηγ-

2262 2742 2512 2815 γελμένων
2564 2750 2894 2818 φαινομένων,
2976 2745 3291 2818 ἐγυμνάζετο
3347 2749 3515 2800 αὐτῶν
3572 2754 3603 2809 ἡ
3669 2758 3868 2819 πίστις,

2263 2838 2351 2884 καὶ
2400 2836 2429 2891 ἡ
2483 2833 2620 2895 ἐλπὶς
2658 2839 2716 2887 τό
2767 2832 3083 2887 ἀδίστακτον
3129 2840 3243 2906 (89)
3295 2848 3640 2913 καρποφορεῖν
3688 2848 3870 2914 καιρόν

2264 2920 2558 2993 ἐλάμϐανεν.
2616 2931 2699 2993 Τῷ
2751 2933 2875 2996 ’γοῦν
2933 2923 3296 2997 βαπτισθῆναι
3349 2926 3397 2978 ἐν
3445 2934 3707 3000 Πνεῦματι
3737 2932 3870 3002 ἁγίῳ

496 3011 806 3086 baptizari,
838 3009 998 3065 idem
1017 3014 1125 3075 est,
1154 3009 1318 3082 quod
1351 3010 1633 3080 Spiritum
1666 3016 1945 3065 sanctum
2001 3010 2149 3065 acci-

2263 3013 2375 3062 ἴσον
2433 3010 2545 3063 ἐστὶ
2585 3017 2641 3064 τὸ
2699 3012 2869 3065 λαϐεῖν
2920 3020 3126 3086 Πνεῦμα
3164 3015 3331 3085 ἅγιον.
3372 3016 3543 3069 Ἦσαν
3584 3016 3672 3070 οὖν
3719 3026 3871 3073 Πνεύο

497 3118 655 3175 pere.
701 3100 920 3173 Spiritu
971 3098 1150 3167 igitur
1200 3103 1256 3154 et
1300 3114 1460 3171 aqua
1520 3105 1654 3154 ante
1709 3099 2149 3170 perpessionem

496 3192 709 3247 Christi
731 3190 1009 3263 baptizati
1051 3192 1222 3245 erant
1241 3187 1513 3259 apostoli,
1559 3187 1988 3260 lavacrumque
2006 3188 2149 3243 illud

492 3281 702 3336 iisdem
731 3280 789 3334 in
844 3280 1260 3335 remissionem
1288 3280 1693 3347 peccatorum,
1763 3293 1886 3332 non
1952 3282 2148 3332 autem

491 3368 737 3439 Spiritus
764 3368 953 3423 sancti
994 3365 1397 3430 collationem,
1415 3364 1684 3419 cedebat.
1708 3366 2000 3419 Joannem
2015 3380 2147 3420 vero

492 3454 795 3527 apostolos
824 3455 1215 3527 baptizassse,
1274 3452 1564 3507 Dominus
1607 3456 1806 3507 noster
1845 3452 2037 3520 docet,
2072 3452 2147 3507 ad

493 3545 727 3599 Petrum
770 3560 905 3598 cum
938 3541 1232 3598 lavandus
1272 3545 1445 3607 esset,
1476 3540 1861 3605 abnuentem,
1895 3540 2099 3596 dicens
2130 3558 2144 3596 :

493 3657 521 3687 »
537 3634 645 3699 Qui
665 3633 819 3689 lotus
847 3638 955 3695 est,
989 3645 1227 3686 necesse
1244 3645 1366 3685 non
1398 3629 1579 3685 habet
1612 3629 1815 3695 lavari,
1841 3630 1953 3684 nisi
1982 3632 2146 3702 quod

492 3722 570 3779 ad
598 3722 850 3793 pedes“.
881 3743 909 3772 »
936 3724 1050 3776 Hac
1081 3720 1240 3775 enim
1268 3734 1413 3774 voce
1441 3718 1699 3773 ostendit
1733 3734 1854 3775 non
1908 3719 2145 3775 Petrum

492 3810 704 3877 solum,
739 3810 838 3864 sed
874 3810 1051 3865 etiam
1080 3813 1346 3871 caeteros,
1404 3823 1663 3878 quorum
1718 3807 1918 3863 itidem
1966 3808 2145 3880 pedes

490 3904 720 3956 tantum
752 3899 1008 3964 lavabat,
1054 3898 1297 3953 Joannis
1348 3897 1645 3968 baptismo
1703 3913 1828 3952 esse
1882 3898 2142 3953 ablutos.

493 3988 944 4059 Salvatorigitur
962 3986 1329 4060 baptismum
1358 3987 1732 4057 poenitentiae,
1749 3987 1902 4059 quia
1917 3988 2145 4043 Joanne

490 4080 550 4135 in
582 4078 980 4134 remissionem
1005 4081 1385 4149 peccatorum
1413 4075 1966 4142 administrabatur,
2002 4076 2147 4132 adeo

489 4182 611 4224 non
634 4166 966 4238 abrogavit,
1004 4170 1065 4222 ut
1080 4165 1305 4223 additio
1337 4165 1586 4237 Spiritus
1609 4165 1798 4222 sancti
1825 4166 1987 4223 dono
2007 4182 2146 4223 eum

490 4256 820 4329 perfecerit.

668 4362 985 4432 QUESTIO
1017 4363 1237 4420 CXXVII
1283 4361 1489 4435 [Coisl.
1525 4360 1741 4428 CXLIX,
1782 4364 1965 4418 Taur.

1162 4450 1476 4524 CXLVHU.

491 4560 806 4631 Quomodo,
838 4559 939 4632 qui
968 4561 1031 4616 in
1072 4560 1393 4686 thistupi?
1412 4558 1812 4629 baptizantur,
1849 4559 2145 4618 Christum

1091 4648 1153 4686 ιη
1200 4647 1319 4685 uun

1091 4647 1319 4687 ιηαιιαη

2180 4379 2227 4435 D

2260 3120 2387 3171 ματι
2416 3106 2507 3152 καὶ
2557 3099 2715 3154 ύδατι
2754 3107 2854 3176 πρὸ
2884 3111 2976 3155 τοῦ
3008 3107 3205 3167 πάθους
3239 3104 3617 3169 ϐαπτισθέντες
3654 3113 3701 3161 οἱ
3736 3109 3871 3163 ἀπό-

2263 3189 2462 3245 στολοι.
2538 3196 2637 3243 Καὶ
2700 3189 2761 3249 ἦν
2813 3196 2871 3243 τό
2929 3192 3142 3266 λουτρὸν
3202 3192 3359 3246 ἐκεῖνο
3410 3196 3475 3256 εἰς
3531 3199 3715 3268 ἄφεσιν
3778 3204 3870 3272 μὲν

2259 3278 2543 3350 ἁμαρτιῶν,
2578 3280 2670 3332 οὐκ
2702 3281 2773 3342 εἰς
2816 3286 3050 3353 μετοχὴν
3088 3279 3146 3335 δὲ
3180 3286 3471 3355 Πνεύματος
3529 3287 3711 3359 ἁγίου.
3756 3296 3871 3342 ’Ὁτι

2261 3363 2318 3419 δὲ
2369 3372 2487 3428 τοὺς
2537 3367 2855 3430 ἀποστόλους
2893 3373 2917 3421 ό
2976 3372 3209 3432 Ἰωάννης
3259 3371 3528 3441 ἐϐάπτισε,
3579 3382 3791 3450 φανερὸν
3841 3382 3867 3431 ὁ

2259 3462 2523 3518 Δεσπότης
2570 3465 2726 3523 ποιεῖ,
2772 3458 2820 3510 ἐν
2874 3468 2945 3529 τῷ
2994 3460 3157 3531 λέγειν
3198 3466 3324 3533 πρὸς
3366 3466 3453 3515 τόν
3495 3469 3705 3540 Πέτρον,
3735 3472 3867 3521 κατὰ

2256 3550 2341 3598 τόν
2393 3551 2572 3619 καιρόν
2630 3556 2721 3599 τοῦ
2771 3558 3015 3623 νιπτῆρος
3069 3548 3376 3603 ἀνανεύοντα
3419 3555 3556 3620 (90).
3630 3555 3736 3608 «Ὀ
3792 3558 3864 3609 λε-

2256 3634 2499 3706 λουμένος
2543 3636 2636 3687 ούκ
2690 3640 2803 3707 ἔχει
2852 3643 3039 3709 χρείαν
3083 3639 3361 3710 νίψασθαι,
3407 3642 3451 3693 εἰ
3496 3647 3569 3714 μὴ
3620 3644 3733 3704 τοῦς
3772 3651 3859 3697 πο-

2260 3721 2383 3785 δας.
2440 3746 2467 3774 ››
2517 3721 2719 3788 Ἐδειξε
2756 3729 2854 3799 γὰρ
2907 3725 3001 3778 διὰ
3045 3735 3139 3789 τῆς
3168 3737 3335 3799 φωνῆς
3366 3730 3423 3782 ού
3454 3737 3608 3802 μόνον
3655 3736 3739 3784 τόν
3772 3738 3857 3785 Πέ-

2256 3832 2374 3887 τρον
2420 3812 2738 3886 λελουμένον.
2783 3813 2910 3867 ἀλλὰ
2956 3822 3045 3868 καὶ
3093 3821 3209 3877 τοὺς
3260 3818 3444 3880 ἄλλους
3474 3824 3523 3872 ἐν
3571 3830 3643 3891 τῷ
3671 3828 3859 3874 νίπτειν

2257 3903 2425 3955 αὐτῶν
2469 3908 2589 3964 τοὺς
2647 3900 2813 3964 πόδας
2870 3911 3044 3977 μόνον,
3100 3915 3173 3976 τῷ
3226 3915 3316 3959 τοῦ
3376 3908 3613 3962 Ἰωάννου
3670 3910 3859 3983 βαπτί-

2260 4010 2445 4062 σματι.
2484 3992 2541 4044 Ὀ
2584 3998 2759 4067 Σωτὴρ
2810 3994 2896 4045 οὖν
2936 3998 2992 4046 τὸ
3024 3998 3113 4066 μὲν
3163 3994 3445 4069 βάπτισμα
3474 4007 3570 4059 τῆς
3598 4006 3863 4071 μετανοίας

2258 4085 2346 4131 καὶ
2374 4082 2444 4142 εἰς
2469 4083 2650 4153 ἄφεσιν
2699 4083 2965 4157 ἁμαρτιῶν
3005 4084 3301 4156 τελούμενον
3333 4092 3477 4162 παρὰ
3510 4098 3603 4141 τοῦ
3627 4090 3861 4143 Ἰωάννου

2258 4169 2350 4220 οῦκ
2377 4171 2648 4235 ἠθέτησεν,
2678 4170 2805 4224 ἀλλά
2834 4180 2923 4225 καὶ
2951 4173 3207 4226 ἐτελείωσε
3243 4179 3489 4249 προσθεὶς
3540 4187 3597 4251 τῇ
3646 4188 3737 4232 τοῦ
3765 4200 3865 4232 πα-

2258 4264 2437 4331 ναγίου
2471 4263 2767 4334 Πνεύματος
2797 4259 2970 4336 δωρεᾷ
2982 4306 2993 4317 .

2794 4375 3107 4422 ΕΡΩΤΗΣΙΣ
3150 4372 3314 4427 ΡΚΖ’.

2260 4571 2372 4625 Πῶς
2446 4567 2493 4616 οὶ
2568 4564 2634 4625 εἰς
2716 4565 3394 4646 Χριστόνμβαπτιζόμενοι
3482 4577 3714 4646 Χριστὸν
3793 4574 3865 4625 ἐν·

2938 4634 3151 4690 δύόνται
3185 4657 3197 4706 ;

1142 4737 1416 4787 Editarum
1443 4751 1474 4785 a
1497 4737 1692 4787 Wolﬁo
1724 4738 2044 4789 duodecima
2074 4742 2145 4804 (p.
2179 4744 2290 4800 737,
2324 4744 2432 4792 738.
2466 4743 2707 4793 Galland.
2739 4745 2848 4799 724,
2878 4746 2986 4803 725,
3010 4759 3064 4794 n.
3102 4748 3199 4799 28).

560 4838 617 4895 Si
640 4837 895 4909 Spiritus
923 4851 1045 4893 non
1077 4839 1169 4892 est
1212 4838 1363 4891 Deus
1398 4836 1446 4891 si
1486 4852 1601 4891 non
1644 4843 1733 4891 est
1764 4838 1980 4893 divinae
2013 4856 2148 4910 gra-

489 4927 585 4984 tias
624 4927 777 4992 fons,
814 4925 1123 4999 quomodo
1167 4924 1246 4980 illi
1286 4926 1386 4997 qui
1432 4925 1725 4981 Christum
1767 4927 2032 4983 divinum
2066 4930 2147 4984 in-

488 5016 843 5073 dumentum
870 5014 1211 5079 induerunt,
1241 5016 1487 5084 vulgare
1513 5015 1659 5071 illud
1686 5016 1935 5088 Spiritus
1958 5020 2147 5074 sancti

490 5104 747 5161 induunt
774 5104 802 5160 ?
831 5106 886 5161 Si
924 5104 1103 5171 enim,
1129 5108 1419 5177 quotquot
1450 5103 1511 5160 in
1541 5104 1835 5161 Christum
1869 5105 2147 5179 baptizati

560 5284 607 5317 ²⁵
638 5282 801 5337 Acte.
840 5297 878 5346 I,
908 5281 959 5335 5.
996 5282 1044 5317 ³⁸
1068 5283 1239 5338 Joan.
1272 5297 1388 5348 xm,
1428 5285 1512 5336 10.

2333 4844 2394 4897 Εἰ
2435 4848 2505 4915 μὴ
2555 4848 2679 4904 Θεὸς
2726 4848 2783 4895 τό
2836 4852 3058 4916 Πνεῦμα,
3105 4847 3253 4918 εἰμὴ
3304 4850 3477 4911 θεῑκῆς
3506 4854 3735 4925 χάριτος
3768 4875 3866 4913 πη-

2256 4937 2347 5003 γὴ,
2404 4942 2509 4994 πῶς
2564 4936 2613 4984 οἱ
2666 4935 2831 4984 θεῑκόν
2885 4931 3085 5006 ἔνδυμα
3123 4939 3208 4987 τόν
3256 4942 3481 5008 Κριστόν
3520 4938 3861 5013 ἐνδυσάμενοι

2262 5017 2522 5073 ἰδιωτικόν
2580 5024 2638 5074 τὸ
2686 5029 2778 5073 τοῦ
2831 5026 3127 5095 Πνεύματος
3178 5023 3561 5095 ἐπενδύονταις
3622 5031 3683 5083 Εἰ
3738 5037 3858 5103 γὰρ,

2259 5110 2375 5161 ὅσοι
2426 5110 2490 5170 εἰς
2531 5114 2759 5183 Χριστὸν
2808 5110 3221 5179 ἐϐαπτίσθησαν,
3270 5117 3503 5187 Χριστόν
3536 5116 3858 5175 ἐνεδύσαντε.

2056 5384 2283 5439 NOTAE.

559 5480 670 5558 (89)
700 5479 791 5558 _S‘ic
813 5477 1140 5558 scribopro
1168 5456 1541 5558 ἀδιάστακτον.
1575 5481 1782 5537 Nostra
1804 5480 1903 5539 illa
1933 5496 2078 5539 voce
2106 5481 2152 5555 pl

2263 5500 2340 5538 rus
2382 5484 2551 5549 intra,
2591 5500 2743 5558 resp.
2775 5489 2893 5555 154,
2935 5490 2991 5543 et
3016 5486 3183 5555 alias,
3216 5489 3417 5549 utitur.

555 5549 667 5627 (90)
701 5553 785 5609 Ita
811 5550 1136 5623 legendum
1165 5566 1269 5625 pro
1311 5549 1661 5614 ἀνανεύοντος.
