4136 6198
271 279 394 334 721²
1200 279 1297 333 AD
1336 278 1880 338 AMPHILOCHIUM
1920 279 2249 350 QUESTIO
2291 278 2763 336 CXXVI-CXXIX.

3529 283 3650 340 722'

260 403 398 475 λέγει
431 398 490 454 δὲ
537 402 563 453 6
612 403 813 474 Σωτὴρ,
871 422 896 453 ν
945 407 1164 456 Malim-rc
1209 403 1277 455 ἐν’
1327 402 1666 478 Ἰερουσαλὴμ
1719 405 1860 458 ἄπελ-

1977 410 2134 471 sunt,
2176 405 2480 461 Christum
2508 403 2832 460 induerunt
2864 403 3195 474 ;-Dominus
3244 420 3384 462 vero
3428 411 3634 464 noster

263 495 437 552 θόντος
495 498 583 542 τοῦ
650 491 800 561 ἁγίου
864 495 1159 563 Πνεύματος
1234 492 1312 564 ἐφ’
1364 495 1518 565 ὑμᾶς,
1581 515 1608 546 ››
1665 505 1772 555 πῶς
1816 498 1864 548 ἐν

260 593 335 652 τῷ
367 591 533 653 καιρῷ
573 589 664 633 τοῦ
710 588 1024 634 Δεσποτικοῡ
1079 579 1360 653 ἐνδύματος
1414 581 1654 636 δουλικὸν
1694 582 1867 637 ἐνδυό-

257 674 437 743 μεθα;
472 671 625 724 Ἀλλά
682 670 839 729 δῆλον
890 673 993 744 ἄρα
1050 671 1282 743 ἑκάτερον
1340 670 1539 745 ἔνδυμα
1595 675 1860 745 ὁμότιμον,

257 764 353 811 καὶ
395 764 520 832 μίαν
564 765 649 812 καὶ
696 765 788 818 τὴν
833 761 994 819 αὐτὴν
1043 767 1136 820 τῆς
1180 761 1475 835 εὐεργεσίας
1514 767 1604 814 καὶ
1645 765 1864 836 χάριτός

253 855 584 923 παρίστησιν
648 850 959 904 αὐθεντείαν.
1013 846 1254 923 Ἐνδυμα
1309 847 1367 904 δὲ
1427 855 1485 903 τό
1542 859 1749 924 Πνεῦμα
1805 857 1862 905 τὸ

255 938 412 1010 ἁγιον
455 938 656 1010 λέγεται
699 947 799 992 τῶν
848 948 1068 1007 πιστῶν,
1120 939 1223 1011 οὐχ
1272 943 1340 1002 ὡς
1389 942 1608 1007 ἱμάτιον,
1652 941 1763 992 ἀλλ’
1796 945 1864 1003 ὡς

253 1023 496 1080 ἐνδύεται
551 1024 769 1101 σίδηρος
823 1032 881 1080 τὸ
938 1036 1061 1103 πῦρ⁶
1119 1028 1212 1080 οὐκ
1261 1029 1440 1091 ἔξωθεν
1497 1029 1862 1105 περιϐαλλόμε-

250 1136 364 1185 νος,
419 1115 525 1168 ἀλλ’
567 1116 683 1177 ὅλος
731 1113 805 1168 δι’
855 1116 996 1168 ὅλου.
1046 1117 1198 1170 Οὒτω
1241 1120 1340 1190 γὰρ
1380 1123 1468 1170 καὶ
1514 1122 1602 1170 τὸν
1633 1123 1862 1192 Χριστὸν

251 1210 319 1258 τὸ
351 1208 604 1276 πανάγιον
649 1213 857 1277 Πνεῦμα
885 1206 990 1278 οὐχ
1039 1208 1108 1266 ὡς
1153 1209 1380 1277 ἱμάτιον,
1413 1208 1594 1270 ἔξωθεν
1639 1214 1860 1280 περικεί-

251 1314 429 1366 μενον,
483 1294 912 1369 περιϐαλλομεθα,
956 1295 1064 1346 ἀλλ’
1109 1299 1176 1358 ὡς
1221 1301 1308 1354 τὴν
1343 1293 1567 1369 καρδίαν
1611 1302 1700 1349 καὶ
1741 1302 1862 1359 τοὺς

248 1384 546 1455 λογισμοὺς
590 1383 937 1458 πληρούμενοί
987 1403 1042 1437 τε
1095 1389 1258 1457 φωτὸς
1314 1390 1403 1437 καὶ
1467 1388 1526 1437 τό
1584 1390 1861 1458 πρόσωπον

249 1475 504 1545 χάριτος.
557 1476 645 1525 Διὸ
701 1478 790 1526 καὶ
843 1472 1156 1535 ἀτενίζοντας
1194 1474 1265 1536 εἰς
1316 1477 1374 1526 τὸ
1422 1478 1702 1548 πρόσωπον
1748 1483 1862 1528 Στε-

257 1563 424 1632 φάνου
481 1563 530 1613 oi.
575 1560 974 1635 ἐπανιστάμενοι
1031 1560 1169 1616 εἶδον
1234 1568 1511 1636 πρόσωπον
1568 1564 1728 1616 αὐτοῦ
1793 1567 1861 1626 ὡς

251 1655 541 1724 πρόσωπον
574 1650 816 1724 ἀγγέλου.

804 1944 1115 1992 ΕΡΩΤΗΣΙΣ
1156 1939 1324 1993 ΡΚΗ’.

245 2048 318 2097 Τί
396 2043 646 2096 καλοῦσιν
731 2047 778 2096 οἱ
851 2044 1061 2116 ἄγγελοι
1143 2045 1442 2106 Γαλιλαίους
1525 2049 1648 2106 τοὺς
1735 2043 1858 2096 ἀπο-

868 2117 1073 2176 στόλους
1106 2118 1216 2187 (91)
1239 2134 1252 2182 ;

1974 496 2154 551 dixit:
2194 518 2218 546 ε
2268 497 2495 550 Manete
2556 493 3000 564 Hierosolymis,
3047 493 3236 549 donec
3292 512 3471 567 super
3523 514 3626 553 vos

1976 587 2172 640 veniat
2205 585 2453 654 Spiritus
2474 592 2712 639 sanctus
2735 585 2778 618 *7
2811 600 2823 636 :
2859 606 2884 630 η
2919 584 3228 654 quomodo
3245 599 3316 640 eo
3338 591 3629 656 tempore,

1973 691 2094 747 quo
2143 675 2455 730 Dominum
2498 673 2683 728 instar
2747 673 2924 727 vestis
2971 673 3298 740 induimus,
3352 675 3628 732 servilem

1973 763 2235 835 aliquam
2255 764 2513 834 recipere
2535 778 2857 834 possumus
2882 764 2910 818 ?
2939 762 3018 818 Ex
3036 762 3125 818 his
3158 763 3358 834 itaque
3382 771 3632 837 apparet

1976 857 2292 924 utrumque
2323 853 2736 907 vestimentum
2768 851 3040 920 ejusdem
3074 852 3239 923 pretii
3285 868 3433 920 esse,
3467 869 3628 910 eam-

1971 937 2230 1009 demque
2247 942 2300 992 et
2317 937 2720 992 beneﬁcentiae
2737 936 3003 1007 etgratim
3023 937 3375 1006 dignitatem
3397 938 3628 994 afferre.

1973 1026 2222 1097 Spiritus
2239 1042 2378 1082 vero
2405 1032 2645 1081 sanctus
2667 1025 3084 1081 indumentum
3117 1027 3484 1082 credentium
3518 1043 3628 1099 ap-

1972 1115 2241 1187 pellatur,
2298 1131 2437 1178 non,
2486 1114 2649 1186 quod
2691 1115 2873 1170 instar
2907 1115 3082 1182 vestis
3115 1115 3205 1180 sit,
3262 1116 3367 1170 sed
3412 1117 3513 1180 ita,
3569 1121 3630 1172 ut

1973 1203 2190 1259 ferrum
2237 1204 2434 1273 ignem
2462 1203 2654 1258 induit
2683 1222 2697 1268 ;
2730 1219 2868 1265 non,
2903 1204 3065 1275 quod
3115 1203 3480 1260 extrinsecus
3519 1205 3631 1260 cir-

1971 1293 2364 1364 cumjiciatur,
2409 1293 2510 1348 sed
2549 1292 2714 1363 quod
2761 1299 2918 1348 totus
2966 1297 3152 1348 totum
3189 1294 3490 1363 pervadat.
3550 1296 3632 1351 Ita.

1970 1384 2130 1438 enim
2161 1389 2218 1438 et
2248 1383 2560 1447 Christum,
2604 1381 3050 1437 sanctissimum
3105 1381 3271 1436 illum
3325 1382 3630 1453 Spiritum,

1970 1487 2092 1529 non
2143 1472 2324 1528 instar
2351 1471 2553 1537 vestis,
2608 1470 2974 1527 extrinsecus
3005 1471 3257 1541 injectaa,
3291 1471 3624 1534 induimus,

1972 1561 2077 1616 sed
2104 1566 2168 1616 ut
2213 1561 2381 1626 tales,
2413 1560 2515 1631 qui
2573 1559 2738 1631 quod
2793 1575 2864 1615 ac
2895 1575 2996 1614 cor
3047 1563 3105 1614 et
3152 1559 3427 1616 animum
3471 1560 3624 1623 luce,

1969 1651 2132 1720 quod
2163 1649 2241 1706 ad
2270 1649 2487 1704 vultum
2515 1664 2654 1703 vero
2694 1648 2884 1718 gratia
2911 1647 3283 1718 impleantur.
3317 1649 3632 1720 Propterea

1897 1765 1940 1819 Β
1970 1745 2027 1796 et
2053 1738 2356 1795 adversari
2383 1737 2481 1807 illi,
2516 1737 2619 1810 qui
2642 1737 2923 1808 Stephani
2956 1737 3187 1792 vultum
3219 1737 3626 1804 intuebantur,

1971 1825 2183 1884 faciem
2214 1827 2342 1897 ejus
2373 1831 2435 1882 ut
2467 1825 2676 1882 faciem
2710 1824 2907 1894 angeli
2944 1826 3388 1896 conspiciebant
3413 1828 3488 1882 ³⁸.

2041 1931 2362 1999 OUESTIO
2395 1931 2658 1987 CXXVIII
2687 1931 2891 2004 [CoisL
2927 1933 3034 1994 CL,
3079 1932 3261 1987 Taur.
3305 1934 3550 2006 CXLIX].

2155 2042 2350 2109 Quare
2371 2040 2568 2110 angeli
2589 2041 2865 2111 apostolos
2893 2039 3166 2095 Galilaeos
3192 2045 3400 2096 vocant
3421 2042 3449 2094 φ

573 2220 846 2269 Editarum
878 2235 909 2270 a
938 2221 1129 2270 Wolfio
1162 2222 1369 2271 decima
1398 2223 1555 2272 tertia
1579 2225 1650 2286 (p.
1683 2224 1792 2278 738,
1821 2222 1930 2270 739.
1964 2219 2228 2272 Galland..
2261 2235 2311 2282 p.
2351 2220 2458 2274 725,
2487 2233 2539 2267 n.
2578 2219 2675 2280 29).
2717 2245 2766 2253 -
2805 2219 2861 2266 In
2898 2219 3028 2266 Acta
3057 2232 3092 2280 1,
3125 2219 3199 2273 10,
3235 2219 3308 2267 11.

333 2341 361 2366 ‹‹
410 2323 509 2371 Καὶ
559 2317 875 2381 ἀτενίζοντες
926 2316 1060 2376 ἦσαν
1103 2321 1175 2381 εἷς
1217 2324 1302 2372 τὸν
1335 2321 1548 2394 οὐρανὸν
1588 2326 1864 2395 πορευομέ-

247 2427 346 2460 νου
379 2408 558 2462 αὖτού.
594 2428 622 2459 »
657 2408 769 2460 Οὔκ
809 2411 904 2474 ἔτι,
939 2415 1116 2481 φησὶν,
1165 2409 1672 2483 ἀναλαμϐανομένου,
1705 2411 1856 2482 λέγει,

252 2496 406 2561 ἀλλὰ,
450 2503 812 2571 πορευομένου.
860 2499 969 2552 Καὶ
1015 2502 1116 2573 γὰρ
1287 2506 1443 2575 σαρκὶ
1489 2504 1578 2573 μὲν
1628 2501 1739 2572 (92)
1780 2499 1860 2551 ἀν-

251 2585 474 2658 ελήφθη,
543 2595 605 2658 τῇ
661 2587 930 2658 αὐθεντείᾳ
979 2584 1038 2639 δὲ
1095 2587 1378 2663 ἐπορεύετο.
1452 2589 1751 2651 Γαλιλαίους
1803 2586 1861 2642 δὲ

249 2675 476 2726 καλοῦσι
538 2679 657 2737 τοὺς
711 2678 954 2748 μαθητὰς
1017 2679 1065 2729 οἱ
1122 2678 1332 2748 ἄγγελοι
1391 2682 1714 2751 σεμνύνοντες
1771 2679 1860 2731 αὐ-

250 2767 395 2825 τούς’
455 2764 719 2816 Γαλιλαῖοι
773 2768 874 2840 γὰρ
930 2768 978 2818 οἱ
1033 2764 1510 2839 ἀποκεκαλυμμένοι
1583 2768 1695 2839 (93)
1758 2788 1858 2826 ση-

248 2858 448 2925 μαίνει.
501 2853 605 2907 Καὶ
662 2857 761 2926 γὰρ
811 2860 900 2906 καὶ
954 2864 1157 2926 πρῶτον
1211 2864 1421 2928 σημεῖον
1471 2855 1517 2907 ἐν
1578 2863 1720 2926 Κοινᾴ
1767 2866 1860 2919 τῆς

251 2941 535 3004 Γαλιλαίας
584 2942 826 3000 ἐποίησεν
886 2946 910 2994 ό
970 2948 1220 3016 Χριστός,
1275 2952 1362 2996 καὶ
1421 2944 1523 2997 ἐκεῖ
1579 2945 1860 3020 ἐφάνέρωσε

2047 2341 2074 2372 ‹‹
2133 2321 2199 2375 Et
2231 2320 2521 2374 intuentes
2577 2324 2746 2374 erant
2775 2319 2830 2372 in
2876 2319 3115 2385 ccelum,
3166 2335 3235 2374 eo
3284 2319 3558 2374 abeunte.
3604 2343 3625 2370 ι

1974 2410 2268 2479 Nonjam,
2302 2408 2516 2480 inquit,
2563 2407 2796 2463 sublato
2836 2423 2920 2472 eo,
2973 2407 3133 2472 dicit,
3191 2408 3294 2463 sed
3349 2408 3621 2466 abeunte.

1973 2501 2118 2554 Nam
2135 2498 2296 2570 quod
2320 2497 2394 2552 ad
2419 2513 2625 2567 corpus
2645 2512 2873 2552 sursum
2897 2498 3242 2562 fallebatur,
3259 2513 3332 2552 ex
3364 2513 3475 2552 sua
3491 2514 3628 2553 vero

1972 2592 2261 2659 potestate
2279 2588 2498 2643 abibat.
2531 2587 2800 2642 Galilmos
2827 2601 2960 2640 vero
2984 2585 3175 2654 anguli
3200 2587 3506 2656 apostolos
3524 2587 3629 2642 ho-

1971 2678 2132 2733 noris
2174 2694 2354 2732 causa
2385 2676 2709 2748 appellant.
2749 2677 2867 2730 Vox
2901 2675 3057 2730 enim
3091 2675 3329 2731 Galilaei
3350 2675 3624 2731 homines

1967 2767 2326 2822 revelatione
2378 2765 2696 2820 instructos
2761 2764 3022 2819 denotat.
3075 2767 3222 2820 Nam
3266 2772 3323 2819 et
3363 2765 3625 2836 primum

1971 2855 2322 2910 miraculum
2354 2855 2639 2910 Dominus
2671 2856 2843 2909 Came
2869 2855 2923 2907 in
2947 2853 3182 2908 Galilaea
3209 2854 3410 2917 edidit,
3431 2854 3626 2926 ibique

1969 2943 2218 3011 gloriam
2247 2943 2821 2998 suammanit’estavit
2842 2948 2897 2996 et
2923 2941 3197 2996 revelavit
3224 2944 3294 2998 ’9.
3364 2945 3627 3012 Propter-

248 3038 345 3084 καὶ
396 3029 696 3103 ἀπεκάλυψε
748 3037 838 3090 τὴν
887 3029 1046 3096 δόξαν
1101 3033 1280 3086 αὐτου.
1329 3033 1502 3086 Ἐνθεν
1546 3041 1633 3088 καὶ
1683 3037 1707 3086 6
1738 3055 1860 3108 προ-

1977 3048 2040 3088 ea
2071 3036 2246 3087 etiam
2273 3033 2454 3088 Isaias
2491 3032 2780 3103 propheta
2816 3030 2957 3084 olim
2989 3030 3265 3085 clamavit
3304 3047 3316 3085 :
3382 3052 3408 3082 «
3466 3030 3627 3086 Luxit

249 3127 422 3194 φὴτης
447 3121 670 3184 Ἠσαίας
699 3123 1104 3196 προανακράζειο
1156 3143 1183 3172 ‹‹
1223 3123 1527 3181 Ἐπένθησεν
1567 3127 1596 3183 η
1645 3134 1734 3196 γῆ,
1768 3126 1862 3198 ᾐσ-

253 3213 466 3284 σχύνθη
533 3214 557 3263 6
610 3211 847 3272 Λίϐανος·
911 3212 996 3270 ἕλη
1043 3211 1236 3284 ἐγένετο
1284 3215 1309 3264 6
1341 3215 1632 3286 Ἀσσαρών.
1669 3217 1864 3288 Φανερά

250 3303 404 3354 ἰσται
449 3303 477 3359 η
534 3300 779 3353 Γαλιλαία
811 3307 900 3354 καὶ
953 3303 978 3352 6
1031 3301 1306 3374 Κάρμηλος
1349 3303 1483 3372 (94).
1542 3325 1562 3351 ›
1613 3302 1863 3355 Ἐνταῦθα

251 3386 340 3442 δεῖ
386 3391 734 3461 ὑποταγῆναι,
790 3413 809 3440 ι
866 3395 928 3442 Τί
975 3389 1229 3448 ἑστήκατε
1276 3390 1607 3463 ἐμϐλέποντες
1642 3409 1654 3458 ;
1687 3413 1714 3444 ))
1762 3380 1863 3445 Καὶ

250 3481 277 3530 6
329 3482 419 3550 μὲν
466 3478 639 3540 Ἠλίας
692 3481 762 3540 ὡς
812 3475 997 3540 δοῦλος
1047 3479 1117 3542 εἰς
1171 3479 1308 3550 ὕψος
1365 3480 1532 3555 ἀέριον
1583 3480 1859 3553 ἀνελήφθη,

250 3567 350 3620 οὐκ
386 3567 456 3628 εἰς
498 3572 582 3620 τόν
637 3567 850 3640 οὐρανόν
901 3567 1029 3636 (95)’
1076 3571 1100 3619 6
1154 3565 1212 3620 δὲ
1253 3575 1512 3630 Δεσπότης
1565 3572 1633 3631 ὡς
1675 3572 1862 3644 Κύριος

248 3657 478 3717 πάντων,
514 3655 617 3727 οὐχ
655 3659 720 3716 ὡς
751 3657 814 3716 εἰς
859 3660 945 3707 τόν
997 3657 1210 3728 οὐρανόν
1246 3657 1378 3731 [ἀλλ’
1419 3658 1484 3719 εἰς
1535 3661 1618 3710 τὸν
1649 3658 1861 3732 οὐρανόν

251 3743 508 3816 ἀληθῶς.]
572 3749 671 3797 Καὶ
730 3751 900 3818 τρίτον
962 3741 1020 3797 δὲ
1073 3743 1472 3818 ἐπισημαίνεται
1527 3751 1584 3798 τό
1649 3749 1858 3819 πορεύε-

253 3837 400 3900 σθαι,
435 3834 463 3891 ἡ
518 3832 972 3906 ἀναλαμϐάνεσθαι
1005 3838 1090 3886 τὸν
1137 3841 1395 3893 Δεσπότην
1431 3835 1502 3896 εἰς
1531 3840 1616 3888 τόν
1647 3836 1860 3909 οὐρανόν

248 3931 314 3995 τῇ
352 3923 537 3998 τριπλῇ
567 3932 656 3974 τοῦ
685 3924 919 3997 ῥήματος
946 3922 1164 3995 ἐπιφορᾲ
1201 3928 1258 3975 τό
1286 3923 1495 3996 βέϐαιόν
1541 3945 1592 3977 τε
1620 3931 1708 3977 καὶ
1741 3924 1860 3982 ἀλη-

252 4015 339 4073 θὲς
396 4017 484 4063 καὶ
529 4010 948 4084 ἀφαντασίαστον
1000 4021 1289 4086 παριστών.
1347 4010 1567 4086 Ἰδίωμα
1619 4017 1719 4087 γὰρ
1773 4019 1861 4066 καὶ

250 4099 585 4175 βεϐαιώσεώς
636 4120 690 4152 τε
720 4105 808 4152 καὶ
855 4099 1134 4173 ἀσφαλείας
1163 4105 1220 4153 τὸ
1267 4110 1497 4154 τοιοῦτον
1551 4111 1742 4176 σχῆμα
1771 4110 1861 4154 τοῦ

247 4191 409 4262 λόγου
442 4193 470 4249 ἠ
508 4191 616 4264 ἱερὰ
644 4192 788 4262 ἡμῶν
820 4187 958 4242 οἶδεν
985 4196 1182 4264 Γραφή.

799 4303 1114 4351 armum:
1153 4296 1315 4354 PKe’.

245 4410 404 4468 Τίνος
456 4407 485 4464 ἡ
549 4408 710 4477 φωνὴ,
776 4427 797 4454 ι
855 4407 1140 4538 Tha-aiam
1193 4406 1345 4468 οὗτος
1391 4408 1416 4459 ό
1463 4405 1712 4479 βασιλεὺς
1768 4414 1858 4467 τῆς

961 4495 986 4528 ο
1023 4497 1084 4538 ης
1117 4495 1130 4538 ζ
1164 4496 1194 4529 )

961 4495 1084 4538 οςης
1117 4495 1130 4545 ;
1164 4496 1194 4529 )

1971 3126 2167 3176 terra:
2202 3121 2552 3191 pudefactus
2585 3124 2672 3174 est
2730 3118 2988 3173 Libanus
3024 3135 3037 3183 ;
3090 3119 3391 3173 desertum
3433 3119 3619 3175 evasit

1974 3212 2156 3265 Saron
2191 3227 2208 3264 :
2240 3209 2478 3263 illustris
2519 3209 2626 3263 erit
2688 3205 2925 3263 Galilaaa
2988 3213 3044 3261 et
3073 3205 3396 3262 Carmelus.
3435 3230 3458 3258 ››
3506 3211 3624 3264 Hoc

1972 3299 2104 3353 loco
2126 3314 2302 3368 porro
2325 3297 2536 3367 subjici
2574 3297 2748 3352 debet
2782 3295 2923 3350 illud
2959 3311 2972 3351 :
3009 3315 3035 3347 ((
3083 3296 3232 3361 Quid
3262 3297 3428 3352 statis
3482 3313 3623 3366 spe-

1971 3391 2200 3443 ctantes
2255 3387 2283 3442 ‘I
2339 3406 2368 3439 »
2419 3387 2552 3441 Eias
2612 3385 2878 3458 quidem,
2931 3389 2990 3439 ut
3040 3401 3260 3450 servus,
3319 3387 3374 3440 in
3429 3401 3625 3442 aerem

1971 3475 2513 3539 altumtollebatur,
2538 3491 2657 3530 non
2681 3475 2739 3530 in
2793 3471 3030 3538 ccelum,
3079 3474 3182 3529 sed
3234 3478 3396 3546 quasi
3428 3476 3480 3530 in
3514 3492 3626 3531 caa-

1970 3565 2094 3620 lum
2129 3585 2142 3625 :
2178 3566 2462 3621 Dominus
2485 3581 2624 3620 vero
2664 3573 2877 3632 noster,
2915 3568 2977 3617 ut
3019 3567 3302 3620 Dominus
3334 3565 3620 3630 omnium,

1972 3670 2089 3711 non
2113 3653 2424 3710 tollebatur
2447 3657 2610 3726 quasi
2634 3655 2690 3710 in
2725 3656 2964 3721 caelum,
2989 3655 3089 3710 sed
3123 3656 3180 3709 in
3210 3655 3415 3709 emtum
3469 3671 3623 3710 vere.

1969 3745 2176 3802 Tribus
2208 3761 2385 3814 porro
2411 3745 2637 3800 vicibus
2665 3762 2767 3814 per
2806 3745 3047 3818 triplicis
3087 3743 3246 3799 verbi
3278 3760 3448 3798 usum
3479 3743 3629 3798 indi-

1971 3841 2158 3900 catur,
2184 3835 2502 3889 Dominum
2537 3834 2594 3888 in
2623 3834 2838 3890 coelum
2870 3835 3197 3907 profectum
3225 3833 3312 3888 vel
3337 3833 3625 3888 sublatum

1971 3939 2122 3988 esse,
2153 3927 2216 3978 ut
2268 3924 2350 3977 sic
2382 3922 2765 3993 intelligatur.
2814 3929 2967 3978 certe
3011 3929 3066 3978 et
3099 3939 3237 3976 vero
3291 3922 3347 3975 id
3399 3921 3622 3977 factum

1970 4028 2118 4076 esse,
2152 4028 2258 4066 nec
2289 4011 2348 4065 id
2379 4011 2664 4081 opinione
2689 4012 2954 4082 quadam
2980 4011 3235 4066 absolvi.
3269 4012 3445 4065 Sacra
3473 4013 3621 4065 enim

1971 4101 2275 4172 Scriptura
2302 4101 2411 4156 hac
2437 4098 2721 4171 loquendi
2745 4099 2970 4156 ratione
2989 4101 3060 4156 ad
3088 4099 3266 4154 ﬁdem
3294 4101 3378 4153 rei
3409 4098 3626 4154 facien-

1969 4188 2110 4244 dam
2145 4190 2223 4244 uti
2251 4189 2557 4243 consuevit

2150 4297 2471 4362 QII/ESTIO
2495 4295 2714 4353 CXXIX.
2747 4297 2948 4366 [Coisl.
2977 4297 3107 4360 CLI,
3137 4296 3317 4350 Taur.
3338 4295 3443 4365 CL]

1971 4405 2300 4475 Cujusnam
2333 4403 2457 4460 hac
2487 4419 2603 4461 vox
2635 4420 2646 4458 :
2679 4426 2706 4455 ‹‹
2748 4403 2884 4470 Quis
2905 4409 2980 4459 est
3010 4403 3115 4459 iste
3149 4418 3260 4459 rex
3287 4402 3500 4474 gloriae
3529 4402 3556 4456 9
3599 4421 3623 4453 υ

750 4583 1107 4633 EditaaMaio
1143 4582 1292 4644 (Nov.
1321 4584 1436 4633 coll.
1465 4587 1502 4640 t,
1539 4584 1622 4640 IX,
1650 4599 1701 4647 p.
1730 4585 1827 4646 99).
1864 4611 1923 4621 —
1959 4583 2017 4632 In
2047 4581 2242 4631 Psalm.
2277 4595 2422 4635 mu,
2455 4582 2483 4629 8
2515 4580 2618 4638 (Gr.
2649 4585 2702 4631 et
2737 4580 2890 4631 Hebr.
2926 4581 3006 4630 Ps.
3039 4582 3206 4640 xxiv).

321 4673 521 4744 Ὠσπερ
571 4675 601 4732 ἡ
647 4681 714 4744 γῆ
775 4674 1062 4744 θεασαμένη
1119 4677 1208 4726 τὸν
1260 4677 1446 4746 Κύριον
1499 4680 1586 4726 καὶ
1644 4682 1858 4748 Σωτῆρα

246 4763 476 4834 δύναμιν
513 4765 704 4833 ἔχοντα
752 4764 924 4818 ecum
977 4767 1067 4814 καὶ
1110 4765 1455 4815 ἐπιτάσσοντα
1493 4771 1602 4825 τοῖς
1655 4761 1857 4833 ἀνέμοις

243 4858 340 4906 καὶ
389 4860 450 4923 τῇ
496 4850 756 4924 θαλάσση,
792 4851 1084 4922 ξενιζομένη
1134 4851 1289 4922 ἕλε-γε’
1345 4875 1363 4901 ε
1401 4853 1493 4914 Τίς
1539 4852 1680 4918 ἐστιν
1710 4853 1858 4915 οὗτος

323 4970 371 5004 '7
402 4973 527 5023 Act.
560 4984 596 5038 1,
625 4971 678 5022 4.
731 4968 778 5003 ³⁸
812 4973 936 5034 Act,
970 4983 1045 5032 v1,
1076 4972 1157 5022 t5.
1189 4970 1236 5003 ²⁹
1262 4969 1437 5026 Joau.
1462 4985 1517 5034 ιι,
1553 4975 1636 5024 11.

2037 4671 2556 4738 Quemadmodum
2583 4677 2758 4738 terra,
2788 4672 2918 4726 viso
2953 4673 3201 4727 Domino
3231 4676 3288 4726 et
3325 4669 3626 4726 Salvatore

1967 4760 2173 4815 divina
2194 4761 2491 4829 gaudente
2515 4762 2795 4831 potentia,
2822 4760 3216 4832 ventibusque
3247 4765 3302 4814 et
3340 4759 3488 4814 mari
3519 4759 3622 4813 im-

1971 4848 2218 4922 peranti,
2248 4849 2497 4905 attonita
2521 4849 2751 4906 dicebat
2776 4866 2788 4904 :
2826 4870 2853 4902 ι(
2873 4849 3012 4916 Quis
3043 4855 3129 4905 est
3158 4849 3272 4917 hic,
3302 4850 3446 4920 quia
3467 4852 3606 4903 vent

1819 5075 2044 5131 NOTAE.

323 5185 432 5252 (91)
471 5185 594 5238 Act.
631 5198 668 5248 1,
714 5182 797 5235 11.
842 5182 909 5252 _ln
943 5178 1107 5234 Colb.
1155 5179 1280 5236 haec
1309 5180 1564 5252 quaestio
1605 5180 1682 5236 ita
1721 5195 1855 5249 pro.

241 5249 490 5330 ponitur
521 5271 534 5308 :
577 5255 672 5330 Διά
722 5255 782 5330 τί·
816 5249 944 5330 εἷπε,
971 5253 1274 5330 ,πορεύομαι
1327 5249 1460 5330 (leg.
1491 5257 1854 5330 ’πορευομένου

243 5321 432 5394 αὐτοῦ,
478 5330 568 5377 καὶ
604 5325 716 5386 οὐκ,
761 5321 1286 5394 ἀναλαμϐανομένους
1329 5321 1545 5378 Deinde
1582 5321 1657 5379 'in
1701 5321 1854 5380 mar-

242 5401 386 5472 gine
417 5391 761 5453 scribuntur
800 5391 1024 5467 reliqua
1056 5391 1206 5453 :‘Kat
1259 5391 1353 5447 διὰ
1402 5399 1454 5446 τί
1503 5395 1770 5465 καλοῦσιν,
1802 5416 1852 5450 κ.

241 5493 296 5527 τ.
330 5471 380 5523 λ.

317 5545 425 5604 (92)
451 5539 543 5595 Sic
574 5538 769 5595 scribo
808 5552 919 5610 pro
949 5541 1038 5609 μή.

319 5594 429 5682 ibi)
461 5594 548 5668 Ita
577 5594 971 5682 scilicetfvox'_
996 5607 1258 5682 Γαλιλαῖοι
1296 5607 1598 5682 derivatur
1638 5625 1709 5665 ex
1747 5594 1858 5682 n5;

239 5679 552 5753 reuelauit,
566 5679 1085 5758 quemadmodum
1101 5679 1162 5737 in
1176 5681 1476 5740 Glossario
1492 5681 1855 5758 sacro,quod

1965 5193 2156 5250 nuper
2195 5176 2515 5250 admodum
2537 5183 2624 5236 Jo.
2659 5180 2973 5247 Albertius,
3021 5179 3111 5234 vir
3136 5178 3536 5245 doctissimus,
3565 5180 3625 5236 in

1965 5249 2157 5334 lucem
2203 5249 2461 5334 protulit,
2505 5251 2974 5334 μοὸίιηΓαλιλαία
3003 5267 3110 5324 per
3159 5251 3487 5324 ἀποκάλυψιν
3524 5268 3628 5308 ex-

1967 5323 2236 5396 plicatur.
2269 5321 2480 5377 Confer
2510 5321 2587 5379 ibi
2622 5331 2814 5396 notas.

2044 5394 2153 5467 (94)
2179 5392 2290 5446 lsa.
2320 5408 2516 5462 xxxiii,
2549 5396 2602 5450 9.
2649 5395 2891 5452 Notabis
2932 5394 3014 5451 ibi
3066 5393 3270 5467 aliquo
3303 5394 3624 5451 lectionum

1973 5465 2316 5522 varietates.

2367 5539 2446 5618 Oi);-
2587 5542 2687 5618 τὸν.
2731 5535 2992 5618 δεσπότην
3031 5537 3115 5618 Et;
3149 5537 3492 5618 τὸγηοίξρανόν

1969 5608 2207 5670 Coislin.
2232 5609 2542 5668 alibrairio
2568 5611 2814 5675 omissa,
2845 5627 2913 5666 ex
2947 5609 3110 5666 Colb.
3147 5610 3364 5664 addidi.
