4116 6194
501 284 605 343 723

497 502 709 559 videns
728 500 1118 566 divinitatem,
1160 497 1477 554 attonitum
1494 495 1635 551 dicit
1666 517 1679 550 :
1719 516 1741 546 «
1778 493 1916 560 Quis
1938 494 2145 549 estiste

497 608 598 648 rex
626 591 828 662 glorias
851 588 879 644 ?
913 612 933 639 ι

646 768 978 834 ΟυίΕδΤΙΟ
1000 766 1165 822 CXXX
1198 764 1401 836 [CoisL
1444 763 1593 825 CLII,
1635 762 1816 816 Taur.
1851 760 2003 831 CLI].

505 862 693 929 Quare
714 858 936 930 jejunii
962 864 1186 924 tempus
1220 852 1423 909 diebus
1460 850 1859 923 quadraginta
1907 853 2148 907 constet.

1710 278 1947 334 PHOTII
2006 274 2257 331 PATRIA
2267 273 2481 332 RCHAE
2517 274 2631 332 ΟΡ.

430 454 431 463 η
497 419 554 469 et
605 427 771 469 mare
810 409 1099 467 obediunt
1120 406 1220 465 ei?
1249 427 1281 462 vi
1308 406 1391 462 sic
1415 410 1471 462 et
1498 405 1737 469 coelum,
1770 405 2144 460 incarnatam

2271 401 2335 455 'm
2365 407 2453 454 καὶ
2482 404 2512 461 ἡ
2555 401 2797 455 θάλασσα
2820 408 2909 455 xui
2949 406 2997 457 οί
3028 406 3204 477 ἄνεμοι
3231 407 3588 461 ὑπακούουσιν
3622 410 3765 481 αύτῷ
3796 430 3809 477 ;

3766 282 3881 343 724

3798 436 3875 477 ;›)

2256 491 2389 543 οὓτω
2437 497 2525 544 καὶ
2584 493 2609 543 6
2655 492 2869 565 οὐρανὸς
2924 491 2969 544 ἐν
3026 499 3183 567 σαρκὶ
3239 494 3440 567 βλέπων
3488 502 3574 554 τὴν
3630 501 3875 566 θεότητα,

2258 581 2576 653 ξενιζόμενος
2623 582 2776 654 λέγει·
2817 586 2965 644 «Τίς
3018 582 3157 636 ἐστιν
3209 585 3361 647 οὗτος
3402 588 3427 637 6
3482 585 3734 659 βασιλεὺς
3788 600 3881 652 τῆς

2260 668 2458 738 ὃοξης;
2494 691 2521 721 ››

2829 766 3141 815 ΕΡΩΤΗΣΙΣ
3180 762 3303 817 ΡΛ’.

2264 853 2357 902 Διὰ
2410 870 2458 901 τι
2508 852 2533 901 6
2580 858 2676 911 τῆς
2716 856 2962 908 νηστείας
2988 858 3177 925 χρόνος
3204 852 3251 904 ἄν
3298 853 3354 925 μ’
3388 856 3612 928 ἡμέραις
3642 855 3879 931 ἀριθμεῖ-

3009 944 3093 975 ται
3127 941 3140 991 ;

1210 1024 1364 1072 Edita
1383 1036 1415 1071 a
1450 1022 1583 1071 Maio
1609 1022 1663 1082 (1.
1697 1035 1746 1070 c.
1775 1035 1827 1084 p.
1862 1021 1939 1076 99,
1971 1020 2101 1080 100).
2131 1044 2193 1056 -
2226 1018 2300 1069 De
2318 1019 2525 1082 jejunio
2555 1020 2917 1085 quadraginta
2944 1022 3172 1072 dierum.

579 1134 866 1198 Quaerunt
923 1126 1106 1199 aliqui
1141 1141 1153 1181 :
1183 1123 1374 1193 Quare
1418 1122 1628 1194 jejunii
1663 1128 1893 1192 tempus
1938 1120 2151 1174 diebus

502 1220 901 1293 quadraginta
981 1215 1154 1271 nobis
1204 1212 1728 1275 circumscribitur,
1794 1225 1903 1265 nec
1969 1223 2152 1278 usque

502 1310 572 1366 ad
619 1307 1060 1381 quinquaginta
1100 1304 1186 1358 vel
1227 1320 1295 1359 ac
1328 1301 1629 1369 sexaginta
1658 1298 2010 1363 extenditur,
2045 1313 2154 1353 nec

501 1401 715 1456 iterum
753 1399 898 1453 citra
946 1393 1344 1467 quadraginta
1414 1390 1707 1447 clauditur
1744 1389 1772 1444 ?
1800 1392 1924 1444 Non
1954 1388 2151 1444 solum

501 1488 680 1544 nobis
718 1486 800 1542 ita
830 1484 1112 1541 traditum
1144 1487 1253 1546 est,
1286 1480 1391 1536 sed
1412 1484 1468 1535 et
1492 1480 1621 1551 ipse
1648 1477 1919 1533 omnium
1960 1476 2155 1531 Domi-

502 1594 615 1633 nus
638 1582 692 1631 et
737 1575 1004 1631 Salvator
1028 1577 1249 1636 noster,
1279 1569 1582 1641 legislator
1634 1582 1839 1621 eorum
1881 1566 1983 1637 qui
2016 1569 2154 1620 sunt

501 1667 563 1723 in
589 1665 797 1737 gratia,
824 1661 1221 1735 quadraginta
1260 1657 1473 1713 diebus
1494 1656 1720 1711 videtur
1737 1654 2061 1725 jejunasse,
2092 1658 2156 1709 ut

505 1771 633 1810 cum
647 1753 726 1808 illi
742 1746 1433 1810 iusidiareturdiabolus,
1451 1746 1524 1799 ad
1547 1760 1802 1815 pugnam
1820 1748 2053 1815 paratus
2070 1741 2151 1797 in-

2271 1763 2317 1795 τε
2372 1743 2509 1813 αύτῷ
2569 1743 2881 1818 προσϐαλεῖν
2961 1745 3208 1819 [ἔμελλεν]
3276 1748 3301 1798 6
3368 1749 3651 1819 πειράζων,

504 1842 887 1898 veniretur.Et
904 1844 1038 1894 ante
1057 1837 1371 1892 Dominum
1392 1834 1565 1889 Eliam
1585 1833 1937 1904 prOphetam
1953 1832 2154 1887 eodem

504 1931 737 1988 dierum
764 1944 1010 1984 numero
1033 1928 1090 1981 in
1118 1924 1360 1997 jejuniis
1380 1930 1675 1979 moratum
1706 1922 1883 1976 fuisse
1921 1921 2152 1991 legitur,

505 2025 562 2077 et
582 2021 757 2075 etiam
786 2022 922 2074 ante
949 2016 1114 2072 illum
1158 2018 1419 2085 Moysen,
1448 2014 1507 2068 in
1552 2018 1754 2067 monte
1809 2010 1990 2076 Siuai,
2018 2027 2155 2066 cum

504 2109 582 2166 ad
612 2108 843 2164 tabulas
864 2106 1009 2176 legis
1027 2122 1061 2161 a
1079 2106 1194 2160 Deo
1213 2102 1581 2174 recipiendas
1603 2117 1728 2156 sese
1758 2106 2155 2170 compararet.

506 2198 765 2264 Quaestio
793 2212 932 2267 ergo
959 2211 1031 2251 ea
1059 2200 1163 2249 est.
1198 2193 1359 2248 Alius
1424 2192 1569 2247 forte
1626 2190 2073 2262 profundiorem
2104 2196 2161 2245 et

508 2288 941 2351 sublimiorem,
962 2301 1065 2340 nec
1091 2300 1215 2339 non
1242 2283 1579 2339 etaltiorem
1606 2282 1865 2351 etmagis
1893 2279 2159 2335 divinam

506 2393 774 2443 causam,
806 2374 993 2431 oculis
1018 2374 1095 2429 ad
1120 2373 1435 2445 praedictos
1460 2370 1617 2425 viros
1653 2371 1889 2425 attentis
1938 2376 1993 2424 et
2048 2367 2160 2423 ele-

509 2467 678 2531 vatis,
706 2465 892 2519 daret.
923 2464 1060 2529 Quae
1085 2466 1284 2517 autem
1320 2459 1571 2515 nobisin
1590 2465 1849 2513 mentem
1876 2466 2163 2515 venerunt

512 2554 802 2609 dicemus.
833 2551 941 2607 Sex
968 2550 1179 2605 diebus
1206 2551 1359 2604 Deus
1382 2548 1541 2602 hunc
1567 2553 1918 2618 praesentem
1948 2553 2003 2602 et
2030 2547 2163 2603 visi-

510 2642 692 2698 bilem
722 2641 1005 2696 mundum
1036 2638 1273 2701 creavit,
1304 2637 1558 2708 septima
1592 2642 1789 2692 autem
1821 2636 1910 2691 die
1936 2638 2160 2708 requie-

510 2730 595 2786 vit
627 2730 702 2785 ab
728 2728 885 2785 omni
914 2743 1113 2800 opere,
1138 2733 1192 2782 et
1214 2726 1394 2781 tinem
1412 2725 1766 2797 perpulchro
1783 2724 1947 2796 operi
1964 2724 2158 2791 dedit;

513 2823 977 2875 connumeratur
1008 2821 1206 2871 autem
1233 2814 1333 2870 illa
1376 2830 1511 2869 cum
1541 2814 1610 2869 iis
1638 2830 1769 2885 quae
1798 2820 1932 2869 sunt
1962 2820 2157 2879 antea,

511 2909 732 2964 sicutet
753 2922 932 2962 omne
956 2904 1236 2977 temporis
1272 2902 1521 2974 alicujus
1545 2904 1899 2974 principium
1924 2912 1978 2958 et
2004 2902 2156 2957 ﬁnis.

507 2997 569 3053 in
586 2984 995 3052 numeratione
1018 2995 1253 3050 illorum
1267 3009 1401 3066 quae
1422 2993 1732 3058 intersunt,
1771 3010 1898 3048 com
1911 2995 2163 3065 prehen-

507 3086 762 3156 duntur;
791 3091 1126 3156 etpraasens
1162 3082 1445 3137 saeculum
1471 3082 1750 3137 continua
1772 3082 2161 3140 hebdomadas

507 3176 568 3231 in
594 3177 834 3231 modum
861 3174 1061 3230 circuli
1111 3173 1257 3228 serie
1286 3173 1678 3242 componitur.
1724 3174 1945 3229 Octava
1970 3182 2161 3229 autem

508 3265 764 3321 futurum
812 3264 1097 3319 saeculum
1130 3262 1422 3329 designat,
1455 3266 1510 3314 et
1538 3260 2036 3332 (translationem)
2091 3279 2161 3318 ex

509 3353 621 3408 hoc
646 3356 937 3425 praesente
968 3351 1187 3408 saeculo
1219 3350 1276 3403 in
1306 3348 1467 3403 aliud
1507 3350 1814 3421 quoddam
1844 3353 2035 3419 magis
2078 3352 2163 3407 di-

508 3442 708 3497 vinum
737 3443 925 3496 otium
956 3446 1010 3495 et
1048 3442 1104 3495 in
1138 3439 1417 3510 quietem,
1472 3454 1606 3508 quae
1660 3445 1867 3495 octava
1922 3446 2163 3496 vocatur

509 3535 566 3585 et
590 3529 780 3601 prima
832 3535 888 3584 et
938 3546 1075 3584 una.
1127 3532 1346 3586 Octava
1389 3531 1653 3603 quidem,
1688 3545 1825 3583 cum
1882 3528 1956 3583 sit
1998 3528 2157 3584 aliud

510 3618 802 3689 quoddam
824 3620 1187 3674 interstitium
1207 3636 1310 3691 per
1328 3626 1565 3691 tempus
1583 3622 1717 3672 ante
1734 3617 2159 3672 hebdomadam

510 3714 1009 3771 consummatum,
1034 3709 1228 3780 prima
1245 3726 1406 3776 vero,
1430 3726 1567 3764 cum
1592 3710 1663 3762 sit
1689 3707 1918 3762 initium
1936 3706 2159 3778 requiei

509 3801 565 3853 et
596 3797 727 3851 vitae
762 3796 946 3853 magis
976 3796 1193 3853 divinas
1211 3803 1269 3853 et
1318 3798 1595 3859 melioris,
1621 3811 1739 3851 una
1767 3799 1988 3859 autem,
2017 3796 2162 3867 quia

509 3901 627 3941 non
661 3890 747 3940 est
802 3890 937 3955 post
974 3902 1105 3941 eam
1152 3886 1264 3942 alia
1312 3885 1653 3958 temporalis
1700 3884 2000 3957 periodus,
2056 3884 2161 3939 sed

508 3974 641 4047 ipsa
669 3978 757 4030 est
782 3975 905 4032 sine
929 3974 1045 4031 ﬁne
1066 3992 1340 4033 mansura

582 4150 716 4205 Istis
742 4164 886 4220 ergo
917 4152 1264 4223 praemissis,
1298 4152 1641 4223 quicunque
1674 4151 1993 4222 septimam
2022 4149 2160 4204 heb-

510 4237 789 4294 domadis
817 4239 997 4307 diem,
1024 4256 1159 4309 quae
1193 4245 1529 4311 esttempus
1560 4238 1866 4309 fugitivum
1898 4245 1953 4293 et
1984 4238 2161 4293 cadu-

511 4343 670 4397 cum,
700 4332 757 4382 et
787 4344 923 4382 cum
956 4328 1209 4396 fugitivis
1232 4334 1285 4383 et
1317 4327 1629 4398 fragilibus
1681 4327 2079 4398 pertransiens
2107 4331 2162 4381 et

512 4416 779 4482 efﬂuens,
816 4432 1024 4471 sensus
1052 4433 1263 4472 omnes
1288 4417 1696 4488 iniquitatibus
1727 4421 1783 4471 et
1814 4417 2157 4486 passionum

514 4505 746 4561 turbine
791 4503 1213 4571 fascinabant;
1274 4507 1542 4561 auditum
1602 4504 1847 4576 quidem
1893 4506 2160 4558 cantibus

513 4595 853 4649 meretriciis
875 4600 930 4649 et
951 4595 1229 4649 omnibus
1273 4595 1438 4649 istius
1471 4594 1703 4665 generis
1744 4592 2112 4665 repleverant
2145 4609 2158 4659 ;

511 4682 673 4738 visus
723 4688 921 4737 autem
974 4682 1083 4737 illis
1136 4684 1477 4738 enervantia
1528 4681 1858 4753 spectacula
1905 4697 1918 4746 ;
1968 4685 2161 4735 tactus

512 4772 690 4828 etiam
733 4777 786 4826 et
818 4778 1027 4841 gustus
1058 4777 1111 4826 et
1139 4772 1409 4836 olfactus,
1440 4787 1512 4827 ne
1564 4772 1637 4826 de
1689 4770 1923 4840 singulo
1979 4786 2161 4825 Sensu

512 4861 813 4933 loquendo
832 4877 1150 4917 sermonem
1174 4862 1409 4931 longius
1426 4862 1785 4933 protraham,
1802 4859 2018 4931 quibus
2040 4875 2159 4914 non

513 4950 651 5006 licet
680 4949 1074 5023 applicantur,
1110 4951 1191 5007 ita
1221 4956 1285 5005 ut
1313 4951 1389 5006 illi
1415 4950 1945 5005 indiscriminatum
1991 4950 2067 5003 ad
2095 4964 2164 5003 ea

514 5054 651 5111 quas
688 5044 900 5093 natura
934 5038 1044 5094 illis
1075 5038 1262 5104 affert,
1298 5046 1350 5095 et
1380 5056 1512 5112 qua:
1533 5055 1568 5096 a
1599 5039 1727 5110 lege
1780 5038 1984 5093 divina
2041 5053 2163 5093 non

518 5126 930 5200 prohibentur,
984 5144 1112 5184 sese
1164 5128 1375 5185 ferant.
1433 5130 1704 5201 Quinque
1756 5142 1895 5197 ergo
1952 5142 2163 5182 sensus

518 5232 657 5273 cum
689 5215 770 5269 ita
801 5215 1089 5289 inquinati
1122 5219 1237 5274 sint
1258 5224 1311 5274 et
1333 5216 2161 5289 contaminatiapassionibus

517 5310 573 5363 et
622 5304 1108 5361 inclinationibus
1156 5323 1308 5379 quas
1355 5309 1415 5362 in
1445 5307 1560 5362 hoc
1603 5310 1872 5379 tempore
1911 5304 2162 5375 fugitivo

518 5392 947 5459 contrahimus,
979 5394 1210 5450 illorum
1235 5396 1563 5467 puriﬁcatio
1604 5401 1661 5451 et
1716 5396 1793 5451 ad
1848 5394 2162 5466 pristinum

518 5482 803 5541 restitutio
846 5499 967 5538 non
1008 5483 1131 5540 ﬁeri
1176 5490 1369 5556 potest
1422 5485 1752 5540 secundam
1803 5484 2056 5539 formam
2110 5488 2165 5540 et

518 5572 913 5630 imitationem
940 5573 1167 5649 fugitivi
1197 5581 1253 5629 et
1280 5576 1541 5651 perversi
1599 5575 1901 5653 temporis,
1966 5574 2164 5646 potius

2334 1124 2562 1177 Ζητοῡσί
2615 1138 2765 1181 τινες·
2818 1126 2880 1173 Τί
2935 1118 3187 1179 δήποτ·εὸ
3238 1131 3327 1183 τῆς
3384 1128 3633 1186 νηστείας
3682 1130 3881 1198 χρόνος

2262 1206 2309 1259 ἐν
2361 1210 2580 1281 ἡμέραις
2640 1211 2764 1280 ἡμῖν
2844 1210 2896 1281 μ’
2975 1214 3372 1285 περιγράφεται·
3460 1218 3549 1265 καὶ
3625 1218 3749 1266 οὔτε
3806 1216 3883 1276 εἰς

2263 1301 2347 1348 τὸν
2400 1302 2751 1355 πεντηκοστὸν
2832 1300 2862 1359 ἡ
2942 1299 3222 1362 ἑξηκοστὸν
3302 1307 3689 1375 παρατείνεται,
3750 1301 3883 1357 add”:

2263 1385 2403 1447 ἐντὸς
2447 1387 2597 1439 πάλιν
2641 1396 2740 1439 τῶν
2790 1388 2841 1459 μ’
2899 1389 3238 1463 περικλείεται
3270 1407 3283 1457 ;
3316 1396 3406 1443 xui
3453 1391 3559 1461 οὐχ
3603 1394 3735 1463 ἡμῖν
3784 1398 3881 1465 μό-

2261 1495 2344 1527 νον
2403 1474 2537 1527 οὓτω
2590 1473 2971 1549 παραδέδοται,
3034 1476 3163 1530 ἀλλὰ
3221 1484 3311 1531 καὶ
3360 1480 3517 1540 αὐτὸς
3592 1482 3618 1531 ὁ
3699 1486 3884 1543 κοινὸς

2264 1570 2525 1625 Δεσπότης
2616 1570 2705 1618 καὶ
2790 1572 2968 1640 Σωτὴρ
3050 1570 3218 1638 ἡμῶν,
3297 1570 3322 1619 6
3407 1571 3695 1640 νομοθέτης
3774 1579 3879 1623 τῶν

2263 1654 2312 1706 ἐν
2366 1662 2426 1726 τῇ
2487 1654 2695 1727 χάριτι,
2748 1654 2799 1726 μ’
2853 1658 3048 1729 ἡμέρας
3098 1661 3332 1727 φαίνεται
3377 1660 3690 1723 νηστεύσας,
3753 1661 3880 1711 ὁπό-

3747 1752 3880 1822 πρὸς

2267 1831 2440 1904 ἀγῶνα
2470 1829 2741 1885 ἁπεδύετο·
2792 1840 2880 1887 καὶ
2924 1839 3022 1906 πρὸ
3068 1854 3127 1906 ’γε
3156 1844 3247 1888 τοῦ
3288 1842 3549 1889 Δεσπότου
3593 1838 3618 1888 6
3664 1845 3881 1913 προφή-

2268 1942 2359 1984 της
2410 1921 2605 1991 Ἠλίας,
2651 1926 2907 1983 τοσαύτας
2962 1926 3155 1998 ἡμέρας
3210 1921 3461 1977 διανύσαι
3500 1924 3549 1977 ἐν
3606 1931 3883 1987 νηστείαις

2267 2009 2674 2085 ἀναγέγραπται·
2722 2017 2811 2064 xui
2873 2015 2948 2064 ἔτι
2999 2016 3097 2086 πρὸ
3146 2016 3334 2065 τούτου
3388 2014 3626 2075 Μωῦσῆς
3696 2014 3747 2066 ἐν
3802 2025 3879 2085 τῷ

2268 2105 2451 2171 Σιναίῳ
2510 2104 2616 2174 ὄρει
2672 2103 2828 2159 ἡνίκα
2882 2104 2975 2162 τὰς
3031 2101 3229 2162 πλάκας
3288 2104 3455 2154 θεόθεν
3508 2102 3681 2155 λαϐεῖν
3743 2124 3883 2177 παρ-

2270 2189 2595 2250 εσκευάζετο·
2676 2192 2705 2248 ἡ
2762 2192 2853 2261 μὲν
2906 2191 2993 2242 οὖν
3059 2190 3279 2251 ζήτησις
3337 2192 3493 2249 αὓτη.
3551 2191 3714 2247 Ἀλλὰ
3772 2196 3879 2267 γὰρ

2271 2282 2362 2335 τὴν
2419 2281 2508 2349 μὲν
2568 2277 2858 2351 βαθυτέραν
2906 2284 2994 2331 καὶ
3050 2279 3462 2355 ἀπορρητοτέραν
3520 2282 3691 2333 αἰτίαν
3748 2286 3881 2341 ἴσως

2272 2368 2331 2418 οἷν
2382 2387 2462 2429 τις
2515 2367 2666 2429 ἄλλος
2712 2371 2847 2420 κατὰ
2896 2374 3017 2429 τούς
3071 2374 3475 2443 προειρημένους
3536 2367 3740 2441 ἄνδρας
3782 2371 3883 2422 ἁν-

2273 2459 2491 2528 ηγμένος
2548 2475 2601 2508 τε
2653 2461 2741 2508 καὶ
2792 2459 3075 2529 μετάρσιος
3119 2461 3211 2515 τὴν
3263 2459 3496 2531 θεωρίαν,
3545 2458 3881 2534 ὑψηλοτέραν

2271 2565 2325 2597 τε
2380 2550 2469 2597 καὶ
2530 2547 2787 2618 θειοτέραν
2843 2543 3181 2599 ἁποδώσειεν·
3248 2546 3282 2598 ἆ
3351 2543 3410 2600 δὲ
3480 2548 3549 2609 εἰς
3621 2551 3880 2623 ἡμετέραν

2272 2636 2364 2693 ἧκε
2419 2636 2670 2705 μάθησιν,
2731 2633 2958 2707 ἐροῦμεν.
3020 2635 3100 2688 Ἐν
3156 2636 3208 2698 ἓξ
3260 2638 3475 2708 ἡμέραις
3527 2639 3551 2688 6
3602 2641 3730 2698 Θεὸς
3790 2644 3878 2690 τὸν

2272 2727 2501 2794 παρόντα
2552 2728 2640 2775 καὶ
2685 2726 2935 2798 ὁρώμενον
2988 2732 3168 2776 τοῦτον
3221 2730 3417 2797 κόσμον
3476 2723 3878 2801 ἐδημιούργησε

2270 2821 2331 2884 τῇ
2390 2808 2449 2863 δε
2503 2809 2699 2885 ἑϐδόμη
2756 2818 3051 2865 κατέπαυσε
3108 2818 3197 2885 μὲν
3252 2812 3351 2865 ἀπὸ
3406 2823 3505 2865 τῶν
3574 2818 3735 2887 ἔργων
3785 2823 3879 2869 καὶ

2270 2903 2424 2972 πέρας
2475 2903 2624 2959 ἔθηκε
2696 2910 2767 2971 τῷ
2850 2903 3278 2974 φιλοτεχνήματι·
3362 2907 3763 2976 συναριθμεῖται
3816 2904 3877 2960 δὲ

2271 2995 2360 3040 καὶ
2415 2989 2544 3047 αὕτη
2603 2998 2714 3050 ταῖς
2761 2996 2859 3065 πρὸ
2916 2992 3095 3059 αὐτῆς,
3150 2991 3323 3065 ὣσπερ
3381 2998 3471 3044 καὶ
3531 3001 3678 3045 πᾶσα
3727 2994 3875 3066 ἀρχή

2271 3082 2466 3151 χρόνον
2514 3082 2652 3140 τινὸς
2703 3084 2791 3131 xui
2830 3084 2986 3151 πέρας
3019 3079 3066 3131 ἐν
3120 3089 3180 3153 τῇ
3217 3083 3603 3153 συναριθμησει
3650 3092 3749 3134 τῶν
3791 3104 3882 3155 με-

2273 3166 2399 3229 ταξὺ
2465 3167 3029 3241 συμπεριλαμϐάνεται’
3077 3174 3165 3219 καὶ
3237 3171 3261 3220 6
3342 3175 3520 3242 παρὼν
3603 3172 3731 3222 αἰὼν
3783 3182 3878 3235 τῆς

2274 3253 2569 3329 ἑϐδομάδος
2646 3266 2879 3329 συνεχῶς
2959 3257 3395 3329 ἀνακυκλούμενος
3490 3258 3868 3332 ἁπαρτίζεται’

2273 3348 2302 3404 ἡ
2355 3342 2414 3398 δὲ
2462 3342 2651 3417 ὀγδοὰς
2694 3352 2781 3398 τὸν
2824 3345 3070 3419 μέλλοντα
3116 3346 3277 3398 αἰῶνα
3316 3344 3491 3410 δηλοῖ,
3548 3354 3639 3401 καὶ
3692 3354 3780 3401 τὸν
3820 3352 3877 3402 ἐκ

2273 3442 2362 3486 τού
2414 3441 2660 3509 παρόντος
2722 3435 2788 3495 εἰς
2846 3435 3002 3493 ἄλλην
3063 3437 3179 3487 τινὰ
3242 3437 3498 3510 θειοτέραν
3580 3436 3727 3500 λῆξιν
3785 3445 3874 3491 καὶ

2271 3526 2615 3591 κατάστασιν,
2678 3523 2790 3584 ἣτις
2840 3529 2928 3575 καὶ
2989 3520 3179 3594 ὀγδοὰς
3231 3524 3465 3577 καλεῖται
3546 3532 3636 3578 καὶ
3690 3535 3871 3599 πρώτη

2272 3618 2359 3664 xui
2416 3617 2529 3685 μία³
2586 3609 2781 3683 ὀγδοὰς
2846 3616 2935 3684 μὲν
2993 3616 3062 3673 ὡς
3113 3612 3233 3664 ἄλλο
3277 3633 3328 3664 τι
3377 3611 3658 3686 διάστημα
3734 3621 3874 3689 παρὰ

2271 3704 2357 3752 τὸν
2432 3702 2889 3775 συμπληρούμενον
2955 3708 3147 3776 χρόνον
3228 3706 3327 3774 πρὸ
3408 3711 3499 3764 τῆς
3578 3701 3875 3776 ἑϐδομάδος

2272 3791 2611 3865 ύπάρχουσα’
2672 3797 2849 3863 πρώτη
2899 3788 2957 3842 δὲ
2996 3794 3059 3851 ὡς
3092 3790 3235 3865 ἀρχὴ
3278 3787 3414 3842 οὖσα
3457 3791 3652 3854 λήξεως
3701 3794 3874 3869 ἐτέρας

2272 3884 2360 3931 xui
2411 3879 2673 3939 πολιτείας
2739 3881 2992 3953 θειοτέρας
3050 3885 3137 3932 καὶ
3192 3878 3474 3951 ἀμείνονος·
3532 3886 3631 3953 μία
3688 3879 3748 3935 δὲ
3806 3886 3873 3945 ως

2272 3968 2365 4020 οὐκ
2422 3972 2625 4039 ἔχουσα
2669 3969 2775 4040 μετ’
2832 3969 3015 4037 αὐτὴν,
3064 3969 3235 4041 ἑτέραν
3292 3974 3549 4043 χρονικήν
3604 3968 3871 4042 περίοδον,

2271 4056 2378 4109 ἀλλ’
2411 4058 2539 4115 αύτὴ
2574 4056 2918 4118 ἀτελευτήτως
2952 4059 3273 4129 ὑπάρχουσα
3302 4064 3392 4111 καὶ
3424 4055 3774 4131 διαμένουσα.

2344 4149 2548 4199 Τούτων
2607 4146 2741 4199 οὓτω
2825 4150 3313 4221 προτεθεωρημένων
3384 4150 3531 4220 ἡμῖν,
3610 4149 3730 4201 ὅσοι
3787 4153 3875 4221 μὲν

2272 4233 2498 4308 ἑϐδόμην
2555 4239 2688 4288 κατὰ
2742 4241 2834 4293 τὴν
2875 4233 3151 4307 ἑϐδομάδα
3199 4236 3470 4310 βούλοιντο
3525 4242 3612 4289 τὸν
3657 4239 3875 4312 ῥευστὸν

2270 4334 2449 4378 τοῦτον
2498 4331 2687 4398 χρόνον
2736 4331 2824 4377 xui
2882 4325 3127 4398 ἐπίκηρον
3178 4331 3268 4379 καὶ
3324 4334 3433 4387 τοῖς
3484 4326 3731 4402 ῥευστοῑς
3784 4334 3873 4380 καὶ

2272 4417 2519 4488 φθαρτοῖς
2574 4419 3165 4487 συμπαραμετρούμξνόν
3208 4434 3259 4466 τε
3307 4420 3395 4466 καὶ
3448 4416 3877 4491 συμπαραῤῥέον-

2270 4524 2354 4573 τα,
2389 4505 2532 4556 οὗτοι
2561 4512 2674 4564 ταῖς
2702 4504 2980 4575 ἁμαρτίαις
3019 4510 3108 4555 καὶ
3137 4513 3235 4555 τῶν
3264 4507 3437 4556 παθῶν
3483 4512 3545 4576 τῇ
3591 4503 3759 4575 ἁχλύι
3784 4510 3874 4568 τὰς

2273 4594 2549 4654 αἰσθήσεις
2586 4596 2759 4653 πάσας
2796 4590 3240 4651 κατεκηλίδωσανο
3275 4599 3364 4645 xui
3395 4592 3553 4651 ἀκοὴν
3587 4598 3677 4657 μεν
3718 4595 3872 4652 ἔπλη-

2275 4702 2369 4735 σαν
2401 4682 2649 4755 ἀσμάτων
2680 4689 2934 4754 πορνικῶν
2965 4686 3047 4732 καὶ
3080 4690 3177 4733 τῶν
3209 4681 3307 4733 ὃσα
3339 4685 3538 4742 τούτοις
3572 4688 3871 4735 συνέπεται’

2272 4777 2360 4824 καὶ
2392 4771 2510 4842 ὄψις
2541 4775 2628 4843 μὲν
2678 4770 2854 4830 αὐτοῖς
2901 4773 2967 4821 τὰ
3004 4769 3325 4843 ψυχοφθόρα
3356 4773 3606 4842 θεάματα’
3662 4774 3768 4843 ἀιφὴ
3819 4769 3877 4825 δε

2272 4866 2361 4913 καὶ
2415 4868 2593 4931 ’γεῦσις
2658 4864 2747 4911 xui
2802 4864 3080 4933 ὄσφρησις,
3142 4858 3225 4911 ἵνα
3280 4863 3352 4931 μὴ
3409 4862 3734 4911 καθέκαστον
3798 4862 3875 4913 αἰ-

2276 4951 2560 5022 σθητήριον
2606 4948 2760 5019 )έγων
2809 4948 2875 5008 εἰς
2917 4957 3081 5019 μῆκος
3138 4946 3385 5000 ἁποτείνω
3438 4952 3525 4999 τὸν
3571 4948 3747 5020 λόγον,
3801 4952 3875 5012 οἷς

2273 5037 2330 5089 ού
2382 5040 2525 5109 θέμις
2582 5033 3024 5109 ἐνδιατρίϐουσινθ
3078 5036 3129 5098 ἐξ
3172 5036 3238 5087 ὧν
3280 5036 3459 5097 αὐτοῖς
3506 5034 3875 5110 ἁκατακρίτως

2272 5126 2307 5179 ἃ
2336 5146 2388 5179 τε
2416 5129 2446 5184 ἡ
2485 5129 2638 5199 φύσις
2668 5130 2964 5198 παρέσχετο
3011 5130 3099 5177 καὶ
3153 5126 3185 5176 ά
3232 5130 3303 5197 μὴ
3360 5128 3492 5187 θεῖος
3530 5131 3684 5198 νόμος
3734 5127 3869 5179 ἑκώ-

2272 5216 2416 5284 λυσε,
2469 5221 2586 5289 περὶ
2634 5223 2799 5267 ταῦτα
2849 5214 3277 5287 ἀναστρέφεσθαι.
3331 5222 3441 5268 Τῶν
3495 5211 3582 5267 οὖν
3640 5215 3690 5266 ἐν
3751 5219 3875 5287 ἡμῖν

2274 5305 2310 5358 ε’
2364 5307 2660 5364 αισθήσεων
2738 5303 2888 5364 ούτος
2944 5302 3310 5379 ίρρυπωμένων
3366 5322 3416 5355 τε
3492 5309 3583 5356 καὶ
3650 5303 3875 5377 λελυμα-

2278 5399 2472 5467 σμένων
2521 5396 2619 5446 ὑπὸ
2670 5402 2770 5445 τῶν
2810 5394 2985 5446 παθῶν
3023 5411 3079 5444 τε
3134 5397 3225 5444 καὶ
3276 5401 3371 5453 τῆς
3415 5393 3558 5467 ῥοῆς,
3612 5393 3650 5444 ἆ
3700 5391 3750 5444 ἄν
3810 5402 3875 5464 τῷ

2274 5486 2436 5558 ῥέοντι
2508 5481 2969 5558 προσ-λαμϐάνομεν
3031 5486 3226 5553 χρόνῳ,
3303 5484 3494 5534 τούτων
3579 5483 3609 5539 ἡ
3672 5484 3876 5555 κάθαρ-

2279 5592 2359 5637 σις
2404 5577 2494 5631 xui
2552 5574 2581 5631 ἡ
2657 5572 2724 5633 εἰς
2780 5576 2837 5625 τὸ
2887 5570 3111 5647 ἀρχαῖον
3172 5569 3606 5631 ἀποκατάστασις
3668 5572 3764 5624 ούκ
3821 5570 3874 5625 5w
