4116 6194
330 277 441 336 725
1212 278 1310 334 AD
1349 278 1897 336 AMPHILOCHIUM
1937 278 2260 348 QU/ESTIO
2298 281 2514 348 CXXX,
2558 280 2808 337 CXXXI.
3586 285 3694 341 726

326 404 528 474 γένοιτό
584 405 718 456 κατά
771 405 858 456 τὸν
910 402 1070 456 τύπον
1127 409 1215 457 καὶ
1268 409 1360 464 τήν
1414 411 1638 479 μίμησιν
1686 414 1777 459 τοῦ
1820 407 1919 480 βενε

2044 423 2186 464 vero
2209 409 2540 464 secundum
2565 405 3005 463 ordinationem
3029 408 3085 462 et
3107 405 3480 480 disciplinam
3504 413 3559 465 et
3580 410 3697 467 for-

333 502 460 545 στοῦ
518 498 608 546 καὶ
661 493 1118 569 φιλαμαρτήμονος
1173 501 1388 567 χρόνον
1445 500 1578 548 κατὰ
1635 501 1724 555 τήν
1786 497 1931 559 τάξιν

329 577 388 634 δὲ
438 581 626 653 μᾶλλον

325 670 559 733 ἀπαθοῦς
628 691 681 724 τε
749 677 838 724 καὶ
905 671 1190 747 άρῥεῦστου
1266 679 1355 726 καὶ
1413 673 1747 732 ἀτελευτήτου
1800 679 1929 748 χρόο

717 588 803 636 καὶ
871 580 1238 654 παιδαγωγίαν
1314 589 1402 636 καὶ
1478 584 1760 657 ἐκμίμησιν
1835 593 1930 637 τοῦ

323 778 412 812 νου
481 778 497 794 ο
583 761 636 812 ὃν
720 762 745 813 ό
837 761 984 834 λόγος
1059 767 1244 837 μικρόν
1333 765 1522 816 ἄνωθεν
1603 761 1794 835 ὀγδόην
1875 783 1928 815 τε

325 855 417 902 καὶ
498 856 706 926 πρώτην
787 856 876 903 καὶ
955 857 1079 924 μίαν
1163 849 1400 916 ἐδίδαξεν
1493 845 1923 926 ἐπονομάζεσθαι.

322 939 466 992 Ἐπεὶ
531 937 618 992 οὖν
685 942 738 992 αἱ
795 939 828 992 ε’
889 940 1160 1003 αἰσθήσεις
1215 944 1361 1014 ἡμῶν
1427 942 1510 995 ἐπὶ
1575 949 1666 1002 τήν
1734 940 1926 1015 ὀγδοά-

325 1025 397 1080 δα
439 1029 1020 1101 πολλαπλασιαζόμεναι
1066 1035 1151 1083 τόν
1191 1030 1242 1102 μ’
1282 1031 1618 1086 ἀποτελοῦσιν
1685 1032 1921 1106 ἀριθμόνσ

323 1114 418 1170 διά
449 1114 508 1170 δὲ
560 1126 660 1170 τῶν
714 1117 745 1170 ε’
774 1119 1070 1178 αἰσθήσεων
1099 1119 1264 1192 ζῶμέν
1318 1141 1372 1173 τε
1429 1127 1517 1174 καὶ
1575 1125 1667 1184 τὰς
1716 1121 1928 1195 πράξεις

320 1206 646 1279 ἐπιτελοῦμεν
726 1209 848 1260 ὅσαι
920 1227 972 1260 τε
1035 1208 1218 1280 φαῦλοι
1275 1215 1362 1262 καὶ
1427 1212 1545 1263 ὅσαι
1613 1212 1680 1272 εἰς
1735 1210 1924 1285 ἀρετῶν

318 1294 658 1368 ἀναφέρονται
723 1297 894 1368 λόγον,
953 1297 1162 1360 εἰκότως
1219 1295 1312 1350 διὰ
1358 1299 1414 1372 μ’
1477 1302 1679 1374 ἡμερῶν
1736 1303 1924 1360 ταύτας

317 1387 654 1459 καθαίρομεν,
716 1391 804 1438 καὶ
868 1392 1044 1439 πᾶσαν
1111 1387 1294 1449 αὐταῖς
1362 1389 1588 1463 ἰατρείαν
1641 1391 1922 1464 προσάγειν

315 1473 692 1546 παρελάϐομεν,
747 1475 882 1527 οὕτω
930 1479 1064 1528 κατά
1107 1480 1302 1539 ταύτας
1343 1478 1708 1531 πολιτεύεσθαι
1757 1481 1825 1539 ὡς
1863 1477 1924 1529 ἂν

317 1566 349 1622 ἡ
403 1565 618 1636 ὀγδοὰς,
674 1563 800 1617 ἀλλά
840 1569 909 1630 μή
943 1568 1000 1618 τὸ
1050 1566 1266 1638 ῥευστόν
1315 1576 1409 1629 τῆς
1458 1565 1749 1640 ἑϐδομάδος
1803 1567 1920 1619 ἐπι-

2043 515 2205 553 mam
2235 498 2620 571 impassibilis
2651 503 2704 554 et
2737 497 3128 553 immutabilis
3154 503 3208 553 et
3237 499 3438 552 mterni
3469 505 3696 572 tempo-

2039 588 2136 652 ris,
2169 588 2334 660 quod
2382 588 2561 658 paulo
2609 588 2883 660 superius
2923 592 3199 642 octavam
3229 587 3610 662 primamque
3639 594 3695 648 et

2039 693 2224 732 unam
2250 679 2447 733 vocari
2476 677 2813 732 didicimus
2845 676 2992 731 Cum
3023 692 3165 745 ergo
3187 678 3446 750 quinque
3475 694 3691 733 sensus

2038 767 2217 822 nostri
2249 783 2348 836 per
2369 774 2642 822 octavam
2671 767 3042 838 multiplicati
3069 766 3462 838 quadraginta
3483 784 3691 822 nume-

2036 872 2168 910 rum
2199 855 2479 924 efﬁciant,
2515 873 2616 928 per
2631 856 2900 929 quinque
2927 862 3124 912 autem
3151 872 3362 912 sensus
3391 857 3684 925 vivamus,

2036 950 2092 1000 et
2122 945 2381 1001 actiones
2434 945 2558 1001 sive
2585 950 2806 1017 turpes,
2841 945 2965 1000 sive
3021 945 3248 1000 virtutis
3278 946 3564 1001 habentes
3595 963 3687 1002 ra-

2034 1035 2258 1090 tionem
2275 1034 2628 1100 efﬁciamus,
2656 1034 2862 1090 merito
2885 1034 3013 1089 illos
3029 1051 3126 1106 per
3139 1035 3539 1105 quadraginta
3560 1035 3685 1090 dies

2035 1123 2444 1194 puriﬁcamus,
2476 1129 2530 1179 et
2557 1124 2665 1178 illis
2693 1140 2937 1178 omnem
2965 1124 3338 1179 sanationem
3364 1141 3685 1195 procurare

2034 1213 2414 1284 suscipimus,
2449 1212 2529 1268 ita
2555 1212 2686 1268 illos
2713 1214 2991 1281 regentes
3027 1217 3085 1266 ut
3109 1217 3336 1278 octava,
3363 1218 3422 1268 at
3451 1229 3573 1268 non
3607 1212 3692 1268 fu-

2035 1302 2215 1372 gitiva
2243 1301 2622 1356 hebdomada
2649 1301 2863 1372 dirigat
2909 1305 2963 1356 et
2986 1301 3254 1372 imperet.
3313 1301 3459 1356 Huic
3489 1309 3691 1358 autem

2035 1389 2337 1444 sentcntiae
2371 1395 2610 1444 sanctus
2661 1389 2920 1445 Joannes
2968 1387 3685 1459 Constantinopolitanus,

2034 1478 2093 1532 in
2127 1477 2327 1549 aliqua
2357 1493 2427 1532 ex
2460 1477 2578 1531 suis
2609 1477 2982 1532 orationibus
3038 1493 3173 1548 quas
3206 1477 3444 1532 titulum
3483 1477 3689 1546 habet,

2037 1567 2114 1621 De
2137 1566 2387 1637 jejunio,
2418 1566 2778 1622 concordare
2810 1570 2865 1621 et
2894 1566 3209 1622 testiﬁcare
3240 1565 3490 1622 videtur.

320 1655 486 1726 τάττῃ
538 1673 592 1705 τε
636 1659 726 1706 καὶ
771 1651 1153 1712 διακελεύηται·
1229 1659 1390 1729 ταύτῃ
1445 1653 1503 1709 δὲ
1548 1659 1693 1729 ἡμῶν
1753 1664 1814 1729 τῇ
1890 1659 2079 1730 θεωρίᾳ
2154 1660 2242 1707 καὶ
2300 1657 2325 1706 ό
2385 1655 2533 1726 ἅγιος
2609 1655 2850 1716 Ἰωάννης
2916 1657 2942 1706 ό
3000 1656 3585 1718 Κωνσταντινουπόλεως
3641 1659 3689 1709 ἓν

319 1761 426 1793 τινι
455 1750 554 1794 τῶν
585 1745 744 1796 αὗτοῦ
771 1743 934 1815 λόγων
961 1744 1012 1796 ὃ5
1046 1743 1439 1820 ἐπιγέγραπται,
1476 1751 1599 1818 Περὶ
1624 1751 1879 1812 νηστείας,
1909 1741 2146 1816 συνᾴδων
2178 1763 2230 1795 τε
2255 1748 2345 1795 καὶ
2377 1749 2869 1819 προμαρτυρόμενος
2889 1740 3263 1797 ἐπιδείκνυται.

875 1859 1189 1907 ΕΡΩΤΗΣΙΣ
1215 1860 1368 1908 ΡΛΑ.

820 1960 882 2013 Ti
912 1964 1129 2032 Λέγεται
1149 1969 1424 2034 μαγνῆτις.

2148 1852 2472 1919 ΟΗᾹΞΞΤΙΟ
2501 1852 2702 1909 CXXXI
2737 1852 2945 1926 [σοιἐι.
2980 1851 3162 1919 CLlll,
3202 1853 3378 1908 Taur.
3406 1851 3577 1926 CLII].

2577 1960 2733 2028 Quid
2777 1961 2851 2015 sit
2899 1975 3156 2032 magnes.

1381 2070 1533 2119 Edita
1565 2069 1754 2119 aMaio
1783 2068 1932 2133 (Nov.
1994 2067 2248 2124 Coll.t.I,
2282 2083 2332 2131 p.
2389 2068 2628 2129 125-127).

389 2163 456 2219 α’.
517 2172 785 2236 Μαγνῆτις
849 2167 970 2239 ὅπερ
1028 2165 1293 2241 ἐρώτησας
1349 2167 1582 2220 καλεῖται
1628 2170 1656 2225 ἡ
1704 2170 1791 2219 τὸν
1843 2171 1921 2218 σί-

315 2251 481 2328 δηρον
537 2253 759 2307 ἕλκουσα
800 2254 936 2316 λίθος
967 2272 978 2285 ·
1013 2257 1091 2307 ὅτι
1137 2259 1420 2328 Μάγνητας
1472 2253 1669 2329 ἄνδρας
1721 2255 1922 2327 λιθοφό-

311 2363 453 2416 ρους,
499 2341 771 2414 ἀρχηγοὺς
817 2363 944 2416 φησι
1003 2347 1243 2416 εὑρέσεως
1296 2347 1454 2406 αὐτῆς
1510 2339 1771 2416 γενέσθαι,
1830 2349 1920 2396 καὶ

310 2441 412 2491 τῆς
437 2431 684 2505 ἐνεργείας
739 2431 807 2493 εἷς
837 2441 1027 2503 γνῶσιν
1078 2432 1236 2486 ἐλθεῖν
1287 2451 1298 2464 ’
1333 2434 1626 2509 λιθοφόροις
1675 2437 1799 2508 γὰρ,
1850 2435 1920 2494 ὡς

312 2521 470 2584 ἔοικε,
530 2528 782 2592 κρηπῖσιν
839 2518 1207 2594 ὑποδεδεμένοι
1260 2523 1422 2587 οὗτοι,
1482 2522 1589 2576 ἐπεὶ
1646 2527 1780 2574 κατὰ
1818 2530 1918 2593 γῆς

311 2604 655 2679 σιδηρίτιδος
684 2610 852 2684 ἠρέμα
900 2608 1208 2682 βαδίζοντες
1251 2616 1496 2684 γένοιντο,
1551 2611 1749 2686 βάρους
1779 2616 1916 2674 τινός

309 2702 404 2749 καὶ
446 2694 795 2756 δυσκινησίαν
852 2706 1249 2773 προσεχομένων
1298 2710 1397 2754 τῶν
1453 2701 1639 2773 ψήφων
1687 2709 1796 2762 τοῖς
1837 2721 1915 2754 σι-

313 2783 526 2860 δηρίοις
575 2787 1009 2861 ἀντελαμϐάνοντο
1071 2809 1083 2822 ο
1144 2793 1320 2863 θαῦμα
1353 2788 1412 2843 δὲ
1453 2796 1781 2866 προσπίπτον
1824 2791 1912 2842 αὖ·

308 2883 442 2941 τοῖς,
476 2881 718 2952 καὶπρὸς
766 2879 990 2939 ζήτησιν
1031 2887 1123 2941 τῆς
1171 2880 1344 2942 αἰτίας
1375 2879 1665 2944 ἀνακινοῦν,
1711 2885 1803 2938 τὴν
1835 2881 1913 2933 εῦ-

309 2983 456 3037 ρεσιν
482 2974 782 3038 παρασχεῖν
821 2976 912 3028 τῆς
958 2966 1005 3019 ἐν
1050 2976 1111 3040 τῇ
1144 2967 1268 3039 λίθῳ
1301 2967 1568 3040 δυνάμεως
1607 2985 1618 2997 ⁶
1663 2969 1720 3021 οὗ
1759 2973 1910 3040 μόνον

313 3050 376 3106 δὲ
428 3063 686 3126 μαγνῆτις
739 3056 870 3114 αὕτη
931 3057 1184 3124 καλεῖται,
1246 3057 1372 3110 ἀλλά
1422 3078 1511 3110 και
1575 3055 1773 3127 Λυδία,
1828 3061 1914 3111 καὶ

305 3141 603 3216 Ἡράκλεια,
635 3150 722 3196 καὶ
754 3142 1036 3220 σιδηρῖτις
1087 3143 1169 3198 δεῖ
1204 3149 1305 3222 γάρ
1344 3166 1428 3199 σοι
1474 3144 1913 3218 σπουδαιολογου-

2114 2171 2158 2220 t.
2203 2169 2440 2235 Magnes
2482 2165 2555 2219 de
2595 2181 2714 2238 quo
2759 2181 2851 2220 me
2891 2165 3244 2233 interrogas,
3288 2165 3504 2222 dicitur
3543 2165 3689 2236 lapis

2032 2253 2249 2310 ferrum
2279 2255 2519 2310 trahens
2554 2272 2567 2310 :
2601 2255 2742 2327 quia
2792 2254 3073 2326 Magnesii
3098 2255 3369 2309 homines
3407 2255 3566 2309 hunc
3596 2255 3676 2310 la-

2027 2343 2233 2415 pidem
2267 2345 2629 2414 gestitantes,
2660 2343 2737 2398 rei
2767 2343 3102 2398 inventores
3134 2344 3404 2397 feruntur
3434 2343 3688 2416 ejusque

2028 2432 2148 2487 vim
2170 2433 2346 2504 primi
2372 2433 2650 2488 sensisse.
2679 2435 2824 2487 Nam
2853 2432 3123 2504 lapideis,
3186 2435 3245 2487 ut
3274 2431 3549 2486 credibile
3581 2437 3686 2498 est,

2027 2521 2284 2592 crepidis
2313 2521 2524 2586 induti,
2549 2522 2693 2576 dum
2724 2521 2929 2576 tellure
2973 2521 3128 2576 ferro
3150 2520 3496 2576 abundante
3531 2521 3686 2576 lente

2027 2610 2390 2677 incederent,
2426 2611 2858 2682 ponderitatem
2892 2611 3089 2665 nescio
3130 2626 3314 2682 quam
3361 2616 3684 2682 motusque

2025 2701 2459 2765 difﬁcultatem,
2517 2700 2878 2756 haerentibus
2940 2701 3091 2755 ferro
3146 2700 3390 2772 lapillis,
3456 2699 3678 2771 experti

2024 2795 2184 2845 sunt.
2215 2791 2313 2846 Rei
2355 2790 2638 2845 miraculo
2691 2789 2974 2845 commoti
3006 2795 3186 2861 atque
3219 2789 3297 2845 ad
3356 2805 3554 2844 causai
3583 2803 3675 2843 ve~

2023 2879 2395 2948 stigationem
2419 2879 2679 2950 impulsi,
2697 2879 2805 2933 vim
2825 2878 3009 2949 lapidi
3036 2878 3272 2933 insitam
3297 2893 3421 2932 esse
3455 2891 3676 2945 cogno-

2022 2971 2457 3040 verunt.Neque
2480 2981 2729 3038 magnes
2751 2966 3171 3022 tantummodo
3191 2965 3288 3020 hic
3306 2965 3460 3037 lapis
3477 2965 3674 3036 appel-

2018 3056 2192 3123 latur,
2226 3072 2432 3111 verum
2468 3055 2646 3111 etiam
2670 3054 2860 3126 lydius
2891 3060 2949 3110 et
2977 3053 3272 3110 heraclius
3297 3061 3349 3109 et
3378 3053 3668 3109 siderites.

2021 3147 2169 3201 Nam
2224 3145 2326 3200 tibi
2374 3144 2448 3200 de
2497 3144 2612 3200 hoc
2675 3143 2967 3199 vocabulo
2998 3147 3271 3199 accurate
3327 3142 3671 3214 inquirenti,

310 3237 446 3305 μένῳ
504 3239 617 3306 περὶ
690 3242 874 3303 ταῦτα,
941 3239 1030 3287 καὶ
1089 3238 1226 3308 ἡμᾶς
1301 3236 1909 3310 προσφιλοτιμήσασθαιο

2031 3249 2268 3305 aequum
2317 3239 2538 3290 estnos
2569 3234 2695 3305 pari
2751 3233 3064 3288 sedulitate
3124 3233 3504 3304 respondere.
3538 3232 3672 3287 Jam

313 3319 441 3374 ἀλλά
496 3324 596 3395 γὰρ
649 3320 913 3396 σιδηρῖτις
963 3329 1054 3397 μεν
1103 3325 1203 3377 ἀπὸ
1250 3334 1343 3388 τῆς
1396 3325 1646 3399 ἐνεργείας
1686 3326 1744 3386 ἧς
1795 3329 1913 3398 περὶ

307 3413 379 3462 τά
411 3407 634 3485 σιδήρια
686 3409 1006 3465 ἐνδείκνυται
1058 3431 1069 3443 ”
1125 3415 1167 3466 εἰ
1216 3413 1390 3487 βούλει
1436 3411 1494 3467 δε
1536 3421 1625 3467 καὶ
1682 3414 1781 3467 ἀπὸ
1819 3423 1916 3474 τῆς

311 3499 475 3570 ὄψεως
509 3518 520 3530 ·
572 3503 685 3572 ἔχει
739 3504 840 3576 γάρ
871 3523 921 3554 τι
965 3501 1169 3578 ἐμφερὲς
1213 3506 1342 3556 νατά
1404 3508 1496 3562 τὴν
1561 3510 1730 3577 χρόαν
1772 3503 1912 3578 ἀργῴ

309 3594 401 3641 καὶ
447 3588 588 3642 οὔπω
637 3586 1036 3664 διακαθαρθέντι
1069 3589 1274 3668 σιδήρῳ
1305 3611 1317 3623 °
1345 3592 1473 3645 ἀλλά
1525 3601 1610 3646 καὶ
1668 3590 1807 3646 διότι
1863 3593 1914 3656 ἐξ

311 3677 488 3752 ἀρχῆς
530 3680 782 3751 εὑρῆσθαί
825 3700 953 3752 φασι
1008 3681 1168 3740 αὑτήν
1226 3690 1330 3743 τοῖς
1386 3690 1474 3735 τοῦ
1531 3679 1757 3757 σιδήρου
1828 3702 1914 3755 με·

310 3768 514 3829 τάλλοις
559 3767 998 3842 ἀναμεμιγμένην
1062 3770 1337 3846 Ἡράκλεια
1393 3769 1452 3824 δὲ
1510 3775 1576 3834 ὡς
1633 3777 1722 3844 μέν
1777 3791 1914 3824 τισιν

313 3853 461 3920 ἔδοξε
492 3853 584 3910 διὰ
637 3862 694 3910 τὸ
726 3858 950 3931 ἰσχυρόν
990 3868 1083 3922 τῆς
1143 3859 1298 3922 ὁλκῆς
1347 3867 1435 3913 καὶ
1481 3865 1748 3934 κρατερόν·
1791 3860 1914 3932 μᾶλ-

310 3945 397 3997 λον
451 3941 500 3999 δ’
554 3947 614 3997 οἷν
655 3947 838 4021 ῥηθείη
889 3952 977 4006 τὴν
1032 3947 1323 4020 ἐπωνυμίαν
1372 3949 1551 4014 ἕλκειν,
1613 3945 1752 4002 διότι
1799 3954 1918 4020 περὶ

308 4034 617 4108 Ἡράκλειαν
649 4039 705 4088 τό
744 4045 964 4108 πρῶτον,
1018 4039 1084 4100 ὦς
1117 4057 1293 4109 φασιν,
1355 4035 1510 4109 ἐφάνη
1552 4055 1564 4067 ·
1616 4037 1917 4110 Ἡράκλειαν

315 4121 376 4176 δὲ
403 4127 451 4176 οἱ
497 4129 586 4197 μεν
645 4129 737 4184 τὴν
795 4129 844 4178 ἐν
895 4131 1070 4198 Πόντῳ
1131 4130 1446 4200 ἱστορήκασι
1506 4145 1517 4156 ’
1560 4133 1669 4188 τοῖς
1709 4123 1768 4178 δὲ
1801 4128 1829 4184 ἡ
1867 4126 1916 4177 ἐν

313 4216 622 4287 Σαμοθράκῃ
680 4211 850 4277 ἔδοξεν
882 4233 892 4244 ·
927 4215 1031 4269 εἰσὶ
1063 4213 1121 4268 δὲ
1169 4218 1240 4277 οἷς
1272 4216 1417 4290 ἑτέρα
1454 4225 1548 4278 τῆς
1601 4211 1920 4288 μαγνήτιδος

315 4305 345 4362 ἡ
389 4300 655 4376 σιδηρῖτις
711 4304 977 4374 νομίζεται
1037 4324 1048 4336 ο
1117 4305 1175 4363 ἣν
1233 4311 1321 4357 καὶ
1359 4305 1598 4379 λαμπρὰν
1653 4305 1774 4365 ὅλως
1830 4308 1920 4356 καὶ

317 4388 515 4462 διαυγῆ
564 4412 720 4465 φασιν
753 4389 900 4458 εἶναι,
943 4399 1031 4446 καὶ
1085 4401 1452 4469 μαρμαρυγαῖς
1505 4393 1923 4469 ἀργυριζοόσαις

313 4485 728 4555 χαρασσομένην
760 4479 830 4534 δι’
859 4482 976 4535 ὅλου
1006 4492 1096 4535 τοῦ
1141 4490 1376 4555 σώματος
1408 4501 1419 4513 ·
1461 4487 1536 4542 εἴη
1585 4481 1644 4536 δὲ
1683 4488 1772 4536 καὶ
1819 4490 1924 4536 Λυ-

2027 3322 2280 3377 sideritae
2303 3338 2524 3378 nomen
2547 3339 2582 3378 a
2623 3322 2679 3377 vi
2701 3323 2829 3393 ejus
2851 3338 3036 3394 quam
3058 3337 3200 3391 erga
3223 3320 3439 3376 ferrum
3465 3336 3673 3393 expro-

2027 3411 2123 3466 mit
2168 3410 2282 3465 dici
2331 3415 2608 3466 constat:
2667 3410 2777 3475 vel,
2831 3413 2877 3464 si
2918 3411 3130 3479 mavis,
3193 3415 3371 3465 etiam
3424 3409 3502 3464 ab
3547 3409 3675 3478 ejus

2027 3499 2222 3571 specie
2246 3515 2258 3553 :
2293 3501 2550 3555 estenim
2576 3500 2848 3570 ejusdem
2869 3499 3031 3555 color
3057 3515 3242 3572 prope
3267 3499 3474 3554 similis
3506 3503 3676 3554 natu-

2025 3589 2133 3644 rali
2173 3589 2568 3661 nondumque
2615 3590 2904 3646 defaecato
2935 3590 3088 3646 ferro
3117 3606 3130 3644 :
3163 3595 3278 3645 tum
3324 3591 3501 3645 etiam
3535 3589 3678 3661 quia

2026 3679 2317 3750 principio
2366 3680 2672 3735 inventum
2703 3678 2882 3735 fuisse
2941 3680 3184 3734 tradunt
3240 3679 3377 3734 ferri
3438 3678 3676 3734 metallo

2027 3775 2390 3824 concretum.
2426 3769 2573 3824 Tum
2606 3768 2901 3824 heraclius
2937 3768 3239 3824 nonnullis
3271 3769 3383 3823 dici
3418 3768 3678 3839 videtur,

2027 3858 2106 3913 ob
2146 3858 2479 3914 attrahendi
2522 3860 2643 3914 vim
2683 3857 2943 3914 validam
2969 3863 3026 3912 et
3063 3858 3334 3927 vigorem.
3372 3857 3486 3913 Sed
3516 3857 3676 3913 enim

2027 3948 2258 4020 mquius
2311 3947 2762 4019 appellationem
2805 3947 3042 4002 sortitus
3064 3947 3309 4016 videtur,
3351 3946 3496 4018 quia
3522 3950 3680 4004 circa

2030 4036 2372 4092 Heracleam
2403 4036 2598 4107 primo
2625 4042 2980 4106 conspectus
3016 4035 3248 4090 dicitur.
3284 4036 3473 4092 Porro
3506 4037 3678 4090 Hera-

2030 4128 2214 4180 cleam
2249 4123 2346 4179 alii
2401 4123 2568 4179 Ponti
2617 4125 2876 4188 tradunt,
2925 4123 3023 4180 alii
3049 4125 3490 4180 Samothraciis.
3525 4125 3677 4179 Non-

2031 4214 2173 4270 nulli
2192 4213 2840 4269 existimantdiversum
2863 4230 2988 4269 esse
3006 4229 3040 4268 a
3063 4220 3338 4285 magnete
3358 4213 3624 4267 sideritin
3659 4230 3672 4269 :

2031 4318 2213 4375 quem
2251 4309 2622 4374 postremum
2676 4301 3062 4373 splendidum
3117 4309 3172 4358 et
3228 4318 3685 4375 quaquaversus

2031 4392 2326 4447 lucentem
2354 4390 2541 4457 aiunt,
2588 4392 3001 4462 argenteisque
3059 4393 3235 4446 radiis
3277 4396 3400 4446 toto
3433 4406 3681 4461 corpore

2034 4480 2404 4550 insignitum.
2438 4480 2695 4552 Denique
2721 4487 2774 4536 et
2825 4496 3044 4536 nomen
3104 4481 3323 4552 lydius,
3377 4480 3469 4536 vel
3500 4480 3684 4536 alon-

316 4567 413 4623 δία
436 4575 530 4628 τήν
585 4571 792 4632 κλῆσιν,
843 4575 965 4633 ἴσως
995 4571 1096 4625 ἀπό
1153 4582 1246 4632 τῆς
1302 4571 1476 4648 πόρῥω
1532 4569 1791 4646 πατρίδος
1821 4581 1919 4624 τῶν

2035 4571 2262 4642 ginqua
2295 4569 2531 4624 illorum
2567 4569 2759 4640 patria
2812 4569 3067 4624 inditum
3096 4575 3200 4634 est,
3254 4570 3358 4641 qui
3406 4569 3677 4623 virtutem

315 4658 670 4733 ἐφευρηκότων
723 4661 888 4723 αὐτῆς
934 4665 1028 4720 τὴν
1072 4660 1322 4733 ἐνέργειαν
1385 4680 1394 4690 ·
1436 4663 1464 4720 ῆ
1501 4665 1546 4714 εἰ
1591 4681 1642 4713 τι
1672 4661 1796 4713 ἄλλο
1841 4681 1920 4724 τις

316 4751 422 4802 άπὸ
447 4758 537 4801 τοῦ
586 4749 842 4821 πελάγους
885 4759 973 4811 τῆς
1019 4749 1287 4824 ἀρχαϊκῆς
1342 4753 1575 4824 ἱστορίας
1619 4755 1799 4826 καιρόν
1831 4751 1924 4803 λά-

314 4837 401 4891 ϐοι
427 4837 770 4902 ἀναλέξασθαι
802 4839 934 4911 (96).

2033 4661 2162 4731 ejus
2193 4658 2714 4730 deprehenderunt
2747 4675 2760 4725 ;
2787 4658 2875 4713 vel
2908 4658 2981 4713 de
3011 4659 3121 4714 hac
3149 4675 3210 4713 re
3247 4658 3487 4730 quidvis
3510 4656 3674 4713 aliud

2033 4766 2103 4804 ex
2132 4748 2391 4821 antiquae
2423 4747 2682 4804 historiae
2709 4747 3030 4804 vorticibus
3060 4748 3354 4820 expiscari
3380 4763 3485 4818 pro
3512 4746 3679 4802 libito

2032 4839 2185 4895 licet.

1886 4993 2112 5048 NOT/E.

389 5136 503 5206 (96)
538 5135 687 5190 luter
712 5142 935 5190 veteres
965 5139 1239 5191 auctores
1274 5135 1415 5190 satis
1443 5135 1549 5190 erit
1579 5135 1777 5190 videre
1807 5135 1916 5190 Pli-

315 5207 476 5264 nium
508 5206 611 5262 lib.
641 5223 796 5273 xxvr,
829 5209 970 5261 sect.
1000 5208 1088 5276 ‘25,
1123 5207 1196 5262 de
1221 5214 1494 5262 magnete
1520 5223 1638 5262 non
1671 5208 1795 5262 sine
1823 5223 1918 5261 co-

315 5279 416 5351 pia
440 5278 853 5351 disserentem.
872 5279 1024 5351 Nam
1049 5279 1399 5351 recentiores
1422 5278 1771 5342 Kirkerium,
1799 5279 1917 5334 Sal-

315 5349 602 5414 inasium,
653 5350 1044 5414 Gassendum,
1077 5351 1274 5422 reique
1298 5350 1571 5422 physicae
1603 5351 1918 5405 hodiernos

315 5422 639 5494 magistros
651 5437 1122 5494 commemorare
1135 5419 1278 5494 quid
1292 5419 1564 5494 interest?
1580 5423 1701 5476 Vim
1720 5428 1919 5494 tamen

312 5494 499 5564 hujus
519 5491 731 5564 lapidis
747 5491 1184 5565 ignoraveruni
1211 5493 1578 5565 pracipuam
1611 5493 1797 5565 prisci
1809 5508 1919 5565 gau-

317 5563 531 5631 ctdres,
571 5563 722 5641 Quos
741 5563 894 5621 inter
923 5565 1185 5633 Photius,
1212 5563 1669 5626 demonstrandi
1699 5563 1918 5629 scilicet

2028 5134 2423 5190 meridianam
2454 5134 2692 5199 lineam,
2727 5133 2982 5206 ideoque
3018 5137 3074 5188 et
3104 5133 3390 5206 arcticum
3427 5133 3634 5206 polum
3667 5149 3680 5186 :

2028 5223 2099 5262 ex
2138 5223 2260 5278 qua
2315 5207 2516 5261 notitia
2550 5221 2669 5278 resi
2687 5204 2927 5278 nautica
2972 5204 3347 5278 incredibiles
3405 5204 3680 5278 utilitates

2028 5277 2302 5350 percepit.
2331 5280 2618 5350 Caeterum
2640 5277 2861 5350 Plinius
2878 5277 3242 5350 probabilius
3271 5277 3408 5331 dicit
3428 5277 3674 5350 ferratas

2029 5346 2336 5421 pastorum
2370 5349 2637 5421 crepidas
2663 5348 2991 5421 adhaesisse
3019 5350 3298 5421 magneti,
3329 5363 3503 5420 quam
3529 5346 3681 5421 Pho-

2029 5415 2144 5546 Eius
2177 5420 2256 5500 ait
2295 5415 2661 5492 magn'eticas
2711 5419 2980 5495 crepidas
3009 5415 3317 5478 cohaesisse
3347 5415 3498 5478 cum
3549 5415 3674 5475 solo

2055 5507 2295 5546 errario.

2055 5507 2274 5548 errario
2284 5532 2295 5547 ο
