4116 6194
436 219 545 274 727
1674 215 1911 272 PHOTII
1952 213 2434 274 PATRIARCHIE
2477 217 2588 276 CP.

426 412 429 415 ς
511 348 566 399 2.
598 346 779 399 Porro
810 344 1011 397 autem
1064 340 1231 395 decet
1273 356 1385 397 nos
1440 342 1830 398 attrahentem
1870 340 2087 414 lapidis

2276 341 2347 415 β’,
2392 343 2526 414 (96’)
2551 342 2683 398 Ἄλλ⁹
2731 346 2869 416 ἡμᾶς
2923 363 2982 415 γε
3030 347 3285 418 προσήκει
3322 349 3415 403 τὴν
3451 343 3694 405 ὒατικην
3727 359 3820 411 τῆς

438 434 621 503 hujus
650 436 926 486 Virtutem
942 430 1389 486 considerantes
1413 444 1591 503 atque
1607 432 2004 502 sympathiam
2020 446 2089 485 ac

439 522 614 577 veluti
654 536 921 576 amorem
953 527 1165 574 natura
1197 520 1389 574 eidem
1424 536 1564 587 erga
1582 520 2088 587 ferruminditum,

441 612 901 667 admirationem
927 616 1187 663 nostram
1220 608 1291 664 ad
1333 609 1648 665 creatioms
1681 610 1959 681 optimum
2002 625 2092 663 ar-

436 702 761 757 chitectum
816 699 996 753 Deum
1046 697 1363 753 transferre
1412 716 1423 752 :
1494 698 1718 770 pudere
1768 704 1967 754 autem
2015 698 2091 753 ob

438 806 639 846 rerum
686 787 1125 843 insensibilium
1175 804 1389 842 nexiim
1444 793 1621 860 atque
1644 788 2087 858 compaginem,

438 880 584 935 dum
618 894 728 933 nos
770 878 1004 932 interim
1032 876 1131 947 qui
1164 878 1392 931 ratione
1429 877 1709 949 praeditos
1742 892 1851 931 nos
1878 876 2092 945 gloria-

441 984 595 1037 mur,
621 966 1395 1037 benevolentimamorisque
1418 966 1712 1021 vinculum
1736 966 1896 1021 haud
1921 980 2092 1037 asque

442 1074 752 1113 servamus
810 1073 821 1111 :
874 1061 929 1110 et
985 1054 1231 1125 quidem
1286 1055 1500 1110 diserte
1554 1057 1765 1119 edocti,
1814 1054 2090 1125 quamvis

442 1146 588 1201 forte
638 1162 826 1216 genus
869 1160 1042 1198 omne
1090 1143 1370 1199 virtutum
1418 1145 1707 1215 complexi
1777 1144 2087 1208 fuerimus,

442 1236 665 1307 absque
702 1240 907 1289 mutua
934 1234 1217 1288 charitate
1247 1233 1611 1306 spiritalique
1646 1234 1760 1289 hoc
1786 1249 1989 1288 amore
2022 1249 2092 1288 ac

440 1324 699 1389 vinculo,
723 1323 843 1379 fore
870 1329 932 1378 ut
956 1322 1129 1377 nobis
1149 1324 1353 1378 omnia
1375 1322 1622 1378 efﬂuant
1642 1339 1710 1378 ac
1728 1323 2090 1393 dispereant.

442 1410 773 1484 Cmteroqui
807 1411 959 1467 alius
998 1410 1201 1466 nescio
1239 1410 1375 1482 quis
1424 1412 1755 1467 celebratur
1780 1410 1935 1482 lapis
1958 1425 2091 1465 con-

442 1502 684 1557 trariam
707 1500 998 1572 praadicto
1044 1500 1166 1553 vim
1210 1500 1472 1566 sortitus,
1502 1500 1606 1571 qui
1636 1499 1905 1554 nondum
1938 1498 2090 1569 lapis

440 1590 515 1646 ad
548 1606 715 1645 meas
757 1604 972 1643 manus
1004 1589 1177 1642 venit.
1214 1590 1377 1642 Hunc
1408 1589 1573 1644 aiunt
1614 1588 1953 1660 proximum
1986 1587 2092 1641 fer-

3715 223 3827 280 ...
4011 47 4072 360 ι

2202 429 2346 482 λίθου
2398 436 2586 493 ταύτης
2645 430 2867 505 δύναμιν
2917 430 3352 495 διασκοποῦντας,
3413 441 3502 487 καὶ
3552 441 3646 493 τὴν
3688 458 3819 508 συμ-

2202 522 2437 585 πάθειαν,
2471 527 2559 572 καὶ
2603 526 2688 572 τόν
2731 519 2832 573 οἷον
2880 526 3045 590 ἔρωτα
3102 522 3154 573 ὃν
3212 524 3240 579 η
3298 526 3455 593 φύσις
3509 524 3643 596 αὐτῇ
3686 536 3819 598 προς

2202 612 2285 659 τόν
2347 606 2563 682 σίδηρον
2600 610 2848 673 ἐνέθηκεν,
2903 610 3219 680 ἀγάλλεσθαι
3263 616 3352 681 μεν
3407 622 3500 674 τῆς
3556 611 3821 690 δημιουρ-

2200 702 2320 767 γίας
2345 704 2429 748 τόν
2458 698 2835 771 ἀριστοτέχνην
2886 704 3036 761 Θεὸν,
3088 700 3442 771 αἰσχύνεσθαι
3486 699 3545 754 δε
3578 708 3673 760 τὴν
3708 715 3811 756 τῶν

2204 784 2529 844 ἀναισθήτων
2577 786 2928 859 ἀλληλουχίαν
2971 794 3059 840 καὶ
3122 808 3399 860 σνναφειαν
3456 808 3467 819 °
3514 789 3735 843 insidet:
3771 798 3819 845 οἱ

2202 874 2337 946 λόγῳ
2401 879 2700 947 τιμηθέντες
2762 880 2907 948 ἡμεῖς
2973 882 3057 929 τὸν
3121 886 3215 938 τῆς
3279 879 3645 954 φιλοστοργίας
3729 888 3819 933 καὶ

2204 963 2412 1035 ἀγάπης
2488 962 2681 1037 δεσμόν
2734 964 2847 1018 οὐδ’
2894 968 3079 1038 ὁμοίως
3152 970 3361 1029 ἐκείνοις
3420 968 3766 1041 φυλάττωμεν
3802 991 3816 1002 ·

2203 1059 2374 1106 καίτοι
2424 1074 2482 1125 γε
2532 1064 2703 1128 σαφῶς
2780 1052 3179 1127 διδασκόμενοι,
3257 1060 3323 1117 ὡς
3396 1058 3439 1109 εἰ
3496 1064 3586 1110 καὶ
3642 1061 3825 1119 πάσης

2204 1142 2390 1215 ἀρετῆς
2457 1140 2591 1204 εἶδος
2657 1148 2827 1216 εἴημεν
2893 1145 3329 1218 περιειλημμένοι,
3395 1148 3515 1198 οἰνευ
3579 1156 3677 1208 τῆς
3754 1148 3823 1207 εἰς

2204 1232 2446 1292 ἀλλήλους
2500 1232 2702 1303 ἀγάπης
2752 1240 2841 1286 καὶ
2889 1242 2979 1285 τοῦ
3033 1242 3383 1305 πνευματικοῦ
3441 1240 3629 1287 τούτου
3702 1236 3823 1307 φᾶ-

2203 1342 2325 1396 τρου
2364 1327 2452 1374 καὶ
2499 1318 2718 1394 δεσμοῦ,
2760 1326 2926 1375 πάντα
2965 1325 3088 1395 ἡμῖν
3130 1320 3461 1397 διαρῥυίσκει
3518 1329 3611 1376 καὶ
3666 1329 3823 1397 οἶχε-

2204 1430 2289 1461 ται
2340 1428 2351 1440 ’
2403 1411 2446 1462 εἰ
2478 1407 2535 1463 δὲ
2584 1417 2673 1463 καὶ
2732 1411 2877 1485 ἑτέρα
2928 1432 3004 1473 τις
3046 1412 3248 1483 λέγεται
3289 1412 3432 1475 λίθος
3467 1412 3703 1467 ἐναντίαν
3752 1424 3818 1485 τῇ

2204 1504 2507 1573 προκειμένῃ
2562 1506 2653 1558 τὴν
2712 1503 2866 1572 φύσιν
2915 1500 3181 1572 λαχοῦσα,
3227 1503 3289 1564 ἧς
3344 1504 3495 1574 ἡμεῖς
3537 1506 3629 1574 μὲν
3672 1508 3821 1555 οὔπω

2207 1590 2275 1650 εἰς
2324 1598 2500 1663 πεῖραν
2547 1589 2805 1661 ἀφίγμεθα
2856 1590 2971 1660 (τὴν
3015 1587 3074 1642 δέ
3113 1609 3267 1661 φασιν
3308 1590 3635 1643 ἀπωθεῖσθαι
3682 1593 3815 1665 αὑτῂ

441 1694 575 1732 rum
598 1678 897 1749 repellere.
922 1682 1109 1748 Atque
1131 1676 1225 1730 hic
1246 1676 1465 1749 pariter
1488 1678 1619 1731 usui
1644 1684 1845 1731 nostro
1862 1692 2093 1731 accom-

2206 1682 2576 1750 προσαγόμεθα
2626 1682 2689 1731 τὰ
2739 1675 2983 1746 σιδήρια)
3020 1684 3107 1731 καὶ
3152 1687 3305 1732 τοῦτο
3363 1682 3609 1755 ἡμέτερον
3644 1699 3655 1709 '
3692 1679 3821 1734 οὐδὲ

441 1768 721 1822 modatus
747 1770 851 1820 est.
882 1769 1026 1820 Nam
1068 1765 1169 1835 qui
1209 1765 1487 1836 spiritalis
1533 1765 1833 1820 charitatis
1861 1764 2093 1819 vinculo

442 1854 675 1923 generis
714 1854 895 1908 nostri
954 1854 1329 1907 consortibus
1377 1853 1641 1923 copulari
1688 1853 2094 1925 conjungique

442 1942 753 2007 debemus,
795 1942 973 1995 iidem
1002 1941 1299 1996 interdum
1332 1942 1598 1996 aversari
1633 1941 1764 1995 illos
1804 1942 2094 1996 debemus

444 2036 622 2101 atque
652 2030 951 2100 repellere.
990 2048 1003 2085 :
1040 2046 1253 2101 nempe
1282 2047 1409 2084 cum
1442 2031 1552 2101 ipsi
1582 2030 2005 2085 scandalorum
2037 2036 2095 2085 et

440 2118 944 2175 oﬂ‘endiculornm
975 2120 1164 2173 instar
1196 2119 1407 2183 effecti,
1444 2120 1616 2174 nobis
1653 2120 1709 2173 in
1740 2120 1834 2174 via
1861 2120 2093 2190 pietatis

440 2208 875 2280 impedimento
908 2215 1045 2263 sunt
1077 2226 1089 2273 ;
1130 2209 1215 2264 vel
1245 2226 1381 2264 cum
1425 2210 1706 2264 virtutum
1758 2209 2091 2264 subvertere

440 2314 510 2354 ac
541 2299 895 2370 detorquere
924 2313 1164 2367 gressus
1196 2300 1484 2354 nituntur.
1516 2300 1574 2353 ld
1600 2300 1759 2353 enim
1785 2298 2092 2354 Dominico

445 2388 623 2443 etiam
656 2388 832 2443 effato
873 2389 1233 2459 praecipitur,
1262 2404 1477 2460 nempe
1502 2389 1549 2442 si
1573 2388 1711 2459 quis
1745 2388 1833 2443 vel
1856 2389 2091 2443 amicis-

445 2477 632 2532 simus
665 2478 755 2531 vel
778 2493 1017 2531 summa
1047 2478 1480 2531 necessitudine
1504 2478 1766 2547 junctus,
1797 2478 2094 2550 nobisque

444 2565 505 2620 in
536 2565 808 2620 civilibus
839 2566 1048 2619 studiis
1090 2582 1159 2619 ac
1196 2566 1462 2637 negotiis,
1509 2566 1673 2621 haud
1702 2582 1873 2621 secus
1904 2582 2090 2636 quam

444 2656 649 2710 dexter
700 2654 910 2710 oculus
957 2654 1046 2709 vel
1112 2654 1323 2711 dextra
1394 2671 1625 2721 manus,
1692 2656 1848 2711 utilis
1900 2656 2091 2721 fuerit,

443 2743 835 2800 nihilominus
866 2744 1025 2800 hunc
1051 2759 1295 2816 quoque
1338 2744 1476 2801 velis
1514 2745 1814 2817 remisque
1850 2762 1978 2801 esse
1998 2746 2095 2801 de-

443 2833 778 2889 vitandum.

516 2942 839 3006 QUESTIO
893 2942 1345 3011 CXXXII.[COt'sl.
1390 2941 1567 3007 CLIV,
1621 2942 2020 3013 Taur.CLIll.]

2203 1770 2303 1842 γὰρ
2340 1764 2452 1820 οὐδ’
2505 1770 2655 1839 ἡμεῖς
2734 1772 2886 1838 μόνον
2938 1775 3008 1838 τῷ
3067 1764 3245 1839 δεσμῷ
3313 1778 3407 1829 τῆς
3454 1780 3816 1842 πνευματικῆς

2204 1856 2411 1928 ἀγάπης
2452 1856 2710 1929 ὀφείλομεν
2765 1859 3001 1914 ἡνῶσθαι
3043 1861 3131 1908 καὶ
3175 1854 3529 1910 συνδεδέσθαι
3570 1864 3703 1929 πρὸς
3756 1866 3815 1912 τό

2204 1947 2479 2018 ὁμόφυλον,
2532 1944 2634 1996 ἀλλ’
2709 1944 2814 1997 ἔσθ’
2864 1947 2945 1997 ὅτε
3010 1950 3098 1997 καὶ
3152 1944 3374 1998 ἀπωθεῖν
3434 1953 3522 1999 καὶ
3581 1948 3819 2021 ἐκτρέπε-

2206 2038 2331 2087 σθαι
2372 2053 2382 2065 ’
2436 2031 2645 2087 ἐπειδὰν
2707 2031 3011 2085 σκανδάλων
3087 2040 3176 2086 καὶ
3235 2039 3657 2109 προσκομμάτων
3716 2040 3820 2089 ὐπ-

2204 2123 2422 2184 ελθόντες
2480 2122 2596 2195 βίον
2663 2120 2903 2193 ἐμποδὼν
2974 2122 3312 2195 ἐπιχειρῶσιν
3386 2127 3637 2177 ἰστασθαι
3684 2132 3819 2200 πρός

2202 2216 2295 2274 τὰς
2346 2221 2439 2274 τῆς
2492 2212 2749 2273 εὐσεϐείας
2790 2212 3017 2283 τρίϐους,
3068 2214 3097 2271 ἡ
3143 2216 3258 2272 τοὺς
3311 2223 3411 2265 τῶν
3445 2214 3636 2285 ἀρετῶν
3681 2218 3817 2268 ὑπο-

2205 2303 2456 2363 σκελίζειν
2512 2307 2601 2354 καὶ
2656 2299 2985 2373 διαστρέφειν
3045 2297 3295 2373 δρόμους.
3361 2304 3526 2357 Τοῦτο
3575 2308 3677 2377 γαρ
3723 2312 3813 2357 καὶ

2201 2395 2256 2444 τό
2332 2394 2589 2464 κυριακὸν
2647 2390 2906 2443 ἐπιτάττει
2962 2390 3131 2461 λόγιον
3180 2408 3191 2420 ·
3252 2394 3316 2451 ὡς
3370 2392 3412 2445 εἰ
3465 2398 3554 2444 καί
3596 2414 3675 2455 τις
3731 2399 3812 2452 εἴη

2204 2480 2358 2553 φίλων
2402 2487 2491 2532 καὶ
2540 2480 2737 2535 οἰκείων
2800 2481 2825 2530 ό
2880 2480 3132 2551 μάλιστα,
3204 2482 3338 2533 ὥστε
3395 2486 3482 2533 καὶ
3543 2491 3813 2554 συνεργεῖν

2204 2573 2327 2640 ημῖν
2358 2569 2427 2630 εἰς
2484 2572 2576 2630 τὰς
2632 2568 2900 2629 πολιτικὰς
2946 2570 3157 2639 θεωρίας
3217 2588 3269 2620 τε
3312 2575 3402 2621 καὶ
3435 2570 3670 2643 πράξεις,
3722 2576 3816 2624 ἶσα

2203 2663 2291 2710 καὶ
2345 2657 2588 2729 ὀφθαλμῷ
2644 2652 2798 2727 δεξιῷ
2878 2662 2965 2709 καὶ
3020 2662 3160 2732 χειρὶ
3236 2655 3403 2727 δεξιᾷ,
3455 2666 3545 2711 καὶ
3596 2664 3819 2723 τούτους

2204 2746 2455 2817 ἐκτέμνειν
2526 2751 2615 2798 καὶ
2712 2744 3095 2817 ἀποτρέπεσθαι
3189 2756 3251 2819 τῇ

2204 2840 2397 2903 χρεῶν.

3344 2750 3487 2820 πάσῃ
3597 2747 3818 2819 δυνάμει

2746 2946 3057 2993 ΕΡΩΤΗΣΙΣ
3092 2946 3175 2993 ΡΑ
3187 2940 3260 2995 Β’.

447 3048 694 3115 Quinam
748 3052 948 3104 vocari
985 3048 1189 3105 debent
1238 3052 1429 3112 τεκνία,
1465 3055 1517 3104 et
1544 3048 1653 3174 βιιί
1698 3055 1836 3104 sunt
1880 3047 2091 3116 παιδία,

516 3121 683 3174 auive
706 3122 844 3172 uici?
879 3122 953 3174 Et
985 3136 1100 3174 auo
1144 3136 1311 3174 sensu
1355 3121 1497 3174 dicit
1591 3126 1791 3174 ριν-ηδε
1846 3144 1865 3170 ε
1905 3123 2093 3174 Habe-

2206 3054 2266 3102 Ti
2316 3043 2397 3099 δεῖ
2446 3046 2615 3097 καλεῖν
2664 3050 2836 3113 τέκνα,
2907 3052 2994 3098 καὶ
3048 3054 3174 3099 ποῖα
3254 3045 3471 3114 παιδία,
3524 3055 3615 3101 καὶ
3676 3057 3820 3111 τίνας

2275 3122 2462 3174 νίούςζ
2520 3124 2635 3174 Καὶ.
2679 3124 2729 3169 τί
2781 3119 2915 3174 λέγει
2953 3123 3141 3174 Ιιέτοος
3174 3137 3184 3148 ⁸
3225 3140 3251 3170 ‹‹
3278 3118 3506 3174 Ἐγοιιεν
3556 3120 3819 3174 Βεϐαιότε-

516 3121 683 3189 quive
706 3122 844 3172 uici?
879 3122 953 3174 Et
985 3136 1100 3191 quo
1144 3136 1311 3175 sensu
1355 3121 1497 3175 dicit
1544 3121 1791 3175 Petrus:
1846 3144 1865 3170 ε
1905 3123 2094 3177 Habe-

515 3208 644 3247 mus
684 3207 1008 3247 sermonem
1050 3192 1463 3261 propheticum
1495 3192 1824 3261 ﬁrmiorem.
1853 3213 1879 3243 »

2275 3122 2462 3185 νίούς;
2520 3124 2635 3180 Καὶ,
2679 3124 2729 3169 τί
2781 3119 2915 3241 λέγει
2953 3123 3141 3191 Πέτρος
3174 3137 3184 3148 ⁸
3225 3140 3251 3170 ‹‹
3278 3118 3506 3193 Ἐχομεν
3554 3120 3819 3193 βεϐαιότεο

2282 3210 2364 3241 οον
2387 3209 2478 3241 τον
2502 3209 2817 3241 ποοφητικον
2861 3210 2993 3241 ιονον
3028 3207 3040 3241 :
3081 3215 3106 3238 ››

2280 3210 2364 3262 ρον
2387 3194 2478 3241 τὸν
2502 3195 2817 3262 προφητικὸν
2842 3194 2993 3261 λογον
3028 3207 3040 3253 ;
3081 3215 3106 3238 ››

506 3315 777 3364 Editarum
806 3329 838 3364 a
860 3315 1055 3365 Wolﬁo
1071 3316 1278 3365 decima
1307 3320 1497 3379 quarta
1523 3316 1657 3377 (Cur
1678 3316 1872 3365 Philot.
1900 3317 2100 3427 tlivbpt.
2130 3317 2352 3426 739-714;.
2382 3314 2621 3363 Galland.
2654 3313 2895 3363 Biblioth.
2929 3319 2965 3363 t.
2998 3315 3130 3372 Xlll,
3163 3330 3215 3378 p.
3241 3316 3349 3371 725,
3368 3317 3460 3364 726
3487 3318 3653 3380 n.30).
3679 3346 3735 3355 —
3762 3320 3815 3367 ln

2046 3394 2072 3427 e
2100 3395 2140 3427 r.
2199 3392 2236 3427 ι.
2336 3413 2347 3424 .

2046 3392 2140 3429 ΘῐΓ.
2199 3392 2236 3434 Ι,
2271 3392 2347 3426 16.

514 3494 644 3549 Tria
668 3498 823 3555 sunt,
853 3494 1073 3565 quibus
1103 3493 1379 3548 homines
1410 3493 1742 3547 redduntur
1784 3494 2098 3564 perfectio-

444 3599 555 3647 res,
592 3583 903 3637 mundatio
957 3599 991 3637 a
1046 3582 1324 3653 peccatis,
1384 3582 1532 3636 ﬁdes
1588 3582 1706 3652 pia,
1738 3598 1845 3637 nec
1889 3583 2091 3648 dubia,

444 3672 729 3744 nullaque
759 3688 819 3725 re
840 3687 993 3725 vana
1025 3678 1125 3726 aut
1156 3686 1359 3725 recens
1384 3671 1963 3737 invectaimmutata,
1999 3672 2098 3726 de-

2278 3499 2410 3566 Τρία
2441 3493 2553 3562 (97)
2579 3496 2745 3544 ταῦτά
2788 3491 2948 3556 ἐστιν,
3001 3494 3076 3555 οἷς
3126 3496 3184 3545 τό
3237 3492 3556 3568 ἀνθρώπινον
3588 3498 3811 3549 τελειοῦν

2207 3603 2293 3634 ται
2343 3603 2353 3613 ·
2416 3584 2675 3654 κάθαρσις
2730 3582 3139 3655 ἁμαρτημάτων,
3194 3588 3371 3645 πίστις
3428 3583 3663 3650 εὐσεϐὴς,
3729 3593 3815 3639 καὶ

2207 3669 2545 3734 ἀδίστακτος,
2608 3674 2735 3745 πρὸς
2765 3668 2933 3742 μηδὲν
2982 3675 3122 3724 κενόν
3150 3673 3262 3743 (98)
3318 3670 3459 3743 μηδὲ
3516 3680 3816 3748 πρόσφατον

3105 3765 3220 3817 νίκη
3281 3763 3414 3813 κατὰ
3484 3770 3583 3813 τῶν
3642 3766 3818 3815 παθῶν

448 3761 627 3832 nique
656 3776 789 3815 vero
832 3760 991 3815 lucta
1034 3765 1089 3813 et
1130 3759 1375 3815 victoria
1425 3759 1708 3814 adversus
1757 3767 2001 3831 peccata
2042 3766 2093 3816 el

2207 3760 2635 3830 ὑπαλλοιουμένη,
2692 3758 2829 3829 ἀγὼν
2922 3764 3012 3811 καὶ

445 3850 777 3904 diabolum.
815 3849 1109 3905 Mundatio
1148 3848 1392 3920 quidem
1426 3866 1457 3903 a
1489 3849 1745 3920 peccatis
1795 3851 2096 3918 generatio

444 3939 724 4012 quaedam
750 3939 1069 4012 spiritualis
1091 3950 1200 4004 est,
1230 3938 1317 3992 vel
1344 3940 1539 4010 potius
1562 3940 1943 4007 regeneratio.
1962 3956 2098 4011 quae

444 4036 701 4083 veterem
751 4028 1055 4082 hominem
1112 4033 1380 4082 renovat.
1432 4029 1498 4084 In
1544 4027 1700 4082 hanc
1744 4031 2096 4085 sententiam

447 4118 664 4174 Paulus
714 4133 955 4189 quoque
988 4118 1068 4171 ait
1100 4132 1111 4171 :
1146 4140 1171 4166 ‹‹
1212 4116 1415 4183 Filioli,
1463 4132 1615 4189 quos
1660 4116 1871 4171 iterum
1907 4120 2095 4187 pario,

444 4208 635 4262 donec
684 4207 942 4262 Christus
997 4207 1053 4260 in
1098 4206 1265 4259 vobis
1300 4204 1586 4261 formetur
1618 4206 1684 4258 ³ο.
1714 4226 1742 4257 »
1796 4206 1899 4261 Per
1942 4207 2097 4261 hanc

444 4312 587 4351 vero
634 4294 1141 4363 regenerationen,
1194 4294 1371 4349 etiam
1406 4294 1462 4348 in
1507 4294 1661 4349 ﬁlios
1710 4294 2094 4365 adoptamur,

447 4385 601 4440 servi
642 4384 875 4440 Domini
899 4383 1113 4444 Christi
1146 4382 1301 4439 facti.
1332 4383 1647 4454 Propterea
1677 4390 1827 4438 recte
1858 4399 2097 4455 quoque

447 4478 503 4529 et
530 4473 707 4541 ﬁlioli
734 4480 784 4526 et
815 4472 992 4540 pueri
1019 4476 1324 4537 vocantur,
1356 4471 1458 4543 qui
1490 4472 1671 4543 hujus
1730 4475 1930 4541 gratiae
1962 4471 2096 4527 facti

449 4567 586 4617 sunt
632 4563 970 4633 participes.
1035 4562 1143 4626 Qui
1176 4577 1311 4616 vero
1364 4561 1697 4617 doctrinam
1741 4562 1990 4631 pietatis,
2020 4563 2096 4617 ab

449 4650 613 4708 initio
641 4651 1049 4722 prtedicatam,
1067 4656 1359 4705 sectantes
1384 4650 1544 4721 quod
1561 4651 1632 4705 ad
1654 4652 1923 4706 animum
1952 4668 2098 4705 con-

450 4746 791 4803 senuerunt,
822 4740 959 4795 vani
989 4739 1155 4807 nihil,
1198 4739 1342 4794 nihil
1394 4755 1597 4794 recens
1650 4740 1893 4803 inventi,
1929 4740 2094 4809 nihil,

446 4830 608 4901 quod
627 4830 947 4900 juvenilem
965 4830 1237 4884 humanae
1254 4830 1834 4900 mentisjactantiam
1863 4829 2096 4893 referat,

450 4918 848 4983 admittentes,
880 4919 957 4973 illi
1000 4918 1241 4990 quidem
1269 4917 1472 4973 itidem
1506 4934 1568 4972 se
1614 4918 1774 4990 ipsos
1807 4918 2099 4990 spirituali

452 5007 567 5063 ista
596 5008 1081 5063 denominatione
1102 5007 1314 5077 dignos
1345 5022 1471 5062 esse
1503 5007 1749 5063 cordato
1780 5008 1993 5079 cuique
2010 5008 2100 5079 ju-

524 5132 572 5167 ⁸⁰
600 5130 790 5188 Galat.
821 5148 894 5198 ιν,
932 5134 1019 5188 19.

2205 3855 2293 3902 καὶ
2350 3858 2440 3900 τοῦ
2500 3846 2768 3902 διαϐόλου.
2843 3848 2899 3900 Ἠ
2976 3853 3063 3920 μεν
3118 3850 3205 3901 οὖν
3275 3858 3374 3901 τῶν
3426 3850 3816 3924 ἁμαρτημάτων

2205 3942 2483 4013 καθαρσις,
2532 3942 2767 4009 γέννησίς
2829 3943 2908 3999 τίς
2956 3937 3066 3989 ἐστι
3113 3945 3461 4010 πνευματικὴ,
3517 3940 3710 4011 μᾶλλον
3760 3938 3819 3992 δὲ

2207 4029 2560 4100 ἀναγέννησις,
2605 4032 2688 4077 τόν
2737 4027 3097 4079 παλαιωθέντα
3146 4027 3559 4089 ἀνακαινίζουσα
3606 4032 3816 4082 ἄνθπω-

2206 4138 2323 4173 πον.
2364 4116 2486 4169 Καθ’
2512 4116 2537 4167 ὃ
2591 4121 2679 4168 καὶ
2716 4116 2910 4175 Παῦλος
2967 4116 3131 4187 ἔλεγεν
3171 4133 3183 4146 ·
3225 4140 3252 4166 ‹‹
3284 4123 3490 4181 Τεκνία,
3517 4118 3608 4179 οὓς
3661 4119 3816 4170 πάλιν

2206 4204 2396 4271 ὠδίνω,
2453 4208 2541 4265 ἕως
2594 4205 2716 4256 ἆνό
2772 4209 2997 4277 Χριστός
3056 4205 3102 4257 ἐν
3161 4208 3280 4277 ὑμῖν
3341 4211 3615 4280 μορφωθῇ.
3662 4230 3687 4257 »
3726 4213 3819 4261 Διά

2206 4301 2397 4357 ταύτης
2430 4293 2487 4349 δὲ
2515 4304 2608 4356 τῆς
2652 4295 3032 4365 ἀναγεννὴσεως
3076 4301 3167 4347 καὶ
3218 4298 3613 4367 υἰοθετούμεθα,
3686 4295 3803 4349 δοῦ-

2207 4396 2283 4439 λοι
2331 4390 2464 4446 ὄντες
2522 4394 2592 4455 τῷ
2634 4390 2865 4456 Δεσπότη
2916 4392 3151 4457 Χριστῷ.
3204 4388 3288 4437 Διό
3348 4385 3555 4447 εἰκότως
3604 4385 3665 4437 ἂν
3726 4392 3813 4439 καὶ

2206 4479 2379 4528 τεκνία
2417 4479 2505 4525 καὶ
2536 4470 2729 4525 παιδία
2775 4476 2823 4525 0i
2875 4478 3068 4535 ταύτης
3120 4482 3215 4534 τῆς
3261 4476 3482 4545 χάριτος
3539 4475 3820 4547 ἠξιωμένοι

2206 4562 2424 4615 καλοῖντ’
2478 4564 2556 4616 ἄν.
2617 4565 2681 4614 Οἱ
2734 4558 2792 4613 δε
2840 4568 2933 4619 τὴν
2992 4565 3224 4634 ἀρχῆθεν
3290 4564 3821 4637 προκατηγγελμνην

2207 4652 2466 4706 εὐσέϐειαν
2522 4650 2901 4726 πρεσϐεύοντες,
2954 4648 3060 4709 ἤδη
3130 4656 3187 4703 τὸ
3245 4660 3483 4726 φρόνημα
3538 4654 3823 4706 πεπολίων-

2207 4763 2311 4807 ται,
2364 4738 2529 4814 μηδὲν
2597 4744 2737 4793 κενὸν
2793 4740 2920 4812 (99).
2999 4737 3138 4813 μηδὲ
3185 4748 3505 4814 πρόσφατον,
3560 4740 3689 4814 μηδ’
3736 4744 3819 4795 ἀν-

2210 4833 2469 4902 θρωπίνης
2528 4829 2749 4890 ἐπινοίας
2796 4834 3067 4901 νεανίευμα
3115 4838 3231 4892 ταῖς
3292 4827 3547 4891 διανοίαις
3589 4832 3671 4899 (1)
3733 4833 3822 4884 αὖ·

2206 4928 2305 4972 τῶν
2338 4916 2720 4991 εἰσδεχόμενοι,
2782 4921 2831 4971 οἱ
2874 4925 2961 4971 καὶ
3021 4916 3207 4992 δικαίᾳ
3252 4925 3422 4994 κρίσει
3466 4933 3824 4993 πνευματικῆς

2210 5011 2400 5070 αὑτοὺς
2457 5008 2746 5081 ἐπωνυμίας
2804 5007 2980 5071 ἀξίους
3037 5005 3383 5063 δεικνύουσιν.
3445 5008 3561 5062 Ἐπὶ
3608 5012 3687 5082 (2)
3758 5009 3816 5064 δὲ

2008 5234 2050 5286 Ν
2059 5230 2249 5289 ΟΤΑΞ.

523 5330 635 5399 (96)
676 5327 917 5382 Videtur
950 5326 1186 5381 Photius
1215 5327 1399 5401 fuisse
1432 5344 1573 5401 usus
1599 5328 1823 5397 Eulogii
1854 5328 2100 5385 Alexan-
2213 5328 2486 5401 primitur
2526 5344 2629 5401 per
2658 5333 2976 5401 πρόσφατον.
3014 5332 3079 5384 Et
3110 5329 3195 5384 sic
3230 5345 3387 5395 mox,
3423 5346 3481 5386 n.
3512 5331 3567 5387 3.

456 5400 613 5472 drini
644 5415 823 5472 apere
840 5406 1043 5453 contra
1062 5399 1562 5472 Novatianosllib.
1598 5402 1676 5469 ιι),
1699 5416 1770 5455 ex
1791 5416 1910 5471 quo
1934 5402 2105 5472 plura
2218 5399 2228 5401 ⁷
2288 5402 2399 5469 (89)
2431 5399 2573 5456 Vide
2604 5418 2661 5462 η.
2692 5399 2780 5455 98.

463 5472 568 5527 dat
595 5471 651 5526 in
690 5470 1045 5526 Bibliotheca
1080 5469 1212 5525 cod.
1245 5470 1366 5524 280.
1640 5468 1643 5469 ⁷
1813 5468 1825 5471 ⁷
1934 5468 1951 5472 ”

2285 5468 2365 5541 (1)
2391 5473 2446 5524 In
2476 5472 2610 5526 cod.
2639 5480 2761 5527 erat
2792 5468 3100 5533 διακονίαις.

528 5544 646 5614 (97)
680 5544 742 5598 ln
776 5542 958 5615 Catal.
990 5542 1131 5598 Bibl.
1162 5541 1397 5615 Coislin.
1431 5556 1487 5611 p.
1522 5544 1646 5605 337,
1682 5543 1834 5615 male
1860 5549 1994 5597 τοῖα.
2288 5545 2363 5615 (2)
2396 5544 2589 5600 Codex
2616 5542 2742 5611 imi,
2775 5544 2947 5601 male.

526 5612 643 5689 (98)
667 5616 755 5673 Ita
795 5614 993 5673 scribo
1042 5630 1114 5672 ex
1159 5612 1321 5670 Colb.
1354 5628 1464 5686 pro
1516 5618 1711 5680 καινόν,
1744 5613 1805 5669 id
1831 5616 1989 5671 enim
2011 5630 2108 5673 ex-
