4116 6194
293 315 402 383 129
1336 321 1432 380 AD
1471 317 2030 380 AMPHILOCHI'UM
2068 315 2394 387 ουΑεΞΤιο
2441 323 2661 382 CXXII.
3557 329 3664 385 τεο

303 457 531 518 τούτοις,
575 452 624 503 οἱ
679 446 924 522 γενναίως
975 455 1064 502 καὶ
1107 447 1356 522 ἀνδρείως
1401 449 1466 502 τὰ
1504 451 1646 507 πάθη
1687 453 1778 501 καὶ
1815 449 1902 499 τὸν

2058 446 2124 502 ici
2152 449 2498 505 ostendunt.
2529 445 2739 505 Praeter
2767 449 2878 504 hos
2919 465 3056 504 vero
3089 465 3294 506 nonne
3326 456 3380 507 et
3415 453 3527 528 isti,
3557 457 3683 526 qui.

305 543 499 616 ἐχθρὸν
551 541 1054 610 καταγωνισάμενοι,
1103 544 1188 590 xui
1245 547 1578 614 στρατιωτῶν
1618 544 1707 590 καὶ
1747 536 1906 593 ἀθλη-

2052 541 2248 592 trenue
2271 545 2327 593 et
2355 539 2576 594 fortiter
2602 543 2734 593 vitia
2777 544 2833 594 et
2863 540 3092 593 hostem
3142 539 3532 607 debellantes,
3571 545 3677 596 mi-

304 640 408 684 τῶν
447 633 512 690 ὡς
573 627 772 688 ἀληθῶς
829 631 956 700 ἔργα
1007 624 1442 702 διαπραξάμενοι,
1494 633 1654 679 πᾶσιν
1704 627 1774 688 (3)
1828 624 1904 676 ἐπ’

2051 633 2300 697 tumque
2321 635 2376 682 et
2403 627 2759 683 athletarum
2787 627 2985 682 ofﬁcio
3012 628 3246 698 egregie
3265 629 3470 695 functi,
3497 647 3676 704 opere

307 719 483 780 αὐτοῖς
521 725 625 779 τοῖς
664 718 830 790 ἔργοις
886 722 1122 775 νεανικήν
1177 736 1230 768 τε
1291 723 1380 768 καὶ
1433 715 1774 787 ἀκμάζουσαν
1821 718 1908 766 τόν

2054 729 2141 769 )so
2179 714 2525 785 juvenilem,
2577 718 2848 788 viresque
2888 733 3096 772 omnes
3131 724 3187 772 et
3229 735 3447 774 nervos
3485 720 3679 775 inten-

305 811 452 860 τόνον
505 812 593 859 καὶ
649 810 736 859 τόν
786 808 942 858 πόθον
994 812 1204 877 γνώμην
1253 801 1602 870 ἐπεδείξαντο,
1649 804 1776 876 οὖχὶ
1821 807 1910 854 xui.

2050 805 2254 858 lentem
2280 804 2548 860 animum
2576 806 3086 872 demonstrarunt,
3115 807 3388 878 ejusdem
3412 809 3675 866 nominis

307 905 408 958 τῆς
458 895 684 956 κλήσεως
735 896 896 957 αὐτῆς
945 900 1384 968 μετασχήσουσιν
1416 913 1440 959 ;
1467 893 1644 965 Ἔχεις
1697 889 1806 960 οὖν,
1839 892 1912 944 οἷ-

2048 893 2336 964 iarticipes
2373 893 2581 950 merito
2613 895 2950 950 habeantur
2976 897 3004 951 ‘2
3033 897 3166 952 Jam
3199 896 3464 968 quidem,
3507 905 3673 969 puto,

307 1006 428 1058 μαι.
481 981 576 1037 διὰ
618 994 718 1037 τῶν
757 985 1034 1059 εἰρημένων
1087 993 1264 1056 σαφῶς
1311 986 1368 1035 τό
1418 983 1632 1054 ζήτημά
1678 1001 1758 1034 σοι
1793 978 1908 1032 δια-

2050 981 2404 1052 [uaaslionem
2435 985 2805 1056 propositam
2827 985 2920 1040 his
2946 985 3086 1056 ipsis
3120 986 3368 1042 habebis
3397 989 3675 1044 solutam.

307 1075 574 1148 λυόμενον·
635 1094 662 1125 (‹
720 1077 904 1147 Γράφω
959 1074 1099 1144 ὑμῖν,
1154 1077 1347 1139 τεκνία,
1405 1071 1485 1124 ὃτι
1545 1069 1792 1144 ἀφέωνται
1858 1071 1912 1121 αἱ

2099 1071 2302 1126 Scribo
2345 1072 2530 1142 vobis,
2579 1073 2758 1137 filioli,
2815 1074 2979 1146 quod
3017 1075 3268 1130 remissa
3320 1082 3460 1131 sunt
3507 1077 3680 1132 vobis

307 1165 565 1238 ἁμαρτίαι
619 1159 711 1215 διὰ
757 1166 815 1214 τό
894 1161 1059 1234 ὄνομα
1107 1163 1285 1214 αὐτοῦ.
1346 1163 1532 1236 Γράφω
1590 1157 1726 1231 ὑμῖν,
1807 1179 1913 1211 πα-

2047 1163 2265 1214 >eccata
2294 1167 2534 1231 propter
2561 1177 2780 1216 nomen
2813 1163 2959 1232 ejus.
2993 1163 3197 1218 Scribo
3227 1163 3418 1228 vobis,
3451 1171 3672 1235 patres,

310 1257 474 1327 τέρες,
536 1252 617 1304 ὃτι
664 1250 919 1322 ἐγνώκατε
975 1254 1060 1302 τὸν
1115 1249 1202 1302 ἀπ’
1259 1249 1459 1324 ἀρχῆς,
1529 1252 1712 1322 Γράφω
1769 1249 1908 1319 ὑμῖν,

2058 1247 2187 1318 ξιιοά
2237 1249 2596 1317 cognovistis
2642 1265 2801 1314 eum,
2850 1252 2942 1322 qui
2985 1257 3070 1306 est
3109 1253 3180 1307 ab
3227 1252 3415 1308 initio.
3477 1254 3683 1309 Scribo

307 1347 590 1406 νεανίσκοι,
658 1341 736 1392 ὃτι
802 1359 1094 1398 νενικηκατε
1167 1343 1254 1391 τόν
1339 1343 1589 1410 Πονηρόν.
1668 1335 1916 1412 Ἔγραψα

2049 1337 2212 1401 Vobis,
2233 1337 2504 1408 juvenes,
2525 1341 2688 1411 quod
2719 1341 2939 1395 vicistis
2965 1341 3214 1398 malum.
3241 1342 3456 1412 Scripsi
3489 1343 3674 1408 vobis,

308 1433 454 1503 ὑμῖν,
507 1427 718 1494 παιδία,
795 1431 874 1481 ὅτι
933 1428 1188 1498 ἐγνωκατε
1243 1431 1329 1479 τόν
1385 1431 1612 1500 Πατέρα.
1669 1424 1916 1497 Ἔγραψα

2051 1426 2212 1490 iueri,
2241 1425 2406 1496 quod
2439 1427 2796 1498 cognovistis
2828 1432 3054 1484 Patrem
3089 1431 3318 1501 :scripsi
3345 1429 3540 1496 vobis,
3573 1447 3676 1502 pa-

309 1521 458 1592 ὑμῖν,
513 1523 746 1594 πατέρες,
798 1520 878 1570 ὅτι
931 1517 1182 1589 ἐγνώκατε
1219 1521 1304 1569 τὸν
1367 1515 1455 1568 ἀπ’
1486 1514 1680 1590 ἀρχῆς·
1727 1513 1914 1587 Ἔγρα-

2052 1529 2161 1579 res,
2217 1515 2383 1586 quod
2436 1517 2794 1587 cognovistis
2825 1534 2982 1582 eum,
3036 1518 3139 1590 qui
3181 1525 3271 1574 est
3323 1519 3402 1574 ab
3461 1520 3624 1574 initio
3667 1537 3677 1576 :

309 1609 395 1680 φα
438 1611 578 1680 ὑμῖν,
633 1611 916 1672 νεανίσκοι,
973 1606 1053 1659 ὃτι
1103 1607 1322 1680 ἰσχυροί
1375 1604 1509 1672 ἐστε,
1567 1609 1656 1656 καὶ
1691 1605 1716 1654 ὁ
1763 1603 1914 1674 λόγος

2057 1601 2231 1672 cripsi
2257 1603 2443 1668 vobis,
2463 1605 2736 1674 juvenes,
2763 1606 2930 1677 quod
2957 1607 3133 1662 fortes
3160 1607 3319 1671 estis,
3345 1615 3400 1663 et
3425 1611 3675 1665 verbum

311 1704 410 1749 τοῦ
449 1703 581 1750 Θεοῦ
638 1696 686 1749 ἐν
743 1698 864 1769 ὑμῖν
919 1701 1076 1768 μένει,
1131 1700 1220 1748 καὶ
1268 1699 1563 1753 νενικήκατε
1609 1697 1694 1745 τόν
1754 1697 1918 1750 Πονη-

2062 1691 2123 1744 Iei
2156 1691 2318 1762 apud
2355 1707 2459 1747 vos
2501 1701 2721 1758 manet,
2766 1701 2820 1749 et
2861 1695 3082 1750 vicistis
3123 1696 3375 1766 impium
3423 1698 3491 1748 ³1.
3525 1718 3548 1748 υ
3604 1699 3687 1752 Fi-

310 1791 426 1861 ρόν.
483 1807 510 1834 )›
563 1790 750 1838 Τεκνία
789 1789 878 1858 μεν
914 1787 1014 1858 γὰρ
1064 1790 1153 1836 καὶ
1191 1781 1386 1836 παιδία
1427 1791 1562 1836 ποιεῖ
1603 1786 1633 1841 ἡ
1683 1787 1774 1840 τὴν
1814 1783 1916 1854 ἅφ-

2057 1779 2200 1835 iolos
2252 1782 2408 1836 enim
2458 1789 2513 1838 et
2563 1799 2778 1854 pueros
2827 1785 3209 1854 regeneratio,
3263 1785 3682 1842 remissionem

313 1893 426 1926 εσιν
467 1883 562 1926 τῶν
605 1873 994 1946 ἁμαρτημάτων
1045 1873 1370 1946 χαριζομένη
1425 1871 1782 1942 ἀναγέννησις,
1829 1875 1918 1922 καὶ

2058 1875 2411 1925 »θοοᾶιοτιιω
2443 1871 2914 1944 dignitatemque
2947 1873 3286 1944 adoptionis
3317 1874 3683 1947 impertiens,

313 1966 378 2014 τό
435 1967 530 2023 τῆς
581 1963 848 2022 υἱοθεσίας
906 1960 1129 2032 ἀξίωμα,
1185 1956 1258 2011 δι’
1309 1960 1375 2010 ὧν
1439 1967 1546 2020 τοῖς
1593 1961 1756 2029 έργοις
1811 1957 1918 2009 ἐπι-

2067 1957 2226 2013 fﬁcit.
2244 1961 2346 2014 Per
2361 1967 2668 2032 utrumque
2691 1961 2839 2016 enim
2861 1962 3087 2017 Patrem
3107 1963 3488 2034 adOptantem
3507 1979 3691 2033 agno-

313 2056 593 2122 γινὼσκειν
653 2055 856 2124 Πατέρα
902 2053 989 2102 τόν
1040 2051 1242 2121 θέμενον
1300 2047 1472 2121 ὥσπερ
1535 2048 1695 2118 ἰσχὺν
1755 2065 1918 2122 προσ-

2067 2047 2234 2102 cendi
2272 2064 2450 2119 opere
2491 2049 2620 2120 ipso
2674 2056 2735 2105 ut
2775 2050 2930 2105 vires
2971 2052 3338 2122 accepimus,
3383 2053 3461 2108 ita
3501 2070 3692 2122 agno-

317 2140 614 2212 ειλήφαμεν,
670 2139 803 2192 οὕτω
865 2144 954 2190 καὶ
1003 2143 1162 2212 χρέος
1215 2137 1522 2208 ὑπήλθομεν.
1581 2141 1815 2208 Πατέρας
1863 2155 1921 2207 γε

2066 2151 2194 2190 cere
2222 2137 2428 2191 merito
2451 2137 2757 2193 debemus.
2789 2141 2984 2194 Patres
3007 2155 3186 2212 porro
3203 2140 3343 2195 facit
3373 2157 3691 2197 senescens

317 2233 419 2302 μὴν
485 2229 715 2298 καθιστᾴ
767 2231 796 2286 ἡ
853 2236 942 2288 τῆς
1003 2225 1089 2278 ἀπ’
1139 2225 1312 2298 ἀρχῆς
1360 2224 1615 2285 εὐσεϐείας
1662 2224 1818 2276 πολιά
1869 2243 1922 2277 τε

2062 2224 2131 2279 lla
2173 2229 2228 2279 et
2274 2225 2512 2282 ﬁrmata
2557 2227 2792 2298 pietatis
2839 2228 3071 2299 pridem
3119 2229 3342 2284 traditas
3387 2229 3687 2298 cognitio:

317 2323 410 2369 xui
477 2315 524 2369 ἐν
572 2326 644 2388 τῷ
707 2315 906 2389 βεϐαίῳ
970 2319 1318 2388 στηριζομένη
1377 2314 1678 2384 ἐπίγνωσις
1762 2319 1922 2366 νεανί-

2062 2329 2278 2369 uvenes
2305 2313 2562 2386 denique
2602 2315 2785 2370 robur
2829 2315 2992 2384 illud,
3025 2317 3184 2389 quod
3229 2325 3434 2374 contra
3467 2320 3687 2374 malum

321 2427 483 2468 σκους
537 2403 594 2459 δὲ
626 2409 682 2457 τὸ
729 2409 862 2458 κατὰ
904 2413 995 2456 τοῦ
1047 2411 1283 2478 Πονηροῠ
1330 2409 1418 2455 καὶ
1450 2411 1547 2454 τῶν
1591 2405 1767 2455 παθῶν
1799 2404 1922 2476 κρά-

2062 2403 2372 2457 lmmonem
2417 2407 2472 2458 et
2519 2404 2654 2458 vitia
2693 2405 2998 2460 exseritur.
3045 2411 3229 2478 Atque
3277 2406 3404 2461 hmc
3451 2407 3687 2477 quidem

317 2515 428 2556 τος.
473 2494 609 2546 Ἀλλ’
657 2493 787 2552 αὓτη
830 2497 918 2565 μὲν
950 2496 980 2551 η
1033 2502 1130 2545 τῶν
1185 2491 1540 2544 ἀποστολικῶν
1577 2492 1762 2563 λογίων
1805 2489 1920 2543 διά-

2064 2491 2256 2546 >raculi
2296 2491 2604 2564 apostolici
2645 2509 2813 2548 mens
2857 2499 2984 2548 est:
3027 2494 3113 2549 vis
3161 2511 3297 2548 vero
3337 2495 3466 2564 ejus
3517 2495 3576 2549 in
3625 2513 3689 2552 eo

317 2604 458 2646 νοια,
513 2585 540 2641 ἡ
594 2579 654 2635 δὲ
705 2591 804 2635 τῶν
841 2583 1088 2656 ῥημάτων
1136 2579 1373 2653 ἐπιμονὴ,
1427 2583 1454 2638 ἡ
1504 2584 1594 2653 μὲν
1645 2580 1922 2654 ἀφηγημα-

2063 2580 2144 2636 ita
2175 2589 2280 2644 est,
2314 2587 2376 2636 ut
2401 2581 2537 2636 hinc
2569 2582 2870 2646 doctrinas,
2906 2583 3043 2638 hinc
3075 2583 3688 2654 commonefactionis,

319 2693 412 2734 τος
461 2675 644 2743 ἐπέχοι
692 2673 752 2723 ἄν
789 2672 959 2743 λόγον,
1011 2673 1040 2730 ἡ
1095 2667 1154 2722 δὲ
1199 2669 1613 2742 ἐπαναμνῆσεως,
1663 2671 1783 2742 ὅπερ
1817 2674 1925 2722 εἵω-

2068 2687 2163 2740 ςιιεε
2194 2669 2493 2725 auditores
2517 2673 2856 2726 attentiores
2887 2671 3082 2734 efﬁcit,
3115 2672 3529 2742 dictorumque
3560 2689 3693 2728 sen-

323 2764 408 2814 θεν
453 2765 902 2836 προσεχεστέρους
956 2779 1009 2812 τε
1072 2763 1192 2821 τοὺς
1252 2759 1506 2831 ἀκροατὰς
1589 2761 1926 2831 παρασκευά-

2071 2776 2169 2814 um
2235 2760 2538 2815 memorias
2597 2775 2806 2815 eorum
2854 2759 3031 2816 altius
3087 2759 3296 2830 inﬁgit,
3355 2760 3556 2818 locum
3617 2767 3694 2816 te-

322 2852 452 2913 ζειν,
503 2855 592 2902 xui.
627 2849 912 2923 βαθύτερον
943 2857 1015 2918 τῷ
1049 2855 1349 2921 μνημονικῷ
1405 2857 1498 2909 τῆς
1527 2847 1716 2918 ψυχῆς
1754 2848 1922 2899 αὐτῶν
2035 2853 2194 2904 neat.

323 2939 682 3012 ἐγχαράσσειν
714 2944 806 2998 τὴν
837 2947 936 2990 τῶν
967 2939 1240 3012 εἰρημένων
1277 2933 1530 2989 διάνοιαν.

394 3027 462 3081 ’Ὀ
493 3031 564 3088 (4)
618 3025 676 3081 δὲ
706 3037 774 3100 τῷ
823 3032 1089 3104 κορυφαίω
1139 3031 1314 3100 Πέτρῳ
1372 3029 1594 3098 εἴρηται,
1645 3024 1705 3076 ἆν
1762 3027 1925 3097 ὀρθῶς

2109 3026 2275 3090 Quod
2327 3041 2464 3081 vero
2513 3043 2547 3081 a
2587 3027 2778 3090 Petro,
2829 3027 3234 3098 apostolorum
3270 3028 3560 3100 principe,
3599 3027 3691 3083 di-

323 3115 716 3190 ἓπισκοπήτῃς,
779 3113 904 3169 οὐδὲ
964 3116 1312 3191 ἀπορούμενον
1385 3114 1640 3188 περιόψει·
1710 3115 1926 3176 Ἐκεῖνος

2073 3119 2194 3169 tum
2234 3119 2339 3180 est,
2377 3115 2428 3168 in
2455 3131 2524 3170 eo
2553 3115 2814 3187 quidem,
2845 3115 2892 3169 si
2916 3116 3183 3171 animum
3213 3117 3514 3180 advertas,
3547 3117 3693 3172 nihil

321 3210 427 3280 γὰρ
483 3207 656 3268 εἰπὼν,
688 3228 716 3255 ‹‹
763 3211 866 3259 Καὶ
915 3209 1110 3262 ταύτην
1159 3209 1253 3262 τὴν
1305 3209 1474 3276 φωνὴν
1515 3207 1665 3276 ἡμεῖς
1694 3204 1924 3261 ἠκούσα-

2068 3203 2198 3257 iubii
2238 3203 2554 3258 inveneris.
2598 3204 2847 3269 Quando
2879 3205 3040 3259 enim
3081 3205 3174 3259 ille
3207 3205 3290 3260 ait
3322 3221 3334 3260 :
3373 3228 3400 3255 ‹‹
3435 3209 3497 3260 Et
3543 3207 3693 3261 hanc

322 3315 434 3366 μεν,
491 3295 544 3358 ἐξ
596 3295 816 3366 οὐρανοῦ
847 3297 1166 3366 ἐνεχθεῖσαν*
1201 3315 1228 3346 ››
1259 3290 1371 3346 εἶτα
1419 3293 1714 3365 ἐπαγαγών
1753 3314 1777 3343 ιι
1829 3297 1926 3345 Καὶ

2066 3308 2242 3347 ὀοθω
2266 3291 2340 3346 de
2357 3293 2508 3348 cmlo
2527 3291 2790 3348 delatam
2807 3293 3181 3358 audivimus;
3204 3315 3232 3346 »
3256 3311 3325 3350 ac
3343 3295 3691 3366 subjungit:

321 3387 516 3456 ἔχομεν
571 3382 900 3456 βεϐαιότερον
975 3387 1060 3435 τὸν
1123 3387 1444 3458 προφητικὸν
1495 3381 1666 3453 λόγον,
1735 3403 1752 3430 ι
1822 3381 1926 3453 οὐχ

2064 3425 2066 3430 λ
2087 3381 2440 3438 Ethabemus
2458 3381 2770 3436 firmiorem
2787 3397 3122 3436 sermonem
3143 3385 3548 3454 propheticum
3573 3387 3642 3449 ³³,
3667 3407 3689 3434 ι

321 3473 492 3544 ἑαυτῷ
550 3492 728 3545 φησιν,
781 3471 1134 3545 βεϐαιότερον,
1190 3473 1378 3542 ἄπαγε,
1417 3471 1648 3544 μάλιστά
1695 3491 1753 3543 γε
1800 3491 1927 3544 προ-

2077 3485 2152 3524 on
2187 3469 2301 3523 sibi
2339 3469 2584 3540 quidem
2617 3469 2781 3524 illum
2824 3469 3148 3525 firmiorem
3193 3471 3454 3542 appellat
3487 3491 3499 3540 ;
3541 3471 3697 3527 absit

322 3569 623 3634 αναφωνῶν,
657 3564 726 3624 ὡς
773 3585 800 3611 ιι
845 3563 1100 3614 Ἐπόπται
1129 3563 1417 3632 γενηθέντες
1465 3569 1560 3621 τῆς
1606 3567 1697 3612 τοῦ
1729 3565 1924 3636 Κυρίου

2066 3573 2166 3622 ιοο,
2189 3557 2484 3629 imprimis
2503 3574 2640 3612 cum
2673 3561 2808 3613 ante
2826 3559 3038 3613 dixerit
3064 3578 3076 3618 :
3113 3577 3142 3610 ‹‹
3165 3561 3532 3630 Spectatores
3555 3559 3691 3617 facti

321 3653 472 3724 ἡμῶν
539 3653 718 3708 Ἰησοῦ
795 3659 1034 3724 Χριστοῦ
1090 3649 1499 3723 μεγαλειότητος,
1577 3649 1926 3724 ἐγνωρίσαμεν

2066 3647 2148 3717 psi
2191 3646 2517 3717 majestatis
2563 3646 2792 3702 Domini
2834 3647 3018 3703 nostri
3065 3648 3204 3702 Jesu
3247 3649 3474 3712 Christi,
3519 3649 3691 3705 vobis

323 3742 448 3813 ὑμῖν
478 3745 568 3799 τὴν
601 3743 784 3792 τούτου
837 3737 1059 3812 δύναμιν
1099 3745 1187 3792 καὶ
1220 3745 1538 3812 παρουσίαν,
1587 3761 1605 3787 ι
1640 3743 1704 3790 Τί
1732 3741 1832 3810 γὰρ
1865 3739 1924 3792 ἂν

2071 3739 2354 3791 otentiam
2395 3739 2454 3791 et
2491 3736 2813 3792 adventum
2847 3737 2976 3808 ejus
3019 3737 3622 3794 manifestavimus”.
3667 3759 3693 3790 »

323 3833 404 3888 εἴη
452 3838 544 3892 τῆς
590 3829 842 3900 αὐτοψίας
884 3828 1287 3902 [βέϐαιότερον],
1337 3833 1426 3880 καὶ
1465 3837 1556 3880 τοῦ
1590 3827 1744 3888 ἀκοὰς
1789 3825 1926 3890 ἰδίας

2067 3825 2185 3890 [uid
2203 3825 2360 3880 enim
2385 3825 2613 3880 ﬁrmius
2641 3841 2712 3880 eo
2735 3841 2864 3880 esse
2889 3831 3104 3896 potest,
3137 3827 3382 3896 quando
3417 3827 3550 3898 quis
3569 3843 3692 3882 rem

331 3919 656 3972 ἀναπετάσαι
693 3919 763 3980 εἰς
813 3914 1091 3989 ὑποδοχὴν
1123 3927 1216 3978 τῆς
1260 3920 1447 3969 ἄνωθεν
1479 3927 1666 3989 φωνῆς,
1701 3923 1789 3969 καὶ
1831 3921 1924 3976 τὴν

2057 3931 2224 3984 psam
2259 3913 2433 3978 videt,
2458 3929 2752 3985 auresque
2776 3931 2916 3970 suas
2939 3915 3015 3969 ad
3045 3915 3443 3986 recipiendam
3475 3932 3682 3972 vocem

327 4011 589 4082 πατρικὴν
633 4007 1021 4077 έναυγασθῆναι
1077 4011 1368 4080 μαρτυρίαν
1430 4007 1601 4072 (5-6);
1633 4005 1792 4059 Ἀλλὰ
1841 4005 1926 4077 βε-

2073 4019 2292 4076 uperne
2325 4003 2583 4057 delatam
2631 4005 2880 4074 aperire,
2915 4011 3094 4075 atque
3126 4005 3277 4058 adeo
3313 4005 3500 4058 Patris
3535 4007 3694 4060 testi-

337 4095 603 4168 ϐαιότερον
669 4095 880 4156 ἐκείνοις
931 4099 1109 4166 φησὶν,
1175 4095 1252 4154 οἷς
1326 4093 1400 4162 (7)
1453 4096 1687 4166 ἔγραφεν,
1743 4097 1926 4145 ὡσανεὶ

2070 4092 2242 4146 aonio
2273 4091 2506 4146 edoceri
2541 4097 2734 4162 potest
2763 4093 2790 4147 i’
2817 4093 3018 4163 Itaque
3045 4093 3275 4159 ﬁrmius
3299 4092 3458 4160 dicit,
3495 4093 3695 4148 habito

325 4185 506 4256 λέγων·
571 4187 706 4244 Εῖτις
752 4185 826 4254 i8)
886 4179 1355 4248 ἐπιδιστάζουσαν,
1407 4183 1485 4243 οἷς
1547 4191 1924 4256 μαρτυροῦμεν,

2068 4182 2113 4236 ,ἀ
2145 4197 2264 4246 eos,
2286 4180 2507 4252 quibus
2535 4180 2846 4245 scribebat,
2883 4187 3148 4251 respectu
3180 4198 3192 4246 ;
3229 4183 3404 4252 quasi
3431 4181 3651 4236 diceret
3679 4199 3693 4234 :

333 4277 455 4346 ἔχοι
509 4279 603 4332 τὴν
655 4279 886 4345 γνώμην,
948 4273 1018 4332 εἰς
1082 4276 1168 4324 τόν
1229 4275 1549 4345 προφητικὸν
1617 4271 1928 4324 ἀποσκοπεί-

2077 4269 2248 4340 iquis
2279 4269 2524 4324 dubiam
2554 4269 2628 4324 de
2659 4269 2770 4334 his,
2803 4285 2936 4340 qum
2963 4274 3268 4334 testamur,
3306 4278 3568 4325 mentem
3595 4271 3696 4326 ha-

321 4383 398 4415 τω
453 4361 605 4432 λόγον
651 4363 745 4432 t9),
809 4360 1136 4434 βεϐαιότερον
1190 4365 1310 4412 ὅντα
1364 4381 1423 4432 γε
1492 4369 1586 4422 τῆς
1643 4369 1742 4412 τῶν
1809 4361 1928 4413 πολ-

2072 4367 2193 4422 ιεᾶῑ,
2226 4360 2274 4413 is
2303 4357 2546 4430 quidem
2578 4359 2655 4412 ad
2688 4359 3101 4430 pi'Opheticum
3135 4375 3473 4413 sermonem
3507 4359 3697 4430 respi-

319 4451 425 4504 λῶν
481 4457 598 4524 περὶ
683 4454 822 4523 ἡμᾶς
904 4449 1346 4523 ἀμφισϐητήσεως
1403 4453 1620 4511 πάντως.
1683 4449 1793 4502 Οὐκ
1855 4452 1930 4503 ἔτι

2075 4450 2176 4517 iat,
2207 4448 2309 4520 qui
2340 4447 2569 4502 ﬁrmior
2601 4447 2800 4520 utique
2840 4453 2926 4502 est
2955 4445 3343 4512 dubitatione,
3378 4464 3560 4521 quam
3593 4449 3697 4504 ad-

323 4544 429 4616 γάρ
480 4545 569 4592 καὶ
624 4537 770 4602 οὗτος
823 4545 954 4608 (10),
1002 4542 1069 4600 ὡς
1119 4541 1178 4590 ἄν
1225 4559 1356 4601 τινες
1397 4539 1762 4614 εὐχερέστερον
1813 4557 1932 4614 περ),

2072 4553 2249 4592 'ersns
2281 4553 2390 4592 nos
2419 4536 2578 4591 multi
2607 4537 2824 4591 fovent.
2857 4535 2952 4591 llle
2995 4536 3154 4590 enim
3191 4542 3367 4603 certe,
3399 4537 3564 4610 quod
3595 4539 3697 4594 ali-

333 4629 499 4683 οἶλλων
566 4628 943 4699 ὑπολήψονται,
1006 4627 1326 4701 ἀνθρωπίνης
1381 4633 1696 4702 προέρχεται
1752 4626 1928 4691 δόξης.

2063 4627 2142 4698 [ui
2182 4627 2310 4683 aliis
2351 4627 2638 4696 suspicari
2677 4625 2908 4681 facilius
2961 4625 3207 4696 possint,
3260 4643 3328 4680 ex
3377 4625 3688 4684 hominum

319 4719 443 4771 ⁴Ὀτι
493 4715 552 4770 δὲ
605 4719 709 4790 οὐχ
763 4719 927 4770 ἐαυτώ
983 4715 1311 4789 βεϐαιότερον
1365 4719 1569 4788 ἔφησεν,
1619 4723 1931 4790 σαφέστερον

2070 4715 2323 4789 ιρὶῑιίοῐιο
2353 4731 2475 4771 non
2506 4723 2595 4771 est
2621 4714 2939 4788 profectus.
2961 4713 3126 4780 Quod
3161 4721 3298 4770 ‘vero
3326 4732 3446 4770 non
3469 4719 3695 4772 ratione

323 4810 628 4862 ὑπακατιὼν
687 4803 1018 4860 ἐκδιδάσκει.
1079 4807 1340 4881 Ἐπιφέρει
1391 4809 1510 4880 γάρ·
1561 4829 1588 4856 ‹‹
1637 4805 1707 4880 *ῼ
1763 4807 1932 4869 καλῶς

2075 4807 2150 4872 ui,
2211 4805 2314 4861 sed
2381 4805 2642 4874 illorum,
2706 4804 2784 4861 ad
2823 4820 2978 4877 quos
3017 4803 3334 4870 scribebat,
3374 4805 3694 4874 ﬁrmiorem

322 4904 518 4952 ποιεῖτε
567 4900 916 4972 προσέχοντες
968 4917 988 4945 ι
1027 4895 1214 4968 (ὑμεῖς,
1257 4899 1434 4969 φησὶν,
1468 4895 1560 4948 οὐκ
1591 4895 1736 4968 ἐγὼ).
1791 4916 1820 4949 ι(
1867 4899 1931 4959 ὡς

2070 4897 2270 4962 lixerit,
2331 4895 2394 4951 id
2449 4895 2691 4968 quidem
2753 4893 2934 4968 paulo
2973 4899 3109 4966 post
3155 4893 3372 4950 clarius
3411 4895 3695 4955 ostendit.

398 5087 442 5121 ³¹
469 5087 636 5143 Joaa.
663 5099 718 5152 ιι,
749 5087 812 5142 t2
844 5099 968 5157 seq.
1014 5087 1060 5120 ³²
1091 5083 1136 5139 II
1161 5085 1309 5140 Petr.
1337 5100 1374 5150 1,
1417 5084 1611 5151 18,19.
1653 5085 1718 5140 ³³.
1775 5085 1922 5142 ibid.
1959 5091 2045 5147 l7.

1897 5260 2096 5317 ΝΟΤᾸΞ

391 5395 468 5464 (3)
498 5398 560 5450 lu
593 5409 708 5452 ms.
740 5398 918 5450 πόσιν.
1571 5441 1580 5452 ,
1794 5443 1808 5456 .

1571 5441 1580 5452 ,
1794 5443 1808 5456 ,
2101 5393 2180 5464 (7)
2224 5391 2314 5450 Sic
2341 5391 2502 5450 Colb.
2545 5405 2656 5462 pro
2685 5389 2797 5452 οὓς.
2875 5443 2879 5448 ,

391 5395 442 5458 (3
498 5398 560 5450 lu
593 5409 708 5452 ms.
740 5398 918 5450 πόσιν.
1571 5441 1580 5452 τ
1794 5443 1808 5456 .

390 5395 468 5538 μζ
490 5466 515 5518 ὃ
539 5466 703 5523 Colb.
734 5482 843 5538 pro
871 5469 951 5538 ro’.
1271 5535 1280 5538 _
1479 5537 1487 5538 ί
1542 5536 1551 5538 4
1934 5531 1942 5538 _

1571 5441 1580 5452 .
1794 5443 1808 5456 .
2101 5395 2180 5464 (7)
2224 5395 2314 5450 Sic
2341 5395 2502 5450 Colb.
2545 5405 2656 5462 pro

1271 5535 1280 5538 _
1479 5537 1487 5538 κ
1542 5536 1551 5538 4
1934 5531 1942 5538 _
2101 5465 2178 5538 (8)
2199 5464 2360 5538 idem
2393 5479 2501 5534 pro
2527 5465 2657 5538 ἣτις.

391 5465 466 5538 (4)
490 5466 515 5518 ὃ
539 5466 703 5523 Colb.
734 5482 843 5538 pro
871 5469 951 5519 τό.
1934 5531 1942 5546 μ

391 5533 520 5594 (5-6)
561 5543 841 5611 Apparet,
891 5537 986 5594 hic
1041 5553 1114 5593 ex
1151 5535 1316 5592 libris
1369 5536 1652 5594 excidisse
1712 5551 1944 5594 vocem-

391 5608 672 5682 ϐαιότερον,
707 5609 842 5666 ideo
868 5607 1036 5682 quod
1077 5623 1220 5666 mox
1241 5609 1458 5666 iterum
1487 5609 1776 5682 sequitur.

2125 5468 2155 5519 8
2199 5465 2360 5519 Idem
2393 5479 2501 5534 pro
2527 5465 2658 5523 ἣτις.

1283 5553 1316 5592 8
1369 5536 1652 5594 excidisse
1712 5531 1944 5594 vocem!
2123 5467 2178 5608 9;
2207 5535 2370 5590 Idem
2397 5551 2508 5606 pro
2537 5533 2908 5590 ἐπισκοπείτω.

1283 5624 1458 5666 erum
1487 5609 1776 5682 sequitur.
2099 5465 2213 5682 ξω)
2243 5607 2338 5664 Sic
2362 5605 2528 5664 Colb.
2553 5622 2656 5682 pro
2685 5605 2875 5672 οὕτως,

322 5605 672 5686 βεϐαιότερόν,
707 5609 842 5666 ideo
868 5607 1036 5682 quod
1077 5623 1220 5666 mox
1241 5609 1458 5666 iterum
1487 5609 1776 5684 sequitur.

1249 5609 1458 5666 iterum
1487 5609 1776 5684 sequitur.
2101 5605 2213 5682 (10)
2243 5607 2338 5664 Sic
2362 5605 2528 5664 Colb.
2553 5622 2656 5682 pro
2685 5605 2874 5672 οὕτως.
