3926 6190
444 284 545 347 731

1688 287 1925 345 PHOTII
1965 286 2442 346 PATRIARCHE
2483 290 2594 346 ΟΡ.
3691 290 3770 349 732

446 413 968 483 Subjungitenim:
997 431 1022 463 α
1048 412 1148 469 Cui
1175 413 1221 467 si
1260 413 1647 479 attenderitis,
1666 420 1819 470 recte
1850 416 2086 471 facitis»

2206 416 2382 488 λύχνῳ
2436 421 2663 489 φαίνοντι
2718 414 2766 467 ἔν
2815 415 3079 489 αὐχμηρῷ
3138 420 3300 488 τόπῳ,
3359 415 3454 478 ἕως
3519 417 3579 469 οὗ
3638 420 3776 491 ἡμέρα

440 502 934 573 (vos.inquit,non
952 503 1084 573 ego)
1102 520 1115 557 :
1133 525 1161 553 «
1178 508 1460 575 tanquam
1474 504 1819 569 candelaajn
1835 506 2091 561 obscuro

439 589 571 645 loco
596 590 826 659 lucenti,
857 591 1048 647 donec
1087 592 1213 647 dies
1255 593 1579 657 illucescat,
1619 600 1674 649 et
1706 594 2091 667 phosphorus

441 682 661 736 oriatur
689 682 747 736 in
778 682 1064 737 cordibus
1098 683 1304 737 vestris
1326 684 1394 735 3‘.
1434 706 1461 733 »

513 787 836 853 quasue
875 789 1121 844 cxxxm
1176 790 1377 860 [CoisL
1424 790 1621 857 CLXV,
1692 793 1869 847 Taur.
1916 792 2090 862 CLIV]

659 896 808 963 Quid
836 898 1145 964 Apostolus
1180 905 1343 953 vocat
1381 918 1408 947 «
1435 899 1762 966 peripsema
1787 898 1814 952 ?
1846 918 1874 949 ››

2208 503 2499 579 διαυγάσῃ,
2559 512 2647 558 καὶ
2717 525 2986 579 φωσφορος
3067 504 3303 579 ἀνατείλῃ
3380 506 3428 558 ἐν
3498 515 3611 568 ταῖς
3672 528 3776 580 κειρ-

2207 592 2349 657 δίαις
2388 596 2548 667 ὑμὼν,
2590 617 2617 644 ››

2751 798 3063 845 ΕΡΩΤΗΣῙΣ
3101 794 3263 847 ΡΛΓ¹.

2448 904 2510 950 Τί
2539 898 2672 970 λέγει
2704 900 2729 950 ὁ
2760 899 3071 960 Ἀποστολος
3099 918 3127 949 (ι
3160 898 3439 971 περίψημα
3473 921 3485 963 ς
3528 922 3555 951 ι)

557 1002 832 1053 Editarum
868 1017 901 1052 a
930 1004 1121 1052 Wolﬁo
1147 1004 1354 1052 decima
1383 1003 1571 1067 quinta
1594 1004 1649 1063 (1.
1678 1018 1722 1054 c.
1758 1020 1807 1067 p.
1841 1006 2046 1053 742-748
2071 1005 2311 1054 Galland.
2346 1006 2377 1052 Ι.
2410 1020 2455 1053 c.
2492 1006 2600 1061 727,
2635 1007 2724 1054 728
2754 1021 2805 1054 n.
2830 1007 2926 1060 31).
2954 1033 3016 1041 -
3049 1007 3105 1055 ln
3138 1005 3298 1055 lCor.
3324 1017 3406 1065 1v,
3445 1007 3505 1054 13
3532 1020 3674 1071 seqq.

519 1100 641 1155 Vox
682 1101 955 1176 περίψημα
987 1107 1180 1173 potest
1208 1102 1453 1174 quidem
1494 1102 1838 1173 simpliciter
1877 1102 2095 1171 signiﬁ-

443 1206 578 1245 care
612 1190 693 1255 id,
721 1192 879 1262 quod
910 1198 1341 1263 comtemptum
1370 1198 1478 1258 est,
1528 1197 1586 1247 et
1633 1191 1885 1265 pedibus
1917 1192 2092 1263 quasi

442 1278 798 1347 subjectum.
845 1281 1075 1334 Rectius
1115 1295 1254 1334 vero
1294 1296 1537 1334 sensum
1580 1280 1944 1351 expresseris
1986 1295 2091 1351 per

438 1368 931 1438 redemptionem,
962 1374 1017 1423 et
1046 1369 1344 1424 victimam
1382 1384 1489 1439 pro
1541 1368 1670 1423 aliis
1701 1368 2089 1440 piacularem.

440 1455 602 1511 illam
629 1456 789 1511 enim
814 1463 1032 1512 veteres
1072 1458 1433 1529 frequentius
1478 1456 1754 1532 περίψημα
1788 1457 2087 1529 appellare

437 1553 895 1611 consueverunt,
923 1545 1455 1617 appellationisque
1472 1546 1628 1600 illius
1653 1546 1807 1601 banc
1831 1545 2088 1601 reddunt

2274 1106 2343 1155 Τὸ
2379 1122 2405 1154 (ι
2434 1102 2707 1177 περίψημα
2735 1126 2761 1152 ››
2796 1101 3017 1155 δύναται
3048 1108 3137 1176 μὲν
3168 1104 3325 1164 οὓτως
3356 1104 3534 1164 ἁπλῶς
3562 1112 3667 1156 νυνί
3698 1124 3779 1161 ση-

2201 1197 2400 1263 μαίνειν
2448 1196 2504 1244 τὸ
2536 1191 2582 1243 ἐν
2630 1192 2834 1264 ἀτιμίᾳ,
2868 1198 2957 1244 καὶ
2995 1194 3105 1245 οἷον
3153 1195 3253 1245 ύπό
3286 1197 3351 1245 τὰ
3388 1197 3519 1264 ἴχνη
3553 1200 3776 1265 κείμενον.

2200 1280 2471 1354 ἐγγύτερον
2532 1277 2581 1331 δ’
2636 1280 2693 1332 ἂν
2746 1284 2821 1339 εἵη
2880 1291 2974 1343 τῆς
3023 1287 3294 1353 σημασίας
3349 1284 3379 1339 ἠ
3440 1282 3779 1354 ἀπολύτρωσις

2199 1375 2287 1422 καὶ
2334 1375 2389 1422 τὸ
2440 1371 2544 1422 οἷον
2598 1373 2722 1441 ὑπὲρ
2773 1391 2921 1422 τινων
2979 1374 3175 1445 ἱερεῖον.
3231 1370 3518 1444 Περίψημα
3562 1376 3659 1442 γὰρ
3703 1392 3781 1422 κα-

2198 1458 2300 1511 λεῖν
2350 1458 2506 1511 ἕκαίνο
2561 1459 2749 1532 μᾶλλον
2808 1461 2832 1511 ὁ
2891 1459 3104 1521 παλαιὸς
3160 1456 3273 1512 οἵδε
3320 1460 3492 1529 λόγος,
3560 1465 3646 1511 καὶ
3697 1468 3778 1517 τὴν

2198 1548 2367 1599 αἰτίαν
2421 1553 2667 1606 τοιαύτην
2716 1552 3004 1621 παρέχεται
3061 1558 3132 1619 τῷ
3160 1552 3395 1620 ὀνόματι.
3455 1553 3525 1601 Τὸ
3582 1550 3777 1601 παλαιὸν

437 1636 747 1690 rationem.
774 1636 1259 1707 Quandocunque
1284 1642 1509 1689 veteres
1531 1636 1591 1689 in
1623 1635 1807 1689 divini
1826 1636 2084 1690 Numinis

2198 1634 2406 1689 ἐπειδάν
2456 1657 2603 1688 τινων
2662 1639 2856 1690 ἄνωθεν
2915 1640 3219 1710 μηνιμάτων
3277 1639 3343 1697 εἰς
3396 1646 3578 1710 πεῖραν
3634 1638 3776 1690 ἐνέπι-

438 1723 907 1793 indignationem
936 1724 1284 1791 inciderant,
1321 1740 1618 1796 praveque
1645 1723 1939 1779 factorum
1964 1740 2087 1795 pce-

436 1828 545 1867 nas
576 1830 611 1867 a
642 1830 701 1867 se
746 1814 928 1883 repeti
977 1813 1330 1876 sentiebant,
1384 1818 1510 1867 tum
1538 1813 1696 1866 cives
1743 1828 1928 1867 unum
1980 1812 2087 1867 ali-

438 1919 611 1971 quem
648 1919 915 1967 suorum,
948 1903 1051 1973 qui
1080 1902 1171 1956 vel
1203 1909 1352 1956 sorte
1385 1902 1648 1956 delectus
1682 1907 1830 1966 erat,
1860 1902 1949 1955 vel
1980 1918 2087 1955 suo

438 1992 681 2047 arbitrio
709 2002 886 2064 atque
909 1995 1060 2047 adeo
1090 2000 1301 2063 sponte
1334 2009 1393 2047 se
1422 2008 1528 2063 pro
1550 1994 1821 2046 omnibus
1844 1992 1903 2046 in
1928 1991 2091 2046 victi-

438 2097 602 2135 mam
634 2082 833 2135 sistere
864 2097 1083 2153 eosque
1115 2082 1353 2151 expiare
1388 2087 1690 2147 statuerat,
1726 2082 1965 2149 agmine
2008 2080 2087 2137 fa-

436 2174 550 2238 cto,
570 2169 863 2241 cingentes
893 2170 1165 2225 manibus
1181 2186 1317 2224 eum
1339 2176 1602 2238 tangere,
1624 2169 1888 2241 palpare,
1915 2175 1970 2224 et
1990 2169 2089 2225 de-

435 2256 601 2314 linire
649 2259 825 2331 quasi
876 2259 1148 2314 solebant
1185 2260 1490 2314 dicentes:
1566 2280 1592 2310 «
1659 2260 1746 2314 Sis
1813 2265 2088 2315 nostrum

434 2349 790 2418 peripsema.
852 2370 878 2396 »
930 2348 1068 2402 inde
1104 2348 1281 2416 igitur
1338 2348 1559 2403 factum
1606 2354 1711 2413 est,
1767 2353 1829 2402 ut
1870 2348 2087 2404 Paulus

434 2437 537 2507 qui
579 2437 762 2491 multa
789 2454 947 2507 saepe
971 2438 1263 2509 sapienter
1294 2440 1350 2491 in
1384 2438 1738 2508 obsequium
1763 2438 1969 2493 Christi
2001 2454 2087 2492 re-

435 2524 615 2593 degit,
668 2526 824 2579 idem
860 2542 979 2579 non
1022 2527 1219 2579 minus
1276 2526 1349 2580 de
1393 2527 1717 2598 phrasibus
1775 2527 2085 2596 gentilium

435 2613 671 2677 faceret,
690 2614 870 2667 nonin
889 2622 1183 2685 quantum
1198 2631 1329 2669 com
1342 2620 1453 2685 pltB
1470 2616 1582 2670 illa;
1599 2622 1795 2670 essent
1816 2616 1898 2686 etj
1911 2632 2087 2670 ucun-

435 2700 528 2755 dae
578 2702 805 2769 auditu,
839 2704 942 2756 sed
976 2704 1036 2756 in
1082 2710 1369 2773 quantum
1416 2704 1491 2757 ad
1522 2720 1645 2758 rem
1683 2712 1834 2759 recte
1866 2704 2087 2773 signiﬁ-

436 2790 690 2844 candam
733 2797 787 2845 et
814 2792 1354 2861 repraesentandam
1386 2792 1609 2863 optime
1640 2799 1836 2847 essent
1858 2809 2088 2848 accom-

437 2880 712 2934 modatas.
740 2880 955 2934 Vocem
988 2882 1185 2951 itaque
1217 2880 1515 2951 ejusmodi
1544 2882 1602 2936 h.
1630 2881 1673 2938 l.
1711 2882 1979 2951 deligens
2008 2882 2085 2937 ad

2196 1746 2341 1787 πτον,
2398 1732 2485 1778 καὶ
2541 1730 2723 1787 ποινὰς
2780 1726 2970 1787 αύτούς
3031 1736 3131 1780 τῶν
3196 1727 3585 1799 τετολμημένων
3643 1728 3775 1779 ἁπαι-

2197 1817 2401 1867 τεῖσθαι
2444 1818 2782 1887 συνῄσθοντο,
2836 1814 3013 1889 ἁθρόοι
3066 1819 3401 1890 περιστάντες
3454 1821 3511 1868 τὸ
3547 1817 3773 1888 ὁμόφυλον

2198 1904 2269 1956 ἐνί
2312 1925 2413 1956 τινι
2459 1905 2642 1969 αὐτῶν,
2696 1908 2747 1965 ὃς
2785 1905 2983 1977 ἔμελλεν
3024 1906 3051 1963 ἡ
3108 1906 3276 1979 κλήρῳ
3309 1905 3629 1977 ἀφορισθεὶς,
3658 1907 3684 1963 1':
3715 1914 3773 1974 τῷ

2198 1996 2448 2067 προθύμῳ
2501 2003 2590 2054 τῆς
2644 2002 2855 2066 γνώμης
2900 1996 3010 2064 (11)
3066 1994 3302 2056 ἑκούσιος
3384 1997 3512 2068 ύπερ
3592 1998 3771 2049 πάντων

2198 2084 2538 2153 προθύεσθαι,
2600 2088 2690 2133 καὶ
2740 2084 3024 2156 καθάρσιον
3082 2083 3251 2134 αὐτῶν
3300 2086 3563 2153 γίνεσθαι,
3614 2091 3775 2134 τοῦτον

2198 2176 2357 2243 χερσὶ
2410 2171 2718 2244 περιψώντες
2790 2178 2878 2224 καὶ
2963 2172 3306 2244 ἐφαψώμενοι,
3408 2196 3435 2222 ‹‹
3521 2172 3774 2246 Περίψομα

2198 2261 2363 2331 ἡμῶν,
2414 2260 2602 2331 ἔλεγον,
2657 2268 2829 2331 γενοῦ.
2874 2283 2898 2309 η
2934 2263 3151 2313 Ἐκεῖθεν
3196 2256 3282 2312 οὖν
3341 2262 3367 2311 ὁ
3409 2260 3569 2312 πολλὰ
3614 2259 3774 2311 πολλά-

2197 2368 2274 2408 κις
2329 2356 2497 2419 σοφῶς
2549 2348 2952 2419 αἰχμαλωτίσας
3022 2349 3224 2411 Παῦλος
3289 2350 3362 2411 εἰς
3418 2354 3513 2407 τὴν
3565 2352 3773 2404 {malai-4

2196 2445 2284 2489 τού
2338 2446 2590 2509 Χριστοῦ,
2648 2436 2799 2490 οὐδὲν
2854 2434 2912 2490 δὲ
2969 2439 3122 2495 ἧττον
3173 2444 3261 2490 καὶ
3305 2448 3404 2490 τῶν
3456 2440 3550 2500 ἔξω
3600 2447 3769 2510 φωνῶν,

2197 2527 2301 2597 οὐχ
2360 2529 2456 2583 ὅση
2513 2528 2629 2595 (12)
2679 2527 2855 2598 κομψή
2903 2532 2991 2579 καὶ
3034 2528 3237 2598 γλῶττα
3283 2533 3372 2579 καὶ
3426 2532 3635 2599 εὔηχος,
3684 2526 3775 2577 ἀλλ’

2196 2619 2293 2674 ὅση
2340 2621 2533 2686 γνησία
2575 2623 2809 2685 σημᾶναι
2858 2622 2945 2667 καὶ
2976 2627 3320 2690 παραστῆσαι
3351 2621 3409 2669 τὸ
3442 2622 3770 2692 προκείμενον.

2199 2711 2298 2757 Καὶ
2325 2710 2417 2763 τὴν
2448 2710 2614 2776 φωνὴν
2640 2709 2833 2763 ταύτην
2868 2704 3152 2771 συλλαϐὼν,
3188 2711 3337 2777 φησὶ,
3375 2728 3397 2755 ιι
3430 2706 3716 2779 Περίψημα,
3750 2729 3774 2752 ιι

2196 2798 2319 2866 πρὸς
2374 2795 2681 2865 Κορινθίους
2730 2797 2958 2867 γράφων,
3011 2818 3036 2844 ((
3080 2794 3293 2845 πάντων
3345 2795 3609 2867 ἐγενόμην.
3644 2818 3666 2842 »
3702 2800 3774 2862 Τῷ

2196 2887 2305 2934 ὄντι
2352 2886 2453 2955 γὰρ
2511 2886 2578 2944 ὡς
2635 2885 2837 2934 πάντων
2908 2884 3184 2956 περίψημα
3255 2883 3391 2935 ούτω
3450 2882 3543 2935 διὰ
3604 2888 3774 2944 παντὸς

437 2967 773 3025 Corinthios
803 2969 1005 3023 scribit
1041 2992 1051 3023 :
1083 2989 1109 3020 «
1147 2971 1427 3026 Omnium
1461 2970 1649 3026 factus
1672 2988 1804 3026 sum
1830 2972 2083 3042 peripse-

2198 2974 2429 3043 ἔπασχεν
2486 2977 2572 3023 καὶ
2633 2971 3049 3043 ἐταλαιπωρεῖτο,
3102 2977 3191 3024 καὶ
3244 2980 3349 3032 τοῖς
3420 2970 3603 3033 δεινοῖς
3670 2992 3775 3023 κατ-

439 3074 538 3113 ma
567 3059 635 3113 ⁸⁵.
669 3081 696 3107 ‹‹
757 3060 896 3114 Vere
939 3059 1122 3128 enim,
1166 3066 1451 3131 tanquam
1495 3059 1736 3114 victima
1768 3061 2087 3131 piacularis

436 3151 729 3213 omnium,
752 3150 957 3203 omnia
972 3149 1377 3204 calamitatum
1407 3165 1627 3218 genera
1656 3151 2007 3214 sustinebat,
2036 3155 2091 3205 et

437 3239 778 3303 vexabatur,
843 3244 898 3291 et
953 3239 1275 3292 duriSSima
1322 3254 1572 3311 quaeque
1625 3240 2085 3310 perpetiebatur.

435 3325 589 3379 Mitto
632 3326 767 3381 alia.
812 3328 1051 3380 Invenio
1093 3343 1222 3381 vero
1267 3333 1322 3382 et
1361 3328 1543 3383 aliam
1586 3328 1856 3398 ejusdem
1887 3327 2091 3382 dictio-

432 3429 591 3479 nem,
626 3430 763 3469 cum
795 3414 1019 3469 caeteris
1051 3416 1335 3470 omnibus
1367 3418 1837 3488 comparandam
1865 3434 1877 3471 :
1924 3437 1951 3468 (ι
1988 3418 2091 3471 Per

430 3503 839 3573 gloriationem
872 3511 1138 3558 nostram
1170 3506 1227 3558 in
1254 3505 1379 3559 dies
1420 3508 1659 3561 morior.
1706 3528 1732 3558 »
1782 3508 1953 3562 Vides
1984 3508 2093 3562 uti-

426 3606 564 3661 que,
594 3595 903 3662 quomodo
926 3592 1196 3646 omnium
1222 3591 1394 3647 fuerit
1417 3594 1711 3663 piaculum
1736 3602 1789 3650 et
1818 3594 2081 3661 victima,

424 3684 481 3734 et
509 3680 851 3749 peripsema.
888 3683 1081 3751 Neque
1114 3682 1272 3734 enim
1314 3697 1422 3752 pro
1456 3681 1673 3737 Judteis
1707 3684 1899 3739 solum
1927 3684 2085 3741 intra

426 3786 488 3824 se
521 3770 800 3824 urebatur
828 3776 882 3825 et
913 3769 1179 3835 ardebat,
1215 3769 1481 3841 forisque
1519 3772 1751 3828 inﬁnita
1786 3774 1941 3828 mala
1974 3791 2082 3846 pa-

424 3858 717 3924 tiebatur;
762 3875 954 3930 neque
997 3876 1101 3931 pro
1132 3861 1400 3929 cognatis
1442 3867 1695 3927 tantum,
1738 3863 1838 3917 sed
1891 3870 1945 3918 et
1972 3879 2079 3935 pro

423 3948 1007 4013 Graecisetbarbaris,
1025 3950 1429 4022 omnibusque
1448 3952 1693 4006 omnino
1713 3952 2075 4018 hominibus,

422 4053 567 4092 num
600 4053 779 4109 quem
822 4039 1083 4103 fortasse,
1120 4039 1285 4110 quod
1326 4040 1451 4111 ipse
1483 4041 1804 4106 clamabat,
1848 4042 2075 4095 salvare

422 4133 620 4197 posset
642 4128 707 4177 ⁵⁸.
730 4127 899 4192 Quod
924 4128 1100 4197 igitur
1117 4130 1373 4198 quotidie
1395 4128 1589 4193 ﬁebat,
1621 4130 1680 4183 id
1706 4131 1902 4184 verbis
1929 4146 2077 4201 quo-

420 4231 537 4287 que
567 4217 1028 4283 contestabatur,
1060 4236 1088 4268 «
1116 4219 1385 4272 omnium
1411 4234 1471 4272 se
1496 4218 1830 4289 peripsema
1851 4219 2075 4275 factum

420 4321 572 4369 esse,
617 4328 643 4354 ››
684 4306 1005 4374 professus.

493 4397 657 4449 Hunc
698 4410 833 4450 vero
893 4395 1294 4465 signiﬁcatum
1336 4395 1535 4453 ﬁrmat
1592 4396 1727 4468 ipsa
1780 4399 2075 4454 sermonis

420 4483 619 4538 series.
650 4486 775 4539 Non
800 4486 977 4549 enim,
1000 4484 1215 4556 inquit,
1242 4485 1628 4556 pudefaciens
1651 4503 1753 4543 vos
1777 4488 1904 4542 htec
1918 4487 2071 4553 dico,

418 4570 533 4626 hoc
558 4579 664 4641 est,
703 4576 828 4627 Non
870 4576 1129 4644 exprobo
1162 4574 1332 4629 vobis
1364 4575 1819 4631 beneﬁcentiam
1855 4593 2071 4641 meam,

420 4675 613 4732 neque
639 4662 930 4717 beneﬁcia
971 4663 1136 4718 vobis
1166 4663 1439 4719 exhibita.
1476 4664 1625 4730 Quid
1659 4665 1832 4734 igitur
1864 4667 1889 4721 ?
1918 4670 1981 4721 ut
2006 4666 2077 4720 ﬁ-

418 4748 527 4804 lios
557 4750 801 4805 dilectos
834 4751 1025 4822 potius
1053 4752 1351 4807 admoneo
1384 4754 1449 4808 ³⁷.
1485 4754 1651 4808 Filios
1683 4755 1841 4809 enim
1876 4760 2073 4825 pater-

420 4854 513 4893 na:
544 4839 937 4896 beneﬁcentiae
976 4843 1317 4897 meminisse
1348 4842 1530 4908 decet,
1572 4843 1633 4898 in
1674 4844 1902 4915 primis,
1937 4861 2075 4900 cum

422 4942 537 4982 non
566 4930 913 4999 simpliciter
944 4938 1079 4985 sunt
1106 4932 1227 4995 lilii,
1264 4932 1365 4987 sed
1398 4932 1575 4987 etiam
1603 4932 1818 4987 dilecti.
1855 4936 2073 4989 Sensus

420 5018 621 5089 itaque
662 5025 746 5071 est
790 5034 801 5073 :
848 5019 964 5075 Vos
996 5021 1144 5075 adeo
1187 5022 1332 5077 mibi
1372 5022 1625 5088 vindico,
1659 5029 1839 5094 atque
1872 5024 1952 5078 ita
1974 5040 2072 5077 ve-

420 5107 521 5161 stri
552 5121 756 5162 amore
789 5108 989 5174 ardeo,
1035 5116 1095 5165 ut
1125 5126 1245 5166 non
1285 5111 1555 5167 dubitem
1594 5112 1911 5182 peripsema
1940 5127 2075 5183 pro-

418 5195 589 5253 vobis
620 5194 765 5260 ﬁeri,
809 5201 863 5251 et
894 5197 955 5253 in
996 5203 1259 5255 vestrum
1303 5201 1696 5257 commodum
1736 5216 1830 5256 me
1870 5201 2071 5274 ipsum

2200 3066 2435 3116 ετείνετο.
2492 3061 2586 3113 Ἐὠ
2644 3061 2821 3115 τᾶλλα.
2870 3067 2967 3113 Καὶ
3010 3064 3110 3133 γὰρ
3159 3063 3385 3132 εὑρίσκω
3438 3068 3604 3134 φωνὴν
3633 3061 3773 3114 «Sto-5

2200 3149 2390 3201 ἐκείνου
2448 3160 2545 3200 τῶν
2599 3150 2761 3201 ἄλλων
2824 3150 3058 3202 ἁπάντων
3119 3149 3442 3226 ἀντιρροπον·
3494 3174 3515 3200 ‹
3580 3156 3650 3209 Νη
3698 3156 3771 3207 τὴν

2200 3241 2449 3311 ἡμετέραν
2497 3242 2767 3310 καύχησιν
2842 3239 2957 3292 καθ’
3034 3240 3256 3297 ἑκάστην
3327 3242 3523 3313 ἡμέραν
3574 3240 3772 3297 ἀποθνη-

2203 3346 2336 3383 σκω.
2380 3350 2406 3377 »
2437 3327 2588 3402 Ὁρᾷς
2619 3332 2755 3391 ὃπως
2785 3325 2844 3386 ἦν
2885 3332 3086 3381 πάντων
3118 3332 3428 3402 καθάρσιον,
3462 3336 3551 3382 καὶ
3592 3333 3769 3404 ἱερεῖον,

2200 3417 2663 3490 καὶιιπερίψημα,
2716 3438 2743 3469 ››
2795 3414 2933 3470 Οὐδὲ
2990 3421 3087 3491 γὰρ
3144 3420 3269 3491 ὑπὲρ
3326 3415 3595 3471 Ἰουδαίων
3636 3423 3767 3490 μόνον

2199 3503 2533 3579 ἐπυρπολείτο
2580 3509 2643 3559 τὰ
2694 3503 2858 3571 ἔνδον,
2910 3512 2998 3559 καὶ
3056 3506 3315 3579 ἐφλέγετο,
3367 3514 3457 3559 καὶ
3514 3510 3575 3560 τὰ
3625 3512 3769 3581 μυρία

2198 3594 2375 3655 ἔξωθεν
2406 3599 2659 3667 ἔπασχεν.
2710 3592 2841 3648 Οὐδ’
2874 3597 2998 3669 ύπερ
3045 3606 3327 3667 συγγενῶν,
3374 3596 3501 3649 ἀλλὰ
3547 3599 3765 3669 κοιὶύπερ

2193 3684 2437 3742 Ἐλλήνων
2480 3690 2569 3736 καὶ
2623 3682 2923 3759 βαρϐάρων,
2980 3690 3069 3737 καὶ
3119 3687 3324 3736 πάντων
3376 3686 3547 3747 ἁπλῶς
3596 3686 3768 3758 ἀνθρωο

2194 3794 2320 3840 πων,
2374 3778 2417 3825 εἴ
2460 3780 2561 3834 πὼς
2610 3794 2744 3839 τινα,
2793 3778 2856 3835 ὡς
2912 3774 3061 3835 αὐτὸς
3103 3774 3243 3839 ἐϐοα,
3278 3772 3555 3829 διασώσει.
3584 3781 3642 3826 Ὀ
3677 3778 3766 3824 τοὶ-

2194 3885 2277 3915 νυν
2306 3862 2499 3935 ἐγένετο
2539 3864 2655 3915 καθ’
2688 3863 2911 3921 ἑκάστην
2962 3865 3178 3939 ᾑμέραν,
3224 3872 3377 3916 τοῦτο
3427 3870 3517 3917 καὶ
3560 3861 3641 3915 διὰ
3685 3870 3763 3913 τοῦ

2189 3952 2345 4022 λόγου
2395 3951 2721 4024 ἀπαγγέλλει,
2800 3955 3002 4005 πάντων
3071 3952 3347 4025 περίψημα
3425 3953 3579 4025 λέγων
3639 3970 3765 4023 γεγε-

2188 4050 2246 4100 νῆ
2260 4044 2398 4096 σθαι.

2259 4399 2461 4453 Βεϐαἰοι
2516 4396 2574 4452 δὲ
2622 4403 2679 4451 τὸ
2728 4404 3059 4472 προκείμενον
3108 4407 3199 4451 τοῦ
3255 4404 3627 4472 σημαινομένου
3683 4402 3763 4448 καί

2186 4493 2214 4549 ἡ
2251 4493 2386 4541 κατὰ
2423 4486 2565 4541 πόδα
2598 4494 2844 4561 συνέχεια
2889 4496 2979 4541 τού
3025 4490 3206 4562 ῥητοῦ.
3258 4490 3334 4540 Ού
3380 4494 3479 4562 γὰρ
3533 4489 3763 4561 ἐντρέπων

2185 4580 2339 4651 ὑμᾶς,
2376 4582 2525 4649 φησι,
2559 4586 2725 4628 ταῦτα
2770 4577 2918 4647 λέγω·
2974 4578 3099 4643 οἷον,
3134 4576 3245 4629 Ούχ
3289 4576 3528 4638 ὀνειδίζω
3573 4582 3655 4635 τὴν
3686 4574 3762 4627 r5-

2186 4672 2444 4742 εργεσίάν,
2502 4662 2624 4719 οὐδὲ
2672 4669 2762 4728 τὰς
2810 4669 3054 4738 χάριτας
3110 4665 3237 4717 ἀλλὰ
3284 4672 3336 4718 τί
3364 4684 3377 4733 ;
3410 4669 3474 4729 ὡς
3504 4672 3640 4719 τέκνα
3670 4683 3762 4736 μου

2190 4756 2441 4828 ἀγαπητὰ
2493 4758 2733 4809 νουθετῶ.
2787 4763 2871 4808 Δεῖ
2915 4758 3015 4829 γὰρ
3068 4758 3133 4807 τὰ
3181 4760 3331 4807 τέχνα
3362 4754 3765 4831 πατριχῆςεύερ-

2184 4852 2366 4919 γεσίας
2423 4846 2740 4917 μεμνῆσθαι,
2790 4851 2877 4897 καὶ
2925 4844 3029 4915 ούχ
3086 4844 3255 4905 ἁπλῶς
3295 4850 3465 4915 τέκνα,
3524 4844 3639 4895 ἀλλὰ
3683 4846 3761 4892 καί

2187 4935 2451 5007 Equirria-ra"
2508 4938 2795 4993 τουτέστιν,
2845 4939 3103 4985 Τοσοῦτον
3156 4934 3449 5007 οἰκειούμαι
3496 4936 3631 5005 ὑμᾶς,
3681 4935 3764 4982 καὶ

2184 5033 2431 5076 τοσοῦτον
2511 5032 2606 5084 τῆς
2680 5024 2819 5095 ύμών
2877 5021 3088 5093 ἀγάπης
3161 5021 3456 5096 ἐκκαίομαι,
3514 5022 3636 5074 ὥστε
3682 5022 3762 5072 καὶ

2184 5112 2459 5186 περίψημα
2513 5114 2653 5185 ὑμῶν
2734 5110 2792 5164 ού
2862 5118 3221 5184 παραιτοῦμαι
3308 5116 3560 5183 γίνεσθαι,
3630 5112 3763 5181 θῦμα

2185 5207 2275 5254 καὶ
2324 5205 2501 5275 ἱερεῖον
2555 5206 2643 5253 καὶ
2696 5203 2980 5276 καθάρσιον
3031 5204 3397 5276 προσάγεσθαι
3440 5204 3560 5275 ύπερ
3609 5202 3758 5271 ὑμῶν.

489 5375 602 5431 “ll
626 5374 780 5431 Petr.
806 5390 845 5445 1,
882 5376 965 5433 19.
999 5376 1046 5412 ⁸⁵
1077 5377 1096 5431 Ι
1122 5375 1254 5435 Cor.
1281 5393 1379 5446 xv,
1413 5382 1499 5436 3t.
1543 5382 1591 5417 ⁸⁸
1620 5382 1643 5436 Ι
1673 5381 1802 5439 Cor.
1834 5384 1914 5449 ix,
1940 5386 2036 5437 22.
2080 5387 2086 5416 ε

2199 5383 2329 5440 Cor.
2359 5398 2437 5449 iv,
2464 5383 2554 5437 14.

1987 5507 2215 5567 ΝΟΤΕ.

515 5621 574 5677 11
635 5624 841 5694 γνώμης
865 5636 940 5678 ex
968 5619 1134 5679 Colb.
1165 5633 1276 5693 pro
1298 5624 1558 5695 γνώσεως.

488 5619 605 5773 δὶς
645 5694 731 5752 Ex
765 5693 980 5754 eodem
1009 5694 1147 5764 ὤση,
1178 5710 1280 5766 pro
1306 5697 1373 5758 ὡς
1399 5696 1455 5763 ἡ,
1495 5702 1553 5754 et

645 5693 980 5754 Ex’eodem
1009 5694 1147 5764 ὤση,
1178 5710 1280 5766 pro
1306 5693 1373 5758 ὥς
1399 5696 1455 5763 ἡ,
1495 5702 1553 5754 et
1584 5711 1721 5754 mox
1744 5695 1852 5752 ἀλλ’
1883 5698 2004 5771 ὅση,
2038 5714 2086 5772 pi

2198 5696 2413 5754 ιλλ6σει.
