4116 6194
251 284 362 353 ⁸733

1267 295 1361 351 AD
1400 291 1951 354 AMPHILOCHIUM
1989 291 2318 362 QUIESTIO
2357 293 2656 354 CXXXIII.

3516 289 3622 353 ’734

256 427 362 476 Καὶ
407 419 475 480 δὴ
517 425 606 473 καὶ
634 421 665 478 ἡ
719 419 938 493 ὀρθότης
965 425 1060 480 τῆς
1086 418 1133 470 ἐν
1163 428 1235 491 τῷ
1258 419 1390 492 λόγῳ
1438 423 1703 481 συνθήκης
1732 422 1858 495 πρὸς

1972 421 2156 476 instar
2194 423 2464 478 sacriﬁcii
2492 426 2549 478 et
2577 421 2829 476 victima:
2861 418 3178 489 piacularis
3204 419 3436 477 offerre.
3483 423 3620 493 Ipsa

252 519 407 564 τοῦτο
461 510 647 582 μᾶλλον
686 510 829 583 ῥέπει
877 516 971 570 τῆς
1015 517 1182 579 φωνῆς
1212 512 1241 567 ἦ
1293 514 1418 585 πρός
1462 515 1514 562 τό
1562 511 1716 585 ῥηθὲν
1764 513 1858 567 τὴν

253 599 456 674 ἀρχὴν,
515 598 621 651 ἐπεὶ
675 601 734 649 τό
805 601 894 669 μὲν
962 597 1279 669 ἠτιμωμένον
1333 605 1423 652 καὶ
1493 601 1857 651 κατάπτυστον

249 696 391 741 πᾶσι
448 687 636 760 μᾶλλον
694 683 1015 738 ἀποδίδοται
1069 689 1205 738 κατὰ
1255 692 1350 746 τὴν
1411 688 1674 752 σύνταξιν,
1750 686 1860 738 ἀλλ’

255 778 390 848 ούχὶ
437 778 659 828 πάντων.
709 774 766 826 Ὀ
797 770 856 826 δὲ
888 779 1044 845 σοφός
1073 780 1164 828 καὶ
1207 777 1478 837 θεσπέσιος
1525 777 1723 836 Παῦλος
1774 775 1852 839 οὑ,

257 864 545 937 Περίψημα
592 865 707 934 H3)
759 869 922 915 πᾶσιν
974 862 1236 936 ἐγενόμην,
1298 871 1477 936 φησὶν,
1528 864 1676 929 ἀλλὰ,
1723 867 1856 917 πάν-

254 974 378 1008 των.
438 954 513 1006 Or}
562 957 686 1025 μὴν,
729 951 857 1004 ἀλλὰ
885 957 973 1005 καὶ
1011 956 1069 1004 τό
1113 957 1500 1026 προηγούμενον
1531 959 1730 1028 χωρίον
1762 962 1856 1015 τῆς

251 1042 441 1105 λέξεως
477 1050 539 1112 τῇ
589 1038 796 1114 διανοίᾳ
839 1043 999 1114 ταύτῃ
1055 1044 1459 1114 συμφθέγγεται.
1513 1044 1682 1096 Εἰπὼν
1730 1044 1854 1114 γὰρ,

257 1153 286 1180 (ι
341 1127 745 1205 ,λοιδορούμενοι
810 1129 1133 1202 εὐλογοῦμεν,
1185 1128 1493 1204 διωκόμενοι
1543 1130 1853 1203 ἀνεχόμεθα,

256 1218 724 1293 βλασφημούμενοι
782 1219 1198 1294 παρακαλοῦμεν,
1259 1243 1280 1269 ι
1345 1219 1614 1292 ἐπήγαγεν·
1686 1243 1715 1270 ‹‹
1771 1219 1860 1281 Ὠς

253 1311 695 1384 περικαθάρματα
777 1317 866 1360 τοῦ
946 1314 1148 1380 κόσμου
1244 1308 1574 1381 ἐγενήθημεν,

251 1397 536 1471 περίψημα
582 1399 674 1459 ἓως
711 1399 851 1470 ἄρτι·
887 1417 916 1450 )›
948 1403 1207 1468 τουτέστι,
1240 1403 1303 1450 Τί
1343 1395 1426 1451 δεῖ
1470 1400 1586 1450 καθ’
1640 1398 1857 1450 ἕκαστον

1191 1492 1281 1539 καὶ
1336 1491 1428 1549 τὰς
1485 1486 1708 1558 θλίψεις,
1769 1492 1858 1539 καὶ

255 1581 377 1637 τοὺς
427 1575 646 1646 ἀγῶνας,
695 1575 778 1636 οῦς
835 1577 960 1650 ὑπὲρ
1004 1584 1098 1637 τῆς
1148 1577 1396 1651 ὑμετέρας
1452 1581 1712 1647 σωτηρίας
1766 1578 1857 1648 ὑφ-

256 1670 485 1736 ίσταμαι
516 1682 530 1731 ;
565 1665 646 1716 Ἐν
676 1665 934 1736 κεφαλαίῳ
978 1667 1152 1736 φάναι,
1213 1686 1240 1714 ‹‹
1285 1665 1373 1726 Ὠς
1420 1667 1855 1738 περικαθάρματα

1658 1310 1858 1360 πάντων

252 1492 382 1548 τοὺς
436 1493 622 1548 πόνους
677 1486 1107 1562 ἀπαριθμείσθαι,

1968 526 2375 581 porrovocum
2403 517 2696 566 structura
2712 510 2785 565 ad
2817 509 2976 564 hunc
3001 511 3194 580 potius
3222 509 3612 577 signiﬁcatum

1968 599 2312 663 tenendum,
2346 615 2532 671 quam
2565 599 2753 661 illum,
2790 597 2864 652 de
2907 612 3029 668 quo
3061 599 3255 668 primo
3297 596 3431 653 loco
3471 597 3612 653 dixi-

1969 703 2120 752 mus,
2151 687 2414 743 adducit.
2447 689 2500 744 Si
2524 689 2682 743 enim
2709 692 3120 758 contemptum
3148 685 3373 758 aliquid
3401 692 3454 741 et
3476 687 3621 743 abo-

1968 775 2324 833 minandum
2355 777 2687 845 inferretur,
2715 780 3006 832 structura
3033 791 3251 830 vocum
3275 775 3492 831 idonea
3517 792 3616 830 vo-

1966 879 2093 919 cem
2116 871 2249 917 πᾶσι
2275 865 2586 935 (omnibus)
2616 866 2810 936 potius
2860 880 3044 936 quam
3077 865 3280 915 πάντων
3312 865 3615 936 (omnium)

1963 954 2304 1025 requireret.
2334 956 2464 1010 Jam
2490 971 2628 1010 vero
2659 955 2902 1025 sapiens
2923 957 2974 1008 et
2996 953 3232 1008 divinus
3257 953 3474 1008 Paulus
3497 969 3619 1009 non

1967 1045 2047 1099 ait
2074 1060 2086 1098 :
2115 1045 2449 1114 Peripsema
2475 1043 2744 1099 omnibus
2782 1043 2971 1098 factus
2999 1058 3154 1106 sum,
3194 1041 3296 1097 sed
3330 1043 3608 1098 omnium.

1967 1134 2092 1187 Imo
2123 1147 2261 1188 vero
2291 1137 2348 1188 et
2376 1148 2467 1199 ea,
2500 1149 2635 1204 quae
2667 1133 2822 1187 hanc
2853 1130 3098 1202 phrasin
3127 1131 3239 1186 hoc
3269 1131 3402 1187 loco
3423 1133 3617 1203 proxi-

1970 1237 2064 1276 me
2091 1221 2471 1285 antecedunt,
2505 1222 2704 1276 sensui
2733 1221 2870 1276 huic
2895 1219 3278 1275 veliﬁcantur.
3303 1221 3616 1293 Postquam

1967 1311 2128 1365 enim
2159 1311 2390 1366 dixerat
2422 1327 2436 1363 :
2482 1333 2508 1359 «
2542 1311 2834 1366 Conviciis
2863 1307 3057 1364 aﬂ‘ecti
3088 1309 3239 1364 bene
3273 1325 3606 1380 precamur,

1969 1400 2162 1456 vexati
2197 1400 2586 1464 sustinemus,
2621 1397 2888 1454 infamati
2931 1413 3264 1469 precamur,
3303 1421 3330 1448 ››
3366 1398 3621 1468 subjun-

1968 1489 2051 1559 git
2084 1504 2095 1542 :
2135 1510 2162 1538 ‹‹
2194 1487 2348 1544 Facti
2383 1504 2594 1543 sumus
2639 1493 2701 1543 ut
2739 1493 3139 1558 purgamenta
3177 1487 3409 1554 mundi,
3453 1495 3508 1543 et
3558 1494 3621 1544 ut

1968 1577 2235 1632 omnium
2259 1578 2459 1632 sordes
2490 1593 2684 1648 usque
2705 1575 2821 1630 huc
2846 1576 2913 1641 ³⁸,
2931 1596 2959 1624 ››
2984 1575 3096 1631 hoc
3119 1581 3229 1639 est,
3262 1576 3410 1642 Quid
3443 1577 3622 1633 mole-

1969 1665 2112 1720 stias
2136 1681 2347 1720 omnes
2367 1669 2424 1720 et
2449 1664 2806 1720 calamitates
2826 1670 2880 1718 et
2899 1663 3104 1727 luctas,
3129 1679 3282 1735 quas
3310 1679 3416 1734 pro
3443 1665 3617 1721 vobis

253 1753 572 1826 ἐγενήθημεν
600 1762 692 1806 τοῦ
722 1759 943 1826 κόσμου,
974 1756 1176 1806 πάντων
1208 1753 1484 1828 περίψημα
1521 1757 1614 1815 ἕως
1645 1756 1787 1828 ἄρτι.
1825 1774 1851 1804 ››

1972 1754 2281 1819 exantlavi,
2309 1753 2605 1823 sigillatim
2641 1769 2917 1809 enarrare
2970 1752 3176 1808 attinet
3205 1751 3232 1805 i
3259 1755 3619 1810 Summatim

256 1844 367 1897 Καὶ
391 1844 492 1915 γὰρ
523 1848 612 1895 καὶ
642 1846 700 1895 τό
733 1868 758 1892 (ι
787 1845 1272 1918 περικαθάρματα»
1301 1844 1484 1918 ῥηθείη
1517 1847 1606 1915 μεν
1633 1842 1692 1894 ἆν
1721 1846 1858 1896 κατὰ

253 1940 348 1982 τοῦ
393 1928 762 2003 ἐϐδελυγμένου
817 1939 906 1984 και
974 1939 1214 2003 φευκτοῦ,
1265 1931 1454 2004 μᾶλλον
1509 1929 1557 1985 δ’
1614 1933 1857 2005 ἁρμόσειε

250 2025 370 2072 νυνὶ
403 2024 469 2072 τὰ
519 2023 784 2094 καθάρσια
830 2025 919 2074 καὶ
970 2023 1033 2072 τὰ
1079 2021 1354 2094 ἱλαστήρια
1400 2023 1625 2093 θύματα,
1659 2020 1694 2073 ἃ
1731 2025 1855 2096 ὑπερ

255 2108 425 2161 ἄλλων
481 2111 652 2162 εῐωθεν
707 2112 942 2176 θύεσθαι,
999 2116 1278 2182 παριστᾴν.
1332 2111 1470 2169 Πλὴν
1545 2110 1650 2163 ἐπεὶ
1725 2108 1856 2184 μηδ’

253 2200 423 2272 ἕτερον
486 2207 576 2251 τοῦ
656 2203 1034 2271 σημαινομένου
1098 2207 1159 2272 τῇ
1240 2198 1456 2272 ἀληθείᾳ
1533 2200 1856 2272 λυμαίνεται,

253 2288 497 2359 ἕκαστος,
651 2289 839 2360 μᾶλλον
893 2293 1091 2362 χαίρει,
1154 2297 1303 2341 τοῦτο
1356 2294 1444 2341 καὶ
1496 2291 1759 2362 αἱρεῖσθαι
1799 2288 1857 2341 οὑ

251 2378 567 2430 κεκώλυται.
599 2377 693 2431 Ἂν
723 2397 776 2430 τε
804 2381 905 2451 γὰρ
955 2381 1023 2438 ὡς
1063 2380 1239 2451 ἱερεῖον
1286 2380 1310 2429 6
1345 2377 1544 2438 Παῦλος
1587 2380 1713 2453 ὑπὲρ
1763 2388 1858 2430 τῶν

253 2468 508 2538 μαθητῶν
554 2464 746 2520 ἐθύετο.
809 2470 894 2518 τὸν
961 2474 1223 2524 Δεσπότην
1280 2466 1509 2540 ἐμιμεῖτο
1561 2473 1646 2520 καὶ
1706 2464 1860 2520 διδά-

254 2554 474 2622 σκαλον,
535 2557 595 2606 ᾱίν
644 2575 700 2608 τε
757 2552 1030 2608 διδάσκων
1089 2560 1178 2608 καί
1229 2566 1512 2628 παραινῶν,
1559 2563 1648 2609 καὶ
1691 2561 1861 2610 πάντα

254 2645 389 2717 ὑπερ
434 2653 530 2705 τῆς
579 2644 746 2696 αὐτῶν
790 2647 1046 2717 σωτηρίας
1093 2651 1602 2719 πραγματευόμενος,
1650 2647 1721 2708 ὡς
1749 2649 1861 2698 ἄτι-

253 2751 359 2804 μος
404 2739 492 2785 καὶ
549 2729 917 2805 ἐϐδελυγμένος
975 2731 1256 2805 ἐνομίζετο,
1329 2738 1460 2808 πρὸς
1537 2739 1620 2786 τόν
1705 2736 1859 2788 αὑτὸν

255 2820 464 2895 ἀφορῶν
508 2827 790 2886 Δεσπότην,
841 2821 996 2874 πάλιν
1043 2830 1210 2874 ταῦτα
1257 2821 1539 2894 ἔπάσχετο,
1593 2826 1648 2886 ὅς
1689 2822 1860 2877 λοιδο-

250 2913 504 2983 ρούμενος
555 2915 644 2962 καὶ
687 2909 1044 2984 ὑϐριζόμενος,
1088 2915 1178 2962 καὶ
1224 2917 1324 2963 πᾶν
1393 2908 1532 2972 εἶδος
1597 2913 1860 2984 ὑπομένων

1965 1845 2183 1910 dicam,
2232 1867 2253 1893 ι
2287 1845 2354 1899 Ut
2401 1846 2796 1915 purgamenta
2827 1843 3030 1897 mundi
3085 1841 3217 1897 facti
3273 1859 3503 1913 sumus,
3559 1853 3622 1900 ut

1967 1935 2175 1990 sordes
2214 1935 2486 1989 omnium
2521 1949 2712 2006 usque
2742 1934 2878 1988 huc.
2931 1954 2952 1980 ι
2999 1933 3280 1997 Quamvis
3319 1933 3480 1988 enim
3511 1951 3618 1989 vox

1966 2024 2400 2097 περικαθάρματα
2446 2023 2622 2079 etiam
2698 2021 2772 2076 de
2835 2020 3072 2076 homine
3119 2020 3534 2079 abominando
3563 2031 3620 2080 et

1968 2113 2252 2182 fugiendo
2267 2111 2535 2166 adhiberi
2549 2111 2753 2182 possit,
2778 2111 2891 2166 hoc
2911 2117 3097 2166 tamen
3113 2109 3244 2164 loco
3257 2125 3367 2166 con
3379 2113 3620 2169 venien-

1969 2202 2298 2268 tius-fuerit,
2327 2217 2459 2256 eam
2495 2201 2568 2255 de
2616 2199 2872 2256 victimis
2914 2197 3344 2271 piacularibus,
3396 2217 3530 2273 quae
3555 2204 3620 2258 in

1968 2291 2222 2348 aliorum
2251 2289 2502 2346 salutem
2531 2287 2729 2344 offerri
2746 2291 3201 2352 consueverant,
3230 2288 3616 2363 interpretari.

1969 2381 2262 2447 Quoniam
2297 2386 2496 2436 autem
2527 2383 2733 2434 neuter
2762 2379 3128 2450 signiﬁcatus
3172 2399 3314 2439 vero
3345 2383 3621 2438 adversa-

1971 2475 2081 2536 tur,
2115 2486 2252 2526 eum
2283 2469 2536 2541 quisque
2564 2468 2776 2540 eligere
2805 2469 3036 2539 poterit,
3065 2473 3165 2542 qui
3191 2471 3451 2526 maxime
3479 2471 3620 2525 arri-

1968 2559 2122 2614 deat.
2145 2559 2276 2614 Sive
2306 2557 2462 2614 enim
2491 2558 2677 2612 instar
2702 2557 2946 2612 victimae
2965 2558 3284 2628 piacularis
3310 2575 3417 2630 pro
3444 2559 3618 2614 disci-

1969 2648 2124 2720 pulis
2153 2646 2508 2702 offerebatur
2539 2645 2781 2712 Paulus,
2817 2647 3134 2702 Dominum
3166 2654 3222 2704 et
3270 2651 3612 2717 magistrum

1971 2737 2174 2810 utique
2202 2736 2582 2804 imitabatur;
2613 2736 2738 2791 sive
2765 2735 2986 2791 docens
3017 2737 3143 2808 ipse
3174 2744 3231 2793 et
3256 2738 3611 2802 admonens,

1968 2828 2286 2899 omniaque
2325 2842 2431 2898 pro
2464 2825 2650 2882 salute
2681 2841 2889 2882 eorum
2934 2826 3186 2891 faciens,
3230 2827 3618 2897 contemptim

1969 2916 2299 2972 habebatur
2329 2920 2385 2970 et
2422 2916 2646 2970 invisus
2673 2919 2816 2979 erat,
2848 2914 3028 2970 etiam
3072 2917 3184 2971 hoc
3230 2917 3307 2971 ad
3336 2917 3616 2970 eumdem

251 2998 456 3070 χλεύης
512 3007 600 3060 τῆς
654 3008 754 3051 τῶν
825 2998 1140 3070 ὑϐριζόντων
1195 3005 1284 3052 καὶ
1361 3000 1856 3074 προπηλακιζόντων

1972 3006 2288 3059 Dominum
2321 3003 2660 3074 respiciens,
2692 3003 3150 3074 perpetiabatur.
3173 3003 3268 3058 Ille
3298 3004 3457 3059 enim
3481 3019 3620 3058 con-

254 3094 525 3160 σωτηρίας
552 3093 640 3141 καὶ
666 3093 911 3164 προνοίας
931 3088 1023 3141 οὐκ
1055 3087 1333 3161 ἀφίστατο.

1966 3092 2129 3148 viciis
2169 3097 2225 3147 et
2263 3091 2495 3162 iujuriis
2526 3095 2814 3152 oneratus,
2867 3106 3168 3162 omneque
3225 3091 3618 3146 ludibriorum

253 3193 452 3250 genus
481 3193 817 3250 perpessus,
860 3177 1171 3233 hominum
1211 3179 1567 3250 injuriorum
1598 3179 1954 3255 probrisque
1989 3181 2403 3237 insectantium
2435 3180 2608 3234 saluti
2656 3184 2713 3236 et
2758 3179 3086 3235 commodis
3118 3180 3458 3252 prospicere
3499 3194 3620 3235 non

251 3265 590 3322 desinebat.

331 3354 467 3408 Ἀλλ’
523 3355 595 3417 εἰς
640 3358 822 3428 καιρόν
880 3356 984 3429 ἄρα
1037 3364 1134 3417 τῆς
1179 3359 1384 3428 μνήμης
1448 3356 1704 3431 προῆλθεν
1749 3363 1858 3426 καὶ,

253 3446 280 3498 ὃ
307 3444 474 3497 πάλαι
527 3441 888 3519 διηρώτησας,
923 3449 973 3496 τί
1010 3464 1130 3497 ποτε
1175 3442 1414 3503 δηλοῖτό
1461 3446 1509 3496 ἐν
1535 3455 1606 3517 τῷ
1642 3447 1862 3520 Εὐαγγε-

251 3535 353 3606 λίῳ
399 3535 572 3608 ῥηθέν·
609 3555 638 3584 »
673 3537 776 3589 Καὶ
807 3533 1117 3603 ἐκολάφισαν
1163 3534 1337 3587 αὑτόν.
1385 3553 1414 3587 ›
1456 3542 1620 3588 Τοῦτο
1667 3533 1726 3588 δε
1757 3557 1864 3588 κοι-

252 3629 462 3697 νότερον
496 3626 585 3695 μὲν
624 3623 702 3688 τό,
736 3622 1021 3688 ἕνέπαιξαν,
1072 3629 1335 3696 σημαίνει.
1374 3622 1602 3687 Παιδιᾶς
1633 3622 1692 3678 δὲ
1722 3623 1864 3688 εἶδός

256 3713 377 3765 ἐστι
436 3715 491 3764 τό
543 3711 860 3784 κολαφίζειν,
911 3711 1284 3784 μεταϐαλόντος
1331 3722 1420 3764 τοῦ
1469 3715 1636 3779 ἔθους,
1687 3713 1860 3790 ὥσπερ

255 3806 353 3854 καὶ
398 3800 473 3852 ἐπ’
528 3801 692 3852 ἄλλων
747 3802 964 3865 πολλῶν,
1013 3806 1070 3853 τό
1123 3799 1159 3873 β
1192 3803 1257 3861 εἰς
1287 3805 1342 3852 τό
1387 3819 1438 3874 φ’
1473 3804 1503 3860 ἡ
1552 3807 1652 3875 γὰρ
1695 3804 1862 3856 Ἀττι-

253 3891 490 3950 κίζουσα
542 3893 761 3960 γλῶσσα
810 3888 903 3942 διὰ
953 3898 1042 3942 τοῦ
1087 3889 1123 3962 β
1177 3890 1366 3962 μᾶλλον
1417 3896 1509 3949 τὴν
1549 3891 1680 3953 λέξιν
1736 3912 1862 3966 προ-

257 3984 422 4054 φέρει.
459 3984 640 4032 Τοίνυν
676 3985 944 4052 μιαιφόνον
984 3985 1072 4032 καὶ
1110 3978 1404 4054 ἀχάριστον
1445 3989 1544 4032 τῶν
1593 3978 1864 4033 Ἰουδαίων

257 4071 407 4129 ἔθνος
446 4067 528 4121 ἐπὶ
575 4079 821 4121 τοσοῦτον
871 4070 939 4131 εἰς
985 4073 1070 4121 τόν
1114 4069 1383 4143 εὐεργέτην
1430 4077 1536 4129 τοῖς
1569 4072 1747 4142 θυμοῖς
1778 4069 1866 4121 ἀν-

256 4160 534 4232 ηρέθιστο,
586 4162 648 4219 ὡς
697 4163 770 4230 μὴ
822 4165 974 4231 μόνον
1016 4165 1204 4230 χεῖρας
1243 4159 1384 4229 αύτῷ
1432 4168 1639 4230 σφαγῆς
1669 4159 1868 4212 ἀνατεί-

254 4267 384 4317 νειν,
429 4246 532 4299 ἀλλ’
584 4248 626 4300 εἰ
667 4253 756 4299 καὶ
800 4268 854 4300 τι
885 4248 1008 4308 ὅλως
1039 4247 1229 4309 αὐτούς
1268 4244 1512 4300 διαλάθοι
1560 4247 1751 4319 χλεύης
1777 4254 1866 4302 καὶ

255 4344 636 4410 μυκτηρισμοῦ
686 4343 774 4388 καὶ
837 4335 1103 4406 ἀσελγείας
1155 4335 1180 4387 ὃ
1237 4341 1308 4408 μὴ
1367 4335 1644 4409 ἐντρίψειεν
1701 4337 1865 4408 αύτῷ,

255 4422 414 4479 οὐδὲν
444 4427 666 4496 ἡγοῦντο
697 4427 1032 4498 κατορθῶσαι
1071 4429 1224 4497 μέγα.
1260 4425 1412 4477 Οὑτω
1456 4431 1546 4478 καί
1586 4430 1671 4477 τόν
1703 4425 1864 4478 ἀκάν-

257 4519 400 4569 θινον
462 4519 726 4586 στέφανον,
795 4518 1012 4566 καὶτὸν
1065 4514 1314 4585 κάλαμον,
1375 4520 1464 4566 καὶ
1522 4513 1867 4587 τὸνβασιλέα

254 4609 354 4657 καὶ
384 4606 450 4656 τὰ
492 4611 710 4655 τοιαῦτα
757 4602 1020 4664 ἐνέπαιζον
1066 4603 1225 4673 αύτῷ.
1273 4603 1376 4656 Καὶ
1413 4611 1500 4654 νῦν
1553 4601 1612 4656 δέ
1642 4624 1799 4676 φησιν
1840 4607 1865 4656 ό

253 4698 353 4767 μέν
416 4692 613 4763 ὑψηλός
667 4697 756 4744 καὶ
813 4697 973 4764 μέγας
1029 4693 1290 4760 Ἰωάννης,
1344 4695 1516 4764 ὧσπερ
1577 4691 1864 4768 ἐπιτρέχων

253 4787 356 4842 τὴν
405 4781 574 4854 ὑϐριν,
624 4787 723 4835 Καὶ
761 4778 976 4834 ἐδίδουν
1023 4781 1163 4851 αύτῷ
1204 4781 1536 4855 ῥαπίσματα.
1576 4781 1636 4834 Ὀ
1691 4778 1749 4834 δὲ
1782 4785 1866 4835 θε-

257 4875 478 4934 σπέσιος
524 4873 739 4944 Μάρκος
795 4875 883 4923 καὶ
945 4873 1210 4933 Ματθαῖος
1280 4871 1466 4946 (μικρὰ
1517 4874 1620 4944 γὰρ
1678 4874 1708 4930 ἡ
1764 4881 1862 4924 τῶν

249 4963 507 5038 ῥημάτων
563 4960 897 5034 παραλλαγὴ)
950 4967 1040 5013 καὶ
1091 4965 1150 5012 τὸ
1197 4965 1358 5033 ὄνομα
1403 4969 1498 5022 τῆς
1538 4959 1735 5036 ὕϐρεως
1781 4961 1862 5014 λέ-

249 5070 460 5124 γουσιν,
513 5056 602 5103 καὶ
659 5055 752 5109 τὴν
805 5059 896 5110 τῆς
942 5049 1132 5124 ὕϐρεως
1181 5049 1390 5124 πρᾶξιν’
1445 5071 1473 5102 (ι
1515 5051 1860 5123 Ἐκολάφισαν

247 5143 358 5215 γὰρ
418 5139 589 5206 αὑτὸν,
645 5144 735 5192 καὶ
799 5139 1022 5214 ἣρξαντο
1098 5137 1489 5212 περικαλύπτειν
1565 5139 1724 5192 αὑτοῦ
1800 5144 1858 5192 τό

328 5311 421 5367 ³⁸1
447 5313 578 5370 Cor.
602 5327 683 5383 ιν,
728 5310 816 5366 12.
926 5311 972 5346 ³9
1004 5311 1158 5368 Matt.
1187 5325 1338 5377 xxvx,
1372 5311 1458 5367 67.

1573 5312 1619 5347 ‘°
1637 5313 1807 5369 Joan.
1837 5327 1958 5378 xix,
1987 5316 2040 5369 3.

2043 3358 2435 3415 Commodum
2461 3358 2555 3413 hic
2581 3358 2638 3412 in
2666 3362 2926 3413 mentem
2951 3358 3106 3413 venit
3127 3357 3423 3414 recordari
3443 3356 3620 3423 illius,

1971 3449 2134 3521 quod
2158 3449 2304 3503 olim
2333 3464 2404 3503 ex
2428 3464 2522 3502 me
2542 3446 2887 3524 quaasivisti,
2911 3447 3060 3518 quid
3101 3462 3318 3517 nempe
3345 3447 3456 3502 sibi
3488 3446 3626 3502 velit

1971 3538 2136 3602 illud,
2167 3538 2330 3609 quod
2354 3538 2411 3592 in
2448 3536 2766 3607 Evangelia
2791 3537 3003 3592 dicitur
3025 3554 3046 3591 :
3073 3556 3100 3589 «
3130 3537 3198 3591 Et
3223 3536 3511 3608 colaphos
3543 3535 3625 3591 illi

1977 3627 2358 3699 impegerunt
2380 3627 2450 3680 ³9.
2481 3649 2500 3675 ι
2542 3627 2699 3682 Idem
2717 3626 2941 3681 scilicet
2979 3632 3085 3692 est,
3108 3625 3270 3698 quod
3297 3625 3629 3681 communi-

1984 3722 2068 3772 ter
2091 3733 2196 3788 per
2225 3715 2488 3778 ἐνέπαιξαν
2520 3717 2870 3788 exprimitur
2913 3715 3213 3780 ;ludibrii,
3244 3716 3404 3770 enim
3436 3730 3626 3784 genus

1973 3814 2061 3862 est
2081 3806 2394 3879 κολαφίζειν,
2425 3812 2654 3862 mutato
2685 3806 2906 3860 scilicet
2945 3822 3048 3874 per
3101 3805 3617 3869 consuetudinem,

1973 3897 2138 3967 quod
2191 3902 2248 3950 et
2304 3896 2573 3966 plurimis
2621 3894 2864 3949 vocibus
2895 3893 3021 3948 aliis
3077 3911 3190 3948 usu
3249 3894 3424 3957 venit,
3479 3901 3551 3960 τῷ
3592 3891 3628 3965 β

1974 3985 2032 4038 in
2074 4005 2125 4056 φ.
2192 3986 2377 4039 Attica
2438 3985 2595 4038 enim
2658 3982 2944 4037 dialectus
3007 3981 3251 4037 verbum
3317 3981 3462 4036 illud
3528 3997 3632 4052 per

1977 4071 2013 4144 β
2044 4071 2375 4144 exprimere
2401 4078 2584 4127 amat.
2631 4071 3098 4141 Sanguinolenta
3136 4071 3334 4141 itaque
3353 4077 3408 4124 et
3436 4071 3632 4139 ingra-

1977 4161 2208 4216 tissima
2231 4161 2569 4215 Judaeorum
2586 4176 2732 4231 gens
2748 4161 2805 4213 in
2826 4158 3254 4214 benefactorem
3274 4174 3451 4213 suum
3477 4157 3630 4214 adeo

1975 4249 2646 4320 impotenterferebatur,
2670 4255 2728 4304 ut
2748 4265 2866 4304 non
2913 4254 3099 4304 solum
3135 4247 3495 4303 truculentas
3521 4264 3632 4302 ma-

1977 4354 2090 4393 nus
2121 4337 2198 4393 illi
2237 4338 2521 4409 injiceret,
2557 4339 2658 4392 sed
2699 4339 2745 4392 si
2786 4337 2930 4409 quid
2985 4335 3244 4398 ludibrii,
3294 4336 3635 4392 subsanna~

1980 4428 2148 4484 tionis
2173 4435 2228 4482 et
2249 4427 2621 4498 procacitatis
2644 4427 2940 4500 reliquum
2960 4427 3247 4481 adversus
3264 4425 3429 4480 illum
3460 4425 3633 4480 fecis-

1977 4521 2083 4580 set,
2113 4516 2276 4580 nihil,
2304 4516 2467 4588 quod
2495 4517 2698 4586 magni
2731 4533 2859 4572 esse
2878 4515 3192 4579 momenti,
3218 4513 3535 4586 perfecisse
3567 4528 3629 4570 se

1897 4642 1941 4696 Β
1977 4607 2335 4677 opinaretur.
2361 4605 2445 4661 Ita
2475 4610 2532 4660 et
2569 4621 2790 4661 corona
2844 4605 3050 4676 spinea
3108 4603 3161 4659 ei
3209 4603 3501 4660 arundine
3541 4619 3631 4659 re-

1976 4696 2188 4768 gisque
2218 4694 2617 4768 appellatione
2645 4699 2701 4750 et
2730 4695 3023 4750 similibus
3043 4696 3096 4752 ei
3127 4695 3477 4752 illudebant.
3505 4694 3629 4748 Jam

1976 4799 2115 4839 vero
2145 4784 2416 4840 sublimis
2442 4788 2498 4839 et
2523 4799 2780 4853 magnus
2799 4787 3058 4840 Joannes
3091 4787 3158 4851 ⁸ο,
3201 4787 3416 4841 factam
3471 4781 3629 4852 inju-

1970 4873 2121 4928 riam
2152 4874 2500 4930 summatim
2548 4873 2989 4945 complexurus,
3022 4874 3210 4930 dixit:
3247 4874 3318 4928 Et
3342 4872 3629 4928 dederunt

1969 4962 2062 5018 illi
2090 4963 2331 5034 alapas;
2363 4963 2483 5018 divi
2526 4969 2726 5019 autem
2781 4965 3007 5019 Marcus
3044 4965 3086 5000 δ¹
3130 4970 3183 5020 et
3229 4961 3626 5027 Matthasus“,

1971 5051 2206 5122 (exigua
2225 5052 2386 5107 enim
2402 5056 2728 5116 estvocum,
2747 5052 2970 5124 quibus
2990 5057 3256 5119 utuntur,
3271 5048 3626 5120 ditferentia)

1968 5147 2025 5197 et
2044 5143 2354 5214 proprium
2379 5140 2610 5212 injuria:
2635 5141 2814 5213 hujus
2836 5157 3076 5207 nomen,
3100 5147 3158 5198 et
3177 5141 3378 5212 ipsum
3396 5136 3624 5210 injurias

2179 5313 2224 5350 ⁴¹
2265 5311 2446 5369 Marc.
2473 5328 2593 5379 XIV,
2617 5317 2704 5369 65.
2818 5315 2866 5351 ⁴²
2896 5313 3096 5372 Matth.
3127 5329 3288 5382 xxv1,
3308 5312 3400 5370 67.

1863 5474 2092 5534 ΝΟΤιΕ.

323 5570 438 5646 (l3)
470 5569 564 5629 Sic
585 5569 752 5630 Colb.
779 5584 890 5644 pro
915 5567 1312 5644 περιψὴμασιν,
