4116 6194
503 286 611 347 735
720 288 721 291 “
1470 316 1481 331 -
1739 278 1979 341 PHOTII
2014 278 2499 341 PATRIARCH/E
2541 283 2653 342 CP.
3770 281 3877 342 736

510 414 843 473 exercitium
877 414 1256 486 exprimunt:
1286 434 1313 464 ‹‹
1353 411 1624 480 Colaphis
1658 411 1807 466 enim
1834 411 2157 467 ceciderum

2280 416 2556 483 πρόσωπον
2597 414 2687 462 καὶ
2743 409 3038 481 κολαφίζειν
3096 410 3271 461 αὐτόν.
3328 405 3476 477 Εἶτα,
3511 427 3540 459 α
3584 412 3685 462 Καὶ
3730 409 3877 485 ἒρῥοί-

507 506 696 568 illum,
715 511 769 558 et
793 506 1137 574 inceperunt
1154 501 1362 557 faciem
1393 504 1521 571 ejus
1542 501 1841 566 obtegere,
1860 499 2157 571 colaphos-

2278 519 2439 551 πισαν
2494 504 2582 551 καὶ
2628 501 2958 573 ῥαπίσμασιν
3013 498 3166 551 αὐτὸν
3229 498 3456 565 ἔϐαλλον,
3523 504 3613 551 καὶ
3690 500 3873 572 ἔλεγον·

514 611 632 666 que
666 594 744 648 illi
787 594 1139 664 impingere.
1187 611 1212 643 ν
1260 591 1469 645 Postea
1514 608 1526 641 :
1565 611 1592 642 «
1646 593 1707 645 Et
1752 594 2157 661 percusserunt

2282 594 2648 660 Προφήτευσον
2681 591 2826 660 ἡμῖν,
2884 592 3104 661 Χριστε,
3156 593 3232 648 τίς
3262 588 3401 640 ἐστιν
3441 590 3466 639 ό
3510 593 3710 649 παίσας
3741 609 3814 643 σε.
3850 614 3875 638 ››

513 683 703 745 illum,
762 688 817 736 et
870 679 1103 736 bacillis
1151 695 1287 735 eum
1335 680 1696 742 ceciderunt,
1754 684 1810 733 et
1848 677 2157 732 dixerunt:

2275 676 2334 728 Ὀ
2387 682 2560 749 μέντοι
2610 697 2669 747 γε
2725 680 2994 737 θεσπέσιος
3051 683 3259 740 Λουκᾶς
3302 682 3395 735 τὴν
3445 682 3534 747 μεν
3590 687 3682 729 τοῦ
3734 679 3881 731 κολα-

511 771 864 843 Prophetiza
880 769 1075 833 nobis,
1093 768 1337 831 Christe,
1361 768 1495 839 quis
1522 775 1604 823 est
1634 767 1801 840 quite
1853 765 2063 821 cecidit
2088 764 2115 819 ?
2134 783 2157 815 )1

2278 767 2443 838 φίζειν
2486 774 2705 840 παρῆκε,
2760 767 2971 829 ἐξαπλοῖ
3020 763 3078 819 δὲ
3131 775 3328 838 σαφῶς,
3382 764 3454 819 δι’
3509 767 3575 817 ὧν
3618 766 3755 838 λέγει
3786 778 3880 830 τῆς

512 861 691 915 Divus
756 859 997 930 quidem
1069 859 1253 912 Lucas
1304 860 1550 912 verbum
1600 855 1894 927 κολαφιζειν
1945 853 2163 917 omisit,

511 948 744 1004 abunde
782 954 981 1002 tamen
1023 946 1291 1017 ejusdem
1324 945 1486 1000 verbi
1527 960 1773 999 sensum
1807 958 1905 1014 per
1942 958 2009 996 ea
2040 941 2168 1013 qui-

510 1036 621 1092 bus
654 1038 851 1101 utitur,
884 1036 1125 1106 exponit
1156 1056 1167 1087 :
1202 1054 1229 1085 «
1264 1034 1376 1088 Viri
1406 1034 1587 1097 enim,
1616 1033 1826 1104 inquit,
1850 1032 1952 1103 qui
1976 1033 2163 1086 Iesum

511 1126 815 1190 tenebant,
866 1123 1191 1179 illudebant
1237 1123 1335 1188 illi,
1391 1125 1771 1185 caadentes,et
1821 1120 2165 1175 obvelantes

512 1216 677 1270 illum
709 1234 720 1271 :
750 1215 973 1268 vultum
1004 1214 1132 1283 ejus
1160 1211 1587 1284 percutiebant,
1623 1217 1679 1265 et
1715 1208 2167 1277 interrogabant

510 1320 673 1368 eum,
700 1302 958 1357 dicentes
992 1318 1004 1357 :
1056 1301 1384 1356 Vaticinare
1436 1299 1633 1363 nobis,
1668 1299 1802 1370 quis
1843 1298 1935 1361 sit,
1967 1298 2071 1368 qui
2108 1302 2162 1352 te

508 1390 875 1464 percusserit
905 1393 971 1444 ‘3.
1033 1413 1053 1437 ι
1093 1392 1173 1445 lta
1222 1389 1439 1444 scilicet
1504 1387 1775 1443 ilusionis
1813 1387 1926 1441 hoc
1976 1401 2164 1453 genus

507 1481 792 1537 habebat.
821 1480 925 1534 Alii
958 1480 1115 1533 enim
1146 1478 1353 1533 oculos
1378 1477 1652 1532 manibus
1690 1476 1999 1543 obtegunt,
2038 1474 2159 1539 alii,

509 1586 696 1641 genas
736 1569 954 1641 pugnis
985 1569 1298 1632 caedentes,
1322 1566 1820 1639 jubentindicare
1851 1564 2017 1618 illum
2057 1562 2157 1634 qui

2271 1573 2363 1617 τοῦ
2431 1571 2816 1635 τυπτὴσαντος,
2886 1568 3112 1639 ἀφίεται·
3168 1568 3228 1618 ἄν
3288 1563 3346 1619 δὲ
3392 1571 3490 1639 μὴ,
3542 1566 3867 1639 ἐπιμένουσιν

508 1659 784 1715 ceciderit
812 1674 825 1723 ;
854 1658 1015 1728 quod
1050 1656 1094 1710 si
1128 1656 1275 1710 forte
1301 1655 1643 1725 conjectura
1668 1658 2018 1725 assequatur
2042 1668 2157 1707 caa-

2270 1655 2410 1725 αὐτῷ
2458 1658 2552 1717 τὰς
2598 1656 2802 1726 πληγὰς
2855 1655 3166 1717 ἐντείνοντες.
3221 1663 3386 1708 Τοῦτο
3418 1652 3505 1708 οὖν
3557 1654 3732 1722 δηλοῖ,
3781 1663 3869 1709 xui.

508 1748 773 1810 dentem,
807 1746 1093 1800 immunis
1126 1752 1213 1798 est
1241 1760 1277 1799 a
1304 1743 1527 1814 plagis;
1572 1742 1661 1796 sin
1698 1744 1915 1810 minus,
1951 1741 2157 1813 plagas

2268 1752 2417 1796 τουτο
2499 1750 2821 1819 παρίστησιν
2892 1747 2921 1803 ἡ
3008 1744 3303 1817 κυριολεξία
3376 1748 3455 1808 τὸ,
3528 1744 3863 1817 ἐκολάφισαν.

509 1836 589 1891 illi
618 1837 946 1906 impingere
982 1839 1251 1905 pergunt.
1284 1836 1401 1887 Hoc
1431 1833 1631 1899 ipsum
1653 1832 1797 1897 vult,
1824 1831 1935 1885 hoc
1963 1832 2157 1901 ipsum

2268 1832 2386 1885 ~On
2440 1830 2500 1886 δὲ
2547 1840 2697 1909 κόρον
2756 1830 2944 1886 οὐδένα
3003 1837 3120 1886 οὔτε
3176 1833 3365 1908 ὕϐρεως
3423 1837 3538 1887 οὔτε
3596 1833 3868 1905 ἀσελγείας

507 1924 803 1993 signiﬁcat
831 1924 1135 1995 proprium
1160 1922 1304 1976 illud
1332 1923 1600 1987 verbum,
1633 1919 1960 1991 ἐκολάφισαν.
1988 1919 2157 1983 Quod

2268 1925 2326 1973 τό
2379 1919 2648 1974 Ἰουδαίων
2706 1924 2847 1983 ἔθνος
2900 1921 3197 1994 ἐλάμϐανεν,
3258 1922 3666 1995 ἐκπληττόμενος
3712 1926 3737 1974 6
3780 1943 3871 1976 σο·-

507 2013 854 2069 Judteorum
877 2028 1022 2082 gens
1054 2027 1163 2065 nec
1188 2011 1416 2081 injuriis
1466 2026 1573 2063 nec
1612 2010 1973 2081 procacitate
1993 2024 2157 2063 exsa-

2269 2014 2356 2082 φὸς
2431 2011 2835 2083 ἐπίσημαίνεται
2890 2011 3123 2084 μάλιστα
3178 2018 3403 2072 Λουκᾶς.
3468 2015 3609 2068 Μετὰ
3660 2015 3765 2085 γὰρ
3812 2017 3868 2065 τὸ

508 2102 638 2156 tiari
671 2100 949 2173 potuerit,
1008 2099 1196 2154 Lucas
1241 2099 1557 2170 imprimis,
1620 2106 1928 2169 tamquam
1962 2104 2157 2167 stupe-

2268 2100 2444 2164 εἰπεῖν,
2496 2103 2573 2152 ὅτι
2630 2104 2844 2153 ἔτυπτον
2897 2101 3058 2153 αὑτοῦ
3110 2105 3169 2153 τό
3220 2106 3520 2175 πρόσωπον,
3578 2107 3668 2153 καὶ
3726 2121 3867 2173 περι-

508 2190 700 2246 factus
743 2190 980 2245 indicat.
1039 2188 1362 2260 Postquam
1398 2189 1555 2243 enim
1605 2187 1651 2241 is
1708 2187 1959 2252 dixerat,
1996 2185 2155 2258 quod

2268 2189 2567 2254 εκάλυπτον,
2616 2188 2819 2261 ἐπάγευ
2856 2209 2885 2241 ‹‹
2917 2196 3015 2242 Καὶ
3056 2190 3203 2264 ἔτερα
3244 2190 3407 2241 πολλὰ
3437 2189 3867 2263 βλασφημοῦντες

506 2282 899 2351 percusserint
929 2280 1141 2333 faciem
1174 2281 1326 2349 ejus,
1361 2277 1759 2348 eamdemque
1810 2276 2154 2340 obtexerint,

2268 2278 2453 2346 ἔλεγον.
2490 2302 2517 2330 ››
2549 2277 2704 2331 Ἀλλὰ
2732 2283 2831 2351 γὰρ
2862 2285 2977 2352 περὶ
3009 2283 3097 2350 μὲν
3139 2287 3232 2331 τοῦ
3287 2300 3310 2329 α
3347 2278 3686 2351 ἐκολάφισαν,
3720 2303 3746 2329 ι(
3784 2285 3870 2331 καὶ

508 2369 810 2441 subjungit
844 2386 856 2423 :
890 2392 915 2419 ‹‹
956 2372 1018 2423 Et
1050 2369 1234 2423 multa
1283 2368 1399 2423 alia
1429 2367 1825 2422 conviciantes
1867 2366 2158 2420 adversus

506 2475 644 2514 eum
675 2459 1030 2513 dixerunt“.
1054 2477 1081 2508 »
1112 2459 1195 2512 lla
1226 2459 1390 2520 satis,
1415 2463 1580 2528 puto,
1609 2455 1809 2525 quoad
1828 2456 2158 2525 perepisto-

507 2547 628 2602 iam
660 2547 896 2618 quidem
927 2545 1052 2599 ﬁeri
1084 2552 1293 2615 potest,
1331 2551 1705 2616 perspectum
1752 2543 1960 2606 habes,
2010 2543 2156 2614 quid

510 2635 620 2689 sibi
673 2635 813 2689 velit
884 2632 1220 2704 ὲκολάφισαυ,
1275 2632 1423 2704 quid
1485 2631 1777 2704 περίψημα,
1830 2631 1976 2702 quid
2019 2650 2156 2704 περι-

508 2723 773 2796 κᾶθαρμα.
815 2726 897 2777 Tu
964 2739 1125 2784 vero,
1196 2721 1402 2777 Christi
1470 2726 1526 2776 et
1564 2721 1729 2777 Pauli
1786 2719 2154 2785 aﬂlictiones,

507 2813 731 2884 probra
762 2817 818 2866 et
840 2812 1193 2866 tentationes
1223 2812 1427 2865 animo
1457 2809 1899 2873 circumferens,
1935 2809 2157 2865 fortiter

506 2916 676 2970 agas,
708 2900 798 2954 vel
831 2900 1027 2970 potius
1064 2899 1354 2968 gaudeas,
1378 2902 1731 2968 recogitans,
1774 2914 1833 2952 in
1859 2914 2041 2970 quem
2063 2914 2155 2954 or-

506 2990 699 3045 dinem
715 2990 793 3044 sis
806 2988 1048 3052 ascitus,
1061 3004 1355 3061 quemque
1372 2988 1600 3043 habeas
1614 2987 1852 3054 ducem,
1868 2987 2154 3043 adversus

506 3095 749 3135 omnem
773 3077 1161 3133 calamitatem
1184 3077 1491 3142 insultum,
1509 3078 1630 3132 sive
1652 3078 2045 3132 adversararii
2073 3077 2155 3132 tui
2188 3119 2227 3173 Ο

507 3169 649 3223 mali
678 3168 986 3223 daemones
1018 3170 1157 3230 sint,
1180 3167 1300 3220 sive
1324 3166 1637 3222 daemonas
1669 3166 1937 3223 humana
1962 3166 2157 3222 forma

505 3256 783 3319 referant,
839 3256 1161 3310 imitentur.

613 3362 925 3428 QU/ESTIO
954 3361 1416 3434 CXXXIV[Coz'sl.
1445 3362 1619 3417 CLVI.
1662 3363 1840 3417 Taur.
1874 3363 2047 3434 CLV].

2277 864 2442 928 φωνῆς
2499 860 2557 907 τό
2610 853 2945 927 δηλούμενον.
2984 878 3003 905 ι
3045 862 3145 908 Καὶ
3200 859 3247 907 οἱ
3286 853 3479 930 ’ἄνδρες
3524 860 3649 930 γὰρ,
3697 863 3873 928 φησὶν,

2276 946 2324 996 οἱ
2375 949 2676 1015 συνέχοντες
2714 949 2800 996 τόν
2840 944 3065 1009 Ἰησοῦν,
3112 944 3376 1005 ἐνέπαιζον
3428 945 3590 1015 αὐτῷ,
3643 942 3878 1020 δέροντες

2275 1053 2363 1085 και
2406 1034 2847 1107 περικαλύψαντες
2904 1034 3079 1100 αὐτόν,
3131 1036 3346 1086 ἔτυπτον
3386 1033 3546 1086 αὐτοῦ
3612 1038 3671 1085 τὸ
3714 1044 3876 1108 προσ-

2274 1142 2431 1189 ωπον,
2489 1129 2578 1175 καὶ
2628 1123 2905 1196 ἐπηρώτων
2956 1123 3131 1188 αὐτόν,
3200 1124 3447 1195 λέγοντες·
3512 1130 3873 1196 Προφήτευσον

2274 1214 2419 1283 ἡμῖν,
2452 1218 2535 1273 τίς
2564 1211 2703 1264 ἐστιν
2736 1214 2760 1263 ό
2790 1216 2989 1273 παίσας
3021 1231 3097 1266 σε.
3145 1233 3172 1264 )›
3223 1216 3323 1265 Καὶ
3362 1214 3464 1285 γὰρ
3495 1219 3732 1265 τοιοῦτον
3764 1212 3873 1265 ἔστι

2272 1303 2330 1351 τό
2361 1297 2498 1362 εἶδος
2533 1310 2625 1362 τῆς
2674 1298 2911 1361 παιδιᾶς.
2955 1303 3021 1353 Οἱ
3059 1305 3148 1373 μεν
3196 1304 3319 1363 τοὺς
3367 1301 3663 1373 ὀφθαλμοὺς
3712 1308 3870 1376 χερσὶ

2271 1389 2764 1462 περικαλύπτουσιν,
2813 1392 2862 1441 οἱ
2918 1387 2977 1441 δὲ
3048 1391 3149 1452 πὺξ
3197 1392 3331 1441 κατὰ
3391 1389 3580 1464 κόρρης
3636 1396 3873 1452 παίοντες

2272 1476 2593 1550 ἐπερωτῶσιν
2652 1486 2886 1550 μηνῦσαι
2938 1482 3024 1530 τὸν
3078 1483 3366 1531 παίσαντα.
3429 1480 3534 1531 Κᾶν
3588 1482 3679 1550 μὲν
3730 1483 3868 1552 τύχη

2268 2386 2296 2417 (ι
2329 2367 2602 2440 περίψημα
2631 2388 2657 2418 ››
2693 2372 2781 2419 καὶ
2815 2388 2842 2418 ι(
2875 2370 3266 2440 περικαθαρμα,
3300 2387 3327 2419 ››
3361 2370 3525 2439 ἔχεις,
3555 2366 3724 2440 οἶμαι,
3753 2370 3867 2420 κατ’

2266 2456 2539 2514 ἐπιστολὴν
2568 2456 2662 2508 οὐκ
2692 2453 2902 2517 ἐνδεῶς.
2942 2462 3007 2509 Συ
3040 2454 3101 2509 δέ
3130 2477 3220 2529 μοι
3250 2460 3315 2509 τὰ
3359 2465 3450 2509 τοῦ
3498 2465 3735 2532 Χριστου
3774 2463 3864 2510 καὶ

2268 2546 2472 2597 Παύλου
2528 2549 2664 2598 κατὰ
2707 2543 2942 2598 διάνοιαν
2996 2551 3157 2619 φέρων
3205 2548 3369 2609 πάθη,
3412 2552 3500 2598 καὶ
3552 2550 3618 2598 τὰ
3667 2544 3866 2611 ὀνείδη,

2266 2639 2355 2685 καὶ
2398 2638 2515 2694 τοὺς
2584 2639 2909 2708 πειρασμοὺς
2970 2637 3161 2687 ἵστασο
3218 2640 3485 2706 γενναίως,
3542 2636 3736 2708 μᾶλλον
3810 2633 3869 2689 δὲ

2265 2728 2488 2796 χαίρων,
2532 2723 2870 2795 ἐννοούμενος,
2916 2729 3017 2775 τίνι
3072 2726 3331 2796 συνταττη
3391 2733 3559 2799 χορῷ,
3615 2731 3706 2778 καὶ
3758 2731 3869 2777 τίνα

2265 2821 2545 2886 κορυφαῖον
2594 2816 2753 2884 ἔχεις,
2806 2817 2935 2887 πρὸς
3000 2819 3173 2865 πᾶσαν
3242 2812 3486 2888 ἐπιφορὰν
3560 2812 3863 2886 δυσχερῶν,

2267 2901 2327 2952 ἂν
2358 2921 2411 2953 τε
2455 2898 2697 2973 δαίμονες
2741 2899 2859 2963 ὦσι,
2893 2901 2953 2952 ἂν
2983 2921 3038 2954 τε
3066 2910 3290 2976 μορφαῖς
3324 2901 3605 2975 ἀνθρώπων
3652 2905 3865 2976 ὑποκρι-

2265 2995 2465 3063 νόμενοι
2492 2988 2745 3062 δαίμονας
2762 2994 2810 3043 οἱ
2842 2990 3201 3063 ἐπιτιθέμενοι.

2800 3295 3116 3347 ΕΡΩΤΗΣΙΣ
3166 3292 3330 3345 ΡΛΔ’.

2269 3406 2447 3461 Πόσας
2522 3398 2695 3472 ἀρχὰς
2772 3396 2855 3451 δεῖ
2925 3408 3053 3452 νοεῖν
3130 3401 3265 3472 ἡμᾶς
3320 3406 3411 3451 τοῦ
3464 3398 3703 3453 ἐνιαυτοῦ
3777 3407 3865 3453 καὶ

578 3471 727 3537 Quot
758 3470 907 3527 ιιηηὶ
932 3470 1103 3525 initia
1128 3470 1418 3525 arbitrari
1442 3486 1541 3524 nos
1566 3466 1827 3538 oporteat
1859 3477 1910 3525 et
1934 3486 2081 3541 quae.
2555 3466 2564 3472 ’
2589 3466 2629 3471 ’⁷
2980 3476 3153 3538 ποίας;

1592 3565 1746 3615 Edita
1771 3581 1801 3615 a
1831 3567 1967 3616 Maio
1993 3570 2145 3627 (Nov.
2175 3572 2304 3622 Coll.
2334 3576 2371 3620 t.
2404 3570 2440 3626 ι,
2468 3584 2519 3633 p.
2548 3568 2656 3624 127,
2684 3570 2812 3630 128).

581 3664 628 3713 1.
665 3659 806 3722 Qum
836 3656 913 3711 ad
940 3661 1238 3711 extremos
1275 3671 1461 3727 usque
1516 3656 1725 3710 mundi
1758 3658 1905 3711 lines
1964 3660 2157 3729 spicu-

2344 3658 2409 3714 οί.
2463 3658 2521 3710 Ἠ
2579 3660 2679 3710 ὅσα
2730 3662 2815 3708 καὶ
2871 3659 2989 3730 ὅρια
3055 3666 3156 3729 ’γῆς
3206 3660 3264 3709 τὸ
3328 3656 3455 3730 δόρυ
3514 3658 3875 3732 παρατείνασα

2271 3750 2469 3821 Ῥώμη,
2523 3753 2612 3799 καὶ
2669 3750 2726 3798 τὸ
2781 3750 2971 3820 κράτος
3029 3744 3250 3809 δείξασα
3292 3756 3381 3807 τῆς
3426 3746 3737 3819 οἰκουμένης
3784 3753 3873 3820 μέ-

2274 3858 2409 3912 τρον,
2455 3839 2627 3908 ὥσπερ
2664 3840 2800 3887 τισὶν
2848 3834 3093 3908 ὀνόμασιν
3143 3835 3455 3907 ἀγάλλεσθαι
3500 3837 3615 3906 (14)
3665 3842 3872 3907 χαίρει,

502 3748 629 3803 lum
676 3763 852 3800 suum
904 3748 1090 3800 Roma
1122 3745 1438 3815 protendit,
1472 3746 1848 3817 propriaeque
1885 3750 2163 3818 potentiae

505 3835 829 3892 terminum
861 3834 1023 3889 orbis
1048 3840 1335 3889 terrarum
1366 3833 1607 3888 limitem
1661 3832 1814 3899 fecit,
1851 3836 2018 3891 sicuti
2068 3840 2163 3893 tri-

504 3926 617 3981 bus
643 3924 990 3980 nominibus
1014 3922 1251 3991 gloriari
1293 3922 1460 3989 solet,
1488 3923 1565 3977 sic
1612 3925 1791 3979 etiam
1820 3925 1930 3980 tria
1952 3927 2165 3997 princi-

505 4016 601 4087 pia
633 4014 825 4086 spatio
869 4028 1072 4068 annuo
1094 4012 1379 4068 attribuit.
1425 4014 1491 4067 Et
1520 4015 1721 4067 Roma
1751 4015 1989 4085 quidem
2061 4033 2165 4072 no-

504 4104 817 4158 minasunt
850 4102 1176 4171 mysticum,
1206 4118 1462 4165 sacrum,
1488 4101 1817 4171 politicum.
1845 4104 2160 4175 Mysticum

502 4208 722 4247 nomen
742 4198 828 4246 est
856 4190 879 4203 "
897 4198 1076 4265 Αμωρ,
1106 4206 1321 4262 nempe
1348 4206 1510 4246 amor
1538 4207 1550 4244 :
1580 4206 1816 4245 sacrum
1842 4192 2009 4249 Flora
2046 4198 2158 4264 est,

500 4282 664 4353 quod
695 4280 1002 4335 ﬂorentem
1036 4280 1329 4349 significat
1363 4295 1374 4334 :
1418 4279 1702 4350 poltioum
1754 4282 1960 4347 Roma,
1998 4282 2163 4354 quod

503 4371 800 4426 conversis
830 4369 1033 4423 litteris
1082 4369 1136 4422 in
1186 4369 1508 4438 mysticum
1541 4384 1761 4423 nomen
1813 4370 2033 4424 recidit.
2098 4374 2164 4425 Et

501 4476 737 4515 sacrum
770 4458 1017 4529 quidem
1052 4457 1261 4512 licebat
1318 4457 1393 4512 ad
1434 4457 1596 4528 vulgi
1654 4458 1833 4513 etiam
1886 4461 2158 4515 notitiam

502 4548 741 4602 efferre:
769 4563 960 4600 verum
976 4546 1020 4599 si
1037 4546 1171 4617 quis
1192 4546 1465 4600 sacerdos
1484 4548 1783 4616 mysticum
1798 4547 2161 4617 divulgavis-

500 4643 603 4702 set,
637 4652 830 4707 paena:
862 4635 1097 4707 capitali
1130 4637 1309 4691 ﬁebat
1364 4635 1682 4690 obnoxius.
1717 4637 1925 4690 Tribus
1958 4637 2156 4706 igitur,

499 4726 863 4790 utdiximus,
891 4733 1104 4780 ornata
1140 4725 1488 4779 nominibus
1525 4727 1734 4788 Roma,
1774 4725 1883 4780 tria
1913 4741 2157 4798 quoque

496 4814 664 4871 initia
690 4816 941 4885 tempori
967 4831 1169 4870 annuo
1192 4830 1253 4868 se
1278 4813 1468 4868 facere
1496 4812 1886 4882 gloriabatur,
1904 4830 2155 4886 quorum

1327 4954 1537 5011 “ibid.
1573 4960 1659 5011 65.

2274 3929 2407 3980 οὕτω
2428 3930 2517 3977 καὶ
2557 3933 2693 3999 τρεῖς
2725 3924 2897 3998 ἀρχὰς
2928 3934 2998 3995 τῷ
3030 3923 3329 3995 ἐνιαυσιαίῳ
3356 3931 3532 3997 χρόνῳ
3563 3930 3870 3998 χαρίζεται.

2274 4018 2537 4088 Ὀνόματα
2575 4019 2663 4086 μὲν
2694 4011 2780 4065 οὖν
2813 4015 2953 4066 ἐστιν
2986 4015 3114 4087 αὐτῇ
3162 4015 3449 4067 τελεστικόν
3498 4034 3550 4066 τε
3597 4020 3688 4066 καὶ
3740 4018 3875 4086 ἱερα-

2272 4112 2434 4159 τικόν·
2482 4105 2769 4157 τελεστικόν
2817 4108 2906 4176 μὲν
2956 4103 3158 4178 ”Αμωρ,
3201 4107 3225 4156 ὁ
3260 4110 3499 4176 σημαίνει
3542 4107 3683 4175 ἔρως
3739 4107 3873 4177 ἱερα-

2271 4199 2411 4248 τικὸν
2458 4190 2515 4246 δὲ
2565 4193 2763 4268 Φλώρα,
2813 4192 3043 4245 ἀνθοῦσα
3091 4191 3148 4245 δὲ
3185 4202 3335 4245 τουτο
3367 4190 3687 4267 παραδηλοίο
3731 4194 3871 4245 πολι-

2273 4288 2415 4336 τικὸν
2466 4280 2524 4335 δε
2576 4282 2765 4355 Ῥώμα,
2817 4284 2943 4357 ὕπερ
3004 4283 3482 4358 ἁντιστρεφόμενον,
3534 4283 3601 4343 εἰς
3660 4288 3749 4340 την
3800 4302 3876 4335 τε·

2272 4374 2511 4431 λεστικην
2563 4373 2959 4444 σχηματίζεται
3013 4372 3143 4434 λέξιν
3187 4374 3325 4443 (15).
3381 4372 3525 4434 Ἐξῆν
3557 4376 3646 4443 μὲν
3680 4368 3768 4424 οὖν
3819 4375 3875 4423 τὸ

2272 4554 2359 4601 κὸν
2437 4553 2460 4601 6
2514 4557 2773 4612 κοινώσας
2845 4560 2943 4602 τῶν
3005 4553 3173 4624 ἱερέων
3228 4550 3465 4623 ἐσχάτην
3518 4556 3702 4608 ποινὴν
3770 4551 3875 4603 εἱσ-

2269 4734 2477 4801 μωμένη
2528 4733 2617 4781 καὶ
2656 4735 2825 4802 τρισὶν
2858 4728 3055 4801 ἀρχαῖς
3097 4732 3182 4779 τὸν
3226 4728 3483 4781 ἐνιαύσιον
3528 4730 3874 4801 σεμνολογου·

2270 4828 2393 4890 μενη
2444 4823 2652 4893 χρόνον,
2714 4823 2802 4876 τὴν
2862 4822 2950 4890 μὲν
3002 4818 3168 4870 αὐτῶν
3215 4819 3476 4893 ἱερατικὴν
3537 4817 3727 4890 ἐκάλει,
3781 4824 3873 4877 τὴν

572 4958 620 4993 ⁴³
645 4959 783 5014 Luc.
816 4974 960 5023 xxn,
985 4958 1054 5013 63
1086 4972 1213 5027 seq.

2101 5059 2143 5114 Ν
2150 5058 2302 5114 ΟΤΑΕ

2252 5180 2459 5254 bulum
2511 5181 2823 5254 ﬂoralibus
2888 5182 3242 5253 impositum
3274 5201 3288 5252 ;
3318 5182 3484 5254 quod
3531 5182 3863 5238 Anthusam

2253 5252 2445 5308 Graece
2480 5253 2902 5325 Philadelphus
2927 5252 3368 5325 interpretatur,
3399 5270 3573 5325 aquo
3602 5255 3732 5310 haec
3746 5256 3863 5309 dis-

2252 5325 2463 5378 cimus.
2500 5325 2562 5378 Id
2590 5331 2650 5379 tu
2685 5324 2882 5380 Latine
2910 5324 2995 5379 vel
3022 5325 3352 5393 ﬂorentem,
3384 5324 3485 5379 vel
3510 5326 3709 5395 aptius
3749 5327 3868 5382 for-

2256 5403 2410 5468 lasse
2432 5396 2665 5468 Florum
2688 5403 2790 5452 aut
2814 5397 3179 5453 Florentiam
3208 5403 3427 5468 vertes.
3445 5397 3572 5468 Sub
3597 5396 3867 5468 Amaryl-

2253 5467 2389 5521 lidis
2430 5467 2674 5522 nomine
2712 5484 2845 5523 eam
2883 5468 3192 5537 Virgilium
3240 5467 3578 5525 describere
3612 5467 3867 5525 adnota-

2254 5538 2334 5592 vit
2366 5539 2622 5593 Servius.
2651 5560 2674 5589 »
3054 5552 3057 5555 λ
3090 5598 3091 5601 η

2325 5610 2436 5683 (16)
2462 5613 2539 5665 De
2564 5596 3007 5683 arcanoitomaé
3034 5598 3277 5667 n‘Omine
3298 5609 3631 5683 loquuntur
3648 5609 3861 5667 Verius

2251 5681 2415 5754 apud
2429 5684 2692 5750 Festum;
2711 5682 3105 5755 Solinus,cap.
3124 5683 3147 5737 1
3169 5681 3443 5750 ;Servius
3456 5681 3535 5740 ad
3546 5682 3859 5749 En.i,277.

565 5181 678 5254 (14)
708 5179 967 5236 Verbum
996 5177 1312 5260 ᾁγάλλεσθαι
1342 5177 1755 5250 superadditur
1787 5177 1952 5234 haud
2018 5180 2141 5236 scio

493 5270 679 5327 quam
720 5266 1073 5327 necessario-

566 5324 1043 5397 (i5iEryphraeus
1091 5320 1594 5397 apudOrtelium
1641 5322 1701 5376 in
1755 5321 1965 5397 Geogr.
2014 5322 2138 5378 ait:

496 5416 525 5449 ‹‹
549 5392 777 5467 Triplex
806 5392 939 5448 urbi
972 5396 1169 5467 Romae
1202 5392 1383 5447 fuisse
1410 5409 1628 5467 nomen
1660 5393 1963 5467 proditum
1994 5398 2083 5448 est
2122 5412 2140 5467 ,j

494 5464 685 5523 unum
708 5467 947 5537 hocquo
974 5466 1195 5519 utimur
1220 5464 1637 5535 pervulgatum
1662 5480 1675 5530 ;
1700 5464 1950 5520 alterum
1980 5466 2145 5537 quod
2185 5506 2189 5511 ι

493 5554 777 5595 arcanum
803 5536 929 5601 fuit,
954 5536 1113 5592 unde
1130 5537 1499 5608 Amaryllida
1519 5552 1701 5605 suam,
1725 5552 1856 5607 quas
1876 5536 2145 5593 amorem

490 5609 730 5683 proprie
759 5608 1073 5683 signiﬁcat,
1107 5608 1168 5664 in
1219 5609 1539 5683 Bucolicon
1586 5624 1817 5683 carmen
1860 5608 2136 5678 Virgilius

494 5679 743 5740 detorsit
773 5697 790 5749 ;
820 5682 1058 5738 tertium
1082 5679 1381 5737 sacriﬁciis
1409 5679 1694 5745 debitum,
1722 5680 1795 5734 de
1820 5695 1940 5751 quo
1973 5695 2138 5737 voca-

2276 4464 2528 4534 ἱερατικόν
2579 4467 2667 4512 καὶ
2720 4471 2791 4532 τῷ
2830 4462 3016 4519 πλήθει
3069 4464 3390 4514 κοινοῦσθαι·
3440 4466 3498 4513 τὸ
3550 4459 3609 4513 δὲ
3652 4461 3878 4514 τελεστι-

2271 4644 2488 4714 ἐπραττε
2526 4640 2661 4710 (16).
2701 4646 2883 4712 Τρισὶν
2915 4636 3001 4691 οὖν
3034 4640 3299 4711 ὀνόμασιν,
3333 4643 3506 4713 ὥσπερ
3555 4642 3768 4712 ἔφημεν,
3804 4660 3876 4691 τι-
