4116 6194
216 256 323 314 737

1191 250 1285 310 AD
1325 250 1879 310 AMPHILOCHIUM
1918 250 2248 320 QUESTIO
2285 255 2577 314 CXXXIV.

3469 269 3589 323 738

213 382 373 440 ἄλλην
427 376 486 433 δε
528 380 768 450 πάτριον,
806 382 896 430 καὶ
940 382 1033 436 τὴν
1070 377 1251 436 λοιπήν
1296 398 1347 431 τε
1405 384 1493 431 καὶ
1542 378 1816 436 κυκλικὴν,

1938 378 2059 450 ipsa
2075 380 2335 452 primum
2349 388 2639 439 sacratum
2654 383 3274 456 appellabat,alterum
3293 389 3579 461 patrium.

214 472 479 547 ἱερατικὴν
527 471 616 542 μεν
647 464 735 519 οὖν
774 469 930 525 ἡνίκα
973 470 1060 518 τὸν
1104 467 1393 542 Αἰγόκερων
1437 470 1462 519 ό
1516 467 1658 531 ἣλιος
1688 488 1819 541 παρ-

216 565 326 625 ιὼν,
383 560 455 620 εἰς
507 557 727 620 αὔξησιν
779 558 895 627 οἰγει
948 561 1040 614 τὴν
1092 558 1306 631 ἡμέραν.
1365 557 1506 616 Αὕτη
1567 554 1626 610 δὲ
1680 576 1819 629 συμ-

216 653 395 701 πίπτει
446 650 572 720 πρὸς

216 736 522 811 Δεκέμϐριον
545 743 685 807 μῆνα
723 752 736 766 ⁸
760 738 887 805 πρὸς
938 736 1189 792 αἰσθησιν
1228 730 1287 786 δι
1316 739 1405 787 καὶ
1448 733 1815 807 μάλισταῬω-

647 644 911 718 ἀκρίϐειαν
992 649 1081 716 μὲν
1152 648 1288 697 κατὰ
1365 650 1450 698 τὸν
1508 647 1815 718 καλούμενον

215 840 414 907 μαίοις,
466 834 534 893 εἰς
588 838 676 885 τὸν
726 831 1038 905 Ἰανουάριον
1101 829 1386 888 διαϐαίνει.
1456 837 1560 891 Τὴν
1605 829 1664 885 δε
1720 834 1816 883 πά-

214 943 358 999 τριον
406 926 432 975 ὁ
487 930 588 975 τῶν
653 930 826 994 μηνῶν
902 920 1214 991 καλούμενος
1280 924 1513 995 Μάρτιος
1584 919 1815 978 ἀπεκλη-

214 1022 370 1087 ρούτο

215 1098 547 1154 ἐπεδείκνυτο
602 1100 888 1172 Ῥωμαίοις.
938 1104 1036 1151 Τόν
1085 1096 1145 1151 δέ
1190 1118 1251 1170 γε
1292 1098 1630 1173 Σεπτέμϐριον
1674 1108 1816 1170 μῆνα

214 1191 245 1247 ἡ
279 1189 499 1248 κυκλικὴ
528 1208 582 1241 τε
618 1194 709 1240 καὶ
737 1188 977 1247 πολιτική
1010 1187 1200 1260 ψῆφος,
1243 1188 1268 1240 ὁ
1308 1191 1366 1240 τὸ
1426 1191 1516 1240 σὸν
1546 1188 1815 1259 φιλόπονον

216 1278 556 1344 ἐπιζήτησίνν
606 1277 781 1351 ἀρχὴν
834 1279 1055 1349 ἀπέφηνε
1121 1285 1211 1329 τοῦ
1265 1276 1495 1330 ἐνιαυτοῦ
1558 1279 1696 1349 (17),
1750 1278 1815 1329 ὀ

215 1374 306 1420 καὶ
342 1368 561 1439 γλῶσσα
586 1372 675 1439 μεν
717 1367 1090 1429 Ἐ)ληνὶζουσα
1132 1367 1305 1419 καλεῖν
1336 1366 1636 1438 ἐπινέμησιν
1681 1364 1814 1431 οἶδε,

430 1032 443 1044 '
505 1014 587 1064 ὅτε
633 1016 719 1063 καὶ
764 1011 930 1063 ὅπλων
979 1014 1207 1076 κίνησίς,
1258 1029 1309 1062 τε
1361 1016 1450 1063 καὶ
1502 1015 1811 1084 παρασκευὴ

212 1457 460 1529 Ῥωμαῖοι
498 1453 557 1509 δὲ
598 1452 896 1508 ἰνδικτιώνα
945 1473 956 1484 ·
986 1460 1073 1507 καὶ
1128 1458 1320 1513 ταύτην
1352 1458 1409 1508 τό
1456 1459 1544 1528 μὲν
1577 1455 1815 1521 παλαιόν,

215 1542 617 1618 πενταετηρίδος
674 1550 864 1618 χρόνος
936 1544 1235 1610 ἁνεκύκλου,
1295 1545 1348 1596 ὃν
1429 1550 1517 1597 καὶ
1568 1545 1817 1619 λούστρον

216 1639 450 1709 πατρίως
498 1633 727 1689 ἐκάλουν,
786 1640 1001 1686 Ἔπειτα
1050 1630 1108 1686 δὲ
1152 1642 1396 1706 τιμῶντες
1426 1633 1561 1707 ’Ἀρη
1613 1638 1720 1703 τόν,
1752 1637 1822 1696 ὦς

217 1743 370 1796 φασι,
402 1725 618 1796 πάτριον
649 1723 825 1783 αὐτοῖς

212 1809 607 1884 τεκαιδεκαετίᾳ
663 1811 944 1885 ἐλάχιστον
994 1808 1189 1884 δρόμον
1241 1811 1403 1863 ἀνύων
1456 1815 1539 1864 τὸν
1572 1808 1707 1864 ἴδιον
1736 1832 1822 1866 πε-

213 1908 461 1976 ραιοῦται
504 1901 708 1967 κύκλον,
745 1901 1023 1973 ἰσόχρονον
1052 1902 1220 1952 ἔθεντο
1268 1905 1355 1952 καὶ
1382 1905 1473 1958 τήν
1521 1899 1821 1973 ἐπινέμησιν

215 1993 338 2049 ἦτοι
366 1995 459 2049 τὴν
514 1987 816 2043 ίνδικτιῶνα
867 1988 1137 2062 θέσπισμα
1175 1988 1433 2042 τελεῖσθαι
1483 2006 1496 2019 ·
1527 1988 1655 2042 ἀλλὰ
1700 1994 1824 2042 ταύ-

212 2098 311 2136 την
379 2081 468 2152 μεν
532 2084 623 2137 τὴν
681 2079 873 2145 αἰτίαν,
928 2082 996 2138 ὡς
1063 2077 1124 2129 ἆν
1193 2081 1221 2136 η
1288 2081 1491 2131 ἐκείνων
1531 2077 1823 2153 ἀρχαιότης

214 2172 368 2241 φαίη,
437 2170 463 2220 ό
517 2167 805 2240 θεολογικὸς
874 2168 1042 2220 αὐτῶν
1108 2172 1198 2219 καὶ
1254 2171 1471 2240 κρύφιος
1535 2170 1824 2242 ὑπογράφει

209 2262 423 2332 τρόπος.
458 2257 535 2310 Οὔ
569 2258 745 2332 πόρρω
777 2254 836 2310 δὲ
880 2259 1068 2317 ταύτης
1099 2261 1191 2308 καὶ
1222 2258 1251 2314 ἡ
1307 2256 1551 2327 λέγουσα,
1613 2262 1692 2309 ὅτι
1730 2263 1822 2316 τὴν

211 2347 522 2420 ἰσημερινήν
583 2348 719 2420 ὥραν
780 2342 1147 2399 πεντεκαίδεκα
1221 2351 1427 2421 μορίοις
1479 2351 1590 2398 τισὶ
1642 2348 1822 2418 μαθὼν

210 2434 376 2508 ἔγγὺς
450 2439 896 2511 περιγραφομένην
979 2437 1004 2487 ό
1093 2434 1440 2508 αύταρχὴσας
1517 2437 1823 2507 Αὔγουστος

209 2525 502 2598 Ῥωμαίων,
572 2530 662 2577 καὶ.
727 2530 816 2583 τὴν
892 2523 1244 2582 ἀνακύκλησιν
1305 2533 1392 2576 τοῦ
1460 2527 1694 2577 ἐνιαυτοῦ
1757 2525 1823 2585 εἰς

214 2618 308 2668 τὸν
371 2614 525 2667 αὐτόν
583 2613 805 2689 ἀριθμόν
859 2609 1139 2666 ἐδικαίωσε
1194 2614 1533 2687 περιορίζειν.
1612 2614 1824 2666 Πολιτι-

211 2710 441 2777 κὼτερον
490 2699 538 2756 δ’
566 2702 627 2754 ἂν
669 2702 861 2774 λέγοιεν
917 2708 1004 2754 καὶ
1054 2704 1103 2754 οἱ
1160 2699 1299 2753 διότι
1356 2705 1626 2763 τοσούτοις
1655 2706 1820 2755 ἔτεσιν

206 2792 473 2864 Ἀντωνίῳ
529 2797 942 2845 συνυπατευκότι
1010 2796 1103 2849 τήν
1151 2810 1204 2842 τε
1259 2799 1355 2842 τῶν
1423 2801 1603 2843 κοινῶν
1657 2811 1823 2865 πραγ-

209 2885 396 2956 μάτων
442 2886 807 2955 μεταχείρισιν
852 2883 1006 2952 ἔσχεν
1063 2898 1075 2909 ·
1124 2878 1238 2932 εἶτα
1268 2885 1353 2932 καὶ
1380 2882 1564 2952 μάχην
1600 2882 1820 2952 συνῆψε,

211 2974 389 3024 καὶτὸ
422 2971 536 3022 κατ’
576 2971 738 3022 αὐτοῦ
769 2973 1015 3044 τρόπαιόν
1045 2967 1193 3031 εἶλεν,
1241 2970 1321 3021 ὅτε
1359 2974 1447 3021 καὶ
1485 2973 1647 3041 μηνὸς
1671 2972 1823 3021 ἱστα-

213 3065 376 3135 μένου
424 3058 766 3132 Σεπτεμϐρίου
839 3060 869 3116 ἡ

216 3152 450 3206 κατέστη
509 3149 639 3220 (18).
682 3146 910 3200 Ἐτέλουν
967 3150 1057 3217 μεν
1116 3142 1202 3197 οὖν
1246 3147 1363 3198 καθ’
1394 3146 1619 3205 ἑκάστην
1652 3147 1823 3219 ἀρχὴν

219 3239 464 3294 ἐνιαυτοῦ
505 3235 815 3298 ἰδιαζούσας
842 3254 895 3288 τε
946 3237 1133 3296 θυσίας
1181 3240 1270 3287 καὶ
1324 3235 1547 3305 τελετὰς,
1581 3246 1826 3309 τιμῶντες

215 3333 315 3381 καὶ
358 3327 682 3399 ἱλασκόμενοι
728 3325 813 3385 οὓς
869 3325 1105 3397 ἐνόμιζον
1151 3324 1299 3378 αὐτοὶ
1360 3327 1500 3386 θεούς
1533 3340 1545 3355 ⁸
1594 3326 1830 3398 μάλιστα

221 3415 286 3471 3's
335 3420 470 3469 κατὰ
524 3419 609 3467 τόν
661 3412 1002 3488 Σεπτίμϐριον
1061 3422 1203 3486 μῆνα
1250 3414 1603 3490 λαμπρότερον
1651 3415 1829 3478 αὐτοῖς

215 3512 315 3559 καὶ
347 3506 729 3578 φιλοτιμότερον
760 3502 1038 3578 ἐπράττετο
1066 3510 1255 3558 ταῦτα.

301 3594 376 3669 β’.
406 3594 543 3647 Ἐπεὶ
592 3591 678 3646 οὖν
726 3602 821 3654 τῆς
878 3592 1101 3654 παλαιᾶς
1132 3591 1328 3665 Ῥώμης
1393 3594 1422 3650 ἠ
1457 3598 1543 3645 νέα
1579 3597 1664 3645 τὸν
1708 3594 1830 3654 κλῆ-

217 3705 315 3762 ρον
366 3682 563 3741 ὑπῆλθε
617 3686 708 3734 καὶ
780 3684 950 3733 κοινὸν
1002 3681 1262 3739 ἐκτήσατο
1324 3685 1382 3732 τό
1429 3684 1637 3756 κράτος,
1712 3703 1827 3755 μετο

220 3778 422 3832 έῖτησε
459 3768 518 3824 δε
572 3779 665 3824 τοῦ
720 3770 1047 3843 σεϐάσματος
1078 3773 1136 3823 τό
1188 3770 1375 3822 πλάνον
1416 3771 1483 3831 εἰς
1516 3776 1611 3829 τὴν
1641 3771 1824 3831 εὐσεϐῆ

218 3883 283 3918 τε
313 3865 404 3914 καὶ
456 3868 570 3931 Θεῷ
620 3863 920 3934 πρέπουσαν
971 3861 1231 3934 λατρείαν,
1297 3862 1692 3932 συμμεθίστησι
1741 3858 1830 3913 καὶ

223 3956 323 4012 τὰς
348 3947 654 4021 δαιμονίους
703 3947 901 4008 τελετὰς
946 3952 1036 4000 καὶ
1085 3949 1268 4008 θυσίας
1321 3948 1393 4010 εἰς
1436 3948 1748 4012 εύσεϐούσας
1779 3970 1831 4003 τε

221 4045 323 4095 καὶ
379 4041 673 4112 θεοπρεπεῐς
718 4036 1004 4109 ἁγιστείας.
1060 4042 1159 4090 Καὶ
1221 4033 1314 4090 διὰ
1357 4045 1508 4091 τοῦτο
1546 4043 1640 4099 τὴν
1684 4047 1833 4114 πρώ-

222 4150 329 4189 την
372 4137 462 4181 τού
519 4125 865 4200 Σεπτεμϐρίου
903 4129 1065 4199 μηνός
1111 4126 1385 4187 λιτανείαις
1425 4146 1477 4179 τε
1521 4123 1836 4200 δημοτελέσι

222 4225 324 4275 καὶ
354 4226 468 4280 ταῖς
518 4217 698 4278 ἄλλαις
753 4216 1080 4290 ἱλαστηρίοις
1131 4216 1319 4288 εὐχαῖς
1360 4221 1513 4289 νόμον
1559 4219 1698 4270 ἔθετο
1750 4222 1833 4271 τὸν

227 4312 367 4363 Θεὸν
397 4306 735 4372 ἕξιλεοῦσθαι,
793 4310 1031 4379 παρεῖναί
1060 4324 1113 4358 τε
1163 4308 1250 4358 τὸν
1300 4304 1552 4381 ἀρχιερέα
1602 4314 1711 4370 τοῖς
1761 4327 1836 4361 τε·

224 4398 522 4469 λουμένοις,
575 4403 676 4449 τῶν
736 4395 1050 4467 ἱλαστηρίων
1099 4399 1189 4447 καὶ
1245 4394 1513 4468 σωτηρίων
1578 4400 1839 4472 προηγούο

229 4506 386 4562 μενον
459 4487 733 4560 ἱρουργιῶν
775 4503 827 4537 τε
886 4489 977 4536 καὶ
1025 4485 1288 4556 θυμάτων.
1316 4482 1377 4537 Ἦ
1430 4480 1489 4537 δέ
1538 4504 1595 4557 γε
1648 4485 1842 4538 ἐπωνυ-

231 4582 340 4650 μία
363 4581 455 4627 τοῦ
500 4572 766 4627 ἐνιαυσίου
810 4573 1000 4625 κύκλου
1058 4575 1088 4631 ἡ
1148 4575 1238 4645 μὲν
1284 4572 1653 4646 Ῥωμαίζουσα
1701 4581 1836 4648 φωνὴ

234 4670 296 4719 τὸ
321 4669 539 4738 μήνυμα
570 4667 811 4736 σημαίνει
845 4679 858 4692 ⁸
912 4664 1095 4735 μηνύει
1138 4665 1239 4735 γὰρ
1293 4664 1323 4721 ἡ
1386 4662 1529 4736 ἀρχὴ
1559 4668 1651 4723 τὴν
1703 4669 1844 4737 περί-

234 4750 366 4809 οδον
392 4771 404 4784 '
432 4759 520 4806 καὶ
548 4760 700 4805 τοῦτο
722 4751 899 4812 αὐτοῖς
942 4750 1082 4803 ἐστιν
1134 4748 1418 4804 ἰνδικτιών.
1459 4751 1517 4805 Ἡ
1573 4750 1631 4804 δὲ
1672 4752 1844 4814 Ἑλλὰς

240 4844 549 4919 φερωνύμως
597 4843 748 4899 ἔθηκε
808 4844 903 4898 τὴν
972 4839 1294 4912 ἐπινέμησιν,
1353 4841 1428 4893 Οὐ
1507 4843 1608 4916 γὰρ
1659 4842 1733 4903 εἰς
1789 4841 1844 4893 ἀ,

239 4933 547 5006 παράὸατον
573 4934 663 4982 καὶ
698 4932 988 5004 ὡρισμένον
1037 4928 1201 5001 βάρος
1238 4933 1295 4983 τὸ
1352 4930 1569 4983 παλαιὸν
1623 4933 1672 4983 οὶ
1699 4935 1846 5004 φόροι

243 5024 355 5083 τοῖς
382 5022 634 5081 ὑπηκόοις
690 5018 977 5083 ἐτάττοντο,
1034 5016 1136 5069 ἀλλ’
1176 5021 1205 5077 ἡ
1241 5028 1340 5070 τῶν
1377 5029 1587 5095 καρπῶν
1649 5024 1846 5092 γένεσις

934 5105 1399 5179 ἐφιλανθρωπεύετο
1449 5126 1462 5139 ·
1513 5110 1848 5171 σπανίζουσα

245 5202 340 5274 μεν
364 5201 469 5273 γὰρ
502 5196 802 5272 ἠλάφρυνεν,
865 5195 1148 5255 εύθηνοῡσα
1197 5192 1256 5248 δε
1292 5197 1388 5249 οὐκ
1434 5196 1643 5273 ὶϐάρυνε

242 5117 341 5169 τὴν
398 5107 640 5170 σύνταξιν
682 5111 855 5168 αὐτοῖς

1706 5214 1719 5227 ·
1757 5204 1847 5253 καὶ

1927 468 2166 525 tertium
2206 470 2516 542 politicum
2557 479 2613 528 et
2651 473 2966 545 cyclicum.
3003 477 3250 532 Sacrum
3293 482 3400 544 est,
3442 494 3584 535 cum

1927 557 2287 629 Capricorno
2308 560 2397 616 sol
2412 562 2722 631 egrediens
2749 562 2864 620 diei
2889 564 3253 622 incrementa
3275 565 3431 623 facit.
3461 566 3583 623 Hoc

1923 648 2129 702 autem
2158 647 2522 707 adamussim
2554 649 2758 708 incidit
2796 652 2855 707 in
2893 653 3280 711 Decembrem
3312 672 3583 712 mensem

1923 734 2029 790 sed
2055 741 2252 793 tamen
2275 738 2356 803 id,
2387 739 2669 797 Romanis
2694 741 3007 813 praecipue,
3035 743 3278 800 nonnisi
3297 744 3582 801 Januario

1923 838 2126 880 mense
2155 826 2420 883 sentitur.
2462 828 2701 885 Initium
2737 846 2880 886 vero
2919 832 3180 902 patrium
3210 832 3581 906 appellatum

1920 912 1982 968 in
1996 928 2263 971 mensem
2282 915 2558 973 Martium
2581 917 2939 984 incurrebat,
2969 936 3091 993 quo
3124 926 3392 995 tempore
3413 938 3586 979 arma

1923 1017 2161 1058 movere
2200 1003 2387 1062 solent
2424 1006 2675 1063 Romani
2715 1015 2771 1064 et
2825 1009 2902 1065 ad
2943 1009 3166 1089 bellum
3210 1012 3439 1067 instrui.
3482 1012 3583 1068 Se-

1921 1092 2180 1162 ptembri
2212 1109 2416 1150 mense
2439 1096 2694 1168 denique
2724 1097 2948 1169 cyclico
2975 1099 3337 1172 politicoque
3372 1100 3583 1158 suﬂ‘ra-

1923 1179 2021 1250 gio
2047 1180 2121 1236 de
2142 1197 2261 1254 quo
2290 1187 2351 1239 tu
2372 1184 2636 1241 studiose
2652 1202 2849 1257 rogas,
2872 1188 3106 1244 initium
3127 1190 3271 1246 anni
3290 1194 3583 1248 statutum

1924 1268 2050 1324 fuit.
2082 1272 2145 1326 Et
2170 1287 2352 1343 quam
2393 1274 2641 1345 quidem
2687 1277 2890 1332 Graeca
2927 1292 3171 1349 quoque
3202 1278 3405 1348 lingua
3444 1283 3583 1333 ἐπινέ

1925 1377 2090 1423 μησεν
2110 1360 2414 1431 appellare
2444 1364 2632 1426 novit,
2663 1364 2911 1420 Romani
2939 1371 3141 1422 autem
3170 1366 3581 1434 indictionem,

1925 1446 2083 1502 hanc
2106 1447 2244 1503 olim
2267 1448 2738 1522 quinquennalis
2763 1453 2970 1525 cyclus
3008 1454 3322 1512 reducebat
3353 1473 3366 1510 :
3394 1456 3580 1530 idque

1928 1535 2094 1591 etiam
2107 1535 2355 1593 lustrum
2372 1541 2611 1611 proprio
2623 1541 2917 1598 vocabulo
2931 1543 3338 1620 appellabant.
3359 1546 3582 1602 Deinde

1927 1626 2071 1697 quia
2100 1627 2342 1683 Martem
2368 1628 2661 1693 colebant,
2689 1646 2869 1702 quem
2904 1632 2995 1687 sui
3025 1633 3256 1701 generis
3282 1639 3580 1691 auctorem

880 1742 892 1754 ·
941 1722 1050 1775 ἐπεὶ
1100 1731 1195 1774 τῶν
1227 1722 1456 1795 ἀστέρων
1505 1724 1657 1785 οὗτος
1710 1743 1821 1776 πεν·

1938 1714 2099 1770 aiunt
2130 1732 2144 1783 ;
2174 1719 2230 1771 et
2249 1716 2392 1788 quia
2417 1716 2530 1772 hoc
2553 1717 2720 1773 sidus
2742 1719 3086 1791 quindecim
3115 1722 3288 1778 annis
3305 1722 3587 1779 brevissi-

1932 1819 2099 1859 mum
2115 1820 2360 1860 cursum
2382 1805 2721 1872 absolvens,
2740 1824 2916 1863 suum
2945 1810 3175 1881 cyclum
3190 1811 3443 1883 perﬁcit,
3457 1812 3588 1883 pari

1929 1892 2238 1949 intervallo
2276 1897 2578 1968 ἐπινέμησιν
2618 1896 2740 1953 sive
2777 1897 3164 1955 indictionem
3205 1899 3334 1956 ﬁeri
3386 1900 3586 1958 decre-

1931 1985 2161 2037 verunt.
2208 1982 2638 2040 Vurumtamen
2669 1985 2826 2042 hanc
2865 2001 3132 2054 causam,
3178 1991 3242 2044 ut
3282 1988 3344 2045 in
3375 2005 3585 2047 eorum

1931 2070 2388 2141 antiquitatibus
2419 2071 2624 2140 fertur,
2657 2073 2993 2145 theologica
3022 2077 3374 2133 eorumdem
3406 2084 3586 2151 atque

1931 2174 2153 2216 arcana
2174 2161 2324 2216 ratio
2356 2159 2658 2218 describit.
2688 2165 2891 2236 Neque
2924 2164 3003 2220 ab
3028 2165 3143 2222 hac
3168 2166 3340 2223 valde
3356 2167 3589 2224 abludit

1933 2248 2223 2304 sententia
2250 2248 2350 2305 illa
2380 2265 2516 2322 quae
2561 2250 2645 2306 ait
2671 2252 3008 2323 Augustum
3038 2256 3449 2312 Romanorum
3478 2256 3588 2312 im-

1929 2341 2290 2410 peratorem,
2322 2354 2461 2394 cum
2491 2340 2823 2396 rescivisset
2851 2341 3332 2414 aequinoctialem
3366 2348 3589 2418 tempe-

1932 2430 2145 2482 statem
2164 2427 2520 2483 anonnullis
2548 2427 2607 2484 in
2631 2428 2973 2500 quindecim
3004 2437 3202 2503 partes
3231 2432 3591 2503 dividi,anni

1929 2531 2172 2589 quoque
2188 2516 2505 2588 periodum
2523 2516 2735 2573 eodem
2755 2534 3005 2576 numero
3024 2521 3427 2579 deﬁniendam
3456 2540 3591 2580 cen-

1931 2605 2145 2660 suisse.
2176 2605 2289 2661 Sed
2320 2605 2548 2662 civilior
2573 2611 2661 2661 est
2702 2609 2994 2665 sententia
3045 2627 3170 2667 rem
3198 2612 3589 2684 repetentium

1929 2694 2008 2749 ab
2046 2698 2310 2763 Augusto
2339 2694 2443 2766 qui
2472 2694 2715 2751 totidem
2746 2697 2918 2752 annis
2955 2698 3354 2771 principatum
3385 2701 3446 2756 in
3476 2718 3589 2774 pa-

1932 2782 2040 2838 tria
2062 2799 2199 2838 cum
2242 2784 2494 2839 Antonio
2537 2786 2803 2855 gesserit,
2838 2803 2975 2842 cum
3015 2804 3207 2861 eoque
3247 2789 3590 2861 reipublicaa

1930 2872 2164 2928 clavum
2216 2874 2483 2937 tenuerit,
2528 2878 2655 2929 tum
2699 2874 2987 2931 adversus
3040 2893 3177 2932 eum
3210 2880 3593 2935 dccertaverit

1933 2960 2427 3033 triumphumque
2472 2963 2754 3032 retulerit,
2792 2968 2973 3037 atque
3027 2968 3351 3038 [Egyptum
3386 2984 3591 3025 mense

966 3061 1131 3128 Αἵγυη
1142 3077 1224 3119 τος
1295 3057 1436 3127 αὐτῷ
1500 3054 1823 3132 δορυαλωτος

1938 3050 2262 3122 Septembri
2282 3051 2525 3106 ineunte
2544 3052 2727 3107 armis
2744 3052 3089 3111 obtinuerit.
3111 3056 3370 3126 Singulis
3386 3062 3588 3114 autem

1933 3141 2077 3194 anui
2101 3139 2280 3195 initiis
2313 3139 2637 3212 peculiaria
2690 3142 2978 3200 sacriﬁcia
3029 3145 3299 3218 ritusque
3350 3162 3593 3219 perage-

1933 3229 2101 3293 bant,
2125 3228 2366 3285 honoris
2399 3244 2542 3299 ergo
2575 3233 2633 3285 et
2662 3230 3015 3302 placationis
3047 3249 3255 3289 eorum
3289 3251 3444 3307 quos
3472 3236 3593 3308 ipsi

1936 3319 2232 3392 putabant
2255 3318 2402 3374 deos
2437 3340 2451 3374 :
2486 3320 2816 3390 prmsertim
2845 3336 2988 3378 vero
3020 3338 3225 3379 mense
3256 3325 3594 3395 Septembri

1937 3407 2345 3480 splendidiora
2384 3408 2511 3463 haec
2537 3424 2709 3465 sacra
2751 3414 2808 3465 et
2846 3410 3219 3469 accuratiora
3260 3413 3374 3469 diis
3415 3414 3592 3469 facie-

1936 3496 2110 3554 bant.
2644 3519 2649 3525 ·

2008 3591 2060 3641 2.
2082 3587 2217 3641 Jam
2239 3584 2339 3642 ubi
2370 3585 2559 3642 verbis
2592 3588 2791 3642 Romae
2819 3603 2978 3644 nova
3007 3599 3226 3646 sortem
3253 3592 3590 3664 occupavit,

1937 3690 2445 3745 communemque
2486 3676 2816 3748 potentiam
2873 3676 3107 3750 adepta,
3156 3681 3595 3751 superstitionis

1937 3780 2197 3820 errorem
2226 3765 2285 3820 in
2316 3766 2480 3836 piam
2513 3767 2751 3837 Deoque
2778 3765 3030 3836 dignam
3069 3766 3417 3839 religionem
3449 3786 3596 3826 con-

1938 3853 2106 3909 vertit
2136 3870 2150 3919 ;
2186 3858 2323 3909 tunc
2352 3852 2651 3909 diabolica
2681 3870 2923 3926 quoque
2954 3857 3240 3927 mysteria
3268 3874 3339 3913 ac
3371 3859 3594 3915 sacriﬁ-

1936 3941 2032 4000 cia
2055 3941 2272 3999 sanctis
2305 3941 2546 4014 Deoque
2574 3941 2771 4011 dignis
2794 3945 3162 4001 caaremoniis
3186 3949 3598 4006 commutavit.

1939 4032 2163 4088 Idcirco
2190 4032 2383 4102 prima
2415 4032 2774 4104 Septembris
2803 4032 2898 4088 die
2935 4032 3154 4091 litaniis
3189 4036 3441 4106 publicis
3471 4053 3599 4110 pre-

1941 4121 2230 4192 cibusque
2271 4119 2676 4192 piacularibus
2714 4122 2902 4178 Deum
2940 4123 3259 4196 propitiare
3290 4125 3547 4182 decrevit
3582 4144 3595 4181 :

1940 4210 2409 4284 pontiﬁcemque
2437 4209 2646 4265 adesse
2670 4210 2754 4266 rei
2774 4225 2981 4280 sacrm,
3015 4216 3191 4285 atque
3222 4228 3362 4270 eum
3391 4216 3601 4286 praeire

1945 4299 2046 4372 pia
2076 4306 2132 4354 et
2161 4297 2445 4354 salutaria
2471 4313 2722 4355 munera
2748 4313 2818 4354 ac
2857 4299 3170 4356 sacriﬁcia.
3205 4303 3381 4358 Porro
3413 4304 3601 4360 annui

1948 4387 2093 4461 cycli
2107 4387 2416 4460 appellatio
2435 4390 2694 4445 Romano
2708 4387 3002 4445 vocabulo
3016 4389 3304 4459 significat
3316 4392 3595 4449 indicium

1950 4482 2217 4550 Namque
2245 4477 2478 4533 initium
2518 4477 2708 4533 innuit
2739 4476 3054 4549 periodum
3088 4502 3100 4533 :
3136 4485 3315 4552 atque
3345 4480 3474 4536 hinc
3514 4487 3605 4539 est

1950 4569 2043 4626 ills
2092 4567 2328 4623 indicto.
2361 4566 2588 4623 Graecia
2633 4583 2876 4640 quoque
2931 4569 3174 4623 nomine
3206 4570 3289 4625 rei
3333 4585 3601 4643 congruo

1954 4658 2095 4714 dixit
2118 4660 2417 4730 ἐπινέμησιν
2469 4656 3013 4729 (distributionem).
3067 4660 3195 4715 Non
3243 4659 3402 4715 enim
3438 4660 3607 4732 apud

1954 4755 2177 4804 veteres
2196 4747 2429 4803 tributis
2458 4752 2584 4802 erat
2605 4746 2932 4817 praefinitus
2963 4750 3156 4802 certus
3188 4753 3366 4821 atque
3390 4750 3605 4805 immo-

1951 4836 2087 4895 bilis
2122 4838 2295 4894 limes
2328 4856 2340 4906 ;
2384 4835 2489 4892 sed
2520 4851 2628 4908 pro
2664 4834 2966 4891 fructuum
2996 4843 3281 4907 proventu
3311 4838 3609 4911 stipendia

1954 4927 2067 4983 illis
2112 4927 2430 4983 clementer
2467 4924 2965 4997 imperabantur:
3001 4925 3081 4981 ita
3128 4931 3191 4982 ut
3239 4926 3300 4981 in
3350 4944 3606 4985 annonae

1954 5017 2239 5072 charitate
2259 5016 2681 5084 minuerentur,
2699 5014 2757 5069 in
2775 5017 3039 5070 ubertate
3066 5029 3186 5070 non
3214 5022 3606 5088 augerentur:

1956 5121 2145 5181 quare
2184 5105 2308 5161 sine
2357 5104 2590 5161 tristitia
2616 5104 3013 5177 quaestoribus
3049 5104 3282 5175 justum
3324 5106 3610 5164 tributum

1957 5194 2447 5269 persolvebatur:
2482 5200 2537 5251 et
2583 5194 2830 5267 quidem
2883 5194 2979 5249 ubi
3010 5208 3165 5266 opus
3201 5200 3394 5253 esset:
3449 5196 3614 5256 nulla

1820 5325 2046 5380 NOTzE.

325 5421 437 5495 (t7)
469 5420 614 5495 Vide
655 5418 1077 5495 Kalendarium
1120 5416 1858 5495 _Constantin_opolitanum

253 5489 504 5553 ad‘diem
531 5493 789 5564 primam
805 5489 1186 5564 Septembris,
1209 5497 1265 5547 et
1292 5507 1425 5564 qum
1452 5489 1543 5547 ibi‘
1556 5492 1720 5549 docte
1742 5491 1859 5548 dis-

253 5572 423 5640 putat
443 5561 779 5636 Stephanus
799 5561 1148 5620 Morcellius.

438 5662 681 5721 PATROL.
725 5662 808 5719 GR
821 5704 835 5720 .
882 5659 971 5718 Cl.

2042 5421 2152 5492 (l8)
2189 5422 2264 5475 De
2302 5418 2415 5492 hac
2438 5416 2717 5492 universa
2760 5432 2822 5472 re
2852 5418 3054 5476 confer
3087 5421 3389 5478 Petavium
3417 5422 3611 5479 Doctr.

1969 5487 2142 5564 temp;
2171 5496 2301 5547 tom.
2332 5490 2397 5557 ll,
2427 5504 2483 5563 p.
2508 5487 2763 5545 366.368.

3302 5663 3370 5719 Ἡ
