3926 6190
574 267 681 323 739

3720 184 3737 209 ι

1814 259 2049 318 PHOTII
2090 261 2574 320 PATRIARCHE
2613 264 2724 320 CP.
3769 270 3844 326 740

574 392 730 447 enim
775 390 1031 447 instante
1077 388 1450 457 necessitate,
1498 388 1787 445 tributum
1826 404 2074 461 prorsus
2101 404 2222 445 non
2255 390 2299 442 A

2298 436 2299 441 η
2334 386 2580 463 διένειμεν
2643 390 2848 453 ἀλύπως
2919 400 3018 453 τοίς
3066 392 3511 467 φορολογουμένοις
3535 398 3588 445 τὸ
3614 393 3838 463 ἀνάλογον·

572 480 950 552 exigebatur;
967 478 1071 535 sed
1090 480 1189 534 uni
1210 478 1323 535 sibi
1340 480 1592 551 quisque
1611 478 2217 549 agricolalaborabat.

571 571 774 641 Itaque
791 568 1235 640 abimperando
1268 568 1571 638 sigillatim
1605 568 1860 623 subditis
1882 568 2102 623 tributo
2119 582 2222 623 na-

570 662 664 714 cta
701 662 788 713 est
824 673 1043 714 nomen
1084 662 1384 730 ἐπινέμησις
1425 658 1567 712 anni
1596 657 1899 729 periodus.
1942 658 2050 721 Qui
2079 672 2221 711 vero

568 761 605 801 a
628 746 876 802 victoria
892 746 970 802 ad
984 746 1213 802 Actium
1233 746 1615 801 indictionem
1629 744 2219 816 conﬁngunt,duram

568 834 775 889 auditu
804 840 861 890 et
887 835 1005 891 tide
1029 834 1286 890 alienam
1307 834 1582 891 vocabuli
1609 834 1899 905 originem
1922 834 1977 888 vi
2010 849 2218 905 procu-

566 922 734 979 dunt.
766 924 881 979 Sed
913 929 1107 979 tamen
1138 924 1283 988 hac,
1311 928 1487 994 prout
1514 924 1801 979 memoria
1822 922 1968 978 mihi
2002 938 2217 994 suppe-

565 1010 774 1067 ditavit
809 1013 886 1068 ad
918 1016 1085 1067 tuam
1115 1011 1644 1082 interrogationem
1679 1011 1839 1067 dicta
1873 1012 2006 1066 sint.
2045 1012 2216 1077 Quod

564 1101 611 1154 si
651 1107 711 1155 tu
740 1116 811 1156 ex
851 1105 952 1156 tuo
981 1100 1212 1156 diutino
1254 1101 1505 1157 historia
1553 1100 1747 1156 studio
1786 1100 2066 1157 haustum
2110 1102 2214 1156 ali-

561 1189 707 1260 quid
736 1190 881 1245 mihi
914 1190 1244 1261 protuleris,
1281 1191 1575 1263 dictisque
1608 1190 1759 1246 meis
1799 1189 2123 1259 addideris,
2155 1191 2214 1247 id

560 1278 705 1333 mihi
727 1278 1235 1348 jucundissimum
1260 1278 1381 1335 fore
1406 1280 1573 1335 scito.

559 1371 674 1439 περὶ
721 1372 813 1425 τὴν
862 1370 1092 1442 ἱστορίαν
1156 1368 1373 1440 βαθείας
1452 1370 1650 1441 σχολῆς
1704 1368 2112 1441 ἀνελκυσάμενος
2159 1366 2447 1435 ἐπιδείξεις,

562 1456 685 1527 ἡμῖν
710 1460 1060 1529 χαριέστατον
1087 1460 1255 1513 ἔσται.

559 1563 881 1628 ρυεεςτιο
951 1563 1192 1620 CXXXV.
1254 1566 1455 1636 [CoisL
1522 1564 1701 1621 CLVII
1758 1566 1938 1621 Taur.
2000 1565 2206 1638 CLVI.]

554 1670 765 1725 Nonne
788 1669 910 1725 haec
945 1672 1361 1753 conlradicant
1391 1672 1501 1753 sici
1540 1672 1785 1726 invicem
1817 1691 1827 1729 :
1862 1693 1888 1753 Δ‹‹
1918 1671 2135 1753 Siquis
2158 1679 2212 1753 te

626 1744 977 1809 percusserit
998 1743 1059 1797 in
1083 1743 1397 1798 maxillam
1417 1744 1709 1809 dextram,
1744 1751 1904 1799 verte
1925 1743 2023 1797 illi
2043 1750 2095 1797 et
2122 1745 2210 1799 al-

559 1817 742 1869 teram
780 1828 792 1878 ;
830 1832 857 1862 »
880 1819 970 1868 et:
999 1833 1026 1863 «
1053 1814 1119 1869 Si
1148 1818 1342 1870 autem
1394 1815 1547 1880 bene,
1599 1815 1745 1885 quid
1791 1830 1882 1871 me
1939 1816 2150 1870 cadis?
2181 1836 2207 1867 »

618 2007 891 2058 Editarum
918 2021 949 2058 a
968 2010 1166 2060 Wolfio
1196 2010 1401 2059 decima
1428 2012 1575 2058 sexta
1606 2010 1756 2066 (Cur.
1785 2007 1971 2057 Philol.
1998 2013 2033 2057 t.
2066 2008 2129 2064 V,
2159 2024 2191 2071 p

2201 2047 2211 2057 .
2244 2012 2467 2076 748-758.
2492 2011 2734 2060 Galland.
2763 2012 3007 2061 Biblioth.
3031 2017 3074 2067 t.
3106 2013 3231 2071 Xlll,
3258 2028 3291 2076 p

2330 485 2418 530 καὶ
2462 485 2575 531 τότε
2619 482 2699 532 ὅτε
2752 486 2912 552 χρεία
2960 480 3146 545 ἐκάλει,
3208 478 3430 553 μηδενὸς
3514 479 3567 533 δὲ
3618 488 3736 543 ὄντος
3778 494 3840 534 τοὺ

2330 567 2669 640 βιαζομένου,
2728 567 2838 622 οὐδ’
2870 571 2991 631 ὅλως
3049 573 3073 622 ό
3129 577 3278 644 φόρος
3330 571 3610 643 ἐπράττετο,
3658 572 3838 641 ἀλλ’

2327 676 2436 708 νετο
2466 655 2650 730 κέρδος
2700 660 2724 709 ὁ
2757 666 2907 720 πονος
2946 660 3057 721 ὅλος
3114 667 3219 720 τοῖς
3276 665 3639 733 γεωργήσας-ιν.
3685 660 3751 723 Ἐξ
3780 658 3837 710 οὖν

2326 754 2417 796 του
2467 743 2799 818 διανέμεσθαι
2851 755 2958 809 τοίς
3037 750 3287 809 ὑπηκόοις
3358 753 3446 806 τὴν
3502 751 3731 813 σύνταξιν,
3776 769 3836 803 τιν

2327 834 2617 906 ἐπωνυμίαν
2667 840 2821 908 ἔσχεν
2868 839 2896 895 ἡ
2954 846 3045 889 τοῦ
3096 841 3329 889 ἐνιαυτοῦ
3402 835 3627 909 περίοδος
3665 838 3835 908 ἐπινέμε-

2327 944 2429 985 σις.
2456 926 2520 975 Oi
2554 922 2601 977 δ’
2640 925 2739 977 ἀπὸ
2773 935 2867 987 τῆς
2912 932 3025 999 περὶ
3052 927 3261 979 ⁴Αιιτιον
3302 932 3448 987 νίκης
3494 932 3581 983 την
3613 924 3836 977 ἰνδικτιῷνα

2327 1014 2762 1085 συμπλάττοντες,
2811 1016 2882 1077 εἰς
2952 1020 3008 1068 τὸ
3051 1016 3410 1089 λυπηρότατον
3452 1035 3501 1067 τε
3547 1024 3602 1086 τῇ
3646 1016 3745 1085 ἀκοῇ
3779 1024 3835 1065 και

2284 1104 2533 1163 ’πειθοῦς
2582 1102 2818 1174 ἀπέσχον
2872 1102 3092 1157 δοκοῦσί
3142 1125 3231 1175 μοι
3278 1110 3368 1162 τὴν
3398 1104 3527 1166 λέξιν
3558 1102 3833 1163 ἐκϐιάζεσθαι,

2322 1191 2474 1243 Ἀλλά
2503 1196 2603 1267 γὰρ
2635 1202 2802 1244 ταῦτα
2858 1198 2946 1265 μεν
3001 1197 3137 1245 κατά
3190 1198 3246 1245 τό
3299 1199 3573 1267 πρόχειρον
3627 1201 3703 1253 τῆς
3754 1200 3837 1261 μη.

2324 1301 2426 1354 μης
2473 1288 2591 1353 περὶ
2626 1283 2692 1332 ὧν
2752 1284 3031 1356 ἠρώτησας
3088 1280 3319 1339 ἀπεδόθη
3387 1300 3400 1312 ·
3462 1283 3499 1334 εἰ
3552 1278 3662 1333 δέτι
3687 1288 3839 1341 καὶτῆς

2543 1377 2631 1423 καὶ
2701 1379 2811 1433 τοῖς
2871 1372 3151 1445 εἰρημένοις
3220 1374 3519 1445 προσθείης,
3602 1377 3677 1422 και
3734 1380 3837 1419 τούτο

2878 1574 3190 1621 ΕΡΩΤΗΣῘΣ
3220 1567 3379 1620 ΡΛΕ’.

2323 1680 2433 1732 Πῶς
2488 1671 2581 1724 οὐκ
2623 1676 2759 1725 ἔστιν
2842 1676 3063 1726 ἐναντίον
3105 1679 3162 1726 τό
3219 1675 3400 1744 λέγειν·
3469 1695 3491 1722 ‹‹
3555 1673 3654 1725 Ἐαν
3702 1676 3761 1731 τίς
3803 1688 3839 1720 σε

2390 1746 2589 1818 ῥαπὶση
2669 1745 2751 1797 ἐπὶ
2825 1752 2912 1803 την
2976 1744 3148 1809 δεξιὰν
3236 1743 3476 1818 σιαγόνα,
3542 1743 3729 1818 στρέψον
3780 1743 3839 1791 αὖα

2512 1822 2600 1867 καὶ
2635 1822 2719 1874 τὴν
2768 1818 2944 1875 ἄλλην.
2999 1840 3026 1871 ›)
3110 1849 3165 1859 —-
3221 1839 3249 1869 «
3308 1814 3366 1869 Ei
3416 1814 3473 1869 δὲ
3518 1814 3681 1881 καλῶς,
3729 1819 3765 1863 τί
3798 1831 3837 1881 με

2394 1884 2556 1959 δέρεις
2628 1911 2652 1935 ))

3298 2048 3310 2059 .
3337 2014 3555 2066 729-732,
3582 2026 3627 2065 n,
3647 2012 3771 2067 32)-
3788 2008 3835 2054 llr

1424 2072 1684 2135 antilogia
1718 2073 1854 2121 inter
1885 2075 2089 2121 textum
2112 2072 2304 2122 Matth.
2335 2088 2383 2121 ν.
2421 2076 2478 2121 39
2505 2077 2558 2121 et
2589 2076 2741 2123 Joan.
2770 2076 2945 2132 XVIII,
2968 2078 3046 2125 23.

624 2188 788 2244 Levis
828 2194 1178 2261 pacataque
1222 2188 1690 2246 conversationis
1739 2188 2199 2243 fundamentum

472 2352 475 2353 ν
545 2277 772 2349 jaciens
811 2278 1104 2347 Salvator,
1146 2280 1423 2351 pracepti
1474 2280 1664 2334 instar
1715 2278 1972 2333 inculcat
2014 2295 2026 2332 :
2075 2297 2101 2328 «
2144 2279 2199 2334 Si

456 2354 467 2361 ’
548 2368 683 2439 quis
707 2374 760 2423 te
789 2369 1229 2440 percusseritin
1259 2368 1564 2424 maxillam
1589 2368 1911 2431 dexteram,
1941 2374 2096 2421 verte
2120 2368 2197 2421 illi

550 2460 605 2509 et
633 2455 879 2510 alteram
939 2458 1012 2491 “'
1048 2473 1061 2521 ;
1094 2477 1121 2508 »
1156 2458 1283 2528 ipse
1318 2473 1472 2521 vero,
1501 2457 1578 2512 ab
1610 2456 1952 2512 hominibus
1987 2457 2199 2511 maxil-

546 2541 667 2597 lam
708 2543 954 2598 alteram
992 2560 1331 2616 percussus,
1374 2562 1482 2617 pro
1520 2562 1591 2600 eo
1616 2547 1776 2617 quod
1821 2545 2066 2600 alteram
2100 2546 2198 2600 illa

547 2638 813 2696 verteret,
838 2634 1150 2704 respondit
1178 2653 1189 2691 :
1225 2654 1247 2683 α
1271 2635 1420 2698 Quid
1450 2650 1547 2689 me
1574 2634 1753 2689 cadis
1777 2635 1823 2668 ⁴⁵
1850 2632 1917 2685 ?»
1948 2636 2031 2689 Ita
2055 2650 2195 2689 vero

546 2720 680 2791 egit,
723 2736 845 2777 non
898 2737 1041 2777 sane
1080 2722 1253 2794 quasi
1300 2723 1733 2778 inconsiderate
1782 2727 1837 2778 et
1888 2723 2078 2778 obiter
2116 2724 2195 2779 ita

545 2808 683 2865 olim
741 2810 1074 2882 cogitasset,
1140 2815 1197 2867 et
1255 2827 1416 2867 nunc
1468 2827 1647 2884 opere
1686 2812 1813 2882 ipso
1854 2827 2191 2867 sermonem

542 2915 720 2955 suum
758 2905 1058 2956 everteret.
1101 2903 1226 2957 Imo
1266 2917 1403 2957 vero
1442 2902 1556 2956 hoc
1595 2902 1725 2973 ipso
1759 2901 1915 2957 facto
1941 2902 2192 2957 verbum

540 2987 685 3043 illud
716 3006 895 3044 suum
926 2990 1124 3061 potius
1156 2990 1425 3045 astruxit.
1457 2990 1608 3045 Nam
1648 2991 1726 3045 ibi
1769 2991 2014 3061 quidem
2045 3008 2190 3063 pra-

538 3082 777 3149 ceptum
822 3078 951 3149 ejus
990 3083 1228 3135 mutuas
1270 3080 1519 3149 injurias
1567 3079 1860 3150 prohibet,
1903 3096 2008 3151 per
2038 3096 2190 3152 quas

538 3168 836 3223 contentio
856 3169 916 3223 in
939 3168 1231 3223 infinitum
1251 3168 1601 3239 producitur
1630 3184 1642 3222 :
1666 3168 1921 3241 ideoque
1945 3186 1977 3223 a
1995 3171 2189 3241 prima

2386 2196 2651 2253 Πολιτείας
2706 2194 2899 2265 ἡμέρου
2954 2198 3042 2244 καὶ
3094 2192 3457 2244 ἀστασιάστου
3498 2186 3706 2261 κρηπῖδα
3770 2206 3834 2240 πῑο

2309 2283 2432 2348 γνὺς
2464 2282 2488 2330 ό
2530 2286 2727 2354 Σωτὴρ,
2775 2303 2797 2331 α
2827 2281 2941 2332 Ἐάν
2986 2287 3060 2341 τίς
3106 2301 3160 2333 σε
3216 2283 3423 2354 ῥαπίση
3470 2280 3549 2332 ἐπὶ
3589 2286 3670 2336 τὴν
3712 2275 3832 2336 δεξιὰ)

2313 2373 2550 2440 σιαγόνα,
2586 2370 2803 2439 στρέψον
2830 2371 2969 2440 αὐτῷ
3021 2376 3109 2422 καὶ
3162 2376 3255 2427 την
3286 2371 3467 2434 ἄλλην,
3530 2393 3546 2417 ι
3580 2374 3661 2425 τὴν
3687 2365 3832 2417 brain

3204 2456 3262 2511 δὲ
3316 2460 3532 2530 πληγὰς,
3576 2462 3651 2516 τας
3778 2452 3831 2502 ἐν

2312 2548 2543 2619 θρωπων,
2592 2548 2673 2599 ἐπὶ
2718 2548 2907 2622 κόρρης
2966 2548 3132 2599 λαϐὼν
3182 2548 3296 2600 ἀντὶ
3355 2558 3447 2599 τον
3490 2546 3703 2620 στρέψαι,
3750 2549 3833 2591 «Tt

2308 2655 2369 2707 με
2399 2632 2603 2707 δέρειςς
2671 2660 2695 2685 ))
2739 2637 3017 2708 ἠμείψατο.
3067 2634 3352 2709 Οὐδαμῶς.
3406 2642 3469 2697 ως
3516 2636 3569 2687 ἂν
3598 2638 3660 2696 εἰς
3701 2638 3744 2684 τό
3769 2649 3829 2679 ειπ-

2308 2730 2605 2797 ερίσκεπτον
2666 2728 2777 2796 (19)
2839 2731 3175 2801 περιτραπείη
3235 2730 3294 2777 τὸ
3359 2731 3611 2798 περίεργον
3658 2731 3733 2773 τῶν
3777 2720 3831 2767 io-

2304 2823 2528 2883 γισμῶν,
2576 2823 2681 2875 τοῖς
2729 2819 2899 2889 ἔργοις
2926 2820 3009 2867 τόν
3054 2816 3201 2886 λόγον
3256 2817 3374 2883 (20}
3401 2812 3826 2887 καταστρεψάμεννς.

2304 2907 2491 2973 τρόπον
2559 2900 2618 2954 δέ
2670 2924 2785 2955 τινα
2836 2904 3024 2975 μᾶλλον
3078 2902 3171 2954 κάν
3219 2912 3279 2974 τῇ
3353 2907 3560 2973 τοιαύτη
3615 2900 3757 2973 πράξει
3794 2916 3828 2944 τε

2300 2990 2445 3061 ῥῆμα
2489 2990 2919 3063 βεϐαιωσάμενος.
2989 2991 3144 3044 Κάκεῖ
3225 2996 3317 3062 μὲν
3370 2995 3469 3063 γὰρ
3519 2994 3544 3047 η
3596 2993 3827 3059 παραίνεσις

2302 3083 2393 3135 τὴν
2451 3078 2727 3150 ἀμοιϐαίαν
2776 3086 3027 3153 τιμωρίαν
3079 3085 3429 3152 περιέκοπτεν,
3489 3076 3555 3131 δι’
3606 3080 3657 3137 ἧς
3698 3076 3753 3133 εἰς
3789 3078 3825 3121 τιὸ

2309 2461 2500 2515 ταύτην
2553 2459 2915 2523 ὑποϐάλλεται,
2972 2460 3035 2511 αὖ
3048 2466 3122 2519 τός

2299 3169 2507 3242 ἄπειρον
2548 3172 2577 3226 ἡ
2640 3173 2825 3231 στάσις
2883 3176 3216 3243 προέρχεται.
3271 3174 3360 3221 Διὸ
3413 3178 3500 3228 τῆς
3537 3174 3717 3239 πρώτης
3749 3180 3825 3212 π’

535 3271 795 3327 quoque,
838 3272 973 3328 qna
1004 3258 1128 3312 fieri
1151 3261 1401 3329 poterat,
1426 3257 1867 3313 retributionem
1890 3258 2187 3313 abstinere
2222 3257 2264 3314 C
2299 3275 2318 3307 ε

2299 3263 2674 3330 επιχειρήσεως
2738 3260 3046 3320 ἐξίστασθαι
3098 3256 3397 3320 διετάξατο,
3457 3257 3554 3311 Καὶ
3583 3264 3656 3306 νυν
3701 3249 3744 3303 δέ
3787 3270 3822 3298 τι

530 3343 717 3412 jubet.
754 3344 915 3399 Idem
934 3361 1071 3400 vero
1103 3346 1282 3402 etiam
1310 3361 1469 3401 nunc
1501 3344 1773 3401 faciebat.
1806 3346 2004 3417 Neque
2027 3348 2183 3402 enim

535 3430 739 3487 ultrice
795 3448 977 3488 manu
1032 3433 1284 3504 injuria,
1325 3452 1357 3488 a
1416 3435 1797 3505 percutientis
1850 3435 1948 3491 illa
1996 3436 2179 3504 facta,

534 3534 743 3590 panas
772 3522 1017 3592 repetiit,
1049 3523 1149 3577 sed
1178 3524 1238 3577 in
1266 3522 1346 3577 rei
1369 3523 1803 3592 indignitatem,
1834 3540 2030 3578 causa
2059 3541 2182 3580 sua

533 3609 958 3679 patrocinatus,
977 3611 1170 3666 verbis
1200 3616 1429 3667 tantum
1461 3612 1893 3679 animadvertit,

601 3700 850 3769 Propius
886 3715 1025 3755 vero
1061 3700 1181 3765 illa,
1222 3716 1355 3772 qua
1397 3701 1506 3756 sibi
1549 3701 1801 3757 invicem
1843 3718 2180 3774 repugnare

527 3792 833 3859 putantur,
865 3788 945 3844 ita
984 3788 1453 3845 concilabuntur.
1491 3790 1572 3845 lbi
1612 3791 1827 3846 scilicet
1876 3792 1986 3847 illis
2025 3797 2179 3849 vetat

525 3875 815 3945 resistere,
856 3878 958 3950 qui
993 3878 1055 3933 in
1093 3894 1308 3951 corpus
1348 3885 1403 3935 et
1458 3895 1546 3944 ea,
1585 3896 1718 3951 qua
1758 3882 1915 3937 circa
1953 3898 2173 3954 corpus

525 3972 683 4031 sunt,
724 3967 971 4039 injurios
1000 3984 1062 4024 se
1098 3972 1402 4040 prastant.
1436 3971 1537 4025 Hic
1577 3986 1714 4025 vero
1746 3971 1858 4025 nisi
1898 3971 2173 4028 crimina-

520 4056 764 4121 tionem,
809 4058 979 4129 quasi
1016 4064 1375 4130 perverteret
1428 4064 1483 4114 et
1522 4059 1833 4115 seduceret
1870 4060 2168 4131 homines,

517 4160 669 4217 quos
696 4145 823 4217 ipse
854 4146 1007 4203 male
1037 4147 1277 4203 habitus
1308 4152 1463 4204 recte
1495 4147 1755 4204 ducebat
1782 4155 1838 4205 et
1868 4152 2162 4217 servabat,

514 4235 608 4290 vel
636 4235 822 4291 verbis
844 4237 1079 4293 amoliri
1105 4238 1474 4293 instituisset:
1500 4238 1747 4310 quando
1774 4240 2167 4297 calumniato-

514 4340 603 4379 res
626 4324 708 4380 illi
731 4341 842 4382 sua
859 4326 1127 4398 colaphis
1154 4327 1391 4383 ﬁrmare
1416 4328 1723 4383 audebant
1752 4344 1763 4393 ;
1791 4329 1904 4383 illis
1928 4330 2162 4401 quidem

510 4413 761 4471 liberam
827 4416 1183 4473 criminandi
1241 4422 1592 4489 potestatem
1643 4417 1893 4487 fecisset,
1958 4424 2033 4485 et,
2101 4425 2164 4475 ut

508 4504 713 4574 pejora
752 4504 1054 4574 auderent,
1099 4511 1306 4562 auctor
1344 4507 1568 4573 fuisset,
1613 4523 1672 4563 se
1713 4508 1912 4579 ipsum
1954 4524 2093 4565 vero
2125 4526 2161 4566 a

2294 3347 2419 3397 αὐτό
2467 3344 2799 3418 διεπράξατο.
2856 3352 2929 3399 0'3
2956 3352 3056 3419 γὰρ
3106 3349 3307 3418 ἀμύνης
3365 3353 3507 3419 χειρὶ
3557 3351 3638 3401 τὴν
3658 3345 3821 3415 ﬁlim“

2296 3455 2389 3486 σαν
2437 3444 2531 3497 τῆς
2580 3436 2773 3509 ὕϐρεως
2821 3434 2973 3494 δίκην
3028 3437 3390 3509 εἰσεπράξατο,
3456 3434 3740 3501 δικαιολογία
3783 3424 3821 3475 δε

2290 3530 2417 3596 μόνη
2445 3527 2689 3599 ῥημάτων
2722 3530 2813 3583 τὴν
2842 3522 3053 3577 ἀδικίαν
3082 3523 3371 3596 διήλεγξεν.

2358 3703 2572 3775 πληχθείη
2631 3702 2678 3756 δ’
2731 3704 2788 3755 ἂν
2848 3705 3148 3776 οἰκειότερον
3200 3704 3273 3765 εἰς
3357 3708 3638 3775 συμφωνίαν
3677 3696 3816 3770 adiuv

2285 3798 2341 3845 τὸ
2388 3796 2629 3866 νομισθὲν
2682 3792 3132 3867 ἀντιφθέγγεσθαι,
3182 3796 3263 3845 ότι
3314 3793 3420 3845 ἐκεῖ
3475 3796 3559 3864 μεν
3608 3797 3697 3848 τοῖς
3728 3780 3815 3835 cici:-

2282 3892 2462 3936 κοῦσιν
2495 3884 2563 3944 εὶς
2592 3888 2647 3935 τὸ
2675 3892 2825 3955 σῶμα
2853 3888 2941 3935 καὶ
2981 3889 3097 3955 περὶ
3155 3891 3311 3953 σῶμα
3355 3889 3429 3952 μὴ
3482 3880 3583 3934 δεῖν
3606 3883 3813 3947 ἀπείρεκῖν

2280 3972 2707 4026 ἀντανίστασθαι.
2776 3971 3028 4024 Ἐνταῦθα
3094 3969 3153 4024 δὲ
3242 3971 3445 4033 πλάνης
3504 3973 3697 4043 γραφήν,
3748 3968 3809 4011 ui

2280 4059 2476 4133 βλάϐης
2509 4061 2807 4136 ἀνθρώπων,
2838 4060 2925 4123 οὓς
2976 4058 3175 4131 ὠδήγει
3207 4081 3261 4112 τε
3320 4067 3412 4113 καὶ
3469 4058 3681 4121 διέσωξι,
3722 4050 3810 4103 cits»

2276 4156 2501 4216 κόμενος,
2563 4152 2605 4204 εἰ
2657 4147 2794 4223 μηδὲ
2834 4152 3038 4225 ῥήμασι
3094 4147 3345 4207 διανέστη
3380 4150 3647 4207 λύσασθαι,
3677 4145 3701 4193 ἱ
3740 4159 3807 4189 κα·

2275 4241 2612 4300 τασκευάζειν
2688 4247 2795 4300 τοίς
2888 4240 3218 4313 ῥαπίσμασιν
3297 4243 3349 4291 οἱ
3454 4240 3811 4308 συκοφαντούντῆ

2274 4329 2695 4401 ἐμηχανήσαντο,
2758 4328 2976 4388 ἐκείνους
3014 4333 3102 4399 μὲν
3152 4329 3222 4389 εἰς
3268 4331 3456 4400 οἷ’ρεσιν
3516 4326 3697 4377 enim
3744 4324 3807 4366 τεῦ

2271 4418 2613 4491 ἐγκλήματος,
2675 4424 2761 4470 καὶ
2820 4422 2949 4492 πρὸς
2995 4420 3187 4493 θράσος
3238 4418 3432 4489 μᾶλλον
3485 4411 3708 4485 ἐπέτριϐεν
3746 4414 3809 4461 τῆς

2272 4507 2619 4573 ἀνοσιότητος,
2650 4507 2802 4559 αὐτόν
2834 4503 2893 4559 δὲ
2937 4516 3031 4567 τῆς
3074 4512 3427 4578 συκοφαντίας
3479 4510 3562 4556 καὶ
3611 4507 3686 4553 τοῦ
3721 4497 3808 4564 3'15"

507 4592 809 4649 calumnia
848 4592 946 4649 illa
984 4599 1038 4650 et
1076 4594 1411 4661 mendiciis,
1464 4612 1599 4667 qua
1638 4596 1820 4667 impie
1860 4597 1920 4652 in
1959 4598 2155 4669 ipsum
2192 4608 2237 4662 Ι)
2271 4595 2319 4651 δι

2298 4600 2415 4663 “aug,
2448 4598 2576 4671 οἷπερ
2640 4598 2799 4649 αὑτοῦ
2851 4592 3123 4658 δυσσεϐῶς
3181 4601 3457 4667 κατέχεον,
3520 4594 3605 4647 οὐκ
3654 4589 3702 4641 ἂν
3740 4602 3804 4639 τας

506 4682 882 4748 evomebant,
925 4698 1047 4740 non
1088 4684 1411 4741 liberasset.
1459 4684 1565 4740 Ubi
1604 4685 1782 4755 igitur
1847 4686 1998 4741 inter
2036 4687 2157 4743 hac

505 4786 702 4842 pugna
731 4777 835 4839 est,
863 4778 919 4828 et
944 4774 1242 4845 quomodo
1269 4774 1380 4830 sibi
1409 4775 1845 4831 contradictunt
1874 4793 1887 4829 :
1916 4776 2159 4832 caden-

502 4863 619 4915 tem
660 4866 712 4917 te
753 4878 825 4918 ne
863 4862 1121 4919 vicissim
1160 4864 1395 4930 cadas;
1439 4869 1512 4930 et,
1547 4864 1595 4919 si
1633 4864 1770 4936 quis
1809 4864 2010 4921 dicam
2050 4867 2152 4922 tibi

502 4948 865 5008 seductionis
904 4958 1007 5010 aut
1064 4954 1456 5028 improbitatis
1518 4954 1836 5027 scripserit,
1906 4961 2010 5013 aut
2075 4960 2151 5029 te,

574 5121 619 5156 “
651 5124 845 5180 Matth.
880 5143 935 5193 v,
958 5131 1045 5193 39;
1076 5130 1204 5186 Luc.
1255 5146 1335 5197 v1,
1363 5129 1451 5185 29.
1483 5130 1531 5165 ‘5
1557 5131 1725 5185 Joan.
1759 5144 1921 5185 xvm.
1952 5133 2040 5187 23.

2269 4688 2437 4749 αἰτίας
2491 4687 2757 4742 ἀπελύετο,
2824 4690 2930 4738 [Ιοῦ
3008 4694 3281 4759 τοιγαροῦν
3348 4685 3548 4737 ἐναντία
3599 4686 3797 4741 ταῦτα,ξ

3689 4770 3696 4774 .
3768 4757 3782 4774 η

2266 4777 2560 4850 μαχόμενα,
2614 4774 2710 4828 Τὸν
2754 4776 3053 4850 ῥαπίσαντα
3082 4780 3152 4846 μὴ
3216 4774 3609 4848 ἀντιρραπίσης,
3658 4770 3723 4819 τόν
3758 4770 3798 4809 θέ

2265 4870 2584 4940 γραφόμενόν
2613 4884 2668 4918 σε
2719 4864 2916 4925 πλάνης
2965 4866 2994 4924 ἦ
3050 4862 3366 4925 δυσσεϐείας
3417 4864 3445 4921 ἡ
3482 4866 3567 4920 τὴν
3598 4858 3801 4928 σωτηρίων

2266 4959 2603 5033 κηρύττοντα,
2661 4956 2725 5015 ὡς
2801 4954 3089 5028 εἰσηγητὴν
3178 4952 3461 5022 ἀπωλείας,
3534 4957 3687 5002 τοῦτον
3745 4946 3793 5013 με

2075 5308 2297 5368 NOTAE.

522 5462 523 5465 Ἴ
566 5485 653 5555 19)
686 5484 923 5560 Ξοιιυοῐή
947 5483 1195 5543 Colbert.
1227 5488 1324 5559 qui
1355 5488 1435 5543 ita
1475 5486 1653 5543 habet
1683 5503 1791 5560 pro
1822 5487 2242 5560 ἐῢπερίσκεπτον.

564 5540 675 5631 (‘26)
710 5540 798 5614 ita!
819 5540 1009 5613 scribo
1040 5574 1146 5631 pro
1164 5540 1263 5610 τώξ
1289 5540 1664 5631 πάιςῐιμᾱιῖόά
1684 5540 1783 5615 rest
1815 5561 1871 5615 in
1904 5540 2088 5614 libris.
