4116 6194
581 264 688 324 743

1843 256 2081 315 ΡΗΟΤΙΙ
2124 256 2606 314 ΡΑΤΒΙΑΗΟΗᾹΞ
2646 256 2752 315 CP.

3844 258 3935 314 744

584 396 641 446 et
686 388 868 459 hujus
892 386 1125 458 generis
1156 383 1270 440 alia
1298 401 1310 450 ;
1345 385 1393 439 si
1425 384 1685 457 denique
1716 384 1943 441 nullam
1971 384 2233 455 cuiquam

2348 380 2614 454 μηδεμίαν
2663 384 2820 442 λαϐὴν
2865 383 3197 457 ἐμπαρέχειν·
3252 390 3419 433 ταῦτα
3466 386 3553 434 καὶ
3594 385 3661 433 τὰ
3708 390 3935 445 τοιαῦτα,

585 475 1103 534 animadvertendi
1124 474 1182 529 in
1234 489 1295 529 se
1334 475 1712 530 occasionem
1764 473 2036 545 praebet;
2086 474 2234 540 haec,

584 568 859 639 inquam,
918 569 975 620 et
1014 564 1110 619 hic
1169 562 1404 629 similia,
1447 563 1645 618 invitis
1675 564 1851 619 etiam
1884 562 2075 627 nobis,
2109 562 2237 617 illu-

583 660 766 712 strem
841 659 897 710 et
969 652 1368 708 clarissimam
1426 652 1731 708 hominum
1813 652 2000 707 oculis
2044 650 2239 706 offun-

581 745 751 801 dunt.
780 744 942 800 ldem
964 744 1078 799 hoc
1100 742 1276 797 divus
1304 741 1542 805 Paulus,
1569 741 1876 798 Timotheo
1912 738 2238 796 saderdotii

580 834 739 906 leges
770 832 1098 897 inculcans,
1138 833 1217 887 ait
1249 848 1261 885 :
1298 849 1327 881 «
1362 833 1601 903 Oportet
1634 846 1770 886 vero
1802 829 1971 885 illum
2003 830 2230 885 bonum

583 922 985 981 testimonium
1005 921 1181 976 etiam
1201 920 1279 976 ab
1296 920 1549 976 externis
1571 919 1792 974 habere
1822 921 1890 971 ⁵ο.
1914 940 1937 969 ››
1960 919 2236 973 Vitiorum

584 1027 760 1083 porro
790 1010 934 1081 fuga
963 1008 1160 1074 efﬁcit,
1216 1013 1275 1065 ut
1320 1008 1540 1063 Judaais
1567 1012 1624 1063 et
1671 1007 2005 1077 gentilibus,
2047 1013 2104 1061 et
2132 1008 2237 1062 toti

582 1098 853 1156 Ecclesiae
881 1098 1092 1154 Christi
1117 1113 1235 1153 non
1263 1098 1374 1153 sint
1405 1096 1763 1153 offendiculo
1783 1098 1851 1152 5'.
1881 1118 1904 1147 ››
1934 1096 2233 1167 Jejunium

581 1205 740 1254 vero,
788 1193 845 1244 et
874 1203 1211 1259 pauperum
1252 1188 1573 1251 miseratio,
1603 1187 2013 1258 lacrymzeque
2039 1184 2238 1241 oculo-

580 1296 716 1336 rum
748 1282 802 1333 et
828 1277 1053 1332 intenta
1089 1276 1349 1347 precatio
1392 1276 1547 1331 clam
1575 1277 1700 1331 ﬁeri
1735 1280 1944 1331 amant
1975 1290 1989 1339 ;
2024 1274 2235 1329 eadem

581 1384 722 1424 vero
747 1367 949 1423 itidem
970 1366 1177 1436 fugam
1191 1365 1467 1420 vitiorum
1493 1365 1582 1419 sui
1604 1365 1830 1421 habent
1854 1365 2236 1435 interpretem

582 1459 768 1515 altum
795 1455 1169 1519 clamantem,
1203 1459 1258 1509 et
1280 1470 1613 1525 praeconem
1636 1454 1942 1519 illustrem,
1967 1452 2238 1523 quando-

582 1547 828 1621 quidem
878 1545 978 1599 illa
1008 1543 1326 1599 hominum
1357 1542 1561 1598 oculos
1591 1543 1845 1614 primum
1878 1542 2236 1614 perstrigens

582 1635 830 1694 occultae
870 1633 1049 1689 etiam
1088 1631 1318 1686 virtutis
1376 1631 1753 1701 splendorem
1801 1646 2004 1686 secum
2063 1629 2232 1696 ferre,

582 1730 638 1783 et
668 1722 858 1779 oculis
885 1724 1151 1791 ingerere
1178 1720 1503 1776 consuevit.

655 1814 800 1869 Suut
838 1826 978 1865 vero
1032 1809 1199 1864 etiam
1239 1813 1377 1863 sunt
1430 1808 1676 1863 virtutes
1703 1808 2030 1874 nonnullae,
2084 1824 2237 1879 quas

583 1903 642 1958 in
674 1900 942 1956 medium
980 1898 1246 1971 proferre
1293 1896 1552 1953 maxime
1609 1914 1751 1953 vero
1791 1898 1940 1962 illos,
1974 1898 2076 1969 qui
2108 1897 2238 1952 aliis

583 1990 841 2064 praefecti
875 1994 1033 2053 sunt,
1058 1993 1309 2059 oportet.
1335 1986 1632 2041 Justitiam
1664 1992 1826 2057 puto,
1858 1992 1911 2042 et
1938 1986 2233 2059 pietatem,

583 2094 912 2150 earumque
965 2076 1285 2140 vindicem,
1350 2075 1732 2140 fortudinem,
1803 2076 2069 2147 aliasque
2130 2075 2240 2130 illis

585 2170 814 2225 afﬁnes.
859 2169 1178 2238 Propterea
1217 2180 1326 2219 nec
1366 2164 1493 2219 illas
1534 2167 1808 2221 Servator
1866 2166 1924 2219 in
1984 2166 2240 2220 obscuro

579 2256 1001 2327 haberijubet,
1044 2255 1144 2309 sed
1178 2253 1475 2323 jejunium
1517 2254 1733 2324 potius,
1777 2252 2239 2324 eleemosynam,

582 2348 797 2418 hisque
828 2344 1070 2399 similes.
1102 2344 1164 2396 In
1198 2341 1477 2396 omnibus
1504 2347 1703 2397 tamen
1734 2342 1900 2405 illud,
1951 2341 2114 2413 quod
2165 2340 2242 2396 ad

582 2434 1038 2491 ostentationem
1092 2436 1149 2487 et
1206 2446 1377 2487 vanae
1426 2430 1630 2500 gloriae
1676 2431 1937 2486 studium
1988 2437 2238 2501 spectat,

583 2522 790 2595 procul
822 2536 957 2576 esse
986 2518 1127 2585 vult,
1177 2522 1355 2590 atque
1411 2519 1471 2572 id
1526 2519 1770 2590 quidem
1810 2536 1908 2591 per
1954 2520 2242 2575 occultum

584 2609 749 2677 illud,
794 2615 849 2665 ct
878 2611 1246 2680 praeceptum
1281 2624 1293 2660 :
1329 2628 1357 2656 «
1404 2610 1482 2663 Ne
1522 2608 1669 2663 sciat
1718 2608 1960 2663 dextera
2006 2614 2105 2663 tua
2147 2624 2238 2673 ea,

583 2716 713 2772 quae
745 2702 883 2753 sunt
935 2696 1204 2761 sinistrae,
1243 2719 1270 2745 ››
1329 2696 1572 2751 indicat.
1624 2696 1732 2761 Qui
1792 2712 1933 2753 vero
1980 2702 2241 2752 mentem

584 2805 792 2861 puram
826 2792 882 2844 et
906 2786 1121 2842 affectu
1152 2785 1521 2857 superiorem
1551 2785 1752 2850 habet,
1812 2787 1935 2841 sive
1967 2786 2016 2840 is
2054 2786 2235 2850 domi,

583 2878 707 2933 sive
730 2878 789 2932 in
823 2874 1091 2938 ecclesia,
1124 2874 1242 2929 sive
1272 2875 1329 2928 in
1360 2873 1559 2929 media
1589 2873 1734 2930 urbe
1790 2874 2008 2930 bonum
2043 2875 2238 2939 faciat,

583 2969 938 3040 praeceptum
970 2964 1198 3019 Domini
1230 2963 1607 3018 curatissime
1630 2964 1929 3019 observat.
1958 2964 2053 3020 llle
2080 2965 2238 3019 enim

2348 478 2436 524 xui
2495 470 2760 545 μηδαμῶς
2808 473 3133 545 βουλομένων
3192 474 3336 543 ἡμῶν
3384 470 3619 544 λαμπρόν
3695 470 3937 544 ἀναστρά-

2347 582 2464 614 πτει
2494 568 2582 614 καὶ
2628 566 2762 634 μέγα
2793 572 2892 633 φῶς
2922 571 3031 623 τοῖς
3067 561 3374 635 ἀνθρώποις.
3426 568 3591 613 Τοῦτο
3625 566 3714 611 xui
3759 563 3782 611 ό
3816 564 3937 621 θεῖος

2351 652 2565 716 Παῦλος,
2625 655 2841 723 θεσμοὺς
2918 660 3007 713 τῆς
3076 654 3356 725 ἱερωσύνης
3415 653 3728 724 ὑπογράφων
3793 658 3936 721 Τιμο-

2352 744 2466 813 θέῳ,
2524 742 2675 810 λέγει·
2736 763 2763 793 ι(
2819 749 2901 793 Δεῖ
2957 739 3015 794 δὲ
3070 742 3224 792 αὐτόν
3295 745 3385 791 καὶ
3438 746 3730 813 μαρτυρίαν
3789 740 3935 797 καλὴν

2349 833 2486 902 ἔχειν
2543 830 2597 881 ἐκ
2649 840 2747 882 τῶν
2800 832 3002 893 ἔξωθεν.
3052 852 3079 879 ››
3134 830 3288 883 Ἀλλα
3331 834 3418 880 καὶ
3464 833 3520 880 τό
3580 828 3935 900 ἀπρόσκοπονς

2345 921 2585 990 γενέσθαι
2630 916 2909 979 Ἰουδαίοις
2954 939 3006 971 τε
3056 924 3144 970 καὶ
3189 918 3428 981 Ἐλλησι,
3481 924 3571 969 xui
3619 926 3681 989 τῇ
3732 918 3934 974 Ἐκκλη-

2350 1013 2439 1079 σία
2482 1011 2623 1080 πάσῃ
2673 1016 2762 1060 τοῦ
2807 1016 3056 1082 Χριστοῦ,
3112 1010 3140 1065 ἡ
3188 1015 3283 1067 τῆς
3331 1013 3510 1066 κακίας
3545 1012 3827 1064 συνίστησι
3855 1014 3931 1059 καὶ

2346 1098 2728 1158 κατασκευάζει
2777 1103 2937 1169 φυγή.
2969 1102 3206 1154 Νηστεία
3237 1093 3315 1165 δὲ,
3357 1102 3445 1147 καὶ
3493 1101 3723 1153 πενήτων
3756 1093 3931 1158 οἶκτος,

2345 1192 2433 1239 καὶ
2483 1183 2711 1259 δάκρυον
2753 1186 2804 1249 ἐξ
2850 1187 3113 1258 ὀμμάτων,
3146 1191 3235 1238 καὶ
3280 1194 3587 1260 προσευχῆς
3634 1190 3779 1247 τόνος
3812 1186 3935 1258 φιλεῖ

2345 1278 2433 1347 μὲν
2465 1284 2558 1338 τῆς
2609 1276 2854 1347 ἐργασίας
2894 1280 2949 1326 τὸ
2998 1279 3234 1348 κρύφιον,
3287 1273 3436 1327 οὐδὲν
3490 1272 3547 1327 δὲ
3587 1276 3741 1333 ἧττον
3789 1296 3939 1347 μηννς

2346 1370 2439 1422 τὴν
2499 1365 2855 1437 μεγαλόφωνον
2906 1370 2994 1416 καὶ
3046 1370 3254 1437 κήρυκα
3324 1363 3642 1439 διαπρύσιον
3710 1370 3802 1422 τὴν
3859 1373 3941 1423 τῆς

2345 1460 2533 1517 κακίας
2574 1458 2687 1525 ἔχει
2749 1458 2937 1525 φυγὴν,
2999 1456 3108 1515 ἣτις
3168 1462 3272 1513 τοῖς
3324 1453 3612 1527 ἀνθρώποις
3656 1453 3943 1526 προεκλάμ-

2344 1542 2496 1614 ψασα
2537 1542 2931 1615 συνεφελκεσθαί
2971 1563 3073 1602 πως
3102 1548 3192 1594 καὶ
3232 1539 3643 1615 συνδιαλάμπειν
3677 1542 3824 1614 φιλεῖ,
3860 1547 3943 1594 καὶ

2346 1641 2435 1692 τῆς
2465 1636 2685 1705 κρυφίου
2726 1631 2913 1704 ἀρετῆς
2951 1636 3044 1689 τὴν
3076 1638 3444 1707 μαρμαρυγην.

2421 1811 2537 1863 Εἰσὶ
2592 1807 2641 1863 δ’
2688 1807 2796 1876 οὖν,
2848 1809 2951 1862 εἰσί
3002 1829 3131 1870 τινες
3191 1808 3388 1881 ἀρεταὶ,
3440 1809 3501 1870 οἷς
3557 1810 3629 1871 εἰς
3684 1813 3743 1861 τό
3789 1815 3943 1881 μέσον

2348 1901 2483 1961 εἰκὸς
2540 1902 2783 1971 πράττειν
2858 1904 2947 1950 καὶ
3028 1899 3260 1971 μάλιστα
3332 1903 3447 1959 τοὺς
3532 1908 3942 1973 προεστηκότας.

2350 1987 2680 2054 δικαιοσύνη,
2733 1994 2884 2060 φημὶ,
2917 1992 3005 2039 καὶ
3033 1987 3283 2054 εὐσέϐεια,
3317 1994 3405 2039 καὶ
3445 1991 3474 2045 ἡ
3510 1991 3705 2049 ταύτης
3736 1994 3944 2062 πρόμα-

2348 2099 2449 2150 χος
2490 2075 2722 2150 ἀνδρεία,
2760 2083 2847 2129 καὶ
2888 2080 3009 2128 ὅσαι
3042 2080 3320 2151 συνέριθοι.
3368 2083 3550 2149 Διόπερ
3600 2074 3724 2129 οὐδὲ
3760 2082 3946 2137 ταύτας

2351 2168 2375 2219 ό
2458 2173 2632 2240 Σωτὴρ
2710 2175 2781 2235 τῷ
2856 2167 3158 2217 λανθάνοντι
3240 2168 3655 2238 περιγράφεσθαι
3738 2167 3947 2229 κελεύει,

2349 2263 2588 2315 νηστείαν
2634 2252 2811 2307 δὲκαὶ
2850 2254 3216 2326 ἐλεημοσύνην,
3267 2261 3354 2307 xui
3402 2259 3444 2307 εἴ
3488 2276 3535 2305 τι
3578 2255 3774 2328 ὅμοιον.
3812 2256 3949 2313 Ιιλήν

2352 2346 2433 2399 ἐπὶ
2464 2354 2645 2397 πασῶν
2697 2365 2755 2415 γε
2803 2348 2859 2396 τό
2905 2348 3030 2419 πρὸς
3066 2341 3317 2406 ἐπίδειξίν
3356 2365 3409 2396 τε
3461 2348 3637 2396 καὶτὸ
3679 2342 3949 2408 κενόδοξον

2352 2437 2589 2509 ἐξορίζει,
2641 2439 2729 2485 καὶ
2778 2441 2926 2485 τοῦτο
2975 2434 3113 2502 αύτῴ
3160 2437 3215 2484 τὸ
3256 2437 3469 2507 κρύφιον
3520 2434 3631 2495 (32)
3683 2433 3951 2503 βούλεται,

2351 2530 2439 2575 καὶ
2487 2528 2544 2574 τὸ
2592 2528 2662 2594 μὴ
2705 2531 2892 2593 γνῶναι
2939 2527 3032 2579 τὴν
3084 2519 3255 2584 δεξιὰν
3303 2525 3365 2574 τὰ
3410 2531 3503 2583 τῆς
3557 2522 3851 2595 ἀριστερᾶς.
3899 2525 3954 2575 Ὀ

2353 2610 2411 2665 δὲ
2457 2614 2848 2685 καθαρεύουσαν
2880 2616 2967 2669 τὴν
3011 2618 3220 2683 γνώμην
3261 2615 3397 2682 ἔχων
3435 2617 3524 2663 καὶ
3577 2614 3833 2684 ἀνωτέραν
3868 2622 3955 2665 τοῦ

2351 2704 2564 2765 πάθους,
2619 2703 2678 2753 ἄν
2727 2721 2779 2752 τε
2823 2701 2873 2752 ἐν
2914 2701 3075 2772 οἰκίᾳ,
3108 2702 3168 2751 οἷν
3216 2720 3269 2752 τε
3319 2700 3365 2752 ἐν
3396 2701 3671 2771 ἐκκλησίᾳ,
3704 2703 3766 2752 οἷν
3800 2722 3854 2753 τε
3911 2706 3957 2753 ἐν

2352 2793 2480 2863 αὐτῇ
2532 2795 2666 2863 μέση
2708 2791 2847 2842 πόλει
2888 2792 3088 2864 πράττη
3147 2794 3203 2841 τό
3260 2791 3436 2858 καλὸν,
3486 2798 3576 2851 τῆς
3633 2798 3957 2851 Δεσποτικῆς

2352 2879 2490 2931 ἐστιν
2548 2878 2746 2939 ἐντολῆς
2813 2878 3178 2951 ἀκριϐέστατος
3236 2879 3419 2949 φύλαξ’
3472 2879 3635 2938 Αὐτός
3713 2900 3766 2931 τε
3849 2885 3953 2954 γὰρ

2351 2969 2407 3019 ού
2452 2971 2579 3042 πρὸς
2628 2965 2876 3031 ἐπιδειξιν
2923 2965 3046 3021 ούδὲ
3094 2976 3242 3029 κενῆς
3299 2965 3455 3030 δόξης
3529 2967 3789 3041 προϐολὴν
3861 2976 3954 3025 τήν

580 3071 703 3112 non
740 3055 816 3110 ad
846 3052 1321 3118 ostentationem,
1353 3068 1550 3124 neque
1567 3068 1674 3124 per
1702 3068 1875 3108 vanaa
1907 3053 2107 3124 gloriae
2137 3069 2233 3109 au-

2348 3057 2532 3129 πρᾶξιν
2574 3065 2818 3122 ποιεῖται,
2872 3063 2961 3109 καὶ
3013 3066 3083 3127 τῷ
3132 3060 3259 3129 ἔργῳ
3303 3061 3417 3116 τοὺς
3464 3058 3687 3128 ὁρῶντας
3733 3058 3805 3118 εἰς
3858 3063 3953 3115 τήν

582 3145 826 3216 cupium
858 3158 969 3199 sua
999 3141 1141 3212 agit,
1180 3142 1278 3196 sed
1307 3157 1485 3213 opere
1525 3157 1633 3197 suo
1665 3146 1996 3213 spectantes
2025 3142 2237 3214 quovis

581 3233 657 3289 ad
702 3232 942 3288 laudem
992 3231 1175 3285 Patris
1223 3231 1529 3286 convertit.
1591 3232 1885 3295 Quoniam
1928 3248 2068 3287 vero
2117 3248 2236 3287 non

584 3321 801 3375 multos
831 3319 976 3375 tales
992 3318 1260 3375 videmus
1280 3319 1564 3390 (praeclari
1597 3320 1752 3374 enim
1767 3321 1958 3391 operis
1989 3320 2237 3376 altitudo

584 3414 842 3464 mentem
871 3423 1079 3463 secum
1113 3407 1325 3472 evehit,
1364 3424 1707 3479 vauemque
1739 3409 1943 3477 gloriae
1972 3409 2233 3464 studium

582 3512 764 3569 grave
838 3496 1023 3551 telum
1072 3496 1346 3565 demittit,
1397 3501 1724 3568 pectusque
1799 3498 1975 3551 etiam
2049 3496 2235 3568 probe

582 3585 880 3640 munitum
904 3583 1190 3654 laederejet
1213 3583 1289 3639 ad
1312 3583 1592 3639 inferiora
1618 3583 1980 3655 praacipitare
1999 3587 2233 3657 potest),

578 3673 767 3730 multo
799 3672 980 3728 tutius
1020 3677 1126 3740 est,
1175 3671 1223 3725 si
1253 3671 1415 3728 bona
1446 3677 1624 3744 atque
1673 3688 1744 3728 ea
1802 3674 1860 3728 in
1892 3674 2120 3745 primis,
2162 3675 2235 3730 de

577 3762 796 3834 quibus
827 3761 1107 3824 diximus,
1158 3760 1215 3814 in
1243 3759 1476 3815 occulto
1504 3766 1878 3831 praestentur.
1940 3763 2045 3827 Qui
2094 3780 2235 3819 vero

579 3856 743 3907 extra
799 3865 1043 3905 omnem
1086 3848 1185 3904 teli
1227 3850 1408 3920 hujus
1435 3850 1663 3920 jactum
1716 3851 1887 3921 positi
1931 3857 2086 3915 sunt,
2122 3852 2235 3908 illis

578 3942 854 3996 virtutem
876 3939 1054 3995 etiam
1081 3938 1141 3994 in
1168 3940 1369 4011 aprico
1397 3945 1452 3994 et
1482 3939 1682 4011 palam
1711 3942 2037 3997 consectari
2078 3943 2231 4000 licet.

576 4032 659 4085 lta
685 4028 955 4085 Salvator
983 4043 1226 4100 quoque
1255 4032 1459 4084 noster
1484 4043 1924 4101 nonnunquam
1949 4031 2233 4087 miracula

576 4134 688 4175 sua
708 4118 858 4173 inter
870 4118 1102 4173 medios
1118 4117 1401 4172 homines
1431 4124 1487 4172 et
1506 4116 1566 4172 in
1587 4119 1902 4189 synagogis
1918 4121 2193 4191 patrabat
2216 4140 2227 4189 ;

574 4222 1018 4279 nonnunquam
1059 4220 1202 4262 vero
1234 4206 1332 4262 illa
1369 4206 1662 4278 publicari
1708 4224 1828 4263 non
1870 4209 2223 4280 patiebatur.

574 4298 838 4354 Alterum
855 4296 1099 4369 quidem
1115 4311 1322 4351 eorum
1340 4296 1614 4362 faciebat,
1635 4297 1818 4370 quod,
1841 4299 1989 4353 sicut
2007 4300 2229 4355 affecti-

2348 3154 2438 3197 τού
2490 3149 2690 3220 Πατρός
2770 3144 2929 3208 δόξαν
3006 3146 3317 3219 ἐπιστρέφει.
3404 3146 3539 3203 Πλὴν
3612 3144 3819 3220 ἐπείπερ
3892 3148 3951 3198 ού

2348 3235 2557 3295 πολλοὺς
2611 3237 2803 3307 ὁρῶμεν
2860 3236 2962 3295 (ὅτι
3004 3234 3291 3305 συνανυψοῖ
3343 3235 3506 3304 ἐαυτῷ
3566 3238 3621 3285 τό
3680 3235 3810 3305 ὕψος
3861 3245 3952 3287 τοῦ

2347 3326 2779 3398 κατορθώματοςε
2827 3321 3052 3395 σφοδρὸν
3099 3327 3199 3396 γὰρ
3250 3322 3435 3395 ἀφίησι
3484 3326 3714 3375 κάτωθεν
3752 3326 3783 3381 ὴ
3828 3329 3947 3379 κενή

2349 3410 2479 3475 δόξα
2508 3417 2564 3464 τὸ
2607 3411 2773 3484 βέλος,
2806 3418 2895 3463 καὶ
2944 3409 3140 3469 δυνατὴ
3175 3412 3285 3482 (33)
3318 3413 3564 3472 πολλάκις
3610 3419 3699 3464 καὶ
3734 3414 3951 3486 στερρόν

2348 3500 2472 3563 ἦθος
2512 3499 2770 3571 διελάσαι,
2813 3507 2901 3553 καὶ
2941 3505 3070 3575 πρὸς
3109 3504 3174 3552 τὰ
3215 3504 3354 3552 κάτω
3395 3501 3744 3574 περιτρέψαι),
3784 3502 3955 3573 uapu-

2345 3590 2560 3665 λεστέρα
2605 3591 2771 3661 πολλῶ
2826 3593 2853 3649 ἡ
2914 3594 2962 3642 ἐν
3021 3600 3091 3659 τῷ
3136 3599 3368 3663 κρυπτῷ,
3414 3597 3503 3643 xui
3558 3591 3796 3661 μάλιστα
3852 3600 3953 3643 τῶν

2347 3681 2686 3752 εἰσαγομένων
2744 3681 3036 3753 εὑρίσκεται
3096 3678 3333 3752 ἐργασία.
3390 3687 3505 3740 Τοῖς
3564 3677 3615 3730 δ’
3672 3680 3770 3742 ἔξω
3821 3701 3955 3731 παν-

2345 3770 2518 3831 τελοῦς
2572 3768 2751 3840 βέλους
2801 3773 3067 3839 γεγονόσιν
3122 3766 3379 3829 ἀκώλυτος
3434 3771 3462 3826 η
3516 3768 3563 3819 ἐν
3613 3779 3821 3842 φανερῷ
3860 3776 3951 3821 xui

2347 3855 2585 3930 δημοσία
2635 3862 2981 3929 πραττομένη.
3039 3856 3178 3909 Ἐπεὶ
3227 3862 3315 3908 καὶ
3366 3859 3392 3909 ό
3448 3862 3623 3931 Σωτὴρ
3678 3863 3808 3910 ποτε
3859 3862 3951 3930 μὲν

2345 3947 2411 4007 εἰς
2463 3952 2656 4018 μέσους
2706 3951 2795 3998 καὶ
2851 3946 2898 3997 ἐν
2960 3953 3073 4007 ταῖς
3160 3954 3487 4017 συναγωγαῖς
3568 3950 3633 3997 τὰ
3695 3950 3950 4018 θαύματα

2343 4034 2578 4099 ἐπετέλει,
2622 4036 2730 4087 ἔσθ’
2779 4037 2859 4087 ὅτε
2910 4032 2967 4087 δὲ
3021 4036 3112 4085 οὐκ
3163 4038 3242 4086 ε’ία
3291 4032 3708 4107 δημοσιεύεσθαι
3750 4045 3944 4088 ταῦτα.

2340 4128 2408 4176 Τό
2440 4128 2544 4196 μεν,
2597 4127 2675 4176 ὅτι
2721 4126 2953 4198 καθάπερ
2983 4129 3072 4175 καὶ
3116 4132 3219 4183 τοῖς
3263 4124 3429 4184 οἰλλοις
3473 4127 3692 4176 πάθεσιν
3743 4125 3948 4199 ἀπροσ-

2338 4214 2587 4275 πέλαστος
2636 4214 2758 4274 ὅλως
2806 4210 2884 4284 ἦν,
2936 4213 3069 4265 οὕτω
3110 4217 3200 4264 καὶ
3254 4217 3347 4271 τὴν
3393 4211 3692 4276 κενοδοξίαν
3736 4214 3952 4287 ἀπρόσ-

2340 4323 2443 4355 ιτον
2496 4310 2757 4374 κατεῖχεν·
2800 4307 2857 4354 τὸ
2908 4299 2984 4367 δὲ,
3036 4306 3227 4354 κανόνα
3272 4308 3360 4355 xui
3403 4310 3642 4375 γνώμονα
3690 4310 3951 4378 παρέχων

573 4387 684 4442 bus
724 4386 853 4443 aliis
882 4384 1164 4441 omnibus
1192 4401 1437 4457 prorsus
1469 4401 1590 4441 non
1639 4392 1758 4442 erat
1796 4387 2113 4453 obnoxius,
2148 4390 2226 4447 ita

2345 4395 2480 4464 ἡμῖν,
2526 4396 2726 4465 φεύγειν
2779 4412 2832 4444 τε
2884 4396 2975 4453 τὰς
3033 4388 3328 4456 ἐπιδείξεις,
3371 4397 3459 4444 xui
3515 4397 3632 4452 τοὺς
3683 4395 3951 4452 πεπλανη-

572 4491 683 4531 nec
712 4473 1090 4531 ostentationi
1119 4474 1382 4546 patebat.
1412 4475 1663 4531 Alterum
1700 4492 1857 4543 vero,
1883 4478 2222 4547 utregulam

572 4570 628 4620 et
657 4564 999 4635 exemplum
1022 4562 1515 4635 nobispraeberet,
1546 4565 1624 4621 ad
1654 4565 1997 4634 fugiendam
2033 4572 2219 4624 osten-

570 4653 871 4714 tationem.
930 4658 987 4708 et
1020 4652 1393 4709 errabundos
1446 4654 1610 4723 vulgi
1665 4654 1913 4725 plausus
1978 4656 2221 4715 sollicite

570 4741 870 4799 vitandos.
892 4741 1418 4813 Perfectiusitaque
1438 4750 1493 4798 et
1510 4743 1895 4813 perfectorum
1922 4745 2218 4803 hominum

569 4836 677 4897 est,
706 4831 868 4903 quod
895 4831 1177 4896 diximus,
1233 4832 1541 4903 publicum
1572 4832 1802 4888 virtutis
1848 4835 2112 4892 studium
2164 4844 2220 4894 et

568 4918 935 4985 exercitium,
967 4919 1148 4975 tutius
1176 4935 1318 4976 vero
1361 4922 1680 4978 occultum.
1714 4921 1796 4977 Ibi
1827 4922 1985 4979 enim
2025 4925 2217 4983 latens

641 5122 689 5157 ⁵ο
716 5124 735 5175 Ι
760 5124 904 5178 Tim.
935 5140 1010 5187 ιιι,
1046 5131 1099 5179 7.
1125 5124 1169 5162 ⁸³
1206 5130 1223 5181 l
1256 5129 1385 5185 Cor.
1410 5145 1468 5194 x,
1503 5134 1590 5185 32.

2336 4487 2519 4554 μένους
2577 4490 2674 4534 τῶν
2729 4480 2925 4534 πολλῶν
2985 4477 3363 4555 διακρούεσθαι
3420 4480 3674 4543 ἐπαίνους.
3735 4483 3949 4538 Τελείο-

2335 4574 2458 4645 τέρα
2505 4574 2593 4644 μὲν
2641 4567 2727 4622 οὖν
2776 4574 2864 4622 καὶ
2920 4569 3137 4639 τελείων,
3193 4573 3365 4643 ῶσπερ
3425 4573 3631 4642 ἔφαμεν,
3680 4575 3710 4630 ἠ
3768 4573 3820 4625 ἐν
3876 4582 3949 4643 τῷ

2332 4664 2474 4732 μέσῳ
2529 4660 2734 4733 πρᾶξις,
2793 4658 3151 4733 ἀσφαλεστέρα
3211 4656 3269 4711 δε
3323 4662 3352 4717 ἡ
3400 4659 3750 4716 λανθάνουσα.
3806 4664 3947 4717 Ἐκεῖ

2331 4752 2419 4822 μὲν
2458 4751 2554 4823 γὰρ
2587 4749 2834 4809 πολλάκις
2890 4748 3123 4801 λαθοῦσα
3169 4744 3532 4802 συνεισδύεται
3584 4759 3642 4823 τῇ
3692 4751 3854 4826 ἀρετῇ
3912 4756 3941 4811 ἡ

2330 4844 2511 4909 κακία,
2558 4838 2774 4891 ἐνταῦθα
2820 4835 2878 4892 δὲ
2919 4844 3039 4910 τόγε
3084 4837 3161 4890 ἐπ’
3207 4839 3336 4910 αὐτῇ
3389 4848 3448 4911 τῇ
3498 4847 3701 4915 κρυφίῳ
3749 4844 3946 4917 πράξει

2333 4928 2761 5001 ἀποτετείχισται
2836 4927 3084 4989 παντελῶς
3158 4928 3285 5001 αὐτῇ
3349 4929 3459 4999 (34)
3509 4930 3538 4986 ἡ
3600 4927 3939 4993 διείσδυσις.

2130 5274 2354 5335 NOT/E.

635 5473 746 5563 ιιι)
945 5482 1180 5563 ante»
1207 5476 1399 5563 Μαιιη-
1426 5477 1572 5561 .m-

635 5543 744 5617 (33)
774 5548 916 5601 Cum
951 5543 1254 5618 Colh.'pro
1287 5543 1379 5597 διά
1396 5552 1463 5601 τὶ.

2325 5549 2359 5607 ὃ
2396 5483 2504 5607 (βάἐ
2554 5483 2747 5539 Malim
2806 5482 2982 5553 αὐτῆς,
3038 5483 3255 5543 scilicet
3310 5493 3521 5557 κακίας,
3575 5490 3669 5548 vel
3712 5492 3850 5551 αὐτη
3903 5490 3935 5549 ἡ

2366 5573 2467 5607 ιεισ
2510 5572 2651 5607 υσις.

2366 5572 2651 5617 ιεισουσις.
