4116 6194
228 315 336 371 745

1239 317 1340 372 ΑΙ)
1377 309 1931 372 AMPHILOCHIUM
1972 309 2298 379 QUESTIO
2339 311 2608 372 CXXXV.

3491 315 3595 372 746

229 442 406 502 Οὕτως
461 437 706 514 οὐδαμῶς
747 441 842 492 ούκ
895 443 1034 494 ἔστιν
1097 439 1301 494 ίναντία
1351 451 1450 495 τῶν
1505 447 1796 494 Δεσποτικῶ

1941 435 2149 492 vitium
2173 455 2330 511 saepe
2364 439 2562 496 virtuti
2611 453 2672 494 se
2699 437 2907 494 miscet
2935 455 2947 494 :
2981 437 3077 494 hic
3091 452 3248 504 vero,
3272 453 3379 511 per
3397 437 3596 496 occul-

225 531 472 606 ῥημάτων
495 533 523 589 ἡ
557 532 856 603 νομοθεσία.

295 791 460 854 ’Ἰδοις
510 791 560 846 δ’
597 795 657 845 οἷν
731 798 820 845 καὶ
877 793 1036 853 ἄλλως
1093 789 1242 844 οὐδὲν
1311 795 1464 851 ἧττον
1521 795 1578 844 1'6
1647 793 1821 866 ῥηθέν.

218 883 478 954 Ἐλέγχων
519 885 620 956 γὰρ
671 885 788 942 τοὺς
851 885 1170 955 Φαρισαίους
1221 884 1246 933 ό
1299 887 1496 954 Σωτὴρ,
1533 885 1623 933 καὶ
1675 899 1824 951 μετα-

219 972 488 1043 ρυθμίζων
549 971 718 1024 αὐτῶν
767 973 826 1024 τὸ
883 976 1444 1044 κατεσχηματισμένον
1473 975 1564 1024 καὶ
1602 970 1822 1022 ὓπουλον

221 1059 290 1121 εἰς
317 1063 376 1111 τὸ
422 1063 642 1132 κόσμιόν
681 1079 734 1112 τε
787 1063 870 1112 καὶ
924 1063 1010 1112 τὸν
1054 1063 1290 1132 χρηστὸν
1341 1065 1549 1134 τρόπον,
1613 1057 1820 1111 ἀπεῖπεν

216 1151 310 1221 μὲν
341 1149 512 1209 αὐτοῖς
569 1152 770 1222 φεύγειν
823 1153 880 1200 τὸ
925 1153 1056 1222 πρὸς
1113 1147 1416 1224 ἀνθρώπους
1449 1149 1564 1222 ζῇν,
1612 1145 1820 1200 διώκειν

216 1234 298 1302 δὲ,
358 1240 458 1291 ὅσα
531 1241 796 1312 θεραπεύει
845 1243 992 1291 Θεόν.
1067 1244 1198 1299 Τοὺς
1239 1239 1324 1289 οὖν
1373 1243 1465 1296 τὴν
1522 1234 1819 1298 κενοδοξίαν

213 1334 494 1387 νοσοῦντας
567 1326 912 1378 ἀπαλλάσσων
969 1336 1064 1388 τῆς
1125 1331 1299 1389 νόσου,
1387 1329 1518 1398 πρὸς
1600 1325 1820 1385 ἐκείνους

215 1419 376 1486 φησίν
401 1433 414 1444 ⁸
450 1435 476 1466 (ι
529 1419 612 1473 Μὴ
646 1423 838 1467 ποιεῖτε
891 1421 984 1472 τὴν
1029 1414 1374 1485 ἐλεημοσύνην
1417 1416 1556 1486 ὑμῶν
1589 1415 1818 1485 ἔμπροσ-

215 1506 298 1556 θεν
319 1511 418 1555 τῶν
458 1503 755 1576 ἀνθρώπων·
791 1523 818 1556 ν
849 1509 953 1566 καί,
1002 1525 1028 1554 ι(
1059 1503 1124 1556 ⁸0
1151 1511 1290 1556 ποιεῖ
1329 1506 1358 1561 ἡ
1397 1499 1544 1566 δεξιά
1586 1523 1702 1569 σου,
1743 1507 1814 1574 μὴ

209 1599 394 1663 γνώτω
423 1595 454 1650 ἡ
489 1592 736 1666 ἀριστερά
769 1611 883 1656 σου,
911 1613 939 1644 ι)
981 1597 1071 1645 καὶ
1113 1593 1214 1644 ὅσα
1255 1595 1427 1662 ὃμοια.
1478 1595 1604 1652 Τοὺς
1648 1589 1817 1662 ἐμπα-

211 1683 316 1742 θείς
391 1683 768 1756 περικαθαίρων
857 1691 948 1735 τοῦ
1033 1685 1230 1744 πάθους
1315 1686 1456 1744 τοὺς,
1532 1683 1818 1752 ὑποκριτὰς

1939 529 2064 581 tum
2119 541 2336 600 nempe
2389 528 2620 585 virtutis
2669 527 3034 591 exercitium,
3105 526 3228 582 vitii
3281 525 3593 600 subreptio

1935 615 2174 686 penitus
2205 621 2470 675 cavetur.
2497 617 2601 674 Illa
2630 617 2832 689 itaque
2877 614 3112 672 Domini
3141 621 3446 689 praecepta
3475 615 3591 672 sibi

1936 705 2286 778 neutiquam
2330 707 2738 763 adversantur.

2009 793 2162 860 Haec,
2191 811 2328 867 quae
2365 795 2526 852 dicta
2551 801 2710 862 sunt,
2743 795 2863 852 alia
2893 810 3134 868 quoque
3175 794 3402 850 ratione
3453 795 3592 852 illu-

1933 885 2117 937 strare
2129 889 2186 937 et
2205 886 2538 957 perspicere
2557 885 2708 940 licet.
2725 885 3055 940 Pharismos
3079 884 3235 940 enim
3264 883 3586 954 castigans,

1933 985 2248 1045 moresque
2275 989 2484 1030 eorum
2511 973 2826 1030 simulatos
2859 977 2915 1030 et
2945 972 3240 1029 sublestos
3273 972 3352 1028 ad
3379 989 3586 1029 veram

1929 1057 2302 1118 honestatem
2329 1069 2383 1118 et
2409 1063 2767 1136 probitatem
2799 1063 3264 1133 compositurus,
3295 1062 3482 1118 vetuit
3511 1077 3586 1118 ne

1932 1147 2008 1202 ad
2040 1149 2352 1208 hominum
2379 1153 2675 1223 judicium
2715 1153 2898 1208 vitam
2931 1167 3103 1207 suam
3159 1157 3420 1221 agerent,
3477 1151 3585 1207 sed

1929 1253 1999 1292 ea
2053 1243 2250 1314 potius
2315 1245 2816 1312 consectarentur,
2875 1257 3008 1313 quae
3060 1241 3180 1296 Deo
3229 1239 3577 1312 probantur.

1931 1334 2044 1388 Hos
2077 1332 2274 1404 itaque
2301 1348 2336 1386 a
2375 1347 2545 1386 vanae
2587 1331 2787 1402 gloriae
2827 1330 3026 1385 studio
3073 1333 3446 1396 avocaturus,
3503 1331 3586 1385 ita

1929 1437 2032 1476 eos
2056 1419 2378 1492 alloquitur
2407 1436 2418 1474 ε
2449 1439 2476 1471 ‹‹
2499 1423 2578 1476 Ne
2609 1419 2838 1476 faciatis
2865 1419 3308 1490 eleemosynam
3329 1423 3582 1474 vestram

1929 1525 2130 1565 coram
2172 1509 2561 1564 hominibus:
2593 1529 2620 1558 »
2651 1513 2707 1564 et
2735 1525 2748 1570 ;
2781 1529 2800 1558 ι
2837 1507 3002 1575 Quod
3031 1507 3168 1564 facit
3195 1507 3440 1562 dextera
3459 1511 3578 1573 tua,

1929 1599 2072 1655 illud
2100 1599 2330 1653 nesciat
2361 1597 2642 1662 sinistra;
2679 1619 2700 1646 ι
2724 1597 2960 1668 aliaque
2983 1596 3078 1650 his
3120 1595 3355 1652 similia.
3387 1595 3586 1652 Homi—

1927 1704 2032 1744 nes
2057 1689 2275 1759 itaque,
2297 1685 2608 1742 affectibus
2638 1685 3034 1755 indulgentes,
3063 1699 3098 1739 a
3119 1684 3278 1739 malo
3305 1685 3420 1740 hoc
3445 1699 3584 1755 pur-

210 1769 432 1822 ἐλαύνων
503 1777 594 1830 τῆς
661 1779 874 1832 σκηνῆς,
932 1775 1073 1835 τοὺς,
1122 1773 1221 1822 ὑπὸ
1289 1771 1430 1842 ξογῳ
1495 1775 1584 1822 καὶ
1651 1769 1796 1840 πλάνῃ

1927 1781 2044 1847 gat,
2095 1775 2438 1848 bypocritas
2479 1791 2549 1830 ex
2605 1775 2835 1830 theatro
2893 1771 3224 1845 propulsat,
3279 1772 3576 1836 homines,

213 1860 660 1932 πολιτευομένους,
733 1859 798 1919 εἰς
856 1863 942 1911 τὸν
1009 1859 1210 1918 ἀπλανῆ
1273 1865 1365 1911 καὶ
1431 1861 1660 1934 καθαρὸν
1721 1867 1816 1920 τῆς

203 1946 392 2020 αρετῆς
430 1946 546 2018 βίον
597 1947 916 2018 μετακαλῶν,
970 1947 1022 2010 ἐξ
1073 1945 1130 2000 οὗ
1187 1945 1465 2018 διαυγάζει
1512 1950 1540 2006 ἡ
1591 1947 1815 2000 ἀπάθεια

203 2041 300 2088 καὶ
351 2038 380 2094 ἡ
444 2036 638 2095 ἀληθὴς
691 2032 842 2100 δοξα,
901 2041 993 2088 καὶ
1051 2038 1082 2094 ἡ
1133 2036 1432 2110 λαμπρότης
1475 2039 1504 2094 ἡ
1563 2035 1802 2108 ψυχική,

205 2125 390 2185 Οὕτως
415 2125 507 2176 οὐκ
561 2129 698 2178 ἔστιν
745 2125 984 2196 ἀλληγοις
1027 2125 1231 2177 ἐναντία
1277 2128 1344 2176 τὰ
1395 2127 1504 2177 θεῖα
1559 2131 1647 2177 καὶ
1703 2127 1811 2199 ἱερὰ

201 2219 376 2286 Λόγια
423 2217 556 2266 ὥστε
593 2214 884 2266 τούναντίον
943 2211 1056 2266 οὐδ’
1106 2216 1166 2266 οἶν
1208 2234 1258 2266 τι
1287 2219 1485 2286 γένοιτο
1511 2222 1610 2266 τῶν
1649 2217 1808 2288 ἔργων

199 2301 552 2377 ἁπαστράψαι
599 2307 690 2361 τὴν
735 2299 1068 2374 λαμπηδόνα,
1153 2303 1196 2355 εἰ
1239 2308 1309 2375 μὴ
1369 2312 1460 2363 τῆς
1509 2299 1808 2364 κενοδοξίας

199 2395 288 2443 τὸν
339 2393 492 2465 ζόφον
551 2397 800 2466 πρότερον
876 2387 1234 2465 διασκεδάσῃ,
1321 2399 1408 2444 καὶ
1475 2391 1698 2466 περιέλοι
1755 2389 1808 2453 ἐξ

195 2483 380 2535 αὑτοῦ.

265 2661 468 2722 ⁴Αλλως
497 2681 550 2713 τε
605 2657 682 2728 δε,
743 2660 785 2713 εἰ
835 2663 890 2712 τὸ
919 2665 990 2732 μὴ
1045 2657 1410 2721 σκανδαλίζειν
1462 2665 1548 2712 τὸν
1578 2659 1798 2720 πλησίον

199 2747 500 2824 σύνδρομον
555 2749 688 2816 ἐστι,
739 2749 929 2822 μᾶλλον
990 2747 1048 2802 δὲ
1079 2753 1466 2823 προηγούμενον
1521 2759 1612 2802 τοῦ
1657 2770 1799 2818 περι-

185 2840 402 2912 λάμψαι
431 2847 540 2900 τοῖς
574 2842 746 2912 ἔργοις
782 2843 904 2900 τοὺς
931 2839 1248 2904 ἀνθρώπους,
1291 2843 1346 2890 1'6
1390 2836 1470 2908 δε,
1503 2845 1572 2910 μὴ
1633 2847 1796 2892 ποιεῖν

183 2932 323 3004 πρὸς
347 2925 617 2994 ἐπίδειξιν,
670 2927 718 2980 ἐν
772 2936 842 2998 τῷ
904 2931 974 2999 μὴ
1032 2925 1397 2988 σκανδαλίζειν
1436 2931 1504 2990 ὡς
1561 2927 1608 2979 ἐν
1655 2933 1796 3002 μέρει

181 3023 340 3090 νόμος
377 3021 676 3090 περιέχεται
728 3025 798 3088 τῷ
849 3017 964 3088 ὅλῳ.
1035 3022 1133 3070 Καὶ
1193 3021 1246 3068 τὸ
1298 3019 1498 3089 φεύγειν
1547 3019 1647 3090 ἄρα
1701 3020 1794 3074 τὴν

179 3104 489 3170 κενοδοξίαν
563 3111 970 3180 προπαρασκευὴ
1066 3111 1264 3177 γίνεται
1338 3115 1429 3159 τοῦ
1505 3109 1790 3182 ἔμπροσθεν

181 3206 284 3249 τῶν
333 3195 611 3268 ἀνθρώπων
684 3193 776 3248 διὰ
837 3203 936 3247 τῶν
1012 3199 1172 3270 ἔργων
1247 3195 1568 3268 ἀναλάμψαι.
1639 3195 1792 3248 Ἀλλὰ

179 3289 288 3358 γὰρ
314 3289 377 3338 τὰ
406 3289 495 3358 μὲν
531 3289 766 3358 Κυριακὰ
809 3285 960 3356 λόγια
1012 3289 1108 3342 σὴν
1161 3287 1270 3356 (35)
1327 3285 1686 3348 συνεξαίτησίν
1737 3305 1790 3337 τε

179 3380 272 3426 καὶ
327 3377 488 3449 χάριν
544 3371 810 3448 διαφόροις
876 3371 1136 3434 ἐπιϐολαῖς
1207 3373 1316 3426 ἀντὶ
1367 3381 1460 3426 τοῦ
1514 3371 1786 3447 διαφωνεῖν

179 3461 472 3536 ἐπεδείχθη
495 3462 682 3535 μᾶλλον
719 3461 1058 3536 ἀσπαζόμενοι
1087 3467 1181 3520 τήν
1213 3469 1533 3534 συμφωνίαν.

255 3727 492 3783 Ἐστιδὲ
529 3735 618 3782 καὶ
673 3735 998 3783 Δεσποτικῶν
1047 3733 1077 3787 ἡ
1130 3735 1356 3801 μίμησις
1402 3735 1589 3802 νόμων,
1613 3729 1783 3784 κάκεῖ-

176 3821 264 3872 θεν
321 3821 432 3890 ἔχει
507 3825 594 3877 τὴν
672 3815 914 3892 πρόοδον,
957 3823 1014 3870 τὸ
1089 3818 1320 3871 πλείοσιν
1397 3817 1782 3892 ἐπιχειρήμασι

166 3905 474 3982 μεθοδεύειν
541 3911 604 3962 τα
659 3909 964 3970 στασιάζειν
1045 3907 1282 3970 ἀλλήλοις
1353 3905 1610 3962 δοκοῦντα
1683 3919 1782 3962 τῶν

163 3997 576 4073 προϐλημάτων,
633 4003 733 4052 Καὶ
763 4001 864 4074 γὰρ
898 3997 1054 4060 αὐτὸς
1104 3999 1130 4050 ὁ
1177 4001 1346 4060 κοινὸς
1398 4004 1488 4050 καὶ
1543 3999 1784 4060 Πλάστης

165 4092 266 4139 καὶ
309 4083 650 4150 Διδάσκαλος,
725 4093 813 4139 καὶ
872 4091 1047 4160 Σωτὴρ
1111 4087 1388 4158 εἰσηγητὴς
1437 4089 1622 4162 ὁρᾶται
1691 4097 1782 4140 τού

162 4181 407 4236 κανόνος,
435 4177 506 4236 οἷς
545 4175 806 4234 ἐποίησεν.
863 4177 974 4228 Οὐκ
1027 4177 1198 4249 οἶχαρι
1261 4173 1308 4228 δ’
1357 4179 1487 4238 ἴσως
1515 4175 1564 4228 ἐν
1609 4187 1782 4250 ταυτῷ

167 4284 262 4318 σοι
295 4261 748 4328 συνδιεξαπλῶσαι
787 4271 876 4318 καὶ
915 4270 1008 4323 τὴν
1057 4268 1272 4338 θεωριαν
1303 4273 1392 4318 τοῦ
1453 4271 1630 4340 τρίτου
1689 4269 1782 4328 ζη-

161 4359 420 4426 τήματος.
497 4353 618 4406 Ὀτε
669 4357 770 4428 γὰρ
815 4358 873 4406 τὸ
938 4355 1232 4426 ἀχάριστον
1285 4360 1372 4406 καὶ
1427 4355 1779 4428 ἀναίσχυντον

163 4446 316 4505 ἔθνος
343 4453 442 4496 τῶν
471 4440 734 4496 Ἰουδαίων
779 4452 866 4504 τῆς
907 4443 956 4496 ἐν
1009 4442 1256 4514 Σαϐϐάτῳ
1313 4445 1610 4516 σιτολογίας
1657 4451 1778 4511 τούς
1811 4473 1858 4530 D

161 4535 412 4607 μαθητὰς
459 4533 628 4592 αἰτίας
677 4533 1026 4606 εἰσέπραττεν,
1087 4533 1193 4603 οὐχ
1249 4533 1322 4584 ἐνί
1377 4553 1434 4604 γε
1489 4539 1662 4608 τρόπῳ
1717 4541 1774 4588 1'6

161 4623 544 4694 ἕπηρεαστικὸν
595 4621 760 4674 αὐτῶν
815 4621 1168 4694 ἐπεστόμισεν.
1227 4621 1378 4674 Ἀλλὰ
1439 4631 1640 4695 πρῶτον
1684 4629 1772 4696 μὲν

159 4717 260 4770 τὴν
316 4709 542 4782 ἀνάγκην
595 4711 772 4772 αὐτοῖς
843 4711 1236 4770 ἀντεπέστησεν.
1309 4719 1471 4764 Τοῦτο
1527 4715 1628 4786 γὰρ
1685 4719 1772 4766 καὶ

159 4803 616 4864 κατασκευάζεται
663 4809 724 4868 τῇ
785 4805 918 4854 κατὰ
993 4804 1078 4852 τὸν
1129 4798 1292 4853 Δαϐὶδ
1341 4801 1524 4876 πράξει
1571 4807 1660 4855 καὶ
1703 4813 1772 4874 τῷ

159 4885 580 4964 παραδείγματι,
639 4891 690 4951 ὃς
739 4894 858 4952 τούς
914 4891 1104 4964 ἄρτους
1153 4895 1329 4964 φαγὼν
1385 4891 1478 4943 ούκ
1529 4891 1636 4954 ἐξὸν
1683 4901 1772 4954 τῆς

159 4979 480 5053 προθέσεως,
510 4979 682 5038 αἰτίας
724 4979 950 5051 ἀφίεται.
1008 4981 1244 5053 Δεύτερον
1299 4976 1357 5032 δὲ
1401 4979 1502 5032 ἀπὸ
1558 4989 1646 5032 τοῦ
1679 4987 1768 5034 τό·

157 5087 288 5134 που,
340 5071 458 5126 ἤτοι
513 5071 654 5140 παρὰ
707 5073 764 5120 1'6
813 5067 860 5120 ἐν
909 5077 982 5140 τῷ
1038 5073 1174 5138 τόπῳ
1232 5073 1526 5141 προνόμιον.
1593 5077 1770 5142 Παρα-

159 5155 504 5230 δειγματικὸν
557 5161 648 5229 μεν
702 5161 790 5210 καὶ
839 5165 1010 5220 τοῦτο,
1063 5156 1190 5214 πλὴν
1247 5164 1338 5208 τοῦ
1369 5161 1620 5230 προτέρου
1668 5155 1772 5230 βα-

160 5248 394 5319 θύτερον.
425 5246 623 5319 Ὠσπερ
645 5249 743 5320 γὰρ
777 5248 804 5304 ἡ
835 5245 966 5304 αύτὴ
1009 5245 1196 5318 πρᾶξις
1247 5245 1342 5308 ἔξω
1371 5249 1460 5318 μεν
1511 5254 1602 5298 τοῦ
1632 5249 1767 5320 ἱεροῦ

233 5371 278 5406 ³³
307 5369 504 5428 Matth.
523 5371 670 5436 xu,i
697 5385 864 5442 seqq.

1925 1867 2078 1921 inter
2115 1863 2368 1920 nebulas
2407 1871 2462 1918 et
2489 1879 2716 1918 errores
2759 1863 2946 1919 vitam
2977 1865 3240 1932 agentes,
3276 1861 3355 1916 ad
3391 1861 3578 1916 vitam

1923 1953 2508 2025 inculpatametpuro
2523 1953 2746 2008 virtutis
2764 1950 2960 2007 studio
2987 1965 3312 2017 coruscam,
3348 1965 3420 2006 ex
3453 1963 3578 2022 qua

1921 2041 2198 2097 immunis
2233 2043 2310 2097 ab
2337 2040 2650 2097 affectibus
2683 2041 2944 2104 animus,
2977 2055 3240 2111 veraque
3281 2039 3485 2108 gloria,
3519 2042 3578 2094 et

1921 2131 2134 2187 mentis
2153 2129 2437 2203 splendor
2453 2131 2688 2196 emicat,
2717 2129 3006 2202 perducit.
3030 2129 3346 2200 Propterea
3371 2127 3575 2183 divina

1918 2226 1974 2276 et
2003 2235 2170 2276 sacra
2194 2219 2295 2274 illa
2327 2218 2564 2274 oracula
2593 2219 2745 2274 adeo
2777 2217 2890 2273 sibi
2913 2217 3168 2272 invicem
3201 2231 3322 2272 non
3353 2215 3571 2272 adver-

1918 2315 2144 2373 santur,
2175 2313 2236 2363 ut
2274 2307 2478 2380 potius
2511 2307 2740 2378 lampas
2783 2307 3080 2363 bonorum
3111 2321 3365 2378 operum
3403 2303 3568 2378 apud

1913 2397 2216 2453 neminem
2251 2398 2446 2453 lucere
2491 2397 2703 2468 possit,
2735 2397 2850 2452 nisi
2900 2397 3002 2468 qui
3031 2396 3196 2467 prius
3225 2409 3398 2450 vanas
3438 2409 3564 2450 am-

1915 2487 2152 2543 bitionis
2217 2485 2533 2556 caliginem
2591 2485 2920 2558 dispulerit,
2971 2500 3154 2556 seque
3220 2483 3298 2541 ab
3351 2483 3453 2540 illa
3501 2483 3568 2539 li-

1911 2576 2168 2632 beravit.

1983 2665 2144 2720 Idem
2175 2665 2291 2720 hoc
2321 2665 2490 2721 etiam
2532 2663 2649 2720 alia
2687 2663 2914 2719 ratione
2945 2661 3254 2734 probatur.
3289 2659 3460 2727 Quod
3512 2659 3564 2716 si

1910 2753 2340 2810 offendiculum
2363 2769 2484 2809 non
2505 2767 2726 2825 ponere
2745 2751 3018 2826 proximo
3045 2750 3180 2822 conj
3189 2753 3434 2806 unctum
3457 2751 3560 2820 est,

1909 2843 2002 2898 vel
2031 2843 2325 2914 praevium
2353 2842 2554 2914 potius
2579 2841 2680 2905 illi,
2727 2847 2790 2895 ut
2825 2847 2978 2896 recte
3015 2840 3171 2895 facta
3200 2839 3282 2894 ab
3308 2839 3564 2894 homini-

1907 2931 2021 2988 bus
2047 2933 2496 3004 conspiciantur
2525 2947 2540 2998 ;
2567 2929 2710 2986 nihil
2733 2935 2934 2986 autem
2983 2929 3061 2985 ad
3099 2929 3562 2984 ostentationem

1905 3021 2119 3088 facere,
2151 3025 2444 3092 tanquam
2476 3035 2616 3092 pars
2649 3023 2916 3090 respectu
2969 3019 3170 3085 totius,
3217 3016 3556 3089 requiritur,

1905 3115 1966 3165 ut
1998 3109 2313 3166 offensioni
2341 3125 2465 3164 non
2498 3109 2684 3164 simus
2719 3126 2732 3175 ;
2765 3106 3144 3178 consequitur
3161 3105 3365 3178 fugam
3389 3120 3558 3161 vana:

1902 3197 2241 3254 ambitionis
2283 3213 2624 3270 praeparare
2654 3195 2984 3263 hominem,
3015 3200 3078 3250 ut
3108 3193 3392 3268 operibus
3431 3193 3558 3248 suis

1901 3303 2105 3344 coram
2145 3287 2492 3342 hominibus
2531 3285 2726 3341 lucere
2778 3284 2992 3356 possit.
3027 3285 3232 3355 Itaque
3301 3281 3378 3339 ad
3421 3283 3556 3353 peti-

1900 3378 2118 3432 tionem
2141 3381 2306 3432 tuam
2333 3381 2556 3447 tuaque
2583 3389 2765 3429 causa
2795 3371 2976 3428 variis
3015 3371 3211 3428 modis
3249 3375 3556 3428 ostensum

1897 3479 1932 3520 a
1961 3481 2046 3520 me
2087 3469 2196 3530 est,
2231 3463 2462 3520 Domini
2493 3463 2680 3519 nostri
2713 3461 2874 3518 dicta
2934 3461 3086 3517 adeo
3131 3459 3245 3516 sibi
3303 3459 3557 3515 invicem

1895 3569 2018 3609 non
2063 3551 2388 3621 adversari,
2453 3555 2518 3608 ut
2575 3551 2897 3608 concensio
2967 3549 3164 3622 potius
3235 3547 3553 3606 manifeste

1897 3647 2204 3714 appareat.

1967 3733 2168 3788 Imitor
2189 3747 2330 3787 vero
2363 3731 2458 3786 hic
2488 3729 2726 3786 Domini
2769 3728 2958 3785 nostri
2989 3727 3355 3799 exemplum,
3387 3727 3556 3800 quod

1893 3820 2046 3886 facit,
2087 3825 2150 3876 ut
2180 3819 2452 3891 pluribus
2489 3817 2683 3874 modis
2711 3823 2766 3874 et
2789 3817 3160 3889 argumentis
3215 3815 3276 3871 in
3310 3831 3552 3872 concor-

1894 3909 2036 3964 dam
2063 3909 2162 3964 illa
2189 3909 2554 3979 redigantur,
2591 3923 2722 3979 quae
2753 3921 2957 3962 secum
2989 3906 3246 3961 invicem
3281 3919 3553 3977 pugnare

1895 3997 2190 4053 videntur.
2213 3997 2342 4068 lpse
2357 3996 2516 4050 enim
2537 3994 2876 4050 communis
2889 3999 3162 4050 nostrum
3187 3997 3242 4048 et
3256 3993 3549 4058 conditor,

1893 4091 1948 4142 et
1978 4086 2206 4153 doctor,
2237 4090 2294 4141 et
2335 4087 2622 4148 Servator,
2655 4099 2726 4138 ex
2753 4083 2848 4152 iis,
2879 4097 3014 4155 quas
3035 4081 3166 4154 ipse
3207 4081 3360 4145 fecit,
3393 4081 3550 4138 hanc

1893 4175 2164 4244 regulam
2209 4173 2486 4229 docuisse
2515 4172 2878 4242 intelligitur.
2925 4174 3076 4226 Dum
3129 4171 3188 4226 in
3232 4170 3348 4226 hoc
3387 4185 3546 4238 sum,

1893 4279 2016 4320 non
2065 4263 2462 4334 injucundum
2499 4261 2600 4316 tibi
2647 4260 3106 4328 fortassefuerit,
3137 4260 3316 4316 etiam
3363 4259 3546 4316 tertias

1890 4353 2238 4426 quaestionis
2265 4365 2518 4406 examen
2549 4351 2868 4422 suspicere.
2909 4352 3054 4404 Dum
3089 4347 3548 4420 enimimproba

1891 4451 1944 4498 et
1982 4442 2304 4516 impudens
2323 4440 2664 4496 Iudaeorum
2691 4439 2854 4496 natio
2883 4439 3212 4511 discipulos
3259 4437 3543 4496 rationem

1889 4533 2136 4588 reddere
2159 4531 2412 4602 jubebat
2439 4531 2632 4594 5',cur
2655 4531 2710 4584 in
2733 4527 2994 4585 Sabbato
3025 4531 3352 4584 sementem
3405 4543 3542 4586 com

1887 4622 2174 4686 edissent,
2205 4635 2324 4676 non
2359 4635 2478 4674 uno
2509 4618 2684 4674 modo
2715 4618 2800 4690 inj
2813 4617 2972 4672 urios
3003 4633 3209 4673 eorum
3233 4631 3540 4674 sermones

1885 4709 2326 4782 compescebat.
2353 4708 2552 4764 Primo
2575 4707 2820 4780 quidem
2847 4707 2980 4763 loca
2995 4707 3410 4766 necessitatem
3425 4705 3539 4762 illis

1883 4799 2232 4858 obvertebat
2257 4798 2320 4854 Id
2337 4797 2555 4853 scilicet
2575 4796 2708 4869 ipso
2727 4795 2967 4852 Davidis
2985 4795 3140 4852 facto
3170 4803 3227 4852 et
3270 4795 3540 4868 exemplo

1881 4889 2255 4953 ﬁrmabatur,
2281 4887 2404 4960 qui,
2437 4902 2570 4942 cum
2609 4901 2794 4958 panes
2839 4883 3285 4957 propositionis,
3317 4883 3534 4958 quibus

1879 4979 2036 5034 vesci
2082 4993 2202 5033 non
2241 4977 2475 5041 licebat,
2525 4975 2899 5041 comedisset,
2935 4990 2972 5030 a
3016 4973 3192 5046 culpa
3244 4973 3534 5030 immunis

1879 5067 2236 5124 habebatur.
2265 5066 2528 5122 Alterum
2550 5069 2972 5136 argumentum
2997 5063 3141 5137 petit
3167 5080 3204 5121 a
3231 5063 3390 5129 loco,
3410 5064 3532 5122 sive

1881 5157 2076 5230 potius
2129 5173 2164 5212 a
2222 5153 2620 5227 paerrogativa
2650 5153 2944 5226 quadam,
2971 5153 3102 5210 loco
3139 5153 3397 5226 propria.
3429 5155 3532 5210 Ar-

1881 5249 2234 5316 gumentum
2285 5244 2400 5300 hoc
2431 5243 2636 5300 itidem
2687 5243 2764 5300 ab
2795 5242 3067 5315 exemplo
3097 5242 3352 5311 ducitur,
3401 5243 3528 5301 sed.

1725 5493 1952 5553 NOTE.

231 5619 478 5694 (35)_a'riv
503 5618 694 5694 habes
724 5634 797 5675 ex
818 5617 1086 5694 _Col_bert.
1117 5617 1502 5694 Voculahmc
1533 5619 1587 5674 in
1623 5620 1796 5677 alterc

1912 5645 1916 5666 ι
1955 5633 2212 5692 sequens
2245 5617 2612 5684 συνεξαίτησιν
2641 5618 2868 5678 omissa
2897 5621 3038 5694 erat,
3071 5618 3173 5677 ubi
3205 5620 3408 5678 tamen
3435 5621 3521 5678 at-

155 5707 276 5767 que
301 5689 456 5750 adeo
485 5695 542 5748 et
565 5691 660 5748 hic
689 5691 904 5749 rectius
927 5691 1153 5763 legetur
1187 5693 1284 5751 σὴν
1311 5689 1602 5757 ἐξαίτησιν.
