4116 6194
518 281 625 337 τιτ
1748 275 1837 331 ΡΗ
1850 274 1983 329 ΟΤΙΙ
2022 269 2143 327 ΡΑἸ

2273 268 2497 325 ΒΟΗᾹΞ
2535 270 2624 324 ΟΡ
2636 314 2648 326 .
3789 271 3898 326 748

520 403 700 479 priori
730 403 829 460 illo
866 405 954 459 est
974 401 1234 473 gravius.
1265 401 1422 459 Sicut
1460 401 1620 458 enim
1658 401 1871 458 eadem
1899 398 2074 463 actio,
2110 396 2145 449 si

2288 398 2525 466 γινομένη
2576 397 2698 468 πρὸς
2738 390 2891 451 δίκην
2956 394 3163 463 ύπάγει,
3243 392 3290 445 ἓν
3362 394 3501 465 αύτῷ
3546 392 3606 447 δὲ
3658 405 3731 466 τῷ
3775 398 3898 470 ἱερῷ

523 494 769 567 quidem
800 496 968 547 extra
1016 491 1218 547 locum
1264 497 1537 547 sanctum
1583 491 1702 557 ﬁat,
1758 488 1991 546 crimini
2043 484 2148 541 faci

2290 483 2560 535 ἀνεύθυνον
2615 482 2825 534 ἀπολύει
2860 504 2871 514 θ
2956 484 3085 534 οὕτω
3133 488 3219 534 καὶ
3284 484 3566 555 σιτολογεῖν
3610 491 3699 556 μέν
3751 507 3900 547 τινας

522 582 1029 653 obnoxium,qum
1060 580 1122 635 in
1154 585 1360 636 sancto
1391 580 1522 637 loco
1559 584 1808 653 patrata,
1848 593 2019 632 reum
2058 590 2147 629 n01

2289 571 2463 631 ἁπλῶς
2490 572 2536 623 ἐν
2591 571 2836 643 Σαϐϐάτῳ
2898 568 3161 641 (δεδόσθω
3221 575 3320 646 γάρ
3376 574 3495 644 ὑμῖν
3557 576 3597 639 ,)
3656 583 3799 626 ποιεῖ
3852 574 3898 626 ἐν

521 670 717 727 reddit
748 687 761 736 ;
795 670 893 732 ita,
920 669 965 723 si
1018 670 1120 740 qui
1149 669 1247 723 alii
1281 668 1623 741 simpliciter
1662 669 1721 723 in
1773 666 2034 723 Sabbato
2066 662 2146 718 fru

2290 661 2519 719 εὐθύναις
2572 679 2584 689 ·
2619 665 2739 722 τούς
2792 658 2850 712 δὲ
2902 670 2999 711 τῶν
3050 659 3328 733 ἀνθρώπων
3380 670 3625 735 σωτῆρας
3679 669 3768 714 καὶ
3819 660 3900 714 δι-

524 764 726 816 mento
772 763 1082 814 vescantur
1127 757 1366 826 (largiar
1414 758 1527 813 hoc
1567 758 1780 827 vobis,)
1810 755 1998 825 culpae
2042 769 2149 807 sun

2291 746 2607 814 ὃασκάλους,
2661 755 2749 801 καὶ
2811 750 2951 818 αὐτῷ
3010 758 3080 819 τῷ
3164 758 3257 811 τῆς
3312 753 3594 823 ἱερωσύνης
3646 758 3902 812 συνόντας

527 848 791 904 obnoxii.
846 848 922 901 At
973 861 1111 902 vero
1155 845 1259 911 illi,
1305 846 1407 917 qui
1464 846 1779 902 hominum
1820 847 1959 898 sunt
1980 856 2152 897 serva

2292 842 2522 911 Δεσπότη
2587 844 2673 890 καὶ
2726 842 2971 911 νομοθέτῃ
3036 843 3223 901 παντὸς
3279 840 3584 911 αἰτιάματος
3636 840 3900 893 ἀπαλλάτ-

528 943 704 1002 tores,
738 942 794 993 et
823 936 1115 1001 doctores,
1140 936 1365 1007 quique
1395 952 1533 991 cum
1564 936 1695 1007 ipso
1728 931 2042 989 sacerdotii
2068 934 2149 985 Do

2291 946 2386 980 τει.
2424 926 2601 997 Πολλῷ
2630 930 2730 1000 γὰρ
2767 932 2928 1000 μείζω
2979 936 3069 979 τοῦ
3104 930 3237 999 ἱεροῦ
3291 932 3355 980 τά
3411 929 3650 984 ἐνταῦθα.
3696 932 3815 984 Ἐτι
3845 928 3903 983 3':

529 1028 695 1084 mino
748 1030 803 1081 et
858 1024 1192 1095 legislatore
1249 1030 1581 1089 versantur,
1642 1024 1735 1079 vel
1793 1026 2071 1094 proptere
2112 1020 2154 1075 al

2295 1021 2381 1067 καὶ
2442 1014 2540 1067 ἀπὸ
2593 1024 2684 1068 τοῦ
2748 1016 2883 1068 ἐλέου
2939 1021 3032 1074 τὴν
3079 1017 3242 1069 αὐτῶν
3292 1017 3535 1070 ἀπόνοιαν
3588 1020 3905 1076 στηλιτεύει.

531 1116 697 1171 omni
740 1114 984 1170 crimine
1030 1114 1325 1169 immunes
1373 1114 1687 1170 habentur.
1730 1114 1871 1177 Quae
1906 1110 2064 1165 enim
2096 1108 2150 1162 hi

2298 1104 2481 1176 Εἰγάρ
2528 1105 2717 1176 μείζων
2747 1108 2835 1177 μὲν
2880 1108 2908 1163 ἡ
2973 1108 3131 1158 θυσία
3192 1115 3287 1167 τῆς
3336 1113 3756 1181 παρατηρήσεως
3823 1117 3913 1169 τῆς

536 1210 692 1269 sunt,
728 1208 933 1259 sancto
964 1202 1062 1259 illo
1088 1202 1217 1258 loco
1249 1208 1387 1258 sunt
1415 1202 1668 1274 majora.
1698 1202 1879 1256 Porro
1910 1214 2050 1254 vero
2078 1198 2158 1252 mi

2299 1193 2345 1245 ἐν
2374 1192 2642 1264 Σαϐϐάτῳ,
2702 1193 2986 1266 ἐπίπροσθε
3050 1215 3103 1246 τε
3155 1203 3244 1255 τῆς
3306 1198 3490 1257 θυσίας
3530 1202 3619 1248 καὶ
3679 1200 3705 1249 ό
3756 1204 3915 1269 νόμος

538 1292 870 1348 sericordiae
897 1308 1139 1365 quoque
1165 1291 1400 1347 nomine
1427 1291 1753 1347 amentiam
1784 1305 1985 1345 eorum
2019 1285 2163 1342 casti

2300 1284 2440 1354 ύμών
2470 1286 2555 1333 τὸν
2600 1282 2731 1334 ἔλεον
2784 1284 2899 1353 οἶγει
2965 1303 2976 1314 ο
3031 1303 3058 1332 (‹
3112 1283 3281 1336 Ἕλεον
3339 1287 3461 1357 γὰρ,
3525 1290 3706 1357 φησὶν,
3761 1288 3914 1347 θέλω,

536 1387 657 1453 gat.
700 1381 787 1437 Sit
825 1381 984 1436 enim
1027 1380 1407 1446 sacriﬁcium,
1450 1381 1660 1452 inquit,
1703 1382 1942 1451 praestat
1994 1376 2161 1432 obser

2302 1376 2390 1423 καὶ
2443 1371 2499 1423 ού
2547 1374 2731 1423 θυσίαν
2794 1411 2804 1422 .
2854 1392 2879 1423 ((
2934 1375 2982 1423 οὶ
3031 1376 3170 1436 τούς,
3231 1376 3467 1444 μαθητὰς
3520 1376 3735 1446 ὁρῶντες
3776 1377 3914 1446 λιμῶ

539 1472 780 1528 vatione
822 1469 1081 1535 Sabbati,
1141 1470 1231 1524 lex
1280 1486 1417 1524 vero
1476 1474 1669 1524 vestra
1726 1465 2164 1523 misericordian

2302 1466 2391 1512 καὶ
2416 1458 2599 1531 ἀσιτίᾳ
2656 1462 3007 1532 πιεζομένους,
3069 1459 3180 1513 εἶτα
3237 1464 3348 1514 ἀντὶ
3379 1471 3469 1514 τοῦ
3502 1462 3578 1514 ἐπ’
3631 1465 3764 1516 ἔλεον
3799 1467 3919 1535 (36)

538 1561 832 1627 sacrificio
872 1559 1109 1631 prmfert
1141 1575 1153 1611 :
1193 1580 1219 1607 «
1262 1558 1721 1613 Misericordiam
1760 1558 1939 1619 enim,
1983 1556 2163 1624 inquit

2304 1558 2564 1623 τραπῆναι
2611 1545 2765 1606 δίκην
2851 1550 3277 1623 εἰσπραττόμενοι
3360 1558 3708 1625 παρανομίας,
3769 1555 3918 1606 οὗτοι

545 1651 701 1714 volo,
743 1665 864 1704 non
906 1664 1045 1703 vero
1097 1646 1455 1702 sacriﬁcium
1495 1648 1587 1711 53;
1632 1666 1661 1698 »
1711 1646 1788 1701 illi
1831 1646 2050 1715 utique,
2094 1660 2170 1714 qu

2306 1638 2476 1708 πολλῷ
2508 1637 2847 1711 χαλεπωτέρᾳ
2906 1638 3201 1711 παραϐάσει
3260 1645 3351 1698 τὴν
3408 1646 3557 1693 σκιάν
3615 1651 3707 1695 τοῦ
3752 1650 3918 1715 νόμον

546 1755 657 1813 pro
690 1753 780 1805 eo,
826 1736 991 1808 quod
1036 1736 1112 1790 ad
1154 1734 1621 1790 misericordiam
1674 1734 1827 1789 ﬂecti
1881 1732 2171 1788 debebant

2311 1724 2593 1780 διεκὸικεῖν
2640 1726 2769 1778 εἰσιν
2819 1728 3111 1788 ἐαλωκότες.
3169 1729 3241 1786 Ού
3290 1735 3391 1800 μὴν
3422 1730 3658 1782 ἀλλὰκαὶ
3688 1736 3920 1803 τετάρτω

548 1824 1052 1901 praevaricationis
1074 1838 1285 1896 poenas
1305 1828 1581 1894 poscunt,
1601 1823 1847 1893 majoris
1874 1821 2097 1892 peccati
2123 1836 2173 1875 re

2311 1819 2525 1876 τούτους
2555 1814 2897 1889 ἀπορραπίζει
2948 1816 3103 1888 λόγῳ,
3168 1818 3226 1869 ού
3284 1815 3378 1869 διὰ
3434 1824 3490 1870 τὸ
3538 1819 3801 1872 Σάϐϐατόν
3838 1827 3921 1873 τὸν

554 1914 767 1971 merito
798 1913 1114 1980 habentur,
1143 1912 1422 1967 umbram
1453 1912 1598 1981 legis
1630 1912 2021 1967 vindicantes.
2054 1913 2179 1964 Prae-

2314 1906 2581 1979 ἄνθρωπον
2625 1909 2883 1975 γεγονέναι
2930 1906 3107 1976 λέγων,
3174 1906 3278 1957 ἀλλ’
3330 1906 3579 1959 ἀνάπαλιν
3645 1908 3922 1981 ἀνθρώπου

552 2011 713 2060 terea
736 2007 949 2073 quarto
978 2001 1157 2056 etiam
1184 2008 1537 2070 argumento
1570 2000 1630 2056 in
1656 2001 1898 2055 eosdem
1928 1998 2173 2055 auimad

2315 1999 2473 2068 χρείᾳ
2520 1998 2576 2045 τὸ
2636 1992 2893 2045 Σάϐϐατον
2962 1996 3261 2065 ύφεστάναι.
3320 2002 3424 2048 Ναὶ
3486 1995 3553 2055 δὴ
3614 2004 3704 2049 καὶ
3759 2004 3927 2070 μέχρι

550 2092 743 2157 vertit,
786 2090 1008 2155 dicens,
1051 2090 1356 2145 hominem
1416 2106 1538 2146 non
1578 2096 1822 2161 propter
1875 2088 2175 2151 Sabbatun

2316 2089 2553 2155 πέμπτης
2602 2081 2808 2153 πληγῆς
2846 2092 2935 2143 τῆς
2986 2082 3160 2145 ἀνοίας
3224 2085 3389 2135 αὐτῶν
3445 2094 3505 2157 τῇ
3564 2090 3793 2158 μάστιγι
3826 2096 3928 2138 τῶν

553 2182 786 2245 factum,
815 2179 916 2235 sed
958 2178 1284 2234 Sabbatum
1324 2179 1523 2249 potius
1562 2178 1625 2233 in
1656 2179 1913 2233 hominis
1945 2192 2178 2233 commo

2315 2173 2480 2243 λόγων
2521 2174 2859 2238 καθικνεῖται,
2922 2169 3362 2248 δεσποτικώτερον
3427 2175 3604 2226 λοιπόν
3668 2182 3761 2227 καὶ
3822 2196 3915 2247 μετ

555 2272 689 2326 dum
706 2268 999 2325 conditum
1016 2283 1143 2322 esse
1161 2268 1229 2321 ³⁸.
1252 2289 1275 2317 »
1298 2268 1553 2338 Denique
1571 2272 1626 2323 et
1645 2267 1952 2322 verborum
1972 2265 2180 2335 ﬂagelli

2320 2262 2552 2325 ἐξουσίας
2577 2260 2763 2321 αύτούς
2802 2260 3150 2318 ἐπιπλήττων,
3223 2286 3240 2310 ι
3284 2266 3473 2337 Κύριος
3519 2267 3619 2338 γάρ
3650 2264 3786 2327 ἐστι,
3824 2286 3926 2336 εφη-

557 2360 832 2416 amentiaa
854 2373 1060 2413 eorum
1083 2357 1354 2429 quintam
1372 2356 1584 2426 infligit
1604 2357 1869 2428 plagam,
1893 2372 2013 2428 qua
2036 2356 2182 2410 simu

2324 2356 2423 2419 σὶν,
2460 2352 2483 2401 ὁ
2517 2352 2636 2411 Υἱός
2679 2357 2770 2401 τοῦ
2810 2351 3081 2422 ἀνθρώπου
3111 2356 3197 2403 καὶ
3247 2359 3338 2403 τοῦ
3380 2352 3661 2407 Σαϐϐάτου.
3703 2375 3731 2401 ››
3780 2354 3847 2408 Εἰ
3875 2352 3930 2405 δὲ

557 2451 745 2505 instar
773 2446 1009 2502 Domini
1038 2462 1173 2500 cum
1215 2446 1437 2515 majore
1477 2446 1745 2518 quadam
1779 2444 2127 2500 auctoritate
2158 2460 2182 2499 e

2326 2442 2509 2510 Κύριος
2562 2438 2587 2489 ὁ
2627 2440 2766 2501 Υἱός,
2818 2439 2921 2488 υἱοὶ
2983 2434 3041 2489 δε
3093 2444 3182 2490 καὶ
3233 2440 3543 2513 κληρονόμοι
3606 2442 3845 2512 μάλιστα
3886 2445 3930 2492 οἱ

560 2536 827 2592 efficacia
843 2534 1086 2590 eosdem
1113 2534 1385 2602 castigat.
1417 2557 1443 2583 «
1472 2533 1758 2589 Dominus
1787 2533 1967 2597 enim,
1998 2532 2185 2603 inquit

2322 2530 2553 2600 μαθηταὶ
2606 2527 2769 2597 (οὗτοι
2812 2530 2913 2599 γὰρ
2976 2533 3064 2578 καὶ
3124 2537 3318 2602 πρῶτοι
3385 2530 3477 2581 ούκ
3550 2530 3603 2593 ἐξ
3669 2534 3930 2601 αἱμάτων,

564 2624 807 2681 Sabbati
839 2629 924 2678 est
947 2623 1116 2678 Filius
1144 2622 1405 2678 hominis
1426 2624 1495 2676 ⁵³.
1531 2644 1554 2673 ι
1586 2622 1758 2687 Quod
1788 2623 1834 2676 si
1868 2638 2008 2676 vero
2042 2622 2189 2676 Filiu:

2327 2614 2447 2669 ούδε
2508 2615 2559 2666 ἐκ
2631 2615 2913 2687 θελήματος
2992 2620 3201 2689 σαρκὸς,
3297 2615 3420 2670 οὐδὲ
3491 2618 3545 2670 ἐκ
3647 2620 3934 2690 θελήματος

564 2719 652 2771 est
669 2712 957 2768 Dominus
978 2728 992 2778 ;
1015 2710 1324 2783 discipulis
1345 2718 1543 2767 autem
1566 2711 1655 2766 vel
1675 2710 1932 2767 maxime
1950 2710 2052 2765 ﬁlii
2079 2726 2189 2765 sun

2325 2702 2532 2778 ἀνδρὸς,
2565 2702 2670 2755 ἀλλ’
2729 2707 2783 2755 ἐκ
2841 2713 2972 2757 Θεοῦ
3026 2704 3387 2776 ἐγεννήθησαν,
3447 2712 3534 2759 καὶ
3588 2716 3682 2768 τῆς
3742 2711 3935 2761 ἀνωθεν

566 2809 621 2859 et
650 2800 917 2858 haeredes
947 2800 1051 2868 (illi
1100 2800 1261 2855 enim
1291 2800 1463 2870 primi
1508 2815 1630 2855 non
1662 2816 1735 2855 ex
1762 2800 2071 2869 sanguine,
2106 2815 2191 2854 nec

2325 2795 2584 2854 υἱοθεσίας
2625 2792 2947 2861 ἠξιώθησαν)
2995 2810 3006 2822 ·
3074 2794 3168 2845 οῦκ
3212 2798 3286 2846 ἔτι
3354 2792 3755 2861 δουλεύσουσιν,
3806 2796 3936 2848 ἀλλὰ

566 2909 638 2950 ex
664 2891 963 2948 voluntate
990 2890 1187 2945 carnis
1245 2905 1355 2945 nec
1386 2906 1457 2944 ex
1506 2888 1810 2945 voluntate
1844 2888 1969 2954 viri,
2010 2888 2114 2943 sed
2146 2904 2191 2943 e:

2324 2884 2665 2954 κυριεύσουσι
2708 2888 2799 2932 τοῦ
2854 2881 3139 2935 Σαϐϐάτου.
3194 2882 3277 2945 Ἐξ
3325 2880 3412 2935 οὖν
3460 2895 3554 2947 τῆς
3608 2892 3935 2947 Δεσποτικῆς

566 2986 685 3038 Deo
730 2980 911 3052 geniti
963 2983 1117 3044 sunt,
1165 2982 1221 3033 et
1267 2994 1303 3034 a
1338 2979 1458 3033 Deo
1503 2978 1563 3033 in
1594 2978 1748 3033 ﬁlios
1802 2978 2066 3049 adoptati
2098 2979 2171 3043 ⁵⁸)

2328 2970 2574 3045 ἐργασίας
2625 2972 2839 3035 ταύτης,
2890 2976 2978 3022 καὶ
3031 2973 3127 3029 ὅση
3174 2972 3539 3045 παραπλησία,
3602 2971 3936 3045 δυναμωθένο

564 3071 724 3128 idem
744 3085 887 3125 sane
912 3084 1032 3124 non
1054 3067 1433 3131 servient,sed
1454 3067 1908 3123 dominabuntur
1941 3067 2189 3124 Sabbato

2328 3079 2409 3121 τες
2458 3078 2509 3109 τε
2560 3064 2648 3109 καὶ
2698 3062 3135 3129 στοιχειωθέντες,
3212 3064 3383 3133 ὥσπερ
3470 3063 3698 3135 ᾔτησας,
3764 3063 3938 3134 λόγοις

568 3163 688 3217 Hoc
718 3159 895 3231 igitur
949 3158 1181 3214 Domini
1241 3173 1441 3228 opere,
1502 3158 1630 3213 aliis
1662 3157 1840 3229 quelli
1898 3157 2193 3212 similibus

2332 3146 2602 3220 διαφόροις
2632 3152 2723 3205 τὴν
2756 3157 2852 3199 τῶν
2888 3157 3084 3199 σεπτὼν
3133 3155 3333 3220 Λογίων
3361 3148 3622 3203 δοκοῦσαν
3654 3148 3938 3223 διαφωνίαν

570 3248 781 3305 muniti
819 3252 875 3302 et
904 3247 1116 3311 edocti,
1162 3246 1345 3311 illam,
1406 3251 1469 3301 ut
1497 3246 1757 3310 volebas,
1813 3247 2194 3303 oraculorum

2332 3239 2399 3299 εἰς
2449 3238 2807 3289 ἀστασίαστον
2850 3240 3209 3309 συνηγάγομεν
3257 3245 3558 3311 συμφωνίαν
3588 3243 3727 3310 (3ἷ).
3779 3240 3934 3295 Ἀλλὰ

570 3336 1001 3394 venerabilium
1063 3340 1457 3407 apparentem
1513 3335 1977 3399 dissensionem,
2048 3334 2189 3388 varii

2332 3330 2431 3401 γὰρ
2483 3330 2547 3378 τά
2593 3325 2712 3399 παρ’
2754 3328 2896 3397 ἡμῶν
2952 3346 3036 3378 σοι
3094 3326 3171 3379 ἐπὶ
3232 3337 3496 3382 τοσοῦτον.
3562 3330 3623 3380 Εἰ
3672 3326 3732 3381 δε
3764 3334 3819 3380 τό
3853 3336 3936 3381 σόν

571 3424 770 3482 modis
801 3424 863 3479 in
900 3424 1363 3479 consensionem
1416 3423 1794 3479 manifestam
1829 3424 2196 3478 traduximus

2334 3425 2421 3477 τῆς
2469 3412 2703 3476 διανοίας
2755 3417 2935 3485 τάχος,
2992 3422 3080 3467 καὶ
3128 3420 3186 3467 τό
3244 3414 3290 3467 ἐν
3354 3423 3646 3488 φρονήματι
3704 3423 3932 3481 συνετόν,

574 3517 763 3585 Atque
794 3511 893 3567 illa
922 3511 1169 3584 quidem
1194 3517 1398 3566 nostra
1423 3512 1503 3566 ita
1528 3511 1733 3566 habes.
1758 3512 1812 3566 Si
1846 3527 1982 3566 vero
2003 3510 2199 3579 ingeni

2337 3511 2425 3557 καὶ
2480 3514 2574 3557 τῶν
2650 3507 2792 3575 ἱερῶν
2840 3506 3180 3577 θεωρημάτων
3241 3507 3266 3556 ὁ
3330 3505 3569 3567 πλοῦτος,
3625 3514 3715 3558 καὶ
3766 3510 3932 3580 ῥήτωρ

576 3601 659 3659 tui
688 3600 952 3665 felicitas,
983 3605 1039 3655 et
1065 3600 1270 3670 judicii
1303 3614 1576 3663 acumen,
1613 3614 1918 3670 sacraeque
1948 3598 2201 3654 doctrina

2338 3599 2494 3664 τέχνη
2540 3593 2830 3664 γλυκύτερά
2875 3612 2925 3645 τε
2978 3599 3067 3645 καὶ
3121 3594 3416 3668 ὑψηλότερα
3468 3598 3934 3667 προσεπιθεωροίη,

578 3689 755 3762 copia
784 3693 841 3744 et
868 3687 1107 3744 dicendi
1138 3687 1379 3742 ubertas
1400 3687 1764 3759 jucundiora
1795 3694 1851 3744 et
1883 3687 2203 3743 sublimior:

2339 3685 2843 3756 προσεπιθεωρήσειε
2870 3678 2921 3733 δ’
2974 3685 3033 3733 ἄν
3084 3687 3236 3754 μόνον
3296 3682 3605 3754 βουληθείη,
3659 3689 3797 3759 εἰπερ
3844 3684 3938 3754 ἐγὼ

578 3778 869 3835 invenerit
889 3775 1172 3848 (inveniet
1213 3791 1351 3831 vero
1418 3776 1685 3841 omnino,
1737 3776 1919 3832 modo
1960 3776 2203 3832 voluerit

2341 3777 2426 3825 τόν
2489 3772 2606 3845 ἐμόν
2659 3772 2751 3824 ούκ
2810 3772 2973 3842 ἀγνοὼ
3032 3773 3296 3842 φίλον,εἰς
3350 3776 3406 3825 τό
3468 3774 3826 3847 πληρέστατον
3885 3777 3940 3825 ἀν

578 3867 878 3941 siquidem
904 3881 1016 3935 ego
1039 3870 1114 3930 te,
1139 3864 1401 3920 amicum
1430 3881 1649 3931 meum,
1683 3872 1837 3921 recte
1864 3864 2020 3936 novi)
2056 3882 2069 3931 ;
2104 3880 2203 3919 mu

1939 3864 2020 3936 .vi)
2056 3882 2069 3931 ;
2104 3880 2229 3919 mu-
2345 3866 2449 3919 εἵην
2483 3862 2592 3932 (38)
2626 3866 2717 3919 τὴν
2751 3859 3028 3933 ἀμοιϐαίαν
3058 3860 3351 3934 ἀπειληφὼς
3379 3866 3564 3936 κάρα

579 3962 741 4014 tuam
757 3957 912 4014 hanc
928 3955 1403 4012 benevolentiam
1418 3957 1604 4011 instar
1622 3955 1982 4029 amplissimi
2003 3954 2233 4027 praemii

580 4062 889 4120 accepero.

582 4153 901 4221 QUIESTlO
935 4153 1182 4210 CXXXVI
1223 4152 1426 4225 [CoisL
1464 4152 1700 4210 CLVIII.
1751 4155 1933 4209 Taur.
1974 4152 2232 4225 CLVIII].
2880 4151 3193 4198 sparum
3223 4128 3409 4211 mg".

657 4261 849 4329 Quare
872 4261 1100 4318 Paulus
1130 4259 1430 4327 apostolus
1454 4261 1515 4314 in
1542 4260 1799 4328 epistolis
1822 4259 1941 4314 suis
1962 4274 2165 4314 nomen
2274 4328 2282 4329 ί

2348 4257 2441 4307 Διά
2488 4254 2538 4305 τί
2595 4256 2642 4305 ἐν
2701 4259 2819 4329 ταῖς
2867 4252 3198 4315 Ἐπιστολαῖς
3227 4253 3409 4329 Δαὐτοῦ
3480 4254 3686 4316 Παῦλος
3743 4259 3770 4307 ὁ
3825 4255 3956 4307 ἀπο-

1117 4321 1293 4387 ειιιιηι
1331 4321 1639 4401 prwmitiit
1680 4335 1708 4385 ?
2270 4328 2316 4382 D
2606 4323 2742 4377 στολι

2270 4328 2316 4382 Ι)
2606 4323 2786 4385 στολος
2807 4327 3081 4399 προτάττει
3107 4329 3164 4376 τὸ
3190 4321 3249 4377 ἳδ
3255 4344 3328 4377 ιον
3351 4329 3513 4397 ὄνομα
3536 4326 3650 4396 (39)
3688 4344 3701 4394 ς

587 4458 861 4509 Editarum
884 4455 1128 4507 aWolﬂo
1153 4456 1205 4518 (1.
1230 4469 1274 4505 c.
1303 4471 1354 4519 p.
1372 4455 1580 4503 750-770
1599 4454 1836 4504 Galland.
1870 4455 1903 4503 l.
1938 4468 1982 4503 c.
2002 4469 2052 4517 p.
2083 4455 2189 4509 732,
2216 4454 2401 4565 736,t2.
2425 4452 2521 4512 33).
2543 4477 2600 4486 —-
2625 4449 2697 4498 De
2727 4448 2888 4498 Paulo
2912 4450 3021 4498 suis
3050 4449 3288 4512 epistolis
3310 4450 3585 4514 proprium
3605 4464 3808 4501 nomen
3831 4466 3960 4515 prse-

2144 4530 2320 4565 nonen
2383 4550 2393 4562 .

2144 4530 2393 4581 ponente.

661 4619 903 4675 Divinus
932 4616 1144 4673 Paulus
1176 4615 1452 4689 Epistolis
1492 4616 1612 4671 suis
1639 4630 1858 4671 nomen
1890 4632 2060 4671 suum
2093 4630 2239 4688 prae-

2332 4645 2337 4654 ι
2422 4614 2703 4687 Προτάττει
2752 4618 2851 4662 τῶν
2895 4608 3206 4661 Ἐπιστολῶν
3278 4610 3437 4662 αὐτοῦ
3495 4610 3693 4672 Παῦλος
3752 4614 3779 4663 ό
3830 4616 3957 4673 θεῖος

590 4710 739 4782 ﬁgit,
762 4708 917 4774 ideo,
947 4706 1108 4780 quod
1147 4722 1216 4763 os
1249 4723 1426 4761 suum
1464 4707 1593 4761 sine
1632 4710 2103 4761 commemorata
2134 4706 2215 4759 Do

2356 4705 2413 4755 τὸ
2436 4706 2614 4773 ὄνομα,
2662 4696 2800 4771 μηδὲ
2855 4696 3038 4771 διᾶραι
3093 4704 3264 4771 στόμα
3307 4705 3470 4772 χωρὶς
3519 4708 3610 4753 τοῦ
3658 4706 3958 4773 μεμνῆσθαι

592 4798 741 4856 mini
768 4796 1164 4854 beneﬁcentia
1193 4796 1421 4868 aperire
1465 4794 1675 4851 noluit.
1729 4795 1925 4849 GratIa
1955 4794 2113 4849 enim
2163 4792 2217 4848 ill

2356 4800 2446 4851 τῆς
2498 4797 2817 4850 Δεσποτικῆς
2890 4788 3187 4863 εὐεργεσίας
3262 4787 3594 4861 βουλόμενος.
3679 4796 3780 4842 Καὶ
3856 4794 3954 4861 γὰρ

593 4902 818 4945 nomen
848 4902 1091 4959 quoque
1134 4901 1360 4940 novum
1390 4884 1687 4954 imposuit,
1718 4899 1853 4955 quae
1914 4883 2158 4940 Sanlum
2186 4883 2218 4937 iI

2358 4881 2493 4950 αύτῷ
2518 4884 2724 4951 καὶτῄν
2772 4877 2957 4935 κλῆσιν
3015 4880 3041 4935 ἱ)
3098 4880 3257 4952 χάρις
3306 4877 3578 4945 ἐκαίνισεν,
3637 4880 3709 4939 εἰς
3763 4881 3962 4931 Παῦλον

597 4977 846 5034 Paulum
871 4992 993 5032 non
1019 4974 1215 5030 solum
1252 4972 1452 5045 quoad
1482 4987 1696 5035 mores,
1726 4972 1828 5026 sed
1853 4978 1908 5027 et
1930 4972 2049 5026 iam
2082 4987 2222 5044 quo<

2357 4974 2442 5021 τόν
2488 4968 2696 5030 Σαύλου,
2752 4969 2923 5039 ὥσπερ
2981 4970 3100 5028 τούς
3170 4972 3410 5040 τρόπους,
3470 4968 3604 5019 οὕτω
3675 4965 3965 5039 διαμειψα-

600 5068 680 5123 ad
720 5066 1179 5140 appellationem
1215 5065 1602 5118 converterat.
1638 5065 1910 5133 Proptere
1942 5064 2156 5117 avocat
2185 5078 2225 5115 St

2357 5063 2479 5131 μένη
2508 5063 2596 5109 καὶ
2627 5059 2691 5108 τὰ
2713 5057 2943 5129 ῥήματα.
3006 5058 3090 5105 Διὸ
3136 5074 3265 5125 φησι
3308 5054 3527 5119 Παῦλος,
3574 5057 3599 5107 ὁ
3657 5063 3751 5108 καὶ
3804 5058 3962 5113 αὑτὴν

600 5157 859 5223 Paulum,
884 5160 1172 5226 tanquam
1198 5152 1303 5224 qui
1327 5151 1529 5223 ipsum
1561 5166 1781 5207 nomen
1828 5151 2061 5207 Domini
2094 5151 2152 5205 in
2186 5166 2225 5204 St

2358 5150 2507 5200 οἱονεὶ
2538 5151 2629 5203 τὴν
2689 5145 2873 5202 κλῆσιν
2952 5144 3005 5195 ἐκ
3045 5150 3365 5205 Δεσποτικῆς
3422 5144 3722 5216 φιλοτιμίας
3778 5158 3956 5217 φςρων,

677 5307 725 5343 ⁵³
756 5294 902 5363 Osee
933 5320 1011 5371 VI,
1046 5306 1076 5359 6
1111 5317 1126 5371 ;
1158 5301 1354 5359 Matth.
1386 5317 1484 5367 xu,
1518 5306 1567 5356 7.
1605 5303 1651 5337 ⁵⁸
1684 5305 1853 5359 Marc.
1890 5316 1946 5367 Il,
1982 5306 2069 5357 2‘7.
2103 5302 2150 5336 ⁸³
2181 5300 2327 5357 ibid.
2358 5302 2448 5353 28.
2481 5298 2528 5332 ⁵⁸
2560 5299 2726 5352 Joan.
2764 5313 2801 5363 I,
2842 5299 2923 5351 l3.

2172 5407 2399 5464 NOTAE.

684 5523 773 5593 (36
824 5523 909 5577 lta
938 5519 1099 5576 Colb.
1130 5534 1234 5593 pro
1267 5517 1448 5575 altero
1478 5516 1704 5570 ἔλαττον.
2436 5512 2547 5582 (39)
2571 5510 2805 5565 Initium
2821 5509 2997 5579 hujus
3016 5509 3282 5580 responsi
3302 5509 3674 5580 exstatapud
3692 5512 3972 5566 (Ecume-

684 5522 801 5664 (37%
853 5593 924 5654 εἰς
972 5591 1138 5649 ἀσασ.
1204 5592 1563 5664 συνηγάγομεν
1610 5592 1930 5663 συμφωνίαν,
1964 5603 2031 5645 ex
2084 5586 2253 5644 Colb.
2368 5583 2535 5641 nium
2565 5582 2673 5638 sub
2704 5582 2886 5639 Photii
2928 5581 3187 5645 nomine,
3224 5596 3283 5655 p.
3325 5579 3427 5634 202
3459 5581 3869 5640 Commentar.

626 5650 631 5653 τ
684 5579 801 5665 ξ37δ
853 5593 924 5654 εἰς
972 5579 1147 5649 ἀσασῖ
1204 5592 1563 5664 συνηγάγομεν
1610 5592 1930 5663 συμφωνίαν,
1964 5603 2031 5645 ex
2084 5586 2251 5644 Colb.

685 5665 867 5739 (Idem
898 5680 1007 5739 pro
1037 5667 1162 5725 εἴης.

2243 5628 2253 5643 .
2368 5579 2536 5641 nium
2565 5582 2673 5638 sub
2704 5582 2886 5639 Photii
2928 5579 3187 5645 nomine,
3224 5596 3283 5655 p.
3325 5579 3427 5634 202
3459 5579 3868 5640 Commentar.

776 5680 867 5721 em
898 5680 1007 5739 pro
1037 5682 1162 5725 ειης.
