4116 6194
303 286 410 343 749

1311 290 1404 344 AD
1447 283 1989 346 AMPHILOCHIUM
2032 285 2357 353 QUASSTIO
2397 289 2690 348 CXXXVI.

3559 302 3664 359 750

303 414 328 465 6
373 415 542 466 πάντα
587 412 886 472 πλουτήσας
918 411 1018 465 ἀπὸ
1051 421 1142 466 τοῦ
1187 422 1442 487 Χριστοῦ,
1490 419 1548 467 τὸ
1581 419 1758 486 ὄνομα,
1806 415 1876 470 τὴ

2013 414 2203 470 amori
2233 415 2489 482 deberet,
2541 416 2764 489 quique
2803 432 2840 473 a
2883 415 3111 474 Christo
3163 419 3387 488 omnia,
3439 438 3662 484 nomen

300 508 500 566 πίστιν,
554 508 637 554 τόν
685 505 864 566 πόθον,
920 506 1006 554 τόν
1053 499 1268 577 δρόμον,
1312 509 1405 563 τὴν
1462 503 1776 567 ἀποστολὴν,
1837 503 1900 552 τὰ

298 592 672 663 πολιτεύματα,
720 591 928 652 εἰκότως
983 600 1260 667 τοιγαροῦν
1317 599 1405 647 καὶ
1464 615 1490 646 ‹(
1543 591 1727 653 δοῦλος
1774 597 1901 662 Χρι-

302 688 447 734 στοῦ.
509 704 535 730 ››
579 681 636 732 Ὀ
684 684 782 755 γὰρ
830 689 1024 754 προῖκα
1078 690 1309 735 τοσαῦτα
1353 683 1541 748 λαϐὼν,
1591 687 1678 734 καὶ
1733 676 1896 751 μηδὲν

296 772 764 842 προκαταθέμενος,
812 778 921 831 πῶς
979 770 1106 842 οὐχὶ
1161 768 1345 833 δοῦλος
1407 773 1542 844 (40),
1609 777 1699 823 καὶ
1749 769 1791 821 εἱ
1847 787 1897 820 τι

295 858 439 924 ἄλλο,
473 867 564 910 τοῦ
606 855 700 910 διὰ
742 863 1001 911 τοσούτων
1049 865 1367 929 τιμήσαντος
1403 878 1416 927 ;
1448 860 1629 914 Δοῦλοι
1674 862 1762 932 μὲν
1794 861 1894 930 γὰρ

294 953 383 1000 καὶ
440 949 643 1008 ἄκοντες
691 948 929 1014 ἅπαντες,
987 950 1140 1010 ὅσους
1193 951 1218 1000 ό
1288 947 1671 1022 δημιούργικὸς
1731 955 1898 1019 Λόγος

296 1035 352 1088 ἐκ
401 1042 471 1109 μὴ
524 1041 680 1089 ὅντων
735 1037 806 1098 εἰς
840 1037 1060 1110 ὕπαρξιν
1095 1041 1317 1110 θέμενος,
1352 1043 1481 1114 πρὸς
1513 1042 1599 1091 τὸν
1631 1043 1894 1094 Δεσπότην

296 1127 420 1200 όρᾴν
477 1125 782 1198 ἀναγκάζει,
829 1131 920 1178 καὶ
975 1134 1066 1178 τοῦ
1125 1127 1362 1180 Πλάστου
1425 1132 1482 1180 τό
1544 1129 1732 1200 κράτος
1786 1129 1893 1178 ἐπί-

295 1217 546 1268 στασθαι.
600 1220 699 1268 Καὶ
760 1218 860 1288 γὰρ
910 1214 1108 1287 ἀνάγκη
1163 1221 1220 1268 τὸ
1275 1213 1654 1291 δημιούργημα
1710 1213 1893 1268 δοῦλον

291 1301 422 1357 εἶναι
471 1309 560 1356 καὶ
608 1304 914 1366 ύπεξούσιον
965 1314 1060 1366 τῆς
1099 1313 1191 1356 τοῦ
1237 1302 1754 1378 δεδημιουργηκότος
1797 1325 1890 1356 κυ-

289 1398 546 1463 ριότητος.
583 1393 766 1446 Δοῦλον
799 1390 857 1446 δε
887 1399 975 1446 καὶ
1016 1397 1135 1446 ὅσον
1177 1403 1274 1456 τῆς
1319 1404 1410 1447 τοῦ
1440 1400 1728 1469 κρείττονος
1766 1392 1892 1446 ἁπο-

289 1483 435 1536 λαύει
489 1487 751 1556 προνοίας,
815 1489 904 1535 καὶ
955 1492 1045 1543 τῆς
1103 1485 1239 1546 ζωῆς
1299 1487 1470 1558 ὥσπερ
1529 1484 1716 1536 ἐκεῖθεν
1778 1485 1889 1554 ἔχει

288 1577 384 1630 τὴν
415 1573 656 1644 ὕπαρξιν,
709 1573 844 1624 οὕτω
892 1577 980 1624 καὶ
1024 1580 1119 1634 τῆς
1167 1570 1416 1644 διαμονῆς
1466 1577 1558 1631 τὴν
1593 1577 1884 1643 συνέχειαν.

289 1659 400 1714 Εἶεν
442 1659 492 1713 δ’
533 1663 592 1712 ἄν
641 1661 1074 1733 εύγνωμονοῦντες
1123 1658 1319 1728 δοῦλοι,
1361 1667 1444 1714 xui
1478 1665 1660 1723 οἵτινες
1707 1680 1889 1735 τυραν·

2011 508 2174 574 puta,
2231 503 2433 572 ﬁdem,
2485 505 2894 575 desiderium,,
2945 522 3187 562 cursum
3236 511 3656 581 apostolatum,

2007 591 2426 665 reliquamque
2472 595 2603 650 vitae
2647 594 3048 650 conditionem
3084 600 3294 652 nactus
3327 604 3517 668 esset;
3549 619 3659 660 nec

2007 681 2207 736 minus
2228 684 2648 739 convenienter
2669 706 2689 733 ι
2718 699 2958 739 servum
2981 684 3188 740 Christi
3215 687 3282 741 ⁵⁷.
3312 709 3332 738 ι
3369 690 3477 755 Qui
3495 692 3654 748 enim

2007 770 2188 839 gratis
2213 772 2417 828 omnia
2448 776 2768 844 acceperat,
2812 772 3080 844 nihilque
3112 778 3249 830 ante
3279 779 3656 848 praestiterat,

2005 859 2314 930 quomodo
2341 861 2390 916 is
2410 877 2530 917 non
2550 863 2729 917 etiam
2757 877 2985 927 servus,
3018 867 3095 928 et,
3131 864 3180 917 si
3205 865 3353 936 quid
3379 866 3543 923 aliud
3568 873 3657 926 est

2004 947 2269 1014 inferius,
2296 949 2474 1015 illius,
2505 951 2609 1022 qui
2633 951 2811 1007 tantis
2833 967 2971 1007 eum
2996 952 3298 1009 beneﬁciis
3318 965 3654 1026 ornaverat,

2005 1037 2355 1110 appelletur.
2390 1041 2609 1096 Omnes
2637 1040 2818 1109 enim,
2869 1040 3046 1097 etiam
3086 1041 3266 1108 inviti,
3311 1046 3464 1100 servi
3494 1053 3653 1114 sunt,

2002 1131 2299 1200 quotquot
2323 1128 2579 1184 Verbum
2609 1128 2775 1194 illud,
2814 1129 2982 1202 quod
3010 1131 3214 1186 omnia
3252 1132 3537 1200 condidit,
3579 1152 3651 1192 ex

2002 1216 2186 1272 nihilo
2225 1217 2585 1289 producens,
2627 1218 2705 1274 ad
2747 1219 3065 1275 Dominum
3092 1221 3397 1291 respicere,
3441 1225 3650 1282 Condi-

2001 1305 2262 1377 torisque
2322 1307 2412 1361 sui
2453 1308 2780 1378 potentiam
2810 1322 3134 1378 agnoscere
3172 1309 3350 1380 cogit.
3393 1314 3646 1370 Necesse

1999 1393 2160 1449 enim
2199 1400 2287 1451 est
2325 1402 2589 1452 creatum
2649 1412 2890 1469 quoque
2955 1413 3192 1454 servum
3223 1414 3370 1464 esse,
3437 1401 3649 1460 Condi-

1998 1482 2259 1555 torisque
2298 1485 2387 1540 sui
2433 1485 2706 1557 potestati
2746 1485 3099 1542 obnoxium.
3156 1488 3371 1544 Servus
3410 1504 3548 1547 vero
3595 1495 3652 1549 et

1997 1570 2090 1627 ille
2129 1576 2240 1638 est,
2282 1574 2386 1644 qui
2427 1573 2670 1645 majoris
2714 1590 2870 1630 curae
2914 1573 3172 1632 fructum
3211 1576 3388 1649 capit,
3429 1580 3650 1652 quique

1996 1661 2191 1716 eidem
2231 1677 2354 1717 non
2391 1662 2583 1717 solum
2639 1663 2700 1718 id
2738 1663 2930 1726 debet,
2984 1665 3147 1736 quod
3204 1664 3296 1735 sit,
3340 1667 3445 1723 sed
3483 1670 3650 1740 quod

286 1747 434 1812 νίδος
492 1757 679 1825 πικρᾶς
726 1755 815 1802 καὶ
887 1749 1125 1822 χαλεπῆς
1199 1750 1570 1823 αἰχμαλωσίας
1643 1751 1876 1822 μεγάλοις

1997 1751 2174 1806 etiam
2208 1767 2339 1807 esse
2364 1757 2717 1824 perseveret.
2761 1752 2956 1808 Servis
2987 1768 3164 1825 porro
3191 1755 3372 1811 etiam
3412 1755 3494 1813 illi
3518 1759 3653 1829 jure

289 1840 706 1913 ἐλευθερωθέντες
760 1839 982 1914 λύτροις,
1044 1844 1130 1891 τὸν
1183 1841 1442 1912 λυτρωτὴν
1506 1839 1886 1914 ἐπιγράφεσθαι

286 1935 552 1986 Δεσπότην
608 1932 893 2000 ἐγνώκασιν
985 1929 1118 1982 Ἀλλ’
1183 1931 1208 1980 ὃ
1255 1948 1312 2000 γε
1371 1932 1501 1991 θεῖος
1577 1929 1775 1989 Παῦλος
1827 1928 1884 1980 ού

290 2022 495 2079 τούτοις
550 2018 727 2070 ἑαυτὸν
768 2026 873 2078 τοῖς
927 2023 1144 2091 τρόποις
1187 2019 1446 2081 ὑποτάξαι
1489 2024 1705 2092 Χριστῷ
1753 2021 1886 2090 μέγα

283 2107 526 2159 ἐποιεῖτο.
589 2110 746 2160 Κοινά
805 2126 858 2159 τε
907 2111 1001 2178 γὰρ
1047 2116 1232 2172 ταῦτα,
1282 2113 1370 2160 καὶ
1428 2104 1577 2160 οὐδὲν
1633 2107 1884 2180 ἐξαίρετον

281 2193 408 2249 οὐδὲ
468 2198 769 2268 θαυμαστὸν
841 2193 1219 2269 ἐνδεικνύμενα.
1286 2195 1515 2270 Ἐτέροις
1574 2193 1631 2248 δὲ
1693 2195 1882 2268 μᾶλλον

282 2285 467 2337 ἑαυτὸν
518 2283 820 2357 διακοσμεῖ,
873 2291 962 2337 καὶ
997 2282 1306 2336 διαπλάττει
1353 2281 1534 2337 δοῦλον
1572 2285 1775 2337 πλείοσί
1830 2304 1883 2336 τε

277 2381 371 2426 καὶ
402 2375 629 2446 μείζοσι,
665 2380 752 2426 καὶ
800 2377 856 2425 τό
902 2382 994 2436 τῆς
1039 2372 1273 2432 δουλείας
1300 2376 1547 2449 καθαρὸν,
1599 2380 1687 2425 καὶ
1726 2378 1882 2434 ὄντως

279 2463 539 2530 ἐλεύθερον
603 2464 848 2536 λαμπρῶς
902 2460 1275 2516 ἐπιδείκνυται.
1347 2469 1447 2516 Καὶ
1516 2472 1718 2537 πρῶτον
1767 2467 1875 2534 μὲν,

279 2549 353 2612 οἷς
403 2555 556 2624 ἔσχεν
613 2549 759 2614 ἰδίως
805 2552 1189 2624 φιλοτιμεῖσθαι
1235 2559 1340 2613 τοῖς
1401 2548 1698 2624 δεδομένοις
1737 2551 1877 2621 αύτῷ

280 2644 424 2716 παρὰ
475 2649 566 2692 τοῦ
618 2641 855 2693 [Ιλάστου
895 2647 1216 2713 χαρίσματι.
1268 2644 1528 2714 Δεύτερον,
1571 2651 1642 2713 τῷ
1695 2640 1878 2716 ἐξηρη-

279 2735 414 2803 μένῳ
475 2739 571 2782 τῶν
622 2730 784 2782 α’λλων
843 2729 1121 2802 ἀνθρώπων
1194 2736 1281 2782 καὶ
1363 2727 1603 2804 διαπύρῳ
1664 2739 1753 2791 τῆς
1810 2731 1876 2791 εἰς

278 2820 436 2871 αὐτὸν
487 2819 820 2890 ἀγαπήσεως.
874 2824 973 2872 Καὶ
1026 2824 1198 2894 τρίτον
1243 2827 1302 2890 τῇ
1348 2818 1724 2892 ἀπροφασίστῳ
1782 2828 1875 2880 τῆς

277 2906 575 2969 ἀποστολῆς
624 2909 905 2980 ὑπηρεσία,
987 2913 1075 2959 καὶ
1129 2916 1200 2977 τῷ
1277 2907 1627 2979 ἀπαραϐλὴτῳ
1694 2904 1873 2979 δρόμῳ

273 3004 372 3057 τῆς
430 2993 680 3061 δουλείας,
738 2996 981 3071 ἐλευθέρῳ
1044 3001 1335 3070 φρονήματι
1402 3001 1497 3053 τὴν
1550 2999 1617 3058 ὡς
1672 2995 1875 3059 ἀληθῶς

273 3085 544 3156 ἐμφανίζει
602 3086 875 3155 εὐγένειαν.
954 3091 1051 3138 Καὶ
1109 3090 1239 3157 πρὸς
1294 3105 1352 3156 γε
1406 3094 1515 3147 τοῖς
1587 3085 1945 3173 εἰρημένοιςε

270 3183 334 3246 τῆ
385 3173 620 3248 ἀκριϐείᾳ
665 3181 752 3226 καὶ
804 3176 1127 3246 καθαρότητι
1179 3182 1270 3226 τοῦ
1330 3174 1724 3247 πολιτεύματος,
1798 3172 1869 3226 δι’

269 3265 338 3313 ὧν
372 3263 550 3315 ἑαυτὸν
575 3261 756 3315 δοῦλον
787 3269 876 3315 καὶ
920 3272 1073 3335 σῶμα
1112 3268 1200 3314 καὶ
1232 3263 1417 3332 ψυχὴν
1450 3268 1538 3314 καὶ
1568 3263 1868 3334 λογισμούς,

267 3358 357 3404 xui
413 3355 579 3404 πάντα
629 3355 695 3403 τὰ
766 3362 837 3423 τῷ
911 3360 1123 3424 Χριστῷ
1185 3356 1576 3426 παρεστήσατο’
1633 3348 1871 3423 ούδαμοῦ

267 3447 359 3498 τὴν
406 3439 619 3512 ἐκλογήν
661 3441 938 3512 αἰσχύνας,
992 3437 1113 3492 οὐδὲ
1145 3446 1236 3498 τὴν
1287 3443 1476 3492 ἄνωθεν
1523 3440 1694 3512 ψῆφον
1745 3460 1871 3512 (puu-

265 3530 438 3599 λίσας,
484 3539 760 3601 πανταχοῦ
803 3526 1078 3601 δὲμᾶλλον
1130 3531 1266 3581 θείαν
1315 3532 1377 3589 ὡς
1429 3528 1626 3589 ἀληθῶς
1669 3527 1870 3600 ἀποφὴ-

265 3639 379 3679 νας,
425 3626 508 3671 καὶ
558 3627 665 3680 τοῖς
725 3622 890 3692 ἔργοις
937 3624 1028 3677 την
1062 3623 1236 3693 κρίσιν
1295 3617 1732 3691 βεϐαιωσάμενος,
1779 3623 1869 3670 καὶ

265 3704 434 3778 μηδὲν
483 3708 664 3773 λιπὼν,
719 3713 769 3760 τί
817 3705 899 3760 δεῖ
937 3707 1097 3778 λέγειν
1157 3716 1252 3758 τῶν
1307 3706 1513 3758 ἐντολῶν
1571 3706 1868 3781 ἀκατόρθω-

264 3817 374 3861 τον,
409 3799 535 3849 ὅπου
586 3797 756 3850 λαϐεῖν
795 3800 949 3861 ἔστιν,
985 3798 1044 3858 οἷς
1095 3802 1184 3848 καὶ
1229 3795 1632 3868 ύπερεϐάλλετο;
1666 3800 1866 3848 Δείκνυ-

261 3905 354 3938 ται
409 3895 682 3960 τοιγαροῦν
730 3891 755 3938 ό
813 3887 1105 3958 θαυμάσιος
1180 3884 1397 3952 Παῦλος,
1459 3887 1575 3937 καθ’
1636 3886 1720 3937 ἕνα
1776 3889 1864 3957 μὲν

261 3979 454 4049 τρόπον
503 3971 706 4038 δοῦλος,
756 3977 825 4034 ὡς
865 3984 958 4035 τῆς
1011 3971 1396 4049 δημιουργικῆς
1444 3973 1687 4046 παλάμης
1726 3974 1865 4045 φιλο-

262 4068 523 4135 τέχνημα,
578 4065 706 4119 Καθ’
740 4064 907 4138 ἕτερον
949 4061 1028 4127 δὲ,
1081 4067 1148 4125 ὡς
1192 4071 1252 4134 τῇ
1306 4065 1494 4116 ἐκεῖθεν
1525 4068 1741 4137 προνοίᾳ
1769 4068 1861 4120 τήν

261 4153 485 4225 ὕπαρξιν
533 4159 896 4224 συνεχόμενος,
931 4154 1038 4205 εἶτα
1083 4156 1150 4214 ὡς
1181 4153 1533 4224 ὴγορασμένος
1564 4161 1634 4222 τῷ
1665 4159 1860 4204 Δεσπο-

259 4251 390 4312 τικῷ
448 4242 650 4313 αἵματι,
707 4242 881 4293 λοιπόν
949 4240 1170 4293 ἐντεῦθεν
1242 4243 1306 4292 τὰ
1364 4238 1654 4303 ἰδιάζοντα·
1737 4238 1861 4294 οὐδὲ

256 4335 385 4404 γὰρ,
418 4328 541 4383 οῦδὲ
580 4336 742 4405 μέχρι
789 4334 982 4384 τούτων
1025 4333 1251 4398 ῖσταται,
1300 4326 1424 4382 οὐδὲ
1467 4334 1572 4400 (41)
1616 4338 1724 4391 τοῖς
1753 4350 1859 4382 xor-

257 4428 362 4480 νοῐς
415 4425 506 4478 τὴν
562 4420 722 4471 αὑτοῦ
772 4417 1009 4472 δουλείαν
1059 4421 1384 4491 περιγράφει,
1440 4417 1565 4470 ἀλλά
1619 4425 1707 4472 καὶ
1754 4440 1856 4491 χα-

255 4512 528 4583 ρισμάτων
599 4509 817 4560 πλοῦτον
892 4507 1334 4581 περιϐαλλόμενος,
1396 4507 1548 4568 ἀλλης
1623 4506 1856 4569 δουλείας

257 4600 404 4668 ζυγῲ
504 4603 591 4650 καὶ
668 4602 839 4670 τρόπῳ
915 4597 1095 4648 ἐαυτὸν
1167 4598 1568 4667 ύποζεύγνυσιν,
1654 4595 1852 4650 ἀντιδε-

256 4689 502 4750 ξιοῦσθαι
560 4687 853 4755 φιλονεικῶν
919 4687 1012 4738 ούκ
1078 4686 1288 4738 εἰωθόσι
1368 4688 1682 4760 θεραπείαις,
1769 4691 1854 4739 τόν

251 4780 573 4848 καινοτέραις
624 4775 778 4826 αὐτὸν
839 4774 1306 4846 φιλοτιμησάμενον
1355 4777 1570 4846 χάρισι.
1626 4779 1728 4826 Ναὶ
1783 4771 1850 4833 δὴ

250 4869 345 4916 καὶ
388 4863 501 4915 ἀντὶ
545 4866 747 4915 πάντων
792 4862 924 4934 φιλεί
948 4865 1033 4914 τὸν
1075 4867 1359 4927 Δεσπότην,
1396 4862 1607 4934 φίλτρου
1641 4861 1854 4935 ὑπερϐο-

248 4954 346 5012 λὴν
400 4953 458 5005 ού
506 4952 691 5004 λείπων
741 4955 870 5016 (4-2),
923 4956 1011 5003 καὶ
1062 4955 1237 5023 μεῖζον
1281 4951 1324 5002 εἰ
1375 4953 1508 5004 κατά
1554 4951 1702 5022 λόγον
1762 4960 1851 5004 τοῦ

253 5041 642 5113 θαυμάζεσθαι.
716 5046 814 5092 Καὶ
898 5041 1068 5092 πάντα
1153 5038 1389 5091 σκύϐαλα
1464 5041 1688 5110 ἡγεῖται,
1772 5043 1854 5092 ἵνα

249 5134 484 5205 Χριστόν
536 5134 621 5181 τὸν
671 5131 983 5200 ποθούμενον
1053 5125 1310 5202 κερδήσῃ.
1370 5129 1532 5182 Ἀλλὰ
1582 5134 1670 5181 καὶ
1727 5129 1851 5182 ἀπο-

323 5229 368 5263 “
404 5230 636 5293 Rom.1,
680 5233 723 5284 1.

1996 1841 2204 1896 merito
2224 1840 2584 1908 habeantur,
2612 1841 2956 1914 quicunque
2980 1842 3058 1898 ab
3093 1843 3314 1900 acerba
3329 1846 3647 1916 tyrannide

1995 1934 2050 1985 et
2069 1929 2392 1986 durissima
2417 1931 2755 2002 captivitate
2774 1931 3190 2004 magnopretio
3207 1932 3487 2006 redempti
3503 1935 3647 1992 libe-

1993 2023 2242 2075 ratorem
2280 2019 2580 2075 Dominum
2607 2035 2850 2093 quoque
2877 2036 3044 2076 suum
3083 2021 3506 2094 appellandum
3523 2040 3651 2082 esse

1991 2107 2341 2178 inielligunt.
2386 2108 2632 2164 Divinus
2699 2125 2840 2165 vero
2898 2109 3115 2166 Paulus
3175 2112 3318 2167 tanti
3353 2112 3484 2169 haec
3524 2129 3647 2171 non

1992 2196 2142 2267 fecit,
2177 2203 2240 2253 ut
2260 2198 2330 2252 iis
2357 2202 2586 2254 tantum
2617 2197 2966 2254 nominibus
3001 2215 3062 2254 se
3094 2199 3448 2270 subjiceret;
3481 2217 3650 2259 com-

1992 2286 2195 2342 munia
2245 2287 2406 2342 enim
2446 2287 2574 2342 haec
2611 2286 2876 2343 habebat
2935 2303 3073 2344 cum
3128 2287 3260 2354 iliis,
3324 2305 3459 2363 quae
3497 2291 3644 2348 nihil

1990 2376 2273 2448 praecipui
2311 2381 2412 2432 aut
2453 2376 2851 2433 admiratione
2891 2376 3057 2447 digni
3107 2393 3316 2434 secum
3355 2379 3645 2438 ferebant.

1987 2463 2118 2521 Alia
2151 2480 2286 2521 vero
2325 2470 2513 2532 erant,
2547 2481 2739 2538 eaque
2789 2465 2962 2538 plura
3018 2471 3076 2523 et
3120 2467 3373 2538 majora,
3406 2475 3649 2541 prOpter

1987 2569 2120 2626 quae
2164 2555 2315 2610 servi
2347 2571 2408 2610 se
2457 2554 2700 2610 nomine
2731 2555 3082 2611 cohonestat
3110 2560 3167 2612 et
3215 2561 3408 2622 ornat,
3463 2558 3644 2615 servi-

1987 2643 2244 2715 tutisque
2265 2643 2616 2714 dignitatem
2637 2649 2694 2700 et
2710 2644 3042 2700 libertatem
3068 2661 3201 2701 vere
3224 2645 3403 2702 talem
3419 2647 3648 2717 magni-

1985 2731 2094 2788 fice
2142 2737 2416 2789 ostentat.
2478 2736 2632 2790 Inter
2680 2734 2804 2788 haec
2853 2733 3118 2804 primum
3182 2735 3386 2791 locum
3444 2739 3646 2793 tenent

1983 2822 2234 2891 egregia
2282 2821 2394 2878 illa:
2425 2822 2616 2890 dotes,
2648 2821 2870 2895 quibus
2913 2837 2950 2878 a
2995 2822 3308 2879 Conditore
3360 2823 3473 2880 sibi
3505 2840 3645 2882 con-

1982 2910 2166 2964 cessis
2197 2910 2438 2982 gloriari
2467 2926 2587 2982 prae
2609 2910 2737 2967 aliis
2766 2914 3014 2982 poterat.
3058 2910 3323 2967 Alterum
3354 2915 3442 2968 est
3469 2927 3643 2969 amor

1981 2998 2410 3065 efﬁcacissime,
2461 3005 2517 3055 et
2563 3001 2773 3069 magis,
2833 3015 3021 3071 quam
3053 3000 3112 3054 in
3164 2999 3437 3055 homines
3467 3001 3637 3067 alios,

1983 3087 2270 3144 adversus
2301 3105 2364 3144 se
2391 3088 2700 3160 probatus.
2729 3088 2987 3143 Tertium
3018 3087 3243 3144 functio
3265 3088 3638 3158 apostolatus

1983 3179 2110 3232 sine
2133 3177 2610 3247 tergiversatione
2638 3182 2934 3250 suscepta,
2963 3192 3074 3233 nec
3094 3177 3470 3233 intermissus
3493 3193 3641 3248 prm-

1981 3267 2133 3321 conii
2164 3266 2476 3336 evangilici
2502 3282 2735 3323 cursus.
2769 3265 2947 3322 Ethis
2971 3265 3380 3338 praerogativis
3407 3266 3636 3338 magni-

1980 3355 2090 3410 ﬁce
2111 3360 2166 3410 et
2190 3355 2448 3425 ingenue
2475 3355 2543 3410 de
2578 3355 2856 3410 servitute
2882 3369 2992 3410 sua
3019 3355 3279 3410 sentiens
3309 3370 3510 3412 veram
3531 3371 3639 3412 no-

1979 3443 2268 3500 bilitatem
2315 3445 2706 3502 demonstrat.
2758 3443 2842 3500 Ad
2892 3443 3020 3499 haec
3062 3444 3268 3500 omnia
3313 3443 3638 3502 accedebat

1978 3536 2178 3588 curata
2193 3537 2249 3587 et
2262 3532 2524 3601 ingenua
2540 3547 2633 3587 res
2654 3548 2794 3588 suas
2811 3531 3028 3601 agendi
3045 3530 3216 3600 ratio,
3232 3547 3538 3605 perquam
3553 3547 3639 3589 se-

1976 3621 2174 3693 ipsum
2189 3637 2428 3677 servum
2445 3621 2610 3694 quod
2632 3621 2711 3676 ad
2731 3636 2949 3692 corpus
2967 3621 3231 3677 animam
3251 3625 3637 3693 mentemque

1975 3714 2032 3764 et
2057 3715 2272 3766 caetera
2297 3709 2556 3783 denique
2586 3711 2791 3766 omnia
2817 3709 3046 3766 Christo
3088 3708 3337 3765 sistebat
3365 3726 3379 3776 ;
3408 3709 3638 3767 electio-

1976 3812 2112 3853 nem
2146 3799 2236 3853 sui
2284 3798 2435 3854 adeo
2484 3814 2600 3854 non
2653 3798 3003 3868 deturpans,
3045 3801 3148 3853 aut
3198 3797 3439 3854 caeleste
3467 3797 3542 3854 de
3573 3814 3634 3856 se

1967 3885 2262 3956 judicium
2293 3887 2460 3958 parvi
2485 3886 2734 3951 faciens,
2769 3891 2834 3942 ut
2877 3887 3076 3958 potius
3109 3902 3215 3958 pro
3267 3886 3473 3944 divino
3498 3902 3635 3943 mu-

1973 3989 2111 4030 nere
2141 3990 2178 4030 a
2230 3991 2294 4030 se
2335 3974 2540 4029 haberi
2590 3979 2869 4030 testatum
2924 3974 3162 4040 faceret,
3225 3974 3408 4047 idque
3451 3990 3632 4046 opere

1973 4065 2107 4138 ipso
2156 4064 2438 4122 ﬁrmaret,
2491 4078 2600 4118 nec
2653 4063 2985 4135 quidquam
3027 4068 3464 4134 praeceptorum
3503 4065 3631 4134 ejus

1972 4152 2313 4223 negligeret,
2344 4155 2407 4206 ut
2434 4153 2646 4207 eadem
2691 4151 2752 4206 in
2785 4149 3086 4206 nonnullis
3134 4150 3315 4207 etiam
3344 4167 3629 4223 superare

1968 4241 2343 4311 intelligatur.
2395 4239 2796 4295 Admirandus
2853 4239 3054 4312 itaque
3110 4239 3332 4296 Paulus
3384 4255 3456 4296 ex
3507 4255 3631 4299 una

1969 4335 2135 4403 parte
2166 4345 2406 4385 servum
2455 4344 2516 4385 se
2545 4329 2715 4391 sistit,
2765 4334 3058 4401 tauquam
3091 4343 3308 4384 manus
3359 4327 3630 4400 omnipo-

1969 4421 2144 4476 tentis
2170 4436 2323 4491 opus
2348 4438 2360 4488 ;
2406 4435 2479 4473 ex
2502 4418 2686 4474 altera
2707 4433 2848 4474 vero
2869 4416 3066 4484 talem,
3097 4417 3200 4490 qui
3226 4433 3332 4489 per
3356 4414 3626 4476 divinam

1967 4509 2406 4583 providentiam
2436 4525 2564 4566 esse
2589 4513 2944 4581 perseveret,
2973 4510 3200 4581 quique
3217 4509 3454 4566 Domini
3486 4525 3628 4567 san-

1965 4616 2142 4671 gume
2172 4599 2245 4655 sit
2266 4599 2630 4670 redemptus.
2665 4598 2760 4654 His
2783 4613 2925 4654 vero
2954 4612 3043 4664 ea,
3078 4614 3214 4671 quae
3239 4598 3480 4671 propria
3511 4599 3626 4656 sibi

1963 4688 2162 4754 habet,
2191 4688 2403 4759 jungit,
2428 4703 2620 4759 neque
2651 4687 2710 4742 in
2740 4687 2912 4744 dictis
2940 4686 3284 4760 acquiescit,
3319 4691 3422 4744 aut
3461 4703 3625 4746 com-

1966 4777 2247 4834 munibus
2277 4777 2389 4832 illis
2423 4775 2727 4832 beneﬁciis
2775 4776 3120 4832 servitutem
3151 4792 3325 4833 suam
3365 4775 3616 4834 circum-

1961 4866 2184 4922 scribit.
2238 4866 2427 4922 Multis
2459 4865 2617 4921 enim
2649 4865 2855 4937 gratiae
2887 4864 3062 4921 donis
3119 4880 3181 4921 se
3238 4865 3614 4923 cumulatum

1961 4970 2308 5024 agnoscens,
2339 4953 2489 5010 alius
2519 4953 2814 5011 servitutis
2839 4954 2985 5026 jugo
3016 4957 3075 5010 et
3116 4954 3318 5024 generi
3377 4970 3441 5012 se
3473 4954 3622 5012 sub-

1956 5043 2100 5114 jicit,
2130 5059 2376 5116 operam
2403 5043 2579 5108 dans,
2602 5047 2667 5100 ut
2690 5058 2811 5099 non
2839 5042 3068 5115 vulgari
3106 5049 3160 5100 et
3196 5048 3484 5101 consueto
3512 5044 3618 5102 ob-

1961 5131 2168 5204 sequio
2227 5148 2384 5200 eum,
2443 5123 2542 5203 qui
2593 5148 2655 5188 se
2693 5131 2867 5188 novis
2918 5136 2974 5188 et
3018 5131 3273 5190 insolitis
3310 5132 3615 5190 beneﬁciis

1819 5324 2044 5381 NOT/E.

317 5424 431 5494 (40)
473 5423 498 5474 6
529 5424 628 5496 γὰρ
667 5429 862 5490 προῖκα
898 5453 967 5462 -—
1001 5425 1128 5495 οὐχὶ
1169 5419 1352 5485 δοῦλος
1383 5421 1584 5495 accepi
1622 5438 1692 5477 ex
1726 5420 1850 5478 Col-

248 5494 402 5551 bert.
601 5494 606 5496 ⁷

324 5565 438 5640 (41)
473 5563 635 5622 Colb.
668 5559 782 5618 οὐδ’
818 5562 887 5619 ἐν.

1960 5423 2144 5566 leg(:3)
2185 5423 2290 5514 βία
2342 5423 2534 5482 scribo
2576 5438 2686 5500 pro
2732 5423 2923 5482 λεῖπον.
2957 5425 3089 5482 Mox
3135 5439 3246 5501 pro
3304 5425 3348 5480 εἰ
3404 5425 3616 5486 malim

2123 5511 2151 5550 e
2178 5515 2231 5556 η.

2123 5511 2231 5556 οη.
