3926 6190
419 279 520 336 751

1661 275 1896 332 ΡΗΟΤΙΙ
1937 273 2120 330 PATB

2210 274 2422 332 RCHz’E
2461 276 2569 333 (ΣΡ.
3665 278 3758 330 ῖῧὲ

421 407 805 473 mactaverat,
863 403 1123 460 vicissim
1166 403 1478 476 exciperet.
1514 403 1834 476 Propterea
1871 399 2070 466 etiam,
2103 401 2120 455 1

2210 402 2444 454 πάλλεται
2499 400 2687 473 κῆρυξ,
2763 404 2851 452 καὶ
2904 398 3211 471 οἰκουμένην
3265 398 3457 471 πληροί
3529 407 3597 468 τῷ
3678 421 3764 456 κη.

424 496 737 550 Dominum
772 509 888 564 prae
918 492 1046 548 aliis
1090 493 1373 549 omnibus
1397 497 1580 562 amat,
1629 492 1702 548 de
1735 490 1957 547 amoris
1986 489 2072 544 sui

422 585 555 656 ipsa
612 583 1031 651 admiratione,
1087 589 1150 637 ut
1210 583 1567 638 conveniens
1620 588 1763 646 erat,
1807 581 2073 651 majoris,

426 671 838 740 magnitudine
870 671 1016 726 nihil
1038 672 1357 726 remittens.
1386 671 1599 726 Omnia
1633 685 1807 741 porro
1849 685 1956 741 pro
1992 685 2079 724 re-

419 760 619 832 jiculis
653 761 843 824 habet,
874 765 935 814 ut
974 761 1290 826 Christum,
1334 760 1446 815 sibi
1481 758 2073 820 desideratissimam,

425 850 702 904 lucretur.
745 849 985 904 Mittitur
1023 865 1164 904 vero
1202 850 1381 905 etiam
1424 854 1485 904 ut
1514 863 1733 920 prteco,
1768 852 2078 919 totumque

427 938 636 995 orbem
677 938 979 1010 praeconio
1039 954 1156 993 suo.
1202 938 1426 1009 implet,
1463 936 1909 1007 Hierosolymis,
1946 941 2080 991 tan-

428 1044 613 1100 quam
638 1046 671 1082 a
691 1026 1052 1095 carceribus,
1077 1043 1268 1098 usque
1291 1027 1368 1082 ad
1385 1041 1595 1082 omnes
1613 1032 1905 1080 tarrarum
1931 1025 2079 1080 ﬁnes

431 1117 1447 1188 excurrens,etevangeliumusque
1482 1115 1559 1171 ad
1581 1114 1798 1171 Oceani
1833 1113 2082 1168 ﬂumina

429 1207 811 1264 ebuccinaus.
857 1206 1163 1276 Ejusmodi
1213 1206 1550 1261 servitutem
1592 1204 1810 1259 servire
1852 1203 2080 1258 Christo

430 1297 646 1353 Paulus
671 1295 978 1352 didicerat.
1014 1296 1112 1351 His
1149 1312 1283 1351 vero
1314 1303 1372 1351 et
1402 1296 1729 1366 septimum
1762 1293 2080 1356 servitutis,

432 1401 615 1457 genus
654 1385 900 1450 accedit,
947 1385 1192 1458 quando
1231 1386 1390 1455 leges
1430 1390 1487 1440 et
1523 1383 1788 1439 instituta
1827 1383 1980 1446 vitae,
2025 1382 2082 1436 in

433 1475 662 1532 Christo
713 1480 880 1539 actae,
937 1480 1059 1530 tam
1115 1480 1318 1530 sancte
1374 1473 1763 1544 solliciteque,
1811 1477 1871 1527 ut
1910 1486 2086 1526 nemo

434 1565 580 1622 alius
601 1579 827 1628 eorum,
858 1563 963 1634 qui
995 1563 1082 1618 vel
1111 1568 1246 1618 tunc
1287 1563 1378 1618 vel
1412 1567 1618 1634 postea
1642 1561 1944 1624 vivebant,
1979 1558 2086 1613 ob-

436 1651 1074 1715 servavitetcustodiit,
1091 1667 1305 1722 corpus
1319 1667 1489 1706 suum
1517 1650 1820 1717 castigans
1832 1653 1888 1703 et
1901 1649 1958 1702 in
1975 1663 2089 1702 ser-

2184 493 2437 563 ρύγματι,
2491 489 2592 542 ἀπὸ
2643 489 2983 563 Ἰερουσαλὴμ
3044 487 3096 550 ἐξ
3137 487 3416 560 ἀφετηρίου
3470 494 3605 549 τινος
3653 495 3768 562 πρὸς

2185 582 2250 630 τά
2305 589 2400 649 γῆς
2457 583 2625 633 πάντα
2674 576 2888 652 δραμὼν
2938 581 3148 651 πέρατα,
3225 583 3314 629 καὶ
3371 582 3566 649 μέχρις
3621 579 3768 629 ωὖτὼν

2188 677 2285 719 τῶν
2342 669 2584 721 Ὠκεανοῦ
2637 669 2904 743 ῥευμάτων
2985 667 3246 728 σαλπίσας
3322 671 3379 718 τό
3458 668 3768 738 Biar/5715:.

2187 761 2442 816 Τοιαύτην
2474 757 2710 811 δουλείαν
2747 760 2772 808 ό
2806 757 3007 818 Παῦλος
3038 758 3318 821 ἠπίστατο,
3353 757 3428 828 ἐφ’
3465 759 3540 816 οἷς
3570 755 3769 828 ἕϐδομος

2190 845 2424 908 δουλείας
2482 847 2746 910 ἐξανύεται
2801 851 3008 920 τρόπος,
3064 842 3137 897 δι’
3196 846 3254 897 οὗ
3322 855 3420 906 τῆς
3469 845 3517 896 ἐν
3579 854 3770 917 Χριστῷ

2191 936 2450 998 πολιτείας
2501 941 2617 996 τοὺς
2669 939 2891 1008 θεσμοὺς
2935 941 3022 987 καὶ
3077 937 3142 986 τὰ
3187 940 3384 1006 νόμιμα
3442 931 3679 1009 καθαρῶς
3731 955 3776 986 τε

2191 1032 2281 1078 xui
2325 1023 2647 1088 σπουδαίως,
2695 1030 2786 1078 καὶ
2823 1027 2892 1086 ὡς
2936 1025 3029 1077 ούκ
3072 1027 3133 1076 ἄν
3181 1044 3261 1086 τις
3308 1025 3501 1098 ἔτερος,
3562 1025 3620 1076 ού
3661 1029 3777 1088 τότε,

2195 1116 2306 1185 (43)
2357 1116 2460 1186 οὐχ
2509 1115 2744 1188 ὕστερον,
2814 1115 3154 1186 κατώρθωσεν
3211 1133 3264 1166 τε
3327 1119 3418 1165 καὶ
3475 1110 3782 1184 διεφύλαξεν,

2193 1206 2510 1265 ύπωπιάζων
2561 1206 2673 1274 (44)
2707 1209 2762 1256 τὸ
2819 1213 2968 1275 σῶμα
3014 1209 3102 1254 καὶ
3154 1199 3530 1273 δουλαγωγὼν,
3575 1208 3643 1269 μη
3694 1223 3784 1263 πως

2195 1293 2367 1354 ἄλλοις
2413 1293 2640 1364 κηρύξας
2690 1292 2841 1352 αὐτὸς
2895 1288 3145 1363 ἀδόκιμος
3192 1295 3429 1361 γένηται.
3494 1290 3657 1343 Αὗται
3709 1299 3788 1349 τῆς

2199 1381 2435 1442 δουλείας
2483 1385 2537 1434 αὶ
2594 1383 2888 1453 θαυμάσιαι
2914 1386 3014 1432 .xui
3056 1385 3320 1452 κρείττους
3357 1380 3576 1439 ἀπάσης
3612 1379 3790 1431 ἐλευθε-

2197 1478 2314 1546 ρίας
2346 1469 2483 1524 ἰδέαι
2511 1471 2739 1541 (εδ-41)·
2769 1475 2985 1532 ταύταις
3029 1469 3247 1534 ἀνέπνει,
3283 1473 3506 1529 ταύταις
3538 1469 3632 1519 οὐκ
3657 1469 3792 1538 ἔληγε

2201 1559 2477 1628 δουλεύων,

2565 1563 2776 1620 ταύταις
2859 1559 3077 1611 ἓναθλὼν
3167 1558 3493 1629 ἐσεμνύνετο.

2198 1652 2407 1724 γράφων
2450 1645 2632 1700 δοῦλον
2686 1648 2864 1700 ἑαυτὸν
2913 1649 3090 1704 Ἰησοῦ
3142 1654 3371 1719 Χριστοῦ
3423 1645 3790 1717 uiror/pisant.

437 1743 685 1796 vitutem
717 1739 1016 1810 redigens,
1049 1755 1121 1793 ne
1148 1739 1279 1794 aliis
1309 1738 1643 1810 praedicans
1669 1739 1794 1808 ipse
1817 1737 1981 1792 ﬁeret
2005 1752 2092 1790 re-

2210 1745 2362 1792 Γοῦτό
2419 1758 2539 1810 μου,
2592 1743 2741 1808 φησὶ,
2799 1740 2856 1788 τό
2915 1736 3138 1807 ἀξίωμα.
3196 1743 3362 1788 Τοῦτο
3421 1745 3520 1794 τῆς
3578 1734 3794 1806 ἀρχαῖς

437 1829 680 1902 probus.
710 1829 840 1884 Hac
865 1834 1004 1884 sunt
1025 1828 1385 1884 admiranda
1404 1827 1504 1884 illa
1516 1827 1801 1899 omnique
1823 1827 2091 1882 libertate

440 1917 677 1974 meliora
690 1917 984 1972 servitutis
1003 1933 1240 1986 genera,
1256 1934 1390 1989 quae
1409 1915 1637 1974 Paulus
1655 1916 1945 1988 spirabat,
1965 1932 2092 1986 quae

441 2007 727 2062 sustinere
741 2023 856 2062 non
873 2005 1194 2072 desinebat,
1208 2006 1426 2080 quibus
1439 2011 1692 2061 onustus
1709 2004 2092 2076 gloriabatur.

441 2097 757 2168 Propterea
787 2097 1005 2152 litteras
1047 2096 1313 2151 scribens
1345 2111 1584 2150 servum
1626 2111 1686 2150 se
1719 2097 1853 2150 .lesu
1888 2094 2093 2150 Christi

439 2184 801 2257 appellabat.
834 2185 984 2250 Haec,
1011 2185 1267 2250 dicebat,
1285 2199 1418 2240 mea
1442 2192 1529 2240 est
1548 2183 1835 2255 dignitas!
1866 2184 1979 2238 hoc
2001 2183 2097 2237 im-

440 2274 751 2345 peratoriae
779 2274 1327 2346 potestatisinsigne
1359 2276 1370 2331 t
1406 2273 1520 2328 hoc
1552 2273 1795 2328 nomine
1814 2271 2096 2328 omnibus

442 2363 619 2418 velim
646 2363 1009 2418 innotescere
1035 2366 1046 2420 t
1083 2363 1189 2428 Qui
1220 2364 1281 2417 in
1307 2363 1534 2417 mundo
1567 2378 1659 2416 res
1689 2377 1827 2416 suas
1850 2361 2095 2424 habent,

443 2450 524 2506 illi
549 2451 794 2522 quidem
821 2469 856 2506 a
876 2451 1086 2506 mundi
1109 2450 1498 2520 dignitatibus
1520 2450 1806 2505 celebrari
1829 2450 2093 2520 cupiunt,

446 2554 607 2593 nunc
646 2539 978 2603 consulum,
1035 2556 1196 2593 nunc
1236 2539 1676 2610 praefectorum,
1719 2555 1878 2593 nunc
1920 2538 2101 2593 tribu-

446 2641 684 2690 norum,
727 2643 884 2682 nunc
923 2627 1054 2682 aliis
1096 2626 1278 2682 titulis
1321 2632 1570 2682 utentes.
1615 2626 1797 2682 Paulo
1841 2643 1980 2682 vero
2020 2626 2098 2682 ad

448 2715 671 2785 gloriae,
697 2716 922 2787 imperii
954 2721 1010 2771 et
1034 2715 1339 2786 dignitatis
1371 2715 1826 2787 amplitudinem
1856 2714 2093 2781 sufﬁcit,

3574 1493 3632 1519 υκ
3657 1493 3791 1538 ili?‘
3924 1493 3926 1568 ι

3574 1561 3660 1610 Διὸ
3715 1562 3793 1607 xui
3924 1583 3926 1620 ι

2203 1829 2442 1890 ἐξουσίας
2487 1831 2544 1879 τό
2589 1826 2866 1898 ἐπίσημον.
2918 1828 3047 1879 Ἀπό
3105 1829 3291 1877 τούτου
3356 1824 3626 1896 βούλομαι
3677 1829 3798 1874 πᾶσι

2202 1918 2568 1989 γνωρίζεσθαι.
2627 1918 2690 1968 Οἱ
2743 1921 2832 1986 μεν
2886 1914 2939 1966 ἐκ
2992 1919 3172 1985 κόσμῳ
3219 1913 3660 1987 ἀναστρεφόμενοι
3709 1911 3796 1963 ἀπὸ

2202 2015 2299 2058 τῶν
2357 2005 2403 2056 ἐν
2469 2009 2650 2076 κόσμῳ
2735 2003 3040 2076 ἀξιωμάτων
3129 1999 3424 2060 δηλοῦσθαι
3509 2001 3799 2073 βούλονται,

2205 2097 2435 2154 ὑπάτους
2489 2095 2724 2160 ἑαυτούς,
2782 2098 2871 2145 xui
2931 2096 3253 2166 στρατηγούς
3310 2095 3401 2142 καὶ
3465 2087 3797 2161 δημάρχους,

2205 2188 2292 2235 καὶ
2346 2187 2409 2235 ru
2463 2191 2683 2236 τοιαῦτα
2729 2185 3125 2254 ὑπογράφοντες.
3186 2181 3372 2250 Παύλῳ
3427 2175 3486 2231 δε
3541 2178 3691 2252 ἀρκεῖ
3742 2179 3802 2237 εἰς

2206 2275 2424 2344 μέγεθος
2481 2279 2569 2324 καὶ
2621 2269 2801 2336 δόξης,
2855 2277 2944 2323 καὶ
2997 2269 3168 2342 ἀρχῆς
3225 2275 3313 2320 καὶ
3367 2268 3691 2340 ἀξιώματος,
3754 2273 3801 2317 τό

2209 2360 2393 2415 δοῦλον
2455 2360 2584 2413 εἶναι
2639 2369 2887 2434 Χριστοῦ,
2938 2358 3168 2412 κάκεῖθεν
3216 2358 3406 2430 μᾶλλον
3459 2360 3488 2416 ἦ
3532 2355 3635 2409 ἀπὸ
3681 2374 3801 2415 τινος

2208 2451 2360 2503 ἆλλου
2407 2453 2780 2522 γινώσκεσθαι.
2813 2449 2947 2503 Ἀλλ’
2999 2448 3132 2501 οὕτω
3189 2453 3359 2519 μέντοι
3388 2448 3733 2519 τεθεωρήσθω
3776 2446 3798 2500 is

2208 2541 2352 2592 αἰτία
2397 2549 2485 2592 τοῦ
2514 2560 2564 2592 τε
2604 2541 2989 2612 προτάττεσθαι
3027 2544 3120 2595 τὴν
3151 2537 3335 2596 κλῆσιν
3368 2544 3465 2588 τῶν
3500 2535 3802 2587 Ἐπιστολῶν

2211 2630 2428 2697 Παῦλον,
2463 2634 2550 2681 καὶ
2579 2637 2671 2681 τοῦ
2700 2625 2792 2681 διὰ
2819 2632 3010 2690 παντὸς
3059 2623 3241 2679 δοῦλον
3283 2626 3464 2678 ἑαυτὸν
3500 2623 3803 2698 ἀναγράφειν

2217 2727 2466 2791 Χριστοῦ.

450 2804 660 2861 Christi
685 2821 814 2860 esse
827 2820 1078 2871 servum,
1096 2810 1272 2876 atque
1285 2805 1399 2860 hoc
1419 2805 1638 2876 potius,
1654 2821 1828 2876 quam
1844 2803 1960 2860 alio
1976 2805 2190 2876 quovis
2203 2809 2455 2874 nomine,
2478 2806 2881 2862 inclarescere.
2905 2810 3091 2878 Atque
3103 2803 3483 2876 hmcquidem
3508 2818 3698 2858 causa
3710 2799 3803 2855 tibi

447 2894 846 2950 existimanda
860 2894 1054 2953 fuerit.
1071 2910 1174 2949 cur
1188 2893 1406 2949 Paulus
1426 2909 1643 2949 nomen
1657 2910 1831 2949 suum
1849 2895 2125 2966 Epistolis
2142 2897 2908 2968 praemisserit,semperque
2926 2911 2985 2949 se
2999 2895 3206 2949 Christi
3221 2909 3459 2948 servum
3477 2891 3803 2964 appellarit.

521 2983 690 3049 Quod
717 2998 856 3039 vero
888 2982 1128 3038 additur
1157 2997 1172 3037 :
1231 3005 1251 3032 ι
1285 2983 1398 3048 Qui
1429 2982 1761 3038 declaratus
1792 2982 1900 3038 fuit
1933 2983 2102 3039 Filius

2283 2990 2351 3038 Τὸ
2401 2986 2511 3054 (42)
2555 2982 2632 3036 δέ’
2670 3009 2694 3034 ‹‹
2741 2983 3068 3058 Ὀρισθέντος
3114 2985 3234 3035 Υἱοῦ
3279 2982 3330 3033 ἐν
3373 2978 3619 3052 δυνάμει,
3675 3001 3699 3029 ι)
3730 2982 3805 3028 καὶ

450 3073 548 3128 Dei
570 3073 631 3128 in
653 3073 916 3144 potentia
933 3074 1001 3140 ⁵ο,
1020 3093 1046 3124 »
1073 3077 1206 3137 etc.,
1230 3072 1329 3127 illa
1357 3072 1499 3127 mihi
1524 3071 1766 3143 quidem
1786 3072 1944 3128 hanc
1975 3089 2103 3129 sen-

447 3163 694 3218 tentiam
711 3162 924 3217 inferre
941 3161 1235 3217 videntur.
1271 3163 1659 3218 Declaratum
1673 3161 1951 3233 appellat,
1975 3167 2105 3218 tan-

447 3267 655 3323 quam,
685 3251 789 3322 qui
818 3255 877 3305 ut
898 3249 1030 3306 talis
1061 3250 1336 3319 cognitus
1365 3249 1460 3319 sit,
1491 3255 1547 3305 et
1585 3250 1658 3306 ad
1691 3251 1961 3306 notitiam
2002 3251 2101 3307 ho-

447 3339 676 3394 minum
719 3338 1061 3410 perductus.
1103 3342 1213 3396 Res
1254 3339 1413 3394 enim
1455 3339 1546 3394 vel
1585 3355 1656 3394 ex
1697 3341 1939 3395 nomine
1993 3356 2103 3396 suo

449 3443 830 3496 cognoscere,
864 3427 954 3482 vel
985 3428 1349 3483 deﬁnitionis
1381 3428 1632 3498 alicujus
1663 3444 1778 3499 ope
1803 3429 2103 3499 percipere

449 3514 735 3571 solemus.
774 3517 1094 3583 Deﬁnitum
1128 3517 1326 3586 itaque
1365 3516 1648 3587 appellat,
1691 3532 1811 3572 non
1857 3517 2030 3588 quasi
2069 3533 2106 3572 a

450 3619 760 3676 quoquam
778 3603 836 3658 in
857 3602 1046 3658 ﬁlium
1067 3604 1142 3658 sit
1159 3604 1474 3674 adOptatus
1497 3621 1510 3668 ;
1535 3605 1692 3661 absit
1713 3605 1827 3661 hoc
1849 3610 1858 3662 l
1887 3621 2101 3678 neque,

449 3693 616 3766 quod
641 3707 860 3748 nomen
884 3692 1004 3747 Filii
1030 3693 1129 3746 Dei
1160 3709 1264 3763 per
1294 3692 1736 3764 impositionem
1769 3694 2103 3766 quamdam

451 3785 664 3838 nactus
695 3781 769 3836 sit
800 3798 813 3847 ;
847 3781 951 3836 sed
989 3781 1289 3851 deﬁnitum
1329 3786 1522 3847 vocat,
1569 3786 1861 3856 tanquam
1900 3784 2003 3855 qui
2034 3799 2104 3838 ex

452 3870 914 3944 proprietatibus
946 3871 1065 3926 suis
1086 3870 1259 3926 nobis
1280 3870 1618 3937 innotuerit,
1665 3878 1719 3927 et
1745 3872 1802 3927 in
1826 3872 2107 3940 cognitio-

454 3976 591 4016 nem
624 3964 913 4026 nostram,
947 3959 1113 4032 quod
1141 3960 1244 4016 illa
1293 3959 1356 4014 in
1385 3960 1659 4016 homines
1692 3961 1866 4027 cadit,
1901 3977 2110 4032 perve-

454 4049 625 4106 nerit.
657 4048 823 4104 Unde
863 4048 1060 4118 igitur,
1114 4055 1170 4104 et
1199 4065 1267 4104 ex
1311 4049 1538 4122 quibus
1571 4049 1890 4106 momentis
1931 4050 2108 4106 Filius

455 4138 557 4194 Dei
586 4137 1028 4197 determinatur,
1071 4141 1126 4192 et
1155 4137 1376 4209 quibus
1405 4138 1870 4209 proprietatibus
1909 4139 2110 4194 distin-

457 4233 585 4285 ctus
616 4243 650 4282 a
678 4227 852 4282 nobis
881 4227 1259 4296 cognoscitur
1291 4227 1318 4283 ?
1349 4226 1430 4281 Ex
1471 4228 1852 4298 propheticis,
1896 4228 2107 4301 inquit,

2213 3074 2350 3136 ἑξῆς,
2404 3075 2647 3130 τοιαύτην
2717 3075 2830 3124 τινά
2886 3092 2976 3144 μοι
3034 3068 3180 3123 δοκεί
3235 3076 3327 3128 τήν
3385 3072 3602 3144 θεωρίαν
3654 3072 3804 3139 ἔχειν’

2211 3163 2560 3237 Ὀρισθέντος,
2611 3167 2790 3233 φησὶν,
2844 3164 2997 3213 οἱονεὶ
3037 3161 3462 3231 ἐπιγνώσθέντος,
3510 3158 3580 3218 εἰς
3625 3166 3806 3228 γνῶσιν

2214 3249 2498 3323 ἀνθρώποις
2533 3250 2832 3310 ἐληλυθότος
2885 3250 3020 3319 (43).
3069 3250 3331 3320 Εἰώθαμεν
3378 3251 3482 3320 γὰρ
3529 3250 3560 3306 ῖς
3605 3248 3808 3317 ὀνόματί

2211 3361 2314 3392 τινι
2370 3339 2778 3410 καταλαμϐάνειν
2826 3343 2890 3391 τά
2937 3342 3243 3411 πράγματα,
3300 3339 3327 3396 ἦ
3384 3334 3479 3388 διά
3519 3356 3674 3388 τινων
3715 3343 3808 3407 ept-

2213 3438 2313 3481 κῶν
2343 3429 2506 3500 λόγων
2541 3429 2612 3491 εἰς
2649 3434 2739 3487 τὴν
2774 3429 2942 3479 αὐτῶν
2993 3427 3322 3498 ἀφικνεῖσθαι
3372 3426 3676 3496 ἐπίγνωσιν.
3714 3430 3804 3474 Si):

2213 3520 2322 3581 όύν,
2350 3521 2663 3590 ὁρισθέντος,
2700 3523 2855 3589 φησὶν
2882 3518 3009 3587 ούχὶ
3035 3520 3091 3567 τό
3119 3517 3260 3589 παρά
3279 3535 3418 3575 τινος
3451 3514 3523 3575 εἰς
3555 3515 3806 3566 υἱοθεσίαν

2214 3606 2539 3678 ἀνειλῆφθαι,
2589 3608 2777 3677 ἄπαγε,
2832 3603 2946 3658 οὐδ’
2997 3608 3076 3657 ὅτι
3115 3610 3208 3662 τὴν
3247 3613 3337 3656 τοῦ
3378 3607 3504 3656 Υἱοῦ
3546 3611 3636 3654 τοῦ
3688 3609 3806 3654 Θεοῦ

2214 3701 2573 3771 προσηγορίαν
2623 3694 2722 3747 ἀπό
2792 3715 2928 3756 τινος
2987 3696 3204 3765 ἐπέσχεν
3267 3695 3474 3755 θέσεως,
3716 3693 3810 3760 6;;-

2219 3789 2446 3852 σθέντος,
2499 3790 2675 3857 φησὶν,
2720 3782 2825 3836 οἶόν
2870 3793 2960 3836 τοῦ
3016 3780 3108 3835 διὰ
3155 3791 3252 3834 τῶν
3308 3788 3430 3855 περὶ
3473 3783 3628 3834 αὐτόν
3679 3777 3808 3832 ἰδιω-

2216 3877 2389 3946 μάτων
2437 3876 2560 3945 ημῖν
2611 3873 3029 3945 ἐμφανισθέντος,
3079 3877 3168 3923 καὶ
3219 3871 3290 3932 εἰς
3347 3881 3547 3941 γνῶσιν
3594 3876 3686 3921 καὶ
3731 3888 3812 3918 κα-

2216 3962 2460 4033 τάληψιν,
2518 3965 2581 4022 ὡς
2638 3963 2741 4015 οἷόν
2790 3966 2845 4014 τέ
2894 3962 3034 4014 ἐστιν
3076 3959 3366 4032 ἀνθρωπινη
3407 3964 3581 4032 φύσει,
3626 3956 3812 4030 περιελ-

2220 4056 2412 4113 θόντος.
2478 4054 2634 4104 Πόθεν
2687 4052 2774 4103 οὖν
2827 4056 2915 4103 xui
2971 4050 3025 4102 ἐκ
3072 4057 3223 4102 τίνων
3276 4052 3302 4100 ό
3371 4058 3465 4101 τοῦ
3516 4056 3650 4100 Θεοῦ
3709 4050 3813 4102 Υἱὸς

2219 4141 2539 4215 ἀφορίζεται,
2591 4146 2677 4193 xui
2729 4146 2865 4192 τίσιν
2919 4137 3156 4198 ἰδιότησι
3195 4140 3727 4213 χαρακτηριζόμενος
3753 4135 3816 4192 εἰς

2218 4240 2407 4302 γνῶσιν
2457 4233 2580 4303 ἡμῖν
2619 4234 2834 4302 ἔρχεται
2865 4248 2877 4296 ;
2911 4231 2998 4282 Ἐκ
3050 4237 3404 4302 προφητικῶν,
3473 4232 3625 4296 φησι,
3689 4245 3814 4297 χρη-

455 4317 735 4373 oraculis.
775 4317 838 4370 Id
869 4316 1027 4370 enim
1067 4314 1382 4385 signiﬁcat,
1425 4315 1668 4371 dicens:
1709 4337 1732 4367 α
1769 4318 1940 4383 Quod
1969 4334 2107 4389 prae-

2223 4329 2384 4387 σμῶν.
2419 4327 2582 4371 Τοῦτο
2612 4323 2711 4391 γὰρ
2753 4323 3052 4393 παρίστησι
3086 4315 3177 4370 διὰ
3209 4325 3298 4368 τοῦ
3336 4316 3515 4368 εἰπεῖν·
3548 4337 3575 4364 ι(
3605 4314 3676 4366 Ὀ
3705 4332 3816 4385 προ-

456 4406 752 4463 nuntiavit
775 4420 881 4476 per
904 4405 1228 4474 prophetas
1258 4419 1397 4459 suos
1431 4404 1488 4458 in
1522 4406 1701 4459 sacris
1726 4406 1950 4461 Litteris
1983 4409 2048 4460 ⁸ο.
2083 4430 2108 4456 ι)

457 4495 677 4551 Deinde
707 4509 848 4549 vero
879 4509 950 4548 ex
974 4492 1277 4549 miraculis
1317 4509 1448 4564 quia
1490 4509 1670 4564 supra
1700 4500 1929 4550 naturae
1957 4496 2111 4551 vires

461 4585 660 4641 edidit.
691 4582 833 4638 Dicit
861 4582 1022 4637 enim
1059 4600 1072 4636 :
1104 4603 1131 4633 «
1160 4582 1270 4650 Qui
1304 4582 1638 4637 declaratus
1662 4589 1753 4637 est
1803 4584 1978 4640 Filius
2016 4586 2109 4640 Dei

460 4676 521 4731 in
545 4673 810 4747 potentia
851 4673 918 4727 ⁸³.
952 4692 979 4724 ››
1013 4673 1194 4727 Porro
1220 4678 1274 4727 et
1297 4672 1514 4744 Spiritu
1543 4677 1771 4738 sancto,
1801 4689 1982 4743 quem
2009 4674 2114 4729 ho-

462 4763 726 4820 minibus
752 4763 811 4817 in
840 4777 904 4818 se
943 4761 1322 4817 credentibus
1352 4761 1636 4818 donabat.
1687 4763 1942 4834 Denique
1974 4779 2114 4820 vero

464 4868 537 4908 ex
562 4868 652 4919 eo,
677 4851 862 4924 quod,
895 4850 1000 4924 qui
1028 4866 1096 4906 ex
1133 4849 1372 4906 Davidis
1407 4850 1631 4906 semine
1659 4857 1832 4906 natus
1862 4857 2002 4915 erat,
2048 4868 2115 4908 ex

468 4941 710 4997 mortuis
737 4941 1064 5005 resurrexit,
1091 4943 1311 4996 Horum
1329 4940 1488 4994 enim
1508 4941 1779 4996 omnium
1809 4945 2116 5010 congeries

540 5067 587 5102 ‘9
617 5066 785 5123 Rom.
819 5082 859 5136 1,
884 5070 933 5122 4.
978 5067 1025 5102 ⁸ο
1057 5065 1202 5122 ibid.
1227 5070 1279 5124 2.
1323 5067 1367 5102 σί
1396 5065 1540 5120 ibid.
1570 5070 1622 5122 3.

2221 4409 2562 4478 επηγγείλατο
2617 4405 2711 4459 διά
2762 4416 2859 4459 τῶν
2923 4415 3198 4478 προφητῶν
3251 4407 3412 4456 αὑτοῦ
3469 4404 3519 4455 ἐν
3599 4408 3817 4474 Γραξαίς

2221 4498 2420 4568 ἁγίαις·
2474 4519 2493 4546 ι
2557 4493 2794 4567 δεύτερον
2839 4495 2892 4546 ἐκ
2947 4505 3044 4546 τῶν
3104 4491 3391 4565 δυνάμεων,
3448 4494 3511 4554 ᾱς
3559 4495 3818 4563 ὑπερφυῶς

2221 4586 2391 4639 ἑτελει.
2439 4608 2465 4636 ‹‹
2517 4593 2618 4638 Τοῦ
2655 4586 2952 4656 ὁρισθέντος
2988 4586 3110 4654 γὰρ,
3176 4589 3354 4656 φησιν,
3407 4585 3532 4633 Υἱοῦ
3588 4590 3726 4634 Θεοῦ
3776 4579 3815 4628 ἐι

2223 4672 2460 4746 δυνάμει.
2498 4696 2520 4725 ν
2557 4673 2684 4725 Εἶτα
2722 4672 2775 4724 ἐκ
2820 4680 2911 4725 τοῦ
2955 4676 3245 4743 Πνεῦματος
3294 4679 3384 4722 τοῦ
3429 4672 3610 4740 ἁγίου,
3665 4672 3693 4721 ὁ
3722 4677 3816 4726 τοῖς

2223 4765 2294 4824 εἰς
2341 4764 2494 4815 αὐτόν
2546 4768 2920 4815 πεπιστευκόσι
2965 4761 3234 4834 ἐχορήγει.
3287 4760 3443 4812 Ἀλλά
3495 4765 3585 4811 καὶ
3629 4758 3689 4810 ἐκ
3736 4763 3816 4808 τοῦ

2225 4852 2511 4911 ἀναστῆναι
2561 4853 2672 4922 (44)
2725 4852 2878 4903 αὐτόν
2935 4850 2987 4902 ἐκ
3041 4855 3335 4924 σπέρματος
3391 4856 3482 4901 τοῦ
3533 4845 3704 4900 Δαϐἑδ
3747 4865 3818 4916 γε·

2223 4946 2542 5014 γεννημένον.
2599 4946 2696 4994 Καὶ
2747 4943 2848 5015 γὰρ
2904 4943 3094 4992 τούτων
3147 4938 3386 4990 ἁπάντων
3442 4940 3472 4995 ἡ
3551 4934 3814 5009 συνδρομὲ

2073 5166 2300 5222 ΝΟΤΕ.

566 5293 653 5350 43)
683 5293 762 5346 EX
788 5289 950 5346 Colb.
977 5289 1110 5344 loco
1141 5289 1292 5350 οὗτός
1320 5308 1392 5340 τε.

566 5293 628 5348 43
683 5293 762 5346 EX
788 5293 950 5346 Colb.
977 5293 1110 5344 loco
1141 5293 1292 5350 οὗτός

563 5293 653 5436 44;
679 5363 841 5436 Idem
869 5376 976 5432 pro
1007 5361 1292 5436 κοπιάζων.

566 5293 628 5348 43
683 5293 762 5346 EX
788 5293 950 5346 Colb.
977 5293 1110 5344 loco
1141 5293 1292 5350 οὗτός
1320 5308 1392 5340 τε.

563 5293 653 5436 44;
679 5363 841 5418 Idem
869 5376 976 5432 pro
1007 5361 1292 5420 κοπιάζων.

540 5293 752 5505 ἓίιιὸ-ΑΗ)
785 5429 920 5485 ἰδέαι
953 5431 1146 5487 scribo
1178 5449 1285 5505 pro
1321 5429 1476 5484 ἰδέαι.

541 5507 656 5579 (42)
687 5504 778 5558 τοῦ
827 5520 936 5579 pra
964 5507 1040 5579 r_6,
1076 5504 1335 5579 ex‘C_olb.

543 5508 633 5579 (42
687 5513 778 5558 τοῦ
827 5520 936 5577 pra
964 5507 1040 5568 τὸ,
1076 5519 1145 5558 ex
1173 5507 1335 5560 Colb.

543 5507 656 5651 (43;
695 5577 949 5649 Respicit
987 5575 1104 5631 huc
1147 5575 1539 5651 (Ecumenius
1577 5576 1614 5632 l.
1649 5592 1724 5643 c.,
1766 5593 1824 5651 p.
1862 5579 1989 5633 203.
2028 5575 2120 5633 his

469 5647 669 5712 verbis
711 5667 721 5708 :
768 5647 853 5702 Δὶὸ
893 5652 982 5702 καί
1046 5666 1121 5711 τις
1159 5654 1249 5701 τοῦ
1297 5647 1610 5724 ὁρισθέντος,
1651 5655 1742 5706 τοῦ
1769 5647 2114 5724 ἡέπιγνωσθέν.

2233 5309 2321 5352 τος
2369 5295 2519 5361 φησὶ,
2567 5295 2654 5361 xui
2710 5290 2774 5350 εὶς
2816 5299 3006 5360 γνῶσιν
3057 5287 3348 5361 ἀνθρώποις
3390 5287 3642 5361 ἐλθόντος,
3689 5289 3822 5361 βιω-

2237 5357 2390 5434 θαμεν
2434 5365 2535 5435 γὰρ
2567 5359 2637 5435 δι’
2684 5357 2915 5435 ὁρισμῶν
2955 5381 3102 5412 τινων
3135 5357 3511 5430 ἔπι-γινώσκειν,
3545 5357 3578 5409 ά
3607 5357 3822 5428 βεϐαίως

2233 5415 2322 5492 κῆῖ
2364 5415 2455 5485 οὐκ
2492 5415 2539 5485 έν
2573 5415 2848 5505 διστάγμιῷ
2882 5433 3224 5504 ἐπιστάμεθα.

2305 5506 2419 5576 (44)
2467 5505 2626 5560 Colb.
2671 5498 2777 5576 prb.
2819 5498 3150 5564 ἀναστάντος.
3185 5505 3241 5560 S.
3283 5503 3546 5559 Paulus:
3592 5500 3678 5564 Ἐξ
3704 5498 3812 5549 ἁνία

2235 5579 2468 5640 στάσεως
2497 5585 2708 5652 νεκρῶν.
