4116 6194
256 308 362 365 753

1255 309 1352 363 AD
1390 300 1933 363 AMPHILOCHIUM
1977 298 2300 369 QUESTIO
2340 306 2642 365 CXXXVI.

3511 319 3615 375 ’154

259 431 485 509 διορίζει
510 438 600 488 καὶ
633 428 1014 493 ἀποδιίστησιν
1046 434 1199 487 αύτόν
1238 442 1337 487 τῶν
1385 433 1548 487 ἄλλων
1596 431 1854 497 ἁπάντων,

1973 445 2110 486 cum
2139 430 2217 487 ab
2243 431 2370 488 aliis
2391 433 2676 490 omnibus
2703 433 3011 506 distinguit
3033 439 3092 491 et
3115 442 3376 508 separat,
3403 441 3625 513 quibus

254 526 399 585 ὅσοις
437 524 571 576 κατά
617 525 778 595 χάριν
829 528 1033 594 γέγονεν
1073 526 1219 585 υἱούς
1271 522 1708 595 ἐπονομασθῆναι.
1757 524 1858 574 Καὶ

257 608 494 664 δείκνυσι
538 616 625 664 xui
680 608 935 665 διδάσκει
978 616 1192 683 πάντας,
1229 614 1382 665 αὑτὸν
1422 610 1552 664 εἶναι
1595 615 1680 663 τόν
1729 608 1856 667 ἀλη-

258 703 361 763 θῶς
412 706 500 753 καὶ
545 704 698 773 φύσει
737 703 856 754 Υίόν
899 710 990 753 τοῦ
1022 710 1154 756 Θεοῦ
1186 707 1275 755 καὶ
1320 707 1467 757 Θεὸν·
1514 702 1665 753 Ὅθεν
1702 697 1856 752 δυνα-

255 793 342 841 τόν
375 792 435 842 οἷν
485 793 561 849 εἴη
613 790 751 861 (45),
796 796 887 842 καὶ
933 790 1060 863 ούχὶ
1103 791 1418 864 πλαγιασμῷ
1467 799 1565 843 τῶν
1611 791 1857 864 ῥημάτων

256 882 430 951 μόνον,
479 878 608 931 ἀλλά
659 879 774 931 κατ’
831 879 1030 933 εὐθεῖαν
1070 879 1204 933 αύτά
1256 885 1580 953 συνείροντας
1618 882 1675 931 τὸ
1723 877 1858 941 ἐξαίο

255 989 397 1044 ρετον
454 977 549 1030 τῆς
605 972 840 1031 υἱότητος
915 978 1006 1023 τοῦ
1072 978 1305 1043 Χριστοῦ
1364 976 1453 1023 καὶ
1519 977 1653 1024 Θεοῦ
1710 971 1856 1040 ἡμῶν

257 1057 509 1130 ἀφορίσαι
565 1077 619 1110 τε
673 1063 762 1111 καὶ
816 1068 1182 1130 παραστῆσαι,
1236 1064 1326 1112 καὶ
1382 1063 1477 1118 την
1531 1063 1648 1132 περὶ
1697 1057 1856 1110 αύτοῦ

255 1152 450 1219 γνῶσίν
502 1166 555 1199 τε
603 1152 693 1200 καὶ
743 1144 949 1205 εἴδησιν
1010 1156 1147 1220 σαφῆ
1199 1153 1290 1200 καὶ
1322 1150 1575 1219 καθαρὰν
1622 1154 1729 1207 τοῖς
1776 1166 1859 1199 πι-

262 1243 408 1297 στοῖς
436 1237 837 1311 παρασχέσθαι.
872 1233 993 1289 Οἷον
1027 1240 1070 1290 εἴ
1099 1256 1180 1298 τις
1204 1236 1428 1310 ἐρωτῴη,
1461 1241 1523 1289 Τί
1549 1236 1688 1288 ἐστιν
1734 1244 1858 1307 Χρι-

261 1329 389 1386 στός
416 1341 429 1391 ;
456 1325 580 1400 ῥᾷον
621 1329 711 1377 καὶ
764 1321 915 1377 οὐδὲν
965 1322 1189 1398 ἐργῶδες
1236 1328 1412 1378 εἰπεῖν·
1458 1331 1683 1399 Χριστός
1718 1324 1858 1376 ἐστιν

259 1415 285 1466 6
320 1410 415 1466 διὰ
462 1422 561 1466 τῶν
610 1423 888 1489 προφητῶν
933 1418 1023 1486 μὲν
1077 1416 1468 1489 προκηρυχθεὶς
1516 1419 1604 1465 καὶ
1655 1417 1859 1485 γενόμε-

256 1523 346 1566 νος
398 1505 534 1555 κατά
595 1506 768 1578 σάρκα
828 1503 884 1555 ἐκ
947 1506 1239 1578 σπέρματος
1309 1500 1494 1568 Δαϐὶδ,
1577 1505 1859 1575 ύπερφυέσι

261 1587 522 1661 δυνάμεσι
570 1594 660 1641 καὶ
722 1593 1045 1663 Πνεύμαντος
1099 1589 1250 1662 ἁγίου
1310 1587 1525 1661 δαψιλεί
1570 1609 1626 1642 τε
1654 1594 1743 1642 καὶ
1769 1589 1862 1662 ἀφ-

262 1681 394 1751 θόνῳ
450 1684 687 1752 χορηγίᾳ
750 1683 809 1731 τὸ
854 1688 953 1730 τῶν
1014 1678 1292 1753 ἀνθρώπων
1365 1684 1507 1751 γένος
1563 1678 1857 1753 εὐεργετῶν,

1970 519 2126 575 ﬁlios
2158 521 2258 576 Dei
2283 522 2571 593 appellari
2600 539 2671 578 ex
2700 524 2893 595 gratia
2923 525 3191 594 contigit.
3210 527 3338 583 Haec
3371 530 3628 586 ostendit

1970 613 2027 665 et
2053 609 2225 666 docet
2254 626 2480 678 omnes,
2533 628 2669 668 eum
2721 629 2853 668 vere
2893 618 2949 668 et
2990 619 3207 670 natura
3252 632 3360 672 sua
3414 619 3626 677 Filium

1970 698 2068 754 Dei
2108 704 2162 754 et
2194 702 2378 755 Deum
2416 715 2567 756 esse.
2618 702 2761 757 Hinc
2791 702 3032 767 scilicet.
3088 709 3267 777 atque
3309 705 3463 763 adeo
3500 724 3626 764 non

1969 804 2037 843 ex
2062 787 2222 844 nuda
2245 789 2509 861 quadam
2540 791 2864 847 verborum
2893 792 3262 865 obliquitate,
3319 795 3426 851 sed
3463 802 3626 854 recta

1968 877 2166 949 potius
2196 878 2307 945 via,
2342 878 2390 934 si
2440 879 2673 950 singula
2707 880 2817 937 sibi
2848 881 3103 938 invicem
3139 882 3490 955 jungautur,
3523 887 3624 943 de-

1967 965 2137 1022 ﬁnire
2168 970 2225 1023 et
2251 967 2661 1026 demonstrare
2700 970 2854 1041 licet,
2885 987 3070 1044 quam
3102 973 3399 1030 eminente
3441 991 3625 1033 sensu

1970 1055 2233 1113 Christus
2263 1060 2319 1113 et
2359 1060 2508 1113 Deus
2539 1062 2741 1115 noster
2790 1060 2966 1115 Filius
3020 1061 3094 1116 sit
3119 1062 3240 1128 Dei,
3287 1063 3623 1138 eademque

1968 1160 2151 1221 opera
2177 1161 2391 1217 puram
2431 1152 2486 1203 et
2524 1147 2859 1204 distinctam
2898 1148 3026 1220 ejus
3066 1152 3466 1223 cognitionem
3507 1171 3623 1211 cre-

1969 1233 2245 1290 dentibus
2281 1236 2686 1308 suppeditare.
2731 1239 2785 1294 Si
2818 1240 2922 1310 qui
2965 1239 3125 1295 verbi
3159 1256 3343 1297 causa
3380 1242 3623 1299 interro-

1969 1328 2140 1395 getur
2169 1342 2181 1380 :
2210 1325 2359 1391 Quid
2394 1330 2481 1382 est
2508 1326 2773 1383 Christus
2805 1326 2833 1382 ?
2862 1326 3036 1383 facile
3068 1328 3150 1383 illi
3181 1335 3237 1385 et
3263 1332 3321 1385 in
3345 1337 3625 1402 promptu

1969 1412 2139 1469 fuerit
2176 1417 2536 1485 respondere
2580 1431 2591 1469 :
2635 1415 2899 1471 Christus
2937 1422 3043 1482 est,
3105 1419 3211 1491 qui
3251 1435 3287 1475 a
3325 1421 3625 1491 prOphetis

1969 1501 2204 1574 quidem
2236 1504 2694 1573 praenuntiatus,
2723 1510 2777 1559 et
2803 1504 3135 1561 secundum
3167 1522 3411 1563 carnem
3440 1524 3510 1563 ex
3534 1523 3628 1564 se-

1971 1606 2131 1646 mine
2162 1591 2397 1647 Davidis
2435 1592 2693 1661 genitus,
2725 1594 2995 1664 potentia
3020 1611 3131 1650 sua
3160 1597 3622 1667 supernaturali,

1971 1679 2274 1752 sanctique
2296 1680 2546 1751 Spiritus
2574 1680 2756 1751 largis
2794 1688 2850 1736 et
2879 1682 3126 1737 inﬁnitis
3157 1683 3331 1738 donis
3360 1684 3625 1742 humano

259 1772 349 1820 xui
403 1764 497 1820 διὰ
553 1776 646 1829 τῆς
700 1768 893 1830 οἰκείας
942 1766 1274 1830 ἀναστάσεως
1334 1772 1421 1820 τόν
1483 1770 1697 1821 θάνατον
1770 1770 1855 1838 μὲν

1973 1768 2171 1838 generi
2196 1768 2508 1832 benefecit,
2539 1774 2596 1825 et
2620 1770 3049 1827 resurrectione
3077 1788 3186 1828 sua
3210 1778 3463 1829 mortem
3494 1776 3622 1847 qui—

258 1862 544 1930 νεκρώσας,
576 1860 780 1909 καὶτὸν
828 1854 966 1927 ᾁδην
1012 1857 1321 1920 σκυλεύσας,
1370 1861 1489 1920 τοὺς
1532 1856 1619 1910 ἀπ’
1665 1857 1859 1909 αἰώνων

262 1943 323 1999 δὲ
371 1952 776 2008 συναναστήσας
827 1946 992 2016 ἐαυτῷ
1023 1949 1254 2020 νεκρούςο
1289 1947 1452 2008 Οὗτός
1487 1946 1625 1999 ἐστιν
1666 1948 1691 1998 6
1732 1954 1857 2019 Χρι·

262 2039 407 2100 στός,
459 2031 602 2095 οὗτος
652 2037 678 2086 6
719 2040 811 2087 τόῦ
866 2043 999 2088 Θεοῦ
1040 2038 1160 2096 Υἱός
1207 2040 1296 2087 καὶ
1340 2039 1488 2096 Θεὸς.
1544 2035 1629 2096 Εἰς
1674 2038 1859 2086 τούτου

258 2128 319 2177 τό
364 2123 671 2195 Εύαγγελιον
730 2125 932 2187 Παῦλος
989 2123 1342 2198 ἀφωρισμένος
1412 2124 1631 2196 ἐγένετο³
1705 2130 1860 2175 τοῦτο

257 2218 580 2285 παρίστησιν
632 2216 662 2272 ἡ
708 2220 799 2266 τοῦ
850 2215 1140 2289 ὁρισθέντος
1184 2216 1305 2266 Υὶοῦ
1354 2220 1486 2266 Θεοῦ
1537 2217 1673 2286 φωνή
1720 2212 1856 2282 (46).

263 2304 522 2377 Πρόσθες,
577 2302 620 2356 εἰ
674 2301 873 2376 βούλει,
954 2306 1080 2376 πρὸς
1147 2301 1433 2365 ἑξάπλωσιν
1485 2308 1573 2355 καὶ
1633 2299 1859 2361 δήλωσιν

261 2395 602 2467 σαφεστέρανθ
659 2389 733 2445 δι’
785 2392 844 2445 ού
897 2397 986 2445 xui
1025 2392 1229 2454 Παῦλος
1259 2392 1404 2445 ἔλαϐε
1445 2395 1608 2464 χάριν
1640 2391 1862 2444 ἀποστο-

257 2481 355 2541 λῆς
412 2483 528 2539 ἔθνη
587 2479 835 2557 βάρϐαρα
889 2489 1091 2551 πεῖσαι,
1146 2487 1237 2534 καὶ
1302 2484 1710 2556 παρασκευάσαι
1766 2482 1862 2533 ὑπ-

259 2577 487 2623 ακοῦσαι
532 2578 593 2644 τῇ
632 2576 804 2624 πίστει
846 2578 936 2623 τοῦ
985 2578 1240 2646 Χριστοῦ*
1285 2576 1550 2625 τουτέστιν
1597 2572 1667 2632 εἰς
1705 2571 1860 2622 αὐτόν

263 2668 553 2713 πιστεῦσαι
583 2660 699 2732 (47)
742 2665 832 2713 xui
878 2660 1141 2734 λατρεύειν
1170 2666 1326 2734 μόνω,
1360 2664 1425 2723 ὡς
1454 2660 1679 2732 ἀληθινῷ
1724 2667 1859 2730 Θεῷ,

265 2755 359 2803 xui
404 2752 506 2822 Υἱῷ
556 2758 708 2816 Θεοῦ,
757 2749 981 2823 ἀφέμενα
1029 2759 1128 2802 τῶν
1173 2757 1423 2823 πατρῴων
1452 2750 1598 2817 ἐθῶν,
1630 2756 1719 2803 xui
1767 2757 1862 2811 τῆς

260 2838 485 2900 παλαιᾶς
515 2839 682 2892 αὐτῶν
709 2845 794 2892 xui
825 2835 1220 2912 δεισιδαίμονος
1251 2838 1467 2901 πλάνης.

333 3020 403 3070 Τὸ
437 3013 518 3081 δὲ,
546 3039 573 3068 ‹‹
610 3018 919 3089 Καυχάσθω
950 3018 976 3069 6
1006 3014 1222 3089 ἀδελφός
1252 3019 1278 3069 6
1309 3020 1544 3079 ταπεινός
1570 3016 1616 3069 ἐν
1646 3025 1715 3088 τῷ
1742 3018 1861 3090 ύψει

1971 1857 2097 1912 dem
2122 1858 2386 1929 peremit,
2420 1859 2771 1931 internoque
2810 1860 3082 1931 spoliato,
3125 1877 3251 1927 eos,
3283 1862 3387 1935 qui
3413 1862 3551 1918 inde
3590 1879 3626 1919 a

1971 1946 2177 2018 primis
2205 1947 2433 2003 saeculis
2476 1948 2690 2004 mortui
2719 1954 2907 2013 erant,
2942 1966 3063 2005 una
3088 1966 3292 2006 secum
3310 1953 3627 2008 resuscita-

1970 2036 2070 2091 vit.
2116 2036 2214 2091 Hic
2252 2041 2340 2091 est
2388 2037 2667 2107 Christus,
2711 2037 2806 2092 hic
2843 2045 2931 2093 est
2967 2040 3065 2095 Dei
3107 2039 3279 2094 Filius
3319 2044 3375 2095 et
3438 2041 3619 2097 Deus.

1970 2124 2060 2180 Ad
2086 2124 2266 2196 hujus
2290 2125 2677 2196 Evangelinm
2705 2126 3125 2198 pasdicandum
3151 2128 3361 2183 Paulus
3383 2144 3622 2199 separa-

1971 2220 2064 2269 tus
2094 2219 2201 2269 est.
2233 2214 2348 2269 Hoc
2380 2214 2605 2271 indicat
2635 2230 2751 2271 vox
2791 2214 2966 2282 illius,
2998 2216 3099 2287 qui
3154 2216 3333 2271 Filius
3384 2218 3483 2272 Dei
3524 2217 3625 2273 de-

1972 2303 2227 2360 claratus
2256 2308 2363 2360 est.
2395 2304 2771 2369 Addeetiam,
2802 2304 2850 2359 si
2877 2304 3068 2376 placet
3096 2306 3165 2360 ad
3188 2307 3478 2377 majorem
3504 2307 3622 2364 rei-

1972 2392 2420 2448 declarationem
2460 2397 2517 2448 et
2553 2392 3019 2463 intelligentiam:
3054 2409 3161 2465 per
3191 2410 3373 2466 quem
3408 2395 3621 2451 Paulus

1970 2482 2149 2538 etiam
2175 2482 2401 2555 accepit
2428 2483 2795 2554 apostolatus
2808 2483 3135 2552 gratiam“,
3156 2486 3218 2538 ut
3249 2488 3457 2553 gentes
3487 2484 3620 2540 bar-

1969 2571 2148 2627 baras
2161 2570 2578 2643 persuadendo
2594 2572 2869 2636 vinceret,
2905 2587 3130 2644 easque
3156 2572 3236 2627 ad
3261 2572 3622 2644 obsequium

1970 2659 2107 2715 ﬁdei
2140 2659 2198 2715 in
2218 2659 2513 2717 Christum
2534 2660 2943 2732 prmstandum
2967 2666 3349 2733 praepararet,
3374 2661 3488 2717 hoc
3513 2667 3621 2727 est,

1970 2749 2228 2805 efﬁceret
2254 2750 2394 2805 utin
2433 2749 2600 2807 illum
2629 2750 2957 2815 crederent,
2982 2750 3157 2822 eique
3184 2751 3307 2819 uni,
3335 2756 3621 2823 tanquam

1971 2854 2111 2894 vero
2139 2840 2280 2905 Deo,
2307 2846 2361 2895 et
2391 2840 2489 2896 Dei
2529 2839 2668 2896 Filio
2697 2839 3001 2904 servirent,
3035 2855 3071 2895 a
3099 2839 3301 2910 patriis
3331 2840 3622 2910 moribus,

1970 2933 2285 3000 vetereque
2344 2945 2473 2995 sua,
2526 2933 2582 2984 et
2619 2944 2868 2984 erronea
2908 2928 3621 2999 superstitioneliberatae.

1972 3020 2256 3075 Casterum
2295 3018 2450 3090 quod
2482 3017 2554 3072 ad
2594 3016 2739 3072 illud
2779 3016 2969 3072 sancti
3015 3016 3221 3073 Jacobi
3262 3017 3487 3072 dictum
3541 3022 3621 3074 at-

258 3108 445 3171 αύτοῦ,
492 3107 518 3158 6
568 3102 627 3159 δε
677 3105 923 3167 πλούσιος
968 3106 1019 3159 ἐν
1064 3114 1125 3178 τῇ
1178 3112 1483 3159 ταπεινώσει
1515 3109 1695 3173 αὑτοῦ,
1729 3118 1855 3179 »τῷ

1974 3107 2134 3173 tinet;
2165 3128 2192 3157 «
2214 3106 2513 3162 Glorietur
2542 3105 2720 3161 frater
2744 3104 2987 3161 humilis
3020 3106 3081 3160 in
3102 3104 3475 3162 Sublimitate
3510 3122 3621 3163 sua

262 3199 384 3271 ἱερῷ
430 3196 584 3271 ῥηθὲν
640 3194 886 3266 Ἰακώϐῳ,
929 3196 988 3248 ού
1046 3203 1199 3248 τοῦτο
1264 3193 1437 3259 δηλοῖ,
1487 3199 1550 3257 ὡς
1598 3197 1859 3271 Μεγαλορ

253 3285 564 3358 ῥημονείτω,
615 3282 1022 3349 ἀλαζονεύέσθω,
1071 3284 1490 3357 μεγαλαυχείτω.
1534 3282 1702 3338 Οὐδὲν
1738 3289 1859 3339 τού-

254 3392 379 3430 των,
409 3375 620 3426 Τίθεται
649 3376 739 3445 μὲν
783 3375 907 3447 γὰρ,
948 3375 1018 3434 ὡς
1058 3375 1191 3439 ἔθος,
1225 3376 1290 3425 τὰ
1338 3375 1553 3448 ῥήματα
1580 3382 1747 3426 ταῦτα
1775 3374 1858 3427 ἐπὶ

254 3471 349 3522 τῆς
375 3464 620 3523 τοιαύτης
646 3458 902 3528 διανοίας,
934 3467 1023 3514 καὶ
1050 3466 1106 3514 τὸ
1136 3468 1418 3536 πρόχειρον
1456 3471 1552 3524 τῆς
1579 3463 1756 3526 λέξεως
1788 3464 1858 3526 εἰς

254 3547 407 3604 τοῦτο
439 3556 594 3624 φέρει.
626 3551 761 3604 Ἀλλ’
788 3548 875 3603 οὖν
910 3555 1020 3603 νυνί
1045 3571 1102 3623 γε
1130 3555 1189 3603 τὸ
1211 3554 1523 3623 καυχᾶσθαί
1554 3572 1712 3625 φησιν
1741 3552 1857 3606 ἀντὶ

254 3648 369 3707 τοῦ,
406 3639 677 3714 θαρρείτω,
710 3640 977 3700 ἐλπιζέτω.
1016 3637 1167 3699 Μηδὲ
1337 3644 1438 3714 γὰρ
1482 3643 1561 3694 ὃτι
1599 3646 1852 3707 ταπεινὸς,

254 3734 438 3802 φησὶν,
497 3728 776 3801 ἀθυμείτω,
828 3731 892 3790 ὡς
959 3728 1006 3781 ἐν
1065 3735 1214 3801 πενία
1270 3736 1611 3803 τρυχόμενος,
1688 3735 1718 3791 ἤ
1789 3740 1851 3804 τῇ

252 3820 398 3891 παρά
444 3826 541 3869 τῶν
605 3817 882 3891 ἀνθρώπων
939 3814 1129 3890 ἀδοξία
1183 3818 1536 3891 ὑϐριζόμενος.
1600 3825 1701 3873 Καὶ
1755 3823 1854 3895 γὰρ

251 3913 343 3960 καὶ
393 3908 417 3959 6
463 3910 652 3979 Κύριος
696 3909 843 3979 ἡμῶν
888 3911 1006 3969 τοὺς
1058 3912 1321 3969 ταπεινούς
1364 3913 1452 3961 καὶ
1495 3908 1712 3972 εὐτελεῖς
1763 3915 1853 3962 καὶ

251 4002 478 4056 πένητας
534 4001 623 4049 καὶ
682 3999 931 4067 πτωχούς
1001 3994 1278 4063 ἐξελέξατο,
1356 4000 1475 4059 τούς
1550 3997 1850 4063 πλουσίους,

248 4090 344 4137 καὶ
393 4081 522 4157 δόξῃ
575 4089 665 4137 καὶ
720 4089 855 4156 γένει
911 4084 1443 4159 μεγαλοφρονοῦντας,
1500 4089 1852 4161 φρυάττεσθαι

248 4173 431 4226 λιπών.
497 4176 698 4226 Οὔκουν
759 4173 945 4245 ὀφείλει
1008 4193 1089 4234 τις
1154 4172 1388 4245 ἀθυμεῖν,
1448 4176 1528 4227 ὃτι
1591 4179 1847 4241 ταπεινὸς,

250 4263 574 4337 εὐφροσύνης
634 4259 692 4315 δὲ
742 4262 929 4335 μᾶλλον
991 4262 1327 4336 πληρούσθω,
1376 4267 1614 4316 κοινωνὸν
1672 4264 1851 4317 ἑαυτὸν

248 4356 342 4405 xui
384 4356 610 4424 μέτοχον
659 4360 750 4404 τοῦ
805 4350 1154 4405 ἀποστολικοῦ
1199 4360 1366 4424 χοροῦ
1422 4349 1515 4404 διὰ
1565 4363 1660 4416 τῆς
1712 4354 1853 4407 εύτε-

246 4441 387 4502 λείας
434 4446 522 4494 καὶ
573 4445 935 4501 ταπεινότητος
1010 4440 1207 4496 ἐννοῶν.
1281 4441 1418 4494 Ἀλλ’
1466 4445 1593 4505 ἴσως
1654 4444 1714 4495 ἄν
1771 4464 1852 4506 τις

248 4532 519 4603 ὑποφερων
573 4530 695 4605 ἄρεῖ,
752 4532 816 4592 ὡς
869 4528 1114 4603 ἁρμόσειε
1184 4532 1242 4582 τό
1318 4538 1406 4581 νῦν
1472 4531 1735 4603 εἰρημένον
1792 4533 1850 4585 ού

248 4622 385 4695 πρὸς
424 4622 548 4681 τοὺς
610 4618 934 4693 ἀρχομένους
984 4622 1100 4671 τότε
1154 4620 1434 4688 πιστεύειν,
1486 4617 1613 4672 ἀλλά
1661 4620 1851 4691 μᾶλλον

248 4711 384 4780 πρός
436 4712 556 4771 τούς
591 4715 679 4760 νῦν
728 4710 962 4768 πιστούς.
1016 4710 1176 4760 Οῦπω
1222 4709 1327 4779 γὰρ
1361 4704 1572 4770 ἐκείνοις
1615 4707 1851 4783 λαμπρὸν

248 4798 385 4851 οὕτω
462 4802 550 4850 xui
630 4796 1049 4870 ἀξιοθαύμαστόν
1117 4798 1174 4849 τό
1248 4804 1346 4849 τῶν
1404 4795 1706 4849 ἀποστόλων
1759 4801 1855 4852 ῦπ-

246 4896 419 4962 ῆρχεν
481 4886 703 4960 ἀξίωμα,
769 4890 834 4948 ὡς
887 4885 988 4940 ἀπὸ
1040 4893 1130 4939 τοῦ
1192 4886 1306 4938 κατ’
1358 4886 1548 4950 αύτούς
1600 4885 1853 4961 παραδεί-

245 4995 448 5051 γματος
496 4977 564 5037 εἰς
607 4981 835 5050 μίμησιν
886 4975 1072 5050 ἀρετῆς
1137 4981 1227 5029 καὶ
1290 4975 1444 5037 ζῆλον
1505 4981 1621 5038 τοὺς
1668 4977 1852 5041 ἄλλους

247 5065 648 5139 προκαλεῖσθαι.
728 5062 898 5119 Οὐδὲν
974 5062 1033 5119 δε
1093 5066 1198 5138 ἄρα
1276 5073 1430 5119 τοῦτο
1485 5065 1691 5121 κωλύει.
1752 5072 1852 5122 Kui

245 5158 351 5230 γὰρ
402 5159 490 5207 xui
545 5158 661 5209 τότε
708 5154 878 5207 αὐτῶν
927 5157 983 5208 τὸ
1040 5164 1137 5217 τῆς
1188 5153 1375 5228 ἀρετῆς
1423 5156 1636 5227 μέγεθος
1716 5176 1850 5229 σχε-

249 5242 345 5299 δόν
403 5240 592 5296 ούδίνα
644 5242 931 5311 ἐλάνθανεν,
986 5245 1176 5316 ὃπουγε
1230 5248 1320 5297 καὶ
1385 5246 1591 5306 θυσίαις
1660 5245 1850 5308 αύτούς

249 5355 297 5389 ⁶²
328 5354 497 5410 Rom.
534 5354 578 5441 Ι,
606 5353 659 5409 5.
704 5354 751 5388 ⁸⁸
800 5369 887 5409 ac.
915 5367 954 5417 1,
1007 5353 1063 5410 9.

469 5547 633 5606 C011).
662 5564 773 5623 pro
804 5545 957 5623 εἶναι,

286 5617 437 5705 ⁷(46)
486 5624 615 5678 Act.
658 5617 740 5689 fx,
793 5621 1002 5678 15:61":
1055 5627 1255 5689 σκεῦος
1293 5617 1509 5692 ἕκλογῆς
1561 5639 1652 5692 μοι
1705 5619 1845 5677 ἐστὶν

250 5712 420 5760 ουτος.

1783 5430 2010 5508 Now.
2059 5433 2068 5441 '

1971 3196 2134 3253 dives
2171 3200 2372 3253 autem
2410 3195 2472 3251 in
2509 3194 2840 3251 humilitate
2881 3196 3058 3261 sua“,
3105 3215 3134 3246 ››
3170 3210 3294 3251 non
3332 3195 3458 3251 huic
3506 3195 3620 3251 sibi

1971 3284 2116 3350 vult,
2144 3300 2214 3341 ac
2249 3284 2297 3339 si
2336 3284 2555 3340 diceret
2592 3300 2605 3339 :
2641 3284 2949 3353 Magniﬁce
2986 3282 3284 3356 loquatur,
3313 3283 3498 3355 jactet
3538 3299 3623 3348 se,

1970 3373 2270 3443 glorietur.
2304 3373 2456 3429 Nihil
2495 3373 2712 3429 horum
2748 3373 2947 3429 locum
2998 3371 3199 3429 habet.
3244 3371 3447 3428 Solent
3495 3372 3624 3445 qui-

1968 3463 2108 3519 dem
2134 3462 2235 3520 illa
2265 3463 2444 3519 verba
2470 3463 2585 3519 hoc
2612 3478 2793 3519 sensu
2824 3462 3117 3530 adhiberi,
3154 3461 3437 3533 vocisque
3476 3478 3626 3534 prm-

1968 3553 2150 3609 sentis
2173 3552 2536 3623 signiﬁcatus
2567 3552 3056 3625 primumobvius
3089 3551 3248 3607 idem
3280 3550 3473 3607 infert.
3504 3552 3625 3607 Hoc

1967 3642 2246 3699 veroloco
2258 3641 2497 3698 verbum
2515 3643 2814 3714 καυχάσθω
2838 3641 2996 3697 idem
3025 3645 3113 3697 est
3127 3641 3308 3712 quod,
3338 3640 3620 3709 conﬁdat,

1963 3740 2165 3802 speret.
2191 3733 2379 3788 Nemo
2408 3730 2588 3796 enim,
2613 3730 2830 3803 inquit,
2854 3730 3011 3796 ideo,
3041 3730 3205 3802 quod
3236 3730 3477 3786 humilis
3511 3734 3622 3797 est,

1964 3824 2235 3878 animum
2257 3821 2646 3893 despondeat,
2680 3821 2823 3893 quia
2854 3826 3197 3892 paupertate
3229 3825 3315 3875 est
3341 3825 3624 3876 extenua-

1963 3916 2077 3977 tus,
2117 3916 2222 3967 aut
2276 3911 2591 3967 hominum
2646 3911 2877 3981 probris
2926 3909 3253 3980 subjectus.
3303 3912 3451 3965 Nam
3491 3909 3619 3982 ipse

1960 4000 2246 4057 Dominus
2276 4004 2478 4069 noster
2506 3998 2760 4054 humiles
2800 4003 2855 4054 et
2885 3998 3171 4068 abjectos,
3227 4003 3282 4053 et
3325 4013 3617 4070 pauperes

1961 4094 2018 4147 et
2047 4090 2351 4146 mendicos
2377 4088 2568 4158 elegit,
2623 4087 2831 4144 divites
2889 4102 3053 4154 vero,
3087 4086 3390 4158 gloriaque
3422 4091 3479 4142 et
3516 4103 3615 4155 ge-

1959 4194 2100 4234 nere
2126 4179 2441 4250 magnifice
2464 4177 2784 4247 gloriantes
2814 4175 3269 4246 fremerejussit.
3295 4175 3494 4246 Itaque
3517 4190 3616 4231 ne-

1960 4267 2183 4323 minem
2205 4266 2339 4323 ideo
2357 4266 2621 4323 animum
2648 4264 3020 4337 despondere
3046 4270 3295 4335 oportet,
3324 4262 3488 4335 quod
3513 4263 3616 4318 hu-

1962 4355 2115 4411 milis
2145 4360 2235 4411 est
2267 4355 2427 4422 ;imo
2458 4370 2594 4410 vero
2626 4353 2714 4411 fas
2739 4359 2826 4409 est
2855 4370 2994 4409 eum
3026 4353 3231 4418 ltetari,
3264 4352 3431 4424 quod
3484 4367 3617 4424 par—

1877 4480 1931 4538 D
1958 4444 2196 4517 ticipem
2228 4461 2289 4501 se
2320 4450 2374 4500 et
2401 4449 2743 4500 consortem
2774 4442 3086 4515 apostolici
3124 4442 3287 4498 chori
3346 4443 3481 4538 ipsa
3514 4440 3617 4497 illa

1962 4536 2193 4606 abjecta
2219 4533 2547 4604 humilique
2578 4538 2730 4588 sorte
2762 4548 2874 4588 sua
2902 4532 3127 4588 factum
3154 4547 3286 4586 esse
3322 4530 3612 4602 intelligit.

1965 4626 2229 4681 Fortasse
2268 4639 2403 4679 vero
2443 4622 2657 4695 aliquis
2699 4626 2907 4677 contra
2953 4621 3084 4677 haec
3146 4620 3461 4692 exceperit,
3520 4634 3611 4689 ea,

1961 4729 2095 4787 qua;
2125 4712 2409 4780 diximus,
2446 4712 2649 4767 nonin
2679 4727 2802 4776 eos,
2848 4710 2951 4782 qui
2991 4709 3227 4765 credere
3265 4708 3612 4781 inceperint,

1962 4803 2066 4859 sed
2106 4802 2166 4858 in
2215 4801 2347 4857 illos
2389 4800 2602 4872 potius,
2642 4801 2745 4873 qui
2779 4801 2907 4871 jam
2960 4799 3229 4863 credunt,
3293 4798 3610 4870 quadrare.

1959 4894 2117 4946 Tunc
2141 4890 2298 4945 enim
2326 4889 2641 4961 apostolici
2663 4888 2927 4944 muneris
2950 4888 3217 4958 dignitas
3232 4885 3613 4943 tamillustris

1961 4985 2063 5038 aut
2087 4978 2438 5036 admiranda
2482 4977 2605 5034 visa
2651 4993 2772 5034 non
2802 4983 2906 5043 est,
2944 4982 3025 5042 ut,
3066 4974 3338 5049 exemplo
3377 4975 3455 5033 ab
3494 4975 3607 5032 illis

1960 5067 2163 5133 ducto,
2193 5067 2291 5124 alii
2320 5066 2398 5123 ad
2428 5066 2824 5122 imitationem
2850 5064 3085 5121 virtutis
3115 5080 3324 5122 eorum
3346 5071 3402 5121 et
3423 5081 3615 5121 aamu-

1960 5156 2244 5214 lationem
2274 5154 2517 5213 excitari
2549 5160 2815 5227 possent.
2846 5157 2963 5211 Hoc
3007 5170 3150 5211 vero
3200 5154 3346 5211 nihil
3388 5154 3611 5213 obstat.

1959 5246 2109 5302 Nam
2132 5248 2191 5302 et
2221 5250 2362 5301 tunc
2391 5244 2617 5300 virtutis
2668 5258 2870 5300 eorum
2923 5244 3260 5315 praestantia
3313 5244 3611 5301 neminem

2026 5549 2140 5621 (47)
2175 5550 2254 5604 Ex
2285 5546 2446 5621 Co_lb.
2481 5562 2588 5621 pro
2614 5550 2917 5610 πιστεύσας.

2026 5615 2142 5694 (48)
2176 5619 2436 5691 Legerim
2461 5615 2671 5693 μηδεὶς.
