4116 6194
521 320 624 374 ’755
1774 310 2013 367 ΡΗΟΤΙΙ
2056 310 2142 365 PA

2255 310 2541 367 IARCHAE
2581 312 2687 369 CP.
3784 316 3880 371 756

521 444 762 507 latebat,
779 440 1270 514 quandoquidem
1287 442 1416 497 illos
1430 440 1723 508 nonnulli,
1762 438 2069 509 gentilium
2106 455 2146 491 s:

2287 442 2426 503 ἔνιοι,
2488 444 2659 491 καίτοι
2712 442 2777 491 τὰ
2826 438 3072 497 Ἑλλήνων
3125 443 3198 492 ἔτι
3265 442 3575 511 θείάζοντες,
3626 451 3884 517 γεραίρειν

522 537 634 589 cris
672 533 869 587 adhuc
910 530 1147 600 addicti,
1190 532 1495 587 sacrificiis
1548 530 1821 603 prosequi
1872 534 1925 584 et
1984 528 2147 583 coleri

2284 534 2372 579 xui
2404 535 2557 600 τιμᾲν
2598 529 2924 600 ἐμελέτησαν.
2972 534 3071 581 Καὶ
3117 530 3269 591 αὐτὸς
3302 527 3360 583 δὲ
3409 533 3603 593 Παυλος
3658 535 3711 584 ἐν
3766 534 3885 605 παρα

523 623 978 677 institucbant“.
1023 623 1151 690 Ipse
1201 638 1443 693 quoque
1506 621 1720 676 Paulus
1786 624 1985 690 aperte
2055 618 2134 671 ait

2284 616 2447 689 ρησίᾳ
2497 623 2673 689 φησίν·
2722 642 2741 666 ι
2793 623 3033 690 Μιμηταί
3095 638 3193 689 μου
3250 623 3457 690 γίνεσθε
3509 625 3687 683 καθὼς
3751 621 3886 691 κάγώ

525 713 898 769 (Ιωὶῐειιοι-θε
922 711 1032 765 mei
1050 716 1250 775 estote,
1276 710 1792 782 quemadmodum
1823 716 1875 764 et
1894 724 2005 775 ego
2021 706 2150 761 Chri

2288 713 2539 778 Χριστοῦ.
2578 730 2603 755 ››
2643 706 2804 777 Ὕψος
2838 704 2923 757 οὖν
2954 715 3043 758 τοῦ
3076 719 3599 779 ταπεινοφρονοῦντος
3634 708 3834 781 ἀνδρὸς
3862 715 3885 767 ἡ

525 802 595 856 sti
658 802 863 854 sum“.
915 822 933 847 ι
978 800 1325 854 Sublimitas
1356 801 1532 868 igitur
1560 798 1843 861 hominis,
1876 795 2143 851 humilite

2286 799 2749 868 ταπεινοφροσύνῃ,
2794 796 2839 847 ἐν
2934 797 3096 856 οὕτως
3131 799 3505 867 θεραπεύεσθαι
3548 797 3644 866 δεῖ,
3684 806 3780 852 καὶ
3812 806 3888 853 εὖ·-

524 890 597 945 de
628 906 691 944 se
719 889 1038 954 sentientis,
1069 893 1155 945 est
1182 888 1505 953 humilitas,
1531 904 1655 960 qua
1678 887 1920 958 quidem
1952 885 2031 940 ita
2063 884 2149 937 sib

2290 886 2485 954 θυμεῖν,
2517 890 2604 936 xui
2634 891 2807 958 χαρᾶς
2840 885 3171 957 πληροῦσθαι
3202 890 3295 943 τὴν
3348 886 3554 957 ψυχὴν,
3606 892 3678 950 ως
3730 892 3777 940 εἰ
3822 909 3890 950 τις

524 980 777 1051 placere,
822 979 1101 1049 bonoque
1141 978 1343 1033 animo
1383 994 1511 1033 esse
1560 982 1617 1032 et
1680 976 1857 1031 laetari
1922 978 2149 1045 oportet

2287 973 2435 1033 ἄλλος
2487 978 2570 1025 τόν
2631 978 2907 1046 σύμπαντα
2964 974 3181 1025 πλοῦτον
3258 980 3343 1027 xui
3402 982 3497 1034 τὴν
3550 976 3885 1049 ἀνθρωπίνην

523 1084 705 1140 quam
739 1067 963 1122 laetatur
988 1068 1153 1132 alias,
1182 1068 1285 1137 qui
1320 1067 1556 1121 divitias
1592 1080 1802 1120 omnes
1843 1063 2148 1119 hominum

2290 1058 2445 1123 δόξαν
2490 1066 2565 1119 εἴη
2619 1061 3065 1136 περιϐεϐλημένος,
3115 1066 3204 1114 καὶ
3274 1067 3513 1134 κατέχων
3579 1072 3758 1139 χειρί.
3841 1066 3892 1117 Ὀ

525 1174 641 1229 que
670 1156 917 1225 gloriam
946 1164 1153 1211 nactus
1182 1157 1272 1221 sit,
1303 1162 1358 1211 et
1383 1157 1438 1210 in
1478 1160 1750 1227 promptu
1779 1153 2021 1208 haheat.
2068 1152 2150 1216 Qu

2287 1154 2375 1221 μεν
2425 1153 2525 1224 γὰρ
2583 1152 2717 1201 οὕτω
2767 1156 2855 1203 καὶ
2918 1154 2964 1202 ἐν
3022 1154 3227 1211 τούτοις
3275 1158 3515 1213 ταπεινός
3597 1159 3689 1205 τόν
3780 1158 3894 1207 Θεὸν

526 1246 682 1300 enim
725 1246 803 1301 ita
842 1251 895 1300 et
934 1246 993 1300 in
1034 1245 1125 1299 his
1165 1246 1409 1317 quidem
1450 1244 1627 1299 rebus
1662 1242 1905 1297 humilis
1958 1245 2061 1303 est,
2130 1240 2143 1293 i

2286 1239 2519 1308 ὑψοῡντα
2562 1242 2691 1310 ἔχει,
2738 1246 2827 1292 καὶ
2882 1241 2985 1290 οῖνω
3038 1242 3263 1293 τιθέντα.
3302 1261 3326 1290 α
3377 1241 3436 1293 Ὁ
3481 1245 3581 1315 γὰρ
3635 1254 3894 1296 ταπεινῶν

527 1336 711 1390 Deum
760 1334 954 1397 habet,
1010 1350 1070 1389 se
1119 1335 1465 1389 exaltantem
1512 1338 1567 1388 et
1613 1332 2003 1387 evehentem:
2065 1331 2151 1396 Ou

2288 1328 2486 1391 ἑαυτὸν,
2528 1333 2703 1399 φησὶν,
2739 1328 3094 1399 ὑψωθήσεται.
3135 1351 3159 1377 n
3210 1331 3234 1380 ό
3284 1326 3333 1380 δ’
3367 1329 3680 1391 ἀπεναντίας
3737 1333 3896 1403 ὑψοῦ-

526 1427 675 1481 enim
717 1440 769 1479 se
807 1425 1099 1487 humiliat,
1133 1424 1403 1493 inquit“,
1462 1422 1844 1487 multabitur,
1891 1419 1991 1490 qui
2036 1434 2151 1473 veri

2287 1436 2429 1488 μενος
2476 1420 2660 1469 τούτου
2712 1422 2797 1469 τόν
2850 1421 2971 1470 Θεὸν
3022 1416 3458 1491 ἀντιτασσόμενον
3510 1423 3752 1494 εὑρήσει,
3808 1428 3893 1473 καί

526 1520 732 1568 contra
759 1529 820 1568 se
846 1513 1083 1576 exaltat,
1118 1512 1211 1567 ille
1255 1515 1437 1566 Deum
1484 1512 1593 1565 sibi
1652 1512 2069 1565 adversantem
2123 1522 2151 1560 e

2286 1514 2641 1573 ταπεινοῦντα,
2691 1512 2779 1557 καὶ
2833 1506 2902 1568 εἰς
2952 1515 3048 1577 γῆν
3109 1507 3216 1575 (49)
3282 1508 3421 1578 αὐτῷ
3480 1516 3763 1581 φυσήματι
3816 1517 3897 1563 καὶ

523 1603 957 1666 humiliantem,
989 1611 1041 1655 et
1064 1602 1196 1673 ipso
1221 1602 1333 1655 hoc
1358 1602 1712 1663 arrogantiae
1737 1599 1880 1653 ﬂatu
1898 1612 2148 1667 vanaqui

2287 1601 2490 1665 ματαίῳ
2536 1600 2720 1666 κόμπῳ
2794 1594 3203 1651 καταϐάλλοντα.
3260 1594 3406 1656 Εἶδες
3462 1598 3595 1667 ὕψος
3654 1599 3899 1671 ἐσχάτης

518 1691 807 1761 jactantia
834 1690 891 1743 in
919 1697 1131 1744 terram
1166 1690 1540 1759 dejicientem
1590 1689 1945 1759 experietur.
2001 1686 2143 1739 Vide

2287 1688 2450 1735 αἳτιον
2501 1692 2872 1747 ταπεινώσεως,
2953 1681 3087 1745 εἶδες
3162 1691 3475 1737 ταπείνωσιν
3543 1686 3615 1748 εἰς
3674 1688 3898 1761 οὐρανὸν

519 1780 717 1849 itaque
749 1778 1171 1833 sublimitatem
1201 1784 1472 1832 extremae
1505 1777 1857 1831 humilitatis
1905 1792 2144 1829 causam

2290 1772 2662 1845 ἀναφέρουσαν,
2714 1782 2815 1833 πῶς
2866 1773 2957 1825 οὐκ
3008 1775 3067 1824 οἷν
3122 1793 3199 1835 τις
3250 1777 3466 1846 εὔθυμος
3521 1780 3595 1832 εἴη
3646 1783 3747 1829 καὶ
3778 1800 3899 1829 καυ-

518 1868 684 1921 vides
702 1867 1083 1921 humilitatem
1102 1869 1155 1921 in
1176 1868 1391 1922 cceluin
1416 1868 1703 1921 tollentem
1727 1886 1738 1931 ;
1759 1864 2057 1937 quomodo
2072 1864 2143 1919 ita

2286 1862 2503 1933 χήσαιέ
2554 1865 2660 1925 (50)
2721 1864 2780 1913 ἄν
2842 1863 3070 1925 εἰκότως,
3140 1868 3395 1926 τουτέστι,
3478 1867 3722 1937 τερφθείη
3814 1870 3901 1916 xui

516 1971 631 2027 que
648 1955 807 2010 bono
824 1956 1027 2010 animo
1046 1972 1162 2009 non
1186 1956 1402 2019 sit",et
1418 1955 1719 2023 glorietur,
1749 1955 1861 2008 hoc
1890 1958 1993 2021 est,
2021 1952 2141 2007 laete

2021 1952 2176 2007 laete-
2290 1951 2538 2025 θαρρήσει
2570 1950 2652 2003 ἐπὶ
2682 1959 2752 2021 τῷ
2779 1952 2899 2022 ὕψει
2928 1952 3086 2003 αὐτου
3112 1961 3201 2013 τῆς
3236 1959 3587 2014 ταπεινώσεως
3624 1970 3635 2019 ;

518 2051 610 2099 tur
631 2053 685 2100 et
709 2044 969 2099 confidat
997 2045 1053 2099 in
1080 2045 1177 2100 illa
1231 2045 1579 2100 humilitatis
1612 2060 1732 2099 suae
1762 2043 2118 2098 sublimitate
2148 2043 2175 2098 ?

588 2138 739 2189 Num
766 2135 965 2205 itaque
994 2134 1205 2189 divites
1240 2134 1337 2189 illa
1384 2134 1685 2188 evectione
1725 2139 1781 2187 et
1820 2132 2175 2187 exaltatione

2356 2134 2418 2180 Τί
2470 2131 2557 2181 οὖν
2601 2132 2648 2181 οἱ
2684 2129 2923 2182 πλούσιοι
2972 2134 3165 2191 ταύτης
3214 2134 3516 2205 ἐστέρηνται
3555 2140 3651 2194 τῆς
3694 2132 3899 2205 ἀναγω-

516 2224 781 2278 destituti
806 2228 943 2277 sunt
973 2225 1001 2276 .9
1035 2224 1162 2279 Hoc
1197 2224 1439 2295 quidem
1471 2238 1587 2276 non
1622 2222 1894 2285 dixerim,
1929 2222 2071 2293 quia
2120 2236 2141 2275 ε

2285 2228 2380 2289 γῆς
2424 2224 2513 2270 καὶ
2559 2219 2804 2289 ὑψώσεως
2838 2236 2849 2285 ;
2888 2220 2961 2271 Οὐ
3015 2225 3167 2272 τοῦτο
3200 2240 3352 2292 φημι,
3390 2220 3496 2274 ἐπεὶ
3527 2228 3616 2274 καὶ
3647 2224 3671 2273 ὁ
3726 2227 3900 2283 κοινός

526 2314 773 2368 Domins
803 2320 999 2367 noster
1030 2329 1150 2367 non
1205 2312 1412 2366 divites
1458 2328 1528 2366 ex
1566 2326 1750 2379 regno
1797 2326 1904 2364 suo
1948 2310 2150 2380 propel

2288 2313 2553 2368 Δεσπότης
2593 2308 2649 2359 οὐ
2700 2312 2819 2368 τοὺς
2871 2308 3146 2369 πλουσίους
3200 2309 3429 2363 ἐκϐάλλει
3473 2321 3563 2371 τῆς
3596 2310 3895 2383 βασιλείας,

512 2402 596 2463 lit,
622 2402 724 2455 sed
760 2418 861 2456 eos
894 2407 1143 2471 tantum,
1166 2401 1267 2472 qui
1295 2400 1533 2454 divitias
1562 2416 1703 2453 suas
1730 2405 1969 2465 augent,
1995 2400 2137 2453 curis

2286 2401 2404 2458 τοὺς
2466 2394 2523 2448 δὲ
2575 2403 2992 2471 προστετηκότας
3041 2407 3110 2468 τῷ
3160 2398 3365 2469 πλούτῳ
3410 2406 3499 2451 καὶ
3540 2409 3654 2462 ταῖς
3688 2407 3900 2473 φροντί-

513 2506 629 2561 que
659 2490 781 2543 suis
824 2489 1113 2543 totiavide
1172 2489 1281 2542 illis
1327 2489 1577 2553 inhiant,
1634 2490 1851 2559 quique
1901 2486 2138 2542 solliciti;

2289 2505 2369 2536 σιν
2428 2487 2555 2547 ὅλως
2613 2490 2743 2560 πρὸς
2795 2487 2949 2538 αὑτὸν
2998 2491 3237 2549 νεύοντας
3284 2494 3374 2539 καὶ
3430 2488 3805 2561 ἐπτοημένους,
3853 2494 3898 2541 οἱ

515 2579 713 2631 dinem
748 2594 918 2631 suam
949 2592 1192 2631 omnem
1224 2578 1519 2631 thesauris
1560 2576 1876 2643 alligantes
1905 2577 2140 2630 animus

2286 2580 2378 2631 τὴν
2429 2579 2676 2648 μέριμναν
2730 2582 2901 2627 πᾶσαν
2986 2584 3096 2636 τοῖς
3175 2580 3462 2651 θησαυροῖς
3547 2576 3896 2651 ἐνδησάμενοι

514 2668 572 2720 in
614 2670 767 2720 terra
806 2681 1086 2735 auroque,
1135 2672 1419 2736 tauquam
1474 2666 1532 2719 in
1599 2680 1829 2719 carcere
1884 2664 2139 2735 quodam

2286 2666 2502 2733 ἔχουσιν
2554 2666 2617 2723 ὼς
2684 2663 2730 2714 ἐν
2790 2661 3134 2738 δεσμωτηρίῳ
3182 2674 3243 2737 τῇ
3426 2672 3516 2718 καὶ
3570 2676 3641 2736 τῷ
3698 2677 3896 2741 χρυσῴ

512 2754 818 2811 defossum
849 2760 904 2809 et
936 2754 1193 2809 vinctum
1227 2754 1683 2810 circumferunt.
1734 2754 1955 2807 Horum
1986 2753 2128 2807 hom

2285 2756 2744 2825 κατορωρυγμένας
2795 2758 2885 2805 καὶ
2953 2751 3315 2824 πεπεδημένας
3383 2757 3552 2806 αὐτῶν
3624 2759 3715 2815 τας
3798 2756 3895 2825 ψυ.

512 2860 658 2899 num
692 2844 1005 2899 amentiam
1036 2844 1334 2913 castigans
1368 2844 1638 2898 Salvator
1669 2843 1750 2897 ait
1802 2858 1812 2897 :
1858 2842 1997 2897 «Ubi
2050 2841 2137 2895 the

2286 2843 2405 2910 χάς.
2466 2841 2559 2893 ⁷Ων
2618 2847 2706 2893 καὶ
2756 2847 2846 2899 τὴν
2904 2844 3081 2893 ἄνοιαν
3134 2843 3441 2899 στηλιτεύων
3494 2846 3520 2894 ὁ
3566 2849 3745 2915 Σωτὴρ
3799 2846 3896 2896 ὗε-

513 2948 727 2987 saurus
761 2936 952 2986 vester
986 2937 1091 2995 est,
1123 2932 1201 2986 ibi
1232 2938 1285 2986 et
1310 2948 1412 2986 cor
1442 2932 1606 2987 est“.
1646 2954 1671 2980 ››
1700 2929 2001 3001 Ejusmodi
2034 2928 2133 2983 div

2282 2949 2388 3000 γεν’
2424 2954 2449 2979 ‹‹
2502 2930 2669 2982 Ὀπου
2717 2933 2741 2982 ό
2788 2934 3053 3003 θησαυρός
3105 2934 3264 3003 ὑμῶν,
3309 2936 3413 2984 ἐκεῖ
3458 2938 3547 2984 καὶ
3605 2936 3634 2990 ἡ
3691 2932 3893 3007 καρδία

510 3021 669 3076 tibus
704 3022 941 3078 caeleste
974 3021 1345 3076 domicilium
1379 3021 1742 3076 inaccessum
1774 3024 1900 3075 est:
1949 3041 1974 3068 ››
2022 3021 2129 3073 Fac

2284 3020 2443 3090 ὑμῶν,
2496 3042 2521 3067 ››
2571 3023 2783 3082 Τούτοις
2841 3028 2946 3081 τοῖς
3001 3020 3264 3083 πλουσίοις
3327 3020 3513 3082 ἄϐατος
3571 3025 3599 3080 η
3654 3023 3894 3097 οὐράνιος

507 3111 735 3182 liusque
765 3117 868 3175 est,
904 3115 959 3165 ut
988 3110 1250 3165 camelus
1283 3127 1387 3181 per
1412 3110 1683 3166 foramen
1714 3126 1857 3164 acus
1914 3113 2132 3163 trausez

2284 3109 2532 3177 πολιτεία,
2590 3114 2679 3161 καὶ
2724 3131 2747 3159 »
2801 3110 3160 3183 Εὐκοπώτερον
3192 3111 3305 3162 ἐστι
3348 3111 3578 3181 κάμηλον
3626 3110 3721 3164 diu
3779 3132 3894 3186 τρυ-

508 3217 682 3272 quam
717 3206 777 3254 ut
818 3199 894 3254 illi
949 3216 1203 3269 regnum
1252 3199 1538 3255 caelorum
1573 3199 2035 3267 ingrediantur“
2073 3240 2086 3254 .

2284 3198 2473 3270 μαλιᾶς
2516 3195 2737 3271 ῥαφίδος
2778 3196 3014 3261 διελθεῖν,
3067 3201 3094 3257 ἦ
3144 3203 3361 3261 τούτους
3393 3200 3458 3260 εἰς
3488 3205 3575 3257 τὴν
3603 3210 3704 3252 τῶν
3744 3203 3895 3274 οὐρα-

510 3288 819 3353 Quomodo
845 3290 1035 3360 itaque
1081 3290 1289 3344 divites
1324 3289 1751 3356 ingredientur,
1786 3294 1841 3343 et
1865 3286 2133 3359 quomod

2283 3296 2377 3338 νῶν
2412 3286 2700 3359 βασιλείαν.
2758 3310 2782 3335 n
2830 3295 2943 3349 Πῶς
2984 3289 3069 3340 οὖν
3104 3288 3483 3341 εἰσελεύσονται
3531 3292 3578 3341 οἱ
3620 3290 3884 3358 πλούσιοι,

512 3376 762 3431 caelestis
796 3376 1002 3430 civitas
1036 3377 1118 3430 eis
1151 3376 1465 3443 obtinget?
1506 3379 1561 3431 Si
1594 3378 2007 3431 Abrahamum
2047 3377 2137 3429 imi

2283 3384 2371 3428 xui
2429 3376 2615 3448 κλῆρος
2674 3376 2848 3439 αὐτοῖς
2902 3381 3048 3429 ἔσται
3098 3381 3162 3429 τὰ
3213 3378 3427 3450 οὐράνια
3485 3378 3888 3449 πολιτεύματα;

513 3470 724 3527 tentur,
752 3465 802 3521 si
834 3468 1070 3525 Jobum,
1099 3467 1147 3520 si
1180 3466 1320 3520 boui
1351 3466 1497 3520 fiant
1542 3466 1885 3519 divitiarum
1942 3480 2138 3519 (econc

2282 3464 2376 3518 Ἀν
2434 3474 2691 3537 μιμῶνται
2736 3470 2820 3516 τὸν
2872 3465 3136 3538 Ἀϐραὰμ,
3181 3468 3241 3518 ἄν
3295 3471 3379 3519 τόν
3422 3467 3557 3535 Ἰὼϐ,
3607 3467 3667 3517 ἂν
3699 3469 3890 3519 οἰκονό-

517 3554 620 3619 mi,
648 3570 765 3608 non
794 3560 993 3609 autem
1027 3557 1189 3625 parvi
1220 3556 1467 3625 quidam
1526 3554 1779 3625 tyranni,
1844 3569 2142 3625 pauperum

2284 3574 2371 3625 μοι
2425 3554 2565 3605 καλοὶ
2617 3562 2708 3605 τοῦ
2754 3554 2999 3619 πλούτου,
3062 3554 3186 3606 ἀλλὰ
3237 3561 3305 3627 μὴ
3364 3562 3544 3629 μικροὶ
3603 3560 3890 3609 καθίσταν-

519 3642 797 3697 solatium
824 3658 958 3696 cum
984 3658 1104 3697 non
1148 3643 1360 3696 minori
1397 3658 1542 3705 suae,
1570 3642 1805 3713 sibique
1838 3649 2053 3696 natura
2098 3643 2144 3695 si

2285 3663 2369 3694 ται
2401 3646 2656 3716 τύραννοι,
2711 3640 2860 3695 οὐδὲν
2906 3644 3113 3696 ἔλαττόν
3161 3665 3213 3697 τε
3256 3647 3513 3718 όμοφνοῡς
3555 3650 3584 3703 ἦ
3634 3656 3730 3706 τῆς
3775 3647 3891 3698 ἐαυ-

516 3731 767 3795 milium,
795 3731 1002 3785 salutis
1029 3731 1339 3801 dispendio
1370 3731 1639 3785 clavibus
1655 3730 2141 3800 etrepagulismui

2286 3741 2383 3782 τῶν
2433 3738 2699 3805 σωτηρίας
2739 3733 2945 3795 πολλοῖς
2988 3733 3244 3807 κλείθροις
3285 3740 3373 3786 καὶ
3418 3734 3642 3807 μοχλοῖς
3672 3740 3767 3793 τὴν
3795 3744 3890 3786 τῶν

512 3815 586 3874 tis
619 3826 976 3874 coercentes.
1011 3820 1327 3886 Quomodo
1380 3836 1517 3874 vero
1575 3820 1737 3874 dives
1764 3836 1835 3874 eo
1886 3826 2133 3876 ducetur

2286 3826 2512 3878 πενήτων
2572 3824 2909 3894 παραμυθίαν
2986 3822 3408 3883 ἐναποκλείοντες.
3488 3826 3647 3875 Πόθεν
3736 3821 3795 3875 δὲ
3870 3825 3892 3875 ὁ

513 3915 569 3964 et
591 3908 736 3980 quid
766 3908 997 3972 efﬁciet,
1026 3913 1087 3962 ut
1120 3916 1239 3963 tam
1269 3908 1548 3980 praiclare
1585 3909 1773 3977 agat?
1818 3910 2033 3975 Animi,
2092 3911 2138 3965 ir

2288 3910 2527 3970 πλούσιος
2582 3911 2651 3972 εἰς
2715 3914 2909 3968 ταύτην
2953 3917 3047 3968 τὴν
3102 3912 3288 3985 πρᾶξιν
3349 3912 3629 3983 ἀφίξεται;
3684 3918 3773 3964 καὶ
3818 3920 3892 3973 τίς

511 4000 657 4070 quit,
691 3997 996 4051 demissio.
1026 3998 1079 4053 Si
1112 3999 1271 4052 enim
1306 3998 1574 4067 seipsum
1596 4002 1895 4063 extenuet,
1933 4014 2041 4053 nec
2091 3999 2136 4053 it:

2287 4001 2431 4052 αἰτία
2477 4005 2564 4051 καὶ
2623 4008 2713 4051 τοῦ
2766 4002 3205 4073 κατορθώματος;
3267 4002 3323 4053 Ἦ
3395 4006 3503 4067 (51)
3580 4007 3893 4061 ταπείνωσις

508 4087 635 4141 ﬂari
662 4102 721 4139 se
749 4088 1232 4158 patiatur,neque
1272 4102 1420 4141 auro
1448 4093 1503 4141 et
1544 4087 1764 4141 divitiis
1817 4087 2077 4157 glorians
2123 4106 2133 4141 ι

2288 4094 2462 4161 φησίν.
2520 4090 2640 4139 Ἐάν
2697 4091 2796 4162 γὰρ
2876 4095 3169 4161 ταπεινώσῃ
3251 4090 3446 4159 ἑαυτὸν,
3510 4096 3593 4141 καὶ
3654 4090 3712 4141 οὗ
3771 4093 3892 4159 πρὸς

509 4175 805 4230 distentus
828 4176 885 4229 in
920 4177 1246 4230 amentiam
1280 4191 1539 4247 praeceps
1572 4182 1718 4239 ruat,
1774 4178 1936 4231 novit
1972 4177 2134 4248 utiqu

2287 4183 2541 4249 φυσίωσιν
2597 4178 2819 4249 ἐπαρθῆ,
2882 4174 2997 4229 οὐδ’
3061 4178 3127 4238 εἰς
3198 4177 3441 4232 ἀπόνοιαν
3531 4178 3754 4250 ἐμπέσῃ,
3818 4187 3891 4247 τῷ

509 4264 656 4318 nihil
681 4264 896 4318 horum
928 4280 1102 4318 suum
1135 4280 1286 4329 esse,
1314 4264 1544 4319 nudum
1578 4281 1638 4319 se
1688 4280 1759 4319 ex
1810 4271 2005 4320 ventre
2048 4281 2134 4320 ma

2285 4274 2474 4338 χρυσῷ
2519 4271 2602 4317 καὶ
2663 4267 2866 4336 πλούτῳ
2922 4270 3277 4339 γαυρούμενος
3327 4286 3379 4319 τε
3433 4272 3519 4318 xui
3574 4263 3885 4338 διογκούμε·

511 4352 614 4407 tris
642 4369 760 4407 suae
791 4353 1025 4416 exiisse,
1052 4352 1260 4407 omnia
1290 4354 1385 4407 Dei
1418 4370 1564 4416 esse,
1592 4354 1795 4425 illique
1824 4353 1990 4409 facile
2023 4371 2136 4410 esse

2284 4376 2388 4423 νος,
2436 4350 2594 4417 οἶδεν,
2652 4357 2731 4407 ὅτι
2786 4358 2980 4406 τούτων
3026 4352 3175 4407 οὐδέν
3225 4355 3361 4407 ἐστιν
3410 4352 3543 4407 ἱδιον
3584 4356 3765 4421 αὐτοῦ,
3818 4358 3893 4407 ὅτι

518 4446 577 4495 ut
602 4442 805 4496 omnia
858 4441 957 4497 illa
1014 4442 1120 4495 sibi
1176 4442 1406 4513 eripiat,
1464 4443 1605 4497 etin
1653 4443 1799 4497 alios
1838 4444 2143 4499 transferat

2288 4446 2455 4497 πάντα
2482 4444 2590 4496 ἐστὶ
2620 4452 2708 4495 τοῦ
2738 4452 2889 4509 Θεοῦ,
2928 4446 3007 4495 ὃτι
3036 4446 3159 4517 ῥᾷόν
3188 4444 3327 4495 ἐστιν
3360 4444 3635 4517 ἀφελέσθαι
3808 4446 3895 4495 αὖ·

516 4529 767 4601 darique
814 4530 962 4597 haec,
1018 4547 1139 4586 non
1195 4536 1258 4587 ut
1306 4531 1558 4603 proximi
1610 4532 1788 4587 rebus
1831 4536 2141 4588 necessarii

2758 4496 2767 4497 ί
2879 4496 2889 4509 ⁷
3036 4496 3044 4517 Ι
3085 4499 3093 4515 Ι
3402 4496 3410 4517 Ι
3682 4496 3691 4515 Δ

2286 4542 2377 4586 τοῦ
2411 4541 2588 4603 ταῦτα,
2645 4534 2710 4593 εἰς
2756 4534 2957 4608 ἑτέρους
3007 4531 3066 4585 δὲ
3112 4541 3447 4605 μετενεγκεῖν,
3490 4535 3569 4584 ὄτι
3616 4541 3787 4585 ταῦτα
3818 4530 3893 4584 δί-

521 4619 847 4689 priventur,
876 4620 981 4674 sed
1017 4626 1079 4675 ut
1101 4636 1306 4675 eorum
1336 4638 1466 4691 quae
1497 4621 1617 4693 ipse
1648 4621 1894 4693 accepit,
1924 4622 2146 4678 rcddan

2288 4621 2488 4689 δονται,
2525 4623 2628 4694 οὐχ
2660 4624 2739 4674 ἶνα
2782 4626 3063 4693 στέρωνται
3094 4632 3192 4673 τῶν
3227 4622 3517 4694 ἀναγκαίων
3564 4624 3612 4673 οἱ
3645 4622 3889 4689 πλησίον,

524 4712 619 4762 tur
635 4709 969 4780 participes.
997 4712 1183 4765 Taceo
1210 4710 1324 4765 alia
1346 4710 1681 4782 complura.
1715 4712 1929 4766 Horum
1956 4728 2145 4782 gnaru

2288 4712 2507 4763 ἀλλ’ἵνα
2554 4715 2722 4783 ἔχοιεν
2756 4710 2808 4761 ἐκ
2855 4719 2943 4763 τοῦ
2993 4710 3238 4772 λαϐόντος
3290 4710 3721 4783 μεταλαμϐάνειν.
3778 4711 3894 4762 Ὀτι

523 4796 638 4861 ille,
665 4797 789 4853 haec
820 4799 1023 4853 animo
1046 4798 1377 4863 revolvens,
1410 4800 1602 4853 datori
1633 4799 1852 4868 gratias
1880 4800 2019 4869 agit.
2070 4804 2148 4857 No

2285 4807 2448 4875 μυρία
2486 4800 2631 4851 ἆλλα.
2671 4806 2768 4853 Καὶ
2807 4809 2965 4852 ταῦτα
2995 4796 3169 4865 εἰδὼς,
3202 4806 3290 4852 καὶ
3322 4808 3431 4861 τοῖς
3473 4800 3647 4869 λόγοις
3680 4799 3885 4851 ἀνελίσ-

521 4887 606 4938 vit
634 4901 693 4939 se
726 4902 850 4940 esse
882 4887 1239 4956 debitorem,
1263 4887 1562 4957 praeceptis
1583 4888 1848 4958 ejus,qui
1878 4905 1941 4943 se
1964 4895 2017 4943 ct
2040 4905 2146 4944 con

2288 4909 2389 4942 σων
2438 4890 2747 4961 εὐχαριστεῖ
2788 4899 2859 4959 τῷ
2906 4886 3114 4961 δοτῆρι.
3164 4885 3320 4941 Οἶδεν
3365 4888 3544 4940 ἑαυτὸν
3592 4896 3890 4961 χρεωστην,

523 4974 668 5028 didit
694 4979 750 5029 et
789 4975 1014 5041 ditavit,
1063 4976 1311 5031 audiens
1368 4981 1472 5041 est,
1530 4977 1867 5047 opibusque
1914 4978 2054 5039 suis,
2116 4995 2148 5033 u

2284 4982 2511 5032 πείθεται
2542 4987 2647 5038 τοῖς
2691 4987 2781 5031 τοῦ
2812 4978 3101 5039 πλάσαντος
3145 4978 3320 5043 αὐτὸν,
3354 4983 3442 5029 καὶ
3494 4977 3891 5046 πλοντίσαντος,

518 5062 723 5118 alienis
752 5063 949 5131 utitur,
1002 5080 1223 5136 easque
1271 5064 1669 5128 administrat,
1719 5065 1804 5120 vel
1852 5066 1931 5121 ita
1978 5068 2138 5138 potiu

2284 5074 2479 5140 νόμοις,
2540 5072 2602 5127 ὡς
2657 5066 2932 5139 ἀλλοτρίων
2999 5076 3094 5118 τῶν
3158 5063 3305 5118 ἰδίων
3383 5069 3718 5138 προΐσταται,
3805 5072 3889 5117 καὶ

519 5152 913 5221 administrat,
966 5159 1026 5209 ut
1062 5154 1315 5209 maxime
1374 5170 1495 5209 suae
1551 5156 1683 5220 sint,
1738 5172 1850 5211 sua
1898 5155 1999 5212 illa
2048 5174 2141 5211 ess

2285 5168 2450 5210 ταῦτα
2499 5158 2773 5229 οἰκονομεῖ,
2826 5156 3013 5228 μᾶλλον
3064 5154 3121 5208 δε
3158 5160 3221 5216 ὡς
3273 5156 3505 5228 μάλιστα
3562 5152 3731 5208 ἰδίων·
3780 5154 3892 5208 ῖδια

520 5240 886 5305 existimans,
923 5248 979 5297 et
1016 5242 1259 5309 faciens,
1315 5259 1450 5315 quae
1502 5244 1562 5298 in
1625 5244 1897 5313 ejusdem
1956 5250 2012 5302 et
2070 5262 2145 5303 na

2286 5248 2375 5299 καί
2420 5247 2766 5318 λογιζόμενος,
2818 5252 2903 5298 καὶ
2956 5248 3279 5317 ποιούμενος,
3330 5246 3430 5296 ὅσα
3461 5244 3578 5315 (52)
3608 5249 3730 5307 τοὺς
3759 5248 3888 5317 ὁμο-

524 5367 569 5402 ο⁴
610 5365 733 5421 Act.
768 5381 885 5429 xxv,
924 5371 1003 5433 t3,
1036 5368 1081 5402 ⁵⁵
1112 5367 1135 5420 Ι
1165 5366 1296 5423 Cor.
1330 5383 1409 5433 χι,
1448 5372 1493 5422 t.
1525 5369 1570 5403 σε
1614 5370 1753 5424 Luc.
1792 5384 1955 5438 xvm,
2010 5374 2090 5428 ιι.
2132 5373 2149 5406 ⁸

2263 5388 2348 5429 ac.
2407 5387 2478 5435 1v,
2549 5375 2600 5426 6.
2654 5372 2699 5405 ⁸⁸
2749 5370 2946 5426 Matth.
3007 5378 3101 5434 vi,‘
3143 5372 3231 5424 2t.
3279 5371 3326 5405 ⁸9
3382 5368 3582 5425 Matth.
3634 5386 3758 5437 nx,
3803 5371 3888 5425 24.

2082 5499 2125 5552 Ν
2133 5496 2310 5553 ΟΤλΕ.

602 5615 713 5691 ς49)
740 5616 809 5691 ei;
830 5625 927 5688 ’γῆν
956 5616 1117 5673 Colb.
1149 5618 1491 5691 pro_o‘p7fw.-

1318 5623 1491 5689 ογήν.-
2366 5621 2480 5691 (51)
2508 5621 2538 5678 ἠ
2567 5618 2723 5691 lego,
2754 5633 2861 5691 pro
2887 5622 2943 5677 ἤ.

598 5688 692 5755 50)
734 5688 817 5744 ld.
852 5704 959 5761 pro
984 5690 1215 5762 καυχῆτ“
1245 5688 1272 5745 Ῡ
1312 5688 1317 5689 7
1353 5688 1358 5689 7

1353 5688 1358 5689 7
2364 5688 2475 5764 (752)
2516 5688 2678 5749 C015.
2712 5688 2821 5762 pi‘o
2852 5691 2966 5763 ἔσφ.
