4116 6194
325 285 437 341 757

1313 297 1408 352 AD
1448 294 1988 365 AMPHILOCHIUM
2029 294 2359 363 QU/ESTIO
2397 300 2691 358 CXXXVI.

3582 300 3688 359 758

316 416 538 474 πίστους
561 418 651 466 καὶ
708 415 955 489 ὑμοφυεῖς
1006 418 1166 490 ἰσχὺν
1195 421 1366 495 εἴληφε
1423 426 1734 497 θεραπεύειν,
1788 424 1920 478 οὕτω

2039 429 2180 480 [ιιι-ω
2210 429 2268 481 et
2304 426 2439 483 ﬁdei
2473 428 2779 483 consortes
2812 424 3156 482 conferendi
3201 425 3437 498 copiam
3487 428 3692 484 nanci-

313 501 493 574 πράως
537 511 647 566 τοῖς
700 500 959 573 δεομένοις
1016 508 1270 582 ἐπαρκῶν,
1336 514 1470 566 οὑτω
1526 515 1913 589 ριλανθρὼπως,

312 589 474 652 οὑτως
514 591 871 663 οἰκονομικῶς,
924 598 992 656 ὡς
1048 605 1144 648 τῶν
1189 610 1371 653 κοινῶν
1428 603 1591 675 φύλαξ
1638 609 1727 656 καὶ
1782 604 1919 657 οἰκο-

313 683 468 751 νόμος
504 683 722 753 ταχθεὶς
768 682 823 735 ἐκ
877 691 1028 738 Θεοῦ.
1079 686 1256 761 Ὁρᾷς,
1304 692 1441 753 ὅπως
1493 698 1578 744 καὶ
1630 697 1715 745 τὸν
1767 692 1920 744 πλοὺ-

316 787 428 820 σεον
459 771 488 826 ἡ
531 775 841 833 ταπείνωσις
891 773 1126 847 λαμπρόν
1177 784 1263 832 καὶ
1312 780 1510 850 ὑψηλόν
1550 787 1641 835 καὶ
1698 790 1793 843 τῆς
1821 780 1919 854 βα-

314 856 509 920 σιλείας
539 859 684 922 ἄξιον
719 859 1038 933 ἀποφαίνεις
1099 869 1193 919 Διὰ
1240 874 1391 920 τοῦτό
1438 890 1619 943 φησιν,
1676 894 1703 922 ι(
1745 872 1804 925 Ὀ
1859 868 1918 924 δὲ

311 946 562 1010 πλούσιος
608 952 905 1021 καυχάσθω
964 951 1011 1003 ἐν
1066 963 1127 1028 τῇ
1182 963 1487 1012 ταπεινώσει
1538 962 1720 1014 αὑτοῦ.
1779 981 1805 1009 ι)
1837 958 1917 1012 Ἐν

314 1037 502 1109 ταύτῃ,
536 1042 713 1108 φησὶν,
755 1039 1000 1104 ἐλπιζέτω
1040 1051 1101 1116 τῇ
1155 1053 1481 1104 ταπεινώσει.
1510 1049 1561 1101 ἐν
1590 1052 1753 1123 ταύτῃ
1793 1047 1920 1123 θαῤ-

315 1125 484 1198 ῥείτω,
538 1122 631 1179 διὰ
692 1130 890 1190 ταύτης
930 1129 1287 1201 ὑψωθήσεται·
1348 1136 1409 1189 Εἰ
1481 1140 1579 1211 γὰρ
1628 1143 1701 1211 μὴ
1734 1122 1917 1203 (τοῦτο,

320 1214 630 1285 φησὶν,ἀπό
679 1224 769 1269 τοῦ
822 1218 1064 1272 Πλάστου
1116 1220 1437 1296 κερδήσειεν,
1496 1232 1547 1279 τί
1596 1227 1719 1279 ἄλλο
1778 1227 1920 1297 αὐτῷ

320 1300 374 1366 ἐξ
403 1302 559 1355 αὑτοῦ
586 1307 754 1369 ἔσται,
811 1305 910 1359 ἀπὸ
949 1316 1070 1379 γῆς,
1113 1312 1213 1364 ἀπό
1271 1312 1460 1379 πηλοῦ,
1520 1314 1620 1368 ἀπὸ
1655 1312 1918 1388 φηφιδίων

322 1394 457 1443 οὕτω
485 1401 683 1464 μικρῶν
713 1411 728 1461 ;
760 1395 949 1466 μᾶλλον
1000 1395 1079 1466 δὲ,
1136 1402 1203 1462 ὡς
1281 1404 1413 1476 ἱερὸς
1456 1404 1699 1467 Ἰάκωϐος
1744 1407 1918 1477 φάναι,

320 1476 488 1551 μηδὲν
518 1480 620 1534 ἀπὸ
652 1484 840 1547 ἄνθους
879 1490 1080 1559 χόρτου
1140 1484 1494 1563 διαφέροντος,
1542 1493 1568 1545 ὃ
1623 1498 1745 1566 πρὸς
1786 1496 1921 1567 ὥραν

321 1571 412 1640 μὲν
470 1568 628 1635 ἀνθεῖ,
686 1578 776 1625 καὶ
824 1577 998 1645 τέρπει
1040 1576 1288 1641 πολλάκις
1339 1583 1609 1647 αῖσθησιν,
1665 1582 1923 1635 ἐπικαίον-

324 1677 408 1720 τος
448 1655 506 1711 δε
546 1667 635 1712 τοῦ
657 1660 804 1719 ἡλίου
834 1662 1132 1736 ξηραίνεταί
1170 1686 1222 1719 τε
1275 1674 1363 1721 καὶ
1412 1669 1735 1743 ἀφανίζεται,
1786 1669 1923 1743 μηδε

322 1746 561 1819 λείψανον
636 1759 731 1812 τῆς
804 1756 1051 1827 προτέρας
1128 1756 1429 1831 εὐπρεπείας
1505 1760 1920 1833 ὑπολειπόμενον.

324 1834 527 1912 Ὠσπερ
577 1838 666 1890 οὖν
698 1842 756 1892 τὸ
814 1842 968 1905 ἄνθος
1015 1851 1107 1895 τοῦ
1154 1850 1375 1918 χόρτου,
1437 1846 1483 1899 ἐν
1626 1853 1683 1901 τό
1738 1852 1925 1924 ὡραῖον

324 1924 620 1997 προϐάλλει,
692 1930 951 2001 φθείρεται
1038 1938 1128 1986 xui
1197 1933 1502 2004 ἀπόλλυται,
1566 1937 1699 1990 οὕτω
1758 1944 1847 1991 xui
1900 1940 1925 1991 6

324 2015 574 2079 πλούσιος
638 2015 685 2069 ἕν
734 2018 872 2071 αὑτῶ
930 2029 1020 2082 τῆς
1084 2022 1410 2086 πολυτελείας
1475 2028 1590 2097 (53)
1641 2036 1713 2099 τῷ
1786 2030 1927 2081 ἄνθει

324 2110 631 2178 μαραίνεται
659 2111 749 2159 καὶ
788 2104 1075 2165 διόλλυται.
1120 2112 1321 2165 Μᾶλλον
1371 2111 1430 2167 δε
1478 2120 1567 2167 xui
1618 2124 1708 2168 τοῦ
1761 2116 1810 2168 ἓν
1855 2126 1926 2187 τῷ

326 2198 508 2268 χόρτῳ
560 2196 797 2268 εὑρήσεις
846 2198 1001 2251 αὑτὸν
1040 2198 1405 2276 ἀσθενέστερόν
1458 2223 1512 2256 τε
1569 2210 1658 2258 καὶ
1713 2203 1926 2280 ἀδρανί-

329 2301 528 2355 στερον.
570 2289 639 2336 Τό
665 2288 755 2355 μὲν
784 2290 885 2359 γὰρ
934 2285 1054 2359 ἰδίῳ
1096 2299 1261 2365 καιρῷ
1310 2290 1468 2359 ἀνθεῖ,
1520 2298 1609 2346 ναὶ
1652 2291 1771 2365 ἰδίῳ
1829 2316 1926 2367 μα-

325 2376 557 2444 ραίνεται
588 2387 604 2402 ⁸
633 2374 658 2424 6
708 2370 767 2427 δὲ
818 2376 1067 2438 πλούσιος
1110 2377 1158 2429 ἐν
1201 2379 1330 2453 αὐτῇ
1385 2381 1617 2453 μάλιστα
1646 2392 1704 2456 τῇ
1764 2382 1926 2457 ἀκμῇ,

327 2461 407 2512 ὅτε
436 2464 763 2533 πανταχόθεν
814 2464 950 2536 αὐτῷ
1005 2464 1288 2539 βλαστάνει
1335 2475 1424 2523 καὶ
1478 2470 1621 2524 ἀνθεῖ
1669 2474 1733 2524 τὰ
1775 2470 1927 2534 ἡδέα,

328 2554 417 2600 καὶ
472 2546 728 2604 δοκοῦντα
792 2551 919 2606 εἶναι
983 2554 1197 2630 λαμπρὰ
1277 2563 1366 2611 καὶ
1434 2559 1663 2627 ζηλωτὰ,
1714 2566 1804 2614 καὶ
1858 2571 1931 2633 τῷ

328 2640 467 2709 ὄγκῳ
546 2644 629 2691 καὶ
675 2648 747 2712 τῷ
823 2647 1093 2715 φυσήματι
1174 2645 1497 2719 φλεγμαίνων
1573 2657 1681 2712 τοῖς
1726 2650 1932 2714 πολλοῖς

331 2725 444 2779 ἐστι
483 2726 705 2803 φοϐερός,
758 2734 872 2783 τότε
904 2728 996 2797 δὴ,
1054 2739 1168 2786 τότε
1202 2733 1389 2810 ἀθρόον
1443 2737 1684 2800 πολλάκις
1713 2744 1744 2798 ἤ
1782 2742 1932 2792 θανά-

331 2834 422 2867 του
451 2820 589 2888 νόμῳ
638 2819 750 2889 (54)
806 2818 1135 2892 συλληφθεὶς,
1190 2822 1243 2884 ἐξ
1288 2823 1567 2898 ἀνθρώπων
1607 2826 1931 2899 ἀφανίζεται,

333 2903 364 2962 ἢ
411 2907 658 2976 ναυάγιον
701 2907 857 2959 αὑτὸν
903 2918 1041 2962 ποιεῖ
1111 2911 1456 2985 ὑποϐρυχιον.
1513 2921 1611 2968 Καὶ
1674 2920 1730 2968 τὸ
1758 2921 1932 2969 καινόν

332 2998 421 3045 xui
479 2991 799 3066 παράδοξον,
868 2995 981 3050 οὐδ’
1034 2999 1187 3052 αὑτὸν
1236 3001 1344 3055 ἔσθ’
1394 3005 1476 3055 ὅτε
1527 3003 1748 3076 βυθίζον
1795 3007 1929 3077 (55),

334 3079 459 3134 ἀλλά
487 3086 573 3135 τόν
623 3090 850 3157 χουσόν,
893 3092 986 3147 τὴν
1044 3089 1203 3142 αὑτοῦ
1254 3091 1440 3162 ψυχὴν
1497 3098 1586 3146 καὶ
1642 3095 1802 3163 ζωὴν,
1844 3101 1932 3147 καὶ

338 3173 584 3243 τύραννος
637 3169 695 3226 δε
756 3176 963 3246 μᾶλλον,
1016 3178 1045 3237 ἡ
1102 3178 1214 3230 κατ’
1245 3178 1454 3246 ἐκεῖνον,
1497 3188 1617 3257 χεὶρ
1658 3187 1743 3235 τὸν
1774 3184 1933 3236 πλοῦ-

337 3278 423 3312 τον
482 3260 791 3334 ἁρπάσασα,
862 3267 1052 3339 ἔρημον
1119 3266 1274 3320 ἀυτόν
1324 3274 1413 3321 καὶ
1473 3278 1565 3333 τῆς
1620 3272 1802 3345 ὀφρύος
1844 3278 1934 3325 xui

338 3357 434 3421 τῇς
465 3350 600 3411 ζωῆς
647 3350 959 3420 ἐναπέλιπεν,
1018 3357 1339 3429 θεραπόντων
1395 3357 1680 3425 ἐπιϐουλαὶ,
1730 3361 1935 3434 λῃστῶν

337 3434 538 3512 ἐνέδρα,
567 3444 619 3491 τί
651 3441 713 3491 οἷν
757 3460 851 3506 τις,
881 3444 959 3505 οἷς
1008 3444 1197 3507 ἐκεῖνος
1222 3445 1494 3500 ἁλίσκεται
1525 3454 1610 3501 καὶ
1644 3447 1931 3516 διόλλυται,

339 3531 501 3599 φέρων
562 3526 766 3603 ἀριθμῷ
844 3527 1008 3599 δοίη;
1070 3534 1204 3586 οὑτω
1277 3541 1365 3588 καὶ
1426 3538 1614 3601 ἄνθους
1674 3542 1853 3592 παθεῖν
1911 3541 1935 3592 6

337 3623 571 3679 τοιοῦτος
649 3618 958 3695 φαυλότερός
1052 3641 1106 3674 τε
1188 3629 1276 3677 καὶ
1356 3626 1699 3702 ἑτοιμότερος.
1787 3628 1938 3682 Ἀλλὰ

338 3712 506 3757 ταῦτα
542 3709 650 3777 μὲν,
704 3714 818 3782 περὶ
858 3710 925 3760 ὧν
978 3711 1271 3783 ἠρώτησας,
1328 3716 1357 3772 ἡ
1406 3713 1649 3775 ἐπιστολή
1700 3736 1783 3769 σοι
1816 3715 1938 3770 δια-

337 3792 559 3864 λέγεται.
606 3799 673 3847 Σὺ
724 3792 783 3848 δε
837 3802 1071 3870 Χριστοῦ
1129 3809 1220 3853 τοῦ
1279 3800 1525 3860 ἀληθινοῦ
1578 3813 1711 3859 Θεοῦ
1770 3808 1933 3878 ἡμῶν,

337 3884 507 3955 ἔργοις
533 3888 623 3936 xui
650 3881 886 3957 δόγμασι
926 3884 1108 3940 δοῦλον
1159 3895 1374 3943 σεαυτόν
1420 3904 1709 3966 παριστῶν,
1741 3901 1829 3947 xui
1855 3899 1938 3947 τόν

341 3971 559 4024 πλοῦτον
607 3973 777 4035 καλῶς
832 3975 1113 4048 οἰκονομῶν
1161 3977 1209 4030 ἐν
1282 3987 1343 4052 τῇ
1401 3985 1615 4055 τοιαύτη
1680 3986 1939 4046 πεποιθὼς

338 4062 450 4126 ἔσο,
490 4066 577 4113 xui
632 4062 863 4135 εὖθύμει.
920 4070 1261 4133 Ταπεινὼσει,
1321 4075 1409 4122 καὶ
1456 4065 1616 4123 τᾶλλα
1659 4079 1721 4144 τῇ
1777 4072 1932 4145 ψυχῇ

338 4154 429 4202 καὶ
456 4157 529 4220 τῷ
561 4155 763 4223 σώματι
791 4152 1007 4227 ἓῤῥωσο.

412 4248 460 4283 το
489 4248 607 4304 Jac.
639 4264 678 4314 ι,
719 4254 780 4306 lo
817 4252 862 4286 ⁷1
906 4251 1051 4310 ibid.

2033 514 2253 572 scitur:
2281 520 2403 573 tam
2445 522 2756 572 mansuete
2787 514 2992 584 egenis
3023 514 3384 585 impertiens,
3430 524 3549 571 tam
3579 515 3689 570 hu-

2032 605 2304 668 maniter,
2329 609 2453 661 tam
2487 605 3014 676 frugaliter,quam
3039 604 3457 659 communium
3493 604 3687 661 bono-

2030 693 2494 749 rumcustodem
2527 701 2580 750 et
2607 694 3089 765 dispensatorem
3129 708 3191 748 se
3248 693 3326 749 ab
3384 693 3519 764 ipso
3571 696 3690 751 Deo

2030 783 2190 838 novit
2219 798 2348 838 esse
2369 784 2781 839 constitutum.
2809 782 3082 845 Videsne,
3115 782 3426 854 quomodo
3456 783 3693 839 humili-

2030 873 2120 925 tas
2153 871 2334 927 etiam
2363 872 2599 929 divitem
2631 872 2919 928 illustrem
2941 875 2997 927 et
3033 870 3352 927 sublimem
3414 876 3472 928 et
3497 887 3683 944 regno

2030 958 2250 1015 caelesti
2285 961 2537 1031 dignum
2570 961 2763 1018 facere
2791 958 3032 1033 possit?
3056 965 3372 1033 propterea
3400 960 3485 1016 ait
3510 977 3522 1016 :
3566 961 3690 1017 «Di-

2028 1064 2133 1104 ves
2158 1064 2297 1105 vero
2327 1050 2610 1121 glorietur
2639 1050 2697 1105 in
2732 1049 3060 1106 humilitate
3099 1064 3207 1105 sua
3235 1050 3306 1104 7°.
3355 1069 3384 1100 ‹‹
3430 1050 3495 1105 In
3545 1049 3683 1115 hac,

2028 1137 2240 1211 inquit,
2273 1139 2602 1195 humilitate
2638 1139 2786 1194 bene
2820 1142 3059 1211 speret;
3092 1138 3205 1194 hac
3230 1138 3499 1194 confidat
3532 1156 3548 1209 ;
3584 1154 3689 1210 per

2030 1227 2186 1284 hanc
2222 1228 2599 1284 exaltabitur.
2627 1227 2747 1283 Nisi
2780 1228 2935 1282 enim
2977 1227 3111 1291 hoc,
3151 1226 3366 1299 inquit,
3407 1242 3442 1282 a
3474 1226 3691 1283 Condi—

2034 1321 2157 1373 tore
2187 1317 2464 1384 lucretur,
2493 1318 2638 1388 quid
2670 1317 2830 1372 aliud
2851 1316 2929 1372 ab
2953 1316 3054 1371 illo
3077 1320 3386 1387 acceperit,
3412 1333 3484 1372 ex
3512 1320 3688 1382 terra,

2032 1405 2270 1471 exluto,
2296 1421 2367 1461 ex
2398 1405 2617 1477 lapillis
2657 1405 2810 1462 adeo
2841 1405 3058 1475 parvis,
3100 1405 3223 1459 imo
3263 1404 3481 1475 potius,
3524 1403 3691 1475 quod

2035 1501 2278 1550 sanctus
2296 1496 2554 1550 Iacobus
2584 1495 2666 1549 ait
2694 1496 2764 1559 ⁷¹,
2807 1493 2885 1549 ab
2914 1493 3027 1548 illis
3066 1493 3267 1558 rebus,
3308 1509 3440 1565 quae
3479 1509 3516 1549 ε.
3545 1492 3691 1549 ﬂore

2035 1584 2320 1653 graminis
2360 1583 2507 1639 nihil
2549 1583 2847 1645 diﬂ‘erunt,
2882 1582 3047 1653 quod
3089 1582 3146 1636 in
3187 1582 3400 1637 horam
3440 1582 3690 1653 quidem

2037 1672 2227 1737 ﬂoret,
2255 1688 2580 1743 sensusque
2610 1671 3047 1743 aliquantisper
3076 1670 3348 1734 delectat,
3393 1670 3513 1725 sole
3554 1685 3694 1726 vero

2040 1768 2260 1828 urente,
2304 1761 2617 1816 marcescit
2652 1765 2711 1815 et
2745 1759 3097 1822 deﬂorescit,
3140 1758 3289 1813 nihil
3319 1759 3555 1830 pristini
3594 1759 3695 1814 de-

2038 1852 2191 1906 coris
2218 1851 2574 1918 rslinquens.
2594 1848 3118 1914 Quemadmodum
3145 1849 3319 1917 igitur
3335 1847 3449 1903 ﬂos
3472 1847 3693 1916 grami-

2038 1941 2155 2008 nis,
2187 1942 2245 1995 in
2271 1956 2393 2013 quo
2423 1940 2599 1995 decor
2626 1938 2756 2008 ejus
2789 1935 3026 2002 emicat,
3060 1938 3210 2009 perit
3269 1943 3326 1992 et
3392 1935 3687 2007 aboletur;

2037 2029 2121 2084 ita
2145 2028 2314 2084 dives
2348 2032 2611 2100 quoque,
2644 2027 2702 2082 in
2722 2026 2922 2081 media
2945 2025 3218 2082 felicitate
3242 2027 3617 2094 constitutus,
3639 2030 3696 2081 et

2038 2118 2098 2172 in
2131 2116 2254 2184 ipso
2288 2112 2744 2187 magniﬁcentiae
2774 2111 2920 2167 ﬂore
2949 2113 3257 2169 marcescit
3302 2118 3357 2168 et
3396 2112 3696 2167 consumi-

2038 2212 2153 2262 tur.
2181 2207 2307 2260 Imo
2344 2220 2480 2260 vero
2507 2202 2778 2260 eumdem
2809 2200 2940 2272 ipso
2978 2201 3080 2257 illo
3106 2202 3393 2272 graminis
3424 2201 3567 2257 ﬂore
3589 2201 3697 2256 im-

2042 2295 2403 2349 becilliorem
2431 2298 2486 2348 et
2510 2292 2780 2349 viliorem
2826 2291 3138 2348 inveneris.
3195 2291 3293 2346 Ille
3361 2289 3521 2346 enim
3589 2305 3697 2345 suo

2042 2388 2310 2454 tempore
2341 2382 2529 2448 ﬂoret,
2560 2399 2669 2439 suo
2696 2401 2836 2440 vero
2875 2384 3053 2440 etiam
3104 2379 3415 2435 marcescit
3467 2396 3480 2433 :
3535 2378 3699 2433 dives

2039 2478 2240 2528 autem
2286 2470 2345 2526 in
2408 2487 2645 2527 summo
2693 2472 2894 2543 vigore
2952 2486 3081 2535 suo,
3134 2467 3381 2540 quando
3431 2465 3695 2536 jucunda

2043 2577 2299 2634 quaeque
2316 2560 2633 2617 etillustria
2657 2561 3039 2632 maximeque
3060 2554 3469 2613 consectanda
3498 2554 3700 2609 viden-

2044 2656 2155 2717 tur,
2190 2649 2270 2705 illi
2300 2654 2633 2705 nascuntur
2659 2656 2713 2706 et
2734 2649 2966 2715 ﬂorent,
3030 2649 3152 2719 ipse
3220 2661 3383 2711 vero,
3440 2642 3600 2700 fastu
3645 2648 3703 2699 et

2043 2738 2385 2809 arrogantia
2411 2737 2677 2807 inﬂatus,
2714 2738 2914 2794 multis
2948 2743 3231 2793 terrorem
3265 2733 3496 2795 incutit,
3556 2738 3698 2788 tunc

2042 2827 2461 2891 omnino,tunc
2490 2825 2827 2900 frequenter
2856 2826 2943 2882 vel
2986 2823 3355 2881 mortalitatis
3402 2822 3534 2891 lege
3577 2835 3705 2877 cor-

2043 2922 2246 2989 reptus
2270 2934 2337 2972 ex
2368 2917 2714 2973 hominibus
2743 2916 3030 2988 disparet,
3074 2919 3178 2970 aut
3203 2910 3522 2979 naufragio
3563 2910 3698 2965 sub-

2045 3007 2337 3073 mergitur.
2362 3007 2561 3078 Neque
2587 3022 2726 3062 vero
2759 3019 2997 3077 semper
3023 3017 3247 3057 novum
3275 2998 3499 3071 aliquid
3526 3001 3583 3052 et
3612 2996 3701 3052 in-

1974 3097 2014 3152 C
2045 3095 2285 3151 solitum
2314 3094 2480 3149 illum
2504 3093 2851 3167 submergit,
2872 3094 2975 3147 sed
2998 3106 3211 3146 manus
3236 3088 3447 3161 potius,
3472 3086 3701 3156 majore

2045 3199 2228 3255 quam
2257 3199 2379 3253 qua
2408 3183 2537 3251 ipse
2573 3198 2712 3237 usus
2737 3188 2842 3248 est,
2895 3178 3208 3253 tyrannide
3247 3192 3484 3240 aurum,
3530 3173 3699 3247 quod

2046 3272 2311 3329 animam
2330 3272 2459 3343 ejus
2476 3276 2534 3326 et
2549 3272 2728 3327 vitam
2746 3270 3072 3337 constituit,
3093 3265 3450 3336 subripiens,
3470 3270 3526 3319 et
3546 3263 3702 3318 fastu

2047 3367 2103 3417 et
2128 3360 2242 3416 vita
2264 3361 2557 3432 privatum
2590 3359 2879 3431 relinquit.
2910 3358 3067 3414 Idem
3100 3353 3700 3412 faciuntfamulorum

2049 3449 2510 3506 machinationes
2532 3454 2585 3505 et
2618 3453 2920 3504 latronum
2947 3446 3196 3502 insidias.
3223 3440 3704 3516 thuistandem

2047 3555 2396 3595 enumerare
2410 3538 2600 3611 possit
2613 3539 2837 3602 omnia,
2852 3537 3075 3610 quibus
3091 3536 3273 3590 homo
3292 3533 3421 3604 ejus
3437 3530 3600 3586 modi
3614 3544 3710 3584 ca-

2046 3629 2204 3701 pitur
2220 3635 2274 3683 et
2294 3630 2439 3698 perit
2455 3625 2482 3679 ?
2502 3627 2653 3683 adeo
2671 3626 2765 3682 ille
2789 3627 2919 3681 vilis
2943 3630 3033 3681 est
3051 3622 3409 3681 conditionis
3435 3626 3493 3675 et
3516 3618 3711 3687 magis

2048 3722 2225 3790 aptus
2248 3718 2325 3772 ad
2344 3734 2431 3784 ea,
2453 3733 2588 3790 qure
2613 3715 2743 3771 ﬂori
2760 3715 3039 3772 accidunt
3073 3710 3476 3785 ,experienda.
3521 3708 3707 3778 Atque

2047 3806 2176 3862 haec
2193 3805 2437 3879 quidem
2454 3804 2704 3877 epistola
2720 3820 2871 3871 mea,
2892 3803 3109 3868 deillis,
3127 3819 3257 3874 qua:
3278 3799 3427 3855 scire
3447 3795 3706 3859 voluisti,

2048 3894 2316 3966 exponit.
2351 3898 2433 3951 Tu
2460 3909 2618 3960 vero,
2641 3894 2869 3959 Christi,
2890 3909 3006 3948 veri
3030 3892 3126 3946 Dei
3149 3889 3356 3954 nostri,
3389 3902 3629 3942 servum
3653 3889 3710 3940 et

2048 4000 2226 4055 opere
2245 3989 2300 4039 et
2320 3983 2589 4039 doctrina
2603 3988 2655 4037 te
2677 3987 2985 4054 rpasstans,
3004 3994 3267 4053 opesque
3287 3984 3420 4033 tuas
3433 3980 3587 4029 recte
3600 3973 3702 4028 ad-

2048 4072 2401 4138 ministrans,
2421 4072 2473 4126 in
2490 4072 2604 4126 ista
2620 4070 2942 4126 humilitate
2957 4068 3200 4129 conﬁde.
3220 4067 3496 4135 bonoque
3513 4062 3702 4117 animo

2046 4166 2191 4224 esto,
2207 4176 2316 4215 nec
2335 4160 2535 4217 minus
2556 4167 2767 4216 caetera
2789 4159 2993 4215 animo
3016 4163 3072 4213 et
3092 4170 3338 4228 corpore
3356 4155 3510 4207 recte
3528 4148 3659 4205 vale
3683 4148 3697 4201 ι

1038 4545 1178 4604 JOS.
1221 4547 1885 4615 HERGENROETHIEB,
1919 4550 1976 4606 S.
2044 4547 2293 4605 THEOL.
2349 4545 2834 4614 PROFESSORIS,

1708 4738 2322 4822 ADMONITIO

341 4936 413 4992 IN
476 4937 793 4995 UNDECIM
854 4938 1256 5005 SEQUENTES
1332 4938 1786 5004 QUESTIONES
1834 4940 1964 4997 SEU
2020 4939 2557 4998 COMMENTARIOS
2614 4942 2682 4995 IN
2742 4939 3187 4997 ARISTOTELIS
3248 4933 3705 4995 CATEGORIAS.

418 5244 561 5309 Qum
585 5245 873 5317 sequntur
903 5229 1182 5298 undecim
1209 5240 1656 5298 dissertationes
1683 5247 1998 5300 tractatum
2024 5244 2334 5317 proprium
2365 5246 2725 5301 constituunt
2753 5244 2827 5300 de
2858 5243 3184 5311 Aristotelis
3202 5240 3526 5314 Categoriis
3553 5254 3705 5312 quas

343 5333 589 5390 Photius
609 5332 737 5404 jam
762 5338 899 5388 ante
920 5330 1229 5403 discipulis
1248 5331 1369 5387 suis
1393 5330 1583 5387 fusius
1597 5331 2019 5404 explicaverat.
2053 5333 2282 5389 Easdem
2306 5334 2367 5388 in
2398 5333 2675 5389 Vaticano
2695 5332 2897 5389 codice
2918 5350 2974 5405 q.
2999 5349 3058 5406 q.
3086 5337 3184 5390 137
3203 5347 3391 5405 usque
3411 5330 3488 5387 ad
3510 5346 3569 5403 q.
3583 5332 3703 5393 147,

342 5422 369 5479 f
409 5423 684 5478 117-134
711 5420 964 5494 implent
1004 5442 1016 5487 ;
1048 5421 1108 5476 in
1136 5420 1495 5478 Coisliniano
1519 5421 1744 5489 codice,
1776 5436 1959 5495 quem
1986 5421 2303 5495 descripsit
2341 5421 2847 5492 Montefalconius,
2895 5423 3259 5494 quaestiones
3287 5425 3428 5476 sunt
3455 5430 3704 5475 numero

1943 5519 2147 5577 ΝΟΤᾹΞ

420 5618 532 5690 (53)
563 5617 705 5675 Cod.
736 5615 1077 5690 πολιτελείας.
1118 5618 1385 5690 Fortasse
1410 5616 1799 5690 scribendum
1818 5622 1945 5690 erat

344 5688 625 5754 πολιτείας.
652 5688 845 5779 malim
876 5694 1075 5756 tamen
1106 5689 1370 5774 alterum
1404 5694 1676 5747 nostrum
1702 5688 1869 5749 illud.

2125 5618 2238 5691 (54)
2281 5617 2501 5691 θανάτου
2524 5621 2670 5691 Ρόμῳ
2694 5617 2861 5677 Colb.
2891 5633 2997 5691 pro
3037 5619 3415 5690 θανατουμίνῳ.

2125 5687 2244 5762 (55)
2279 5689 2480 5749 Malim
2509 5687 2745 5763 βυθίζοι.
