3926 6190
429 302 535 358 ’759
1636 299 1876 355 PHOTII
1919 297 2405 356 PATRIARCHE
2444 299 2556 356 CP.
3680 301 3751 356 760

426 429 631 484 decem
665 428 744 499 (q.
782 429 1203 494 163-l8‘2),cum
1233 441 1302 480 ea
1333 441 1468 498 quae
1495 426 1552 480 in
1606 425 1787 481 Vatic.
1831 430 1916 480 est
1951 441 2012 496 q.
2071 428 2189 488 142,
2241 425 2314 478 de
2367 439 2468 479 sex
2520 423 2762 496 reliquis
2809 421 3136 491 Catégoriis
3190 422 3507 494 inscripta,
3559 423 3644 480 ibi
3668 441 3752 498 n0p

425 524 785 572 numeretur.
821 517 880 570 In
915 516 1256 570 Taurinensi
1283 515 1484 570 codice
1510 515 1604 570 hae
1635 514 1969 586 questiones
1999 514 2245 568 omnino
2276 514 2707 568 desiderantur.
2738 513 3105 568 Iamdudum
3138 528 3246 566 ceu
3275 513 3599 582 singularis
3649 514 3753 570 liber

427 605 606 660 Photii
643 606 716 659 de
755 605 1078 658 Aristotelis
1111 605 1429 672 Categoriis
1460 603 1937 659 Commentarius
1991 619 2026 658 a
2055 602 2330 673 pluribus
2359 603 2608 658 seorsim
2640 601 2896 658 describi
2935 603 3246 656 consuevit
3275 601 3442 670 (Vide
3495 603 3754 659 Oudiaum

427 696 511 748 De
539 695 922 761 scriptoribus
944 695 1147 749 eccles.
1183 698 1220 747 t.
1259 693 1322 758 Il,
1353 710 1406 764 p.
1439 695 1564 758 207,
1588 696 1711 759 214,
1736 692 1809 746 ed
1841 692 1992 764 Lips.
2029 693 2190 762 I722)
2224 709 2235 755 ;
2272 692 2409 746 hinc
2442 692 2637 763 plures
2666 691 2880 747 vetusti
2913 690 3229 762 scriptores
3257 693 3317 744 in
3347 691 3754 758 Amphilochus

427 797 526 836 eas
546 783 906 854 quaestiones
935 787 994 836 ut
1011 784 1136 850 jam
1163 781 1314 836 alias
1331 783 1603 851 vulgatas
1623 781 1888 836 omisisse
1911 780 2196 836 videntur.
2221 782 2550 852 Saneplura
2579 781 2758 852 hujus
2781 780 2862 835 rei
2892 779 3138 849 vestigia
3168 779 3417 834 inveniri
3453 787 3696 851 possunt
3717 781 3755 836 in

429 871 846 940 manuscriptis
873 870 1195 938 codicibus,
1225 876 1289 924 ut
1316 870 1775 926 Vendobonensi
1803 869 2024 941 philos.
2049 871 2116 922 29
2140 868 2176 922 f.
2218 869 2333 934 103,
2361 872 2482 940 276,
2512 869 2674 941 apud
2698 870 2964 924 Lambec.
2989 869 3106 932 VII,
3133 867 3221 934 65,
3250 867 3439 933 Paris,
3465 869 3567 922 547
3592 870 3756 935 (catal.

420 975 479 1015 ιι.
513 964 666 1022 1653,
696 961 750 1023 4,
785 977 835 1028 p.
872 975 928 1014 IV
957 976 1014 1030 p.
1050 958 1196 1028 114),
1235 959 1412 1023 Paris,
1443 959 1576 1014 cod.
1621 962 1770 1024 1843,
1803 957 1970 1024 (catal

2205 958 2339 1024 aris,
2376 962 2526 1023 1740,
2562 965 2598 1013 1.
2638 958 2680 1012 ll
2717 974 2774 1029 p.
2832 959 2957 1027 409)
2999 957 3260 1030 aliisque,
3315 957 3542 1029 quibus
3590 963 3648 1013 et
3677 959 3755 1014 fra-

428 1054 729 1117 gmentum
758 1053 954 1100 Φωτίου
986 1067 1102 1122 περι
1133 1056 1298 1100 ποσοῦ
1337 1049 1396 1103 in
1423 1048 1556 1103 cod.
1593 1048 1873 1103 Escorial.
1906 1053 1964 1112 ψ,

2204 1065 2227 1110 ι,
2263 1048 2351 1119 (n.
2389 1048 2514 1118 226)
2545 1063 2680 1102 saec.
2708 1062 2829 1110 xm,
2863 1046 2900 1100 f.
2925 1049 2994 1101 49
3023 1045 3172 1114 (vide
3211 1045 3550 1116 catalogum
3593 1063 3754 1118 opera.

427 1139 487 1192 Ε.
523 1137 747 1201 Miller;
783 1139 1028 1199 Parisiis,
1066 1154 1120 1192 a.
1157 1141 1287 1192 1848
1319 1137 1566 1204 editum,
1601 1154 1659 1209 p.
1718 1139 1859 1204 I72),
1910 1136 2208 1192 accenseri
2252 1152 2430 1208 posse
2481 1135 2860 1192 arbitramur.
2903 1133 3078 1189 Plura
3129 1135 3400 1205 ejusdem
3457 1139 3760 1203 argumenti

425 1225 761 1293 fragmenta
802 1227 984 1281 Photii
1020 1227 1261 1280 nomine
1295 1227 1578 1296 insignita
1609 1226 1968 1281 scholiorum
2000 1223 2264 1279 adinstar
2289 1231 2526 1281 exstant
2556 1226 2614 1280 in
2649 1224 3024 1280 nobilissimo
3060 1224 3402 1279 Monacensi
3444 1225 3650 1280 codice
3687 1228 3760 1280 222

424 1314 803 1386 bombycino,
839 1315 1003 1379 ἱιι-4ο,
1034 1317 1134 1387 qui
1170 1316 1386 1371 sreculo
1445 1332 1557 1380 XIII,
1594 1316 1651 1370 in
1688 1315 1890 1370 charta
1924 1312 2117 1368 solida
2156 1320 2210 1368 et
2241 1314 2519 1383 laevigata
2548 1314 2838 1385 scriptura
2871 1313 3272 1368 minutissima
3296 1319 3354 1368 et
3380 1314 3560 1369 valde
3588 1315 3760 1369 abbreo

425 1404 580 1459 viata
606 1409 884 1460 exaratus
915 1411 1005 1459 est
1031 1412 1084 1459 et
1108 1406 1412 1476 Porphyrii
1441 1409 1722 1474 Isagogen
1753 1420 1888 1459 cum
1918 1401 2158 1456 scholiis
2189 1403 2486 1458 Ammonii
2519 1410 2574 1458 et
2600 1403 2805 1466 Photii,
2848 1401 3061 1457 deinde
3092 1402 3438 1470 Categorias
3467 1401 3760 1458 Aristotelis

427 1509 562 1548 cum
596 1495 895 1563 Anonymi
943 1499 999 1549 et
1049 1495 1232 1549 Photii
1265 1495 1713 1550 Commentariis
1743 1493 2025 1548 continet.
2061 1492 2262 1547 Photio
2295 1492 2634 1546 tribuuntur
2673 1491 2945 1547 tredecim
2990 1491 3345 1559 fragmenta,
3388 1507 3649 1563 quorum
3687 1491 3759 1546 hic

425 1584 621 1638 titulos
657 1583 1158 1653 adnecterejuvat
1183 1606 1192 1639 :
1230 1585 1267 1636 l.
1294 1586 1379 1639 De
1400 1600 1646 1652 genere;
1677 1584 1744 1637 II.
1775 1584 1859 1638 De
1883 1580 2071 1650 specie
2097 1600 2108 1646 ;
2135 1582 2224 1636 Ill.
2253 1582 2336 1636 De
2353 1581 2683 1650 differentia
2713 1599 2725 1646 ;
2754 1582 2836 1636 IV.
2866 1581 2940 1634 De
2961 1579 3207 1647 proprio
3233 1582 3328 1649 ,V.
3358 1581 3441 1635 De
3462 1581 3757 1645 accidente;

425 1671 522 1728 Vl.
558 1675 639 1727 De
669 1674 954 1727 communi
987 1690 999 1736 ;
1034 1674 1141 1726 VII.
1171 1674 1256 1729 De
1283 1673 1350 1727 iis
1381 1688 1516 1739 quae
1540 1680 1672 1727 sunt
1700 1670 2028 1727 communia
2058 1671 2266 1744 generi
2295 1687 2426 1725 cum
2465 1670 2814 1738 differentia,
2850 1673 2902 1724 et
2931 1669 3002 1725 de
3033 1669 3106 1723 iis
3137 1684 3266 1741 qua
3316 1677 3460 1724 sunt
3515 1669 3757 1738 diversa;

420 1760 560 1814 VIII.
595 1762 680 1814 De
712 1762 1045 1832 quantitate
1078 1779 1089 1823 ;
1130 1762 1193 1814 I.\'
1226 1763 1309 1816 De
1341 1762 1666 1824 relatione;
1705 1762 1761 1814 X.
1800 1762 1882 1816 De
1930 1762 2217 1832 qualitate
2248 1777 2264 1824 ;
2310 1761 2389 1814 XI.
2421 1760 2503 1814 De
2532 1759 2720 1815 decem
2755 1758 3065 1828 categorias
3106 1775 3119 1824 ;
3165 1759 3254 1812 XII
3293 1759 3373 1813 De
3410 1759 3758 1820 substantia;

419 1847 570 1903 XIII.
613 1851 698 1904 De
727 1851 958 1904 actione
984 1856 1036 1904 et
1065 1850 1344 1920 passione.
1381 1849 1538 1906 Ordo
1571 1849 1626 1903 in
1658 1849 1812 1904 foliis
1853 1849 2124 1905 turbatus
2158 1849 2263 1904 fuit
2295 1855 2350 1904 et
2389 1848 2590 1920 reipsa
2637 1864 2688 1902 e.
2734 1847 2933 1902 Vlll-X
2972 1853 3103 1920 post
3145 1864 3194 1901 e.
3241 1848 3316 1901 XI
3350 1854 3407 1902 et
3449 1848 3554 1902 XII
3609 1848 3754 1902 collo-

417 1938 609 1992 canda
656 1944 844 1992 erant.
881 1939 1060 1994 Porro
1085 1956 1152 1993 ex
1182 1939 1272 1993 his
1304 1938 1652 2007 fragmentis
1682 1955 1783 1993 sex
1804 1941 2134 2010 posteriora
2157 1955 2294 1993 cum
2317 1943 2658 1993 nostrarum
2681 1937 3080 2008 quaestionum
3108 1942 3266 1992 textu
3284 1936 3508 1992 collata
3536 1937 3759 1994 fuerunt,

412 2041 587 2097 quem
619 2027 926 2096 multiplici
950 2033 1124 2100 pacto
1155 2027 1466 2082 illustrant.
1498 2029 1802 2092 Quantum
1836 2029 2128 2099 conjicere
2161 2044 2428 2099 possum,
2461 2043 2528 2082 ea
2553 2026 2891 2097 fragmenta
2915 2032 3193 2097 excerpta
3225 2033 3360 2082 sunt
3386 2041 3512 2081 non
3550 2027 3760 2098 quidem

412 2131 479 2169 ex
509 2116 722 2170 nostris
753 2115 1026 2171 undecim
1057 2116 1507 2189 quaestionibus,
1538 2132 1733 2170 verum
1767 2133 1797 2172 e
1832 2117 2008 2188 priori
2037 2117 2414 2189 compendio,
2449 2117 2610 2188 quod
2649 2117 2892 2171 Photius
2923 2116 3228 2187 discipulis
3249 2116 3370 2171 suis
3392 2115 3760 2188 philosophiae

413 2203 602 2275 prima
623 2205 917 2260 elementa
949 2205 1276 2276 explanans
1299 2205 1616 2272 legendum
1649 2210 1703 2260 et
1729 2206 2192 2262 describendum
2215 2206 2562 2270 tradiderat,
2588 2205 3098 2277 quemadmodum
3121 2219 3243 2260 non
3270 2220 3392 2260 uno
3415 2205 3477 2260 in
3507 2205 3637 2260 loco
3658 2207 3759 2276 ipse

411 2293 586 2348 nobis
612 2294 802 2350 innuit
827 2294 931 2362 (Cf.
961 2300 1171 2367 qumst.
1200 2301 1289 2359 77,
1320 2299 1376 2349 et
1401 2299 1616 2366 quaest.
1651 2297 1762 2366 78).

483 2384 766 2446 Quamvis
800 2384 942 2439 nihil
966 2385 1098 2440 novi
1126 2383 1329 2455 quoad
1362 2384 1667 2440 historiam
1704 2385 2032 2440 studiorum
2061 2384 2612 2456 philosophicorum
2635 2384 2878 2439 exhisce
2904 2383 3094 2438 Photii
3117 2383 3632 2439 lucubrationibus
3652 2384 3753 2438 erui

411 2487 588 2542 posse
626 2472 894 2528 videatur
927 2489 941 2527 :
969 2474 1212 2528 utilitate
1238 2479 1436 2528 tamen
1457 2478 1516 2528 et
1535 2473 1906 2544 jucunditate
1933 2482 2050 2530 nan
2065 2481 2284 2537 carent,
2306 2474 2632 2545 praesertim
2668 2472 2975 2542 theologis,
3009 2472 3232 2544 quibus
3256 2479 3459 2527 arctus
3478 2473 3571 2528 ille
3598 2489 3756 2527 nexus

413 2559 588 2629 plane
625 2566 970 2631 perspectus
1011 2567 1116 2625 est,
1150 2561 1247 2632 qui
1277 2562 1426 2616 inter
1446 2562 1786 2617 dialecticas
1813 2564 2211 2634 peripatetica
2243 2563 2462 2618 scholas
2488 2561 2793 2618 doctrinas
2820 2567 2876 2615 et
2901 2561 3246 2632 dogmatum
3275 2561 3540 2632 ipsorum
3564 2563 3756 2634 exposi-

413 2647 631 2702 tionem
680 2654 736 2702 et
780 2648 1172 2704 evolutionem
1197 2649 1353 2719 apud
1406 2651 1629 2722 priscos
1680 2651 1880 2706 Patres
1929 2651 2452 2723 ecclesiaticosque
2489 2652 2805 2722 scriptores
2841 2649 3242 2722 undequaque
3275 2658 3543 2722 apparet.
3574 2653 3654 2707 Ab
3682 2651 3756 2706 his

411 2749 644 2806 quoque
673 2735 994 2791 dialecticis
1026 2737 1368 2792 notionibus
1409 2744 1647 2792 sanctus
1675 2739 1934 2794 Joannes
1965 2741 2370 2796 Damascenus
2397 2741 2456 2795 in
2491 2739 2779 2812 tripartito
2812 2755 2916 2794 suo
2945 2754 3123 2810 opere
3162 2739 3530 2809 theologiam
3562 2741 3754 2794 institu-

410 2823 630 2878 tionem
663 2830 746 2879 est
773 2841 1016 2880 exorsus
1048 2849 1060 2888 ;
1087 2825 1196 2880 bas
1225 2841 1345 2880 non
1374 2826 1551 2882 Graeci
1589 2832 1836 2892 tantum,
1867 2829 1970 2884 sed
2011 2833 2072 2887 et
2108 2831 2293 2884 Latini
2335 2831 2604 2885 doctores
2635 2832 2847 2884 eadem
2880 2827 2998 2882 fere
3025 2828 3251 2883 ratione
3281 2832 3424 2883 sunt
3457 2832 3747 2900 prosecuti,

407 2918 469 2967 ut
495 2928 616 2967 non
645 2913 821 2984 longe
853 2931 888 2969 a
916 2914 1102 2969 Photii
1135 2915 1503 2986 temporibus
1529 2915 1760 2971 distans
1791 2916 2094 2975 Alcuinus.

907 3011 1230 3077 QU/ESTIO
1268 3012 1566 3068 CXXXVII.
2097 3019 2141 3072 Α

2097 3019 2141 3072 Α
2730 3019 3044 3070 ΕΡΩΤΗΣΙΣ
3083 3015 3248 3070 ΡΛΖ’.

406 3099 606 3157 Eidem
675 3102 1079 3177 Amphilochia
1163 3103 1387 3169 petenti
1470 3104 1842 3177 perspicuam
1908 3105 1956 3159 CI

2198 3113 2258 3176 Γῷ
2345 3106 2483 3176 αὐτῷ
2576 3105 2898 3177 Ἀμφιλοχίῷ
2980 3109 3268 3166 ζητησαντι
3355 3105 3569 3177 σύνοψιν
3635 3112 3748 3176 σαφῆ

916 3174 1224 3243 goriarmn
1248 3174 1546 3243 synopsin.
2231 3174 2236 3176 ’
2456 3174 2462 3176 ”

2231 3174 2236 3176 ’
2456 3174 2462 3176 “
2568 3174 2838 3228 τῶνδέκα
2872 3174 3216 3247 Κατηγοριῶν

1097 3299 1248 3348 Nunc
1277 3299 1511 3363 primum
1543 3299 1685 3349 edita
1713 3313 1745 3350 ει
1775 3301 1832 3349 D.
1863 3301 2305 3365 Hergenroether.
2343 3302 2416 3352 De
2447 3302 2727 3365 categoriis
2753 3301 3069 3355 universim,

479 3408 525 3457 1.
547 3406 756 3458 lterum
788 3405 1119 3460 secundum
1153 3421 1288 3460 eam
1327 3423 1516 3478 quam
1552 3406 1781 3461 habent
1811 3408 1963 3462 inter
2002 3424 2028 3461 s

2247 3407 2308 3464 α’.
2345 3415 2454 3460 Τῶν
2509 3413 2659 3460 ὄντων
2705 3411 2838 3458 κατ-ά
2885 3426 2999 3458 τινα
3031 3410 3220 3477 σχέσιν
3263 3411 3355 3458 καὶ
3395 3411 3649 3458 κοινωνίαν
3674 3411 3744 3462 τὴν

401 3491 814 3548 habitudinem
851 3499 908 3548 et
939 3495 1425 3550 communionem
1440 3495 1718 3566 quaedam
1741 3501 1951 3566 suntaei

2194 3500 2300 3570 πρὸς
2364 3496 2559 3555 οὓι).η).α
2807 3497 2869 3547 τὰ
2926 3500 3015 3566 μέν
3070 3495 3210 3546 ἐστιν
3258 3497 3530 3567 ὁμώνυμα,
3587 3498 3642 3547 τὰ
3697 3489 3744 3545 δί

400 3597 568 3646 vocw,
604 3579 728 3635 aliae
756 3583 1031 3646 univocw,
1068 3582 1196 3637 alia;
1225 3584 1701 3653 denominativw,
1725 3584 1941 3639 deinde

2193 3591 2471 3657 ιυνώνυμα,
2532 3587 2598 3636 τὰ
2665 3581 2722 3636 δὲ
2776 3589 3085 3655 παρώνυμα,
3137 3588 3354 3655 προσέτι
3387 3585 3502 3655 (58)
3554 3580 3607 3636 δε
3648 3585 3743 3635 τού-

401 3686 533 3724 rum
550 3670 679 3724 alia:
697 3675 833 3724 sunt
849 3671 1690 3742 multivocae(multinomines),
1733 3673 1857 3728 aliae
1873 3673 1951 3730 dit

2187 3693 2276 3734 τοις
2329 3674 2459 3726 ἄλλα
2516 3677 2650 3737 τινὰ,
2702 3675 2768 3723 ὧν
2822 3677 2886 3724 τὰ
2969 3676 3058 3744 μὲν
3140 3671 3373 3724 καλεῖται
3442 3673 3737 3743 πολυώνυμα,

398 3759 604 3814 siuocze
624 3758 1163 3825 (diversiuomines;
1189 3777 1202 3825 ;
1227 3765 1281 3814 et
1309 3761 1575 3831 quodam
1614 3761 1794 3816 modo
1817 3762 1928 3817 sibi

2190 3766 2233 3813 ’ὰ
2276 3759 2334 3815 δὲ
2391 3766 2684 3834 ὲτερώνυμα
2729 3781 2738 3790 ·
2776 3767 2863 3814 καὶ
2904 3767 3092 3833 τρόπον
3139 3763 3257 3812 τινα
3339 3760 3638 3814 ἀντίκεινται
3690 3764 3740 3810 τα

400 3852 708 3920 ponuntur
745 3847 882 3903 hinc
909 3847 1156 3920 quidem
1178 3849 1511 3906 multivocae
1543 3851 1694 3923 aequi
1709 3852 1868 3906 vocis
1901 3851 1950 3906 ill

2192 3854 2258 3903 ιὲν
2317 3851 2628 3924 πολυώνυμα
2677 3859 2780 3911 τοῖς
2828 3853 3140 3922 όμωνύμοις,
3221 3853 3287 3902 τὰ
3355 3847 3414 3902 δὲ
3490 3851 3742 3923 ἑτερὼνυμα

401 3936 786 3992 diversivocee
821 3937 1106 3992 univocis.

1095 3980 1106 3992 .
2170 3949 2279 4001 τοῖς
2304 3943 2642 4012 συνωνύμοις.

471 4031 520 4081 2.
553 4027 888 4098 rEquivocaa
915 4027 1260 4096 ligitursunt
1286 4044 1400 4094 res,
1424 4044 1683 4100 quarum
1710 4030 2020 4084 communi

2245 4027 2311 4101 β’.
2359 4029 2640 4102 Ὁμώνυμοι
2683 4031 2770 4100 μὲν
2821 4024 2907 4080 οὖν
2957 4031 3072 4080 ἐστι
3102 4029 3406 4100 πράγματα,
3467 4029 3532 4078 ὧν
3571 4029 3598 4084 ἡ
3644 4045 3739 4076 κοι-

397 4115 728 4170 secundum
764 4131 1003 4180 nomen,
1037 4116 1368 4172 differentia
1396 4132 1535 4172 vero
1566 4121 1623 4172 in
1653 4117 1900 4184 ratione,
1937 4136 1947 4170 ε

2187 4125 2326 4170 νωνία
2374 4122 2508 4170 κατά
2559 4122 2613 4170 τό
2665 4123 2842 4190 ὄνομα,
2895 4120 2923 4175 ἡ
2988 4114 3217 4191 διαιρορὰ
3270 4113 3328 4169 δὲ
3377 4116 3424 4169 ἐν
3489 4125 3557 4186 τῷ
3609 4116 3737 4184 λόγῳ,

392 4204 698 4260 definitiva
730 4205 803 4259 sit
833 4205 985 4259 ratio
1013 4205 1130 4260 sive
1164 4205 1523 4276 descriptiva
1554 4223 1568 4272 ;
1601 4223 1656 4261 v.
1703 4223 1790 4276 gr.
1835 4210 1929 4262 ani

2184 4211 2269 4259 εἶτε
2326 4210 2498 4281 όρικὸς
2554 4212 2628 4266 εἰη
2707 4211 2803 4260 εἶτε
2865 4209 3223 4280 ὑπογραφικὸς
3299 4208 3322 4258 ό
3374 4203 3734 4275 ἀποδιδόμενος·

397 4295 610 4350 dicitur
641 4301 762 4348 tum
794 4293 977 4348 homo
1011 4301 1128 4348 tum
1157 4295 1356 4364 imago
1387 4295 1669 4350 hominis.
1735 4299 1896 4360 Ecce,

2191 4298 2292 4365 ιῖον,
2332 4297 2532 4367 λέγεται
2578 4300 2704 4359 ζῶον
2761 4298 2786 4348 ὃ
2827 4315 2879 4348 τε
2910 4297 3179 4369 ἅνθρωπος
3233 4300 3321 4347 καὶ
3372 4298 3400 4353 ἡ
3453 4304 3540 4347 τοῦ
3570 4294 3741 4366 ἀνθρώ-

398 4382 1167 4456 eequivoca(homonyma).
1205 4385 1430 4439 Etenim
1465 4384 1798 4440 secundum
1838 4402 1948 4440 nou

2189 4405 2266 4436 που
2308 4385 2453 4437 εἰκών
2483 4386 2593 4454 (‘39)
2631 4403 2641 4414 '
2699 4382 2814 4437 ἰδοὺ
2847 4394 3012 4436 ταῦτα
3066 4387 3314 4456 ὁμώνυμα
3369 4400 3380 4410 ⁸
3423 4388 3554 4436 κατὰ
3579 4389 3666 4456 γὰρ
3693 4383 3739 4430 τὸ

401 4473 593 4528 solum
630 4489 699 4528 ac
730 4487 938 4527 vocem
970 4472 1346 4536 conveniunt,
1390 4473 1607 4528 scilicet
1633 4473 1854 4529 animal
1886 4476 1944 4546 (ιι

2191 4479 2326 4545 ῗνομα
2356 4481 2507 4546 μόνον
2556 4482 2860 4526 κοινωνοῦσι
2918 4475 3054 4544 (60),
3100 4478 3337 4526 τουτέστι
3381 4478 3440 4525 τὸ
3498 4479 3617 4534 ζῶον
3657 4469 3741 4538 (ςοὺ-

401 4561 1151 4634 enimimpeditquominus
1166 4563 1431 4631 etimago
1446 4562 1951 4632 appelletturaniu

2184 4559 2252 4615 ῗὲν
2279 4567 2377 4636 γὰρ
2431 4563 2614 4615 κωλύει
2662 4568 2748 4614 καὶ
2797 4568 2891 4619 τὴν
2947 4562 3118 4614 εἰκόνα
3149 4563 3280 4622 ζῶον
3313 4562 3504 4628 καλεῖν,
3538 4561 3633 4613 ἐπεὶ
3664 4563 3734 4608 καὶ

403 4666 535 4704 cum
568 4657 622 4704 et
652 4667 751 4705 eos
783 4651 886 4722 qui
939 4651 1065 4705 haec
1111 4651 1365 4722 pingunt
1408 4651 1660 4722 pictores
1707 4651 1947 4706 animali

2187 4655 2283 4712 ὀὺς
2311 4660 2477 4703 ταῦτα
2519 4654 2814 4724 γράφοντας
2865 4651 3172 4724 ζωγράφους
3219 4650 3516 4722 καλοῦμεν),
3571 4667 3582 4677 ·
3629 4647 3737 4697 κατά

405 4739 775 4810 appellemus
803 4740 842 4812 ),
875 4739 1205 4794 secundum
1238 4740 1528 4794 rationem
1562 4755 1697 4793 vero
1731 4739 1955 4794 diﬁerui

2188 4737 2222 4792 i's
2254 4741 2508 4810 τὸνλόγον
2551 4737 2929 4814 διαφέρουσιν·
2983 4740 3129 4791 uillas
3179 4743 3280 4814 γὰρ
3337 4744 3427 4791 καὶ
3480 4739 3618 4808 amor
3654 4736 3738 4806 ὀριο

403 4842 546 4882 nam
568 4828 745 4883 etiam
774 4835 952 4900 atque
975 4828 1153 4884 allam
1183 4827 1582 4882 definitionem
1617 4828 1736 4882 sive
1765 4829 1953 4882 ration

2183 4832 2296 4900 ι’μὸν
2349 4833 2462 4887 ἤτοι
2505 4829 2654 4900 λόγον
2708 4825 3014 4899 ἐπιδέχεται
3085 4828 3324 4902 ἑκάτερον
3395 4828 3554 4880 αὐτῶν
3598 4825 3733 4894 (61)·

404 4916 646 4986 suscipit
669 4933 875 4972 eorum
903 4925 1239 4988 utrumque.
1263 4917 1450 4971 Homo
1473 4916 1634 4971 enim
1669 4922 1759 4971 est
1784 4916 1954 4970 subst

2185 4945 2187 4961 ι
2245 4920 2335 4990 μὲν
2399 4921 2498 4991 γάρ
2556 4917 2691 4970 ἐστιν
2743 4917 2898 4968 οὐσία
2966 4916 3210 4988 ἔμψυχος
3258 4917 3574 4979 αἰσθοτικὸς,
3624 4914 3648 4968 ἡ
3692 4904 3735 4960 δέ

405 5004 484 5059 tia
523 5005 789 5061 animata
814 5010 870 5060 et
899 5009 1183 5075 sentiens,
1217 5007 1420 5075 imago
1449 5022 1582 5061 vero
1618 5005 1928 5061 manifeste
1954 5056 1955 5059 η

2186 5002 2404 5063 inionio?!
2454 5010 2568 5058 οὔτε
2652 5005 2895 5078 ἔμψυχος
2943 5009 3058 5057 οὔτε
3110 5006 3443 5070 αἰσθητικὸς,
3491 5007 3632 5074 τέχνῃ
3691 4992 3736 5048 δὲ

1976 5131 2202 5186 NOTAE.

474 5249 589 5322 (56)
639 5249 778 5304 Cod.
833 5252 986 5330 Mon.
1031 5253 1134 5306 222
1162 5249 1200 5306 ἰ.
1254 5251 1424 5307 38b:
1473 5256 1666 5305 Φωτίου
1717 5251 1936 5324 σύνοψις
1966 5260 2024 5304 τᾶ

2187 5260 2448 5319 ιωνοῦντα,
2477 5256 2612 5330 κατὰ
2640 5249 2696 5305 δὲ
2753 5255 2839 5305 τὸν
2865 5253 3035 5330 λόγον,
3077 5254 3171 5304 κοῖν
3225 5272 3278 5305 τε
3337 5254 3548 5326 ὁρισμός
3589 5248 3672 5299 κᾶν
3694 5259 3737 5323 ξε

410 5318 540 5410 δέκα
568 5318 928 5410 καῖηγοριῶέτὶ
1200 5391 1218 5409 ί
1498 5396 1508 5408 ι
1854 5318 1864 5324 ’
1891 5394 1958 5410 ’Μ
2007 5394 2025 5410 κ
2178 5318 2477 5399 ὑπογραφὴ,
2511 5322 2820 5400 διαφέροντα
2867 5341 2880 5354 ⁸
2931 5318 3044 5377 ὀἷον
3092 5318 3372 5400 ἄνθρωπος’
3406 5318 3491 5376 καὶ
3517 5325 3543 5379 ἡ
3584 5325 3664 5371 τοῦ
3691 5318 3733 5364 εὶς

478 5395 590 5466 (57)
623 5394 779 5449 ΜΟΠ.
825 5395 930 5474 222
981 5408 995 5448 :
1041 5398 1150 5445 Τῶν
1196 5394 1351 5444 ὄντων
1385 5396 1522 5447 κατὰ
1567 5399 1660 5453 τὴν
1707 5398 1835 5470 πρὸς
1875 5394 1961 5447 οῖλ)

411 5470 601 5540 σχέσιν
631 5468 697 5540 τᾲ
727 5467 815 5536 μὲν
847 5463 996 5518 ιισίν.
1175 5534 1231 5540 ____
1323 5538 1329 5540 _
1358 5536 1368 5540 _
1459 5537 1468 5540 _
1605 5537 1632 5540 _
1661 5538 1668 5540 ξ
1716 5536 1729 5540 _

2185 5416 2276 5449 εικ.

2249 5468 2364 5540 (60)
2391 5468 2619 5540 Monac.
2658 5506 2670 5519 .
2701 5486 2714 5523 :
2747 5474 3081 5540 Κοινωνουσι,
3137 5467 3242 5519 οἷον
3276 5471 3336 5520 τό
3374 5470 3516 5530 ζῶον.
3547 5460 3735 5516 Desunt

481 5534 780 5620 (ὅθ-ιω.
835 5541 1137 5620 “podagr-tn.-
1166 5534 1248 5620 Cf'.
1296 5536 1538 5620 ialcuin.
1568 5536 1843 5620 ‘Dialect.
1893 5554 1944 5593 c.
2004 5541 2031 5593 ι

2181 5534 2364 5620 verba
2395 5539 2462 5620 in
2479 5540 2814 5620 parenthesi
2855 5539 3121 5620 posita...
3363 5613 3383 5620 _
3514 5605 3559 5620 υ
3673 5614 3683 5620 _
3715 5598 3731 5620 λ

410 5605 892 5694 (Αξξζρςςῑτιω,
921 5610 1140 5694 ρετ4ἰξ91
1170 5607 1260 5661 ed.
1295 5609 1606 5694 Basnage).
1675 5682 1683 5694 .
1746 5679 1765 5694 ‘

2251 5612 2364 5693 (6.1)
2415 5605 2568 5694 Ῑξιὸη.
2602 5605 2909 5694 -;.Ὀρισμὸν
2956 5605 3312 5694 ἀποδέχονται
3356 5613 3468 5694 ἤτοι
3514 5605 3643 5676 λόγον
3673 5614 3683 5625 ⁸
3712 5613 3733 5645 ο

486 5680 596 5753 (59)
640 5673 859 5736 Monac.
906 5673 1252 5752 ε’Πράγματ-οι
1304 5681 1437 5733 κατὰ
1492 5673 1581 5752 μὲν
1633 5682 1691 5732 τὸ
1743 5679 1906 5754 ὂνομα
1954 5699 2036 5734 κοι

1954 5699 2070 5734 m-
2179 5703 2236 5758 μ.
2259 5673 2358 5758 ινάῥ
2390 5683 2574 5737 αὐτῶν.
2602 5673 2739 5738 Ven”.
2775 5673 3316 5758 apograph.5mitt.
3347 5683 3464 5758 γάρ.
