4116 6194
454 264 557 321 763

1678 262 1916 318 PHOTII
1957 261 2439 319 PATRIARCHAE
2481 263 2595 323 ΟΡ.

3717 267 3830 325 764

450 390 770 448 manifeste
800 389 1196 444 communicat
1224 404 1359 443 cum
1379 389 1796 458 grammatica,
1824 405 2019 444 verum
2051 394 2104 443 et

2220 397 2286 440 νεῖ
2311 398 2405 451 τῆς
2429 401 2818 464 γραμματικῆς,
2861 392 2986 445 ἀλλὰ
3042 399 3132 447 καὶ
3163 391 3396 472 διαφέρει
3429 398 3541 468 (75)
3597 414 3609 426 ⁸
3641 403 3673 455 ἡ
3737 401 3830 468 μὲν

453 481 531 536 ab
563 496 633 535 ea
657 479 871 534 differt.
908 477 1040 532 Haec
1070 479 1218 533 enim
1259 483 1347 532 est
1372 477 1636 538 scientia.
1669 477 1766 532 ille
1807 494 1945 533 vero
1977 479 2107 532 ani-

451 569 592 638 mal,
626 570 682 624 iu
715 585 836 640 quo
870 568 1132 622 scientia.
1163 569 1227 621 Et
1257 568 1473 638 pariter
1503 567 1563 622 in
1592 568 1832 622 nominc
1869 583 2004 622 cum
2036 583 2107 622 ea

450 659 857 715 communicat
876 657 1019 712 etab
1042 672 1114 710 ea
1143 655 1368 722 diﬂ'ert;
1395 658 1551 712 circa
1573 657 1806 711 initium
1833 655 2105 711 vocabuli

448 761 585 803 cum
625 763 695 802 ea
736 745 1035 810 convenit,
1079 752 1382 817 postrema
1424 761 1558 800 vero
1600 745 1827 816 syllaba
1885 743 2103 800 differt.

451 835 879 890 Describuntur
896 849 1038 890 vero
1059 834 1503 890 denominativa
1520 850 1623 889 seu
1643 834 1918 905 analoga,
1936 840 1996 888 ut
2011 848 2106 887 ac-

447 925 710 980 curatius
753 923 1046 988 dicamus,
1080 923 1194 978 hoc
1230 929 1406 995 pacto
1448 940 1461 977 :
1495 923 1941 978 denominativa
1971 926 2110 977 sunt

451 1029 583 1086 quae
632 1014 709 1069 ab
749 1013 947 1085 aliqua
985 1013 1244 1068 deducta
1283 1028 1604 1068 commune
1652 1013 1798 1084 quid
1847 1011 2106 1067 acdiver~

453 1120 587 1158 sum
616 1107 741 1158 tum
771 1101 975 1175 quoad
1004 1117 1129 1156 rem
1162 1107 1288 1156 tum
1319 1101 1523 1172 quoad
1554 1116 1774 1156 nomen
1797 1101 2032 1156 habent.

525 1191 833 1247 Multivoca
862 1206 1000 1245 vero
1035 1191 1332 1254 dicuntur,
1367 1205 1501 1261 quae
1553 1189 1829 1244 eamdem
1860 1187 2109 1260 quidem

449 1279 744 1335 rationem
767 1279 1116 1350 suscipiunt,
1146 1277 1391 1333 nomina
1422 1293 1560 1332 vero
1607 1277 1861 1341 diversa,
1905 1293 2111 1347 quem-

450 1368 781 1424 admodum
813 1370 994 1423 homo
1034 1374 1088 1422 et
1118 1367 1345 1421 ratione
1385 1382 1451 1420 ac
1491 1365 1688 1434 lingua
1727 1364 2013 1434 praeditus
2055 1368 2110 1418 et

449 1457 716 1513 mortalis
757 1457 974 1512 dicitur
1021 1454 1230 1529 (μέροψ,
1295 1453 1482 1527 βροτός
1533 1453 1914 1524 synonyma).
1977 1459 2108 1507 Haec

449 1547 608 1602 enim
632 1548 828 1618 quoad
861 1561 1079 1601 nomen
1103 1543 1409 1599 manifeste
1428 1543 1505 1597 ab
1524 1543 1778 1596 invicem
1807 1541 2104 1607 differunt,

446 1638 642 1706 quoad
663 1636 954 1690 rationem
971 1638 1160 1688 autem
1178 1648 1298 1687 non
1313 1630 2107 1702 diﬂ‘erunt.Unumquodque

2211 481 2312 552 γάρ
2363 479 2473 531 ἐστι
2521 491 2733 551 γνῶσις,
2795 479 2900 535 ὁδε
2954 484 3084 544 ζῶον
3143 486 3273 556 (76),
3327 484 3373 537 ἐν
3480 489 3508 543 ἡ
3551 496 3757 558 γνῶσις
3813 506 3826 516 °

2215 573 2301 619 καὶ
2331 567 2376 618 ἐν
2433 577 2502 637 τῷ
2549 569 2760 641 ὀνόματι
2821 568 2878 623 δὲ
2922 575 3173 635 ὡσαύτως
3221 583 3452 627 κοινωνεῖ
3499 582 3588 627 καὶ
3633 572 3828 647 amasi-

2215 676 2290 728 ρει
2327 672 2338 682 ⁸
2397 662 2486 709 καὶ
2533 663 2633 732 γὰρ
2687 664 2822 712 κατά
2882 665 2970 732 μὲν
3027 668 3120 720 τὴν
3176 662 3350 734 ἀρχὴν
3403 672 3651 730 κοινωνεῖ,
3689 671 3832 716 κατὰ

2218 742 2276 797 δὲ
2330 751 2420 804 τὴν
2478 746 2770 800 τελευταίαν
2859 749 3118 809 συλλαϐὴν
3206 749 3457 825 διαφέρει.
3507 753 3835 827 Ὑπογράφεο

2217 853 2303 885 ται
2361 832 2419 887 δὲ
2468 839 2533 887 τὰ
2599 843 2902 909 παρώνυμα,
2957 841 3025 900 ὡς
3074 840 3418 914 ἐντελέστερον
3469 844 3623 894 εἰπεῖν
3682 845 3831 915 (77),

2217 923 2376 985 οὕτως
2409 943 2421 956 ο
2477 928 2765 999 παρωνυμά
2819 928 2948 979 εἰσιν
3003 930 3103 980 ὅσα
3163 929 3263 982 ἀπό
3321 951 3454 991 τινος
3509 935 3834 1004 πράγματος

2217 1017 2524 1088 παρηγμένα
2573 1015 2686 1086 (78)
2731 1022 2898 1068 κοινόν
2947 1037 2996 1068 τι
3045 1023 3132 1070 καὶ
3189 1016 3436 1093 διάφορον
3493 1023 3627 1073 κατά
3660 1041 3722 1074 τε
3774 1027 3832 1074 τό

2217 1108 2435 1174 πρᾶγμα
2459 1107 2690 1155 καὶκατὰ
2719 1108 2776 1156 τὸ
2808 1109 2968 1176 ὄνομα
2997 1110 3238 1177 ἔχουσιν.

2290 1191 2344 1244 ε’.
2384 1190 2707 1264 Πολυώνυμα
2756 1189 2814 1245 δε
2863 1193 3063 1265 λέγεται
3125 1196 3238 1268 (79)
3292 1201 3355 1248 τὰ
3397 1202 3484 1250 τὸν
3541 1199 3700 1271 λόγον
3740 1203 3836 1270 μὲν

2217 1284 2302 1332 τὸν
2357 1281 2510 1332 αύτὸν
2560 1280 2932 1354 ἐπιδεχόμενα,
2991 1284 3218 1356 ὀνόματα
3259 1283 3317 1338 δὲ
3375 1287 3604 1360 διάφορα
3661 1307 3673 1317 ’
3721 1291 3835 1341 οἷον

2218 1372 2285 1429 ὡς
2312 1370 2424 1438 (80)
2455 1371 2479 1420 ὁ
2531 1372 2798 1442 ἄνθρωπος
2847 1371 3013 1445 μέρουρ
3069 1379 3156 1426 καὶ
3197 1373 3384 1448 βροτός
3438 1393 3448 1403 ·
3499 1385 3664 1428 ταῦτα
3727 1381 3835 1452 γὰρ

2217 1461 2350 1508 κατὰ
2370 1462 2458 1530 μεν
2487 1462 2542 1510 τὸ
2570 1463 2729 1531 ὄνομα
2775 1457 3013 1518 δηλονότι
3047 1464 3158 1534 (81)
3211 1463 3438 1522 ἀλλήλων
3483 1461 3833 1538 διαφέρουσι,

2216 1550 2349 1598 κατὰ
2404 1544 2460 1598 δε
2510 1551 2596 1598 τόν
2641 1548 2790 1619 λόγον
2869 1550 2926 1601 ού
2979 1547 3315 1625 διαφέρουσιν
3378 1575 3390 1586 ⁸
3434 1555 3652 1606 ἕκαστον
3725 1559 3834 1629 γὰρ

2217 1635 2382 1686 αὐτῶν
2409 1640 2492 1686 τόν
2558 1637 2713 1688 αὑτὸν
2767 1640 2984 1711 ὁρισμὸν
3024 1637 3329 1713 ἐπιδέχεται
3385 1648 3473 1695 καὶ
3527 1646 3638 1695 ἔστι
3691 1645 3834 1704 ζῶον

445 1725 605 1778 enim
639 1740 836 1778 eorum
869 1722 1148 1778 eamdem
1194 1720 1595 1775 deﬁnitionem
1646 1720 1890 1791 suscipit
1945 1725 2000 1774 et
2045 1735 2104 1773 es

2220 1723 2441 1796 λογικὸν,
2475 1727 2656 1783 emta»
2684 1725 2795 1796 (8'2)
2808 1769 2818 1780 .

447 1813 670 1866 animal
702 1812 988 1867 rationale
1029 1819 1085 1866 et
1114 1810 1390 1864 mortale.

525 1905 578 1958 6.
610 1902 990 1956 Diversivoca
1017 1915 1158 1954 vero
1210 1899 1491 1953 dicuntur
1538 1914 1668 1970 quae
1737 1903 1864 1953 tum
1905 1897 2110 1968 quoad

450 2010 667 2053 nomen
701 1999 825 2048 tum
878 1989 1081 2062 quoad
1127 1989 1417 2043 rationem
1460 1986 1757 2052 differunt,
1819 1992 1878 2042 ut
1931 2003 1982 2040 v.
2019 2001 2107 2054 gr.

450 2088 624 2144 homo
654 2089 710 2138 et
730 2097 913 2152 equus
951 2095 964 2146 ;
993 2093 1126 2133 ecce
1148 2078 1262 2132 hoc
1299 2091 1494 2148 neque
1525 2077 1724 2148 quoad
1751 2091 1969 2130 nomen
1998 2075 2111 2134 sibi

450 2176 706 2231 invicem
735 2170 1097 2226 conveniunt
1124 2182 1318 2238 neque
1338 2165 1541 2236 quoad
1561 2164 1993 2220 definitionem.
2010 2164 2110 2219 Ille

450 2266 601 2321 enim
629 2268 716 2318 est
745 2258 970 2315 animal
1000 2256 1303 2320 rationale,
1335 2255 1426 2309 hic
1449 2271 1589 2310 vero
1621 2253 1837 2310 animal
1867 2254 2109 2308 rationis

451 2369 682 2423 expers.
728 2353 792 2404 Et
829 2349 953 2402 htec
992 2346 1237 2418 quidem
1291 2344 1450 2399 dicta
1489 2344 1602 2397 sint
1641 2343 1715 2397 de
1771 2342 2106 2413 tequivocis,

451 2441 741 2506 univocis,
764 2433 1248 2496 denominativis,
1278 2431 1610 2487 multivocis
1622 2435 1678 2486 et
1701 2431 2105 2486 diversivocis.

520 2533 555 2585 7
581 2530 820 2598 Oportet
867 2524 1120 2579 breviter
1146 2527 1202 2576 et
1225 2521 1337 2575 hoc
1363 2521 1581 2584 dicere,
1624 2518 1770 2573 nihil
1801 2517 2106 2589 impedire,

450 2615 777 2689 quominus
810 2614 967 2668 idem
1001 2612 1079 2666 ab
1107 2610 1268 2665 aliud
1291 2614 1346 2664 et
1370 2609 1533 2663 aliud
1561 2612 1617 2663 et
1659 2608 2032 2679 aaquivocum
2054 2613 2110 2662 et

452 2707 770 2761 univocum
812 2703 906 2757 sit.
942 2699 1167 2756 Etenim
1184 2699 1365 2753 homo
1387 2697 1464 2752 ad
1490 2697 1806 2766 imaginem
1835 2697 1892 2750 in
1925 2697 2110 2767 sequi-

449 2794 613 2851 vocis
630 2796 974 2864 aequivocus
1000 2794 1365 2844 monstratus
1391 2792 1500 2852 est,
1525 2787 1602 2840 ad
1625 2802 1847 2856 equum
1880 2801 2016 2839 vero
2048 2787 2106 2840 in

451 2886 716 2939 univocns
761 2881 1068 2936 univocus.
1119 2880 1243 2933 Non
1280 2877 1463 2932 solum
1496 2890 1629 2930 vero
1660 2874 1796 2938 haec,
1832 2874 1936 2928 sed
1967 2881 2022 2928 et
2049 2875 2105 2928 in

450 2971 788 3030 multivocis
837 2967 1194 3026 multivocus
1253 2974 1310 3021 et
1354 2966 1406 3018 in
1445 2963 1824 3020 diversivocis
1871 2963 2107 3018 diversi-

451 3079 631 3120 VOCUS

522 3151 574 3206 8.
610 3152 893 3206 Praeterea
922 3164 1121 3204 rerum
1151 3143 1431 3218 quaedam
1475 3158 1580 3214 per
1631 3142 2105 3214 conjunctionem

451 3241 726 3296 dicuntur
757 3240 878 3293 sive
936 3235 1332 3308 complexive,
1368 3250 1423 3286 v.
1458 3248 1544 3302 gr.
1602 3232 1782 3286 homo
1813 3232 2104 3297 ambulat,

441 3329 635 3385 homo
667 3328 861 3392 currit,
892 3326 1175 3398 quaedam
1232 3339 1374 3378 vero
1412 3322 1640 3392 absque
1694 3321 2108 3390 conjunctione

448 3418 632 3473 veluti
658 3416 862 3483 homo,
915 3416 1038 3478 bos,
1074 3429 1286 3484 equus,
1329 3411 1619 3474 ambulat,
1666 3411 1863 3474 vincit,
1914 3411 2108 3466 currit.

449 3507 630 3561 Porro
663 3520 866 3559 earum
900 3518 1119 3565 rerum,
1152 3516 1284 3571 quae
1314 3500 1539 3569 absque
1582 3497 1999 3566 conjunctione
2025 3498 2109 3551 di-

449 3601 664 3650 cuntur
697 3591 828 3647 alia:
862 3596 999 3644 sunt
1029 3589 1400 3650 substantias,
1437 3585 1570 3640 aliae
1609 3585 1961 3650 accidentia,
1999 3586 2109 3641 ha-

447 3699 704 3754 rumque
735 3681 862 3734 aliae
891 3676 1266 3740 universalia,
1299 3675 1428 3730 aliae
1453 3672 1846 3744 particularia.
1888 3673 2107 3730 Vocan-

448 3779 545 3826 tur
576 3775 776 3826 autem
811 3767 1143 3822 accidentia
1175 3765 1268 3835 (ea
1311 3780 1437 3834 quia
1471 3761 1630 3834 sunt)
1687 3762 1749 3816 in
1796 3763 2058 3832 subiecto
2088 3780 2101 3830 ;

446 3861 736 3934 quoniam
767 3857 1144 3913 existentiam
1169 3870 1342 3909 suam
1381 3852 1606 3907 habent
1652 3850 1710 3905 in
1739 3850 1932 3922 aliqua
1963 3854 2107 3909 sub-

449 3952 689 4006 stantia.
719 3951 851 4004 Haec
877 3947 1026 4002 enim
1058 3951 1144 4000 est
1173 3945 1441 4016 ipsorum
1473 3939 1738 3996 deﬁnitio
1772 3964 1783 3995 :
1820 3943 1883 3997 ln
1911 3943 2104 4016 subje-

433 4047 540 4095 ‘cto
571 4045 681 4103 est,
716 4039 830 4093 hoc
873 4041 961 4092 est
1007 4034 1284 4090 accidens
1327 4038 1432 4098 est,
1466 4031 1631 4104 quod
1676 4035 1736 4088 in
1789 4032 1992 4104 aliqua
2044 4050 2105 4090 re

447 4129 690 4195 exsistit,
751 4142 874 4182 non
928 4140 1068 4180 vero
1122 4128 1184 4178 ut
1230 4139 1370 4196 pars
1415 4122 1709 4192 ejusdem,
1752 4127 1930 4196 atque
1981 4124 2106 4178 sine

449 4218 722 4289 subjecta
779 4215 892 4288 ipsi
959 4231 1019 4270 re
1071 4211 1237 4268 nullo
1291 4217 1465 4284 pacto
1523 4211 1844 4269 subsistere
1896 4218 2102 4285 potest.

2287 1904 2364 1958 θ’.
2418 1909 2737 1978 Ἑτερώνυμα
2789 1901 2848 1957 δὲ
2894 1906 3094 1977 λέγεται
3146 1910 3179 1959 ἃ
3233 1913 3322 1960 καὶ
3362 1914 3494 1962 κατά
3551 1915 3607 1962 τὸ
3657 1916 3836 1968 ὄνομα

2218 1996 2462 2044 καὶκατὰ
2490 1997 2576 2045 τὸν
2604 1994 2752 2064 λόγον
2798 1991 3135 2067 διαφέρουσιν
3179 1997 3294 2067 (83)
3339 2016 3351 2027 '
3409 2001 3514 2051 οἷον
3545 2001 3834 2071 ἄνθρωπος

2219 2087 2306 2133 καὶ
2339 2085 2491 2142 ἵππος
2524 2102 2536 2114 ο
2571 2079 2688 2134 ἰδού
2719 2086 2820 2158 γὰρ
2862 2094 3028 2136 ταῦτα
3071 2089 3187 2137 οὔτε
3215 2090 3348 2138 κατά
3400 2092 3455 2139 τὸ
3511 2092 3671 2160 ὄνομα
3706 2091 3832 2160 (84)

2219 2179 2548 2222 κοινωνοῦσιν
2578 2170 2837 2236 ἀλλήλοις,
2880 2177 2996 2226 οὔτε
3042 2178 3176 2226 κατὰ
3230 2179 3314 2227 τὸν
3355 2178 3570 2249 ὁρισμόν
3621 2193 3634 2207 ·
3669 2180 3698 2229 ὁ

2217 2264 2317 2334 γάρ
2347 2259 2457 2311 ἐστι
2511 2264 2636 2322 ζῶον
2693 2261 2917 2332 λογικὸν,
2979 2265 3004 2313 ὁ
3037 2260 3096 2316 δὲ
3140 2265 3274 2324 ζῶον
3321 2265 3506 2334 ἄλογον
3551 2266 3679 2335 (85).
3724 2274 3831 2320 Καὶ

2219 2357 2383 2400 ταῦτα
2434 2353 2522 2421 μὲν
2579 2356 2695 2422 περὶ
2749 2353 3051 2423 ὁμωνύμων,
3119 2358 3447 2427 συνωνύμων,
3498 2359 3832 2430 παρωνύμων

2218 2438 2562 2509 πολυωνύμων
2590 2458 2642 2490 τε
2671 2445 2759 2490 καὶ
2795 2439 3139 2514 ἑτερωνύμων.

2291 2526 2360 2589 ς’.
2404 2534 2487 2578 Δεῖ
2519 2523 2575 2578 δὲ
2601 2531 2669 2587 ὡς
2695 2530 2742 2578 ἐν
2775 2534 3012 2601 συντόμῳ
3045 2531 3221 2598 εἰπεῖν,
3256 2534 3335 2584 ὃτι
3367 2530 3516 2585 οὐδὲν
3557 2533 3747 2586 κωλύει
3767 2539 3830 2588 τὸ

2217 2615 2342 2666 αὑτὸ
2371 2619 2496 2686 πρὸς
2537 2615 2657 2667 ἄλλο
2705 2622 2794 2669 καὶ
2825 2618 2944 2669 ἄλλο
2971 2621 3083 2690 (86)
3137 2626 3225 2672 καὶ
3258 2623 3526 2694 ὁμώνυμον
3555 2621 3684 2675 εἶναι
3733 2631 3827 2677 καὶ

2220 2710 2513 2774 συνώνυμον
2549 2723 2561 2736 ·
2593 2710 2682 2756 καὶ
2739 2709 2840 2779 γὰρ
2886 2709 2909 2757 ὁ
2945 2709 3211 2781 ἄνθρωπος
3271 2714 3398 2784 πρὸς
3435 2717 3527 2768 τὴν
3560 2713 3735 2764 εἰκόνα
3776 2713 3824 2764 ἐν

2216 2795 2305 2862 μὲν
2335 2799 2444 2853 τοῖς
2492 2794 2779 2865 ὀμωνύμοις
2819 2797 3083 2868 ὁμώνυμος
3140 2795 3382 2869 ἐδείχθη,
3446 2805 3569 2873 πρὸς
3625 2799 3684 2853 δε
3735 2807 3823 2854 τὸν

2218 2883 2369 2932 ἵππον
2403 2880 2448 2931 ἐν
2479 2890 2588 2942 τοῖς
2612 2887 2925 2956 συνωνύμοις
2959 2892 3250 2958 συνώνυμος
3445 2890 3520 2940 Ού
3550 2895 3702 2960 μόνον
3739 2888 3820 2955 δέ,

2218 2969 2342 3020 ἀ).λά
2368 2975 2454 3022 καὶ
2486 2971 2536 3022 ἐν
2578 2980 2682 3031 τοῖς
2704 2973 3059 3043 πολυώνυμοις
3090 2976 3420 3048 πολυώνυμος
3477 2979 3610 3050 (88),
3657 3000 3800 3048 προσ

2217 3064 2287 3112 ἐτι
2321 3057 2377 3112 δὲ
2403 3066 2490 3112 καὶ
2510 3061 2555 3112 ἐν
2591 3071 2698 3124 τοῖς
2721 3063 3053 3134 ἐτερωνύμοις
3094 3066 3406 3138 ἐτερώνυμος
3430 3067 3562 3139 (89).

2288 3149 2348 3206 η’.
2378 3149 2489 3202 ‘En
2517 3147 2575 3202 δὲ
2598 3159 2695 3202 τών
2745 3155 2896 3203 ὄντων
2943 3158 3006 3204 τὰ
3053 3157 3142 3225 μὲν
3175 3158 3308 3206 κατὰ
3340 3156 3647 3227 συμπλοκὴν
3678 3158 3817 3228 λέγε-

2215 3258 2321 3303 ται,
2350 3242 2508 3309 ἤγουν
2559 3239 3041 3312 συμπεπλεγμένως,
3074 3244 3178 3294 οἷον
3217 3245 3482 3316 ἄνθρωπος
3513 3256 3812 3318 περιπατεῖ,

2216 3327 2484 3399 ἄνθρωπος
2508 3332 2684 3401 τρέχει
2717 3349 2729 3360 ³
2752 3333 2814 3380 τὰ
2827 3327 2885 3382 δὲ
2903 3332 3019 3382 ἄνευ
3051 3331 3370 3403 συμπλοκῆς,
3397 3335 3502 3386 οἷον
3522 3337 3814 3408 ἄνθρωπος,

2219 3413 2366 3485 βοῦς.
2390 3417 2564 3482 ἵππος,
2582 3427 2870 3492 περιπατεῖ,
2895 3426 3032 3490 νικᾷ,
3051 3425 3248 3494 τρέχει.
3268 3425 3472 3474 Τούτων
3496 3420 3554 3476 δὲ
3575 3433 3675 3475 τῶν
3697 3427 3818 3477 ἄνευ

2219 3505 2523 3575 συμπλοκῆς
2565 3509 2630 3557 τὰ
2658 3512 2747 3578 μέν
2802 3509 2931 3560 εἰσιν
2984 3513 3162 3561 οὐσίαι
3192 3511 3326 3581 (90),
3361 3515 3426 3564 τὰ
3451 3509 3509 3564 δὲ
3544 3513 3820 3585 συμϐεϐη-

2215 3597 2342 3644 κότα
2376 3613 2388 3624 ο
2419 3599 2506 3644 καὶ
2538 3598 2729 3646 τούτων
2760 3598 2823 3648 τά
2859 3617 2948 3668 μεν
2987 3599 3235 3663 καθόλου,
3282 3603 3346 3651 τὰ
3370 3597 3429 3653 δὲ
3455 3606 3644 3673 μερικά
3676 3605 3812 3675 (91).

2219 3681 2459 3732 Κα).εῖται
2492 3678 2550 3734 δὲ
2603 3684 2715 3754 (92)
2765 3688 2829 3736 τὰ
2881 3691 2968 3757 μὲν
3030 3687 3397 3759 συμϐεϐηκότα
3452 3689 3500 3740 ἐν
3545 3694 3818 3764 ὑποκειμέ-

2213 3792 2301 3841 νῳ,
2358 3767 2536 3829 ἐπειδὴ
2614 3777 2706 3830 τὴν
2760 3774 2974 3846 ὕπαρξιν
3023 3776 3188 3828 αὐτῶν
3245 3781 3293 3828 ἓν
3345 3797 3443 3829 τινι
3495 3780 3610 3849 (93)
3662 3781 3821 3854 οὐσίᾳ

2214 3863 2430 3931 ἔχουσιν
2470 3876 2482 3888 '
2519 3865 2603 3912 καὶ
2641 3864 2742 3935 γὰρ
2775 3868 2862 3914 καὶ
2895 3863 3004 3934 (94)
3041 3867 3065 3915 ὁ
3097 3867 3316 3938 ὁρισμὸς
3343 3867 3509 3917 αὐτῶν
3543 3877 3771 3929 τοιοῦτος
3804 3890 3816 3902 ·

2213 3948 2260 3999 ἐν
2314 3951 2629 4021 ὑποκειμένῳ
2678 3954 2778 4024 γάρ
2829 3950 2960 4021 ἐστι,
3017 3959 3255 4006 τουτέστι
3308 3955 3638 4027 συμϐεϐηκός
3683 3957 3817 4020 ἐστι,

2214 4036 2382 4107 ὁ(95)
2427 4040 2473 4088 ἒν
2518 4056 2618 4088 τινι
2664 4040 2934 4111 πράγματι
3001 4041 3263 4113 ὑπάρχον,
3314 4048 3385 4114 μὴ
3441 4047 3494 4094 ὅν
3553 4041 3614 4096 δὲ
3665 4048 3822 4117 μέρος

2215 4126 2373 4178 αὐτοῦ
2425 4125 2532 4197 (96)
2587 4123 2842 4179 ἀδύνατον
2907 4130 3019 4199 (97)
3096 4135 3265 4202 χωρὶς
3333 4140 3428 4183 τοῦ
3482 4134 3820 4205 ὑποκειμένου

2215 4217 2356 4286 αύτῷ
2407 4217 2710 4287 πράγματος
2763 4218 3076 4276 ὑποστῆναι.
3143 4219 3200 4271 Ἠ
3265 4217 3324 4272 δὲ
3371 4221 3526 4273 οὐσία
3586 4222 3824 4274 καλεῖται

2016 4332 2238 4388 NOTAE.

521 4442 634 4512 (75)
672 4442 822 4495 Mon.
860 4443 958 4512 καὶ
987 4439 1010 4488 ὁ
1047 4440 1406 4512 γραμματικός
1435 4454 1446 4465 '
1483 4432 1641 4495 δῆλον
1674 4439 1753 4489 ὅτι
1774 4440 1984 4509 μετέχει
2013 4446 2106 4500 τῆς
2145 4439 2187 4492 D
2219 4437 2737 4512 pws,_1rolur.nuumv.

449 4507 786 4587 ¹γραμματικῆ
800 4532 839 4576 ς,
873 4511 1017 4587 ἀλλα
1035 4507 1286 4582 διαφέρει.

523 4578 636 4652 (76)
662 4585 802 4648 Quae
829 4590 962 4654 post
989 4578 1438 4654 Cdiovse'quntur,
1471 4579 1687 4654 desunt
1723 4578 1782 4633 in
1813 4581 2108 4654 Monac.et

450 4648 638 4712 solum
673 4648 887 4723 legitur
921 4670 932 4708 :
968 4657 1200 4724 Διαφέρει
1215 4648 1289 4703 “ὸ“ὲ
1319 4655 1452 4724 κατὰ
1474 4655 1568 4709 τὴν
1597 4650 1892 4724 τελευταίαν
1922 4651 2106 4704 συλλα-

450 4726 566 4851 ϐἡέ.
626 4721 847 4781 Dlende
915 4721 1169 4780 mediate
1242 4722 1550 4794 sequitur:
1596 4721 1996 4794 Ὑποφράφεται,
2049 4743 2101 4775 κ.

450 4818 496 4851 τ.
567 4836 578 4848 η

447 4818 496 4854 τ,
530 4818 578 4851 Λ.

543 4870 632 4929 77)
661 4868 744 4929 Ὠς
775 4866 922 4920 ἐντελ.
955 4867 1053 4919 εἰπ.
1087 4865 1252 4920 deest
1276 4865 1335 4918 in
1359 4867 1514 4920 Mon.

543 4871 609 4925 77
661 4870 744 4929 Ὠς
775 4870 922 4920 ἐντελ.
955 4870 1053 4919 εἰπ.
1087 4870 1252 4920 deest
1276 4870 1335 4918 in
1359 4870 1443 4920 ΜΟ

518 4870 632 5014 (78)
661 4944 889 5014 Apogr.
906 4938 1052 4993 Ven.
1087 4939 1443 5009 Παρηγμένον,

519 5009 630 5083 (79)
663 5009 820 5083 Men.
841 5009 980 5083 εἰσι.

517 5081 632 5152 (⁷80)
661 5081 744 5141 Ὠς
770 5083 794 5132 ὁ
820 5081 984 5152 deest
1010 5082 1160 5135 Mon.

541 5153 630 5225 81)
664 5156 814 5207 Mon.
850 5151 1010 5209 Δῆλον
1042 5152 1142 5204 ὅτι.

542 5220 631 5292 82)
663 5225 815 5279 MOI].
849 5227 1076 5293 Λργικὸν
1107 5226 1197 5272 καὶ
1227 5223 1292 5271 τὰ
1323 5220 1460 5283 ἑξῆς.

519 5292 628 5368 (83)
661 5297 786 5349 Mon
818 5292 1031 5350 habet:
1062 5295 1137 5345 Τὰ
1181 5295 1315 5343 κατὰ
1357 5296 1414 5342 τὸ
1461 5295 1618 5362 ὄνομα
1649 5295 1736 5343 καὶ
1768 5294 1903 5344 κατὰ
1935 5295 2019 5344 τὸν
2050 5292 2096 5346 λ.

450 5366 782 5439 διαφέροντα.

520 5436 630 5510 (84)
654 5441 784 5495 Mon
807 5436 946 5510 legit
971 5456 982 5491 :
1017 5438 1160 5488 Κατὰ
1181 5438 1237 5486 τὸ
1270 5436 1534 5510 ἅνθρωπος
1564 5438 1738 5510 ὄνομα.

682 5511 746 5564 in
804 5509 1137 5581 Monaesi:
1175 5511 1286 5581 Ka't_
1314 5506 1515 5581 τούτοις
1583 5509 1670 5576 μὲν
1857 5506 2096 5581 εἰρημένη

453 5577 558 5641 ﬁdi)
636 5584 910 5654 ὑπογραφὴ
966 5577 1201 5654 ἀρκέσει,
1255 5578 1477 5632 Deinde
1541 5593 1696 5632 nova
1749 5577 2094 5654 inscriptio:

453 5660 576 5734 Περὶ
648 5649 927 5729 ὁμωνύμων
1000 5649 1341 5723 συνωνύμων,
1424 5653 1762 5723 παρωνύμων,
1856 5649 2095 5722 ἐτερωνύ-

2289 4493 2405 4581 (86)
2441 4515 2574 4581 Πρὸς
2605 4493 2790 4567 am...
2818 4514 2870 4563 az.
2906 4513 3070 4568 deest
3093 4516 3149 4569 in
3183 4517 3333 4572 Mon.

2292 4559 2402 4581 (η,
2560 4559 2574 4571 ,
2706 4559 2721 4564 ν
2908 4559 3070 4568 ηψπ.
3183 4559 3333 4572 ...υμ-

2288 4582 2405 4652 (87)
2446 4559 2768 4661 Μοψξοβῖ.
2825 4590 2937 4661 περὶ
2976 4589 3064 4656 μὲν
3095 4591 3187 4644 τὴν
3233 4587 3404 4639 εἰκόνα
3450 4590 3496 4639 ἐν
3544 4595 3656 4650 τοίς
3687 4590 3824 4661 ὁμω-

2215 4651 2574 4731 νύμοιςκιπερὶ
2597 4651 2655 4706 δε
2681 4656 2833 4731 ξππον
2863 4651 2910 4706 ἐν
2939 4651 3039 4716 τοῖς
3073 4661 3412 4731 συνωνύμοις.

2427 4725 2595 4798 ρθέδῐ
2624 4725 2972 4798 πολυωνύμως
2998 4729 3056 4783 in
3088 4732 3243 4785 Mon.

2287 4796 2602 4875 (.89)‘Deest
2653 4796 2978 4875 grape-Apoc
3029 4799 3091 4853 in
3140 4803 3295 4875 Mon.
3339 4833 3410 4842 —
3459 4804 3582 4859 Huc
3629 4818 3820 4875 usque

2215 4865 2609 4943 Aristot:_cap.
2641 4872 2694 4934 1,
2722 4865 2796 4924 de
2823 4865 3020 4943 categ.
3050 4873 3419 4943 explanatur.

2288 4937 2399 5008 (90)
2418 4939 2508 5016 S__ic
2525 4937 2715 5016 priora
2729 4942 2943 5016 omittit
2961 4937 3438 5016 Ehab'ettantum
3467 4943 3579 5000 hac
3607 4944 3635 5016 ξ
3666 4944 3819 5001 εἘτι

2217 5004 2274 5060 δὲ
2428 5004 2664 5084 όντων-τὰ
2710 5015 2800 5084 μέν
2827 5012 2928 5065 εἰσι
2953 5004 3148 5068 ούσίαι.
3179 5014 3321 5070 Vide
3366 5004 3633 5072 Aristotf
3655 5033 3705 5072 c.
3747 5017 3811 5076 2.

2285 5080 2396 5158 (91.)
2432 5080 2522 5137 Sic
2553 5082 2678 5158 Yat.
2709 5080 2764 5138 et
2789 5084 2946 5139 Mon.
2975 5092 3132 5158 recte
3161 5092 3378 5158 Apogr.
3415 5087 3582 5145 Catii.
3611 5087 3821 5146 habuit

2416 5154 2584 5277 nqugd
2608 5154 2730 5243 ipse
2762 5157 3037 5214 correxit.

2467 5241 2496 5277 Ο
2546 5241 2630 5277 ac.
2666 5245 2775 5277 ουν.

2344 5226 2394 5285 2)
2416 5227 2630 5282 Monac.
2666 5225 2775 5282 οὖν.

2307 5294 2394 5369 93)
2418 5297 2539 5350 Mon
2557 5337 2576 5369 ,ν

2419 5366 2799 5450 Eatdeestnin
2835 5371 3016 5450 Mprp,
3037 5369 3193 5450 sicut
3217 5379 3280 5450 et
3303 5387 3556 5450 sequens
3586 5375 3708 5450 γάρ.

2279 5439 2388 5515 (ἓξ)
2418 5443 2485 5515 ’ξρ
2514 5442 2662 5515 Mon.
2699 5439 2839 5496 Vide
2869 5441 3046 5515 Arist.
3087 5458 3138 5496 c.
3170 5447 3222 5506 2,
3254 5443 3282 5515 §
3312 5447 3360 5498 2.

2430 5511 2880 5589 Mqu._'_ﬂ._;_pépog
2907 5510 2953 5563 ἐν
2985 5512 3149 5586 ἐαυτῷ
3175 5509 3560 5589 τῷνπράγματι.

2283 5580 2390 5650 (97)
2430 5577 2546 5637 Ἀδ.
2582 5579 2642 5635 δέ
2669 5577 2900 5641 Monac.
