4116 6194
549 247 651 303 767

622 374 706 424 10.
742 365 994 432 Quando
1031 378 1174 418 vero
1210 362 1370 418 aliud
1401 362 1474 417 de
1505 362 1620 418 alio
1652 361 2004 432 praedicatur
2035 364 2098 414 ut
2122 357 2196 411 de
2230 359 2274 412 A
2381 356 2438 412 ι’.

547 458 812 526 subjecto
829 455 951 508 sive
976 452 1638 522 univoce,qutecunque
1665 453 1738 506 de
1764 448 2196 522 praedicatoillo

546 547 843 610 dicuntur,
900 542 1104 597 omnia
1151 542 1225 596 de
1282 541 1548 611 subjecto
1609 557 1846 613 quoque
1904 540 2194 604 dicentur,

544 635 719 689 Verbi
746 631 938 701 gratia
956 632 1138 686 homo
1163 631 1521 702 praedicatur
1539 630 1611 685 de
1626 631 1738 686 hoc
1771 636 1929 685 certo
1955 628 2197 683 homine

545 724 806 795 (Pertrus
837 727 924 776 est
953 719 1182 791 homo),
1212 719 1434 774 animal
1455 733 1591 774 vero
1606 719 1678 774 de
1698 719 1940 774 homine
1975 715 2198 788 simpli-

546 813 688 868 citer
741 830 752 879 ;
811 810 1120 865 manifeste
1174 825 1315 878 ergo
1346 815 1402 864 et
1454 810 1523 864 de
1571 815 1730 864 certo
1788 809 1901 864 hoc
1954 806 2197 862 homine

546 901 770 957 animal
790 899 1241 972 praedicandum
1273 900 1380 954 erit
1401 900 1625 968 (Petrus
1645 903 1729 952 est
1755 897 2024 957 animal).
2049 898 2197 951 Nam

543 995 738 1046 certus
755 988 1194 1062 quilibethomo
1208 987 1764 1043 ethomoetanimal
1789 993 1896 1042 est.
1943 983 2196 1051 Quando

541 1095 685 1134 vero
738 1094 859 1134 non
916 1077 1166 1132 univoce
1196 1076 1336 1148 quid
1389 1076 1463 1131 de
1495 1076 1612 1132 alio
1661 1075 2040 1147 praedicatur,
2092 1072 2195 1127 sed

544 1167 868 1240 aequivoce,
931 1166 1177 1221 minime
1226 1182 1469 1220 necesse
1538 1170 1646 1233 est,
1705 1165 1908 1219 omnia
1939 1178 2073 1234 qua:
2121 1161 2195 1216 de

543 1257 864 1328 praedicata
885 1255 1184 1320 dicuntur,
1209 1255 1335 1310 hinc
1365 1260 1422 1309 et
1450 1255 1522 1309 de
1550 1254 1821 1324 subjecto
1845 1253 1977 1308 dici.
1996 1255 2197 1306 Exem-

545 1345 625 1418 pli
659 1347 847 1416 gratia
883 1362 893 1398 :
951 1344 1190 1408 Album,
1234 1345 1592 1416 prwdicatur
1617 1344 1922 1416 aequivoce
1953 1347 2027 1396 de
2075 1355 2196 1394 cor-

543 1451 683 1506 pore
718 1453 732 1501 ;
787 1434 993 1489 album
1043 1435 1198 1489 enim
1229 1450 1446 1505 corpus
1501 1433 1716 1488 dicitur
1754 1448 1766 1496 ;
1804 1432 1951 1486 ratio
2001 1435 2196 1484 autem

541 1540 664 1596 qua
695 1525 967 1578 delinitur
987 1523 1206 1586 album,
1239 1523 1400 1576 nullo
1423 1521 1602 1576 modo
1626 1521 1858 1592 corpori
1888 1518 2192 1587 congruit;

542 1620 627 1670 est
644 1613 805 1668 enim
825 1612 1090 1666 deﬁnitio
1109 1612 1227 1666 albi
1247 1610 1409 1666 color
1428 1618 1482 1665 et
1503 1611 1621 1665 alia
1641 1611 1943 1681 quendam,
1979 1622 2194 1678 corpus

537 1718 680 1757 vero
713 1717 833 1756 non
857 1717 982 1755 esse
1010 1700 1269 1754 colorem
1299 1698 1684 1754 manifestum
1717 1703 1820 1752 est.

612 1795 694 1844 11.
748 1789 963 1843 Verum
1017 1789 1214 1843 ethoc
1259 1788 1405 1842 scire
1464 1792 1718 1858 oportet,
1783 1801 2012 1849 eorum,
2063 1799 2192 1856 qua

537 1882 678 1932 sunt
705 1877 918 1932 diversi
941 1877 1174 1946 generis
1203 1892 1310 1931 nec
1337 1876 1447 1930 sibi
1477 1876 1728 1931 invicem
1775 1873 2189 1935 subordinata,

535 1966 802 2022 diversas
829 1972 883 2022 et
912 1968 1102 2038 specie
1131 1983 1260 2020 esse
1291 1964 1675 2031 diﬁ'erentias,
1709 1964 1887 2019 veluti
1918 1962 2192 2018 animalis

535 2061 592 2112 et
630 2056 885 2112 scientiae
935 2073 949 2121 ;
994 2055 1272 2111 animalis
1329 2055 1488 2110 enim
1543 2053 1885 2109 differentia
1920 2057 2190 2108 terrestre

537 2145 854 2218 (pedestre)
887 2151 941 2200 et
973 2144 1232 2216 aquatile
1285 2163 1300 2210 ;
1353 2143 1612 2198 scientias
1671 2157 1808 2198 vero
1861 2141 2006 2196 nihil
2039 2141 2192 2211 ejus—

535 2235 741 2302 modi;
793 2251 986 2307 neque
1037 2233 1194 2288 enim
1252 2231 1498 2288 solantia
1548 2248 1584 2288 a
1613 2231 1859 2287 scientia
1894 2228 2090 2286 differt
2121 2244 2190 2284 eo

535 2324 698 2397 quod
733 2324 916 2379 altera
949 2323 1023 2378 sit
1055 2323 1248 2393 bipes.

611 2413 694 2467 l2.
742 2413 1030 2467 Praeterea
1077 2427 1280 2465 eorum
1316 2426 1450 2481 quae
1481 2410 1709 2480 absque
1764 2406 2074 2479 complexu
2106 2405 2191 2461 di-

537 2507 772 2561 cuntur,
797 2500 957 2556 aliud
980 2506 1066 2554 est
1092 2500 1449 2566 substantia,
1477 2499 1637 2553 aliud
1668 2497 1993 2569 quantitas,
2027 2494 2190 2550 aliud

537 2589 818 2660 qualitas,
877 2588 1040 2642 aliud
1093 2587 1318 2650 relatio,
1354 2586 1513 2641 aliud
1544 2586 1665 2651 ubi,
1709 2585 1871 2640 aliud
1919 2587 2186 2656 quando,

537 2677 700 2732 aliud
733 2677 898 2740 situs,
930 2676 1090 2731 aliud
1117 2676 1352 2739 habere,
1387 2675 1546 2730 aliud
1603 2691 1799 2745 agere,
1848 2674 2010 2729 aliud
2042 2673 2186 2746 pati.

537 2770 605 2822 Et
622 2768 949 2822 substantia
968 2766 1207 2837 quidem
1229 2772 1318 2820 est
1340 2765 1503 2820 verbi
1527 2765 1930 2834 gratiahomo,
1966 2780 2184 2835 equus;

535 2859 837 2929 quantitas
869 2872 1008 2911 vero
1033 2855 1348 2910 bicubitale
1376 2871 1388 2920 ;
1423 2854 1748 2910 tricubitale
1771 2872 1785 2919 ;
1811 2853 2070 2926 qualitas
2099 2857 2190 2907 est

531 2945 759 3012 album,
793 2946 1250 3015 grammaticum
1291 2960 1422 2999 esse
1478 2959 1493 3011 ;
1536 2944 1739 2999 relatio
1772 2959 1910 2998 vero
1941 2942 2182 3014 duplex,

526 3036 864 3099 dimidium,
902 3037 1093 3105 majus
1136 3050 1150 3101 ;
1210 3033 1310 3090 ubi
1363 3033 1574 3105 (locus)
1606 3050 1660 3089 v.
1715 3049 1771 3102 g.
1807 3033 2069 3098 Athenis,
2123 3032 2182 3086 in
2216 3066 2254 3120 Ω

525 3127 836 3182 academia
880 3142 893 3190 ;
939 3125 1184 3197 quando
1216 3131 1474 3194 (tempus
1525 3140 1536 3178 :
1573 3125 1695 3178 heri
1731 3139 1891 3180 anno
1949 3128 2187 3195 praster-

524 3215 695 3287 lapso
729 3232 742 3282 ;
774 3215 919 3269 situs
953 3234 965 3273 :
1002 3231 1054 3267 v.
1090 3229 1175 3283 gr.
1222 3213 1407 3279 sedet,
1440 3213 1710 3268 consistit
1752 3232 1765 3282 ;
1801 3213 2045 3268 habitus
2075 3215 2183 3276 est,

529 3316 607 3371 1v.
643 3321 730 3374 gr.
765 3303 1116 3368 calceatum,
1151 3303 1422 3357 vestitum
1457 3318 1587 3357 esse
1617 3319 1630 3368 ;
1657 3303 1844 3358 facere
1876 3320 1978 3358 seu
2009 3317 2185 3372 agere

531 3395 638 3455 est,
674 3410 729 3447 v.
756 3408 809 3460 g.
859 3408 1076 3456 secare,
1112 3407 1322 3456 urere;
1373 3392 1493 3462 pati
1539 3407 1678 3446 vero
1721 3398 1824 3456 est,
1855 3397 2046 3449 secari
2101 3397 2188 3452 vel

533 3481 821 3536 comburi.
879 3481 1347 3552 Unumquodque
1393 3479 1568 3547 igitur
1600 3481 1812 3536 horum
1847 3483 2190 3555 simpliciter

533 3567 748 3623 dictum
793 3584 987 3640 neque
1019 3569 1322 3622 veritatem
1358 3566 1652 3635 signiﬁcat
1693 3585 1886 3640 neque
1944 3574 2188 3630 menda-

533 3657 691 3713 cium
717 3673 730 3722 ;
754 3657 1065 3729 complexa
1088 3673 1226 3710 vero
1239 3657 1314 3711 ad
1339 3657 1593 3711 invicem
1617 3657 1923 3714 veritatem
1963 3660 2188 3730 signiﬁ-

533 3755 669 3803 cant
690 3753 793 3802 aut
816 3747 1225 3810 mendacium;
1263 3745 1423 3800 verbi
1451 3745 1675 3814 gratia:
1707 3749 1892 3803 Homo
1925 3750 2189 3807 ambulat

529 3836 622 3890 vel
635 3835 795 3891 aliud
819 3835 1125 3907 quidpiam
1145 3834 1459 3904 ejusmodi.
1483 3836 1950 3906 Propositiouem
1984 3841 2144 3896 enim
2169 3859 2182 3897 :

529 3925 638 3980 Hic
667 3930 858 3981 certus
886 3925 1056 3981 homo
1076 3923 1338 3980 ambulat
1356 3931 1456 3978 aut
1481 3939 1683 3980 veram
1703 3925 2037 3984 autfalsam
2060 3945 2186 3987 esse

529 4030 773 4070 necesse
807 4018 911 4070 est.

852 4121 1173 4188 QUASSTIO
1197 4119 1505 4177 CXXXVIII.
1531 4119 1860 4197 [CLXXIVJ

1117 4230 1202 4284 De
1220 4228 1570 4285 substantia.

1761 233 2002 291 PHOTII
2045 228 2530 288 PATBIARCH/E
2571 232 2685 291 (ΞΡ.

3807 233 3906 288 ’168

2499 357 2658 412 Ὀταν
2711 356 2760 412 δ’
2818 362 2988 435 ἕτερον
3032 359 3148 411 καθ’
3197 356 3371 430 ἑτέρου
3425 365 3786 430 κατηγορεῖται
3841 361 3905 418 ὡς

2306 448 2422 498 καθ’
2477 449 2810 521 ὑποκειμένου
2870 454 3031 520 ἤγουν
3091 450 3417 518 συνωνύμως,
3480 449 3580 498 ὅσα
3633 450 3766 498 κατὰ
3820 457 3905 499 τοῦ

2306 542 2753 608 κατηγορουμένου
2803 539 3020 608 λέγεται,
3081 538 3249 588 πάντα
3304 540 3394 587 καὶ
3442 538 3578 586 κατὰ
3634 535 3725 586 τοῦ
3784 537 3906 586 υπο-

2306 629 2536 694 κειμενου
2588 627 2666 696 (8)
2726 628 3035 699 ῥηθήσεται·
3109 627 3212 677 οἷον
3267 626 3542 698 ἄνθρωπος
3599 629 3905 695 κατηγορεί-

2307 732 2391 763 ται
2421 722 2512 765 τοῦ
2544 734 2680 775 τινος
2711 714 3004 789 ἀνθρώπου,
3038 718 3095 766 τὸ
3148 711 3204 766 δὲ
3235 714 3367 774 ζῶον
3398 715 3534 765 κατὰ
3575 720 3665 764 τοῦ
3713 713 3906 783 ἀνθρώ-

2308 821 2405 852 που
2450 807 2536 853 καὶ
2570 799 2727 861 δῆλον
2767 806 2846 855 ὅτι
2891 805 2966 875 (9)
3015 808 3102 854 καὶ
3147 805 3282 854 κατὰ
3325 809 3416 853 τοῦ
3464 820 3599 861 τινος
3635 799 3903 874 ἀνθρώπου

2304 893 2359 941 τὸ
2419 892 2550 950 ζῶον
2601 895 3108 965 κατηγορηθήσεται·
3156 894 3180 942 6
3231 895 3333 964 γὰρ
3385 910 3459 950 τις
3502 891 3778 964 ἄνθρωπος
3825 896 3903 940 καὶ

2306 980 2574 1052 ἄνθρωπός
2615 982 2728 1033 ἔστι
2775 987 2863 1034 καὶ
2914 981 3070 1042 ζῶον.
3115 980 3276 1032 Ὀταν
3337 977 3396 1031 δὲ
3447 984 3516 1052 μὴ
3568 982 3900 1050 συνωνύμως,

2305 1075 2664 1141 κατηγορῆταί
2721 1091 2772 1122 τι
2827 1073 2959 1121 κατά
3015 1089 3150 1130 τινος
3217 1069 3355 1138 (10),
3431 1067 3535 1119 ἀλλ’
3595 1070 3898 1140 ὁμωνύμως,

2306 1159 2398 1209 οὐκ
2439 1157 2659 1230 ἀνάγκη,
2711 1161 2810 1211 ὅσα
2862 1163 2995 1211 κατὰ
3041 1166 3129 1210 τοῦ
3178 1162 3632 1229 κατηγορουμένου
3680 1157 3904 1226 λέγεται,

2305 1255 2533 1299 τοσαῦτα
2596 1247 2710 1319 (11)
2765 1253 2853 1300 καὶ
2911 1251 3046 1300 κατὰ
3101 1255 3192 1299 τοῦ
3246 1247 3581 1318 ὑποκειμένου
3638 1247 3903 1316 λέγεσθαι·

2307 1337 2410 1387 οἷον
2438 1337 2562 1406 ’(12)
2612 1340 2669 1387 τὸ
2723 1337 2898 1388 λευκὸν
2947 1343 3312 1408 κατηγορεῖται
3355 1336 3634 1406 ὁμωνύμως
3666 1342 3764 1386 τοῦ
3817 1343 3908 1386 0's}-

2306 1445 2463 1496 ματος
2492 1443 2503 1453 ⁸
2542 1425 2719 1476 λευκὸν
2765 1427 2864 1499 γὰρ
2919 1435 3071 1497 σῶμα
3120 1425 3342 1495 λέγεται·
3396 1425 3421 1475 ὁ
3471 1421 3529 1476 δὲ
3558 1423 3715 1494 λόγος
3763 1426 3787 1474 ὸ
3833 1424 3908 1475 ἐπὶ

2306 1521 2396 1565 τοῦ
2427 1513 2606 1565 λευκοῦ
2659 1514 2766 1584 (13)
2816 1511 3063 1566 οὐδέποτε
3108 1514 3326 1585 ἁρμόσει
3379 1512 3461 1564 ἐπι
3500 1521 3592 1564 τοῦ
3644 1520 3904 1584 σώματος·

2307 1600 2415 1654 ἐστι
2444 1605 2544 1676 γὰρ
2595 1605 2619 1653 0
2658 1602 2806 1673 λόγος
2849 1604 3009 1654 αὐτου
3047 1611 3244 1674 χρῶμα
3286 1606 3376 1653 καὶ
3406 1602 3537 1653 ἄλλα
3578 1605 3717 1668 τινα,
3754 1606 3812 1654 τὸ
3855 1599 3908 1654 δὲ

2234 1709 2274 1762 Β
2309 1700 2458 1762 σῶμα
2486 1696 2696 1763 φανερὸν
2720 1694 2799 1744 ὅτι
2830 1693 2922 1744 οὐκ
2953 1694 3064 1743 ἔστι
3085 1699 3280 1764 χρῶμα
3311 1691 3448 1760 (Hi).

2377 1779 2460 1831 ια’.
2495 1788 2577 1832 Δεῖ
2603 1777 2661 1832 δὲ
2691 1785 2778 1832 καὶ
2808 1789 2959 1832 τοῦτο
2995 1777 3206 1847 εἰδέναι,
3252 1782 3331 1831 ὅτι
3358 1788 3454 1831 τῶν
3489 1778 3794 1851 ἑτερογενῶν
3824 1785 3905 1830 καὶ

2301 1874 2370 1940 μὴ
2406 1871 2490 1920 ὑπ’
2519 1869 2716 1926 ἄλληλα
2746 1874 3060 1941 τεταγμένων
3092 1870 3260 1942 ἕτεραι
3297 1877 3368 1938 τῷ
3415 1866 3497 1920 εἶδ
3503 1887 3542 1919 ει
3573 1873 3660 1920 καὶ
3691 1872 3749 1920 αἱ
3796 1866 3906 1920 δια-

2302 1962 2472 2030 φοραί
2508 1959 2612 2010 οἷον
2657 1959 2792 2018 ζὼου
2833 1963 2922 2010 καὶ
2965 1961 3283 2029 ἐπιστήμης.
3317 1964 3461 2008 Ζώου
3497 1961 3585 2028 μεν
3631 1960 3737 2029 γὰρ
3787 1955 3903 2009 δια·-

2301 2052 2453 2118 φοραὶ
2487 2051 2542 2098 τὸ
2571 2048 2722 2108 πεζὸν
2754 2053 2842 2099 καὶ
2884 2051 2942 2099 τὸ
2973 2043 3206 2120 ἔνυδρον,
3251 2049 3548 2118 ἐπιστήμης
3579 2043 3638 2098 δὲ
3680 2044 3905 2118 οὐδεμία

2300 2139 2513 2186 τούτων·
2570 2137 2627 2187 οὐ
2682 2139 2782 2208 γὰρ
2857 2133 3094 2211 διαφέρει
3149 2136 3412 2208 ἐπιστήμη
3476 2137 3783 2208 ἐπιστήμης
3839 2146 3905 2204 τῷ

2301 2221 2486 2285 δίπους
2514 2227 2642 2276 εἶναι
2671 2226 2804 2295 (15).

2373 2402 2461 2475 ιβ’.
2514 2409 2629 2454 Ἔτι
2681 2407 2850 2455 τοίνυν
2898 2411 2996 2455 τῶν
3076 2408 3247 2474 χωρὶς
3322 2403 3631 2475 συμπλοκῆς
3697 2403 3903 2478 λεγομέ-

2297 2513 2392 2543 νων
2445 2494 2558 2561 (16)
2601 2497 2656 2544 τὸ
2708 2496 2797 2564 μέν
2847 2495 2986 2544 ἐστιν
3043 2493 3217 2556 οὐσία,
3271 2495 3327 2544 τὸ
3383 2489 3442 2544 δὲ
3491 2496 3674 2558 ποσὸν,
3736 2499 3795 2546 τὸ
3849 2492 3902 2546 δὲ

2299 2584 2464 2648 ποιὸν,
2517 2584 2572 2632 τὸ
2631 2578 2688 2632 δῖε
2727 2585 2851 2655 πρὸς
2894 2600 2960 2642 τι,
3014 2584 3070 2632 τὸ
3117 2577 3174 2632 δὲ
3206 2577 3325 2646 ποῦ,
3358 2585 3416 2632 τὸ
3459 2578 3518 2633 δὲ
3563 2585 3711 2645 ποτε,
3745 2587 3804 2635 τὸ
3848 2581 3902 2636 δὲ

2298 2673 2523 2733 κεῖσθαι,
2574 2674 2630 2722 τὸ
2682 2668 2740 2723 δὲ
2789 2671 2948 2742 ἐχειν,
2997 2675 3054 2722 τὸ
3107 2667 3166 2722 δὲ
3218 2679 3400 2734 ποιεῖν,
3453 2677 3510 2723 τὸ
3557 2669 3617 2724 δὲ
3648 2676 3896 2745 πάσχειν.

3766 2763 3893 2833 (17)·

2297 2852 2458 2900 ποσὸν
2488 2845 2546 2900 δὲ
2576 2851 2680 2900 οἷον
2713 2845 2946 2920 δίπηχυ,
2991 2854 3247 2923 τρίπηχυ”
3282 2853 3428 2901 ποιὸν
3457 2847 3536 2916 δὲ,
3566 2852 3671 2902 οἷον
3697 2851 3889 2917 λευκὸν,

2301 2765 2400 2811 Καὶ
2449 2763 2586 2810 ἔστιν
2647 2761 2804 2811 οὐσία
2858 2763 2946 2830 μεν
3000 2758 3103 2812 οἷον
3171 2761 3462 2832 ἄνθρωπος,
3533 2762 3691 2822 ἵππος

2295 2944 2655 3012 γραμματικὸν
2692 2938 2822 3009 (18)’
2871 2941 2999 3002 πρὸς
3030 2959 3080 2989 τι
3117 2936 3195 3003 δὲ,
3229 2940 3334 2990 οἷον
3367 2936 3668 3008 διπλάσιον,
3709 2945 3890 3012 ἣμισυ,

2297 3028 2493 3099 μεῖζον’
2543 3037 2643 3079 που
2685 3024 2762 3090 δὲ,
2797 3028 2900 3078 οἷον
2946 3026 2993 3079 ἐν
3025 3029 3290 3090 Ἀθήναις,
3340 3027 3386 3079 ἐν
3433 3025 3736 3100 ἀκαδημίᾳ·
3778 3035 3891 3082 ποτε

2298 3113 2376 3180 δὲ,
2409 3118 2512 3168 οἷον
2540 3119 2685 3187 χθὲς,
2716 3121 2920 3188 πέρυσι’
2963 3119 3170 3168 κεῖσθαι
3198 3114 3276 3180 δέ,
3323 3118 3428 3168 ὁῖον
3459 3119 3711 3182 κάθηται,
3747 3121 3888 3171 ἱστα-

2296 3225 2400 3257 ron.-
2461 3209 2599 3276 ἔχειν
2654 3201 2732 3266 δὲ,
2787 3207 2891 3255 οἷον
2947 3201 3301 3256 ὑποδεδέσθαι
3349 3207 3481 3276 (19),
3539 3203 3886 3260 ἐνδεδῡσθαι·

2295 3302 2435 3347 ποεῖν
2463 3291 2540 3356 δὲ,
2571 3294 2674 3344 οἷον
2706 3298 2920 3365 τέμνειν,
2953 3299 3137 3344 καίειν
3180 3296 3410 3365 πάσχειν
3459 3293 3537 3359 δὲ,
3571 3297 3676 3347 οἷον
3725 3302 3888 3368 τέμνε-

2297 3385 2440 3446 σθαι,
2501 3386 2745 3434 καίεσθαι
2797 3383 2926 3450 (20).
2997 3382 3251 3435 Ἐκαστον
3305 3381 3391 3435 οὖν
3448 3392 3548 3435 τῶν
3618 3385 3886 3459 εἰρημένων

2297 3471 2487 3523 ἁπλοῦν
2540 3475 2628 3542 μὲν
2685 3471 2793 3543 (21)
2850 3471 3116 3543 λεγόμενον
3170 3476 3274 3524 οὔτ’
3335 3472 3576 3530 ἀληθειαν
3652 3481 3887 3546 σημαίνει

2296 3563 2411 3611 οὔτε
2457 3557 2671 3630 ψεῦδος·
2730 3559 3122 3632 συμπλεκομενα
3176 3558 3234 3612 δε
3295 3561 3404 3632 μετ’
3457 3562 3690 3620 ἀλλήλων
3763 3565 3884 3632 (22),

2297 3647 2537 3706 ἀληθειαν
2571 3653 2812 3722 σημαίνει
2851 3651 2878 3707 ἦ
2913 3646 3129 3720 ψεύδος·
3161 3647 3265 3702 οἷον
3299 3650 3565 3722 ἄνθρωπος
3600 3659 3884 3724 περιπατεῖ,

2296 3743 2324 3796 ἤ
2359 3738 2480 3790 ἄλλο
2508 3759 2558 3790 τι
2591 3748 2688 3790 τῶν
2718 3742 2976 3790 τοιούτων·
3007 3743 3062 3790 τὸ
3087 3743 3184 3814 γὰρ
3216 3745 3291 3799 τὶς
3325 3739 3591 3814 ἄνθρωπος
3623 3749 3889 3814 περιπατεῖ

2297 3827 2495 3900 ἀνάγκη
2529 3833 2558 3886 ἤ
2589 3829 2704 3897 ('23)
2736 3827 2916 3889 ἀληθὲς
2946 3825 3073 3881 εἶναι
3095 3831 3124 3887 ἡ
3159 3825 3370 3899 ψεῦδος.

2844 4131 3156 4180 ΕΡΩΤΗΣΙΣ
3197 4124 3364 4185 rAii'.

2916 4238 3040 4306 Περὶ
3067 4233 3268 4295 οὐσίας.

1598 4317 1750 4367 Nunc
1779 4321 2012 4383 primum
2044 4322 2186 4373 edita
2215 4339 2248 4375 a
2281 4323 2339 4372 D.
2386 4321 2826 4384 Hergenroether.

610 4415 655 4464 l.
693 4407 884 4464 Primo
915 4406 1237 4462 dicendum
1263 4405 1441 4462 estde
1462 4407 1808 4465 substantia.
1843 4411 2189 4468 Substantia
2223 4417 2266 4470 D

532 4498 714 4567 igitur
740 4515 859 4554 non
883 4497 1216 4552 secundum
1247 4512 1422 4552 unam
1451 4497 1850 4570 eamdemque
1882 4504 2187 4557 notionem

535 4587 751 4642 dicitur
782 4586 1140 4652 substantia,
1171 4585 1274 4639 sed
1305 4601 1422 4641 vox
1453 4591 1536 4641 est
1569 4602 1777 4643 earum
1812 4604 1883 4644 ex
1913 4606 2188 4659 numero,

610 4767 686 4838 (8)
721 4765 886 4818 Αὐτοῦ
915 4765 1068 4838 add._
1089 4767 1308 4838 Monac.
1335 4763 1459 4838 bis,
1489 4763 1648 4838 quod
1684 4765 1847 4820 deest
1874 4767 1932 4821 in
1974 4767 2102 4822 Vat.
2137 4772 2191 4823 et

539 4835 636 4909 ap.
669 4835 856 4895 Arist.
887 4851 1019 4907 cap.
1045 4836 1098 4902 3,
1135 4835 1299 4906 quod
1328 4835 1445 4890 fere
1479 4835 1836 4891 verbotenus
1862 4839 1956 4893 hic
1989 4839 2192 4894 inseri-

540 4915 652 4965 tur.

610 4981 800 5048 (9)Καί
835 4981 994 5032 deest
1023 4977 1079 5030 in
1108 4977 1263 5048 Mon.

609 5046 718 5119 (10)
750 5055 812 5102 Τί
836 5051 968 5100 κατά
989 5067 1121 5108 τινος
1152 5047 1318 5102 deest
1349 5046 1409 5101 in
1436 5047 1566 5102 Vat.

611 5123 722 5192 (11)
754 5124 902 5177 Μοῐι.
948 5123 1147 5173 Πάντα.

614 5189 728 5263 (12)
779 5195 927 5246 Mon.
961 5193 1082 5243 Οἶον
1111 5194 1172 5249 ὡς
1231 5192 1288 5240 τὸ
1339 5189 1515 5241 λευκὸν
1571 5190 1683 5242 κατ’
1745 5194 1902 5264 ὁμων.
1964 5202 2034 5264 τῷ
2094 5199 2192 5246 σώ-

583 5284 686 5317 ατι.

541 5284 727 5406 μαῖἱέ)
759 5339 1036 5406 Δεγόμενος
1060 5331 1194 5387 add.
1215 5334 1460 5406 Monac.

645 5402 725 5463 14)
751 5402 902 5462 Μοίξιξ
933 5405 1053 5457 Ὅτι
1085 5407 1177 5455 οὐκ
1208 5405 1351 5454 ἔστιν
1385 5402 1567 5463 οὕτως,

647 5472 729 5545 15)
762 5477 905 5533 Cod.
939 5481 1007 5529 Τὸ
1041 5474 1155 5529 ὃιπ.
1191 5472 1278 5528 εἶν.
1319 5474 1447 5528 Ηωο
1479 5475 1896 5546 paragraphus
1929 5477 2095 5532 deest
2132 5478 2192 5532 in

543 5547 676 5606 cod.
706 5552 859 5606 Mon.
901 5549 1074 5605 Arist.
1105 5564 1154 5602 c.
1186 5551 1236 5611 3,
1280 5547 1367 5617 (ΙΙ,
1396 5550 1445 5609 4,
1474 5562 1530 5618 p.
1562 5551 1603 5601 2
1643 5547 1736 5601 ed.
1787 5552 1960 5603 Paris.
2012 5553 2190 5618 1848).

615 5621 728 5698 (16)
771 5620 1058 5676 Μοῐ].Τῶν
1115 5622 1285 5692 χωρὶς
1331 5618 1633 5688 συμπλοκῆς
1687 5618 1967 5692 λεγομένων
2022 5639 2194 5694 πραγ-

2370 4409 2435 4464 α’.
2482 4416 2687 4483 Πρῶτον
2721 4406 2778 4461 δὲ
2819 4411 2998 4484 ῥητέον
3032 4416 3147 4483 περὶ
3188 4412 3388 4473 οὐσίας.
3418 4411 3477 4466 Ἠ
3522 4420 3694 4467 τοίνυν
3743 4415 3892 4469 οὐσία

2299 4500 2358 4552 οὐ
2401 4502 2534 4551 κατα
2581 4502 2703 4570 μίαν
2743 4504 2832 4551 καὶ
2881 4505 2973 4558 τὴν
3025 4501 3180 4560 αὐτὴν
3225 4505 3416 4554 ἔννοιαν
3467 4503 3672 4574 λέγεται
3719 4507 3889 4573 οὐσία,

2301 4588 2427 4641 ἀλλὰ
2457 4597 2553 4639 τῶν
2600 4587 2876 4660 πολλαχῶς
2923 4589 3200 4662 λεγομένων
3245 4591 3386 4644 ἐστὶν
3431 4595 3460 4651 ἡ
3507 4599 3673 4666 φωνὴ,
3724 4597 3768 4648 εἰ
3812 4600 3893 4646 καὶ

2199 4679 2402 4736 NOT/E

2300 4768 2478 4840 μάτων
2499 4770 2556 4840 τὸ
2588 4788 2650 4837 μ.

2375 4839 2483 4906 (17)
2511 4835 2695 4898 Ἵππος
2721 4838 2882 4893 deest
2913 4838 2969 4892 in
3009 4841 3157 4895 Mon.

2373 4910 2479 4991 (λῳ.)
2520 4915 3219 4991 Τρίπηιχυζγραμματικόν,
3265 4917 3323 4965 et
3364 4913 3593 4986 reliqua
3622 4918 3894 4988 exemp'a

2302 4982 2741 5054 omittunturin
2792 4982 2966 5042 Μόιι..
3014 4982 3112 5036 ubi
3162 4999 3399 5054 semper
3454 4982 3632 5040 libum
3691 4982 3894 5043 dunta-

2300 5060 2400 5177 xlqt
2441 5051 2802 5177 extemplum,
2834 5054 3015 5125 idque
3055 5051 3314 5126 primum
3347 5071 3417 5111 ex
3459 5073 3636 5130 supra
3668 5060 3890 5132 positis,

2303 5139 2336 5177 a
2383 5138 2490 5177 ega
2524 5139 2606 5177 ur.

2303 5130 2606 5177 alienatur.

2375 5138 2606 5191 .egaiur.

2375 5195 2485 5264 (l9)
2517 5197 2643 5249 Mon
2659 5239 2670 5250 .
2716 5191 3076 5250 ’Υποδέδεται.

2397 5269 2484 5328 20)
2516 5271 2686 5318 Καίειν
2709 5270 2765 5322 et
2788 5270 3028 5319 καίεσθαι
3058 5267 3248 5324 omitt.
3283 5271 3434 5325 MOU.

2399 5337 2486 5406 2-1)
2523 5341 2627 5390 Μέν
2653 5337 2817 5393 deest
2847 5339 2906 5394 in
2940 5339 3092 5394 Mon.

2519 5411 2668 5483 lion.
2699 5409 2832 5483 add.
2863 5413 2892 5468 ἧ
2929 5408 3079 5468 ἀλήθ.
3125 5415 3473 5483 σημαίσουσι.

2375 5479 2493 5557 (ᾧ)
2518 5480 2585 5557 ’ᾹΗ
2626 5482 2825 5557 omitt._
2857 5484 3010 5557 Mpn,
3057 5479 3402 5557 Htec'Aapud
3432 5484 3609 5541 Arist.
3637 5485 3819 5557 leges.
3849 5504 3898 5544 c.

2303 5548 2357 5603 4.
2390 5550 2438 5623 (§
2469 5548 2559 5607 6-8
2588 5567 2644 5625 p.
2675 5552 2727 5619 2,
2757 5552 2849 5608 ed.
2887 5553 3066 5619 Paris,
3110 5548 3299 5628 1848):
