4116 6194
207 282 317 338 769

1183 275 1278 329 AD
1316 272 1866 336 AMPHILOCHIUM
1907 277 2226 349 QUIESTIO
2268 281 2612 342 CXXXVIII.

3471 295 3575 350 770

206 408 418 468 πολλοῖς
483 413 582 457 τῶν
657 409 773 475 περὶ
837 403 1015 462 ούσίας
1099 403 1251 454 εἰπεῖν
1335 422 1385 453 τι
1462 403 1807 477 προελομένων

1929 423 2053 479 quia
2075 406 2479 480 multipliciter
2506 411 2790 467 dicuntur
2813 427 2829 481 ;
2850 408 2960 467 etsi
2989 411 3157 467 multi
3177 411 3434 481 illorum,
3468 418 3574 489 qui

205 502 558 569 παρεώραται.
629 497 729 545 Καὶ
783 495 883 563 γὰρ
936 493 1103 561 ἕτερον
1165 496 1256 564 μὲν
1339 497 1528 566 τρόπον
1622 497 1812 546 παντά-

205 605 371 638 πασιν
408 582 595 654 λέγοιτ’
650 583 711 632 ἄν
767 581 922 633 οὐσία
964 582 993 638 ἠ
1033 581 1338 652 ύπερούσιος
1380 587 1468 633 καὶ
1518 589 1807 655 προακτικη

206 683 313 726 τῶν
359 676 513 724 ὄντων
572 670 746 735 οὐσία,
794 674 907 742 περὶ
962 667 1018 729 ἧς
1066 672 1266 741 θεωρεῖν
1316 671 1372 722 οὐ
1428 680 1518 731 τῆς
1559 680 1669 740 νῦν,
1720 680 1815 733 τῆς

211 759 274 815 δὲ
314 767 527 834 πρώτης
573 759 686 811 ἐστὶ
730 760 1050 830 φιλοσοφία;”
1103 759 1269 833 ἕτερον
1311 755 1370 811 δὲ
1412 766 1600 833 τρόπον
1644 763 1672 818 ἡ
1716 761 1810 817 ύλη

207 851 416 922 λέγεται
472 848 648 913 ούσία,
703 852 794 899 καὶ
836 846 986 898 ἄλλον
1042 848 1193 899 πάλιν
1252 851 1308 900 τό
1359 855 1680 922 μορφωτικόν
1726 855 1816 902 καὶ

209 936 473 992 εἰδοποιόν
504 945 596 998 τῆς
626 935 748 996 ύλης
795 932 955 996 εἶδος·
1012 933 1119 986 ἀλλ’
1169 935 1406 1009 ἑκάτερον
1437 941 1524 1008 μὲν
1570 946 1667 990 τῶν
1719 934 1816 990 δύο

209 1027 414 1100 λέγεται
497 1026 674 1093 οὐσία,
752 1021 1016 1099 οὐδέτερον
1092 1021 1150 1076 δὲ
1229 1025 1396 1077 αὐτῶν
1464 1026 1577 1079 ἐστι
1625 1032 1816 1100 κυρίως

210 1124 435 1189 πρᾶγμα
492 1115 858 1185 αύθύπαρκτον
891 1131 903 1168 ;
938 1116 967 1171 ἡ
1022 1117 1111 1185 μεν
1162 1117 1262 1186 γὰρ
1313 1114 1405 1172 ύλη
1467 1112 1637 1168 δεῖται
1694 1119 1820 1188 πρὸς

211 1206 437 1280 ὕπαρξιν
467 1209 556 1256 καὶ
592 1208 876 1276 φανέρωσιν
929 1211 1025 1265 τῆς
1072 1200 1337 1256 εἰδοποιοῦ
1376 1204 1579 1266 οὐσίας’
1627 1210 1716 1257 καὶ
1761 1208 1818 1257 τό

213 1290 358 1353 εἶδος
417 1290 495 1356 δὲ,
544 1293 588 1344 εἰ
645 1296 732 1344 καὶ
779 1297 850 1363 μὴ
899 1295 1166 1356 ὡσαύτως,
1227 1291 1332 1343 ἀλλ’
1379 1289 1466 1344 οὖν
1509 1290 1679 1346 δεῖται
1732 1298 1820 1345 καὶ

214 1382 345 1435 αὐτὸ
407 1390 498 1442 τῆς
549 1381 733 1442 ὑλικῆς
793 1381 998 1447 οὐσίας,
1046 1380 1118 1452 ἐφ’
1267 1377 1467 1454 ῖδρυμα
1506 1382 1677 1434 λαϐεῖν
1733 1387 1820 1434 καὶ

215 1472 402 1545 βάσιν
431 1472 698 1542 ,ἑκατέραν
739 1466 798 1522 δὲ
828 1472 1020 1521 τούτων
1059 1478 1148 1522 τοῦ
1190 1479 1413 1541 φυσικοῦ
1459 1470 1568 1523 ἐστι
1610 1468 1820 1524 διασκέ-

213 1560 444 1631 ψασθαι.
479 1559 594 1612 Ἔτι
634 1555 692 1610 δὲ
719 1559 877 1611 ούσία
904 1558 1106 1630 λέγεται
1148 1564 1235 1610 καὶ
1263 1561 1292 1617 ἡ
1334 1561 1570 1612 ὁπωσοῦν
1599 1560 1820 1612 ἑκάστου

214 1659 317 1702 τῶν
349 1649 504 1700 ὄντων
543 1647 765 1723 ύπαρξίς
804 1667 856 1700 τε
903 1654 992 1699 καὶ
1041 1647 1309 1712 ούσίωσις,
1360 1652 1472 1708 ητις
1515 1652 1628 1720 ἔχει
1681 1649 1824 1702 ἀντι-

214 1745 447 1811 κείμενον
489 1741 548 1790 τό
600 1743 669 1810 μὴ
721 1741 794 1788 ὅν·
847 1737 906 1788 ού
951 1741 1070 1808 μην,
1129 1735 1257 1788 ἀλλά
1300 1737 1502 1808 λέγεται
1545 1738 1697 1789 πάλιν
1738 1738 1822 1789 ού·
1853 1761 1892 1814 Β

219 1833 314 1880 σία
365 1835 468 1887 τοῖς
519 1827 804 1888 πολιτικοῖς
853 1828 881 1884 ἡ
929 1828 1150 1878 ἑκάστου
1200 1835 1298 1878 τῶν
1331 1829 1606 1899 κτημάτων
1638 1846 1690 1879 τε
1733 1832 1819 1878 καὶ

218 1919 512 1989 χρημάτων
563 1920 842 1989 περιουσία
885 1920 969 1966 καὶ
1025 1914 1268 1988 ὖπαρξις.
1331 1922 1689 1987 Τοσαυταχῶς
1735 1912 1820 1968 οὖν

217 2010 344 2066 τέως
394 2014 482 2064 τῆς
534 2004 719 2066 ούσίας
775 2004 1069 2076 λεγομένης,
1125 2000 1348 2076 οὐδεμία
1399 2013 1496 2055 τῶν
1545 2005 1820 2076 εἰρημένων

218 2095 464 2167 οὐμενοῦν
515 2095 573 2146 ού
624 2091 847 2146 δύναται
895 2097 1187 2166 κατηγορία
1218 2095 1347 2144 εἶναι
1393 2094 1421 2152 ἦ
1473 2094 1823 2166 ὀνομάζεσθαι

219 2181 332 2233 ἀλλ’
392 2185 421 2240 ἡ
480 2186 571 2253 μὲν
654 2191 752 2234 τῶν
811 2186 966 2233 ὄντων
1044 2187 1317 2240 συνεκτική
1377 2187 1466 2234 καὶ
1515 2184 1824 2256 ύπερούσιος

219 2271 379 2323 ούσία
426 2275 490 2332 ὡς
540 2270 712 2342 πολλῷ
763 2276 1004 2342 κρείττων
1054 2280 1151 2322 τῶν
1210 2274 1454 2323 τοιούτων
1509 2281 1682 2343 φωνῶν
1732 2277 1822 2323 καὶ

219 2359 550 2432 ἐννοημάτων
598 2363 977 2432 καθισταμένη,
1037 2358 1228 2431 μᾶλλον
1308 2356 1366 2412 δὲ
1428 2363 1494 2421 ως
1563 2360 1817 2433 ὑπερϐολῇ

220 2448 432 2524 ἀρρήτῳ
485 2449 772 2524 ἐξῃρημένη
827 2468 880 2500 τε
935 2453 1024 2500 καὶ
1063 2445 1475 2521 ύπεριδρυμένη·
1535 2451 1564 2507 ἠ
1619 2447 1678 2502 δὲ
1725 2449 1818 2507 ύλη

218 2545 310 2591 καὶ
356 2543 414 2591 τό
464 2535 604 2600 εἶδος
647 2541 711 2599 ὡς
760 2546 828 2608 νῷ
872 2542 1009 2610 μόνῳ
1057 2536 1230 2595 ληπτὰ
1267 2543 1356 2589 καὶ
1401 2538 1450 2589 ἐν
1495 2546 1604 2600 τοῖς
1646 2541 1822 2590 συνθέο

218 2636 330 2690 τοῖς
387 2632 642 2703 θεωρητὰ,
701 2630 926 2702 ἐνεργείᾳ
981 2623 1040 2679 δὲ
1090 2631 1180 2678 καὶ
1241 2627 1458 2700 ὑπάρξει
1510 2628 1623 2680 κατ’
1682 2625 1822 2680 ἰδίαν

219 2718 328 2789 οὐχ
377 2719 663 2789 ύφεστῶτα“
711 2725 810 2768 τῶν
860 2712 919 2768 δὲ
962 2715 1124 2767 ἄλλων
1170 2725 1344 2787 φωνῶν
1374 2718 1403 2773 ἠ
1456 2721 1544 2788 μὲν
1593 2721 1720 2778 ἴσως
1756 2721 1824 2778 ὡς

219 2806 529 2868 πολιτικοῖς,
578 2805 683 2857 ἀλλ’
744 2807 801 2856 ού
856 2804 1157 2876 φιλοσόφοις
1205 2805 1392 2869 οἰκεία,
1443 2807 1472 2862 ἡ
1527 2801 1584 2857 δε
1635 2808 1700 2867 ὡς
1741 2806 1824 2857 ού-

221 2893 310 2948 δεν
354 2899 656 2967 τεταγμένον
695 2899 784 2946 καὶ
829 2898 1132 2967 ωρισμένον,
1177 2892 1280 2944 ἀλλ’
1333 2895 1614 2966 ὁμωνύμως
1655 2896 1824 2947 πάντα

221 2981 482 3042 δηλοῦσα·
539 2980 786 3041 διέστηκε
862 2979 920 3034 δὲ
977 2981 1148 3052 πολλῷ
1197 2987 1492 3056 κατηγορία
1545 2989 1634 3035 καὶ
1687 2985 1824 3056 ὀμω-

218 3078 402 3146 νυμία.

1921 495 2147 567 aliquid
2179 499 2252 552 de
2292 514 2362 553 ea
2391 497 2587 555 dicere
2623 499 3025 564 instituerunt,
3068 499 3128 554 id
3162 501 3574 570 neglexerunt.

1922 587 2149 640 Etenim
2173 585 2292 641 alio
2327 587 2576 644 omnino
2602 588 2788 645 modo
2823 588 3161 644 substantia
3210 596 3453 648 vocatur
3485 610 3583 650 su-

1921 673 2440 744 persubstantialis
2480 681 2658 750 atque
2698 678 3078 733 existentium
3116 694 3318 736 rerum
3358 683 3577 752 produ-

1924 761 2072 817 ctrix
2111 763 2446 820 substantia
2479 781 2493 831 ;
2527 767 2696 837 cujus
2727 765 3121 822 consideratio
3154 783 3276 823 non
3319 769 3394 824 ad
3425 786 3581 842 prae-

1926 853 2174 914 sentem,
2207 867 2416 907 verum
2449 853 2528 910 ad
2558 854 2817 926 primam
2848 853 3103 926 pertinet
3131 855 3583 930 philosophiam

1925 937 2032 1010 (sc.
2091 941 2571 1014 metaphysicam
2625 959 2733 1000 seu
2783 943 3144 1014 theologiam
3191 946 3576 1020 naturalem).

1929 1026 2051 1083 Alio
2115 1044 2255 1085 vero
2313 1031 2495 1088 modo
2550 1033 2800 1088 materia
2851 1033 3066 1088 dicitur
3119 1034 3464 1102 substantia,
3524 1041 3584 1093 et

1929 1114 2046 1170 alio
2085 1132 2294 1173 rusum
2336 1124 2512 1190 pacto
2551 1119 2888 1176 informans
2927 1124 2984 1174 et
3015 1121 3368 1192 speciﬁcans
3400 1129 3582 1180 mate-

1929 1204 2076 1260 riam
2101 1204 2298 1262 forma
2329 1225 2346 1278 ;
2381 1223 2585 1264 verum
2618 1213 2936 1280 utrumque
2976 1209 3221 1281 quidem
3249 1211 3584 1270 substantia

1929 1293 2165 1363 dicitur,
2196 1301 2476 1352 neutrum
2503 1313 2647 1354 vero
2677 1299 2910 1370 proprie
2941 1304 3028 1352 est
3051 1314 3145 1354 res
3165 1315 3269 1369 per
3299 1315 3363 1355 se
3391 1300 3584 1357 subsi-

1932 1387 2114 1439 stens.
2142 1384 2293 1440 Nam
2326 1387 2575 1443 materia
2610 1386 2688 1442 ad
2724 1387 3126 1443 exsistentiam
3159 1392 3217 1444 et
3241 1390 3583 1448 manifesta-

1932 1473 2156 1528 tionem
2196 1472 2420 1543 indiget
2465 1475 2801 1530 substantia
2839 1474 3216 1547 speciﬁcante
3246 1482 3302 1532 et
3327 1480 3577 1550 species,

1932 1561 2035 1617 etsi
2061 1577 2183 1616 non
2215 1563 2427 1618 eodem
2452 1563 2635 1619 modo
2668 1568 2868 1619 tamen
2893 1569 2947 1620 et
2975 1565 3106 1636 ipsa
3143 1565 3368 1636 indiget
3398 1574 3586 1624 mate-

1930 1648 2061 1705 riali
2099 1650 2453 1717 substantia,
2493 1652 2554 1706 in
2586 1668 2704 1722 qua
2733 1652 3052 1709 collocetur
3090 1657 3148 1708 et
3177 1655 3538 1712 sustineatur
3571 1673 3584 1722 ;

1931 1738 1992 1793 in
2039 1742 2350 1811 utramque
2379 1755 2522 1796 vero
2561 1740 2776 1796 harum
2807 1740 3123 1813 inquirere,
3159 1742 3237 1798 ad
3266 1743 3585 1815 physicum

1933 1832 2176 1899 spectat.
2216 1827 2498 1884 Praeterea
2538 1828 2876 1885 substantia
2917 1829 3131 1885 dicitur
3173 1831 3354 1887 etiam
3388 1833 3586 1888 unius-

1932 1916 2224 1988 cujusque
2284 1917 2690 1973 exsistentium
2747 1918 3189 1990 quomodolibet
3240 1920 3584 1976 exsistentia

1933 2009 1988 2061 et
2007 2004 2278 2076 essentia,
2310 2021 2446 2077 quia
2468 2006 2814 2078 oppositum
2843 2007 3024 2063 habet
3053 2007 3113 2062 id
3138 2009 3304 2079 quod
3336 2024 3451 2064 non
3472 2015 3578 2066 est.

1931 2094 2140 2149 Adhuc
2177 2098 2374 2149 autem
2413 2095 2667 2166 politicis
2701 2111 2938 2151 rursum
2970 2096 3309 2152 substantia
3344 2097 3584 2168 dicitur,

1931 2182 2230 2254 quidquid
2252 2183 2610 2254 prmdiorum
2635 2184 2726 2239 vel
2753 2199 3142 2240 nummorum
3169 2185 3416 2256 quilibet
3447 2202 3585 2259 pos-

1933 2272 2102 2327 sidet.
2155 2272 2304 2327 Cum
2348 2272 2529 2341 igitur
2574 2277 2661 2329 tot
2705 2273 2902 2328 modis
2945 2273 3276 2331 substantia
3335 2275 3580 2347 dicatur,

1932 2359 2098 2416 nulla
2138 2375 2212 2415 ex
2252 2361 2551 2432 praedictis
2598 2361 2717 2417 ullo
2757 2362 2932 2418 modo
2973 2364 3268 2433 categoria
3313 2380 3446 2420 esse
3486 2364 3581 2421 vel

1933 2448 2218 2521 appellari
2249 2453 2443 2520 potest
2481 2468 2498 2520 ;
2529 2449 2634 2505 sed
2667 2449 3004 2506 substantia
3029 2466 3230 2506 rerum
3275 2467 3589 2509 conserva-

1931 2539 2041 2593 trix
2080 2543 2136 2593 et
2179 2538 2774 2609 supersubstantialis
2807 2539 2993 2595 multo
3019 2539 3112 2594 his
3143 2540 3389 2596 vocibus
3405 2546 3588 2598 etno-

1932 2626 2194 2683 tionibus
2235 2625 2546 2682 sublimior
2599 2627 2841 2691 exsistit,
2887 2628 3010 2683 imo
3061 2627 3293 2684 inﬁnito
3335 2645 3589 2686 excessu

1932 2731 2030 2771 eas
2052 2721 2292 2787 superat
2312 2731 2613 2787 superque
2635 2732 2738 2772 eas
2769 2715 3031 2771 elevatur
3059 2735 3071 2783 ;
3097 2718 3343 2774 materia
3367 2733 3506 2774 vero
3529 2725 3586 2774 et

1934 2805 2160 2876 species
2209 2809 2272 2859 ut
2320 2803 2447 2859 sola
2491 2809 2690 2860 mente
2743 2811 3022 2875 percepta
3052 2810 3106 2859 et
3137 2806 3196 2859 in
3232 2806 3584 2877 compositis

1933 2893 2248 2958 intellecta,
2289 2892 2638 2963 operatione
2669 2899 2724 2947 et
2774 2893 3018 2963 propria
3051 2894 3426 2949 subsistentia
3454 2909 3579 2950 non

1935 2980 2322 3038 subsistentia
2339 2980 2646 3050 categorias
2664 2996 2786 3036 non
2807 2987 2981 3044 sunt;
3000 2981 3366 3052 reliquarum
3385 2989 3582 3038 autem

1863 3077 1902 3130 C
1933 3088 2137 3128 vocum
2189 3071 2372 3126 altera
2410 3070 2664 3142 politicis
2695 3071 2960 3137 fortasse,
2998 3088 3112 3127 non
3146 3088 3285 3128 vero
3324 3073 3585 3145 philoso-

217 3164 356 3234 phis
403 3166 687 3218 consueta
725 3166 781 3216 et
821 3162 1065 3232 propria
1103 3165 1233 3226 est;
1267 3161 1451 3216 altera
1491 3165 1688 3216 autem
1731 3163 1876 3220 nihil
1915 3160 2381 3219 determinatum
2417 3164 2474 3216 et
2512 3159 2839 3223 deﬁnitum,
2884 3160 2990 3215 sed
3028 3162 3330 3232 aequivoce
3368 3163 3574 3219 omnia

219 3251 520 3322 signiﬁcat
543 3269 559 3322 ;
591 3249 845 3306 multum
878 3265 1020 3306 vero
1059 3248 1337 3305 ditl‘erunt
1364 3249 1708 3321 praedicatio
1735 3257 1789 3306 et
1820 3251 2236 3326 aequivocatio.

435 3343 584 3413 Παρὰ
641 3344 816 3412 μέντοι
869 3341 935 3391 τὰ
983 3339 1224 3412 εἰρημένα
1274 3338 1476 3410 λέγεται
1529 3339 1685 3391 οὐσία
1732 3346 1821 3393 καὶ

213 3436 317 3482 πᾶν
350 3433 470 3502 ὅπερ
503 3429 642 3482 ἐστὶν
685 3429 1074 3481 αύτοσύστατον
1126 3431 1261 3500 (2i),
1312 3429 1371 3480 ού
1412 3433 1496 3479 καὶ
1549 3432 1633 3481 τόν
1673 3429 1821 3500 λόγον

215 3520 424 3579 εἰκότως
481 3519 542 3570 ἄν
597 3539 674 3580 τις
731 3515 956 3576 ἀποδοίη
1026 3523 1242 3591 πρᾶγμα
1304 3514 1432 3569 εἶναι
1487 3516 1644 3588 λέγων
1700 3519 1822 3570 a136-

213 3613 478 3683 ύπαρκτον
527 3613 596 3680 μὴ
629 3605 868 3680 δεόμενον
917 3607 1090 3681 ἑτέρου
1122 3609 1250 3680 πρός
1428 3607 1668 3677 ὕπαρξιν,
1717 3606 1819 3659 οἷον

213 3700 506 3773 ἄνθρωπος,
559 3696 704 3769 βοῦς,
750 3703 874 3770 πῦρ,
910 3699 1001 3766 γη,
1052 3700 1141 3746 καὶ
1189 3697 1255 3746 τὰ
1300 3696 1473 3766 ὅμοια.
1511 3695 1567 3746 Ἠ
1600 3699 1815 3755 τοιαύτη

215 3785 275 3839 δὲ
307 3787 462 3839 ούσία
500 3793 588 3839 καὶ
620 3791 708 3843 τὴν
760 3793 852 3846 τῆς
880 3790 1192 3857 κατηγορίας
1223 3781 1425 3836 δύναιτ’
1457 3783 1515 3835 ἂν
1563 3781 1818 3846 δέξασθαι

213 3876 518 3946 ὀνομασίαν,
576 3883 674 3926 τῶν
730 3870 788 3926 δὲ
840 3876 1221 3946 προειρημένων
1256 3869 1413 3931 δῆλον
1463 3875 1532 3933 ὡς
1579 3872 1638 3924 ού
1693 3877 1811 3941 μία.

211 3971 423 4027 Ταύτης
479 3961 536 4016 δε
584 3972 674 4023 τῆς
726 3969 812 4014 νῦν
871 3958 1256 4033 ἀποδεδομένης
1313 3961 1492 4021 ούσίας
1546 3963 1575 4018 ἡ
1627 3981 1717 4032 μεν
1766 3962 1818 4024 ἐξ

213 4056 340 4116 ὖλης
386 4057 476 4105 καὶ
522 4049 692 4113 εἴδους
747 4055 1081 4121 συνέστηκεν,
1131 4052 1160 4108 ἠ
1209 4048 1268 4103 δὲ
1311 4050 1438 4112 ὕλης
1485 4053 1572 4122 μεν
1618 4056 1706 4102 καὶ
1748 4055 1814 4102 εῖ-

211 4141 343 4205 ὃους
385 4143 746 4218 ἠλλοτρίωται,
801 4140 855 4203 ἐξ
887 4139 1136 4211 ἀναλόγου
1181 4137 1238 4192 δε
1287 4142 1485 4199 τούτοις
1513 4145 1606 4198 τὴν
1657 4143 1814 4211 φύσιν

210 4235 326 4304 ἔχει
359 4232 471 4303 (26)
522 4234 973 4303 συνηρμοσμένην⁸
1019 4234 1107 4280 καὶ
1138 4231 1329 4289 ταύτης
1360 4230 1389 4286 ἡ
1441 4232 1530 4299 μεν
1560 4231 1669 4280 κατ’
1707 4228 1815 4281 ἐπι-

212 4322 368 4379 ϐολὴν
420 4325 510 4372 καὶ
571 4319 760 4394 ἀθρόον
815 4317 1027 4394 ἐνεργεῖ,
1081 4320 1144 4378 ὡς
1193 4317 1416 4388 ἀγγέλων
1475 4320 1648 4388 φύσις,
1707 4316 1816 4370 εἶτα

211 4416 303 4463 καὶ
353 4418 488 4470 νοῦς·
543 4411 572 4467 ἠ
639 4405 696 4461 δε
744 4412 875 4481 μετά
928 4427 1066 4469 τινος
1122 4411 1375 4467 κινήσεως
1423 4409 1515 4468 τὰς
1561 4405 1815 4480 ἐνεργείας

209 4503 326 4573 ἔχει
371 4503 752 4573 προαγομένας,
805 4501 873 4559 ὡς
917 4501 1096 4568 ψυχή·
1152 4497 1218 4546 ὧν
1273 4495 1316 4547 εἰ
1360 4501 1449 4548 καὶ
1495 4492 1744 4568 διάφορος
1780 4499 1809 4553 η

208 4589 438 4663 ἐνέργεια
486 4594 577 4641 καὶ
632 4589 661 4646 ἡ
719 4586 943 4662 ύπαρξις
1000 4585 1108 4637 ἀλλ’
1163 4584 1250 4636 οὖν
1305 4587 1474 4636 κοινὸν
1533 4585 1704 4646 αὐτοῖς
1756 4591 1813 4638 τό
1849 4626 1892 4680 D

211 4677 342 4733 εἶναί
397 4699 451 4732 τε
498 4683 587 4731 καὶ
637 4676 910 4730 καλεῖσθαι
958 4674 1232 4748 ἀσώματα·
1289 4675 1390 4727 ὅσα
1435 4677 1536 4748 γὰρ
1567 4683 1662 4736 τῆς
1688 4675 1814 4738 ύλης

208 4774 302 4821 καὶ
353 4775 447 4821 τοῦ
499 4767 671 4819 ἐνύλου
729 4761 903 4825 εἵδους
971 4763 1388 4837 ἁνακεχώρηκεν,
1446 4763 1518 4824 εἷς
1577 4767 1660 4816 τόν
1723 4773 1813 4816 τοῦ

211 4859 496 4931 ἀσωμάτου
552 4856 698 4928 λόγον
754 4853 1090 4928 μεταϐέϐηκε·
1147 4855 1242 4904 κᾶν
1285 4856 1386 4927 γὰρ
1434 4856 1562 4926 πρὸς
1617 4857 1672 4905 τὸ
1718 4873 1811 4905 κυ-

205 4954 337 5025 ρίως
391 4951 481 5000 καὶ
537 4952 748 5021 πρώτως
805 4949 856 4996 ὅν
915 4943 1193 5015 ἀσώματόν
1245 4961 1300 4994 τε
1365 4947 1453 4994 καὶ
1505 4944 1812 5016 ύπερούσιον

208 5038 458 5110 ἀγαπῶσι
506 5043 672 5087 ταῦτα
705 5036 856 5107 σῶμά
901 5052 961 5105 γε
1004 5037 1094 5084 καὶ
1141 5027 1270 5083 εἶναι
1318 5036 1407 5083 καὶ
1439 5029 1808 5103 ὀνομάζεσθαι,

206 5126 318 5180 ἀλλ’
368 5122 455 5178 οὖν
504 5129 598 5184 τὴν
655 5123 824 5176 ἔνυλον
877 5127 966 5176 καὶ
1019 5125 1322 5194 σωματικὴν
1364 5117 1688 5193 διαφυγόντα
1713 5140 1811 5174 πα-

2005 3347 2057 3396 2.
2100 3341 2317 3396 Praeter
2359 3344 2556 3396 tamen
2595 3339 2754 3395 dicta
2792 3338 3129 3396 substantia
3166 3339 3376 3395 dicitur
3401 3340 3582 3396 etiam

1933 3445 2113 3486 omne
2137 3428 2305 3502 quod
2330 3434 2420 3485 est
2443 3445 2547 3500 per
2572 3445 2634 3483 se
2683 3427 3034 3484 subsistens.
3066 3428 3251 3499 Hujus
3281 3429 3579 3485 rationem

1930 3524 2086 3576 recte
2133 3520 2267 3592 quis
2321 3518 2712 3589 assignaverit
2751 3517 2974 3582 dicens,
3026 3532 3154 3573 rem
3211 3534 3338 3574 esse
3389 3534 3486 3589 per
3522 3535 3582 3574 se

1931 3610 2374 3676 subsistentem,
2428 3623 2551 3664 non
2598 3607 2963 3677 indigentem
3002 3607 3118 3663 alio
3145 3609 3220 3663 ad
3251 3608 3576 3664 subsisten-

1930 3699 2072 3754 tiam
2106 3716 2118 3764 ;
2145 3715 2198 3753 v.
2223 3713 2308 3766 gr.
2338 3697 2540 3762 homo,
2567 3697 2701 3761 bos,
2736 3697 2909 3766 ignis,
2931 3695 3405 3754 terraetsimilia.
3430 3699 3586 3770 Ejus-

1930 3787 2091 3844 modi
2122 3786 2453 3842 substantia
2482 3786 2663 3842 etiam
2695 3787 3008 3856 categorias
3040 3786 3581 3842 denominationem

1927 3877 2225 3948 suscipere
2242 3876 2473 3947 poterit,
2495 3875 2906 3946 prmdictarum
2928 3891 3067 3930 vero
3093 3875 3278 3940 nulla,
3305 3879 3370 3930 ut
3394 3881 3579 3947 patet.

1926 3964 2285 4021 Substautiae
2312 3980 2473 4031 vero,
2503 3963 2578 4018 de
2622 3963 2846 4035 quibus
2876 3979 3035 4019 nunc
3080 3965 3317 4034 agitur,,
3352 3965 3482 4020 alite
3509 3981 3581 4020 ex

1924 4055 2174 4110 materia
2193 4059 2248 4108 et
2286 4053 2480 4108 forma
2493 4054 2840 4118 consistunt,
2863 4053 2996 4108 aliae
3022 4068 3161 4108 vero
3193 4069 3229 4108 a
3246 4055 3493 4110 materia
3518 4061 3576 4109 et

1923 4143 2119 4200 forma
2146 4143 2323 4213 longe
2354 4142 2594 4207 absunt,
2627 4157 2697 4198 ex
2745 4148 2960 4198 natura
2991 4148 3190 4198 tamen
3215 4142 3310 4198 his
3336 4159 3580 4215 respon-

1923 4233 2098 4288 dente
2143 4231 2512 4287 concinnata:
2555 4235 2714 4286 sunt.
2742 4233 2935 4304 Atque
2963 4248 3027 4286 ex
3051 4231 3144 4287 his
3184 4231 3302 4288 alia
3326 4231 3571 4304 quidem

1924 4323 1984 4377 in
2016 4322 2258 4379 instanti
2299 4327 2356 4377 et
2392 4337 2511 4377 uno
2550 4321 2778 4393 impetu
2809 4327 3108 4393 operatur,
3143 4329 3206 4379 ut
3227 4322 3580 4392 angelorum

1920 4416 2156 4476 natura,
2185 4410 2401 4466 deinde
2425 4425 2595 4466 mens
2624 4426 2638 4475 ;
2659 4410 2773 4466 alia
2792 4426 2930 4466 vero
2953 4427 3092 4466 cum
3115 4412 3378 4482 quodam
3411 4416 3581 4467 motu

1922 4499 2105 4556 habet
2141 4500 2519 4572 operationes
2560 4514 2700 4554 suas
2742 4501 3202 4570 progredientes,
3248 4506 3309 4556 ut
3346 4500 3575 4557 anima.

1923 4591 2186 4654 Quarum
2241 4587 2373 4644 licet
2423 4588 2659 4643 diversa
2717 4588 2789 4643 sit
2841 4589 3108 4660 operatio
3148 4593 3203 4645 et
3250 4589 3576 4651 existentia.

1923 4683 2185 4735 attamen
2225 4692 2543 4733 commune
2582 4675 2730 4748 ipsis
2770 4681 2860 4732 est
2896 4692 3027 4732 esse
3066 4682 3122 4733 et
3158 4677 3276 4733 dici
3307 4678 3579 4750 incorpo-

1922 4783 2044 4824 rea.
2078 4768 2453 4838 Quaecunque
2493 4765 2652 4821 enim
2691 4770 2892 4822 carent
2930 4766 3179 4822 materia
3202 4771 3258 4822 et
3283 4768 3578 4823 materiali

1922 4855 2136 4921 forma,
2171 4870 2242 4910 ea
2267 4854 2345 4910 ad
2379 4856 2864 4926 incorporearum
2895 4853 3185 4911 rationem
3222 4860 3527 4912 transeunt
3555 4872 3568 4920 ;

1920 4944 2054 5000 licet
2091 4945 2251 5000 enim
2275 4960 2411 5000 cum
2443 4959 2513 5000 eo
2535 4943 2700 5015 quod
2728 4943 2966 5015 proprie
2995 4951 3051 5000 et
3071 4945 3356 5016 primario
3381 4949 3468 5000 est
3493 4947 3579 5000 in-

1922 5048 2276 5104 corporeum
2331 5037 2388 5088 et
2426 5032 3009 5103 supersubstantiale
3055 5039 3404 5106 comparata
3442 5033 3577 5090 haec

1921 5138 2163 5195 quoque
2201 5138 2420 5193 corpus
2461 5122 2684 5177 censeri
2727 5138 2796 5178 ac
2835 5121 2949 5176 dici
2987 5121 3266 5189 debeant,
3307 5128 3574 5181 attamen

1785 5301 2009 5358 NOTAE.

305 5486 400 5558 24)
433 5487 525 5544 Sic
549 5482 675 5540 Vat.
708 5481 1083 5558 Apogr.Ven.
1101 5480 1522 5558 αύθυπόστατον.

305 5490 400 5558 24)
433 5490 525 5544 Sic
549 5490 675 5540 Vat.
708 5490 927 5555 Apogr.
946 5490 1083 5537 Ven.
1101 5490 1522 5534 αύθυπόστατον.

283 5490 397 5632 ξω)
433 5562 560 5632 [Ιρός
584 5559 746 5612 deest
775 5555 835 5610 iu
866 5555 1069 5609 Venet.
1103 5553 1480 5626 apographo,
1507 5550 1614 5607 sed
1637 5556 1723 5607 est
1748 5548 1809 5606 in

499 5682 743 5740 Parnon.
783 5679 890 5737 Gn.
933 5678 1020 5734 CI.

1920 5477 2054 5536 cod.
2080 5480 2204 5533 Vat.

1993 5551 2104 5622 (26)
2139 5550 2231 5606 Sic
2259 5552 2414 5606 recte
2435 5551 2557 5606 Vat.
2585 5549 2751 5607 Catif.
2774 5553 2882 5624 Ap.
2911 5553 3072 5624 ἔχειν.

3224 5676 3294 5734 25
