3926 6190
111 49 305 120 ’Ἦ

96 295 178 351 773
1007 291 1104 350 AD
1146 293 1683 353 AMPHILOCHIUM
1725 295 2054 365 QUAESTIO
2095 295 2434 353 CXXXVIII.

3267 298 3371 357 774

95 421 243 471 οὐσίαν
279 420 552 494 προτίθησιν
609 420 658 472 ἐν
727 422 1085 492 κατηγορίαις,
1144 421 1302 479 οὕτως
1385 425 1543 492 φησίν
1595 437 1607 450 ⁸

1799 420 2122 477 bstantiam
2153 421 2437 493 praeponit
2465 419 2526 476 in
2558 420 2876 492 categoriis
2901 421 3120 492 (solam
3167 423 3377 482 deﬁnit

95 509 234 560 Οὒσία
278 507 398 560 ἐστὶν
444 511 470 566 η
541 516 832 583 κυριώτατα
892 514 981 560 καὶ
1047 515 1262 584 πρώτως
1308 514 1397 560 καὶ
1465 509 1615 580 μαλι-

97 617 175 649 στα
237 597 469 668 λεγομένη,
540 599 567 655 ἦ
635 604 766 670 μήτε

93 687 269 756 λέγεται,
310 692 425 753 μήτε
508 685 552 738 ἐν

870 598 986 650 καθ’
1076 599 1410 670 ὑποκειμένου
1482 603 1615 659 τινὸς

650 689 965 759 ὑποκειμένῳ
1041 691 1142 738 τινί
1242 685 1378 738 ἐστιν

1477 687 1610 756 (29).

95 776 175 826 οἷον
201 777 456 847 Σωκράτης,
497 775 703 828 Πλάτων
750 782 839 828 καὶ
891 779 956 828 τὰ
987 777 1145 846 ὅμοια
1200 793 1214 806 ·
1273 781 1368 834 τὴν
1401 771 1460 827 δε
1489 778 1614 828 καθα

94 863 182 914 clay
210 863 385 928 ούσίαν,
432 863 488 921 ἣν
531 870 616 917 καὶ
698 862 938 939 δευτέραν
999 864 1183 916 οὗσίαν
1231 864 1397 927 καλεῖ,
1455 864 1614 924 οὕτως

96 948 338 1003 ἀποδίδωσι
405 952 505 1023 (30)
535 971 546 983 ⁸

95 1036 242 1092 εἴδεσιν
307 1043 356 1091 αὶ
416 1047 621 1116 πρώτως
673 1042 944 1115 λεγόμεναι
1019 1043 1196 1094 ούσίαι
1264 1043 1402 1113 (31),
1456 1061 1614 1095 τουτ-

623 956 862 1026 Δεύτεραι
937 953 1115 1006 οὐσίαι
1191 953 1343 1017 εἰσίν,
1421 952 1468 1004 ἐν
1543 955 1616 1014 οἷς

94 1134 196 1180 ἐστιν
235 1133 280 1180 αὶ
323 1131 496 1202 οἰτομοι
542 1132 736 1202 ούσίαι,
794 1134 1132 1206 ὑπάρχουσιν
1199 1151 1210 1162 ·
1271 1131 1376 1183 οἷον
1435 1133 1461 1182 ὁ
1492 1132 1616 1182 καθ-

95 1217 181 1268 όλου
196 1220 429 1290 ἄνθρωπος
458 1225 543 1272 καὶ
593 1224 650 1272 τό
685 1221 908 1274 καθόλου
943 1222 1074 1282 ζῶον
1137 1240 1150 1252 ο
1185 1219 1232 1271 ἐν
1263 1222 1364 1294 γὰρ
1415 1222 1618 1280 τούτοις

96 1305 175 1356 ἐστὶ
208 1307 571 1380 περιειλημμένα
623 1312 690 1361 τα
740 1311 1040 1362 καθέκαστα
1123 1309 1261 1380 (32),
1326 1310 1431 1360 οἷον
1483 1307 1615 1360 ηλά.

100 1413 165 1444 των
211 1401 284 1446 καὶ
341 1395 690 1463 Ἀλκιϐιάδης,
743 1398 776 1450 ἃ
848 1399 990 1452 καλεί
1048 1398 1199 1458 αύτός
1409 1403 1618 1469 πρώτας

94 1484 243 1550 οὐσίας,
286 1482 368 1537 διά
428 1507 479 1539 τε
529 1491 586 1539 τό
639 1490 750 1557 (34)
801 1490 925 1560 ἡμῖν
974 1491 1329 1562 γνωριμότερα
1359 1485 1486 1538 εἶναι
1526 1490 1617 1536 καὶ

96 1577 321 1646 σαφέστερα
365 1575 489 1646 (35),
531 1582 623 1628 καὶ
679 1573 773 1628 διὰ
816 1581 872 1628 τό
946 1580 1114 1629 πάντα
1190 1579 1247 1628 τὸ
1300 1575 1430 1627 ἄλλα
1486 1577 1622 1626 κατὰ

93 1665 238 1712 τούτων
273 1667 662 1739 κατηγορεῖσθαι
717 1671 807 1717 καὶ
867 1667 982 1735 (36)
1031 1668 1182 1717 οἱονεί
1238 1685 1348 1725 πως
1406 1660 1621 1739 ἑδράςε-

1724 511 1784 566 in
1806 510 2162 580 categorils),
2181 510 2260 567 ita
2280 510 2423 566 dicit
2448 527 2460 564 :
2491 510 2837 568 Substantia
2860 527 2990 582 quas
3021 513 3375 584 principalis

1723 600 1866 655 sime
1889 605 1939 654 et
1965 600 2256 668 primario
2269 614 2334 656 ac
2358 599 2614 656 maxime
2635 603 2719 656 sic
2743 605 3010 669 vocatur,
3029 616 3097 657 ea
3127 607 3228 668 est,
3255 616 3380 673 quas

1726 705 1911 760 neque
1928 689 2268 758 desubjecto
2290 689 2563 761 quapiam
2577 689 2801 746 dicitur
2816 704 3003 760 neque
3022 690 3084 745 in
3106 690 3382 761 quapiam

1723 779 1975 848 subjecto
2001 785 2105 841 est,
2125 777 2303 834 veluti
2329 780 2621 844 Socrates,
2657 779 2826 835 Plato
2853 783 2906 834 et
2951 778 3173 836 similia
3200 796 3214 846 ;
3246 779 3376 836 uni-

1726 867 2019 922 vcrsalem
2050 873 2247 923 autem
2281 867 2705 933 substantiam,
2749 883 2939 940 quam
2968 873 3025 924 et
3056 868 3383 925 secundam

1726 955 2128 1012 substantiam
2140 955 2420 1028 appellat,
2453 957 2537 1012 sic
2555 956 2789 1015 deﬁnit:
2810 957 3094 1014 Secunda
3109 957 3381 1014 substan-

1727 1045 1826 1102 tia:
1843 1045 2064 1108 sunt,in
2083 1046 2294 1116 quibus
2305 1045 2600 1114 speciebus
2624 1061 2752 1117 qua?
2774 1046 3065 1117 primario
3087 1047 3384 1103 dicuntur

1724 1132 2082 1196 substantia,
2098 1133 2207 1190 hoc
2219 1138 2301 1190 est
2323 1134 2654 1190 individua:
2664 1135 3023 1202 substantias,
3037 1136 3382 1201 subsistunt,

1727 1222 1908 1278 veluti
1977 1222 2160 1278 homo
2217 1223 2572 1279 universalis
2629 1229 2686 1280 ct
2733 1224 2960 1280 animal
3021 1224 3379 1288 universale,

1728 1312 1792 1367 In
1824 1313 1914 1368 bis
1945 1313 2106 1368 enim
2135 1312 2576 1385 comprehensa
2593 1317 2730 1370 sunt
2761 1313 3111 1384 singularia,
3135 1329 3228 1370 ex.
3251 1329 3390 1383 gra-

1731 1404 1826 1468 tia,
1863 1404 2133 1459 Socrates
2155 1407 2207 1458 et
2232 1403 2592 1471 Alcibiades,
2619 1419 2754 1476 quin
2786 1409 2953 1460 vocat
2990 1406 3112 1476 ipse
3165 1404 3388 1476 primas

1729 1492 2114 1562 substantias,
2152 1497 2279 1546 tum
2325 1491 2468 1564 quia
2506 1491 2681 1548 nobis
2735 1491 2972 1548 notiora
3024 1499 3081 1548 et
3137 1492 3394 1548 clariora

1731 1588 1886 1646 sunt,
1920 1584 2046 1635 tum
2073 1580 2217 1652 quia
2263 1579 2470 1636 omnia
2499 1581 2616 1636 alia
2659 1579 2734 1636 de
2774 1581 2866 1636 his
2899 1581 3300 1652 praedicantur
3337 1585 3396 1637 et

1730 1669 1908 1740 quasi
1937 1673 2099 1724 recto
2127 1668 2582 1741 quodammodo
2628 1669 2690 1724 in
2744 1668 2815 1724 iis
2871 1669 3223 1726 fundantur.
3265 1669 3395 1726 Alia

96 1752 185 1801 σθαι
229 1769 240 1780 ·
273 1755 319 1804 αἱ
365 1757 449 1825 μεν
489 1758 591 1830 γὰρ
653 1755 821 1806 αύτῶν
877 1757 1189 1827 συνωνύμως
1237 1754 1350 1824 (37)
1395 1773 1623 1824 κατηγο-

1798 1756 1893 1812 lim
1924 1771 1996 1812 ex
2028 1756 2172 1828 ipsis
2205 1756 2453 1814 univoce
2483 1757 2900 1830 praedicantur,
2929 1757 3088 1814 velut
3113 1758 3398 1814 substan-

92 1848 263 1910 ροῡνται,
315 1844 380 1904 ὡς
433 1845 485 1894 αἱ
531 1843 757 1896 καθόλου
805 1843 1010 1906 ούσίαι,
1085 1847 1148 1895 τὰ
1199 1839 1258 1896 δὲ
1315 1845 1618 1914 ὁμωνύμως,

95 1931 210 1985 am
235 1930 580 2001 συμϐεϐηκότα
628 1953 641 1965 ·
675 1936 809 1986 ὥστε
856 1934 999 2006 εἰμὴ
1057 1930 1117 1990 ἦν
1146 1935 1174 1991 ἡ
1210 1937 1396 2006 μερικὴ
1440 1931 1618 1997 ούσία,

94 2021 301 2089 τρόπονγέ
323 2039 446 2087 τινα,
499 2025 614 2074 οὔτε
664 2024 693 2080 ἡ
755 2022 976 2074 καθόλου
1025 2021 1183 2074 ούσία
1229 2025 1345 2073 οὔτε
1398 2024 1462 2073 τὰ
1493 2041 1625 2092 συμ-

93 2103 289 2162 ϐεϐηκότα
322 2111 564 2180 ὑφίστατο
617 2113 678 2163 οἶν
741 2131 753 2142 ο
789 2108 862 2163 δι’
894 2110 927 2162 ἆ
981 2112 1094 2182 (38)
1125 2116 1311 2183 πρέποι
1337 2109 1418 2173 ἂν,
1469 2115 1620 2182 φησὶ,

95 2201 248 2263 πρώτας
281 2199 450 2260 ούσίας
499 2200 775 2252 καλεῖσθαι
819 2204 882 2251 τα
934 2203 1141 2274 μερικοί.
1205 2203 1284 2257 Μὴ
1336 2199 1624 2251 λανθανέτω

94 2278 259 2354 tam;
280 2289 390 2361 ὅπερ
445 2286 644 2360 σχεδόν
682 2309 733 2340 τι
785 2279 900 2349 τόὺς
953 2289 1224 2349 πλείστους
1276 2286 1626 2354 διελαθεννὼς

93 2374 138 2420 τὰ
165 2375 304 2445 ατομα
343 2385 539 2450 πρῶται
601 2378 779 2430 ούσίαι
831 2378 1100 2450 λεγόμεναι
1147 2382 1236 2429 καὶ
1289 2381 1353 2429 τα
1401 2376 1624 2430 καθόλου

92 2456 272 2535 δεᾶτεραι
299 2466 464 2518 ούσίαι
505 2467 778 2539 λεγόμεναι
828 2467 955 2538 ούχὶ
1008 2469 1315 2539 συνωνύμως
1367 2470 1481 2519 οὔτε
1500 2470 1625 2540 πρὸς

92 2548 229 2612 ἑαυτὰς
254 2557 356 2606 οὔτε
381 2559 504 2628 πρός
555 2561 650 2615 τήν
700 2557 902 2622 ούσίαν,
964 2557 1023 2616 ἧς
1077 2559 1103 2608 ὃ
1158 2576 1211 2608 τε
1265 2557 1412 2628 λόγος
1463 2562 1552 2608 καὶ
1593 2557 1621 2612 ἠ

100 2633 114 2652 ¹Ι
164 2645 172 2656 ο
355 2641 364 2654 ν
1476 2643 1487 2654 δ

91 2655 295 2710 σιαιρισις
343 2641 685 2710 αποδίδοται,
742 2650 804 2696 τό
882 2653 974 2708 τῆς
1023 2645 1206 2707 ούσίας
1260 2650 1419 2717 ὄνομα
1466 2664 1624 2702 απηνι

92 2729 250 2793 ἐγιαντο
286 2741 386 2803 ’τῷ
415 2739 589 2805 μέντοι
641 2742 794 2804 κοινῷ
852 2734 988 2806 λόγῳ
1048 2744 1138 2795 τῆς
1188 2742 1393 2806 γενικῆς
1449 2734 1628 2793 ούσίας

90 2816 222 2870 οὐσίαι
265 2821 563 2895 καλούμεναι
647 2824 854 2886 ἑαυταῖς
913 2843 966 2875 τε
1041 2823 1249 2896 κάκείνη
1322 2827 1630 2894 συνωνύμως

92 2905 347 2974 amcam
378 2929 388 2940 ·
421 2915 500 2964 ὅτι
531 2910 593 2965 δὲ
618 2909 854 2985 δεύτεραι
880 2913 1060 2966 οὐσίαι
1103 2918 1190 2965 καὶ
1220 2922 1422 2987 πρῶται
1453 2913 1631 2964 ούσίαι

92 3001 211 3046 ταῦτα
235 2997 461 3071 λεγομενα
486 3002 620 3072 οὐχὶ
669 3005 980 3074 συνωνύμως
1029 3000 1144 3054 ούτε
1171 3001 1377 3063 ἑαυταῖς
1424 3005 1536 3054 οὔτε
1565 3009 1626 3074 τῇ

90 3093 213 3155 γεδιζῇ
239 3088 380 3160 οὐσίᾳ
404 3090 661 3160 λέγονται,
718 3091 880 3143 πολλα
909 3091 1068 3162 λέγειν
1119 3093 1276 3161 ἔχων,
1321 3090 1476 3142 ἐκεῖνο
1509 3098 1631 3152 τέως
1667 3132 1706 3184 (ς

101 3165 115 3183 Ι
142 3175 148 3184 1
204 3177 212 3184 .
309 3177 322 3184 ι
414 3181 421 3184 .
678 3180 687 3184 -
898 3183 907 3184 κ
1042 3180 1053 3184 -
1164 3178 1182 3184 _
1500 3182 1506 3184 _
1687 3166 1706 3184 Α

1687 3166 1708 3187 Δ

831 3197 844 3209 θ
883 3183 948 3240 ὡς
993 3180 1119 3232 αύτὸ
1153 3178 1220 3238 δὴ
1253 3187 1406 3231 τοῦτο
1459 3182 1516 3231 τό
1557 3183 1628 3250 μὴ

92 3259 214 3322 ἁπλῶς
239 3265 382 3328 αὑτὰς
427 3269 706 3320 καλεῖσθαι
747 3269 946 3336 ούσίας,
979 3269 1109 3321 ἀλλὰ
1157 3277 1288 3340 μετά
1331 3270 1632 3340 προσθήκης

90 3365 155 3403 τεν
178 3355 250 3421 μὲν
301 3361 519 3428 πρωτην,
582 3361 678 3415 τὴν
724 3354 782 3410 δε
835 3355 1102 3431 δευτέραν,
1154 3363 1325 3430 σαφὴς
1369 3355 1633 3420 ἀπόδειξίς

91 3434 207 3508 ista,
261 3446 333 3495 ὅτι
362 3451 430 3517 μὴ
480 3450 621 3516 κατὰ
663 3451 755 3505 τήν
800 3447 961 3505 αὐτὴν
1011 3451 1202 3499 ἔννοιαν
1251 3448 1464 3520 ἑκατέρα
1517 3450 1632 3498 τού-

90 3544 158 3576 τνν
190 3531 409 3590 κέκληται
458 3535 640 3601 ούσία,
678 3541 769 3588 καὶ
819 3536 987 3607 πολλῷ
1035 3536 1182 3588 πλέον
1237 3541 1289 3588 τί
1317 3538 1431 3588 καθ’
1460 3536 1631 3607 ἑτέραν

91 3618 200 3670 πκλιν
218 3623 477 3694 ἡγεμονικὴ
491 3667 504 3678 .

93 3165 158 3221 διὰ
175 3177 218 3224 τό
259 3177 620 3251 φιλοσύντομον
669 3180 768 3253 ἐρῶ

143 3883 190 3939 δ’.
213 3888 262 3940 Εἰ
287 3884 340 3942 δι
369 3890 539 3954 καλῶς
591 3891 618 3942 ὁ
669 3891 1028 3963 Ἀριστοτέλης
1058 3895 1088 3950 ἡ
1123 3898 1192 3965 μὴ
1239 3897 1334 3951 τὴν
1365 3896 1454 3965 μὲν
1493 3898 1632 3967 πρώ-

90 3989 157 4028 την
195 3977 376 4046 οὐσίαν,
431 3985 526 4038 τὴν
583 3976 646 4032 δι
715 3976 958 4053 δευτέραν
1014 3980 1269 4046 ἐκάλεσεν,
1336 3981 1383 4032 ἓν
1463 3980 1635 4042 ἄλλοις

91 4063 180 4129 ἡμῖν
201 4067 250 4116 ού
303 4074 568 4143 παρέργως
623 4072 848 4142 εῖρηται.
902 4069 1092 4122 Ἐκεῖνο
1153 4067 1212 4123 δὲ
1277 4068 1470 4124 εἰδέναι
1497 4075 1632 4142 χρὴ,

90 4147 288 4228 ὁμικροῦ
315 4155 646 4233 παρέδραμεν
699 4160 855 4230 ἡμᾶς,
891 4161 961 4220 ὡς
1017 4162 1156 4212 ἔστιν
1188 4160 1354 4231 ἔτερόν
1399 4179 1450 4212 τι
1493 4162 1636 4233 παρὰ

89 4243 135 4289 Ti
181 4250 594 4321 κατηριθμημένα
671 4252 1024 4320 σημαινόμενα
1102 4249 1289 4310 ούσίας
1353 4254 1634 4324 πρόχειρον

93 4325 125 4375 ἓν
229 4342 414 4407 χρήσει
445 4352 461 4370 ⁶
507 4344 663 4390 τοῦτο
698 4333 758 4389 δέ
813 4335 921 4389 ἔστι
951 4340 1009 4389 τὸ
1065 4342 1488 4412 προσεχέστατον
1528 4346 1636 4399 τοῖς

92 4416 255 4490 ἀτόμοις
299 4423 434 4488 εἶδος
495 4443 509 4458 ο
560 4427 692 4478 καθὸ
744 4431 834 4478 καὶ
872 4423 1021 4479 τόνδε
1071 4430 1158 4479 τόν
1220 4429 1488 4501 ἄνθρωπον
1545 4433 1634 4480 καὶ

91 4505 204 4560 τόνδε
250 4517 330 4565 τόν
386 4525 542 4568 ῖππον
609 4517 919 4588 ὁμοουσίους
984 4521 1134 4579 ὄντας
1195 4525 1268 4587 τῷ
1327 4526 1480 4588 κοινῴ
1546 4527 1636 4578 τῆς

89 4595 234 4660 θῦσίας
273 4600 402 4676 λόγῳ
449 4605 591 4677 ὅμως
633 4603 704 4666 εἰς
753 4603 911 4657 ἐκεῖνο
953 4603 1290 4677 ἀναφέροντες
1340 4609 1398 4658 τό
1448 4625 1639 4678 σημαι-

89 4689 250 4755 νόμενον
287 4691 606 4766 ἕτερουσίους
636 4696 785 4766 ἴσμεν
843 4713 897 4746 τε
937 4699 1026 4746 καὶ
1071 4694 1389 4768 ὀνομάζομεν
1438 4713 1450 4724 ·
1484 4703 1636 4748 τοῦτο

92 4768 263 4832 iicrth
289 4788 374 4836 καὶ
404 4785 561 4856 φύσιν
619 4784 892 4856 εἰθίσμεθα
939 4783 1122 4855 λέγειν,
1169 4787 1285 4838 καθ’
1345 4784 1406 4843 ἢν
1451 4787 1642 4837 ἔννοιαν

1733 1845 1828 1902 tite
1842 1846 2226 1912 universales,
2246 1845 2361 1903 alia
2382 1847 2712 1919 aequivoce,
2742 1851 2805 1903 ut
2831 1847 3160 1904 accidentia
3191 1848 3304 1914 ;ita
3337 1851 3399 1903 ut

1733 1935 1930 1990 sinon
1961 1939 2116 1990 esset
2142 1935 2476 1992 substantia
2506 1935 2898 2007 particularis,
2941 1936 3396 2008 quodammodo

1733 2039 1927 2096 neque
1981 2023 2335 2080 universalis
2393 2023 2732 2081 substantia
2792 2040 2983 2097 neque
3063 2024 3399 2082 accidentia

1734 2113 2162 2177 subsisterent;
2223 2117 2539 2184 propterea
2593 2128 2922 2183 congruere
2979 2113 3228 2179 videtur,
3315 2113 3398 2169 ait

1735 2201 2117 2272 (Aristoteles)
2151 2206 2214 2256 ut
2242 2201 2627 2273 particularia
2669 2203 2880 2273 primm
2907 2201 3264 2258 substantias
3294 2217 3398 2274 ap-

1736 2291 2052 2363 pellentur.
2095 2293 2222 2346 Non
2275 2306 2416 2346 vero
2473 2306 2581 2345 vos
2617 2295 2947 2363 praetereat,
3005 2291 3170 2362 quod
3212 2289 3397 2347 ferme

1737 2379 2015 2452 plurimos
2033 2378 2542 2450 effugit,videlicet
2556 2380 2869 2436 individua
2886 2379 3113 2452 primas
3127 2378 3399 2436 substan-

1736 2469 1844 2524 tias
1875 2473 2118 2524 vocatas
2148 2473 2203 2524 et
2236 2467 2609 2534 universalia,
2652 2483 2782 2539 quas
2815 2467 3090 2524 secundm
3121 2467 3399 2524 substan-

1737 2559 1832 2614 tiae
1852 2558 2153 2628 dicuntur,
2185 2574 2306 2614 non
2342 2559 2595 2614 univoce
2621 2573 2817 2630 neque
2847 2558 2925 2614 ad
2973 2558 3167 2631 seipsa
3207 2573 3401 2629 neque

1737 2647 1814 2704 ad
1847 2647 2262 2713 substantiam,
2293 2647 2465 2719 cujus
2498 2647 2682 2704 modo
2709 2647 2980 2704 deﬁnitio
2997 2653 3053 2704 et
3081 2647 3297 2703 divisio
3319 2646 3401 2702 al-

1738 2736 1862 2792 lata
1891 2736 2019 2802 fuit,
2055 2737 2390 2792 substantiae
2419 2751 2632 2792 nomen
2663 2737 2870 2793 sortita
2911 2751 3060 2803 esse,
3093 2736 3400 2792 communi

1743 2841 1879 2880 vero
1893 2827 2113 2882 ratione
2126 2825 2408 2896 generiem
2423 2825 2770 2881 substantia:
2782 2824 3120 2897 appellatas
3134 2824 3402 2880 substan-

1742 2914 1852 2970 tias
1887 2919 2010 2970 tum
2043 2913 2286 2970 sibimet
2330 2914 2477 2985 ipsis
2509 2919 2625 2968 tum
2665 2913 2748 2968 illi
2782 2915 3034 2969 univoce
3061 2911 3352 2983 appellari
3382 2929 3396 2977 ;

1741 3003 1903 3076 quod
1925 3018 2064 3058 vero
2097 3003 2223 3058 haec
2247 3003 2506 3059 secunda:
2525 3009 2584 3058 et
2612 3003 2809 3072 prima?
2860 3001 3204 3057 substantia:
3237 3001 3396 3056 dictu

1742 3108 1858 3148 non
1893 3091 2142 3147 univoce
2163 3107 2351 3162 neque
2383 3107 2514 3146 cum
2547 3090 2766 3162 seipsis
2795 3105 2988 3162 neque
3036 3106 3175 3144 cum
3219 3103 3396 3158 gene-

1742 3181 1865 3236 rica
1892 3180 2225 3236 substantia
2254 3179 2554 3246 dicuntur,
2585 3179 2720 3235 licet
2747 3178 2936 3234 multa
2956 3177 3237 3242 habeam,
3265 3192 3400 3248 quas

1743 3270 1961 3339 dicam,
1990 3269 2132 3324 illud
2158 3273 2361 3324 tamen
2393 3269 2699 3324 brevitatis
2725 3283 2910 3324 causa
2935 3270 3228 3322 duntaxat
3265 3281 3400 3338 pro-

1742 3373 1970 3431 ponam
2002 3375 2014 3413 :
2051 3357 2161 3414 hoc
2191 3357 2588 3430 ipsum,quod
2608 3373 2728 3413 non
2759 3355 3103 3428 simpliciter
3123 3355 3403 3411 dicuntur

1743 3447 2115 3512 substantiae,
2138 3448 2244 3502 sed
2270 3463 2410 3502 cum
2433 3446 2757 3511 additione,
2772 3445 2900 3501 haec
2915 3445 3163 3518 quidem
3178 3445 3396 3518 prima,

1741 3536 1844 3592 illa
1873 3537 2158 3604 secunda,
2197 3537 2582 3608 perspicuam
2631 3551 2760 3592 esse
2801 3535 3398 3599 demonstrationem,

1743 3626 1958 3681 harum
1979 3631 2290 3698 utramque
2309 3640 2432 3681 non
2447 3625 2778 3681 secundum
2800 3624 3061 3681 eamdem
3104 3624 3401 3681 notionem

1749 3716 2123 3771 nominatam
2157 3729 2284 3770 esse
2318 3714 2737 3780 substantiam,
2771 3718 2827 3770 et
2851 3714 3039 3770 multo
3081 3714 3278 3784 magis
3313 3727 3400 3768 se-

1744 3805 2010 3860 cundum
2042 3804 2224 3860 aliam
2266 3819 2504 3859 rursum
2537 3804 2840 3860 notionem
2874 3802 3290 3874 principalem.

1815 3895 1866 3950 4.
1929 3893 2134 3949 Utrum
2187 3908 2330 3948 vero
2359 3899 2517 3948 recte
2562 3891 2898 3948 Aristoteles
2925 3893 3081 3948 hanc
3113 3893 3393 3964 primam,

1744 3983 1908 4038 illam
1933 3981 2259 4038 secundam
2291 3981 2693 4037 substantiam
2723 3980 3126 4037 nominaverit
3157 3997 3264 4036 nec
3302 3997 3396 4046 ne,

1747 4071 1880 4127 alibi
1907 4073 2036 4141 jam
2090 4071 2254 4125 haud
2306 4069 2494 4125 obiter
2539 4069 2823 4124 diximus.
2857 4068 3006 4123 lllud
3055 4083 3195 4124 vero
3252 4069 3402 4123 scire

1745 4159 2164 4232 oportet,quod
2197 4157 2316 4213 fere
2347 4159 2872 4228 praetermisissem,
2906 4156 3077 4212 aliam
3109 4172 3239 4211 esse
3255 4173 3402 4227 pra:-

1748 4257 1832 4304 ter
1859 4252 2240 4304 enumeratas
2275 4247 2626 4302 substantia:
2664 4245 3132 4316 signiﬁcationes
3175 4261 3287 4299 usu
3318 4261 3404 4300 re-

1747 4342 2002 4409 ceptam;
2029 4336 2296 4391 videlicet
2321 4350 2411 4401 ea,
2431 4350 2568 4406 quae
2588 4334 2884 4404 signiﬁcat
2907 4332 3170 4406 speciem
3191 4331 3404 4388 indivi-

1745 4427 1880 4482 duis
1909 4425 2261 4498 proximam,
2282 4424 2613 4480 secundum
2640 4438 2822 4495 quam
2843 4429 2898 4478 et
2920 4424 3076 4478 hunc
3096 4421 3403 4477 hominem

1747 4520 1804 4571 et
1830 4514 1991 4570 hunc
2018 4529 2265 4586 equum,
2299 4513 2402 4584 qui
2427 4511 2699 4583 ejusdem
2722 4510 3214 4566 suntsubslantiae
3237 4511 3410 4582 juxta

1749 4619 2137 4661 communem
2155 4600 2506 4658 substantiae
2537 4601 2854 4664 rationem,
2887 4605 3105 4668 tamen,
3138 4599 3278 4656 dum
3307 4617 3409 4656 eos

1751 4695 1812 4750 in
1841 4695 2000 4751 hunc
2029 4689 3041 4763 signiﬁcatumreferimus,jdiversze
3061 4688 3411 4745 substantiis

1756 4800 1889 4840 esse
1920 4783 2201 4840 novimus
2229 4787 2284 4838 et
2315 4782 2397 4838 ita
2427 4778 2826 4852 appellamus.
2859 4780 3020 4834 Hanc
3063 4778 3260 4850 ipsam
3289 4793 3414 4850 spe-

1603 4909 1831 4967 NOTAE.

146 5019 239 5099 (ἓν)
267 5025 500 5099 ᾼτὶειοι.
545 5027 750 5096 Categ.
785 5042 838 5082 c.
873 5031 924 5094 5,
957 5026 985 5099 ἓ
1023 5028 1078 5082 1.

267 5097 407 5173 lion.
437 5093 727 5173 Ὀρίζεταὶ.

265 5167 408 5244 blon.
538 5177 738 5244 πρῶται
767 5169 970 5244 ούσίαι,
1012 5169 1188 5244 Arist.
1232 5175 1293 5226 ut
1332 5186 1534 5244 supra.

148 5239 242 5304 (32)
269 5241 414 5295 Mon.
441 5239 583 5294 Εἰσί
600 5244 663 5293 τὰ
686 5243 986 5295 καθίκαστα
1015 5259 1026 5270 ·
1053 5244 1116 5295 τοί
1141 5242 1308 5298 deest
1352 5239 1424 5298 in'
1447 5243 1572 5297 Vat.

150 5305 243 5376 (33)
268 5310 424 5372 Αὐτός
449 5312 619 5367 deest
640 5312 700 5368 in
741 5313 900 5369 Mon.

149 5377 242 5448 (3t)
271 5382 417 5438 Mon.
444 5379 543 5435 διὰ
569 5393 649 5439 το.

151 5451 243 5516 (35)
269 5458 442 5506 Ταῦτα
460 5453 609 5512 add.
645 5457 796 5512 Mon.

268 5529 361 5600 Καὶ
389 5557 457 5568 —
489 5521 672 5600 ἕδρας.
701 5527 869 5583 deest
889 5527 950 5584 in
977 5527 1145 5586 Mon.

152 5593 250 5670 (37)
277 5597 448 5650 Αὐτῶν
478 5593 616 5656 add.
648 5601 801 5656 non.

1837 5024 1953 5096 (38)
2006 5033 2164 5079 Mon.
2211 5027 2350 5096 post
2378 5020 2748 5096 συμϐεϐηκότα
2778 5019 3031 5096 omissis
3091 5019 3365 5096 pluribus
3401 5037 3413 5075 :

1760 5091 1870 5164 Καὶ
1919 5091 2012 5150 δια
2059 5091 2456 5168 τοῦτο’πρέποί
2496 5096 2561 5146 τὰ
2612 5091 3046 5168 μερικὰμπρώτας
3095 5091 3277 5168 οὐσίας
3328 5111 3420 5168 κα-

1759 5161 1986 5222 λείσθαι.
2015 5161 2364 5223 Immediate
2397 5174 2530 5236 post
2557 5161 2684 5219 llaec
2715 5161 2926 5233 legitur
2959 5179 2971 5217 :
3001 5163 3154 5235 Ἔχει
3185 5161 3244 5216 δὲ
3280 5165 3306 5221 ἡ
3332 5163 3423 5214 ού-

1766 5244 1857 5292 σὶα
1935 5236 2049 5298 εἰδη
2117 5244 2235 5313 τρία
2275 5254 2290 5292 :
2333 5240 2610 5309 ἀσώματον
2693 5241 2782 5287 καὶ
2851 5243 3004 5307 σῶμα
3062 5241 3151 5288 καὶ
3219 5239 3422 5307 μικτόν-

1764 5311 1961 5382 ἀνάγκη
2033 5307 2154 5383 γὰρ’
2204 5313 2232 5366 ἣ
2299 5307 2457 5380 σῶμα
2529 5315 2658 5359 εἶναι
2710 5310 2738 5364 ἣ
2815 5307 3092 5379 ἀσώματον
3163 5311 3420 5379 ἧμικτόν.

1767 5378 1909 5448 Quae
1934 5378 2286 5452 habetAVat.
2319 5378 2592 5452 Amphil._
2615 5378 2803 5433 codex
2849 5378 3068 5452 deSunt
3110 5378 3322 5452 usque
3346 5378 3424 5434 ad

1765 5453 1982 5517 locum,
2041 5450 2146 5508 ubi
2190 5452 2265 5506 de
2309 5449 2652 5506 substantias
2703 5450 3172 5522 prOprietatibus
3206 5449 3427 5522 agitur

1767 5529 1816 5598 (§
1856 5529 1931 5599 5).
1973 5523 2052 5581 Cf.
2099 5524 2336 5594 Aristot.
2387 5539 2437 5579 c.
2473 5527 2502 5578 5
2543 5522 2614 5595 (c.
2647 5520 2770 5598 3,'§
2810 5520 2864 5592 5,
2922 5538 2980 5597 p.
3007 5524 3060 5590 3,
3095 5522 3187 5578 ed.
3217 5520 3424 5594 Paris).
