4116 6194
249 295 356 350 777

1245 295 1336 349 AD
1380 289 1916 348 AMPHILOCHIUM
1955 289 2280 358 QUESTIO
2318 287 2666 346 CXXXVIII.

3512 296 3616 350 778

248 440 391 473 νεται
435 419 627 491 ψυχρὰ
664 421 752 469 καὶ
788 419 966 492 θερμὴ,
1005 423 1034 478 ἧ
1087 416 1273 472 δικαία
1300 424 1388 472 καὶ
1431 415 1638 482 ἄδικος,
1671 420 1700 475 ἤ
1750 420 1846 468 σῶα

1961 421 2068 473 est.
2098 419 2216 472 Hoc
2248 430 2384 471 vero
2410 418 2465 470 et
2488 414 2729 486 proprie
2759 416 2942 487 ipsius
2972 418 3302 489 proprietas
3335 422 3441 485 est,
3475 420 3618 491 quia

250 530 390 584 φρων
420 514 508 560 καὶ
542 507 848 571 ἀκόλαστος,
882 509 910 566 ἡ
942 513 1192 583 φρενήρης
1235 514 1324 561 καὶ
1373 508 1696 582 ἀφραίνουσα
1735 505 1850 577 (46)

251 601 282 658 ἣ
316 619 364 650 τι
400 599 512 669 (47)
545 604 642 648 τῶν
686 596 1087 669 παραπλησίων·
1131 599 1174 650 εἰ
1221 595 1356 650 δέτι
1393 603 1481 649 καὶ
1527 605 1586 668 τῇ
1640 599 1707 657 ὡς
1755 595 1850 668 ύλη

253 688 411 759 οὐσίᾳ
455 694 683 739 τοιοῦτον
723 684 1066 757 συμϐέϐηκεν,
1111 687 1203 739 οὐκ
1247 689 1359 739 ἔστι
1414 683 1622 756 διαιτᾲν
1668 691 1852 756 καιροῦ

251 784 344 829 τοῦ
398 782 666 847 παρόντος.
713 777 779 826 Οἱ
829 771 888 827 δὲ
925 775 1174 847 λέγοντες,
1227 779 1296 837 ὡς
1341 780 1431 827 καὶ
1480 783 1551 845 τῷ
1589 775 1726 845 λόγῳ
1764 779 1853 825 καὶ

251 874 314 938 τῇ
355 863 482 937 δόξῃ
513 872 666 916 τοῦτο
697 864 872 916 ἕπεται
915 868 972 916 τό
1005 861 1145 917 ἴδιον
1173 865 1308 936 (48),
1343 865 1633 937 εὐφώρατον
1665 866 1853 934 ἔχουσι

251 959 310 1007 τό
349 951 562 1024 ψεῦδος
597 957 726 1025 φασὶ
775 957 864 1024 μὲν
910 955 1031 1027 γὰρ,
1086 957 1154 1015 ὡς
1202 955 1226 1004 6
1270 953 1427 1024 λέγων
1458 957 1544 1004 τὸν
1576 954 1850 1023 Σωκράτην

251 1045 520 1101 καθῆσθαι
577 1043 748 1113 λόγος,
803 1044 828 1093 6
880 1042 1028 1102 αὐτὸς
1083 1047 1264 1114 μένων,
1319 1045 1447 1095 καθό
1495 1061 1554 1113 γε
1604 1045 1661 1093 τό
1727 1038 1852 1092 εἶναι

249 1133 399 1204 λόγος
448 1135 594 1203 ἔσχε,
638 1138 730 1183 τοῦ
777 1134 867 1202 μεν
918 1134 1221 1205 Σωκράτους
1269 1133 1562 1203 καθημένου
1608 1129 1853 1191 ἀληθείας

252 1219 314 1281 ἦν
349 1224 687 1293 σημαντικός.
741 1219 1057 1283 ἀναστάντος
1088 1219 1145 1272 δὲ
1185 1229 1274 1272 τοῦ
1317 1223 1622 1293 Σωκράτους
1648 1215 1848 1290 ψεῦδος

255 1313 552 1386 εὑρίσκεται
592 1306 915 1380 δεδεγμένος
968 1311 1100 1362 ὥστε
1149 1316 1237 1362 καὶ
1297 1313 1320 1362 ό
1373 1309 1520 1381 λόγος
1573 1317 1666 1360 τῶν
1716 1307 1852 1360 ἐναν-

252 1403 375 1451 τίων
425 1397 566 1450 ἐστὶν
607 1395 864 1460 δεκτικός·
917 1401 1166 1461 ὡσαύτως
1210 1396 1268 1451 δὲ
1320 1403 1408 1450 καὶ
1449 1399 1476 1456 ἡ
1527 1393 1675 1459 δόξα·
1727 1398 1851 1448 καθ-

255 1493 445 1560 ημένου
493 1490 583 1559 μὲν
634 1489 734 1561 γὰρ
792 1487 952 1539 αὐτοῦ
1007 1487 1205 1549 ἀληθὴς
1249 1485 1308 1546 ἧν
1363 1489 1392 1544 ἡ
1441 1495 1530 1538 τοῦ
1583 1487 1851 1544 καθῆσθαι

255 1573 408 1642 δόξα,
461 1574 774 1636 ἀναστάντος
823 1573 882 1628 δε
929 1578 958 1634 ἡ
1014 1576 1144 1634 αὐτὴ
1195 1572 1326 1638 δόξα
1379 1572 1607 1646 ψεύδους
1657 1573 1851 1645 ἐγένετο

255 1663 493 1723 δεκτικὴ.
575 1665 709 1716 Ἀλλ’
765 1668 812 1717 οἱ
857 1668 946 1736 μὲν
1009 1662 1372 1736 διαποροῦντες
1442 1665 1604 1726 οὕτως
1675 1668 1846 1737 φασίν⁹

1963 505 2342 561 convertitur.
2371 503 2713 560 Substantia
2735 505 2892 560 enim
2919 505 3116 561 omnis
3144 512 3200 562 et
3229 507 3358 562 sola
3383 523 3614 579 perma-

1961 610 2111 650 nens
2153 592 2510 657 substantia,
2546 597 2775 649 mutata
2808 598 3008 650 tamen
3038 595 3243 666 quoad
3276 596 3613 668 qualitates,

1962 685 2031 739 ﬁt
2063 682 2277 754 frigida
2306 686 2362 737 et
2392 681 2605 747 calida,
2641 683 2725 737 vel
2748 684 2909 753 justa
2949 687 3005 739 et
3034 684 3276 754 injusta,
3310 685 3403 740 vel
3436 686 3620 741 conti-

1962 788 2108 828 nens
2131 776 2186 828 et
2205 771 2510 834 eﬁrenata,
2530 771 2621 826 vel
2640 772 2898 842 prudens
2921 777 2976 828 et
2995 773 3321 838 insaniens,
3348 775 3444 830 vel
3469 774 3618 847 quid

1962 861 2265 916 similium.
2306 864 2394 915 An
2459 875 2597 916 vero
2639 861 2992 923 substantia,
3045 878 3172 934 quae
3219 863 3396 920 veluti
3437 868 3622 921 mate-

1962 951 2050 1005 ria
2087 954 2197 1014 est,
2251 949 2545 1020 ejusmodi
2586 950 2725 1020 quid
2777 950 3073 1015 acciderit,
3131 967 3252 1006 non
3305 956 3393 1008 est
3442 953 3620 1024 hujus

1961 1037 2211 1112 tempori
2265 1038 2614 1111 dijudicare.
2678 1038 2784 1106 Qui
2839 1055 2980 1096 vero
3037 1040 3244 1096 dicunt
3290 1041 3470 1098 etiam
3508 1057 3624 1098 ser-

1961 1128 2124 1184 moni
2155 1130 2214 1183 et
2242 1128 2509 1200 opinioni
2540 1127 2696 1183 hanc
2723 1128 3038 1184 convenire
3064 1129 3505 1201 proprietatem,
3543 1130 3620 1186 fa-

1963 1217 2177 1272 cillime
2236 1216 2530 1271 mendacii
2590 1216 3049 1272 convincuntur.
3103 1217 3330 1273 Etenim
3387 1217 3614 1283 dicunt,

1963 1321 2290 1362 sermonem
2333 1322 2482 1370 eum,
2525 1305 2628 1377 qui
2667 1305 2806 1362 dicit
2846 1306 3150 1362 Socratem
3198 1305 3418 1373 dicere,
3459 1323 3624 1363 eum-

1963 1395 2103 1450 dem
2151 1398 2516 1458 manentem,
2560 1393 2619 1448 in
2659 1398 2953 1467 quantum
3003 1394 3284 1464 habebat,
3335 1395 3500 1468 quod
3553 1397 3626 1452 sit

1964 1483 2460 1552 sermo,veritatis
2478 1483 2660 1540 fuisse
2683 1483 3164 1554 signiﬁcativum,
3189 1484 3334 1540 dum
3357 1486 3624 1542 Socrates

1964 1573 2221 1639 sederet;
2253 1589 2392 1629 cum
2405 1589 2546 1629 vero
2574 1575 2841 1630 Socrates
2858 1574 3224 1638 surrexisset,
3244 1575 3624 1632 mendacium

1963 1663 2368 1719 continentem
2388 1662 2628 1734 reperiri
2649 1679 2668 1728 ;
2704 1663 2862 1718 unde
2893 1663 3046 1719 efﬁci
3070 1668 3280 1734 putant
3300 1665 3478 1720 etiam
3503 1681 3622 1722 ser-

252 1758 488 1807 ῖστωσαν
535 1751 613 1818 δὲ,
670 1756 750 1806 ὅτι
798 1755 856 1806 οὔ
905 1757 1040 1806 κατὰ
1070 1759 1159 1812 τὴν
1195 1751 1332 1805 ἰδίαν
1363 1753 1650 1824 μεταϐολὴν
1699 1755 1723 1804 ό
1771 1753 1846 1805 λό-

1965 1767 2207 1808 monem
2233 1750 2718 1822 contrariaposse
2737 1753 3056 1822 suscipere.
3085 1753 3363 1808 Similiter
3387 1769 3624 1825 quoque

254 1864 346 1915 γος
399 1843 575 1915 γέγονε
631 1840 862 1914 ψεύδους
904 1849 994 1895 καὶ
1046 1843 1287 1904 ἀληθείας
1328 1839 1586 1911 δεκτικὸς,
1641 1842 1698 1894 οὗ
1749 1846 1850 1913 μὴν

255 1930 382 1985 οὐδὲ
424 1935 453 1989 ἡ
505 1928 653 1995 δόξα,
704 1931 829 1984 ἀλλὰ
859 1931 1047 2004 μᾶλλον
1096 1934 1230 1983 κατὰ
1275 1935 1369 1990 τὴν
1422 1939 1512 1983 τοῦ
1541 1932 1852 2002 πράγματος

256 2021 557 2092 ἐναλλαγὴν,
621 2023 742 2094 ὅπερ
802 2023 831 2078 ἡ
883 2025 972 2093 μὲν
1020 2017 1284 2084 ἐδόξασεν,
1341 2022 1366 2072 ό
1421 2016 1479 2071 δὲ
1519 2018 1848 2090 ἀπήγγειλεν·

255 2112 299 2165 εἰ
336 2113 438 2184 γὰρ
486 2115 556 2181 μὴ
612 2109 880 2181 μετέϐαλεν
921 2111 946 2161 6
995 2113 1271 2182 Σωκράτης
1321 2108 1375 2160 ἐκ
1407 2117 1497 2160 τοῦ
1539 2109 1851 2168 καθέζεσθαι

255 2200 499 2264 ἀναστὰς,
555 2200 648 2251 οὐκ
706 2201 766 2250 οἷν
822 2218 946 2251 ποτε
1026 2200 1050 2250 ό
1107 2202 1193 2250 τὸν
1262 2200 1535 2270 Σωκράτην
1586 2199 1855 2256 καθῆσθαι

252 2289 412 2361 λέγων
460 2292 654 2360 ἐγένετο
701 2288 851 2359 λόγος
899 2284 1118 2358 ψευδὴς,
1173 2286 1277 2339 ἀλλ’
1331 2283 1442 2339 οὐδ’
1497 2283 1689 2348 ἣδόξα
1718 2286 1850 2357 (49)·

255 2381 391 2431 ὥστε
420 2385 508 2430 καὶ
539 2377 594 2429 ἐκ
623 2380 808 2430 τούτου
853 2373 1030 2446 δῆλον,
1077 2379 1142 2436 ὡς
1180 2375 1410 2448 μάλιστα
1447 2372 1586 2428 ἴδιόν
1623 2374 1736 2427 ἐστι
1764 2383 1854 2436 τῆς

255 2468 444 2528 ούσίας
484 2471 540 2519 τό
592 2463 973 2539 ἀποδιδόμενον
1033 2462 1187 2518 ῖδιον’
1241 2465 1298 2518 ού
1354 2468 1506 2537 μόνον
1560 2465 1661 2536 γὰρ
1719 2463 1849 2521 αύτὴ

254 2561 450 2628 πέφυκε
506 2553 765 2626 δέχεσθαι
812 2557 1058 2606 τάναντία
1117 2557 1252 2606 κατά
1317 2559 1411 2612 τὴν
1480 2553 1659 2613 ἑαυτῆς
1702 2571 1855 2623 μετα-

255 2645 432 2710 ϐολὴν,
488 2643 617 2697 ἀλλα
653 2649 743 2696 καὶ
783 2644 968 2718 ἑτέροις
1014 2643 1428 2716 μεταϐαλλομένη
1491 2642 1602 2713 (50)
1654 2646 1853 2712 γίνεται

255 2735 403 2786 αἰτία
452 2742 550 2786 τοῦ
603 2731 775 2786 δοκεῖν
833 2733 967 2785 αύτὰ
1017 2735 1253 2804 γίνεσθαι
1317 2740 1416 2784 τῶν
1479 2730 1714 2783 ἐναντίων
1771 2727 1853 2782 δε-

253 2826 432 2875 κτικά·
467 2825 493 2874 ό
522 2830 644 2893 γοῦν
673 2822 822 2892 λόγος
853 2826 942 2874 καὶ
990 2823 1020 2878 ἡ
1069 2818 1219 2884 δόξα,
1261 2821 1305 2873 εἰ
1333 2825 1422 2872 καὶ
1463 2821 1854 2892 συγχωρηθεῐεν

257 2911 388 2963 εἶναι
452 2919 551 2963 τῶν
605 2911 839 2963 ἐναντίων
916 2907 1154 2977 δεκτικὰ,
1215 2909 1320 2961 ἀλλ’
1367 2909 1460 2961 οὐκ
1523 2911 1582 2959 ἄν
1625 2908 1852 2978 λεχθεῖεν

257 2999 382 3060 ὅλως
436 3003 572 3052 κατὰ
627 3006 720 3058 τὴν
777 3000 970 3051 ἑαυτῶν
1021 2998 1306 3071 μεταϐολὴν
1365 3000 1537 3070 ὥσπερ
1589 2999 1617 3054 ἡ
1675 2996 1846 3057 οὐσία,

1962 1841 2036 1896 de
2076 1840 2279 1913 opinio
2320 1855 2394 1896 ne
2417 1844 2701 1896 statuunt.
2745 1842 2991 1897 Sedente
3018 1840 3180 1896 enim
3222 1842 3461 1898 Socrate
3483 1859 3626 1899 vera

1962 1929 2070 1986 fuit
2107 1930 2327 2001 opinio,
2369 1945 2505 2002 quae
2546 1945 2683 1985 eum
2725 1929 2926 1985 sedere
2965 1929 3247 1986 censebat
3280 1947 3294 1996 ;
3351 1935 3628 2001 surgente

1962 2034 2100 2074 vero
2143 2018 2244 2074 illo
2272 2018 2486 2074 eadem
2513 2017 2717 2089 opinio
2755 2017 3014 2074 mendax
3046 2019 3252 2074 evasit.
3299 2019 3391 2075 Sic
3417 2019 3621 2092 itaque

1963 2107 2173 2164 dicunt
2200 2107 2306 2179 qui
2338 2107 2412 2162 de
2449 2107 2564 2163 hac
2601 2123 2664 2162 re
2690 2107 2988 2163 dubitant.
3017 2109 3235 2163 Verum
3261 2109 3468 2175 sciant,
3501 2125 3625 2166 non

1964 2196 2295 2252 secundum
2327 2196 2420 2251 sui
2447 2195 2637 2267 ipsius
2671 2196 3064 2252 mutationem
3088 2212 3428 2253 sermonem
3456 2198 3624 2254 illum

1962 2283 2274 2340 falsitatem
2291 2289 2344 2340 et
2365 2284 2672 2341 veritatem
2693 2284 3050 2356 suscepisse,
3078 2300 3269 2357 neque
3287 2286 3464 2343 etiam
3496 2286 3621 2358 opi-

1962 2372 2225 2440 nionem,
2259 2372 2366 2427 sed
2395 2373 2592 2444 potius
2624 2373 2958 2429 secundum
2998 2373 3082 2429 rei
3120 2374 3620 2442 immutationem,

1963 2461 2127 2534 quod
2165 2461 2366 2532 opinio
2395 2461 2753 2532 opinabatur
2790 2465 2846 2517 et
2873 2462 3038 2534 quod
3072 2478 3272 2518 sermo
3301 2464 3613 2520 nuntiavit.

1963 2550 2084 2606 Nisi
2116 2550 2276 2606 enim
2302 2553 2568 2606 mutatus
2593 2549 2801 2605 fuisset
2830 2551 3119 2615 Socrates,
3152 2552 3274 2622 qui,
3303 2556 3621 2623 postquam

1963 2639 2132 2704 sedit,
2175 2639 2446 2704 surrexit,
2487 2654 2795 2710 nunquam
2839 2654 3037 2695 sermo
3077 2641 3383 2696 Socratem
3415 2643 3619 2698 sedere

1962 2729 2272 2786 afﬁrmans
2311 2727 2572 2784 mendax
2609 2727 2910 2792 evasisset,
2945 2743 3140 2800 neque
3180 2729 3356 2784 etiam
3387 2730 3618 2801 opinio.

1962 2817 2363 2884 Quamobrem
2405 2821 2460 2873 et
2497 2832 2570 2872 ex
2598 2817 2712 2873 hoc
2737 2821 2897 2889 patet
2925 2817 3148 2872 dictam
3186 2818 3612 2889 proprietatem

1961 2907 2226 2962 maxime
2244 2906 2595 2962 substantiae
2608 2920 2739 2961 esse
2752 2905 3080 2976 propriam.
3098 2909 3224 2960 Non
3240 2906 3429 2962 solum
3449 2907 3614 2964 enim

1961 2995 2090 3066 ipsa
2111 3000 2251 3065 apta
2269 2993 2585 3050 exsistitad
2598 2993 2944 3064 recipienda
2965 2994 3260 3049 contraria
3284 2995 3611 3052 secundum

253 3088 382 3141 ἀλλὰ
453 3089 643 3161 μᾶλλον
699 3091 833 3141 κατὰ
896 3097 984 3148 τῆν
1050 3097 1140 3148 τῆς
1201 3088 1380 3145 οὐσίας
1432 3085 1718 3158 μεταϐολὴν
1763 3089 1846 3137 καὶ

1961 3098 2132 3138 suam
2156 3083 2346 3154 ipsius
2375 3081 2784 3146 mutationem,
2813 3096 3021 3136 verum
3053 3083 3234 3137 etiam
3265 3082 3388 3138 aliis
3418 3084 3477 3139 in
3505 3100 3616 3141 sua

251 3175 346 3230 διὰ
394 3182 451 3230 τό
499 3177 692 3236 ἐκείνην
744 3175 1000 3250 δέχεσθαι
1055 3177 1318 3240 τάναντία,
1376 3172 1672 3228 δείκνυνται
1720 3195 1851 3248 παρ-

247 3267 573 3320 απολαύοντα
622 3273 710 3320 καὶ
752 3276 920 3320 ταῦτα
971 3275 1063 3318 τοῦ
1103 3263 1274 3319 δοκεῖν
1325 3262 1454 3318 εἶναι
1481 3273 1579 3316 τῶν
1612 3262 1848 3315 ἐναντίων

246 3354 483 3412 δεκτικά.

1960 3170 2289 3227 mutatione
2314 3186 2497 3226 causa
2519 3169 2603 3240 ﬁt,
2638 3169 2803 3241 quod
2833 3169 2965 3241 ipsa
2991 3170 3290 3226 contraria
3313 3187 3528 3243 capere
3560 3177 3616 3228 et

1957 3259 2259 3332 suscipere
2299 3258 2634 3314 videantur.
2676 3258 2880 3313 Sermo
2919 3259 3097 3327 igitur
3148 3263 3203 3314 et
3241 3259 3463 3328 opinio,
3506 3260 3611 3316 etsi

1956 3348 2315 3404 concedatur
2345 3361 2445 3402 eos
2473 3361 2656 3419 posse
2695 3345 2995 3402 contraria
3041 3345 3372 3413 admittere,
3412 3351 3616 3404 tamen

246 3447 497 3503 omnino
524 3461 643 3502 non
674 3447 1004 3501 secundum
1037 3460 1210 3500 suam
1231 3444 1496 3515 ipsorum
1525 3443 1934 3508 mutationem,
1970 3439 2121 3494 sicut
2147 3436 2518 3503 substantiaz,
2547 3435 2652 3491 sed
2678 3434 2875 3507 potius
2905 3436 3237 3492 secundum
3267 3435 3612 3493 substantia:

246 3536 629 3590 mutationem
671 3535 828 3590 hanc
867 3533 1355 3606 praedicationem
1385 3531 1710 3596 sortientur,
1758 3535 1813 3586 et
1853 3529 1990 3601 quia
2030 3525 2368 3583 substantia
2394 3524 2693 3581 contraria
2722 3523 2996 3590 admittit,
3029 3524 3161 3580 ideo
3192 3528 3250 3581 et
3277 3525 3414 3597 ipsa
3443 3540 3614 3582 mon-

244 3628 478 3680 trantur
511 3640 580 3678 ea
614 3623 724 3678 frui
756 3623 1199 3696 prmdicatione.
1227 3628 1290 3676 ut
1330 3627 1384 3676 et
1408 3621 1544 3692 ipsa
1583 3619 1878 3676 contraria
1905 3616 2213 3674 admittere
2242 3614 2579 3670 videantur.

317 3713 390 3777 ς’.
444 3712 502 3764 '0
553 3716 727 3784 μέντοι
776 3731 835 3784 γε
887 3710 1255 3784 Ἀριστοτέλης
1296 3712 1716 3784 προχειρότερον,
1761 3709 1843 3760 ἵνα

237 3805 312 3873 μὴ
386 3800 518 3872 λέγω
596 3802 965 3875 ῥᾳθυμότερον,
1035 3804 1150 3874 περὶ
1207 3799 1392 3860 οὐσίας
1444 3795 1704 3850 διαλαϐὼν
1757 3801 1841 3849 καὶ

239 3892 389 3962 ἔτερα
438 3889 536 3942 δύο
595 3887 710 3942 ἴδια
762 3892 970 3947 τίθησιν
1025 3888 1222 3947 ούσίας⁴
1275 3888 1322 3940 ἓν
1368 3890 1456 3959 μὲν
1507 3891 1562 3938 τό
1616 3883 1739 3939 τόδε
1790 3905 1838 3938 τι

241 3984 536 4049 σημαίνειν,
589 3980 710 4050 ὅπερ
771 3982 844 4036 εἵη
899 3977 960 4029 ἂν
1005 3974 1144 4030 ἴδιον
1176 3976 1233 4028 ού
1284 3983 1372 4035 τῆς
1423 3974 1591 4032 ἁπλῶς
1637 3979 1834 4039 οὐσίας,

237 4075 333 4126 τῆς
387 4063 445 4118 δὲ
499 4068 623 4139 παρ’
677 4067 836 4118 αὐτοῦ
891 4065 1174 4126 κληθείσης
1227 4069 1439 4139 πρώτης
1489 4063 1691 4122 ούσίοις⁹
1751 4066 1839 4113 καὶ

234 4157 408 4228 ἕτερον
489 4157 642 4208 πάλιν
708 4159 766 4208 τό
841 4157 1150 4227 συνωνύμως
1219 4153 1628 4225 κατηγορεῖσθαι
1700 4149 1834 4214 (51).

237 4247 318 4300 εἴη
368 4241 418 4295 δ’
469 4245 529 4296 ἄν
574 4249 663 4296 καὶ
691 4251 847 4296 τοῦτο
877 4240 1013 4296 ἴδιον
1052 4252 1144 4304 τῆς
1194 4243 1313 4315 παρ’
1357 4241 1516 4293 αὐτοῦ
1556 4239 1840 4297 κληθείσης

237 4331 484 4407 δευτέρας
523 4333 724 4394 οὐσίας·
773 4331 900 4385 ἀλλὰ
945 4337 1003 4384 τό
1048 4335 1137 4402 μὲν
1163 4327 1284 4384 τόδε
1330 4351 1381 4382 τι
1423 4333 1693 4400 σημαίνειν
1740 4330 1838 4398 μό-

233 4441 330 4482 νης
388 4424 498 4474 ἐστὶ
555 4431 645 4482 τῆς
695 4428 907 4496 πρώτης
961 4421 1160 4480 οὐσίας’
1217 4424 1346 4492 μόνη
1400 4422 1500 4489 γὰρ
1561 4419 1591 4475 ἡ
1647 4420 1832 4489 μερικη

232 4515 384 4583 χειρὶ
436 4507 738 4570 δεικνυμένη
772 4515 802 4569 ἦ
851 4511 1002 4586 ἑτέρῳ
1034 4515 1134 4561 τινὶ
1180 4511 1396 4579 τοιούτῳ
1438 4503 1560 4559 τόδε
1597 4525 1648 4557 τι
1697 4505 1838 4576 λέγε-

2023 3709 2074 3761 6.
2118 3707 2389 3760 Attamen
2428 3702 2766 3758 Aristoteles
2805 3702 3008 3758 minus
3050 3701 3383 3773 diligenter,
3414 3717 3490 3759 ne
3527 3702 3612 3758 di-

1950 3809 2084 3850 cam
2106 3793 2474 3864 negligenter
2503 3792 2577 3847 de
2608 3793 2941 3848 substantia
2960 3791 3258 3848 disserens
3283 3792 3436 3849 duas
3462 3791 3610 3849 alias

1951 3884 2119 3955 ponit
2146 3884 2461 3940 subtantim
2483 3883 2902 3954 proprietates:
2937 3899 3122 3938 unam
3149 3882 3416 3954 quidem,
3445 3883 3610 3956 quod

1946 3973 2061 4028 hoc
2106 3971 2330 4044 aliquid
2379 3972 2706 4041 signiticet:
2754 3971 2868 4026 hoc
2907 3986 3047 4026 vero
3086 3987 3206 4026 non
3258 3971 3607 4029 substantiaa

1947 4061 2291 4132 simpliciter
2318 4060 2629 4132 proprium
2655 4059 2849 4123 fuerit,
2879 4075 2974 4115 sec
3006 4059 3160 4130 ejus.
3187 4075 3320 4130 quae
3352 4060 3429 4114 ab
3471 4060 3605 4131 ipso

1948 4154 2193 4206 vocatur
2222 4149 2417 4220 prima
2444 4165 2457 4215 ;
2481 4147 2730 4203 alteram
2753 4163 2893 4203 vero
2915 4147 3080 4219 quod
3113 4146 3368 4203 univoce
3400 4146 3606 4218 praedi-

1947 4243 2108 4295 cetur
2132 4253 2145 4303 ;
2170 4237 2272 4293 sed
2295 4239 2408 4293 hoc
2428 4252 2672 4310 quoque
2695 4237 3002 4308 proprium
3029 4235 3202 4292 fuerit
3222 4235 3599 4301 substantias,

1945 4341 2130 4398 quam
2151 4325 2279 4396 ipse
2309 4325 2622 4381 secundam
2651 4324 2928 4397 appellat.
2959 4327 3030 4378 At
3064 4339 3200 4380 vero
3227 4323 3410 4394 prius,
3437 4323 3605 4396 quod

1947 4414 2277 4470 substantia
2319 4414 2434 4469 hoc
2491 4413 2721 4486 aliquid
2782 4413 3093 4483 signiﬁcet,
3151 4412 3336 4469 solius
3397 4413 3602 4485 primae

1947 4503 2293 4560 substantiae
2319 4511 2405 4559 est
2430 4522 2442 4572 ;
2476 4503 2602 4559 haec
2633 4503 2812 4568 enim,
2846 4502 3171 4559 substantia
3197 4502 3598 4575 particularis,

231 4619 325 4652 ται
365 4596 492 4652 εἶναι
544 4600 678 4673 (52)·
730 4603 786 4652 τὸ
839 4597 897 4652 δὲ
948 4601 1258 4670 συνωνύμως
1309 4596 1711 4671 κατηγορεῖσθαι
1741 4594 1835 4646 οὐκ

1959 4593 2076 4651 sola
2105 4592 2290 4664 digito
2321 4597 2564 4650 ostensa
2594 4592 2688 4648 vel
2731 4591 2847 4649 alio
2896 4591 3192 4662 ejusmodi
3224 4592 3338 4648 hoc
3377 4591 3603 4665 aliquid

1803 4692 2030 4749 NOT/E.

308 4796 421 4867 (46)
455 4797 754 4867 Perperam
783 4793 1411 4867 Catiforuslegendum
1429 4790 1706 4867 censebat
1734 4808 1832 4841 σω·-

230 4861 500 4942 φρόνοῦσσι
535 4861 590 4923 et
617 4868 931 4942 lectionem
963 4861 1660 4942 éepaivbgmtollendam.

331 4943 416 5004 47)
450 4940 540 4995 Sic
563 4946 715 4994 recte
737 4941 915 4992 Vatic.
940 4933 1148 5009 apogr.
1183 4934 1348 5009 Catii.
1372 4933 1690 5009 mendose:
1782 4952 1832 4984 τι

331 4943 416 5004 47)
450 4941 540 4995 Sic
563 4946 715 4994 recte
737 4941 915 4992 Vatic.
940 4953 1148 5009 apogr.
1183 4941 1348 4992 Catif.
1372 4941 1690 4989 mendose:
1718 4941 1747 4990 η
1782 4952 1830 4984 τι

308 4941 420 5082 (48)
461 5011 621 5064 Hanc
651 5011 1046 5082 objectionem
1081 5011 1199 5078 ipse
1241 5007 1350 5061 sibi
1387 5006 1525 5062 facit
1554 5004 1830 5059 Aristote-

227 5079 338 5147 les,
381 5099 430 5137 c.
462 5083 516 5146 5,
545 5087 571 5148 ς
602 5086 687 5149 22,
715 5079 767 5152 ρ.
798 5079 848 5134 6.

306 5143 418 5224 (49)
461 5143 692 5208 ΑἸλίὲίοίξ
717 5143 763 5205 Ἰ.
807 5169 856 5206 c.
884 5167 894 5204 ξ
925 5150 982 5202 Ὀ
1033 5146 1090 5224 δὲ
1119 5150 1264 5221 λόγος
1295 5152 1383 5199 καὶ
1421 5150 1477 5224 ἡ..
1501 5143 1651 5224 δόξα,
1701 5145 1832 5197 αὐτὰ

226 5215 324 5296 μθ
350 5215 571 5282 ἀκίνητα
600 5227 765 5280 πάντη
795 5226 994 5281 πάντως
1027 5215 1276 5296 διαμένεύ
1305 5227 1397 5296 τοῦ
1435 5215 1493 5296 δὲ
1523 5219 1832 5288 πράγματος

227 5287 541 5358 κινηθέντος,
575 5297 656 5347 ότὶ
683 5299 772 5367 μὲν
799 5293 996 5367 ἀληθὴς
1024 5287 1190 5367 ότέδὲ
1220 5287 1704 5367 ψευδῄςλέγεται)
1757 5331 1767 5341 .
1816 5330 1827 5343 .

228 5311 541 5358 κινηθέντος,
575 5314 656 5347 οτι
683 5315 772 5367 μεν
799 5311 996 5354 αιηυης
1024 5313 1104 5345 οτε
1133 5311 1190 5345 οε
1220 5311 1426 5361 ψευοης
1452 5311 1650 5412 Λέγεται
1693 5331 1704 5341 .
1757 5331 1767 5341 .
1816 5330 1827 5343 .

228 5371 389 5441 όγαρ
443 5367 588 5438 λόγος
641 5371 729 5441 καὶ
776 5368 806 5423 ἡ
859 5362 989 5441 δόξα
1039 5365 1096 5415 οὐ
1141 5361 1388 5441 τῷῌαύτά
1433 5358 1490 5413 δε
1524 5362 1830 5441 ’έχηθαιλτῶν

229 5422 469 5491 ἐναντίων
509 5422 640 5490 εἶναι
667 5434 882 5489 δεκτικὰ
911 5436 1132 5506 λέγεται,
1171 5422 1296 5486 ἀλλὰ
1329 5442 1398 5504 τῷ
1425 5422 1568 5506 περί
1586 5432 1753 5500 ἕτερόν
1781 5450 1832 5481 τι

226 5515 284 5564 τὸ
308 5512 471 5572 πάθος
498 5517 670 5580 γεγενῆ
683 5510 825 5562 σθαι.

304 5581 418 5653 (50)
460 5572 750 5638 Gatiforus
823 5580 1018 5650 legere
1081 5577 1264 5632 voluit
1349 5572 1828 5650 μεταϐαλλομένοις.

1943 4789 2044 4845 sed
2084 4794 2392 4845 contextus
2429 4788 2792 4859 suffragatur
2829 4789 3066 4845 lectioni
3116 4787 3286 4844 Vatic.
3321 4803 3509 4859 quam
3545 4791 3600 4844 et

1943 4867 2100 4934 tenet
2128 4877 2336 4934 apogr.
2371 4862 2426 4916 C.

2012 4933 2120 5004 (51)
2140 4929 2218 4988 Εἰ(
2234 4929 2362 5004 Vat.
2389 4931 2650 4987 ordinem
2673 4930 3082 5004 membrorum
3106 4929 3384 4986 dedimus
3409 4947 3420 4984 :
3451 4931 3592 5004 Ven.

1942 5001 2149 5088 apogr.
2181 5004 2242 5058 in
2295 5003 2387 5058 his
2420 5003 2756 5075 paupulum
2787 5001 2984 5058 differt
3021 5008 3149 5073 post
3179 5017 3354 5058 voces
3384 5003 3596 5060 τίθησιν

1942 5093 2147 5135 ουσιας.

2012 5145 2124 5217 (52)
2157 5145 2220 5199 In
2260 5144 2394 5217 cod.
2429 5145 2586 5200 Mon.
2619 5147 2863 5217 haec_est
2890 5145 3217 5217 proprietas
3248 5143 3440 5217 tertia,
3469 5161 3598 5216 quae

1942 5211 2028 5271 ita‘
2069 5211 2424 5272 describitur
2455 5220 2683 5289 ίΤρίτον
2719 5211 2858 5289 ξδιον
2889 5211 2981 5276 τῆς
3002 5211 3218 5277 ὀὐσίας
3268 5212 3390 5289 τόδε
3415 5235 3464 5268 τι
3489 5211 3599 5275 ’ση-

1940 5293 2139 5362 μαίνειν
2175 5305 2186 5317 ⁸
2222 5295 2372 5362 τοῦτο
2418 5283 2506 5362 ’δὲ
2541 5283 2614 5340 ’τὸ
2684 5284 2821 5340 ἴδιον
2876 5295 2937 5362 τῇ
2993 5295 3175 5362 μερικῇ
3253 5287 3410 5362 οὐσίᾳ
3465 5293 3592 5361 μόνῃ

1941 5355 2178 5432 δερμάξειν
2232 5359 2358 5429 οὐχὶ
2405 5355 2463 5432 δὲ
2501 5363 2599 5432 mi,
2636 5364 2750 5420 ταῖς
2793 5355 3013 5411 καθόλον
3043 5355 3066 5391 ”
3090 5355 3159 5412 τὸ’
3191 5361 3293 5432 γὰρ
3345 5355 3595 5412 δεικνύειν

1943 5426 2035 5504 διὰ
2087 5439 2178 5504 τῆς
2230 5426 2413 5504 χειρός
2441 5431 2469 5487 ἡ
2516 5429 2678 5504 -οἰλλου
2734 5433 2874 5492 τινὸς
2916 5433 3154 5504 τοιούτου
3185 5426 3279 5491 τὰς
3327 5435 3417 5504 μὲν
3454 5433 3594 5504 Δκαθ-

1941 5497 2451 5576 όλουῌᾼούσίαςρύκ
2509 5498 2799 5576 ἐνδέχεται,
2841 5504 2938 5576 τὰς
2996 5499 3054 5555 δε
3115 5497 3336 5576 μερικὰς
3390 5497 3595 5574 ἐνδέχε-

1941 5591 2027 5624 ται
2049 5571 2153 5643 (Cf.
2184 5573 2352 5628 Arist.
2379 5587 2429 5627 c.
2467 5578 2514 5640 1,
2547 5571 2683 5648 θ176,
2711 5589 2778 5648 Ρο’
2807 5573 2880 5646 5).
