4116 6194
558 286 667 343 779

1778 276 2013 332 PHOTII
2052 273 2530 331 PATBIARCH/E
2570 274 2675 330 CP.

3837 282 3933 337 780

558 412 772 467 dicitur
800 423 969 473 esse;
997 406 1292 479 posterius
1335 419 1474 461 vero
1517 403 1683 477 quod
1712 402 1961 459 univoce
1999 402 2197 475 pradi-

2321 403 2429 453 ἔστι
2482 403 2642 471 μόνης
2696 406 2787 459 τῆς
2841 394 3084 473 δευτέρας
3140 401 3346 468 οὐσίας,
3404 400 3533 456 ἀλλὰ
3584 410 3678 457 και
3755 407 3929 479 ἑτέρων

555 505 739 562 cetur,
766 513 889 553 non
931 497 1112 552 solius
1152 500 1242 551 est
1281 494 1559 550 secunda
1600 493 1961 557 substantia,
2002 508 2209 548 verum

556 596 611 643 et
641 586 893 643 aliarum
918 585 1241 641 multarum
1274 599 1472 638 rerum
1496 581 1836 636 essentiales
1862 582 2018 636 enim
2045 580 2211 635 diffe-

554 676 756 732 rentia
795 676 1041 729 univoce
1072 673 1505 744 pradicantur;
1546 670 1831 726 rationale
1863 686 1917 724 v.
1953 686 2036 740 gr.
2076 674 2208 724 uni-

553 779 697 821 voce
736 764 811 819 de
853 764 1099 821 Platone
1151 767 1206 818 et
1262 763 1497 817 Socrate
1550 760 1942 833 pradicatur;
1997 759 2209 814 dicitur

554 855 715 912 enim
753 853 1027 910 Socrates
1066 857 1124 907 et
1161 856 1509 907 caterorum
1548 850 1793 921 quilibet
1832 848 2114 905 rationale
2153 854 2209 904 et

551 959 760 1001 revera
796 943 909 999 tale
948 947 1054 997 est.
1097 944 1164 996 Et
1201 941 1261 996 in
1299 940 1624 1011 quantitate
1662 954 1903 1011 quoque
1939 938 1998 992 in
2032 938 2208 1009 quali-

550 1038 669 1091 tate
690 1032 839 1089 sicut
864 1036 921 1087 et
943 1032 1003 1086 in
1035 1030 1167 1087 aliis
1199 1028 1510 1099 categoriis
1538 1028 1848 1099 perspicue
1880 1027 2209 1099 proceden-

550 1122 631 1178 do
658 1121 860 1177 videre
884 1118 1037 1180 licet.
1070 1133 1290 1189 genera
1320 1118 1394 1173 de
1421 1117 1730 1189 speciebus
1757 1116 1903 1188 ipsis
1937 1115 2209 1171 subordi-

548 1211 703 1267 natis
745 1213 804 1265 et
842 1208 1071 1281 species
1123 1207 1197 1263 de
1247 1206 1572 1263 individuis
1618 1208 1675 1260 in
1727 1206 1871 1278 ipsis
1915 1206 2207 1262 contentis

550 1300 799 1356 univoce
838 1295 1173 1368 pradicari.

617 1394 668 1443 7.
712 1389 969 1443 Possunt
1005 1400 1146 1442 vero
1178 1400 1249 1441 ex
1284 1384 1353 1440 iis
1392 1401 1527 1457 qua
1561 1386 1687 1457 ipse
1720 1384 2055 1440 Aristoteles
2089 1384 2208 1439 edi-

546 1478 641 1547 cit,
672 1477 802 1533 alia
841 1491 1083 1548 quoque
1123 1474 1524 1547 predictarum
1567 1474 2036 1529 substantiarum
2074 1488 2208 1545 pro-

542 1569 822 1641 prietates
855 1566 1073 1622 adduci
1106 1584 1118 1633 ;
1152 1580 1221 1621 ac
1254 1564 1623 1636 particularis
1656 1564 1902 1635 quidem
1932 1564 2207 1618 substan-

548 1659 639 1713 tia
666 1657 1002 1729 proprietas
1033 1661 1134 1724 est,
1169 1653 1332 1726 quod
1361 1654 1552 1722 magis
1587 1653 1819 1707 dicatur
1852 1652 2203 1719 substantia,

2320 489 2534 542 πολλῶν·
2593 490 2648 539 αἱ
2703 508 2757 539 τε
2804 491 2904 562 γὰρ
2973 487 3251 552 οὐσιῶδεις
3304 489 3552 566 διαφοραὶ
3612 501 3929 569 συνωνύμως

2318 586 2750 650 κατηγοροῦνται·
2803 582 2861 629 τὸ
2925 580 3025 649 γὰρ
3075 579 3282 649 λογικόν
3356 583 3624 644 Πλάτωνος
3682 592 3781 637 καὶ
3838 595 3929 638 Σωο

2318 670 2537 740 κράτους
2604 670 2916 737 συνωνύμως
2979 677 3369 739 κατηγορεῖται·
3445 672 3650 743 λέγεται
3736 679 3840 747 γὰρ
3905 680 3928 727 ό

2319 759 2589 829 Σωκράτης
2640 761 2730 807 καὶ
2777 766 2877 808 τῶν
2934 756 3095 809 ἄλλων
3145 760 3362 820 ἕκαστος
3405 761 3613 831 λογικόν
3666 770 3764 816 καὶ
3795 768 3926 817 ἔστιν

2318 849 2382 905 ὡς
2411 844 2613 906 ἀληθῶς
2650 844 2877 916 λογικόν·
2912 851 3000 897 καὶ
3031 845 3077 898 ἄν
3117 856 3267 917 ποσῷ
3300 846 3360 900 δὲ
3389 856 3476 901 καὶ
3515 860 3651 921 ποιῴ
3694 860 3793 905 καὶ
3823 865 3926 915 ταῖς

2317 935 2497 995 ἄλλαις
2553 940 2895 1008 κατηγορίαις
2942 938 3083 987 ἔστιν
3132 934 3263 988 ἰδεῖν
3308 944 3553 1010 προῖόντα
3603 951 3813 1013 σαφῶς,
3868 948 3925 1005 ὡς

2316 1029 2433 1096 γένη
2466 1032 2563 1076 τῶν
2593 1026 2684 1075 ὑπ’
2713 1024 2847 1076 αὐτὰ
2895 1022 3045 1076 εἰδῶν
3077 1031 3166 1077 καὶ
3207 1023 3324 1084 εῖδη
3369 1037 3466 1080 τῶν
3497 1030 3583 1081 ὑπ’
3640 1032 3787 1083 αὐτὰ

2317 1134 2424 1185 μων
2453 1115 2765 1185 συνωνύμως
2794 1121 3213 1189 κατηγοροῦνται
3245 1117 3380 1187 (53).

2388 1382 2450 1443 ζ’.
2509 1388 2661 1434 Ἕστι
2712 1379 2771 1435 δὲ
2824 1390 2924 1434 τῶν
2974 1383 3250 1455 εἰρημένων
3324 1388 3518 1439 τούτων
3574 1389 3779 1441 οὐσιῶν
3845 1400 3928 1444 καὶ

2317 1473 2464 1545 ἔτερα
2516 1468 2635 1523 ἴδια
2693 1471 2869 1536 εἰπεῖν,
2942 1472 2993 1534 ἐξ
3051 1474 3118 1523 ὧν
3186 1474 3343 1536 αὐτὸς
3396 1474 3748 1547 ’Δρισττὶλης
3804 1480 3924 1545 εἰπε,

2316 1560 2557 1612 λαϐόντα·
2606 1569 2697 1620 τῆς
2728 1564 2818 1631 μεν
2863 1570 3081 1633 μερικῆς
3127 1565 3182 1613 τό
3230 1562 3420 1634 μᾶλλον
3464 1565 3712 1637 λέγεσθαι
3746 1569 3927 1622 οὐσίαν

2317 1650 2446 1723 ἤπερ
2490 1654 2583 1707 τὴν
2636 1648 2879 1712 καθόλου,
2934 1660 3023 1710 τῆς
3074 1648 3133 1702 δε
3182 1652 3404 1704 καθόλου
3445 1658 3503 1705 τό
3556 1656 3711 1712 ἧττον
3772 1660 3928 1716 αὐτην

544 1762 731 1818 quam
773 1742 1176 1808 universalis;
1234 1741 1581 1797 substantia
1639 1757 1777 1797 vero
1834 1741 2197 1807 universalis,

2315 1738 2555 1809 λέγεσθαι
2604 1738 2787 1789 οὐσίαν
2836 1746 2927 1798 τῆς
2976 1748 3211 1812 μερικῆς,
3264 1747 3355 1793 καὶ
3400 1742 3528 1813 οὐχὶ
3578 1753 3678 1807 τῆς
3710 1757 3933 1817 μερικξς

544 1834 712 1907 quod
742 1833 943 1888 minus
964 1830 1295 1887 substantia
1330 1830 1561 1885 dicatur
1589 1846 1775 1902 quam
1809 1830 2201 1901 particularis,

546 1928 599 1980 et
626 1938 747 1978 non
770 1920 966 1978 solum
986 1921 1187 1976 minus
1205 1935 1392 1991 quam
1418 1919 1567 1986 hac,
1601 1920 1705 1975 sed
1726 1920 1903 1975 etiam
1924 1920 2058 1991 ipsa
2082 1935 2204 1992 pra

547 2028 609 2070 se
639 2012 769 2084 ipsa
802 2030 815 2079 ;
840 2011 954 2067 hoc
985 2014 1069 2066 est
1097 2030 1109 2069 :
1144 2025 1267 2066 non
1293 2009 1487 2065 solum
1518 2008 1881 2065 universalia
1906 2026 2029 2080 pra
2054 2009 2206 2064 indi-

544 2101 753 2165 viduis,
785 2116 989 2157 verum
1034 2098 1214 2155 etiam
1253 2114 1470 2168 genera
1502 2114 1623 2170 pra
1654 2098 1967 2170 speciebus
2004 2098 2203 2153 minus

546 2190 887 2247 substantia
912 2193 1066 2245 sunt.
1093 2187 1516 2259 Animaligitur
1528 2188 1729 2243 minus
1753 2187 2200 2254 estsubstantia,

544 2296 733 2352 quam
786 2279 1077 2341 Socrates,
1111 2277 1233 2332 imo
1277 2278 1453 2332 etiam
1496 2276 1693 2331 minus
1742 2292 1928 2347 quam
1978 2276 2199 2342 homo;

547 2368 705 2424 unde
736 2367 1014 2423 secunda
1045 2366 1395 2421 substantia
1440 2365 1640 2420 minus
1670 2370 1807 2420 sunt
1832 2366 2201 2434 substantia,

545 2473 731 2528 quam
749 2456 1157 2527 particulares.
1182 2456 1437 2525 Utraque
1461 2470 1597 2508 vero
1621 2454 1949 2525 proprietas
1972 2456 2202 2526 utrique

548 2544 896 2601 substantia
928 2542 1415 2614 principalissime
1443 2558 1511 2597 ac
1546 2543 1791 2597 maxime
1821 2543 2061 2614 propria
2084 2542 2205 2598 fue-

548 2633 621 2688 rit
650 2648 663 2698 ;
695 2632 838 2688 nihil
870 2632 1028 2688 enim
1057 2632 1116 2686 in
1138 2630 1414 2686 omnibus
1446 2630 1619 2686 rebus
1651 2631 1843 2700 magis
1873 2631 2204 2687 substantia

546 2737 732 2794 quam
790 2720 1136 2777 universalis
1187 2720 1403 2775 dicitur
1452 2724 1699 2791 excepta
1746 2720 2099 2791 particulari,
2149 2727 2205 2777 et

546 2811 693 2868 nihil
730 2827 937 2867 rursus
968 2809 1216 2881 cogitari
1266 2812 1457 2882 potest
1498 2809 1662 2881 quod
1695 2810 1769 2865 sit
1814 2810 2016 2867 minus
2068 2812 2206 2866 sub-

550 2899 772 2956 stantia
808 2915 997 2972 quam
1028 2898 1397 2971 particularis
1427 2903 1677 2971 excepta
1707 2898 2031 2954 universali.
2065 2899 2205 2956 Con-

548 2988 795 3046 siderari
826 2989 1139 3061 perspicue
1174 2992 1229 3045 et
1257 2987 1399 3044 inde
1423 3003 1516 3043 res
1540 2992 1749 3059 potest,
1782 2987 1948 3059 quod
1976 2991 2206 3045 univer-

549 3076 698 3135 salia
771 3081 827 3133 et
881 3077 1206 3143 individua,
1292 3076 1438 3132 dum
1515 3076 1723 3148 prima
1799 3082 1853 3132 et
1928 3077 2205 3133 secunda

550 3168 902 3225 substantia
944 3168 1239 3234 dicuntur,
1280 3182 1476 3240 neque
1506 3166 1743 3223 sibimet
1780 3166 1925 3239 ipsis
1958 3167 2206 3223 univoce

548 3257 832 3313 dicuntur
871 3256 1245 3322 substantia,
1288 3272 1483 3328 neque
1528 3255 1876 3312 substantia
1925 3257 2203 3329 simplici-

548 3351 653 3402 ter.
689 3348 955 3411 Quorum
984 3347 1143 3402 enim
1174 3348 1563 3419 proprietates
1590 3348 1923 3403 secundum
1949 3348 2004 3403 id
2040 3348 2203 3420 quod

548 3434 777 3490 videtur
814 3450 944 3491 esse
973 3434 1225 3491 maxime
1257 3452 1577 3490 commune
1609 3452 1851 3505 nomen,
1874 3442 2012 3491 sunt
2040 3452 2205 3507 pror-

551 3540 655 3577 sus
672 3527 885 3579 extera
916 3527 1093 3595 atque
1119 3523 1346 3587 aliena,
1380 3524 1686 3594 quomodo
1712 3525 1917 3579 horum
1946 3524 2203 3581 univoca

550 3611 848 3684 appelatio
892 3611 1065 3666 fuerit
1102 3616 1280 3683 atque
1323 3627 1442 3667 una
1494 3612 1817 3683 eademque
1854 3612 2201 3670 substantia

548 3699 745 3756 ratio?
794 3700 998 3755 Censet
1043 3704 1243 3755 autem
1286 3699 1626 3755 Aristoteles
1662 3716 1796 3755 eam
1833 3701 1911 3756 ob
1952 3717 2197 3759 causam

548 3787 971 3862 particularem
998 3788 1396 3845 substantiam
1428 3789 1621 3857 magis
1652 3789 2048 3846 substantiam
2073 3807 2202 3848 esse

549 3894 738 3952 quam
768 3878 1187 3944 universalem,
1229 3879 1372 3952 quia
1415 3880 1693 3945 maxime,
1736 3880 1943 3952 inquit,
1984 3880 2195 3937 indivi'

548 3968 671 4025 dua
691 3968 1021 4024 substantia
1042 3968 1413 4025 manifestius
1433 3968 1624 4025 reddit
1639 3969 1699 4024 id
1720 3970 1882 4041 quod
1898 3971 2199 4042 quaritur,

546 4074 732 4132 quam
760 4057 1099 4115 substantia
1118 4058 1486 4115 universalis.
1517 4059 1625 4124 Qui
1648 4059 1806 4114 enim
1828 4059 1971 4115 dicit
1999 4062 2203 4116 Socra-

546 4153 667 4204 tem
709 4147 1005 4205 notiorem
1071 4146 1209 4204 facit
1256 4147 1675 4203 Atheniensem
1725 4147 1897 4204 illum
1942 4148 2202 4221 philoso-

543 4237 757 4310 phum,
789 4253 975 4310 quam
999 4236 1101 4310 qui
1126 4236 1269 4292 dicit
1306 4253 1445 4292 eum
1478 4237 1772 4293 hominem
1805 4253 1933 4293 esse
1961 4239 2047 4294 vel
2078 4239 2202 4294 ani-

2316 1832 2487 1899 μόνον,
2534 1826 2660 1878 ἀλλὰ
2702 1832 2791 1878 καὶ
2838 1828 2999 1885 αὐτὴν
3033 1828 3240 1889 ἑαυτῆς·
3271 1836 3538 1883 τουτέστιν
3580 1834 3640 1885 οὐ
3691 1840 3761 1886 τὰ
3809 1840 3934 1887 καθ-

2315 1915 2434 1967 όλου
2498 1922 2649 1983 μόνον
2726 1925 2826 1968 τῶν
2904 1915 3129 1989 ἀτόμων,
3185 1918 3314 1970 ἀλλὰ
3372 1926 3458 1971 καὶ
3517 1926 3583 1973 τὰ
3640 1928 3771 1992 γένη
3834 1936 3930 1977 τῶν

2315 2001 2466 2057 εἰδῶν
2524 2002 2677 2061 ἧττόν
2732 2006 2861 2057 εἰσιν
2915 2006 3114 2058 οὐσίαι·
3168 2011 3224 2059 τό
3284 2016 3408 2079 γοῦν
3456 2010 3589 2069 ζῶον
3635 2013 3800 2069 ἧττον
3845 2020 3933 2086 μὲν

2314 2093 2471 2145 οὐσία
2510 2101 2600 2146 τοῦ
2648 2097 2971 2169 Σωκράτους,
3022 2100 3108 2148 καὶ
3153 2096 3211 2147 οὐ
3255 2105 3347 2149 τοῦ
3394 2102 3702 2171 Σωκράτους
3753 2110 3930 2174 μόνον,

2314 2182 2441 2234 ἀλλὰ
2504 2188 2593 2235 καὶ
2644 2191 2736 2235 τοῦ
2794 2182 3095 2258 ἀνθρώπου·
3160 2188 3293 2238 ὥστε
3336 2190 3390 2238 αἱ
3451 2185 3697 2261 δεύτεραι
3751 2193 3935 2245 οὐσίαι

2313 2273 2466 2329 ἧττόν
2495 2272 2626 2324 εἰσιν
2689 2272 2866 2324 οὐσίαι
2917 2283 3014 2325 τῶν
3070 2283 3313 2347 μερικῶνο
3372 2282 3460 2329 καὶ
3518 2282 3594 2336 εἰη
3641 2278 3700 2330 ἂν
3760 2281 3932 2335 britt-

2311 2381 2398 2435 ρον
2448 2370 2543 2413 τῶν
2591 2358 2738 2414 ἰδίων
2793 2364 2986 2414 τούτων
3039 2363 3277 2437 ἑκατέρας
3358 2374 3457 2418 τῶν
3504 2368 3701 2420 οὐσιῶν
3742 2379 3935 2441 κυριω-

2312 2470 2443 2503 τατα
2473 2457 2561 2502 καὶ
2590 2450 2821 2521 μάλιστα
2867 2448 3005 2503 ἴδιον
3064 2474 3075 2485 ι
3125 2450 3276 2505 οὐδὲν
3317 2456 3416 2529 γὰρ
3449 2456 3575 2518 ὅλως
3635 2467 3739 2509 τῶν
3776 2465 3933 2511 ὄντων

2312 2548 2407 2601 τῆς
2456 2540 2676 2591 καθόλου
2726 2540 2907 2601 οὐσίας
2957 2540 3169 2611 λεχθείη
3241 2543 3430 2613 μᾶλλον
3490 2545 3673 2612 οὐσία,
3730 2548 3927 2607 πλὴνη

2313 2633 2521 2701 μερικὴ,
2572 2633 2662 2680 καὶ
2701 2626 2851 2681 οὐδὲν
2902 2629 3053 2680 πάλιν
3111 2627 3227 2682 οὐδ’
3280 2630 3537 2691 ἐννοηθείη
3592 2635 3654 2686 ἂν
3700 2646 3799 2697 τῆς
3849 2659 3935 2709 με·

2312 2726 2466 2791 ρικῆς
2490 2718 2670 2777 οὐσίας
2717 2719 2870 2775 ἧττον
2918 2718 3075 2770 οὐσία
3104 2719 3234 2778 πλὴν
3293 2722 3321 2778 ἠ
3379 2722 3623 2779 καθόλου.
3666 2732 3770 2779 Καὶ
3807 2747 3931 2780 σκο-

2313 2813 2424 2859 πεῖν
2454 2810 2565 2858 ἔστι
2616 2816 2789 2879 σαφῶς
2831 2810 3098 2861 καντεῦθεν
3141 2826 3153 2838 ·
3216 2810 3296 2860 ὅτι
3351 2813 3416 2862 τὰ
3460 2813 3687 2866 καθόλου
3743 2822 3839 2868 καὶ
3864 2822 3928 2869 τὰ

2314 2898 2485 2968 ἄτομα
2549 2895 2596 2947 ἓν
2653 2904 2724 2965 τῷ
2767 2897 3007 2968 λέγεσθαι
3050 2906 3253 2971 πρῶται
3311 2905 3401 2952 καὶ
3454 2898 3699 2975 δεύτεραι
3748 2907 3929 2959 οὐσίαι

2315 2988 2431 3037 οὐτε
2478 2984 2685 3046 ἑαυταῖς
2734 2989 3043 3057 συνωνύμως
3110 2987 3342 3057 λέγονται
3422 2990 3621 3055 οὐσίαι,
3690 2998 3811 3046 οὔτε
3865 3006 3925 3067 τῇ

2248 3106 2286 3158 C
2316 3074 2489 3136 ἁπλῶς
2536 3075 2709 3142 οὐσίᾳ·
2758 3076 2825 3126 ὧν
2850 3079 2947 3151 γὰρ
2990 3078 3054 3128 τὰ
3104 3073 3223 3129 ἴδια
3276 3082 3411 3130 κατὰ
3461 3084 3516 3131 τό
3552 3078 3748 3135 δοκοῦν
3800 3088 3927 3138 εἶναι

2315 3164 2545 3237 μάλιστα
2572 3169 2739 3217 κοινόν
2779 3170 2937 3237 ὄνομα
2990 3166 3250 3229 παντελῶς
3303 3167 3415 3221 ἐστι
3470 3170 3587 3231 ξένα
3638 3179 3732 3225 καί.
3780 3175 3928 3233 ἠλλο-

2314 3260 2588 3327 τριωμένα,
2654 3258 2847 3307 τούτων
2894 3264 2998 3315 πῶς
3056 3256 3116 3307 ἃν
3170 3261 3246 3313 εἰη
3306 3266 3606 3332 συνώνυμος
3665 3265 3696 3320 ἠ
3740 3268 3925 3335 ὀνομαο

2316 3349 2405 3396 σία
2430 3347 2458 3403 ὴ
2494 3345 2559 3405 εἷς
2584 3349 2670 3396 καὶ
2718 3344 2874 3407 αὐτὸς
2926 3346 2951 3395 ό
2982 3353 3072 3405 τῆς
3127 3346 3311 3407 οὐσίας
3342 3348 3491 3419 λόγος
3524 3366 3538 3415 ;
3577 3350 3749 3413 Ἀξιοί
3813 3352 3873 3406 δε
3895 3358 3919 3406 ό

2314 3434 2675 3508 Ἀριστοτελης
2709 3430 2799 3486 διὰ
2846 3442 2997 3486 τοῦτο
3028 3439 3120 3493 τὴν
3164 3442 3380 3509 μερικὴν
3432 3438 3615 3491 οὐσίαν
3656 3450 3752 3502 τῆς
3799 3447 3925 3496 καθ-

2312 3523 2429 3575 ὀλου
2485 3523 2673 3595 μᾶλλον
2729 3522 2858 3574 εἶναι
2915 3523 3118 3588 οὐσίαν,
3162 3520 3303 3576 διότι
3354 3526 3610 3597 μάλιστα,
3670 3538 3854 3601 φησὶν,
3889 3535 3917 3588 ἠ

2310 3614 2501 3684 ἄτομος
2568 3612 2720 3664 οὐσία
2795 3618 3136 3686 φανερώτερον
3213 3622 3348 3666 ποιεῖ
3437 3620 3494 3667 τό
3578 3618 3917 3691 ζητούμενον,

2312 3705 2441 3774 ἥπερ
2466 3704 2495 3760 ἡ
2528 3701 2750 3753 καθόλου
2801 3701 2957 3752 οὐσία
3015 3702 3151 3771 (54)·
3186 3704 3210 3753 ό
3264 3706 3366 3775 γὰρ
3400 3705 3554 3756 εἰπὼν
3616 3710 3915 3781 Σωκράτην,

2311 3787 2556 3848 ἐπίδηλον
2606 3790 2794 3862 μᾶλλον
2868 3788 3079 3847 ἐποίησε
3131 3795 3218 3842 τὸν
3263 3792 3312 3843 ἐν
3372 3794 3616 3855 Ἀθήναις
3664 3798 3709 3848 εἰ
3757 3801 3916 3868 τύχοι

2311 3880 2585 3952 φιλόσοφον
2615 3882 2757 3951 παρὰ
2798 3882 2884 3931 τὸν
2942 3880 3169 3944 εἰπόντα,
3225 3884 3304 3933 ὅτι
3352 3884 3626 3955 ἄνθρωπος
3658 3888 3688 3944 ἦ
3729 3888 3862 3946 ζῶον
3893 3909 3905 3919 ·

2310 3975 2399 4022 καὶ
2449 3972 2473 4020 ὁ
2548 3969 2701 4021 εἰπὼν
2778 3972 2863 4019 τὸν
2918 3970 3236 4041 Βουκέφαλον
3295 3970 3485 4043 μᾶλλον
3540 3970 3781 4030 ἐδήλωσε
3828 3981 3908 4027 τόν

2311 4055 2651 4133 Ἀλεξάνδρου
2702 4060 2855 4110 ῖππον
2903 4060 2932 4117 ἡ
2996 4061 3020 4110 ό
3070 4060 3225 4111 εἰπὼν
3268 4063 3347 4113 ὅτι
3397 4064 3554 4123 ἵππος
3607 4066 3636 4122 ἦ
3702 4066 3836 4125 ζῶον
3895 4084 3907 4095 ⁸

2310 4151 2550 4208 ὡσαύτως
2582 4144 2641 4200 δὲ
2669 4153 2757 4200 καὶ
2790 4156 2885 4209 τῆς
2927 4148 3149 4200 καθόλου
3206 4150 3391 4213 όύσίας
3443 4152 3635 4223 μᾶλλον
3668 4155 3829 4207 οὐσία
3855 4160 3906 4207 τό

2310 4235 2443 4297 εἶδος
2496 4245 2587 4289 τοῦ
2636 4241 2830 4308 γένους,
2890 4236 2937 4289 ἓν
2985 4240 3074 4309 μεν
3119 4234 3260 4289 διότι
3315 4238 3590 4314 ἐγγύτερόν
3648 4242 3764 4295 ἐστι
3819 4253 3911 4305 τῆς

542 4324 687 4391 mal,
738 4332 794 4384 et
839 4326 943 4400 qui
984 4326 1126 4383 dicit
1180 4326 1603 4399 Bucephalam,
1666 4328 1849 4397 magis
1890 4328 2197 4385 denotavit

2308 4327 2540 4401 μάλιστα
2567 4326 2749 4389 οὐσίας
2805 4327 2917 4385 ἦτοι
2957 4336 3050 4388 τῆς
3095 4325 3291 4399 ἀτόμου
3349 4333 3407 4381 τό
3461 4327 3602 4393 εἶδος
3658 4337 3804 4405 παρὰ
3852 4340 3907 4385 τό

2108 4475 2149 4529 Ν
2158 4474 2331 4529 OT/E.

612 4604 801 4677 (537)13
817 4602 1353 4675 Mon.:proprietas
1396 4604 1679 4659 secunda.
1706 4606 1943 4677 Δεύτερον
1976 4601 2034 4657 δὲ
2057 4602 2170 4657 διον

537 4683 631 4737 τῆς
659 4676 843 4736 οὐσίας
899 4678 957 4727 τὸ
1013 4677 1330 4747 συνωνύμως.
1374 4678 1784 4747 κατηγορεῖσθαι
1858 4676 2034 4733 αὐτὴν
2088 4686 2186 4728 τῶν

536 4756 758 4822 μερικῶν
798 4747 989 4799 οὐσιῶν
1032 4762 1046 4775 ’
1096 4744 1248 4798 τοῦτο
1303 4744 1361 4799 δὲ
1408 4750 1466 4799 τό
1520 4744 1661 4799 ’ίότιον
1738 4752 1853 4798 οὔτε
1913 4752 2056 4819 πάσῃ
2122 4757 2182 4821 τῇ

535 4819 691 4891 οὐσίᾳ
727 4819 1136 4893 ἁρμόζειηούτε
1192 4822 1321 4891 μόνη
1369 4836 1381 4848 ·
1424 4823 1513 4870 καὶ
1560 4820 1705 4889 πάσῃ
1769 4822 1858 4890 μὲν
1889 4828 1951 4893 τῇ
2031 4819 2189 4893 οὐσία

534 4892 638 4961 οὐχ
669 4886 1155 4964 ’ἁρμόζεῃέπειδὴ
1192 4886 1280 4941 ἀἱ
1300 4886 1309 4891 ’
1331 4894 1541 4962 μερικαὶ
1615 4886 1793 4941 οὐσίαι
1846 4886 2185 4964 οὖς-κατηγοᾷ

530 4959 746 5036 ροῦνταί
773 4959 780 4961 -
804 4962 920 5013 κατ’
973 4961 1127 5036 (ἧλον
1178 4959 1339 5027 τινός,
1390 4959 1585 5036 πολλῷ,
1609 4961 1814 5036 ⁸μοὶλλον
1864 4959 1985 5014 οὐδὲ
2015 4959 2185 5036 συνω-

531 5030 703 5107 νύμως
745 5035 1265 5107 κατηγορηθήσονται
1321 5047 1335 5061 ⁸
1376 5030 1484 5107 εἶτα
1523 5030 1654 5107 ὀὐδὲ
1705 5038 1831 5107 μόνη
1895 5042 1957 5105 τῇ
2008 5034 2180 5107 οὐσία,

530 5092 713 5179 ἐπέιᾷὴ
757 5092 975 5179 ἁρμόξέι
1022 5111 1138 5166 ταῖς
1195 5101 1483 5179 οὐσιώςῖεσι
1511 5092 1819 5178 διαφοραῖς”
1864 5093 1941 5155 ai.
1969 5108 2067 5179 γὰρ
2097 5092 2185 5157 οὐέ

533 5172 740 5235 σιώδεις
791 5172 1079 5249 ¹διαφοραὶ.
1175 5176 1484 5251 συνωνύμως
1582 5172 1995 5251 κατηγοροῦνται
2039 5172 2047 5179 ’
2086 5186 2181 5228 τῶν

526 5254 750 5321 μερικῶν
811 5246 1000 5299 οὐσιῶν
1046 5264 1073 5321 _'
1144 5246 1247 5298 οἷον
1311 5246 1387 5300 τό
1433 5247 1639 5319 λογικόν
1693 5246 2001 5318 συνωνύμως
2055 5267 2183 5299 κοιτ-

528 5317 793 5393 ηγορεῐται
849 5327 938 5371 τοῦ
982 5317 1265 5393 ,Πλάτωνος
1404 5317 1507 5372 τοῦ
1550 5322 1848 5393 Σωκράτους
1981 5318 2179 5389 λέγεται

522 5390 633 5463 γὰρ’
686 5395 775 5463 καί
802 5392 941 5443 ἔστιν
956 5392 995 5463 λό’
1050 5408 1103 5441 τε
1145 5392 1421 5463 Σωκράτης
1470 5396 1561 5443 καὶ
1614 5394 1639 5442 ό
1663 5390 1667 5391 ν
1691 5392 1897 5443 Πλάτων
1926 5390 2127 5461 λογικός
2163 5409 2174 5421 ο

522 5459 713 5534 ὁμοίως
746 5459 803 5515 δὲ
824 5467 912 5515 καὶ
948 5460 1153 5515 ἐπὶτῶν
1181 5459 1362 5534 ἄλλων.
1397 5463 1569 5517 Arist.
1598 5463 1624 5533 §
1670 5464 1750 5527 15,
1789 5479 1843 5533 ρ.
1880 5466 1931 5517 υἱ.

592 5534 708 5605 (54)
737 5551 794 5589 ιη
824 5534 963 5591 cod.
1001 5535 1226 5605 Monac.
1279 5532 1319 5588 f.
1363 5537 1429 5605 39
1484 5534 1544 5589 b.
1593 5532 1724 5605 post
1756 5532 1955 5589 lverba
1993 5548 2176 5605 supra

522 5606 569 5677 (ἓ
602 5611 653 5662 ὅ.
688 5612 817 5677 th.
880 5607 933 5677 4)
978 5604 1323 5677 adducta";
1372 5604 1429 5656 Ὀ
1474 5604 1744 5677 ἄνθρωπος
1800 5606 1988 5677 μᾶλλόν
2035 5604 2174 5655 ἐστιν

520 5674 678 5731 οὐσία
735 5674 827 5730 διά
870 5674 922 5730 τε
971 5682 1027 5729 τὸ
1072 5676 1224 5749 ἐγγύς
1270 5676 1487 5748 (ἔγγιον)
1544 5674 1671 5730 εἶναι
1861 5682 2067 5751 πρώτης
2115 5676 2173 5728 οὐ

2283 4610 2397 4679 σίας
2424 4609 2511 4657 καὶ
2570 4601 2663 4679 διὰ
2715 4607 2771 4656 τὸ
2831 4608 3174 4679 φανερώτερον
3228 4612 3392 4657 ποιεῖν
3434 4610 3491 4657 τὸ
3544 4607 3860 4679 ζητούμενον
3895 4628 3907 4639 ν

2296 4676 2525 4753 ἔὰῃγὸρ
2584 4676 2747 4747 ἐρωτᾷ
2815 4696 2895 4735 τις
2942 4675 3147 4753 ,ἀγνοῶν
3213 4682 3547 4747 προκειμένου
3608 4675 3909 4753 ἀνθρώπου,

2296 4749 2365 4802 Τί
2388 4744 2505 4800 ἐστι’
2531 4744 2682 4800 τοῦτο
2708 4744 2736 4814 ;⁷
2768 4750 2902 4799 εἴποι
2931 4744 3001 4799 δέ
3019 4767 3095 4807 τις
3128 4744 3279 4813 ζῶον,
3314 4744 3459 4809 ἄλλος
3478 4747 3556 4813 δὲ,
3592 4752 3671 4802 ότι
3702 4744 3909 4823 ἂνθρωέ

2293 4840 2413 4885 πος,
2462 4822 2486 4870 ό
2546 4820 2697 4872 εἰπὼν
2792 4820 2867 4870 ὅτι
2935 4820 3222 4891 ἄνθρωπος,
3285 4827 3625 4895 φανερώτερον
3686 4820 3907 4880 ἐποίησε

2293 4895 2351 4942 τὸ
2406 4892 2715 4961 ζητούμενον
2784 4892 2925 4961 παρὰ
2993 4894 3077 4942 τόν
3138 4891 3362 4954 εἰπόντα,
3408 4891 3544 4943 ⁷ὄτι’
3584 4894 3717 4952 ζῶόν
3768 4896 3905 4947 ἐστι.

2296 4968 2395 5015 Καὶ
2426 4964 2578 5014 πάλιν
2606 4962 2687 5013 ἐὰν
2742 4970 3000 5033 προκῆται
3053 4965 3213 5035 καρέα
3244 4963 3302 5025 (l.
3352 4964 3541 5034 καρύα)
3600 4966 3628 5021 ἡ
3666 4964 3791 5017 ἄλλο
3860 4986 3909 5017 τι

2292 5034 2577 5105 καὶᾲέρωτᾲ
2605 5054 2702 5095 τις,
2748 5036 2837 5105 ὅτι*
2876 5038 2938 5085 Τί
2986 5032 3127 5083 ἐστι⁷
3158 5040 3350 5098 τοῦτο;
3408 5032 3541 5087 ἐῖποι
3582 5032 3643 5087 δέ
3690 5056 3788 5100 τις,
3828 5040 3905 5088 ὅτι

2293 5101 2734 5178 δένδρον,’ά”Λλος
2811 5102 2889 5167 δὲ,
2942 5106 3020 5155 ὅτι
3100 5108 3271 5178 καρύα
3324 5105 3486 5165 ἐστὶν,
3544 5114 3903 5178 φανερώτερον

2290 5164 2500 5234 ἐποίησε
2532 5180 2587 5227 τὸ
2635 5178 2945 5248 ζητούμενον
3000 5194 3011 5205 '
3068 5164 3190 5250 ἔστί
3236 5173 3307 5250 δὲ.
3351 5178 3398 5250 ἠᾼ
3434 5164 3729 5250 μέν’καρύά
3762 5164 3906 5240 εἶδος

2288 5256 2386 5299 τῶν
2418 5252 2552 5300 κατά
2578 5252 2727 5321 μέρος
2777 5243 3000 5321 καρυῶν,
3054 5250 3110 5297 τό
3160 5243 3218 5299 δὲ
3266 5243 3493 5321 ’δένδρον
3547 5243 3690 5320 γένος
3740 5248 3857 5302 ἐστί
3889 5294 3900 5303 .

2288 5324 2498 5391 φανερόν
2533 5316 2649 5392 [οὖν’
2692 5323 2767 5371 ὅτι
2906 5319 3058 5369 οὐσία
3113 5320 3226 5389 οὐκ]
3257 5316 3563 5391 ἐπιδέχεται
3621 5326 3678 5373 τὸ
3704 5322 3902 5391 μᾶλλον

2284 5396 2373 5443 καὶ
2411 5390 2473 5442 τό
2501 5390 2674 5455 ἧττον,
2714 5390 2796 5442 ἐὰν
2826 5395 2894 5459 μὴ
2950 5393 3013 5441 τά
3070 5390 3452 5465 καθολικώτερα
3504 5397 3637 5464 πρὸς
3690 5390 3755 5445 τὰ
3807 5414 3897 5464 με·

2282 5468 2535 5534 ρικῶτερα
2576 5468 2879 5537 συγκρίνης,
2925 5465 3190 5513 τουτέστιν
3240 5461 3299 5512 ἂν
3338 5461 3408 5534 μη
3468 5461 3707 5533 τὸγένος
3762 5461 3899 5537 πρὸς

2282 5530 2339 5585 τὸ
2372 5530 2530 5597 εἶδός,
2556 5536 2584 5592 ὴ
2620 5530 2676 5586 τό
2717 5530 2859 5593 ἐἶδος
2890 5539 3013 5605 πρὸς
3062 5535 3126 5583 τὰ
3179 5530 3367 5599 οἱτομά.
3406 5530 3577 5590 Arist;
3631 5553 3680 5590 c.
3730 5530 3897 5605 5,'§6

2282 5621 2401 5677 seq.
2439 5623 2490 5679 ρ.
2521 5611 2575 5679 3ἶ
2604 5636 2669 5679 f—
2698 5606 2760 5660 In
2789 5604 2936 5660 Mon;
2969 5610 3295 5676 sequuntur
3337 5608 3518 5662 verba
3573 5623 3762 5679 supra
3786 5604 3889 5679 §'5,

2282 5683 2409 5734 not.
2447 5678 2481 5730 5
2505 5676 2785 5733 adducta.
