4116 6194
273 264 376 320 ’181

1277 267 1372 320 AD
1413 265 1964 324 AMPHILOCHIUM
2007 265 2336 332 QUIESTIO
2382 265 2677 322 CXXXIX.

3538 273 3644 328 782

273 395 440 462 γένος,
473 387 710 462 δεύτερον
743 385 803 442 δὴ
857 395 936 442 ὄτι
987 393 1076 442 καὶ
1131 393 1155 441 ό
1203 389 1356 442 εἰπὼν
1411 395 1470 444 τό
1497 387 1636 452 εἶδος
1691 391 1868 464 pano:

1993 391 2314 448 Alexandri
2331 407 2576 464 equum,
2598 406 2784 462 quam
2801 392 2906 464 qui
2933 391 3090 460 dicit,
3117 409 3289 450 eume
3303 411 3496 468 quum
3517 412 3642 454 esse

273 477 430 538 δηλοῖ
471 483 556 531 τὸν
621 481 898 554 Σωκράτην
950 481 978 538 ἦ
1041 481 1066 530 ὁ
1117 480 1268 532 εἰπὼν
1321 483 1378 532 τὸ
1426 485 1571 552 γένος
1625 495 1639 510 ·
1701 483 1725 532 ὁ
1777 483 1878 555 γὰρ

273 570 428 622 εἰπὼν
478 571 742 640 ἄνθρωπον
795 567 986 640 μᾶλλον
1042 565 1300 626 ἐδήλωσεν
1345 570 1474 641 ἢπερ
1535 571 1560 620 ό
1609 569 1761 622 εἰπὼν
1801 571 1880 622 ὅτι

275 659 408 717 ζῶον
442 675 454 687 ·
514 661 649 710 ὥστε
716 657 770 720 ἐξ
813 658 880 708 ὧν
935 658 1294 732 Ἀριστοτέλης
1347 657 1605 734 ἐπιχειρεῖ
1652 655 1878 711 δίδωσιν

271 747 398 818 ἡμῖν
431 747 729 820 συμϐαλεῖν,
765 749 832 809 ὡς
881 747 1070 819 μᾶλλον
1114 747 1298 799 οὐσίαν
1357 747 1502 799 καλεῖ
1551 753 1644 806 τὴν
1689 749 1878 820 μᾶλλον

270 833 432 887 οὖσαν
495 835 850 906 ἐξαγγελτικὴν
899 841 988 888 καὶ
1077 836 1446 908 ἑρμηνευτικὴν
1522 845 1613 889 τοῦ
1673 857 1878 910 προκει-

270 929 424 996 μένου
457 929 598 997 παρὰ
625 931 718 984 τὴν
759 923 938 985 ἐνδεῶς
997 928 1328 998 πράττουσαν
1387 934 1540 978 τοῦτο
1585 947 1596 958 ·
1655 936 1766 988 πῶς
1819 924 1874 980 δὲ

271 1017 330 1065 τὸ
361 1013 552 1085 μᾶλλον
609 1014 975 1087 ἑρμηνευτικὸν
1022 1020 1110 1068 καὶ
1175 1015 1534 1086 ἕξαγγελτικὸν
1591 1023 1684 1068 τοῦ
1741 1035 1875 1089 προ-

269 1106 503 1174 κειμένου
535 1104 564 1162 ἣ
613 1103 738 1166 ὅλως
791 1103 944 1156 οὐσία
993 1101 1214 1156 δύναται
1265 1103 1565 1164 ἐννοηθῆναι
1621 1105 1650 1164 ἣ
1685 1103 1874 1177 μᾶλλον

267 1191 444 1258 οὐσία,
503 1191 564 1244 οὗ
619 1200 714 1244 τοῦ
799 1197 1048 1268 παρόντος
1103 1200 1300 1246 σκοποῦ
1357 1190 1670 1266 διελέγχειν.
1721 1193 1876 1246 Ἀλλὰ

269 1285 386 1353 περὶ
417 1283 506 1352 μὲν
537 1281 720 1343 οὐσίας
757 1285 876 1342 τέως
900 1289 986 1332 νῦν
1009 1280 1090 1334 ἐπὶ
1114 1290 1380 1335 τοσοῦτον.

1993 480 2083 536 vel
2105 480 2352 538 animal.
2381 481 2658 537 Similiter
2674 497 2937 554 quoque,
2957 483 3123 553 quod
3145 484 3224 538 ad
3245 484 3644 541 substantiam

1993 573 2222 642 spectat
2253 569 2672 635 universalem,
2711 572 2894 640 magis
2929 571 3266 628 substantia
3294 577 3386 628 est
3415 573 3640 646 species

1989 675 2176 731 quam
2215 673 2422 728 genus,
2466 665 2594 715 tum
2635 661 2778 731 quia
2817 661 3056 731 propior
3095 665 3185 718 est
3227 663 3459 734 species
3499 663 3640 720 sub-

1991 751 2218 804 stantize
2245 747 2758 820 principalissimee
2791 751 2914 806 sive
2945 749 3288 814 individuee,
3320 768 3506 824 quam
3538 767 3642 822 ge-

1989 853 2120 900 nus,
2165 843 2292 892 tum
2335 837 2476 908 quia
2515 838 2618 909 qui
2661 839 2919 910 speciem
2957 839 3098 896 dicit
3137 840 3330 910 magis
3369 841 3644 910 designat

1989 927 2314 992 Socratem,
2335 943 2516 998 quam
2531 927 2632 1000 qui
2651 927 2790 984 dicit
2803 943 3016 998 genus.
3033 930 3142 996 Qui
3157 931 3314 985 enim
3329 931 3638 986 hominem

1986 1013 2130 1070 dicit
2148 1015 2339 1087 magis
2368 1015 2870 1088 designat,quam
2899 1018 3004 1089 qui
3025 1017 3166 1074 dicit
3195 1017 3442 1074 animal.
3472 1018 3638 1074 Unde

1985 1120 2058 1160 ex
2097 1104 2169 1160 iis
2209 1121 2342 1177 quas
2370 1109 2824 1176 argumentatur
2861 1106 3204 1162 Aristoteles
3233 1107 3638 1179 colligendum

1985 1193 2160 1249 nobis
2191 1194 2436 1265 praebet,
2471 1195 2632 1265 quod
2663 1194 2856 1264 magis
2881 1195 3276 1252 substantiam
3305 1195 3450 1252 dicit
3474 1211 3630 1262 eam,

1984 1299 2119 1355 quin
2155 1284 2348 1354 magis
2387 1285 2658 1340 enuntiat
2697 1289 2752 1340 et
2781 1283 3033 1356 explicat
3071 1285 3134 1340 id
3171 1285 3246 1340 de
3276 1301 3400 1356 quo
3439 1285 3636 1356 agitur

265 1385 450 1440 quam
488 1369 622 1435 alia,
667 1386 796 1441 quas
835 1371 896 1426 id
928 1371 1123 1426 minus
1163 1371 1330 1444 plene
1359 1373 1616 1443 praestat.
1649 1369 1964 1436 Quomodo
2013 1387 2153 1428 vero
2179 1371 2346 1444 quod
2381 1373 2572 1442 magis
2615 1372 2872 1444 explicat
2913 1377 2969 1428 et
2998 1373 3262 1430 enuntiat
3299 1373 3364 1429 id
3405 1373 3480 1430 de
3506 1389 3628 1446 quo

264 1457 572 1529 quaeritur,
619 1459 712 1514 vel
755 1461 1004 1516 omnino
1043 1459 1380 1516 substantia
1407 1459 1498 1514 vel
1531 1459 1724 1528 magis
1755 1458 2092 1516 substantia
2140 1461 2386 1531 cogitari
2429 1465 2628 1532 queat,
2665 1477 2790 1518 non
2825 1461 2887 1518 in
2927 1461 3229 1534 presentia
3265 1466 3636 1536 perscrutan-

269 1545 418 1602 dum
455 1549 896 1620 proposuimus.
931 1548 1152 1604 Verum
1181 1549 1255 1604 de
1282 1547 1618 1604 substantia
1647 1547 1958 1605 hactenus.

807 1657 1124 1710 ΕΡΩΤΗΣΙΣ
1163 1654 1337 1712 ΡΛΘ’.

893 1767 1016 1836 Περὶ
1047 1771 1234 1817 ποσοῦ.

2319 1656 2640 1721 QU/ESTIO
2682 1656 2954 1713 CXXXIX
2993 1657 3296 1730 [CLXXV.]

2571 1765 2649 1819 De
2686 1763 3041 1836 quantitate.

1359 1887 1510 1938 Nunc
1547 1888 1782 1953 primum
1818 1887 1962 1939 edita
1987 1889 2054 1940 ad
2091 1889 2536 1954 Hergenroether.

339 2001 402 2057 α’.
464 2007 633 2055 Ποσόν
695 2002 828 2064 ἐστι,
879 2004 998 2056 καθ’
1047 2005 1072 2056 ὁ
1135 2005 1246 2072 (55)
1311 2013 1412 2056 τῶν
1441 2009 1596 2056 ὄντων
1653 2006 1870 2057 ἕκαστον
1905 2005 1948 2059 Β

265 2097 568 2146 πεπόσωται
600 2109 612 2120 ’
645 2089 762 2150 εἴδη
807 2090 866 2146 δὲ
893 2095 1076 2146 τούτου
1119 2091 1238 2163 δύο,
1293 2097 1510 2166 συνεχὲς
1559 2099 1650 2146 καὶ
1692 2093 1872 2168 διωρι-

268 2187 476 2254 σμένον.
540 2185 756 2254 Συνεχες
805 2185 894 2255 μεν
944 2179 1030 2235 οὖν
1081 2181 1193 2234 ἐστι
1258 2187 1440 2248 ποσὸν,
1492 2183 1550 2235 οὗ
1603 2186 1668 2235 τὰ
1711 2188 1870 2255 μόρια

265 2277 396 2345 πρός
445 2293 562 2324 τινα
617 2277 786 2324 κοινὸν
825 2275 940 2346 ὅρον
1022 2275 1292 2342 συνάπτει,
1375 2271 1716 2347 διωρισμένον
1787 2271 1865 2342 δὲ,

264 2363 326 2414 οὗ
351 2363 418 2413 τὰ
445 2368 606 2434 μόρια
645 2365 770 2434 πρὸς
817 2359 1006 2414 οὐδένα
1057 2367 1226 2414 κοινόν
1279 2365 1394 2438 ὅρον
1463 2366 1730 2415 συνάπτει.
1769 2367 1867 2416 Καὶ

265 2447 550 2524 διαιρεῖται
581 2455 638 2502 τό
693 2455 780 2522 μὲν
845 2449 1187 2525 διωρισμένον
1245 2453 1312 2512 εἰς
1357 2449 1474 2514 δύο,
1527 2453 1598 2514 εἰς
1647 2451 1865 2527 ἀριθμόν

263 2545 354 2592 καὶ
393 2539 462 2602 εἰς
503 2543 588 2592 τόν
641 2545 952 2614 προφορικὸν
1000 2541 1146 2612 λόγον
1179 2542 1286 2612 (56)
1323 2561 1334 2573 ⁸
1387 2545 1503 2593 οὔτε
1555 2543 1654 2614 γὰρ
1685 2543 1711 2592 ό
1752 2539 1866 2616 ἀρι-

265 2633 390 2701 θμός
447 2628 558 2681 ἐστι
603 2633 834 2700 συνεχής
891 2650 903 2661 ·
959 2633 1090 2704 πρὸς
1141 2627 1328 2682 οὐδένα
1386 2633 1488 2700 γὰρ
1547 2633 1713 2682 κοινὸν
1749 2633 1864 2703 ὅρον

265 2720 518 2770 συνάπτει
543 2721 606 2770 τὰ
651 2723 812 2792 μόρια
841 2719 1000 2770 αὐτοῦ
1050 2719 1164 2791 (57)
1199 2739 1210 2752 ·
1245 2723 1308 2780 ὡς
1352 2721 1378 2771 ὁ
1408 2719 1522 2790 (58)
1549 2715 1680 2772 δέκα
1713 2735 1724 2748 ·
1750 2723 1866 2772 οὔτε

259 2813 363 2881 γὰρ
413 2811 542 2882 πρὸς
567 2807 764 2865 ἄλληλα
811 2807 924 2880 (59)
975 2811 1042 2860 τὰ
1089 2813 1234 2860 πέντε
1297 2813 1386 2860 καὶ
1449 2811 1512 2860 τὰ
1551 2813 1696 2860 πέντε
1737 2809 1766 2866 ἦ
1799 2811 1866 2860 τὰ

259 2903 382 2972 τρία
428 2901 556 2970 πρὸς
588 2896 700 2968 (60)
765 2899 830 2948 τὰ
909 2897 1038 2949 ἑπτὰ
1092 2899 1342 2950 συνάπτει
1383 2898 1512 2968 (61),
1573 2897 1678 2948 ἀλλ’
1746 2895 1862 2949 οὐδ’

259 2985 416 3038 οῧιλου
481 2991 618 3047 τινὸς
673 2985 896 3059 ἀριθμοῦ
929 3006 941 3018 ·
1003 2989 1195 3058 όμοίῶς
1247 2983 1304 3039 δὲ
1379 2992 1467 3038 καὶ
1530 2987 1641 3056 (62)
1683 2983 1862 3038 οὐδὲὸ

259 3075 412 3146 λόγος
467 3079 578 3128 ἐστὶ
630 3081 859 3148 συνεχής
912 3092 922 3103 ·
971 3079 1448 3151 καταμετρούμενος
1485 3078 1586 3146 γὰρ
1629 3074 1858 3148 συλλαϐῇ

259 3163 496 3238 βραχείᾳ
515 3171 602 3217 καὶ
633 3171 810 3238 μακρᾷ
839 3169 964 3239 πρὸς
993 3163 1180 3218 οὐδένα
1232 3169 1399 3217 κοινόν
1444 3167 1560 3238 ὅρον
1609 3167 1674 3216 τα
1703 3170 1864 3238 μόρια

255 3253 416 3305 αὐτοῦ
471 3257 582 3324 (63)
635 3255 904 3309 συνάπτει.
953 3257 1022 3306 Τὸ
1056 3251 1114 3306 δὲ
1145 3257 1361 3326 συνεχὲς
1407 3253 1473 3314 εἰς
1520 3257 1666 3305 πέντε
1717 3250 1862 3306 διαι-

2051 2007 2423 2071 l.Quantum
2447 2011 2552 2072 est,
2578 2006 2913 2062 secundum
2939 2006 3106 2078 quod
3133 2021 3512 2081 unaquaeque
3537 2022 3634 2064 res

1979 2095 2374 2167 quantitatem
2413 2095 2613 2152 habet.
2659 2097 2796 2166 Ejus
2837 2111 2980 2151 vero
3011 2095 3238 2167 species
3267 2097 3398 2154 dum
3431 2115 3444 2152 :
3488 2111 3638 2152 con-

1981 2184 2212 2239 tinuum
2241 2189 2297 2240 et
2326 2184 2649 2240 discretum
2681 2203 2696 2254 ;
2731 2185 3084 2241 continuum
3115 2185 3295 2257 igitur
3325 2189 3414 2242 est
3445 2201 3635 2258 quan-

1979 2279 2126 2337 tum,
2161 2275 2330 2346 cujus
2355 2277 2554 2346 partes
2585 2275 2834 2330 termino
2867 2275 3042 2332 alicui
3075 2276 3382 2332 communi
3415 2291 3633 2332 conne-

1977 2367 2212 2418 ctuntur
2245 2379 2256 2428 ;
2289 2364 2616 2418 discretum
2653 2379 2811 2432 vero,
2845 2364 3020 2434 cujus
3051 2369 3252 2435 partes
3283 2365 3448 2420 nullo
3475 2379 3634 2421 com-

1979 2453 2141 2506 muni
2173 2452 2428 2507 termino
2456 2452 2770 2508 cohaerent.
2815 2455 2896 2508 Ac
2927 2453 3250 2509 discretum
3289 2453 3538 2525 quidem
3571 2453 3632 2508 in

1975 2541 2098 2596 duo
2127 2541 2426 2606 dividitur,
2455 2541 2516 2596 in
2547 2557 2866 2598 numerum
2907 2547 2964 2598 et
3003 2542 3064 2596 in
3095 2541 3367 2598 vocalem
3411 2557 3632 2598 sermo-
3709 2581 3712 2584 -

1975 2645 2134 2685 nem.
2187 2633 2388 2702 Neque
2425 2631 2588 2687 enim
2629 2647 2912 2687 numerus
2951 2633 3040 2686 est
3077 2632 3396 2687 continuus
3434 2649 3452 2702 ;
3499 2631 3628 2702 ejus

1974 2719 2134 2774 enim
2163 2723 2355 2790 partes
2379 2719 2526 2776 nulli
2545 2719 3123 2776 communitermino
3151 2723 3626 2788 connectuntur;

1977 2823 2030 2862 v.
2073 2823 2162 2878 gr.
2204 2809 2412 2865 decem
2453 2809 2670 2881 (neque
2708 2809 2866 2864 enim
2917 2810 2990 2865 ad
3031 2809 3288 2864 invicem
3327 2809 3630 2866 cohaerent

1975 2896 2234 2969 quinque
2265 2903 2320 2954 et
2355 2899 2620 2970 quinque
2661 2897 2752 2952 vel
2793 2898 2896 2952 tria
2935 2897 3012 2952 ad
3045 2897 3346 2968 septem),
3391 2897 3478 2952 sic
3517 2912 3628 2953 nec

1974 2984 2216 3040 alterius
2237 2985 2412 3041 ullius
2431 2987 2662 3042 numeri
2677 2991 2894 3057 partes.
2920 2985 3196 3041 Similiter
3213 3001 3402 3057 neque
3427 3001 3622 3042 sermc

1974 3078 2058 3130 est
2087 3075 2402 3130 continuus
2434 3091 2446 3141 ;
2475 3075 2753 3131 metimur
2775 3076 2935 3131 enim
2953 3091 3092 3130 eum
3126 3075 3363 3146 syllaba
3387 3073 3554 3130 brevi
3571 3081 3626 3130 et

1975 3163 2157 3233 longa
2183 3167 2238 3218 et
2270 3164 2398 3234 ejus
2427 3169 2621 3234 partes
2651 3163 2816 3220 nullo
2844 3164 3146 3218 cohaerent
3175 3163 3484 3219 communi
3515 3167 3626 3220 ter-

1975 3253 2155 3308 mino.
2187 3251 2550 3308 Continuum
2581 3268 2718 3308 vero
2755 3252 2816 3308 in
2841 3253 3110 3324 quinque
3150 3253 3378 3324 species
3409 3251 3624 3308 dividi-

250 3349 418 3418 ρεῐται
455 3339 570 3400 εἴδη
628 3343 764 3414 (64),
815 3347 1062 3417 γραμμὴν
1115 3344 1250 3412 (65),
1311 3341 1624 3415 ἐπιφάνειαν,
1667 3348 1856 3415 χρόνον

1979 3345 2080 3406 tur,
2123 3341 2364 3407 lineam,
2409 3341 2808 3413 superﬁciem,
2849 3345 3083 3412 tempus
3121 3345 3178 3396 et
3213 3340 3417 3397 locum
3465 3345 3524 3397 et
3559 3341 3622 3397 in

251 3439 342 3484 καὶ
369 3437 520 3484 τόπον
559 3438 648 3484 καὶ
711 3433 778 3493 εἰς
803 3435 1170 3505 μαθηματικόν
1231 3441 1382 3504 σῶμα
1413 3433 1526 3504 (66)
1565 3450 1576 3462 ’
1611 3435 1856 3504 μαθημα-

247 3525 394 3574 τικὸν
430 3519 490 3574 δέ
520 3521 631 3574 ἐστι
683 3531 834 3594 σῶμα
878 3522 1011 3592 (67),
1128 3531 1292 3594 μῆκος
1321 3525 1410 3594 μὲν
1439 3527 1524 3574 καὶ
1559 3520 1724 3594 βάθος
1765 3527 1854 3574 καὶ

245 3611 440 3671 πλάτος
492 3613 652 3676 ἔστιν,
710 3611 768 3662 οὐ
822 3615 996 3683 μέντοι
1045 3631 1104 3682 γε
1144 3611 1244 3684 ἁφῇ
1289 3617 1378 3664 καὶ
1410 3613 1498 3683 θέᾳ
1550 3613 1851 3680 ὑποπίπτει,

251 3699 382 3752 ἀλλα
433 3709 502 3770 νῷ
554 3704 692 3772 μόνῳ
745 3704 938 3772 πέφυκε
991 3703 1182 3758 ληπτὸν
1239 3715 1252 3730 ·
1309 3701 1524 3753 ἕκαστον
1577 3704 1678 3776 γὰρ
1739 3702 1851 3772 (68)

241 3794 438 3842 τούτων
492 3795 660 3844 κοινόν
705 3791 822 3864 ὅρον
880 3793 1010 3862 ἔχει,
1071 3795 1194 3866 πρὸς
1253 3791 1306 3842 ὃν
1359 3795 1422 3843 τα
1479 3796 1639 3864 μόρια
1691 3793 1852 3844 αὐτοῦ

589 3882 620 3939 ἡ
654 3883 741 3952 μεν
768 3883 870 3954 γὰρ
899 3885 1114 3955 γραμμή
1143 3883 1201 3932 τό
1257 3887 1470 3952 σημεῖον
1523 3881 1656 3952 (69),
1707 3883 1736 3938 ἡ
1794 3877 1852 3934 δὲ

241 3969 516 4040 ἐπιφάνεια
561 3975 646 4028 τὴν
675 3974 944 4043 γραμμὴν,
999 3973 1056 4020 τό
1101 3965 1159 4022 δὲ
1218 3977 1370 4042 σῶμα
1411 3973 1502 4028 τὴν
1534 3969 1848 4042 ἐπιφάνειαν,

245 3881 496 3932 συνάπτει
530 3898 540 3910 ·

239 4061 266 4110 ὁ
297 4055 358 4110 δὲ
385 4063 574 4132 χρόνος
612 4062 668 4110 τὸ
699 4067 786 4110 νῦν
814 4076 826 4090 ⁸
871 4063 928 4110 τό
954 4061 1054 4132 γὰρ
1104 4065 1190 4109 νῦν
1241 4061 1490 4111 συνάπτει
1519 4063 1646 4132 πρὸς
1673 4079 1724 4111 τε
1763 4063 1851 4112 τὸν

237 4147 636 4219 παρεληλυθότα
681 4153 768 4200 καὶ
823 4151 907 4199 τόν
938 4147 1184 4219 μέλλοντα
1223 4161 1234 4174 ·
1297 4149 1322 4199 ὀ
1377 4145 1436 4200 δὲ
1465 4152 1618 4208 τόπος
1665 4151 1851 4220 ὁμοίως

239 4243 476 4308 συνεχὴς
531 4239 598 4288 ὡν
629 4243 722 4296 τὴν
761 4241 1009 4310 γραμμὴν
1065 4239 1178 4308 ἔχει
1207 4241 1372 4289 κοινόν
1419 4239 1534 4308 ὅρον
1587 4255 1598 4267 ·
1651 4235 1853 4308 σχεδὸ-

235 4329 340 4400 γαρ
371 4331 560 4380 ταυτόδ
591 4325 705 4379 ἐστι
753 4329 778 4378 ὅ
821 4345 874 4379 τε
921 4331 1074 4388 τόπος
1118 4331 1207 4378 καὶ
1258 4329 1286 4385 ἡ
1349 4325 1618 4398 ἐπιφάνεια
1673 4343 1686 4356 ⁸
1732 4324 1852 4379 δια-

237 4419 378 4488 φέρει
423 4411 482 4468 δε
538 4417 616 4468 ὃτι
668 4420 762 4474 τὴν
829 4417 918 4488 μεν
962 4413 1256 4486 ἐπιφάνειαν
1310 4415 1402 4466 οὐκ
1443 4413 1638 4486 ἀνάγκη
1702 4423 1854 4487 σῶμα

1965 3447 2182 3501 corpus
2223 3429 2734 3486 mathematicum.
2773 3431 2871 3486 Est
2899 3433 3098 3486 autem
3143 3444 3358 3501 corpus
3391 3429 3626 3485 mathe—

1965 3521 2270 3584 maticum,
2287 3518 2450 3591 quod
2479 3518 2918 3590 longitudinem,
2933 3518 3406 3590 profunditatem
3423 3523 3478 3574 et
3497 3517 3623 3576 lati-

1965 3610 2230 3666 tudinem
2256 3609 2460 3672 habet,
2493 3623 2614 3664 uon
2643 3623 2786 3664 vero
2817 3607 2994 3664 tactui
3024 3613 3080 3664 et
3101 3607 3251 3662 visui
3281 3607 3614 3679 subjicitur,

1963 3715 2167 3754 verum
2217 3697 2348 3754 sola
2383 3705 2581 3754 mente
2623 3697 2848 3770 percipi
2887 3701 3102 3768 potest.
3149 3696 3376 3753 Horum
3425 3711 3616 3754 unum

1961 3789 2247 3862 quodque
2274 3801 2658 3843 communem
2681 3786 2860 3842 habet
2889 3785 3230 3851 terminum,
3267 3801 3390 3858 quo
3421 3791 3622 3858 partes

1963 3879 2150 3950 ipsius
2171 3878 2470 3933 cohaerent
2495 3893 2509 3940 ;
2541 3875 2698 3932 linea
2727 3875 3000 3931 vinelicet
3031 3881 3337 3947 punctum,
3373 3875 3620 3947 superﬁ-

1963 3968 2080 4022 cies
2111 3966 2354 4030 lineam,
2398 3979 2614 4037 corpus
2645 3965 3044 4038 superﬁciem,
3081 3969 3317 4036 tempus
3357 3979 3619 4036 prmsens

1965 4061 2336 4112 momentum
2371 4071 2388 4124 ;
2423 4069 2686 4126 praesens
2725 4055 2874 4110 enim
2907 4059 3140 4126 tempus
3179 4055 3438 4110 cohaeret
3475 4071 3615 4110 cum

1964 4147 2258 4217 praeterito
2289 4147 2344 4198 et
2371 4143 2588 4200 futuro.
2621 4145 2810 4198 Locus
2843 4157 2999 4210 vero,
3043 4144 3145 4216 qui
3175 4143 3446 4199 similiter
3475 4159 3619 4199 con-

1965 4235 2165 4290 tinuus
2205 4237 2292 4288 est
2337 4232 2556 4288 lineam
2603 4232 2780 4288 habet
2815 4247 3192 4288 communem
3241 4233 3562 4288 terminum
3596 4251 3612 4301 ;

1961 4325 2082 4379 fere
2113 4323 2272 4378 enim
2309 4321 2472 4377 idem
2511 4325 2650 4376 sunt
2687 4325 2812 4376 tum
2843 4319 3008 4376 locus
3041 4325 3170 4376 tum
3213 4319 3562 4392 superﬁcies
3595 4337 3610 4387 ;

1963 4413 2244 4470 differunt
2276 4417 2498 4480 autem,
2529 4411 2672 4483 quia
2701 4409 3078 4483 superﬁciem
3109 4411 3356 4483 quidem
3392 4426 3612 4484 corpus

233 4507 459 4577 φυσικὸν
490 4509 773 4580 περιέχειν,
807 4507 892 4557 τὸν
926 4500 984 4557 δὲ
1033 4509 1188 4556 τόπον
1243 4502 1442 4576 ἀνάγκη
1497 4503 1611 4576 (70)
1645 4521 1656 4533 ·
1693 4503 1746 4568 ἐξ
1785 4526 1852 4558 ων

1979 4503 2282 4576 physicum
2306 4500 2472 4557 haud
2503 4515 2752 4557 necesse
2782 4505 2868 4557 est
2898 4500 3220 4566 continere,
3247 4499 3442 4558 locum
3471 4515 3612 4557 vero

1811 4621 2044 4678 ΝΟΤιΕ.

305 4725 424 4796 (55)
454 4727 596 4783 Cod.
632 4731 780 4785 Mon.
817 4727 852 4800 Γ,
881 4729 948 4782 27
982 4744 1036 4800 a.
1086 4745 1109 4800 :7
1146 4731 1348 4800 φωτίου
1380 4731 1497 4800 περὶ
1537 4735 1722 4782 ποσοῦ.
1761 4735 1829 4782 Π.

229 4798 640 4872 sititane/opta,
679 4799 908 4872 καθ’ᾒν.
954 4799 1049 4872 De
1097 4799 1189 4854 his
1240 4799 1354 4869 agit
1395 4798 1631 4854 Ai‘istot.
1692 4815 1742 4854 c.
1787 4805 1837 4856 6.

230 4871 316 4942 (Ο.
346 4873 399 4934 4,
431 4887 488 4942 ρ.
517 4871 546 4927 6
574 4871 666 4927 ed.
697 4871 878 4926 Paris.
913 4871 1035 4941 cit.)

306 4940 628 5022 (56)_i\rist_.
665 4940 1219 5022 simpliciterhabet
1275 4940 1446 5022 λόγον,
1490 4957 1672 5012 quem
1703 4957 1840 4997 vero

228 5013 450 5086 deinde
475 5013 726 5085 explicat
757 5017 840 5066 τόν
872 5015 1002 5086 μετὰ
1031 5021 1200 5086 φωνῆς
1230 5017 1516 5086 ’γινόμενονἼ

305 5085 419 5171 (57)
448 5081 590 5170 Mori.
622 5087 722 5168 qui
773 5081 899 5140 haec
959 5081 1320 5139 vei-botenus
1347 5081 1550 5138 reddit
1585 5099 1596 5137 :
1637 5085 1712 5135 Τὰ
1750 5087 1840 5155 μό-

227 5175 257 5228 ρ
267 5175 321 5208 ια
353 5175 510 5228 αυτου
545 5175 810 5210 σνναπτιι.

302 5225 416 5296 (58)
441 5227 596 5282 Mon.
629 5235 740 5280 τοῦ.

305 5298 619 5374 t59)__.\19n.
675 5301 806 5351 Οὔτε
879 5300 972 5374 γὰρ
1042 5301 1106 5349 τὰ
1157 5299 1316 5370 μόρια
1372 5296 1540 5348 αὐτῶν
1592 5299 1840 5349 συνάπτει

227 5373 360 5442 πρός
395 5369 610 5434 ἄλληλα,
643 5372 748 5421 οἷον
771 5373 836 5422 τὰ
865 5391 921 5422 π.

307 5441 420 5512 (60)
452 5443 606 5496 Mon.
642 5445 762 5494 Καί.

304 5507 416 5584 (61)
467 5515 590 5566 Vat.
645 5513 982 5576 Συνάπτεται,
1041 5511 1343 5582 sequentia
1397 5509 1502 5562 ἀλλ’
1536 5507 1654 5566 οὐδ.
1704 5513 1834 5564 οἷ.τ.

233 5583 668 5660 a’zp,_desurit_in
693 5585 837 5660 Mou.

302 5655 416 5728 (62)
446 5659 534 5708 καί
564 5655 734 5711 deest
757 5655 820 5711 in
852 5657 1004 5710 Mon.

2022 4726 2132 4799 (63)
2171 4725 2330 4799 αὐτοῦ
2361 4725 2791 4799 τιίι-μόριιαι-ΜΟῙ)ἶ

2021 4792 2136 4870 (64)
2167 4795 2334 4870 διαιρ.
2369 4792 2484 4854 εἴδη
2506 4792 2712 4870 λὸωὶιῖ.
2747 4797 2898 4851 Mon.
2925 4817 2936 4862 ;
2969 4794 3136 4853 addit
3159 4809 3304 4852 vero
3333 4794 3406 4858 εἰς
3432 4815 3520 4870 γρ.

2025 4867 2136 4939 (65)
2177 4867 2320 4922 Mori.
2355 4873 2440 4920 καὶ
2474 4867 2546 4929 εἰς
2576 4867 2720 4939 ἐπιφ.

2023 4937 2136 5010 (66)
2177 4941 2320 4996 Mon.
2353 4943 2442 4991 καὶ
2487 4939 2552 5000 εἰς
2585 4937 2740 5011 σῶμα
2768 4939 2897 5012 μάθ’
2944 4943 3032 4991 καὶ
3073 4937 3146 4998 εἰς
3177 4941 3372 5014 χρόνον
3421 4941 3511 4992 καὶ
3547 4938 3616 5000 εἰς

1951 5029 2124 5064 τοπον.

2022 5085 2134 5151 (67)
2166 5081 2324 5136 Mon.
2361 5083 2514 5154 σῶμά
2539 5081 2681 5156 ἐστιν
2709 5085 2783 5156 τὸ,
2801 5087 2970 5156 μῆκος
2997 5083 3086 5133 καὶ
3113 5079 3305 5156 πλάτος
3328 5087 3416 5134 καὶ
3445 5081 3615 5156 βάθος

1953 5155 2096 5227 ἔχον,
2129 5157 2200 5225 μὴ
2247 5151 2518 5227 μέντοιτῇ
2567 5153 2618 5209 ἁ.
2661 5174 2712 5210 κ.
2763 5151 2810 5210 θ,
2845 5153 3155 5219 ὑποπίπτον,
3193 5151 3323 5206 ἀλλά
3361 5151 3614 5227 νῷ’μόνῳ

1949 5243 2043 5298 περ
2053 5225 2284 5298 ιληπτον.

2047 5299 2139 5366 68)
2163 5297 2315 5350 Μοη.
2347 5291 2455 5351 οὖν.

2046 5367 2134 5440 69)
2169 5367 2340 5440 Arist.
2377 5373 2622 5440 στιγμήν.

2019 5437 2134 5510 (70)
2171 5437 2484 5512 [lucusque
2504 5437 2821 5512 'eademad
2841 5437 3090 5512 verbum
3119 5437 3468 5512 habetcod.
3497 5439 3614 5512 Μοτ

1949 5525 2118 5586 nam;
2147 5509 2414 5580 sequitur
2443 5511 2524 5567 ibi
2553 5509 2804 5567 deinde:
2838 5515 2926 5563 καὶ
2957 5511 2982 5563 ὁ
3013 5515 3236 5574 τόπος...
3269 5509 3335 5584 [ἱ.
3371 5509 3612 5586 φανερὸν]

1948 5583 2028 5633 ὃτι
2064 5585 2310 5654 συνεχής.
