4116 6194
480 234 584 290 783

1707 231 1947 287 PHOTII
1986 229 2467 287 PATRIARCHIE
2511 229 2620 284 CP.

3740 229 3861 285 ’784

472 360 622 417 illud
652 359 1025 416 circumdare
1054 374 1300 417 necesse
1330 363 1422 415 est
1453 373 1467 425 ;
1503 348 1675 413 exeo
1707 362 1928 423 autem,
1962 356 2124 429 quod

2250 353 2291 408 ἳὲ
2321 358 2555 428 περιέχει
2581 358 2798 427 φυσικὸν
2833 364 3004 427 σῶμα,
3059 352 3216 414 δῆλον
3270 356 3351 407 ὃτι
3406 360 3634 427 συνεχής
3665 354 3784 407 ἐστι
3840 386 3855 400 -

471 449 791 522 physicum
836 465 1054 521 corpus
1086 450 1346 505 continet
1379 464 1448 504 ac
1493 448 1843 511 circumdat,
1881 451 2125 519 apparet

470 541 821 596 continuum
860 555 999 596 eum
1034 555 1185 595 esse.
1236 539 1294 595 Si
1334 538 1494 593 enim
1537 553 1754 609 corpus
1804 542 1892 592 est
1938 538 2123 593 conti-

474 644 684 701 nuum,
733 629 897 685 locus
931 645 1070 685 vero
1110 644 1325 701 corpus
1371 627 1724 691 circumdat,
1759 632 1815 682 et
1852 626 2030 682 veluti
2070 627 2121 681 ei

477 722 635 775 totus
665 718 924 790 adaptur
952 719 1076 783 toti,
1109 719 1305 773 locum
1338 732 1579 789 quoque
1610 718 1961 771 continuum
1995 732 2122 772 esse

475 808 777 864 evidenter
805 808 1205 880 consequitur.

541 900 594 952 '2.
632 899 848 953 Horum
869 912 1029 962 vero,
1060 911 1195 969 quae
1223 895 1503 967 praedicta
1535 898 1693 959 sunt,
1729 894 1847 949 alia
1877 895 2122 966 positio-

474 1003 613 1043 nem
643 986 870 1059 (situm)
900 987 1141 1057 habent,
1170 985 1287 1042 alia
1316 1001 1435 1041 non
1464 984 1709 1040 habent.
1746 987 1867 1039 Non
1900 984 2123 1039 habent

476 1080 603 1132 tum
634 1092 943 1145 numerus,
968 1080 1093 1132 tum
1126 1091 1341 1140 sermo,
1368 1078 1494 1130 tum
1518 1078 1777 1145 tempus.
1807 1073 1978 1139 Quod
1996 1073 2123 1145 qui-

472 1166 611 1222 dem
629 1169 859 1237 spectat
870 1165 947 1221 ad
969 1180 1300 1229 numerum,
1319 1165 1368 1219 is
1390 1166 1593 1235 utpote
1612 1163 1917 1232 augmenti
1938 1178 2121 1234 usque

473 1256 534 1312 in
563 1255 857 1311 inﬁnitum
884 1270 1098 1327 capax,
1131 1253 1309 1309 simul
1340 1253 1664 1308 subsistere
1695 1252 1903 1324 nequit
1934 1268 1947 1318 ;
1982 1268 2123 1308 cum

470 1361 612 1402 vero
659 1359 780 1401 non
821 1344 1100 1399 subsistat
1139 1342 1337 1407 simul,
1390 1357 1587 1415 neque
1638 1342 1818 1397 situm
1859 1341 2121 1413 aliquem

471 1434 694 1491 habere
744 1436 959 1506 potest.
1002 1435 1260 1504 Tempus
1305 1436 1527 1495 autem,
1579 1447 1715 1485 cum
1752 1431 1814 1485 in
1852 1447 1918 1485 eo
1957 1431 2123 1503 quod

470 1538 630 1579 nunc
654 1522 759 1577 ﬁat
789 1521 1195 1577 exsistentiam
1217 1520 1638 1576 habeatetnon
1661 1518 1913 1574 totaliter
1943 1518 2121 1573 simul

474 1610 777 1675 subsistat,
822 1609 1092 1665 similiter
1135 1609 1315 1664 situm
1347 1607 1605 1678 aliquem
1643 1606 1864 1662 habere
1896 1606 2118 1677 nequit.

2233 445 2274 497 εἰ
2305 448 2402 517 γάρ
2437 444 2547 496 ἐστι
2588 449 2645 496 τό
2706 453 2856 517 σῶμα
2902 448 3142 516 συνεχὲς,
3196 446 3220 496 6
3268 441 3329 496 δὲ
3378 450 3531 506 τόπος
3577 451 3634 496 τό
3693 454 3858 517 σῶμα

2236 539 2465 607 περιέχει
2504 540 2590 586 xui
2643 536 2748 586 οἷον
2799 535 2937 604 αὐτῷ
3003 534 3226 586 καθόλου
3292 534 3416 595 ὅλως
3461 533 3843 607 ἐφαρμόζεται,

2232 630 2322 676 καὶ
2353 630 2504 684 τόπος
2530 626 2632 696 ἄρα
2662 620 2903 682 δηλονότι
2932 629 3157 697 συνεχής
3198 622 3332 677 ἐστι.

2305 892 2378 965 β’.
2411 894 2613 945 Τούτων
2647 889 2704 945 δὲ
2730 902 2827 944 τῶν
2876 893 3154 966 εἰρημένων
3204 896 3269 945 τὰ
3298 895 3387 965 μὲν
3421 895 3563 945 θέσιν
3604 895 3743 965 ἔχει,
3787 897 3857 946 τὰ

2234 979 2283 1033 δ’
2320 982 2414 1033 οὐκ
2438 985 2551 1053 ἔχει
2580 981 2693 1053 (71)
2738 1000 2748 1011 ·

2230 1071 2381 1143 λόγος
2409 1077 2497 1123 καὶ
2527 1074 2550 1123 ό
2576 1076 2765 1143 χρόνος
2794 1071 2906 1142 (72)
2956 1089 2966 1100 ·
3016 1069 3122 1122 ἀλλ’
3150 1074 3173 1122 ὁ
3229 1074 3318 1143 μὲν
3345 1070 3581 1143 ἀριθμός,
3615 1074 3695 1125 ὅτι
3759 1073 3851 1125 ἐπ’

2815 982 2905 1034 οὐκ
2951 985 3064 1054 ἔχει
3103 986 3192 1054 μὶν
3247 985 3271 1034 ὅ
3318 1001 3372 1033 τε
3412 981 3629 1055 ἀριθμὸς
3693 989 3788 1035 καὶ
3823 986 3849 1035 ό

2231 1162 2441 1232 ἄπειρον
2485 1164 2621 1232 ἔχων
2662 1165 2755 1219 τὴν
2804 1160 3045 1224 αὔξησιν,
3086 1160 3197 1232 οἶμα
3247 1162 3543 1219 ὑποστῆναι
3573 1162 3630 1213 οὐ
3685 1159 3856 1214 δύνει·

2230 1269 2335 1301 ταν
2365 1250 2475 1322 οἶμα
2500 1246 2558 1302 δε
2588 1253 2658 1321 μὴ
2704 1251 2931 1321 ὑφεστὼς
2961 1249 3077 1319 (73)
3117 1245 3240 1302 οὐδὲ
3269 1251 3408 1302 θέσιν
3448 1253 3564 1303 τινὰ
3616 1247 3852 1302 δύναται

2230 1342 2389 1410 ἔχειν’
2419 1340 2444 1389 6
2474 1343 2665 1410 χρόνος
2696 1335 2753 1390 δὲ
2780 1338 2828 1389 ἐν
2856 1346 2924 1408 τῷ
2967 1340 3208 1409 γενέσθαι
3260 1337 3389 1410 [νῦν]
3442 1340 3552 1410 (74)
3603 1343 3661 1391 τό
3712 1342 3856 1391 εἶναι

2231 1430 2365 1500 ἔχων
2397 1432 2579 1498 καὶμὴ
2609 1428 2736 1489 ὅλως
2766 1430 2881 1495 (75)
2934 1428 3044 1499 οἶμα
3102 1430 3332 1500 ὑφεστὼς
3363 1431 3609 1489 ὡσαύτως
3649 1429 3709 1480 οὐ
3745 1427 3850 1481 δύο

2231 1537 2380 1568 ναται
2414 1519 2552 1569 θέσιν
2586 1519 2698 1568 τινὰ
2728 1519 2889 1587 ἔχειν·
2943 1519 3189 1577 ὡσαύτως
3216 1517 3326 1588 (76)
3380 1513 3437 1569 δὲ
3484 1514 3605 1570 οὐδὲ
3638 1519 3664 1569 6
3696 1518 3855 1588 λόγος

2234 1602 2452 1658 δύναται
2486 1604 2624 1657 θέσιν
2656 1608 2771 1657 τινὰ
2802 1608 2961 1676 ἔχειν·
3020 1609 3221 1680 εἴρηται
3270 1609 3371 1678 γὰρ
3423 1612 3511 1658 καὶ
3542 1607 3634 1657 οὐκ
3675 1610 3851 1662 ἔστιν.

474 1700 697 1755 Eodem
744 1698 929 1753 modo
979 1713 1087 1753 nec
1140 1712 1339 1753 sermo
1390 1698 1567 1751 situm
1617 1694 1875 1767 aliquem
1927 1698 2125 1766 potest

2250 1702 2288 1747 Η
2318 1691 2377 1747 δὲ
2406 1698 2621 1769 γραμμὴ
2656 1700 2744 1746 καὶ
2776 1696 2800 1745 6
2841 1700 2998 1754 τόπος
3028 1700 3118 1745 καὶ
3164 1697 3192 1752 ἡ
3256 1697 3526 1766 ἐπιφάνεια
3557 1698 3698 1748 θέσιν
3724 1700 3853 1749 τινὰ

473 1789 694 1844 habere
736 1803 749 1851 ;
791 1786 984 1841 dictus
1024 1785 1181 1841 enim
1226 1790 1313 1840 est
1353 1790 1408 1840 et
1441 1800 1563 1840 non
1584 1783 1838 1854 amplius
1877 1783 2118 1839 exsistit.

477 1876 591 1934 Sed
639 1876 799 1933 linea
847 1878 902 1931 et
940 1874 1106 1930 locus
1156 1879 1211 1930 et
1251 1873 1595 1946 superficies
1634 1874 1811 1927 situm
1862 1873 2121 1945 aliquem

472 1965 691 2021 habent
720 1983 736 2034 ;
769 1964 987 2019 horum
1018 1964 1176 2019 enim
1210 1962 1680 2035 unumquodque
1712 1966 1767 2017 et
1791 1962 2120 2018 subsisten-

2234 1787 2470 1855 ἔχουσιν·
2506 1784 2722 1836 ἕκαστον
2753 1786 2853 1855 γὰρ
2894 1786 3086 1834 τούτων
3149 1784 3262 1854 (77)
3316 1789 3405 1836 καὶ
3450 1786 3708 1855 ὑφέστηκε
3759 1791 3859 1837 xui.

2232 1878 2402 1925 κεῖταί
2433 1892 2531 1925 που
2566 1873 2675 1943 (78)
2712 1892 2724 1903 ·
2759 1877 2990 1944 κείμενον
3021 1869 3077 1924 δὲ
3110 1869 3353 1930 δηλονότι
3388 1875 3507 1943 (79)
3540 1875 3681 1925 θέσιν
3721 1877 3851 1926 τινὰ

2233 1965 2372 2034 ἔχει.

482 2054 629 2110 tiam
668 2052 847 2109 habet
874 2056 930 2109 et
960 2051 1179 2109 alicubi
1224 2052 1402 2109 situm
1432 2057 1559 2120 est;
1592 2068 1731 2108 cum
1770 2066 1911 2107 vero
1944 2051 2157 2108 alicubi
2211 2051 2391 2106 situm
2418 2050 2506 2117 sit,
2542 2050 2843 2106 evidenter
2882 2067 3124 2123 quoque
3166 2051 3523 2123 positionem
3568 2052 3851 2124 aliquam

560 2142 679 2199 bet.

560 2142 679 2199 bet.

477 2142 599 2286 haB.
630 2234 843 2288 Verum
859 2231 983 2287 haac
1001 2246 1133 2303 quae
1165 2230 1322 2287 dicta
1349 2233 1500 2296 sunt,
1530 2229 2128 2294 videlicetnumerus,

2310 2229 2376 2300 γ’.
2409 2228 2562 2281 Ἀλλὰ
2616 2236 2782 2281 ταῦτα
2811 2232 2900 2301 μὲν
2941 2230 3049 2300 (80)
3082 2231 3147 2281 τὰ
3193 2230 3453 2303 εἰρημένα,
3491 2232 3595 2282 οἷον
3630 2229 3871 2303 ἀριθμός

2240 2318 2408 2389 λόγος,
2440 2323 2648 2389 χρόνος,
2705 2323 2879 2382 τόπος,
2931 2322 3177 2391 γραμμὴ,
3221 2317 3507 2390 ἐπιφάνεια,
3553 2328 3708 2391 σῶμα
3756 2341 3862 2373 κυ-

2239 2412 2365 2479 ρίως
2395 2406 2495 2459 εἰσὶ
2540 2407 2651 2477 (81)
2691 2408 2848 2458 ποσοί’
2901 2406 2945 2459 εἰ
2998 2404 3056 2459 δὲ
3108 2412 3197 2458 καὶ
3243 2407 3372 2459 ἄλλα
3416 2411 3533 2460 τινὰ
3580 2412 3723 2461 ποσὰ
3776 2409 3860 2462 λέ-

2240 2514 2434 2565 γοιντο,
2463 2495 2521 2546 οὐ
2546 2500 2733 2567 κυρίως
2771 2494 2830 2546 ἂν
2858 2499 2935 2553 εἰη
2986 2496 3120 2566 (82),
3170 2495 3298 2547 ἀλλὰ
3324 2492 3415 2548 διὰ
3460 2505 3625 2549 ταῦτα
3656 2498 3858 2569 λέγοιτ’

2241 2584 2300 2635 ἂν
2335 2601 2347 2613 ·
2383 2582 2486 2636 οἷον
2519 2583 2647 2635 πολὺ
2700 2587 2757 2636 τὸ
2788 2584 2964 2636 λευκόν
2998 2586 3024 2643 ἡ
3078 2588 3135 2636 τό
3195 2584 3349 2656 μέλαν
3402 2586 3612 2658 λέγομεν
3644 2583 3737 2639 διὰ
3792 2592 3857 2639 τό

478 2337 693 2392 sermo,
736 2321 924 2387 locus,
976 2320 1153 2384 linea,
1200 2319 1563 2392 superﬁcies,
1618 2336 1850 2390 corpus,
1892 2319 2131 2391 proprie

478 2413 619 2466 sunt
654 2416 896 2481 quanta.
941 2410 997 2465 Si
1035 2425 1177 2465 vero
1216 2412 1275 2464 et
1313 2408 1430 2465 alia
1466 2410 1745 2480 quaedam
1785 2413 2011 2481 quanta
2049 2408 2133 2463 di-

478 2502 713 2567 cantur,
779 2513 896 2552 non
959 2497 1198 2568 pr0prie
1258 2496 1556 2562 dicuntur,
1619 2513 1826 2553 verum
1893 2502 2132 2569 propter

478 2586 785 2660 praedicta.
856 2585 1055 2641 Veluti
1121 2590 1374 2641 multum
1448 2585 1706 2641 dicimus
1775 2585 1981 2642 album
2043 2585 2130 2641 vel

479 2676 742 2745 nigrum,
773 2673 917 2746 quia
946 2672 1291 2745 superﬁcies
1320 2677 1411 2728 est
1452 2673 1656 2744 ampla
1698 2690 1712 2740 ;
1745 2676 1802 2728 et
1838 2672 2130 2728 actionem

2250 2676 2334 2731 τὴν
2366 2672 2657 2744 ἐπιφάνειαν
2690 2670 2818 2725 εἶναι
2872 2673 3084 2741 πολλὴν,
3141 2680 3230 2727 xui.
3280 2679 3374 2732 τὴν
3406 2676 3592 2747 πρᾶξιν
3642 2679 3859 2750 μακρὰν

479 2763 745 2836 longam,
798 2762 937 2833 quia
993 2766 1231 2833 tempus
1279 2761 1529 2831 longum
1583 2767 1686 2827 est,
1730 2762 1790 2817 in
1838 2777 1959 2834 quo
2006 2761 2133 2832 ipsa

2250 2758 2338 2812 διὰ
2366 2765 2423 2813 τό
2466 2764 2547 2813 τόν
2574 2766 2787 2836 χρόνον,
2815 2760 2863 2813 ἐν
2994 2762 3109 2834 (83)
3158 2767 3357 2833 γέγονεν
3391 2765 3420 2821 ἠ
3465 2763 3668 2839 πρᾶξις,
3720 2762 3861 2817 εἶναι

479 2852 900 2926 peragebatur.
944 2853 1011 2907 Et
1048 2850 1261 2907 eodem
1302 2851 1485 2907 modo
1517 2850 1591 2905 de
1632 2851 1874 2923 reliquis
1914 2855 2001 2906 est
2043 2851 2133 2906 di-

2250 2852 2399 2902 πολύν
2433 2870 2444 2881 ·
2480 2852 2669 2922 ὁμοίως
2697 2847 2755 2903 δὲ
2786 2855 2875 2903 καὶ
2904 2849 2987 2903 ἐπὶ
3022 2860 3121 2902 τῶν
3162 2851 3345 2906 ἄλλων.

484 2941 767 2998 cendum.

553 3034 605 3087 4.
663 3031 849 3087 Habet
887 3033 1087 3085 autem
1145 3032 1443 3101 quantum
1482 3030 1814 3101 proprietas
1851 3034 2129 3102 quatuor.

484 3122 566 3177 Ac
612 3119 808 3193 primo
857 3117 1097 3191 quidem
1150 3117 1316 3189 quod
1368 3123 1766 3174 mensuratur.
1818 3122 1950 3175 Haec
1999 3135 2133 3191 pro-

482 3210 702 3282 prietas
750 3208 915 3264 omni
957 3211 1011 3263 et
1065 3206 1172 3262 soli
1222 3211 1444 3279 quanto
1493 3208 1786 3263 convenit.
1837 3208 2134 3279 Secundo,

485 3298 652 3371 quod
682 3297 829 3353 nihil
858 3297 1039 3353 habet
1068 3298 1455 3352 contrarium.
1485 3300 1614 3353 Haec
1642 3314 1781 3354 vero
1806 3300 2136 3371 proprietas

2317 3026 2386 3080 δ’.
2416 3027 2567 3099 Ἔχει
2599 3024 2656 3080 δὲ
2712 3024 2829 3080 ἴδια
2860 3033 3113 3101 τέσσαρα*
3176 3039 3375 3104 πρῶτον
3413 3034 3502 3103 μὲν
3552 3034 3610 3083 τό
3643 3042 3860 3107 μετρεῖ-

2248 3119 2372 3170 σθαι
2405 3134 2416 3145 °
2452 3126 2602 3169 τοῦτο
2625 3114 2683 3169 δὲ
2713 3121 2769 3169 τό
2802 3114 2938 3170 ἴδιον
2968 3122 3057 3170 καὶ
3102 3124 3257 3171 παντί
3315 3128 3385 3190 τῷ
3434 3129 3582 3191 ποσῷ
3623 3120 3738 3173 ἐστι
3765 3128 3865 3174 καὶ

2245 3211 2403 3278 μόνῳ’
2440 3204 2675 3278 δεύτερον
2734 3203 2793 3258 δὲ
2828 3212 2884 3258 τό
2924 3204 3089 3277 μηδὲν
3120 3210 3260 3279 ἒχειν
3319 3211 3559 3261 ἐναντίον·
3613 3218 3768 3262 τοῦτο
3804 3208 3868 3264 δὲ

2245 3300 2302 3347 1'6
2332 3292 2469 3348 ἴδιον
2498 3296 2609 3367 (8i)
2635 3295 2692 3347 οὗ
2740 3301 2878 3367 μόνῳ
2911 3296 3021 3349 ἐστὶ
3054 3306 3122 3365 τῷ
3163 3306 3309 3367 ποσῷ
3362 3316 3373 3327 '
3410 3302 3611 3373 εἴρηται
3637 3303 3742 3373 γὰρ
3777 3302 3866 3352 ὄτι

485 3402 609 3443 non
628 3386 812 3440 solius
837 3385 1146 3457 estquanti
1178 3400 1191 3450 ;
1219 3384 1444 3442 dictum
1463 3386 1621 3440 enim
1654 3391 1737 3441 est
1766 3388 1847 3458 (q.
1875 3387 2132 3458 praeced.

486 3476 514 3548 §
550 3474 605 3528 5.
650 3473 729 3546 β),
776 3474 838 3529 id
882 3478 938 3530 et
978 3473 1327 3530 substantiae
1372 3475 1709 3531 convenire.
1756 3476 1811 3532 Si
1841 3476 1979 3547 quis
2022 3476 2139 3532 exi-

486 3562 683 3619 stimet
721 3577 850 3617 esse
889 3561 1036 3634 quid
1077 3562 1442 3616 contrarium
1472 3568 1720 3633 quanto,
1772 3579 2057 3633 magnum
2084 3569 2137 3620 et

488 3666 745 3725 parvum
794 3649 955 3705 velut
1002 3650 1297 3706 contraria
1346 3666 1596 3721 ponens,
1650 3651 1812 3717 sciat,
1855 3652 1981 3709 haac
2022 3669 2139 3708 non

487 3757 619 3799 esse
648 3744 897 3813 quanta,
933 3738 1038 3795 sed
1067 3738 1248 3794 relata
1278 3740 1357 3795 ad
1385 3739 1631 3812 aliquid,
1666 3740 1742 3797 ad
1774 3741 1958 3797 alium
1981 3743 2142 3798 enim

490 3829 803 3904 qiudpiam
854 3829 1109 3885 relatum
1152 3844 1442 3898 magnum
1483 3829 1698 3887 dicitur
1734 3836 1791 3887 et
1828 3848 2083 3903 parvum
2126 3850 2141 3900 ;

2246 3390 2334 3436 xui
2361 3392 2421 3457 τῇ
2485 3385 2680 3457 οὐσίᾳ·
2732 3386 2776 3436 εἰ
2806 3389 2905 3457 γὰρ
2963 3406 3041 3447 τις
3095 3387 3300 3457 νομίζοι
3347 3396 3418 3457 τῷ
3467 3397 3614 3459 ποσῴ
3645 3386 3778 3441 εἶναί
3815 3410 3868 3441 τι

2249 3473 2469 3526 ἐναντίον
2516 3473 2649 3545 (85),
2709 3477 2767 3525 τό
2818 3478 2951 3545 μέγα
3015 3481 3104 3527 xui
3175 3480 3232 3527 1'6
3292 3480 3476 3548 μικρὸν
3525 3476 3729 3529 ἐναντία
3783 3498 3873 3530 τι-

2252 3565 2349 3623 θεὶς
2399 3563 2532 3635 (86),
2584 3566 2736 3627 ἵστω,
2770 3565 2837 3625 ὡς
2890 3564 2982 3615 οὐκ
3014 3565 3115 3616 εἰσί
3167 3573 3331 3617 ταῦτα
3380 3574 3471 3617 τοῦ
3504 3575 3695 3631 ποσοῦ,
3731 3568 3867 3620 ἀλλὰ

2250 3661 2347 3703 τῶν
2376 3658 2506 3723 πρός
2534 3672 2600 3706 τι.
2655 3652 2779 3725 πρός
2816 3655 2917 3725 γὰρ
2975 3656 3086 3723 (87)
3146 3656 3312 3728 ἕτερον
3361 3655 3563 3725 λέγεται
3612 3660 3667 3707 τό
3727 3663 3873 3728 μέγα

2250 3747 2338 3793 καὶ
2371 3745 2426 3793 τὸ
2453 3746 2663 3813 μικρόν
2701 3739 2936 3815 δεύτερον
2983 3739 3041 3794 δὲ
3072 3743 3114 3794 εὶ
3143 3749 3233 3795 xui.
3265 3741 3435 3816 δῶμεν
3468 3744 3603 3796 αὐτὰ
3644 3754 3740 3797 του
3767 3766 3872 3797 πο-

2256 3840 2349 3884 σοῦ
2382 3827 2527 3898 εἶναι,
2554 3828 2667 3883 οὐδ’
2696 3832 2857 3893 οὕτως
2889 3832 3019 3883 εἰσὶν
3052 3832 3256 3884 ἐναντία
3282 3834 3418 3902 (88)·
3455 3834 3497 3885 εἰ
3522 3838 3623 3908 γὰρ
3656 3833 3773 3886 ἐστι
3810 3840 3871 3887 τό

490 3918 705 3975 deinde
753 3917 1035 3990 quamvis
1091 3918 1511 3984 concedamus,
1553 3919 1682 3975 haec
1728 3936 1855 3975 esse
1894 3924 2141 3993 quanta,

490 4022 686 4079 neque
736 4007 819 4062 sic
858 4006 1050 4063 forent
1078 4007 1392 4063 contraria.
1437 4007 1495 4063 Si
1535 4008 1692 4065 enim
1728 4024 2015 4079 magnum
2051 4014 2133 4064 est

2255 4016 2343 4061 xui
2394 4009 2514 4061 ἄλλο
2541 4013 2725 4083 μικρὸν
2769 4014 2856 4061 καὶ
2913 4014 3047 4081 μέγα
3121 4012 3323 4081 ὁρᾶται,
3385 4012 3512 4064 αὐτό
3584 4013 3643 4062 ἂν
3700 4013 3876 4084 ἐαυτῷ

496 4113 687 4172 parvo
734 4096 1115 4164 contrarium,
1158 4096 1317 4153 idem
1363 4113 1502 4154 vero
1550 4097 1630 4154 ad
1682 4098 1843 4155 aliud
1882 4103 1938 4155 et
1984 4098 2133 4156 aliud

2258 4098 2587 4171 συμϐήσεται
2638 4097 2859 4150 ἐναντίον
2913 4095 3043 4151 εἶναι
3075 4098 3206 4169 (90),
3268 4101 3389 4173 ὅπερ
3442 4097 3701 4153 ἀδύνατον
3734 4122 3746 4133 ·
3776 4103 3879 4155 οὐκ

2254 3926 2386 3992 μέγα
2418 3928 2508 3973 τοῦ
2541 3928 2730 3991 μικροῦ
2783 3920 2919 3993 (89))
2944 3920 3187 3983 ἐναντίον,
3224 3925 3281 3973 τό
3313 3919 3361 3974 δ’
3396 3923 3522 3975 αὐτὸ
3572 3928 3705 3998 πρὸς
3737 3924 3868 3976 ἀλλο

2077 4252 2300 4308 NOTAE.

730 4375 907 4448 Arist.
937 4390 987 4431 c.
1015 4378 1062 4448 6,
1098 4374 1125 4445 §
1155 4378 1201 4440 1,
1224 4375 1259 4428 8
1285 4391 1297 4430 :
1322 4376 1388 4427 τὰ
1416 4377 1505 4447 μὲν
1528 4374 1582 4427 ἐκ
1614 4377 1754 4429 θέσιν
1777 4378 2003 4448 ἑχόντων
2028 4380 2127 4448 πρό

2341 4376 2455 4448 (81)
2484 4375 2778 4448 sia-£_deest
2805 4375 3077 4448 in_Mon.,
3117 4376 3269 4430 sicut
3291 4392 3407 4448 seq
3460 4375 3520 4428 ἂν
3552 4380 3653 4435 εἰη.

571 4376 689 4447 (71)
730 4376 906 4431 Arist.
937 4390 987 4431 c.
1015 4378 1062 4437 6,
1098 4376 1125 4445 ἓ
1155 4378 1201 4440 1,
1224 4376 1259 4428 8
1285 4391 1297 4430 :
1322 4376 1388 4427 τὰ
1416 4377 1505 4447 μὲν
1528 4376 1582 4427 ἐκ
1614 4377 1754 4429 θέσιν
1777 4378 2003 4448 ἑχόντων
2028 4380 2127 4437 πρό

506 4447 705 4522 ᾄλληλα
745 4454 845 4522 τῷν
890 4445 936 4497 ἐν
982 4446 1155 4511 αὐτοῖς
1201 4450 1395 4520 μορίων
1428 4453 1729 4519 συνέστηκε,
1762 4452 1828 4501 τὰ
1867 4445 1924 4501 δὲ
1970 4443 2075 4501 οὐχ’
2108 4448 2127 4500 ἐ

2362 4376 2423 4429 81
2484 4376 2585 4427 εἰσί
2615 4376 2778 4429 deest
2805 4376 2865 4429 in
2905 4378 3077 4439 Mon.,
3117 4376 3269 4430 sicut
3300 4392 3407 4447 seq
3460 4376 3520 4428 ἂν
3552 4380 3653 4435 εἰη.

2267 4518 2280 4522 _
2341 4376 2455 4517 (82)
2503 4445 2673 4522 Arist.
2708 4462 2758 4500 c.
2792 4451 2843 4511 6,
2876 4446 2960 4517 §9
2993 4464 3005 4500 :
3044 4450 3245 4522 [(υρίως
3279 4443 3336 4499 δὲ
3357 4453 3501 4499 ποσὰ
3526 4457 3694 4501 ταῦτα
3740 4453 3883 4522 μόνα

509 4521 736 4592 ἐχόντων
761 4521 927 4592 θέσιν.

576 4592 687 4659 (72)
722 4591 953 4646 Monac.
981 4606 993 4645 ε
1028 4609 1078 4643 x.
1113 4591 1138 4641 6
1170 4594 1360 4661 χρόνος
1388 4594 1478 4661 xui
1513 4594 1538 4642 6
1568 4590 1737 4661 λόγος.

601 4609 687 4657 'IZ)
722 4609 993 4646 monac.:
1028 4609 1078 4643 κ.
1113 4610 1138 4641 ο
1215 4609 1360 4659 ρονος
1388 4609 1478 4642 xu:
1513 4610 1538 4642 ο
1571 4609 1737 4661 Λόγος.

601 4662 691 4796 73)
734 4662 769 4713 ἀ
796 4666 866 4733 μὴ
902 4663 1130 4733 ὑφεστὼς
1170 4609 1240 4714 ξε
1272 4662 1382 4731 οἶμα
1412 4658 1569 4720 δῆλον
1614 4666 1682 4724 ὡς
1725 4659 1867 4728 οὐδὲ,
1928 4683 1979 4714 x.
2030 4683 2077 4717 τ.
2110 4662 2155 4717 λ.

602 4736 669 4788 74-
723 4736 873 4790 MOI].
906 4751 918 4789 ε
953 4738 977 4785 ὁ
1002 4729 1060 4785 δὲ
1092 4738 1279 4796 χρόνος
1314 4733 1360 4784 ἐν
1393 4742 1463 4796 τῷ
1493 4753 1544 4796 7.
1578 4742 1687 4791 νῦν.
1732 4736 1793 4788 In
1836 4734 1961 4789 Vat.
1998 4735 2155 4789 deest

602 4729 691 4807 74)
723 4729 873 4790 Mdu.
906 4729 977 4789 2νὸ
1002 4729 1060 4785 δὲ
1090 4738 1279 4807 χρόνος
1307 4729 1360 4784 έν
1393 4742 1463 4803 τῷ
1493 4753 1544 4803 7.
1578 4742 1687 4791 νῦν.
1732 4736 1793 4788 In
1836 4734 1961 4789 Vat.
1998 4735 2160 4789 deest

2267 4514 2471 4593 λέγεται
2497 4521 2561 4569 τὰ
2610 4518 2852 4590 εἰρημένα
2882 4514 2905 4551 ἶ
2940 4522 3004 4570 τὰ
3035 4514 3093 4570 δὲ
3121 4514 3254 4570 salu
3294 4522 3461 4571 πάντα
3500 4524 3636 4572 κατὰ
3668 4514 3875 4593 συμϐε-

2271 4590 2444 4649 ϐηκός.

2343 4664 2454 4731 (83)
2488 4664 2534 4713 ἐν
2634 4691 2689 4701 -
2721 4659 3076 4731 πολύνᾲάθθεῐ
3098 4661 3155 4731 in
3185 4662 3334 4716 MOI].

2344 4729 2456 4803 (84)
2489 4729 2636 4805 Men.
2686 4739 2836 4783 τοῦτο
2868 4729 2926 4783 δὲ
2973 4736 3030 4783 τό
3086 4729 3225 4783 ἴδιον
3279 4737 3433 4783 παντὶ
3473 4736 3563 4804 μεν
3596 4744 3665 4804 τῷ
3701 4744 3877 4805 ποσῷ,

2273 4804 2330 4855 οὐ
2361 4800 2497 4875 μόνῳ
2531 4800 2589 4856 δέ
2612 4803 2770 4855 ἐστιν.

2343 4873 2454 4945 (85)
2499 4878 2649 4930 Mon.
2700 4877 2778 4925 ὅτι
2831 4879 2919 4925 καὶ
2977 4873 3023 4924 ἐν
3083 4882 3144 4945 τῇ
3179 4874 3337 4946 οὐσίᾳ
3385 4874 3477 4926 οὐκ
3534 4878 3700 4928 ἔνεστι
3744 4876 3881 4929 ἐναν-

2273 4951 2399 4998 τίον.

2346 5018 2458 5087 (86)
2508 5018 2664 5093 Mon.
2702 5016 2741 5067 εἰ
2772 5012 2831 5067 δέ
2861 5036 3001 5093 ne...
3040 5016 3194 5093 UOH.
3229 5017 3567 5093 σοφιζόμενος
3608 5020 3879 5093 προφέρει]

2275 5086 2454 5158 λέγων,
2497 5091 2577 5139 ὅτι
2625 5096 2695 5157 τῷ
2736 5096 2882 5155 ποσῴ
2928 5086 3149 5138 ἐναντίον
3221 5086 3332 5139 ἐστὶ
3380 5096 3435 5139 τό
3464 5090 3566 5141 οἶον
3614 5086 3781 5161 μέγα
3811 5086 3883 5161 τῷ

2278 5169 2469 5231 μικρῷ,
2500 5169 2698 5229 πρῶτον
2730 5164 2818 5228 μὲν
2847 5163 3047 5231 εἴρηται
3079 5162 3177 5211 ότι.

2497 5235 2643 5286 MOI].
2674 5236 2801 5306 πρό-ς
2821 5249 2871 5306 τι
2900 5234 3022 5306 γὰρΔ
3042 5231 3110 5306 ἔτ.

2353 5299 2465 5371 (88)
2494 5306 2642 5357 Mon.
2674 5299 2780 5353 ἀλλ’
2812 5304 2943 5372 ὅμως
2970 5299 3059 5353 οὐκ
3087 5304 3225 5353 ἔστιν
3266 5299 3468 5354 ἐναντίοι
3498 5311 3683 5354 ταῦτα.

2353 5374 2461 5447 (89)
2481 5382 2551 5442 τῷ
2584 5382 2766 5447 μικρῲ-
2783 5373 2932 5447 Mon.

2354 5446 2465 5525 (90}
2491 5441 2639 5525 Mph.
2674 5441 2822 5497 οὐδὲν
2854 5443 3035 5495 κωλύει
3085 5441 3211 5495 εἶναι
3242 5443 3367 5495 αὐτὸ
3414 5444 3581 5525 ἐαμτῷ
3636 5444 3885 5500 ἐναντίον.

2284 5514 2459 5571 Arist.
2494 5516 2536 5569 εἰ
2588 5518 2734 5569 ἔσται
2780 5520 2835 5567 τὸ
2876 5534 3009 5587 μεγα
3038 5521 3127 5566 καὶ
3177 5518 3234 5566 τό
3264 5519 3449 5591 μικρόν
3475 5514 3718 5583 θὲναντία,
3754 5537 3887 5593 συμ-

510 4825 615 4859 νυν.

581 4877 695 4947 (75)
723 4876 852 4930 Vat.
877 4873 1187 4947 6).o:»Calif.
1213 4878 1268 4931 et
1298 4877 1448 4930 Mon.
1483 4879 1542 4929 ut
1570 4891 1773 4945 supra.

587 4945 697 5017 (76)
734 4945 1155 5017 Supplevimus
1178 4946 1306 5000 haec
1331 4962 1401 5000 ex
1434 4949 1583 5002 Mon.
1621 4962 1633 5010 ;
1669 4948 1879 5001 desunt
1911 4948 2067 5002 enim
2104 4948 2159 5003 in

512 5016 642 5074 Vat.
670 5016 995 5088 (undejam
1011 5016 1175 5073 Catif.
1202 5017 1432 5089 aliquid
1454 5016 1663 5089 deesse
1695 5018 2161 5089 suspicabatur.)

514 5092 701 5147 verba
748 5092 996 5161 ὡσαύτως
1039 5118 1108 5129 -—
1154 5088 1247 5140 οὐκ
1288 5087 1447 5161 ἔστιν.
1489 5087 1575 5161 οἱ.
1616 5087 1869 5145 Arist].
1924 5106 1973 5144 c.
2026 5094 2163 5161 εἰρη-

519 5167 606 5215 ταί
636 5180 687 5212 τε
708 5165 796 5211 xui
827 5160 919 5212 οὐκ
960 5164 1098 5211 ἔστιν
1130 5162 1205 5212 ἔτι
1229 5168 1379 5211 τοῦτο
1408 5157 1600 5213 λαϐεῖν.

591 5232 704 5302 (77)
737 5235 883 5287 Mon.
910 5227 1088 5288 ἐπειδὴ
1121 5234 1221 5302 γὰρ
1252 5233 1443 5283 τούτων
1470 5232 1705 5283 ἕκαστον.

621 5301 710 5373 78)
737 5304 890 5357 Mon.
923 5323 1033 5373 πως
1066 5318 1077 5331 ·
1114 5304 1238 5357 Vat.
1272 5310 1327 5357 et
1356 5301 1529 5358 Arist.
1559 5323 1677 5357 που.

620 5371 708 5438 79)
737 5376 886 5430 Mon.
924 5371 1079 5431 δῆλον
1110 5376 1192 5433 ὡς.

598 5446 906 5572 (8§)PMon.
949 5453 1127 5498 Ταῦτα
1164 5448 1253 5518 μέν
1292 5444 1400 5500 οὖν.
1443 5444 1516 5501 cf.
1558 5446 1730 5500 Arist.
1774 5444 1810 5500 l.
1855 5462 1904 5500 c.
1950 5446 1976 5517 ς
2014 5446 2067 5516 9,
2110 5462 2171 5521 p.

609 5533 639 5572 e
692 5558 703 5571 .
774 5533 860 5572 ar.
1400 5558 1417 5563 Α

528 5523 582 5575 7.
609 5520 703 5573 ed.
734 5520 860 5579 Par.
1400 5558 1417 5563 Α
