4116 6194
321 288 427 346 785

1393 293 1488 349 AD
1526 283 2075 351 AMPHILOCHIUM
2117 293 2445 361 QUAESTIO
2486 295 2642 352 CXL.

3573 300 3680 357 786

320 417 426 489 ἄρα
453 435 510 469 το
534 421 719 491 μικρὸν
750 424 839 471 καὶ
880 421 935 472 τὸ
983 423 1117 491 μέγα
1145 418 1286 471 ἐστὶν
1344 417 1566 472 ἐναντίον
1607 420 1716 491 (91)
1741 439 1752 450 ’
1788 421 1922 472 ὥστε

2039 436 2328 492 magnum
2341 427 2396 476 et
2412 436 2665 492 parvum
2679 420 3117 493 conspicicitur,
3139 421 3296 477 idem
3333 421 3687 496 sibimetipsl

324 506 366 558 εἰ
409 507 494 558 καί
541 511 612 578 μὴ
667 515 766 558 τῶν
811 513 939 580 πρός
993 529 1061 573 τι,
1118 507 1245 560 ἀλλὰ
1295 516 1388 560 τοῦ
1443 516 1610 561 ποσοῦ
1649 509 1776 562 εἶναί
1842 530 1922 570 τις

325 595 460 646 αὐτὰ
509 597 640 662 θείη,
708 593 859 649 οὐδὲν
914 599 1108 672 ἄπορον
1167 599 1371 669 εὑρήσει
1453 598 1564 668 (92)
1627 617 1638 627 ·
1709 601 1920 672 φανερόν

324 684 428 755 ἄρα
454 684 568 756 (93)
623 687 702 738 ὃτι
751 689 808 738 rb
857 692 926 758 μὴ
981 683 1325 758 ἐπιδέχεσθαι
1378 687 1600 739 ἐναντίον
1644 693 1797 739 παντὶ
1849 696 1920 757 τῷ

324 782 472 845 ποσῷ
498 774 733 846 ἁρμόζει.
768 780 949 850 Τρίτον
1001 780 1060 828 rb
1108 781 1178 848 μὴ
1241 772 1586 848 ἐπιδέχεσθαι
1634 781 1691 828 τό
1731 777 1920 849 μᾶλλον

323 867 414 914 καὶ
441 866 499 914 τό
530 865 682 922 ἧττον
716 880 728 894 ⁸
777 868 892 918 οὔτε
920 869 1022 940 γὰρ
1053 869 1118 918 τὰ
1165 871 1286 940 τρία
1315 874 1414 918 τῶν
1458 866 1570 937 (94)
1621 870 1767 919 πέντε
1796 866 1922 936 μᾶλ-

321 951 406 1004 λον
437 958 558 1024 τρία
594 953 814 1024 λέγεται,
870 958 983 1006 οὔτε
1025 957 1050 1006 ό
1088 961 1282 1029 χρόνος
1333 963 1424 1006 τοῦ
1480 960 1675 1028 χρόνον
1730 955 1920 1026 μᾶλλον

319 1045 511 1114 χρόνος
544 1041 677 1113 (95)·
710 1049 798 1096 καὶ
841 1043 1050 1096 ἐπὶτῶν
1100 1044 1263 1096 ἄλλων
1299 1046 1545 1106 ὡσαύτως
1597 1063 1609 1074 °
1665 1052 1818 1096 τοῦτο
1863 1041 1921 1096 δὲ

320 1135 378 1181 rb
405 1126 542 1182 ἴδιον
563 1137 716 1184 παντὶ
743 1135 833 1204 μεν
868 1141 940 1204 τῷ
983 1141 1129 1203 ποσῷ
1188 1132 1327 1186 ἐστιν
1354 1133 1485 1197 (96),
1543 1133 1601 1185 οὔ
1645 1139 1782 1206 μόνῳ
1840 1130 1918 1185 δέ’

322 1223 572 1292 πρόσεστι
602 1223 715 1291 (97)
743 1225 843 1296 γὰρ
893 1228 982 1274 καὶ
1029 1230 1088 1295 τῇ
1147 1222 1322 1294 οὐσίᾳ.
1366 1227 1614 1296 Τέταρτον
1649 1220 1786 1275 ἴδιον
1830 1229 1921 1274 τοῦ

321 1316 489 1361 ποσοῦ
517 1310 630 1380 (98)
661 1313 718 1362 τὸ
771 1309 884 1362 ἶσόν
936 1330 989 1362 τε
1027 1316 1115 1364 καὶ
1166 1313 1344 1364 ἄνισον
1396 1311 1639 1382 λέγεσθαι
1704 1329 1714 1340 ·
1770 1320 1921 1365 τοῦτο

323 1394 514 1450 δὲκαὶ
745 1404 938 1474 κυρίως
970 1397 1105 1452 ἴδιον
1149 1408 1239 1453 τοῦ
1294 1409 1480 1452 ποσοῦ·
1541 1398 1808 1453 ἀκολουθεί
1863 1399 1922 1454 δὲ

321 1495 472 1539 τοῦτο
504 1495 575 1558 τῷ
623 1495 810 1561 πρώτῳ
865 1486 1004 1559 ἰδίῳ,
1053 1491 1159 1542 οἷον
1202 1498 1275 1560 τῷ
1305 1491 1608 1564 μετρεῖσθαι
1659 1507 1670 1520 ⁸
1703 1493 1768 1542 τὰ
1818 1493 1920 1563 γὰρ

321 1578 640 1650 μετρούμενα
669 1578 744 1648 (1)
784 1580 883 1630 ὑπό
915 1598 1046 1639 τινος
1099 1580 1216 1638 ἦτοι
1264 1581 1360 1630 ἶσα
1407 1579 1511 1631 εἰσὶ
1564 1583 1687 1651 πρός
1726 1579 1922 1636 ἄλληλα

323 1671 721 1738 συγκρινόμενα,
756 1667 785 1726 ἦ
839 1669 1018 1728 ἄνισα,
1079 1672 1318 1720 τουτέστι
1376 1669 1405 1726 ἡ
1439 1668 1654 1740 μείζονα
1696 1670 1724 1726 ἡ
1770 1668 1920 1720 ἐλάτ-

2032 509 2394 566 contrarium
2426 526 2553 566 esse
2585 511 2830 576 accidet,
2866 510 3030 583 quod
3060 510 3449 582 impossibile,
3499 527 3687 584 quare

2031 599 2264 654 etiamsi
2319 598 2450 668 quis
2490 616 2611 655 non
2644 600 2961 655 relatorum
2994 599 3072 654 ad
3111 599 3342 672 aliquid
3385 601 3510 656 haec
3559 617 3688 659 esse

2031 694 2233 758 ponat,
2286 688 2388 743 sed
2440 694 2826 759 quantorum,
2878 688 3105 744 nullam
3160 689 3402 759 reperiet
3431 690 3690 747 difﬁcul-

2031 781 2228 832 tatem.
2261 780 2520 848 Apparet
2544 779 2705 846 ergo,
2739 779 2901 834 omni
2925 784 3153 850 quanto
3190 779 3528 844 convenire,
3570 795 3688 836 non

2030 865 2288 938 recipere
2317 867 2700 922 contrarium.
2735 868 2924 922 Tertia
2949 867 3286 938 prOprietas
3313 869 3524 940 quanti
3573 875 3678 935 est,

2028 956 2194 1027 quod
2223 969 2344 1010 non
2398 955 2602 1026 recipit
2657 956 2850 1025 magis
2889 963 2944 1010 et
3002 957 3220 1011 minus.
3275 959 3474 1028 Neque
3533 958 3690 1014 enim

2030 1043 2142 1099 tria
2196 1043 2390 1113 magis
2445 1044 2722 1100 dicuntur
2777 1061 2906 1100 esse
2973 1045 3084 1101 tria
3153 1061 3338 1116 quam
3422 1046 3689 1119 quinque

2029 1132 2324 1202 (dicuntur
2351 1133 2660 1204 quinque),
2696 1149 2892 1206 neque
2920 1139 3157 1205 tempus
3205 1139 3463 1205 tempore
3496 1135 3689 1206 magis

2029 1228 2289 1292 tempus,
2320 1226 2496 1293 atque
2525 1223 2595 1278 de
2627 1223 2850 1278 caeteris
2883 1222 3171 1278 similiter.
3223 1223 3354 1278 Haec
3385 1239 3525 1280 vero
3558 1240 3692 1295 pro-

2030 1309 2247 1381 prietas
2297 1311 2463 1366 omni
2518 1310 2764 1381 quidem
2795 1317 3022 1383 quanto
3076 1312 3262 1375 adest,
3325 1325 3446 1368 non
3485 1317 3687 1369 autem

2032 1400 2140 1456 soli
2173 1401 2360 1466 ;inest
2411 1401 2568 1456 enim
2608 1400 2787 1456 etiam
2847 1400 3220 1456 substantiae.
3278 1403 3496 1466 Quarta
3541 1418 3680 1474 pro-

2032 1490 2246 1560 prietas
2277 1490 2485 1561 quanti
2523 1494 2626 1555 est,
2697 1491 2933 1562 aequale
2987 1494 3043 1546 et
3087 1490 3377 1562 inaequale
3433 1491 3592 1562 dici;
3631 1491 3693 1547 id

2029 1593 2172 1633 vero
2198 1577 2428 1650 proprie
2454 1583 2542 1633 est
2565 1578 2775 1650 quanti
2805 1578 3134 1650 proprietas
3163 1597 3176 1631 :
3210 1578 3476 1650 sequitur
3501 1587 3690 1635 autem

2031 1681 2103 1722 ex
2146 1667 2342 1738 prima
2371 1666 2752 1738 prOprietate,
2801 1666 2964 1737 quod
3015 1667 3237 1722 scilicet
3292 1673 3686 1724 mensuratur.

319 1772 460 1807 τονα·
507 1763 661 1808 τοῦτο
691 1752 750 1808 δε
793 1760 850 1808 τό
895 1753 1033 1809 ἴδιον
1064 1762 1155 1809 καὶ
1184 1760 1339 1808 παντὶ
1404 1765 1476 1827 τῷ
1502 1765 1650 1826 ποσῷ
1704 1756 1921 1828 ἁρμόζει

2039 1757 2174 1821 Quae
2201 1755 2359 1810 enim
2389 1754 2904 1811 mensuranturab
2930 1755 3153 1828 aliquo,
3184 1755 3332 1810 dum
3354 1756 3689 1812 adinvicem

316 1849 408 1895 καὶ
438 1848 597 1916 μόνῳ.
649 1841 788 1897 Εἰδέ
817 1865 893 1905 τις
922 1850 1067 1917 φαίη,
1113 1850 1202 1896 καὶ
1249 1849 1337 1902 τὴν
1392 1842 1631 1896 διάθεσιν
1669 1849 1922 1903 ποιότητα

317 1931 478 1985 οὖσαν
534 1936 656 1991 ’ίσην
710 1939 798 1985 καὶ
848 1935 1027 1986 ἄνισον
1078 1934 1321 2005 λέγεσθαι
1381 1934 1439 1985 οὐ
1489 1934 1658 1996 καλῶς
1703 1933 1842 2005 λέγοι
1899 1955 1912 1967 ο

317 2021 506 2094 μᾶλλον
531 2024 632 2094 γὰρ
663 2024 843 2094 ὁμοίαν
875 2028 962 2074 καὶ
993 2027 1238 2094 ανομοίαν
1299 2019 1380 2075 δεῖ
1421 2025 1614 2081 ταύτην
1652 2022 1916 2094 λέγεσθαι,

318 2110 448 2182 οὐχὶ
474 2107 532 2163 δὲ
561 2113 683 2168 ἴσην
714 2117 802 2163 καὶ
833 2113 1032 2176 ἄνισον,
1063 2114 1194 2164 ὥστε
1241 2117 1396 2164 παντὶ
1449 2117 1539 2165 καὶ
1590 2116 1728 2184 μόνῳ
1760 2111 1919 2184 ἁρμό-

322 2201 399 2261 ζει
419 2209 490 2270 τῷ
521 2207 668 2270 ποσῷ
699 2207 850 2252 τοῦτο
876 2205 934 2252 rb
960 2197 1097 2253 ἴδιον

2030 1849 2473 1916 comparantur.
2516 1851 2617 1900 aut
2647 1844 2902 1916 mqualia
2934 1849 3072 1901 sunt
3109 1849 3164 1900 et
3203 1845 3546 1917 inaequalia,
3578 1846 3692 1902 hoc

2030 1939 2117 1988 est
2145 1939 2248 1988 aut
2279 1933 2511 2004 majora
2536 1937 2638 1988 aut
2681 1933 2933 1989 minora.
2966 1933 3102 1989 Haec
3159 1949 3297 1990 vero
3353 1933 3687 2006 proprietas

2029 2027 2084 2078 et
2113 2022 2271 2077 omni
2303 2026 2359 2078 et
2389 2022 2497 2078 soli
2522 2026 2750 2095 quanto
2784 2027 3041 2094 aptatur.
3075 2021 3136 2077 Si
3167 2023 3301 2094 quis
3343 2039 3479 2078 vero
3533 2023 3692 2080 dicat

2027 2110 2484 2182 dispositionem
2516 2126 2774 2183 quoque,
2801 2127 2938 2184 quae
2969 2111 3228 2183 qualitas
3256 2116 3361 2175 est,
3395 2111 3689 2184 aequalem

2028 2199 2139 2255 dici
2172 2205 2228 2255 et
2248 2198 2622 2271 inaequalem,
2655 2199 2820 2255 haud
2846 2205 3000 2255 recte
3027 2200 3222 2256 dicere
3252 2200 3486 2256 videtur
3519 2216 3532 2266 ;
3560 2199 3688 2257 haec

327 2289 486 2344 enim
519 2289 716 2361 potius
742 2289 952 2344 similis
979 2296 1035 2344 et
1075 2289 1376 2345 dissimilis
1399 2289 1658 2345 dicenda
1696 2294 1801 2354 est,
1835 2303 1956 2344 non
1985 2303 2128 2344 vero
2159 2287 2416 2360 aequalis
2445 2294 2501 2344 et
2531 2288 2863 2361 inaequalis.
2921 2290 3113 2354 Quare
3158 2294 3215 2345 et
3265 2288 3433 2344 omni
3482 2293 3538 2345 et
3578 2287 3687 2344 soli

331 2385 556 2452 quanto
583 2379 862 2434 convenit
886 2378 996 2434 ista
1019 2385 1370 2450 proprietas.

885 2489 1198 2538 ΕΡΩΤΗΣΙΣ
1229 2483 1352 2538 ΡΜ’.

896 2595 1022 2665 Περὶ
1059 2595 1352 2652 ποιότητος.

2320 2482 2643 2549 QUIESTIO
2686 2484 2838 2540 CXL.
2887 2483 3093 2558 [CoisL
3151 2484 3404 2558 cum]

2636 2591 2723 2647 De
2769 2590 3073 2663 qualitate.

1393 2697 1546 2746 Nunc
1572 2698 1806 2761 primum
1843 2695 2031 2746 editaa
2052 2697 2114 2745 D.
2151 2696 2592 2760 Hergenroether.

390 2794 453 2846 az"
487 2797 709 2856 Ποιότης
741 2792 851 2845 ἐστὶ
891 2792 992 2865 (3),
1025 2792 1141 2845 καθ’
1193 2794 1254 2851 ἢν
1302 2798 1442 2845 ποιοί
1481 2813 1612 2856 τινες
1642 2795 1671 2853 ἦ
1724 2798 1812 2845 καὶ
1834 2791 1920 2844 ἆλ-
1957 2791 1998 2848 C

315 2885 417 2946 λως
471 2904 578 2945 πως
631 2878 932 2934 διακεῖσθαι
1010 2881 1264 2954 λέγονται.
1318 2881 1471 2953 Ἐχει
1526 2879 1585 2934 δε
1623 2879 1738 2940 εἴδη
1785 2885 1922 2934 κατὰ

321 2974 578 3042 συζυγίαν
607 2971 684 3043 (4)
730 2975 1084 3045 προφερόμενα
1127 2976 1379 3044 τέσσαρα³
1435 2979 1638 3046 πρῶτον
1695 2974 1786 3042 μὶν
1817 2971 1918 3034 ἕξιν

319 3067 407 3114 καὶ
452 3058 709 3123 διάθεσιν,
761 3057 998 3133 δεύτερον
1048 3056 1107 3112 δὲ
1181 3056 1402 3133 δύναμιν
1460 3065 1548 3112 καὶ
1600 3057 1916 3132 ἀδυναμίαν,

317 3157 488 3225 τρίτον
549 3152 842 3208 παθητικὴν
923 3153 1176 3208 ποιότητα
1244 3156 1329 3201 καὶ
1425 3152 1606 3217 πάθος,
1682 3154 1918 3222 τέταρτον

321 3250 514 3313 σχῆμα
541 3244 628 3291 καὶ
655 3243 871 3312 μορφήν.
925 3243 1025 3291 Καὶ
1074 3241 1215 3290 ἔστιν
1255 3239 1354 3302 ἕξις
1411 3242 1501 3311 μεν
1530 3245 1739 3300 ποιότης
1793 3236 1920 3292 δυσ-

321 3329 616 3391 απόϐλητος
678 3332 774 3400 (5),
825 3333 1204 3385 κακοποιητικη
1265 3329 1294 3386 ἡ
1356 3327 1646 3386 τελειωτικὴ
1717 3337 1806 3380 τοῦ
1874 3327 1920 3380 ἐν

321 3422 360 3491 ᾧ
391 3421 641 3493 ὑπάρχει.
677 3419 919 3478 Διάθεσις
947 3413 1005 3469 δέ
1050 3417 1126 3486 (6)
1159 3415 1270 3468 ἐστι
1318 3424 1527 3477 ποιότης
1553 3416 1920 3483 εὐαπόϐλητος,

319 3513 561 3560 τουτέστι
613 3507 740 3579 πρὸς
791 3507 868 3578 (7)
917 3509 1096 3579 καιρόν
1159 3509 1399 3578 γινομένη
1434 3512 1523 3558 καὶ
1555 3505 1918 3579 ἀπογινομένηο

323 3595 555 3670 διαφέρει
606 3592 664 3648 δὲ
709 3605 798 3655 τῆς
829 3596 995 3657 ἕξεως,
1031 3597 1108 3646 ὁτι
1153 3597 1181 3653 ἠ
1211 3598 1300 3665 μὲν
1341 3595 1443 3658 ἕξις
1469 3596 1926 3670 πολυχρονιωτέρα

322 3685 435 3738 ἐστὶ
465 3691 553 3737 καὶ
583 3688 929 3756 μονιμωτέρα,
975 3684 1108 3742 αὕτη
1142 3685 1220 3754 (8)
1271 3680 1330 3736 δε
1361 3685 1622 3746 εὐκίνητος
1666 3690 1754 3738 καὶ
1783 3689 1923 3758 ταχὺ

323 3776 671 3846 ἁπογινομένη
710 3791 721 3803 ·
780 3782 1020 3825 τοιαῦται
1083 3770 1141 3825 δὲ
1181 3775 1236 3824 αἱ
1288 3793 1340 3825 τε
1394 3772 1681 3846 ἐπιστῆμαι
1734 3780 1822 3827 καὶ
1869 3777 1924 3827 αἱ

319 3865 504 3936 ἀρεταὶ
534 3868 623 3915 καὶ
651 3865 704 3914 αἱ
730 3867 912 3914 κακίαι
940 3883 951 3894 ⁸
983 3863 1084 3925 ἐξιν
1154 3867 1243 3935 μὲν
1273 3865 1374 3937 γὰρ
1433 3863 1600 3915 αὐτῶν
1657 3866 1797 3935 ἔχειν
1849 3865 1924 3916 λέ-

320 3972 476 4024 γομεν
513 3953 594 4025 (9)
620 3957 706 4004 τόν
756 3953 1050 4023 κατέχοντα
1103 3971 1154 4003 τι
1202 3954 1396 4004 τούτων
1440 3950 1488 4004 ἓν
1519 3952 1711 4004 πλείονι
1749 3956 1924 4024 χρόνῳ

321 4045 351 4101 ἡ
373 4047 461 4094 καὶ
489 4037 561 4094 δι’
590 4041 706 4094 ὅλου
741 4049 832 4093 τοῦ
859 4039 999 4113 βίου·
1035 4042 1140 4092 οἷον
1171 4044 1255 4092 τόν
1309 4037 1583 4112 δεξάμενον
1639 4045 1732 4099 τὴν
1762 4060 1927 4114 γραμ-

2106 2798 2154 2848 l.
2207 2793 2469 2859 Qualitas
2521 2798 2626 2862 est,
2681 2809 2802 2866 qua
2849 2794 3060 2867 quales
3111 2795 3358 2868 quidem
3425 2795 3514 2850 vel
3570 2793 3686 2850 alio

2029 2882 2318 2953 quopiam
2337 2881 2530 2938 affecti
2547 2882 2719 2937 modo
2733 2882 3031 2938 dicuntur.
3052 2883 3238 2938 Habet
3254 2887 3445 2938 autem
3462 2882 3687 2953 species

2031 2970 2365 3026 secundum
2398 2987 2598 3028 earum
2649 2971 3105 3042 conjugationes
3154 2973 3490 3027 enuntiatas
3544 2987 3688 3042 qua-

2031 3066 2202 3126 tuor;
2240 3061 2434 3130 primo
2477 3059 2726 3132 quidem
2774 3059 3048 3115 habitum
3112 3065 3168 3115 et
3213 3061 3684 3132 dispositionem,

2030 3149 2291 3205 secundo
2315 3150 2635 3221 potentiam
2665 3155 2722 3205 et
2747 3151 3181 3222 impotentiam,
3199 3151 3366 3206 tertio
3391 3149 3688 3221 passivam

2030 3237 2376 3310 (patibilem)
2393 3238 2730 3310 qualitatem
2750 3243 2808 3294 et
2829 3239 3187 3312 passionem,
3211 3244 3425 3311 quarto
3442 3239 3687 3310 ﬁguram

2031 3331 2088 3383 et
2153 3325 2432 3383 formam.
2491 3327 2735 3384 Habitus
2791 3327 3037 3401 quidem
3095 3333 3153 3384 et
3203 3327 3467 3400 qualitas
3536 3343 3688 3398 aegre

2032 3415 2399 3482 amissibilis,
2432 3416 2689 3472 deterius
2719 3416 2944 3473 faciens
2970 3421 3065 3473 vel
3103 3417 3312 3473 melius
3338 3417 3595 3473 reddens
3627 3416 3683 3472 id

2031 3506 2092 3561 in
2131 3521 2254 3578 quo
2284 3506 2527 3561 exsistit.
2556 3505 2876 3577 Dispositio
2905 3511 3106 3562 autem
3130 3514 3185 3562 et
3224 3505 3485 3578 qualitas
3518 3505 3688 3562 facile

2035 3594 2389 3650 amissibilis.
2426 3594 2484 3649 id
2538 3599 2645 3659 est,
2696 3611 2826 3666 quae
2866 3596 2942 3651 ad
2995 3601 3231 3668 tempus
3265 3595 3597 3667 acquiritur
3633 3599 3691 3651 et

2034 3682 2559 3749 amittitur;diﬂ‘ert
2592 3689 2790 3740 autem
2813 3684 2891 3739 ab
2907 3684 3138 3751 habitu,
3173 3685 3310 3756 quia
3337 3683 3432 3740 hic
3466 3684 3693 3738 ﬁrmior

2033 3776 2122 3827 est
2163 3777 2219 3828 et
2253 3771 2604 3834 diuturnior.
2659 3773 2970 3845 dispositio
3013 3789 3152 3829 vero
3194 3773 3361 3828 facile
3397 3773 3610 3828 mutari
3637 3777 3694 3827 et

2034 3861 2252 3934 deponi
2291 3865 2505 3932 potest.
2543 3860 2849 3932 Ejusmodi
2889 3867 3026 3917 sunt
3067 3863 3323 3917 scientia:
3368 3867 3423 3916 et
3451 3863 3692 3917 virtutes

2036 3967 2105 4008 ac
2130 3950 2274 4005 vitia
2306 3967 2318 4015 ;
2352 3966 2488 4006 nam
2509 3949 2782 4007 habitum
2805 3951 3156 4007 eorumdem
3183 3951 3404 4006 habere
3438 3951 3692 4006 dicimus

2035 4055 2174 4095 eum
2192 4039 2293 4111 qui
2311 4038 2531 4110 aliquid
2550 4041 2843 4110 ejusmodi
2859 4039 3112 4110 longiori
3148 4045 3413 4110 tempore
3429 4040 3693 4111 possidet

321 4136 546 4204 ματικὴν
573 4136 661 4182 καὶ
690 4134 982 4201 κατέχοντα
1036 4132 1230 4187 ταύτην
1287 4129 1387 4192 ἕξιν
1431 4131 1540 4201 (10)
1602 4133 1740 4202 ἔχειν
1787 4129 1923 4200 λέγο·

2040 4128 2127 4182 vel
2156 4127 2334 4184 etiam
2356 4143 2459 4198 per
2491 4133 2675 4184 totam
2706 4130 2889 4185 vitam
2919 4146 2932 4195 ;
2968 4127 3148 4184 veluti
3189 4144 3328 4184 eum
3360 4129 3464 4201 qui
3497 4144 3694 4198 gram-

325 4239 433 4294 μενι
467 4221 652 4292 ὁμοίως
677 4224 765 4271 καὶ
811 4217 1150 4276 δικαιοσύνην
1203 4223 1292 4270 καὶ
1341 4221 1430 4278 τὰς
1468 4218 1638 4278 ἄλλας·
1690 4215 1928 4271 διάθεσιν

328 4306 388 4363 δὲ
415 4309 622 4380 λέγομεν
681 4310 822 4379 ἔχειν
865 4310 951 4359 τόν
1011 4303 1283 4378 δεξάμενον
1340 4310 1429 4378 μέν
1477 4327 1527 4360 τι
1573 4316 1671 4360 τῶν
1725 4307 1924 4382 εἰρημέ-

325 4419 446 4459 νων,
477 4402 620 4468 ταχὺ
661 4393 720 4449 δὲ
762 4405 928 4448 ταῦτα
956 4396 1071 4466 (11)
1105 4393 1532 4468 ἁποϐαλλόμενον,
1576 4397 1680 4449 οἷον
1732 4399 1801 4458 ὡς
1843 4400 1927 4449 τόν

330 4485 426 4540 διὰ
456 4489 616 4560 θυμόν
669 4484 1107 4560 ἐρυθριάσανταῆ
1153 4481 1246 4538 διὰ
1300 4485 1454 4558 φόϐον
1485 4485 1845 4558 ὠχριάσαντα·
1880 4487 1929 4538 οἱ

330 4794 548 4874 ϐήσεται
601 4795 658 4844 rb
704 4790 829 4876 αὐτό
873 4791 983 4876 ἅμα
1029 4794 1095 4843 τὰ
1159 4790 1378 4876 ἐναντία
1435 4787 1781 4876 ἐπιδέχεσθαι
1845 4795 1935 4843 καὶ

328 4867 465 4919 αὐτὰ
516 4863 718 4925 ἑαυτοῖς
738 4859 875 4934 *εἶναι
905 4859 1126 4934 ἐναντία.
1159 4863 1187 4934 §
1225 4863 1311 4928 14,
1354 4879 1412 4934 ρ.
1441 4863 1500 4919 8.

402 4935 518 5007 (91)
546 4935 700 4990 Μοη.
729 4932 930 5007 ἐναντία
958 4932 1117 5007 ἐστίν.

401 5003 518 5077 (92)
544 5009 690 5062 Μοη.
720 5005 811 5057 οὐκ
833 5008 981 5058 ἔσται
1003 5003 1230 5064 ἀλλήλων
1257 5003 1479 5077 ξναν-τία.

405 5073 521 5148 (93)
544 5079 694 5132 Mon.
730 5081 938 5149 φανερόν
968 5077 1048 5128 ὅτι
1075 5081 1132 5129 rb
1157 5081 1231 5149 μὴ
1256 5073 1402 5149 (ἐπιδ.
1439 5078 1504 5128 τὰ
1533 5073 1752 5127 ἐναντία.

425 5150 520 5216 94)
555 5149 647 5205 Sic
677 5147 828 5204 MOn.
851 5147 923 5202 'et
946 5149 1114 5203 Arist.
1144 5147 1310 5202 Catii.
1345 5154 1435 5200 τοῦ
1465 5167 1522 5198 π.

431 5222 525 5291 95)
556 5223 705 5276 Mon.
741 5219 912 5275 addit
940 5217 1068 5272 εἶναι
1093 5219 1314 5290 λέγεται.

547 5293 708 5366 lilon.
725 5292 963 5366 7'31répx“
991 5295 1081 5364 μὲν
1108 5312 1164 5346 π.
1203 5299 1275 5362 τῷ
1306 5298 1473 5360 ποσῷ.

406 5365 526 5433 (97)
554 5362 665 5433 ἐστι
692 5362 917 5419 Monac.

404 5431 513 5502 (98)
541 5431 614 5488 ίδ.
648 5441 739 5486 τοῦ
770 5454 827 5489 π.
861 5434 1025 5489 deest
1052 5433 1109 5488 in
1146 5435 1295 5489 Mon.

407 5501 520 5576 (997)
555 5508 701 5562 M00.
736 5524 784 5560 τ.
821 5501 881 5557 δέ
912 5504 1023 5557 ἐστι
1051 5509 1109 5558 rb
1135 5510 1328 5577 κυρίως
1360 5501 1437 5558 ἶδ.

409 5577 486 5647 (1)
516 5577 663 5632 Mon.
680 5596 834 5656 prrp.
853 5579 976 5652 γάρ.

2037 4216 2318 4272 maticam
2347 4215 2408 4270 in
2433 4231 2495 4271 se
2525 4217 2779 4288 suscepit
2807 4233 2877 4273 ac
2918 4223 3112 4274 mente
3152 4223 3325 4284 tenet,
3358 4233 3482 4274 eam
3521 4215 3693 4273 habi-

2039 4314 2163 4362 tum
2203 4303 2418 4361 habere
2448 4304 2722 4362 dicimus.
2775 4308 2996 4363 Eodem
3044 4307 3225 4364 modo
3279 4323 3370 4364 res
3411 4323 3472 4362 se
3517 4305 3697 4361 habet

2037 4411 2176 4452 cum
2198 4393 2426 4466 justitia
2446 4410 2514 4450 ac
2536 4394 2799 4468 reliquis.
2828 4396 3284 4467 Dispositionem
3317 4412 3449 4452 vero
3473 4395 3695 4451 habere

2038 4485 2296 4541 dicimus
2319 4500 2477 4551 eum,
2502 4485 2604 4556 qui
2637 4485 3057 4556 prmdictorum
3089 4486 3232 4558 quid
3272 4486 3333 4542 in
3364 4502 3426 4542 se
3455 4485 3694 4556 recepit,

1971 4639 2173 4694 NOTAE

2142 4791 2194 4859 '2)
2225 4789 2316 4846 Sic
2348 4793 2405 4846 et
2435 4789 2664 4845 Monac.
2701 4788 2775 4844 cf.
2816 4789 2988 4845 Arist.
3033 4790 3132 4845 ﬁn.
3161 4803 3294 4859 cap.
3325 4792 3376 4844 6.

2141 4859 2193 4932 3)
2228 4865 2376 4918 Mon.
2403 4860 2441 4916 f.
2476 4864 2542 4936 32
2688 4879 2698 4915 :
2730 4865 2928 4914 Φωτίου
2993 4866 3128 4936 περὶ,
3160 4865 3454 4936 ποιότητος.
3491 4867 3532 4913 Π
3588 4859 3698 4936 ἐστὶ

2045 4937 2353 5006 κατηγορία,
2423 4933 2541 4984 καθ’
2611 4931 2640 4990 ἢ
2705 4937 2846 4984 ποιοί
2910 4931 3211 4995 τινεςέἶναι
3276 4935 3532 5004 λέγονται.
3606 4933 3698 4988 Sic

2045 5011 2102 5059 et
2124 5003 2358 5058 Aristot.
2385 5019 2518 5075 cap.
2544 5005 2575 5059 8
2603 5004 2718 5058 init.
2755 5005 2836 5075 (p.
2878 5009 2938 5061 t3
2967 5005 3059 5060 ed.
3092 5003 3270 5060 Paris.
3300 5003 3350 5060 c.
3393 5008 3445 5060 6.

2141 5078 2193 5139 4)
2227 5079 2376 5132 Μοη.
2401 5071 2516 5132 εἴδη
2550 5071 2842 5147 συνώνυμα.

2144 5149 2195 5213 5)
2230 5149 2378 5201 Mon.
2413 5147 2441 5204 ᾖ
2472 5165 2592 5199 κακ.

2142 5221 2195 5284 6)
2237 5215 2297 5269 δέ
2327 5216 2489 5273 deest
2513 5218 2570 5271 in
2609 5219 2752 5274 Mon.

2118 5289 2195 5358 (Ἰ)
2221 5291 2370 5344 MOI).
2396 5289 2487 5349 εὶς.

2142 5359 2195 5426 8)
2228 5359 2359 5417 αὕτη
2389 5391 2455 5399 -
2481 5358 2756 5430 ἀπογινομ.
2789 5359 2980 5430 οωίῐῐ.
3001 5359 3061 5414 in
3085 5360 3237 5415 Mon.

2141 5431 2196 5502 9)
2218 5432 2371 5504 Mon.
2406 5430 2511 5504 ἔξω(
2538 5429 2636 5504 γὰρ
2669 5429 2808 5504 ἔχειν
2828 5429 2933 5502 λέγ.
2963 5450 2974 5488 :
3029 5431 3198 5486 deest
3235 5429 3452 5486 deinde
3483 5433 3696 5484 τούτων.

2119 5501 2240 5570 (170)
2271 5503 2422 5557 Mon.
2453 5501 2615 5559 αὐτὴν
2644 5504 2712 5562 ὡς
2741 5501 2865 5563 ἕξιν.

2122 5573 2234 5645 (tl)
2270 5574 2360 5629 Sic
2397 5571 2562 5630 Catif.
2589 5576 2744 5629 recte
2766 5589 2782 5643 ;
2814 5573 2936 5630 Vat.
2967 5577 3022 5629 et
3049 5573 3202 5630 Mon.
3235 5574 3446 5633 ταύτην.

2118 5079 2137 5286 ἓ
