4116 6194
484 251 587 306 787

1709 243 1945 298 PHOTII
1988 243 2471 300 PATRIARCH/E
2508 245 2611 299 CP.

3753 248 3873 304 788

486 390 628 431 mox
668 388 802 427 vero
832 370 978 429 illud
1009 369 1224 441 abjecit
1259 376 1313 425 et
1364 370 1639 441 deposuit
1681 388 1693 437 ;
1734 369 1897 425 verbi
1952 370 2124 440 gratia

2242 372 2360 443 γὰρ,
2390 370 2755 439 τοιοῦτοι(12)
2807 366 3070 433 διαθέσεις
3122 374 3261 442 ἔχειν
3331 372 3592 443 λέγονταιο
3655 372 3871 433 διετέθη

484 480 641 525 eum,
678 462 779 534 qui
805 468 1041 532 propter
1069 459 1445 514 iracundiam
1464 460 1699 514 erubuit
1724 459 1812 514 vel
1833 476 1944 530 pl'tB
1973 464 2133 514 metu

484 551 726 625 palluit;
762 550 907 605 tales
924 550 1081 604 enim
1104 548 1556 620 dispositionem
1585 549 1802 603 habere
1826 549 2128 611 dicuntur;

482 640 807 713 dispositus
822 654 1080 711 namque
1110 638 1218 693 fuit
1234 654 1442 692 eorum
1456 638 1701 709 quilibet
1728 637 1802 692 ad
1828 636 2131 691 modicum

483 736 713 801 tempus
741 728 1066 783 secundum
1085 728 1359 782 ruborem
1388 727 1478 781 vel
1502 727 1820 797 pallorem;
1854 742 1972 781 non
1998 741 2133 781 vero

482 819 659 873 ullius
704 818 918 873 harum
962 816 1309 888 qualitatum
1346 815 1615 870 habitum
1659 815 1936 885 suscepit.
1972 815 2136 869 Patet

482 913 683 964 autem
710 923 847 962 eum
869 907 965 978 qui
990 907 1258 961 habitum
1279 905 1477 974 habet,
1500 905 1660 976 prius
1683 904 2131 975 dispositionem

481 996 804 1063 habuisse;
841 996 1003 1067 prius
1031 994 1189 1049 enim
1222 994 1354 1049 talis
1387 995 1720 1049 secundum
1755 994 1919 1049 illam
1945 993 2137 1063 quali-

482 1089 664 1140 tatem
709 1083 1037 1155 dispositus
1090 1086 1234 1147 erat,
1287 1082 1497 1137 deinde
1552 1082 1633 1136 sic
1690 1081 1815 1152 ejus
1862 1080 2133 1136 habitum

483 1174 759 1245 suscepit.
820 1175 1009 1244 Atque
1074 1172 1203 1227 haec
1266 1171 1511 1243 quidem
1561 1170 1633 1225 de
1692 1170 1889 1242 prima
1940 1171 2135 1240 specie

480 1262 800 1335 qualitatis.

557 1356 610 1406 2.
661 1351 859 1407 Altera
885 1366 1028 1406 vero
1058 1350 1362 1422 qualitatis
1386 1350 1611 1421 species
1645 1354 1734 1404 est
1772 1348 2035 1420 po‘entia
2081 1353 2136 1403 et

482 1442 843 1512 impotentia.
876 1443 1007 1495 Herc
1038 1456 1173 1494 vero
1195 1455 1315 1495 non
1343 1445 1481 1494 sunt
1507 1443 1662 1503 actu,
1688 1455 1783 1493 sec
1816 1456 1913 1509 per
1945 1438 2133 1493 solam

478 1530 845 1585 habilitatem
878 1528 1309 1600 producuntur.
1336 1531 1429 1583 Est
1460 1544 1599 1582 vero
1632 1528 1894 1597 potentia
1926 1526 2134 1581 habili-

480 1620 617 1674 tatis
661 1634 1033 1689 progressus,
1083 1618 1424 1687 impotentia
1454 1622 1655 1671 autem
1696 1616 2008 1671 difﬁcultas
2036 1616 2131 1673 vel

2242 463 2329 531 μὲν
2360 462 2456 531 γὰρ
2481 460 2697 519 ἕκαστος
2737 462 2929 511 τούτων
2983 464 3115 533 πρὸς
3158 461 3325 532 ὀλίγον
3372 466 3507 513 κατά
3556 469 3653 521 τὴν
3693 465 3879 535 ὠχρο-

2242 568 2375 605 τητα
2403 550 2430 606 ἡ
2468 547 2785 619 ἐρυθρότητα
2835 565 2845 576 ’
2881 548 2973 599 οὐκ
3028 550 3219 617 ἐγένετο
3253 546 3313 601 δὲ
3371 548 3548 612 οὐδεὶς
3608 548 3879 623 οὐδεμιᾶς

2244 636 2437 697 ἐκτικὸς
2462 640 2654 688 τούτων
2681 638 2811 702 (13).
2846 643 3003 693 Δῆλον
3033 634 3083 688 δ’
3117 640 3192 689 ὅτι
3228 640 3252 689 ό
3285 642 3421 708 ἔχων
3455 645 3549 697 τὴν
3583 640 3693 702 ἕξιν
3736 661 3875 713 προς

2244 746 2384 799 τερον
2434 729 2560 796 ἔσχε
2607 731 2699 784 τὴν
2732 722 2968 777 διάθεσιν
3015 728 3148 797 (14)·
3213 724 3418 785 διετέθη
3451 733 3555 801 γὰρ
3592 738 3809 803 πρῶτον
3854 732 3880 781 ό

2243 821 2469 873 τοιοῦτος
2510 817 2643 865 κατά
2673 818 2765 872 τὴν
2800 819 3074 885 ποιότητα,
3122 814 3213 868 εἶθ’
3275 818 3438 878 οὕτως
3499 821 3709 879 ταύτης
3750 820 3871 887 (15)

2245 902 2440 961 ἐκτικὸς
2489 905 2699 973 ἐγένετο.
2760 909 2859 955 Καὶ
2911 904 3046 955 οὕτω
3105 908 3195 976 μεν
3231 911 3347 980 περὶ
3400 914 3495 957 τοῦ
3549 912 3771 979 πρώτου
3810 913 3877 959 εῖ-

2247 988 2371 1052 ὃους
2398 1001 2455 1051 τῆ
2470 1012 2490 1052 ς
2529 996 2822 1054 ποιότητος.

2318 1350 2369 1422 β’
2402 1354 2641 1424 Δεύτερον
2696 1348 2755 1404 δὲ
2812 1348 2954 1412 εἶδος
2982 1356 3255 1413 ποιότητος
3313 1349 3539 1426 δύναμις
3598 1361 3695 1408 καὶ
3729 1353 3877 1409 ἁδυ-

2244 1446 2403 1511 ναμία
2431 1455 2443 1469 ·
2487 1449 2655 1493 ταῦτα
2686 1438 2744 1493 δὲ
2798 1442 2891 1492 οὐκ
2922 1442 3025 1493 εἱσι
3072 1444 3205 1494 κατὰ
3259 1448 3352 1501 τὴν
3407 1444 3666 1517 ἐνέργειαν
3722 1449 3878 1517 (16),

3774 1543 3885 1589 Καὶ

2244 1622 2357 1670 ἔστι
2388 1620 2499 1689 (17)
2543 1616 2763 1692 δύναμις
2802 1623 2892 1691 μὲν
2938 1617 3365 1684 ἐπιτηδειότητος
3421 1629 3692 1695 προκοπὴ,
3730 1624 3878 1678 ἁδυ-

2246 1529 2373 1581 am
2423 1531 2538 1581 κατ’
2602 1527 3006 1589 ἐπιτηδειότητα
3064 1536 3223 1602 μόνην
3306 1536 3651 1605 προάγονται.

479 1708 702 1763 excisio
746 1706 1080 1761 habilitalis.
1138 1705 1399 1776 Exempli
1458 1706 1645 1774 gratia
1678 1706 2015 1775 praestantis
2071 1706 2124 1759 in

2242 1712 2403 1779 ναμία
2434 1706 2492 1761 δι
2520 1706 2777 1761 δυσκολία
2806 1710 2835 1767 ἡ
2886 1708 3077 1767 ἐκκοπὴ
3123 1707 3574 1774 ἐπιτηδειότητος·
3609 1715 3720 1765 οἷον
3784 1720 3880 1767 τόν

478 1795 634 1867 genii
682 1811 931 1867 puerum
977 1795 1294 1865 potentiam
1333 1794 1550 1849 habere
1581 1794 1854 1857 dicimus,
1908 1800 1967 1848 ut
2021 1808 2132 1863 geo

479 1886 759 1939 metricus
800 1885 920 1949 fiat,
952 1884 1267 1938 hebetioris
1305 1900 1441 1938 vero
1472 1882 1692 1953 ingenii
1721 1898 1973 1953 puerum
2024 1882 2124 1938 im-

478 1975 815 2046 potentiam.
881 1973 1096 2029 Eodem
1152 1972 1333 2028 modo
1389 1974 1504 2043 apti
1552 1972 1629 2028 ad
1682 1988 1913 2027 cursum
1960 1976 2016 2029 et
2054 1973 2132 2029 ad

477 2064 803 2137 pugilatum
832 2064 1109 2119 dicuntur
1160 2078 1281 2118 non
1312 2062 1557 2133 quidem
1587 2066 1887 2117 currentes
1936 2067 1993 2117 et
2024 2078 2130 2133 pu-

477 2154 728 2224 gilantes
756 2155 834 2223 (hi
852 2153 1007 2207 enim
1023 2158 1308 2208 vocantur
1339 2168 1609 2207 cursores
1637 2156 1695 2206 et
1720 2151 1995 2223 pugiles),
2028 2154 2128 2207 sed

476 2245 577 2316 qui
601 2243 987 2314 aptitudinem
1020 2241 1745 2312 habilitatemquehabent
1774 2241 1849 2297 ad
1883 2257 2129 2296 cursum

475 2332 568 2387 vel
599 2332 675 2387 ad
723 2331 1058 2401 pugilatum
1105 2348 1117 2397 ;
1151 2337 1205 2385 et
1245 2330 1514 2385 salubres
1563 2330 1842 2384 dicuntur
1874 2345 1991 2385 non
2024 2331 2129 2401 qui

476 2422 636 2476 bona
663 2421 935 2474 fruuntur
968 2420 1303 2475 valetudine
1326 2419 1410 2491 (hi
1441 2420 1601 2473 enim
1636 2425 1925 2474 vocantur
1949 2420 2125 2489 sani),

477 2509 581 2563 sed
608 2509 709 2577 qui
738 2508 1063 2578 potentiam
1105 2507 1323 2561 habent
1356 2506 1499 2560 nihil
1537 2506 1708 2561 facile
1748 2507 1825 2561 ab
1856 2507 2128 2563 acciden-

477 2597 633 2652 tibus
663 2596 927 2668 patiendi
959 2595 1236 2664 (morbidi
1290 2611 1427 2649 vero
1460 2595 1548 2649 vel
1588 2596 1789 2663 (egroti
1822 2595 2122 2666 dicuntur,

2244 1797 2400 1867 εὐφυῆ
2440 1795 2609 1849 παῖδα
2640 1794 2864 1869 δύναμιν
2917 1801 3056 1869 ἔχειν
3097 1803 3257 1870 φαμὲν
3306 1808 3398 1852 τοῦ
3442 1804 3695 1871 γενέσθαι
3732 1824 3879 1875 γεω-

2242 1891 2502 1957 μετρικόν,
2535 1891 2617 1939 τόν
2647 1884 2705 1939 δὲ
2763 1887 2897 1959 ἀφυῆ
2947 1884 3260 1955 ἀδυναμίαν·
3302 1892 3386 1941 τὸν
3438 1890 3595 1942 αὐτὸν
3639 1889 3702 1945 δε
3736 1899 3881 1968 τρό-

2240 1994 2333 2027 πον
2387 1981 2475 2028 καὶ
2521 1973 2766 2049 δρομικοὶ
2817 1977 3049 2047 λέγονται
3092 1983 3182 2029 καὶ
3224 1986 3489 2044 πυκτικοὶ,
3522 1980 3632 2051 ούχ
3662 1984 3713 2033 οἱ
3748 1988 3876 2056 τρέο

2239 2084 2423 2135 χοντες
2453 2066 2481 2123 ἣ
2516 2069 2852 2127 πυκτεύοντες
2898 2066 3062 2134 (οὗτοι
3093 2069 3195 2140 γὰρ
3255 2064 3470 2140 δρομεῖς
3506 2074 3599 2121 καὶ
3652 2075 3875 2125 πύκται

2239 2154 2559 2225 καλοῦνται),
2595 2153 2704 2205 ἀλλ’
2728 2157 2775 2206 οἱ
2833 2159 3042 2225 ἔχοντες
3089 2153 3395 2218 ἐπιτηδείως
3441 2162 3574 2232 πρὸς
3613 2163 3707 2212 τόν
3731 2158 3871 2234 δροο

2239 2262 2331 2313 μον
2362 2249 2451 2294 καὶ
2500 2243 2617 2311 (18)
2648 2248 2740 2301 τὴν
2770 2251 2980 2315 πυγμήν
3033 2260 3043 2271 ’
3101 2250 3190 2296 καὶ
3245 2247 3461 2315 ὑγιεινοὶ
3490 2248 3598 2319 οὐχ
3626 2252 3676 2300 οὶ
3734 2253 3868 2321 (19)

2238 2334 2558 2402 ὑγιαίνοντες
2624 2333 2794 2401 (οὗτοι
2855 2336 2951 2406 γὰρ
3042 2334 3202 2404 ύγιεῖς
3274 2334 3555 2405 λέγονται),
3621 2336 3733 2390 ἀλλ’
3816 2345 3867 2394 οἱ

2237 2424 2438 2491 ἔχοντες
2471 2418 2691 2493 δύναμιν
2722 2430 2813 2473 τοῦ
2840 2418 3004 2492 μηδὲν
3056 2426 3285 2494 πάσχειν
3315 2426 3414 2475 υπὸ
3444 2433 3543 2475 τῶν
3579 2433 3866 2497 τυχόντων

2237 2510 2454 2571 εὐκόλως
2484 2512 2616 2581 (20).
2648 2518 2826 2563 Ταῦτα
2856 2508 2924 2569 δὴ
2956 2516 3072 2585 περὶ
3124 2521 3213 2575 τῆς
3260 2508 3528 2585 δυνάμεως
3589 2521 3682 2567 καὶ
3715 2514 3866 2568 ἁδυ-

2234 2604 2441 2670 ναμίας.

474 2686 578 2757 qui
610 2686 946 2740 naturalem
986 2684 1209 2740 habent
1238 2684 1645 2755 impotentiam
1686 2684 1832 2740 nihil
1861 2685 2027 2741 facile
2067 2688 2333 2758 patiendi
2364 2689 2441 2744 ab
2473 2689 2925 2759 accidentibus).
2962 2690 3096 2745 Haec
3136 2690 3210 2745 de
3248 2692 3518 2763 potentia
3558 2698 3615 2748 et
3646 2695 3860 2766 impo-

475 2775 655 2831 tentia
686 2774 841 2829 dicta
877 2778 1071 2829 sunto.

544 2867 595 2919 3.
650 2862 837 2917 Tertia
888 2862 1187 2934 qualitatis
1250 2862 1476 2933 species
1531 2861 1772 2933 passiva
1839 2863 2120 2933 (patibilis
2156 2872 2195 2926 C

470 2952 728 3024 qualitas
756 2957 811 3005 et
842 2952 1058 3023 passio.
1090 2954 1182 3005 Est
1210 2958 1409 3006 autem
1436 2951 1677 3022 passiva
1702 2952 1962 3023 qualitas
1988 2968 2119 3023 pas-

470 3043 621 3097 sioni
674 3042 909 3096 cuidam
952 3042 1052 3096 diu
1083 3041 1421 3111 conjuncta,
1461 3040 1662 3111 passio
1715 3057 1850 3096 vero
1890 3043 1981 3097 via
2042 3043 2119 3098 ad

467 3133 801 3205 qualitatem
861 3134 1181 3202 passivam.
1247 3131 1569 3203 'l‘ripliciter
1626 3132 1829 3186 dicitur
1880 3134 2119 3203 passiva

466 3222 757 3293 qualitas:
794 3221 879 3276 vel
906 3222 1065 3275 enim
1090 3238 1124 3275 a
1145 3220 1427 3292 passione
1455 3225 1649 3274 ortum
1685 3221 1913 3284 habuit,
1940 3222 2116 3276 veluti

463 3310 540 3366 ab
570 3310 874 3377 irregulari
908 3328 975 3365 ac
1008 3316 1232 3365 naturae
1257 3325 1373 3364 non
1404 3316 1799 3365 consentaneo
1832 3311 1987 3366 circa
2017 3327 2118 3366 cor

462 3398 687 3453 fervore
720 3398 917 3464 febris,
969 3404 1023 3453 et
1077 3398 1413 3467 passionem
1468 3400 1789 3469 quamdam
1839 3400 1995 3453 circa
2038 3406 2117 3455 ta-

460 3492 621 3542 ctum
646 3486 859 3557 efﬁcit;
890 3486 1160 3543 calefacit
1189 3486 1350 3541 enim
1379 3503 1516 3541 eum
1559 3489 1658 3558 qui
1704 3488 1845 3541 illud
1880 3490 2065 3555 tangit
2100 3505 2113 3554 ;

459 3576 605 3631 vela
632 3577 906 3646 passione
937 3576 1178 3647 quidem
1204 3582 1333 3630 orta
1352 3591 1470 3629 non
1490 3582 1600 3639 est,
1620 3578 1955 3647 passionem
1976 3594 2114 3632 vero

458 3665 653 3730 infert,
682 3670 742 3718 ut
768 3664 921 3734 ignis
962 3665 1140 3731 calor,
1185 3664 1347 3718 calor
1386 3665 1544 3719 enim
1587 3682 1621 3718 a
1660 3665 1953 3736 principio
1994 3665 2114 3735 igni

456 3754 608 3809 inest
634 3759 688 3807 et
720 3754 795 3808 ad
830 3754 1311 3808 constitutionem
1354 3752 1698 3807 substantiae
1739 3752 1930 3824 ipsius
1972 3770 2115 3808 con-

456 3842 565 3898 fert
599 3860 611 3908 ;
637 3842 939 3898 manifeste
962 3843 1139 3911 igitur
1166 3859 1201 3897 a
1222 3842 1505 3914 passione
1537 3848 1732 3896 ortum
1762 3858 1879 3896 non
1910 3842 2111 3907 habet,

456 3932 789 4004 passionem
841 3938 1039 3986 tamen
1089 3931 1310 3995 efﬁcit;
1362 3930 1628 3985 similiter
1660 3936 1713 3985 et
1753 3930 1943 3985 mellis
1984 3931 2113 3985 dul-

455 4022 603 4077 cedo
648 4038 682 4077 a
722 4022 999 4093 passione
1044 4027 1173 4077 orta
1200 4036 1317 4075 non
1358 4026 1460 4085 est,
1512 4020 1851 4091 passionem
1910 4026 2110 4076 autem

453 4111 609 4167 circa
638 4111 906 4181 linguam
934 4111 1071 4166 facit
1096 4128 1108 4176 ;
1131 4110 1221 4165 vel
1250 4126 1484 4165 rursum
1506 4128 1540 4165 a
1565 4111 1841 4182 passione
1864 4110 2108 4182 quidem

2300 2866 2371 2937 γ’.
2413 2871 2600 2940 Τρίτον
2633 2864 2693 2919 δὲ
2723 2864 2861 2928 εἶδος
2887 2872 3161 2929 ποιότητος
3190 2870 3457 2927 παθητικὴ
3501 2874 3725 2933 ποιότης
3756 2878 3855 2924 καὶ

2228 2958 2408 3016 πάθος,
2444 2956 2589 3007 Ἐστι
2620 2954 2668 3007 δ’
2700 2959 2727 3013 ἡ
2790 2958 2898 3025 (21)
2932 2961 3020 3028 μὲν
3054 2959 3319 3016 παθητικὴ
3364 2960 3581 3019 ποιότης
3614 2963 3643 3018 ἡ
3680 2964 3848 3014 πάθει

2228 3050 2327 3097 τινὶ
2357 3049 2531 3115 χρόνῳ
2708 3046 3081 3116 συνεζευγμνέη
3111 3048 3243 3117 ('23),
3294 3050 3451 3108 πάθος
3476 3045 3533 3100 δὲ
3566 3050 3596 3106 ἡ
3628 3049 3697 3109 εἰς
3731 3052 3851 3119 (24)

2227 3138 2321 3190 τήν
2350 3136 2644 3191 παθητικὴν
2701 3138 2957 3191 ποιότητα
2982 3131 3125 3195 ὁδός.
3186 3142 3397 3207 Τριχώς
3452 3134 3510 3188 δὲ
3565 3137 3773 3207 λέγεται
3814 3141 3845 3196 ἡ

2226 3225 2488 3280 παθητικὴ
2536 3227 2790 3298 ποιότης·
2829 3224 2856 3280 ἡ
2889 3226 2989 3296 γὰρ
3041 3222 3140 3275 ἀπὸ
3181 3226 3377 3285 πάθους
3440 3225 3635 3295 ἐγένετο
3703 3228 3849 3295 (25),

2227 3313 2329 3363 οἷον
2362 3315 2431 3373 ὡς
2462 3311 2561 3363 ἀπὸ
2601 3321 2695 3373 τῆς
2747 3310 3014 3383 ἀνωμάὶου
3069 3318 3157 3364 καὶ
3198 3317 3341 3385 παρὰ
3387 3318 3541 3385 φύσιν
3596 3321 3715 3386 περὶ
3744 3322 3846 3373 τὴν

2225 3398 2447 3472 καρδίαν
2482 3402 2666 3461 ζέσεως
2723 3403 2747 3451 ό
2804 3406 3041 3475 πυρετὸς,
3105 3407 3193 3453 καὶ
3253 3405 3417 3464 πάθος
3476 3423 3526 3454 τι
3574 3407 3712 3455 κατὰ
3742 3410 3845 3462 τὴν

2225 3490 2358 3561 ἁφὴν
2390 3497 2524 3541 ποιεῖ
2567 3490 2677 3559 (26)

2226 3577 2325 3629 ἀπὸ
2366 3580 2559 3637 πάθους
2598 3581 2687 3650 μὲν
2761 3578 2852 3629 οὐκ
2897 3577 3111 3648 ἐγένετο,
3172 3581 3333 3639 πάθος
3386 3578 3443 3632 δὲ
3505 3580 3727 3653 ἐμποιεῖ,
3774 3586 3849 3643 ὡς

2224 3670 2252 3725 ἡ
2282 3675 2371 3719 τοῦ
2397 3671 2560 3739 πυρός
2593 3669 2865 3738 θερμότης
2918 3669 3045 3725 αὕτη
3090 3671 3191 3741 γὰρ
3222 3670 3459 3741 ἀρχῆθεν
3512 3672 3623 3739 ('27)
3658 3672 3838 3744 ύπάρο

2222 3775 2401 3827 χουσα
2432 3764 2501 3825 τῷ
2533 3775 2659 3827 πυρι
2703 3761 2791 3806 καὶ
2850 3756 3170 3808 συντελουσα
3213 3761 3340 3831 πρὸς
3371 3761 3632 3810 σύστασιν
3667 3760 3839 3812 αὑτοῦ

2740 3507 2751 3518 ⁸
2805 3492 3063 3563 θερμαίνει
3108 3493 3209 3563 γὰρ
3256 3495 3342 3542 τόν
3402 3493 3689 3564 ἀπτόμενον
3756 3514 3768 3524 ·
3811 3496 3842 3552 ῖς

2222 3854 2311 3905 τῆς
2341 3845 2518 3903 ούσίας
2552 3844 2651 3895 ἀπὸ
2696 3846 2893 3905 πάθους
2925 3848 3014 3916 μεν
3044 3843 3201 3903 δῆλον
3241 3848 3321 3898 ὅτι
3353 3846 3445 3898 οὐκ
3482 3846 3698 3917 ἐγένετο,
3728 3852 3837 3900 πάι

2224 3936 2309 3995 θος
2336 3931 2393 3985 δὲ
2449 3933 2652 4005 ἐμποιεῖ
2679 3936 2781 4001 ('28)
2843 3950 2854 3961 '
2908 3936 3098 4006 ὁμοίως
3145 3933 3204 3987 δὲ
3253 3940 3339 3987 καὶ
3374 3938 3403 3993 η
3436 3935 3702 4006 γλυκύτης
3739 3948 3842 3990 τοῦ

2221 4023 2421 4095 μέλιτος
2462 4020 2561 4073 ἀπὸ
2590 4024 2788 4081 πάθους
2846 4026 2935 4093 μεν
3153 4024 3245 4075 ούκ
3286 4027 3499 4095 ἐγένετο,
3555 4028 3723 4087 πάθος
3776 4024 3841 4079 δὲ

2221 4115 2337 4183 περὶ
2381 4116 2472 4168 τὴν
2524 4110 2753 4180 γλῶτταν
2802 4118 2956 4163 ποιεῖ’
3030 4113 3055 4170 ἦ
3127 4112 3280 4163 πάλιν
3340 4110 3441 4163 ἀπὸ
3510 4115 3708 4174 πάθους
3745 4120 3841 4186 μὲν

452 4205 582 4257 orta
611 4205 721 4264 est,
746 4216 865 4256 non
896 4216 1033 4255 vero
1064 4200 1407 4271 passionem
1437 4198 1593 4264 facit,
1637 4198 1814 4254 veluti
1854 4200 2111 4271 qualita-

2236 4200 2433 4271 ἓγένετο,
2476 4202 2641 4261 πάθος
2695 4196 2754 4251 δὲ
2807 4200 2864 4251 οὐ
2919 4208 3076 4269 ποιεῖ,
3109 4204 3172 4261 ὡς
3231 4203 3284 4253 αἱ
3337 4206 3454 4275 περὶ
3503 4207 3587 4259 τὴν
3646 4203 3841 4275 ψυχὴν

452 4295 558 4354 tes,
579 4306 713 4361 quas
728 4289 884 4345 circa
903 4289 1171 4345 animam
1190 4289 1492 4351 exsistunt,
1514 4288 1673 4343 verbi
1692 4290 1881 4357 gratia
1908 4304 2083 4343 amen
2100 4322 2108 4327 -

452 4378 551 4442 tia,
583 4378 669 4433 ira
708 4382 763 4433 et
810 4377 923 4433 alia
950 4378 1009 4433 id
1056 4393 1243 4443 genus
1308 4394 1320 4442 ;
1366 4376 1495 4448 ipsa
1533 4378 1693 4431 enim
1748 4394 1781 4431 a
1830 4376 2109 4448 passione

444 4472 582 4523 orta
611 4472 716 4535 est,
747 4482 867 4523 non
900 4482 1037 4523 vero
1071 4467 1126 4521 in
1158 4467 1559 4537 conspiciente
1592 4466 1681 4521 vel
1714 4470 1993 4537 tangente
2025 4466 2107 4522 ef-

2221 4289 2567 4359 ύφιστάμεναι
2625 4293 2919 4349 ποιότητες’
2980 4285 3084 4340 οἷον
3146 4292 3174 4347 ἦ
3223 4308 3277 4341 τε
3330 4296 3521 4362 μανικη
3586 4294 3840 4353 ἔκστασις

2219 4382 2308 4429 xui.
2340 4379 2369 4434 ἡ
2406 4376 2533 4449 ὀργὴ
2567 4381 2751 4429 καὶτὰ
2798 4386 3012 4430 τοιαῦτα
3074 4378 3208 4449 (30)·
3266 4379 3396 4437 αὕτη
3456 4383 3547 4450 μὲν
3594 4384 3696 4455 γὰρ
3732 4381 3839 4434 ἀπὸ

2220 4467 2418 4525 πάθους
2473 4466 2580 4536 (31)
2642 4465 2856 4537 ἐγένετο,
2915 4469 3083 4528 πάθος
3137 4463 3196 4519 δὲ
3238 4467 3332 4519 ούκ
3376 4466 3585 4539 ἐμποιεῖ
3641 4470 3718 4532 εἰς
3746 4474 3838 4522 τὸν

2084 4591 2131 4645 Ν
2138 4590 2290 4645 ΟΤΑΕ

559 4717 640 4776 12)
664 4719 813 4773 Mon.
845 4718 1026 4776 πάντες
1050 4715 1194 4768 οὗτοι
1222 4712 1481 4769 διάθεσιν.

559 4718 617 4771 12
664 4719 813 4773 Mon.
845 4718 1026 4776 πάντες
1050 4716 1194 4768 οὗτοι
1222 4716 1481 4769 διάθεσιν.

526 4716 640 4861 (13)
690 4789 846 4843 Mon.
904 4789 995 4840 οὐκ
1036 4788 1229 4858 ἐγένετο
1278 4784 1335 4839 δὲ
1392 4782 1639 4857 οὐδεμίαν
1688 4786 1787 4849 ἕξιν
1842 4789 1997 4858 ἔχων,
2032 4786 2108 4838 ἐκ·

458 4863 595 4919 τικός
625 4863 839 4913 τούτων.

525 4934 639 5001 (14)
672 4936 820 4987 Mon.
856 4935 948 5001 τὴν
982 4927 1127 4985 ὃιάθ.
1159 4933 1306 5001 ἔσχε.

556 4999 636 5073 15)
672 5006 818 5058 Mon.
852 5000 942 5054 εἶθ’
972 5003 1134 5063 οὕτως
1174 4999 1367 5058 ταύτην
1390 5000 1491 5062 ἕξιν
1522 5003 1659 5071 ἔχων
1700 4999 1801 5052 ἐκτ.
1837 4999 1910 5073 ἐγ.

556 5004 615 5057 15
672 5006 818 5058 Mon.
852 5004 942 5054 εἶθ’
972 5004 1134 5063 οὕτως
1174 5005 1268 5053 ταύ

524 5004 640 5146 (16)
673 5076 819 5129 Mon.
852 5075 966 5124 κατ’
996 5077 1268 5146 ἐνέργειαν.

584 5142 637 5198 7)
669 5146 819 5198 Mon.
851 5148 963 5196 ἔστι
992 5142 1049 5196 δε
1071 5142 1134 5197 δύ.

556 5149 611 5197 17
669 5146 819 5198 Mon.
851 5148 963 5196 ἔστι
992 5144 1049 5196 δε
1072 5144 1134 5197 ἠδ.

524 5144 637 5347 (18)
672 5219 820 5271 MOI].
855 5216 883 5273 ἦ
918 5220 1046 5289 πρὸς
1066 5237 1117 5269 τ.
1150 5220 1342 5296 πυγην.

556 5289 641 5347 19)
675 5290 819 5341 Mon.
851 5287 954 5347 οὐχ
987 5288 1063 5347 οἷς
1102 5285 1199 5347 [οἱ]
1232 5304 1342 5337 εισιτ

540 5285 641 5360 ί19>
675 5290 819 5341 Mon.
845 5285 964 5360 οὐχ’
987 5288 1063 5347 οἷς
1102 5285 1199 5360 [οἱ]
1232 5286 1359 5337 εἰσιν
1393 5286 1476 5355 ὑγ.

527 5289 615 5355 (19
675 5290 819 5341 Mon.
851 5289 954 5358 οὐχ
987 5289 1063 5347 οἷς
1102 5289 1199 5360 [οἱ]
1232 5289 1359 5337 εἰσιν
1393 5289 1476 5355 ὑγ.

526 5289 641 5428 (20)
674 5359 877 5429 Suppl.
936 5375 1005 5413 ex
1060 5361 1283 5413 Monac.
1337 5352 1586 5417 νοσώδεις
1627 5354 1683 5429 of“:
1727 5359 1774 5409 οἱ
1815 5352 2108 5429 ἀδυναμίαν

454 5435 680 5499 φυσικὴν
747 5427 952 5501 ἔχοντες
1013 5438 1103 5481 τοῦ
1156 5432 1383 5499 πάσχειν
1443 5430 1543 5480 ὑπὸ
1590 5427 1687 5480 τῶν
1729 5427 1995 5499 τυχόντων
2032 5429 2110 5480 εύ-

458 5500 637 5560 κόλως.

552 5572 640 5642 21)
671 5576 829 5629 Mon.
872 5576 984 5625 ἔστι
1012 5570 1070 5626 δὲ
1108 5574 1232 5625 παθ.
1267 5574 1355 5644 μὶν
1381 5592 1437 5626 π.

554 5644 646 5717 22)
673 5645 837 5702 ΜΟΠ.
876 5650 1121 5719 χρονίως.

2319 4715 2409 4785 23)
2435 4717 2587 4790 Mon.
2620 4716 2928 4787 συνεζευγμ.
2960 4716 3201 4790 ὠχρότης
3232 4717 3259 4775 ἡ
3300 4720 3467 4777 νόσος.

2324 4790 2407 4861 illi)
2442 4789 2745 4861 Momwpo;
2781 4806 2826 4839 τ.
2858 4807 3003 4861 π,γπ.

2295 4858 2401 4924 (35)
2449 4860 2508 4910 lu
2569 4857 2719 4914 Mou.
2770 4860 3031 4927 sequitur
3077 4866 3167 4910 xui.
3226 4860 3385 4919 πάθος
3445 4857 3627 4924 ἐποίει,
3678 4863 3748 4921 ὡς
3801 4865 3832 4921 ἡ

2220 4934 2337 4995 περὶ
2384 4932 2466 4978 τὸν
2513 4928 2777 5000 ἄνθρωπον
2834 4934 3075 5000 γινομένη
3106 4933 3247 5002 παρά
3305 4934 3457 5001 φύσιν
3520 4934 3786 5013 θερμασία
3817 4953 3828 4961 ·

2221 5001 2507 5076 αῦτηαὰρ
2567 5006 2657 5052 καὶ
2714 5000 2813 5052 ἀπὸ
2882 5003 3075 5061 πάθους
3138 5000 3330 5072 ἐγένετο
3407 5010 3501 5062 τῆς
3556 5000 3833 5076 ἀνωμάλου

2220 5069 2434 5143 deinde
2459 5069 2513 5125 et
2543 5088 2726 5143 supra

2317 5141 2408 5211 26)
2440 5144 2592 5197 Mon.
2622 5141 2763 5215 ποιεῖ
2785 5144 2917 5194 κατὰ
2940 5146 3032 5200 τὴν
3065 5145 3219 5215 ἁφήν.

2292 5144 2408 5284 (26)
2440 5144 2592 5197 Mon.
2624 5149 2763 5195 ποιεῖ
2785 5144 2917 5194 κατὰ
2940 5146 3032 5200 τὴν
3065 5145 3219 5215 ἁφήν.

2318 5215 2405 5279 Z7)
2440 5216 2594 5297 Rion.
2628 5214 2756 5303 ἀρχ.
2806 5218 2894 5301 μὲν
2948 5220 3280 5303 προσεγένετο
3335 5222 3405 5285 τῷ
3437 5221 3585 5289 πυρὶ,
3619 5218 3827 5273 συντελ.

2224 5282 2280 5337 δὲ
2306 5282 2394 5355 πρ.
2423 5288 2578 5338 σύστ.
2614 5282 2920 5347 τῆςτούτου
2951 5282 3149 5346 οὖσίας.

2292 5356 2405 5423 (28)
2438 5356 2596 5412 MOI).
2628 5366 2781 5411 ποιεῖ.

2315 5431 2403 5500 13.9)
2429 5430 2517 5498 μέν
2550 5428 2711 5483 deest
2738 5429 2796 5482 in
2829 5431 3002 5493 Mon.,
3038 5428 3187 5483 sicut
3217 5444 3474 5500 sequens
3503 5430 3681 5488 πάλιν,

2315 5432 2381 5480 29
2429 5432 2517 5498 μέν
2550 5432 2711 5483 deest
2738 5432 2796 5482 in
2829 5432 2893 5483 Μ(

2314 5432 2403 5571 30)
2434 5501 2580 5553 MOI].
2627 5503 2691 5551 τὰ
2721 5502 2893 5571 ὅμοια.

2294 5568 2408 5640 (31)
2432 5572 2581 5626 Mon.
2617 5568 2869 5643 αύτηγὰρ
2902 5569 3000 5622 ἀπὸ
3032 5590 3088 5622 π.
