4116 6194
494 338 593 394 791
1751 333 1977 391 ΡΗΟΊΊΙ
2018 333 2491 391 ΡΑΤΒΙΑΗΟΗᾸΕ
2530 331 2642 388 CP.

3756 330 3859 383 ’792

491 462 593 536 qui
632 463 759 533 ejus
792 466 930 517 sunt
961 460 1301 533 participes,
1344 460 1447 515 sed
1479 460 1553 515 de
1594 459 1724 516 aliis
1753 461 2001 533 quidem
2054 461 2152 517 de-

2273 459 2389 512 ma
2430 467 2529 511 τῶν
2578 460 2666 529 μὲν
2724 458 3046 529 παρωνύμως
3095 455 3226 527 (52),
3286 461 3387 506 τῶν
3446 450 3505 507 δὲ
3557 456 3863 525 ὁμωνύμως,

491 551 872 616 nominative,
907 550 979 606 de
1030 550 1159 605 aliis
1187 566 1321 605 vero
1373 551 1700 621 mquivoce,
1733 551 1807 605 de
1854 551 1982 606 aliis
2022 566 2150 605 rur-

492 658 627 697 sum
652 640 1035 704 diversivocc,
1065 639 1137 694 de
1170 639 1301 694 aliis
1330 638 1704 694 ineffabiliter
1746 639 1974 710 absque
2014 655 2149 711 pro-

490 732 622 803 prio
649 729 890 784 nomine
926 750 937 781 :
976 728 1254 783 eumdem
1278 728 1336 782 in
1369 728 1617 782 modum
1656 732 1712 783 et
1752 744 1820 783 ea
1870 743 2003 800 quae
2054 728 2154 784 illa

492 819 852 892 participant
883 816 1037 872 haud
1064 816 1276 872 eadem
1309 816 1538 871 ratione
1586 816 1787 888 qualia
1839 820 1964 871 tum
2017 820 2154 871 sunt

498 914 622 963 tum
648 907 956 972 dicuntur;
985 922 1191 961 verum
1215 920 1593 976 quaecunque
1621 905 1913 976 qualitatis
1943 904 2155 960 effecta

495 996 805 1070 participia
838 996 1063 1051 nullam
1111 995 1268 1050 circa
1299 994 1549 1065 partium
1593 994 1941 1065 positionem
1980 995 2156 1049 inno-

495 1085 794 1141 vationem
826 1084 1150 1146 subierunt,
1188 1084 1313 1138 haec
1354 1082 1593 1154 proprie
1624 1082 1827 1154 qualia
1868 1088 2040 1137 erunt
2072 1082 2157 1137 di-

495 1180 814 1245 centurque
840 1190 853 1240 ;
879 1187 1253 1245 quaecunque
1280 1178 1481 1227 autem
1514 1171 1872 1241 positionem
1902 1171 2156 1242 partium

494 1264 672 1319 aliam
714 1267 770 1317 et
809 1262 988 1319 aliam
1030 1264 1440 1334 susceperunt,
1483 1260 1829 1332 positionem
1871 1261 2151 1317 habentia

495 1352 693 1423 potius
724 1368 910 1424 quam
941 1350 1147 1423 qualia
1166 1350 1422 1405 dicenda
1451 1364 1582 1405 esse
1614 1349 1909 1405 videntur.
1950 1350 2157 1404 Gram-

494 1440 746 1497 maticus
772 1440 948 1512 igitur
976 1444 1031 1495 et
1059 1440 1259 1509 justus
1302 1443 1358 1493 et
1400 1438 1771 1493 rubicundus
1824 1441 1883 1493 et
1931 1438 2048 1494 alia
2095 1437 2158 1493 id

495 1545 685 1601 genus
710 1529 909 1601 propie
934 1527 1139 1599 qualia
1168 1527 1380 1581 fuerint
1413 1543 1426 1592 ;
1484 1526 1963 1598 unumquodque
1996 1526 2157 1582 enim

496 1636 695 1674 eorum
727 1618 982 1689 propriae
1009 1616 1311 1688 qualitatis
1344 1616 1565 1670 factum
1612 1616 1910 1686 particeps
1952 1631 2157 1670 secun-

498 1709 645 1763 dum
668 1706 831 1762 aliud
853 1705 1155 1776 quidpiam
1182 1705 1568 1759 immutatum
1592 1708 1700 1771 est,
1724 1703 1878 1759 circa
1898 1704 2159 1776 partium

2260 558 2356 603 τῶν
2415 544 2472 600 δὲ
2522 548 2870 620 ἐτερωνύμως,
2925 555 3021 597 τῶν
3083 543 3141 598 δὲ
3210 544 3659 615 ἁκατονομοίστως·
3739 545 3867 593 οὕτω

2264 637 2354 703 δὴ,
2389 639 2522 689 ούτω
2553 642 2641 688 καὶ
2690 639 2755 687 τὰ
2794 641 3129 707 μετασχόντα
3176 634 3339 694 αὐτῆς
3378 633 3483 703 οὐχ
3520 634 3714 703 ὁμοίως
3764 635 3869 684 ἔστι

2262 747 2315 779 τε
2352 730 2442 777 καὶ
2473 726 2675 796 λέγεται
2705 727 2849 790 ποιὰ,
2891 722 2995 775 ἀλλ’
3046 725 3147 775 ὅσα
3194 726 3283 794 μεν
3329 727 3702 793 μετεσχηκότα
3736 726 3871 772 ποιό-

2261 835 2415 876 τητος
2458 811 2607 867 οὐδέν
2661 834 2712 865 τι
2760 817 2878 887 περὶ
2906 818 3000 871 την
3050 822 3148 863 τῶν
3201 816 3395 883 μορίων
3454 812 3593 863 θέσιν
3639 811 3873 881 ύπέμεινε

2264 907 2457 967 καινὸν,
2514 910 2680 954 ταῦτα
2728 906 2918 976 κυρίως
2975 903 3089 953 ἔστι
3145 920 3199 953 τε
3241 906 3331 953 καὶ
3377 899 3565 971 λέγοιτ’
3616 901 3677 949 ἄν
3736 903 3871 951 ποιῶ

2266 995 2366 1045 ὅσα
2408 989 2466 1045 δε
2517 996 2608 1050 τὴν
2665 994 2803 1044 θέσιν
2847 999 2946 1042 τῶν
2987 994 3181 1062 μορίων
3214 991 3463 1061 ἠμείφθη,
3510 990 3652 1041 Θέσιν
3688 990 3876 1059 ἔχοντα

2267 1082 2457 1144 μᾶλλον
2503 1083 2563 1133 οἶν
2609 1082 2817 1154 ῥηθείη,
2873 1078 2979 1130 ἀλλ’
3010 1079 3067 1131 ού
3111 1081 3256 1132 ποιοί.
3286 1078 3343 1131 Ὀ
3390 1086 3515 1149 γοῦν
3567 1097 3878 1149 γραμματι-

2266 1174 2355 1231 κὸς
2387 1175 2475 1222 καὶ
2505 1172 2530 1221 ὁ
2567 1166 2775 1230 δίκαιος
2801 1173 2889 1220 xui
2921 1169 2946 1219 ὁ
2978 1166 3215 1242 ἔρυθρίας
3253 1172 3342 1219 καὶ
3381 1169 3444 1219 τὰ
3488 1169 3646 1238 ὃμοια
3694 1169 3773 1222 εἰη
3824 1165 3877 1216 ἄν

2267 1263 2456 1331 κυρίως
2515 1260 2654 1310 ποιοί*
2714 1257 3057 1329 μετειληφότα
3111 1258 3211 1328 γὰρ
3271 1263 3367 1317 τῆς
3415 1255 3611 1315 οἰκείας
3666 1257 3877 1307 ἕκαστον

2268 1352 2548 1408 ποιότητος
2586 1346 2695 1399 κατ’
2728 1346 2848 1398 ἄλλο
2890 1351 2980 1418 μέν
3020 1366 3071 1397 τι
3114 1345 3389 1407 ἠλλοιώθη,
3442 1354 3538 1406 τῆς
3586 1341 3645 1396 δε
3690 1349 3878 1417 μορίων

2270 1437 2429 1489 αύτού
2495 1438 2678 1497 θέσεως
2742 1432 2986 1505 οὐδεμίαν
3039 1437 3169 1505 ἔσχε
3219 1432 3527 1506 μεταϐοὶήνο
3588 1437 3643 1484 τὸ
3709 1438 3879 1503 μέντοι

2271 1529 2429 1593 μανόν
2460 1530 2549 1577 καὶ
2598 1527 2653 1577 τὸ
2684 1528 2874 1575 πυκνὸν
2913 1530 3003 1576 καὶ
3034 1527 3090 1576 τὸ
3140 1528 3315 1595 τραχύ
3345 1527 3433 1575 καί
3469 1526 3526 1575 τὸ
3556 1522 3719 1587 λεῖον,
3758 1542 3884 1593 καμ-

2270 1614 2427 1666 πύλον
2475 1634 2529 1666 τε
2573 1618 2663 1665 καὶ
2715 1616 2772 1664 τὸ
2832 1613 2953 1665 εύθύ
3001 1617 3090 1664 καὶ
3140 1616 3183 1664 εἴ
3229 1632 3280 1663 τι
3327 1614 3525 1683 ὅμοιον,
3564 1612 3764 1662 αὐτίκα
3798 1618 3881 1662 ὀὗ

2271 1711 2557 1775 μετασχεῖν
2610 1710 2707 1763 τῆς
2757 1704 3069 1774 παρωνύμου
3121 1706 3399 1762 ποιότητος
3451 1705 3539 1751 καὶ
3591 1705 3689 1757 τὴν
3753 1703 3884 1751 θέσιν

500 1802 700 1852 autem
741 1794 1102 1866 positionem
1133 1793 1361 1847 nullam
1402 1792 1882 1847 immutationem
1913 1793 2147 1850 habuit.

2273 1790 2617 1862 μεταϐέϐληκε
2647 1799 2745 1842 τῶν
2790 1795 2983 1863 μορίων
3013 1793 3104 1841 xui
3134 1791 3163 1847 ἡ
3216 1798 3306 1849 τῆς
3356 1793 3634 1850 ποιότητος
3676 1792 3882 1860 μετοχὴ

507 1888 723 1940 Rarum
765 1887 953 1939 autem
996 1886 1053 1937 et
1092 1882 1368 1947 densum,
1412 1886 1468 1937 et
1521 1897 1801 1953 asperum
1869 1887 1924 1937 et
1989 1882 2157 1948 laeve,

502 1972 819 2042 obliquum
842 1976 897 2027 et
933 1976 1154 2026 rectum
1198 1976 1255 2026 et
1283 1970 1328 2024 si
1364 1970 1503 2041 quid
1542 1970 1858 2041 ejusmodi,
1894 1972 2161 2042 protinus

504 2077 626 2118 una
682 2077 820 2116 cum
863 2059 1309 2132 participatione
1350 2060 1815 2115 denominativaa
1857 2060 2162 2131 qualitatis

501 2151 722 2207 aetiam
763 2149 1127 2220 positionem
1158 2148 1411 2219 partium
1454 2148 1753 2204 transtulit
1791 2148 2163 2221 etqualitatis

504 2237 843 2311 prticipatio
885 2238 1119 2292 minime
1150 2236 1310 2291 aliud
1345 2236 1489 2307 quid
1514 2236 1709 2307 primo
1756 2238 2025 2302 mutavit,
2073 2253 2163 2293 ve-

504 2344 638 2384 rum
670 2327 931 2399 partium
952 2325 1307 2397 positionem
1330 2326 1702 2380 commutavit
1730 2342 1741 2391 ;
1774 2326 2161 2397 quamobrem

506 2432 629 2473 non
670 2416 878 2488 propie
909 2416 1101 2485 quale,
1145 2415 1249 2470 sed
1290 2415 1491 2485 potius
1530 2414 1888 2486 positionem
1928 2415 2161 2471 habens

506 2506 761 2562 reddidit
788 2506 840 2560 id
872 2505 1037 2577 quod
1070 2504 1231 2560 illam
1264 2506 1545 2577 suscepit.
1573 2505 1798 2560 Etenim
1818 2506 2073 2561 densum
2107 2510 2163 2562 et

508 2600 597 2651 est
634 2599 690 2650 et
722 2594 936 2649 dicitur
990 2593 1129 2649 illud
1193 2594 1359 2664 cujus
1425 2598 1619 2665 partes
1687 2596 1956 2666 proxime
2012 2596 2163 2651 inter

508 2699 569 2739 se
590 2684 806 2753 junctae
829 2688 966 2738 sunt
1008 2701 1021 2749 ;
1063 2697 1265 2739 rarum
1304 2698 1444 2738 vero
1483 2684 1651 2755 cujus
1689 2688 1885 2754 partes
1936 2682 2164 2740 distant

506 2770 947 2845 quodammodo
964 2770 1107 2826 etab
1121 2771 1363 2826 invicem
1376 2771 1725 2827 dividuntur
1744 2788 1999 2838 ;rursum
2015 2772 2161 2828 laeve

2271 1880 2375 1951 ούχ
2415 1881 2581 1951 ἕτερον
2627 1899 2677 1931 τι
2726 1885 2943 1952 πρώτως
2984 1878 3279 1936 ἠλλοίωσεεν
3344 1877 3473 1929 ἀλλὰ
3516 1883 3610 1935 τὴν
3651 1886 3757 1929 τὼν
3800 1897 3888 1949 μο-

2269 1973 2392 2043 ρίων
2445 1971 2585 2021 θέσιν
2636 1968 2873 2040 ἠμειψεν,
2924 1970 3057 2020 ὥστε
3105 1966 3163 2019 ού
3212 1970 3358 2019 ποιόν
3398 1971 3591 2041 κυρίως
3639 1964 3777 2018 ἀλλὰ
3818 1968 3889 2018 θί-

2274 2076 2355 2111 σιν
2406 2060 2527 2128 ἔχον
2578 2061 2629 2109 τό
2680 2052 2986 2127 δεδεγμένον
3032 2055 3193 2114 αὐτὴν
3242 2054 3617 2129 ἀπειργάσατοο
3662 2060 3761 2107 καὶ
3789 2058 3883 2127 γὰρ

2272 2142 2340 2204 δὴ
2371 2150 2561 2197 πυκνόν
2592 2150 2681 2218 μὲν
2732 2148 2845 2198 ἓστὶ
2883 2164 2936 2197 τε
2964 2149 3053 2197 καὶ
3093 2144 3295 2215 λέγεται
3327 2144 3459 2216 (53),
3504 2144 3565 2196 οὗ
3613 2147 3683 2195 τὰ
3730 2148 3889 2216 μόρια

2271 2233 2423 2305 ἐγγὺς
2481 2234 2710 2292 anno»
2759 2241 2949 2285 κεῖται·
3005 2237 3164 2305 μανὸν
3223 2229 3281 2285 δὲ
3340 2233 3400 2284 οὗ
3440 2235 3505 2284 τὰ
3562 2236 3734 2306 μόρια
3774 2234 3881 2302 (54)

2272 2320 2588 2381 διεστήκασί
2634 2343 2737 2383 πως
2784 2328 2873 2375 καὶ
2924 2319 3207 2395 διῄρηνται
3254 2320 3500 2379 ἀλλήλων·
3549 2322 3709 2373 πάλιν
3762 2321 3887 2373 λεῖον

2269 2416 2358 2483 μὲν
2411 2412 2471 2464 οὗ
2527 2414 2592 2464 τὰ
2633 2417 2794 2485 μόρια
2838 2410 3018 2483 ἐφεξῆς
3062 2409 3291 2469 ἀλλήλων
3344 2418 3513 2462 κεῖται
3564 2410 3707 2481 (55),
3764 2416 3891 2483 μήτε

2270 2500 2317 2553 ἐν
2347 2503 2582 2573 ὑπεροχῇ
2617 2521 2719 2553 τινι
2748 2504 2872 2573 πρὸς
2903 2500 3062 2553 ἑαυτὰ
3094 2500 3217 2571 μήτ’
3264 2498 3311 2551 ἐν
3355 2505 3665 2552 ταπεινώσει
3694 2501 3866 2572 παραὶ

2267 2591 2537 2643 λάττοντα’
2567 2594 2742 2664 τραχύ
2774 2586 2853 2656 δε,
2886 2590 2946 2642 οὗ
2971 2592 3036 2641 τὰ
3068 2595 3228 2663 μόρια
3258 2589 3389 2661 (56),
3433 2591 3682 2661 ὑπερέχει
3715 2589 3874 2646 ἀλλη-

2268 2680 2364 2732 λων
2396 2681 2425 2739 ἡ
2456 2679 2686 2732 ἐλλείπει·
2719 2684 2808 2731 καὶ
2837 2686 3005 2731 ταῦτα
3028 2682 3117 2742 μεν
3148 2677 3230 2731 ἐπὶ
3258 2686 3504 2731 τοσοῦτον
3536 2683 3667 2744 (57).

505 2864 613 2925 est,
645 2859 811 2930 cujus
851 2865 1048 2931 partes
1091 2860 1343 2915 invicem
1393 2860 1599 2931 positae
1632 2865 1773 2915 sunt
1800 2861 2162 2931 (secundum
2218 2859 2461 2930 rectam)
2522 2875 2641 2914 una
2693 2863 2826 2930 post
2883 2858 3084 2923 aliam,
3136 2872 3330 2928 neque
3379 2872 3450 2912 eo
3512 2857 3683 2928 quod
3758 2872 3874 2911 una

505 2964 688 3022 supra
718 2948 888 3003 aliam
920 2948 1177 3004 emineat
1206 2964 1399 3020 neque
1426 2964 1496 3003 eo
1527 2949 1691 3020 quod
1728 2965 1845 3005 una
1883 2948 2122 3004 inferior
2151 2950 2224 3004 sit
2252 2965 2320 3004 ac
2365 2947 2691 3011 subsideat,
2736 2946 2813 3001 ad
2854 2946 3109 3001 invicem
3141 2944 3484 3001 differentes
3530 2962 3543 3011 ;
3586 2960 3871 3016 asperum

504 3054 643 3094 vero
674 3044 761 3094 est
786 3038 962 3109 cujus
992 3054 1132 3110 pars
1161 3038 1407 3110 quidem
1439 3038 1714 3104 emineat,
1742 3055 1881 3109 pars
1918 3044 2115 3094 autem
2148 3036 2469 3095 subsideat.
2510 3039 2584 3090 De
2618 3035 2708 3089 his
2740 3035 3052 3089 hactenus.

580 3133 631 3185 6.
675 3127 952 3195 Qualitati
987 3132 1123 3182 sunt
1161 3127 1551 3199 proprietates
1592 3132 1857 3199 quatuor.
1900 3127 2164 3195 Quarum
2204 3127 2245 3184 C

506 3218 701 3290 prima
756 3216 815 3271 in
854 3234 925 3272 eo
967 3221 1052 3271 est
1089 3216 1254 3288 quod
1296 3216 1469 3272 habet
1508 3218 1894 3272 contrarium.
1936 3216 2167 3272 Justitia

506 3308 664 3362 enim
691 3305 991 3376 iniustitiae
1024 3305 1321 3361 contraria
1360 3311 1464 3360 est.
1492 3307 1625 3361 Haec
1665 3322 1801 3361 vero
1834 3307 2167 3378 proprietas

506 3411 702 3465 neque
731 3394 839 3449 soli
861 3394 1128 3465 qualitati
1160 3394 1457 3459 convenit,
1479 3410 1675 3467 neque
1694 3396 2026 3460 omni;non
2057 3394 2167 3450 soli

506 3483 776 3555 quidem,
803 3483 1087 3555 quoniam
1116 3484 1395 3539 convenit
1431 3499 1669 3555 quoque
1701 3485 1917 3539 actioni
1940 3488 1997 3538 et
2035 3499 2170 3555 pas-

508 3571 679 3640 sioni,
716 3571 951 3627 utinfra
983 3571 1211 3626 dicetur
1253 3589 1266 3637 ;
1309 3588 1431 3627 non
1470 3573 1635 3627 omni
1679 3588 1837 3642 vero,
1879 3571 2166 3642 quoniam

509 3660 744 3733 pallori,
774 3660 875 3731 qui
907 3665 961 3716 et
1001 3662 1130 3732 ipse
1179 3660 1439 3732 qualitas
1471 3665 1577 3727 est,
1635 3660 1781 3715 nihil
1813 3665 1903 3716 est
1932 3665 2170 3716 contra-

508 3751 683 3816 rium,
711 3749 904 3806 Altera
933 3750 1268 3822 prOprietas
1298 3755 1403 3815 est,
1436 3749 1597 3821 quod
1622 3765 1741 3804 non
1767 3748 2014 3820 suscipit
2040 3766 2170 3805 ma-

506 3838 594 3910 gis
622 3844 677 3893 et
714 3838 931 3894 minus.
974 3840 1177 3910 Neque
1217 3839 1374 3893 enim
1416 3844 1504 3894 est
1543 3837 1939 3909 grammatica
1980 3839 2167 3907 magis

509 3928 904 3997 grammatica
930 3945 1106 3999 quam
1134 3928 1548 3999 grammatica,
1582 3944 1777 4000 neque
1799 3928 2025 3998 justitia
2045 3944 2167 3984 ma-

509 4016 598 4086 gis
624 4033 808 4089 quam
835 4017 1078 4088 justitia.
1096 4023 1371 4073 Attamen
1394 4018 1589 4089 justus
1611 4019 1773 4087 justo
1800 4022 2163 4087 etgramma-

510 4106 660 4162 ticus
697 4106 1091 4176 grammatico
1133 4106 1324 4176 magis
1354 4106 1443 4162 vel
1478 4107 1676 4161 minus
1715 4106 1893 4177 (talis)
1934 4106 2164 4161 dicitur.

507 4198 639 4251 Haec
664 4211 802 4250 vero
829 4198 1167 4268 proprietas
1208 4211 1405 4267 neque
1446 4196 1608 4251 omni
1640 4195 1923 4267 qualitate
1954 4195 2165 4251 affecto

507 4285 785 4341 convenit
806 4301 1001 4357 neque
1034 4285 1180 4350 soli;
1204 4300 1325 4341 non
1357 4284 1463 4340 soli
1486 4285 1754 4356 quidem,
1782 4285 1928 4357 quia
1955 4284 2167 4341 eadem

509 4373 819 4446 potiuntur
848 4379 904 4429 et
933 4390 1107 4445 agere
1138 4378 1194 4429 et
1235 4375 1353 4444 pati
1398 4391 1409 4440 ;
1456 4390 1573 4430 non
1615 4375 1781 4429 omni
1822 4389 1981 4439 vero,
2024 4372 2168 4446 quia

2349 3124 2425 3189 ς’.
2471 3124 2621 3196 ⁴Ἐχει
2653 3121 2711 3176 δὲ
2743 3121 2858 3175 ίδια
2901 3129 3047 3197 τρία’
3077 3124 3126 3175 ἓν
3170 3126 3259 3194 μεν
3291 3124 3425 3193 (58),
3468 3126 3526 3173 τὸ
3576 3125 3721 3194 ἔχειν
3756 3122 3862 3174 ἐναν

2275 3220 2403 3266 τίον’
2447 3216 2477 3272 ἡ
2510 3217 2609 3286 γὰρ
2660 3210 2971 3269 δικαιοσύνη
3004 3220 3064 3285 τῇ
3102 3208 3287 3283 ἀδικίᾳ
3316 3210 3454 3263 ἐστὶν
3499 3211 3708 3262 ἐναντία
3754 3216 3878 3279 (59)'

2276 3311 2428 3355 τοῦτο
2461 3299 2518 3354 δι
2549 3306 2606 3353 τὸ
2640 3299 2775 3354 ἴδιον
2807 3305 2915 3367 (60)
2962 3305 3052 3352 καὶ
3091 3300 3149 3352 ού
3193 3305 3321 3372 μόνη
3370 3307 3432 3371 τῇ
3482 3304 3730 3357 ποιότητί
3779 3299 3881 3351 ἐστι

2276 3398 2365 3444 καὶ
2397 3392 2455 3443 ού
2487 3394 2653 3463 ποίην
2708 3392 2766 3442 ού
2808 3393 2935 3462 μόνη
2978 3388 3089 3461 μὶν,
3142 3386 3320 3446 επειδή
3376 3387 3485 3440 ἐστι
3530 3394 3621 3440 καὶ
3659 3397 3732 3458 τῷ
3779 3389 3881 3457 (6i)

2276 3488 2439 3533 ποιεῖν
2484 3485 2572 3531 καὶ
2625 3488 2695 3550 τῷ
2754 3482 3006 3550 πασχέιν,
3066 3481 3135 3538 ὡς
3183 3478 3397 3548 ὕστερον
3436 3477 3784 3548 λεχθήσεταιο
3825 3480 3880 3527 οὗ

2276 3571 2421 3642 πάσῃ
2470 3566 2547 3631 δε,
2608 3565 2787 3626 ἐπειδὴ
2836 3577 2896 3641 τῇ
2954 3568 3226 3639 ὠχρότητι
3282 3566 3432 3618 πάλιν
3479 3569 3589 3627 (62)
3643 3572 3882 3623 ποιότητι

2276 3662 2406 3730 ούση
2468 3654 2617 3709 οὐδέν
2671 3657 2811 3709 ἐστιν
2862 3660 3103 3709 ἐναντίον·
3169 3652 3428 3729 δεύτερον,
3484 3659 3541 3705 τό
3601 3659 3672 3726 μὴ
3717 3651 3881 3707 ἐπιδέ-

2276 3749 2473 3819 χεσθαι
2520 3748 2633 3815 (63)
2680 3750 2737 3798 τὸ
2777 3745 2965 3818 μᾶλλον
3010 3750 3098 3796 καὶ
3152 3746 3249 3815 [τὸ]
3284 3745 3456 3801 ἧττον·
3502 3744 3561 3795 ού
3603 3746 3704 3818 γάρ
3748 3743 3880 3795 ἐστιν

2276 3838 2305 3893 ἠ
2366 3840 2707 3908 γραμματικὴ
2763 3844 2857 3897 τῆς
2914 3842 3285 3906 γραμματικῆς
3337 3832 3527 3904 μᾶλλον
3581 3838 3672 3884 καὶ
3730 3834 3878 3889 ἧττον

2275 3930 2640 3998 γραμματικὴ,
2690 3921 2804 3976 οὐδ’
2862 3926 2887 3982 ἦ
2937 3921 3249 3980 δικαιοσύνη
3283 3931 3377 3982 τῆς
3407 3918 3771 3981 δικαιοσύνης·
3806 3918 3879 3973 δίο

2276 4034 2419 4076 καιος
2468 4018 2641 4086 μέντοι
2692 4011 2901 4065 δικαίου
2955 4017 3044 4063 καὶ
3100 4016 3461 4086 γραμματικὸς
3514 4018 3880 4083 γραμματικοῦ

2276 4104 2463 4175 μᾶλλον
2508 4108 2596 4154 καὶ
2628 4104 2778 4160 ἧττον
2822 4102 3046 4172 λέγεται·
3094 4110 3245 4153 τουτο
3277 4097 3334 4153 δι
3365 4104 3422 4151 τὸ
3457 4096 3591 4151 ίδιον
3636 4100 3696 4151 ού
3733 4104 3880 4151 παντὶ

2277 4202 2348 4263 τῷ
2404 4197 2734 4264 πεποιωμένῳ
2788 4190 2899 4243 ἐστὶ
2968 4195 3057 4242 καὶ
3116 4189 3173 4241 ού
3248 4194 3403 4261 μόνῳ·
3467 4188 3526 4241 ού
3576 4193 3717 4260 μόνῷ
3773 4192 3875 4260 μὲν,

2278 4279 2456 4339 ἐπειδὴ
2506 4281 2618 4334 ἐστι
2662 4286 2751 4333 καὶ
2800 4289 2870 4351 τῷ
2916 4287 3079 4331 ποιεῖν
3109 4284 3199 4330 καὶ
3242 4298 3313 4349 τῳ
3346 4281 3599 4349 πάσχειν,
3645 4279 3703 4330 ού
3736 4282 3882 4330 παντὶ

2280 4368 2358 4435 δὲ,
2393 4367 2572 4428 ἐπειδὴ
2604 4372 2661 4421 τό
2693 4370 3008 4441 τετράγωνον
3053 4373 3142 4420 καὶ
3190 4372 3246 4419 τὸ
3301 4372 3549 4441 τρίγωνον
3603 4369 3716 4433 (64)
3766 4370 3884 4419 ποιὰ

510 4462 999 4536 quadrangulum
1022 4469 1077 4519 et
1093 4463 1477 4535 triangulum,
1498 4480 1633 4537 quae
1647 4461 1848 4535 qualia
1864 4468 2019 4527 sunt,
2048 4463 2084 4517 i.
2111 4478 2161 4518 e.

2279 4460 2400 4512 ὂντα
2444 4461 2575 4530 (65),
2632 4462 2873 4511 τουτέστι
2924 4461 3271 4529 πεποιωμένα,
3325 4456 3415 4508 ούκ
3456 4459 3569 4508 ἔστι
3621 4456 3732 4519 (66)
3764 4456 3885 4527 μᾶλ-

2148 4586 2356 4641 NOTAE

589 4711 705 4795 ti?)
724 4710 878 4795 90¢
901 4713 1255 4795 ,συνωνιὲμιιξςο

590 4782 701 4855 (53)
724 4785 871 4839 Mon.
898 4782 1241 4839 immediate
1268 4788 1403 4855 post
1432 4784 1615 4841 verba
1632 4783 1939 4851 adducta§
1965 4786 2014 4851 5,
2046 4785 2167 4837 not.

516 4856 585 4910 10
614 4860 750 4928 ante
780 4869 957 4928 praes.
999 4856 1457 4928 §tractationem
1500 4856 1765 4911 similiter
1808 4872 1818 4909 :
1864 4858 2057 4908 πυκνὸν
2082 4857 2171 4925 μεν

512 4928 613 4999 γάρ
643 4924 802 4990 ἐστιν]
832 4927 958 4981 ού...
990 4924 1051 4999 ῆι
1086 4943 1289 4999 supra.

586 4994 698 5068 (54)
752 4999 903 5069 Mon_.
963 4998 1022 5069 ού
1082 4994 1253 5069 τὰ“μ.
1326 4994 1608 5051 διάστασίν
1662 5018 1779 5050 τινα
1830 4999 1859 5057 ᾖ
1918 5000 2172 5067 ἀραίωσιν

516 5066 627 5141 ἔχει
658 5066 835 5141 (λεῖον
863 5066 921 5121 δὲ
948 5066 1111 5141 οὔκω,
1145 5066 1207 5123 ut
1241 5084 1445 5141 supra.

589 5140 699 5221 (55)
731 5140 901 5221 Nion.-
945 5140 1083 5195 add.
1120 5141 1273 5221 οἱονεὶ
1327 5139 1400 5191 ἐπ’
1447 5140 1618 5221 εύρείᾳ
1662 5146 1792 5213 μήτε
1840 5139 1887 5192 ἐν
1934 5142 2169 5213 ὑπεροχῇ

516 5209 647 5285 μήτε
674 5209 721 5263 ἐν
744 5211 961 5285 simtu
990 5216 1269 5285 φαινόμενα
1299 5227 1310 5238 ·
1338 5230 1418 5285 τρ.
1454 5209 1531 5264 δέ.

618 5284 705 5351 56)
731 5283 1023 5335 τούναντιον
1056 5283 1192 5336 add.
1228 5283 1377 5336 Mon.

617 5354 702 5421 57)
732 5356 885 5408 Mon.
916 5373 965 5407 τ.
1000 5375 1055 5424 μ.
1101 5354 1283 5413 οὕτως.

618 5426 704 5496 58)
734 5424 890 5479 Mon.
926 5433 1127 5496 πρῶτον
1166 5427 1223 5476 τὸ
1248 5427 1311 5495 ἓχ

619 5426 682 5477 58
734 5426 890 5479 Mon.
926 5433 1127 5496 πρῶτον
1166 5427 1223 5476 τὸ
1248 5427 1311 5495 ἓχ

619 5426 717 5568 59)
757 5496 848 5550 Sic
898 5498 1049 5568 Mo‘n.
1108 5501 1160 5551 et
1194 5494 1377 5568 _Catif.
1446 5498 1565 5568 Ego
1628 5498 1824 5555 inVat.
1876 5496 1989 5567 legi
2034 5495 2177 5547 ἔναν-

523 5570 651 5619 τίον.
697 5566 789 5623 Sic
822 5571 881 5638 _e_t
903 5566 1077 5623 Arist.
1113 5574 1153 5622 t.
1186 5566 1212 5638 ἓ
1241 5566 1323 5632 18,
1348 5583 1406 5638 p.
1454 5566 1513 5623 15

597 5638 713 5705 (60)
741 5642 801 5692 τὸ
820 5636 896 5694 ἷδ.
924 5639 1092 5696 deest
1116 5639 1178 5694 in
1191 5636 1357 5695 'Mon.

599 5710 711 5777 (61)
745 5710 907 5769 Mon.
956 5710 1047 5766 bis
1073 5716 1149 5767 τό.

2354 4710 2470 4779 (62)
2497 4708 2650 4761 πάλιν
2681 4706 2847 4779 deest
2875 4706 2935 4779 in
2968 4709 3119 4763 Mon.

2353 4771 2655 4850 (‘63)7Mon.
2686 4783 2750 4850 τὸ
2805 4774 3152 4848 ἐπιδέχεσθαι
3183 4780 3239 4829 τὸ
3275 4776 3463 4850 μᾶλλον
3497 4780 3585 4827 καὶ
3620 4778 3679 4827 τὸ
3713 4771 3879 4832 ἥττον’

2281 4847 2523 4905 τοῦτοδὲ
2552 4854 2609 4903 τὸ
2648 4847 2786 4903 ἴδιον
2814 4850 2872 4901 ού
2903 4847 3015 4909 ταῖς
3058 4847 3326 4913 ποιότησι,
3361 4848 3487 4900 ἀλλὰ
3525 4854 3631 4907 τοῖς
3670 4866 3883 4899 πεποιω-

2282 4928 2451 4996 μένοις
2501 4924 2750 4996 ὑπᾶρχεν
2789 4917 3098 4996 δικαιοσύνη
3115 4988 3133 4996 Δ
3149 4925 3237 4992 μεν
3267 4923 3370 4994 γὰρ
3415 4928 3475 4978 τῆ
3490 4939 3510 4980 ς
3530 4916 3883 4996 δικαιοσύνης

2282 4986 2375 5047 οὐκ
2407 4998 2513 5047 ἔστι
2544 4986 2731 5065 μάλ’)ἶον
2762 4997 2850 5044 καὶ
2894 4994 3052 5065 ἧττον
3104 4986 3438 5061 δίκαιοσύνη,
3486 4986 3610 5065 οὐδὲ
3648 5008 3883 5063 γραμμα-

2282 5072 2397 5141 τική
2453 5058 2816 5141 γραμματικῆς
2842 5064 3030 5135 μᾶλλον
3058 5058 3443 5141 γραμματικηί.
3473 5058 3507 5113 δ
3515 5058 3691 5141 ικαίου
3718 5058 3884 5141 μέντοι

2285 5132 2495 5198 δίκαιος
2544 5132 2633 5188 καὶ
2683 5132 3480 5207 γραμματικούηγραμματικός
3548 5132 3745 5207 μᾶλλον
3802 5136 3884 5207 καὶ

2285 5154 2491 5198 οἰκαιος
2544 5157 2633 5188 και
2683 5154 3054 5207 γραμματικου
3111 5154 3480 5207 γραμματικος
3592 5154 3745 5184 αΑΑον
3802 5154 3883 5182 και

2284 5212 2455 5268 ἧττον·
2500 5208 2649 5261 τούτο
2694 5206 2753 5259 δε
2784 5210 2839 5258 τό
2880 5203 3082 5259 ἴδιον...
3122 5213 3181 5259 ut
3215 5222 3420 5277 supra,
3455 5154 3627 5260 Nune.
3656 5218 3799 5273 ergo
3830 5203 3883 5257 ill

2284 5297 2345 5337 re
2378 5281 2685 5351 utriusque
2716 5283 2910 5333 textus
2940 5278 3261 5349 Oppositio.

2498 5349 2647 5428 Moh.
2668 5354 2734 5428 se
2758 5355 3004 5428 τρίγωνον
3030 5368 3079 5401 κ.
3108 5353 3165 5399 τό
3193 5349 3400 5422 τετράγ.

2356 5421 2465 5479 (65)
2498 5426 2618 5474 ὅντα
2648 5421 2815 5476 deest
2846 5421 2903 5474 in
2932 5422 3081 5476 Mon.

2358 5484 2474 5566 (es)
2503 5496 2651 5566 Men.
2684 5493 2777 5566 οτξκ
2826 5492 2955 5543 εἰσὶν
2996 5489 3224 5566 αλλήλων
3275 5512 3334 5566 μ,
3371 5510 3426 5566 ,εἰ
3470 5484 3643 5546 ἧττον.
3678 5488 3885 5566 Caetera

2285 5560 2421 5637 quae
2442 5560 2517 5619 de
2555 5564 2666 5637 hac
2688 5564 2873 5620 altera
2900 5562 3261 5636 proprietate
3276 5560 3345 5618 in
3378 5560 3506 5617 Vat.
3539 5564 3881 5637 sequuntur,

2288 5634 2347 5695 in
2367 5636 2521 5693 Mon.
2554 5634 2791 5693 desunt.
