3926 6190
137 267 221 324 793
1089 265 1182 319 AD
1218 260 1777 340 AMPHILOCHIUM
1820 259 2142 334 QUESTIO
2183 260 2369 320 CXLI.
3315 263 3424 320 794

131 393 197 444 λον
223 396 298 443 καὶ
347 391 503 448 ἥττον’
553 390 592 441 εἰ
643 390 732 460 μὲν
784 391 886 460 γὰρ
942 394 1236 462 συγκρίνεις
1293 394 1349 441 τὸ
1407 393 1656 463 τρίγωνον

1877 388 2049 445 ιιὶιιιῑθ
2071 387 2303 455 affecta,
2323 401 2445 442 non
2476 390 2617 441 sunt
2638 385 2832 456 magis
2855 391 2910 442 et
2935 387 3153 443 minus.
3175 387 3231 442 Si
3265 387 3427 443 enim

125 485 228 553 πρὸς
252 483 301 530 τό
342 481 649 552 τετράγωνον,
709 478 766 529 οῦ
808 477 1010 548 λέγεται
1047 477 1236 549 μᾶλλον
1289 484 1378 530 καὶ
1434 479 1588 535 ἧττον
1640 495 1653 509 ·

1878 476 2132 546 ngulum
2161 492 2300 531 cum
2325 475 2746 547 quadrangulo
2777 490 3110 545 comparas,
3144 491 3265 530 non
3287 475 3428 531 dici-

127 564 221 620 053’
258 567 368 628 ὅλως
413 570 505 640 γὰρ
547 573 706 618 ταῦτα
754 568 882 619 καθὸ
919 571 1168 640 τρίγωνον
1207 571 1296 618 καὶ
1347 569 1657 640 τετράγωνόν

1879 564 2068 634 magis
2084 569 2143 620 et
2164 565 2363 620 minus
2390 580 2403 630 ;
2427 564 2556 619 haec
2573 566 2733 619 enim
2760 563 2924 619 nullo
2959 579 3196 633 prorsus
3230 569 3426 635 pacto,

125 657 232 719 ἐστι,
262 660 580 728 συγκρίνεται·
608 663 699 707 τοῦ
725 658 825 728 γὰρ
861 655 1022 707 αὐτοῦ
1056 651 1136 708 δεῖ
1167 660 1232 708 τὰ
1281 661 1660 730 συγκρινόμενα

1875 658 2065 710 itenus
2096 659 2232 708 sunt
2254 653 2616 725 triangulum
2641 659 2696 709 et
2717 653 3222 725 quadrangulum,
3251 652 3325 707 ad
3339 653 3425 708 in-

127 748 322 816 μετέχειν
351 745 581 815 ὀνόματος
629 762 640 774 ’
703 744 746 796 εἰ
803 740 862 797 δὲ
895 749 1190 816 συγκρίνεις
1227 750 1472 819 τρίγωνον
1534 749 1659 819 πρὸς

1879 759 1958 798 3m
1998 741 2334 813 comparari
2367 748 2617 812 possunt
2653 760 2666 810 ;
2701 741 2970 812 ejusdem
3004 743 3164 796 enim
3204 756 3273 796 ea
3298 757 3429 812 quin

128 839 346 905 τρίγωνον,
378 834 404 892 ἦ
449 835 755 906 τετράγωνον
797 837 927 906 πρός
966 835 1298 907 τετράγωνον,
1333 831 1447 886 οὐδ’
1497 835 1662 898 οὕτως

1883 836 2193 901 iparantur
2238 831 2492 885 nominis
2541 829 2856 902 participia
2890 829 3007 884 sint
3058 834 3309 901 oportet.
3377 829 3433 886 Si

130 924 300 993 θάτερον
340 924 539 996 θατῇοου
592 922 779 994 μᾶλλον
835 923 864 981 ἦ
919 923 1068 981 ἧττον
1128 922 1445 994 λεχθήσεται
1479 942 1490 954 ⁸
1537 944 1662 996 συγ-

1885 935 1912 975 o
1937 935 2256 991 comparas
2287 917 2651 988 triangulum
2676 920 3146 989 cumtriangulo,
3175 917 3265 973 vel
3286 934 3435 990 qua-

127 1016 311 1084 κρίνεται
331 1015 414 1082 μεν
457 1015 553 1082 γὰρ
604 1019 786 1077 ταῦτα,
817 1011 924 1063 ἀλλ’
975 1011 1081 1064 ἐπεὶ
1117 1014 1374 1084 ὁμοτίμως
1412 1021 1502 1064 τοῦ
1551 1013 1663 1065 ὀνό-

1885 1009 2136 1079 ngulum
2162 1024 2301 1064 cum
2340 1007 2784 1079 quadrangulo,
2827 1023 3021 1079 neque
3063 1009 3148 1063 sic
3177 1007 3431 1063 alterum

127 1119 252 1170 ματος
276 1105 355 1152 καὶ
378 1108 462 1152 τοῦ
493 1102 714 1173 ὁρισμοῦ
765 1101 933 1152 αὐτων
992 1103 1056 1153 τα
1085 1121 1138 1154 τε
1175 1104 1474 1174 τετράγωνα
1510 1122 1664 1174 μετα-

1882 1114 1954 1152 ιΓΟ
1983 1097 2176 1166 magis
2201 1097 2284 1152 vel
2313 1097 2510 1152 minus
2543 1097 2784 1152 dicetur.
2821 1097 3256 1168 Comparantur
3300 1097 3432 1169 qui-

125 1187 395 1260 λαμϐάνουσι
421 1194 505 1241 καὶ
530 1191 680 1242 πάλιν
742 1193 806 1242 τὰ
853 1196 1098 1265 τρίγωνα,
1151 1188 1244 1244 διὰ
1281 1199 1432 1244 τοῦτο
1487 1192 1544 1244 ού
1573 1189 1664 1244 δύ-

1881 1204 1912 1242 n
1935 1187 2062 1252 ista,
2094 1187 2199 1242 sed
2229 1186 2374 1259 quia
2403 1186 2530 1258 pari
2563 1187 2744 1242 modo
2781 1192 2906 1241 tum
2939 1187 2998 1240 in
3030 1187 3274 1242 nomine
3307 1194 3431 1242 tum

124 1297 242 1329 ναται
283 1277 506 1349 λέγεσθαι
564 1283 881 1353 τετράγωνον
952 1287 1270 1353 τετραγώνου
1348 1280 1536 1352 μᾶλλον
1588 1301 1665 1334 τε-

1886 1275 2215 1340 leﬁnitiona
2237 1291 2444 1332 eorum
2476 1275 2843 1331 consortium
2876 1275 3100 1331 habent
3133 1282 3256 1330 tum
3287 1291 3436 1348 qua-

123 1369 335 1436 τράγωνον
383 1368 408 1424 ᾖ
467 1368 640 1432 ἧττον,
710 1367 816 1419 ἀλλ’
896 1365 1020 1421 οὐδε
1101 1375 1350 1444 τριγώνου
1393 1373 1664 1444 τρίγωνον.

1882 1365 2091 1434 .ngula,
2123 1368 2246 1420 tum
2279 1380 2486 1420 rursus
2519 1364 2834 1433 triangula,
2870 1364 3090 1420 idcirco
3129 1364 3432 1436 quadran-

121 1461 266 1528 Τρίτον
309 1453 432 1508 ἵδιον
476 1465 566 1519 τῆς
606 1462 898 1523 ποιότητος,
945 1462 1003 1510 τό
1049 1459 1226 1530 ὅμοιον
1279 1464 1369 1511 καὶ
1428 1458 1666 1532 ἀνόμοιον

1887 1470 1986 1509 um
1997 1452 2415 1526 quadrangulo
2429 1453 2624 1524 magis
2640 1453 2729 1508 vel
2743 1452 2936 1508 minus
2957 1453 3432 1524 quadrangulum

120 1544 316 1613 λέγεσθαι
342 1562 354 1574 ·
379 1553 521 1598 τοῦτο
563 1542 623 1598 δὲ
650 1552 739 1598 καὶ
764 1547 876 1618 (67)
921 1553 1114 1620 κυρίως
1165 1544 1303 1600 ἴδιον
1357 1566 1368 1576 ·
1402 1548 1513 1600 κατ’
1545 1549 1668 1601 ἄλλο

1884 1544 2145 1615 inequit,
2179 1541 2283 1598 sed
2322 1558 2517 1614 neque
2559 1543 2922 1611 triangulum
2956 1542 3269 1612 triangulo.
3304 1544 3434 1598 Ter-

120 1637 195 1705 7'29
238 1630 372 1686 οὐδὲν
415 1654 464 1687 τι
519 1644 619 1687 τῶν
692 1639 969 1710 ειρημένων
1042 1637 1154 1708 (68)
1215 1639 1389 1709 ὅμοιον
1443 1636 1665 1710 λέγεται,

1879 1632 2206 1704 proprietas
2227 1630 2529 1702 qualitatis
2552 1636 2658 1697 est,
2681 1632 2867 1686 simile
2900 1637 2955 1685 et
2982 1631 3264 1686 dissimile
3294 1632 3429 1687 dici.

124 1719 204 1772 ἀλλ’
240 1725 265 1780 ἦ
299 1725 423 1776 κατὰ
458 1728 551 1782 τὴν
577 1729 848 1783 ποιότητα.

1886 1737 1916 1776 c
1948 1737 2086 1777 vero
2119 1721 2354 1792 proprie
2382 1728 2470 1776 est
2501 1721 2820 1793 proprietas
2862 1737 2875 1785 ;
2911 1721 3243 1776 secundum
3274 1722 3433 1778 enim

1786 1809 1970 1878 aliud,
2009 1826 2197 1882 quam
2234 1809 2578 1881 qualitatem
2612 1809 2758 1865 nihil
2795 1810 3212 1882 praedictorum
3245 1811 3435 1867 simile

1785 1898 2020 1955 dicitur.

177 1987 230 2048 ζ’.
277 1996 351 2041 Δεῖ
387 1986 443 2041 δε
499 1986 718 2060 εἰδέναι,
766 1992 847 2043 ὅτι
906 1993 960 2042 αἱ
1024 1987 1355 2044 εἰδικώταται
1407 1997 1677 2054 ποιότητες

1897 2030 1910 2042 .
1945 1989 2101 2044 Scire
2131 1991 2335 2046 autem
2367 1993 2600 2060 oportet
2633 1988 3098 2059 specialissimas
3128 1990 3439 2061 qualitates

122 2083 252 2129 πᾶσαι
287 2080 377 2131 ὑπὸ
423 2084 515 2137 τὴν
573 2085 834 2138 ποιότητα
892 2079 1189 2151 ἀνάγονται,
1252 2085 1282 2140 ἧ
1329 2101 1382 2133 τε
1433 2099 1672 2154 γραμμα·

1893 2093 1996 2132 nes
2023 2076 2222 2132 reduci
2243 2076 2321 2132 ad
2349 2077 2716 2148 qualitatem,
2755 2079 3236 2145 grammaticam,
3264 2079 3439 2149 justi-

122 2171 231 2228 τικὴ,
256 2172 373 2239 φημὶ
404 2168 532 2238 {69),
567 2174 658 2221 καὶ
687 2171 716 2226 ἡ
753 2165 1065 2227 δικαιοσύνη
1098 2175 1186 2221 καὶ
1220 2170 1273 2222 αἱ
1297 2169 1472 2222 λοιπαὶ
1502 2173 1672 2224 ὡσαύ-

1891 2183 1952 2229 n,
1995 2165 2262 2236 aliasque
2302 2164 2589 2234 similiter;
2649 2163 3049 2234 generaliores
3114 2167 3441 2238 (universa-

120 2272 192 2315 τως
227 2275 238 2286 ο
266 2259 314 2308 αἱ
364 2253 420 2308 δὲ
457 2263 798 2331 γενικώτεραι
840 2258 954 2328 (70)
1021 2263 1108 2310 καὶ
1145 2261 1243 2310 ύπό
1288 2261 1354 2310 τὰ
1416 2265 1546 2333 πρός
1601 2279 1670 2312 τι·

1890 2256 1981 2324 'es)
2010 2269 2148 2310 vero
2179 2254 2356 2310 etiam
2397 2253 2477 2309 ad
2506 2253 2692 2309 relata
2721 2271 2735 2321 ;
2763 2253 3010 2309 scientia
3035 2256 3195 2310 enim
3248 2261 3340 2311 est
3368 2270 3440 2312 ex

122 2345 209 2398 ἥτε
243 2365 330 2418 γορ
358 2345 628 2418 ἐπιστήμη
677 2355 774 2398 τῶν
804 2351 932 2419 πρός
988 2352 1038 2398 τί
1086 2345 1197 2399 ἐστι
1241 2348 1389 2419 (πρὸς
1438 2353 1536 2422 γὰρ
1568 2352 1672 2402 ἑπι-

1886 2345 1982 2400 ιιὶε
2011 2343 2089 2398 ad
2112 2342 2333 2416 aliquid
2361 2343 2463 2414 (ad
2489 2342 2695 2398 scibile
2733 2343 2894 2398 enim
2921 2341 3140 2398 dicitur
3171 2344 3436 2418 scientia)

121 2441 272 2489 πιστόν
299 2435 402 2505 (71)
445 2434 653 2506 λέγεται
692 2434 1005 2507 ἐπιστήμη),
1056 2442 1145 2488 καὶ
1175 2438 1204 2495 ἠ
1259 2437 1362 2499 ἕξιν
1389 2441 1542 2513 (πρὸς
1573 2443 1671 2514 γὰρ

1898 2438 1954 2488 et
1973 2432 2212 2488 habitus
2243 2431 2345 2503 (ad
2366 2431 2428 2486 id
2460 2431 2625 2504 quod
2637 2431 2890 2488 habetur
2907 2432 3120 2489 dicitur
3142 2432 3433 2506 habitus).

122 2519 232 2572 ἑκτὸν
269 2522 456 2594 λέγεται
485 2525 593 2587 ἕξις
651 2525 806 2596 [72]).
836 2531 1013 2577 Ταῦτα
1051 2529 1140 2597 μὲν
1185 2523 1274 2578 οὖν
1312 2531 1427 2602 περὶ
1457 2528 1672 2587 ποιότη-

1347 2531 1427 2602 »ιρὶ
1457 2528 1676 2587 ποιότη-
1782 2527 1978 2596 Atque
2000 2523 2130 2580 hch
2155 2524 2229 2578 de
2260 2522 2546 2594 qualitate
2574 2522 2737 2578 dicta
2764 2522 2897 2578 sint.

119 2627 180 2669 τος
204 2612 318 2682 (73).

604 2726 921 2774 ΕΡΩΤΗΣΙΣ
953 2721 1100 2775 ΡΜΔ’
1115 2765 1127 2777 .
2067 2722 2154 2787 QU

2067 2721 2391 2787 QUzESTIO
2415 2722 2588 2778 CXLI.
2620 2719 2822 2792 [CoisL
2851 2719 3150 2793 CLXXVII]

604 2832 730 2903 Περὶ
759 2837 857 2880 τῶν
894 2833 1025 2900 πρός
1053 2848 1128 2886 τι.

2272 2830 2357 2884 De
2385 2828 2591 2884 relatis
2623 2827 2697 2884 ad
2725 2829 2981 2898 aliquid.

1190 2953 1341 3003 Nunc
1377 2955 1604 3018 primum
1641 2958 1784 3008 edita
1811 2971 1844 3007 a
1871 2958 1930 3004 D.
1965 2954 2404 3017 Hergenroether.

173 3066 458 3140 α’.11ρόςτί
511 3067 660 3121 ἔστιν
712 3068 844 3140 (74),
914 3070 987 3130 οἷς
1029 3072 1086 3122 τὸ
1136 3065 1263 3122 εἶναι
1316 3076 1502 3124 ταυτόν
1561 3076 1723 3130 ἐστι(

1890 3114 1902 3127 .
1937 3071 2208 3127 Relatum
2232 3067 2310 3123 ad
2351 3065 2580 3139 aliquid
2629 3070 2739 3138 est,
2769 3065 2940 3137 cujus
2967 3081 3095 3122 esse
3148 3067 3310 3125 idem
3347 3072 3436 3124 est

122 3154 292 3226 τῷ(75)
318 3163 442 3228 πρός
490 3163 544 3210 τί
575 3177 683 3218 πως
729 3160 888 3228 ἔχειν⁹
937 3161 1202 3210 τουτέστιν
1254 3160 1321 3210 ὧν
1382 3162 1408 3218 ἡ
1455 3160 1672 3236 ὕπαρξις

1885 3165 2032 3218 serto
2057 3157 2327 3230 quodam
2351 3155 2536 3212 modo
2565 3154 2645 3212 ad
2683 3154 2910 3228 aliquid
2949 3171 3011 3211 se
3047 3156 3291 3223 habere,
3323 3157 3435 3213 hoc

121 3239 219 3315 ἒιτῇ
247 3249 358 3317 πρὸς
387 3249 556 3320 ἕτερον
594 3250 784 3318 σχέσει
823 3245 983 3299 ἐστίν·
1015 3248 1120 3299 οἷον
1175 3249 1241 3308 ὡς
1286 3251 1344 3301 τὸ
1391 3247 1671 3305 διπλάσιον

1889 3296 1892 3312 ,
1924 3250 2097 3320 cujus
2111 3246 2448 3304 exsistentia
2466 3247 2526 3300 in
2553 3245 2903 3301 habitudine
2943 3245 3022 3301 ad
3046 3246 3210 3302 aliud
3240 3247 3439 3302 consi-

121 3334 298 3404 καὶ(76)
327 3339 380 3387 τὸ
424 3337 619 3408 ἣμισυο
667 3339 726 3387 τό
765 3338 866 3407 γὰρ
929 3332 1208 3388 διπλάσιον
1265 3335 1312 3389 ἕν
1343 3345 1404 3410 τῇ
1456 3344 1587 3412 πρὸς
1611 3345 1670 3394 τὸ

1911 3356 1925 3406 ;
1952 3338 2132 3394 veluti
2157 3335 2406 3408 duplum
2427 3341 2483 3390 et
2514 3333 2834 3389 dimidium
2870 3350 2883 3400 ;
2917 3349 3062 3390 nam
3093 3334 3351 3406 duplum
3377 3335 3438 3391 in

121 3420 248 3488 ἑμισυ
285 3427 462 3495 σχέσει
490 3428 551 3478 τό
587 3422 719 3476 εἶναι
758 3427 870 3496 ἔχει
920 3426 1052 3496 (77),
1097 3429 1270 3478 καὶτὸ
1307 3430 1474 3499 ἣμισυ
1505 3431 1554 3480 ἂν
1605 3438 1667 3503 τῇ

1893 3428 2126 3486 ιὶιυάίηθ
2149 3427 2226 3482 ad
2257 3424 2575 3481 dimidium
2615 3423 3019 3480 exsistentiam
3059 3424 3243 3480 habet
3278 3429 3335 3480 et
3357 3424 3443 3479 di-

120 3512 217 3577 πρὸς
258 3516 310 3563 τὸ
357 3510 642 3566 διπλάσιον
697 3516 835 3585 (78)·
900 3516 1146 3574 ὡσαύτως
1185 3511 1243 3567 δι
1304 3521 1392 3568 καὶ
1437 3515 1520 3570 ἐπὶ
1572 3528 1670 3571 τῶν

1892 3518 2034 3573 lium
2067 3516 2124 3570 in
2152 3513 2506 3571 habitudine
2537 3513 2616 3569 ad
2645 3512 2900 3584 duplum
2936 3529 2950 3579 ;
2983 3512 3182 3584 sicque
3221 3513 3442 3584 pariter

117 3597 262 3658 ἄλλων.
313 3601 626 3662 ’Υποϐἐϐηκε
684 3600 742 3655 δὲ
797 3612 904 3666 τοῖς
958 3609 1083 3676 πρός
1130 3609 1182 3656 τί
1235 3625 1351 3657 τινα
1427 3608 1562 3678 (79),
1603 3611 1667 3660 ὡν

1888 3624 1915 3664 [ι
1935 3606 2173 3662 caeteris.
2194 3603 2576 3659 Reducuntur
2596 3608 2796 3658 autem
2821 3602 2900 3658 ad
2925 3601 3110 3658 relata
3133 3602 3438 3674 quaedam,

119 3689 166 3736 ’ἀ
206 3690 303 3758 (80)
338 3696 424 3763 μὲν
464 3697 604 3745 κατὰ
662 3697 956 3750 ταυτότητα
1002 3694 1222 3764 λέγεται,
1307 3697 1370 3746 τὰ
1422 3692 1482 3748 δὲ
1557 3696 1669 3748 κατ’

1891 3711 2038 3750 prum
2067 3692 2180 3749 alia
2205 3691 2540 3747 secundum
2577 3691 2947 3747 identitatem
2978 3691 3279 3756 dicuntur,
3321 3691 3441 3747 alia

118 3773 372 3847 ἀνισότητα,
423 3786 487 3835 τὰ
543 3780 607 3835 δὲ
650 3785 784 3834 κατὰ
838 3787 1074 3853 γέννησιν
1129 3784 1260 3854 (81),
1313 3786 1375 3836 τὰ
1424 3781 1482 3836 δὲ
1538 3788 1668 3838 κατὰ

1884 3784 2114 3838 undum
2140 3781 2628 3854 inaequalitatem,
2659 3780 2776 3836 alia
2815 3781 3145 3836 secundum
3186 3797 3434 3850 genera-

118 3868 384 3936 ;Aéﬁsiw,r£¢
417 3869 476 3924 δὲ
517 3873 662 3923 κατὰ
708 3871 906 3942 ὕφεσιν,
967 3874 1032 3923 τὰ
1080 3868 1138 3924 δὲ
1191 3875 1324 3924 κατὰ
1381 3875 1566 3938 πάθος,
1610 3877 1668 3925 τὰ

1885 3889 2024 3937 lem,
2046 3872 2161 3926 alia
2178 3869 2508 3926 secundum
2530 3870 3072 3941 participationem,
3087 3869 3205 3925 alia
3225 3885 3435 3924 secun-

119 3948 300 4010 δὲκατὰ
334 3966 529 4033 κρίσιν,
580 3962 651 4012 τὰ
697 3957 756 4012 δὲ
797 3963 929 4012 κατὰ
987 3963 1148 4028 θέσιν,
1186 3964 1249 4012 τὰ
1303 3957 1360 4014 δε
1413 3965 1548 4014 κατὰ
1578 3967 1669 4020 τὴν

1883 3977 1930 4016 n
1956 3960 2406 4031 subjectionem,
2432 3959 2547 4014 alia
2573 3958 2893 4013 secundum
2911 3959 3279 4029 passionem,
3315 3957 3433 4014 alia

118 4049 218 4113 πρὸς
271 4052 324 4100 τὸ
383 4055 533 4121 γένος
592 4047 869 4121 ἀναφοράν
948 4046 1351 4122 παραδείγματα
1415 4051 1528 4122 (82)
1581 4059 1668 4104 τοῦ

1888 4050 2120 4106 undum
2128 4047 2716 4119 judicationem,alia
2729 4047 3061 4102 secundum
3089 4047 3436 4118 positionem

116 4134 185 4199 μὲν
209 4141 326 4189 κατὰ
378 4144 700 4210 ταυτότητα,
765 4140 869 4190 οἷον
932 4138 1046 4210 (83)
1099 4138 1237 4211 φίλος
1313 4139 1459 4212 φίλου
1511 4141 1666 4212 φίλος,

1883 4155 1903 4194 ι
1917 4138 2248 4194 secundum
2263 4137 2492 4208 generis
2504 4135 2878 4191 relationem.
2898 4134 3183 4206 Exempla
3204 4150 3433 4200 eorum,

114 4227 182 4272 καὶ
236 4225 413 4299 ἐχθρός
479 4227 683 4301 ἐχθροῦ
749 4227 956 4301 ἐχθρός,
1021 4233 1110 4280 καὶ
1137 4231 1193 4280 τὸ
1259 4231 1436 4300 ὅμοιον
1511 4232 1664 4302 ὁμοίῳ

1887 4245 1913 4284 Β
1936 4228 2269 4284 secundum
2296 4226 2657 4282 identitatem
2683 4225 2981 4290 dicuntur,
3012 4226 3239 4280 amicus
3270 4224 3437 4280 amici

116 4309 270 4378 ὅμοιον·
300 4324 386 4368 τοῦ
429 4313 487 4370 δε
516 4317 638 4370 κατ’
697 4315 984 4375 ἀνισότητα
1029 4319 1097 4379 ὡς
1126 4320 1184 4368 τό
1208 4318 1384 4390 μεῖζον
1412 4317 1666 4381 ἐλάττονος

1894 4318 2014 4372 icus
2051 4323 2107 4371 et
2145 4316 2418 4370 inimicus
2456 4313 2676 4370 inimici
2716 4313 3010 4380 inimicus,
3054 4319 3110 4368 et
3139 4312 3330 4368 simile
3369 4312 3444 4366 si-

112 4405 252 4466 ωζον
278 4411 362 4456 καὶ
391 4410 449 4458 τό
480 4402 765 4458 διπλάσιον
805 4407 1030 4478 ἡμίσεως
1075 4403 1380 4458 διπλάσιον·
1437 4407 1490 4478 [ἢ
1560 4427 1658 4459 κατ

1887 4407 1909 4460 i
1924 4405 2147 4470 simile;
2172 4404 2299 4474 ejus
2311 4403 2474 4476 quod
2493 4409 2579 4459 est
2595 4403 2925 4459 secundum
2949 4402 3437 4473 inaequalitatem:

117 4492 295 4547 ισότητα
321 4497 382 4555 ως
421 4499 480 4548 τὸ
529 4492 644 4548 ἶσόν
687 4513 808 4562 τινι,
855 4495 1014 4569 ἰσονχ]
1061 4503 1155 4547 τοῦ
1219 4491 1278 4548 δε
1334 4499 1469 4548 κατὰ
1501 4500 1667 4568 γέννη-

1891 4495 1984 4566 jus
2015 4493 2230 4550 minori
2275 4493 2473 4564 majus
2505 4498 2560 4548 et
2608 4492 2864 4564 duplum
2895 4491 3127 4546 dimidii
3186 4489 3441 4562 duplum

115 4591 175 4625 σιν
195 4580 294 4652 (84)
320 4586 385 4646 ὡς
410 4588 590 4658 πατὴρ
646 4586 762 4636 υἱοῦ
786 4590 960 4660 πατήρ
989 4601 1004 4616 ⁸
1065 4591 1156 4636 τοῦ
1203 4581 1262 4637 δί
1290 4587 1426 4638 κατὰ
1454 4585 1665 4658 μέθεξιν1

1894 4601 1940 4640 IS
1977 4583 2138 4657 quod
2171 4582 2505 4639 secundum
2535 4581 2957 4654 (equalitatem,
2990 4586 3054 4637 ut
3087 4581 3312 4653 aequale
3342 4579 3444 4635 ali-

1643 4763 1871 4822 NOTAE.

113 4925 262 5010 “(57)
289 4937 372 5010 καί
393 4931 651 5010 deestin
678 4933 830 4988 Mon.
868 4932 972 5004 qui
1004 4947 1040 4989 a
1081 4931 1282 4988 verbis
1325 4930 1458 4988 illis.
1490 4935 1663 5006 Tptrm

729 4947 830 4988 on.
868 4932 972 5004 qui
1004 4947 1040 4989 a
1081 4931 1282 4988 verbis
1325 4930 1458 4988 illis.
1490 4935 1676 5006 Τρίτον
1862 4932 1971 5010 (ῖᾷ)
1995 4933 2277 5010 honuni,

114 4989 442 5080 ialm-eadem
481 5003 730 5080 hebeti”
1291 5075 1301 5080 _
1434 5079 1438 5080 ν
1533 4989 1542 5006 Ι
1640 5079 1645 5080 ,

1291 5075 1301 5080 _
1434 5079 1438 5080 ί
1533 4989 1542 5006 ”
1640 5079 1645 5080 γ
1861 4989 2477 5080 (Ἱώριοηώτόμῆμο.
2543 5067 2564 5080 ο
2711 5072 2722 5080 ο

167 5071 264 5142 (68)
302 5077 446 5131 Mon.
480 5075 600 5128 κατ’
652 5073 774 5128 ἄλλο
833 5077 934 5148 γάρ
998 5095 1049 5127 τι
1106 5083 1206 5127 τῶν
1261 5075 1538 5150 εἰρημένων
1599 5079 1682 5127 ού·
1861 5067 2125 5150 (7?)Mon.
2165 5093 2263 5150 σχἴ
2291 5067 2485 5150 ξχειρτό
2516 5067 2667 5136 εἶναι,
2702 5072 2894 5144 ὁμοίως
2923 5091 2975 5126 κ.

1200 5215 1212 5217 _
1305 5132 1315 5150 |
1361 5132 1388 5146 Ἰ
1861 5132 2166 5217 (78)σχέσει
2375 5146 2523 5217 M90.

291 5224 416 5293 γημί
441 5220 635 5276 omitt.
669 5219 826 5275 Mon.
859 5238 1027 5293 γραμ.
1067 5215 1428 5293 καὶ-δικαιοσ.

2007 5214 2128 5293 τινα
2153 5217 2313 5293 deest
2333 5215 2568 5293 in_Mon.
2598 5230 2612 5280 ;
2640 5214 2763 5293 Vat.
2795 5215 2861 5266 ὧν
2890 5217 2981 5289 μὲν
3008 5217 3073 5268 τὰ
3108 5219 3198 5290 μεν
3243 5237 3293 5274 κ.

288 5284 432 5346 indu.
461 5296 664 5363 γενικαί
685 5305 699 5320 ⁰
732 5284 904 5363 sequ:
934 5284 1024 5342 καί
1063 5290 1248 5363 omitt.

1204 5296 1248 5363 ,t.
1856 5284 1970 5363 (80)
2001 5291 2153 5363 mon.
2187 5289 2282 5343 hic
2305 5292 2359 5342 et
2389 5287 2648 5363 in_sequ.
2677 5291 2754 5341 τό.

165 5295 260 5356 Ηυ)
288 5295 432 5346 Mon.
461 5296 664 5363 γενικαί
685 5305 699 5320 ⁰
732 5307 901 5363 sequ.
934 5295 1024 5342 καί
1063 5295 1248 5346 omitt.

165 5355 261 5429 (71)
292 5365 439 5419 Mon.
468 5369 563 5415 καὶ
597 5366 700 5437 γὰρ
741 5362 1026 5421 ἐπιστητοῦ
1063 5363 1108 5416 λ.
1139 5366 1170 5421 ὴ
1202 5360 1283 5415 ἐπ.

289 5435 437 5489 Mon.
477 5437 508 5492 ἡ
540 5434 661 5497 ἕξις.

1883 5295 1948 5344 80
2001 5295 2153 5346 Mon.
2187 5295 2282 5343 hic
2305 5295 2359 5342 et
2389 5295 2449 5342 in
2481 5302 2648 5358 sequ.
2677 5295 2755 5341 τό.

1883 5295 1970 5431 81)
2026 5362 2176 5416 Mon.
2236 5357 2573 5429 generalius
2635 5357 2997 5415 vocabulum
3061 5358 3237 5418 habet
3299 5364 3433 5435 γένε-

166 5453 262 5501 υι)
289 5453 437 5489 non.
477 5455 508 5492 η
540 5453 661 5497 εςις.

286 5505 434 5586 ._\tl_on.
655 5503 825 5586 οὖνρν
855 5508 1080 5568 τούτοις.
1166 5583 1175 5586 Δ
1294 5578 1318 5586 α
1408 5578 1466 5586 __
1540 5582 1548 5586 _
1606 5577 1616 5586 I
1658 5579 1668 5586 _

986 5525 1080 5568 οις.
1166 5583 1175 5586 _
1294 5578 1318 5586 α
1408 5578 1466 5586 __
1540 5582 1548 5586 _
1606 5577 1668 5586 Η
1991 5498 2536 5586 Ιγξοη.παράὸ“ειγμα.

162 5573 265 5694 (gl)
291 5577 440 5633 Mon.
475 5579 516 5634 ἱ.
552 5573 618 5633 99
670 5595 725 5635 a.
759 5577 872 5630 ἐστι
917 5583 1230 5653 κατηγορία,
1265 5578 1342 5640 οἷς
1399 5578 1481 5636 Cf.
1525 5577 1675 5635 Arist

817 5597 872 5630 ’τι
917 5583 1230 5653 κατηγορία,
1265 5578 1342 5640 οἷς
1399 5578 1481 5636 Cf.
1525 5577 1675 5635 Arist
1868 5573 1942 5629 ’83
1997 5573 2264 5636 Monum;

1853 5575 1966 5722 (84)
1997 5648 2128 5701 Haec
2160 5645 2325 5702 uncis
2353 5643 2367 5701 i

111 5651 149 5691 c.
171 5644 217 5696 6.
246 5643 251 5644 ί
1062 5643 1073 5650 ⁷
1119 5643 1128 5653 '
1215 5643 1222 5645 ⁷
1853 5643 1966 5711 (84)
1997 5648 2128 5701 Haec
2160 5645 2325 5702 uncis
2353 5643 2587 5704 inclusa
2616 5643 2781 5705 solus
2812 5644 2995 5711 habet
3022 5645 3181 5704 Mon.
