4116 6194
502 296 603 351 795

1712 282 1943 343 PHOTll
2003 287 2479 344 PATHIARCH/E
2518 288 2634 344 (ΖΡ.

3758 288 3853 348 796

498 422 593 478 cui
624 419 917 492 mqualej;
959 419 1086 489 ejus
1120 414 1639 488 quodisecundum
1679 414 2146 483 generationem,

2273 416 2330 474 ὣς
2383 417 2439 466 τό
2478 418 2695 486 μετέχον
2751 420 3099 487 μετεχομένου
3166 420 3418 488 μετέχει’
3469 424 3561 469 τοῦ
3607 414 3665 469 δὲ
3732 424 3852 470 κατὰ

500 516 747 580 utpater
768 508 1097 579 ﬁliipater;
1145 506 1273 575 ejus
1317 503 1482 576 quod
1540 503 1871 558 secundum
1917 502 2150 575 partici-

498 598 802 671 pationem
834 612 845 649 :
874 594 1233 667 participans
1264 593 1312 665 ej
1327 610 1395 646 us
1426 592 1590 664 quod
1630 592 2033 663 participatur,
2066 597 2152 646 est

498 688 795 759 particeps
815 701 827 749 ;
847 685 976 754 ejus
996 684 1157 755 quod
1176 681 1503 737 secundum
1525 680 1975 750 subjectionem,
1992 680 2152 736 velut

498 776 776 832 dominus
824 773 971 828 servi
1019 771 1302 827 dominus
1358 786 1370 835 ;
1426 770 1556 839 ejus
1607 768 1772 840 quod
1817 769 2148 824 secundum

496 864 861 938 passionem,
902 861 1082 916 veluti
1137 859 1469 931 percutiens
1499 873 1637 912 eum
1684 857 1785 928 qui
1828 858 2151 928 percutitur

498 952 834 1024 percutit,et
856 965 1172 1021 percussus
1198 965 1234 1004 a
1265 948 1620 1018 percutiente
1658 962 1981 1017 percussus
2019 954 2146 1014 est;

500 1041 630 1112 ejus
660 1039 820 1111 quod
846 1037 1178 1093 secundum
1200 1035 1621 1107 judicationem
1649 1034 1893 1089 scientia
1927 1035 2147 1089 scibilis

501 1130 717 1185 dicitur
744 1127 989 1183 scientia
1014 1144 1027 1193 ;
1056 1127 1184 1197 ejus
1208 1125 1371 1197 quod
1391 1122 1724 1179 secundum
1752 1123 2107 1194 positionem
2132 1142 2146 1179 :

501 1220 813 1274 dexterum
841 1216 1381 1271 sinistridexterum
1413 1236 1423 1279 ;
1446 1214 1574 1283 ejus
1597 1227 1733 1267 vero
1756 1212 1914 1283 quod
1942 1229 2152 1268 secun-

499 1308 645 1363 dum
676 1305 1019 1361 relationem
1042 1304 1117 1358 ad
1147 1319 1357 1371 genus,
1391 1305 1453 1355 ut
1478 1301 1889 1370 grammatica,
1919 1301 2155 1357 musica

500 1398 755 1468 aliaeque
784 1395 844 1449 id
867 1409 1053 1463 genus
1070 1391 1431 1462 disciplinae;
1460 1389 1741 1462 quaelibet
1766 1390 1925 1443 enim
1948 1405 2152 1444 earum

502 1486 829 1542 secundum
857 1484 1117 1555 seipsam
1150 1498 1269 1536 non
1301 1485 1609 1535 revocatur
1640 1479 1717 1534 ad
1740 1494 1827 1543 ea,
1853 1495 1987 1550 qua:
2015 1484 2156 1534 sunt

502 1576 685 1631 relata
716 1575 794 1630 ad
817 1572 1045 1644 aliquid
1081 1590 1092 1639 ;
1122 1572 1453 1626 secundum
1477 1567 1891 1622 habitudinem
1922 1583 2060 1622 vero
2076 1568 2152 1624 ad

2258 504 2455 574 ὕφεσιν,
2488 506 2555 565 ὡς
2587 500 2849 564 δεσπότης
2897 502 3084 557 δούλου
3115 502 3401 565 δεσπότης
3459 514 3552 558 τοῦ
3605 502 3663 558 δὲ
3730 512 3853 559 κατά

2258 601 2418 649 πῆσιν
2446 592 2561 663 (85)
2596 592 2753 663 ἦγουν
2785 596 2919 644 κατά
2966 596 3219 660 πάθῃσιν,
3254 596 3318 654 ὡς
3370 596 3394 646 6
3447 598 3655 647 τύπτων
3678 601 3851 647 τυπτόο

2258 699 2402 751 μενον
2448 684 2629 733 τύπτει
2681 685 2767 733 καὶ
2823 683 2847 733 6
2905 688 3221 755 τυπτόμενος
3279 685 3378 735 ὑπό
3436 687 3722 747 τύπτον-τος
3778 690 3853 737 τὶς

2258 786 2457 821 πτεται·
2482 778 2571 821 τοῦ
2602 766 2661 822 δὲ
2690 773 2824 823 κατὰ
2876 776 3050 843 κρίσιν
3100 775 3162 831 ὡς
3217 774 3246 829 ἡ
3278 773 3542 845 ἐπιστήμη
3577 772 3852 831 ἐπιστητοῦ

2258 857 2544 929 ἐπιστήμη·
2578 866 2670 911 τοῦ
2699 856 2758 911 δὲ
2811 863 2945 913 κατά
3004 862 3165 929 θέσιν,
3195 863 3259 921 ὡς
3288 864 3344 912 τό
3376 857 3545 923 δεξιόν
3578 864 3852 936 ἀριστεροῦ

2259 944 2447 1009 δεξιόνο
2480 955 2571 1000 τοῦ
2621 944 2679 999 δὲ
2735 952 2870 999 κατὰ
2898 954 2993 1007 τὴν
3045 953 3170 1023 πρὸς
3199 954 3256 1001 τό
3298 955 3435 1021 γένος
3485 950 3767 1023 ἀναφορὰν,
3796 956 3856 1012 ὡς

2256 1039 2286 1095 ἡ
2328 1042 2668 1110 γραμματικὴ
2714 1042 2803 1089 καὶ
2834 1040 2862 1095 ἡ
2923 1044 3152 1110 μουσική
3220 1044 3310 1091 καὶ
3534 1043 3589 1092 αὶ
3644 1043 3853 1113 ὅμοιοι·

2257 1128 2449 1177 τούτων
2494 1129 2595 1198 γὰρ
2648 1125 2840 1183 ἑκάστη
2894 1129 3010 1179 καθ’
3066 1127 3255 1186 ἑαυτὴν
3306 1131 3394 1200 μὲν
3461 1128 3553 1181 οὐκ
3614 1128 3853 1201 ἀνάγεται

2259 1216 2357 1265 ὑπὸ
2402 1217 2465 1265 τὰ
2492 1219 2618 1287 πρός
2641 1230 2715 1265 τι⁸
2747 1218 2882 1266 κατά
2930 1213 3112 1273 δὲτὴν
3155 1220 3283 1291 πρὸς
3327 1222 3384 1269 τό
3430 1222 3571 1289 γένος
3607 1217 3861 1292 ἀναφορὰν

2263 1302 2515 1373 ἀναχθείη
2565 1306 2693 1365 ἴσως
2732 1306 2792 1355 ἄν
2837 1320 2847 1332 ·
2899 1308 3043 1375 γένος
3105 1309 3194 1376 μὲν
3249 1308 3351 1378 ’γὰρ
3413 1309 3609 1359 τούτων
3670 1310 3702 1365 ἡ
3767 1308 3865 1359 ἐπι-

2264 1396 2458 1463 στήμη·
2493 1393 2623 1449 αὕτη
2660 1411 2712 1444 τε
2740 1394 2840 1444 ὑπὸ
2873 1396 2936 1445 τὰ
2982 1398 3110 1467 πρός
3138 1412 3206 1445 τι’
3242 1396 3378 1446 ὥστε
3418 1400 3505 1446 καὶ
3558 1404 3739 1450 ταῦτα
3784 1393 3866 1449 διὰ

2263 1485 2480 1552 τὸγένος
2506 1483 2606 1533 ὑπό
2639 1485 2704 1533 τὰ
2755 1487 2885 1556 πρός
2925 1502 2997 1536 τι.
3028 1483 3186 1536 Ἀ).)ἁ
3246 1490 3361 1556 περὶ
3407 1487 3496 1556 μὲν
3540 1488 3738 1538 τούτου
3785 1495 3869 1538 τοῦ

2268 1571 2599 1642 θεωρήματος
2628 1569 2675 1621 ἐν
2705 1569 2875 1631 ἄλλοις
2907 1570 3244 1646 πλατύτερον,

503 1681 694 1737 genus
726 1663 972 1717 fortasse
1000 1660 1071 1716 ad
1101 1660 1213 1714 ista
1246 1656 1586 1714 revocanda
1614 1661 1749 1711 suut
1777 1669 2006 1726 ;geuus
2034 1656 2191 1711 enim
2227 1658 2320 1712 bis
2354 1666 2441 1713 est
2466 1660 2713 1714 scientia
2745 1676 2757 1725 ;
2795 1659 2917 1715 haec
2948 1676 3087 1715 vero
3137 1667 3225 1715 est
3258 1661 3371 1717 sub
3415 1662 3614 1718 relatis
3662 1664 3743 1719 ad
3776 1665 3869 1719 ali-

504 1754 649 1826 quid
684 1772 700 1823 ;
740 1766 927 1823 quare
952 1753 1190 1821 propter
1222 1762 1409 1816 genus
1432 1752 1488 1801 et
1512 1744 1621 1801 illa:
1641 1746 1718 1800 ad
1748 1744 1936 1800 relata
1968 1751 2343 1801 revocantur.
2390 1749 2606 1802 Verum
2638 1747 2711 1803 de
2737 1748 2851 1803 boc
2883 1748 3243 1804 theoremate
3277 1750 3464 1805 fusius
3503 1751 3665 1806 alibi.

576 1846 628 1895 2.
681 1839 951 1893 Deﬁnitio
1004 1856 1036 1891 a
1066 1836 1357 1907 principio
1388 1835 1568 1891 allata
1616 1850 1822 1889 eorum
1854 1851 1984 1906 quae
2017 1840 2155 1888 sunt

2341 1834 2415 1908 β’.
2459 1835 2613 1888 Ἐστι
2660 1833 2718 1888 δὲ
2764 1839 2789 1888 6
2846 1838 2895 1888 ἐν
2942 1836 3084 1911 ἀρχῇ
3135 1839 3245 1909 (87)
3286 1840 3547 1912 εἶρημένος
3599 1850 3708 1892 τῶν
3756 1848 3872 1916 1:96;

506 1930 691 1987 relata
721 1930 800 1985 ad
858 1927 1105 1999 aliquid,
1140 1926 1370 1998 prOprie
1410 1931 1636 1980 naturae
1665 1924 1985 1979 relatorum
2022 1939 2157 1978 con-

506 2021 668 2075 venit
700 2034 918 2090 ;quam
951 2031 1091 2071 vero
1123 2030 1281 2070 nunc
1311 2013 1646 2079 atferemus,
1680 2029 1750 2069 ea
1776 2012 1947 2084 quasi
1974 2011 2158 2067 corol-

505 2106 719 2162 larium
737 2105 1041 2177 quoddam
1059 2105 1246 2175 potius
1260 2108 1529 2173 apparet.
1551 2104 1647 2155 Est
1663 2117 1802 2155 vero
1829 2099 2153 2170 ejusmodi:

508 2196 708 2252 Relata
730 2200 889 2259 sunt,
923 2210 1054 2265 quae
1083 2194 1213 2264 ipsa
1235 2191 1525 2263 quidquid
1558 2196 1714 2254 sunt,
1749 2189 2001 2245 aliorum
2031 2204 2158 2243 esse

509 2286 786 2340 dicuntur
817 2283 941 2337 sive
995 2283 1111 2338 alio
1141 2296 1502 2352 quocunque
1544 2280 1725 2334 modo
1756 2279 1832 2334 ad
1882 2278 2047 2335 aliud
2077 2293 2159 2332 re-

508 2375 789 2430 feruntur.
823 2372 1098 2427 Dicebam
1127 2386 1287 2435 vero,
1324 2384 1445 2423 non
1477 2384 1605 2423 esse
1635 2367 1930 2437 ejusmodi
1956 2365 2162 2420 deﬁni-

510 2464 735 2518 tionem
770 2462 1189 2517 declarativam
1218 2463 1439 2513 natura:
1478 2474 1708 2523 eorum,
1737 2473 1867 2527 quae
1908 2460 2045 2510 sunt
2070 2470 2158 2510 re-

511 2552 651 2615 lata,
685 2552 827 2622 quia
858 2564 977 2603 non
1007 2562 1382 2619 quascunque
1414 2546 1669 2601 aliorum
1699 2561 1830 2599 esse
1861 2545 2158 2608 dicuntur,

514 2640 726 2695 eadem
747 2653 989 2709 quoque
1020 2636 1205 2691 relata
1236 2640 1406 2699 sunt;
1432 2650 1648 2689 manus
1665 2634 1823 2687 enim
1846 2632 2162 2702 cujusdam

516 2728 734 2783 dicitur
762 2741 981 2781 manus
1008 2731 1064 2780 et
1085 2729 1265 2795 caput
1289 2723 1606 2793 cujusdam
1627 2727 1825 2792 caput,
1850 2737 1918 2776 ac
1938 2720 2166 2792 reliqua

518 2817 791 2873 membra
840 2812 1123 2869 similiter.
1180 2812 1339 2867 Scire
1387 2827 1527 2866 vero
1579 2816 1811 2882 oportet
1842 2809 2163 2865 relatorum

518 2907 589 2963 ad
623 2905 848 2977 aliquid
877 2904 993 2959 alia
1024 2919 1127 2974 per
1158 2902 1486 2972 genitivum
1516 2900 1706 2955 efferri
1749 2916 1762 2965 ;
1793 2899 1968 2954 veluti
2010 2916 2024 2953 ;
2067 2898 2166 2953 do-

516 2998 719 3051 minus
745 2995 894 3049 servi
933 2992 1213 3047 dominus
1246 3007 1258 3056 ;
1317 2990 1435 3045 alia
1476 3006 1582 3061 per
1620 2989 1886 3044 dativum
1923 3005 1935 3051 ;
1990 2987 2165 3042 veluti

517 3085 717 3141 scibile
749 3083 1006 3138 scientiae
1038 3081 1261 3146 scibile,
1296 3080 1410 3134 alia
1442 3095 1546 3150 per
1588 3078 2021 3145 accusativum,
2072 3094 2165 3131 νει

513 3175 619 3230 luti
652 3174 985 3246 percutiens
1010 3187 1148 3225 eum
1179 3170 1283 3241 qui
1316 3169 1641 3240 percutitur
1671 3168 1937 3239 percutit.
1972 3166 2168 3223 Corol-

513 3264 727 3319 larium
750 3262 949 3331 igitur,
972 3260 1053 3328 id,
1073 3259 1237 3330 quod
1259 3258 1487 3312 dictum
1509 3262 1615 3321 est,
1646 3256 1867 3312 idcirco
1889 3256 1967 3311 ad
1988 3256 2167 3311 verba

513 3352 612 3406 illa
655 3352 908 3407 aliorum
936 3365 1055 3404 esse
1083 3348 1368 3404 dicuntur
1399 3346 1586 3401 adidit
1619 3349 1738 3402 sive
1758 3347 1877 3401 alio
1908 3361 2168 3416 quocun-

514 3456 627 3512 que
649 3440 841 3504 modo,
871 3444 935 3493 ut
988 3453 1093 3509 per
1133 3436 1314 3491 verba
1343 3436 1602 3491 aliorum
1644 3451 1761 3490 esse
1790 3436 2074 3489 dicuntur
2099 3450 2167 3489 ea

512 3546 649 3601 quae
683 3544 783 3599 per
809 3526 1132 3595 genitivum
1151 3524 1531 3595 proteruntur
1546 3523 1828 3588 declaret,
1854 3538 1958 3594 per
1985 3521 2168 3577 verba

515 3624 715 3674 autem
744 3616 862 3671 sive
886 3616 1006 3671 alio
1035 3628 1375 3685 quocunque
1400 3613 1570 3668 modo
1592 3627 1664 3668 ea
1688 3628 1823 3683 quae
1849 3611 2170 3666 efferuntur

515 3724 621 3780 per
651 3707 1059 3762 accusativum
1087 3708 1143 3757 et
1174 3701 1471 3756 dativum.

588 3801 645 3852 3.
688 3797 917 3851 Habent
947 3794 1133 3849 relata
1153 3791 1232 3846 ad
1263 3790 1486 3862 aliquid
1522 3790 1856 3861 proprietas
1889 3793 2165 3861 quatuor.

518 3888 780 3952 Quarum
809 3884 1004 3956 prima
1034 3886 1139 3945 est,
1191 3895 1322 3936 esse
1351 3879 1413 3934 in
1463 3879 1612 3951 ipsis
1645 3880 2117 3934 contrarietatem
2153 3895 2166 3945 ;

520 3975 772 4031 scientiae
794 3974 944 4028 enim
972 3971 1334 4027 contrarium
1365 3974 1474 4038 est,
1510 3968 1634 4024 scil.
1655 3968 2012 4038 ignorantia.
2042 3971 2171 4023 Haec

517 4081 656 4120 vero
686 4064 1015 4136 proprietas
1046 4076 1155 4115 nec
1176 4058 1458 4115 omnibus
1484 4074 1595 4114 nec
1613 4058 1755 4113 solis
1779 4059 2057 4114 convenit
2085 4074 2172 4113 re-

520 4155 656 4211 latis
691 4172 704 4224 ;
736 4169 858 4209 non
888 4151 1172 4208 omnibus
1203 4149 1469 4221 quidem,
1501 4148 1646 4220 quia
1674 4148 1862 4219 duplo
1901 4148 2049 4203 nihil
2082 4152 2173 4203 est

2266 1944 2317 1976 τι
2354 1924 2504 1995 λόγος
2563 1930 2755 1999 κυρίως
2803 1926 2916 1995 (88)
2968 1934 3062 1987 τῆς
3114 1930 3314 1998 φύσεως
3365 1937 3463 1980 τῶν
3514 1935 3648 2001 πρὸς
3707 1950 3779 1982 τι·
3825 1931 3873 1981 ὃν

2269 2010 2327 2065 δὲ
2374 2022 2459 2063 νῦν
2514 2012 2721 2087 ἐροῦμεν
2778 2014 2889 2084 (89)
2951 2018 3019 2076 ὡς
3072 2017 3519 2090 παρακολούθημα
3570 2039 3621 2070 τι
3688 2021 3871 2091 μᾶλλον

2265 2102 2501 2172 ᾢαίνεται
2535 2120 2546 2133 ’
2597 2105 2706 2155 ἔστι
2766 2100 2824 2155 δὲ
2873 2104 3040 2165 οὗτος·
3076 2112 3204 2177 πρός
3253 2111 3305 2157 τί
3354 2105 3515 2175 ἐστιν,
3563 2110 3667 2160 ὅσα
3725 2111 3873 2170 αὐτὰ,

2268 2191 2394 2264 ἅπερ
2455 2190 2612 2258 ἐστὶν,
2672 2191 2851 2263 ἑτέρων
2917 2194 3045 2244 εἶναι
3105 2193 3307 2263 λέγεται
3374 2196 3402 2253 ἡ
3482 2197 3731 2249 ὁπωσοῦν
3798 2199 3877 2249 οῖ).-

2268 2280 2367 2340 λως
2398 2284 2525 2353 πρὸς
2555 2282 2720 2353 ἕτερον
2749 2282 2881 2352 (90)·
2915 2285 3035 2353 ἔφην
3068 2279 3127 2333 δὲ
3152 2287 3222 2354 μὴ
3285 2280 3413 2335 εἶναι
3460 2281 3762 2342 δηλωτικόν
3792 2297 3877 2347 τῆς

2272 2372 2471 2441 φύσεως
2497 2378 2592 2421 τῶν
2644 2376 2767 2444 πρός
2824 2389 2875 2421 τι
2921 2374 3005 2421 τόν
3055 2380 3288 2424 τοιοῦτον
3333 2373 3502 2443 λόγον’
3558 2373 3751 2434 ἐπειδὴ
3782 2378 3877 2448 οὐχ

2273 2460 2373 2510 ὅσα
2427 2458 2606 2529 ἐτέρων
2659 2460 2786 2510 εἶναι
2824 2458 3026 2529 λέγεται
3093 2460 3227 2531 (9i),
3289 2470 3455 2514 ταῦτα
3510 2483 3601 2515 και
3660 2472 3794 2538 πρός
3836 2472 3881 2516 τί

2274 2544 2427 2598 ἐστιν·
2462 2548 2491 2604 ἡ
2520 2551 2620 2619 ’γὰρ
2652 2552 2794 2621 χεὶρ,
2850 2551 2984 2608 τινός
3027 2551 3116 2620 μὲν
3167 2550 3369 2620 λέγεται
3399 2557 3544 2627 χεὶρ,
3596 2560 3692 2605 καὶ
3749 2558 3778 2613 i1
3808 2574 3882 2607 κε-

2275 2636 2404 2708 φαλὴ
2456 2640 2625 2701 ,τινός
2662 2637 2862 2708 λέγεται
2906 2638 3020 2709 (92)
3070 2641 3285 2710 κεφαλὴ,
3341 2647 3430 2694 καὶ
3486 2647 3552 2694 τὰ
3598 2644 3736 2696 ἄλ)α
3789 2653 3879 2697 τῶν

2274 2734 2437 2798 μερῶν
2464 2728 2670 2797 ὁμοίως
2717 2726 2822 2777 ἀλλ’
2873 2727 2966 2778 οὐκ
3020 2728 3122 2780 εἰσὶ
3166 2736 3331 2782 ταῦτα
3372 2740 3469 2783 τῶν
3497 2738 3631 2805 πρός
3667 2754 3723 2785 τι
3756 2751 3767 2763 ·
3802 2735 3881 2786 οὗ-

2278 2820 2389 2865 σίαι
2418 2818 2540 2887 γὰρ,
2574 2811 2797 2887 οὐδεμία
2828 2812 2884 2867 δὲ
2917 2816 3075 2869 οὐσία
3126 2827 3219 2870 τῶν
3246 2824 3376 2893 πρός
3415 2841 3468 2872 τι
3496 2821 3631 2894 (93).
3684 2821 3880 2876 Εἰὸἐναι

2275 2907 2444 2974 μέντοι
2475 2905 2592 2973 (94)
2615 2909 2747 2978 χρὴ,
2810 2906 2887 2956 ὃτι
2935 2914 3033 2956 τῶν
3083 2912 3207 2979 πρός
3261 2928 3305 2959 τι
3350 2913 3415 2961 τὰ
3444 2914 3533 2981 μεν
3567 2916 3705 2963 κατά
3751 2932 3877 2983 γενι-

2275 2996 2364 3049 κὴν
2397 2993 2511 3062 (95)
2547 2991 2805 3066 ἐκφέρεται
2854 2994 2985 3063 (96),
3023 2993 3126 3046 οἷον
3176 2999 3244 3057 ως
3298 2999 3321 3048 6
3393 2995 3662 3061 δεσπότης
3697 2999 3878 3053 δούλου

2278 3078 2554 3145 δεσπότης,
2603 3084 2665 3133 τα
2710 3079 2768 3133 δὲ
2818 3086 2952 3134 κατὰ
3002 3080 3235 3152 δοτικὴν,
3283 3089 3351 3147 ὡς
3386 3091 3443 3138 r6
3484 3087 3773 3146 ἐπιστητόν
3820 3098 3876 3152 τῇ

2277 3168 2538 3243 ἐπιστήμη
2574 3170 2873 3237 ἐπιστητόν,
2939 3175 3004 3223 τὰ
3062 3170 3120 3225 δὲ
3172 3178 3307 3226 κατὰ
3364 3176 3683 3245 αἰτιατικὴν,
3744 3184 3812 3241 ὡς
3859 3184 3880 3230 6

2278 3261 2481 3310 τύπτων
2540 3265 2851 3331 τὺπτόμενον
2909 3264 3110 3313 τύπτειο
3169 3267 3227 3314 τό
3286 3261 3373 3315 οὖν
3412 3267 3877 3340 παρακολούθημα,

2279 3351 2398 3421 ὅπερ
2433 3352 2650 3421 εἴρηται,
2716 3346 2807 3401 διὰ
2855 3357 3007 3402 τοῦτο
3042 3351 3155 3422 (97)
3205 3357 3333 3423 μετὰ
3363 3362 3453 3406 τοῦ
3522 3356 3710 3431 ἐτέρων
3761 3355 3881 3409 εἶναι

2279 3435 2482 3507 λέγεται
2524 3439 2818 3509 προσέθηκε
2873 3439 2981 3510 (98)
3040 3443 3096 3491 1'6
3156 3441 3185 3498 ἦ
3238 3446 3476 3495 ὁπωσοῦν
3527 3444 3698 3507 ἄλλως
3750 3448 3877 3517 (99),

2282 3527 2361 3576 ἱνα
2420 3522 2513 3578 διὰ
2558 3530 2647 3597 μεν
2691 3534 2782 3578 τοῦ
2836 3531 3018 3601 ετέρων
3068 3524 3195 3580 εἶναι
3262 3530 3463 3601 λέγεται
3506 3537 3575 3585 τὰ
3635 3540 3769 3608 πρὸς
3805 3554 3881 3605 γε·

2278 3618 2424 3672 νικήν
2480 3611 2731 3672 δηλώσειε
2794 3615 3057 3687 λεγόμενα,
3127 3615 3220 3670 διὰ
3277 3616 3336 3672 δὲ
3395 3629 3485 3673 τοῦ
3545 3624 3573 3681 ἡ
3640 3626 3877 3675 ὁπωσοῦν

2279 3703 2437 3764 ἄλλως
2468 3705 2531 3754 τά
2556 3723 2609 3755 τε
2636 3708 2761 3778 πρός
2787 3705 3081 3764 αἰτιατικὴν
3103 3712 3191 3759 καὶ
3214 3704 3450 3767 δοτικήν.

2350 3791 2418 3863 γ’.
2452 3791 2608 3864 Ἔχει
2640 3790 2698 3845 δὲ
2729 3796 2793 3844 τὰ
2834 3799 2963 3866 πρός
3019 3814 3070 3846 τι
3099 3792 3216 3847 ἴδια
3266 3802 3517 3871 τέσσαρα·
3568 3810 3775 3874 πρῶτον
3805 3804 3878 3873 (ί)

2278 3885 2336 3933 τό
2392 3883 2647 3955 ὑπάρχειν
2705 3882 2754 3934 ἐν
2818 3883 2993 3945 αὐτοῖς
3020 3883 3351 3944 ἐναντιότητα
3383 3904 3395 3915 ·
3429 3894 3519 3940 καὶ
3550 3892 3652 3962 γὰρ
3693 3900 3721 3963 ᾔ
3782 3891 3884 3944 ἐπιο

2284 3974 2458 4042 στὴμῃ
2499 3970 2641 4022 ἐστὶν
2672 3970 2890 4024 ἐναντίον
3072 3976 3100 4031 ἡ
3135 3976 3337 4046 ἄγνοια·
3394 3986 3547 4031 τοῦτο
3575 3976 3634 4031 δὲ
3668 3986 3727 4033 τό
3753 3978 3885 4033 ἴδιον

2280 4062 2368 4111 καὶ
2421 4059 2478 4111 οὐ
2536 4066 2664 4112 πᾶσι
2711 4068 2814 4121 τοῖς
2862 4067 2993 4135 πρός
3047 4082 3096 4114 τι
3169 4069 3257 4116 καὶ
3309 4065 3367 4117 οὗ
3418 4071 3596 4138 μόνοις
3649 4069 3883 4142 ἁρμόζει·

2283 4148 2341 4200 οὐ
2384 4148 2462 4219 (3)
2509 4156 2642 4201 πᾶσι
2684 4153 2795 4222 μὲν,
2864 4147 3046 4209 ἐπειδὴ
3105 4161 3177 4223 τῷ
3231 4150 3496 4227 διπλασίῳ
3542 4154 3700 4210 οὐδέν
3755 4160 3889 4211 ἐστιν

521 4244 907 4307 contrarium,
936 4256 1057 4297 non
1089 4238 1232 4295 solis
1273 4253 1434 4305 vero,
1476 4237 1622 4309 quia
1672 4236 1851 4292 etiam
1900 4236 2164 4308 qualitati

2286 4236 2529 4306 ἐναντίον,
2585 4238 2643 4290 οὐ
2694 4244 2867 4311 μόνοις
2921 4237 3000 4305 δὲ,
3057 4238 3236 4301 ἐπειδὴ
3288 4248 3378 4296 καὶ
3429 4246 3509 4317 (4)
3560 4255 3622 4318 τῇ
3655 4252 3891 4305 ποιότητι

2095 4364 2318 4420 ΝΟΤᾸΞ.

602 4496 713 4567 (85)
749 4494 840 4550 Sic
890 4491 1014 4547 Vat.
1048 4493 1104 4545 et
1164 4488 1331 4544 Catii.
1400 4504 1413 4555 ;
1455 4488 1609 4543 Mon.
1651 4494 1743 4538 τοῦ
1785 4483 1843 4538 δὲ
1894 4489 2030 4539 κατά
2074 4490 2177 4540 πά-

536 4572 641 4629 θος.

605 4639 720 4711 (86)
751 4637 889 4711 κηαξ
912 4635 997 4705 ὀμ.
1032 4637 1088 4711 et
1122 4637 1335 4711 caetera
1365 4629 1655 4711 usquead
1676 4629 1847 4711 fin..§
1881 4630 2096 4711 desunt
2123 4629 2182 4711 in

534 4701 710 4769 Mo‘n.’
736 4708 838 4763 ubi
878 4701 1006 4761 haec
1045 4704 1338 4758 duntaxat
1379 4703 1656 4771 leguntur
1704 4720 1753 4755 κ.
1790 4706 1818 4759 η
1852 4721 2010 4772 μουσ.
2066 4701 2183 4753 ἀνά-

534 4784 842 4856 γεται·καὶ
911 4781 1010 4850 γαρ
1060 4779 1150 4825 καὶ
1221 4777 1414 4825 τούτων
1490 4773 1712 4832 ἑκάστης
1783 4772 2045 4844 ἐπιστήμη
2102 4776 2187 4843 γέ-

534 4842 619 4916 νος
658 4870 669 4880 ’
710 4859 875 4903 ταῦτα
918 4842 1013 4919 ⁷μεν
1073 4847 1159 4897 οὖν
1206 4848 1271 4896 τὰ
1314 4847 1412 4896 ὑπό
1475 4849 1539 4896 τὰ
1590 4849 1716 4917 πρός
1756 4864 1807 4895 τι
1839 4847 1907 4905 ὡς
1939 4842 2052 4902 εἴδη
2100 4842 2183 4896 τε-

536 4927 740 4978 λοῦντα.

611 4996 721 5065 (87)
752 4996 900 5049 M00.
930 4986 1176 5065 év‘6’197j.
1210 4986 1267 5065 έΟ
1297 4989 1386 5058 μὲν
1414 4982 1499 5037 οὖν
1531 4986 1810 5061 εἰρημένος.

612 5061 723 5137 (88)
765 5066 907 5137 MOI}.
931 5061 1071 5137 add.
1107 5061 1237 5137 ἐστι.

612 5130 722 5207 (89)
764 5130 903 5207 ὅνδε
931 5132 1132 5207 λέξομεν
1164 5131 1321 5207 ΜΘΗ.

612 5199 867 5282 (9036111.
920 5199 1139 5282 προξ
1170 5203 1334 5256 deest
1367 5201 1425 5255 in
1469 5202 1616 5255 Mon.
1652 5203 1779 5256 Haec
1811 5199 2072 5256 deﬁnitio
2105 5203 2192 5255 est

542 5273 814 5335 ex'Arist.
858 5292 906 5329 c.
940 5273 967 5328 '7
1003 5273 1122 5327 init.

614 5351 729 5421 (9'1)
762 5349 924 5421 Mon.
976 5344 1103 5421 αλλ’,
1154 5346 1224 5405 ὡς
1280 5346 1501 5421 εἴπομεν,
1555 5345 1633 5396 ὅτι
1681 5342 1774 5395 οὐκ
1817 5346 1929 5395 ἔστι
1971 5339 2190 5401 δηλωτι-

545 5417 633 5483 κὸέ
688 5417 716 5472 ό
760 5420 907 5490 λόγος
958 5417 1106 5490 οὗτος
1154 5423 1249 5476 τῆς
1305 5418 1505 5487 φύσεως
1562 5424 1658 5465 τῶν
1699 5420 1826 5489 πρός
1874 5434 1925 5466 τι
1957 5433 1969 5445 ⁸
2004 5417 2033 5474 ἡ
2091 5417 2191 5487 γὰρ

547 5500 689 5567 χεὶρ,
717 5488 850 5551 τινόζς
880 5488 1244 5567 χεὶριλέγεται.

622 5560 731 5643 (92)
762 5560 1151 5637 λέγεταιαεθδῐ
1184 5560 1242 5614 in
1274 5560 1450 5614 Mon..

2294 4488 2585 4630 ΡὲξὶΒΒἈΟἰ.
2620 4488 2791 4545 Arist.
2826 4506 2876 4545 c.
2921 4490 2971 4557 7,
2995 4491 3022 4563 ἓ
3049 4492 3271 4563 penult.
3302 4494 3378 4565 (c.
3405 4493 3460 4560 5,
3489 4512 3547 4568 p.
3590 4503 3674 4561 12,
3708 4503 3769 4555 l3
3799 4500 3891 4556 ed.

2368 4628 2494 4707 (ενι)
2520 4632 2672 4707 Mon-
2719 4628 2777 4684 δὲ
2805 4634 2942 4707 χρὴ,

2368 4704 2477 4779 (95)
2505 4702 2633 4779 Scil.
2664 4702 2861 4779 πτῶσιν
2885 4705 3042 4760 Mou.
3070 4710 3127 4758 1'6
3172 4714 3367 4779 γενικόν
3400 4726 3411 4739 ·

2297 4778 2353 4825 1'6
2380 4771 2518 4839 661.,
2552 4777 2609 4825 1'6
2650 4774 2755 4827 αἰτ.

2368 4850 2477 4922 (96)
2515 4847 2673 4922 M99.
2730 4850 3038 4922 προφέρεται
3071 4866 3239 4922 sequ.
3271 4853 3339 4912 ὡς
3364 4852 3545 4909 deest.

2370 4917 2736 4996 (97)"lnMon.
2765 4917 2859 4996 δ’ιᾲ
2883 4917 3033 4996 τοῦτο
3054 4917 3220 4996 ἀδεὲς
3244 4931 3300 4978 et
3328 4926 3616 4996 sequitur.
3640 4934 3784 4996 μετὰ
3813 4936 3899 4983 τοῦ

2301 4982 2433 5039 αὐτὰ
2464 4982 2597 5065 ξοῖπερ
2632 4987 2791 5057 ἐστὶν,
2818 4990 3019 5065 ἐτέρων,
3052 5012 3103 5048 κ,
3128 5012 3177 5048 τ.
3205 4993 3257 5050 λ,
3412 4982 3432 4996 ⁸
3640 4982 3649 4999 δ

2369 5060 2481 5130 (98)
2511 5065 2598 5112 καί
2634 5061 2774 5116 add.
2816 5060 2969 5117 Mdu.

3464 4712 3548 4767 sic
3580 4719 3635 4769 et
3668 4713 3729 4769 in
3769 4731 3896 4788 seq.

2342 5136 2486 5211 ‘(99)
2521 5134 2669 5216 MOI).
2759 5134 2995 5218 ὁπωσοῦέ
3030 5151 3042 5163 ⁸
3236 5140 3299 5218 ως
3330 5138 3539 5218 (ᾶᾎλως)
3564 5144 3629 5218 τά
3658 5162 3714 5195 τε
3775 5147 3909 5218 πρὸς

2303 5202 2587 5346 gratarum
2631 5209 2720 5255 καὶ
2776 5208 2900 5277 πρὸς
2955 5202 3182 5259 δοτικόν.
3238 5202 3909 5280 Βθᾲιιὶιυιίὶωωεὼὶιιε

2374 5348 2451 5415 (1)
2492 5354 2693 5417 πρῶτον
2724 5346 2890 5402 omit.
2932 5349 3086 5405 Μου.

2376 5420 2451 5487 (2)
2477 5418 2580 5468 οἷον
2613 5418 2753 5473 add.
2778 5420 2927 5474 Mon.

2402 5493 2450 5553 3)
2483 5493 2572 5540 καὶ
2599 5488 2657 5540 οὐ
2697 5509 2755 5543 π.
2790 5490 2955 5545 ΜΟΠ.

2401 5560 2453 5631 4)
2492 5564 2582 5613 καί
2619 5562 2785 5618 deest
2820 5562 2882 5617 in
2920 5566 3075 5621 M011.
