3926 6190
449 260 559 318 799

1700 247 1935 305 PHOTII
1978 246 2455 305 PATRIARCH/E
2496 246 2605 303 ΟΡ.
3690 252 3765 311 800

450 388 599 443 dens
635 391 723 440 est
749 384 995 438 minime
1027 383 1718 446 concessuros,tempore
1745 377 1992 431 omnino
2012 392 2074 432 ve

2233 379 2390 449 ίρόνῳ
2435 376 2561 433 ὅλως
2612 375 3001 447 προυφεστάναι
3056 374 3083 431 ἦ
3145 374 3211 426 τὰ
3262 383 3510 446 στοιχεῖα
3552 384 3644 427 τῶν
3677 382 3773 440 ζώων

449 476 734 531 elementa
773 470 1137 525 animalibus
1180 467 1269 521 vel
1316 472 1474 522 astra
1506 463 1765 518 scientias
1811 464 2107 536 praeexsti-

449 565 609 626 tisse,
641 561 747 615 sed
777 559 973 613 solum
1004 558 1232 613 ratione
1259 563 1430 625 atque
1461 552 1757 608 intellectu
1810 553 2107 624 simplicia

448 649 794 721 compositis
809 646 1077 719 praeponi
1109 644 1528 700 arbitraturos.
1566 641 1967 706 Quamobrem
1983 659 2109 697 om-

446 739 618 794 nibus
645 736 841 791 relatis
859 735 935 790 ad
957 732 1183 805 aliquid
1209 729 1695 794 convenit,simul
1730 745 1864 784 cum
1894 735 2110 785 natura

448 826 747 882 exsistere.
783 824 894 881 Sed
926 823 1041 893 jam
1066 822 1206 877 satis
1240 820 1465 874 dictum
1499 818 1678 873 estde
1705 818 1930 875 relatis.

982 928 1299 993 QU/ESTIO
1330 925 1534 980 CXLII.

852 1039 936 1092 De
976 1050 1080 1091 sea:
1111 1033 1328 1103 reliqui
1367 1032 1697 1101 categoriis.

2216 467 2243 521 ἦ
2308 466 2371 514 τὰ
2419 462 2591 534 ἄστρα
2630 470 2722 524 τῆς
2772 462 3069 534 ἐπιστήμης
3122 470 3564 536 συγχωρήσουσι·
3606 466 3713 537 λόγῳ
3735 469 3773 520 a‘;

2218 558 2354 623 μόνῳ
2404 556 2492 602 καὶ
2560 553 2747 623 θεωρία
2791 555 2856 603 τὰ
2895 550 3031 603 ἀπλὰ
3061 562 3158 603 τῶν
3217 555 3473 605 συνθέτων
3529 558 3775 625 προτιθέικι

2223 640 2622 693 δικαιώσωσιν
2659 643 2793 693 ὥστε
2822 648 2956 693 πᾶσι
2987 650 3095 703 τοῖς
3125 647 3250 716 πρός
3278 662 3328 693 τι
3355 645 3593 717 ὑπάρχει
3625 650 3671 696 τό
3698 647 3775 717 ἁμα

2221 737 2282 801 τῇ
2315 732 2465 800 φύσει
2496 731 2774 803 ὑπάρχειν.
2828 730 2964 784 Ἀλλ’
3014 729 3305 805 ἀρκούντως
3350 735 3561 806 εῖρηται
3592 740 3671 785 καὶ
3702 754 3783 807 περι

2223 826 2321 867 τῶν
2352 822 2481 890 πρός
2507 838 2577 871 τι.

2763 933 3078 980 ΕΡΩἸἭΣΙΣ
3117 927 3289 982 ΡΜΒ’.

2516 1036 2637 1107 Περὶ
2666 1042 2765 1084 τῶν
2796 1034 3086 1086 ὑπολοίπων
3112 1035 3163 1098 ἐξ
3197 1044 3547 1109 κατηγοριῶν.

1546 1154 1699 1203 Nunc
1735 1155 1969 1217 primum
2004 1154 2145 1204 edita
2179 1166 2213 1203 ε.
2243 1154 2299 1201 D.
2338 1155 2767 1217 Hergenroether

522 1278 879 1341 Aristoteles,
913 1280 1115 1347 utpote
1141 1290 1262 1329 non
1294 1272 1515 1328 docens
1547 1270 1821 1337 fortasse,
1856 1271 1962 1326 sed
2001 1271 2113 1327 do-

452 1371 700 1425 ctrinam
730 1367 1002 1423 indicans
1034 1364 1125 1419 vel
1155 1368 1462 1419 ostentans
1517 1360 1840 1432 (siquidem
1900 1376 2106 1416 verum

451 1464 557 1527 est,
584 1456 746 1531 quod
768 1456 842 1511 de
872 1453 1036 1510 libris
1062 1452 1186 1507 suis
1213 1451 1422 1506 dixerit
1450 1466 1461 1503 :
1508 1449 1675 1506 Editi
1702 1457 1843 1505 sunt
1886 1457 1938 1505 et
1983 1465 2101 1505 non

2299 1270 2355 1322 Ὀ
2407 1275 2495 1343 μὲν
2551 1272 2912 1343 Ἀριστότελης
2962 1275 3090 1343 (16),
3132 1275 3221 1327 οἶτε
3252 1280 3323 1346 μη
3359 1272 3641 1328 διδάσκων
3679 1282 3795 1341 ἴσως,

2226 1364 2318 1416 τὴν
2376 1356 2433 1411 δὲ
2490 1357 2842 1413 διδασκαλίαν
2897 1358 3292 1435 ἐνδεικνύμενος,
3356 1367 3497 1435 εἴπερ
3574 1372 3649 1437 μή
3706 1387 3799 1418 κατι

2228 1448 2479 1519 ἐψευσται
2520 1450 2679 1502 αὐτοῦ
2713 1453 2819 1513 (17)
2852 1455 2907 1503 τό
2948 1447 3224 1504 ἐκδίδοται
3266 1458 3355 1504 καὶ
3399 1453 3492 1504 οὐκ
3534 1452 3798 1519 ἐκδίδοται,

450 1548 632 1617 editi),
667 1551 781 1600 tum
812 1544 885 1599 de
912 1543 1067 1607 aliis,
1096 1548 1222 1597 tum
1253 1540 1326 1594 de
1356 1555 1455 1593 sex
1480 1538 1769 1609 (reliquis)
1795 1538 2074 1607 categorii

2233 1542 2345 1609 περί
2395 1558 2446 1590 τε
2492 1548 2589 1590 τῶν
2643 1539 2805 1591 ἄλλων
2852 1546 2941 1592 καὶ
2992 1546 3109 1612 περὶ
3156 1550 3253 1592 τῶν
3302 1541 3354 1603 ἐξ
3392 1554 3714 1616 κατηγοριῶν
3747 1549 3801 1596 ἔτι

450 1636 633 1692 multo
664 1635 860 1689 adhuc
901 1632 1121 1687 arctius
1150 1628 1449 1683 disseruit.
1486 1630 1600 1682 Nos
1641 1643 1800 1691 vero,
1835 1627 1938 1698 qui
1964 1642 2115 1698 qua-

452 1731 583 1780 tuor
616 1722 1077 1793 prmdicamenta
1104 1718 1294 1773 fusius
1320 1720 1376 1771 et
1419 1715 1501 1771 uti
1534 1715 1615 1770 rei
1646 1723 2116 1771 consentaneum

451 1818 573 1866 erat
597 1809 1087 1882 pertractavimus
1110 1804 1487 1876 etdiscipulis
1509 1804 1919 1875 exposuimus,
1948 1820 2112 1859 eum-

454 1900 591 1955 dem
623 1898 1028 1970 explicationis
1054 1897 1299 1950 modum
1321 1893 1501 1948 etiam
1531 1892 1735 1964 quoad
1758 1909 1861 1949 sex
1884 1892 2116 1965 reliqua

454 1987 816 2043 servandum
839 1984 1005 2040 vobis
1029 2000 1164 2038 esse
1182 1983 1554 2038 censuimus.
1593 1981 1811 2036 Idcirco
1830 1982 2083 2036 dicimus
2099 2023 2111 2043 ,

454 2085 589 2134 ante
608 2074 1130 2132 omniailludscitu
1161 2072 1565 2127 necessarium
1598 2086 1750 2135 esse,
1785 2070 2116 2141 quamlibet

454 2166 910 2236 categoriarum,
942 2163 1017 2218 de
1060 2162 1281 2235 quibus
1331 2176 1480 2214 nunc
1508 2176 1724 2225 sermo,
1780 2159 2117 2230 simplicem

454 2253 909 2328 quodammodo
942 2268 1089 2307 esse.
1124 2250 1404 2316 Quamvis
1428 2249 1587 2303 enim
1621 2266 1687 2303 ex
1720 2248 1959 2303 duobus
1990 2248 2117 2318 qui-

454 2345 737 2417 buspiam
769 2342 1127 2397 combinatis
1152 2339 1443 2396 efﬁciatur
1472 2338 1750 2410 quaalibet
1770 2337 1985 2392 harum
2019 2353 2119 2391 sex

458 2433 914 2501 categoriarum,
950 2436 1213 2485 attamen
1246 2432 1409 2499 patet
1449 2443 1570 2482 non
1602 2427 1732 2499 ipsa
1777 2426 2121 2481 combinata

460 2521 577 2576 ista
607 2536 715 2575 nos
742 2520 938 2573 dicere
960 2517 1346 2586 categoriam,
1371 2517 1449 2571 ita
1473 2521 1536 2570 ut
1556 2515 1685 2571 illas
1712 2515 1849 2569 inde
1879 2520 1933 2569 et
1961 2531 2121 2569 com-

463 2609 669 2681 positio
697 2609 1140 2677 consequatur;
1188 2620 1382 2675 neque
1436 2603 1598 2658 enim
1647 2609 1708 2658 ut
1741 2610 1935 2674 partes
1968 2603 2120 2657 illius

461 2698 591 2754 haec
617 2696 961 2752 combinata
982 2694 1369 2764 accipiuntur,
1388 2708 1582 2763 neque
1600 2697 1660 2746 ut
1682 2692 1931 2747 materia
1955 2708 2121 2763 quas-

465 2786 609 2841 dam
661 2785 945 2855 subjecta,
981 2798 1174 2854 neque
1217 2787 1275 2836 ut
1328 2781 1612 2852 quaedam
1645 2781 1961 2851 compositi
2010 2782 2120 2836 ele-

2228 1626 2415 1698 μᾶλλον
2473 1635 2857 1704 συντομώτερον
2909 1630 3246 1701 περιείληφενσ
3302 1633 3453 1702 ἡμεῖς
3527 1630 3585 1684 δε
3640 1636 3719 1695 τάς
3761 1654 3802 1685 τί

2228 1723 2325 1765 τῶν
2384 1726 2711 1789 κατηγοριῶν
2765 1722 3023 1792 τέσσαρας
3086 1717 3133 1769 ἐν
3192 1719 3373 1771 πλάτει
3436 1740 3490 1772 τε
3554 1727 3803 1796 συμμέτρῳ

2226 1809 2315 1856 καί
2368 1814 2427 1876 τῇ
2490 1802 2799 1877 διδασκαλῳ
2853 1803 3194 1868 διεξελθόντες
3257 1814 3513 1881 σαφηνείᾳ
3566 1817 3659 1863 καὶ
3713 1817 3803 1883 περὶ

2227 1902 2326 1944 τῶν
2374 1894 2665 1946 ὑπολοίπων
2715 1896 2768 1957 ἐξ
2811 1900 2897 1947 τὸν
2942 1896 3097 1948 αὐτόν
3142 1899 3262 1968 ὑμῖν
3298 1894 3569 1951 διασῶσαι
3609 1908 3704 1961 τῆς
3737 1897 3807 1951 δι-

2230 1978 2518 2045 δασκαλίας
2574 1980 2954 2055 ἐδικαιωσαμεν
3019 1989 3199 2038 τύπον.
3244 1994 3329 2038 Διό
3384 2008 3566 2059 φαμεν,
3628 1992 3689 2049 ὡς
3734 2008 3807 2061 προ

2226 2091 2283 2142 γε
2334 2075 2537 2125 πάντων
2585 2072 2743 2125 ἐκεῖνο
2789 2070 2979 2125 εἰδέναι
3030 2080 3164 2149 χρὴ,
3211 2078 3292 2127 ὅτι
3321 2075 3516 2134 ἑκάστη
3570 2086 3672 2128 τῶν
3714 2096 3812 2128 κατ-

2228 2170 2473 2232 ηγοριῶν,
2525 2167 2641 2234 περὶ
2686 2162 2751 2213 ὧν
2807 2164 2832 2213 ό
2889 2162 3058 2232 λόγος,
3110 2162 3243 2221 ἀπλῆ
3301 2170 3379 2225 τίς
3436 2164 3598 2217 ἐστιν’
3660 2166 3809 2236 εἱγάρ

2227 2253 2317 2300 καὶ
2370 2246 2467 2302 δύο
2523 2259 2670 2301 τινῶν
2753 2248 3185 2323 συνδυαζομένων
3250 2251 3578 2306 ἀποτελεῖται
3646 2256 3809 2311 ἑκαστῃ

2228 2346 2327 2389 τῶν
2385 2340 2438 2401 ἐξ
2489 2348 2834 2412 κατηγοριῶν,
2889 2338 2999 2391 ἀλλ’
3044 2340 3131 2392 οὖν
3186 2338 3363 2406 δῆλον,
3424 2345 3507 2393 ὅτι
3563 2344 3657 2395 οὐκ
3708 2344 3813 2394 αὐτὰ

2227 2432 2290 2481 τά
2355 2424 2752 2498 συνδυαζόμενά
2812 2448 2972 2500 φαμεν
3027 2437 3154 2481 εῖναι
3215 2436 3557 2506 κατηγορίαν,
3616 2435 3697 2484 ἱνα
3742 2432 3811 2482 καὶ

2228 2523 2283 2570 τό
2320 2519 2559 2569 σύνθετον
2612 2518 2791 2577 αὑταῖς
2830 2517 3250 2591 ἐπακολουθηση·
3285 2523 3403 2572 οὔτε
3445 2524 3546 2596 γάρ
3592 2526 3658 2581 ὡς
3700 2527 3805 2593 μέρη

2233 2608 2390 2666 αὐτῆς
2438 2604 2605 2658 ἐκεῖνα
2651 2606 3131 2679 παραλαμϐάνεται,
3179 2611 3297 2660 οὔτε
3342 2612 3411 2671 ὡς
3450 2610 3545 2667 ὕλη
3587 2631 3669 2671 τις
3703 2613 3810 2661 ὑπο-

2230 2699 2457 2767 κειμένη,
2514 2695 2622 2746 ἀλλ’
2668 2693 2784 2747 οὐδ’
2834 2698 2900 2757 ὦς
2960 2716 3076 2748 τινα
3122 2700 3363 2750 συνθέτου
3419 2708 3682 2771 στοιχεῖα,

2232 2788 2403 2856 ὥσπερ
2460 2786 2487 2841 η
2546 2783 2691 2855 φιλία
2742 2781 2839 2837 δύο
2892 2789 2981 2856 μέν
3028 2793 3174 2837 τινῶν
3216 2786 3355 2838 ἐστιν
3388 2789 3591 2857 ἕνωσις,
3637 2787 3815 2841 additi.

468 2881 713 2940 menta;
756 2889 954 2929 verum
985 2869 1506 2943 quemadmodum
1550 2870 1812 2925 amicitia
1860 2870 2074 2925 duorui

2233 2894 2318 2947 ρον
2385 2874 2493 2933 (18)
2550 2869 2608 2925 δε
2667 2881 2765 2924 τῶν
2820 2873 3097 2945 φιλούντων
3155 2875 3315 2941 ἐστὶν,
3365 2874 3481 2929 οὐδ’
3539 2878 3593 2929 ἐκ
3648 2884 3815 2929 τούτων

466 2964 773 3020 hominum
804 2969 1099 3017 certorum
1140 2959 1473 3030 conjunctio
1506 2964 1611 3028 est,
1670 2965 1950 3013 neutrum
1983 2976 2121 3013 vero

466 3054 800 3110 amicorum
832 3055 939 3114 est,
963 3066 1150 3121 neque
1178 3065 1246 3103 ex
1278 3048 1367 3103 bis
1392 3046 1840 3119 quomodolibet
1861 3048 2120 3103 conﬂata

465 3148 518 3199 et
548 3141 900 3214 composita,
925 3139 1172 3196 omnino
1193 3153 1334 3193 vero
1361 3136 1613 3208 simplex
1654 3141 1739 3191 est
1774 3154 1786 3203 ;
1830 3143 1884 3192 et
1912 3153 2124 3209 quem-

464 3233 796 3289 admodum
818 3230 1147 3285 dominatio
1175 3242 1247 3282 ex
1268 3225 1625 3282 combinatis
1648 3224 2003 3297 quibusdam
2044 3225 2122 3281 ef-

464 3322 658 3377 ﬁcitur
684 3326 739 3376 et
768 3319 1194 3380 manifestatur.
1230 3317 1475 3371 omnino
1509 3331 1647 3370 vero
1685 3322 1771 3370 est
1820 3316 2073 3387 simplex
2106 3331 2117 3368 :

464 3410 748 3466 eumdem
771 3424 1002 3480 quoque
1019 3409 1079 3462 in
1106 3408 1354 3462 modum
1377 3404 1777 3477 quaslibetsex
1800 3405 2122 3473 categoria-

464 3512 601 3555 rum
633 3495 864 3552 duobus
890 3494 1137 3566 quidem
1181 3492 1668 3549 convenientibus
1722 3492 1939 3563 prodit.
1975 3508 2122 3546 neu-

466 3594 612 3643 trum
650 3602 784 3641 vero
816 3584 1296 3640 convenientium
1325 3588 1431 3647 est,
1461 3598 1655 3653 neque
1703 3582 1821 3636 ullo
1876 3597 2122 3653 prorsus

467 3674 649 3730 modo
680 3690 748 3729 ex
779 3674 988 3727 iisdem
1037 3671 1436 3740 componitur.
1491 3672 1581 3725 Sic
1632 3685 1743 3739 ego
1789 3676 1846 3725 et
1882 3669 2121 3742 reliquae

464 3764 553 3820 hae
579 3772 784 3835 printer
810 3766 1069 3832 quatuor
1101 3759 1229 3814 illas
1255 3760 1579 3831 categorias
1610 3759 1908 3830 simplices
1960 3767 2118 3825 sunt,

465 3851 983 3926 quemadmodum
1012 3857 1065 3904 et
1092 3848 1224 3903 illae.
1263 3852 1452 3920 Atque
1485 3848 1834 3919 simplicitas
1862 3849 1971 3903 ista
1997 3865 2123 3904 om-

465 3943 640 3999 nibus
672 3942 986 4010 categoriis
1008 3939 1347 3995 communis
1376 3944 1463 3993 est
1496 3954 1508 4003 ;
1532 3938 1697 4009 quod
1716 3954 1851 3993 vero
1880 3955 1951 3994 ex
1976 3940 2122 3995 duo-

465 4032 579 4088 bus
604 4030 972 4104 quibusdam
996 4028 1345 4083 coeuntibus
1361 4025 1699 4082 efficiuntur
1719 4031 1777 4081 et
1803 4028 2117 4098 prodeunt,

464 4121 526 4178 id
559 4123 815 4177 maxime
855 4135 957 4174 sex
1000 4118 1125 4173 istis
1173 4116 1495 4188 prOprium.
1532 4119 1677 4171 Cum
1731 4118 1909 4185 igitur
1964 4117 2119 4173 dixe-

464 4214 651 4268 rimus
703 4210 777 4265 de
809 4209 878 4264 iis
933 4223 1067 4279 quae
1125 4208 1516 4261 communtier
1566 4206 1770 4261 insunt
1830 4207 1955 4262 istis
1994 4225 2118 4277 sex,

2233 2965 2469 3014 ὁπωσοῦν
2502 2967 2833 3033 συγκειμένη,
2870 2966 3035 3020 πάντη
3081 2961 3139 3016 δέ
3170 2964 3310 3016 ἐστιν
3342 2965 3501 3031 διπλῆ,
3535 2974 3619 3017 καὶ
3664 2970 3815 3036 ῶσπερ

2232 3053 2261 3108 ἡ
2327 3047 2606 3102 δεσποτεία
2676 3047 3106 3123 συνδυαζομένων
3163 3058 3251 3123 μέν
3307 3073 3455 3104 τινων
3522 3054 3818 3107 ἀποτελεῖται

2231 3145 2320 3191 καὶ
2380 3138 2734 3211 ἀναφαίνεται,
2806 3144 2971 3198 πάντη
3036 3138 3093 3193 δέ
3150 3141 3292 3194 ἐστιν
3352 3142 3511 3212 ἀπλῆ,
3566 3149 3697 3196 κατὰ
3745 3150 3817 3195 τὸν

2233 3229 2387 3280 αὐτόν
2436 3233 2624 3299 τρόπον
2678 3234 2767 3280 καὶ
2819 3229 3012 3287 ἑκάστη
3068 3239 3167 3282 τῶν
3225 3232 3278 3293 ἐξ
3334 3243 3660 3307 κατηγοριῶν
3734 3230 3816 3284 δύο

2232 3322 2320 3391 μέν
2374 3337 2523 3369 τινων
2576 3324 2853 3370 συνιόντων
2906 3318 3258 3391 ἀναφαίνεται,
3311 3320 3578 3396 οὐδέτερον
3632 3320 3687 3375 δε
3731 3330 3814 3372 τῶν

2233 3413 2509 3458 συνιόντων
2568 3410 2730 3473 ἐστὶν,
2776 3403 2891 3460 οὐδ’
2949 3410 3186 3461 ὁπωσοῦν
3239 3409 3292 3472 ἐξ
3338 3412 3505 3463 αὐτῶν
3547 3415 3812 3482 σύγκειτκν

2231 3499 2391 3568 ταύτῃ
2439 3496 2547 3567 (i9)
2595 3499 2697 3569 οἰρα
2742 3501 2830 3548 καὶ
2875 3499 3041 3570 ἕτεραι
3075 3501 3229 3551 ἔνεισι
3273 3503 3417 3575 παρά
3455 3503 3550 3561 τὰς
3578 3508 3816 3571 τέσσαρας

2234 3587 2408 3653 αὗται,
2462 3586 2623 3637 ἁπλαῖ
2673 3582 2732 3638 δὲ
2770 3589 2944 3658 ὧσπερ
2985 3590 3237 3640 κάκεῖναι’
3292 3596 3382 3641 καὶ
3435 3594 3491 3641 τό
3543 3595 3631 3661 μὲν
3670 3592 3817 3647 ἁπλᾶς

2232 3672 2361 3727 εἶναι
2400 3679 2567 3727 κοινόν
2614 3676 2864 3743 ἀπάσαις,
2918 3680 2975 3727 τὸ
3026 3674 3083 3728 δε
3116 3674 3211 3729 δύο
3242 3688 3391 3730 τινῶν
3424 3680 3817 3736 συνεληλυθότων

2234 3762 2617 3835 ἀπογεννᾶσθαι
2644 3769 2733 3816 καὶ
2766 3764 3137 3837 ἀναφαίνεσθαι
3167 3768 3401 3838 μάλιστα
3444 3766 3583 3821 ἴδιον
3622 3778 3709 3819 τῶν
3746 3767 3811 3828 ἐξ.

2235 3853 2471 3915 Εἰπόντες
2516 3851 2601 3905 οὖν
2643 3856 2707 3905 τά
2736 3863 2917 3917 κοινῶς
2951 3854 3315 3927 ἐνυπάρχοντα
3344 3866 3460 3918 ταῖς
3502 3859 3572 3922 ἐξ,
3603 3863 3686 3909 καὶ
3713 3860 3821 3927 περὶ

2231 3950 2351 4015 μιᾶς
2396 3943 2621 4004 ἑκάστης
2672 3944 2839 3994 αὐτῶν
2877 3941 2994 4016 ἰδίᾳ
3027 3947 3400 4018 θεωρήσαιμεν·
3452 3953 3542 3999 καὶ
3594 3952 3819 4021 προτερόν

2230 4051 2289 4103 γε
2345 4037 2462 4105 περὶ
2518 4040 2608 4083 τοῦ
2669 4032 2782 4102 (20)
2850 4042 3032 4099 ποιεῖν,
3079 4040 3172 4092 τήν
3224 4054 3277 4086 τε
3331 4038 3634 4109 ὑπογραφὴν
3678 4036 3822 4087 αὐτοῦ

2232 4123 2613 4181 ὑποτυποὺντες
2643 4126 2731 4172 καὶ
2762 4124 2828 4172 τά
2876 4119 2992 4181 εἴδη
3038 4128 3222 4175 καὶτὰ
3263 4122 3403 4177 ἴδια·
3462 4126 3822 4199 παραπλησίως

2235 4207 2269 4261 δ
2274 4214 2293 4261 ξ
2324 4214 2412 4261 καὶ
2443 4208 2525 4260 ἐπὶ
2555 4217 2653 4260 τῶν
2681 4209 2863 4263 οἰλλων.

464 4302 637 4358 etiam
664 4299 739 4355 de
790 4297 1037 4369 singulis
1092 4311 1292 4351 earum
1340 4295 1593 4349 seorsim
1641 4294 2123 4366 disquisitionem
2166 4300 2463 4355 instituere
2495 4298 2802 4365 volumus;
2833 4315 2903 4354 ac
2930 4302 3125 4371 primo
3183 4303 3430 4374 quidem
3483 4304 3556 4359 de
3586 4303 3819 4367 actione,

466 4391 637 4463 cujus
668 4386 1151 4459 descriptionem,
1188 4384 1416 4456 species
1446 4400 1517 4439 ac
1543 4386 1934 4455 prOprietates
1966 4387 2407 4446 delineabimus
2443 4404 2453 4440 :
2480 4386 2745 4443 similiter
2782 4404 2920 4445 vero
2945 4392 3122 4445 etiam
3164 4392 3237 4446 de
3272 4393 3521 4448 caeteris.

819 4493 1137 4562 QUASSTIO
1166 4490 1369 4547 CXLIII
1404 4490 1766 4563 [CLXXVIIL]

1108 4601 1194 4656 De
1211 4598 1447 4656 actione.

2768 4500 3080 4549 ΕΡΩΤΗΣΙΣ
3128 4496 3271 4553 PM!"
3285 4542 3296 4554 .

2802 4607 2926 4673 Περὶ
2966 4610 3055 4655 τοῦ
3085 4611 3267 4658 ποιεῖν.

1525 4706 1675 4756 Nunc
1728 4707 1962 4770 primum
2025 4707 2168 4758 edita
2220 4722 2251 4756 a
2284 4708 2344 4756 D.
2381 4707 2807 4771 Hergenroether

544 4835 592 4887 l.
626 4832 812 4901 Agere
842 4832 929 4884 est
953 4824 1255 4899 quomodo
1278 4823 1681 4895 libetoperari.
1713 4824 1899 4878 Habet
1925 4829 2125 4880 autem

472 4920 697 4992 primas
730 4919 957 4989 species
988 4918 1140 4971 duas
1173 4933 1186 4973 :
1223 4914 1283 4969 in
1331 4913 1487 4967 aliud
1519 4912 1774 4984 operari,
1808 4918 1863 4967 et
1906 4929 2024 4968 non
2066 4916 2125 4969 in

474 5008 635 5065 aliud
658 5006 890 5077 operari
934 5022 948 5071 ;
993 5002 1335 5076 exemplum
1375 5001 1741 5073 operationis
1799 5001 1858 5057 in
1907 5001 2071 5058 aliud
2111 5018 2122 5057 :

2308 4824 2379 4880 α’.
2446 4831 2615 4876 Ποιεῖν
2658 4830 2824 4877 τοίνυν
2882 4824 3021 4878 ἐστιν
3070 4844 3127 4879 το
3167 4838 3405 4881 οπωσοῦν
3444 4829 3649 4905 ἐνεργεῖν
3684 4830 3807 4899 (2i).

2235 4913 2392 4986 Ἔχει
2438 4910 2496 4967 δε
2546 4924 2723 4989 πρῶτα
2750 4912 2865 4974 εἴδη
2900 4914 3013 4969 δύοο
3052 4925 3108 4970 τό
3138 4938 3193 4971 τε
3223 4919 3293 4981 εἰς
3324 4920 3444 4973 ἄλλο
3475 4921 3692 4993 ἐνεργεῖν,
3728 4939 3810 4969 και

2235 5006 2294 5057 τὸ
2346 5009 2416 5075 μη
2466 5003 2532 5065 εἰς
2562 5004 2709 5057 ἄλλο’
2762 5002 3105 5082 παράδειγμα
3130 5016 3221 5061 τοῦ
3252 5012 3342 5080 μὲν
3375 5010 3442 5071 εἰς
3470 5011 3589 5062 ἄλλο
3618 5008 3807 5082 ἐνεργεῖν

2039 5181 2241 5237 NOT/E

548 5351 877 5427 (16)_Pauca_
889 5347 1219 5427 admodum
1230 5348 1304 5427 de
1324 5365 1425 5427 sex
1438 5347 1585 5427 reliq
1596 5349 1683 5404 uis
1697 5346 2129 5427 prmdicamen-

476 5420 761 5481 tis'babet
785 5420 1120 5493 Aristoteles
1166 5434 1215 5472 c.
1270 5420 1321 5474 9.
1367 5420 1433 5475 In
1481 5422 1631 5477 Mon.
1661 5421 1815 5487 cod.,
1866 5436 2003 5493 quas
2029 5421 2123 5476 hic

473 5498 814 5558 occurrunt,
846 5490 1006 5547 haud
1040 5488 1330 5558 leguntur-

548 5570 635 5643 (17
694 5568 785 5623 Sic
818 5562 980 5621 Catii.
1028 5577 1041 5627 ;
1074 5560 1198 5616 Vat.
1238 5563 1416 5616 αὑτοῦ.

548 5570 663 5722 (i8;
688 5640 815 5696 Vat.
844 5631 1119 5712 οὐδετέρου
1176 5632 1339 5687 Catii.
1365 5632 1416 5682 οὐ

688 5640 815 5696 Vat.
844 5631 1119 5712 οὐδετέρου
1176 5629 1478 5687 Οᾶιιὶ.οὐδ’
1534 5633 1699 5697 ἴτερόν
1758 5635 1900 5691 Vide
1957 5651 2126 5711 sequ.

2454 5351 2566 5436 ista
2593 5354 2753 5436 ταυτῃ
2792 5385 2856 5395 -
2888 5355 3120 5411 κάκεῖναι
3149 5358 3369 5418 desunt
3407 5378 3505 5436 ap.
3538 5362 3635 5420 lat.
3678 5356 3748 5416 Ct.

2336 5351 2401 5404 19
2454 5351 2566 5406 Ista
2593 5354 2753 5411 ταύτῃ
2792 5385 2820 5395 -

2331 5351 2422 5493 2οζ
2451 5421 2576 5478 Col.
2608 5413 2820 5482 τούτόυ.

2306 5351 2417 5565 ἔξω
2448 5494 2510 5549 In
2556 5493 2789 5552 Coislin.

2334 5493 2417 5571 2})
2448 5494 2510 5549 In
2556 5493 2789 5571 Coislin.
2826 5498 3053 5555 videtur
3101 5501 3261 5558 addi.
3304 5508 3362 5556 τὸ
3409 5509 3629 5571 τύπτιιν,
3657 5508 3797 5557 manu

2238 5569 2292 5621 et
2322 5564 2437 5621 alia
2462 5568 2765 5639 quaedam,
2800 5576 2861 5626 ut
2886 5586 2953 5626 ex
2984 5573 3439 5636 Montefalconio
3478 5564 3654 5651 patet.
