4116 6194
202 267 306 330 801

204 401 261 449 τὸ
310 399 539 463 τύπτειν,
595 400 779 463 καίειν,
849 389 1125 446 διδάσκειν
1180 397 1270 444 καὶ
1325 412 1389 444 τα
1441 391 1805 466 παραπλήσιαο
1838 393 1886 447 Α

203 494 296 539 τοῦ
329 483 388 538 δὲ
418 485 630 560 ἐνεργεῖν
657 487 746 556 μεν
802 487 873 555 μη
926 483 992 542 εἰς
1015 481 1137 533 ἄλλο
1169 478 1228 533 δέ
1276 501 1327 533 τι
1357 485 1423 543 ὡς
1475 484 1532 532 τὸ
1582 484 1805 554 θεωρεῖν,

204 577 495 650 κιθαρίζειν
542 579 632 625 καὶ
675 576 743 624 τὰ
784 575 938 644 ὃμοια
975 589 985 600 “
1052 571 1286 645 ἑκάτερον
1337 567 1395 622 δὲ
1448 572 1646 622 τούτων
1695 573 1809 642 ἔχει

205 662 467 736 διαφορὰς
499 667 779 736 τέσσαρας·
849 661 878 719 ἦ
925 663 1027 734 γὰρ
1079 663 1228 732 φύσει
1274 665 1433 724 ποιεῖ,
1478 662 1542 719 ὡς
1601 663 1656 710 τὸ
1705 668 1808 734 πῦρ

207 755 518 826 θερμαίνειν,
554 751 759 822 λέγεται
783 754 872 802 καὶ
902 752 959 800 τὸ
993 749 1122 808 ζῶον
1155 755 1332 820 φωνεῖν
1369 765 1382 777 ·
1424 749 1452 807 ἢ
1484 752 1808 824 προαιρέσει,

206 845 278 903 ὡς
316 844 374 892 τὸ
397 839 709 907 πλουτίζειν,
742 837 964 890 ἐπαινεῖν
995 841 1085 889 καὶ
1143 833 1384 899 δοξάζειν
1411 853 1422 866 ”
1469 838 1497 895 ᾖ
1534 840 1716 909 τέχνῃ,
1743 840 1813 898 ὡς

1345 927 1372 984 ἦ
1437 928 1602 997 τύχῃ,
1657 927 1810 987 ὡςτό

205 1018 350 1070 λίθον
381 1023 606 1070 πεσόντα
630 1016 821 1080 πλῆξαί
848 1036 965 1069 τινα
1007 1016 1035 1074 ἡ
1071 1014 1299 1077 πατάξαι
1351 1015 1378 1074 ἦ
1442 1013 1643 1087 ἀφεῖναι
1668 1016 1808 1087 ἠχώ.

207 932 267 980 τὸ
298 925 592 1000 οἰκοδομεῖν
624 927 792 980 οἰκίαν
834 932 924 979 καὶ
961 929 1028 978 τά
1077 927 1232 998 ὅμοια
1282 943 1293 954 '

205 1105 326 1158 Ἔτι
379 1115 469 1159 τοῦ
517 1114 680 1159 ποιεῖν
733 1113 824 1158 τοῦ
884 1107 974 1178 μεν
1029 1103 1358 1156 ὑπολείπεται
1421 1107 1626 1176 ποίημα
1682 1106 1815 1175 μετά

204 1201 302 1254 τὴν
332 1201 568 1261 ποίησιν,
625 1195 750 1260 οἷον,
805 1197 868 1255 ὡς
905 1195 1037 1266 μετά
1083 1197 1140 1245 τὸ
1194 1189 1485 1263 οἰκοδομεῖν
1558 1195 1588 1251 ἡ
1649 1193 1809 1258 οἰκία,

206 1293 302 1337 τοῦ
331 1281 390 1337 δε
437 1281 606 1337 οὐδέν·
641 1287 769 1356 μετα
817 1286 918 1355 γὰρ
972 1287 1029 1334 τὸ
1080 1284 1369 1354 κιθαρίζειν
1423 1277 1572 1334 οὐδὲν
1611 1287 1816 1354 ποίημα

206 1373 313 1427 ἀπὸ
343 1381 434 1426 τοῦ
480 1375 768 1448 κιθαρίζειν
805 1372 1158 1426 ὑπολείπεται.
1218 1371 1334 1424 Ἔτι
1376 1375 1433 1423 τὸ
1472 1379 1654 1437 ποιεῖν,
1687 1373 1716 1430 ἢ
1765 1371 1813 1422 ἐν

212 1468 421 1536 σώματι
459 1461 760 1534 ἡένψυχῇ,
815 1462 844 1521 ἣ
901 1460 948 1513 ἐν
978 1468 1048 1531 τῷ
1103 1464 1470 1535 συναμφοτέρῳ
1520 1460 1549 1517 ἡ
1601 1462 1816 1532 περὶτὰ

113 1611 120 1615 _
210 1552 374 1613 ἐκτός·
405 1551 454 1604 ἐν
478 1551 631 1624 ψυχῇ
661 1554 770 1623 μὲν,
805 1553 869 1611 ὡς
911 1555 967 1603 τὸ
1018 1546 1296 1602 διδάσκειν
1326 1550 1355 1607 ἡ
1401 1548 1588 1609 ἐθίζειν
1627 1547 1813 1622 ἀρετήν

211 1661 332 1693 τινα
361 1641 388 1700 ἣ
418 1644 623 1692 κακία-ν’
659 1640 708 1691 ἐν
764 1647 970 1711 σώματι
1020 1636 1098 1705 δὲ,
1140 1641 1209 1699 ὡς
1265 1641 1322 1690 τὸ
1371 1642 1553 1703 καίειν,
1592 1641 1808 1711 τέμνειν·

213 1729 262 1782 ἐν
293 1739 365 1801 τῷ
399 1732 766 1802 συναμφοτέρῳ
807 1725 886 1796 δὲ,
919 1731 985 1790 ὡς
1043 1731 1100 1780 τὸ
1150 1729 1402 1798 ὑγιάζειν·
1445 1734 1535 1779 τοῦ
1565 1730 1814 1800 συνάμφω

213 1822 316 1894 γὰρ
347 1828 500 1871 τουτο
528 1825 618 1870 καὶ
651 1820 766 1869 οὔτε
790 1825 881 1878 τῆς
909 1815 1096 1889 ψυχῆς
1136 1819 1252 1868 οὔτε
1289 1813 1404 1888 ἰδίᾳ
1430 1824 1521 1868 τοῦ
1551 1823 1812 1890 σώματος·
1848 1785 1894 1840 Β

216 1914 336 1982 περὶ
377 1905 435 1960 δὲ
464 1911 529 1959 τὰ
570 1907 736 1971 ἐκτός,
792 1909 860 1968 ὡς
913 1910 971 1958 τὸ
1025 1905 1317 1968 πλουτίζειν
1371 1911 1461 1957 καὶ
1511 1909 1576 1958 τὰ
1638 1908 1813 1979 ὃμοια.

216 1995 333 2051 Ἔτι
361 2001 418 2049 τὸ
453 2004 611 2049 ποιεῖν
664 1997 692 2055 ἢ
753 1995 1064 2048 τελειωτικόν
1131 1994 1270 2047 ἐστιν
1301 1995 1330 2054 ἦ
1383 1997 1684 2069 φθαρτικόν
1736 2016 1819 2049 τε-

215 2085 481 2138 λειωτικόν
524 2089 634 2158 μὲν,
687 2087 843 2148 ὡςτό
873 2085 1104 2156 ὑγιάζειν
1135 2102 1148 2114 ⁸
1197 2085 1478 2156 φθαρτικὸν
1542 2081 1621 2152 δὲ,
1654 2088 1717 2146 ὡς
1759 2088 1817 2138 τὸ

215 2179 426 2249 νοσερὸν
499 2175 916 2247 παρασκευάζειν
969 2177 1024 2226 τὸ
1076 2181 1244 2246 σῶμα.
1321 2171 1435 2226 "Eri
1481 2177 1540 2226 τὸ
1593 2181 1754 2226 ποιεῖν
1785 2175 1815 2233 ἢ

215 2272 450 2318 τοιοῦτον
489 2263 744 2332 ἀποτελεῖ,
794 2260 995 2336 οἷόνπερ
1063 2261 1203 2314 ἐστιν
1267 2261 1448 2326 ἐκεῖνο,
1508 2264 1577 2324 ως
1607 2266 1664 2314 τὸ
1707 2265 1815 2338 θερ-

213 2362 399 2428 μαῖνον
432 2355 615 2429 θερμὸν
645 2353 676 2411 ἡ
737 2351 794 2404 οὐ
826 2360 1079 2417 τοιοῦτον,
1129 2352 1300 2425 ὥσπερ
1335 2353 1392 2402 τὸ
1422 2355 1600 2424 τέμνον
1631 2356 1814 2424 τομήν·

215 2443 260 2496 εἰ
291 2441 352 2496 δε
404 2450 578 2508 τοῦτο,
615 2443 904 2513 σύστοιχον
937 2436 996 2492 δέ
1025 2439 1138 2492 ἐστι
1167 2447 1239 2510 τῷ
1270 2447 1504 2492 ποιοῦντι
1535 2443 1591 2493 τὸ
1632 2449 1817 2508 ποιεῖν,

212 2538 306 2587 καὶ
331 2536 389 2584 τὸ
418 2539 584 2584 ποιεῖν
617 2531 721 2604 ἄρα
742 2533 988 2587 τοιαύτην
1019 2529 1119 2592 ἔξει
1148 2525 1424 2603 διαφοράν.

1228 261 1324 321 ΑΙ)
1365 260 1918 323 AMPHILOCHIUM
1958 259 2282 335 QUIESTIO
2324 269 2566 329 CXLIII.

3466 276 3572 334 802

1919 399 2243 464 percutere,
2277 396 2548 462 adurere,
2569 397 2802 465 docere,
2833 401 2889 455 et
2911 397 3127 456 similia
3157 415 3172 466 ;
3205 400 3570 472 operationis

1917 498 2078 550 vero,
2103 502 2235 556 quae
2272 501 2394 542 non
2437 487 2503 543 ﬁt
2553 487 2616 543 in
2665 488 2847 554 aliud,
2903 488 3312 560 contemplari,
3345 489 3575 546 cithara

1919 587 2153 643 canere,
2187 579 2242 629 et
2270 574 2366 631 ala
2401 576 2769 646 hujusmodi.
2807 578 3132 649 Utrumque
3167 593 3303 634 vero
3354 578 3574 634 horum

1918 661 2473 720 habetdifi‘erentias
2489 671 2742 737 quatuor
2774 665 2906 733 ;vel
2920 667 3080 722 enim
3107 671 3320 722 natura
3341 667 3482 738 agit,
3512 672 3576 724 ut

1920 749 2052 819 guis
2079 751 2402 808 calefacere
2431 753 2642 810 dicitur
2685 759 2742 811 et
2770 754 2993 812 animal
3033 771 3250 812 sonum
3279 757 3571 822 emittere,

1920 839 2008 895 vel
2031 839 2293 908 arbitrio,
2312 847 2373 898 ut
2387 842 2631 899 divitem
2657 843 2871 910 facere,
2896 843 3144 901 laudare
3159 850 3214 900 et
3235 844 3570 913 celebrare;

1922 928 2015 984 vel
2038 936 2182 998 arte,
2217 936 2280 987 ut
2302 930 2551 989 domum
2576 933 2890 1000 aediﬁcare,
2925 939 2981 990 et
3011 933 3224 990 similia
3258 951 3270 1001 ;
3305 934 3398 990 vel
3428 950 3575 991 casu

1923 1029 2030 1070 seu
2062 1013 2315 1081 fortuito,
2349 1022 2411 1072 ut
2427 1017 2691 1090 lapidem
2708 1017 3022 1074 cadentem
3041 1020 3347 1076 verberare
3368 1034 3576 1092 quem-

1922 1103 2064 1159 dam
2093 1104 2178 1160 vel
2203 1105 2485 1177 plaudere
2514 1107 2795 1163 manibns
2821 1107 2914 1164 vel
2934 1109 3084 1164 echo
3116 1109 3403 1165 emittere.
3431 1112 3580 1165 Prae-

1922 1197 2083 1248 terea
2112 1193 2275 1250 aliud
2305 1200 2393 1250 est
2421 1211 2613 1267 agere,
2644 1196 2804 1268 quod
2826 1196 3108 1269 relinquit
3127 1199 3578 1270 postactiouem

1923 1281 2222 1348 effectum,
2239 1283 2415 1340 veluti
2433 1289 2565 1356 post
2582 1285 3043 1342 aedificationem
3056 1286 3266 1342 domus
3289 1295 3577 1359 superest,

1923 1369 2087 1426 aliud
2127 1373 2291 1443 quod
2350 1372 2582 1428 nullum
2621 1373 2899 1430 effectum
2951 1379 3091 1446 post
3142 1392 3203 1432 se
3241 1377 3521 1449 relinquit
3563 1392 3579 1443 ;

1923 1465 2242 1531 postquam
2269 1461 2428 1516 enim
2461 1462 2687 1519 cithara
2725 1463 3062 1530 cecinimus,
3096 1465 3298 1520 nullus
3330 1464 3580 1522 effectus

1922 1547 2103 1619 hujus
2130 1550 2496 1620 operationis
2523 1550 2896 1622 relinquitur.
2927 1552 3137 1607 Adhuc
3161 1568 3336 1622 agere
3367 1553 3457 1609 vel
3489 1557 3582 1609 est

1925 1637 1985 1692 in
2009 1652 2255 1708 corpore
2277 1638 2368 1693 vel
2399 1639 2459 1694 in
2490 1639 2693 1695 anima
2719 1639 2810 1695 vel
2849 1640 2910 1695 in
2941 1641 3247 1713 utriusque
3283 1643 3582 1698 consortio

1924 1725 2017 1781 vel
2049 1726 2206 1782 circa
2237 1743 2308 1782 ea
2345 1743 2478 1798 quae
2523 1734 2660 1783 sunt
2687 1728 2766 1783 ad
2814 1734 2981 1785 extra
3012 1745 3025 1785 :
3077 1730 3138 1784 in
3165 1731 3391 1797 anima,
3423 1730 3585 1786 velut

1926 1817 2139 1871 docere
2168 1817 2260 1871 vel
2299 1817 2602 1872 instituere
2643 1817 2906 1890 aliquem
2938 1818 3146 1875 virtute
3176 1820 3267 1875 vel
3298 1820 3442 1876 vitio
3477 1836 3492 1886 ;
3522 1820 3585 1875 in

1927 1920 2194 1976 corpore,
2221 1913 2282 1961 ut
2312 1907 2678 1974 comburere,
2721 1922 2922 1964 secare
2955 1927 2968 1976 ;
3000 1908 3063 1963 in
3103 1909 3412 1982 utriusque
3443 1924 3585 1966 con-

1928 1996 2132 2058 sortio,
2166 1999 2229 2050 ut
2258 2010 2470 2051 sanare
2501 1995 2638 2066 (hoc
2676 1995 2837 2052 enim
2870 1995 2948 2051 ad
2980 2001 3301 2070 utrumque
3332 2004 3582 2071 spectat,

1928 2099 2118 2154 neque
2149 2085 2398 2140 seorsim
2423 2084 2635 2140 animae
2671 2090 2779 2150 est,
2829 2101 3024 2156 neque
3055 2087 3347 2159 corporis)
3377 2105 3390 2157 ;
3431 2087 3589 2143 circa

1929 2188 2001 2228 ea
2020 2188 2150 2245 quae
2176 2172 2255 2228 ad
2279 2177 2465 2241 extra,
2495 2177 2558 2228 ut
2587 2173 2832 2229 divrtem
2863 2173 3056 2230 facere
3079 2180 3134 2232 et
3166 2175 3401 2232 similia.
3436 2179 3587 2232 Rur-

1929 2278 2065 2317 sum
2096 2277 2271 2332 agere
2308 2265 2403 2318 vel
2451 2261 2839 2334 perfectivum
2893 2269 2981 2321 est
3031 2263 3124 2320 vel
3161 2266 3587 2338 corruptivum,

1930 2351 2338 2423 pertectivum,
2397 2351 2578 2407 veluti
2618 2367 2877 2420 sanare;
2938 2354 3363 2426 corruptivum,
3417 2354 3591 2410 veluti

1930 2445 2225 2510 aegrotum
2253 2440 2502 2496 reddere
2534 2456 2772 2512 corpus.
2813 2442 3076 2515 Denique
3101 2458 3278 2514 agere
3297 2442 3390 2500 vel
3408 2443 3590 2500 talem

1932 2528 2208 2586 effectum
2236 2529 2438 2594 efﬁcit,
2471 2529 2648 2602 quale
2693 2530 2840 2587 illud
2887 2532 3090 2604 ipsum
3121 2537 3228 2598 est,
3285 2538 3349 2590 ut
3399 2530 3590 2590 calefa

221 2623 389 2678 ciens
419 2621 558 2678 facit
586 2619 872 2686 calidum,
906 2619 994 2674 vel
1024 2634 1145 2674 non
1167 2617 1365 2682 talem,
1402 2617 1554 2674 sicut
1577 2634 1787 2675 secans
1817 2620 2138 2678 sectionem
2165 2635 2177 2686 ;
2207 2619 2256 2675 si
2273 2635 2412 2676 vero
2459 2620 2542 2677 ita
2571 2625 2680 2690 est,
2711 2621 3084 2693 respondens
3130 2637 3271 2680 vero
3315 2626 3404 2679 est
3435 2620 3592 2679 actio

225 2711 448 2782 agenti,
476 2726 618 2782 ergo
649 2725 824 2782 agere
849 2724 1090 2781 quoque
1123 2706 1400 2763 eamdem
1426 2706 1821 2765 diﬂerentiam
1851 2709 2107 2766 habebit.

299 2800 374 2875 β’.
426 2797 766 2872 Ἐπιδίχεται
819 2794 877 2850 δὲ
927 2802 986 2849 τὸ
1053 2804 1215 2849 ποιεῖν
1277 2799 1335 2848 τὸ
1403 2796 1592 2868 μᾶλλον
1625 2802 1716 2849 καὶ
1768 2802 1827 2851 τὸ

224 2893 383 2951 ἧττον
419 2909 432 2922 ·
479 2891 765 2963 θερμαίνειν
813 2890 913 2962 γὰρ
965 2889 1080 2938 ἔστι
1126 2885 1315 2958 μᾶλλον
1367 2889 1454 2937 καὶ
1506 2886 1660 2943 ἧττον
1695 2905 1706 2916 ·
1741 2891 1830 2938 καὶ

221 2981 424 3052 ⁴ψύχειν
450 2981 699 3039 ὡσαύτως
742 2993 752 3005 ·
790 2976 884 3029 οὐκ
932 2975 1018 3027 ἐπὶ
1045 2981 1180 3027 πᾶσι
1223 2971 1281 3027 δὲ
1326 2981 1477 3027 τοῦτο
1506 2973 1779 3046 συμϐαίνει
1813 2991 1825 3003 ·

223 3071 324 3124 οὐκ
384 3071 498 3122 ἔστι
541 3072 642 3141 γάρ
696 3063 989 3138 οἰκοδομεῖν
1032 3064 1221 3137 μᾶλλον
1272 3068 1360 3116 καὶ
1405 3065 1579 3130 ἧττον,
1629 3062 1830 3137 βελτιον

221 3165 401 3234 μέντοι
436 3159 466 3218 ἡ
520 3165 699 3231 χεῖρον
754 3159 896 3208 ἔστιν
945 3151 1259 3226 οἰκοδομεῖν.
1303 3155 1540 3228 Δεύτερον
1593 3150 1652 3206 δὲ
1692 3150 1831 3205 ἵδιον

224 3257 322 3302 τοῦ
352 3253 514 3301 ποιεῖν
547 3251 605 3298 τὸ
633 3248 772 3318 ἔχειν
821 3243 1154 3300 ἐναντιότητα
1193 3257 1203 3269 ’
1243 3247 1332 3295 καὶ
1374 3245 1474 3316 γὰρ
1511 3245 1568 3294 τό
1627 3245 1834 3317 θερμαί-

224 3354 329 3389 νειν
391 3335 615 3388 ἐναντίον
673 3334 783 3387 ἐστὶ
849 3340 922 3403 τῷ
971 3331 1189 3404 ψύχειν,

224 3423 438 3486 ἡδύνειν
469 3443 481 3456 ’
511 3425 604 3477 οὐκ
654 3423 736 3476 ἐπὶ
765 3422 962 3475 πολλῶν
1016 3419 1073 3474 δε
1105 3429 1258 3473 τοῦτο
1292 3419 1575 3493 συμϐαῖνον
1628 3417 1739 3473 ἴδοι
1759 3440 1832 3481 τις

225 3518 290 3569 ἄν

225 3604 372 3658 ἐστιν
407 3603 652 3656 ἐναντίον.
701 3607 882 3678 Τρίτον
936 3599 1076 3653 ἴδιον
1126 3603 1182 3651 τὸ
1223 3600 1413 3671 ὁμοίως
1459 3598 1700 3670 λέγεσθαι
1743 3604 1831 3651 καὶ

333 3533 346 3546 ·
382 3524 453 3586 τῷ
491 3518 591 3588 γὰρ
645 3518 841 3586 τέμνειν
868 3514 897 3571 ἦ
945 3517 1108 3564 καίειν
1162 3512 1191 3569 ἦ
1225 3518 1335 3572 τοῖς
1392 3513 1642 3571 τοιούτοις
1681 3507 1831 3562 οὐδέν

227 3694 486 3767 ἀνομοίως
546 3711 557 3722 ·
607 3694 797 3765 ὁμοίως
850 3693 950 3764 γὰρ
1010 3691 1298 3762 θερμαίνειν
1349 3689 1558 3760 λέγομεν
1611 3693 1699 3740 καὶ
1750 3687 1832 3739 ἀν-

227 3788 440 3857 ομοίως,
479 3787 569 3834 καὶ
617 3782 851 3852 ὑγιάζειν
904 3780 1089 3852 ὁμοίως
1147 3783 1234 3830 καὶ
1293 3775 1564 3849 ἀνομοίως,
1619 3782 1705 3830 καὶ
1757 3779 1834 3830 οἰ-

224 3869 475 3945 κοδομεῖν
528 3872 717 3942 ὁμοίως
769 3873 857 3921 καὶ
911 3867 1162 3940 ἀνομοίως
1201 3871 1288 3918 καὶ
1337 3862 1535 3938 σχεδὸν
1573 3872 1728 3919 παντὶ
1759 3875 1832 3938 τῷ

227 3969 398 4015 ποιεῖν
421 3959 697 4034 ἐφαρμόζει
741 3965 892 4010 τοῦτο
953 3960 1011 4009 τὸ
1059 3952 1197 4009 ἴδιον

229 4050 456 4125 ἁρμόζει
495 4053 594 4125 γὰρ
639 4053 728 4100 καὶ
770 4054 842 4118 τῷ
881 4049 1132 4119 πάσχειν.
1187 4049 1440 4119 Τέταρτον
1492 4042 1630 4098 ἴδιον
1657 4049 1715 4097 τὸ
1758 4050 1829 4118 μὴ

229 4139 356 4194 καθ’
389 4141 475 4192 ἕνα
502 4145 690 4213 τρόπον
720 4134 1005 4207 ἀνάγεσθαι
1055 4137 1122 4186 τὰ
1173 4133 1259 4186 ὑπ’
1313 4133 1476 4191 αὐτὴν
1521 4132 1829 4207 ἀναγόμενα·

1252 3976 1265 3988 ⁶
1315 3955 1358 4008 εἰ
1410 3960 1499 4008 καὶ
1528 3961 1599 4028 μὴ
1631 3962 1770 4029 μόνῳ
1809 3970 1823 3984 ⁸

230 4235 294 4284 τὸ
365 4232 453 4301 μεν
512 4231 612 4302 γὰρ
680 4229 964 4300 θερμαίνειν
1020 4229 1238 4298 πρώτως
1305 4222 1550 4295 ἀνάγεται
1614 4225 1714 4276 ὑπὸ
1777 4227 1833 4275 τὸ

227 4325 400 4373 ποιεῖν
430 4323 518 4369 καὶ
573 4319 684 4369 ἔστι
733 4312 800 4374 δὴ
851 4319 1040 4388 κυρίως
1098 4320 1254 4366 ποιεῖν
1315 4329 1329 4343 '
1360 4316 1417 4364 τὸ
1463 4309 1519 4365 δὲ
1568 4315 1834 4385 θερμαῖνον

232 4407 525 4478 ἀνάγεσθαι
552 4406 756 4478 λέγεται
786 4405 886 4456 ὑπὸ
936 4407 994 4456 τὸ
1046 4411 1230 4471 ποιεῖν,
1290 4404 1370 4455 ὃτι
1408 4408 1623 4476 πρώτως
1650 4403 1750 4455 ὑπὸ
1777 4405 1833 4455 τὸ

229 4504 416 4552 ποιοῦν
448 4494 715 4566 ἀνάγεται,
774 4493 895 4566 ὅπερ
955 4495 1065 4545 ἔστι
1121 4494 1412 4563 σύστοιχον
1469 4500 1560 4544 τοῦ
1621 4499 1784 4544 ποιεῖν
1818 4511 1830 4524 ·

232 4588 491 4645 ωσαύτως
523 4581 582 4636 δὲ
621 4587 711 4635 καὶ
758 4586 816 4635 τὸ
861 4584 1115 4656 θερμῆναν
1162 4581 1276 4653 (2'2)
1309 4580 1592 4654 ἀνάγεσθαι
1634 4580 1837 4652 λέγεται

2008 2802 2062 2854 2.
2095 2797 2362 2855 Admittit
2401 2803 2595 2856 autem
2639 2815 2814 2870 agere
2841 2801 3036 2870 magis
3079 2804 3137 2856 et
3165 2800 3363 2856 minus
3389 2819 3407 2872 ;
3439 2801 3596 2856 cale-

1940 2888 2131 2943 facere
2163 2889 2322 2944 enim
2353 2888 2571 2959 aliquid
2602 2893 2797 2960 potest
2824 2890 3019 2960 magis
3052 2889 3144 2945 vel
3187 2890 3406 2957 minus,
3441 2895 3495 2945 et
3524 2889 3596 2944 si-

1941 2977 2152 3033 militer
2171 2976 2538 3046 refrigerare.
2581 2976 2707 3032 Non
2747 2993 2886 3032 vero
2916 2977 2971 3033 in
3011 2978 3295 3034 omnibus
3324 2979 3438 3034 hoc
3459 2993 3595 3034 eve-

1940 3065 2028 3121 nit
2052 3083 2066 3133 ;
2104 3081 2242 3121 nam
2259 3065 2421 3122 haud
2442 3070 2633 3137 potest
2657 3071 2793 3138 quis
2810 3065 3100 3122 aediﬁcare
3123 3066 3377 3124 domum
3397 3069 3588 3138 magis

1941 3158 1997 3210 et
2037 3153 2254 3224 minus,
2289 3153 2504 3209 melius
2534 3160 2732 3210 tamen
2764 3161 2819 3210 et
2849 3155 3016 3226 pejus
3047 3154 3345 3212 aediﬁcare
3385 3162 3592 3228 potest.

1940 3244 2137 3299 Altera
2149 3243 2480 3315 proprietas
2503 3243 2754 3300 actionis
2773 3249 2877 3310 est,
2898 3245 3064 3316 quod
3077 3244 3258 3301 habet
3275 3245 3598 3302 contrarie-

1270 3336 1360 3383 καὶ
1423 3336 1482 3383 τὸ
1548 3331 1726 3384 λυπεῖν
1759 3339 1826 3402 τῷ

1945 3337 2120 3388 tatem
2151 3351 2164 3400 ;
2187 3347 2330 3388 nam
2347 3331 2664 3388 calefacere
2686 3338 2742 3388 et
2757 3332 3096 3403 frigefacere
3115 3333 3413 3390 contraria
3435 3339 3592 3401 sunt,

1941 3437 2011 3478 ac
2041 3421 2259 3493 pariter
2284 3421 2618 3478 contristari
2657 3426 2712 3477 et
2743 3421 3088 3479 exhilarare.
3131 3426 3257 3479 Non
3289 3423 3351 3479 in
3392 3425 3595 3480 multis

1941 3527 2079 3566 vero
2108 3512 2168 3566 id
2199 3510 2431 3566 evenire
2457 3512 2591 3583 quis
2617 3517 2814 3568 cernet
2843 3529 2856 3579 ;
2892 3528 3033 3568 nam
3075 3529 3276 3570 secare
3309 3512 3400 3569 vel
3428 3530 3597 3569 urere

1943 3600 2033 3656 vel
2065 3599 2284 3656 similia
2304 3599 2450 3655 nihil
2477 3599 2705 3656 habent
2725 3601 3110 3657 contrarium.
3133 3604 3323 3658 Tertia
3340 3603 3598 3675 proprie-

1941 3694 2032 3746 tas
2053 3689 2303 3745 actionis
2335 3695 2444 3753 est,
2477 3689 2641 3761 quod
2673 3689 2851 3746 simili
2881 3695 2937 3746 et
2975 3691 3249 3747 dissimili
3290 3691 3472 3748 modo
3513 3691 3599 3747 di-

1941 3779 2091 3834 citur
2122 3795 2136 3838 :
2181 3778 2449 3834 similiter
2487 3778 2648 3834 enim
2679 3777 3001 3836 calefacere
3041 3780 3298 3836 dicimus
3328 3787 3384 3837 et
3423 3781 3592 3837 dissi—

1944 3868 2164 3938 militer,
2199 3871 2256 3924 et
2293 3884 2507 3924 sanum
2537 3867 2784 3924 reddere
2819 3868 3089 3924 similiter
3120 3874 3176 3925 et
3205 3869 3595 3936 dissimiliter,

1942 3963 1999 4012 et
2027 3957 2277 4012 domum
2298 3957 2591 4012 aediﬁcare
2609 3957 2876 4013 similiter
2901 3957 3333 4014 etdissimiliter
3367 3976 3380 4025 ;
3405 3964 3461 4015 ct
3482 3960 3600 4014 fere

1945 4047 2110 4102 omni
2136 4046 2351 4102 actioni
2375 4045 2502 4101 haec
2521 4045 2852 4117 proprietas
2877 4046 3170 4116 convenit,
3190 4047 3294 4102 etsi
3319 4062 3440 4102 non
3455 4047 3562 4102 soli
3585 4064 3598 4114 ;

1945 4150 2082 4190 nam
2121 4134 2396 4190 convenit
2425 4149 2668 4206 quoque
2699 4135 2982 4205 passioni.
3018 4136 3240 4201 Quarta
3270 4135 3600 4207 proprietas

1944 4229 2051 4288 est,
2067 4222 2230 4296 quod
2244 4238 2364 4278 non
2381 4222 2718 4278 secundum
2735 4239 2922 4278 unum
2943 4223 3193 4280 modum
3213 4225 3286 4279 ad
3301 4225 3601 4280 actionem

1944 4311 2278 4368 referuntur
2307 4327 2378 4368 ea
2398 4327 2534 4384 quae.
2561 4311 2638 4368 ad
2664 4311 2816 4367 illam
2847 4314 3234 4368 reducuntur.
3265 4312 3599 4369 Calefacere

1945 4402 2106 4458 enim
2123 4400 2406 4474 primario
2431 4401 2544 4456 sub
2557 4401 2853 4457 actionem
2872 4401 3174 4458 reducitur
3187 4408 3243 4458 et
3257 4408 3342 4458 est
3361 4401 3600 4474 proprie

1947 4507 2150 4563 agere;
2185 4479 2530 4547 calefaciens
2553 4506 2692 4546 vero
2719 4490 3116 4562 adactionem
3147 4491 3351 4547 reduci
3367 4491 3599 4555 dicitur,

1947 4582 2091 4655 quia
2128 4581 2324 4654 primo
2376 4579 2455 4636 ad
2513 4594 2696 4649 agens
2745 4580 3012 4646 refertur,
3068 4580 3233 4653 quod
3264 4581 3481 4637 actioni
3515 4586 3605 4637 est

232 4679 339 4730 ὑπό
370 4678 426 4728 τό
483 4681 668 4738 ποιεῖν,
724 4674 805 4725 ὃτι
843 4672 941 4723 ὑπό
1008 4673 1066 4722 τό
1113 4679 1341 4730 ποιῆσαν
1392 4677 1610 4746 πρώτως
1658 4669 1826 4742 ἇινάγε⁴

1948 4671 2316 4744 respondens
2355 4671 2540 4742 (quod
2592 4669 2809 4742 pariter
2861 4670 2921 4724 in
2975 4671 3182 4726 eodem
3242 4676 3331 4726 est
3387 4686 3603 4741 genere

232 4787 348 4833 ται,
378 4764 403 4816 ὁ
433 4769 522 4816 καὶ
560 4762 686 4815 αὐτὸ
738 4764 1029 4833 σύστοιχόν
1077 4758 1190 4812 ἐστι
1235 4767 1327 4812 τοῦ
1383 4766 1542 4812 ποιεῖν
1587 4777 1599 4790 ·
1633 4765 1721 4812 καὶ
1753 4759 1839 4812 ἐπὶ

230 4865 338 4910 τῶν
380 4853 543 4906 ἄλλων
601 4854 846 4910 ὡσαύτως
903 4867 914 4879 ’
976 4854 1065 4902 καὶ
1119 4851 1256 4921 ἔχεις
1308 4848 1530 4902 ἐντεῦθεν
1586 4848 1633 4900 ἐν
1694 4855 1837 4924 πορί-

237 4963 442 5019 σματος
508 4947 686 5015 μοίρᾳ,
742 4941 821 4992 ὅτι
900 4939 958 4991 οὐ
1023 4946 1438 5014 κατηγοροῦνται
1498 4941 1700 5001 πάντως
1785 4938 1839 4991 αἱ

233 5037 555 5108 κατηγορίαι
587 5034 651 5090 ὡς
703 5031 768 5082 τὰ
795 5032 914 5100 γένη
969 5032 1058 5080 καὶ
1102 5030 1168 5080 τὰ
1209 5024 1323 5085 εἴδη

235 5126 348 5178 οἶόν
379 5140 432 5174 τε
478 5117 704 5193 ᾖλὲγειν
760 5121 818 5170 τὸ
874 5119 1142 5192 θερμαῖνον
1199 5121 1288 5168 καὶ
1339 5121 1397 5169 τὸ
1449 5120 1700 5192 θερμῆναν
1741 5119 1840 5170 ὑπό

231 5218 297 5267 τὸ
344 5218 514 5264 ποιεῖν
545 5207 877 5280 ἀνάγεσθαι;
933 5208 1013 5258 ὅτι
1063 5202 1122 5258 δε
1175 5207 1274 5259 ὑπὸ
1306 5209 1500 5264 ταύτην
1562 5206 1840 5279 ἀνάγονται

232 5295 335 5362 τὴν
395 5302 712 5374 κατηγορίαν
778 5298 844 5348 τὰ
908 5295 1170 5370 εἰρημένα,
1273 5291 1430 5356 δῆλον
1504 5297 1842 5372 προχειριζοο

231 5395 375 5470 μένῳ
404 5392 498 5450 τὰς
528 5387 686 5450 ἄλλας
737 5389 1055 5462 κατηγορίας
1099 5401 1112 5416 ·
1168 5388 1228 5438 τὸ
1269 5387 1372 5461 γὰρ
1428 5386 1697 5461 θερμαῖνον
1729 5389 1842 5439 οὔτε

1388 5044 1400 5058 ⁸
1449 5026 1555 5081 ἐπεὶ
1618 5037 1727 5090 πῶς
1779 5027 1838 5080 ἂν

1948 4767 2123 4834 atque
2155 4759 2329 4832 actio)
2362 4777 2375 4815 :
2405 4759 2489 4815 sic
2516 4759 2735 4831 pariter
2773 4759 2832 4814 id
2876 4760 3040 4832 quod
3112 4759 3377 4816 calefecit
3405 4759 3604 4816 referri

1947 4851 2163 4906 dicitur
2192 4849 2270 4906 ad
2301 4864 2498 4920 agere,
2531 4848 2674 4921 quia
2703 4848 2976 4920 primario
3010 4848 3086 4904 ad
3118 4848 3177 4904 id
3207 4849 3360 4920 quod
3378 4850 3498 4919 egit
3521 4864 3608 4904 re-

1948 4939 2142 5007 fertur,
2170 4939 2336 5012 quod
2362 4947 2417 4995 et
2438 4939 2624 5010 ipsum
2654 4937 3028 5010 respondens
3057 4944 3142 4994 est
3174 4940 3251 4995 ad
3282 4953 3458 5009 agere
3501 4955 3516 5004 ;
3553 4944 3609 4996 et

1951 5031 2036 5087 sic
2065 5029 2280 5102 pariter
2309 5029 2370 5084 in
2400 5029 2644 5084 caeteris.
2687 5027 2909 5083 Exinde
2955 5027 3138 5084 habes
3189 5028 3376 5085 instar
3419 5028 3609 5085 corol-

1951 5120 2102 5188 larii,
2126 5118 2290 5192 quod
2320 5117 2482 5174 haud
2509 5116 2909 5189 praedicantur
2938 5118 3185 5173 omnino
3208 5119 3518 5190 categoriw
3550 5122 3611 5174 ut

1953 5221 2172 5278 genera
2187 5207 2241 5259 et
2258 5203 2484 5275 species
2502 5217 2516 5268 ;
2536 5201 3012 5273 quandoquidem
3032 5203 3326 5275 quomodo
3347 5209 3482 5259 tunc
3496 5203 3609 5259 dici

1951 5300 2172 5370 posset,
2197 5292 2257 5348 id
2295 5293 2458 5364 quod
2486 5288 2756 5347 calefacit
2786 5290 2871 5346 vel
2914 5291 3185 5348 calefacit
3213 5293 3294 5349 ad
3323 5308 3499 5364 agere
3524 5307 3612 5348 re-

1951 5381 2124 5442 ferri?
2138 5380 2300 5454 quod
2318 5395 2453 5437 vero
2471 5379 2549 5436 ad
2566 5378 2724 5436 hanc
2740 5380 3103 5451 categoriam
3125 5382 3454 5440 referuntur
3470 5397 3611 5453 prte-

1855 5522 2079 5579 NOTAE.

315 5673 430 5748 (22)
455 5669 592 5731 Vat.
633 5668 913 5744 θερμᾶναν.
947 5671 1060 5740 Ap.
1095 5660 1373 5744 θέρμῆναν.

425 5773 669 5831 Ρετειοι..
711 5767 832 5830 Gn.
876 5765 968 5842 CI,

3310 5767 3382 5836 96
