4116 6194
537 316 641 381 803

1746 320 1981 375 PHOTll
2026 319 2511 378 PATRIARCHE
2552 322 2589 375 (Σ
2601 319 2668 378 Ρ.

3824 46 4017 119 ,με

3811 322 3922 376 804

529 450 709 515 dicta,
743 448 795 503 ei
833 447 935 519 qui
976 446 1235 517 reliquas
1285 444 1613 517 categorias
1644 450 2051 516 perscrutatus
2078 450 2180 509 est,

2307 442 2472 513 ›ὒσία,
2506 444 2666 509 ἐστὶν,
2723 448 2793 506 ως
2854 444 3061 497 αὐτόθεν
3134 441 3316 509 δῆλον,
3374 447 3489 496 οὔτε
3549 448 3744 509 ποσὸν,
3797 450 3918 497 οὔτε

530 536 916 595 manifestum
952 552 964 601 ;
998 551 1141 590 nam
1172 534 1231 591 id
1284 534 1448 605 quod
1500 534 1770 591 calefacit
1823 550 2017 606 neque
2048 535 2185 589 sub-

530 626 750 683 stantia
769 628 877 689 est,
910 629 974 680 ut
1000 639 1107 695 per
1137 639 1197 678 se
1229 628 1407 695 patet,
1433 638 1625 695 neque
1641 628 1954 695 quantum,
1990 639 2184 695 neque

528 716 784 772 relatum
808 714 885 771 ad
924 712 1149 786 aliquid
1181 714 1397 785 (neque
1447 713 1607 768 enim
1638 716 1698 768 in
1724 713 2074 768 habitudine
2107 713 2184 768 ad

528 804 693 861 aliud
704 802 1110 859 exsistentiam
1125 802 1351 872 habet),
1373 802 1477 857 sed
1492 818 1685 873 neque
1710 802 1887 874 quale
1905 802 2180 873 (calidum

525 908 783 966 namque
807 891 983 965 quale
1013 891 1325 963 quoddam
1360 895 1464 955 est,
1512 889 1865 946 calefaciens
1898 906 2036 946 vero
2063 905 2183 945 non

528 999 599 1039 eo
628 982 794 1055 quod
818 980 995 1054 quale
1020 980 1166 1052 quid
1196 984 1305 1045 est,
1357 996 1559 1035 verum
1591 995 1660 1035 eo
1691 980 1856 1051 quod
1902 979 2042 1035 facit
2071 978 2182 1034 ali-

526 1071 693 1143 quid,
746 1070 957 1125 dicitur
1023 1068 1446 1140 calefaciens);
1494 1067 1659 1139 quod
1692 1084 1826 1123 vero
1882 1083 2078 1139 neque
2107 1068 2183 1123 ad

528 1162 706 1216 situm
731 1175 920 1230 neque
948 1158 1025 1214 ad
1045 1158 1229 1213 ullam
1254 1156 1623 1228 reliquarum
1658 1156 2097 1227 categoriarum
2124 1157 2183 1212 id

528 1248 692 1321 quod
720 1247 987 1305 calefacit
1017 1246 1109 1302 vel
1140 1245 1413 1301 calefacit
1439 1260 1628 1317 eaque
1660 1262 1797 1317 quae
1830 1246 1916 1299 his
1948 1261 2185 1316 respon-

2294 539 2421 606 πρὸς
2451 554 2500 586 τι
2540 536 2560 602 (
2601 533 2658 584 οὑ
2688 536 2787 605 γὰρ
2838 532 2884 584 ἐν
2950 542 3008 605 τῇ
3047 537 3174 605 πρὸς
3222 534 3387 606 ἕτερον
3441 538 3626 604 σχέσει
3706 538 3826 605 ἔχει
3863 541 3918 585 16

2296 620 2422 675 εἶναι
2459 624 2498 693 ),
2542 620 2647 673 ἀλλ’
2690 619 2813 674 οὐδὲ
2837 626 2980 674 ποιὸν
3012 624 3090 683 (τὸ
3124 626 3211 694 μὲν
3265 625 3366 694 γὰρ
3413 625 3599 694 θερμὸν
3649 630 3804 675 ποιόν
3873 630 3923 673 τί

2296 711 2427 775 ἐστι,
2460 715 2516 762 τὸ
2568 708 2626 762 δὲ
2682 713 2950 784 θερμαῖνον
3002 711 3058 763 οὑ
3114 720 3185 780 τῷ
3236 717 3381 763 ποιὸν
3430 732 3479 763 τι
3527 710 3657 763 εἶναι
3711 712 3921 783 λέγεται

2298 803 2585 873 θερμαῖνον,
2622 799 2748 851 ἀλλά
2799 809 2870 871 τῷ
2926 808 3089 852 ποιεῖν
3145 803 3365 861 τι>·ὄτι
3426 797 3484 852 δὲ
3529 798 3653 853 οὐδὲ
3706 803 3811 853 ὑπὸ
3863 808 3919 853 τὸ

2295 893 2502 942 κεῖσθαι
2546 886 2669 941 οὑδὲ
2735 891 2835 941 ὑπὸ
2891 898 2990 940 τῶν
3038 890 3331 941 ὑπολοίπων
3384 893 3501 941 τινὰ
3564 886 3796 942 δυνατὸν
3866 896 3919 942 τὸ

2299 981 2565 1053 θερμαῖνον
2614 980 2643 1036 ἦ
2708 982 2765 1029 τὸ
2825 980 3098 1050 θερμῆναν,
3156 979 3184 1037 ἣ
3252 982 3315 1029 τά
3372 982 3574 1040 τούτοις
3637 984 3921 1050 σύστοιχα

2297 1066 2601 1139 ἀνάγεσθαι,
2637 1072 2705 1139 μὴ
2756 1070 2973 1135 μάταιον
3024 1072 3098 1125 εἴη
3144 1065 3389 1130 διεξιέναι
3448 1088 3459 1099 '
3496 1068 3624 1119 ἀλλὰ
3654 1075 3765 1140 μὴν
3798 1066 3920 1122 οὐδ’

2296 1156 2492 1209 ὃτιοὺκ
2525 1159 2804 1227 ἀνάγονται
2836 1165 3001 1209 ταῦτα
3043 1158 3143 1208 ὑπὸ
3194 1163 3532 1230 κατηγορίαν,
3594 1158 3700 1231 ἐρεῖ
3763 1179 3845 1220 τις
3906 1179 3917 1190 ·

2297 1250 2370 1298 ἔτι
2398 1243 2456 1299 δὲ
2487 1242 2599 1298 οὐδ’
2638 1248 2717 1298 ὅτι
2740 1250 2796 1298 τὸ
2838 1266 3014 1298 ποιουν
3050 1243 3199 1306 ἰδίως
3250 1250 3363 1298 ἐστὶ
3409 1253 3704 1319 κατηγορία
3739 1254 3834 1300 καὶ
3865 1254 3921 1299 τὸ

528 1337 684 1401 dent,
726 1336 1109 1392 reducantur.
1153 1349 1665 1406 supervacaneum
1696 1333 1873 1388 fuerit
1902 1332 2185 1405 prosequi

530 1431 585 1483 et
608 1426 997 1499 perpendere.
1040 1427 1239 1495 Neque
1266 1439 1407 1479 vero
1456 1423 1592 1494 quis
1634 1423 1803 1487 dicet,
1856 1423 1966 1479 ista
2004 1424 2187 1478 neuti-

530 1532 717 1589 quam
748 1516 827 1571 ad
854 1513 1214 1583 categoriam
1236 1512 1439 1567 reduci
1466 1529 1478 1577 ;
1510 1528 1702 1583 neque
1726 1513 1925 1575 etiam,
1945 1512 2005 1566 id
2022 1512 2187 1583 quod

531 1606 651 1676 agit
676 1610 731 1660 et
756 1604 873 1673 egit
902 1602 1140 1674 proprie
1171 1617 1301 1656 esse
1333 1602 1696 1670 categoriam
1732 1624 1743 1666 ;
1780 1602 1879 1671 qui
1926 1601 2077 1655 enim
2109 1602 2188 1656 ita

531 1692 881 1749 statueretin
900 1690 1198 1745 inﬁnitum
1220 1690 1831 1759 augeretcategorias,
1858 1704 1967 1743 nec
2000 1688 2185 1743 ullum

2307 1694 2428 1763 λέγω
2460 1699 2612 1757 πᾶσι,
2667 1691 2950 1762 φιλοσόφως
3001 1711 3054 1743 τε
3098 1697 3185 1743 καὶ
3244 1692 3315 1754 εἷς
3379 1691 3622 1749 ἀλήθειαν
3658 1696 3919 1765 τεθεωρη-

533 1782 794 1837 scientiaa
823 1780 1144 1835 terminum
1175 1782 1542 1849 agnosceret.
1578 1778 1782 1833 Merito
1828 1778 2005 1848 igitur
2061 1778 2188 1832 haec

2307 1802 2385 1833 ται
2429 1799 2440 1810 ·
2472 1783 2591 1853 ὑμῖν
2626 1778 2682 1832 δὲ
2735 1785 2791 1832 τὸ
2852 1784 3096 1855 θεώρημα
3130 1786 3216 1832 καὶ
3272 1778 3364 1833 διὰ
3398 1791 3483 1841 τῆς
3534 1781 3763 1850 ἀλόγων
3799 1803 3922 1835 συν·

532 1870 858 1941 proprietas
884 1869 1187 1937 assignata
1213 1867 1323 1921 fuit
1352 1872 1408 1922 et
1437 1866 1817 1922 corollarium
1850 1866 1986 1922 inde
2005 1882 2189 1921 emer-

530 1975 695 2030 gens,
728 1958 889 2030 quod
919 1957 1088 2013 multi
1128 1956 1537 2019 vetustiorum,
1592 1972 1665 2011 ne
1723 1956 1917 2012 dicam
1958 1971 2188 2024 omnes,

532 2050 884 2112 nescierunt,
919 2047 1328 2121 philosophice
1359 2053 1413 2101 et
1446 2062 1578 2101 vere
1620 2062 1689 2101 ac
1719 2052 1874 2101 recte
1920 2045 2188 2102 conside-

531 2144 728 2196 ratum
760 2143 849 2195 est
909 2155 922 2205 ;
972 2138 1143 2193 vobis
1195 2142 1397 2192 autem
1426 2135 1554 2191 haec
1594 2134 1866 2192 doctrina
1897 2152 2002 2207 per
2031 2151 2192 2190 com-

533 2230 823 2285 mercium
854 2228 914 2283 in
950 2228 1165 2283 nostris
1204 2226 1517 2297 colloquiis
1557 2230 1612 2281 et
1669 2242 1845 2280 usum
1884 2225 2191 2281 rationalis

534 2318 863 2390 disciplinis
894 2316 1222 2373 evidentius
1250 2314 1651 2370 etaccuratius
1689 2319 1776 2369 est
1804 2314 2036 2369 tradita.
2066 2316 2192 2368 Non

536 2424 675 2463 vero
706 2423 895 2463 unum
949 2422 1117 2475 agere
1174 2405 1325 2460 hanc
1375 2403 1556 2459 habet
1609 2404 2055 2475 proprietatem,
2089 2401 2194 2456 sed

536 2496 847 2551 veamdem
878 2495 1056 2549 habet
1087 2499 1141 2548 et
1168 2493 1290 2564 pati
1315 2497 1371 2547 et
1420 2492 1598 2547 situm
1638 2508 1786 2547 esse.
1817 2492 2033 2558 Quinta
2064 2507 2195 2563 pro-

534 2584 751 2656 prietas
777 2589 883 2648 est,
917 2582 1083 2654 quod
1122 2597 1297 2650 agere
1329 2596 1451 2636 non
1503 2580 1769 2636 subsistit
1800 2582 2023 2652 absque
2070 2595 2193 2635 mo-

551 2675 708 2729 tione
742 2692 754 2741 ;
782 2688 975 2743 neque
1001 2671 1162 2726 enim
1189 2669 1312 2725 sine
1339 2673 1506 2724 motu
1531 2670 1978 2733 estcalefacere,
2007 2684 2193 2733 urere,

2311 2670 2371 2720 οὗ
2398 2672 2426 2727 ἡ
2466 2674 2702 2731 ποίησις.
2740 2675 2839 2722 Καὶ
2871 2676 2985 2743 περὶ
3016 2675 3104 2742 μὲν
3136 2679 3226 2722 τοῦ
3258 2680 3419 2723 ποιεῖν
3450 2680 3705 2725 τοσαῦτα.

555 2762 902 2831 refrigerare
926 2760 1019 2816 vel
1058 2759 1271 2815 docere
1310 2758 1464 2813 vetio
1491 2758 1691 2814 emilia
1727 2760 1903 2814 Sexta
1935 2758 2264 2830 proprietas
2317 2763 2583 2830 est,qua3
2633 2774 2734 2829 per
2787 2775 2847 2813 se
2903 2760 3229 2829 prOprietas
3292 2766 3382 2815 est
3430 2776 3499 2816 ac
3554 2763 3725 2832 princ
3767 2762 3921 2833 palis

557 2868 815 2925 quaeque
837 2850 1199 2906 convertitur
1239 2848 1417 2919 (nutri
1449 2847 1627 2903 simul
1652 2847 1819 2903 alteri
1887 2849 2162 2917 congruit
2201 2852 2408 2918 praeter
2456 2848 2652 2919 agerc)
2706 2864 2718 2914 ;
2778 2847 3051 2903 videlicet
3083 2849 3242 2920 quod
3294 2866 3468 2921 agere
3525 2850 3809 2922 perﬁciur
3848 2868 3919 2907 ex

564 2942 795 2997 actione
826 2945 881 2997 et
916 2940 993 2996 ab
1023 2955 1093 2995 eo
1120 2938 1303 3007 unde,
1326 2936 1606 2993 esillacia.
1638 2940 1770 2993 Haec
1801 2937 1958 2993 dicta
1986 2942 2163 2993 sunto
2195 2937 2268 2992 de
2299 2937 2518 2993 atione.

837 3028 1161 3095 QUx’ESTIO
1181 3028 1381 3085 CXLIV
1395 3025 1496 3099 [Co
1508 3028 1602 3084 isl.
1621 3027 1908 3099 CLXXIX).
2233 3064 2271 3118 Ο

1182 3120 1267 3174 De
1301 3117 1595 3188 passione.

2296 1345 2521 1393 ποιῆσαν
2584 1356 2594 1366 ·
2634 1335 2699 1395 εἰς
2752 1337 2962 1408 ἄπειρον
3016 1339 3115 1410 γὰρ
3196 1335 3254 1385 ἂν
3314 1338 3339 1385 6
3396 1344 3626 1395 τοιοῦτος
3687 1341 3769 1393 εἴη
3831 1343 3921 1397 τὰς

2297 1429 2617 1498 κατηγορίας
2669 1424 2834 1486 αὔξων
2888 1430 2975 1476 καὶ
3027 1429 3187 1497 πέρας
3248 1424 3339 1475 οὑκ
3392 1422 3542 1484 εἰδὼς
3581 1424 3917 1496 ἐπιστήμης.

2300 1514 2536 1584 Εὑ).ὸγως
2561 1516 2662 1587 ἄρα
2707 1517 2764 1565 τὸ
2817 1510 2952 1565 ἷδιον
3008 1510 3349 1577 ἀποδίδοται,
3384 1519 3472 1565 καὶ
3532 1519 3589 1565 τὸ
3634 1514 3921 1585 ἀνακὺτᾷαν

2298 1622 2535 1676 πορισμα
2561 1602 2761 1661 πολλοῖς
2813 1604 3123 1674 ἠγνοημένον
3181 1613 3276 1653 τῶν
3329 1606 3639 1677 ἔμπροσθεν,
3707 1606 3793 1655 ἱνα
3842 1610 3915 1675 μὴ

2302 1874 2487 1930 θυσίας
2529 1874 2831 1941 τρανότερον
2892 1889 2941 1921 τε
3016 1875 3104 1921 καὶ
3167 1869 3528 1942 ἀκριϐέστερον
3608 1869 3921 1943 1119616336-

2302 1979 2407 2011 ται.
2442 1960 2516 2010 Οὑ
2548 1965 2685 2030 μόνῳ
2716 1956 2773 2010 δὲ
2830 1960 3061 2031 ὑπάρχει
3110 1967 3181 2029 τῷ
3212 1968 3374 2011 ποιεῖν
3434 1968 3585 2011 τοῦτο
3635 1965 3692 2012 τὸ
3754 1958 3921 2027 ἴδιον,

2304 2047 2429 2099 ἀλλὰ
2458 2052 2546 2099 καὶ
2578 2056 2647 2116 τῷ
2702 2050 2931 2118 πάσχειν
2981 2053 3068 2099 καὶ
3100 2057 3169 2117 τῲ
3209 2050 3439 2099 κεῖσθαι·
3504 2053 3751 2120 Πέμπτον
3781 2046 3921 2101 ἴδιον

2302 2144 2393 2187 τοῦ
2435 2144 2597 2188 ποιεῖν
2657 2140 2713 2187 τὸ
2774 2138 2890 2189 ἄνευ
2936 2142 3178 2196 κινήσεως
3234 2143 3304 2207 μὴ
3356 2140 3681 2209 ὑφίστασθαι
3760 2157 3771 2168 ⁸
3826 2139 3921 2190 οὑκ

2304 2228 2411 2277 ἔστι
2466 2228 2566 2297 γὰρ
2634 2227 2751 2277 ἄνευ
2802 2230 3054 2282 κινήσεως
3101 2230 3157 2277 τὸ
3238 2228 3524 2298 θερμαίνειν
3573 2228 3602 2285 ἦ
3662 2234 3833 2279 καίειν
3887 2233 3915 2285 ᾗ

2303 2314 2496 2385 ψύχειν
2530 2316 2556 2372 ἡ
2630 2312 2905 2367 διδάσκειν
2956 2316 2983 2373 ἦ
3039 2318 3102 2367 τά
3144 2317 3315 2387 ὅμοια,
3349 2315 3529 2367 Ἕκτον
3562 2313 3723 2387 ἴδιον,
3775 2318 3801 2367 ὁ
3833 2324 3922 2367 καὶ

2304 2410 2497 2476 κυρίως
2546 2400 2681 2455 ἴδιόν
2766 2403 2898 2472 ἐστι,
2953 2404 2978 2455 ὃ
3043 2410 3128 2455 καὶ
3183 2404 3499 2477 ἀντιστρέφει
3566 2402 3769 2466 (οὐδενὶ
3818 2410 3919 2478 γὰρ

2306 2500 2403 2542 τῶν
2436 2491 2596 2543 ἄλλων
2644 2491 2944 2565 ἐφαρμόζει,
2978 2491 3083 2543 ἀλλ’
3116 2495 3144 2551 ἢ
3197 2501 3266 2562 τῷ
3300 2502 3480 2560 ποιεῖ’)
3531 2512 3542 2522 ’
3573 2494 3706 2564 λέγω
3759 2492 3827 2552 δὴ
3864 2500 3919 2546 τὸ

2309 2580 2672 2632 ἀποτελεῖσθαι
2708 2582 2833 2632 αὑτὸ
2877 2584 2929 2633 ἔκ
2974 2601 3024 2633 τε
3082 2590 3174 2644 τῆς
3226 2587 3480 2642 ποιήσεως
3540 2584 3653 2650 (93)
3708 2590 3801 2635 καὶ
3835 2584 3923 2655 ἀφ’

2836 3033 3147 3080 ΕΡΩΤΗΣΙΣ
3190 3027 3329 3081 ΡΜΔ’
3346 3073 3357 3084 .

2857 3120 2977 3189 Περὶ
3005 3124 3094 3168 τοῦ
3116 3119 3368 3189 πάσχειν.

1632 3216 1783 3265 Nunc
1818 3216 2051 3278 primum
2086 3215 2229 3263 edita
2262 3227 2293 3263 α
2327 3214 2385 3264 D.
2424 3213 2860 3277 Hergenroethcr.

626 3345 746 3401 Pati
780 3360 932 3411 vero,
967 3344 1249 3415 quoniam
1281 3358 1403 3398 non
1433 3347 1524 3399 est
1572 3342 1735 3398 aliud
1790 3346 2002 3413 praeter
2028 3356 2204 3411 agere

554 3433 753 3505 quoad
784 3432 1139 3503 subjectum,
1206 3432 1339 3487 licet
1390 3446 1521 3486 esse
1574 3432 1722 3503 ipsis
1775 3429 2077 3485 diversum
2112 3430 2202 3494 sit,

554 3537 763 3577 omnes
790 3522 907 3575 fere
965 3519 1281 3592 praedictas
1331 3519 1557 3591 species
1605 3524 1662 3574 et
1714 3518 2045 3589 proprietas
2096 3517 2208 3573 sibi

556 3608 897 3665 vindicabit.
923 3608 1092 3673 Quod
1123 3623 1261 3663 vero
1292 3607 1496 3678 quoad
1538 3607 1861 3676 subjectum
1894 3606 2044 3661 idem
2072 3610 2209 3661 sunt

554 3714 728 3768 agere
759 3703 812 3754 et
844 3697 985 3769 pati,
1016 3696 1151 3752 licet
1180 3712 1307 3751 esse
1337 3695 1480 3767 ipsis
1537 3694 1611 3749 sit
1648 3695 1969 3752 diversum,
2024 3696 2210 3750 mani-

554 3788 771 3843 festum
798 3793 901 3843 est.
933 3789 1080 3844 Cum
1111 3786 1271 3841 enim
1304 3800 1424 3840 una
1454 3784 1529 3840 sit
1567 3784 1769 3851 motio,
1798 3784 2001 3857 quoad
2032 3800 2210 3854 agen-

553 3884 671 3932 tem
699 3876 913 3932 dicitur
970 3875 1145 3943 actio,
1188 3874 1393 3947 quoad
1434 3874 1755 3945 patientem
1803 3889 1942 3929 vero
1988 3874 2204 3945 passio.

554 3968 651 4021 Est
672 3981 809 4022 vero
840 3966 1143 4038 proprium
1173 3964 1384 4036 ipsius,
1440 3964 1601 4037 quod
1637 3980 1671 4017 a
1725 3964 2009 4034 passione
2041 3969 2097 4019 et
2129 3966 2207 4018 ab

552 4072 623 4111 eo
652 4054 712 4110 in
744 4070 865 4128 quo
888 4060 975 4110 est
1014 4053 1215 4127 passio
1248 4053 1562 4125 perficitur.
1620 4052 1739 4108 Hoc
1771 4052 2031 4108 maxime
2082 4069 2210 4125 pro-

552 4144 751 4218 prium
782 4148 871 4199 est
893 4144 1079 4216 ipsius
1109 4159 1122 4207 ;
1166 4157 1345 4213 quare
1371 4142 1549 4199 etiam
1581 4142 1957 4198 convertitur.

841 4232 1163 4298 QU/ESTIO
1195 4232 1370 4287 CXLV
1400 4230 1605 4303 [CoisL
1668 4232 1886 4302 CXLX].

1159 4322 1242 4377 De
1269 4322 1392 4377 loco
1437 4319 1603 4391 (ubi).

2386 3343 2454 3392 T6
2488 3336 2545 3391 δε
2610 3341 2861 3411 πάσχειν,
2914 3341 3019 3392 ἐπεὶ
3074 3341 3167 3392 οὑκ
3222 3344 3361 3393 ἔστιν
3427 3344 3593 3415 ἕτερον
3664 3348 3809 3419 ποιρά
3870 3351 3928 3397 τὸ

2317 3436 2477 3480 ποιεῖν
2526 3437 2596 3498 τῷ
2628 3431 2962 3500 ὑποκειμένῳ,
3006 3429 3100 3480 κᾶν
3147 3434 3205 3481 τὸ
3238 3432 3365 3482 εἶναι
3420 3431 3598 3492 αὐτοῖς
3651 3430 3924 3506 διάφορον,

2321 3514 2516 3588 σχεδόν
2547 3537 2598 3568 τι
2624 3520 2689 3569 τὰ
2746 3523 3091 3590 προειρημένα
3138 3516 3252 3575 εἴδη
3323 3539 3377 3571 τε
3426 3525 3515 3571 καὶ
3575 3517 3692 3573 ἰδια
3732 3524 3926 3575 οἰκειω-

2322 3625 2467 3657 σεται
2510 3623 2521 3635 ·
2566 3610 2645 3658 ὁτι
2674 3604 2732 3659 δὲ
2779 3612 2937 3659 mm
2997 3606 3109 3658 ἐστι
3150 3616 3221 3677 τῷ
3280 3610 3597 3680 ὑποκειμένῳ
3641 3615 3700 3662 τὸ
3766 3621 3926 3663 ποιεῖν

2318 3700 2489 3747 καὶτὸ
2540 3699 2789 3767 πάσχειν,
2847 3697 2940 3748 κάν
2970 3702 3025 3749 τὸ
3084 3696 3213 3749 εἶναι
3246 3695 3493 3773 διάφορον
3534 3702 3671 3769 (24),
3717 3700 3876 3759 δῆλον
3911 3724 3922 3734 ·

2319 3791 2413 3857 μία
2445 3788 2545 3857 γὰρ
2579 3782 2711 3837 οὑσα
2760 3789 2789 3844 ἡ
2852 3792 3054 3848 κίνησις
3116 3791 3247 3858 μετά
3289 3794 3377 3859 μέν
3426 3797 3518 3840 τοῦ
3560 3799 3829 3851 ποιοῦντος
3854 3793 3927 3843 λε-

2318 3894 2464 3945 γεται
2513 3883 2697 3941 ποιεῖν,
2750 3878 2881 3943 μετὰ
2932 3872 2989 3927 δὲ
3072 3884 3162 3927 τοι)
3214 3880 3512 3947 πάσχοντος
3575 3879 3785 3949 λέγεται
3830 3885 3926 3932 πά-

2323 3983 2491 4034 σχειν.
2552 3963 2703 4015 “Ean
2739 3961 2797 4015 δὲ
2844 3960 2982 4016 ἴδιον
3032 3965 3193 4016 αὑτοῦ
3240 3970 3298 4017 τὸ
3331 3966 3699 4020 ἀποτελεῖσθαι
3742 3970 3843 4023 ἀπο
3878 3991 3927 4023 τε

2321 4062 2408 4112 τῆς
2440 4055 2710 4113 παθησεως
2740 4058 2823 4105 καὶ
2853 4053 2900 4105 ἐν
2959 4055 2997 4123 ᾧ
3029 4057 3059 4112 ἡ
3103 4057 3337 4117 πάθησις
3392 4074 3403 4086 '
3448 4056 3686 4128 μάλιστα
3717 4056 3779 4110 δέ
3820 4059 3926 4110 ἐστι

2320 4150 2469 4194 τοῦτο
2503 4138 2637 4193 ῖδιον
2666 4142 2824 4194 αὑτοῦ
2861 4160 2872 4171 ·
2913 4140 2998 4194 διὸ
3024 4148 3111 4194 καὶ
3140 4142 3459 4219 ἀντιστρέφει
3486 4146 3624 4217 ('25).

2872 4239 3185 4286 ΕΡΩΤΗΣΙΣ
3216 4234 3372 4290 ΡΜΕΪ.

2926 4328 3049 4395 Περὶ
3078 4329 3170 4375 τοῦ
3193 4331 3313 4375 ποῦ.

1628 4445 1781 4494 Nunc
1816 4445 2047 4509 primum
2086 4444 2226 4493 edita
2261 4458 2293 4495 a
2328 4445 2384 4494 D.
2422 4445 2864 4508 Hergcnroethcr.

628 4549 678 4601 -t.
720 4545 828 4603 Ubi
857 4548 943 4601 est
980 4544 1041 4600 in
1069 4544 1199 4600 loco
1221 4559 1371 4599 esse.
1407 4542 1694 4599 Dividitur
1735 4559 1871 4599 vero
1915 4542 2204 4614 primario
2244 4543 2288 4596 D

2393 4542 2455 4597 α’.
2492 4550 2598 4595 Ποῦ
2642 4549 2812 4596 τοίνυν
2867 4543 2979 4597 ἐστὶ
3029 4548 3087 4598 τὸ
3138 4545 3185 4597 ἐν
3231 4551 3373 4617 τόπῳ
3424 4543 3572 4601 εἶναι.
3642 4557 3927 4624 Διαιρεῖται

2159 4668 2392 4726 ΝΟΤᾸΞΞ.

629 4781 741 4851 (’23)
775 4782 895 4851 Yat.
935 4778 1019 4833 sic
1050 4795 1069 4843 ;
1110 4780 1229 4834 Cat.
1264 4780 1533 4837 κινήσεως.

629 4781 717 4851 (23
775 4782 895 4835 Vat.
935 4781 1069 4843 sic;
1110 4781 1187 4834 Ca

626 4781 741 4922 ('24;
781 4848 1027 4923 διάφορα.
1072 4851 1192 4923 Cat.

653 4918 738 4992 '35)
774 4923 835 4975 In
869 4918 1027 4976 Mon.
1063 4921 1157 4989 agi
1200 4925 1251 4975 et
1292 4919 1410 4991 pati
1469 4920 1545 4973 ita
1605 4918 1664 4972 in
1710 4934 1828 4972 una
1881 4919 2206 4988 quiestione

560 4994 1169 5063 comprehenduntur.
1209 4992 1309 5046 fol.
1343 4996 1409 5046 43
1438 4992 1476 5045 b
1503 5007 1513 5044 :
1551 4994 1747 5042 ψωτίου
1782 4994 1896 5063 περι
1925 4998 2013 5040 τοῦ
2043 4998 2205 5041 ποιεῖν

555 5070 643 5116 καὶ
688 5062 945 5147 «πάσχειν.
999 5069 1175 5147 Διττόν
1229 5064 1343 5147 ἐστι
1396 5066 1452 5113 τὸ
1508 5070 1668 5147 ποιεῖν
1706 5062 1914 5147 ,καὶςτὸ
1949 5062 2201 5131 πάσχειν·

556 5138 585 5195 ἡ
643 5137 741 5206 γὰρ
796 5132 845 5185 ἐν
895 5136 1176 5205 σώματι,ἣ
1226 5138 1273 5186 ἐν
1313 5134 1465 5205 ψυχῇ
1505 5154 1515 5165 ·
1552 5135 1656 5185 οἷον
1699 5132 1745 5184 ἐν
1792 5137 1880 5203 μὲν
1916 5138 2120 5203 σώματι
2146 5137 2202 5185 τὸ

555 5205 769 5277 τέμνειν,
791 5209 879 5277 Δτὸ
914 5211 1074 5258 καίειν
1111 5224 1120 5233 ·
1153 5205 1199 5256 ἐν
1233 5206 1385 5277 ψυχῇ
1434 5210 1487 5258 τὸ
1538 5205 1733 5271 λυπεῖν,
1765 5209 1819 5255 τὸ
1845 5212 2151 5277 χαροποᾼιεῖν
2186 5224 2197 5235 ·

556 5273 743 5350 ὁμοίως
777 5274 834 5329 δε
882 5282 970 5328 καὶ
1010 5282 1065 5327 τὸ
1097 5273 1445 5347 mia/316,16
1493 5282 1581 5348 μὲν
1629 5277 1674 5327 ἐν
1719 5273 1895 5347 ψνχῆ,
1928 5273 1984 5327 τὸ
2041 5273 2097 5350 6:";
2152 5278 2200 5327 ἐν

558 5344 780 5421 σώματι,
829 5351 892 5407 ὡς
948 5351 1005 5398 τὸ
1050 5344 1325 5400 λυπεῖσθαι
1378 5353 1462 5399 καὶ
1493 5344 1834 5419 ’τέμνεσθαίί
1870 5352 1981 5400 ἔστι
2040 5344 2096 5399 δὲ
2144 5352 2199 5399 τὸ

554 5419 715 5474 ποιεῖν
777 5419 1175 5493 {31315161111611
1226 5420 1252 5476 ἡ
1310 5422 1589 5493 φθαρτικον
1650 5439 1661 5451 ·
1722 5419 2034 5472 τελειωτικὸν
2075 5422 2200 5493 Δμὲν

555 5496 624 5554 ὡς
670 5497 727 5544 1'6
774 5488 1068 5557 διδάσκειν,
1112 5494 1169 5543 16
1202 5486 1486 5543 θεοσεϐεῖν·
1523 5494 1821 5563 φθαρτικὸν,
1864 5496 1932 5551 ως
1964 5496 2018 5541 τὸ
2063 5486 2197 5542 δνσ-

557 5563 722 5617 σεϐεἰν
776 5565 1021 5634 ’ὁμοίως
1108 5566 1197 5614 καὶ
1274 5565 1341 5634 τὸ
1433 5561 1663 5633 πάσχειν
1756 5564 1784 5621 ἣ
1880 5561 2198 5614 τελειωτικόν

554 5639 695 5688 ἐστιν
747 5640 776 5695 ἦ
826 5633 1105 5709 φθαρτικόν
1157 5654 1172 5670 ⁸
1217 5633 1535 5686 τελειωτικον
1586 5637 1653 5696 ὡς
1704 5638 1762 5685 1'6
1809 5636 2083 5709 μανθάνειν
2123 5654 2193 5701 τι,

556 5703 841 5785 φθαρτικὸν
909 5703 967 5762 δὲ
1043 5710 1107 5768 ὡς
1180 5710 1236 5757 τὸ
1312 5707 1586 5777 τέμνεσθαι
1641 5707 1670 5763 ἧ
1733 5703 1993 5759 καίεσθαι.
2045 5703 2199 5777 Ἔχει

2320 4773 2378 4829 δὲ
2427 4772 2669 4849 ῖδιαᾳὸὺο
2703 4777 2798 4849 ’-ἓν
2825 4778 2915 4848 μεν
2962 4780 3020 4829 τὸ
3046 4774 3394 4849 ἕπιδέχεσθαι
3434 4778 3774 4837 ἐναντιότητα
3808 4798 3819 4811 ·
3851 4786 3926 4833 εῖ-

2317 4867 2475 4919 πομεν
2527 4844 2583 4899 δὲ
2616 4844 2962 4920 ἐπιδέχεσθαι
3019 4852 3076 4900 τὸ
3136 4844 3300 4902 ποιεῖν
3357 4857 3441 4903 καὶ
3476 4855 3533 4902 1'6
3596 4855 3833 4923 πάσχειν
3860 4854 3929 4904 έν-

2316 4924 2579 4983 αντίωσιν,
2615 4921 2719 4989 οὑχ
2750 4922 2825 4971 ὅτι
2874 4925 2931 4972 τὸ
2981 4928 3143 4972 ποιεῖν
3176 4930 3247 4992 τῷ
3301 4924 3530 4994 πάσχειν
3591 4921 3750 4976 ἐστὶῖ
3796 4925 3928 4976 ἕνα-ι·

2314 4995 2439 5067 τίον,
2488 4991 2607 5067 ἡὴτὸ
2640 4996 2867 5062 πάσχειν
2908 5000 2979 5061 τῷ
3034 4991 3379 5067 ποιεῖνῇἀλὶβ
3415 4991 3513 5046 ’ὅτι
3566 5003 3634 5065 τῷ
3696 4999 3926 5067 πάσχειν

2314 5061 2426 5135 ᾆστί
2453 5081 2503 5113 τι
2526 5060 2790 5129 ἐναντίον,
2832 5063 2888 5114 οὑ
2920 5060 2977 5115 1'6
3028 5072 3190 5135 ποιεῖν
3222 5060 3300 5129 δὲ,
3344 5070 3432 5117 καὶ
3462 5074 3533 5135 τῷ
3579 5060 3745 5118 ποιεῖν
3790 5060 3927 5119 ἐστιν

2314 5132 2559 5210 ἐναντίον,
2601 5135 2658 5186 οὑ
2690 5139 2746 5186 τὸ
2769 5206 2778 5210 _
2804 5137 3031 5205 πάσχειν
3071 5132 3193 5210 (δέ)
3231 5155 3243 5167 '
3283 5137 3387 5188 οἷον
3422 5132 3603 5195 ἐπειδὴ
3637 5144 3697 5189 τὸ
3724 5138 3926 5210 ψὺχειν

2312 5208 2423 5257 ἐστὶ
2482 5213 2663 5270 ποιεῖν,
2726 5206 2819 5257 οὑκ
2876 5210 3011 5258 ἔστιν
3058 5207 3279 5259 ἐναντίον
3350 5216 3421 5278 τῷ
3472 5206 3927 5280 ψύχεσθαι,’πάο

2314 5296 2465 5347 σχειν
2506 5279 2745 5353 ὑπάρχον
2791 5278 2851 5347 (l.
2900 5280 3215 5351 ὑπάρχοντι)
3263 5279 3391 5331 ἀλλά
3435 5278 3871 5353 τῷ,νθερμαίνειν
3911 5302 3924 5315 ο

2310 5355 2398 5399 καὶ
2448 5352 2504 5399 τὸ
2531 5348 3075 5423 ψύχεσθαι-πάσχειν
3117 5350 3217 5419 (ὃν)
3266 5351 3359 5402 οὐκ
3404 5348 3543 5403 ἔστιν
3594 5348 3736 5423 αὑτῷ
3781 5354 3918 5405 ἐναν-

2309 5424 2415 5499 τίον
2447 5424 2503 5471 τὸ
2534 5420 2749 5499 ψύχειν,
2802 5420 2929 5473 ἀλλά
2976 5427 3032 5473 τὸ
3086 5424 3453 5493 θερμαίνεσθαι
3502 5441 3516 5453 '
3574 5420 3825 5499 drirrpov
3857 5424 3929 5478 δε.

2308 5488 2444 5543 ἴδιον
2474 5488 2916 5569 τὸξεπὶδέχεσθαι
2946 5496 3002 5544 τὸ
3056 5488 3244 5564 μᾶλλον
3290 5500 3380 5547 καὶ
3413 5495 3586 5553 ἥττον’
3622 5488 3917 5569 θερμαίνειν

2304 5566 2438 5642 γὰρ.
2465 5562 2691 5642 μᾶλλον-
2720 5562 2846 5642 καὶ.
2874 5565 3027 5642 ἦττον
3058 5562 3064 5564 Ἴ
3102 5564 3324 5638 λέγεται,
3385 5572 3475 5620 καὶ
3536 5562 3915 5642 θερμαίνεσθαι

2319 5634 2508 5709 μᾶλλον
2541 5640 2629 5689 καὶ
2661 5637 2815 5694 ἧττον
2832 5634 3052 5711 λέγεται.
