4116 6194
215 245 322 304 805

1098 241 1190 298 AD
1231 241 1774 301 AMPHILOCHIUM
1815 241 2143 312 QUIESTIO
2184 245 2419 315 CXLIV,
2456 233 2663 302 CXLV.

3471 249 3576 305 806

219 370 276 426 δὲ
311 377 528 446 πρώτως
559 369 625 430 εἰς
673 365 789 426 εἴδη
840 369 912 434 ἐξ,
956 371 1026 430 εἵς
1057 387 1110 420 τε
1138 371 1197 420 τό
1243 370 1348 420 ἄνω
1375 367 1505 422 εἶναι
1533 375 1622 422 καὶ
1651 371 1817 440 κάτω,
1849 373 1882 426 Α

1974 387 1984 426 ι
2018 371 2243 444 species
2269 387 2391 441 sex,
2416 370 2686 426 videlicet
2705 370 2766 425 in
2792 384 2975 442 supra
3005 384 3132 428 esse
3162 376 3219 428 et
3247 371 3404 428 infra
3431 388 3580 441 esse,

218 459 368 531 δεξιᾷ
433 479 485 512 τε
539 463 629 510 καὶ
705 457 973 532 ἀριστερᾷ,
1055 459 1341 531 ἔμπροσθεν
1417 464 1506 511 καὶ
1584 458 1815 511 ὄπισθεν·

217 551 434 602 ἕκαστον
480 543 539 600 δὲ
582 549 775 599 τούτων
807 550 835 604 ἦ
877 544 1052 620 πόρρω
1102 545 1241 599 ἐστὶν
1272 548 1300 606 ἦ
1345 546 1516 619 ἐγγύςο
1570 550 1642 600 ἔτι
1681 544 1740 600 δὲ
1789 551 1818 604 ἧ

219 638 266 690 ἐν
297 643 486 710 πρώτῳ
539 637 568 695 ἦ
619 635 667 687 ἐν
717 632 960 707 δευτέρῳ
1004 636 1134 706 λέγω
1187 632 1245 688 δὲ
1287 635 1334 687 ἐν
1384 643 1568 710 πρώτῳ
1613 640 1703 708 μὲν
1749 636 1824 688 εἶ-

217 748 304 779 ναι
345 730 404 779 τό
451 735 622 797 σῶμα,
668 725 788 776 ὅταν
838 723 886 775 ἐν
920 727 1019 795 ἴσῳ
1049 729 1190 795 τόπῳ
1223 725 1381 776 αὐτοῦ
1419 721 1472 796 ᾖ,
1514 730 1602 777 καὶ
1649 729 1721 796 μὴ
1778 723 1825 775 ἓν

219 816 420 889 μείζονι
473 819 857 888 περιεχόμενον
910 811 958 864 ἐν
1022 809 1246 885 δευτέρῳ
1299 810 1377 880 δε,
1429 816 1549 865 ὅταν
1600 812 1648 865 ἐν
1713 817 1826 885 μεί-

227 910 357 969 ζονι·
408 907 537 957 καθό
591 923 751 976 φαμεν
800 904 843 955 εἰ
897 906 1054 975 τύχοι
1099 907 1184 954 τόν
1239 905 1513 978 Σωκράτην
1555 903 1601 954 ἐν
1646 911 1707 974 τῇ
1752 903 1832 954 οἰ·-

223 999 316 1067 κίᾳ
345 991 474 1046 εἶναι
522 997 550 1050 ἧ
610 993 656 1044 ἐν
813 991 974 1047 πόλει.
1022 991 1137 1045 Ἔτι
1178 999 1269 1043 τοῦ
1323 999 1422 1044 ποῦ
1470 988 1653 1053 ἰδικῶς
1696 993 1832 1064 λαμ-

225 1085 507 1157 ϐανομένου
552 1087 610 1134 1'6
659 1087 748 1155 μὲν
828 1083 984 1135 αὐτοῦ
1057 1085 1207 1154 φύσει
1285 1081 1512 1153 λέγεται,
1585 1084 1706 1154 ὅπερ
1774 1083 1832 1132 τό

227 1175 358 1226 αὐτὸ
413 1172 492 1225 ἀεὶ
547 1179 760 1236 νοεῖται,
801 1173 906 1224 οἷον
954 1174 1011 1223 τό
1059 1175 1144 1223 τόν
1199 1171 1412 1243 οὐρανόν
1461 1170 1564 1221 ἆνω
1613 1171 1742 1222 εἶναι
1785 1170 1834 1238 (ό

224 1267 330 1335 γὰρ
363 1266 515 1322 τόπος
563 1261 722 1313 αὑτοῦ
767 1263 894 1332 πρὸς
927 1261 974 1312 ἓν
1009 1263 1066 1331 γέ
1103 1279 1152 1311 τι
1198 1263 1504 1330 τεταγμένος
1549 1258 1660 1331 (26)
1699 1260 1837 1310 κάτω

225 1353 433 1423 λέγεται
463 1355 636 1423 μόνον,
690 1351 822 1421 λέγω
867 1346 934 1406 δὴ
972 1351 1112 1420 ’πρὸς
1162 1351 1248 1400 τόν
1298 1357 1391 1410 τῆς
1434 1356 1535 1419 γῆς
1575 1352 1727 1419 μόνον
1758 1351 1840 1399 τό-

227 1443 370 1512 πον)’
406 1442 435 1500 ᾗ
474 1441 532 1492 06
569 1442 738 1511 φύσει,
773 1437 901 1490 ἀλλὰ
928 1440 1062 1489 κατά
1111 1436 1458 1509 συμϐεϐηκός,
1510 1440 1578 1498 ως
1620 1442 1676 1488 τό
1712 1441 1840 1499 ζῶον

229 1534 339 1584 ἄνω
358 1530 603 1601 λέγεσθαι
633 1531 768 1580 κατά
797 1533 889 1585 τὴν
921 1535 1010 1580 1'06
1060 1530 1205 1579 οἴκου
1235 1527 1440 1600 ὀροφήν·
1491 1523 1712 1578 δύναται
1741 1529 1838 1601 γὰρ

230 1629 403 1674 ταῦτα
451 1620 561 1689 (27)
617 1624 706 1670 καὶ
762 1619 866 1670 οἶνω
908 1617 1151 1687 λέγεσθαι
1195 1621 1283 1668 καὶ
1331 1619 1494 1680 κάτω,
1542 1621 1673 1690 πρὸς
1721 1615 1841 1667 ἄλλο

232 1715 412 1783 μέντοι
440 1713 530 1760 καὶ
562 1707 683 1760 ἄλλο
713 1705 1093 1779 λαμϐανόμενα.

1927 460 2005 516 ad
2020 460 2326 517 dexteram
2343 465 2397 516 et
2409 460 2485 515 ad
2496 459 2733 526 lmvam,
2758 465 2895 515 ante
2912 463 2966 515 et
2983 465 3140 516 retro
3169 461 3324 532 (ante
3359 461 3585 534 aliquid

1929 555 1985 605 et
2009 566 2045 605 a
2074 556 2239 620 tergo
2271 549 2551 620 alicujus)
2611 566 2626 615 ;
2684 550 3161 622 unumquodque
3201 565 3339 607 vero
3377 567 3588 608 eorum

1932 645 2030 694 aut
2058 638 2265 710 procul
2297 639 2572 710 (eminus)
2602 645 2702 695 aut
2733 654 2915 710 prope
2941 639 3264 711 (cominus)
3298 645 3403 695 est.
3439 641 3587 696 Prae-

1932 731 2094 783 terea
2121 733 2213 783 est
2233 727 2328 782 vel
2353 728 2415 782 in
2443 728 2636 799 primo
2670 727 2757 782 vel
2790 729 2852 783 in
2883 729 3150 784 secundo
3179 748 3190 792 ;
3227 728 3362 783 dico
3389 733 3592 783 autem

1935 816 1997 871 in
2029 817 2220 888 primo
2281 833 2413 873 esse
2465 832 2703 890 corpus,
2752 819 2998 890 quando
3047 819 3106 875 in
3150 818 3283 875 loco
3333 823 3421 874 est
3479 817 3595 889 ipsi

1935 905 2166 976 aequali,
2194 921 2303 961 nec
2328 906 2390 962 in
2418 907 2633 978 majori
2675 912 2730 964 et
2755 908 3032 980 ampliori
3089 912 3434 964 contentum
3488 927 3504 977 ;
3536 907 3598 963 in

1939 996 2199 1051 secundo
2221 1011 2376 1061 vero,
2403 996 2644 1069 quando
2662 997 2722 1052 in
2754 997 3052 1070 ampliori,
3076 998 3406 1054 secundum
3432 997 3594 1070 quod

1941 1083 2219 1149 dicimus,
2244 1084 2499 1157 exempli
2521 1085 2730 1155 gratia,
2753 1087 3056 1144 Socratem
3073 1086 3332 1144 indomo
3354 1103 3482 1143 esse
3510 1085 3599 1143 vel

1941 1172 2001 1228 in
2069 1172 2236 1228 urbe.
2295 1173 2503 1230 Adhuc
2547 1175 2647 1230 ubi
2697 1177 2933 1247 proprie
2966 1181 3022 1232 et
3079 1176 3327 1232 seorsim
3384 1192 3489 1248 per
3541 1191 3602 1232 se

1944 1267 2229 1332 sumptum
2243 1261 2330 1318 vel
2345 1264 2662 1319 secundum
2675 1270 2933 1321 naturam
2951 1265 3184 1330 dicitur,
3199 1266 3356 1338 quod
3382 1265 3596 1321 eodem

1946 1365 2184 1423 semper
2213 1353 2398 1409 modo
2427 1353 2790 1423 intelligitur,
2842 1354 2999 1410 velut
3037 1353 3087 1410 si
3145 1354 3329 1424 dicas,
3385 1357 3604 1411 coelum

1947 1455 2076 1496 esse
2098 1457 2282 1513 supra
2311 1457 2325 1507 ;
2357 1441 2525 1498 locus
2556 1442 2716 1498 enim
2747 1443 2875 1514 ejus
2902 1443 2980 1499 ad
3005 1459 3192 1499 unum
3223 1443 3469 1517 quidem
3501 1443 3610 1498 ali-

1948 1529 2097 1600 quid
2122 1530 2430 1587 ordinatus
2457 1530 2609 1587 infra
2637 1531 2923 1588 duntaxat
2961 1532 3176 1588 dicitur
3241 1548 3370 1588 esse
3401 1549 3414 1598 ;
3476 1531 3614 1588 dico

1951 1622 2151 1674 autem
2178 1619 2257 1675 ad
2280 1623 2444 1676 terrae
2477 1619 2663 1676 solum
2696 1619 2900 1676 locum
2932 1637 2944 1685 ;
3001 1621 3093 1676 vel
3127 1636 3248 1677 non
3281 1621 3613 1677 secundum

1879 1704 1920 1758 Β
1951 1711 2246 1776 naturam,
2270 1725 2477 1765 verum
2495 1709 2831 1765 secundum
2851 1709 3128 1766 accidens
3167 1727 3180 1775 ;
3210 1726 3265 1765 v.
3299 1727 3355 1782 g.
3388 1709 3614 1766 animal

234 1814 426 1871 supra
465 1813 596 1852 esse
613 1796 828 1851 dicitur
867 1795 1012 1868 quia
1045 1801 1135 1850 est
1164 1795 1228 1850 in
1250 1798 1402 1850 tecto
1428 1794 1672 1850 domus.
1713 1794 1976 1852 Passunt
2006 1796 2166 1853 enim
2192 1798 2322 1854 haec
2347 1803 2404 1855 et
2433 1815 2609 1871 supra
2640 1804 2696 1856 et
2723 1799 2876 1856 infra
2901 1815 3035 1855 esse
3062 1799 3199 1867 dici,
3235 1800 3312 1856 ad
3342 1799 3504 1857 aliud
3531 1804 3618 1855 ta-

237 1903 385 1944 men
417 1891 472 1942 et
515 1885 678 1941 aliud
713 1887 981 1955 sumpta.

316 1975 391 2050 β’.
449 1974 602 2028 Ἐστι
643 1970 702 2026 δὲ
751 1971 871 2026 ἴδια
920 1980 1012 2025 τοῦ
1066 1979 1166 2024 1106
1220 1975 1307 2024 τόν
1357 1971 1575 2046 ἀριθμόν
1619 1975 1758 2047 τρία·
1802 1975 1849 2023 ἔν

237 2070 334 2141 μὲν
381 2069 439 2118 τὸ
484 2067 896 2138 προσσημαίνειν
940 2062 1055 2134 (28)
1103 2067 1278 2114 τόπον·
1325 2065 1383 2114 τό
1431 2065 1529 2136 γὰρ
1575 2063 1679 2112 ἄνω
1725 2058 1852 2113 εἶναι

239 2155 358 2208 ἔστι
417 2158 506 2226 μὲν
563 2157 753 2228 κυρίως
798 2160 889 2204 τοῦ
949 2151 1060 2223 (29)
1121 2159 1219 2203 ποῦ
1269 2147 1415 2220 εἶναι,
1469 2155 1854 2223 προσσημαὶνει

240 2242 306 2298 δὲ
348 2248 504 2296 τόπον
554 2245 690 2306 τινὰ,
734 2241 864 2313 λέγω
902 2237 968 2299 δὴ
1022 2243 1107 2292 τόν
1147 2241 1251 2291 οἰνω
1301 2244 1475 2291 τόπονο
1509 2244 1663 2292 παντὶ
1694 2235 1753 2291 δὲ
1781 2245 1853 2308 τῷ

240 2330 376 2387 εῖδει
405 2333 638 2406 ὑπάρχει
691 2338 843 2383 τοῦτο
896 2329 955 2381 τό
1007 2326 1161 2382 ῖδιον·
1199 2325 1437 2403 δεύτερον
1486 2325 1545 2380 δὲ
1588 2330 1643 2380 τὸ
1694 2346 1854 2401 προσ-

240 2427 520 2495 σημαίνειν
569 2424 760 2492 σχέσιν
805 2423 1044 2476 τοπικήν·
1095 2415 1249 2476 διττὴ
1310 2414 1370 2470 δὲ
1418 2420 1447 2476 ἡ
1494 2422 1682 2475 τοπικὴ
1727 2420 1854 2488 σχέ-

246 2532 360 2573 σις·
397 2514 427 2570 ἦ
477 2529 530 2562 τε
561 2512 663 2583 ’γὰρ
708 2508 1000 2581 ἐμπεριοχὴ
1043 2507 1153 2578 (30)
1204 2514 1294 2558 1'06
1348 2512 1607 2577 σώματος,
1643 2504 1756 2557 καθ’
1795 2508 1856 2564 ἦν

244 2601 661 2676 ἓμπεριέχεσθαι
707 2598 932 2670 λέγεται,
978 2601 1169 2667 σχέσις
1201 2598 1261 2648 οἷν
1294 2599 1369 2654 εἵη
1420 2600 1632 2661 τοπικὴ,
1685 2599 1775 2646 καὶ
1822 2595 1852 2650 ἡ

245 2694 482 2766 περιοχὴ
534 2696 625 2740 τοῦ
669 2693 852 2752 τόπου,
911 2687 1028 2737 καθ’
1093 2689 1154 2744 ἣν
1208 2689 1468 2759 περιέχειν
1532 2684 1735 2755 λέγεται
1800 2685 1857 2734 τό

254 2789 436 2853 σῶμα,
474 2780 683 2851 ὁμοίως
736 2773 921 2837 διττῆς
970 2772 1077 2839 οὖν,
1130 2777 1198 2834 ὡς
1237 2777 1457 2846 εῖρηται,
1504 2782 1598 2833 τῆς
1640 2779 1860 2832 τοπικῆς

251 2869 649 2943 λαμϐανομένης
723 2870 958 2936 σχέσεως
1015 2863 1281 2936 ἀμφότερα
1336 2867 1424 2934 μὲν
1473 2869 1638 2913 ταῦτα
1694 2879 1860 2933 προσ-

260 2964 611 3032 σημαίνονται
664 2957 763 3008 ὑπό
818 2964 914 3016 τῆς
957 2952 1097 3026 [τοῦ]
1151 2960 1251 3004 που
1290 2955 1631 3025 κατηγορίαςί
1675 2949 1862 3022 μᾶλλον

259 3047 325 3103 δὲ
380 3053 474 3107 τὴν
558 3045 879 3119 ἐμπεριοχὴν
956 3047 1367 3116 προσσημαίνειν
1449 3044 1606 3092 ἔοικεν
1684 3043 1713 3097 ἤ
1773 3043 1864 3096 τὴν

257 3142 541 3212 περιοχὴν·
595 3140 814 3208 πρώτως
863 3135 964 3204 γὰρ
1019 3136 1112 3189 τὴν
1161 3130 1482 3203 ἐμπεριοχὴν
1534 3131 1869 3203 προσσημαί-

2029 1980 2082 2030 2.
2115 1977 2304 2033 Habet
2359 1981 2555 2034 autem
2586 1977 2689 2034 ubi
2741 1977 3130 2050 proprietates
3169 1994 3423 2035 numero
3480 1982 3615 2034 tres.

1961 2066 2225 2130 Quarum
2251 2067 2444 2137 prima
2473 2073 2576 2131 est,
2610 2067 2775 2139 quod
2804 2066 3005 2122 locum
3036 2066 3449 2138 adsigniﬁcat;
3485 2082 3619 2123 nam

1961 2170 2145 2225 supra
2166 2171 2294 2211 esse
2307 2154 2546 2228 proprie
2572 2161 2660 2210 est
2680 2155 2898 2211 alicubi
2925 2171 3078 2220 esse,
3105 2156 3184 2212 ad
3214 2155 3322 2212 Ubi
3353 2161 3616 2228 spectat;

1962 2239 2338 2310 adsigniﬁcat
2363 2256 2572 2296 verum
2599 2241 2797 2297 locum
2838 2241 3181 2312 quemdam,
3225 2241 3495 2297 videlicet
3543 2241 3624 2297 lo-

1962 2343 2101 2383 cum
2133 2343 2482 2400 supernum.
2515 2329 2684 2385 Omni
2708 2344 2850 2386 vero
2881 2330 3005 2401 ejus
3057 2329 3274 2403 speciei
3317 2329 3442 2384 haec
3485 2345 3628 2401 pro-

1963 2417 2184 2490 prietas
2213 2419 2510 2474 convenit.
2538 2417 2732 2476 Altera
2788 2419 3121 2491 proprietas
3154 2423 3264 2486 est,
3292 2418 3459 2492 quod
3485 2433 3621 2475 con-

1963 2507 2260 2578 signiﬁcat
2299 2506 2709 2564 habitudinem
2757 2507 3033 2564 localcm.
3093 2507 3318 2580 Duplex
3355 2523 3498 2564 vero
3539 2512 3628 2564 est

1963 2595 2256 2650 habitudo
2286 2595 2491 2652 localis
2551 2612 2738 2662 ;nam
2787 2601 2843 2653 et
2887 2597 3178 2654 exstensio
3228 2597 3489 2669 corporis
3535 2613 3622 2651 se-

1965 2683 2232 2740 cundum
2274 2701 2460 2758 quam
2491 2701 2708 2758 corpus
2738 2686 3021 2743 contineri
3049 2691 3104 2742 et
3147 2687 3377 2742 includi
3406 2703 3439 2742 a
3495 2686 3626 2743 loco

1966 2774 2198 2840 dicitur,
2255 2774 2542 2831 habitudo
2586 2775 2789 2832 localis
2837 2775 3028 2841 fuerit,
3089 2781 3144 2832 et
3195 2776 3466 2832 similiter
3508 2776 3625 2831 loci

1969 2862 2230 2918 ambitus
2258 2864 2591 2919 secundum
2621 2880 2804 2936 quem
2829 2865 3045 2920 dicitur
3070 2879 3281 2935 corpus
3309 2864 3630 2920 continere.

1972 2953 2120 3007 Cum
2171 2951 2366 3021 igitur,
2430 2958 2492 3007 ut
2540 2953 2758 3008 dictum
2815 2958 2925 3017 est,
2981 2952 3286 3024 dupliciter
3333 2951 3630 3008 habitudo

1971 3040 2177 3098 localis
2203 3046 2490 3108 sumatur,
2526 3047 2843 3113 utrumque
2868 3042 2982 3098 hoc
3009 3058 3115 3114 per
3145 3041 3508 3114 categoriam
3539 3048 3632 3094 τοῦ

1976 3130 2072 3186 ubi
2106 3131 2476 3201 signiﬁcatur
2501 3149 2516 3200 ;
2549 3131 2741 3200 magis
2763 3148 2899 3187 vero
2923 3132 3261 3202 signiﬁcare
3286 3131 3517 3188 videtur
3543 3147 3638 3188 ex-

258 3244 359 3280 νει·
426 3229 846 3297 συσσημαίνεται
900 3218 958 3274 δὲ
1010 3223 1173 3293 ταύτῃ
1242 3224 1332 3271 καὶ
1380 3222 1410 3276 ἠ
1473 3223 1722 3293 περιοχή·
1782 3221 1871 3268 καὶ

1980 3220 2307 3276 tensionem
2341 3225 2680 3276 contentam
2709 3236 2882 3291 quam
2900 3220 3194 3277 ambitum
3212 3220 3634 3276 continentem.

260 3324 422 3369 τοῦτο
455 3311 512 3367 δε
537 3317 594 3366 τὸ
640 3309 776 3364 ἴδιον
821 3315 976 3363 παντὶ
1003 3309 1235 3381 ὑπάρχει
1275 3316 1346 3378 τῷ
1389 3315 1489 3359 που
1521 3312 1609 3360 καὶ
1653 3303 1875 3378 οὐδεμιᾷ

263 3405 396 3478 ἄλλῃ
466 3412 564 3456 τῶν
620 3402 810 3453 λοιπῶν
893 3399 1030 3451 ἐννέα
1081 3406 1406 3469 κατηγοριῶν
1459 3399 1603 3470 παρὰ
1657 3399 1874 3454 ταύτην.

262 3500 456 3568 Τρίτον
484 3489 620 3545 ἴδιον
654 3495 712 3543 τό
758 3492 898 3542 θέσιν
943 3492 1058 3541 τινὰ
1110 3487 1430 3560 ἀχωρίστως
1473 3485 1878 3560 παρακολουθεῖν

268 3585 437 3654 αὐτῷ·
499 3591 568 3653 τῷ
618 3584 718 3653 γὰρ
764 3584 871 3631 ὄντι
918 3586 1018 3630 που
1069 3581 1278 3638 πάντως
1329 3578 1505 3630 ἕπεται
1556 3579 1697 3638 θέσις
1748 3593 1878 3643 τις;

272 3677 385 3728 οἷον
417 3682 486 3744 τῷ
518 3677 625 3724 ὄντι
657 3673 760 3722 ἄνω
803 3672 833 3728 ἧ
887 3669 998 3740 (31)
1031 3665 1133 3720 ὡδὶ
1165 3670 1306 3740 ἔχειν
1348 3673 1441 3725 τὴν
1476 3669 1616 3718 θέσιν
1659 3673 1759 3717 τῶν
1792 3685 1882 3736 μο-

274 3769 405 3841 ρίων
463 3762 494 3820 ἢ
553 3760 642 3812 καὶ
689 3768 780 3811 1'06
839 3758 956 3810 ὅλου
1017 3762 1046 3815 ἤ
1109 3753 1230 3808 ὡδί*
1290 3761 1380 3807 καὶ
1445 3764 1518 3826 τῷ
1568 3759 1672 3807 ὄντι
1745 3757 1886 3806 κάτω

275 3857 495 3926 ὁμοίως
555 3849 931 3924 παραπλησίως
989 3844 1048 3899 δὲ
1091 3851 1181 3897 καὶ
1231 3844 1314 3897 ἐπὶ
1366 3853 1464 3896 τῶν
1508 3844 1692 3895 ἄλλωγ
1755 3846 1888 3896 ὥστε

286 3947 366 4001 εἴη
413 3943 474 3994 οἷν
513 3937 936 4013 παρακολουθοῦν
979 3938 1134 3988 παντὶ
1169 3943 1242 4006 τῷ
1281 3942 1379 3987 ποῦ
1423 3941 1576 3985 τοῦτο
1619 3937 1676 3985 1'6
1727 3930 1887 3986 ἴδιον.

284 4037 543 4105 Τέταρτον
601 4025 739 4082 ἴδιον
797 4029 854 4078 τό
909 4024 1034 4078 εἶναι
1090 4025 1214 4076 αὐτὸ
1277 4023 1603 4095 ἀποτέλεσμα
1656 4027 1893 4094 σώματος

285 4127 381 4174 καὶ
420 4124 572 4173 τόπου
619 4125 709 4170 τοῦ
756 4119 1090 4191 περιέχοντος
1147 4113 1291 4165 0161'6'
1338 4117 1452 4164 τότε
1501 4114 1600 4186 γὰρ
1632 4110 1736 4162 ἀνω
1767 4107 1894 4163 εἶναι

291 4209 603 4265 ἀπετελέσθη
655 4205 756 4258 ἀπό
809 4224 862 4257 τε
909 4212 999 4257 106
1048 4203 1152 4255 ἂνω
1191 4207 1353 4254 τόπου
1398 4205 1486 4252 καὶ
1532 4209 1624 4252 τοῦ
1677 4199 1723 4251 ἐν
1759 4201 1896 4271 αὐτῷ

295 4307 553 4372 σώματος’
613 4299 704 4347 καὶ
754 4298 812 4346 τό
863 4295 1005 4346 κάτω
1066 4293 1330 4352 ὡσαύτως
1385 4290 1765 4364 παραπλησίως
1840 4285 1899 4341 δὲ

293 4393 386 4441 καὶ
417 4386 500 4439 ἐπὶ
535 4392 636 4436 τῶν
687 4383 870 4437 ἄλλων.
908 4384 988 4440 Μὴ
1030 4381 1317 4433 λανθανέτω
1365 4376 1424 4432 δε
1477 4382 1610 4452 ἡμᾶς
1658 4383 1788 4449 (32),
1822 4380 1901 4430 ὃτι

293 4484 388 4531 τοῦ
419 4475 522 4527 ἂνω
556 4477 613 4526 τὸ
661 4476 750 4545 μὲν
800 4470 881 4523 ἐπὶ
929 4478 1021 4522 τοῦ
1073 4473 1231 4522 τόπου
1277 4473 1433 4542 μόνου
1464 4467 1780 4541 λαμϐάνεται
1814 4472 1903 4519 καὶ

1981 3308 2264 3365 Primario
2293 3307 2453 3364 enim
2481 3309 2888 3365 extensionem
2915 3313 3260 3366 contentam
3291 3309 3586 3381 significat
3619 3325 3633 3374 ;

1984 3397 2472 3467 consigniﬁcatur
2492 3404 2693 3454 autem
2723 3414 2846 3454 una
2884 3415 3022 3454 cum
3043 3398 3141 3455 illa
3169 3399 3350 3455 etiam
3379 3397 3642 3453 ambitus

1987 3487 2318 3544 continens.
2353 3489 2482 3542 Haec
2503 3503 2643 3543 vero
2696 3488 3028 3560 proprietas
3057 3487 3222 3544 omni
3271 3486 3547 3543 convenit
3571 3494 3643 3556 τῷ

1990 3577 2092 3632 ubi
2113 3582 2168 3631 et
2190 3580 2398 3647 praeter
2454 3575 2612 3631 hanc
2643 3575 2784 3632 nulli
2841 3577 3007 3633 alteri
3036 3593 3108 3632 ex
3153 3576 3394 3649 reliquis
3424 3590 3644 3631 novem

1990 3664 2318 3735 categoriis.
2354 3663 2548 3720 Tertia
2565 3665 2896 3737 proprietas
2921 3671 3028 3731 est,
3062 3665 3230 3738 quod
3277 3667 3481 3737 ipsum
3532 3680 3638 3737 po-

1991 3756 2123 3810 sitio
2162 3753 2444 3826 quaedam
2485 3769 2589 3808 seu
2645 3753 2793 3809 situs
2830 3754 3302 3826 inseparabiliter
3337 3754 3642 3826 sequitur;

1995 3843 2234 3900 omnino
2273 3844 2433 3899 enim
2464 3843 2523 3898 id
2563 3844 2724 3916 quod
2753 3860 2887 3899 vere
2935 3849 3021 3899 est
3058 3843 3278 3900 alicubi
3304 3845 3426 3912 ubi,
3458 3843 3652 3914 sequi-

1997 3939 2091 3989 tur
2111 3933 2394 4005 quasdam
2435 3933 2651 4004 positio
2685 3951 2698 4001 ;
2751 3932 2932 3988 veluti
2959 3932 3019 3988 id
3049 3932 3209 4005 quod
3264 3933 3536 4004 superius
3567 3935 3655 3985 est

2000 4023 2091 4079 vel
2111 4023 2226 4078 hoc
2273 4022 2368 4076 vel
2392 4021 2507 4078 alio
2536 4021 2718 4077 modo
2751 4021 2973 4077 habere
3005 4021 3365 4093 positionem
3395 4021 3653 4091 partium

2001 4113 2094 4168 vel
2122 4113 2302 4167 etiam
2334 4112 2515 4166 totius
2579 4111 2820 4182 ;sicque
2860 4111 3080 4182 pariter
3141 4117 3197 4166 et
3233 4109 3289 4165 id
3342 4109 3509 4181 quod
3569 4112 3660 4163 est

2004 4199 2579 4269 inferius;similiter
2609 4207 2806 4255 autem
2854 4201 2916 4255 in
2968 4200 3216 4255 caeteris.
3271 4198 3435 4254 Unde
3484 4213 3659 4253 omne

2007 4291 2110 4346 ubi
2141 4289 2440 4360 ejusmodi
2470 4288 2806 4361 proprietas
2847 4288 3252 4360 consequitur.
3284 4289 3506 4352 Quarta
3527 4300 3662 4357 pro-

2007 4379 2226 4452 prietas
2269 4383 2380 4442 est,
2413 4378 2577 4450 quod
2607 4382 2696 4433 est
2752 4378 2952 4448 ipsum
2999 4377 3243 4432 effectus
3299 4374 3562 4447 corporis
3609 4379 3666 4429 et

2007 4469 2121 4525 loci
2143 4483 2362 4539 corpus
2383 4466 2773 4533 continentis;
2798 4482 2942 4522 nam
2969 4466 3243 4538 superius
3270 4481 3398 4520 esse
3419 4464 3667 4520 efﬁcitur
3717 4487 3720 4490 η

299 4569 413 4619 ἔστι
456 4571 556 4616 τῶν
602 4567 733 4636 πρὸς
779 4577 847 4612 τι·
889 4563 945 4612 τό
996 4554 1056 4611 δε
1095 4563 1151 4610 τό
1192 4558 1240 4610 ἐν
1271 4563 1432 4629 τόπῳ,
1477 4563 1566 4610 καὶ
1613 4560 1755 4609 ἔστιν
1805 4557 1882 4609 6m

1974 4573 2083 4629 ,ac
2121 4557 2367 4613 resultat
2391 4573 2458 4612 ex
2479 4557 2610 4612 loco
2641 4555 2932 4627 superiori
2981 4560 3038 4611 et
3089 4571 3161 4610 ex
3209 4569 3455 4626 corpore
3497 4550 3665 4624 quod

302 4659 399 4713 τήν
429 4649 572 4725 [τοῦ]
613 4657 713 4703 ποῦ
765 4652 1112 4724 κατηγορίαν·
1173 4656 1325 4700 τοῦτο
1367 4644 1425 4699 δὲ
1459 4651 1548 4698 καὶ
1592 4646 1905 4712 πλατύτερον

307 4741 654 4802 διηκούσατε”
693 4744 784 4790 καὶ
822 4742 880 4791 τό
911 4745 998 4789 νῦν
1054 4735 1112 4789 δε
1159 4734 1297 4789 ἴδιον
1339 4741 1494 4788 παντὶ
1524 4744 1595 4805 τῷ
1636 4731 1762 4788 εἴδει
1799 4736 1906 4787 υπ-

308 4835 470 4908 οίρχει
509 4833 599 4880 καὶ
651 4831 788 4900 μόνῳ
831 4832 922 4880 καὶ
971 4825 1070 4895 ἀεὶ,
1113 4823 1198 4879 διό
1233 4831 1322 4878 καὶ
1353 4825 1697 4899 ἀντιστρέφειο
1740 4824 1911 4877 πλειό-

306 4942 406 4975 νων
439 4916 681 4974 δεόντων
723 4926 822 4970 τῶν
853 4919 989 4969 κατὰ
1036 4915 1296 4988 ἀπόφασιν
1337 4912 1506 4980 ἰδίων,
1552 4915 1683 4985 λέγω
1726 4911 1791 4972 δὴ
1822 4921 1913 4966 1'06

311 5013 384 5084 μὴ
442 5004 788 5080 ἐπιδέχεσθαι
825 5005 1158 5064 ἐναντιότητα
1205 5010 1294 5057 καὶ
1339 5013 1432 5056 τοῦ
1475 5008 1545 5077 μὴ
1590 5006 1730 5076 ἔχειν
1779 5001 1915 5055 ἐναν-

311 5104 441 5164 τίον,
492 5102 581 5150 καὶ
631 5104 724 5150 τοῦ
766 5101 838 5171 μὴ
891 5093 1238 5169 ἐπιδέχεσθαι
1289 5097 1342 5148 τὸ
1393 5093 1580 5167 μᾶλλον
1618 5097 1794 5145 καὶτὸ
1827 5090 1914 5152 ἧτ-

2014 4649 2076 4704 in
2106 4663 2177 4704 eo
2205 4651 2328 4713 est;
2365 4646 2630 4702 similiter
2685 4661 2928 4718 quoque
2985 4661 3114 4700 esse
3152 4644 3398 4699 inferius
3449 4660 3462 4708 ;
3511 4643 3672 4698 idem

2017 4738 2248 4794 dicatur
2277 4736 2350 4792 de
2374 4735 2635 4808 reliquis.
2664 4739 2741 4792 Ne
2771 4751 2910 4790 vero
2962 4750 3072 4790 nos
3129 4734 3332 4799 lateat,
3364 4748 3549 4801 supra
3579 4747 3673 4785 su-

2019 4827 2218 4899 perius
2243 4825 2478 4898 quidem
2519 4825 2680 4882 aliud
2733 4824 2889 4880 sumi
2920 4825 2995 4880 de
3048 4824 3178 4879 loco
3212 4821 3337 4878 solo
3391 4827 3447 4877 et
3485 4837 3555 4876 ex
3586 4836 3674 4875 re-

2022 4915 2154 4971 latis
2185 4914 2264 4971 ad
2289 4913 2514 4986 aliquid
2545 4929 2692 4977 esse,
2717 4912 2882 4968 aliud
2905 4917 3105 4968 autem
3136 4914 3197 4966 in
3227 4909 3358 4967 loco
3387 4914 3444 4966 et
3467 4909 3679 4965 cadere

2024 5003 2136 5059 sub
2162 5004 2524 5072 categoriam
2547 5010 2638 5054 τοῦ
2670 5002 2789 5057 ubi.
2826 5001 2946 5058 Hoc
2978 5017 3116 5058 vero
3143 5000 3259 5072 jam
3293 4999 3482 5056 fusius
3513 4998 3684 5055 audi-

2023 5092 2209 5150 vistis.
2244 5095 2376 5148 Haec
2414 5107 2572 5156 vero,
2600 5090 2675 5147 de
2705 5107 2829 5164 qua
2860 5107 3022 5147 nunc
3053 5091 3310 5160 agimus,
3346 5087 3679 5162 proprietas

1883 5209 2112 5268 ΝΟΤᾹΞ.

393 5332 502 5399 (26)
533 5330 670 5388 Cod.
711 5332 1042 5402 τεταγμένον.

393 5405 505 5476 (27)
548 5405 699 5460 Fort.
740 5404 806 5455 τὰ
836 5399 968 5454 αὖτὰ
1000 5419 1050 5458 s.
1077 5399 1266 5459 ταύτά.

396 5469 513 5549 (28)
541 5477 697 5532 Fort.
724 5479 1121 5555 προσημαίνειν,
1142 5470 1618 5545 consigniﬁcare,
1653 5469 1919 5542 adsigni-

324 5545 524 5615 ﬁcare,
562 5562 685 5606 non
721 5545 1208 5623 pressigniﬂcare.

2106 5326 2217 5398 (29)
2247 5327 2470 5398 Υᾶῑεῃτόμ.

2103 5394 2218 5467 (30)
2243 5394 2407 5470 Catii.
2442 5394 2490 5447 ἐν
2521 5401 2772 5470 περιοχῇ.

2122 5469 2210 5539 31)
2245 5467 2409 5524 Catif.
2441 5470 2551 5539 Ap.
2584 5467 2646 5526 ἢ.

2121 5536 2209 5614 32)
2237 5541 2390 5598 Fort.
2418 5536 2574 5616 ὑμᾶς,
2607 5543 2674 5596 ut
2702 5537 2842 5596 alibi
2858 5540 2913 5596 et
2938 5537 3002 5596 in
3031 5536 3437 5613 sequentibus.
