4116 6194
516 264 622 323 807
1743 260 1984 319 PHOTII
2026 264 2140 319 PA']

2251 262 2516 321 ARCHAS
2556 262 2668 321 ΟΡ.
3792 270 3909 326 808

513 389 681 446 omni
714 387 930 460 speciei
959 387 1237 444 convenit
1263 390 1321 445 et
1350 388 1459 444 soli
1497 393 1554 444 et
1593 403 1823 459 semper
1879 407 1891 455 ;
1926 389 2085 444 unde
2116 406 2140 443 e

2282 412 2385 457 τον,
2427 396 2515 442 καὶ
2560 399 2650 442 τοῦ
2699 394 2769 463 μὴ
2826 391 3001 462 ὅμοιον
3058 396 3149 444 καὶ
3198 397 3439 466 ανόμοιον
3486 393 3757 464 λέγεσθαι,
3806 401 3905 447 καὶ

513 478 900 535 convertitur.
942 478 1088 532 Cum
1118 493 1255 533 vero
1288 477 1486 549 plures
1526 478 1643 533 sint
1672 478 1945 548 ejusdem
1994 493 2140 547 nega

2278 479 2439 531 ἄλλων
2495 478 2735 553 ἀπείρων·
2822 487 2929 541 τοῖς
2983 500 3349 551 καταφατικως
3419 483 3631 555 ῥηθεῖσί
3692 502 3749 534 τε
3804 489 3902 534 καὶ

510 568 641 623 tivaa
672 570 1086 639 proprietates,
1129 567 1399 623 videlicet
1428 568 1592 638 quod
1626 584 1745 623 non
1785 568 1991 640 recipit
2029 583 2140 623 con

2276 568 2611 642 ἐξευρεθεῐσιν
2665 567 2939 642 ἀρκεῖσθαι
2974 565 3155 627 δεήσει
3205 574 3262 622 τὸ
3332 570 3645 643 ἀφιλόσοφόν
3692 591 3749 623 τε
3804 579 3903 623 καὶ

512 657 871 713 trarietatem
903 661 1108 712 etnon
1161 656 1343 713 habet
1389 658 1773 722 contrarium,
1828 657 1992 730 quod
2044 673 2165 712 non

508 746 762 801 admittit
786 744 980 817 magis
1005 749 1059 800 et
1089 745 1313 814 minus,
1355 746 1519 817 quod
1551 762 1671 802 non
1704 746 1918 802 dicitur
1957 746 2149 802 simile
2176 750 2229 801 et
2280 746 2586 811 dissimile,
2645 745 2888 818 aliasque
2944 746 3215 814 inﬁnitas,
3269 749 3430 804 hisce
3481 749 3893 815 afﬁrmativis,

505 849 641 906 qum
671 834 846 890 dictae
877 838 934 889 et
972 840 1218 907 repertae
1255 839 1414 899 sunt,
1458 835 1836 906 acquiescere
1859 834 2157 906 oportebit
2188 850 2290 890 eos
2324 834 2427 906 qui
2487 834 2686 889 minus
2737 834 3153 907 phi1030phica
3174 852 3244 891 ac
3294 838 3595 909 superﬂua
3658 839 3895 895 evitare

2276 661 2512 731 περιττὸν
2546 656 2958 711 ύπεκκλίνουσιν.

506 921 768 979 student.

791 1018 1116 1087 QUESTIO
1141 1020 1341 1077 CXLVI
1364 1020 1565 1093 [CoisL
1582 1021 1872 1091 CLXXXI].

930 1130 1014 1185 De
1041 1143 1103 1185 eo
1129 1129 1285 1200 quod
1311 1135 1394 1184 est
1414 1128 1587 1184 situm
1606 1144 1745 1185 esse.

2810 1027 3081 1076 ΕΡΩΤΗΣΙ
3088 1030 3119 1074 Σ
3151 1024 3342 1106 ΡΜς.

2808 1134 2932 1201 Περὶ
2980 1137 3071 1181 τοῦ
3111 1133 3338 1185 κεῖσθαι.

1587 1253 1740 1302 Nunc
1771 1254 2004 1316 primum
2031 1254 2175 1303 edita
2208 1266 2240 1303 ιι
2272 1254 2332 1303 D.
2365 1252 2811 1315 Hergenroether.

573 1367 621 1417 1.
657 1363 845 1419 Situm
866 1376 997 1417 esse
1026 1365 1114 1416 est
1142 1360 1202 1417 in
1225 1376 1315 1425 eo,
1350 1360 1514 1433 quod
1544 1366 1741 1432 partes
1790 1360 1867 1416 ad
1900 1359 2155 1415 invicem

2342 1359 2409 1415 α’,
2446 1362 2667 1412 Κεῖσθαι
2700 1358 2759 1412 δέ
2800 1359 2911 1413 ἐστι
2936 1366 2990 1413 τό
3024 1364 3163 1414 θέσιν
3190 1366 3305 1415 τινα
3330 1365 3461 1436 πρὸς
3499 1363 3699 1421 ἄλληλα
3728 1366 3877 1434 ἔχειν

497 1452 677 1507 situm
740 1451 1002 1523 aliquem
1055 1449 1434 1522 (positionem
1486 1450 1839 1521 quamdam)
1908 1450 2140 1505 habent

2264 1450 2328 1499 τὰ
2364 1452 2546 1521 μόρια·
2584 1457 2677 1509 τῆς
2712 1446 2769 1501 δὲ
2809 1452 2991 1510 θέσεως
3032 1453 3060 1506 ἡ
3103 1456 3192 1522 μέν
3230 1453 3368 1503 ἐστιν
3417 1451 3718 1519 ἀσύνθετος,
3772 1456 3889 1512 ἣτις

498 1542 654 1598 Situs
686 1557 821 1597 vero
872 1540 1020 1595 alius
1061 1555 1183 1594 non
1223 1544 1310 1593 est
1357 1538 1749 1609 compositus,
1782 1538 1884 1609 qui
1916 1537 2152 1609 proprie

492 1630 671 1686 etiam
697 1635 886 1685 status
912 1627 1128 1698 (statio)
1170 1626 1521 1699 appellatur,
1570 1626 1721 1681 alius
1776 1642 1913 1681 vero
1944 1643 2013 1681 ex
2069 1625 2151 1680 di-

490 1720 680 1774 versis
712 1722 821 1784 est,
854 1717 1034 1772 veluti
1067 1716 1373 1771 reclinatio
1406 1720 1461 1771 et
1483 1715 1675 1771 sessio
1705 1731 1717 1781 ;
1761 1716 1809 1769 si
1838 1730 1975 1770 vero
2014 1716 2148 1780 hoc,

492 1808 673 1863 etiam
693 1808 873 1863 situm
909 1821 1027 1862 esse
1050 1805 1141 1860 vel
1161 1821 1229 1859 ex
1261 1805 1372 1859 situ
1399 1804 1563 1859 haud
1604 1804 1939 1876 composito
1968 1804 2057 1858 vel
2080 1819 2151 1858 ex

490 1896 823 1968 composito
854 1893 1127 1951 effectum
1159 1898 1266 1949 est.
1311 1894 1599 1949 Praeterea
1656 1893 1801 1948 situs
1859 1893 2010 1948 alius
2061 1908 2153 1947 so-

488 1984 683 2041 larum
715 1985 974 2056 partium
1018 1990 1104 2038 est
1141 1988 1197 2038 et
1226 1998 1347 2038 non
1400 1983 1598 2047 totius,
1643 1982 1803 2037 velut
1856 1982 2061 2037 raritas
2093 1986 2151 2036 et

490 2073 901 2140 condensatio,
933 2074 1222 2145 asperitas
1254 2078 1310 2127 et
1336 2072 1562 2127 laevitas
1586 2087 1600 2137 ;
1629 2072 1783 2127 alius
1813 2087 1952 2126 vero
1975 2071 2147 2125 totius

486 2163 796 2226 duntaxat,
828 2169 890 2218 ut
921 2162 1223 2218 reclinatio
1256 2167 1311 2217 et
1350 2160 1531 2216 sessio
1564 2161 1780 2231 (neque
1821 2160 1978 2215 enim
2010 2175 2147 2232 pars

487 2252 701 2309 dicitur
717 2252 922 2308 sedere
961 2252 1046 2306 vel
1072 2251 1353 2307 reclinata
1382 2266 1528 2316 esse,
1562 2250 1665 2305 sed
1706 2250 1917 2319 totum)
1954 2268 1965 2317 ;
1996 2249 2145 2304 alius

485 2359 724 2398 rursum
751 2342 1003 2398 ettotius
1019 2346 1073 2396 et
1089 2342 1349 2413 partium
1372 2346 1475 2410 est,
1502 2339 1681 2394 veluti
1703 2339 1877 2394 statio
1904 2338 2143 2409 proprie

484 2432 663 2497 dicta,
696 2447 827 2502 quae
858 2436 949 2484 est
976 2429 1263 2485 rectitudo
1308 2445 1376 2484 ac
1423 2434 1582 2484 recta
1608 2428 1817 2497 positio
1849 2432 1975 2482 tum
2009 2443 2141 2499 par.

484 2519 635 2574 tium
666 2524 793 2574 tum
826 2519 1021 2574 totius.
1072 2522 1345 2573 Attamen
1381 2517 1437 2571 id
1480 2517 1645 2589 quod
1676 2516 1854 2572 situm
1905 2522 1990 2570 est
2048 2515 2141 2569 vel

482 2608 729 2663 omnino
787 2612 1049 2663 erectum
1109 2611 1196 2660 est
1257 2610 1315 2660 et
1378 2605 1592 2660 dicitur
1632 2611 1808 2669 stare,
1868 2604 1961 2659 vel
2026 2605 2141 2659 hac

486 2700 772 2759 erectum,
806 2695 904 2751 illa
941 2710 1078 2750 vero
1112 2699 1278 2765 parte
1308 2693 1680 2759 reclinatum,
1723 2699 1780 2748 et
1808 2694 2020 2748 dicitur
2053 2709 2140 2748 se-

484 2787 624 2841 dere
656 2804 668 2854 ;
698 2786 828 2840 hmo
857 2800 997 2853 ergo
1020 2784 1244 2855 species
1278 2784 1493 2838 fuerint
1516 2783 1645 2853 ejus
1666 2782 1832 2853 quod
1852 2787 1942 2837 est
1963 2783 2138 2837 situm
2174 2817 2214 2873 C

489 2890 619 2931 esse
660 2896 671 2928 :
704 2873 1052 2929 reclinatum
1085 2889 1234 2942 esse,
1269 2876 1425 2927 stare
1483 2876 1661 2943 atque
1732 2871 1959 2939 sedere,
1994 2876 2141 2926 atta-

483 2979 623 3020 men
654 2979 778 3020 non
806 2964 933 3019 haec
976 2967 1226 3029 tantum,
1266 2978 1472 3017 verum
1504 2961 1682 3016 etiam
1716 2961 1831 3016 alia
1862 2961 2095 3016 inﬁnita
2124 2976 2137 3026 ;

482 3055 775 3127 protinus,
804 3069 858 3108 v.
893 3068 1003 3122 ειη,
1037 3068 1241 3107 rarum
1273 3055 1331 3106 et
1353 3051 1611 3106 densum
1637 3056 1691 3106 et
1724 3050 1960 3119 similia,
2004 3065 2139 3122 quae

484 3144 593 3198 sita
617 3159 744 3197 esse
766 3141 1066 3205 dicuntur,
1093 3156 1287 3212 neque
1312 3143 1466 3195 stare
1480 3154 1675 3210 neque
1702 3138 1982 3195 reclinata
2009 3154 2139 3193 esse

481 3232 573 3288 vel
615 3232 819 3287 sedere
854 3232 1151 3297 dicuntur,
1195 3234 1460 3286 attamen
1516 3233 1575 3283 et
1626 3229 1755 3283 haec
1810 3229 1922 3283 sub
1980 3228 2139 3283 illam

484 3321 743 3391 speciem
775 3321 953 3389 hujus
984 3320 1299 3389 categorias
1332 3320 1546 3373 cadere
1584 3318 1875 3385 videntur,
1903 3334 2036 3389 quae
2066 3318 2141 3372 si-

483 3415 611 3463 tum
626 3410 886 3480 partium
904 3408 982 3464 ad
1000 3408 1273 3475 invicem,
1292 3423 1414 3462 non
1428 3423 1569 3462 vero
1593 3407 1765 3462 totius
1786 3408 2138 3477 positionem

483 3497 761 3553 ostendit.
788 3497 957 3562 Quod
980 3502 1181 3551 autem
1211 3497 1423 3551 raritas
1453 3500 1507 3550 et
1539 3495 1926 3550 condensatio
1958 3511 2027 3550 ac
2068 3496 2141 3549 si-

482 3587 647 3642 milia
666 3586 830 3641 haud
852 3586 1156 3641 sinttotius
1184 3586 1530 3656 positiones,
1556 3600 1624 3638 ex
1655 3600 1724 3637 eo
1742 3584 1946 3655 liquet,
1974 3584 2138 3655 quod

486 3674 661 3732 unius
688 3672 1074 3745 ejusdemque
1096 3673 1274 3728 totius
1307 3672 1429 3728 duo
1453 3673 1599 3728 situs
1624 3674 1797 3727 statui
1816 3672 1979 3726 haud
2006 3689 2140 3744 pos-

484 3772 624 3820 sunt
653 3781 666 3831 ;
694 3766 755 3819 in
790 3779 907 3820 uno
925 3779 1065 3818 vero
1092 3763 1424 3835 eodemque
1444 3767 1568 3818 tum
1581 3762 1792 3818 raritas
1816 3771 1938 3817 tum
1966 3763 2139 3819 statio

482 3855 878 3926 reperiuntur.
895 3852 1407 3917 Quemadmodum
1425 3868 1560 3907 vero
1574 3867 1773 3907 omnes
1790 3858 1988 3925 partes
2009 3868 2139 3924 pro-

483 3946 677 4018 priam
709 3947 960 4017 possunt
987 3942 1203 3999 habere
1232 3941 1493 4012 ﬁguram
1524 3946 1738 4014 praster
1763 3958 1914 4007 eam,
1951 3960 2139 4015 quam

484 4035 663 4091 habet
686 4040 899 4098 totum,
929 4033 1003 4088 ita
1024 4032 1253 4089 eaedem
1284 4038 1340 4087 et
1370 4032 1681 4104 proprium
1713 4032 1891 4088 situm
1916 4033 2139 4088 habere

482 4127 752 4197 possunt,
784 4128 991 4194 prater
1022 4138 1158 4177 eum
1200 4138 1377 4192 quem
1426 4122 1611 4177 habet
1655 4126 1868 4178 totum.
1920 4125 2138 4179 Eorum

482 4229 622 4270 vero
647 4229 782 4285 qua:
809 4212 993 4268 situm
1024 4212 1268 4277 habent,
1304 4210 1422 4267 alia
1460 4220 1675 4267 natura
1702 4212 1979 4267 eumdem
2009 4228 2141 4267 sor-

484 4304 587 4361 tita
613 4307 768 4369 sunt,
792 4300 973 4356 veluti
1004 4316 1206 4357 rarum
1238 4307 1292 4356 et
1333 4300 1594 4356 densum
1637 4317 1651 4367 ;
1698 4300 1815 4357 alia
1868 4301 2133 4367 arbitrio,

2263 1542 2451 1608 κυρίως
2488 1536 2691 1608 λέγεται
2734 1542 2822 1589 καὶ
2870 1540 3076 1603 στάσις,
3138 1542 3167 1597 ἡ
3218 1537 3277 1592 δὲ
3308 1539 3361 1591 ἐκ
3411 1537 3697 1613 διαφόρων,
3750 1544 3817 1601 ὡς
3847 1544 3879 1598 ἠ

2266 1625 2533 1687 ἁνάκλισις
2579 1632 2667 1678 καὶ
2712 1629 2740 1685 ἡ
2798 1624 3058 1701 καθέδρα·
3112 1630 3155 1679 εἰ
3200 1625 3257 1680 δὲ
3297 1638 3470 1695 τοῦτο,
3527 1634 3615 1680 καὶ
3658 1634 3713 1681 τό
3776 1639 3885 1682 xei-

2264 1717 2388 1766 σθαι
2437 1717 2539 1787 οἶρα
2591 1719 2620 1773 ἤ
2657 1715 2936 1767 ἀσυνθέτου
2980 1719 3166 1777 θέσεως
3211 1717 3521 1776 ἀπετελέσθη
3565 1719 3592 1775 ἡ
3643 1718 3701 1769 ἐκ
3754 1738 3883 1770 συν-

2260 1806 2568 1875 τεθειμένης.
2624 1803 2740 1856 Ἔτι
2792 1802 2850 1856 δὲ
2891 1813 2984 1866 τῆς
3038 1808 3220 1866 θέσεως
3267 1809 3295 1863 ἡ
3344 1811 3433 1878 μέν
3479 1806 3590 1858 ἐστι
3635 1816 3736 1859 τῶν
3781 1828 3880 1879 με-

2260 1902 2359 1965 ρῶν
2408 1899 2571 1964 μόνοι-ν
2612 1899 2699 1945 καὶ
2752 1894 2809 1945 ού
2858 1902 2947 1945 τοῦ
3004 1894 3143 1959 ὅλου,
3204 1898 3268 1956 ὡς
3319 1897 3349 1953 ἡ
3401 1898 3639 1966 μάνωσις
3691 1904 3787 1949 καὶ
3846 1900 3875 1954 ἡ

2260 1984 2541 2052 πύκνωσις,
2596 1986 2623 2040 ἦ
2675 2002 2728 2035 τε
2776 1987 3046 2054 τραχύτης
3088 1990 3178 2035 καὶ
3224 1987 3251 2041 ἡ
3305 1984 3525 2046 λειότης·
3570 1988 3597 2042 ἡ
3669 1982 3730 2037 δὲ
3788 1994 3881 2037 τοῦ

2259 2070 2374 2122 ὅλου
2420 2075 2597 2142 μόνου,
2640 2075 2709 2132 ὡς
2738 2075 2767 2129 ἡ
2804 2071 3070 2133 ἀνάκλισις
3099 2078 3186 2124 καὶ
3220 2074 3248 2130 ἡ
3292 2070 3529 2145 καθέδρα
3573 2074 3656 2140 (ού
3688 2077 3791 2147 γὰρ
3822 2080 3881 2126 τὸ

2256 2164 2405 2233 μέρος
2456 2160 2655 2231 λέγεται
2717 2161 3033 2221 καθέζεσθαι
3085 2165 3115 2219 ἤ
3170 2161 3562 2228 ἀνακεκλίσθαι,
3630 2162 3765 2215 ἀλλά
3818 2168 3879 2216 τό

2256 2248 2412 2318 ὅλον·)
2444 2251 2472 2306 ἡ
2513 2247 2571 2301 δὲ
2603 2258 2692 2301 τού
2721 2269 2772 2302 τε
2820 2251 2936 2302 ὅλου
2985 2256 3073 2302 καὶ
3126 2260 3222 2302 τῶν
3262 2260 3451 2323 μερῶν,
3501 2255 3566 2311 ως
3596 2255 3624 2310 η
3680 2258 3879 2325 κυρίως

2254 2337 2497 2411 λεγομένη
2552 2342 2759 2401 στάσις.
2815 2342 2930 2401 ἣτις
2979 2339 3120 2392 ἐστὶν
3173 2340 3389 2412 ὀρθότης
3428 2348 3516 2393 καὶ
3558 2350 3657 2393 τῶν
3702 2352 3876 2414 μερῶν

2254 2431 2343 2478 καὶ
2395 2436 2485 2478 τού
2536 2428 2674 2479 ὃλου·
2734 2433 2823 2480 καὶ
2862 2433 3035 2498 μέντοι
3080 2433 3137 2480 τό
3184 2434 3411 2500 κείμενον
3465 2431 3493 2487 ἦ
3542 2434 3712 2488 πάντη
3778 2432 3875 2503 ὠρο

2256 2519 2413 2568 θωται
2454 2522 2541 2568 καὶ
2588 2517 2791 2588 λέγεται
2845 2520 3119 2583 ἰστασθαι,
3174 2519 3305 2576 ἦπῆ
3354 2523 3441 2589 μὲν
3492 2521 3758 2591 ὤρθωται,
3797 2529 3866 2578 πῆ

2254 2602 2313 2657 δὲ
2360 2605 2609 2671 κέκλιται,
2660 2612 2748 2658 καὶ
2791 2607 2993 2677 λέγεται
3041 2609 3328 2665 καθῆσθαι·
3374 2613 3463 2659 καὶ
3507 2611 3584 2665 εἴη
3628 2610 3690 2659 οῐν
3740 2607 3860 2667 εἴδη

2251 2702 2414 2747 ταῦτα
2450 2703 2541 2747 τοῦ
2591 2698 2817 2747 κεῖσθαι·
2859 2700 2916 2747 τό
2959 2695 3343 2762 ἀνακεκλίσθαι,
3394 2701 3450 2748 τό
3504 2697 3717 2749 ἑστάναι
3774 2706 3862 2750 καὶ

2252 2788 2307 2835 τὸ
2373 2786 2663 2842 καθῆσθαι·
2720 2784 2778 2836 ού
2833 2788 2985 2856 μόνον
3040 2781 3098 2837 δε
3148 2793 3311 2838 ταῦτα
3363 2788 3424 2837 ἄν
3471 2789 3547 2844 εἴη
3599 2784 3717 2845 εἴδη
3774 2796 3865 2839 τοῦ

2250 2874 2476 2941 κεῖσθαι,
2528 2872 2656 2925 ἀλλα
2700 2878 2789 2925 καὶ
2839 2874 2968 2925 ἄλλα
3016 2876 3225 2949 ἄπειρα·
3269 2875 3463 2927 αὐτίκα
3504 2884 3629 2947 γοῦν
3676 2896 3735 2929 το
3769 2897 3866 2949 μαι

2251 2966 2335 3013 νόν
2384 2967 2474 3013 καὶ
2520 2966 2711 3014 πυκνὸν
2761 2968 2849 3014 καὶ
2899 2966 2964 3014 τὰ
3007 2965 3163 3034 ὅμοια
3210 2967 3417 3017 κεῖσθαι
3470 2964 3719 3037 λεγόμενα
3752 2971 3871 3018 οὔτε

2253 3051 2509 3102 ἰστασθαι
2550 3050 2806 3121 λέγονται,
2857 3056 2974 3104 οὔτε
3025 3052 3394 3105 ἀνακεκλὶσθαι
3437 3056 3465 3112 ἦ
3522 3056 3863 3115 καθέζεσθαι·

2250 3142 2326 3196 εἴη
2383 3136 2432 3190 δ’
2488 3142 2548 3190 οἶν
2592 3148 2758 3191 ταῖτα
2807 3143 2893 3192 ὑπ’
2940 3140 3097 3192 ἐκεῖνο
3147 3150 3237 3193 τού
3294 3144 3523 3210 κεῖσθαι,
3570 3146 3595 3195 ὃ
3636 3150 3729 3202 τὴν
3775 3155 3872 3196 τῶν

2249 3237 2415 3303 μερῶν
2469 3233 2621 3300 μόνον
2670 3234 2800 3303 πρὸς
2858 3229 3075 3294 ἄλληλα,
3137 3228 3242 3282 ἀλλ’
3292 3232 3419 3302 ούχὶ
3464 3237 3557 3289 τὴν
3605 3241 3699 3284 τοῦ
3750 3234 3869 3285 ὅλου

2252 3319 2392 3369 θέσιν
2445 3319 2735 3389 ὑποφαίνει·
2796 3319 2875 3370 ὅτι
2926 3316 2983 3371 δὲ
3041 3320 3069 3377 ἡ
3128 3322 3359 3391 μάνωσις
3400 3327 3489 3372 καὶ
3523 3323 3553 3378 ἡ
3607 3326 3871 3383 πύκνωσις

2250 3412 2338 3459 καὶ
2384 3410 2450 3459 τὰ
2480 3410 2633 3479 ὅμοια
2664 3408 2759 3459 ούκ
2799 3409 2903 3460 εἰσί
2948 3418 3038 3460 τού
3087 3409 3204 3461 ὅλου
3240 3411 3426 3475 θέσεις,
3469 3407 3626 3468 δῆλον
3673 3411 3727 3463 ἐκ
3774 3422 3864 3465 τού

2249 3502 2319 3568 μη
2379 3494 2689 3568 ἐνδέχεσθαι
2722 3496 2818 3550 δύο
2867 3501 3033 3559 θέσεις
3086 3500 3215 3551 εἶναι
3262 3508 3353 3551 τοῦ
3401 3500 3560 3551 αύτού
3618 3508 3709 3553 καὶ
3756 3504 3862 3562 ἐνὸς

2250 3586 2389 3651 ὅλου,
2443 3589 2777 3658 εὑρίσκεσθαι
2832 3584 2890 3639 δὲ
2952 3587 2999 3639 ἐν
3054 3588 3125 3639 ἑνὶ
3182 3594 3269 3640 καὶ
3336 3598 3407 3659 τῷ
3461 3589 3601 3659 αύτῴ
3656 3597 3751 3648 την
3809 3611 3860 3643 τε

2248 3678 2480 3746 μάνωσιν
2525 3681 2613 3727 καὶ
2661 3682 2717 3727 τό
2769 3676 2999 3729 ἑστάναι·
3053 3680 3225 3750 ὠσπερ
3274 3674 3331 3729 δε
3377 3674 3649 3749 ἐνδέχεται
3690 3684 3861 3733 πάντα

2249 3768 2314 3816 τὰ
2351 3770 2479 3837 μέρη
2532 3768 2672 3836 ἔχειν
2719 3762 2854 3817 ἱδιον
2897 3774 3087 3839 σχῆμα
3132 3769 3272 3838 παρὰ
3302 3771 3359 3818 τὸ
3390 3776 3478 3820 τού
3519 3769 3662 3837 ὅλου,
3694 3769 3859 3830 οὕτως

2250 3850 2523 3925 ἐνδέχεται
2575 3856 2716 3925 ἔχειν
2766 3854 2898 3906 αὐτὰ
2940 3859 3029 3906 καὶ
3075 3852 3215 3907 ἰδίαν
3261 3858 3399 3908 θέσιν
3444 3860 3585 3932 παρὰ
3626 3862 3722 3915 την
3770 3867 3858 3910 τοῦ

2249 3944 2365 3996 ὅλου
2401 3964 2413 3975 ο
2458 3952 2556 3995 τῶν
2610 3939 2668 3995 δὲ
2726 3948 2967 4015 κειμένων
3022 3946 3087 3995 τὰ
3128 3948 3218 4016 μὲν
3270 3948 3420 4017 φύσει
3467 3949 3596 4018 ἔσχε
3644 3953 3705 3998 τὸ
3752 3956 3858 3999 κεί-

2251 4035 2393 4097 σθαι,
2423 4035 2492 4093 ὡς
2522 4036 2579 4084 τὸ
2604 4035 2764 4104 μανόν
2804 4036 2893 4084 καὶ
2924 4036 2979 4084 τὸ
3011 4038 3201 4085 πυκνόν
3230 4032 3240 4087 l
3274 4036 3338 4086 τὰ
3375 4031 3432 4086 δὲ
3464 4041 3767 4109 προαιρέσει
3798 4040 3858 4097 ὡς

2248 4126 2305 4174 τό
2350 4127 2435 4174 τόν
2462 4122 2729 4195 ἄνθρωπον
2778 4123 3093 4181 καθέζεσθαι
3120 4145 3130 4154 ·
3164 4126 3225 4174 τα
3267 4120 3323 4175 δὲ
3369 4127 3551 4196 τέχνη,
3586 4128 3657 4187 ως
3684 4129 3742 4177 τό
3773 4131 3856 4177 τόν

2249 4208 2532 4283 ἀνδριάντα
2563 4212 2813 4263 ἵστασθαι
2835 4232 2846 4243 ·
2872 4215 2937 4263 τα
2969 4208 3027 4263 δὲ
3058 4214 3224 4284 τύχη,
3250 4215 3320 4274 ως
3343 4216 3399 4266 τὸ
3426 4210 3578 4266 τόνδε
3607 4218 3695 4266 τόν
3721 4216 3859 4268 λίθον

2249 4305 2473 4354 πεσόντα
2504 4295 2607 4351 ωδὶ
2638 4302 2864 4353 κεῖσθαι.

482 4408 535 4448 e.
569 4406 679 4461 gr.,
712 4390 1022 4446 hominem
1049 4388 1290 4461 sedere;
1324 4388 1442 4445 alia
1471 4396 1614 4459 arte,
1639 4405 1689 4445 e.
1722 4406 1811 4461 gr.
1849 4407 1862 4456 ;
1897 4395 2149 4446 statuam
2180 4397 2334 4448 stare
2369 4406 2381 4455 ;
2418 4387 2531 4444 alia
2562 4388 2800 4445 fortuna
2828 4404 2934 4444 seu
2960 4405 3127 4455 casu,
3156 4406 3208 4446 e.
3243 4406 3353 4460 gn.
3377 4391 3556 4448 talem
3592 4393 3858 4465 lapidem

481 4482 803 4552 delapsum
840 4479 955 4534 hac
984 4477 1215 4534 ratione
1241 4479 1460 4549 jacere.

552 4575 602 4624 2.
637 4568 949 4640 Proprium
972 4584 1111 4624 vero
1152 4572 1240 4623 est
1280 4568 1427 4638 ejus,
1471 4568 1632 4639 quod
1685 4568 1864 4623 situm
1896 4574 2002 4635 est,
2034 4569 2132 4625 de-

480 4658 913 4717 nominativea
967 4658 1080 4713 situ
1144 4657 1270 4728 (seu
1330 4656 1646 4730 positione)
1710 4658 1847 4713 dici.
1903 4660 1947 4712 A
2017 4676 2139 4714 ses-

480 4753 646 4806 sione
671 4748 831 4804 enim
858 4747 1069 4803 dicitur
1096 4746 1318 4811 sedere,
1363 4753 1419 4803 et
1450 4763 1484 4803 a
1509 4746 1762 4803 statione
1789 4752 1966 4812 stare,
2010 4753 2068 4804 et
2102 4765 2138 4805 a

477 4840 863 4896 reclinatione
903 4836 1254 4891 reclinatum
1298 4852 1446 4900 esse,
1474 4841 1650 4908 atque
1678 4836 1738 4891 in
1770 4836 1899 4892 aliis
1934 4837 2135 4892 simili-

481 4935 587 4984 ter.
610 4930 800 4992 Quare
815 4932 867 4980 et
884 4926 942 4980 in
965 4925 1185 4996 quibus
1204 4926 1548 4996 positionum
1571 4940 1691 4979 non
1714 4930 1851 4981 sunt
1885 4926 2132 4992 nomina,

478 5032 674 5088 neque
711 5014 1043 5086 specierum
1092 5013 1332 5084 jacendi
1388 5030 1609 5070 nomen
1668 5014 1856 5070 adest.
1911 5016 2133 5070 Etenim

477 5106 617 5162 huic
641 5103 741 5158 tali
766 5101 1246 5171 conﬁgurationi,
1289 5103 1454 5157 verbi
1496 5104 1684 5172 gratia
1741 5102 1994 5158 cornicis
2034 5108 2137 5158 aut

478 5195 717 5252 alterius
736 5193 1086 5263 cujusquam
1106 5192 1227 5245 avis
1244 5190 1473 5246 nullum
1502 5200 1691 5247 exstat
1714 5208 1955 5262 nomen,
1990 5193 2133 5263 quia

477 5300 586 5341 nec
613 5282 751 5338 huic
778 5280 880 5337 tali
928 5279 1205 5352 positioni
1238 5284 1430 5335 exstat
1461 5296 1683 5337 nomen
1738 5298 1752 5349 ;
1807 5298 1929 5353 qua
1981 5283 2037 5335 in
2072 5297 2131 5337 re

475 5388 583 5430 nec
605 5371 877 5443 auspices
903 5369 1076 5424 nobis
1107 5368 1585 5438 refragabuntur.
1616 5371 1831 5427 Dantes
1864 5370 2022 5425 enim
2046 5372 2131 5425 ni-

475 5464 597 5519 mio
647 5460 841 5517 studio
872 5458 1079 5529 ﬁguris
1105 5460 1454 5515 animalium
1499 5461 1746 5517 nomina
1802 5460 1895 5515 vel
1950 5459 2130 5516 etiam

474 5552 841 5630 positionum
880 5548 1128 5607 nomina
1166 5548 1332 5623 prius
1394 5549 1720 5635 assignant,
1764 5548 1855 5606 vel
1881 5566 1918 5606 a
1955 5550 2128 5607 nobis

2314 4567 2385 4641 β’.
2434 4567 2587 4620 ’Ἐστι
2637 4564 2695 4619 δὲ
2724 4563 2862 4619 ἴδιον
2907 4575 2998 4620 τού
3042 4571 3248 4621 κεῖσθαι
3294 4589 3351 4621 το
3398 4576 3723 4644 παρωνύμως
3755 4572 3854 4625 απὸ

2246 4668 2334 4718 τῆς
2389 4659 2575 4718 θέσεως
2634 4656 2876 4727 λέγεσθαι

2247 4746 2559 4805 καθέζεσθαι
2609 4744 2831 4816 λέγεται,
2882 4751 2971 4797 καὶ
3027 4745 3125 4798 ἀπὸ
3176 4757 3266 4807 τῆς
3319 4750 3547 4808 στάσεως
3604 4754 3662 4800 τό
3706 4753 3853 4803 ἱστα-

2919 4678 2930 4689 ο
2966 4656 3065 4709 ἀπό
3114 4677 3168 4709 τε
3210 4660 3310 4733 γὰρ
3365 4666 3454 4719 τῆς
3488 4658 3751 4733 καθέδρας
3798 4666 3853 4715 τὸ

2250 4837 2393 4900 σθαι,
2426 4841 2514 4886 καὶ
2563 4833 2662 4887 ἀπὸ
2712 4843 2799 4895 τῆς
2853 4834 3168 4898 ἀνακλίσεως
3212 4841 3269 4888 τό
3326 4836 3732 4891 ἁνακεκλίσθαι·
3766 4847 3854 4892 καὶ

2246 4923 2460 4976 ἐπὶτῶν
2505 4924 2666 4975 ἄλλων
2716 4927 2962 4985 ὡσαύτως
2989 4946 3001 4958 ο
3037 4921 3121 4978 διὸ
3168 4931 3257 4978 καὶ
3306 4925 3353 4977 ἐν
3403 4927 3480 4987 οἷς
3520 4936 3619 4979 τῶν
3668 4931 3851 4982 θέσεων

2245 5019 2314 5085 μή
2366 5013 2503 5065 ἐστιν
2562 5014 2805 5086 ὀνόματα,
2841 5011 2963 5066 οὐδὲ
3001 5024 3100 5066 τῶν
3132 5012 3284 5067 εἰδῶν
3335 5024 3424 5068 τοῦ
3472 5020 3684 5069 κεῖσθαί
3713 5022 3852 5071 ἐστιν

2246 5108 2405 5175 ὄνομα
2437 5125 2449 5136 ο
2478 5109 2566 5155 καὶ
2612 5107 2712 5177 γὰρ
2756 5112 2827 5175 τῷ
2856 5101 3041 5174 τοιῷδε
3081 5114 3448 5178 σχηματισμῷ
3497 5106 3539 5158 εἰ
3570 5110 3710 5181 τύχη
3759 5119 3855 5171 τῆς

2242 5199 2473 5266 κορώνης
2508 5194 2533 5250 ἦ
2569 5193 2725 5244 ἄλλον
2771 5197 2911 5253 τινος
2954 5193 3047 5245 ούκ
3079 5196 3219 5245 ἔστιν
3268 5198 3429 5267 ὄνομα
3478 5192 3571 5247 διὰ
3618 5202 3675 5248 τό
3716 5196 3854 5269 μηδὲ

2242 5291 2332 5342 τῆς
2384 5285 2629 5342 τοιαύτης
2684 5284 2871 5343 θέσεως
2946 5287 3103 5354 ὄνομα
3163 5280 3291 5335 εἶναι
3344 5289 3431 5335 καὶ
3490 5285 3853 5340 οἰωνοσκόπων

2242 5372 2365 5441 ἡμῖν
2432 5370 2489 5422 ού
2550 5367 2989 5442 διενεχθὴσονται
3058 5368 3288 5433 παῖδες·
3343 5369 3581 5435 διδόντες
3640 5379 3739 5449 γὰρ
3800 5376 3855 5429 ἐκ

2242 5458 2426 5520 πολλῆς
2474 5459 2763 5532 φιλοτιμίας
2810 5466 2917 5521 τοῖς
2963 5466 3215 5533 σχήμασι
3270 5469 3367 5514 τῶν
3426 5462 3571 5523 ζώων
3621 5463 3854 5539 ὀνόματα

2241 5549 2269 5609 ἦ
2313 5553 2402 5601 καὶ
2451 5558 2547 5601 τῶν
2599 5552 2782 5603 θέσεων
2831 5547 3238 5624 προδεδώκασιν
3285 5551 3314 5612 ἢ
3364 5551 3535 5607 λαϐεῖν
3578 5553 3685 5607 εἰσὶ
3725 5556 3848 5631 παρ’
