4116 6194
270 448 297 504 ἡ
305 454 414 518 μῶν
459 448 634 517 ἔνοχοι

266 553 410 608 τερον
442 531 500 587 δὲ
559 530 694 587 ῖδιον
746 545 836 588 του
881 538 1088 588 κεῖσθαι
1133 539 1190 588 τό
1224 539 1413 608 ὁμοίως
1466 536 1708 607 λέγεσθαι
1749 538 1864 589 κατ’

267 623 394 675 αὐτό
434 641 445 652 ·
510 625 693 694 ὁμοίως
721 629 820 699 γὰρ
874 626 1142 682 καθῆσθαι
1190 625 1400 696 λέγομεν
1442 631 1531 677 καὶ
1591 623 1861 698 ἀνομοίως,

267 717 356 764 xui
389 711 756 765 ἀνακεκλίσθαι
812 715 1000 784 ὁμοίως
1039 719 1127 766 xui
1186 713 1453 786 ἀνομοίως.
1513 718 1696 786 Τρίτον
1729 711 1864 766 ἴδιον

263 804 324 852 τό
392 803 456 853 τά
531 800 819 874 ἀναγόμενα
861 804 946 854 ὑπ’
1014 803 1174 861 αὐτὴν
1241 809 1312 874 μή
1381 807 1513 855 κατά
1561 807 1646 854 τὸν
1711 804 1864 855 αὐτόν

266 889 550 961 ἀνάγεσθαι
619 896 806 964 τρόπον
870 909 881 920 '
936 895 993 943 τό
1046 895 1134 963 μεν
1178 895 1278 965 γὰρ
1334 894 1600 952 καθῆσθαι
1650 899 1866 966 πρώτως

264 977 512 1051 ἀνάγεται
564 980 663 1032 ὑπό
717 983 772 1032 τό
812 981 1020 1033 κεῖσθαι
1069 985 1158 1032 xui
1215 985 1323 1033 ἔστι
1367 987 1556 1054 κυρίως
1610 985 1817 1034 κεῖσθαι
1847 1001 1858 1012 ⁸

261 1072 320 1121 τό
348 1065 407 1122 δὲ
472 1069 811 1141 καθεζόμενον
868 1071 967 1122 ὑπό
1027 1073 1085 1121 τό
1149 1072 1356 1123 χεῖσθαι
1412 1070 1615 1142 λέγεται
1683 1069 1863 1143 ἀνάγει

264 1159 409 1222 σθαι,
466 1160 545 1211 ὅτι
599 1160 696 1210 ὑπὸ
749 1162 806 1210 τό
873 1163 1099 1230 κείμενον
1160 1158 1405 1230 ἀνοίγεται
1451 1166 1687 1235 πρώτως,
1738 1161 1858 1235 ὅπερ

260 1250 373 1300 ἐστὶ
441 1251 726 1320 σύστοιχον
785 1257 856 1318 τῷ
920 1251 1127 1301 κεῖσθαι
1196 1266 1208 1280 ·
1257 1251 1501 1310 ὡσαύτως
1569 1247 1627 1302 δὲ
1657 1256 1746 1302 xui
1801 1254 1858 1302 τό

260 1339 532 1409 ἱστάμενον
588 1343 677 1389 καὶ
733 1340 790 1389 τό
838 1335 1226 1409 ἀνακεκλιμένον
1279 1340 1377 1390 ὑπό
1428 1343 1485 1390 τὸ
1527 1341 1734 1392 κεῖσθαι
1781 1339 1857 1391 λέ·

255 1446 434 1498 γονται
502 1425 810 1497 ἀνοίγεσθαι,
908 1428 985 1478 ὅτι
1049 1428 1147 1479 ὑπὸ
1210 1431 1268 1478 τὸ
1340 1431 1629 1499 σύστοιχον
1696 1428 1856 1480 αὐτοῦ

255 1523 473 1587 πρώτως
539 1515 817 1587 ἀνάγονται
884 1533 896 1545 ·
959 1521 1046 1568 καὶ
1113 1513 1270 1576 δῆλον
1335 1516 1624 1584 κάντεῦθεν,
1677 1518 1702 1569 ὃ
1767 1523 1856 1570 καὶ

255 1609 580 1679 προείρηται,
637 1607 802 1656 ὅτιαί
867 1610 1182 1677 κατηγορίαι
1253 1606 1312 1657 οὗ
1383 1608 1580 1666 πάντως
1632 1626 1856 1678 κατηγο-

254 1702 467 1766 ροῦνται
517 1697 583 1757 ὡς
615 1696 678 1745 τὰ
729 1698 870 1766 γένη.
926 1699 1179 1769 Τέταρτον
1234 1694 1368 1747 ῖόιον
1415 1702 1505 1747 τοῦ
1561 1698 1766 1749 κεῖσθαι
1795 1699 1854 1748 τό

254 1782 580 1855 ἀποτέλεσμα
628 1790 756 1835 εἰναι
814 1783 940 1836 αὑτὸ
973 1793 1066 1845 τῆς
1119 1786 1306 1845 θέσεως
1371 1789 1459 1835 xui
1507 1785 1566 1836 οὗ
1633 1784 1768 1837 ἐστιν
1817 1787 1846 1843 ἡ

256 1873 400 1933 θέσις
425 1893 436 1902 ·
466 1877 554 1924 καὶ
595 1876 671 1929 εἴη
705 1871 764 1922 ἀν
796 1877 984 1944 κυρίως
1039 1869 1176 1924 ἴδιον
1234 1875 1310 1924 ὅτι
1354 1879 1442 1924 xui
1469 1871 1791 1946 ἀντιστρέφει
1829 1890 1850 1936 _'

252 1963 374 2034 ὅπερ
419 1963 519 2036 γάρ
581 1961 691 2013 ἐστι
732 1963 957 2026 κεῖσθαι,
1031 1960 1130 2013 ἀπό
1190 1981 1242 2014 τε
1272 1970 1360 2022 τῆς
1417 1964 1597 2023 θέσεως
1652 1968 1740 2014 καὶ
1795 1961 1852 2016 οὗ

252 2049 392 2102 ἐστιν
440 2052 470 2107 ἡ
523 2052 664 2111 θέσις
721 2047 1027 2108 ἀπετελέσθη
1098 2065 1110 2077 ·
1163 2055 1250 2102 καὶ
1313 2052 1434 2126 ὅπερ
1501 2054 1616 2104 ἐστὶ
1668 2060 1850 2118 ταῦτα,

247 2141 457 2192 κεῖσθαί
495 2138 622 2192 ἐστι.
661 2143 753 2192 Καὶ
786 2144 899 2213 περὶ
953 2143 1042 2210 μὲν
1086 2147 1174 2200 τῆς
1225 2141 1410 2201 θέσεως
1463 2149 1628 2193 ταῦτα
1662 2144 1764 2194 ’τὰ
1795 2138 1853 2194 δε

246 2232 385 2280 κατά
435 2231 697 2300 ἀπόφασιν
755 2225 873 2280 ἴδια
928 2229 1148 2281 πλεῖστά
1199 2249 1258 2301 γε
1305 2234 1428 2281 ὅντα
1479 2236 1568 2282 xui
1623 2231 1718 2282 οὐκ
1769 2231 1851 2284 ἐπὶ

244 2318 378 2370 πολύ
413 2324 682 2392 χρήσιμα,
740 2317 904 2378 ἄλλως
935 2336 987 2369 τε
1033 2314 1091 2370 δε
1139 2323 1227 2370 xui
1283 2319 1566 2391 εὐπόριστα
1622 2318 1850 2374 κάνθάδε

247 2426 353 2478 παρ
362 2405 663 2478 αλελείφθω.

801 2504 1116 2551 ΕΡΩΤΗΖΙΣ
1147 2498 1310 2554 ΡΜΖ’.

852 2591 976 2661 Περὶ
1007 2596 1098 2639 τοῦ
1129 2593 1270 2644 ποτέ.

1276 321 1372 374 AD
1410 320 1960 378 AMPHILOCHIUM
2008 321 2338 388 QUIESTIO
2380 322 2636 380 CXLVII.

3522 331 3625 388 810

686 467 696 478 ·
734 445 863 498 ἀλλά
894 451 1008 520 περὶ
1043 449 1131 519 μὲν
1179 449 1372 499 τούτων
1430 447 1479 499 ἐν
1510 446 1696 507 ἄλλοις.
1746 451 1838 501 Δεύ

1983 450 2241 506 mutuari
2290 455 2603 521 coguntur.
2633 452 2849 508 Verum
2908 452 2981 508 de
3029 452 3118 508 his
3153 453 3316 509 alibi.
3358 454 3637 514 Secunda

1979 539 2309 611 proprietas
2343 557 2354 594 :
2391 540 2662 596 similiter
2691 541 2804 596 dici
2846 557 2915 598 ac
2946 541 3326 599 dissimiliter.
3373 546 3635 606 Dicimus

1974 629 2133 684 enim
2152 629 2416 686 similiter
2441 629 2647 686 sedere
2677 647 2747 686 ac
2777 631 3156 696 dissimiliter,
3181 633 3633 694 etdiscumbere

1976 718 2239 774 similiter
2313 724 2494 791 atque
2555 720 2934 776 dissimiliter.
3013 721 3201 777 Tertia
3275 725 3628 796 proprietas,

1974 807 2137 879 quod
2185 824 2320 880 qum
2359 811 2434 865 ad
2472 809 2633 864 istud
2674 809 3204 882 prmdicamentum
3247 813 3627 880 reducuntur,

1975 910 2095 950 non
2171 896 2382 951 eolem
2457 897 2822 953 reducuntur
2896 899 3102 954 modo.
3180 901 3391 956 Sedere
3467 903 3627 959 enim

1975 985 2157 1057 primo
2183 985 2483 1042 reducitur
2527 987 2604 1043 ad
2656 987 2835 1043 situm
2862 1003 2990 1044 esse
3023 993 3231 1060 estque
3255 991 3493 1062 proprie
3535 992 3628 1062 ja-

1972 1089 2124 1140 cere,
2154 1090 2259 1130 seu
2297 1076 2472 1132 situm
2513 1092 2640 1132 esse
2666 1093 2678 1143 ;
2713 1079 2925 1133 sedens
2951 1092 3083 1132 vero
3106 1078 3180 1134 ad
3205 1078 3630 1149 jaceredicitur

1969 1163 2192 1233 reduci,
2241 1164 2386 1237 quia
2414 1165 2696 1236 adjacens
2739 1166 2934 1237 primo
2986 1165 3306 1232 reducitur,
3354 1169 3520 1241 quod
3564 1170 3628 1225 in

1969 1253 2181 1308 eadem
2213 1260 2298 1309 est
2329 1254 2496 1323 serie,
2530 1271 2651 1326 qua
2681 1260 2736 1310 et
2760 1255 2960 1325 jacere
2989 1271 3004 1322 ;
3047 1256 3128 1312 ita
3153 1262 3212 1312 et
3241 1261 3404 1313 stans
3425 1263 3480 1313 et
3509 1258 3628 1314 dis-

1968 1343 2260 1398 cumbens
2301 1344 2373 1399 ad
2396 1345 2594 1415 jacere
2634 1343 2909 1399 dicuntur
2940 1344 3161 1412 reduci,
3185 1346 3328 1417 quia
3350 1347 3428 1402 ad
3450 1347 3628 1404 afﬁne

1966 1432 2095 1500 ejus
2125 1433 2319 1502 primo
2368 1433 2772 1500 reducuntur;
2820 1439 2995 1505 atque
3041 1434 3179 1489 hinc
3224 1434 3401 1490 etiam
3434 1437 3623 1491 mani-

1964 1521 2180 1576 festum
2220 1520 2300 1586 ﬁt,
2353 1521 2517 1592 quod
2557 1526 2612 1576 et
2658 1527 2834 1578 antea
2892 1522 3112 1578 dictum
3166 1522 3290 1588 fuit,
3345 1525 3628 1596 pradica-

1967 1614 2168 1664 menta
2219 1625 2336 1664 non
2381 1609 2628 1665 omnino
2664 1610 2977 1681 praedicari
3025 1616 3088 1667 ut
3133 1627 3369 1681 genera.
3405 1614 3628 1678 Quarta

1966 1697 2316 1770 proprietas,
2355 1697 2552 1768 ipsum
2580 1714 2712 1754 esse
2751 1699 3027 1754 effectum
3059 1700 3227 1763 situs,
3263 1705 3320 1756 et
3359 1705 3488 1771 ejus
3523 1719 3624 1759 cu-

1960 1788 2060 1858 jus
2101 1789 2246 1842 situs
2285 1793 2371 1844 est
2405 1804 2418 1853 ;
2459 1787 2623 1859 quod
2663 1787 2831 1843 etiam
2874 1804 3010 1844 vere
3051 1788 3222 1844 fuerit
3261 1790 3568 1860 proprium
3604 1809 3618 1859 ;

1963 1893 2104 1932 nam
2132 1877 2576 1933 etconvertitur.
2609 1877 2781 1942 Quod
2811 1877 2968 1932 enim
2997 1882 3087 1932 est
3109 1878 3329 1948 jacere,
3359 1883 3416 1934 et
3437 1895 3473 1934 a
3505 1879 3624 1936 situ

1963 1973 2017 2021 et
2048 1965 2125 2020 ab
2169 1981 2259 2031 eo,
2298 1966 2468 2035 cujus
2514 1970 2603 2021 est
2648 1967 2816 2029 situs,
2868 1965 3146 2022 effectum
3189 1971 3298 2032 est,
3347 1971 3403 2022 et
3449 1968 3616 2039 quod

1961 2056 2086 2111 hinc
2115 2054 2312 2118 habet,
2340 2055 2538 2124 jacere
2569 2059 2675 2110 est.
2709 2058 2898 2127 Atque
2938 2056 3064 2110 haec
3093 2055 3168 2110 de
3205 2056 3338 2111 situ.
3373 2056 3622 2128 Propria

1961 2149 2162 2200 autem
2210 2144 2506 2214 negativa,
2565 2160 2702 2199 cum
2751 2143 3026 2215 plurimae
3085 2144 3198 2200 sint
3252 2160 3362 2202 nec
3417 2145 3617 2202 multa:

1962 2233 2250 2296 utilitatis,
2285 2237 2342 2288 et
2371 2233 2730 2305 caateroquin
2780 2231 2950 2288 facile
2993 2232 3189 2304 colligi
3219 2238 3462 2306 queant,
3501 2233 3619 2291 hoc

1959 2322 2136 2378 etiam
2164 2322 2298 2378 loco
2322 2322 2681 2379 omittimus.

2197 2498 2514 2565 OU/ESTIO
2557 2499 2779 2555 CXLVII
2818 2498 3020 2574 [CoisL
3063 2499 3376 2573 CLXXXII].

2169 2589 2255 2646 De
2283 2588 2523 2660 quando
2551 2604 2644 2644 seu
2665 2588 2731 2646 de
2768 2587 3069 2660 categoria
3096 2591 3401 2659 temporis.

1312 2766 1463 2818 Nunc
1497 2769 1730 2832 primum
1766 2769 1910 2820 edita
1935 2782 1968 2820 a
1999 2769 2067 2824 D.
2099 2767 2542 2833 Hergenroether.

318 2933 449 2984 Ποτέ
499 2926 557 2982 δέ
586 2929 700 2982 ἐστι
747 2933 804 2982 τό
877 2928 926 2981 ἐν
973 2933 1149 3004 χρόνῳ
1202 2925 1349 2983 εἶναι.
1399 2926 1529 2987 Εῖδη
1587 2926 1645 2982 δε
1687 2931 1846 2983 αὐτοῦ

239 3029 497 3086 τοσαῦτα,
557 3021 656 3071 ὅσα
705 3020 1006 3071 ὑποτίθεταί
1064 3039 1139 3079 τις
1195 3020 1324 3070 εἶναι
1371 3024 1460 3071 καὶ
1506 3027 1597 3071 τοῦ
1628 3026 1842 3093 χρόνου’

237 3110 282 3162 εἰ
340 3112 428 3181 μεν
477 3111 574 3180 γὰρ
623 3110 922 3182 συναριθμεῐ
972 3128 1053 3168 τις
1106 3114 1193 3161 xui
1239 3111 1294 3160 τό
1343 3117 1449 3172 νῦν,
1482 3107 1595 3161 ἐστὶ
1636 3115 1773 3184 τρία·
1804 3109 1846 3162 εὶ

239 3195 302 3251 δε
350 3203 442 3270 μὴ,
493 3199 613 3269 ὅπερ
658 3202 746 3248 xui
795 3196 996 3264 ἀληθὲς,
1051 3193 1166 3249 δύο·
1202 3202 1260 3248 τό
1308 3217 1359 3250 τε
1389 3201 1436 3250 ἐν
1466 3198 1845 3272 παρεληλυθότι

237 3289 370 3341 εἶναι
421 3292 508 3338 xui
555 3286 604 3338 ἐν
655 3285 904 3357 μέλλοντι.
953 3285 1070 3338 Ἔτι
1109 3289 1166 3338 τό
1217 3285 1264 3337 ἐν
1312 3291 1488 3359 χρόνῳ
1532 3286 1659 3339 εἶναι
1703 3287 1844 3358 λεγό-

2031 2931 2280 2998 Quando
2312 2934 2399 2986 est
2427 2929 2488 2983 in
2515 2933 2782 3000 tempore
2814 2943 2967 2984 esse.
3009 2927 3246 3000 Species
3277 2943 3458 3000 porro
3489 2928 3615 2999 ejus

1958 3024 2206 3084 totsunt,
2225 3019 2388 3092 quod
2401 3019 2537 3091 quis
2558 3017 2838 3089 supponit
2853 3021 2907 3072 et
2920 3017 3205 3088 temporis
3222 3033 3349 3073 esse
3365 3017 3610 3090 species.

1957 3109 2013 3164 Si
2041 3109 2178 3181 quis
2209 3109 2366 3164 enim
2408 3113 2463 3164 et
2502 3121 2766 3179 praesens
2793 3112 3165 3162 momentum
3203 3111 3609 3174 connumeret,

1953 3204 2126 3255 erunt
2156 3203 2271 3254 tres
2304 3215 2318 3265 ;
2353 3197 2445 3252 sin
2467 3201 2686 3263 autem,
2715 3195 2881 3268 quod
2907 3200 2960 3251 et
2993 3210 3221 3261 verum,
3250 3195 3384 3252 duae
3418 3212 3432 3252 :
3463 3212 3613 3268 prae-

1954 3292 2188 3343 teritum
2244 3292 2301 3342 et
2349 3287 2634 3343 futurum.
2698 3286 2840 3342 Item
2877 3284 3044 3358 quod
3092 3284 3154 3340 in
3185 3289 3454 3356 tempore
3483 3301 3614 3342 esse

233 3397 384 3449 μενον
444 3381 472 3434 ἤ
534 3375 583 3428 έν
642 3381 827 3447 πρωτῳ
876 3375 1005 3426 εἶναι
1057 3373 1260 3446 λέγεται
1309 3378 1338 3433 ἦ
1385 3376 1435 3426 ἐν
1476 3371 1718 3447 διυτέρῳ’
1753 3381 1841 3428 καὶ

1955 3377 2182 3443 dicitur,
2218 3381 2320 3433 aut
2346 3377 2404 3430 in
2438 3376 2633 3448 primo
2677 3380 2780 3432 aut
2809 3376 2868 3430 in
2900 3375 3165 3431 secundo
3191 3390 3319 3430 esse
3349 3374 3566 3430 dicitur
3595 3391 3610 3441 ;

234 3466 285 3518 ἐν
327 3471 535 3538 πρώτῳ,
579 3466 696 3516 ὅταν
729 3465 754 3514 ό
802 3468 989 3537 χρόνος
1019 3469 1088 3535 μή
1143 3462 1256 3516 ἐστι
1305 3465 1496 3536 μείζων
1527 3470 1658 3536 μήτε
1698 3463 1840 3517 ἐλατ-

231 3575 335 3607 των
384 3562 472 3614 τῆς
520 3558 769 3613 κινήσεως
820 3560 908 3605 τοῦ
966 3553 1237 3625 λεγομένου
1287 3552 1335 3605 ἐν
1393 3554 1533 3624 αὐτῷ
1588 3551 1734 3606 εἶναι’
1789 3554 1839 3606 ἐν

233 3640 461 3717 δευτέρῳ
521 3639 599 3707 δε,
669 3644 789 3694 ὅταν
945 3642 1136 3713 μείζων
1196 3647 1284 3694 xui
1368 3645 1839 3716 ὑπερεκτεινόμενος

231 3739 332 3792 τῆς
388 3736 654 3790 κινήσεως
726 3731 854 3782 καθό
931 3750 1090 3802 φαμεν
1155 3730 1198 3782 εἰ
1265 3733 1424 3802 τύχοι
1482 3731 1529 3782 ἐν
1587 3740 1648 3804 τῇ
1709 3734 1840 3804 χθες

231 3823 402 3892 ἡμέρᾳ
452 3817 602 3871 τόνδε
637 3821 992 3891 γεγεννῆσθαι,
1052 3825 1122 3891 μή
1179 3819 1295 3880 ὅλης
1329 3827 1423 3880 τῆς
1464 3823 1590 3891 χθὲς
1642 3823 1838 3896 ἡμέρας

229 3912 630 3984 παραταθείσης
682 3917 740 3979 τῇ
815 3915 1049 3979 γεννήσει
1135 3909 1315 3974 αὐτοῦ,
1401 3909 1528 3961 ἀλλὰ
1603 3909 1836 3984 βραχέος

229 4005 323 4072 μέν
373 4019 508 4061 τινος
565 3996 928 4070 διαστήματος
1005 3998 1134 4070 αὐτῇ
1204 4001 1675 4072 συμμετρηθέντος,
1746 4009 1834 4053 τοῦ

230 4086 293 4142 δὲ
350 4087 502 4141 ἆλλου
556 4093 752 4162 χρόνου
803 4089 1193 4160 ὑπερταθέντος.
1237 4094 1350 4141 Ἔτι
1388 4095 1479 4140 τοῦ
1513 4093 1632 4141 ποτε
1662 4093 1718 4141 τό
1744 4095 1834 4162 μέν

226 4178 371 4230 ἐστιν
433 4181 736 4252 ὡρισμένον,
788 4180 846 4228 τό
907 4173 964 4228 δε
1016 4180 1093 4228 οὔ·
1142 4180 1425 4250 ὡρισμένον
1480 4182 1590 4249 μιν,
1655 4181 1723 4239 ὡς
1776 4183 1834 4231 τὸ

225 4269 378 4339 χθὲς,
441 4273 685 4341 σήμερον,
737 4270 934 4340 αὔριον,
987 4270 1195 4340 πέρυσι,
1246 4272 1336 4318 xui
1375 4270 1438 4319 τὰ
1487 4269 1659 4339 ὃμοια·
1697 4268 1839 4342 ἀόρι·

229 4374 354 4407 στον
404 4352 461 4407 δὲ
512 4357 582 4416 ὡς
629 4359 687 4406 τό
741 4355 921 4419 πάλαι,
975 4355 1256 4429 πρόπαλαι,
1312 4355 1448 4430 ἆρτι,
1505 4360 1636 4429 μετὰ
1684 4355 1831 4412 τάδε·

226 4446 305 4500 εἵη
350 4439 398 4494 δ’
426 4445 485 4495 οἶν
525 4449 614 4496 καὶ
649 4451 817 4494 ταῦτα
846 4450 937 4496 τοῦ
978 4446 1118 4507 ποτε,
1165 4443 1294 4515 λέγω
1339 4441 1405 4502 δὴ
1440 4448 1497 4497 τό
1531 4447 1612 4498 ὅτε
1657 4452 1746 4498 xui
1777 4451 1833 4500 τό

224 4537 344 4584 τότε
394 4538 482 4584 xui
527 4535 584 4584 τὸ
632 4536 873 4605 πρότερον
924 4537 1011 4583 xui
1045 4533 1278 4606 ὕστερον,
1320 4538 1408 4585 xui
1439 4534 1547 4606 οἶμα
1586 4541 1675 4587 καὶ
1724 4533 1830 4595 ἤδη

224 4626 316 4672 xui
367 4617 544 4693 βραδύ
591 4626 680 4673 xui
730 4624 890 4691 ταχύ.
937 4617 1146 4674 Εὶδέναι
1199 4618 1257 4674 δὲ
1299 4627 1431 4695 χρὴ,
1478 4625 1556 4674 ὅτι
1596 4627 1653 4676 τό
1680 4627 1836 4696 χθὲς.

1953 3469 2010 3522 in
2042 3466 2258 3538 primo,
2299 3465 2544 3537 quando
2584 3470 2823 3538 tempus
2855 3481 2965 3521 nec
3006 3466 3205 3536 majus
3243 3468 3330 3520 est
3361 3479 3470 3520 nec
3502 3464 3612 3520 mi-

1950 3571 2063 3612 nus
2095 3562 2257 3612 motu
2280 3555 2428 3626 ejus,
2460 3555 2623 3626 quod
2654 3555 2867 3611 dicitur
2892 3555 2949 3609 in
2974 3554 3072 3610 illo
3101 3569 3229 3611 esse
3263 3571 3276 3621 ;
3311 3553 3371 3609 in
3399 3569 3612 3610 secun-

1949 3645 2047 3710 do,
2079 3644 2321 3716 quando
2350 3644 2545 3714 majus
2579 3643 2654 3699 sit
2687 3643 3003 3716 magisque
3035 3648 3362 3707 extensum,
3417 3658 3605 3715 quam

1949 3739 2168 3790 motus.
2221 3734 2348 3798 Quo
2391 3748 2570 3788 sensu
2605 3731 2879 3799 dicimus,
2923 3747 2974 3786 e.
3022 3747 3134 3802 gr.,
3178 3731 3460 3788 hesterno
3507 3731 3601 3787 die

1947 3824 2107 3880 hunc
2137 3822 2445 3878 hominem
2484 3827 2691 3877 natum
2737 3836 2886 3885 esse,
2921 3837 3057 3876 cum
3103 3836 3228 3876 non
3277 3825 3435 3875 totus
3482 3820 3608 3876 dies

1947 3917 2294 3967 coextensus
2327 3910 2501 3966 fuerit
2552 3911 2683 3980 ejus
2741 3909 3055 3977 nativitati,
3089 3909 3193 3964 sed
3249 3908 3426 3964 breve
3477 3926 3608 3981 spa-

1947 4003 2093 4057 tium
2141 4000 2222 4056 illi
2273 4016 2690 4055 commensum
2740 3999 2830 4065 sit,
2865 3999 3161 4070 reliquum
3193 4013 3330 4052 vero
3374 4002 3606 4069 tempus

1945 4095 2457 4163 superextensum.
2473 4089 2716 4159 Insuper
2737 4087 2980 4160 quando
2997 4086 3159 4144 aliud
3177 4090 3262 4141 est
3282 4085 3606 4151 deﬁnitum,

1946 4179 2104 4236 aliud
2159 4194 2296 4234 vero
2335 4194 2456 4233 non
2490 4199 2501 4230 :
2536 4177 2864 4243 definitum,
2916 4181 2980 4230 ut
3019 4175 3166 4242 heri,
3198 4173 3399 4240 hodie,
3450 4189 3600 4234 cras,

1946 4284 2105 4326 anno
2122 4265 2429 4340 superiori,
2449 4271 2502 4322 et
2526 4266 2620 4322 his
2649 4265 2897 4332 similia;
2930 4264 3328 4330 indeﬁnitum,
3359 4260 3600 4327 utolim,

1940 4357 2322 4430 jampridem,
2356 4371 2566 4428 nuper,
2601 4355 3005 4427 postmodum.
3050 4356 3327 4426 Spectant
3355 4351 3494 4409 item
3526 4350 3602 4406 ad

1944 4447 2188 4520 quando
2219 4449 2273 4501 et
2294 4445 2421 4500 haec
2440 4463 2458 4510 ;
2490 4445 2635 4500 dum
2668 4449 2848 4516 atque
2875 4448 3001 4500 tum
3033 4448 3089 4498 et
3111 4441 3288 4515 prius,
3325 4445 3380 4496 et
3403 4445 3600 4513 poste-

1943 4537 2086 4602 rius,
2119 4539 2174 4591 et
2203 4533 2400 4603 simul,
2433 4540 2488 4590 et
2513 4535 2651 4604 jam,
2677 4539 2731 4589 et
2753 4533 3019 4599 tandem,
3042 4536 3098 4588 et
3122 4533 3256 4587 cito.
3279 4529 3598 4587 Sciendum

1945 4641 2144 4698 porro,
2177 4623 2460 4680 adverbia
2490 4624 2601 4680 ista
2638 4623 2784 4690 heri,
2841 4623 3037 4692 hodie,
3081 4637 3210 4678 cras
3249 4626 3305 4676 et
3352 4618 3592 4687 similia,

226 4715 474 4782 σήμερον,
509 4713 706 4782 αὔριον,
741 4715 831 4761 καὶ
871 4712 936 4761 τὰ
975 4711 1148 4781 ὅμοια,
1197 4712 1444 4784 ὁμώνυμοί
1476 4711 1606 4764 ἐστι·
1638 4722 1706 4772 πῆ
1742 4717 1832 4786 μὲν

1955 4713 2251 4787 ἓᾳυὶνοοδ.
2268 4729 2394 4770 esse
2424 4730 2437 4778 ;
2471 4712 2654 4768 modo
2686 4713 2842 4768 enim
2871 4717 3110 4785 tempus
3145 4710 3341 4766 solum
3373 4709 3593 4780 signiﬁ-

220 4802 325 4872 γὰρ
377 4805 565 4872 χρόνον
614 4804 765 4870 μόνον
815 4805 1058 4871 σημαίνει
1088 4805 1176 4852 xui
1233 4803 1371 4852 ἔστιν
1415 4798 1530 4860 εἴδη
1581 4811 1670 4854 τοῦ
1699 4809 1827 4878 χρό,

222 4908 336 4953 νου,
387 4897 456 4947 πῆ
507 4885 565 4940 δὲ
596 4892 652 4939 τό
686 4890 733 4940 ἐν
767 4893 944 4962 χρόνῳ
988 4887 1117 4942 εἶναί
1157 4909 1208 4941 τι
1247 4896 1333 4943 xui
1384 4892 1522 4943 ἐστιν
1571 4889 1685 4951 εἴδη
1740 4902 1829 4946 τοῦ

219 4982 366 5030 ποτέσ
423 4983 509 5030 xui
567 4977 744 5034 λέληθε
794 4985 942 5030 τοῦτο
1003 4983 1090 5029 xui
1164 4988 1259 5030 τῶν
1340 4981 1499 5031 πάλαι
1568 4977 1825 5042 δοξάντων

220 5068 577 5140 φιλοσοφῆσαι
625 5066 716 5118 οὐκ
770 5066 994 5138 ὀλίγους.
1041 5067 1295 5141 ’Υπάρχει
1340 5064 1398 5121 δε
1441 5078 1511 5138 τῷ
1564 5073 1685 5122 ποτε
1728 5073 1825 5142 μά-

213 5157 372 5210 λιστα
427 5161 484 5210 τό
529 5162 941 5230 προσσημαίνειν
994 5162 1204 5230 χρόνον·
1264 5161 1336 5210 ἔτι
1389 5155 1446 5210 δὲ
1487 5155 1623 5211 ἴδιον
1664 5159 1824 5212 αὐτοῦ

214 5251 274 5300 τὸ
330 5245 654 5318 ἀποτέλεσμα
706 5245 834 5299 εἶναι
886 5250 1082 5318 χρόνου
1122 5252 1210 5299 xui
1245 5255 1343 5299 τῶν
1385 5249 1486 5300 ὑπό
1515 5253 1725 5321 χρόνονο
1775 5247 1822 5300 ἐν

213 5343 279 5408 τῇ
337 5338 468 5407 πρὸς
519 5335 649 5387 οἱ)λά
695 5335 817 5406 (γὰρ
887 5337 1106 5406 τούτων)
1161 5342 1287 5406 ποιᾲ
1342 5341 1528 5408 σχέσει
1576 5337 1822 5409 λαμϐάνει

212 5429 310 5483 τήν
338 5424 579 5497 ὕπαρξιν
614 5428 689 5482 εἰη
733 5421 782 5476 δ’
816 5423 875 5475 ἆν
926 5425 1065 5495 αὐτῷ
1097 5425 1330 5497 μάλιστα
1380 5435 1528 5478 τοῦτο
1575 5430 1632 5478 τό
1661 5424 1814 5479 ἴδιον

215 5534 355 5585 μόνῳ
407 5532 458 5564 τε
509 5517 608 5585 γὰρ
664 5515 896 5586 ὑπάρχει
947 5519 1034 5564 xui
1095 5515 1598 5588 ἀντικατηγορεῐται.
1666 5516 1820 5567 Ἀλλὰ

215 5608 306 5655 xui
354 5608 468 5680 περὶ
529 5609 617 5655 τοῦ
680 5606 799 5653 ποτε
879 5611 1112 5654 τοο-αντα
1185 5612 1332 5656 τοῦτο
1407 5609 1460 5658 τό
1531 5604 1814 5670 κάνταῦθα,

1941 4810 2096 4871 cant,
2129 4808 2386 4874 suntque
2414 4803 2694 4873 temporis
2725 4801 2950 4874 species
2980 4819 2992 4868 ;
3027 4798 3210 4855 modo
3252 4798 3593 4870 signiﬁcant

1939 4891 2166 4965 aliquid
2197 4908 2324 4947 esse
2353 4892 2411 4946 in
2442 4896 2727 4962 tempore,
2762 4895 3016 4962 suntque
3049 4887 3277 4960 species
3303 4888 3590 4960 praedica-

1938 4981 2119 5035 menti
2141 4980 2402 5052 quando.
2428 4984 2617 5051 Atque
2637 4979 2753 5035 hoc
2778 4978 2950 5034 latuit
2970 4984 3235 5033 veterum
3257 4993 3378 5032 non
3398 4977 3588 5035 inﬁmi

1937 5070 2195 5124 nominis
2226 5069 2721 5141 philosophorum
2767 5067 2929 5124 haud
2970 5082 3218 5139 paucos.
3253 5066 3352 5122 Est
3387 5076 3587 5124 autem

1933 5158 2069 5214 huic
2082 5157 2549 5229 praedicamento
2569 5157 2881 5230 proprium
2898 5155 3159 5213 maxime
3176 5155 3589 5228 adsigniﬁcare

1934 5253 2208 5319 tempus;
2244 5248 2382 5303 item
2437 5247 2713 5303 effectum
2759 5261 2887 5303 esse
2935 5245 3220 5318 temporis
3275 5251 3333 5302 et
3383 5261 3587 5302 eorum

1931 5352 2065 5410 quae
2086 5336 2340 5408 tempori
2364 5335 2637 5392 subsunt.
2665 5339 2902 5404 Hocque
2922 5335 2983 5392 in
3006 5339 3164 5392 certa
3191 5334 3455 5409 quadam
3485 5335 3588 5392 ha-

1930 5425 2195 5481 bitudine
2220 5426 2296 5481 ad
2325 5426 2442 5481 alia
2473 5425 2756 5490 consistit,
2781 5429 2986 5497 estque
3019 5423 3129 5497 ipsi
3162 5423 3419 5480 maxime
3446 5440 3582 5496 pro-

1929 5515 2165 5588 prium:
2223 5515 2339 5572 Soli
2397 5513 2613 5571 etenim
2665 5514 2814 5570 inest
2866 5523 2919 5570 et
2963 5518 3162 5570 mutuo
3209 5513 3579 5586 praedicatur.

1928 5607 2141 5662 Verum
2171 5611 2222 5660 et
2249 5605 2322 5661 de
2369 5603 2610 5679 quando
2639 5603 2767 5662 haec
2811 5603 2970 5670 satis,
3016 5603 3252 5659 omissis
3300 5601 3580 5658 nimirum
