4116 6194
516 312 612 367 811
1752 314 1985 372 PHOTII
2028 314 2214 371 PATR

2299 314 2513 371 ΒΟΗᾹΞ
2552 315 2658 373 CP.

3783 318 3893 374 812

511 437 641 492 haec
686 451 926 508 quoque
961 438 1254 509 negativis
1295 440 1757 513 proprietatibus
1786 441 1865 498 ob
1899 456 2114 497 causas
2147 447 2186 494 Α

2300 441 2700 514 ραλελειμμένων
2772 450 2869 493 τῶν
2942 444 3076 494 κατὰ
3143 439 3405 513 ἀπόφασιν
3466 437 3617 495 ἰδίων
3689 440 3730 495 δ
3738 444 3775 495 ι’
3828 442 3889 505 οἷς

509 525 636 596 jam
663 524 873 583 dictas.

2222 530 2393 593 αἰτίας
2418 534 2707 604 προίφημεν
2740 531 2871 603 (33).

1867 654 2186 720 ΟΗίΈΞΤΙΟ
2226 654 2511 711 CXLVIII.

1637 845 2140 928 EDITORIS
2199 844 2750 928 MONITUM.

586 1073 845 1139 Quaestio
864 1073 988 1129 haec
1005 1074 1189 1129 locum
1215 1074 1373 1129 Pauli
1393 1074 1596 1130 Gatat.
1612 1090 1670 1141 v,
1699 1078 1761 1129 15
1775 1074 2066 1145 explanat.
2092 1073 2373 1137 eumdem,
2400 1089 2571 1145 quem
2585 1074 2701 1145 jam
2719 1074 3208 1146 quinquagesima
3225 1078 3435 1146 quarta
3453 1080 3894 1147 pertractatum

514 1162 794 1218 vidimus.
832 1162 911 1218 Ea
941 1178 1050 1218 nec
1083 1164 1139 1217 in
1174 1163 1538 1219 Coisliniano
1564 1178 1671 1219 nec
1704 1164 1761 1217 in
1794 1162 2142 1218 Taurinensi
2165 1162 2702 1219 codiceinvenitur.
2731 1164 2923 1229 Quam
2948 1180 3082 1220 cum
3113 1164 3170 1219 in
3199 1162 3361 1219 Italia
3386 1165 3493 1219 iter
3519 1173 3897 1237 peragentes

516 1255 718 1323 utpote
738 1251 985 1307 minoris
998 1252 1165 1324 pretii
1184 1252 1312 1308 aliis
1338 1252 1610 1307 nondum
1630 1252 1796 1307 editis
1820 1250 2301 1327 postponendam
2317 1252 2664 1307 duxerimus
2685 1258 2741 1307 et
2776 1252 2835 1306 in
2856 1254 3184 1325 propitiora
3206 1258 3478 1325 tempora
3492 1255 3898 1326 rejecerimus

514 1341 1049 1406 transcribendam,
1092 1342 1371 1398 ineditam
1412 1342 1609 1397 adhuc
1638 1342 1971 1413 relinquere
2007 1341 2195 1397 coacti
2224 1356 2454 1396 sumus.

584 1430 823 1485 Initium
874 1430 1145 1500 ejusdem
1203 1436 1289 1487 est
1341 1432 1398 1485 in
1455 1431 1740 1486 Vaticano
1790 1430 1992 1485 codice
2023 1431 2067 1484 f.
2133 1434 2215 1485 I34

2299 1430 2454 1481 Εἰπὼν
2485 1432 2510 1481 ό
2547 1430 2767 1498 Παῦλος,
2803 1429 2861 1483 οὗ
2907 1433 2935 1489 ἠ
2969 1430 3189 1502 γλῶσσα
3237 1439 3328 1483 τοῦ
3380 1432 3530 1503 ἁγίου
3584 1436 3901 1506 Πνεύματος

510 1524 732 1593 ὄργανον
765 1520 999 1589 (Dicens
1029 1520 1275 1583 Paulus,
1307 1522 1477 1589 cujus
1506 1520 1707 1588 lingua
1756 1519 1953 1575 sancti
1996 1519 2257 1587 Spiritus
2302 1519 2773 1589 instrumentum)
2806 1538 2819 1589 ;
2849 1519 2984 1574 ﬁnis
3016 1536 3157 1575 vero
3192 1537 3203 1575 :
3246 1523 3312 1572 τὰ
3357 1517 3416 1573 δὲ
3440 1520 3650 1593 βιϐλία,
3697 1525 3769 1583 ὡς
3807 1528 3904 1575 καὶ

522 1610 548 1665 ἡ
622 1612 685 1665 σὴ
740 1607 1085 1680 ἀρχιερατικὴ
1148 1608 1399 1668 τελειότης
1459 1614 1856 1672 συνεπίσταται,
1906 1610 2034 1680 μετὰ
2090 1616 2188 1659 τῶν
2248 1607 2429 1672 ἄλλων,
2488 1608 2541 1669 ἐξ
2598 1609 2664 1657 ὧν
2722 1605 2942 1659 δυνατόν
2998 1608 3115 1679 ζῇν,
3166 1611 3195 1667 ἡ
3261 1609 3612 1680 αἰχμαλωσία
3657 1610 3901 1684 λάφυρον

521 1698 657 1748 ἔθετο
681 1697 887 1765 (libros
918 1712 1066 1761 vero,
1085 1696 1229 1752 sicut
1253 1702 1303 1752 et
1334 1705 1435 1752 tua
1462 1697 1620 1751 novit
1642 1698 1996 1765 pontiﬁcalis
2009 1698 2317 1767 perfectio,
2352 1712 2469 1752 una
2490 1712 2621 1753 cum
2647 1698 2805 1762 aliis,
2821 1712 2849 1753 e
2864 1697 3075 1768 quibus
3097 1698 3278 1753 vitam
3292 1713 3469 1768 agere
3479 1701 3901 1770 potuissemus

520 1785 833 1854 captivitas
860 1785 970 1839 sibi
996 1786 1267 1854 prmium
1292 1786 1539 1855 rapuit).

1587 1910 1904 1977 QU/ESTIO
1949 1912 2139 1967 CXLIX
2172 1908 2380 1982 [CoisL
2426 1911 2611 1967 Taur.
2654 1910 2811 1980 CIII].

1978 2037 2062 2091 De
2082 2036 2217 2091 vitae
2244 2034 2501 2090 termino.

1150 2161 1356 2211 Editaa
1382 2160 1519 2210 Maio
1554 2161 1735 2222 (Nova)
1761 2160 1974 2210 Collect.
2002 2164 2149 2209 tomo
2176 2160 2213 2217 Ι,
2246 2175 2302 2224 p.
2336 2161 2427 2208 285
2463 2174 2573 2222 seq.
2610 2174 2621 2216 ;
2659 2160 2720 2216 Il,
2756 2174 2813 2223 p,
2852 2160 2943 2207 683
2972 2159 3057 2209 ed.
3097 2160 3259 2217 1825.)

1057 2279 1275 2335 Exstat
1306 2279 1463 2334 inter
1488 2292 1665 2348 opera
1692 2278 1757 2334 S.
1791 2278 2089 2340 Germani,
2117 2274 2301 2347 hujus
2332 2276 2629 2349 Patrolog.
2660 2280 2702 2331 t.
2729 2276 2950 2341 XCVIII,
2984 2276 3097 2331 col.
3129 2276 3352 2332 90-123.

706 2555 1026 2621 QUIESTIO
1058 2552 1143 2610 CL
1168 2552 1373 2626 [CoisL
1405 2552 1566 2608 CLX.
1611 2554 1789 2609 Taur.
1826 2552 1994 2621 CLIX]

992 2643 1141 2710 Quot
1160 2643 1391 2710 fuerint
1422 2641 1664 2711 Sibylla?
1684 2642 1712 2695 ?

2857 2558 3170 2606 ΕΡΩΤΗΣΙΣ
3210 2551 3330 2606 ΡΝ’.

2720 2646 2891 2693 Πόσαι
2922 2640 3162 2693 Σιϐύλλαι
3182 2645 3427 2713 γεγόνασι
3446 2658 3459 2707 ;

1429 2739 1581 2788 Edita
1605 2752 1637 2788 a.
1660 2739 1713 2787 Β.
1737 2737 2079 2788 Montfaucon
2111 2738 2386 2801 (Biblioth.
2433 2738 2612 2798 Coisl.,
2644 2755 2695 2803 p.
2733 2741 2842 2795 347,
2876 2740 2982 2788 348.

600 2839 839 2911 Sybillae
865 2838 1029 2897 fuere
1051 2838 1278 2907 decem,
1309 2854 1570 2910 quarum
1592 2838 1799 2909 prima:
1823 2854 2038 2893 nomen
2058 2842 2183 2894 erat

2364 2838 2603 2891 Σιϐύλλαι
2669 2843 2757 2910 μεν
2822 2845 3069 2911 γεγόνασι
3132 2836 3281 2905 δέκα,
3340 2840 3406 2889 ὧν
3477 2845 3662 2912 πρώτη
3746 2845 3910 2911 ὄνομα

533 2930 892 2988 Sambethe:
952 2945 1085 2986 eam
1131 2945 1271 2984 vero
1322 2928 1653 2985 Chaldaeam
1708 2927 1886 2983 fuisse
1944 2933 2185 2983 narrant

528 3027 793 3086 veteres;
821 3019 920 3075 alii
952 3020 1149 3092 potius
1189 3018 1519 3083 Hebraeam,
1566 3034 1702 3090 quae
1731 3016 1904 3073 unius
1940 3033 2013 3072 ex
2047 3016 2182 3071 filiis

530 3109 649 3167 Noe
681 3124 829 3166 uxor
854 3109 961 3165 fuit
989 3113 1164 3181 atque
1194 3124 1313 3164 una
1338 3124 1475 3164 cum
1506 3107 1604 3163 illo
1634 3111 1690 3163 et
1723 3107 1855 3162 aliis
1890 3107 1949 3162 in
1982 3122 2183 3162 arcam

529 3200 799 3268 ingressa
825 3200 916 3254 sit.
951 3202 1109 3253 Hanc
1134 3214 1274 3254 vero
1306 3214 1396 3260 ea,
1433 3214 1562 3268 quae
1595 3196 1673 3252 ad
1719 3197 1894 3252 turris
1944 3195 2186 3251 adiﬁca-

531 3288 755 3344 tionem
806 3288 1183 3359 spectabant,
1243 3287 1621 3342 vaticinatam
1676 3285 1900 3349 dicunt,
1948 3299 2184 3340 necnon

532 3392 622 3440 ea,
672 3392 808 3447 qua;
835 3377 1174 3432 acciderunt
1206 3376 1275 3430 iis
1314 3376 1415 3446 qui
1456 3375 1516 3430 in
1547 3375 1661 3430 tale
1714 3391 1930 3430 ausum
1982 3390 2186 3445 proru-

534 3481 671 3538 pere
706 3481 718 3531 ;
752 3465 991 3521 oracula
1015 3481 1155 3521 vero
1178 3465 1400 3520 fudisse
1424 3464 1711 3520 Hebraica
1735 3464 1959 3534 lingua,
1986 3468 2185 3534 utpote

533 3570 669 3627 quae
700 3558 836 3609 ante
866 3553 1224 3609 divisionem
1254 3553 1596 3623 linguarum
1623 3552 1795 3607 fuerit
1820 3567 1832 3617 ;
1856 3551 2185 3623 quinetiam

533 3641 838 3699 Alexandri
853 3642 1182 3697 Macedonis
1202 3647 1368 3711 gesta
1380 3641 1746 3713 praedixisse,
1765 3640 1933 3711 cujus
1946 3655 2187 3712 quoque

534 3731 899 3788 mentionem
928 3730 1068 3787 facit
1103 3731 1373 3797 Nicanor,
1416 3730 1465 3784 is
1505 3730 1608 3802 qui
1661 3729 1979 3784 Alexandri
2005 3729 2188 3785 vitam

536 3821 795 3893 scripsit.
824 3820 1099 3876 Secunda
1150 3836 1291 3875 vero
1333 3819 1597 3891 Libyssa,
1626 3820 1799 3891 cujus
1830 3817 2100 3874 meminit
2127 3819 2187 3873 in

534 3911 757 3977 Lamiae
782 3909 1031 3981 prologo
1054 3909 1357 3982 Euripides
1390 3926 1401 3963 :
1436 3924 1659 3964 nomen
1688 3912 1887 3964 autem
1916 3908 2044 3979 ejus
2065 3923 2186 3963 non

534 4000 712 4072 plane
762 3999 1086 4054 declarant.
1139 3999 1329 4054 Tertia
1369 3998 1607 4069 Delphis
1655 4002 1797 4054 nata
1850 4004 1955 4067 est,
2018 3998 2187 4068 cujus

533 4090 844 4146 historiam
876 4089 1232 4145 memoravit
1283 4088 1673 4160 Chrysippus.
1723 4088 1936 4149 Quarta
1967 4087 2184 4152 Italica,

2294 2928 2564 2999 Σαμϐἠθη,
2611 2926 2883 2981 Χαλδαίαν
2930 2926 2991 2980 δέ
3029 2948 3185 3001 φασιν
3217 2928 3379 2986 αὐτὴν
3411 2930 3459 2980 οἱ
3492 2928 3707 2980 παλαιοὶ
3738 2929 3908 2999 λόγοι,

2294 3020 2342 3070 οἱ
2391 3015 2449 3069 δὲ
2498 3017 2688 3089 μᾶλλον
2734 3017 2993 3091 Ἐϐραίαν’
3037 3023 3126 3069 καὶ
3175 3015 3242 3075 δὴ
3296 3022 3383 3069 καὶ
3437 3017 3508 3069 ἑνὶ
3559 3015 3772 3070 παίδων
3819 3027 3909 3070 τοῦ

2293 3113 2406 3159 Νῶε
2450 3107 2519 3169 εἰς
2566 3113 2789 3176 γυναῖκα
2836 3107 3167 3181 ἁρμοσθῆναι
3216 3112 3304 3159 και
3363 3106 3709 3159 συνεισελθεῖν
3769 3109 3911 3178 αὖτῷ

2294 3215 2347 3247 τε
2376 3201 2463 3247 καὶ
2493 3203 2601 3257 τοῖς
2648 3195 2817 3256 οἴλλοις
2862 3200 2910 3247 ἑν
2943 3204 3003 3269 τῇ
3037 3195 3257 3267 κιϐωτῷ.
3291 3199 3496 3253 Ταύτην
3541 3200 3633 3247 καὶ
3678 3199 3748 3247 τὰ
3794 3204 3912 3269 περὶ

2294 3294 2385 3345 τῆς
2440 3290 2782 3360 πυργοποιίας
2839 3282 3250 3358 χρησμῳδῆσαί
3304 3304 3451 3357 φασι,
3510 3290 3596 3336 καὶ
3648 3288 3752 3337 ὅσα
3805 3294 3911 3346 τοῖς

2296 3382 2447 3427 τοῦτο
2498 3374 2681 3432 συνέϐη
2728 3374 3045 3446 τολμήσασι·
3094 3371 3503 3447 χρησμῳδῆσαι
3556 3371 3615 3426 δε
3654 3380 3759 3448 πρὸ
3814 3385 3911 3437 τῆς

2298 3461 2600 3539 διαιρέσεως
2653 3473 2751 3515 τῶν
2804 3464 3057 3534 γλωσσῶν
3110 3468 3451 3535 γεγενημένην
3500 3463 3723 3536 γλώσσῃ
3781 3470 3909 3537 φασὶ

2296 3554 2362 3604 τὰ
2390 3549 2855 3627 χρησμῳδηθέντα
2892 3561 2951 3625 τῇ
2993 3549 3253 3626 Ἐϐραίδι·
3289 3555 3345 3604 οὐ
3377 3557 3479 3623 μην
3526 3550 3605 3623 δε,
3642 3552 3773 3605 ἀλλὰ
3821 3560 3908 3605 καὶ

2296 3644 2361 3694 τὰ
2404 3645 2535 3693 κατὰ
2599 3646 2683 3693 τὸν
2747 3639 3081 3716 Ἀλέξανδρον
3141 3645 3225 3694 τόν
3280 3638 3561 3695 Μακεδόνα
3620 3650 3903 3715 προειπεῖν,

2297 3732 2359 3793 ἧς
2411 3736 2500 3783 καὶ
2550 3736 2758 3803 μνήμην
2830 3733 3068 3804 Νικάνωρ
3129 3733 3153 3782 ὁ
3221 3735 3307 3783 τόν
3384 3728 3729 3804 Ἀλεξάνδρου
3792 3730 3908 3802 βίον

2298 3819 2607 3892 ἀναγράψας
2644 3825 2938 3878 πεποίηκεν.
2992 3825 3211 3893 Δευτέρα
3252 3817 3309 3872 δε
3352 3819 3625 3889 Λίϐυσσα,
3676 3822 3745 3881 ἧς
3782 3828 3911 3891 μνή-

2297 3929 2398 3981 μην
2444 3908 2726 3967 ἐποιὴσατο
2775 3908 2824 3961 ἐν
2876 3918 2947 3980 τῷ
3004 3919 3097 3971 τῆς
3149 3914 3354 3981 Δαμίης
3406 3908 3646 3981 προλόγῳ
3687 3910 3910 3982 Εὐριπί-

2300 3995 2397 4060 δης
2446 4003 2604 4070 ὄνομα
2654 3995 2712 4051 δε
2774 3998 2937 4061 αὐτῆς
2989 3998 3046 4051 οὐ
3093 4001 3228 4050 πάνυ
3282 3999 3684 4070 σαφηνίξουσιν.
3743 4004 3904 4071 Τρίτη

2299 4087 2494 4159 Δελφὶς,
2554 4089 2583 4144 ἡ
2642 4086 2689 4138 ἐν
2750 4088 2953 4159 Δελφοῖς
3022 4090 3296 4159 τεχθεῖσα,
3359 4092 3474 4159 περὶ
3539 4089 3602 4149 ἧς
3655 4090 3909 4161 ἱστόρησε

535 4196 671 4252 quae
727 4180 787 4235 in
819 4178 1134 4236 solitudine
1183 4178 1362 4234 Italiae
1402 4181 1772 4234 commorata
1828 4182 1931 4233 est.
1975 4178 2189 4242 Quinta

2299 4179 2622 4251 Χρύσιππος.
2676 4178 2905 4250 Τετάρτη
2962 4176 3214 4239 Ἰταλικὴ,
3261 4179 3289 4234 ἡ
3332 4176 3378 4228 ἐν
3420 4179 3614 4248 ἐρημία
3647 4184 3742 4237 τῆς
3782 4179 3909 4229 Ἰτα-

536 4268 853 4340 Erythraea,
909 4284 1039 4339 quae
1068 4266 1207 4323 belli
1235 4266 1472 4337 Trojaui
1516 4271 1727 4322 eventa
1757 4267 2188 4339 praenuntiavit,

537 4358 605 4413 de
635 4374 750 4429 qua
791 4358 1051 4430 loquitur
1083 4356 1477 4428 Apollodorus
1509 4355 1870 4427 Erythrazus.
1900 4358 2073 4411 Sexta
2105 4362 2186 4411 est

540 4448 760 4511 Samia,
807 4448 978 4517 cujus
1010 4462 1233 4501 nomen
1264 4446 1572 4517 proprium
1604 4445 1773 4501 aiunt
1803 4461 1931 4499 esse
1982 4445 2188 4517 Pytho.

542 4536 804 4609 Septima
830 4538 1067 4608 Cymaea
1092 4535 1182 4591 vel
1205 4538 1445 4593 Cumaea
1466 4550 1700 4606 genere,
1725 4534 1969 4590 nomine
1995 4539 2191 4591 autem

539 4625 847 4681 Amalthea
880 4643 893 4691 ;
926 4624 1025 4680 alii
1054 4624 1395 4697 Erophilam
1435 4629 1672 4691 vocant,
1704 4623 1863 4694 apud
1890 4624 2188 4695 quosdam

540 4730 677 4769 vero
707 4714 861 4771 hanc
904 4714 1367 4787 appellationem
1412 4714 1616 4769 sortita
1641 4718 1732 4769 est
1772 4714 2187 4770 Taraxandra.

540 4804 813 4876 Virgilius
858 4819 1040 4875 porro
1089 4808 1263 4874 poeta
1312 4806 1616 4859 Romanus
1671 4802 2014 4873 Deiphoben
2058 4818 2191 4858 eam

541 4897 869 4964 nuncupat.
904 4893 1125 4947 Octava
1179 4896 1265 4946 est
1308 4892 1725 4963 Hellespontia,
1776 4907 1909 4962 quae
1960 4890 2022 4946 in
2066 4892 2192 4946 vico

541 4980 823 5036 Marmiso
844 4987 973 5037 orta
993 4985 1098 5047 est,
1127 4996 1311 5053 prope
1333 4981 1620 5053 oppidum
1640 4981 2072 5049 Gergetionem,
2094 4981 2194 5052 qui

546 5070 708 5124 vicus
746 5069 887 5126 olim
926 5071 985 5126 in
1028 5072 1279 5127 termino
1318 5072 1503 5140 Trojaa
1562 5070 1681 5125 fuit.
1717 5073 1881 5125 Nona
1915 5070 2191 5141 Phrygia.

544 5159 785 5215 Decima
812 5159 1075 5231 Tigurtia
1114 5176 1349 5231 genere,
1391 5160 1634 5215 nomine
1676 5164 1875 5215 autem
1908 5158 2193 5214 Abuneea.

545 5252 661 5306 Has
685 5249 886 5305 dicunt
906 5250 1119 5305 mentis
1142 5251 1394 5323 impotes
1417 5250 1615 5305 futura
1635 5249 1987 5305 vaticinatas
2014 5263 2145 5302 esse
2178 5266 2191 5317 ;

546 5354 683 5395 cum
710 5342 907 5395 autem
940 5355 1147 5396 earum
1177 5340 1419 5396 oracula
1444 5338 1805 5411 excipientes
1833 5339 2052 5410 scripto
2085 5341 2194 5392 tra-

542 5427 783 5502 debant,
819 5445 956 5485 cum
985 5444 1109 5485 non
1150 5436 1395 5502 possent
1426 5428 1526 5486 illa
1557 5428 1739 5501 perite
1771 5433 1826 5484 et
1861 5428 1985 5483 sine
2017 5427 2195 5498 lapsu

2293 4262 2407 4325 λίας
2435 4269 2528 4323 τὴν
2584 4262 2862 4339 διατριϐὴν
2919 4265 3184 4336 λαχοῦσα,
3239 4269 3455 4336 Πέμπτη
3516 4268 3545 4322 η
3599 4266 3909 4337 Ἐρυθραία,

2300 4356 2414 4415 ἣτις
2468 4359 2556 4406 καὶ
2596 4356 2660 4406 τὰ
2688 4358 2823 4406 κατὰ
2862 4358 2947 4407 τόν
2987 4358 3219 4428 Τρωῖκόν
3265 4354 3479 4425 πόλεμον
3537 4357 3913 4424 συνενεχθέντα

2299 4447 2702 4516 προηγόρευσεν,
2758 4448 2875 4517 περὶ
2934 4440 2991 4503 ἧς
3050 4440 3439 4516 Ἀπολλόδωρος
3504 4444 3529 4494 ὁ
3604 4445 3911 4517 Ἐρυθραῖος

2302 4529 2647 4606 διεξέρχεται.
2703 4532 2862 4589 Ἐκτη
2922 4534 2952 4589 ὴ
3017 4537 3203 4603 Σαμία,
3265 4534 3329 4592 ἧς
3384 4536 3440 4583 τό
3501 4534 3680 4606 κύριον
3755 4538 3913 4603 ὄνομα

2294 4627 2447 4673 Φυτώ
2479 4641 2654 4693 φασιν.
2704 4616 2932 4693 Ἑϐδόμη
2984 4624 3012 4679 η
3056 4627 3267 4693 Κυμαία
3318 4625 3407 4692 μεν
3446 4625 3610 4691 γένος,
3657 4621 3821 4692 ὄνομα
3856 4618 3912 4672 δὶ

2303 4710 2603 4782 Ἀμάλθειαο
2665 4712 2712 4761 οἱ
2772 4708 2829 4762 δὲ
2892 4710 3178 4783 Ἐρωφίλην
3245 4715 3392 4782 φασί·
3450 4711 3594 4781 παρά
3670 4729 3783 4761 τισι
3855 4706 3913 4761 τῖε

2302 4799 2486 4857 κλῆσιν
2554 4801 2803 4870 ἠνέγκατο
2870 4796 3237 4873 Ταραξάνδρα.
3302 4798 3561 4871 Βιργίλιος
3611 4794 3671 4850 δὲ
3722 4801 3749 4850 ὁ
3796 4799 3913 4850 Ῥω-

2304 4893 2468 4961 μαίων
2516 4893 2734 4947 ττοιητὴς
2784 4887 3063 4958 Δηιφόϐην,
3108 4888 3265 4945 αὐτὴν
3314 4888 3575 4959 ὀνομάζει.
3635 4884 3832 4957 Ὀγδόη
3884 4892 3910 4943 ε

2301 4978 2715 5036 Ἐλλησποντείά
2778 4982 2894 5038 ἣτις
2951 4979 2999 5029 ἐν
3047 4983 3195 5050 κώμη
3251 4982 3514 5050 Μαρμισὼ
3567 4982 3664 5034 τὴν
3712 4983 3913 5048 γένεσιν

2306 5071 2461 5138 ἔσχεν
2515 5072 2631 5139 περὶ
2682 5072 2774 5124 τὴν
2837 5066 3091 5137 πολίχνην
3150 5071 3467 5139 Γεργετιόνα·
3537 5067 3639 5117 ὑπὸ
3694 5071 3786 5123 τὴν
3846 5067 3913 5117 iv.

2305 5162 2448 5229 ορίαν
2500 5153 2557 5209 δὲ
2597 5158 2724 5213 αὕτη
2780 5160 2901 5207 ποτε
2957 5165 3049 5217 τῆς
3092 5160 3283 5227 Τροίας
3313 5155 3615 5226 ἐτύγχανεν.
3664 5155 3849 5212 Ἐνάτη
3883 5158 3911 5211 ἦ

2306 5251 2523 5320 Φρυγία,
2580 5247 2696 5298 Ἐπί
2754 5252 2886 5296 πᾶσι
2937 5241 3147 5308 δεκάτη,
3203 5247 3231 5303 ἡ
3291 5250 3576 5317 Τιγουρτία
3615 5248 3708 5316 μὲν
3748 5250 3913 5315 γένος,

2304 5340 2462 5407 ὄνομα
2521 5332 2579 5388 δὲ
2637 5334 2933 5389 Ἀϐουναία.
2991 5337 3196 5396 Ταύτας
3246 5338 3375 5407 φασὶ
3432 5341 3531 5384 τῶν
3585 5342 3783 5406 φρενῶν
3837 5333 3912 5394 ἐξ·

2308 5428 2580 5497 ισταμένας
2632 5426 2697 5476 τὰ
2740 5422 2986 5495 μελλοντα
3027 5420 3395 5498 χρησμῳδεῖν·
3459 5429 3556 5474 τῶν
3603 5421 3914 5493 ὑπολαμϐα-

2119 5525 2164 5580 Ν
2170 5523 2350 5581 OT/E.

611 5630 725 5702 (33)
752 5630 833 5687 De
862 5627 1159 5699 categoria
1188 5627 1411 5693 ultima,
1464 5642 1600 5700 quae
1632 5630 1717 5683 est
1744 5627 1800 5678 τὸ
1855 5626 2015 5696 ἔχειν,
2044 5620 2193 5680 nihil
2238 5620 2420 5679 habet
2460 5620 2711 5677 Photius.
2759 5620 3156 5677 Pertractatur
3208 5618 3371 5695 apud
3410 5618 3584 5675 Arist.
3616 5634 3663 5674 c.
3700 5618 3815 5676 ult.
3848 5623 3911 5677 15

549 5722 622 5797 (c.
658 5724 718 5777 l2
743 5736 803 5800 p.
835 5720 905 5777 24
931 5718 1025 5786 ed,
1054 5719 1213 5777 Paris
1254 5716 1432 5790 1848).
