4116 6194
256 262 365 319 813
1295 261 1391 317 AD
1430 261 1979 321 AMPHILOCHIUM
2022 262 2343 331 QUIESTIO
2384 262 2821 322 CXLVIII-CLI.
3513 268 3619 325 8M

258 393 444 442 νόντων
494 382 553 440 δι
581 394 754 459 γραφῇ
798 389 919 449 τοὺς
947 390 1246 462 χρησμούς,
1279 386 1372 440 ούκ
1425 387 1647 460 ἑχόντων
1680 393 1864 461 σοφίαν

1995 388 2334 458 lescribere,
2357 405 2617 463 cumque
2642 390 2790 448 alias
2817 390 3109 448 velocitati
3126 391 3417 449 dictorum
3443 408 3620 466 pares

258 481 324 532 τὰ
362 473 832 550 χρησμῳδούμενα
869 479 1081 551 γράφειν
1132 479 1468 543 ἁπταίστως;
1507 478 1670 539 άλλως
1712 498 1765 531 τε
1805 475 1865 531 δι

1996 492 2097 535 Ion
2126 479 2411 536 haberent
2434 496 2665 547 manus,
2688 481 2828 536 hinc
2850 480 3160 544 accidisse,
3190 486 3250 538 ut
3282 481 3468 540 multa
3490 498 3621 540 ora-

257 574 347 620 καὶ
379 574 452 636 τῷ
484 567 640 637 τάχει
687 574 781 628 τῆς
812 572 970 639 φορᾶς
1016 573 1116 617 τῶν
1161 566 1322 637 λόγων
1370 566 1465 619 οῦκ
1504 566 1729 639 ἐχόντων
1763 588 1863 620 κα-

1993 568 2110 626 :ula
2137 570 2195 625 in
2234 569 2607 626 choliambos
2650 569 3045 635 deﬂecterent,
3093 586 3203 626 nec
3249 576 3493 643 possent
3535 573 3618 629 ul-

260 658 707 730 θυπηρετουμένας
758 657 847 716 τάς
898 662 1105 729 χεῖρας,
1165 655 1430 728 συμϐῆναι
1497 656 1712 719 πολλοὺς
1763 666 1861 709 τῶν

1996 658 2150 713 erius
2180 658 2506 715 emendari.
2542 659 2691 725 Quia
2721 659 3007 715 nimirum
3036 676 3175 715 cum
3208 659 3484 717 mulieres
3505 661 3620 718 illas

256 754 521 819 χρησμῶν
553 742 625 806 εἰς
649 741 991 816 χωλιάμϐους
1036 740 1304 797 διαπεσεῖν
1348 751 1437 798 καὶ
1467 750 1654 818 μηκέτι
1681 754 1862 819 τυχεῖν

1998 746 2360 803 Iaticinantes
2406 747 2467 803 in
2512 746 2984 819 praenuntiandis
3010 746 3222 803 futuris
3256 750 3471 804 mentis
3500 765 3623 806 non

260 830 613 908 διορθώσεως.
644 830 766 885 Ἀτε
814 829 882 891 δὴ
916 842 1014 885 τῶν
1041 837 1132 906 μὲν
1173 830 1519 908 χρησμῳδῶν
1544 840 1770 906 γυναίων
1814 834 1862 887 ἐν

1999 840 2281 907 :ompotes
2299 839 2518 901 essent,
2534 841 2858 908 postquam
2883 836 3250 893 vaticinandi
3270 837 3454 894 ﬁnem
3477 837 3624 895 fece-

257 922 502 975 ἐκστάσει
543 923 880 974 καθεστώτων
913 944 926 955 ·
960 919 1170 976 ἐπειδὰν
1218 928 1311 982 τὴν
1365 924 1586 996 ὓπαρξιν
1636 930 1863 998 προηγό-

2003 929 2120 987 ant,
2144 924 2376 980 nullum
2416 940 2623 981 eorum
2650 941 2784 998 quae
2822 924 3094 981 dixerant
3145 940 3394 981 sensum
3444 925 3627 983 habe-

255 1032 406 1087 ρευον
438 1020 537 1065 τῶν
563 1009 844 1084 μελλόντων
870 1030 881 1041 ⁸
903 1016 1237 1084 πεπαυμένων
1270 1009 1328 1065 δὲ
1358 1020 1449 1065 τοῦ
1474 1013 1861 1088 χρησμολογεῖν

1973 1011 2137 1079 bant,
2164 1028 2359 1086 neque
2386 1012 2536 1086 quid
2566 1013 2681 1070 sibi
2711 1013 2927 1070 vellent
2965 1013 3209 1071 oracula
3234 1013 3514 1072 sciebant.

255 1098 521 1175 μηδαμῶς
550 1102 801 1159 αἴσθησιν
840 1099 1065 1173 ἑχόντων
1091 1106 1223 1173 μήτε
1248 1101 1314 1153 ὧν
1339 1100 1529 1174 ἔλεγον,
1561 1105 1694 1175 μήτε
1722 1106 1775 1155 τί
1799 1100 1860 1154 ἀν

258 1189 533 1264 βούλοιντο
562 1191 625 1242 τὰ
650 1186 1167 1265 κεχρησμῳδημένα.

792 1303 1105 1351 ΕΡΩΤΗΣΙΣ
1140 1296 1307 1353 PNA'.
1975 1298 2295 1363 QUIESTIO
2332 1297 2437 1354 CLI
2502 1297 2710 1371 [00:31.
2754 1298 3059 1365 CLXXXIII,
3113 1298 3294 1356 Taur.
3351 1298 3621 1374 CLXXII].

258 1409 388 1478 Περὶ
437 1412 538 1456 τῶν
589 1408 836 1476 χρήσεων
890 1412 991 1479 τῶν
1043 1404 1138 1467 ἕξω
1185 1404 1235 1457 ἐν
1287 1412 1349 1477 τῇ
1412 1407 1635 1479 ἡμετέρᾳ
1682 1409 1858 1478 Γραφῇ

1995 1405 2061 1460 De
2076 1404 2459 1474 profanorum
2476 1411 2785 1479 auctorum
2816 1406 3158 1462 testimoniis
3182 1421 3309 1478 qua
3337 1408 3401 1464 in
3432 1408 3620 1466 sacris

860 1476 1253 1549 εὑρισκομένων.
1326 1476 1331 1477 ⁷
1449 1476 1457 1478 ⁷
1566 1476 1575 1479 ⁷
1721 1476 1728 1478 ⁷

1566 1476 1575 1479 ⁷
1721 1476 1728 1478 ⁷
2504 1477 2744 1533 Litteras
2774 1479 3128 1549 allegantur.

1368 1601 1523 1651 Edita
1560 1613 1594 1651 a
1643 1601 1782 1651 Maio
1806 1600 1939 1665 (Νου
1972 1601 2126 1657 σου..
2150 1604 2187 1649 t.
2211 1600 2296 1658 1X,
2329 1614 2381 1664 p.
2415 1602 2524 1657 101,
2554 1602 2683 1663 102).

332 1714 539 1779 Ἰούδας
584 1719 673 1789 μεν
706 1712 795 1769 ούν
826 1717 851 1769 6
878 1714 1167 1781 ἀπόστολος
1212 1716 1260 1770 ἐν
1290 1726 1353 1792 τῇ
1388 1718 1548 1771 αὐτοῦ
1577 1716 1858 1790 Ἐπιστολῇ
1901 1718 1942 1773 Β

2043 1718 2073 1771 J
2082 1717 2226 1773 udas
2243 1716 2488 1789 quidem
2506 1715 2838 1789 apostolus,
2854 1716 2913 1772 in
2933 1733 3046 1773 sua
3071 1715 3433 1789 Epistola,ex
3457 1717 3625 1776 libris

254 1806 316 1859 ἐκ
408 1815 506 1859 τῶν
574 1806 857 1878 λεγομένων
940 1805 1250 1880 ἀποκρύφων
1331 1812 1593 1870 Μωῦσίως
1670 1809 1862 1865 ταύτην

2001 1806 2335 1879 .pocryphis
2365 1805 2543 1878 Moysi
2586 1804 2883 1862 attributis
2938 1805 3100 1861 hunc
3153 1804 3321 1863 affert
3357 1806 3552 1864 locum
3606 1822 3626 1865 :

251 1898 474 1969 προάγει
532 1900 627 1953 τὴν
679 1899 905 1968 χρείαν·
957 1895 1015 1948 Ὀ
1070 1893 1128 1948 δὲ
1186 1897 1407 1969 Μιχαὴλ
1460 1897 1485 1948 6
1535 1894 1862 1972 ἀρχάγγελος

2031 1894 2281 1951 Michael
2299 1893 2697 1965 archangelus
2710 1910 2846 1951 cum
2865 1893 3107 1951 diabolo
3130 1894 3442 1967 disputans
3459 1895 3629 1953 alter-

252 1986 342 2038 ὅτε
396 1994 466 2055 τῷ
526 1980 755 2057 διαϐόλῳ
815 1981 1204 2058 διακρινόμενος
1276 1982 1527 2057 διελέγετο
1599 1990 1716 2057 περὶ
1772 1992 1862 2037 τοῦ

1999 1990 2205 2040 :aretur
2228 1986 2302 2040 de
2336 1984 2518 2056 Moysi
2540 2000 2806 2057 corpore,
2840 2000 2963 2041 non
2993 1988 3083 2039 est
3113 2001 3293 2039 ausus
3326 1985 3624 2055 judicium

253 2078 519 2134 Μωυσέως
580 2078 841 2145 σώματος,
897 2073 989 2126 ούκ
1048 2073 1300 2145 ἐτόλμησε
1356 2079 1530 2148 κρίσιν
1582 2072 1862 2145 ἐπενεγκεῖν

2001 2073 2185 2129 nferre
2216 2071 2615 2145 blasphemiae,
2650 2072 2755 2129 sed
2793 2072 2937 2129 dicit
2993 2090 3006 2128 :
3064 2074 3322 2144 Imperet
3366 2074 3469 2130 tibi
3510 2074 3626 2132 Do-

251 2148 620 2238 βλασιρημίας,
665 2161 771 2214 ἀλλ’
817 2164 952 2215 εἶπεν
983 2180 993 2192 ⁸
1032 2186 1058 2214 ιι
1087 2164 1433 2236 Ἐπιτιμήσαι
1469 2184 1552 2216 σοι
1585 2167 1789 2236 Κύριος.
1835 2185 1856 2212 ι

1999 2163 2197 2219 ninus.
2238 2184 2259 2213 ι
2294 2163 2354 2217 In
2394 2161 2607 2217 cadem
2650 2161 2928 2234 Epistola,
2960 2177 3033 2217 ex
3061 2161 3227 2218 libris
3258 2163 3624 2236 apocryphis

246 2253 333 2308 Ἐν
367 2249 425 2305 δε
468 2261 530 2326 τῇ
566 2252 695 2325 αὐτῇ
743 2252 1021 2325 Ἐπιστολῇ
1074 2260 1173 2305 τῶν
1201 2252 1372 2325 Ἐνὼχ
1421 2251 1730 2326 ἀποκρύφων
1762 2251 1861 2305 ἐτέ-

1999 2252 2190 2318 inoch,
2223 2250 2409 2307 alium
2439 2250 2790 2322 hujusmodi
2819 2251 3017 2306 locum
3047 2257 3343 2308 memorat
3376 2268 3388 2307 :
3446 2254 3624 2310 «Ecce

246 2363 349 2415 ρας
380 2343 684 2414 μνημονεύει
714 2343 979 2403 τοιαύτης·
1007 2364 1034 2391 ιι
1059 2338 1201 2394 Ἰδοὺ
1239 2339 1361 2400 ἦλθε
1396 2346 1585 2416 Κύριος
1616 2340 1662 2393 ἓν
1694 2340 1863 2409 ἁγίοις

2000 2343 2125 2398 'enit
2156 2342 2443 2397 Dominus
2466 2341 2526 2397 in
2553 2342 2773 2398 sanctis
2804 2340 3065 2397 millibus
3093 2342 3216 2397 suis
3252 2341 3442 2398 facere
3461 2342 3625 2414 judi-

246 2432 508 2505 μυριάσιν
564 2430 724 2482 αὐτοῦ
775 2438 998 2489 ποιῆσαι
1056 2436 1230 2503 κρίσιν
1286 2434 1421 2482 κατά
1477 2433 1703 2495 πάντων,
1770 2431 1857 2482 καὶ

2006 2431 2130 2486 ium
2161 2435 2371 2486 contra
2402 2445 2612 2486 omnes
2645 2434 2702 2487 et
2754 2446 3002 2501 arguere
3054 2445 3264 2486 omnes
3306 2430 3512 2503 impios
3551 2430 3626 2488 de

249 2518 457 2591 ἐλέγξαι
528 2520 725 2579 πάντας
789 2522 911 2579 τοὺς
994 2517 1197 2582 ἀσεϐεῖς
1260 2524 1385 2592 ’περὶ
1444 2522 1645 2571 πάντων
1697 2521 1857 2591 ἔργων

1998 2518 2248 2574 Imnibus
2275 2517 2559 2591 operibus
2600 2517 2922 2591 impietatis
2950 2533 3159 2573 eorum
3188 2518 3410 2590 quibus
3441 2517 3623 2590 impie

252 2607 500 2670 ἀσεϐείας
534 2608 697 2659 αὐτῶν
750 2607 817 2658 ὧν
866 2607 1154 2677 ἠσέϐησαν,
1186 2613 1275 2661 καὶ
1334 2613 1447 2682 περὶ
1505 2608 1707 2661 πάντων
1759 2616 1859 2660 τῶν

2004 2611 2237 2678 gerunt,
2263 2606 2403 2664 etde
2420 2606 2702 2663 omnibus
2716 2606 2880 2662 duris
2897 2623 3035 2680 quae
3053 2605 3235 2663 locuti
3258 2610 3397 2663 sunt
3414 2612 3624 2663 contra

252 2698 497 2772 σκληρῶν
555 2698 621 2748 ὧν
686 2696 939 2755 ίλάλησαν
988 2699 1103 2749 κατ’
1172 2698 1331 2749 αὐτοῦ
1390 2696 1688 2772 ἁμαρτωλοὶ
1741 2695 1860 2749 ἀσε-

1993 2697 2157 2753 )eum
2188 2696 2356 2769 impii
2378 2703 2740 2770 peccatores.
2762 2718 2789 2745 »
2818 2695 3008 2752 Lucas
3040 2700 3264 2762 autem,
3293 2697 3354 2752 in
3373 2696 3618 2753 Actibus

248 2786 379 2848 ϐεῖς.
418 2809 445 2838 ››
496 2792 702 2848 Λουκᾶς
750 2782 808 2839 δὲ
863 2785 912 2838 ἐν
960 2793 1075 2848 ταῖς
1120 2783 1415 2839 ἀποστόλων
1465 2785 1721 2860 Πράξεσιν
1770 2789 1855 2838 τόν

1999 2784 2387 2858 .postolorum,
2419 2784 2666 2842 beatum
2705 2784 2947 2841 adducit
2976 2784 3227 2841 Paulum
3258 2800 3329 2840 ex
3368 2784 3624 2841 heroicis

247 2878 514 2950 μακάριον
562 2875 762 2946 εἰσάγει
818 2875 1017 2927 Παῦλον
1065 2874 1117 2927 ἐκ
1165 2885 1263 2928 τῶν
1307 2884 1398 2928 τοῦ
1440 2877 1658 2950 Ἀράτου
1699 2877 1856 2949 ἡρωί-

1995 2873 2232 2930 'ersibus
2262 2875 2420 2930 Arati
2451 2873 2651 2930 locum
2682 2873 3010 2947 quemdam
3039 2872 3118 2928 ad
3147 2873 3529 2929 Athenienses
3560 2873 3620 2930 in

236 2974 349 3018 κῶν
403 2969 602 3037 στίχων
653 2968 808 3039 μέρος
859 2984 909 3017 τι
962 2969 1091 3038 πρὸς
1144 2970 1264 3027 τούς
1318 2965 1627 3027 Ἀθηναίους
1685 2964 1733 3017 ἐν
1780 2973 1852 3036 τῷ

1997 2962 2620 3029 ermoneaﬂ‘erentem,
2646 2961 2705 3017 in
2732 2961 2954 3033 quibus
2979 2960 3123 3018 dicit
3148 2977 3160 3014 :
3195 2961 3395 3018 «Sicut
3416 2965 3475 3017 et
3503 2962 3622 3034 qui-

238 3051 582 3126 διαλέγεσθαι
639 3055 1030 3129 προκομίζοντα
1086 3054 1133 3106 ἐν
1192 3055 1270 3115 οἷς
1322 3074 1500 3128 φησιν,
1557 3076 1581 3105 ιι
1621 3054 1704 3115 Ὠς
1762 3060 1851 3107 καί

1993 3052 2104 3107 lam
2126 3055 2430 3124 poetarum
2444 3054 2779 3107 vestrorum
2801 3049 3113 3115 dixerunt;
3146 3050 3339 3122 Ipsius
3351 3054 3409 3106 et
3429 3064 3618 3120 genus

235 3164 376 3206 τινες
444 3152 543 3196 τῶν
609 3144 725 3196 καθ’
802 3145 933 3216 ὑμᾶς
988 3152 1218 3202 ποιητῶν
1271 3144 1515 3218 εἰρήκασι
1546 3166 1558 3177 ο
1608 3152 1698 3196 τοῦ
1746 3146 1847 3217 γὰρ

1994 3157 2186 3195 umus.
2208 3160 2236 3192 »
2253 3141 2464 3197 Beatus
2484 3143 2683 3196 autem
2700 3138 2942 3202 Paulus,
2962 3139 3020 3193 in
3040 3137 3304 3210 Epistola
3315 3138 3394 3195 ad
3420 3138 3617 3194 Corin-

233 3238 333 3287 καὶ
388 3238 525 3306 γένος
583 3231 755 3306 ἔσμέν.
789 3253 815 3284 ))
865 3233 924 3285 Ὀ
982 3229 1039 3286 δὲ
1096 3234 1355 3306 μακάριος
1422 3232 1623 3295 Παῦλος
1676 3235 1722 3285 ἐν
1784 3240 1845 3305 τῇ

1994 3230 2113 3286 hios
2143 3246 2216 3285 ex
2240 3228 2403 3285 libris
2427 3228 2790 3301 apocryphis
2821 3228 3127 3300 prophetas
3158 3227 3293 3284 Elim
3325 3228 3619 3284 attributis

233 3326 371 3397 πρός
433 3323 725 3399 Κορινθίους
783 3322 1059 3394 Ἐπιστολῇ
1121 3320 1176 3373 ἐκ
1244 3330 1343 3373 τῶν
1420 3320 1703 3393 λεγομένων
1759 3328 1849 3373 τοῦ

1992 3334 2119 3375 :unc
2140 3318 2340 3375 locum
2358 3322 2685 3375 memorat:
2711 3338 2735 3369 ιι
2756 3316 2976 3374 Oculus
3000 3332 3121 3373 non
3136 3316 3301 3383 vidit,
3321 3332 3427 3373 nec
3457 3315 3617 3373 auris

233 3419 511 3487 προφήτου
607 3411 783 3465 Ἠλίου
866 3410 1177 3486 ἀποκρύφων
1260 3413 1456 3474 ταύτης
1540 3414 1849 3483 μνημονεύει

2000 3406 2201 3472 udivit.
2237 3423 2347 3463 nec
2372 3407 2432 3462 in
2458 3422 2561 3463 cor
2575 3405 2839 3463 hominis
2866 3404 3132 3461 ascendit
3152 3420 3290 3477 qum
3317 3420 3615 3477 praepara-

232 3510 333 3563 τῆς
390 3509 561 3575 φωνῆς
591 3523 602 3534 ·
649 3523 676 3551 ιι
724 3500 787 3553 Ἃ
829 3499 1084 3573 ὀφθαλμός
1151 3498 1244 3551 οῦκ
1298 3494 1423 3563 εἶδε,
1474 3505 1563 3551 καὶ
1612 3499 1700 3561 οῦς
1754 3504 1847 3551 ούκ

1983 3498 2036 3552 νὶῑ
2062 3499 2211 3552 Deus
2228 3496 2345 3552 illis
2363 3495 2468 3570 qui
2491 3494 2742 3568 diligunt
2759 3494 2945 3550 illum.
2966 3495 3075 3550 »1η
3098 3494 3308 3551 eadem
3327 3492 3608 3567 Epistola,

233 3597 457 3658 ἤκουσε,
523 3595 612 3643 καὶ
685 3591 768 3644 ἐπὶ
836 3586 1062 3666 καρδίαν
1117 3587 1386 3661 ἀνθρώπου
1456 3588 1549 3641 ούκ
1608 3586 1781 3653 ἀνέϐη,
1815 3588 1849 3641 ἃ

1988 3584 2203 3659 .liquod
2216 3584 2460 3656 vulgare
2474 3589 2528 3641 et
2540 3583 2879 3641 laconicum
2897 3582 3281 3654 proverbium
3299 3587 3613 3651 memorat,

232 3685 530 3753 ἡτοίμασεν
556 3682 580 3731 6
608 3683 735 3742 Θεὸς
762 3687 867 3740 τοῖς
898 3678 1173 3751 ἀγαπῶσιν
1201 3678 1375 3732 αὐτόν.
1404 3699 1426 3729 ι)
1462 3677 1543 3731 Ἐν
1576 3674 1635 3731 δὲ
1662 3686 1723 3750 τῇ
1758 3677 1848 3730 αὖ·

1987 3675 2122 3747 [ιιοά
2147 3679 2204 3731 et
2232 3673 2537 3747 proferens
2583 3672 2764 3729 Isaias
2792 3671 3089 3745 propheta
3127 3670 3186 3726 in
3238 3671 3357 3727 suis
3391 3686 3612 3728 sermo-

232 3778 305 3844 τῇ
364 3766 649 3841 δημώδους
702 3771 837 3829 τινὸς
886 3767 1179 3827 λακωνικῆς
1235 3771 1493 3839 μέμνηται
1537 3770 1842 3839 παροιμίας,

1990 3764 2135 3820 ibus
2160 3763 2424 3836 disponit
2454 3780 2467 3819 :
2509 3785 2537 3815 «
2591 3762 3015 3819 Manducemus
3061 3765 3118 3817 et
3141 3758 3451 3825 bibamus,
3482 3776 3615 3817 cras

238 3861 307 3919 ἢν
360 3864 448 3910 καὶ
506 3858 775 3933 προλαϐὼν
824 3858 1048 3917 Ἠσαίας
1092 3857 1117 3907 6
1162 3860 1430 3928 προφήτης
1478 3854 1524 3907 ἐν
1571 3861 1679 3917 τοῖς
1726 3854 1848 3907 ἐαυ-

1983 3853 2116 3909 :nim
2138 3852 2511 3910 moriemur.»
2539 3851 2601 3907 In
2620 3852 2832 3908 eadem
2862 3851 3030 3907 etiam
3054 3849 3340 3922 Epistola,
3371 3851 3608 3906 Menan-

232 3957 330 4002 τοῦ
374 3950 683 4000 κατατάττει
724 3946 940 4018 λόγοις·
987 3968 1015 3994 ιι
1061 3947 1306 4017 Φάγωμεν
1355 3949 1443 3997 καὶ
1486 3948 1680 4015 πίωμεν
1709 3965 1720 3977 ·
1753 3947 1844 3996 αύ-

1985 3942 2132 3998 lrum
2157 3942 2453 3998 comicum
2484 3940 2583 4014 qui
2623 3940 2867 4015 quidem
2919 3939 3242 3995 sententias
3272 3937 3610 4012 aliquorum

230 4058 350 4114 ριον
387 4041 486 4112 γὰρ
533 4035 946 4109 ἀποθνήσκομεν.
982 4055 1011 4087 ›)
1042 4033 1155 4088 Ἔτι
1188 4031 1246 4087 δὲ
1278 4032 1327 4086 ἐν
1373 4042 1434 4106 τῇ
1472 4033 1601 4105 αὐτῇ
1636 4035 1842 4085 ἐπιστο-

1987 4036 2216 4088 eterum
2246 4029 2571 4101 consignat,
2611 4033 2905 4085 memorat
2934 4028 3018 4082 sic
3042 4026 3348 4100 loquendo
3380 4046 3446 4080 :«
3478 4030 3612 4084 Cor-

229 4111 324 4201 λῇ,
376 4111 677 4200 Μενάνδρου
721 4132 814 4177 τοῦ
861 4131 1115 4197 κωμικοῦ,
1160 4128 1368 4196 γνώμας
1417 4119 1475 4174 δι
1518 4124 1676 4183 αὐτὸς
1724 4119 1845 4174 ἀνα-

1979 4124 2244 4193 umpunt
2265 4134 2462 4175 mores
2481 4119 2672 4174 bonos
2696 4116 2995 4188 colloquia
3025 4115 3208 4184 mala,
3243 4136 3270 4165 ››
3298 4121 3355 4171 et
3376 4111 3604 4170 ctiatera.

229 4214 492 4290 γράφεται
562 4213 797 4289 ἀρχαίων
871 4222 1041 4276 τινῶν,
1098 4216 1356 4283 μέμνηται
1410 4210 1568 4281 λέγων
1630 4210 1794 4271 οὕτως
1826 4231 1839 4247 ο

1982 4213 2017 4265 lt
2048 4209 2294 4281 quidem
2324 4208 2385 4263 in
2415 4205 2676 4280 Epistola
2693 4206 2771 4263 ad
2797 4205 3054 4271 Galatas,
3080 4220 3151 4260 ex
3170 4203 3337 4261 libris
3359 4217 3607 4275 apocry-

235 4328 268 4359 ιι
309 4307 612 4377 Φθείρουσιν
657 4305 757 4363 ἤθη
789 4304 1009 4375 χρηστὰ
1040 4300 1240 4372 ὁμιλίαι
1269 4304 1448 4352 κακαί·
1480 4319 1508 4350 ››
1560 4304 1649 4351 καὶ
1678 4299 1798 4361 ἑξῆς
1826 4319 1839 4332 ·

1985 4299 2088 4353 Ihis
2121 4300 2348 4369 Moyses
2367 4295 2651 4351 utiturhis
2684 4293 2875 4351 verbis
2910 4309 2922 4349 :
2954 4315 2982 4343 «
3014 4296 3214 4365 Neque
3239 4292 3610 4349 circumcisio

236 4399 340 4449 Καὶ
385 4399 487 4466 μὴν
540 4398 629 4445 καὶ
672 4392 720 4445 ἐν
771 4390 832 4464 τῇ
887 4395 1018 4465 πρὸς
1067 4389 1299 4452 Γαλάτας
1337 4392 1390 4441 ἐκ
1438 4396 1535 4440 τῶν
1581 4392 1843 4449 Μωῦσέως

1980 4386 2071 4460 Iliq
2080 4385 2180 4442 uid
2192 4385 2365 4449 valet,
2381 4399 2575 4457 neque
2588 4383 2974 4456 praeputium,
2990 4381 3096 4437 sed
3110 4396 3269 4437 nova
3298 4385 3568 4436 creatura
3592 4396 3605 4447 ;

233 4484 548 4556 ἀποκρύφων
599 4485 861 4555 κέχρηται
899 4488 960 4553 τῇ
1018 4480 1241 4552 λεγούσῃ
1290 4486 1426 4551 φωνῇ
1458 4500 1470 4510 ·
1521 4497 1550 4529 ιι
1584 4479 1715 4530 Οὔτε
1753 4496 1842 4529 πε-

1986 4481 2007 4532 t
2031 4476 2377 4549 quicunque
2404 4473 2560 4530 hanc
2586 4471 2859 4545 regulam
2888 4471 3071 4527 secuti
3103 4469 3340 4536 fuerint,
3371 4484 3488 4541 pax
3510 4484 3609 4525 su-

231 4578 427 4648 ρετομὴ
495 4592 549 4624 τι
630 4571 831 4643 ἰσχύει,
888 4573 1005 4622 οὔτε
1085 4567 1426 4643 ἀκροϐυστία,
1485 4566 1611 4619 ἀλλὰ
1688 4571 1838 4628 καινή

1978 4581 2056 4621 Ier
2075 4565 2206 4621 illos
2233 4570 2290 4619 et
2305 4562 2712 4619 misericordia
2724 4567 2970 4633 etsuper
2985 4558 3161 4616 Israel
3197 4558 3317 4615 Dei.
3347 4558 3518 4648 »VSed
3546 4561 3603 4615 et

232 4668 412 4724 κτίσις
446 4682 458 4695 ’
518 4665 608 4713 καὶ
661 4661 777 4713 ὅσοι
829 4667 902 4731 τῷ
955 4663 1132 4711 κανόνι
1196 4660 1363 4728 τούτῳ
1428 4661 1840 4728 στοιχήσουσιν,

1985 4671 2010 4710 1
2043 4652 2298 4726 Epistola
2323 4653 2402 4709 ad
2427 4650 2738 4725 Ephesios,
2769 4666 2841 4708 ex
2870 4649 3037 4707 libris
3067 4647 3430 4722 apocryphis
3451 4649 3610 4704 lere-

234 4753 409 4827 εἰρήνη
470 4750 549 4803 ἐπ’
616 4749 806 4810 αὐτούς
856 4754 945 4802 καὶ
997 4748 1131 4809 ἔλεος
1197 4750 1282 4799 καὶ
1334 4746 1419 4799 ἰπὶ
1484 4749 1570 4797 τόν
1626 4746 1841 4818 Ἰσραὴλ

1981 4744 2120 4800 nim:
2159 4765 2188 4793 ιι
2221 4744 2426 4814 Surge,
2454 4741 2558 4814 qui
2579 4740 2827 4807 dormis,
2852 4745 2908 4796 et
2938 4752 3191 4809 exsurge
3213 4754 3250 4795 a
3272 4736 3523 4793 mortuis
3550 4741 3606 4793 et

233 4824 330 4894 τοῦ
380 4846 594 4893 Θεοῦ.»
631 4838 785 4892 Ἀλλά
824 4842 912 4890 καὶ
956 4836 1003 4888 ἓν
1051 4845 1113 4908 τῇ
1162 4838 1289 4911 πρὸς
1338 4835 1604 4907 Ἐφεσίους
1645 4833 1699 4886 ἐκ
1742 4843 1840 4887 τῶν

1979 4831 2313 4889 lluminabit
2342 4837 2396 4888 te
2417 4831 2701 4888 Christus.
2729 4850 2758 4881 »
2798 4832 2862 4885 Et
2895 4830 2956 4885 in
2989 4826 3253 4901 Epistola
3281 4825 3359 4883 ad
3385 4824 3604 4893 Titum,

231 4930 518 5001 λεγομένων
559 4926 802 5000 Ἰερεμίου
853 4925 1162 5000 ἀποκρύφων
1196 4947 1207 4959 ο
1245 4948 1272 4974 ιι
1301 4924 1554 4998 Ἐγειραι,
1590 4925 1615 4976 6
1659 4925 1843 4976 καθεύ-

1983 4921 2339 4994 ipimenidaa,
2359 4921 2515 4977 vatis
2539 4919 2852 4986 Cretensis,
2875 4918 3254 4990 prophetiam
3282 4919 3506 4982 narrat,
3533 4915 3608 4972 de

234 5015 364 5081 δων,
417 5022 503 5069 καὶ
553 5015 756 5068 ἀνάστα
803 5014 857 5067 ἐκ
906 5024 1004 5067 τῶν
1053 5023 1242 5089 νεκρῶν
1291 5019 1381 5066 καὶ
1430 5012 1703 5085 ἐπιφαύσει
1756 5030 1841 5065 σοι.

1981 5028 2070 5085 [ua
2097 5011 2277 5067 etiam
2303 5011 2663 5066 mentionem
2680 5008 2817 5065 facit
2837 5006 3233 5064 Callimachus
3249 5004 3311 5062 in
3333 5020 3444 5061 suo
3469 5019 3606 5077 poe-

237 5110 482 5181 Χριστός.
519 5128 537 5155 ε
574 5110 672 5158 Καὶ
726 5103 773 5157 ἐν
818 5113 877 5177 τῇ
912 5107 1043 5178 πρὸς
1079 5110 1230 5156 Τῖτον
1279 5099 1338 5155 δὲ
1376 5101 1653 5174 Ἐπιστολῇ
1700 5102 1840 5155 Ἐτιί⁸

1975 5105 2122 5157 nate.
2151 5099 2304 5156 Dixit
2329 5099 2575 5173 quidam
2612 5113 2685 5153 ex
2718 5097 2828 5152 illis
2859 5097 3139 5169 proprius
3170 5096 3441 5168 ipsorum
3467 5109 3600 5167 pro-

231 5192 477 5273 μενίδους
506 5213 559 5247 τε
605 5202 694 5247 τοῦ
739 5196 969 5266 μάντεως
1015 5200 1210 5267 κρητοῦ
1258 5192 1529 5263 καταλέγει
1570 5194 1656 5243 τόν
1700 5210 1839 5263 χρη-

1979 5191 2121 5246 Iheta
2151 5205 2162 5245 :
2202 5209 2226 5240 «
2262 5190 2561 5244 Cretenses
2584 5201 2818 5259 semper
2839 5184 3182 5250 mendaces,
3203 5182 3361 5240 malas
3380 5180 3604 5251 bestiae,

235 5290 391 5360 σμόν,
444 5285 504 5337 οῦ
575 5290 663 5337 καὶ
724 5284 1058 5356 Καλλίμαχος
1140 5287 1399 5355 μέμνηται
1468 5279 1514 5332 ἐν
1588 5288 1649 5353 τῇ
1722 5276 1836 5353 ἰδίᾳ

1948 5284 2183 5334 ventres
2232 5278 2384 5350 pigri
2410 5294 2423 5341 ;
2456 5275 2864 5333 testimonium
2896 5275 2993 5332 hic
3021 5289 3233 5330 verum
3262 5276 3353 5330 est
3383 5315 3397 5339 ,
3434 5292 3463 5325 ››

230 5379 466 5433 ποιησει.
499 5371 650 5427 Εἶπέν
692 5393 772 5435 τις
801 5372 853 5435 ἐξ
892 5372 1060 5425 αὐτῶν
1090 5376 1382 5443 προφήτης.
1418 5376 1615 5444 Κρῆτες
1647 5368 1725 5422 ἀεὶ
1762 5369 2009 5441 ψεῦσται,
2042 5369 2177 5419 κατὰ
2221 5368 2398 5437 θηρία,
2425 5371 2677 5438 γαστέρες
2705 5364 2882 5440 ἀργαί*
2907 5363 2965 5417 ’Π
2997 5368 3266 5438 μαρτυρία
3293 5362 3426 5421 αὕτη
3469 5360 3607 5414 ἐστὶν

240 5464 335 5522 ἁλη
347 5465 406 5522 Gri
422 5483 462 5526 ςι
