4116 6194
499 237 617 295 815

788 471 913 526 Cur
940 486 1121 528 sacrm
1144 471 1375 527 Littera:
1411 472 1677 529 obscurae
1727 471 1865 527 sint.

1762 235 2000 291 PiIOTII
2042 235 2522 293 PATRIARCH/E
2562 236 2668 291 ΟΡ.

645 362 965 429 ΟΙΙᾸΞΞΤΙΟ
998 362 1133 420 CLII
1167 362 1375 435 [Coisl.
1408 363 1580 419 CXLI.
1623 364 1800 419 Taur.
1833 362 2007 432 CLX].
2185 365 2231 419 A

3762 234 3870 291 816

2815 366 3129 415 ΕΡΩΤΗΣΙΣ
3164 360 3320 415 ΡΝΒ’.

2532 472 2595 521 Τί
2624 468 2767 520 ἐστιν
2793 470 2822 528 ἡ
2854 467 3079 541 ἀσάφεια
3103 477 3198 532 τῆς
3218 475 3430 545 Γραφῆς
3461 468 3595 541 (34).

1497 570 1651 619 Edita
1684 584 1715 619 a
1746 570 1879 619 Maio
1917 569 2064 630 (Nov.
2098 567 2249 622 0011.,
2284 569 2320 615 t.
2375 568 2415 621 Ι,
2444 580 2496 629 p.
2532 568 2640 623 170,
2676 568 2805 627 171).

574 659 759 716 Multis
790 659 864 714 de
895 658 1087 713 causis
1119 676 1301 715 sacrm
1335 659 1559 715 Litteras
1598 660 1956 715 obscuritate
1999 658 2157 713 labo-

502 754 651 804 rant.
688 748 730 801 Ι.
774 748 921 813 Quia
951 748 1146 803 omnis
1172 748 1377 817 lingua
1426 749 1485 802 in
1518 747 1685 803 aliam
1717 763 2029 815 conversa,
2059 763 2159 818 po-

502 837 777 893 sitionem
802 853 973 893 suam
989 838 1218 893 amittit.
1241 838 1308 892 II.
1339 838 1483 903 Quia
1511 853 1863 910 synonymaa
1883 837 2157 892 Hebraeo-

501 943 637 985 rum
685 943 862 983 voces
901 942 1022 982 non
1073 928 1215 982 satis
1261 928 1338 982 ab
1390 926 1808 997 interpretibus
1854 926 2158 981 intellectas

504 1020 746 1076 fuerunt
778 1039 789 1069 :
824 1016 1001 1072 veluti
1033 1016 1195 1088 apud
1227 1020 1455 1073 Graecos
1486 1016 1659 1085 καλός,
1693 1016 1865 1087 cujus
1927 1032 2037 1088 pro
2066 1014 2159 1070 di-

502 1109 781 1166 versitate
809 1110 1083 1162 accentus
1106 1106 1464 1176 significatio
1496 1106 1716 1163 variat:
1760 1106 1899 1161 item
1942 1124 2078 1174 ορος,
2104 1109 2160 1159 et

504 1197 741 1254 similia.
770 1199 917 1251 Nam
945 1196 1099 1255 καλός
1120 1200 1447 1267 oxytonum
1476 1195 1769 1265 signiﬁcat
1802 1194 2153 1259 formosum,

502 1288 832 1348 decentem,
878 1284 1103 1340 virtutis
1136 1285 1493 1354 studiosum,
1528 1283 1749 1339 utilem.
1788 1282 1952 1345 Κάλος
1986 1298 2157 1354 paro-

501 1382 796 1448 xytouum
836 1374 1147 1430 rudentem
1200 1374 1372 1429 navis
1422 1372 1738 1443 signiﬁcat.
1794 1375 2011 1428 Rursus
2042 1390 2159 1446 ορος

502 1468 942 1538 paroxytonum
969 1463 1054 1519 vel
1075 1463 1444 1518 estdeﬁnitio
1467 1463 1717 1533 alicujus
1745 1462 1850 1524 rei,
1878 1460 1971 1516 vel
2000 1461 2159 1533 (ὅρος)

505 1554 667 1610 collis
706 1554 973 1609 celsusve
1012 1552 1176 1609 locus
1229 1572 1241 1608 ε
1276 1558 1607 1624 oxytonum
1649 1555 1848 1607 autem
1875 1550 1989 1625 ὀρὸς
2020 1566 2159 1623 pars

507 1658 736 1715 aquosa
764 1641 935 1697 lactis
966 1647 1074 1696 est.
1112 1642 1200 1696 IlI.
1241 1640 1532 1697 Nonnulla
1564 1646 1700 1695 sunt
1748 1640 2032 1695 Hebraica
2058 1656 2157 1692 vo-

491 1730 741 1807 cabula,
787 1746 920 1801 quae
953 1746 1060 1801 pro
1089 1746 1200 1785 sua
1229 1734 1439 1785 natura
1480 1746 1613 1783 cum
1654 1728 1833 1785 Graeci
1874 1730 2157 1799 interpre-

497 1821 615 1876 tari
649 1836 766 1875 non
801 1825 1065 1890 possent,
1118 1820 1341 1875 intacta
1392 1819 1777 1891 reliquerunt,
1822 1817 2159 1887 cujusmodi

508 1917 596 1965 est
620 1910 783 1981 apud
814 1908 1126 1965 Jeremiam
1152 1925 1352 1965 carcer
1373 1908 1600 1963 sinoch.
1636 1909 1724 1962 IV.
1754 1907 2159 1978 Interpunctio

508 1999 647 2054 item
676 2014 827 2070 saepe
853 1998 1007 2070 parit
1052 1998 1498 2061 obscuritatem,
1534 2003 1595 2051 ut
1627 2015 1639 2051 :
1686 1996 1827 2052 boni
1872 2001 2044 2051 erunt
2075 1996 2159 2049 in-

507 2087 647 2143 00133
673 2090 841 2142 terrm
876 2104 888 2152 ;
922 2086 1035 2141 nisi
1064 2085 1285 2141 scilicet
1310 2086 1807 2157 interpungamus
1831 2090 1962 2156 post
2001 2085 2155 2141 boni.

504 2176 574 2231 V.
608 2179 900 2232 Accentus
930 2191 1173 2247 quoque
1202 2176 1541 2231 varietatem
1575 2174 1711 2230 facit
1753 2191 1765 2229 :
1796 2174 1974 2229 veluti
2015 2172 2156 2247 ἀρχὴ

509 2270 691 2338 σοφίας
719 2264 954 2320 initium
984 2265 1304 2335 sapientiae,
1356 2280 1556 2336 quaere
1589 2264 1942 2334 sapientiam
1989 2280 2002 2328 ;
2045 2264 2159 2317 nisi

509 2355 726 2410 scilicet
764 2358 1205 2425 paroxytonum
1269 2354 1602 2408 scribamus
1650 2355 1786 2426 ἄρχε
1854 2353 2006 2421 (loco
2069 2360 2160 2403 τοῦ

510 2442 679 2515 ἀρχὴ)
712 2444 1079 2513 verbumque
1102 2457 1233 2496 esse
1263 2442 1685 2511 intelligamus.
1718 2442 1805 2494 VI.
1839 2440 2162 2510 Complura

508 2530 671 2601 apud
701 2531 979 2585 Hebraeos
1014 2530 1190 2584 unica
1223 2529 1638 2584 terminatione
1672 2529 2037 2597 singularem
2054 2545 2161 2584 nu-

513 2632 748 2673 merum
780 2616 1192 2688 pluralemque
1232 2618 1538 2680 denotant,
1581 2619 1734 2673 Deus
1792 2622 1847 2672 et
1905 2616 2007 2673 dii.
2042 2618 2157 2672 VII.

508 2705 691 2763 Multa
716 2720 1007 2777 personas
1036 2710 1381 2777 permutant
1408 2723 1420 2771 ;
1456 2723 1597 2762 nam
1631 2708 1772 2761 illud
1796 2706 2157 2771 Abrahamo,

508 2811 671 2851 nunc
691 2794 935 2865 cognovi
963 2794 1125 2866 quod
1153 2795 1322 2850 times
1340 2798 1545 2861 Deum,
1580 2813 1701 2869 pro.
1723 2797 2043 2867 cognoscis,
2075 2795 2160 2850 di-

508 2890 666 2941 ctum
683 2886 823 2940 est‘.
850 2883 987 2938 VIII.
1008 2883 1336 2940 Generibus
1350 2900 1592 2957 quoque
1609 2890 1967 2957 praepostere
1991 2889 2161 2940 utun-

509 2979 607 3029 tur
636 2972 861 3029 Hebraei
891 2994 905 3040 ;
938 2973 1143 3028 lunam
1190 2973 1349 3029 enim
1382 2980 1438 3029 et
1471 2991 1633 3031 mare
1666 2973 1996 3029 masculino
2067 2990 2164 3044 ge-

507 3079 648 3120 nere
673 3063 944 3118 eﬁerunl.
979 3063 1064 3119 IX.
1098 3062 1262 3135 Saape
1294 3063 1455 3119 aliud
1487 3064 1667 3127 deest,
1718 3068 1802 3132 ut,
1834 3064 2163 3119 ascendunt

507 3158 732 3209 montes
759 3157 814 3208 et
840 3152 1204 3208 descendunt
1230 3153 1438 3221 campi.
1476 3153 1851 3208 Desideratur
1876 3153 2163 3207 nimirum

508 3241 802 3315 particula
849 3241 1047 3307 sicuti,
1098 3258 1315 3313 nempe
1359 3243 1686 3299 ascendunt
1729 3242 1902 3298 sicuti
1944 3249 2165 3297 montes
2203 3269 2243 3325 ο

510 3331 674 3403 (nam
703 3329 777 3385 de
811 3328 1091 3385 ﬂuctibus
1141 3346 1338 3386 sermo
1388 3331 1495 3401 est)
1537 3339 1592 3386 et
1641 3332 1949 3386 subsidunt
1993 3330 2167 3386 sicuti

510 3417 745 3488 campi”.
780 3420 842 3474 X.
874 3418 1020 3473 Cum
1068 3418 1127 3472 in
1168 3419 1505 3490 captivitate
1545 3420 1790 3476 cremati
1837 3419 1971 3475 libri
2026 3420 2168 3473 fuiso

511 3510 685 3561 sent:
731 3521 801 3560 ac
836 3504 1051 3559 deinde
1098 3504 1256 3560 clam
1311 3506 1517 3579 aliqua
1570 3508 1935 3580 exemplaria
1979 3507 2163 3563 mitte-

510 3597 717 3651 rentur
746 3594 1002 3648 invicem
1042 3592 1113 3649 ab
1151 3594 1701 3667 Hierosolymorum
1750 3602 1805 3652 et
1846 3596 2166 3667 Babylonis

510 3682 743 3747 incolis,
780 3681 1008 3736 insidiis
1053 3684 1286 3738 structis
1312 3684 1512 3740 nescio
1543 3686 1645 3757 qui
1692 3685 1876 3740 libros
1931 3684 2166 3756 diripie-

510 3772 678 3828 bant.
714 3770 937 3826 Hebraei
965 3775 1165 3827 autem
1196 3789 1399 3828 rursus
1414 3790 1517 3845 per
1549 3773 1847 3844 symbola,
1871 3790 2006 3846 quae
2034 3773 2168 3829 alie-

515 3875 685 3931 genae
716 3875 837 3915 non
868 3860 1279 3931 intelligerent,
1322 3862 1682 3918 scribebant.
1726 3863 1872 3918 Hinc
1902 3868 2028 3919 orta
2065 3862 2167 3919 ob-

2336 655 2393 707 Ἠ
2453 655 2500 707 ἐν
2559 664 2673 718 ταῖς
2724 658 2888 719 θείαις
2949 655 3174 731 Γραφᾶιῖς
3231 656 3458 728 ἀσάφεια
3508 657 3702 720 πολλὰς
3757 660 3871 730 ἔχει

2267 747 2355 804 τὰς
2399 744 2589 805 αἰτίας.
2626 752 2836 818 Πρῶτον
2881 748 2968 817 μὲν
3014 748 3093 799 ὅτι
3139 752 3289 798 πᾶσα
3316 746 3538 818 γλῶσσα
3582 748 3651 808 εἰς
3696 747 3871 820 ἑτέραν

2268 836 2631 907 μετατιθεμένη
2692 833 2943 887 ἀπόλλυσι
3006 839 3092 888 τόν
3148 832 3287 888 ἴδιον
3345 838 3545 909 εἱρμὸν,
3628 840 3871 911 Δεύτερον

2270 920 2328 975 δὲ
2384 925 2463 975 ὅτι
2535 925 2589 974 αἱ
2647 928 2938 996 συνώνυμοι
2991 933 3089 976 τῶν
3156 924 3333 987 λέξεων
3393 926 3517 1001 παρ’
3586 925 3871 998 Ἑϐραίοις,

2268 1012 2480 1083 ἄγνοιαν
2539 1012 2845 1087 εἰργάσαντο
2898 1020 3005 1075 τοῖς
3060 1013 3436 1088 ἐρμηνευταίς·
3494 1018 3563 1077 ὡς
3611 1019 3670 1068 τό
3718 1016 3875 1076 καλος

2268 1104 2384 1172 περὶ
2427 1104 2570 1152 τόνον
2622 1104 2710 1152 καὶ
2753 1105 3043 1173 σημασίαν,
3074 1106 3163 1153 καὶ
3204 1104 3261 1153 τό
3306 1121 3423 1173 ορος
3455 1106 3543 1154 καὶ
3586 1104 3651 1154 τὰ
3692 1104 3872 1174 ὃμοια.

2270 1188 2433 1249 Καλός
2483 1191 2583 1261 γὰρ
2642 1188 2892 1252 ὀξυτόνως
2950 1195 3189 1263 σημαίνει
3257 1194 3345 1242 τόν
3399 1193 3588 1261 ὡραῖον
3645 1198 3735 1243 καὶ
3798 1192 3874 1244 ευ-

2268 1286 2457 1352 πρεπῆ,
2514 1275 2802 1331 σπουδαῖόν
2860 1298 2913 1331 τε
2992 1280 3063 1341 εἰς
3119 1277 3306 1353 ἀρετὴν
3362 1284 3452 1332 καὶ
3520 1278 3824 1339 ἐπιτήδειον
3859 1302 3873 1315 ·

2267 1366 2423 1428 κάλος
2471 1363 2530 1419 δὲ
2585 1367 2943 1443 παροξυτόνως
2997 1371 3054 1420 τό
3114 1373 3345 1440 σχοινίοι
3398 1376 3488 1422 τοῦ
3540 1369 3722 1421 πλοίου
3775 1390 3876 1427 ση-

2269 1459 2438 1527 μαίνει
2473 1476 2484 1488 ·
2518 1455 2672 1508 πάλιν
2716 1460 2833 1529 ὅρος
2864 1457 3223 1529 παροξυτόνως
3273 1462 3364 1530 μέν
3413 1457 3554 1510 ἔστιν
3584 1460 3613 1517 ἣ
3668 1461 3693 1510 ό
3723 1458 3876 1530 λόγος

2269 1543 2424 1598 τοῦδε
2471 1554 2561 1598 τοῦ
2621 1548 2925 1620 πράγματος
2957 1548 2985 1606 ἦ
3021 1550 3046 1599 ό
3094 1548 3241 1620 λόφος
3288 1553 3376 1600 καὶ
3422 1549 3623 1619 ὑψηλός
3665 1555 3829 1612 τόπος
3861 1571 3872 1582 ·

2270 1635 2519 1697 ὀξυτόνως
2571 1632 2630 1688 δὲ
2669 1635 2784 1710 ὀρός
2844 1635 2956 1689 ἐστι
3011 1640 3069 1689 τό
3123 1634 3393 1699 ὑδατῶδες
3448 1646 3538 1691 τοῦ
3590 1639 3873 1710 γάλακτος.

2268 1729 2452 1797 Τρίτον
2509 1724 2611 1777 εἰσὶ
2683 1724 2840 1788 λέξεις
2891 1724 3182 1799 Ἐϐραῐκαὶ,
3230 1726 3281 1777 αἱ
3342 1728 3463 1800 παρ’
3510 1726 3756 1786 Ἕλλησιν
3814 1732 3878 1789 ὡς

2270 1816 2461 1885 ἔχουσι
2513 1816 2712 1886 φύσεως
2767 1814 3143 1888 ἐρμηνευθῆναι
3197 1816 3254 1868 οὐ
3309 1812 3580 1880 δύνανται,
3627 1816 3735 1868 ἀλλ’
3794 1817 3876 1871 ἐπὶ

2194 1941 2238 1995 Β
2269 1908 2452 1977 χώρας
2504 1903 2773 1970 εἰάθησαν,
2838 1907 2907 1965 ὡς
2964 1908 3107 1979 παρὰ
3154 1905 3373 1980 Ἱερεμίᾳ
3434 1909 3491 1957 τό
3545 1905 3881 1979 ἀπόκλεισμα

2274 1997 2462 2063 σινωχ.
2521 1996 2775 2065 Τέταρτον
2836 1998 2926 2045 καὶ
2988 1999 3185 2066 στιγμὴ
3242 1994 3483 2055 πολλάκις
3538 2003 3679 2047 ποιεῖ
3748 1994 3881 2047 ἀσά-

2272 2100 2435 2152 φειαν,
2468 2082 2535 2143 ὡς
2577 2085 2633 2133 τὸ
2677 2086 2912 2155 χρηστοὶ
2963 2083 3073 2152 (35)
3118 2086 3322 2134 ἔσονται
3370 2084 3632 2156 οἰκήτορες
3664 2093 3808 2156 γῆς’
3838 2084 3880 2137 εἰ

2271 2174 2340 2241 μὴ
2394 2170 2698 2243 ὑποστιχθῇ
2750 2174 2805 2222 τὸ
2854 2176 3107 2241 χρηστοί.
3154 2177 3390 2244 Πέμπτον
3439 2179 3527 2225 καὶ
3564 2178 3714 2225 τόνου
3763 2170 3881 2226 δια-

2271 2263 2402 2331 φορά
2454 2263 2518 2319 ὡς
2568 2264 2626 2311 τό
2663 2258 2806 2334 ἀρχὴ
2867 2261 2978 2330 (36)
3031 2267 3234 2333 σοφίας,
3279 2262 3505 2324 ξήτησον
3561 2268 3747 2335 σοφίαν
3779 2284 3793 2296 ·
3838 2263 3879 2314 εἰ

2270 2353 2342 2419 μὴ
2398 2348 2760 2420 παροξύνωμεν
2816 2353 2873 2401 τὸ
2934 2351 3071 2421 ἄρχε
3122 2355 3210 2402 καὶ
3253 2352 3400 2425 ῥῆμα
3449 2350 3711 2422 λάϐοιμεν.
3758 2352 3877 2404 Ἐκ·

2270 2457 2356 2489 τον
2383 2455 2394 2466 ·
2429 2437 2592 2489 πολλά
2640 2438 2752 2490 ἐστι
2799 2438 2921 2512 παρ’
2976 2440 3153 2501 αὐτοῖς
3201 2438 3249 2491 ἐν
3288 2446 3386 2512 μιᾷ
3417 2449 3554 2513 φωνῇ
3600 2444 3659 2492 τό
3712 2440 3877 2492 ἑνικόν

2270 2530 2360 2577 καὶ
2412 2525 2756 2583 πληθυντικόν
2826 2524 3103 2599 δηλοῦντα,
3161 2531 3229 2589 ως
3286 2532 3344 2581 τό
3422 2532 3552 2589 Θεὸς
3598 2534 3690 2581 καὶ
3747 2532 3874 2584 θεοί.

2269 2611 2527 2685 Ἐϐδομον
2560 2636 2570 2646 ·
2606 2615 2767 2667 πολλὰ
2795 2622 3100 2688 μεταπίπτει
3153 2625 3261 2679 τοῖς
3304 2623 3603 2681 προσώποις
3638 2640 3650 2651 ’
3687 2622 3745 2671 τὸ
3776 2622 3875 2692 γαρ

2272 2706 2398 2777 πρὸς
2443 2701 2703 2778 Ἀϐράαμ,
2737 2713 2823 2755 νυν
2873 2708 3028 2777 ἔγνων
3059 2708 3138 2758 ὅτι
3183 2705 3305 2779 φιϐῇ
3351 2711 3415 2759 σὺ
3460 2711 3545 2759 τόν
3579 2711 3730 2776 Θεὸν,
3762 2707 3877 2761 ἀντὶ

2270 2800 2360 2845 τοῦ
2429 2795 2586 2863 ἔγνως
2638 2796 2858 2866 εἴρηται.
2925 2791 3175 2865 Ὄγδοον,
3230 2798 3309 2849 ὅτι
3372 2801 3461 2848 καὶ
3513 2804 3618 2857 τοῖς
3678 2802 3877 2868 γένεσιν

2228 2880 2507 2951 ,ἐναντίως
2566 2891 2843 2955 χρῶνταυ
2906 2881 3178 2958 ἀρρενικῶς
3228 2888 3328 2958 γὰρ
3391 2890 3449 2938 τό
3533 2886 3721 2946 σελήνη
3790 2893 3879 2939 καὶ

2276 2970 2517 3023 θάλασσα
2572 2971 2831 3042 λέγουσιν.
2860 2971 3103 3025 Ἔννατον
3154 2976 3234 3026 ὅτι
3290 2974 3533 3036 πολλάκις
3588 2976 3879 3029 ἐλλείπουσί

2272 3080 2407 3124 τινα,
2459 3062 2523 3120 ὡς
2591 3063 2649 3111 τὸ
2701 3059 3069 3114 ἀναϐαίνουσιν
3152 3067 3244 3136 ὅρη
3323 3069 3413 3116 καὶ
3498 3064 3880 3118 καταϐαίνουσι

2276 3145 2465 3200 πεδία·
2498 3148 2661 3201 λείπει
2689 3152 2790 3223 γὰρ
2836 3154 2893 3202 τό
2925 3153 3012 3216 ὡς,
3062 3152 3143 3204 ἵνα
3184 3149 3212 3224 ᾖ
3257 3152 3623 3205 ἀναϐαίνουσιν
3666 3158 3731 3214 ὡς
3760 3156 3877 3228 ὅρη,

2274 3242 2392 3311 περὶ
2446 3241 2688 3310 κυμάτων
2741 3242 2839 3313 γάρ
2896 3242 2920 3291 ό
2972 3240 3142 3312 λόγος,
3203 3248 3291 3295 καὶ
3348 3242 3754 3295 καταϐαίνουσιν
3814 3247 3879 3305 ὡς

2277 3324 2437 3379 πεδία
2483 3327 2614 3399 (37).
2649 3332 2865 3381 Δέκατον
2913 3326 2971 3381 δὲ
3016 3332 3095 3382 ὅτι
3127 3330 3173 3381 ἐν
3206 3340 3265 3405 τῇ
3311 3331 3655 3405 αἰχμαλωσίᾳ
3686 3332 3879 3406 ἐμπρη-

2280 3418 2499 3469 σθεισῶν
2530 3425 2627 3467 τῶν
2663 3415 2877 3489 βίϐλων,
2912 3414 3020 3471 εἶτα
3065 3416 3459 3492 διαπεμπόντων
3505 3420 3743 3482 ἀλλήλοις
3781 3432 3879 3473 τῶν

2278 3503 2377 3557 ἀπό
2426 3504 2765 3580 Ἰερουσαλὴμ
2818 3507 2889 3568 εἰς
2937 3507 3215 3560 Βαϐυλῶνα
3263 3513 3328 3561 τὰ
3378 3509 3530 3580 λόγια
3587 3519 3678 3562 τοῦ
3721 3519 3875 3573 Θεοῦ,

2275 3593 2531 3666 λοχῶντες
2564 3593 2792 3667 ἀφῄρουν
2836 3598 2925 3656 τάς
2956 3595 3167 3669 βίϐλους
3202 3619 3214 3631 ·
3249 3601 3298 3651 οἰ
3329 3595 3387 3651 δὲ
3425 3599 3577 3652 πάλιν
3624 3597 3718 3652 διὰ
3748 3620 3880 3671 συμ-

2279 3683 2460 3752 ϐόλων,
2491 3684 2558 3734 ὧν
2607 3684 2701 3735 οὐκ
2737 3681 2992 3743 ἠδύναντο
3043 3686 3174 3749 ξένοι
3220 3695 3369 3758 νοεῖν,
3417 3690 3656 3761 ἔγραφον,
3711 3688 3760 3752 ἐξ
3810 3690 3877 3739 ὧν

2277 3775 2306 3832 ἡ
2352 3771 2611 3845 ἀσάφεια·
2646 3774 2734 3833 ἕως
2773 3774 2986 3848 ὕστερον
3032 3774 3368 3846 ἐμπνευσθεὶς
3412 3774 3644 3852 Ἐσδρας
3698 3787 3876 3830 πασῶν

2279 3860 2624 3934 ἐμνημόνευσε
2650 3866 2737 3913 καὶ
2765 3871 2938 3937 γραφῇ
2973 3860 3367 3939 παραδέδωκεν.

519 3949 773 4007 scuritas
802 3966 815 4006 :
849 3949 1043 4006 donec
1084 3950 1285 4006 denuo
1324 3952 1651 4023 inspiratus
1682 3950 1895 4008 Esdras
1946 3951 2132 4009 Biblia
2185 3952 2466 4008 universa
2522 3951 2582 4006 in
2635 3952 2989 4008 memoriam
3042 3954 3337 4010 revocavit
3381 3955 3734 4030 scriptisque
3772 3961 3881 4012 tra-

518 4038 689 4097 didit.

1087 4129 1406 4194 QUASSTIO
1456 4127 1638 4185 CLIII.

872 4236 959 4291 De
982 4235 1176 4291 eodem
1203 4240 1545 4306 argumento
1571 4236 1815 4292 clarius.

2829 4135 3140 4183 ΕΡΩΤΗΣῙΣ
3172 4131 3332 4188 ΡΝΓ’.

2637 4239 2705 4292 Τό
2745 4236 2872 4289 αὐτὸ
2912 4236 3350 4313 ἐπφαντικώτερον
3391 4240 3526 4312 (38).

1634 4333 1788 4383 Edita
1813 4348 1845 4384 α
1882 4334 2019 4383 Maio
2046 4336 2178 4397 (Nov
2212 4334 2367 4391 00".,
2404 4337 2443 4383 t.
2472 4334 2511 4392 Ι,
2544 4349 2595 4397 p.
2647 4335 2890 4396 171-174).

591 4440 785 4497 Prima
813 4439 1061 4513 quidem
1086 4455 1270 4495 causa
1296 4440 1690 4512 quamobrem
1721 4441 2038 4512 Scriptura;
2078 4457 2170 4497 ve-

518 4533 668 4586 teres
698 4530 754 4585 in
779 4528 1139 4585 obscuritate
1166 4534 1470 4584 versantur
1505 4545 1541 4585 a
1566 4529 1853 4585 lectorum
1884 4530 2057 4586 bruto
2084 4531 2170 4586 in-

520 4618 697 4688 genio
727 4618 1050 4690 repetenda
1079 4623 1183 4673 est.
1217 4620 1606 4690 Testaturque
1638 4618 1856 4674 Paulus
1885 4618 1939 4673 id
1970 4619 2172 4691 ipsum

518 4706 791 4762 velamen
833 4722 869 4762 a
897 4706 1116 4761 Veteris
1140 4707 1498 4763 Testamenti
1527 4707 1776 4763 lectione
1821 4724 1940 4763 non
1994 4708 2174 4763 fuisse

517 4800 837 4859 remotum,
870 4794 1154 4866 quoniam
1179 4794 1240 4849 id
1287 4794 1348 4850 in
1399 4796 1623 4850 Christo
1674 4801 2035 4851 evacuatur’.
2083 4797 2176 4852 Se-

593 4895 608 4928 ¹
643 4894 784 4948 Gen.
824 4907 966 4957 xm,
1000 4892 1084 4947 12.
1160 4895 1183 4928 ³
1223 4891 1374 4949 Psal.
1418 4908 1529 4957 cm,
1565 4895 1617 4948 8.

2351 4445 2459 4495 Μία
2517 4443 2606 4513 μὲν
2655 4441 2801 4493 αἰτία
2878 4450 2969 4502 τῆς
3026 4441 3275 4515 ἀσαφείας
3334 4444 3445 4498 ἐστὶ
3501 4456 3601 4498 τῶν
3652 4447 3882 4498 παλαιῶν

2282 4532 2626 4603 Γραμμάτων,
2668 4539 2767 4581 τῶν
2809 4528 3074 4603 ἀκροατῶν
3114 4537 3171 4584 τὸ
3224 4531 3480 4607 θηριῶδες
3535 4551 3546 4562 ·
3590 4540 3680 4587 καὶ
3746 4556 3883 4610 μαρ-

2282 4627 2427 4691 τυρεῖ
2483 4618 2702 4683 Παῦλος,
2751 4623 2808 4671 τό
2859 4620 2985 4671 αὐτὸ
3045 4621 3295 4694 κάλυμμα
3344 4622 3428 4675 ἐπὶ
3484 4632 3543 4696 τῇ
3598 4623 3885 4693 ἀναγνώσει

2284 4716 2379 4770 τῆς
2438 4708 2664 4769 Παλαιᾶς
2717 4711 2981 4771 Διαθηκης
3044 4710 3201 4781 λέγων
3272 4717 3344 4783 μὴ
3408 4711 3885 4787 ἀνακαλυπτόμενον

2288 4800 2367 4849 ὅτι
2394 4797 2441 4849 ἐν
2488 4805 2701 4871 Χριστῷ
2732 4806 3072 4872 καταργεῖται
3120 4816 3135 4833 ⁸
3171 4797 3391 4875 δευτέρα
3450 4798 3529 4866 δε,
3572 4801 3681 4856 ἐπεὶ
3736 4811 3886 4857 Man}-

2094 5011 2296 5068 ΝΟΤᾸΞ
2310 5056 2321 5067 .

593 5124 707 5198 (34)
732 5124 1311 5198 Ηξωοᾼιιιιεεεῑίουοιη
1343 5139 1415 5198 ex
1436 5124 1681 5198 prologo
1713 5125 2093 5198 Polycbronii
2124 5126 2186 5182 in

520 5197 728 5253 Jobum
762 5196 919 5252 sumi
940 5196 1123 5253 tacite
1150 5214 1185 5253 a
1217 5196 1449 5260 Photio,
1478 5196 1599 5251 dixi
1630 5198 1689 5251 in
1726 5196 2183 5268 prelegomenis.

519 5270 649 5323 Jam
665 5269 1011 5341 scripturam
1040 5269 1381 5341 Photianam
1411 5284 1546 5322 cum
1571 5269 1986 5340 antiquissimo
2012 5270 2185 5341 Poly-

522 5340 753 5396 chronii
775 5340 977 5395 codice
999 5340 1300 5403 collatam,
1322 5340 1516 5394 inveni
1543 5355 1780 5409 prorsus
1799 5340 2178 5396 concordem.

590 5412 703 5481 (35)
735 5411 1017 5483 Scholion
1073 5413 1133 5467 in
1166 5412 1434 5483 margine
1471 5412 1633 5483 apud
1668 5412 2130 5483 Polychronium
2166 5428 2179 5464 :

520 5479 763 5555 Χρηστός
795 5482 1047 5557 ὀξυτόνως
1076 5485 1100 5533 ό
1123 5479 1392 5555 χρειώδης
1421 5498 1432 5510 '
1468 5479 1699 5554 χρῆστος
1741 5479 1799 5535 δῖε
1830 5503 2182 5557 προπερισπο·

525 5560 694 5628 μένως
711 5556 971 5628 τόῌκυριον
998 5558 1176 5625 ὄνομα.

599 5625 706 5702 (36)
766 5623 1053 5683 Scholion
1085 5623 1125 5678 ﬁ:
1164 5627 1234 5677 Τὸ
1308 5626 1408 5703 γὰρ
1486 5623 1629 5700 ἀρχὴ
1685 5625 2030 5699 παροξύτονον
2091 5628 2180 5705 μὲν

2292 5128 2602 5201 ῥηματικὸν,
2666 5127 2799 5194 ἐστι,
2857 5126 3047 5187 δηλοῦν
3118 5133 3174 5182 τὸ
3214 5131 3502 5185 ὑποτάσσει
3557 5150 3568 5162 ·
3627 5133 3901 5195 ὀξυτονου-

2336 5195 2439 5250 ενον
2468 5195 2527 5279 δὲ
2581 5199 2883 5271 ὀνοματικὸν
2930 5203 3160 5279 υκπάρχει
3208 5210 3460 5274 σημαῖνον
3504 5209 3599 5263 τὴν
3650 5203 3821 5279 ἀρχὴν
3880 5223 3891 5234 ⁸

2336 5221 2439 5250 ενον
2468 5221 2527 5251 οε
2581 5221 2883 5271 ονοματικον
2930 5221 3040 5273 υπαι

2291 5221 2422 5341 λιέγω
2460 5267 2631 5345 δε-τὴν
2669 5272 3040 5345 προκάταρξιν.

2291 5413 2327 5468 ἲ.
2364 5343 2476 5413 (37)
2502 5342 2774 5398 Notemus
2791 5342 3095 5399 venustam
3116 5342 3227 5399 loci
3255 5344 3609 5415 psalmodici
3635 5346 3893 5418 explica-

2317 5430 2514 5468 [onem
2527 5456 2537 5467 .

2317 5430 2537 5468 nonem.

2363 5485 2473 5555 (58)
2515 5484 2663 5553 Quia
2696 5484 2933 5560 __scilicet
2966 5486 3203 5560 Photius
3250 5487 3685 5555 praecedentem
3731 5504 3889 5560 qure-

2289 5555 2541 5632 stionem
2566 5572 2633 5611 ex
2655 5556 2845 5612 alieno
2869 5558 3087 5632 scripto
3104 5560 3402 5632 hauserat,
3430 5559 3649 5616 idcirco
3664 5555 3887 5632 placuit

2289 5627 2362 5697 ei,
2397 5632 2584 5689 marte
2610 5642 2719 5691 suo
2744 5627 3022 5687 eamdem
3054 5627 3393 5689 reformare.
