4116 6194
279 283 384 341 817

282 419 380 474 σῆς
411 411 436 464 6
485 411 765 484 νομοθέτης
820 409 1071 482 κάλυμμα
1127 410 1295 483 ἔφερεν
1339 409 1422 462 ἐπὶ
1451 416 1542 462 τοῦ
1572 414 1881 484 προσώπου,
1913 407 1957 462 Α

282 501 539 572 ἀναλόγως
582 505 672 552 καὶ
738 503 804 553 τὰ
864 501 1270 572 νομοθετούμενα
1350 499 1435 550 οἷα
1499 495 1565 557 δὴ
1634 498 1883 570 κάλυμμα

280 595 375 650 τῆν
404 592 656 662 ἀσάφειαν
709 594 1013 663 συνεπέφερε
1065 605 1079 619 ⁸
1131 594 1220 642 καὶ
1272 586 1540 661 οὐδέτερον
1587 592 1676 660 μὲν
1715 589 1880 640 αὐτῶν

281 684 341 732 16
378 680 632 752 ἔγκλημα,
685 688 785 731 τῶν
817 675 866 732 δ’
912 680 1176 753 ἀκροατῶν
1223 681 1251 737 ἡ
1309 677 1545 731 ἀσθένεια
1592 683 1684 736 τὴν
1711 679 1880 730 αἰτίαν

282 771 398 842 ἔχει
431 785 444 797 ⁵

278 878 426 912 ναντο
479 863 642 932 φέρειν
691 863 783 917 τὴν
841 855 999 921 δόξαν
1074 866 1165 910 τού
1232 862 1514 931 προσώπου
1591 857 1749 908 αὐτοῦ
1806 861 1876 928 μὴ

1093 963 1106 977 '
1155 951 1244 999 καὶ
1275 949 1300 999 6
1357 950 1508 1018 νόμος
1547 942 1606 998 δὲ
1645 945 1758 998 ἀντὶ
1787 951 1878 997 τοῦ

493 774 580 821 καὶ
618 771 716 841 γὰρ
749 776 982 830 Μωύσῆς
1026 772 1083 820 16
1137 769 1404 840 κάλυμμα,
1449 765 1587 820 διότι
1626 767 1720 820 ούκ
1745 764 1880 825 ἠδύ-

278 948 685 1020 κεκαλυμμένου,
727 949 1041 1020 περιετίθετο

275 1037 718 1108 προκαλύμματας
771 1034 843 1089 δι’
895 1037 1017 1089 αύτὸ
1075 1043 1224 1090 τοῦτο
1277 1041 1368 1094 τὴν
1424 1035 1676 1108 ἀσάφειαν
1733 1054 1882 1107 περι-

278 1124 524 1184 εϐέϐλητο
548 1145 561 1158 ·
605 1124 927 1178 ἐναπετίθετο
951 1128 1050 1200 γὰρ
1081 1126 1130 1178 ἐν
1171 1124 1381 1187 ἐκείνοις
1420 1124 1504 1177 οἶα
1560 1121 1628 1182 δὴ
1683 1127 1878 1181 θησαυ-

275 1221 409 1288 ροῖς,
450 1217 514 1266 τὰ
553 1214 835 1289 τελειότερα
889 1219 974 1267 καὶ
1028 1213 1322 1289 ὑψηλότερα
1374 1210 1671 1286 δογμάτων,
1729 1212 1879 1264 ἆτόν

275 1308 512 1375 Χριστόν
539 1323 672 1376 φημι
727 1309 816 1356 καὶ
844 1309 938 1362 τῆν
965 1304 1122 1356 αύτοῡ
1175 1306 1438 1362 Διαθῆκην
1486 1301 1881 1375 προκατηγγελ-

275 1390 358 1444 λεν
429 1408 443 1420 ⁸
487 1391 595 1445 ἀλλ’
650 1392 856 1454 ἐκείνοις
914 1396 1004 1466 μὲν
1066 1397 1126 1445 16
1193 1392 1358 1453 ἀτελὲς
1401 1397 1491 1444 καὶ
1542 1391 1879 1467 ῆρῥωστηκός

273 1487 599 1554 τῆςγνώμης
628 1486 752 1554 πρὸς
780 1486 838 1534 16
899 1481 1086 1535 ἐκεῖθεν
1135 1479 1322 1555 κέρδος
1343 1478 1586 1554 ἐμποδὼν
1637 1482 1817 1532 ἵστατο
1861 1495 1875 1510 ⁸

273 1572 402 1643 ἡμῖν
461 1567 519 1623 δὲ
588 1573 1032 1646 θησαυριζόμενον
1101 1571 1425 1644 ἐφυλάττετο,
1500 1577 1581 1622 ἵνα
1642 1576 1877 1646 Χριστοῦ

800 1658 894 1714 διὰ
983 1669 1073 1721 τῆς
1157 1664 1286 1733 πρὸς
1338 1660 1492 1712 αὐτόν
1558 1660 1878 1734 ἐπιστροφῆς

1229 1769 1243 1783 ο
1295 1755 1385 1802 καὶ
1426 1751 1576 1824 ὁρᾶτε
1629 1749 1698 1811 εἰς
1748 1752 1877 1808 ὅσην
1911 1762 1956 1818 Β

271 1665 708 1734 παραγεγονότος,

271 1747 610 1822 ἀνακαλυφθῇ
640 1754 698 1803 16
732 1752 793 1808 θη
803 1751 1173 1824 σαυριζόμενον

269 1840 411 1910 ἡμᾶς
450 1837 598 1902 ἀξίαν
638 1841 666 1898 ἡ
722 1847 813 1892 τοῦ
868 1844 1129 1891 Δεσπότου
1184 1843 1451 1914 παρουσία
1516 1844 1806 1909 συνήγαγεν
1859 1859 1870 1871 ·

268 1927 348 1988 εἰς
367 1931 470 2001 γὰρ
500 1933 593 1987 τὴν
639 1937 732 1980 τοῦ
786 1933 1049 1988 Μωυσέως
1099 1928 1244 1991 τάξιν
1302 1927 1683 1998 ἐγκατέστησεν
1735 1945 1746 1958 '
1787 1928 1874 1979 α’λ-

267 2016 375 2079 λως
411 2037 463 2069 τε
512 2015 570 2070 δε
599 2022 688 2070 καὶ
717 2025 816 2068 τῶν
870 2016 1152 2088 μελλόντων
1210 2019 1240 2076 ἠ
1300 2021 1604 2090 προφητεία,
1652 2015 1745 2068 κᾶν
1777 2037 1872 2088 μη-

266 2102 499 2176 δαμόθεν
529 2106 736 2159 ἄλλοθεν
795 2106 1162 2178 συνεφέλκηται
1195 2109 1253 2158 τὸ
1313 2103 1702 2177 δυσθεώρητον,
1747 2105 1874 2164 πλὴν

264 2194 377 2266 ούχ
403 2195 561 2255 ούτως
590 2193 701 2248 ἐστὶ
735 2200 900 2266 σαφής
931 2198 994 2255 ὡς
1055 2197 1084 2253 ἠ
1121 2203 1219 2246 τῶν
1251 2199 1516 2267 παρόντων
1573 2191 1823 2266 διήγησις
1857 2211 1869 2223 °

262 2283 527 2336 λαϐόντων
559 2280 619 2336 δὲ
648 2288 804 2358 πέρας
854 2292 951 2335 τῶν
995 2286 1467 2358 προφητευθέντων,
1502 2289 1590 2335 καὶ
1644 2287 1701 2335 τὸ
1742 2283 1872 2336 ἀσα-

264 2376 354 2446 φὲς
406 2375 826 2446 συμμεθίσταται
852 2377 982 2447 πρὸς
1019 2379 1296 2446 σαφήνειαν
1345 2390 1356 2402 '
1403 2376 1622 2446 καὶγὰρ
1673 2379 1763 2424 καὶ
1813 2377 1872 2426 τὸ

272 2481 303 2513 11
340 2465 548 2516 Λύσατε
586 2466 672 2515 τὸν
702 2465 821 2515 ναόν
851 2469 1030 2514 τοῦτον
1055 2467 1143 2514 καὶ
1173 2464 1222 2514 ἐν
1250 2466 1422 2533 τρισὶν
1457 2463 1676 2535 ἡμέραις
1716 2464 1872 2534 ἐγερῶ

266 2551 452 2619 αὐτὸν,
490 2573 510 2600 ι
540 2558 631 2603 τοῦ
671 2559 906 2625 Σωτῆρος
947 2554 1449 2624 προαγορεύσαντος,
1485 2551 1542 2603 ού
1599 2556 1752 2622 μόνον
1773 2559 1872 2602 τῶν

263 2639 435 2692 ἄλλων
510 2637 779 2694 Ἰουδαίων
845 2644 902 2692 τὸ
969 2639 1168 2701 ἀπειθὲς
1219 2645 1307 2692 καὶ
1361 2639 1758 2712 ἀπονενοημένον
1812 2641 1870 2690 τό

261 2732 620 2804 προφητευθὲν
663 2730 721 2782 ού
770 2735 1078 2788 κατενόησεν
1128 2726 1250 2782 οὐδὲ
1309 2737 1545 2796 συνῆκεν,
1594 2728 1702 2780 ἀλλ’
1755 2725 1873 2781 οὐδ’

262 2821 394 2872 ὅσον
462 2817 510 2870 ἐν
577 2819 752 2880 αὐτοῖς
845 2824 1184 2891 συνετώτερον
1246 2825 1331 2870 καὶ
1395 2827 1490 2880 τῆς
1551 2826 1874 2881 Δεσποτικῆς

264 2905 622 2970 διδασκαλίας
686 2907 1029 2970 ἀπολαύοντες
1102 2917 1201 2960 τῶν
1292 2910 1535 2980 μαθητῶν
1597 2910 1622 2960 6
1685 2911 1869 2982 χορὸς,

261 2995 388 3052 οὐδ’
448 3001 596 3050 αύτοὶ
657 3002 919 3061 συνίεσαν,
979 2997 1104 3049 ἀλλά
1142 3006 1234 3060 τῆς
1280 2995 1373 3050 δ’ιά
1402 3006 1500 3050 τῶν
1553 3000 1871 3070 πραγμάτων

257 3083 560 3144 ἐδεήθησαν
591 3091 716 3160 πρὸς
769 3091 860 3144 τὴν
904 3092 1222 3145 κατανόησιν
1271 3094 1361 3139 τοῦ
1413 3089 1869 3159 προφητευθέντος,
1908 3121 1949 3177 C

258 3173 544 3238 ἐκϐάσεως.
578 3180 759 3249 Διόπερ
801 3171 918 3228 οὐδ’
945 3179 1122 3247 ἔνοχός
1162 3174 1301 3228 ἐστιν
1333 3176 1506 3238 αἰτίας
1555 3177 1580 3228 6
1616 3173 1872 3239 Ἰουδαῖος

257 3267 355 3324 τὰς
420 3269 535 3336 περὶ
588 3271 822 3333 Χριστοῦ
885 3270 1203 3339 προφητείας
1257 3269 1358 3338 πρὸ
1415 3273 1505 3325 τῆς
1570 3265 1729 3316 αὐτοῦ
1796 3268 1866 3336 μὴ

261 3358 464 3415 συνιεὶς
521 3359 809 3426 παρουσίας
862 3373 874 3386 ·
931 3357 1093 3427 ταύτῃ
1141 3373 1221 3406 τοι
1251 3359 1340 3407 καὶ
1377 3356 1401 3405 ὀ
1443 3358 1619 3423 Σωτὴρ
1647 3353 1812 3425 ἔλεγεν
1855 3373 1867 3386 ο

266 3462 298 3493 ί(
347 3442 406 3495 Εἰ
455 3447 527 3514 μὴ
560 3440 714 3502 ἦλθον
769 3449 858 3496 καὶ
916 3442 1143 3501 ἐλάλησα
1204 3443 1399 3510 αὐτοῖς,
1454 3443 1711 3516 ἁμαρτίαν
1777 3443 1870 3495 οὐκ

263 3528 490 3602 εἶχον.»
527 3536 625 3585 Καὶ
663 3535 762 3604 γὰρ
817 3533 859 3585 εἰ
888 3537 977 3585 καὶ
1018 3535 1082 3584 τά
1109 3533 1260 3604 λόγια
1311 3540 1488 3585 τοῦτον
1539 3532 1870 3605 ἐχρησμολό-

261 3639 372 3692 γει,
428 3619 534 3672 ἀλλ’
585 3619 919 3682 ἐπεσκιάζετο
977 3630 1037 3692 τῇ
1095 3620 1326 3693 ἀπουσίᾳ
1392 3629 1483 3673 τοῦ
1540 3625 1872 3697 κηρυσσομέ-

263 3716 360 3762 νόυ
432 3727 444 3739 °
483 3716 736 3785 παρόντος
780 3707 858 3775 δὲ,
914 3707 1204 3783 οὐδαμόθεν
1287 3711 1464 3763 λοιπὸν
1519 3709 1724 3764 ἂλλοθεν
1786 3713 1871 3762 ὲπ-

266 3799 566 3863 εσκιάζετο,
621 3805 750 3872 μόνη
781 3796 839 3852 δὲ
897 3807 957 3872 τῇ
1005 3802 1282 3873 μοχθηρίᾳ
1336 3805 1422 3852 καὶ
1455 3805 1748 3873 κακουργία
1772 3808 1871 3852 τῶν

265 3892 344 3961 μή
379 3886 702 3960 βουλομένων
751 3887 1060 3941 ἐκαλύπτετο
1117 3885 1543 3962 παραδέχεσθαι.
1589 3889 1706 3940 Ἐπὶ
1757 3891 1873 3940 τού-

265 3995 383 4037 τοις
441 3973 499 4030 δὲ
554 3984 648 4040 τῆς
706 3976 958 4050 ἀσαφείας
1015 3978 1156 4031 ἐστὶν
1216 3978 1357 4030 αίτία
1411 3981 1468 4030 τὸ
1504 3982 1576 4050 μῆ
1619 3985 1754 4050 φωνῇ
1807 3985 1867 4048 τῇ

260 4062 480 4118 Ἐλλάδι
504 4070 596 4125 τὴν
659 4067 888 4120 Παλαιὰν
931 4065 1320 4139 ἀπαγγελθῆναι
1371 4071 1596 4142 Γραφῆν,
1657 4065 1762 4118 ἀλλ’
1817 4065 1871 4118 ἐκ

262 4164 366 4218 τῆς
409 4153 682 4228 Ἐϐραίδος
720 4156 788 4216 εἰς
853 4158 1046 4214 ταύτην
1103 4163 1408 4228 μεταπεσεῖν
1477 4175 1490 4188 '
1559 4159 1751 4229 πέφυκε
1813 4152 1871 4208 δὲ

262 4250 421 4297 πᾶσα
460 4245 679 4315 γλῶσσα
735 4245 804 4306 εἰς
852 4245 1066 4318 ἔκφυλον
1115 4247 1504 4318 μετατιθεμένη,
1566 4248 1622 4297 16
1677 4244 1870 4317 ἀσαφὲς

263 4338 359 4386 καὶ
410 4329 834 4393 δυσκατανόητον
889 4334 1288 4406 συνεφέλκεσθαι
1347 4353 1360 4366 ο
1400 4341 1461 4407 τῇ
1515 4331 1754 4409 Ἐϐραΐδι
1813 4332 1870 4388 δε

263 4421 384 4475 κατ’
411 4421 581 4496 ἀρχὰς
637 4422 918 4497 ἐρρέθησαν
990 4425 1044 4475 αἱ
1119 4427 1396 4476 Μωσαῑκαὶ
1484 4425 1786 4484 νομοθεσίαι
1853 4440 1868 4454 ·

444 4478 520 4496 ,η
566 4478 578 4482 -
658 4478 700 4497 η
801 4478 810 4481 -
1544 4478 1548 4484 .

268 4508 413 4564 διότι
475 4517 628 4583 μόνον
691 4509 941 4570 τηνικάδε
1007 4515 1064 4564 1'6
1126 4509 1398 4566 Ἰουδαίων
1439 4514 1576 4573 ἔθνος
1633 4522 1696 4582 τῇ
1764 4478 1944 4566 θεο-Ο

266 4605 474 4673 γνωσίᾳ
502 4609 822 4674 προσανεῐχε
874 4619 885 4631 '
939 4604 1005 4654 τά
1045 4597 1102 4653 δὲ
1154 4601 1310 4653 λοιπά
1381 4607 1510 4676 πρός
1563 4607 1656 4660 τὴν
1723 4600 1872 4655 εἰδω-

267 4690 419 4748 λικὴν
470 4688 852 4765 ἀπετεθηρίωτο
905 4697 1111 4762 μανίαν.
1187 4689 1333 4746 Ἐπεὶ
1383 4687 1441 4744 δε
1499 4696 1730 4766 Χριστὸς
1779 4697 1873 4763 ῆγ-

268 4780 391 4850 γιζε
430 4782 834 4854 παραγενέσθαι,
889 4783 1138 4853 καὶπρὸς
1195 4779 1374 4832 ἑαυτὸν
1419 4789 1512 4840 τῆν
1570 4781 1872 4854 οἰκουμένην

266 4867 464 4932 καλεῖν,
527 4871 555 4926 ἠ
619 4867 840 4930 Ἑλληνὶς
903 4864 962 4920 δὲ
1021 4867 1239 4938 γλῶσσα
1300 4875 1400 4920 τῶν
1466 4869 1630 4921 ἄλλων
1685 4870 1872 4940 μᾶλλον

269 4964 383 5018 τοῖς
407 4958 602 5009 ἔθνεσιν
628 4955 930 5019 ἰπεπόλαζε,
957 4964 1246 5014 τηνικαῦτα
1289 4962 1379 5009 καὶ
1408 4960 1436 5016 ἡ
1485 4966 1584 5009 τῶν
1627 4957 1872 5032 Ἐϐραίων

271 5050 410 5117 φωνὴ
440 5049 570 5119 πρὸς
629 5050 722 5104 τὴν
761 5045 1008 5104 Ἐλλήνων
1038 5043 1398 5119 μετεϐέϐλητο,
1441 5050 1569 5121 πρὸς
1629 5050 1873 5100 ἐνιαυτῶν

271 5136 330 5189 ού
361 5135 511 5188 πλέον
561 5134 739 5188 ἑκατὸν
782 5143 872 5196 τῆς
919 5142 1010 5188 τοῦ
1055 5142 1290 5210 Σωτῆρος
1346 5139 1652 5209 παρουσίας,
1710 5137 1871 5190 αὐτοῦ

343 5287 364 5321 ³
395 5286 437 5341 lt
469 5287 596 5342 Cor.
631 5301 712 5355 ιιι,
750 5285 832 5341 13.
914 5286 934 5321 ι
965 5288 1135 5342 Joan.
1165 5301 1226 5350 ιι,
1265 5287 1347 5340 19.

1220 281 1314 337 AD
1355 280 1895 338 AMPHILOCHIUM
1937 279 2269 348 QU/ESTIO
2309 281 2464 346 CLII,
2509 278 2698 338 CLIII.

3543 284 3649 341 818

1993 408 2196 464 cunda
2226 423 2410 464 causa
2465 412 2570 473 est,
2627 406 2770 481 quia
2800 422 2934 462 cum
2967 407 3160 463 Moses
3211 406 3508 476 legislator
3558 427 3651 467 ve-

1993 498 2116 553 lum
2148 497 2206 552 in
2231 497 2377 554 facie
2409 499 2679 567 gesserit,
2717 503 3109 568 congruenter
3137 496 3313 552 etiam
3346 497 3506 567 leges
3538 500 3648 556 veli

1990 587 2179 644 instar
2230 588 2652 644 obscuritatem
2705 586 3158 642 contrahebant.
3209 587 3408 642 Neutri
3455 604 3527 643 ex
3557 589 3649 644 his

1991 677 2168 749 culpa
2215 677 2573 748 imputanda
2602 682 2707 743 est,
2742 693 2922 748 quam
2963 675 3304 732 auditorum
3337 676 3649 733 inﬁrmitas

1991 768 2257 823 sustinet.
2294 770 2441 822 Nam
2487 773 2544 823 et
2568 767 2764 822 Moses
2795 766 3015 821 idcirco
3046 770 3224 838 caput
3272 765 3642 832 obnubebat,

1990 855 2128 929 quia
2159 856 2410 926 gloriam
2441 856 2637 912 vultus
2685 857 2812 927 ejus
2860 855 3117 928 perferre
3146 871 3328 912 nemo
3369 861 3600 927 poterat
3630 875 3645 914 :

1988 945 2224 1017 legique
2255 946 2414 1010 item,
2448 945 2559 1001 veli
2589 945 2742 1008 loco,
2761 945 2840 1002 ob
2867 945 3143 1001 eamdem
3162 961 3404 1001 causam
3439 946 3652 1002 obscu-

1988 1035 2133 1091 ritas
2161 1034 2356 1092 oﬂusa
2385 1035 2512 1091 fuit.
2542 1035 2771 1091 Etenim
2798 1035 2858 1090 in
2886 1050 2957 1090 eo
2992 1034 3169 1090 veluti
3203 1034 3479 1091 thesauro
3511 1051 3650 1092 con-

1990 1125 2276 1182 debantur
2287 1125 2638 1197 perfectiora
2651 1124 3020 1196 celsioraque
3033 1125 3326 1194 dogmata,
3342 1140 3476 1196 quae
3491 1125 3651 1181 Chri-

1991 1219 2150 1270 stum
2183 1213 2402 1270 scilicet
2433 1213 2678 1286 ejusque
2714 1216 3153 1270 Testamentum
3192 1214 3644 1285 portendebant.

1991 1305 2100 1360 Sed
2129 1303 2287 1359 enim
2316 1303 2700 1359 Hebraeorum
2731 1302 3086 1374 imperfectio
3117 1307 3176 1357 et
3204 1303 3442 1359 inﬁrma
3477 1319 3648 1359 mens

1988 1394 2310 1465 quominus
2362 1394 2500 1448 inde
2531 1394 2764 1448 lucrum
2793 1391 2904 1464 ipsi
2932 1391 3318 1464 perciperent,
3353 1391 3640 1464 impedie-

1990 1482 2092 1538 bat
2120 1499 2132 1537 :
2166 1482 2340 1539 nobis
2367 1488 2568 1539 autem
2601 1497 2670 1537 ea
2698 1498 2792 1538 res
2822 1481 3128 1538 recondita
3159 1481 3530 1550 servabatur,
3582 1486 3648 1537 ut

1990 1572 2218 1628 Christo
2250 1577 2552 1644 praesente,
2585 1587 2690 1643 per
2715 1571 3165 1627 conversionem
3197 1571 3274 1626 ad
3297 1587 3458 1638 eum,
3484 1587 3644 1629 reve-

1986 1662 2208 1736 laretur
2224 1663 2560 1718 thesaurus.
2579 1662 2711 1716 Jam
2732 1676 2964 1716 mecum
2984 1659 3357 1715 considerate
3376 1661 3434 1715 in
3457 1677 3647 1733 quan-

1988 1757 2109 1809 tam
2140 1767 2250 1807 nos
2277 1750 2627 1821 dignitatem
2661 1749 2894 1805 Domini
2921 1750 3242 1821 praesentia
3269 1749 3640 1806 subvexerit:

1980 1856 2251 1913 namque
2281 1841 2339 1895 in
2371 1839 2497 1911 ipso
2528 1855 2641 1895 nos
2672 1839 2846 1894 Mosis
2873 1838 3080 1894 ordine
3107 1838 3435 1894 collocavit.
3471 1839 3648 1894 Caste-

1985 1930 2159 2004 roqui
2203 1929 2539 1986 futurarum
2586 1944 2784 1984 rerum
2829 1928 3198 1994 vaticinium,
3230 1927 3461 1984 etiamsi
3497 1927 3645 1986 forte

1987 2019 2213 2076 nullam
2228 2018 2391 2074 aliud
2405 2018 2600 2074 trahat
2622 2017 3066 2082 obscuritatem,
3089 2017 3480 2072 nihilominus
3498 2033 3647 2073 nun-

1985 2125 2170 2182 quam
2191 2124 2362 2179 aaque
2383 2112 2469 2164 est
2499 2107 2764 2174 evidens,
2793 2111 2856 2162 ut
2886 2106 3260 2178 praesentium
3287 2122 3486 2162 rerum
3515 2122 3646 2161 nar-

1984 2198 2156 2254 ratio.
2214 2197 2432 2252 Verum
2465 2195 2566 2250 ubi
2599 2195 2926 2267 prophetiaa
2957 2195 3033 2250 ad
3087 2194 3307 2250 exitum
3341 2194 3642 2266 perducta:

1987 2286 2220 2352 fuerint,
2253 2293 2380 2342 tum
2429 2285 2674 2341 demum
2705 2285 3041 2340 obscuritas
3077 2283 3137 2339 in
3170 2283 3360 2338 lucem
3395 2299 3646 2342 conver-

1984 2377 2145 2431 titur.
2162 2375 2308 2430 Nam
2331 2379 2541 2430 etcum
2565 2373 2877 2438 verbailla,
2908 2395 2929 2422 ι
2958 2372 3171 2428 Solvite
3195 2372 3482 2444 templum
3503 2373 3639 2440 hoc,

1984 2469 2042 2519 et
2060 2479 2172 2533 ego
2200 2463 2386 2518 tribus
2411 2462 2624 2519 diebus
2653 2461 2928 2518 excitabo
2958 2460 3105 2517 illud
3136 2462 3176 2526 ⁸,
3212 2482 3240 2510 ››
3272 2478 3305 2515 a
3335 2463 3642 2517 Servatore

1983 2553 2144 2608 dicta
2193 2551 2445 2616 fuerunt,
2488 2567 2606 2607 non
2665 2551 2859 2606 solum
2908 2556 3256 2606 caeterorum
3301 2550 3640 2606 Iudaeorum

1981 2657 2123 2714 pars
2157 2640 2464 2697 incredula
2489 2646 2543 2696 et
2581 2655 2790 2696 vecors
2820 2639 3196 2711 prophetiam
3227 2654 3422 2711 neque
3462 2639 3646 2694 sensit

1983 2747 2177 2804 neque
2212 2729 2512 2794 intellexit,
2546 2729 2648 2784 sed
2690 2745 2766 2784 ne
2803 2728 2883 2784 illi
2914 2728 3159 2801 quidem
3206 2728 3308 2801 qui
3341 2728 3492 2784 inter
3541 2744 3643 2784 eos

1981 2819 2393 2892 prudentiores
2419 2824 2606 2881 erant,
2638 2823 2695 2874 et
2729 2818 3046 2874 Dominicae
3083 2817 3367 2873 doctrinae
3415 2817 3646 2873 audito-

1979 2924 2095 2973 res,
2125 2908 2556 2981 dtscipulorum
2597 2923 2812 2978 nempe
2852 2912 3060 2971 cmtus,
3091 2906 3424 2978 quidquam
3469 2905 3643 2960 intel-

1980 2997 2268 3073 lexerunt,
2298 2997 2402 3053 sed
2435 3012 2632 3052 rerum
2673 2997 2830 3052 exitu
2863 2995 3248 3063 indiguerunt
3284 2999 3344 3049 ut
3386 2993 3640 3049 vaticinii

1981 3102 2223 3142 sensum
2265 3086 2654 3158 perciperent.
2690 3086 2883 3151 Quare
2915 3100 3023 3140 nec
3061 3099 3199 3138 reus
3233 3083 3640 3138 traducendus

1980 3181 2068 3232 est
2095 3175 2357 3240 Iudaeus,
2392 3174 2536 3246 quia
2590 3173 2867 3230 vaticinia
2899 3173 2973 3228 de
3021 3173 3251 3228 Christo
3293 3177 3432 3228 ante
3465 3172 3639 3242 hujus

1981 3265 2309 3320 adventum
2363 3281 2482 3320 non
2531 3263 2896 3318 intellexerit.
2960 3263 3215 3335 Ideoque
3259 3268 3314 3318 et
3373 3265 3644 3320 Servator

1981 3354 2174 3410 aiebat
2205 3371 2217 3408 :
2249 3374 2278 3406 ‹‹
2310 3353 2430 3410 Nisi
2452 3369 2564 3426 ego
2589 3353 2884 3408 venissem
2913 3352 3144 3425 illisque
3166 3352 3397 3408 locutus
3425 3367 3639 3418 essem,

1980 3449 2291 3516 peccatum
2314 3459 2434 3499 non
2463 3443 2751 3499 haberent
2770 3443 2812 3495 ⁵.
2840 3464 2866 3492 ››
2893 3441 3009 3497 Etsi
3035 3441 3194 3497 enim
3218 3440 3461 3498 oracula
3481 3441 3642 3496 Chri-

1983 3538 2141 3588 stum
2175 3532 2598 3604 prazdicebant,
2625 3531 2755 3587 haec
2778 3535 2975 3586 tamen
3007 3530 3489 3587 obscurabantur
3515 3544 3643 3600 pro-

1981 3627 2110 3694 pter
2127 3623 2176 3693 ej
2189 3639 2258 3679 us
2275 3622 2378 3694 qui
2398 3621 2827 3690 designabatur
2847 3620 3183 3676 absentiam
3206 3643 3216 3674 :
3253 3636 3374 3692 quo
3392 3618 3639 3674 demum

1981 3717 2292 3784 praesente,
2321 3711 2445 3780 jam
2480 3709 2828 3782 neutiquam
2851 3710 3111 3777 tegmine
3133 3708 3638 3764 obnubebantur:

1983 3801 2111 3856 sola
2123 3805 2320 3855 autem
2341 3799 2695 3872 improbitas
2712 3798 3110 3869 vecordiaque
3136 3796 3638 3860 refractariorum,

1981 3890 2305 3961 quominus
2331 3888 2379 3942 is
2429 3888 2808 3960 reciperetur,
2841 3886 3139 3942 obstabat.
3174 3885 3409 3941 Accedit
3438 3886 3514 3940 ad
3537 3884 3642 3940 ob-

1984 3977 2278 4032 scuritatis
2334 3993 2551 4033 causas
2599 3975 2765 4048 quod
2814 3980 2985 4030 vetus
3021 3973 3321 4045 Scriptura
3362 3988 3642 4030 sermone

1982 4066 2186 4123 Graaco
2216 4081 2339 4122 non
2367 4065 2478 4121 fuit
2505 4069 2817 4136 concepta,
2838 4064 2940 4118 sed
2975 4079 3048 4119 ex
3068 4063 3355 4118 Hebraico
3381 4063 3440 4118 in
3472 4062 3640 4117 illum

1981 4155 2267 4212 manavit.
2305 4157 2400 4210 Est
2430 4159 2630 4210 autem
2662 4159 2879 4209 natura
2909 4157 3324 4224 comparatum
3358 4155 3421 4206 ut
3449 4151 3643 4205 omnis

1978 4228 2206 4314 lingua,
2247 4259 2386 4316 qua).
2438 4244 2496 4298 in
2542 4243 2918 4315 peregrinam
2964 4240 3346 4306 convertitur,
3379 4238 3645 4294 obscuri-

1983 4339 2160 4390 tatem
2193 4333 2747 4403 abstrusionemque
2775 4331 3110 4386 contrahat.
3144 4328 3275 4384 Jam
3317 4344 3458 4383 vero
3486 4328 3644 4400 prin-

1983 4424 2138 4495 cipio
2155 4421 2421 4479 Mosaicae
2448 4422 2610 4491 leges
2636 4420 2930 4476 Hebraicae
2951 4419 3167 4491 linguae
3210 4417 3644 4474 commendatae

1985 4513 2263 4568 fuerunt:
2297 4526 2482 4583 quare
2517 4515 2573 4566 et
2603 4515 2744 4564 tunc
2789 4509 2977 4564 Judaei
3010 4508 3115 4562 soli
3150 4507 3359 4562 notitia
3405 4506 3503 4561 Dei
3541 4521 3644 4577 po-

1985 4601 2314 4668 tiebantur;
2339 4601 2577 4672 reliqua;
2604 4604 2809 4669 gentes
2832 4597 3049 4653 idolica
3073 4597 3312 4651 insania
3325 4594 3641 4669 jactabanv

1986 4697 2095 4747 tur.
2133 4689 2245 4747 Sed
2271 4691 2430 4745 enim
2466 4689 2675 4744 Christi
2705 4703 2844 4743 cum
2875 4685 3387 4757 appropinquaret
3418 4684 3640 4740 adven-

1982 4787 2098 4845 tus,
2122 4780 2452 4851 mundique
2474 4779 2550 4834 ad
2568 4795 2703 4833 eum
2726 4777 2959 4832 vocatio
2982 4794 2997 4841 ;
3017 4790 3275 4847 cumque
3289 4775 3410 4845 jam
3435 4774 3644 4856 Qraaca

1981 4867 2185 4941 lingua
2207 4886 2327 4943 prae
2349 4869 2646 4926 caeterisin
2666 4884 2842 4924 usum
2871 4867 3136 4936 gentium
3150 4871 3389 4938 recepta
3411 4865 3639 4932 fuisset,

1984 4965 2124 5017 tunc
2151 4959 2408 5016 Hebraeae
2442 4959 2664 5013 Litteras
2696 4958 2754 5011 in
2786 4958 3017 5012 Graecas
3048 4970 3349 5010 conversas
3380 4954 3636 5021 fuerunt,

1983 5063 2142 5106 anno
2174 5052 2309 5104 ante
2341 5046 2549 5103 Christi
2575 5045 2901 5102 adventum
2948 5045 3046 5099 vix
3077 5044 3425 5108 centesimo,
3458 5043 3642 5100 Ptole-

1985 5152 2138 5194 maao
2171 5137 2284 5208 (39)
2313 5137 2372 5191 in
2404 5136 2657 5206 Egypto
2677 5137 2986 5204 regnante.
3011 5131 3242 5205 Quippe
3271 5131 3542 5198 decebat,
3578 5137 3643 5188 ut

1426 5287 1447 5322 ι
1476 5287 1650 5346 Joan.
1674 5303 1770 5356 xv,
1804 5290 1892 5355 22,
1927 5290 2014 5344 24.

1838 5387 2069 5445 NOT/E.

344 5500 454 5573 (39)
470 5500 596 5565 Quo
609 5498 1123 5573 Ptolemaeo?Nam
1139 5499 1868 5573 Philadelphum(subquo

273 5571 532 5627 creditur
551 5578 756 5630 curata
788 5571 1208 5646 interpretatio)
1228 5588 1347 5632 non
1374 5571 1613 5630 videtur
1637 5571 1869 5631 Photius

1979 5501 2319 5575 intelligere,
2353 5499 2503 5575 inter
2533 5500 2700 5575 cuius
2731 5515 2972 5575 regnum
3005 5499 3339 5575 Christique
3364 5498 3638 5558 nativita-

1979 5579 2098 5632 tem
2131 5572 2386 5627 interced
2401 5576 2502 5626 unt
2516 5571 2656 5627 anni
2687 5573 2952 5627 trecenti.
