4116 6194
494 247 600 303 819

1727 241 1815 296 PH
1826 241 1959 295 OTII
2000 240 2473 297 ΡΑΤΒῘΑΗΟΗᾹΞ
2510 243 2623 300 ΟΡ.

3769 240 3877 298 821)

498 388 620 446 quo
635 385 909 426 sermone
928 367 1248 424 multitudo
1261 368 1523 437 gentium
1542 366 1619 423 ad
1640 366 1737 423 Dei
1749 366 2138 437 cognitionem

2258 374 2352 428 τῆς
2383 367 2648 439 Αἰγύπτου
2709 368 3025 441 Πτολεμαίου
3091 366 3460 440 βασιλεύοντος
3516 366 3593 436 (6)
3633 383 3646 397 ’
3706 366 3876 437 ἐχρῆν

499 458 895 535 pertrahenda
926 462 1069 522 erat,
1100 457 1309 513 eodem
1333 457 1578 512 oracula
1608 473 1847 529 quoque
1872 472 2148 528 praenun-

497 551 800 614 tiarentur,
829 564 964 620 quae
987 547 1061 601 de
1082 546 1386 601 communi
1413 547 1719 601 Servatore
1742 545 2153 602 vaticinaban-

498 644 607 695 tur.
635 640 767 693 Jam
797 637 931 708 ipsa
970 635 1255 708 loquendi
1301 635 1385 690 vis
1417 635 1636 691 idcirco
1686 636 1746 689 in
1781 635 1980 706 plures
2028 635 2151 690 dia-

492 728 678 783 lectos
709 742 879 782 versa
908 730 1014 791 est,
1046 725 1189 797 quia
1220 741 1357 780 cum
1387 725 1555 780 initio
1584 725 1821 781 unicam
1850 740 1886 779 a
1912 725 2030 780 Deo
2056 740 2151 779 ac-

488 818 743 889 cepisset
770 816 969 879 homo,
999 814 1248 869 vesania
1285 820 1461 886 atque
1500 814 1800 885 impietate
1826 814 2009 868 elatus
2042 818 2146 868 est.

495 905 989 975 Quandoquidem
1023 918 1164 972 ergo
1204 904 1379 958 unica
1418 903 1624 973 lingua
1661 904 1935 958 homines
1977 902 2150 958 abusi

496 999 654 1061 sunt,
686 996 893 1050 merito
914 992 1146 1048 invecta
1163 992 1271 1048 fuit
1291 992 1626 1048 multitudo.
1657 992 1772 1048 Sed
1792 993 1949 1047 enim
1972 992 2147 1047 unius

494 1087 716 1155 linguae
738 1082 1205 1139 emolumentum
1231 1088 1285 1136 et
1306 1098 1502 1148 usum,
1532 1081 1716 1137 multo
1730 1085 1995 1153 tempore
2017 1086 2149 1152 post

494 1174 851 1231 divisionem
877 1172 1146 1242 ejusdem
1170 1175 1344 1242 atque
1367 1171 1697 1236 dissidium,
1726 1171 1911 1241 igneis
1932 1171 2150 1239 linguis

492 1280 599 1321 ora
628 1261 891 1319 instructi
926 1260 1224 1332 discipuli,
1258 1259 1560 1331 magnalia
1600 1260 1698 1315 Dei
1740 1260 2146 1331 praedicando,

492 1352 736 1409 tandem
776 1349 1104 1422 aliquando
1136 1350 1693 1405 demonstraverunt
1731 1354 1910 1421 atque
1942 1365 2148 1405 cumu-

490 1441 711 1498 larunt.

495 1549 812 1616 QUASSTIO
847 1548 1000 1603 CLIV
1036 1546 1241 1620 [σοίει.
1285 1547 1598 1611 CLXXXIV,
1629 1548 1805 1602 Taur.
1846 1546 2144 1617 CLXXIII].

674 1655 819 1722 Quot
845 1655 1125 1710 editiones
1165 1654 1491 1720 Scriptura?
1515 1654 1692 1721 factae
1720 1653 1963 1722 fuerint.

2180 1653 2226 1706 Β

2257 460 2357 530 γὰρ
2388 453 2458 509 δι’
2490 458 2550 518 ἧς
2608 458 2872 529 ἔμελλετὰ
2936 458 3093 511 πλείω
3156 466 3253 509 τῶν
3317 455 3472 508 ἐθνῶν
3523 456 3587 515 εἰς
3650 458 3869 527 θεογνω-

2262 552 2377 599 σίαν
2432 550 2900 619 χειραγωγεῖσθαι,
2956 544 3027 599 δι’
3060 546 3222 608 αὐτῆς
3273 550 3363 597 καὶ
3407 548 3528 606 τοὺς
3584 551 3873 617 χρησμονς

2258 637 2718 710 προαγγέλλεσθαι,
2758 639 2807 689 οἰ
2854 640 2937 689 τόν
2993 639 3163 687 κοινόν
3215 640 3562 709 προεφήτευον
3624 642 3869 707 Σωτῆρα.

2260 724 2345 784 Εἰς
2405 725 2605 786 πλείους
2665 723 2721 778 δε
2772 730 2935 798 φωνὰς
2986 729 3039 776 αἱ
3110 724 3351 795 γλῶσσαι
3426 720 3868 798 διεμερίσθησαν,

2259 809 2398 864 διότι
2437 819 2560 885 μίαν
2636 814 2687 877 ἐξ
2762 814 2936 887 ἀρχῆς
3012 813 3179 866 λαϐὼν
3256 816 3280 865 ό
3359 814 3650 884 οἱνθρωπός,
3733 815 3868 883 πρὸς

2259 900 2501 954 ἀπόνοιαν
2548 910 2636 956 καὶ
2694 902 2951 961 ἀθεότητα
3005 906 3140 977 ἤρθη
3206 921 3216 932 ’
3270 901 3381 954 ἐπεὶ
3439 898 3525 954 οὖν
3574 900 3874 961 ἐπιϐλαϐῶς

2258 990 2553 1065 ἐχρήσαντο
2610 1000 2671 1065 τῇ
2728 998 2826 1065 μιᾷ
2888 999 3047 1065 φωνῇ’,
3102 991 3322 1063 εὐλόγως
3375 989 3764 1062 ἀντεισηνέχθη
3811 994 3872 1041 τό

2259 1080 2471 1143 πλῆθος.
2504 1088 2611 1142 Τῆς
2651 1086 2740 1154 μέν
2765 1100 2846 1133 τοι
2871 1088 2992 1152 μιᾶς
3035 1084 3090 1133 τὸ
3123 1077 3310 1156 κέρδος
3366 1085 3456 1131 καὶ
3508 1084 3599 1137 τὴν
3647 1086 3870 1152 χρείαν,

2256 1172 2387 1241 μετὰ
2443 1175 2535 1229 την
2585 1174 2780 1232 ταύτης
2853 1168 3113 1243 διαίρεσιν
3184 1174 3274 1221 καὶ
3335 1164 3633 1245 διασπορὰν
3686 1174 3874 1241 χρόνῳ

2257 1258 2471 1333 ὕστερον
2542 1259 2798 1326 πολυετεῖ,
2849 1264 3089 1331 πυρίναις
3160 1259 3503 1330 στομωθέντες
3599 1260 3872 1329 γλώτταις

2258 1350 2305 1400 οἱ
2370 1350 2602 1419 μαθηταὶ
2683 1351 2746 1400 τὰ
2810 1347 3058 1419 μεγαλεῖα
3123 1356 3210 1399 τοῦ
3278 1354 3412 1401 Θεοῦ
3500 1350 3873 1421 κηρύττοντες,

2255 1434 2522 1501 ἐπέδειξαν
2545 1442 2659 1490 τότε
2692 1443 2781 1491 καὶ
2811 1437 3201 1512 ἀνεπλήρωσαν.

2810 1552 3123 1599 ΕΡΩΤΗΣΙΣ
3148 1542 3303 1599 ΡΝΔ’.

2540 1658 2711 1705 Πόσαι
2742 1650 2973 1713 ἐκδόσεις
3002 1658 3248 1723 γεγόνασι
3280 1659 3341 1724 τῇ
3376 1657 3549 1726 Γραφῇ
3586 1667 3600 1718 ;

897 1752 1049 1799 Nunc
1080 1752 1295 1814 primun
1317 1750 1504 1798 editaa
1534 1750 1593 1797 D.
1628 1749 2063 1815 Hergenroether.
2100 1776 2159 1788 —
2194 1750 2263 1799 Dc
2290 1750 2483 1800 Graecis
2515 1752 2718 1800 Veteris
2738 1750 3061 1801 Testamenti
3092 1749 3445 1799 versionibus.

562 1842 759 1897 Prima
815 1844 901 1896 est
931 1840 1168 1911 (versio)
1226 1838 1612 1911 Septuaginta
1664 1840 1921 1895 duorum
1976 1842 2149 1895 inter-

491 1935 745 2005 pretum.
802 1930 864 1985 Hi
896 1946 1034 1984 cum
1089 1928 1317 1983 Hebraei
1362 1933 1575 1995 essent,
1629 1928 1825 1984 selecti
1884 1934 2024 1984 sunt
2075 1946 2145 1986 ex

490 2035 855 2093 unaquaque
896 2018 1051 2073 tribu
1084 2034 1189 2073 sex
1219 2023 1275 2073 et
1310 2018 1674 2091 interpretati
1716 2023 1851 2074 sunt
1880 2018 2145 2077 divinam

491 2111 858 2184 Scripturam
893 2114 1181 2179 regnante
1212 2108 1531 2164 Ptolemaeo
1566 2108 1952 2181 Philadelpho
1985 2125 2144 2166 anno

486 2201 899 2256 tercentesimo
924 2198 1116 2270 primo
1135 2202 1271 2253 ante
1297 2197 1533 2253 Domini
1565 2199 1748 2253 nostri
1772 2200 1909 2253 Jesu
1938 2199 2145 2255 Christi

490 2289 823 2345 secundum
891 2303 1133 2343 carnem
1193 2287 1657 2356 generationem.
1729 2288 2003 2343 Secunda
2059 2292 2146 2343 est

485 2378 711 2451 Aquilae
738 2376 937 2431 editio.
974 2376 1088 2444 Hic,
1124 2374 1340 2447 Sinope
1372 2376 1535 2431 Ponti
1566 2376 1853 2431 oriundus
1896 2392 1965 2431 ac
1995 2377 2144 2431 Gree-

486 2483 591 2521 cus
631 2480 864 2534 genere,
903 2463 1326 2535 Hierosolymis
1359 2464 1692 2535 baptizatus
1754 2469 1879 2535 est;
1912 2470 2140 2536 postea,

486 2552 723 2625 abjecta
776 2552 1100 2607 Christiana
1130 2552 1413 2619 religione
1446 2553 1518 2607 ad
1585 2553 1818 2608 Judaaos
1850 2553 2142 2608 transiens

485 2640 904 2711 interpretatus
979 2644 1066 2692 est
1141 2642 1194 2693 et
1249 2638 1373 2709 ipse
1448 2639 1714 2695 divinam
1778 2640 2141 2710 Scripturam

484 2728 745 2785 Adriano
776 2728 1125 2799 imperante,
1159 2727 1262 2799 qui
1298 2727 1459 2799 lepra
1488 2743 1808 2799 percussus
1838 2728 1964 2791 fuit,
1997 2746 2139 2801 qua-

484 2817 810 2890 dringentis
844 2821 898 2872 et
930 2816 1167 2885 triginta
1198 2816 1367 2871 annis
1409 2822 1543 2888 post
1575 2818 1961 2889 Septuaginta
1986 2818 2139 2873 duos

483 2908 828 2979 interpretes
854 2924 865 2973 ;
897 2921 1018 2960 non
1044 2910 1197 2961 recto
1219 2921 1358 2960 vero
1390 2922 1566 2961 sensu
1597 2906 2139 2978 interpretationem

482 2995 738 3068 perfecit,
799 3011 1002 3050 verum
1056 2995 1360 3050 inimicitia
1388 2995 1445 3049 in
1507 2996 1867 3051 Christianos
1919 3002 2137 3051 motus.

482 3084 673 3140 Tertia
691 3090 775 3139 est
808 3083 1152 3155 Symmachi
1174 3083 1373 3138 editio.
1401 3084 1510 3149 Qui
1540 3084 1702 3156 prius
1727 3085 2137 3141 Samaritanus

482 3178 647 3236 erat;
682 3190 820 3229 cum
865 3177 1065 3228 autem
1121 3189 1155 3227 a
1184 3172 1427 3245 propria
1481 3178 1653 3242 gente
1696 3173 1839 3229 nihil
1899 3174 2138 3229 honoris

481 3264 793 3334 acciperet,
851 3261 1201 3317 dominandi
1255 3277 1450 3317 amore
1484 3263 1740 3333 percitus
1770 3262 1849 3318 ad
1899 3263 2137 3318 Judaeos

482 3351 709 3408 accedit
766 3356 819 3406 et
852 3351 1061 3405 iterum
1093 3351 1570 3415 circumciditur;
1605 3356 1783 3421 atque
1829 3352 1889 3405 in
1928 3352 2133 3407 odium

482 3440 990 3497 Samaritanorum
1022 3440 1334 3494 intendens
1357 3445 1411 3493 et
1440 3441 1562 3509 ipse
1592 3440 1854 3495 divinam
1880 3440 2135 3511 Scriptu-

478 3545 608 3585 ram
633 3529 1049 3597 interpretatur
1068 3527 1399 3598 imperante
1428 3533 1551 3581 tum
1574 3529 1805 3590 Severo.
1835 3528 2129 3599 quinqua-

481 3616 707 3687 gesimo
740 3622 904 3670 sexto
936 3631 1095 3670 anno
1118 3620 1251 3685 post
1283 3614 1550 3687 Aquilam
1590 3616 1893 3686 propriam
1925 3616 2135 3672 editio-

480 3721 617 3761 nem
694 3720 815 3759 suae
888 3703 1382 3773 interpretationis
1450 3704 1691 3758 faciens.
1768 3707 1989 3770 Quarta
2046 3710 2135 3761 est

477 3794 894 3851 Theodotionis
940 3792 1193 3864 Ephesii.
1227 3793 1354 3856 Iste,
1410 3794 1513 3865 qui
1542 3793 1794 3849 haeresim
1825 3794 2133 3851 Marcionis

481 3884 701 3939 Pontici
724 3883 1035 3955 amplexus
1056 3882 1267 3947 fuerat,
1288 3885 1580 3937 haereseos
1600 3883 1869 3954 ejusdem
1893 3884 2131 3939 asseclis

477 3973 988 4046 posteairascens,
1015 3974 1319 4044 propriam
1344 3973 1781 4044 Scripturarum
1811 3973 2131 4030 editionem

477 4061 1047 4134 perfecitCommodo
1062 4065 1386 4117 Romanum
1402 4062 1703 4133 imperium
1724 4063 2131 4119 administran-

478 4157 550 4207 te.
578 4151 793 4218 Quinta
809 4151 1209 4222 interpretatio
1227 4158 1434 4206 notum
1457 4167 1576 4205 non
1594 4152 1777 4207 habet
1799 4160 2126 4223 parentem,

475 4242 716 4297 inventa
746 4256 886 4297 vero
916 4239 1024 4295 fuit
1068 4241 1131 4295 in
1184 4240 1356 4295 doliis
1399 4240 1769 4307 abscondita,
1822 4243 2130 4299 Caracatla

478 4331 759 4385 Romanis
782 4330 1621 4401 imperanteinJericho.Sexta
1640 4331 1856 4400 pariter
1868 4332 2127 4387 auctoris

474 4420 678 4476 incerti
732 4419 883 4475 fetus
944 4418 1117 4474 simili
1172 4418 1351 4474 modo
1411 4424 1644 4490 reperta
1679 4426 1782 4484 est,
1838 4421 1897 4475 in
1952 4420 2126 4475 doliis

2330 1847 2515 1915 Πρώτη
2549 1844 2637 1912 μεν
2665 1843 2693 1899 ἡ
2730 1849 2828 1892 τῶν
2874 1838 3265 1912 Ἐϐδομὴκοντα
3323 1836 3470 1891 δυοῖν
3498 1839 3830 1912 ἐρμηνεντῶν
3855 1857 3867 1867 ο

2257 1930 2400 1982 οὗτοι
2451 1930 2682 2001 Ἐϐραῖοί
2736 1930 2868 1990 ὄντες
2921 1929 3224 2001 ἑξελέγησαν
3274 1933 3373 1980 απὸ
3415 1928 3643 1990 ἑκάστης
3704 1929 3874 2000 φυλὴς

2258 2019 2309 2082 ἓξ
2334 2025 2422 2071 καὶ
2468 2022 2799 2092 ἡρμήνευσαν
2843 2024 2936 2077 τὴν
2980 2021 3117 2071 θείαν
3170 2022 3375 2090 Γραφὴν
3426 2018 3508 2069 ἐπὶ
3542 2018 3872 2089 Πτολεμαίου

2258 2108 2510 2181 βασιλέως
2575 2116 2666 2160 τοῦ
2724 2106 3042 2180 Φιλαδελφου

2255 2201 2387 2250 κατά
2449 2200 2620 2271 σάρκα
2675 2202 2955 2269 γεννήσεως
3017 2206 3106 2249 τοῦ

2255 2295 2511 2360 Χριστοῦ.
2575 2292 2793 2361 Δευτέρα
2840 2286 2980 2339 ἐστὶν
3020 2289 3049 2344 ἡ
3113 2295 3205 2339 τοῦ
3262 2287 3455 2339 Ἀκύλα

2256 2382 2487 2438 Σινώπης
2538 2385 2628 2428 τοῦ
2668 2382 2863 2428 Πόντου
2919 2378 3172 2447 ὑπάρχων
3227 2381 3315 2427 καὶ
3342 2375 3526 2432 Ἕλλην
3554 2376 3620 2425 ὢν
3648 2374 3867 2428 ἐϐαπτίο

2884 2483 2894 2493 ·
2927 2473 3057 2527 εἶτα,
3105 2469 3189 2516 τὸν
3229 2468 3644 2539 Χριστιανισμόν
3678 2462 3867 2523 ἀθετήο

3136 2111 3235 2181 πρό
3326 2106 3401 2158 τα’
3460 2106 3704 2159 ἐνιαυτῶν
3778 2116 3873 2169 τῆς

3204 2201 3391 2270 Κυρίου
3483 2198 3627 2268 ἡμῶν
3690 2196 3765 2254 Ἰη
3776 2206 3870 2249 σοῦ

3505 2303 3517 2315 ·
3569 2287 3722 2348 οὗτος
3765 2287 3866 2339 ἀπὸ

2258 2467 2356 2523 σθη
2392 2466 2438 2516 ἐν
2462 2465 2838 2539 Ἱεροσολυμοις

2257 2573 2372 2621 σας,
2404 2560 2493 2606 καὶ
2523 2562 2632 2614 τοῖς
2658 2551 2938 2615 Ἰουδαίοις
2978 2550 3290 2625 συνδραμων
3330 2555 3624 2624 ἡρμήνευσε
3655 2560 3747 2606 καὶ
3776 2555 3866 2605 αὖα

2253 2647 2339 2705 τός
2378 2649 2471 2702 τὴν
2499 2646 2636 2695 θείαν
2682 2649 2890 2717 Γραφὴν
2926 2642 3009 2695 ἐπὶ
3042 2640 3319 2717 Ἀδριανοῦ
3366 2650 3455 2694 τοῦ
3480 2640 3741 2713 βασιλέως
3772 2652 3861 2696 τοῦ

2250 2732 2594 2807 λεπρωθεντος
2635 2737 2763 2803 μετά
2812 2735 2897 2789 ἔτη
2942 2735 3219 2806 τριάκοντα
3248 2736 3337 2783 καὶ
3381 2738 3697 2803 τετρακόσια
3746 2733 3861 2802 (40)

2251 2830 2344 2883 τῆς
2404 2830 2499 2873 τῶν
2559 2818 2706 2872 δυοῖν
2764 2826 2848 2872 καὶ
2898 2817 3290 2891 Ἑϐδομήκοντα
3362 2820 3631 2892 ἑρμηνείας
3696 2841 3706 2852 ι
3768 2821 3860 2871 οὐκ

2252 2912 2386 2985 ὀρθῷ
2442 2907 2499 2962 δὲ
2550 2910 2786 2981 λογισμῷ
2846 2915 2935 2968 τὴν
2992 2910 3262 2983 ἑρμηνείαν
3314 2908 3529 2973 ἐξέθετο,
3572 2908 3702 2961 ἀλλὰ
3750 2920 3861 2973 τοῖς

2250 3008 2585 3073 Χριστιανοίς
2610 3000 2921 3052 ἁντιπαθών.
2974 3004 3135 3071 Τρίτη
3172 3000 3310 3051 ἐστὶν
3346 3001 3372 3056 ἡ
3407 3008 3497 3050 τοῦ
3538 3002 3856 3071 Συμμάχου”

2178 3136 2217 3190 C
2249 3089 2395 3150 οὗτος
2437 3097 2617 3161 πρώτα
2683 3092 2771 3159 μεν
2832 3092 3152 3160 Σαμαρείτης
3202 3085 3282 3145 ἧν·
3336 3093 3405 3159 μὴ
3462 3094 3750 3159 τιμώμενος
3802 3084 3859 3139 δε

2257 3179 2269 3190 ,
2331 3182 2338 3190 .
2443 3174 2567 3190 -.⁸,
2682 3177 2697 3190 ς
2790 3184 2807 3190 ι
2922 3176 2937 3190 ς
3077 3182 3086 3190 .
3205 3179 3227 3190 ..
3618 3182 3626 3190 ,
3816 3186 3830 3190 _

2248 3179 2345 3230 ὑπὸ
2373 3185 2461 3229 τοῦ
2493 3174 2628 3228 ἰδίου
2682 3177 2808 3228 λαοῦ
2864 3176 3150 3251 φιλαρχίας
3202 3179 3353 3250 ἔρωτι
3396 3182 3718 3251 προστρέχει
3750 3186 3859 3239 τοίς

2247 3264 2525 3329 Ἰουδαίοις
2573 3271 2662 3318 καὶ
2714 3263 2951 3340 δεύτερον
3004 3271 3355 3339 περιτέμνεται
3420 3272 3507 3317 καὶ
3564 3271 3697 3340 πρὸς
3775 3266 3854 3317 αν-

2244 3360 2513 3409 τιποίθειαν
2589 3362 2677 3408 καὶ
2784 3356 2939 3416 αὐτὸς
3039 3364 3137 3407 τῶν
3242 3363 3568 3426 Σαμαρειτῶν
3648 3355 3852 3428 ἀφορῶν

2245 3449 2506 3517 ἔρμηνεύει
2538 3451 2630 3503 τήν
2665 3448 2800 3497 θείαν
2844 3448 3048 3517 Γραφὴν
3107 3444 3332 3517 Σεϐἠρου
3373 3453 3663 3502 τηνικαῦτα
3698 3444 3852 3517 βασι-

2242 3536 2468 3595 λεύοντος
2489 3538 2618 3605 μετά
2648 3534 2700 3597 ἓξ
2746 3540 2833 3586 καὶ
2900 3539 3215 3592 πεντήκοντα
3241 3538 3327 3592 ἔτη
3386 3543 3481 3594 τῆς
3536 3542 3627 3585 τοῦ
3661 3534 3853 3587 Ἀκυλα

2244 3624 2514 3697 ἑρμηνείας
2539 3629 2629 3682 τὴν
2699 3624 2890 3675 οἰκείαν
2950 3620 3161 3676 ἔκδοσιν
3226 3626 3598 3694 ποιησάμενος.
3654 3626 3847 3694 Τετάρ-

2242 3733 2303 3770 τη
2364 3712 2502 3765 ἐστὶν
2552 3715 2581 3771 ἡ
2637 3721 2727 3764 τοῦ
2794 3710 3137 3774 Θεοδοτίωνος
3208 3721 3299 3764 τοῦ
3363 3714 3602 3783 Ἐφεσίου
3652 3733 3663 3745 ·
3708 3714 3849 3772 οὗτος

2241 3810 2301 3860 τῆ
2314 3824 2333 3863 ς
2408 3804 2651 3875 αἱρέσεως
2726 3806 3029 3874 Μαρκίωνος

2241 3896 2329 3942 καὶ
2359 3898 2468 3951 τοῖς
2513 3896 2944 3963 συναιρεσιώταις
2991 3900 3185 3962 μηνιῶν
3245 3888 3456 3943 ἔκδοσιν
3510 3888 3650 3942 ἰδίαν
3682 3890 3848 3949 ἐποιήο

2244 4000 2367 4033 σατο
2395 3988 2489 4041 τῆς
2542 3986 2752 4054 Γραφῆς
2808 3977 3048 4052 Κομόδου
3102 3985 3195 4038 τὴν
3244 3980 3507 4052 Ῥωμαίων
3571 3979 3845 4052 βασιλείαν

2685 4069 2744 4121 Ἣ
2821 4065 2879 4121 δὲ
2955 4072 3163 4139 πέμπτη
3244 4069 3489 4142 ἑρμηνεία
3566 4069 3662 4120 οὐκ
3740 4074 3850 4140 ἔχει

3124 4159 3303 4230 εὑρέθη
3384 4154 3433 4209 δ’
3509 4154 3598 4209 οὖν
3674 4160 3849 4217 πίθοις

3115 3808 3339 3873 γεγονώς
3428 3809 3518 3853 τοῦ
3600 3809 3847 3854 Ποντικοῦ

2240 4071 2586 4142 χειρίζοντος.

2238 4165 2492 4230 γνώριμον
2572 4163 2655 4211 τόν
2732 4162 2931 4231 πατέρα
3009 4175 3020 4187 '

2239 4251 2560 4320 κεκρυμμένη
2615 4246 2696 4300 ἐπὶ
2748 4245 3088 4320 Καρακοίλλου
3186 4255 3276 4298 τοῦ
3338 4246 3603 4319 Ῥωμαίων
3661 4247 3846 4319 οἰρξαν-

2238 4355 2319 4395 τος
2350 4335 2653 4407 ὲνἹεριχώ.
2712 4340 2812 4388 Καὶ
2861 4337 2889 4393 ἡ
2944 4336 3063 4393 ἕκτη
3115 4331 3172 4387 δὲ
3231 4338 3287 4387 τό
3340 4334 3603 4407 ἀνώνυμον
3658 4338 3848 4406 ὁμοίως

2238 4427 2439 4496 ἔχουσα
2495 4432 2583 4477 καὶ
2636 4430 2724 4483 τὴν
2775 4426 2972 4497 εὕρεσιν
3038 4427 3217 4495 ὁμοίαν
3256 4427 3385 4497 ἔσχε
3442 4443 3454 4454 ’
3502 4427 3683 4498 εὑρέθη
3743 4429 3843 4496 γαρ

476 4509 744 4565 videlicet
782 4510 1154 4571 abscondita,
1194 4488 1523 4564 Alexandro
1556 4512 1805 4564 Mamaeae
1854 4509 1976 4567 ﬁlio
2020 4510 2127 4565 im-

2246 4515 2481 4573 ιιαὶαύτὴ
2517 4514 2563 4565 ἐν
2604 4517 2777 4575 πίθοις
2829 4518 3154 4587 κεκρυμμένη
3211 4514 3292 4566 ἐπὶ
3357 4511 3701 4588 Ἀλεξάνδρου
3754 4522 3843 4565 τοῦ

476 4604 766 4671 peratore,
796 4599 853 4653 in
884 4599 1026 4653 urbe
1058 4599 1339 4671 Nicopoli,
1371 4616 1503 4671 quae
1537 4616 1721 4671 prope
1751 4600 1980 4656 Actium
2017 4600 2129 4657 sita

475 4694 579 4743 est.
637 4688 807 4743 Hisce
836 4688 1117 4743 omnibus
1166 4688 1415 4743 accessit
1468 4689 1685 4744 divinae
1716 4695 1933 4745 nostrae
1986 4691 2128 4745 Scri-

476 4783 662 4851 ptura:
676 4778 1099 4849 interpretatio,
1117 4793 1293 4848 quam
1309 4782 1549 4832 sanctus
1567 4779 1858 4833 Lucianus
1874 4795 2129 4850 magnus

476 4873 675 4924 asceta
728 4872 783 4922 et
838 4873 1067 4937 martyr
1124 4864 1385 4936 perfecit.
1448 4865 1546 4922 Hic
1605 4868 1763 4923 enim
1832 4868 2129 4939 praedictis

476 4956 833 5013 editionibus
879 4954 1162 5010 adhibitis
1214 4960 1268 5010 et
1316 4955 1601 5011 Hebraica
1659 4963 1865 5012 nactus
1908 4972 2129 5027 magno

475 5063 607 5102 cum
663 5045 857 5099 studio
906 5044 1274 5115 exemplaria
1330 5052 1383 5100 et
1437 5052 1713 5101 accurate
1766 5049 2131 5119 perspiciens

475 5151 611 5207 quae
642 5134 990 5187 deficiebant
1022 5134 1108 5188 vel
1138 5148 1173 5188 a
1198 5135 1431 5189 veritate
1460 5135 1827 5192 excedebant
1858 5138 2127 5203 removit,

473 5222 780 5294 prOpriam
808 5238 945 5277 vero
972 5222 1231 5294 ejusdem
1256 5224 1395 5278 ﬁdei
1428 5224 1775 5281 Christianis
1813 5225 2131 5281 editionem

475 5310 626 5381 fecit,
656 5326 791 5383 quae
836 5310 1013 5367 editio
1043 5317 1177 5383 post
1201 5313 1392 5383 ipsius
1426 5319 1727 5370 certamen
1766 5319 1975 5387 etpost
1999 5332 2134 5388 per-

2236 4609 2481 4676 Μαμαίας
2529 4604 2576 4655 ἐν
2630 4604 2903 4657 Νικοπόλει
2958 4611 3016 4675 τῇ
3073 4606 3209 4655 κατὰ
3256 4607 3313 4655 τὸ
3364 4603 3574 4656 ’Ἄκτιον
3647 4599 3849 4655 διακει-

2234 4698 2385 4766 μένη,
2448 4694 2563 4744 Ἐπὶ
2610 4700 2740 4745 πᾶσι
2792 4697 2989 4752 τούτοις
3036 4697 3213 4763 γέγονε
3264 4692 3507 4767 ἑρμηνεία
3557 4701 3650 4753 τῆς
3709 4695 3843 4765 ἱερᾶς

2237 4784 2379 4854 ἡμῶν
2435 4788 2634 4855 Γραφῆς
2682 4785 2821 4855 παρά
2886 4790 2977 4833 τοῦ
3048 4780 3093 4832 ἐν
3167 4783 3333 4851 ἁγίοις
3407 4787 3699 4834 Λουκιανοῦ
3755 4788 3845 4832 τοῦ

2237 4870 2461 4942 μεγάλου
2512 4869 2745 4927 ἀσκητοῡ
2794 4876 2882 4921 καὶ
2960 4872 3223 4942 μάρτυρος
3292 4889 3303 4901 ·
3362 4870 3511 4931 οὗτος
3577 4874 3677 4941 γαρ
3738 4878 3848 4929 ταῖς

2238 4965 2720 5034 προγεγραμμέναις
2818 4957 3111 5020 ἐπιστήσας
3216 4955 3461 5011 ἐκδόσεσι
3556 4965 3643 5011 καὶ
3739 4967 3847 5021 τοῖς

2238 5048 2529 5122 Ἑϐραϊκοῖς
2576 5048 2831 5119 φιλοπόνω
2893 5054 3121 5119 εντυχὼν
3178 5053 3263 5100 καὶ
3318 5046 3545 5120 ἀκριϐῶς
3595 5046 3849 5099 ἐποπτεύ-

2243 5159 2338 5199 σας
2366 5140 2427 5189 τὰ
2458 5142 2546 5209 μεν
2574 5138 2811 5189 λείποντα
2866 5139 2895 5195 ἡ
2933 5142 3145 5191 περιττὰ
3175 5146 3267 5199 τῆς
3300 5137 3539 5198 ἀληθείας
3584 5134 3845 5201 διώσατο,

2242 5225 2449 5280 ἔκδοσιν
2502 5224 2559 5279 δε
2615 5223 2911 5300 ἰδιόκληρον
2979 5235 3088 5287 τοῖς
3167 5223 3446 5298 όμοδοξοις
3503 5235 3841 5300 Χριστιανοῖς

2242 5302 2546 5383 ἐποιήσατο,
2581 5319 2692 5377 ἣτις
2741 5313 2951 5378 ἔκδοσις
3004 5320 3135 5389 μετὰ
3182 5322 3274 5374 την
3306 5315 3527 5373 ἄθλησιν
3561 5315 3723 5367 αὐτου
3764 5320 3853 5367 καὶ

2049 5432 2286 5489 NOTAE.

553 5526 663 5596 (40)
697 5524 873 5581 Aliter
898 5542 958 5597 q.
991 5526 1148 5581 CLIII
1180 5532 1415 5599 tempus
1442 5528 1800 5599 assignatur.
