3926 6190
140 264 228 319 821
1060 261 1155 316 ΑΙ)
1200 215 1754 316 AltiPHILOCI-IIUM
1795 255 2122 325 QUIES'I‘IO
2164 254 2347 322 CLIV,
2379 253 2537 310 CLV.
3359 258 3466 311 822

137 392 212 441 τόν
249 384 468 459 διωγμόν
516 388 599 438 τόν
651 389 916 457 γενόμενον
967 387 1050 439 ἐπὶ
1090 387 1419 460 Μαξιμιανοῡ
1459 391 1546 438 καὶ
1592 392 1687 439 Διο·

1912 382 2208 448 :utionem,
2257 397 2394 454 qua)
2433 380 2547 436 sub
2597 377 2958 435 Maximiano
3001 382 3056 434 et
3105 379 3462 440 Diocletiano

136 479 386 535 κλητιανοῡ
434 483 532 528 τῶν
581 476 831 547 τυράννων
889 476 1069 549 εὑρέθη
1137 476 1188 529 ἐν
1255 472 1585 550 Νικομηὸείᾳ
1650 473 1686 537 ἐξ

1911 473 2082 530 annis
2103 477 2306 529 exorta
2321 477 2426 537 est,
2452 469 2810 526 Nicomediae
2827 468 3066 524 inventa
3083 469 3188 526 fuit
3219 487 3286 526 ex
3315 472 3461 543 ipsis

140 563 404 638 ἱδιοχείρου
450 565 606 617 αὐτοῦ
651 570 1004 640 γεγραμμένη.
1051 573 1436 628 Κωνστοιντῖνος
1475 563 1534 618 δὲ
1567 584 1690 624 τηνι-

1915 563 2186 635 ographo
2247 562 2486 633 scripta.
2540 559 2966 615 Constantinus
3027 575 3285 629 magnus
3333 567 3461 618 tum

137 656 331 708 καύταό
370 657 527 726 μέγας
570 652 846 708 ἐϐασίλευε·
881 658 937 708 τὸ
971 652 1030 708 δὲ
1074 654 1277 728 βιϐλίον
1318 656 1530 731 εὕρηται
1561 655 1687 728 παρέ

1911 653 2148 723 perabat
2180 669 2192 720 ;
2229 650 2376 709 liber
2393 665 2528 706 vero
2549 649 2826 704 inventus
2849 654 2939 705 est
2965 649 3123 720 apud
3145 650 3381 708 Judaeos
3403 653 3461 710 in

138 739 386 804 Ἰουδαίοις
478 740 526 794 ἐν
598 746 893 814 πυργίσκου
968 747 1134 815 τοίχῳ
1207 744 1485 816 κονιάματι
1569 745 1688 817 πρὸς

1911 741 2109 796 riculaa
2149 739 2465 811 cujusdam
2505 740 2729 811 pariete
2767 739 2924 795 calce
2964 739 3042 796 ad
3083 740 3461 798 securitatem

139 831 385 904 ἀσφαλειαν
411 827 832 906 διακεχρισμένῳ
862 832 994 904 (41).

422 827 832 906 ΐιακεχρισμένῳ
862 832 994 904 (41).
1808 831 1972 886 illito.

638 945 953 993 ΕΡΩΤΗΣΙΣ
993 940 1154 996 PNE'.
1811 939 2126 1004 QUIESTIO
2178 937 2311 994 CLV
2363 936 2559 1008 [CoisL
2605 935 2888 1001 CLXXXV,
2934 937 3115 993 Taur.
3157 937 3459 1013 CLXXIV].

193 1051 247 1099 Τί
293 1042 482 1108 ἰδόντες
515 1047 838 1122 οίλποιμένες
881 1043 1224 1122 διεγνώρισαν
1256 1051 1374 1122 περὶ
1413 1053 1506 1100 τοῦ
1545 1045 1699 1105 λαλη-

1909 1046 1971 1101 ῐιί
1993 1062 2026 1100 a
2056 1060 2114 1101 se
2141 1050 2518 1122 conspectum
2541 1049 2807 1122 pastores
2837 1043 2975 1099 aliis
3005 1044 3083 1122 de
3101 1060 3303 1114 puero,
3334 1047 3459 1103 illis

564 1115 735 1180 θέντος
767 1119 938 1179 αὐτοῖς
967 1115 1186 1172 παιδίου
1221 1135 1232 1184 ;
1320 1115 1328 1122 ’
1834 1115 1838 1116 ν

1834 1115 1838 1116 ί
2177 1132 2386 1172 annun
2397 1116 2562 1181 tiato,
2605 1115 3016 1186 signiﬁcaram
3057 1117 3084 1169 i’

184 1216 440 1265 Editarum
496 1228 529 1266 a
568 1216 769 1266 Wolﬁo
790 1216 1001 1267 decima
1052 1220 1243 1268 octava
1272 1217 1419 1276 (Cur.
1443 1215 1711 1327 Phillol.,Lt.
1736 1216 1800 1273 V,
1820 1231 1872 1280 p.
1897 1215 2125 1326 37200-772.
2147 1213 2388 1264 Galland.
2415 1213 2691 1270 Biblioth.,
2716 1216 2754 1262 t.
2780 1213 2910 1268 XIII,
2931 1228 2981 1276 p.
3010 1215 3118 1274 736,
3150 1215 3259 1271 737,
3280 1229 3332 1263 n.
3357 1216 3456 1278 34).

1561 1294 1590 1326 n
1679 1293 1763 1327 uc.
1801 1294 1854 1327 ιι.
1929 1306 1945 1314 -
2015 1312 2027 1324 .

1561 1294 1590 1326 [ι
1638 1293 1763 1328 Luc.
1801 1294 1854 1336 ιι,
1897 1293 2027 1326 rs-zu.

190 1385 406 1458 Αὐτοψίᾳ
449 1388 517 1438 τά
564 1386 974 1459 εὐηγγελισμένοι
1017 1386 1271 1454 λαϐόντες,
1322 1391 1411 1439 καὶ
1454 1394 1525 1458 τῷ
1573 1388 1697 1438 θαύ-

1908 1390 2202 1458 ’ostquam
2254 1399 2327 1440 ea
2364 1399 2500 1455 quin
2541 1383 2815 1439 nuntiata
2871 1386 3056 1451 erant,
3098 1383 3286 1440 oculis
3343 1383 3458 1456 ipsi

132 1494 236 1546 ματι
277 1483 361 1537 τῆς
403 1474 653 1537 ἀληθείας
698 1481 1062 1548 κατεχόμενοι,
1105 1477 1198 1529 οὐκ
1252 1475 1554 1549 ἀπέκρυψαν
1593 1482 1682 1528 τοῦ

1913 1479 2102 1543 erant,
2146 1473 2531 1529 admiratione
2551 1473 2633 1528 rei
2656 1472 2978 1528 verissimae
3016 1473 3286 1544 correpti,
3323 1488 3462 1530 cau-

132 1565 489 1636 πυνθανομένοις
547 1569 642 1623 τὴν
695 1565 886 1620 αἰτίαν.
947 1565 1104 1631 Ἀλλ’,
1163 1567 1290 1640 ἅπερ
1345 1585 1400 1618 τε
1454 1568 1682 1638 πρότεροι

1907 1580 1942 1619 n
1975 1563 2133 1619 illius
2162 1578 2278 1618 non
2311 1561 2579 1618 celarunt
2609 1562 3012 1632 cognoscendi
3043 1563 3299 1634 cupidis.
3332 1566 3457 1620 Imo

131 1655 389 1718 ἱθιοίσαντο,
444 1659 533 1707 καὶ
594 1654 661 1706 ὧν
718 1653 846 1714 ἀκοῆ
917 1661 1010 1714 τὴν
1069 1663 1262 1727 γνῶσιν
1338 1658 1520 1726 ἔσχον,
1575 1672 1678 1725 παρ

1908 1670 1950 1710 Ὀ
1980 1653 2185 1710 omnia
2210 1651 2326 1718 illa,
2360 1667 2495 1724 quin
2526 1657 2582 1707 et
2610 1657 2785 1708 antea
2813 1651 3099 1720 viderant,
3135 1656 3193 1707 et
3213 1652 3458 1708 auribus

132 1742 262 1795 αὐτού
306 1762 354 1796 τε
402 1751 494 1796 τοῦ
545 1744 1008 1817 εὐαγγελιζομένου
1051 1744 1267 1817 ἀγγέλου
1315 1749 1404 1797 καὶ
1447 1749 1676 1816 κήρυκος

1909 1761 1934 1798 n
1961 1743 2038 1800 ab
2067 1741 2280 1814 angelo
2304 1746 2360 1798 et
2381 1756 2656 1813 praecone
2684 1743 3151 1809 Evangelii,tum
3179 1757 3214 1797 a
3233 1741 3459 1812 reliqua

131 1837 198 1883 καὶ
241 1835 372 1907 παρά
421 1841 509 1893 τῆς
553 1832 711 1894 ἆλλης
759 1833 1038 1906 ἀγγελικῆς
1081 1838 1169 1886 καὶ
1215 1833 1501 1906 ὑμνολόγου
1545 1851 1681 1906 στρα·

1903 1833 2185 1903 gelorum,
2218 1831 2400 1886 Deum
2423 1830 2818 1896 laudantium,
2845 1846 3065 1886 corona
3081 1836 3453 1902 acceperant,

131 1927 239 1986 τιᾶς,
287 1929 444 1974 ταῦτα
495 1923 673 1975 πάντα
718 1930 827 1985 τοῖς
868 1931 1123 1999 παροῦσιν
1183 1922 1559 1988 ἀπεκάλυπτον,
1610 1941 1681 1973 κα

1908 1920 2206 1979 ssentibus
2256 1920 2604 1993 aperiebant
2658 1924 2715 1976 et
2751 1919 3198 1976 renuntiabant.
3260 1924 3458 1993 Neque

131 2007 450 2084 ἀνεκήρυττόν,
512 2011 591 2064 Οὐ
624 2012 724 2086 γὰρ
758 2015 910 2084 μόνον
957 2020 1017 2084 τῇ
1051 2017 1233 2085 Μαρίᾳ
1284 2016 1372 2064 καὶ
1402 2019 1473 2082 τῷ
1505 2012 1681 2082 Ἰωσὴς

1909 2030 1969 2068 m
2009 2011 2201 2069 Mariae,
2230 2010 2446 2074 solum,
2476 2015 2530 2066 et
2559 2011 2820 2082 Josepho
2842 2025 2913 2065 ea
2943 2009 3453 2081 signiﬁcabantur,

129 2101 180 2148 τὰ
223 2101 335 2172 ὑπὲρ
382 2100 532 2172 λόγον
602 2101 778 2162 αὐτοῖς
828 2104 1107 2174 τεθεαμένα
1157 2100 1501 2173 ἀπήγγελλον,
1571 2099 1679 2152 ἀλλέ

1905 2120 1938 2158 e
1993 2117 2178 2173 supra
2225 2102 2522 2156 rationem
2575 2099 2768 2171 posita
2837 2104 3291 2170 conspexerant,
3350 2099 3455 2154 sed

129 2188 216 2257 μετ’
261 2187 464 2252 ἐκείνους
521 2195 616 2242 καὶ
686 2195 803 2251 τοὺς
884 2191 1070 2252 ἄλλους
1125 2191 1376 2255 ἅπαντας,
1445 2192 1587 2250 ὅσοις
1635 2186 1679 2248 ἧι

1901 2197 2017 2248 eter
2066 2206 2168 2248 eos
2208 2196 2445 2247 caeteros
2483 2205 2712 2255 omnes,
2755 2189 2858 2261 qui
2897 2188 3143 2261 quidem
3183 2191 3451 2253 aderant,

130 2275 342 2349 ἐντυχεῖν,
400 2283 676 2341 κοινωνοὺς
729 2287 827 2332 τῶν
905 2281 1178 2353 ὑπερφυῶν
1271 2282 1536 2352 θεαμάτων
1605 2283 1680 2330 καῖ

1905 2298 2022 2348 um,
2065 2296 2217 2353 quas
2256 2279 2348 2334 vel
2388 2278 2658 2334 viderant
2697 2277 2790 2333 vel
2829 2277 3207 2341 audiverant,
3248 2292 3455 2348 super-

130 2363 430 2438 ἀκουσμοὶτων
506 2365 608 2422 διὰ
705 2377 796 2431 τῆς
896 2366 1198 2441 διηγήσεως
1280 2368 1680 2444 παρελοίμϐοινον⁴

1910 2369 2164 2426 uralium
2249 2368 2565 2440 participes
2635 2382 2768 2423 esse
2845 2365 3177 2422 voluerunt.
3245 2365 3453 2422 Statim

131 2460 210 2508 Καὶ
250 2457 423 2510 αὐτίκα
477 2460 508 2517 ἡ
568 2458 714 2520 πόλις
769 2461 799 2518 ἡ
853 2459 1076 2531 Βηθλεὲμ
1137 2459 1504 2525 ἀνεπέπληστο,
1561 2459 1681 2517 πλη·

1901 2476 2002 2533 lue
2041 2459 2184 2516 urbs
2223 2457 2583 2522 Bethlehem,
2623 2457 2818 2513 vicina
2857 2456 3016 2513 enim
3056 2461 3198 2523 erat,
3241 2455 3451 2511 nuntio

131 2549 220 2596 σίον
243 2549 332 2620 γὰρ
371 2544 451 2614 ἦν,
492 2555 590 2601 τοῦ
625 2568 679 2602 τε
719 2554 979 2622 σωτηρίου
1011 2553 1164 2601 τόκου
1213 2553 1307 2606 τὴν
1336 2548 1578 2608 ἀληθειαν
1603 2553 1681 2601 καῖ

1902 2566 1915 2605 3
1951 2548 2335 2621 implebatur,
2368 2546 2859 2620 quandoquidem
2900 2545 3206 2601 veritatem
3247 2549 3452 2616 partus

129 2643 204 2696 τῆς
239 2636 288 2698 ἐξ
325 2637 550 2711 οὐρανῶν
601 2643 892 2713 μαρτυρίας
944 2643 1037 2697 τὴν
1089 2638 1378 2712 ἀκρίϐειαν,
1433 2647 1530 2690 τῶν
1587 2641 1679 2692 θεο‹

1901 2639 2078 2697 utaris
2105 2638 2609 2709 testimoniunque
2629 2636 2704 2692 de
2730 2635 2879 2692 coelo
2905 2651 3027 2691 non
3058 2635 3451 2691 inﬁciandum

131 2727 267 2795 τάφων
351 2727 456 2798 (42)
541 2727 746 2780 ἐκείνων
830 2731 1084 2800 ποιμένων
1162 2730 1442 2802 προθύμως
1526 2730 1681 2780 παντο

1897 2735 2077 2785 stores
2109 2728 2211 2796 illi,
2257 2730 2442 2783 Deum
2487 2726 2703 2791 edocti,
2747 2731 3024 2798 prompte
3072 2726 3447 2790 enarrabant,

129 2807 460 2886 διηγουμένων,
507 2820 604 2868 καὶ
651 2821 709 2868 τό
753 2821 964 2891 φρικτόν
1004 2826 1097 2870 τοῦ
1145 2820 1408 2891 θαύματος
1437 2825 1552 2878 ταῖς
1592 2827 1679 2870 τῶι

1900 2818 2300 2889 mandumque
2327 2816 2468 2871 illud
2510 2815 2863 2871 miraculum
2885 2813 3101 2870 animis
3136 2814 3450 2870 hominum

129 2898 363 2975 ἀνθρώπων
438 2906 651 2977 ψυχαῖς
760 2907 1081 2980 ἐναφιίντων.
1177 2913 1276 2961 Καὶ
1349 2911 1450 2983 γὰρ
1538 2912 1679 2980 φησί

1903 2907 2193 2964 tillabant.
2218 2906 2356 2961 Ideo
2379 2905 2588 2961 dicitur
2619 2921 2632 2960 :
2657 2906 2925 2960 «Omnes
2949 2905 3257 2959 audientes
3277 2902 3451 2958 mira-

131 3012 148 3037 σ
182 2993 344 3056 Πάντες
393 2997 440 3046 οἱ
495 2993 812 3056 ἀκούσαντες
865 2995 1158 3070 ἐθαύμαζον
1215 3001 1328 3069 περὶ
1391 3005 1490 3048 τῶν
1536 2996 1681 3054 λαληι

1896 3001 2041 3064 Jtur,
2073 3012 2207 3068 quae
2248 2994 2360 3049 illis
2393 3011 2428 3050 a
2468 2992 2807 3065 pastoribus
2846 2993 3275 3048 nuntiabantur
3315 2993 3382 3046 ⁷³.
3419 3012 3446 3040 »

130 3079 274 3131 Θέντων
301 3083 395 3135 ὑπὸ
433 3093 536 3136 τῶν
586 3089 837 3156 ποιμένων
880 3087 1002 3158 πρὸς
1045 3087 1234 3147 αὐτοὺς
1263 3088 1331 3137 ⁷³.
1365 3105 1394 3137 ›>
1429 3093 1540 3146 Πῶς
1587 3088 1680 3160 γὰρ

1896 3101 2006 3141 nne
2037 3085 2196 3140 enim
2231 3085 2446 3138 mirum
2474 3087 2619 3150 erat,
2648 3097 2807 3146 eum,
2831 3082 2929 3152 qui
2957 3082 3016 3136 in
3047 3080 3213 3136 caelis
3244 3087 3349 3145 est,
3385 3079 3446 3136 in

127 3168 196 3219 οὐκ
221 3166 273 3227 ἦν
297 3173 582 3245 θαυμάζειν
613 3177 700 3225 τόν
731 3172 778 3225 ἐν
805 3173 1038 3246 οὐρανοῖς
1068 3175 1152 3227 ἐπὶ
1177 3183 1275 3246 γῆς
1305 3177 1447 3249 όρᾲν,
1476 3181 1565 3227 καὶ
1595 3179 1677 3234 τὴι

1892 3175 1965 3229 ris
2015 3172 2378 3245 conspicere,
2418 3177 2473 3227 et
2520 3171 2701 3227 talem
2755 3171 3015 3242 quidem,
3053 3171 3155 3241 qui
3201 3175 3442 3236 terram,

125 3267 266 3327 τιγῆν
293 3269 394 3323 τοῖς
424 3263 664 3337 οὐρανοῖς
696 3262 787 3315 διὰ
818 3271 912 3324 τῆς
943 3263 1150 3335 εἰρήνης
1183 3265 1296 3334 (43)
1340 3267 1675 3330 συνάπτοντα,

1895 3269 1954 3319 ta
2000 3278 2165 3335 pace,
2210 3261 2359 3317 coelo
2391 3261 2686 3333 jungeret,
2731 3260 2994 3317 coelestia
3038 3264 3237 3316 autem
3277 3265 3445 3316 terra:

125 3352 194 3398 καὶ
234 3351 292 3400 τὰ
337 3351 554 3426 οὐράνια
611 3357 705 3410 τὴν
731 3360 830 3424 γῆν
880 3352 1216 3425 οἰκειούμενα.
1271 3354 1472 3406 Μᾶλλον
1529 3351 1587 3406 δὲ
1630 3357 1675 3406 τὲ

1897 3353 2196 3424 pertiretur
2223 3368 2236 3418 ;
2265 3351 2358 3407 vel
2388 3351 2581 3422 potius
2607 3350 2897 3407 infantem
2927 3349 3094 3405 illum
3131 3365 3252 3405 non
3279 3364 3447 3405 enar-

127 3436 348 3508 ἅφροστον
399 3440 561 3494 ἐκεῖνο
618 3440 826 3514 βρέφος,
877 3450 938 3515 τῇ
1000 3446 1088 3514 μὲν
1123 3445 1419 3500 θεότητιτὰ
1448 3443 1677 3518 οὐράνια,

1897 3443 2068 3507 ιὶιθω,
2093 3441 2312 3510 videre,
2333 3440 2436 3512 qui
2457 3439 2764 3496 divinitate
2789 3455 2898 3494 sua
2918 3438 3204 3505 coelestia,
3229 3439 3447 3494 huma-

127 3533 173 3595 τῇ
230 3523 280 3580 δὲ
333 3527 696 3603 ἀνθρωπότητι
748 3535 812 3583 τὰ
869 3531 1073 3603 ἐπίγεια
1123 3535 1379 3584 συνάπτον
1426 3531 1677 3598 ἀλλήλοις,

1890 3537 1978 3588 ate
2030 3534 2230 3587 autem
2289 3530 2586 3585 terrestria
2655 3529 2770 3584 sibi
2839 3528 3084 3583 invicem
3148 3529 3440 3597 jungeret,

127 3613 168 3663 ἐκ
207 3625 289 3678 τῆς
336 3620 524 3682 οἰκείας
599 3626 896 3692 συναφείας,
978 3626 1068 3673 καὶ
1133 3627 1226 3679 τὴν
1300 3625 1428 3694 πρὸς
1492 3622 1677 3680 ἄλληλα

1903 3626 2185 3691 tuamque
2235 3618 2634 3684 concordiam,
2688 3617 3085 3674 admiratione
3124 3621 3178 3672 et
3217 3617 3444 3672 ratione

128 3703 294 3774 εἰρήνην
343 3710 644 3781 θαυμάσια-δ
688 3712 802 3762 τινὰ
845 3715 936 3762 καὶ
976 3711 1101 3784 ὑπὲρ
1142 3711 1294 3783 λόγον
1329 3711 1678 3787 ἐπρυτάνευεν.

1897 3710 1955 3765 ni
1996 3709 2384 3781 superiorem,
2431 3724 2536 3781 per
2575 3723 2747 3765 suam
2787 3707 2949 3763 illam
2992 3707 3270 3762 unionem
3307 3721 3442 3761 con-

123 3790 174 3842 ~0
198 3800 272 3846 καὶ
302 3799 606 3870 καθορῶσαι
636 3801 690 3850 αὶ
733 3799 970 3872 οὐράνιαι
1001 3805 1245 3874 στρατιαὶ
1285 3805 1359 3867 τό,
1416 3825 1440 3849 α
1478 3802 1606 3864 Δόξα
1634 3801 1673 3854 ἐι

1893 3804 2015 3856 aret
2039 3799 2066 3853 ?
2100 3799 2220 3854 Hoc
2241 3799 2460 3854 scilicet
2485 3798 2767 3867 angelica:
2791 3797 2978 3870 copiae
3003 3797 3439 3868 perspicientes,

126 3880 328 3948 ἱνξοίστοις
357 3893 468 3957 Θεῷ
502 3893 598 3939 καὶ
628 3887 712 3939 ἐπὶ
737 3896 837 3959 γῆς
866 3888 1066 3961 εἰρήνη,
1097 3911 1124 3939 ››
1168 3892 1295 3961 μετά
1337 3899 1428 3953 τῆς
1458 3910 1676 3963 πνευμαι

1890 3888 2169 3962 spirituali
2193 3888 2451 3960 tripudio
2477 3887 2689 3953 ductae,
2721 3887 3016 3942 canebant
3049 3904 3062 3942 :
3103 3907 3129 3938 «
3159 3884 3353 3943 Gloria
3382 3887 3440 3941 in

123 3979 241 4032 τικῆς
263 3981 468 4049 χορείας
499 3975 798 4048 ἀνέμελπονο
1209 4043 1214 4048 ,

1793 3979 2034 4034 excelsis
2064 3981 2202 4042 Deo,
2236 3983 2293 4033 et
2322 3978 2382 4031 in
2416 3983 2568 4032 terra
2596 3992 2702 4048 pax
2737 3977 2804 4029 ⁷⁵.
2843 3997 2866 4026 ιι

179 4059 311 4113 Ἀ).λά
362 4069 419 4116 τὸ
463 4069 556 4137 μὲν
612 4075 711 4117 τῶν
774 4071 1024 4139 ποιμένων
1083 4071 1248 4142 ἔργον,
1309 4074 1396 4121 καὶ
1463 4073 1519 4121 τό
1589 4075 1682 4128 κή-

1890 4072 2050 4140 ιιᾳιιθ
2073 4067 2164 4122 his
2195 4066 2440 4138 quidem
2461 4070 2768 4136 pastorum
2799 4064 3033 4120 illorum
3066 4080 3269 4136 opera,
3294 4078 3440 4135 prm-

122 4163 264 4219 ρυἹμα
300 4159 383 4205 καὶ
439 4156 464 4206 ὁ
523 4150 718 4226 δρόμος
769 4155 816 4207 ἐν
863 4160 1083 4218 τούτοις.
1134 4156 1192 4209 ἰι
1244 4154 1302 4210 δὲ
1333 4163 1529 4230 Μαρία,
1583 4179 1672 4231 φη.

1885 4159 2031 4212 ιιιιιῐι
2081 4162 2136 4210 et
2187 4155 2450 4211 studium
2493 4153 2936 4209 absolvebatur.
2989 4171 3018 4206 ‹‹
3061 4155 3238 4208 Maria
3276 4169 3435 4224 vero,

125 4239 200 4294 cia,
240 4248 491 4316 συνετήρει
537 4241 606 4295 τά
655 4245 869 4318 ῥήματα
922 4253 1086 4298 ταῦτα
1119 4245 1494 4318 συμϐάλλουσα
1519 4247 1568 4300 ἐν
1614 4257 1675 4321 τῇ

1886 4245 1956 4301 od
2017 4248 2216 4309 Lucas,
2273 4246 2373 4309 ait,
2416 4243 2695 4299 servabat
2747 4242 2926 4299 verba
2977 4243 3120 4308 hinc,
3160 4243 3218 4297 in
3258 4243 3436 4298 corde

121 4323 280 4400 καρδίᾳ
351 4332 533 4394 αὐτῆς.
599 4339 730 4385 Ποίοι
775 4334 1029 4408 ῥηματα;
1085 4335 1150 4388 τά
1198 4345 1287 4388 τοῦ
1346 4336 1671 4412 ἀρχαγγέλου

1885 4352 1900 4389 ›
1941 4335 2244 4389 conferens
2283 4335 2350 4388 ⁷⁸.
2405 4355 2432 4383 ››
2477 4335 2618 4399 Quae
2659 4349 2798 4388 vero
2844 4333 3022 4387 verba
3079 4331 3107 4386 ?
3145 4329 3435 4387 Gabrielis

125 4413 332 4488 Γαϐριὴλ,
362 4424 426 4473 τὰ
458 4429 551 4474 τοῦ
584 4428 875 4496 Ζαχαρίου,
928 4426 993 4476 τὰ
1022 4432 1116 4486 τῆς
1163 4424 1443 4478 Ἐλισοίϐετ’
1472 4430 1538 4478 τὰ
1579 4435 1675 4479 τῶν

1883 4423 2131 4493 :bangeli
2160 4423 2280 4489 illa,
2325 4428 2447 4479 tum
2486 4421 2801 4487 Zacharim,
2847 4437 3022 4492 porro
3063 4420 3433 4487 Elisabethm,

123 4511 353 4574 ποιμένων,
410 4511 460 4562 ἐν
515 4513 592 4574 οἷς
653 4514 677 4563 ό
734 4511 945 4584 ἆγγελος
997 4513 1170 4574 αὐτοῖς
1227 4513 1460 4585 ἐκόμιζεν
1530 4516 1673 4586 εὐαγ-

1883 4530 1899 4568 3
1932 4513 2130 4568 minus
2165 4519 2496 4584 pastorum,
2530 4511 2750 4584 quibus
2781 4509 3154 4580 evangelium
3182 4511 3433 4580 angelus

121 4591 255 4656 γΐλια.
304 4605 401 4652 Καὶ
454 4603 523 4652 τά
575 4603 819 4674 τάγματα
889 4611 988 4654 τῶν
1059 4601 1306 4676 ἀγγέλων,
1363 4604 1397 4655 ἆ
1450 4601 1540 4657 διὰ
1590 4613 1671 4666 τῆς

1881 4603 2083 4668 ulerat,
2161 4607 2286 4657 tum
2344 4608 2692 4658 caeterorum
2765 4600 3115 4670 angelorum
3173 4601 3431 4666 ordines,

125 4681 390 4757 ῧμνολογίας
441 4695 537 4748 τήν
594 4695 773 4743 πίστιν
826 4698 934 4752 τοῖς
991 4692 1301 4764 εὐαγγελίοις
1341 4691 1675 4768 βεϐαιοτέραν

1882 4708 2008 4746 mno
2027 4709 2132 4746 suo
2160 4690 2517 4746 salutaribus
2545 4690 2654 4745 illis
2675 4690 2918 4746 nuntius
2943 4690 3232 4761 majorem
3254 4691 3432 4746 fidem

124 4778 416 4845 παρείχοντο.
473 4778 632 4831 Ἀλλά
683 4785 793 4832 τίσι
849 4779 914 4832 τά
956 4781 1166 4855 ῥήματα
1220 4790 1388 4834 ταῦτα
1438 4782 1674 4836 συνέϐαλ-

1886 4782 2087 4837 lentes.
2138 4781 2286 4835 Cum
2335 4780 2552 4851 quibus
2610 4795 2747 4834 vero
2798 4779 2979 4834 verba
3022 4778 3121 4835 illa
3163 4780 3223 4833 in
3262 4780 3432 4835 corde

128 4873 186 4908 λεδ
224 4860 264 4912 ἓν
424 4864 625 4940 καρδίᾳ
677 4869 887 4935 αὐτῆς;
941 4876 981 4922 Η
1033 4867 1190 4929 δῆλον
1222 4874 1300 4923 ὅτι
1330 4879 1439 4934 τοῖς
1490 4876 1672 4946 ἔργοις,

1880 4889 1895 4926 ι
1918 4868 2310 4927 conferebat?
2337 4873 2538 4925 Nonne
2562 4868 2942 4924 manifestum
2969 4873 3077 4932 est,
3111 4867 3171 4923 id
3206 4868 3430 4925 factum

124 4946 176 4997 ὧν
216 4957 296 5008 τὴν
341 4963 512 5029 πεῖραι
562 4954 720 5028 εἶχεν.
765 4965 838 5029 Τῇ
893 4957 1106 5032 ἀσπόρῳ
1155 4959 1427 5031 συλλήψει,
1471 4970 1529 5033 τῇ
1592 4961 1674 5013 ἀν-

1883 4976 2058 5016 ecum
2078 4957 2407 5024 rebusillis,
2428 4975 2578 5031 quas
2597 4964 2840 5030 experta
2855 4957 3164 5027 didicerat,
3184 4958 3430 5030 quando

123 5033 259 5109 ωδίνῳ
296 5049 500 5113 κυήσει,
549 5054 620 5116 τῷ
675 5043 979 5123 ἀδιαφθόρῳ
1018 5054 1196 5120 τόκῳ;
1247 5057 1369 5112 Τοῖς
1420 5048 1505 5102 οὖν
1556 5053 1673 5104 καθ’

1885 5067 1915 5106 e
1975 5050 2198 5106 semine
2261 5052 2634 5120 conceperat,
2701 5046 2834 5103 sine
2879 5047 3190 5103 doloribus
3246 5047 3430 5104 fetum

123 5122 274 5185 ἑαυτὴν
321 5134 484 5204 ἔργοις
532 5138 648 5194 τοὺς
694 5135 880 5207 λόγους
909 5122 1298 5208 συμϐάλλουσα
1336 5143 1464 5191 Θεὸν
1495 5140 1673 5212 όμολοο

1884 5140 2129 5205 ;riverat,
2187 5143 2243 5196 et
2290 5138 2416 5194 sine
2461 5136 2580 5194 ulla
2617 5153 2777 5194 noxa
2825 5143 3134 5210 pepererat
3174 5137 3201 5193 ?
3242 5137 3434 5216 Verba

171 5249 209 5282 ⁷³
235 5253 336 5309 Luc
362 5272 419 5322 ιι,
454 5261 535 5314 l8.
569 5259 615 5294 ἠ
655 5258 799 5315 ibid.
836 5261 930 5316 14.
965 5261 1032 5315 75
1061 5261 1198 5316 ibid.
1242 5266 1324 5318 l9.

1639 5369 1859 5428 NOTAE.

297 5467 493 5552 girum
520 5475 622 5552 est
658 5471 803 5529 nihil
832 5473 1216 5552 deprigenis
1245 5476 1502 5534 editione
1532 5477 1666 5534 dici.

1069 5476 1216 5552 genis
1245 5476 1502 5534 editione
1532 5477 1666 5534 dici.
1854 5477 1966 5549 (43)
1997 5476 2160 5532 Colb.
2195 5491 2302 5548 pro
2325 5475 2619 5552 εἰρημένης.

179 5537 274 5597 (42)
309 5539 398 5596 Sic
424 5542 618 5604 scribo
647 5559 786 5601 cum
825 5544 990 5604 Colb.
1027 5537 1290 5620 θεολόγων.
