4116 6194
490 258 596 313 823
1712 260 1800 317 ΡΗ
1810 261 1952 318 ΟΤΙΙ
1992 262 2115 318 PA'I

2240 263 2475 320 LBCH/E
2514 264 2603 320 CP
2618 309 2631 322 .
3750 267 3865 321 824

492 386 694 459 itaque
727 384 829 441 illa
871 400 1004 440 cum
1038 386 1218 441 rebus
1255 388 1417 458 apud
1458 404 1519 443 se
1550 388 1726 459 gestis
1756 404 2117 461 comparans

2250 398 2357 463 γεῐν
2392 394 2477 442 τόν
2523 392 2829 461 γεννηθέντα
2875 395 2968 449 τὴν
3016 396 3189 466 κρίσιν
3234 394 3392 466 ὀρθὴν
3437 388 3739 462 ἀνεδέχετο.
3796 392 3865 443 Οἱ

490 481 645 532 recte
684 475 1056 540 conﬁciebat,
1094 491 1155 531 se
1186 475 1377 541 illum,
1423 479 1524 549 qui
1567 494 1638 533 ex
1670 494 1731 532 se
1768 485 1944 534 natus
1994 484 2115 535 erat

2250 484 2423 552 μέντοι
2471 484 2707 553 ποιμένες
2755 484 2812 532 τό
2868 480 3170 548 τελευταῖον,
3219 479 3286 533 ὧν
3344 478 3504 547 εἶδον,
3544 478 3863 553 παραδόξων

490 566 671 620 Deum
703 564 961 635 proﬁteri
989 564 1220 620 debere.
1254 568 1542 622 Caeterum
1576 573 1840 638 pastores
1869 568 2115 623 ultimuu

2254 571 2558 640 θεασάμενοι
2600 575 2688 621 καὶ
2736 574 2829 627 τὴν
2879 570 3064 642 ψυχὴν
3118 576 3294 645 χαρᾶς
3333 570 3703 645 πληρώσαντες
3747 571 3863 640 (44)

490 669 719 718 eorum,
762 670 893 725 qua:
943 655 1089 709 mira
1133 655 1424 721 viderant,
1461 657 1864 728 contemplati,
1899 658 2115 726 gaudio

2250 660 2586 732 ὑπέστρεφον,
2644 656 2947 722 δοξάζοντες
2999 666 3087 713 καὶ
3141 662 3398 723 αἰνοῦντες
3456 664 3544 711 τόν
3600 662 3733 713 Θεὸν
3779 658 3863 709 ἐπὶ

489 760 604 815 que
622 742 861 815 perfusi,
881 743 1343 810 revertebantur,
1364 746 1730 802 celebrantes
1753 751 1808 802 et
1830 746 2109 802 laudante

2251 753 2430 812 πᾶσιν,
2501 749 2573 808 οἷς
2639 750 2890 813 ἤκουσαν,
2972 754 3062 801 καὶ
3144 746 3306 818 εἶδον,
3389 751 3563 809 καθὼς
3631 747 3857 805 ἐλαλήθη

490 832 677 887 Deum
736 848 913 904 super
967 834 1248 889 omnibus
1289 835 1400 889 illis
1460 852 1596 906 quas
1664 836 2022 891 audiverant
2086 839 2144 891 et
2252 837 2447 897 αὐτοῖς.

487 921 780 987 viderant,
806 925 981 992 prout
1008 922 1154 993 ipsis
1195 924 1418 981 dictum
1451 930 1594 980 erat.

649 1028 965 1094 QUIESTIO
1003 1030 1155 1085 CLVI
1173 1030 1417 1174 (Εἶτρῖξή
1447 1032 1762 1101 CLXXXVI,
1798 1032 1979 1088 Taur.

1689 1034 1762 1101 II,
1798 1032 1979 1088 Taur.
2780 1039 3095 1088 ΕΡΩΤΗΣΙΣ
3134 1033 3314 1117 ΡΝς.

493 1206 653 1263 Num
675 1208 947 1286 sacerdos
962 1216 1087 1286 erat
1118 1211 1514 1286 Symeontqui
1537 1210 1856 1286 Domina";
1876 1216 2118 1265 nostrun

2248 1208 2386 1281 Ἀρα
2432 1210 2586 1284 ἱερεύς
2639 1208 2699 1269 ἧν
2745 1216 2967 1286 Συμεὼν,
3002 1214 3027 1264 6
3080 1215 3167 1286 τὸν
3216 1214 3404 1286 Κύριον
3457 1214 3603 1283 ἡμῶν
3646 1209 3861 1270 Ἰησοῦν

771 1280 968 1335 Jesum
1013 1282 1310 1338 Christum
1346 1280 1505 1338 ulnis
1544 1282 1856 1352 suscepit?
2320 1280 2323 1281 ⁷

2320 1280 2323 1281 ν
2474 1280 2481 1284 ’
2568 1280 3105 1357 Χριστόνθεξάμενος
3150 1282 3196 1336 έν
3228 1280 3526 1354 ἀγκάλαιςς

617 1385 894 1436 Editarum
924 1403 954 1437 a
985 1389 1185 1439 Wolﬁo
1215 1389 1418 1439 decima
1452 1398 1596 1440 nona
1621 1391 1675 1452 (l.
1703 1404 1768 1445 c.,
1802 1385 2352 1500 p.31'ilﬁd7ﬁchallllagg
2366 1389 2474 1500 5.8;.
2514 1404 2580 1447 c.,
2613 1406 2664 1453 p.
2694 1392 2901 1440 737-739
2946 1406 3000 1439 n.
3029 1392 3127 1453 35).
3150 1391 3286 1440 —De
3315 1391 3564 1440 Simeone
3599 1403 3733 1439 sene

1863 1466 2004 1515 apua
2034 1466 2161 1499 Luc.
2194 1466 2245 1505 ιι,
2276 1466 2335 1497 zo
2367 1466 2478 1515 seq.

565 1550 853 1606 Sacerdos
904 1565 1025 1605 non
1069 1556 1194 1606 erat
1248 1551 1485 1607 Simeon
1540 1552 1658 1617 ille,
1725 1549 2137 1607 sacerdotibus
2178 1547 2190 1600 I

2323 1550 2432 1601 Ούκ
2490 1548 2551 1609 ἦν
2611 1554 2772 1627 ἱερεὺς
2825 1556 2855 1603 ό⁸
2923 1556 3146 1623 Συμεὼν,
3220 1560 3319 1603 τῶν
3399 1547 3457 1603 δὲ
3516 1553 3685 1620 ἱερέων
3747 1558 3862 1610 ταῖς

488 1652 624 1695 vero
646 1638 859 1694 virtute
887 1638 1137 1694 multum
1161 1640 1504 1711 praestabat.
1526 1642 1841 1712 Propterea
1857 1639 2113 1695 sacerdo:

2251 1637 2456 1710 ἀρεταῖς
2504 1640 2665 1693 πολλά
2719 1649 2982 1715 προεῖχεν.
3039 1644 3125 1693 Διὸ
3170 1645 3258 1692 καὶ
3307 1642 3331 1691 6
3375 1642 3465 1709 μὲν
3520 1641 3684 1712 ἱερεύς
3723 1639 3858 1710 άπερ

488 1725 642 1781 alius
668 1742 756 1791 ea,
785 1742 919 1797 quae
948 1727 1022 1783 de
1058 1726 1280 1783 infante
1310 1728 1403 1783 lex
1433 1729 1559 1783 fieri
1589 1729 1852 1799 jubebat,
1886 1727 2112 1783 admini

2250 1727 2331 1779 ἐπὶ
2383 1736 2474 1781 τοῦ
2525 1728 2745 1804 βρέφους
2805 1732 2915 1799 (45)
2989 1732 3231 1805 πράττειν
3299 1731 3322 1780 6
3397 1734 3551 1799 νόμος
3609 1728 3857 1789 ἐκέλευεν,

488 1814 717 1870 strabat
751 1831 763 1869 :
798 1816 1056 1887 Symeon
1103 1832 1243 1872 vero
1272 1822 1401 1873 tum
1440 1818 1568 1873 aliis
1604 1818 1886 1889 praeclare
1937 1816 2113 1885 gestis

2249 1821 2447 1880 τούτοις
2481 1821 2742 1887 ὑπηρέτει.
2798 1819 2856 1871 Ὀ
2906 1816 2964 1872 δὲ
3012 1824 3212 1890 Συμεὼν
3256 1826 3370 1879 τοῖς
3415 1837 3467 1869 τε
3508 1817 3684 1877 ἄλλοις
3723 1836 3860 1868 κατ-

488 1907 613 1957 tum
641 1904 805 1959 canis
839 1905 1125 1960 senilibus
1149 1922 1329 1977 supra
1343 1907 1492 1962 alios
1520 1912 1775 1973 evectus,
1805 1906 2113 1962 secundum

2248 1908 2521 1981 ορθώριασι
2568 1914 2656 1960 καὶ
2699 1916 2757 1979 τῇ
2816 1906 3138 1980 πρεσϐυτικῇ
3201 1905 3435 1979 βεϐηκὼς
3492 1905 3649 1975 πολιᾷ
3719 1908 3862 1957 κατὰ

484 1993 798 2049 oraculum
832 1994 1091 2050 divinum
1124 1995 1345 2066 dignus
1377 1997 1713 2053 habebatur
1740 1997 1843 2069 qui
1882 2012 1953 2053 eo
1986 1995 2109 2050 true

2248 1999 2363 2056 τοὺς
2445 1998 2611 2058 θείους
2680 2000 2961 2069 χρησμούς
3032 2005 3127 2058 τῆς
3197 1993 3527 2054 ἀπολαύσεως
3620 1994 3856 2056 ἠξιοῦτο.

485 2086 667 2137 retur.
698 2084 1071 2153 Agnoscebat
1102 2084 1195 2139 ille
1226 2086 1513 2142 infantem
1546 2086 1960 2158 praedicatum,
1995 2084 2110 2140 veri

2250 2085 2472 2157 Ἐπέγνω
2545 2090 2628 2138 τὸν
2698 2091 3110 2160 κηρυσσόμενον,
3190 2092 3290 2135 τῶν
3369 2092 3632 2156 χρησμῶν
3717 2084 3859 2156 ἐώρα

486 2174 666 2227 tatem
699 2173 1081 2229 oraculorum
1110 2174 1514 2246 perspiciebat,
1543 2176 1697 2230 ulnis
1721 2175 1978 2247 denique
1995 2174 2111 2229 fere

2248 2180 2339 2233 τὴν
2393 2175 2651 2243 ἀλήθειαν,
2716 2173 2965 2247 ἀγκάλαις
3022 2179 3188 2249 ἔφερεν
3236 2178 3322 2225 τόν
3398 2179 3615 2247 φέροντα
3684 2176 3858 2225 πάντα

483 2260 590 2316 bat
620 2277 779 2327 eum,
812 2263 913 2334 qui
944 2262 1126 2319 verbo
1157 2280 1266 2319 suo
1298 2264 1577 2335 portabat
1607 2264 1831 2319 omnia.
1869 2267 2108 2335 Cumqu

2248 2273 2319 2335 τῷ
2372 2266 2588 2338 ῥήματι.
2646 2270 2745 2318 Καὶ
2800 2273 2894 2327 τῆς
2947 2272 3038 2317 τοῦ
3096 2268 3271 2337 γένους
3327 2268 3584 2336 σωτηρίας
3638 2262 3685 2314 ἐν
3739 2264 3857 2333 ὄψει

484 2349 601 2406 hoc
632 2352 807 2407 modo
836 2351 1085 2407 humani
1109 2353 1340 2421 generis
1367 2353 1619 2408 salutem
1640 2352 1827 2407 oculis
1859 2368 2109 2423 usurpas

2247 2357 2525 2419 καταστὰς,
2585 2360 2674 2406 καὶ
2727 2357 2980 2427 θειοτέρας
3048 2354 3403 2415 ἀναπλησθεὶς
3468 2349 3687 2416 ἡδονῆς,
3761 2353 3856 2404 οὐκ

485 2444 591 2509 set,
606 2440 1006 2512 diviniorique
1021 2441 1240 2509 gaudio
1253 2442 1455 2513 perfus
1466 2459 1531 2497 us
1545 2446 1714 2507 esset,
1732 2457 1850 2497 non
1859 2441 1983 2512 jam
2002 2441 2110 2496 vita

2244 2446 2321 2500 ἔτι
2379 2451 2468 2495 τοῦ
2529 2448 2622 2515 ζῇν
2675 2448 2985 2516 περιείχετο,
3036 2444 3224 2496 αὐτίκα
3273 2439 3330 2495 δὲ
3374 2442 3512 2514 μάλα
3550 2449 3641 2501 τῆς
3683 2461 3855 2499 σωτη-

485 2529 803 2593 studio,sed
820 2529 1184 2585 imminentis
1199 2530 1489 2587 felicitatis
1502 2530 1791 2587 desiderio
1804 2530 2110 2587 tenebatur

2243 2537 2363 2601 ρίας
2418 2532 2715 2605 ἐφεστώσης
2771 2532 3069 2585 καταλιπεῖν
3118 2535 3207 2605 μεν
3270 2531 3441 2584 ἐπόθει
3494 2534 3552 2583 τὸ
3609 2535 3848 2604 σαρκίον,

484 2633 824 2689 corpusque
855 2618 1154 2690 deponere
1181 2636 1366 2692 quam
1398 2620 1720 2685 celerrime,
1754 2625 1808 2676 et
1838 2620 2109 2675 defuncti:

2245 2622 2686 2693 εὐαγγελίσασθαι
2728 2618 2786 2675 δὲ
2817 2627 2906 2675 καὶ
2952 2629 3056 2683 τοῖς
3086 2620 3133 2674 ἐν
3172 2618 3306 2692 ᾁδου
3344 2625 3430 2679 τὴν
3468 2626 3728 2696 σωτηρίαν
3765 2626 3854 2672 καὶ

486 2706 736 2764 salutem
750 2706 1283 2781 liberationemque
1296 2714 1525 2780 partam
1543 2709 1816 2765 nuntiare
1834 2709 2111 2780 cupiebat

1121 2724 1283 2781 nque
1296 2714 1525 2780 partam
1543 2709 1816 2765 nuntiare
1834 2709 2130 2780 cupiebat.
2244 2716 2336 2769 τὴν
2369 2711 2746 2785 ἀπολύτρωσιν.

556 2797 738 2853 Porro
801 2800 918 2853 Deo
970 2797 1382 2864 benedicebat,
1447 2799 1562 2855 hoc
1608 2805 1710 2863 est,
1766 2798 2047 2855 laudibus
2078 2804 2133 2854 et

2317 2804 2416 2852 Καὶ
2480 2803 2565 2852 τὸν
2619 2805 2747 2853 Θεὸν
2772 2802 2862 2874 μὲν
2921 2800 3136 2871 εὐλόγει,
3198 2804 3442 2853 τουτέστι
3496 2796 3570 2852 δι’
3629 2798 3851 2852 ἐπαίνων

481 2886 796 2959 praeconiis
871 2903 1008 2942 eum
1085 2888 1581 2960 prosequebatur.
1656 2888 1966 2943 Laudabat
2031 2905 2104 2944 au

2242 2893 2330 2939 καὶ
2384 2885 2688 2960 δοξολογίας
2746 2886 2888 2961 ἦγεν.
2952 2889 3165 2960 Εύλόγει
3228 2885 3286 2941 δε
3339 2892 3403 2941 τά
3455 2908 3508 2941 τε
3556 2888 3707 2957 ἄλλα,
3759 2910 3850 2941 και

483 2982 599 3032 tem
658 2981 782 3032 tum
845 2976 975 3032 aliis
1034 2977 1404 3042 nominibus,
1447 2982 1571 3032 tum
1637 2994 1777 3032 vero
1804 2977 1863 3032 in
1923 2979 2108 3049 primi:

2244 2973 2383 3029 διότι
2415 2981 2504 3039 τάς
2551 2982 2676 3051 πρὸς
2726 2979 2879 3030 αὑτὸν
2920 2980 3242 3049 ὑποσχέσεις
3281 2978 3353 3039 εἰς
3399 2976 3643 3034 ἀλήθειαν
3674 2977 3852 3030 ἓϐλεπε

481 3066 636 3132 ideo,
678 3066 842 3138 quod
868 3066 1166 3135 promissa
1207 3067 1315 3122 sibi
1346 3067 1499 3123 facta
1530 3072 1741 3122 eventu
1774 3067 2106 3123 conﬁrmata

2242 3065 2613 3137 προελθούσας,
2674 3070 2762 3118 καὶ
2804 3072 2897 3125 τὴν
2956 3074 3045 3119 τοῦ
3102 3067 3318 3140 Ἰσραὴλ
3370 3066 3702 3141 παράκλησιν
3764 3066 3848 3138 6?-

478 3155 723 3221 videret,
769 3155 1419 3229 solatiumquelsraelis
1445 3157 1976 3228 contemplandum
2019 3158 2103 3213 sib

2245 3156 2451 3227 θαλριοίς
2499 3176 2550 3209 τε
2602 3158 2829 3228 καθορᾷν
2879 3154 3109 3220 ἠξιοῦτο,
3167 3160 3256 3207 καὶ
3301 3166 3463 3227 χερσί
3506 3161 3693 3227 φέρειν.
3751 3163 3850 3210 Καὶ

480 3245 690 3311 oculis,
712 3248 767 3300 et
786 3244 1065 3300 manibus
1087 3245 1397 3301 ferendum
1427 3246 1555 3301 dari
1582 3246 1947 3315 intelligeret.
1984 3248 2105 3302 Gau

2240 3252 2411 3317 χαρᾶς
2442 3244 2523 3297 ἐπὶ
2563 3247 2769 3305 τούτοις
2810 3248 2950 3317 ἱερᾶς
2979 3244 3391 3317 πεπληρωμένος,
3434 3268 3451 3293 ι
3502 3251 3629 3309 Νῦν,
3664 3252 3847 3316 φησιν,

478 3334 580 3387 dio
610 3348 677 3387 ex
712 3332 802 3387 his
834 3334 1045 3404 plenus
1082 3356 1093 3387 :
1132 3355 1156 3385 «
1192 3338 1376 3399 Nune,
1409 3336 1621 3406 inquit,
1658 3351 1891 3391 servum
1936 3339 2101 3391 tuum

2241 3334 2478 3396 ἀπολύεις
2525 3338 2609 3386 τὸν
2665 3331 2848 3386 δοῦλόν
2908 3354 3022 3397 σου,
3076 3339 3328 3397 Δέσποτα,
3389 3336 3523 3386 κατὰ
3575 3338 3634 3385 τὸ
3702 3336 3848 3408 ῥῆμά

481 3420 738 3485 Domine,
755 3421 988 3477 dimittis
1002 3422 1329 3478 secundum
1346 3423 1579 3478 verbum
1597 3429 1753 3478 tuum
1768 3426 1827 3479 in
1844 3439 1989 3493 pace
2005 3424 2074 3477 τε.
2100 3446 2106 3475 ι

2242 3444 2357 3490 σου,
2399 3422 2446 3476 ἐν
2480 3425 2672 3499 εἰρήνη.
2726 3445 2754 3477 ››
2798 3430 2927 3493 Νῦν,
2961 3428 3140 3496 φησιν,
3183 3422 3291 3476 ἐπεὶ
3332 3428 3390 3475 τό
3437 3424 3578 3484 τέλος
3608 3427 3717 3495 ἔχω
3747 3434 3844 3475 τῶν

478 3513 665 3576 Nunc,
679 3509 894 3581 inquit,
913 3511 1195 3583 quoniam
1219 3514 1440 3567 exitum
1460 3511 1654 3567 habeo
1673 3512 2099 3583 promissorum

2239 3513 2645 3585 ἐπηγγελμένων,
2697 3512 2860 3585 ἐχέτω
2916 3521 3068 3565 τοῦτο
3141 3519 3228 3564 καὶ
3304 3514 3329 3563 6
3393 3512 3641 3585 ἐπίκηρος
3708 3513 3842 3586 βίος,

476 3598 660 3654 ﬁnem
684 3614 925 3671 quoque
949 3599 1115 3655 ﬂuxa
1131 3600 1258 3654 haec
1284 3599 1400 3655 vita
1419 3599 1657 3655 habeat.
1682 3599 1938 3655 Verbum
1970 3603 2101 3657 enin

2237 3608 2305 3656 T6
2338 3606 2438 3675 γὰρ
2488 3610 2574 3655 τόν
2624 3623 2712 3674 μοι
2750 3604 2897 3678 ῥῆμα
2947 3599 3112 3655 ταῦτα
3160 3610 3521 3677 προανεφώνει.
3578 3609 3678 3656 Καὶ
3716 3608 3841 3677 γὰρ,

478 3693 646 3743 tuum
683 3687 795 3742 hoc
823 3687 962 3743 mihi
996 3688 1432 3759 praenuntiavit.
1458 3689 1591 3760 Ipse
1626 3688 1768 3744 mihi
1792 3689 1906 3744 laeti
1936 3690 2103 3745 nunti

2238 3700 2328 3744 τοῦ
2371 3698 2441 3764 μὴ
2480 3690 2605 3745 ἰδεῖν
2654 3712 2715 3763 με
2757 3694 2992 3762 θάνατον,
3040 3696 3159 3765 πρὶν
3195 3688 3323 3744 ἰδεῖν
3354 3695 3440 3743 τὸν
3484 3696 3713 3766 Χριστὸν
3745 3700 3843 3746 Κυ-

476 3776 761 3841 interpres
811 3775 990 3842 fuisti,
1046 3792 1139 3831 me
1186 3782 1440 3832 mortem
1492 3792 1610 3833 non
1657 3784 1791 3832 ante
1832 3779 2101 3833 visurum

2237 3786 2373 3854 ρίου,
2429 3782 2583 3842 αὐτος
2636 3802 2726 3853 μοι
2770 3780 2930 3833 πάλαι
2983 3784 3048 3832 τὰ
3077 3780 3352 3852 εὐαγγέλια
3400 3785 3841 3855 παρέσχες

478 3880 663 3937 quam
713 3865 1005 3921 Christum
1042 3866 1271 3921 Domini
1302 3866 1563 3921 viderim.
1595 3868 1889 3932 Quoniam
1926 3868 2103 3940 itaqm

2240 3871 2371 3924 Ἐπεὶ
2399 3868 2457 3923 δὲ
2488 3871 2559 3932 εἰς
2588 3872 2739 3942 ἐμούς
2786 3870 3081 3943 ὀφθαλμούς
3109 3872 3250 3933 ἧκεν,
3284 3870 3319 3921 οἱ
3362 3873 3602 3935 ἐπόθουν,
3649 3873 3683 3923 ἀ
3722 3872 3845 3935 ἐζή-

479 3954 667 4009 oculis
699 3955 847 4009 meis
894 3954 1098 4010 oblata
1146 3959 1302 4020 sunt,
1337 3972 1472 4028 qua:
1510 3955 1951 4025 desiderabam,
1990 3974 2104 4029 qua

2237 3980 2377 4024 τουν,
2434 3961 2499 4009 ὧν
2556 3960 2863 4032 ἑγλιχόμην,
2923 3967 3010 4011 νῦν
3067 3959 3306 4021 ἀπολύεις
3352 3964 3438 4011 τὸν
3482 3957 3669 4012 δοῦλόν
3725 3981 3840 4029 σου,

476 4045 847 4116 quaerebam,
877 4061 1011 4117 quae
1038 4045 1312 4116 impense
1330 4044 1671 4118 cupiebam,
1702 4061 1863 4101 nunc
1889 4046 2094 4101 dimitti

2238 4052 2350 4102 οὔτε
2398 4053 2524 4121 πρὸς
2578 4054 2669 4107 τὴν
2741 4057 2919 4122 πεῖραν
2997 4053 3366 4121 ταραττόμενον
3447 4057 3535 4101 τοῦ
3597 4052 3840 4117 θανάτου,

480 4148 721 4188 servum
771 4138 959 4203 tuum,
990 4149 1128 4200 .nec
1182 4139 1341 4189 metu
1389 4135 1597 4190 mortis
1640 4135 1969 4201 turbatum,
2018 4151 2105 4190 nec

2237 4141 2353 4189 οὔτε
2434 4137 2705 4209 λογισμοῖς
2774 4136 3144 4211 θορυϐούμενον
3214 4136 3544 4210 ἀμφιϐολίας.
3596 4140 3735 4191 Ἀλλ’
3799 4141 3843 4191 ἐν

478 4221 680 4277 animo
700 4221 888 4278 dubio
910 4239 1292 4293 suspensum,
1315 4223 1420 4278 sed
1440 4222 1500 4278 in
1524 4239 1669 4294 pace
1694 4224 1887 4294 potius
1906 4224 2102 4279 stabili

2238 4228 2409 4300 εἰρήνῃ
2474 4229 2703 4299 σταθερᾴ
2757 4232 2845 4279 καὶ
2902 4226 3091 4285 πολλὴν
3141 4231 3234 4284 τὴν
3293 4227 3609 4301 εὐφροσύνην
3670 4249 3841 4301 πηγα-

476 4310 855 4382 laatitiamque
884 4311 1313 4383 amplissimam
1344 4312 1649 4380 largiente.
1686 4313 1811 4367 Vidi
1844 4313 1999 4367 enim
2027 4328 2101 4383 po

2240 4317 2404 4377 ζούση
2461 4318 2594 4388 (47).
2651 4322 2749 4369 Καὶ
2795 4318 2893 4388 γὰρ
2942 4319 2999 4368 τὸ
3036 4321 3289 4389 σωτήριον
3330 4319 3531 4368 πάντων
3574 4327 3675 4369 τῶν
3708 4319 3841 4371 λαῶν

476 4400 759 4473 pulorum
781 4402 1050 4457 omnium
1074 4401 1348 4457 salutem.
1384 4401 1524 4456 Vide
1551 4402 1645 4457 hic
1671 4401 1855 4456 divini
1880 4402 2101 4457 sanctis

2238 4402 2396 4459 εἶδον.
2443 4411 2541 4458 Καὶ
2595 4407 2690 4479 ὅρα
2743 4410 2830 4463 τὴν
2891 4404 3156 4477 ἀκρίϐειαν
3228 4413 3317 4457 τοῦ
3374 4407 3511 4458 θείου
3561 4413 3649 4459 καὶ
3707 4410 3842 4478 ἱεροῦ

480 4488 737 4561 simique
755 4490 912 4545 senis
929 4490 1230 4545 solertiam
1265 4490 1277 4545 l
1298 4493 1444 4546 Ante
1471 4491 1627 4545 enim
1648 4506 1832 4561 quam
1867 4491 1989 4546 viso
2012 4493 2105 4548 hoc

2236 4500 2472 4568 γέροντος
2505 4495 2517 4546 1
2550 4500 2676 4569 Πρὶν
2732 4498 2762 4553 ἤ
2818 4498 2906 4566 μὲν
2932 4502 3022 4546 τοῦ
3077 4499 3337 4568 μακαρίου
3408 4497 3664 4567 θεάματος
3716 4517 3840 4549 κατ-

478 4578 821 4635 beatissimo
871 4579 1088 4648 dignus
1149 4579 1490 4648 haberetur,
1555 4579 1827 4634 solatium
1894 4580 2103 4636 Israeli:

2239 4583 2456 4655 αξιωθῇ,
2506 4582 2835 4657 παράκλησιν
2887 4580 3245 4657 προσεδέχετο
3282 4592 3375 4636 τοῦ
3415 4584 3646 4656 Ἱσραηλ.
3706 4585 3842 4639 Ἐπεὶ

481 4668 884 4739 exspectabat.
914 4668 1238 4740 Postquam
1264 4684 1400 4723 vero
1424 4668 1551 4739 spei
1576 4670 1811 4739 votique
1838 4670 1927 4724 sui
1959 4670 2106 4726 damn

2240 4670 2297 4725 δὲ
2336 4673 2470 4733 ἐντὸς
2528 4681 2619 4734 τῆς
2667 4668 2876 4733 ἐλπίδος
2929 4676 3105 4742 γέγονε
3154 4677 3243 4724 καὶ
3296 4680 3390 4735 τῆς
3428 4672 3723 4743 ἐπιθυμίας,
3760 4674 3844 4725 ού-

478 4760 653 4812 natus
683 4762 825 4823 erat,
858 4773 980 4813 non
1005 4758 1131 4828 jam
1151 4757 1427 4813 solatium
1453 4757 1698 4821 lsraelis,
1734 4758 1833 4812 sed
1858 4759 2103 4829 gentium

2237 4766 2346 4814 κέτι
2398 4770 2468 4831 τῷ
2524 4761 2736 4833 Ἰσραὴλ
2787 4759 3066 4832 ἀνακράζει
3118 4761 3448 4835 παράκλησιν
3505 4757 3654 4825 ἰδεῖν,
3715 4762 3843 4813 ἀλλά

480 4847 751 4901 omnium
792 4848 1041 4903 salutem
1078 4847 1277 4902 videre
1322 4862 1384 4900 se
1415 4845 1733 4901 clamabat.
1782 4866 1809 4898 «
1840 4848 2097 4903 Viderun

2238 4854 2436 4903 πάντων
2489 4855 2749 4922 σωτηρίαν
2803 4858 2901 4901 τῶν
2946 4849 3101 4915 λαῶν,
3158 4871 3187 4901 ‹‹
3232 4855 3330 4903 Καὶ
3359 4853 3483 4923 γὰρ,
3531 4855 3713 4921 φησίν,
3764 4854 3843 4901 ὁτι

479 4934 640 4989 enim
670 4935 879 5006 inquit,
911 4936 1081 5002 oculi,
1109 4936 1224 4991 mei
1251 4934 1505 4991 salutare
1538 4939 1727 5001 tuum,
1762 4938 1925 5007 quod
1956 4954 2103 5008 para

2239 4937 2376 4993 εἶδον
2424 4942 2471 4991 οἱ
2512 4938 2765 5011 ὀφθαλμοί
2794 4958 2897 5011 μου
2930 4941 2985 4990 τὸ
3029 4944 3284 5011 σωτήριόν
3319 4958 3434 5004 σου,
3472 4941 3497 4991 6
3546 4941 3844 5010 ἡτοίμασας

484 5022 558 5078 sti
579 5028 714 5079 ante
727 5024 932 5080 oculos
948 5023 1222 5082 omnium
1238 5022 1595 5095 populorum
1613 5023 1680 5077 7°.
1693 5043 1719 5074 »
1743 5024 1916 5082 Adeo
1934 5027 2109 5099 splen-

2238 5031 2373 5081 κατά
2422 5032 2699 5103 πρόσωπον
2754 5030 2956 5079 πάντων
3014 5036 3113 5079 τῶν
3172 5027 3327 5082 λαῶν.
3379 5048 3408 5080 ›)
3467 5026 3642 5088 Ούτως
3694 5028 3844 5080 αὑτὸν

552 5201 603 5238 ⁷⁸
633 5201 773 5258 Luc.
806 5218 867 5271 ιι,
899 5202 968 5258 30
999 5205 1089 5258 31.

2045 5352 2089 5406 Ν
2097 5351 2274 5409 ΟΤιΕ.

555 5468 668 5549 (’14.).
695 5468 853 5549 £0”).-
882 5468 1232 5549 πληρωθέντες

2310 5475 2421 5549 με)
2444 5474 2764 5549 Sic‘scribo
2798 5489 2901 5549 pro
2941 5478 3225 5549 παρέσχεν.

556 5476 668 5541 (44)
695 5476 853 5523 (Iolb.
882 5476 1232 5542 πληρωθέντες

700 5540 784 5612 Τῷ
818 5540 1041 5617 βρέφειν,
1077 5543 1232 5598 Colb.

2331 5476 2421 5544 46)
2444 5476 2538 5530 Sic
2570 5476 2764 5531 scribo
2798 5489 2901 5545 pro
2941 5494 3029 5549 παμ

2309 5476 2420 5619 ἕω)
2448 5545 2666 5603 Codex.
2706 5546 3029 5617 πηγάζονσι.
