4116 6194
227 279 333 336 825

1291 275 1382 329 AD
1425 271 1968 331 AMPHILOCHIUM
2012 273 2337 341 QUIESTIO
2381 271 2564 329 CLVI.

3487 279 3593 334 826

225 402 615 480 περιήστραψεν
659 405 688 460 ἡ
740 400 789 454 έν
834 410 905 472 τῷ
947 400 1126 475 βρέφει
1163 401 1496 471 καθορωμένη
1539 399 1826 474 ἀπόρρητος

1937 398 2048 454 dor
2077 399 2394 454 ineﬂ’abilis
2424 404 2484 454 et
2498 397 2724 454 ratione
2756 399 2922 454 omni
2955 398 3244 470 superior,
3272 416 3342 455 ex
3366 400 3591 458 infante

225 499 315 546 xui.
365 495 490 564 ὑπὲρ
552 491 705 562 λόγου
754 490 928 561 αἴγλη,
977 492 1045 550 ὡς
1092 491 1158 540 τὰ
1203 497 1471 561 προιόντος
1502 495 1592 539 τοῦ
1631 494 1826 560 χρόνου

227 587 315 634 καὶ
372 584 508 633 κατά
567 583 752 654 μικρὸν
823 578 1260 649 ἀνακαλυφθέντα,
1325 575 1497 648 ἐκείνῳ
1559 576 1670 648 (48)
1739 582 1828 629 καὶ

227 678 518 729 τηνικαῦτα
575 673 664 720 καὶ
738 668 807 730 εἰς
863 676 1056 738 γνῶσιν
1111 665 1292 738 ἀθρόον
1359 664 1536 718 ἐλθεῖν.
1600 669 1698 717 Καὶ
1747 667 1829 717 ἵνα

226 758 367 833 μηδὲ
417 767 601 834 χώραν
669 763 770 809 τινὶ
838 759 1115 830 παράσχοι
1171 758 1362 815 πάντας
1431 754 1580 814 λαοὺς
1635 754 1822 818 καλεῖν,

225 853 348 910 τοὺς
410 848 460 900 ἐν
511 857 582 918 τῷ
633 843 901 900 Ἰουδαίων
969 847 1119 910 ἔθνει,
1180 844 1358 915 ἐπάγει
1423 847 1488 895 τά
1560 843 1820 916 εἰρημένα.

229 961 257 992 ‹‹
290 947 402 1001 Φῶς
437 939 510 998 εἰς
551 936 880 1007 ἀποκάλυψιν
939 934 1113 998 ἐθνῶν,
1160 953 1187 985 ν
1240 932 1353 986 ἀντὶ
1383 940 1471 985 τοῦ
1502 950 1514 962 ·
1547 930 1734 1005 μηδείς
1765 952 1851 1004 με

223 1036 312 1080 νῦν
351 1029 550 1086 οἰηθείη
607 1029 776 1078 πάντα
824 1024 994 1076 καλεῖν
1048 1028 1135 1076 τόν
1173 1019 1461 1075 Ἰουδαίκόν
1507 1022 1650 1090 λαόν,
1699 1021 1827 1074 ἀλλά

225 1121 435 1192 σύμπαν
478 1121 538 1169 τὸ
594 1121 738 1188 γένος
798 1112 892 1167 διὰ
932 1117 1131 1174 ταύτης
1158 1117 1338 1186 μηνύω
1368 1121 1464 1171 τῆς
1493 1121 1684 1185 φωνῆς.
1726 1119 1823 1164 Καὶ

223 1212 325 1282 γὰρ
383 1211 620 1282 σωτηρία
665 1209 755 1257 καὶ
804 1204 1166 1278 ἀπολύτρωσις
1222 1206 1370 1254 ἔσται
1413 1204 1617 1253 πάντων
1656 1202 1820 1266 οὗτος,

223 1299 278 1348 ὃν
323 1297 424 1368 ἐγὼ
481 1297 728 1367 τεθέαμαι
780 1298 870 1345 καὶ
927 1291 975 1344 ἐν
1031 1291 1278 1364 ἀγκάλαις
1327 1295 1486 1363 φέρω.
1547 1295 1642 1344 Καὶ
1702 1287 1825 1342 οὐδὲ

223 1390 389 1461 μέχρι
454 1389 640 1438 τούτου
714 1384 968 1457 ἠρκέσθη.
1037 1380 1166 1433 Ἀλλ’
1239 1377 1671 1432 ἀντιδιαστέλλων
1738 1384 1824 1431 τόν

225 1473 454 1550 Ἰσραὴλ,
493 1495 516 1523 ιι
546 1474 716 1524 πάντα
741 1474 806 1524 τὰ
830 1473 945 1528 ἔθνη
977 1490 1004 1521 ))
1027 1469 1383 1534 ἐπισυνάπτει,
1420 1490 1443 1518 α
1479 1477 1578 1540 φῶς
1604 1468 1675 1530 εἰς
1699 1467 1824 1520 ἀπο-

221 1563 447 1634 κάλυψιν
503 1560 656 1614 ἐθνῶν
705 1566 794 1612 καὶ
849 1557 1004 1622 δόξαν
1051 1558 1176 1610 λαοῦ
1227 1577 1320 1610 σου
1364 1557 1594 1632 Ἰσραήλ.
1631 1580 1658 1609 ››
1703 1557 1823 1609 Οίον

220 1657 368 1710 κοινὴ
415 1656 505 1724 μέν
555 1651 667 1703 ἐστι
713 1653 948 1722 σωτηρία
985 1651 1043 1700 τό
1088 1647 1592 1721 ἀγκαλοφορούμενον
1633 1644 1824 1719 βρέφος

221 1751 333 1804 τοῖς
390 1743 556 1794 ἔθνεσι
618 1747 770 1805 πᾶσι,
817 1744 906 1790 καὶ
970 1737 1041 1809 τῷ
1084 1737 1307 1811 Ἰσραήλ.
1366 1736 1518 1789 Ἀλλά
1574 1743 1676 1796 τοῖς
1732 1739 1822 1807 μὲν
1854 1758 1898 1811 Β

221 1839 342 1903 φῶς,
399 1832 478 1882 ὅτι
518 1837 608 1881 τοῦ
655 1835 871 1888 σκότους
917 1826 1088 1898 ἐξάγει
1135 1834 1226 1886 τῆς
1269 1823 1708 1897 εὶὸωλολατρείας.
1741 1831 1822 1895 Τῷ

221 1918 280 1972 δε
313 1917 463 1987 δόξα,
487 1921 568 1970 ὅτι
596 1920 662 1969 τά
681 1920 880 1977 τούτοις
902 1916 1062 1968 πάλαι
1092 1921 1288 1987 νόμιμα
1319 1912 1536 1966 δοθέντα
1562 1916 1695 1985 (49),
1731 1911 1824 1966 διὰ

218 2019 314 2070 τῆς
356 2004 630 2068 εἰδωλικῆς
682 2006 1090 2078 ἀπεκαθαίροντο
1141 2003 1361 2076 ἀχλύος,
1408 2005 1475 2064 εἰς
1527 2000 1684 2066 δόξαν
1733 2009 1822 2054 καὶ

222 2099 517 2153 τελειότητα
561 2095 837 2169 μεταϐαλεῖ
1090 2100 1190 2147 Καὶ
1242 2093 1401 2153 ἄλλως
1443 2091 1501 2145 δὲ
1549 2090 1680 2155 δόξα
1730 2102 1822 2145 τοῦ

221 2187 609 2263 Ἰσραηλιτικοῦ
648 2186 772 2237 λαοῦ
829 2187 854 2236 ό
907 2186 1136 2256 τεχθεὶς,
1170 2183 1258 2235 άτε
1311 2179 1378 2240 δὴ
1426 2182 1480 2234 ἐκ
1526 2188 1823 2255 σμέρματος

215 2286 310 2331 τοῦ
385 2275 625 2350 Ἀϐραὰμ
691 2277 958 2348 ἄνθρωπος
1017 2280 1258 2344 γεγονὼς.
1332 2279 1535 2344 Μικροῦ
1607 2270 1665 2324 δὲ
1733 2279 1822 2324 καὶ

216 2365 440 2427 Ἠσαίας
498 2368 522 2417 ὁ
575 2371 846 2438 προφήτης
890 2366 954 2415 τά
1002 2364 1134 2415 αύτά
1184 2362 1588 2436 προανακράζει,
1643 2361 1817 2433 λέγων’

221 2477 249 2507 ‹‹
308 2452 472 2520 Ἰδού,
525 2456 728 2506 τέθεικά
775 2472 831 2505 σε
881 2453 952 2513 εἰς
1003 2459 1105 2523 φῶς
1154 2449 1328 2516 ἐθνῶν,
1384 2449 1582 2512 ἀνοῖξαι
1636 2450 1821 2523 ὀφθαλ-

219 2549 352 2617 μούς
402 2543 624 2616 τυφλῶν,
668 2564 694 2591 ››
741 2546 980 2594 τουτέστι
1041 2547 1338 2616 παρασχεῖν
1383 2542 1506 2613 όρᾲν
1564 2546 1651 2592 καὶ
1697 2537 1820 2593 δια-

220 2633 446 2686 στέλλειν
496 2637 553 2684 τό
602 2640 705 2703 φῶς
764 2630 818 2682 ἐκ
861 2639 951 2682 τοῦ
1003 2635 1221 2691 σκότους
1421 2635 1508 2681 καὶ
1558 2634 1645 2688 τὴν
1693 2629 1822 2688 ἀλη-

221 2725 363 2775 θειαν
415 2721 468 2773 εκ
520 2730 611 2773 τοῦ
655 2717 907 2791 ψεύδους,
965 2725 1054 2771 καὶ
1103 2723 1194 2776 τὴν
1257 2718 1516 2771 εὐσέϐειαν
1572 2718 1671 2771 ἀπό
1729 2728 1823 2782 τῆς

216 2812 437 2873 πλάνης.
493 2815 578 2862 Διὸ
624 2815 712 2862 καὶ
752 2811 777 2860 ὁ
810 2805 979 2861 Δαϐὶὸ
1027 2812 1222 2865 ταύτην
1262 2817 1480 2881 κροτῶν,
1527 2811 1678 2860 οἱονεὶ
1726 2829 1823 2880 χο-

215 2904 380 2976 ρεύων
454 2905 543 2951 καὶ
619 2897 986 2972 ἀνακηρύττων
1060 2902 1154 2955 τὴν
1233 2902 1514 2971 σωτηρίαν,
1577 2902 1823 2950 «Πάντα

218 2993 363 3053 ἔθνη,
415 2995 565 3061 φησὶ,
622 2993 914 3061 κροτησατε
961 2994 1166 3061 χεῖρας,
1214 2988 1293 3038 ὅτι
1346 2991 1527 3059 Κύριος
1575 2987 1817 3057 ὕψιστος,

215 3077 450 3153 φοϐερός,
523 3077 763 3139 Βασιλεύς
815 3080 977 3149 μέγας
1024 3075 1108 3128 ἐπὶ
1159 3083 1333 3128 πᾶσαν
1378 3081 1465 3133 τὴν
1512 3085 1632 3146 γῆν.
1691 3097 1716 3126 ››
1762 3078 1822 3130 Εἰ
1855 3115 1897 3171 C

217 3166 278 3220 δὲ
333 3168 455 3229 λαός
501 3175 594 3219 τοῦ
652 3174 884 3241 Χριστοῦ
933 3170 1023 3218 xui.
1061 3165 1280 3236 λέγεται,
1319 3171 1408 3216 καὶ
1456 3169 1594 3216 ἔστιν
1645 3168 1670 3216 ό
1713 3165 1819 3218 ἰσ-

212 3257 370 3330 ραηλ,
413 3261 537 3332 πρὸς
587 3259 652 3308 τά
695 3258 811 3312 ἔθνη
869 3253 1316 3327 διαστελλόμενος,
1365 3251 1722 3307 διαστέλλεται
1763 3253 1821 3308 δε

216 3350 419 3407 πάντως
464 3354 573 3407 τοῖς
627 3365 679 3398 τε
737 3353 1039 3405 Μωσαίκοῖς
1088 3350 1266 3416 νόμοις
1321 3349 1411 3396 καὶ
1468 3352 1578 3404 τοῖς
1630 3345 1816 3408 ἔθνεσι,

221 3433 405 3499 δῆλον,
465 3437 564 3499 ὅτι,
612 3433 706 3486 κᾶν
757 3439 916 3506 μήπω
959 3442 1051 3495 τῆς
1098 3436 1320 3506 χάριτος
1380 3432 1698 3499 ἀπήλαυσεν,
1731 3435 1815 3482 καὶ

218 3528 361 3586 ἐντὸς
413 3528 608 3584 ταύτης
659 3524 1035 3596 ἐχρημάτισεν,
1068 3523 1188 3584 λαός
1242 3528 1327 3574 καὶ
1384 3522 1526 3582 οὗτός
1576 3520 1682 3573 ἐστι
1729 3527 1819 3572 τοῦ

221 3622 478 3689 Χριστοῦ.
519 3614 576 3668 Εἰ
621 3611 679 3665 δὲ
727 3616 752 3664 ὁ
807 3613 854 3664 ἐν
907 3619 968 3685 τῇ
1020 3612 1217 3682 παλαιᾷ
1274 3613 1505 3684 Διαθὴκη
1555 3611 1674 3672 λαὸς
1729 3618 1820 3662 τοῦ

223 3711 459 3776 Χριστοῦ
491 3702 626 3756 ἐστιν
656 3701 772 3762 λαὸς
799 3703 912 3772 (52)
944 3709 1049 3762 πῶς
1071 3701 1165 3753 οὐκ
1206 3700 1554 3774 ἐμφράττεται
1585 3704 1651 3752 τα
1690 3699 1823 3752 ἀπύ-

219 3793 363 3845 λωτα
420 3797 676 3863 στόματα,
731 3794 796 3842 τά
844 3789 944 3842 ἀπὸ
985 3792 1241 3850 Μάνεντος
1287 3790 1352 3850 εἰς
1397 3789 1567 3862 ἑτέραν
1608 3792 1819 3851 τούτους

220 3886 636 3956 παραπέμποντα
665 3879 840 3954 ἀρχήν
870 3881 1004 3951 (53),

296 4155 399 4202 Τοῦ
460 4153 693 4220 μέντοιγε
759 4145 1050 4222 πρεσϐύτου
1127 4153 1402 4218 Συμεῶνος,
1473 4145 1823 4218 θεολογοῦντος

216 4242 287 4292 τὰ
342 4239 599 4310 εἰρημένα,
646 4234 726 4302 ἦν,
779 4241 938 4308 φησὶν
992 4236 1129 4306 (54),
1166 4256 1190 4284 (ι
1227 4235 1420 4307 Ἰωσὴφ
1446 4240 1536 4287 καὶ
1577 4237 1606 4292 ἡ
1646 4241 1820 4310 μήτηρ

222 4329 387 4382 αὑτοῦ
418 4327 770 4399 θαυμάζοντες
816 4324 898 4377 ἐπὶ
939 4332 1041 4384 τοῖς
1070 4324 1399 4396 λαλουμένοις
1443 4331 1557 4397 περὶ
1585 4325 1762 4392 αὐτοῦ,
1794 4347 1820 4377 ››

224 4419 600 4489 θαυμάζοντες,
650 4416 755 4487 οὐχ
798 4417 877 4467 ὅτι
925 4423 1012 4466 νῦν
1067 4423 1166 4466 τῶν
1213 4415 1338 4490 ὑπὲρ
1396 4414 1545 4486 λόγον
1593 4419 1686 4473 τὴν
1741 4425 1825 4468 νῦν

221 4515 418 4579 γνῶσιν
486 4504 751 4578 ἐδέχοντο,
808 4504 916 4557 ἀλλ’
993 4506 1168 4580 ὅτιπερ
1237 4503 1320 4556 ἐπὶ
1392 4512 1496 4565 τοῖς
1557 4507 1826 4579 ὑπερφυῶς

223 4599 666 4670 προεγνωσμένοις
762 4599 851 4646 καὶ
950 4602 1114 4646 ταῦτα
1190 4593 1612 4666 προσελάμϐανον

221 4685 518 4758 ’Υπερφυῶν
571 4688 668 4755 γὰρ
736 4685 1056 4756 πραγμάτων
1113 4691 1327 4754 γνῶσις,
1390 4685 1574 4746 ὁσάκις
1639 4684 1698 4735 ἀν
1762 4685 1828 4747 εἰς

224 4779 436 4848 μνήμην
489 4775 605 4844 ἄγει
653 4776 739 4824 τὸν
781 4771 1059 4843 ἐγνωκότα,
1092 4773 1412 4834 τοσαυτάκις
1459 4772 1509 4824 ἐν
1545 4781 1660 4836 ταῖς
1707 4771 1828 4827 δια-

223 4869 390 4924 νοίαις
463 4861 782 4923 ἀνακαινιζει
852 4865 910 4913 τό
980 4863 1173 4934 θαῦμα.
1226 4858 1352 4914 Εἶτα
1427 4862 1732 4926 συντελέσας
1801 4866 1826 4916 ὁ

1939 489 2187 554 micans,
2219 488 2422 544 oculos
2449 489 2579 560 ejus
2606 488 3055 560 perstringebat,
3115 494 3198 555 ut,
3225 506 3357 560 quae
3403 491 3462 545 in
3495 507 3590 562 po-

1939 583 2160 631 sterum
2186 583 2470 632 eventura
2496 582 2554 631 et
2599 577 2764 632 brevi
2814 576 3135 658 aperienda
3184 586 3369 643 erant,
3413 581 3590 636 etiam

1941 669 2099 734 tunc,
2133 666 2313 738 idque
2344 665 2710 738 plenissime,
2747 667 3120 737 perspiceret.
3150 669 3226 722 Ne
3260 684 3398 723 vero
3425 684 3594 724 occa-

1937 753 2167 809 sionem
2199 755 2482 826 cuiquam
2519 754 2736 809 faceret
2760 755 3126 826 suspicandi,
3181 771 3242 810 se
3275 772 3378 827 per
3408 772 3593 829 popu-

1936 841 2025 898 los
2054 842 2183 898 illos
2206 859 2416 898 omnes
2436 843 2780 898 Iudaeorum
2807 849 3030 899 tantum
3053 845 3588 914 gentemindicare,

1936 933 2248 1003 sequentia
2296 931 2606 1002 subjungit
2649 948 2662 987 ;
2712 952 2740 984 ι(
2796 933 3013 988 Lucem
3055 935 3114 988 in
3168 933 3591 990 revelationem

1936 1021 2223 1091 gentium.
2254 1043 2281 1070 »
2315 1021 2499 1087 Quasi
2519 1021 2738 1076 diceret
2771 1043 2782 1075 :
2818 1025 2997 1078 Nemo
3030 1028 3216 1094 putet,
3251 1038 3345 1078 me
3385 1023 3460 1079 de
3497 1025 3592 1078 Ju-

1935 1108 2109 1166 daica
2158 1116 2330 1181 gente
2360 1111 2525 1166 omni
2557 1117 2788 1166 tantum
2817 1111 2984 1183 loqui
3014 1129 3028 1178 ;
3058 1112 3179 1167 imo
3226 1128 3367 1168 vero
3402 1117 3592 1168 totum

1935 1198 2236 1254 hominum
2266 1215 2449 1269 genus
2479 1200 2590 1254 hac
2618 1215 2760 1256 voce
2790 1200 3004 1256 indico.
3058 1201 3157 1256 llle
3202 1204 3381 1267 enim,
3406 1217 3590 1274 quem

1936 1287 2073 1354 vidi,
2106 1304 2408 1361 quemque
2449 1288 2602 1344 ulnis
2650 1288 2794 1354 fero,
2847 1291 3122 1346 omnium
3179 1290 3339 1346 salus
3398 1293 3504 1346 erit
3535 1296 3593 1346 et

1935 1378 2172 1435 vindex.
2224 1380 2351 1434 [mo
2399 1395 2507 1434 nec
2537 1379 2593 1434 in
2646 1379 2738 1434 his
2777 1381 3094 1452 acquievit,
3155 1381 3280 1448 sed,
3316 1380 3592 1437 lsraelem

1933 1467 2336 1533 distincturus,
2358 1491 2385 1518 ι(
2403 1473 2604 1538 gentes
2618 1483 2815 1524 omnes
2835 1492 2860 1517 »ι
2881 1469 2960 1523 illi
2981 1471 3108 1526 voci
3123 1470 3369 1540 jungit,¢
3386 1469 3588 1534 lucem,

1932 1557 2224 1628 inquiens,
2279 1557 2356 1612 ad
2417 1557 2837 1612 revelationem
2894 1560 3184 1628 gentium,
3223 1564 3278 1614 et
3335 1560 3590 1631 gloriam

1933 1646 2138 1719 populi
2166 1647 2247 1701 tui
2272 1645 2494 1701 lsraelis
2523 1647 2592 1700 "'7.
2628 1668 2656 1696 ››
2701 1648 2919 1702 Sensus
2959 1655 3044 1702 est
3095 1666 3108 1703 :
3144 1649 3368 1714 Infans,
3406 1665 3589 1722 quem

1936 1735 2091 1790 ulnis
2119 1734 2263 1799 fero,
2306 1735 2560 1790 salutem
2594 1735 2839 1807 quidem
2883 1737 3162 1806 gentibus
3196 1737 3481 1793 omnibus
3535 1744 3592 1793 et

1933 1824 2132 1881 lsraeli
2161 1840 2400 1897 quoque
2431 1841 2818 1880 communem
2858 1824 3048 1893 affert;
3103 1832 3162 1882 at
3193 1826 3305 1881 illis
3353 1825 3592 1898 quidem

1933 1921 2019 1970 est
2057 1914 2245 1970 instar
2286 1913 2458 1984 lucis,
2504 1931 2577 1969 ex
2623 1914 2973 1970 idololatriae
3024 1917 3278 1971 tenebris
3318 1933 3416 1970 eas
3443 1917 3589 1971 edu-

1933 2020 2117 2070 cens;
2168 2005 2306 2059 huic
2356 2020 2498 2060 vero
2551 2003 2803 2074 gloriam
2845 2004 3020 2076 parit,
3061 2007 3203 2077 quia
3242 2005 3401 2076 leges
3445 2005 3590 2076 ipsis

1932 2093 2207 2164 (Judaeis)
2235 2093 2374 2148 olim
2406 2093 2594 2157 datas,
2627 2109 2760 2164 quae
2792 2093 3046 2164 caligine
3087 2094 3434 2150 idololatriae
3484 2095 3589 2150 ob-

1933 2183 2230 2238 scuriores
2248 2182 2666 2247 reddebantur,
2687 2181 3115 2252 splendidiores
3133 2190 3188 2237 et
3209 2181 3588 2254 perfectiores

1930 2273 2155 2329 reddet.
2183 2274 2312 2329 Alia
2340 2289 2478 2330 vero
2527 2278 2703 2329 etiam
2738 2273 2964 2330 ratione
2997 2281 3173 2331 natus
3228 2275 3322 2330 ille
3355 2277 3412 2330 in
3468 2276 3590 2346 glo-

1932 2362 2082 2418 riam
2139 2363 2344 2435 populi
2388 2361 2686 2418 lsraelitici
2751 2363 3046 2432 vergebat,
3102 2365 3325 2436 quippe
3371 2365 3476 2436 qui
3517 2381 3590 2420 ex

1932 2451 2252 2509 Abrahami
2276 2453 2500 2508 semine
2521 2452 2826 2508 hominem
2851 2453 2952 2509 ind
2964 2453 3158 2509 uisset.
3183 2460 3372 2526 Atque
3387 2454 3586 2510 eadem

1931 2540 2050 2596 fere
2097 2542 2278 2597 Isaias
2306 2541 2598 2614 propheta
2629 2546 2804 2597 antea
2852 2543 3279 2613 pronuntiavit,
3334 2541 3540 2598 dicens
3571 2561 3584 2600 :

1933 2650 1962 2681 ι(
1995 2631 2140 2686 Ecce
2161 2631 2336 2702 posui
2367 2639 2422 2685 te
2454 2629 2514 2685 in
2546 2630 2748 2685 lumen
2782 2632 3070 2700 gentium,
3107 2638 3166 2686 ut
3189 2631 3424 2703 aperias
3449 2647 3589 2687 ocu-

1932 2719 2020 2775 los
2073 2720 2444 2783 cmcorum“,
2499 2739 2526 2770 »
2578 2719 2692 2774 hoc
2733 2726 2838 2784 est,
2894 2720 3076 2776 facias
3121 2727 3182 2776 ut
3243 2720 3488 2776 videant
3533 2727 3590 2776 et

1931 2810 2304 2880 distinguant
2334 2809 2530 2864 lucem
2573 2824 2646 2863 ex
2677 2808 2954 2873 tenebris,
2988 2811 3290 2865 veritatem
3321 2826 3392 2865 ex
3423 2827 3588 2866 men-

1932 2897 2122 2961 dacio,
2152 2905 2208 2953 et
2227 2897 2505 2968 pietatem
2530 2914 2597 2952 ex
2619 2896 2800 2952 variis
2828 2898 2956 2952 vitae
2972 2899 3291 2952 erroribus.
3319 2898 3588 2969 Propter-

1932 3003 2001 3042 ea
2026 2987 2308 3053 etDavid,
2343 2987 2619 3042 eamdem
2653 2985 2926 3056 salutem,
2963 2986 3148 3041 instar
3180 2986 3584 3057 tripudiantis,

1931 3076 2281 3140 decantans,
2315 3083 2371 3130 et
2401 3076 2826 3146 praenuntians,
2861 3094 2889 3126 ιι
2922 3075 3162 3145 Omnes,
3195 3075 3406 3147 inquit,
3451 3092 3587 3148 gen-

1933 3173 2033 3231 tes,
2070 3165 2333 3237 plaudite
2367 3165 2660 3231 manibus,
2709 3165 2846 3234 quia
2895 3165 3182 3219 Dominus
3233 3164 3501 3220 excelsus
3531 3172 3587 3222 et

1932 3254 2295 3319 tremendus,
2327 3257 2445 3309 Rex
2464 3269 2719 3324 magnus
2742 3257 2834 3308 est
2850 3269 3030 3325 super
3052 3255 3344 3311 terram".
3367 3273 3394 3304 »
3430 3255 3586 3320 Quo-

1932 3343 2096 3400 niam
2124 3358 2263 3398 vero
2293 3342 2473 3398 Israel
2503 3350 2557 3398 et
2583 3349 2824 3399 vocatur
2853 3349 2908 3398 et
2937 3348 3026 3398 est
3058 3344 3314 3415 populus
3351 3344 3584 3413 Christi,

1931 3432 2176 3505 quando
2189 3431 2465 3502 gentibus
2487 3447 2563 3504 op
2573 3433 2830 3503 ponitur,
2845 3432 3170 3504 opponitur
3184 3448 3319 3487 vero
3337 3433 3584 3489 omnino

1931 3529 1988 3577 et
2025 3520 2544 3591 Mosaicislegibus
2566 3520 2935 3591 etgentibus,
2969 3526 3127 3592 patet
3148 3522 3372 3593 utique,
3396 3522 3583 3594 quod,

1930 3613 2160 3669 etiamsi
2194 3627 2504 3684 nunquam
2559 3610 2760 3682 gratiae
2817 3609 3114 3682 particeps
3165 3610 3353 3666 factus
3406 3616 3584 3683 esset,

1931 3703 2181 3773 ejusque
2210 3700 2469 3756 fructum
2507 3702 2779 3773 cepisset,
2823 3699 2912 3756 vel
2956 3701 3038 3755 sic
3082 3702 3294 3756 Christi
3327 3703 3586 3773 populus

1931 3791 2262 3847 exstitisset.
2297 3791 2467 3856 Quod
2497 3791 2543 3844 si
2577 3806 2716 3846 vero
2749 3789 3030 3861 populus,
3062 3791 3121 3844 in
3163 3792 3338 3845 veteri
3363 3790 3584 3846 foedere

1931 3880 2286 3953 appellatus,
2344 3879 2553 3936 Christi
2598 3885 2682 3934 est
2713 3878 2996 3950 populus,
3052 3894 3252 3934 nonne
3311 3879 3426 3935 hoc
3455 3879 3584 3952 ipso

1931 3969 2219 4026 eﬂrenata
2255 3969 2717 4026 Manichaeorum
2747 3983 2854 4024 ora
2882 3966 3260 4036 obturentur,
3299 3968 3407 4040 qui
3456 3969 3586 4026 illos

1931 4059 2100 4116 alteri
2129 4058 2372 4115 cuidam
2402 4059 2691 4129 principio
2722 4064 2998 4128 acceptos
3053 4055 3248 4112 ferunt
3277 4058 3304 4112 ‘2

2004 4151 2312 4213 Caeterum,
2347 4149 2644 4218 Symeone
2676 4161 2815 4202 sene
2849 4145 3132 4218 mysteria
3161 4145 3282 4200 haec
3315 4146 3398 4202 ita
3438 4146 3592 4202 edis-

1932 4243 2180 4303 serente,
2205 4257 2234 4288 ι(
2259 4237 2576 4308 Josephus,
2611 4235 2734 4307 qod
2765 4237 2950 4291 Lucas
3000 4236 3099 4300 ait,
3151 4240 3208 4290 et
3237 4242 3430 4291 mater
3459 4237 3591 4306 ejus

1934 4327 2307 4384 mirabantur
2335 4342 2403 4380 ea
2432 4340 2566 4397 quae
2596 4324 2670 4380 de
2731 4324 2829 4379 illo
2859 4324 3018 4380 dicta
3047 4328 3218 4380 erant
3266 4325 3334 4378 ⁸ο.
3369 4343 3397 4375 ‹‹
3425 4327 3595 4380 Mira-

1937 4417 2170 4485 bantur,
2211 4414 2418 4488 inquit,
2471 4430 2593 4470 non
2637 4413 2899 4486 quidem,
2933 4413 3095 4484 quod
3150 4420 3289 4469 tunc
3338 4414 3586 4470 demum

1936 4521 2164 4571 eorum,
2197 4519 2333 4576 quae
2355 4503 2642 4559 rationem
2672 4517 2913 4558 omnem
2956 4503 3345 4574 superabant,
3387 4503 3596 4560 notitia

1937 4595 2390 4664 instruerentur,
2418 4593 2522 4648 sed
2551 4592 2716 4664 quod
2739 4597 2950 4664 praeter
2979 4592 3098 4658 illa,
3135 4608 3272 4664 quae
3289 4608 3364 4648 ex
3389 4608 3593 4664 super-

1937 4683 2311 4740 naturalibus
2336 4690 2473 4739 ante
2495 4681 2733 4752 cognita
2755 4681 3076 4747 habebant,
3100 4684 3278 4738 etiam
3300 4683 3430 4738 haec
3455 4683 3597 4738 reci-

1939 4773 2199 4846 piebant.
2234 4772 2474 4840 Quoties
2492 4771 3049 4828 eniminsolentium
3073 4788 3272 4827 rerum
3299 4772 3596 4830 memoria

1938 4863 2076 4930 illis,
2108 4862 2208 4936 qui
2251 4879 2352 4920 eas
2383 4868 2622 4928 norunt,
2667 4860 2994 4928 refricatur,
3055 4861 3228 4917 toties
3275 4861 3592 4919 admiratio

296 4989 343 5023 ⁷⁷
373 4989 484 5044 lsa.
518 5003 672 5054 XLIX,
706 4991 757 5044 6.
787 4988 836 5023 ⁷⁸
866 4987 978 5044 lsa.
1015 5002 1162 5053 XLVI,
1188 4991 1241 5041 7.
1280 4988 1329 5022 το
1360 4987 1515 5045 Psal.
1557 5003 1711 5054 1.xvr,
1743 4994 1794 5045 2.

1936 5006 2037 5046 .uc.
2066 5004 2123 5056 ιι,
2159 4993 2246 5045 33.

1825 5114 2054 5174 ΝΟΤίΕ.

299 5237 411 5308 (48)
454 5235 538 5292 Ita
569 5235 726 5292 Colb.
761 5251 868 5306 pro
886 5233 1106 5308 ﬁnem.

297 5304 413 5379 (49)
453 5315 598 5362 Ante
627 5304 838 5380 vocem
873 5304 965 5358 διὰ
994 5312 1138 5380 puto
1169 5306 1453 5380 excidisse
1484 5309 1518 5359 οἳ
1550 5324 1653 5380 per
1668 5317 1828 5367 ante-

221 5383 537 5436 cedentem
550 5379 845 5452 syllabam
858 5379 1010 5434 ταμία
1028 5396 1158 5452 vero
1173 5379 1508 5452 frequenter
1525 5379 1634 5436 usu
1651 5383 1827 5450 venit,

296 5455 408 5523 (50)
449 5449 736 5523 SicColb.
767 5467 878 5522 pro
906 5449 1202 5523 μετακαλεῖ.

297 5521 411 5595 (51)
450 5522 647 5596 Codex
675 5521 788 5579 ita:
821 5525 878 5596 τὸ
919 5528 1102 5585 σκότος
1144 5521 1211 5596 éx
1230 5529 1321 5574 τοῦ
1350 5527 1537 5596 φωτὸς,
1579 5523 1828 5582 vocibus

219 5610 408 5669 prave
438 5595 489 5649 ei
532 5594 1008 5651 inconvenienter
1039 5594 1272 5666 positis,
1305 5594 1471 5667 quod
1514 5597 1830 5669 sequentia

223 5666 526 5725 evincunt-

2018 5239 2130 5312 (52)
2159 5238 2282 5301 λαὸς
2307 5245 2393 5294 est
2441 5253 2507 5294 ex
2540 5237 2706 5312 Colb.

2013 5308 2124 5383 (53)
2157 5311 2454 5367 Manicbzei
2511 5311 2670 5383 enim
2697 5316 2754 5366 et
2781 5308 3036 5378 Judmos,
3079 5316 3134 5383 et
3160 5311 3356 5382 legem
3387 5310 3595 5370 Mosai-

1940 5382 2286 5456 campmalo
2337 5382 2632 5456 principio
2691 5383 2764 5456 in;
2805 5385 3058 5456 acceptis
3111 5382 3401 5441 ferebant.
3451 5386 3593 5442 Vide

1940 5453 2365 5511 Photiilibrum
2392 5454 2411 5508 l
2447 5453 2668 5510 Contra
2695 5453 3076 5523 Manio/citos,
3121 5460 3267 5515 tom.
3299 5458 3411 5515 Cll.

2034 5528 2130 5598 54)
2162 5525 2324 5598 Colb.
2338 5541 2466 5598 pro
2498 5529 2676 5598 φασίν.

2039 5595 2128 5672 55)
2150 5597 2312 5656 Colb.
2336 5595 2470 5656 loco
2502 5595 2914 5674 προελάμϐανον.
