4116 6194
526 260 633 315 827

1783 254 2019 309 PHOTII
2061 252 2547 310 PATRIABCHIE
2584 253 2694 310 CP.

3778 260 3891 316 828

528 386 713 441 animi
745 383 947 440 denuo
975 388 1313 439 renovatur.
1343 383 1688 440 Perfunctus
1728 383 1811 437 ita
1859 396 2040 436 senex
2073 396 2174 436 no-

2287 380 2586 452 πρεσϐύτης
2645 387 2740 440 τὴν
2800 381 2871 443 εἰς
2940 384 2997 433 τὸ
3074 388 3223 436 Θεῖον
3289 381 3609 456 δοξολογίαν,
3658 390 3896 461 τρέπετοι

528 481 643 531 ster
669 474 852 530 divini
881 474 1139 537 Numinis
1169 472 1469 539 laudibus,
1503 473 1762 545 denique
1795 488 1858 528 se
1890 472 1967 527 ad
1999 472 2179 527 bene-

528 564 847 619 dictionem
887 562 1145 627 illorum,
1202 563 1304 635 qui
1330 562 1623 616 infantem
1672 560 2007 629 attulerant,
2043 575 2182 615 con-

527 655 711 708 vertit.
741 654 881 707 Hinc
922 667 1061 707 vero
1092 651 1168 706 ad
1227 656 1476 706 matrem
1533 650 1725 705 solam
1780 648 1963 703 verba
2020 647 2175 704 facit.

535 763 558 792 ‹‹
589 741 894 796 Benedixit
924 741 1082 795 enim
1111 740 1222 796 illis
1253 740 1534 813 Symeon,
1569 746 1623 795 et
1649 741 1721 794 ad
1754 739 2023 803 Mariam,
2058 754 2182 793 ma-

528 837 681 886 trem
709 830 861 900 ejus,
890 830 1102 885 dixit”.
1138 851 1166 883 »
1207 830 1293 885 Ad
1327 828 1591 898 Mariam,
1648 828 1859 899 inquit,
1916 832 2178 894 matrem,

528 936 650 976 non
668 920 745 975 ad
770 920 1113 990 Josephum,
1144 925 1371 990 patrem
1393 919 1541 989 ejus.
1569 916 1960 973 Nihilominus
1982 921 2178 971 tamen

531 1009 799 1082 utrisque
830 1009 1297 1064 benedictionem
1340 1009 1691 1079 impertitur,
1729 1006 2009 1078 quamvis
2039 1005 2181 1061 allo-

532 1100 851 1168 cutionem,
884 1098 957 1154 de
970 1098 1146 1153 rebus
1168 1098 1429 1169 inprimis
1454 1095 1924 1163 sublimioribus,
1955 1096 2031 1150 ad
2057 1111 2181 1151 ma-

528 1193 669 1243 trem
697 1187 887 1244 solam
919 1186 1185 1243 instituat
1224 1204 1237 1241 :
1283 1190 1344 1242 ut
1383 1185 1605 1241 scilicet
1644 1185 1951 1240 communi
2001 1184 2178 1238 bene-

525 1276 785 1333 dictione
847 1277 1004 1333 facta
1068 1275 1400 1348 Josephum
1464 1274 1729 1347 parentis
1784 1273 1991 1329 habitu
2057 1288 2177 1327 non

524 1382 769 1438 prorsus
800 1366 985 1437 privet
1019 1383 1031 1431 ;
1075 1366 1253 1421 simul
1284 1370 1485 1422 tamen
1520 1364 1714 1419 verbis
1753 1364 1892 1429 suis,
1928 1363 2005 1417 ad
2047 1378 2179 1417 ma-

526 1464 673 1514 trem
692 1456 997 1530 speciatim
1018 1455 1277 1527 perlatis,
1298 1454 1581 1523 virginem
1598 1453 1673 1509 ab
1694 1468 1763 1507 eo
1781 1451 2173 1521 distinguens,

528 1564 660 1606 eam
701 1563 837 1603 vere
874 1550 1123 1602 matrem
1165 1546 1294 1615 ejus
1325 1544 1693 1615 proﬁteatur.
1731 1541 1881 1607 Quid
1922 1557 2060 1596 vero
2099 1540 2175 1595 ad

526 1644 783 1693 matrem
808 1636 1066 1708 loquitur
1094 1636 1120 1689 (Ι
1145 1656 1172 1685 ί(
1220 1634 1320 1689 Hic
1348 1634 1501 1704 jacet
1534 1634 1593 1686 in
1620 1632 1862 1703 lapsum
1903 1634 1956 1686 et
1989 1645 2179 1685 resur-

2286 470 2463 523 λοιπὸν
2516 471 2593 522 ἐπὶ
2654 476 2747 529 τὴν
2805 470 3039 542 εὐλογίαν
3096 481 3195 523 τῶν
3247 470 3607 545 ἀναγαγόντων
3658 480 3717 528 τὸ
3768 475 3884 551 βρέ-

2288 580 2399 632 φος.
2444 558 2566 613 Εἶτα
2613 559 2800 613 ἐκεῖθεν
2848 564 2979 633 πρὸς
3026 565 3186 633 μόνην
3241 566 3334 621 τὴν
3392 570 3593 638 μητέρα
3639 564 3887 637 ἀποστρὲ-

2289 669 2368 721 φει
2434 651 2547 721 (56)
2613 654 2695 702 τόν
2748 650 2918 720 λόγον.
2966 672 2993 701 ‹‹
3049 656 3146 704 Καὶ
3209 652 3486 723 εὐλόγησεν
3538 657 3643 727 γὰρ
3701 656 3887 717 αὐτοὺς

2289 744 2513 809 Συμεὼν,
2568 744 2657 791 καὶ
2705 738 2813 793 εἷπε
2861 743 2991 812 πρὸς
3030 745 3249 814 Μαριὰμ
3279 746 3373 800 τὴν
3403 748 3605 816 μητέρα
3634 746 3823 801 αὐτοῦ.
3860 767 3884 796 n

2288 832 2426 903 Πρὸς
2470 831 2705 900 Μαριὰμ,
2740 834 2889 900 φησὶ,
2942 835 3036 887 τὴν
3082 836 3302 906 μητέρα,
3355 832 3482 902 οὐχὶ
3530 837 3656 906 πρὸς
3704 834 3889 905 Ἰωσήφ

2287 920 2372 968 τόν
2429 922 2627 990 πατέρα
2680 919 2858 971 αὐτοῦ.
2921 918 3072 972 Ἀλλὰ
3128 928 3222 982 τῆς
3275 924 3365 993 μὲν
3419 922 3653 993 εὐλογίας
3706 922 3888 995 ἀμφοῖν

2285 1003 2637 1077 μεταδίδωσι,
2694 1009 2797 1064 Τὴν
2858 1004 2918 1060 δὲ
2965 1027 3259 1081 προσρησιν
3312 1018 3411 1061 τῶν
3461 1009 3887 1085 ἀπορῥητοτέρων

2285 1102 2347 1161 τῇ
2397 1100 2559 1167 μητρὶ
2616 1099 2874 1168 προσάγει
2927 1102 3079 1169 μόνῃ,
3138 1098 3219 1149 ἶνα
3271 1094 3365 1150 διὰ
3428 1102 3519 1171 μεν
3572 1110 3671 1162 τῆς
3721 1112 3889 1163 κοινῆς

2285 1183 2516 1255 εὐλογίας
2577 1193 2669 1236 τοῦ
2730 1190 3005 1258 σχήματος
3051 1196 3150 1238 τῶν
3196 1192 3515 1261 γεννητόρων
3571 1195 3644 1261 μὴ
3698 1190 3890 1262 ἀπογυ-

2285 1279 2464 1345 μνώσῃ
2518 1277 2603 1325 τὸν
2659 1274 2870 1346 Ἰωσὴφ,
2902 1271 2995 1326 διὰ
3049 1271 3107 1327 δὲ
3137 1284 3235 1327 τῶν
3275 1280 3406 1351 πρὸς
3448 1282 3540 1335 τὴν
3565 1284 3770 1351 μητέρα
3808 1281 3889 1333 λό-

2284 1383 2387 1432 γων
2433 1368 2525 1420 τὴν
2587 1366 2842 1434 Παρθένον
2881 1366 3072 1416 ἐκείνου
3124 1362 3448 1431 διαστείλας,
3506 1372 3599 1425 τὴν
3650 1371 3721 1428 ὡς
3777 1367 3894 1426 ἀλη-

2288 1454 2387 1512 θῶς
2440 1450 2733 1525 ἀνακηρύξῃ
2793 1457 3013 1526 μητέρα.
3046 1451 3174 1507 Εἶτα
3214 1460 3302 1506 καὶ
3333 1461 3385 1507 τί
3416 1453 3717 1526 διαλέγεται
3770 1462 3895 1531 πρὸς

2286 1545 2378 1597 τὴν
2410 1544 2647 1613 μητέρα;
2685 1564 2710 1589 ‹‹
2744 1541 2911 1602 Οὗτος
2941 1550 3109 1594 κεῖται
3142 1543 3212 1604 εἰς
3242 1552 3442 1596 πτῶσιν
3472 1550 3561 1597 καὶ
3599 1544 3890 1598 ἀνάστασιν

2286 1629 2481 1681 πολλῶν
2536 1628 2583 1681 ἐν
2627 1627 2958 1704 τῷΊσραὴλ,
3016 1637 3104 1683 καὶ
3158 1633 3231 1694 εἰς
3289 1640 3502 1706 σημεῖον
3561 1633 3892 1708 ἀντιλεγόμε-

525 1728 847 1782 rectionem
878 1724 1200 1779 multorum
1250 1724 1311 1777 in
1343 1721 1542 1787 Israel,
1585 1726 1640 1776 et
1668 1720 1729 1775 in
1760 1720 2021 1790 signum,
2083 1718 2174 1773 cui

2286 1736 2387 1772 νον,
2422 1742 2446 1765 ››
2477 1718 2652 1791 Ὀρᾲς,
2687 1720 2824 1780 ὅπως
2854 1719 2975 1778 ὃλην
3005 1728 3097 1773 τοῦ
3127 1728 3424 1796 μυστηρίου
3455 1728 3547 1781 τὴν
3591 1724 3893 1796 οἰκονομίαν

526 1813 943 1869 contradicitur
968 1812 1034 1867 ⁸³.
1067 1833 1091 1862 ν
1116 1811 1312 1878 Vides,
1339 1827 1476 1865 eum
1503 1814 1688 1865 totam
1708 1808 1971 1880 mysterii
1999 1808 2177 1877 hujus

528 1902 929 1959 conditionem
960 1901 1298 1957 summatim
1316 1900 1535 1969 Virgini
1562 1899 1809 1971 aperire,
1841 1898 2003 1952 illam
2036 1913 2179 1952 vero

527 1993 657 2065 ejus
695 1991 1128 2047 enarrationem
1155 1997 1361 2061 postea
1397 1988 1719 2045 instituere.
1750 1988 1917 2053 Quod
1947 1988 1994 2042 si
2025 1986 2178 2042 inse-

525 2088 662 2138 cuta
709 2086 1053 2137 sanctorum
1097 2081 1355 2135 virorum
1397 2078 1633 2135 oracula
1661 2077 1929 2134 conferre
1955 2076 2062 2132 tibi
2106 2076 2174 2130 li-

522 2172 678 2243 beat,
713 2171 971 2227 historia:
1015 2170 1194 2225 series
1241 2169 1629 2241 quaesitorum
1660 2174 1900 2224 tuorum
1934 2165 2175 2222 solutio-

522 2278 662 2318 nem
693 2261 933 2317 abunde
960 2258 1447 2331 suppeditaverit.

675 2359 992 2425 QUASSTIO
1024 2358 1207 2411 CLVII
1242 2357 1442 2428 [CoisL
1468 2357 1807 2428 CLXXXVII,
1838 2357 2020 2412 Taur.

919 2430 1166 2485 CLXXVI
1200 2426 1259 2483 et
1284 2429 1551 2483 CLXXVII
1585 2426 1767 2499 (55')].

527 2528 681 2595 Quid
706 2527 1001 2595 signiﬁcat
1032 2527 1190 2581 illud
1222 2541 1234 2579 :
1280 2547 1307 2573 «
1341 2525 1453 2579 Hic
1463 2526 1627 2593 jacet
1653 2527 1711 2580 in
1739 2524 1975 2579 ruinam
2005 2530 2056 2579 et
2084 2538 2172 2579 re-

593 2599 1001 2653 surrectionem
1052 2598 1369 2651 multorum
1411 2597 1473 2651 in
1508 2595 1712 2659 Israel,
1753 2603 1806 2651 et
1837 2596 1901 2651 in
1936 2595 2168 2666 signum

596 2670 693 2726 cui
730 2668 1158 2725 contradicitur
1186 2668 1214 2720 ί.)
1252 2687 1280 2717 ››

2290 1816 2613 1869 συνοπτικὼς
2679 1812 2806 1880 πρὸς
2874 1814 2967 1867 τὴν
3037 1812 3295 1882 Παρθένον
3354 1810 3609 1884 ἀναφέρει,
3677 1812 3890 1871 κάκείνη

2287 1905 2509 1948 ποιεῖται
2556 1902 2647 1955 τὴν
2693 1901 2878 1949 τούτου
2934 1895 3212 1969 διήγησιν.
3269 1900 3331 1953 Εἰ
3384 1897 3440 1953 δὲ
3483 1921 3567 1953 σοι
3613 1902 3759 1974 φΐλον
3805 1908 3892 1955 καὶ

2286 1990 2414 2060 πρὸς
2465 1988 2533 2038 τὰ
2583 1985 2842 2039 ἀκόλουθα
2897 1987 3150 2059 μετελθεῖν
3200 1985 3400 2061 ἀνδρῶν
3443 1990 3586 2062 ἱερῶν
3649 1992 3891 2064 σεμνολοη

2284 2082 2497 2148 γήματα
2524 2077 2653 2147 (57),
2684 2075 2875 2129 τελείαν
2907 2096 2991 2130 σοι
3015 2086 3114 2130 τῶν
3146 2079 3469 2151 ζητουμένων
3501 2082 3529 2138 ἡ
3559 2080 3773 2152 ἱστορία
3801 2088 3890 2139 τήν

2283 2163 2432 2216 λύσιν
2467 2162 2589 2217 ἐπιδ
2594 2164 2948 2235 αψιλεύσοιτο.

2840 2359 3151 2407 ΕΡΩΤΗΣΙΣ
3188 2362 3272 2407 ΡΝ
3275 2354 3324 2407 Ζ’

2281 2526 2344 2575 Τί
2376 2520 2514 2574 ἐστιν
2541 2540 2552 2551 ·
2598 2544 2626 2572 ‹‹
2672 2524 2835 2586 Οὗτος
2879 2532 3043 2576 κεῖται
3090 2525 3164 2587 εἰς
3204 2534 3405 2578 πτῶσιν
3462 2531 3553 2579 καὶ
3596 2524 3890 2579 ἀνάστασιν

2353 2594 2547 2646 πολλῶν
2579 2594 2625 2645 ἐν
2768 2613 2778 2625 ·
2822 2596 3040 2670 Ισραὴλ,
3091 2602 3180 2649 καὶ
3228 2598 3295 2657 εἰς
3349 2604 3562 2669 σημεῖον
3626 2597 3888 2670 ἀντιλεγόν

2353 2685 2520 2729 μενον,
2553 2686 2602 2719 κ.
2648 2686 2668 2717 ε
2708 2710 2720 2723 ,

2352 2685 2520 2736 μενον,
2553 2686 2602 2719 κ.
2648 2685 2720 2729 ες,

1084 2774 1357 2823 Editarum
1388 2788 1419 2823 a
1458 2774 1651 2823 Wolﬁo
1686 2774 1946 2837 vigesima
1971 2774 2023 2836 (l.
2064 2788 2129 2829 c.,
2164 2788 2215 2836 p.
2250 2773 2472 2823 778-784.
2506 2773 2768 2831 Galland.,
2802 2789 2853 2837 p.
2886 2776 2997 2832 739,
3023 2776 3130 2832 777,
3162 2791 3215 2825 n.
3249 2778 3349 2838 36).

593 2875 885 2940 Quoniam
905 2879 961 2930 et
991 2874 1366 2946 sequentium
1399 2873 1753 2928 solutionem
1784 2873 1978 2928 statim
2003 2889 2038 2928 a
2069 2888 2171 2927 no-
2205 2870 2245 2927 C

520 2965 614 3021 bis
654 2964 1023 3037 requisivisti,
1067 2979 1202 3019 eam
1233 2963 1354 3029 tibi,
1397 2963 1599 3018 divina
1639 2979 1749 3035 ope
1789 2962 1931 3028 nixi,
1967 2962 2171 3017 itidem

523 3054 1053 3127 suppeditabimus.
1113 3057 1371 3126 Lapsum
1410 3053 1506 3108 hic
1557 3053 1667 3107 illis
1704 3052 1925 3117 tribuit,
1968 3053 2071 3124 qui
2102 3068 2169 3107 ex

523 3144 643 3199 ﬁde
669 3143 729 3198 in
762 3144 930 3198 illum
960 3148 1015 3198 et
1040 3143 1254 3214 pietate
1284 3143 1642 3207 exciderant,
1677 3142 2166 3197 resurrectionem

521 3251 659 3290 vero
697 3234 831 3300 illis,
855 3234 957 3306 qui
998 3236 1393 3300 Servatorem,
1436 3234 1494 3288 in
1536 3248 1710 3288 carne
1750 3237 2166 3304 apparentem,

523 3323 951 3393 agnoscebant.
996 3326 1113 3378 Hoc
1152 3324 1351 3394 ipsum
1392 3324 1573 3379 Isaias
1613 3338 1853 3394 quoque
1892 3338 2173 3394 praenun-

524 3412 709 3482 tiavit,
769 3413 975 3467 dicens
1030 3428 1043 3466 :
1105 3432 1132 3463 α
1194 3416 1334 3467 Ecce
1388 3427 1549 3483 pono
1598 3410 1659 3465 in
1714 3410 1855 3465 Sion
1911 3410 2167 3481 lapidem

523 3498 889 3561 otfendiculi,
931 3505 987 3555 et
1018 3504 1249 3569 petram
1268 3499 1532 3555 scandali
1560 3517 1570 3553 :
1597 3504 1651 3554 et
1674 3499 1879 3564 omnis,
1907 3498 2008 3569 qui
2050 3514 2172 3553 cre-

524 3590 609 3645 dit
628 3591 686 3644 in
704 3588 891 3653 illum,
913 3604 1033 3642 non
1053 3588 1386 3657 pudetiet”.
1414 3611 1441 3637 η
1468 3593 1665 3659 Itaque
1687 3588 1899 3642 cadere
1931 3602 2170 3642 necesse

525 3686 612 3735 est
651 3678 805 3742 illos,
852 3678 953 3749 qui
995 3692 1115 3731 non
1170 3676 1420 3731 credunt
1471 3680 1531 3731 in
1573 3678 1796 3747 ipsum.
1853 3676 1941 3730 Ab
1987 3676 2169 3731 altera

521 3775 689 3842 parte
712 3767 785 3822 ad
809 3767 1321 3831 resurrectionem,
1346 3766 1548 3821 animo
1575 3765 2025 3829 instituendam,
2048 3781 2168 3821 ma-

523 3857 922 3923 nuducuntur,
964 3857 1060 3927 qui
1087 3855 1165 3911 ab
1194 3856 1491 3912 idolorum
1523 3856 1681 3911 cultu
1721 3861 1776 3911 et
1815 3856 1963 3927 aliis,
2009 3870 2163 3927 quos

527 3953 702 4003 antea
732 3944 1038 4018 praefracte
1065 3945 1366 4011 tenebant,
1400 3944 1699 4001 erroribus
1725 3945 2133 4001 discedebant.

598 4038 851 4092 Causam
884 4052 1036 4101 vero,
1078 4051 1182 4090 cur
1210 4042 1265 4091 et
1292 4035 1498 4107 lapsus
1530 4040 1582 4090 et
1612 4034 1965 4091 resurrectio
1998 4051 2173 4091 even-

524 4131 658 4182 tura
700 4126 790 4189 sit,
825 4124 1003 4179 simul
1036 4126 1242 4195 aperit.
1287 4124 1582 4189 Quoniam
1622 4124 1781 4179 enim
1824 4126 2168 4179 ceconomiae

525 4216 801 4285 gratiosae
832 4213 1272 4278 contradicitur,
1305 4214 1654 4285 mysterium
1686 4214 1799 4268 hoc
1829 4229 2007 4268 omne
2038 4213 2170 4280 illis,
2203 4202 2247 4255 Ι)

524 4304 628 4377 qui
670 4303 1087 4369 assentiuntur,
1116 4302 1555 4359 resurrectionis
1588 4320 1601 4369 ;
1633 4302 1747 4358 illis
1786 4317 1943 4365 vero,
1976 4303 2079 4373 qui
2112 4318 2173 4358 se

522 4397 852 4465 opponunt,
877 4393 1082 4465 lapsus
1112 4397 1167 4448 et
1194 4392 1463 4448 interitus
1496 4407 1678 4447 causa
1716 4392 1963 4447 exsistit.
2000 4393 2171 4456 Quae-

524 4497 667 4538 nam
694 4497 831 4537 vero
862 4486 1003 4536 sunt
1032 4481 1150 4547 illa,
1189 4480 1403 4551 quibus
1434 4480 1860 4536 contradicitur
1889 4481 1917 4536 ‘P
1952 4478 2175 4535 Resur-

526 4576 732 4642 gentes
756 4572 835 4626 illi
858 4570 1437 4642 crediderunt,quod
1462 4570 1626 4640 virgo
1644 4569 1893 4642 peperit,
1920 4575 1976 4625 et
2004 4570 2174 4639 virgo

526 4662 746 4717 mansit
773 4677 785 4715 :
816 4661 896 4717 illi
918 4678 1079 4727 vero,
1109 4662 1211 4732 qui
1234 4662 1292 4717 in
1315 4661 1611 4717 crassiora
1630 4662 1887 4729 cogitata
1914 4658 2177 4731 prolapsi

526 4758 682 4819 sunt,
716 4752 997 4824 nihilque,
1032 4752 1198 4825 quod
1238 4755 1513 4807 naturam
1557 4750 1955 4813 transcendat,
1998 4765 2176 4805 nosse

526 4843 785 4913 cupiunt,
855 4841 1075 4897 adduci
1139 4857 1261 4897 non
1331 4846 1583 4913 possunt
1653 4845 1715 4895 ut
1779 4840 2176 4911 proﬁteantur

526 4930 705 5003 quod,
740 4931 843 5001 qui
884 4929 1175 4999 virginem
1205 4930 1494 4994 condidit,
1524 4946 1662 4985 cum
1698 4928 1969 4985 nondum
1999 4934 2175 4993 esset,

527 5022 822 5086 eamdem,
837 5022 964 5091 jam
990 5020 1386 5088 exsistentem,
1404 5019 1695 5091 virginem
1713 5008 1945 5077 servare
1964 5017 2177 5090 possit,

600 5200 643 5235 ⁸³
676 5200 813 5255 Luc.
837 5215 893 5264 ιι,
922 5199 1009 5254 33.
1039 5199 1085 5233 ⁸³
1116 5198 1261 5254 ibid.
1304 5201 1395 5259 34.
1426 5199 1494 5253 ⁸³.
1522 5199 1620 5256 Isa
1648 5216 1769 5265 vni,
1802 5200 1892 5255 14.

2353 2868 2564 2930 Ἐπειδὴ
2625 2878 2714 2925 καὶ
2771 2881 2868 2925 τῶν
2921 2874 3213 2927 ὑπολοίπων
3254 2880 3345 2933 την
3396 2875 3543 2927 λύσιν
3592 2877 3760 2946 τάχος
3801 2875 3888 2928 ἑπ-

2283 2966 2562 3025 εςὴτησας,
2621 2964 2765 3033 ἡμεῖς
2821 2983 2904 3014 σοι
2967 2969 3056 3016 καὶ
3118 2968 3335 3029 ταύτην,
3388 2972 3500 3036 Θεῷ
3554 2968 3885 3031 πεποιθότες,

2282 3050 2582 3122 παρέξομεν.
2654 3058 2859 3103 Πτώσιν
2913 3055 3002 3123 μὲν
3054 3052 3275 3104 ἐνταῦθα
3331 3061 3429 3104 τῶν
3485 3051 3886 3107 ἐκπεπτωκότων

2280 3148 2371 3201 τῆς
2426 3140 2494 3201 εἰς
2545 3140 2697 3191 αὐτόν
2746 3145 2971 3201 πίστεως
3021 3147 3110 3194 καὶ
3163 3141 3420 3202 εὐσεϐείας
3465 3142 3622 3213 λέγει,
3656 3142 3883 3195 ἀναστα-

2286 3248 2366 3280 σιν
2406 3226 2464 3281 δὲ
2518 3250 2615 3281 των
2664 3228 3019 3300 ἐπεγνωκότων
3066 3235 3461 3305 παραγεγονότα
3498 3235 3583 3283 τὸν
3638 3240 3880 3307 Σωτῆρα.

3680 3343 3703 3372 α
3741 3320 3884 3375 Ἰδοὺ

2282 3410 2467 3479 τίθημι
2536 3406 2583 3459 ἐν
2654 3413 2780 3459 Σιὼν
2848 3409 2990 3461 λιθον
3051 3414 3475 3484 προσκόμματος,
3536 3416 3626 3463 καὶ
3691 3418 3885 3485 πέτραν

2285 3493 2579 3548 σκανδάλου
2615 3517 2626 3528 ·
2662 3503 2747 3549 καὶ
2780 3504 2875 3558 πᾶς
2923 3500 2948 3549 ό
3001 3502 3259 3551 πιστεύων
3306 3498 3382 3551 ἐπ’
3425 3499 3578 3551 αὐτόν
3613 3500 3674 3551 οὐ
3705 3520 3888 3552 καται-

2280 3325 2441 3370 Τουτο
2499 3323 2587 3370 καὶ⁹
2635 3320 2659 3370 ό
2715 3318 2936 3382 Ἠσαίας
2982 3326 3343 3394 προανεφώνει,
3396 3320 3555 3392 λέγων
3608 3338 3620 3349 ·

2283 3588 2662 3656 σχυνθησεται.
2693 3607 2720 3637 )›
2760 3592 3000 3640 Πίπτοιεν
3058 3584 3106 3639 δ’
3141 3588 3201 3639 ὄιν
3255 3590 3303 3640 oi
3356 3592 3428 3659 μὴ
3483 3594 3887 3652 πεπιστευκότες

2282 3676 2352 3737 εἰς
2407 3677 2579 3730 αὐτόν.
2619 3683 2716 3729 Καὶ
2766 3680 2897 3752 πρὸς
2944 3682 3037 3735 τὴν
3092 3677 3142 3729 ἐν
3189 3677 3343 3750 ψυχῇ
3406 3680 3694 3730 ἀνάστασιν
3738 3699 3885 3753 χειρ-

2281 3773 2603 3836 αγωγοῦνται
2651 3768 2699 3817 οἱ
2748 3774 2835 3826 τῆς
2891 3762 3184 3831 εἰδωλικῆς,
3242 3772 3330 3818 καὶ
3389 3775 3479 3827 τῆς
3536 3766 3716 3833 ἄλλης,
3763 3768 3810 3821 ἐν

2281 3853 2613 3930 ἐστηρίζοντο
2639 3858 2903 3929 πρότερον,
2938 3855 3129 3915 πλάνης
3157 3856 3267 3923 (58)
3301 3853 3698 3917 ἐκπεπτωκότες.

2352 4038 2455 4092 Τὴν
2487 4033 2676 4099 αἰτίαν,
2717 4031 2791 4086 δι’
2823 4036 2883 4092 ἣν
2914 4036 2943 4091 ἡ
2990 4042 3213 4101 πτῶσις,
3247 4038 3337 4085 καὶ
3370 4036 3397 4092 ἡ
3458 4033 3756 4097 ἀνάστασις
3791 4038 3886 4088 ἕπ-

2284 4144 2413 4187 εται,
2462 4120 2784 4197 παραδηλοῖ.
2835 4122 2972 4177 Ἐπεὶ
3026 4125 3126 4195 γὰρ
3184 4127 3249 4175 τὰ
3302 4122 3384 4175 ἐπὶ
3442 4131 3537 4185 τῆς
3585 4124 3891 4197 οἰκονομίας

2284 4212 2599 4284 ἀντιλέγεται
2654 4220 2762 4275 τοῖς
2826 4216 2915 4285 μὲν
2977 4215 3418 4285 κατατιθεμένοις,
3477 4212 3777 4276 ἀνάστασις
3831 4220 3889 4267 τὸ

2283 4309 2570 4376 μυστήριον
2612 4308 2826 4374 γίνεται,
2876 4310 2980 4362 τοῖς
3040 4299 3098 4354 δε
3153 4302 3633 4374 ἁντιφθεγγομένοις
3687 4313 3895 4367 πτῶσις

2283 4398 2366 4444 καὶ
2414 4392 2658 4445 ἀπώλεια.
2711 4396 2837 4444 Τίνα
2878 4388 2937 4443 δέ
2977 4393 3090 4444 ἔστι
3130 4394 3193 4443 τὰ
3236 4390 3639 4463 ἀντιλεγόμενα;
3681 4396 3751 4445 Οἱ

2285 4482 2595 4544 ἀναστάντες
2654 4484 3081 4545 πεπιστεύκασιν,
3141 4482 3219 4533 ὅτι
3286 4483 3541 4551 Ιιαρθένος
3590 4485 3759 4535 ἔτεκεν
3804 4489 3897 4535 καὶ

2286 4574 2543 4646 Ιῖάρθένος
2586 4574 2773 4643 ἔμεινεν
2806 4586 2817 4600 ⁸
2848 4572 2897 4622 οἱ
2956 4566 3014 4623 δὲ
3062 4574 3443 4633 καταπεσόντες
3489 4571 3555 4631 εἰς
3608 4576 3728 4631 τοὺς
3788 4573 3899 4624 ὑλιο

2284 4667 2403 4723 κους
2449 4661 2752 4733 λογισμοὺς,
2805 4665 2893 4712 καὶ
2949 4655 3096 4712 οὐδὲν
3146 4668 3242 4711 τῶν
3300 4661 3425 4731 ὑπὲρ
3482 4663 3637 4731 φύσιν
3696 4658 3899 4714 εἰδέναι

2288 4752 2525 4815 θελοντες,
2578 4750 2636 4802 οὐ
2702 4749 2966 4802 πείθονται
3034 4748 3418 4819 συνομολογεῖν,
3478 4751 3548 4810 ὡς
3604 4751 3629 4800 ό
3684 4750 3901 4809 πλάσας

2286 4839 2414 4915 μηδ’
2470 4841 2597 4902 ὅλως
2644 4836 2802 4891 οὖσαν
2855 4841 3133 4913 Παρθένον,
3170 4835 3392 4890 δύναται
3438 4843 3527 4890 καὶ
3578 4840 3897 4891 ὑποστάσαν

2288 4933 2542 5005 Παρθένον
2602 4928 2892 5001 φυλάττειν,
2962 4928 3193 5000 μάλιστά
3266 4947 3324 4999 γε
3390 4932 3481 4985 τὴν
3544 4932 3793 4999 γέννησιν
3855 4929 3901 4980 εἰ

2287 5019 2441 5081 αὐτὸς
2500 5020 2525 5070 ό
2577 5018 2782 5080 πλάσας
2834 5014 3149 5090 ἀναδέχοιτο
3189 5035 3200 5047 °
3236 5016 3550 5089 ἀντιλέγοιτο
3602 5014 3653 5070 δ’
3697 5017 3761 5069 ἄν
3796 5028 3900 5070 τῶν

2108 5300 2152 5354 Ν
2159 5296 2332 5354 ΟΤᾹΈ.

529 5405 730 5533 didi?)
779 5404 1067 5532 Ntimirum
1120 5405 1180 5459 in
1225 5406 1398 5461 Taur.
1440 5404 1562 5462 haec
1613 5404 1867 5476 quaestio
1906 5404 1968 5460 in
2016 5403 2168 5461 duas

574 5493 725 5533 msa
752 5493 816 5533 es
848 5514 862 5530 .

574 5493 725 5623 13%?
748 5482 866 5607 flch
900 5546 1215 5615 Colbertini
1242 5547 1455 5635 malim
1492 5561 1602 5637 pro
1640 5548 1741 5606 illo
1771 5547 2011 5619 alterius
2051 5545 2171 5641 ςςνα-

2285 5421 2701 5547 στῗὲζειέεμνολο
2741 5478 2921 5547 ἠματα
2944 5474 3139 5532 scribo
3172 5489 3280 5546 pro
3309 5471 3696 5549 σεμνολόγημα.

2352 5475 2462 5620 (58;
2490 5546 2688 5605 Codex
2704 5494 2889 5605 habet
2913 5551 2983 5620 μὴ
3026 5545 3084 5600 ἐκ
3111 5547 3613 5605 inconvenienter.

2352 5545 2462 5620 (58)
2490 5545 2688 5605 COdex
2710 5545 2889 5605 habet
2913 5551 2983 5622 μὴ
3026 5545 3084 5600 ἐκ
3111 5545 3613 5605 inconvenienter.
