  <div class='ocr_page' id='page_1' title='image "/cluster/home/n/w/nwhite01/storage/ocr_20150623/101/hvd.32044054112305/434.png"; bbox 0 0 4116 6194; ppageno 0'>
   <div class='ocr_carea' id='block_1_1' title="bbox 289 321 394 378">
    <p class='ocr_par' dir='ltr' id='par_1_1' title="bbox 289 321 394 378">
     <span class='ocr_line' id='line_1_1' title="bbox 289 321 394 378; baseline 0.01 -1"><span class='ocrx_word' id='word_1_1' title='bbox 289 321 394 378; x_wconf 77' lang='lat'><strong>829</strong></span> 
     </span>
    </p>
   </div>
   <div class='ocr_carea' id='block_1_2' title="bbox 1382 311 2674 384">
    <p class='ocr_par' dir='ltr' id='par_1_2' title="bbox 1382 311 2674 384">
     <span class='ocr_line' id='line_1_2' title="bbox 1382 311 2674 384; baseline -0.002 -11"><span class='ocrx_word' id='word_1_2' title='bbox 1382 319 1474 374; x_wconf 88' lang='lat' dir='ltr'><strong>AD</strong></span> <span class='ocrx_word' id='word_1_3' title='bbox 1514 311 2057 374; x_wconf 81' lang='lat' dir='ltr'><strong>AMPHILOCHIUM</strong></span> <span class='ocrx_word' id='word_1_4' title='bbox 2100 317 2420 384; x_wconf 62' lang='lat' dir='ltr'><strong>QUxESTlO</strong></span> <span class='ocrx_word' id='word_1_5' title='bbox 2463 315 2674 374; x_wconf 82' lang='lat' dir='ltr'><strong>CLVII.</strong></span> 
     </span>
    </p>
   </div>
   <div class='ocr_carea' id='block_1_3' title="bbox 3547 317 3678 385">
    <p class='ocr_par' dir='ltr' id='par_1_3' title="bbox 3547 317 3678 385">
     <span class='ocr_line' id='line_1_3' title="bbox 3547 317 3678 385; baseline 0.015 -2"><span class='ocrx_word' id='word_1_6' title='bbox 3547 331 3652 385; x_wconf 89' lang='lat'><strong>830</strong></span> <span class='ocrx_word' id='word_1_7' title='bbox 3671 317 3678 357; x_wconf 54' lang='grc' dir='ltr'><strong><em>Γ</em></strong></span> 
     </span>
    </p>
   </div>
   <div class='ocr_carea' id='block_1_4' title="bbox 293 442 1908 522">
    <p class='ocr_par' dir='ltr' id='par_1_4' title="bbox 293 442 1897 522">
     <span class='ocr_line' id='line_1_4' title="bbox 293 442 1897 522; baseline -0.004 -22"><span class='ocrx_word' id='word_1_8' title='bbox 293 453 412 522; x_wconf 83' lang='grc' dir='ltr'><strong>περὶ</strong></span> <span class='ocrx_word' id='word_1_9' title='bbox 440 447 734 517; x_wconf 81' lang='grc' dir='ltr'><strong>οἰκονομίαν</strong></span> <span class='ocrx_word' id='word_1_10' title='bbox 787 451 877 497; x_wconf 84' lang='grc' dir='ltr'><strong>καὶ</strong></span> <span class='ocrx_word' id='word_1_11' title='bbox 921 445 1051 498; x_wconf 72' lang='grc' dir='ltr'><strong>ἄλλα</strong></span> <span class='ocrx_word' id='word_1_12' title='bbox 1079 452 1273 518; x_wconf 86' lang='grc' dir='ltr'><strong>σημεῖα</strong></span> <span class='ocrx_word' id='word_1_13' title='bbox 1304 463 1316 475; x_wconf 82' lang='lat'><strong>&#39;</strong></span> <span class='ocrx_word' id='word_1_14' title='bbox 1352 447 1456 497; x_wconf 78' lang='grc' dir='ltr'><strong>οἷον</strong></span> <span class='ocrx_word' id='word_1_15' title='bbox 1505 453 1603 496; x_wconf 84' lang='grc' dir='ltr'><strong>τῶν</strong></span> <span class='ocrx_word' id='word_1_16' title='bbox 1643 447 1731 516; x_wconf 72' lang='grc' dir='ltr'><strong>μὲν</strong></span> <span class='ocrx_word' id='word_1_17' title='bbox 1778 442 1897 494; x_wconf 82' lang='grc' dir='ltr'><strong>ἀνα-</strong></span> 
     </span>
    </p>
   </div>
   <div class='ocr_carea' id='block_1_5' title="bbox 2017 442 3661 522">
    <p class='ocr_par' dir='ltr' id='par_1_5' title="bbox 2017 442 3661 516">
     <span class='ocr_line' id='line_1_5' title="bbox 2017 442 3661 516; baseline 0.007 -19"><span class='ocrx_word' id='word_1_18' title='bbox 2017 442 2300 514; x_wconf 78' lang='lat' dir='ltr'><strong>imprimis</strong></span> <span class='ocrx_word' id='word_1_19' title='bbox 2321 443 2417 498; x_wconf 92' lang='lat' dir='ltr'><strong>ubi</strong></span> <span class='ocrx_word' id='word_1_20' title='bbox 2445 444 2724 500; x_wconf 80' lang='lat' dir='ltr'><strong>Conditor</strong></span> <span class='ocrx_word' id='word_1_21' title='bbox 2751 442 2878 516; x_wconf 89' lang='lat' dir='ltr'><strong>ipse</strong></span> <span class='ocrx_word' id='word_1_22' title='bbox 2901 447 3181 502; x_wconf 88' lang='lat' dir='ltr'><strong>nascitur.</strong></span> <span class='ocrx_word' id='word_1_23' title='bbox 3207 451 3356 505; x_wconf 85' lang='lat' dir='ltr'><strong>Sunt</strong></span> <span class='ocrx_word' id='word_1_24' title='bbox 3381 457 3580 508; x_wconf 88' lang='lat' dir='ltr'><strong>tamen</strong></span> <span class='ocrx_word' id='word_1_25' title='bbox 3604 458 3661 509; x_wconf 90' lang='lat' dir='ltr'><strong>et</strong></span> 
     </span>
    </p>
   </div>
   <div class='ocr_carea' id='block_1_6' title="bbox 298 533 1897 609">
    <p class='ocr_par' dir='ltr' id='par_1_6' title="bbox 298 533 1897 609">
     <span class='ocr_line' id='line_1_6' title="bbox 298 533 1897 609; baseline -0.002 -21"><span class='ocrx_word' id='word_1_26' title='bbox 298 539 528 588; x_wconf 78' lang='grc' dir='ltr'><strong>στάντων</strong></span> <span class='ocrx_word' id='word_1_27' title='bbox 581 539 709 588; x_wconf 81' lang='grc' dir='ltr'><strong>Θεὸν</strong></span> <span class='ocrx_word' id='word_1_28' title='bbox 760 533 963 596; x_wconf 83' lang='grc' dir='ltr'><strong>ἀληθῶς</strong></span> <span class='ocrx_word' id='word_1_29' title='bbox 1021 539 1110 586; x_wconf 85' lang='grc' dir='ltr'><strong>καὶ</strong></span> <span class='ocrx_word' id='word_1_30' title='bbox 1164 536 1432 609; x_wconf 75' lang='grc' dir='ltr'><strong>ἄνθρωπον</strong></span> <span class='ocrx_word' id='word_1_31' title='bbox 1473 538 1559 585; x_wconf 88' lang='grc' dir='ltr'><strong>τὸν</strong></span> <span class='ocrx_word' id='word_1_32' title='bbox 1597 538 1897 605; x_wconf 81' lang='grc' dir='ltr'><strong>γεγεννημέ-</strong></span> 
     </span>
    </p>
   </div>
   <div class='ocr_carea' id='block_1_7' title="bbox 296 620 1898 700">
    <p class='ocr_par' dir='ltr' id='par_1_7' title="bbox 296 620 1898 700">
     <span class='ocr_line' id='line_1_7' title="bbox 296 620 1898 700; baseline -0.002 -23"><span class='ocrx_word' id='word_1_33' title='bbox 296 646 379 678; x_wconf 89' lang='grc' dir='ltr'><strong>νον</strong></span> <span class='ocrx_word' id='word_1_34' title='bbox 431 627 680 700; x_wconf 73' lang='grc' dir='ltr'><strong>ὑπερφυὲς</strong></span> <span class='ocrx_word' id='word_1_35' title='bbox 730 628 1047 695; x_wconf 78' lang='grc' dir='ltr'><strong>ποιουμένων</strong></span> <span class='ocrx_word' id='word_1_36' title='bbox 1096 625 1336 695; x_wconf 87' lang='grc' dir='ltr'><strong>μάθημα,</strong></span> <span class='ocrx_word' id='word_1_37' title='bbox 1371 631 1481 676; x_wconf 89' lang='grc' dir='ltr'><strong>Τῶν</strong></span> <span class='ocrx_word' id='word_1_38' title='bbox 1532 620 1590 675; x_wconf 76' lang='grc' dir='ltr'><strong>δὲ</strong></span> <span class='ocrx_word' id='word_1_39' title='bbox 1630 626 1759 697; x_wconf 88' lang='grc' dir='ltr'><strong>πρός</strong></span> <span class='ocrx_word' id='word_1_40' title='bbox 1806 626 1898 679; x_wconf 81' lang='grc' dir='ltr'><strong>τὴν</strong></span> 
     </span>
    </p>
   </div>
   <div class='ocr_carea' id='block_1_8' title="bbox 301 707 1899 790">
    <p class='ocr_par' dir='ltr' id='par_1_8' title="bbox 301 707 1899 790">
     <span class='ocr_line' id='line_1_8' title="bbox 301 707 1899 790; baseline -0.003 -24"><span class='ocrx_word' id='word_1_41' title='bbox 301 715 627 790; x_wconf 80' lang='grc' dir='ltr'><strong>ἀνθρωπίνην</strong></span> <span class='ocrx_word' id='word_1_42' title='bbox 697 713 963 765; x_wconf 74' lang='grc' dir='ltr'><strong>ἀσθένειαν</strong></span> <span class='ocrx_word' id='word_1_43' title='bbox 1032 711 1400 787; x_wconf 83' lang='grc' dir='ltr'><strong>ἀναφορώντων</strong></span> <span class='ocrx_word' id='word_1_44' title='bbox 1455 712 1566 784; x_wconf 77' lang='grc'>(59)</span> <span class='ocrx_word' id='word_1_45' title='bbox 1625 717 1714 764; x_wconf 87' lang='grc' dir='ltr'><strong>καὶ</strong></span> <span class='ocrx_word' id='word_1_46' title='bbox 1769 707 1899 783; x_wconf 79' lang='grc' dir='ltr'><strong>μηδ’</strong></span> 
     </span>
    </p>
   </div>
   <div class='ocr_carea' id='block_1_9' title="bbox 299 801 1896 877">
    <p class='ocr_par' dir='ltr' id='par_1_9' title="bbox 299 801 1896 877">
     <span class='ocr_line' id='line_1_9' title="bbox 299 801 1896 877; baseline -0.004 -20"><span class='ocrx_word' id='word_1_47' title='bbox 299 804 426 866; x_wconf 83' lang='grc' dir='ltr'><strong>ὅλως</strong></span> <span class='ocrx_word' id='word_1_48' title='bbox 458 806 652 864; x_wconf 79' lang='grc' dir='ltr'><strong>ταύτης</strong></span> <span class='ocrx_word' id='word_1_49' title='bbox 700 803 816 873; x_wconf 88' lang='grc'><strong>(60)</strong></span> <span class='ocrx_word' id='word_1_50' title='bbox 859 801 1174 877; x_wconf 66' lang='grc' dir='ltr'><strong>ὑψηλότερον</strong></span> <span class='ocrx_word' id='word_1_51' title='bbox 1216 801 1500 876; x_wconf 81' lang='grc' dir='ltr'><strong>ἐπαρθῆναι</strong></span> <span class='ocrx_word' id='word_1_52' title='bbox 1555 801 1896 873; x_wconf 75' lang='grc' dir='ltr'><strong>βουλομένων,</strong></span> 
     </span>
    </p>
   </div>
   <div class='ocr_carea' id='block_1_10' title="bbox 297 888 1900 965">
    <p class='ocr_par' dir='ltr' id='par_1_10' title="bbox 297 888 1900 965">
     <span class='ocr_line' id='line_1_10' title="bbox 297 888 1900 965; baseline -0.003 -20"><span class='ocrx_word' id='word_1_53' title='bbox 297 897 356 945; x_wconf 89' lang='grc' dir='ltr'><strong>τό</strong></span> <span class='ocrx_word' id='word_1_54' title='bbox 408 897 479 965; x_wconf 81' lang='grc' dir='ltr'><strong>μὴ</strong></span> <span class='ocrx_word' id='word_1_55' title='bbox 516 891 878 964; x_wconf 77' lang='grc' dir='ltr'><strong>συνομολογεῖν</strong></span> <span class='ocrx_word' id='word_1_56' title='bbox 925 895 1011 943; x_wconf 87' lang='grc' dir='ltr'><strong>τόν</strong></span> <span class='ocrx_word' id='word_1_57' title='bbox 1061 892 1215 943; x_wconf 83' lang='grc' dir='ltr'><strong>αύτόν</strong></span> <span class='ocrx_word' id='word_1_58' title='bbox 1247 897 1374 944; x_wconf 83' lang='grc' dir='ltr'><strong>Θεόν</strong></span> <span class='ocrx_word' id='word_1_59' title='bbox 1419 909 1472 942; x_wconf 84' lang='grc' dir='ltr'><strong>τε</strong></span> <span class='ocrx_word' id='word_1_60' title='bbox 1521 888 1670 958; x_wconf 81' lang='grc' dir='ltr'><strong>εἶναι,</strong></span> <span class='ocrx_word' id='word_1_61' title='bbox 1698 895 1786 942; x_wconf 84' lang='grc' dir='ltr'><strong>καὶ</strong></span> <span class='ocrx_word' id='word_1_62' title='bbox 1817 891 1900 940; x_wconf 79' lang='grc' dir='ltr'><strong>ἄν·</strong></span> 
     </span>
    </p>
   </div>
   <div class='ocr_carea' id='block_1_11' title="bbox 300 984 521 1057">
    <p class='ocr_par' dir='ltr' id='par_1_11' title="bbox 300 984 521 1057">
     <span class='ocr_line' id='line_1_11' title="bbox 300 984 521 1057; baseline -0.005 -23"><span class='ocrx_word' id='word_1_63' title='bbox 300 984 521 1057; x_wconf 81' lang='grc' dir='ltr'><strong>θρωπον.</strong></span> 
     </span>
    </p>
   </div>
   <div class='ocr_carea' id='block_1_12' title="bbox 370 1157 1898 1232">
    <p class='ocr_par' dir='ltr' id='par_1_12' title="bbox 370 1157 1898 1232">
     <span class='ocr_line' id='line_1_12' title="bbox 370 1157 1898 1232; baseline -0.003 -20"><span class='ocrx_word' id='word_1_64' title='bbox 370 1160 541 1212; x_wconf 81' lang='grc' dir='ltr'><strong>Πολλὰ</strong></span> <span class='ocrx_word' id='word_1_65' title='bbox 593 1157 652 1211; x_wconf 74' lang='grc' dir='ltr'><strong>δὲ</strong></span> <span class='ocrx_word' id='word_1_66' title='bbox 702 1164 791 1210; x_wconf 81' lang='grc' dir='ltr'><strong>καὶ</strong></span> <span class='ocrx_word' id='word_1_67' title='bbox 845 1159 975 1210; x_wconf 78' lang='grc' dir='ltr'><strong>ἄλλα</strong></span> <span class='ocrx_word' id='word_1_68' title='bbox 1017 1165 1210 1230; x_wconf 85' lang='grc' dir='ltr'><strong>σημεῖα</strong></span> <span class='ocrx_word' id='word_1_69' title='bbox 1254 1165 1348 1220; x_wconf 82' lang='grc' dir='ltr'><strong>τῆς</strong></span> <span class='ocrx_word' id='word_1_70' title='bbox 1379 1157 1649 1232; x_wconf 83' lang='grc' dir='ltr'><strong>ἀφράστου</strong></span> <span class='ocrx_word' id='word_1_71' title='bbox 1677 1166 1768 1209; x_wconf 79' lang='grc' dir='ltr'><strong>τοῦ</strong></span> <span class='ocrx_word' id='word_1_72' title='bbox 1795 1164 1898 1209; x_wconf 89' lang='grc' dir='ltr'><strong>Σω-</strong></span> 
     </span>
    </p>
   </div>
   <div class='ocr_carea' id='block_1_13' title="bbox 295 1244 1900 1324">
    <p class='ocr_par' dir='ltr' id='par_1_13' title="bbox 295 1244 1900 1324">
     <span class='ocr_line' id='line_1_13' title="bbox 295 1244 1900 1324; baseline -0.004 -23"><span class='ocrx_word' id='word_1_73' title='bbox 295 1259 451 1324; x_wconf 82' lang='grc' dir='ltr'><strong>τῆρος</strong></span> <span class='ocrx_word' id='word_1_74' title='bbox 502 1245 785 1320; x_wconf 72' lang='grc' dir='ltr'><strong>ἐπιδημίας</strong></span> <span class='ocrx_word' id='word_1_75' title='bbox 849 1249 916 1310; x_wconf 89' lang='grc' dir='ltr'><strong>εἰς</strong></span> <span class='ocrx_word' id='word_1_76' title='bbox 970 1247 1262 1319; x_wconf 77' lang='grc' dir='ltr'><strong>ἀντιλογίαν</strong></span> <span class='ocrx_word' id='word_1_77' title='bbox 1322 1252 1548 1305; x_wconf 79' lang='grc' dir='ltr'><strong>κατέστη</strong></span> <span class='ocrx_word' id='word_1_78' title='bbox 1583 1265 1593 1276; x_wconf 90' lang='lat'><strong>&#39;</strong></span> <span class='ocrx_word' id='word_1_79' title='bbox 1630 1244 1900 1308; x_wconf 74' lang='grc' dir='ltr'><strong>διεξελθὼν</strong></span> 
     </span>
    </p>
   </div>
   <div class='ocr_carea' id='block_1_14' title="bbox 297 1336 1896 1412">
    <p class='ocr_par' dir='ltr' id='par_1_14' title="bbox 297 1336 1896 1412">
     <span class='ocr_line' id='line_1_14' title="bbox 297 1336 1896 1412; baseline -0.003 -21"><span class='ocrx_word' id='word_1_80' title='bbox 297 1336 357 1391; x_wconf 76' lang='grc' dir='ltr'><strong>δὲ</strong></span> <span class='ocrx_word' id='word_1_81' title='bbox 397 1342 523 1410; x_wconf 81' lang='grc' dir='ltr'><strong>πρὸς</strong></span> <span class='ocrx_word' id='word_1_82' title='bbox 569 1343 662 1396; x_wconf 81' lang='grc' dir='ltr'><strong>τὴν</strong></span> <span class='ocrx_word' id='word_1_83' title='bbox 715 1339 970 1412; x_wconf 81' lang='grc' dir='ltr'><strong>Παρθένον</strong></span> <span class='ocrx_word' id='word_1_84' title='bbox 1020 1339 1045 1388; x_wconf 91' lang='grc' dir='ltr'><strong>ό</strong></span> <span class='ocrx_word' id='word_1_85' title='bbox 1090 1338 1224 1410; x_wconf 82' lang='grc' dir='ltr'><strong>ἱερός</strong></span> <span class='ocrx_word' id='word_1_86' title='bbox 1265 1342 1468 1407; x_wconf 83' lang='grc' dir='ltr'><strong>Συμεὼν</strong></span> <span class='ocrx_word' id='word_1_87' title='bbox 1518 1340 1584 1389; x_wconf 79' lang='grc' dir='ltr'><strong>τὰ</strong></span> <span class='ocrx_word' id='word_1_88' title='bbox 1633 1337 1896 1408; x_wconf 78' lang='grc' dir='ltr'><strong>εἰρημένα,</strong></span> 
     </span>
    </p>
   </div>
   <div class='ocr_carea' id='block_1_15' title="bbox 294 1425 1902 1500">
    <p class='ocr_par' dir='ltr' id='par_1_15' title="bbox 294 1425 1902 1500">
     <span class='ocr_line' id='line_1_15' title="bbox 294 1425 1902 1500; baseline -0.001 -22"><span class='ocrx_word' id='word_1_89' title='bbox 294 1427 622 1500; x_wconf 84' lang='grc' dir='ltr'><strong>ἀκροτελευτὶ</strong></span> <span class='ocrx_word' id='word_1_90' title='bbox 667 1427 841 1486; x_wconf 79' lang='grc' dir='ltr'><strong>αὐτοῖς</strong></span> <span class='ocrx_word' id='word_1_91' title='bbox 885 1425 1182 1483; x_wconf 81' lang='grc' dir='ltr'><strong>ἐπιτίθησιν</strong></span> <span class='ocrx_word' id='word_1_92' title='bbox 1217 1433 1307 1478; x_wconf 78' lang='grc' dir='ltr'><strong>καὶ</strong></span> <span class='ocrx_word' id='word_1_93' title='bbox 1348 1431 1406 1478; x_wconf 88' lang='grc' dir='ltr'><strong>τό</strong></span> <span class='ocrx_word' id='word_1_94' title='bbox 1438 1427 1600 1487; x_wconf 70' lang='grc' dir='ltr'><strong>αὐτῆς</strong></span> <span class='ocrx_word' id='word_1_95' title='bbox 1632 1434 1721 1486; x_wconf 86' lang='grc' dir='ltr'><strong>τῆς</strong></span> <span class='ocrx_word' id='word_1_96' title='bbox 1763 1432 1902 1499; x_wconf 87' lang='grc' dir='ltr'><strong>Παρ-</strong></span> 
     </span>
    </p>
   </div>
   <div class='ocr_carea' id='block_1_16' title="bbox 298 1511 1901 1587">
    <p class='ocr_par' dir='ltr' id='par_1_16' title="bbox 298 1511 1901 1587">
     <span class='ocr_line' id='line_1_16' title="bbox 298 1511 1901 1587; baseline -0.001 -19"><span class='ocrx_word' id='word_1_97' title='bbox 298 1518 442 1568; x_wconf 77' lang='grc' dir='ltr'><strong>θένου</strong></span> <span class='ocrx_word' id='word_1_98' title='bbox 491 1515 543 1578; x_wconf 71' lang='grc' dir='ltr'><strong>ἐξ</strong></span> <span class='ocrx_word' id='word_1_99' title='bbox 583 1513 887 1587; x_wconf 80' lang='grc' dir='ltr'><strong>ἀχθηδόνος</strong></span> <span class='ocrx_word' id='word_1_100' title='bbox 927 1517 1108 1580; x_wconf 80' lang='grc' dir='ltr'><strong>πάθος,</strong></span> <span class='ocrx_word' id='word_1_101' title='bbox 1156 1521 1247 1567; x_wconf 83' lang='grc' dir='ltr'><strong>καί</strong></span> <span class='ocrx_word' id='word_1_102' title='bbox 1277 1534 1454 1587; x_wconf 87' lang='grc' dir='ltr'><strong>φησιν·</strong></span> <span class='ocrx_word' id='word_1_103' title='bbox 1497 1536 1524 1565; x_wconf 71' lang='grc' dir='ltr'><strong>(ι</strong></span> <span class='ocrx_word' id='word_1_104' title='bbox 1560 1519 1658 1567; x_wconf 82' lang='grc' dir='ltr'><strong>Καὶ</strong></span> <span class='ocrx_word' id='word_1_105' title='bbox 1702 1522 1797 1565; x_wconf 85' lang='grc' dir='ltr'><strong>σοῦ</strong></span> <span class='ocrx_word' id='word_1_106' title='bbox 1843 1511 1901 1566; x_wconf 77' lang='grc' dir='ltr'><strong>δὲ</strong></span> 
     </span>
    </p>
   </div>
   <div class='ocr_carea' id='block_1_17' title="bbox 296 1601 1902 1678">
    <p class='ocr_par' dir='ltr' id='par_1_17' title="bbox 296 1601 1902 1678">
     <span class='ocr_line' id='line_1_17' title="bbox 296 1601 1902 1678; baseline -0.002 -22"><span class='ocrx_word' id='word_1_107' title='bbox 296 1605 456 1665; x_wconf 78' lang='grc' dir='ltr'><strong>αύτῆς</strong></span> <span class='ocrx_word' id='word_1_108' title='bbox 499 1609 592 1663; x_wconf 79' lang='grc' dir='ltr'><strong>τὴν</strong></span> <span class='ocrx_word' id='word_1_109' title='bbox 643 1604 829 1676; x_wconf 76' lang='grc' dir='ltr'><strong>ψυχὴν</strong></span> <span class='ocrx_word' id='word_1_110' title='bbox 878 1601 1199 1657; x_wconf 77' lang='grc' dir='ltr'><strong>διελεύσεται</strong></span> <span class='ocrx_word' id='word_1_111' title='bbox 1236 1605 1486 1678; x_wconf 75' lang='grc' dir='ltr'><strong>ῥομφαία,</strong></span> <span class='ocrx_word' id='word_1_112' title='bbox 1516 1606 1654 1665; x_wconf 85' lang='grc' dir='ltr'><strong>ὅπως</strong></span> <span class='ocrx_word' id='word_1_113' title='bbox 1683 1604 1743 1654; x_wconf 78' lang='grc' dir='ltr'><strong>ἄν</strong></span> <span class='ocrx_word' id='word_1_114' title='bbox 1777 1602 1902 1654; x_wconf 86' lang='grc' dir='ltr'><strong>ἀπο-</strong></span> 
     </span>
    </p>
   </div>
   <div class='ocr_carea' id='block_1_18' title="bbox 295 1688 1900 1764">
    <p class='ocr_par' dir='ltr' id='par_1_18' title="bbox 295 1688 1900 1764">
     <span class='ocr_line' id='line_1_18' title="bbox 295 1688 1900 1764; baseline -0.001 -20"><span class='ocrx_word' id='word_1_115' title='bbox 295 1693 627 1764; x_wconf 81' lang='grc' dir='ltr'><strong>καλυφθῶσιν</strong></span> <span class='ocrx_word' id='word_1_116' title='bbox 685 1692 742 1743; x_wconf 87' lang='grc' dir='ltr'><strong>ἐκ</strong></span> <span class='ocrx_word' id='word_1_117' title='bbox 793 1692 988 1744; x_wconf 78' lang='grc' dir='ltr'><strong>πολλῶν</strong></span> <span class='ocrx_word' id='word_1_118' title='bbox 1040 1689 1272 1764; x_wconf 79' lang='grc' dir='ltr'><strong>καρδιῶν</strong></span> <span class='ocrx_word' id='word_1_119' title='bbox 1325 1688 1681 1764; x_wconf 81' lang='grc' dir='ltr'><strong>διαλογισμοί.</strong></span> <span class='ocrx_word' id='word_1_120' title='bbox 1731 1715 1751 1740; x_wconf 77' lang='grc' dir='ltr'><strong>ι</strong></span> <span class='ocrx_word' id='word_1_121' title='bbox 1805 1699 1900 1743; x_wconf 78' lang='grc' dir='ltr'><strong>Σοῦ</strong></span> 
     </span>
    </p>
   </div>
   <div class='ocr_carea' id='block_1_19' title="bbox 296 1781 1978 1856">
    <p class='ocr_par' dir='ltr' id='par_1_19' title="bbox 296 1781 1978 1856">
     <span class='ocr_line' id='line_1_19' title="bbox 296 1781 1978 1856; baseline -0.001 -22"><span class='ocrx_word' id='word_1_122' title='bbox 296 1783 478 1846; x_wconf 73' lang='grc' dir='ltr'><strong>αὐτῆς,</strong></span> <span class='ocrx_word' id='word_1_123' title='bbox 534 1782 638 1833; x_wconf 85' lang='grc' dir='ltr'><strong>οἷον</strong></span> <span class='ocrx_word' id='word_1_124' title='bbox 690 1790 781 1842; x_wconf 87' lang='grc' dir='ltr'><strong>τῆς</strong></span> <span class='ocrx_word' id='word_1_125' title='bbox 835 1784 1004 1834; x_wconf 88' lang='grc' dir='ltr'><strong>πάντα</strong></span> <span class='ocrx_word' id='word_1_126' title='bbox 1059 1781 1286 1856; x_wconf 79' lang='grc' dir='ltr'><strong>ἀκριϐῶς</strong></span> <span class='ocrx_word' id='word_1_127' title='bbox 1341 1785 1407 1832; x_wconf 88' lang='grc' dir='ltr'><strong>τά</strong></span> <span class='ocrx_word' id='word_1_128' title='bbox 1457 1789 1547 1833; x_wconf 80' lang='grc' dir='ltr'><strong>τοῦ</strong></span> <span class='ocrx_word' id='word_1_129' title='bbox 1605 1786 1898 1856; x_wconf 81' lang='grc' dir='ltr'><strong>μυστηρίου</strong></span> <span class='ocrx_word' id='word_1_130' title='bbox 1935 1798 1978 1853; x_wconf 79' lang='grc' dir='ltr'><strong>Β</strong></span> 
     </span>
    </p>
   </div>
   <div class='ocr_carea' id='block_1_20' title="bbox 297 1868 1902 1944">
    <p class='ocr_par' dir='ltr' id='par_1_20' title="bbox 297 1868 1902 1944">
     <span class='ocr_line' id='line_1_20' title="bbox 297 1868 1902 1944; baseline -0.001 -21"><span class='ocrx_word' id='word_1_131' title='bbox 297 1870 804 1944; x_wconf 78' lang='grc' dir='ltr'><strong>ἐξακριϐωσαμένης,</strong></span> <span class='ocrx_word' id='word_1_132' title='bbox 855 1868 978 1922; x_wconf 67' lang='grc' dir='ltr'><strong>οὐδέ</strong></span> <span class='ocrx_word' id='word_1_133' title='bbox 1019 1889 1114 1922; x_wconf 87' lang='grc' dir='ltr'><strong>σου</strong></span> <span class='ocrx_word' id='word_1_134' title='bbox 1147 1876 1377 1941; x_wconf 74' lang='grc' dir='ltr'><strong>φείσεται</strong></span> <span class='ocrx_word' id='word_1_135' title='bbox 1409 1871 1520 1941; x_wconf 83' lang='grc'>(61)</span> <span class='ocrx_word' id='word_1_136' title='bbox 1565 1874 1624 1922; x_wconf 85' lang='grc' dir='ltr'><strong>τὸ</strong></span> <span class='ocrx_word' id='word_1_137' title='bbox 1665 1869 1766 1922; x_wconf 80' lang='grc' dir='ltr'><strong>ἀπό</strong></span> <span class='ocrx_word' id='word_1_138' title='bbox 1811 1870 1902 1922; x_wconf 88' lang='grc' dir='ltr'><strong>λύ-</strong></span> 
     </span>
    </p>
   </div>
   <div class='ocr_carea' id='block_1_21' title="bbox 295 1958 1899 2033">
    <p class='ocr_par' dir='ltr' id='par_1_21' title="bbox 295 1958 1899 2033">
     <span class='ocr_line' id='line_1_21' title="bbox 295 1958 1899 2033; baseline -0.001 -20"><span class='ocrx_word' id='word_1_139' title='bbox 295 1980 402 2021; x_wconf 88' lang='grc' dir='ltr'><strong>πης</strong></span> <span class='ocrx_word' id='word_1_140' title='bbox 448 1962 635 2021; x_wconf 63' lang='grc' dir='ltr'><strong>πάθος</strong></span> <span class='ocrx_word' id='word_1_141' title='bbox 691 1964 783 2012; x_wconf 83' lang='grc' dir='ltr'><strong>καὶ</strong></span> <span class='ocrx_word' id='word_1_142' title='bbox 829 1963 928 2033; x_wconf 79' lang='grc' dir='ltr'><strong>γὰρ</strong></span> <span class='ocrx_word' id='word_1_143' title='bbox 980 1960 1048 2020; x_wconf 82' lang='grc' dir='ltr'><strong>ὡς</strong></span> <span class='ocrx_word' id='word_1_144' title='bbox 1111 1958 1350 2031; x_wconf 85' lang='grc' dir='ltr'><strong>ἀσπόρως</strong></span> <span class='ocrx_word' id='word_1_145' title='bbox 1400 1959 1688 2027; x_wconf 78' lang='grc' dir='ltr'><strong>συνέλαϐεν,</strong></span> <span class='ocrx_word' id='word_1_146' title='bbox 1736 1965 1823 2011; x_wconf 80' lang='grc' dir='ltr'><strong>καὶ</strong></span> <span class='ocrx_word' id='word_1_147' title='bbox 1874 1962 1899 2010; x_wconf 90' lang='grc' dir='ltr'><strong>ό</strong></span> 
     </span>
    </p>
   </div>
   <div class='ocr_carea' id='block_1_22' title="bbox 297 2045 1899 2121">
    <p class='ocr_par' dir='ltr' id='par_1_22' title="bbox 297 2045 1899 2121">
     <span class='ocr_line' id='line_1_22' title="bbox 297 2045 1899 2121; baseline 0 -21"><span class='ocrx_word' id='word_1_148' title='bbox 297 2054 444 2108; x_wconf 89' lang='grc' dir='ltr'><strong>τόκος</strong></span> <span class='ocrx_word' id='word_1_149' title='bbox 487 2050 720 2121; x_wconf 76' lang='grc' dir='ltr'><strong>ἄσπορος</strong></span> <span class='ocrx_word' id='word_1_150' title='bbox 757 2051 980 2120; x_wconf 78' lang='grc' dir='ltr'><strong>γέγονεν,</strong></span> <span class='ocrx_word' id='word_1_151' title='bbox 1031 2053 1121 2100; x_wconf 81' lang='grc' dir='ltr'><strong>καὶ</strong></span> <span class='ocrx_word' id='word_1_152' title='bbox 1171 2050 1200 2106; x_wconf 80' lang='grc' dir='ltr'><strong>η</strong></span> <span class='ocrx_word' id='word_1_153' title='bbox 1252 2050 1442 2109; x_wconf 83' lang='grc' dir='ltr'><strong>κύησις</strong></span> <span class='ocrx_word' id='word_1_154' title='bbox 1491 2045 1758 2116; x_wconf 76' lang='grc' dir='ltr'><strong>ἀνώδινος,</strong></span> <span class='ocrx_word' id='word_1_155' title='bbox 1814 2053 1899 2100; x_wconf 77' lang='grc' dir='ltr'><strong>καὶ</strong></span> 
     </span>
    </p>
   </div>
   <div class='ocr_carea' id='block_1_23' title="bbox 294 2134 1901 2212">
    <p class='ocr_par' dir='ltr' id='par_1_23' title="bbox 294 2134 1901 2212">
     <span class='ocr_line' id='line_1_23' title="bbox 294 2134 1901 2212; baseline -0.001 -23"><span class='ocrx_word' id='word_1_156' title='bbox 294 2141 365 2189; x_wconf 83' lang='grc' dir='ltr'><strong>τά</strong></span> <span class='ocrx_word' id='word_1_157' title='bbox 408 2145 499 2190; x_wconf 82' lang='grc' dir='ltr'><strong>τοῦ</strong></span> <span class='ocrx_word' id='word_1_158' title='bbox 550 2136 780 2212; x_wconf 72' lang='grc' dir='ltr'><strong>Γαϐριὴλ</strong></span> <span class='ocrx_word' id='word_1_159' title='bbox 827 2136 1115 2208; x_wconf 66' lang='grc' dir='ltr'><strong>εὐαγγέλια,</strong></span> <span class='ocrx_word' id='word_1_160' title='bbox 1157 2145 1257 2188; x_wconf 88' lang='grc' dir='ltr'><strong>τῶν</strong></span> <span class='ocrx_word' id='word_1_161' title='bbox 1300 2141 1553 2208; x_wconf 85' lang='grc' dir='ltr'><strong>ποιμένων</strong></span> <span class='ocrx_word' id='word_1_162' title='bbox 1600 2140 1666 2190; x_wconf 83' lang='grc' dir='ltr'><strong>τὰ</strong></span> <span class='ocrx_word' id='word_1_163' title='bbox 1711 2134 1901 2209; x_wconf 74' lang='grc' dir='ltr'><strong>διηγὴ-</strong></span> 
     </span>
    </p>
   </div>
   <div class='ocr_carea' id='block_1_24' title="bbox 293 2225 1902 2300">
    <p class='ocr_par' dir='ltr' id='par_1_24' title="bbox 293 2225 1902 2300">
     <span class='ocr_line' id='line_1_24' title="bbox 293 2225 1902 2300; baseline 0.001 -22"><span class='ocrx_word' id='word_1_164' title='bbox 293 2246 459 2299; x_wconf 84' lang='grc' dir='ltr'><strong>ματα,</strong></span> <span class='ocrx_word' id='word_1_165' title='bbox 517 2231 606 2278; x_wconf 80' lang='grc' dir='ltr'><strong>καὶ</strong></span> <span class='ocrx_word' id='word_1_166' title='bbox 660 2229 726 2277; x_wconf 81' lang='grc' dir='ltr'><strong>τὰ</strong></span> <span class='ocrx_word' id='word_1_167' title='bbox 772 2231 932 2300; x_wconf 71' lang='grc' dir='ltr'><strong>μυρία</strong></span> <span class='ocrx_word' id='word_1_168' title='bbox 988 2225 1117 2278; x_wconf 80' lang='grc' dir='ltr'><strong>ἄλλα</strong></span> <span class='ocrx_word' id='word_1_169' title='bbox 1169 2235 1267 2278; x_wconf 91' lang='grc' dir='ltr'><strong>τῶν</strong></span> <span class='ocrx_word' id='word_1_170' title='bbox 1321 2228 1596 2298; x_wconf 78' lang='grc' dir='ltr'><strong>θαυμάτων</strong></span> <span class='ocrx_word' id='word_1_171' title='bbox 1641 2233 1730 2279; x_wconf 84' lang='grc' dir='ltr'><strong>καὶ</strong></span> <span class='ocrx_word' id='word_1_172' title='bbox 1769 2227 1902 2290; x_wconf 84' lang='grc' dir='ltr'><strong>ἐξαί-</strong></span> 
     </span>
    </p>
   </div>
   <div class='ocr_carea' id='block_1_25' title="bbox 295 2312 1902 2390">
    <p class='ocr_par' dir='ltr' id='par_1_25' title="bbox 295 2312 1902 2390">
     <span class='ocr_line' id='line_1_25' title="bbox 295 2312 1902 2390; baseline 0.001 -22"><span class='ocrx_word' id='word_1_173' title='bbox 295 2335 442 2390; x_wconf 76' lang='grc' dir='ltr'><strong>ρετα,</strong></span> <span class='ocrx_word' id='word_1_174' title='bbox 489 2312 663 2375; x_wconf 68' lang='grc' dir='ltr'><strong>οὐδεὶς</strong></span> <span class='ocrx_word' id='word_1_175' title='bbox 719 2317 779 2365; x_wconf 81' lang='grc' dir='ltr'><strong>ἄν</strong></span> <span class='ocrx_word' id='word_1_176' title='bbox 842 2335 934 2366; x_wconf 93' lang='grc' dir='ltr'><strong>σου</strong></span> <span class='ocrx_word' id='word_1_177' title='bbox 996 2315 1184 2387; x_wconf 81' lang='grc' dir='ltr'><strong>μᾶλλον</strong></span> <span class='ocrx_word' id='word_1_178' title='bbox 1242 2314 1580 2386; x_wconf 76' lang='grc' dir='ltr'><strong>ἐπιστάμενος</strong></span> <span class='ocrx_word' id='word_1_179' title='bbox 1634 2320 1732 2374; x_wconf 80' lang='grc' dir='ltr'><strong>εἴη·</strong></span> <span class='ocrx_word' id='word_1_180' title='bbox 1795 2317 1902 2369; x_wconf 76' lang='grc' dir='ltr'><strong>ἀλλ’</strong></span> 
     </span>
    </p>
   </div>
   <div class='ocr_carea' id='block_1_26' title="bbox 296 2404 1902 2481">
    <p class='ocr_par' dir='ltr' id='par_1_26' title="bbox 296 2404 1902 2481">
     <span class='ocr_line' id='line_1_26' title="bbox 296 2404 1902 2481; baseline 0.001 -24"><span class='ocrx_word' id='word_1_181' title='bbox 296 2406 358 2458; x_wconf 82' lang='grc' dir='ltr'><strong>ού</strong></span> <span class='ocrx_word' id='word_1_182' title='bbox 413 2409 564 2477; x_wconf 88' lang='grc' dir='ltr'><strong>μόνον</strong></span> <span class='ocrx_word' id='word_1_183' title='bbox 623 2412 792 2456; x_wconf 68' lang='grc' dir='ltr'><strong>ταῦτα</strong></span> <span class='ocrx_word' id='word_1_184' title='bbox 841 2404 1077 2475; x_wconf 79' lang='grc' dir='ltr'><strong>λέγουσιν</strong></span> <span class='ocrx_word' id='word_1_185' title='bbox 1115 2405 1252 2475; x_wconf 79' lang='grc'>(62),</span> <span class='ocrx_word' id='word_1_186' title='bbox 1295 2407 1342 2456; x_wconf 81' lang='grc' dir='ltr'><strong>οἱ</strong></span> <span class='ocrx_word' id='word_1_187' title='bbox 1398 2413 1490 2467; x_wconf 87' lang='grc' dir='ltr'><strong>τῆς</strong></span> <span class='ocrx_word' id='word_1_188' title='bbox 1540 2406 1732 2466; x_wconf 83' lang='grc' dir='ltr'><strong>πλάνης</strong></span> <span class='ocrx_word' id='word_1_189' title='bbox 1789 2406 1902 2481; x_wconf 79' lang='grc' dir='ltr'><strong>ἐρα·</strong></span> 
     </span>
    </p>
   </div>
   <div class='ocr_carea' id='block_1_27' title="bbox 299 2493 1901 2567">
    <p class='ocr_par' dir='ltr' id='par_1_27' title="bbox 299 2493 1901 2567">
     <span class='ocr_line' id='line_1_27' title="bbox 299 2493 1901 2567; baseline 0.002 -23"><span class='ocrx_word' id='word_1_190' title='bbox 299 2512 423 2545; x_wconf 90' lang='grc' dir='ltr'><strong>σται</strong></span> <span class='ocrx_word' id='word_1_191' title='bbox 471 2499 560 2545; x_wconf 82' lang='grc' dir='ltr'><strong>καὶ</strong></span> <span class='ocrx_word' id='word_1_192' title='bbox 603 2501 698 2554; x_wconf 80' lang='grc' dir='ltr'><strong>τῆς</strong></span> <span class='ocrx_word' id='word_1_193' title='bbox 747 2493 993 2554; x_wconf 79' lang='grc' dir='ltr'><strong>ἀληθείας</strong></span> <span class='ocrx_word' id='word_1_194' title='bbox 1039 2498 1344 2567; x_wconf 78' lang='grc' dir='ltr'><strong>κατήγοροι,</strong></span> <span class='ocrx_word' id='word_1_195' title='bbox 1391 2493 1517 2545; x_wconf 84' lang='grc' dir='ltr'><strong>ἀλλά</strong></span> <span class='ocrx_word' id='word_1_196' title='bbox 1562 2500 1649 2547; x_wconf 77' lang='grc' dir='ltr'><strong>καὶ</strong></span> <span class='ocrx_word' id='word_1_197' title='bbox 1680 2502 1901 2555; x_wconf 84' lang='grc' dir='ltr'><strong>σεαυτὴν</strong></span> 
     </span>
    </p>
   </div>
   <div class='ocr_carea' id='block_1_28' title="bbox 297 2582 1898 2655">
    <p class='ocr_par' dir='ltr' id='par_1_28' title="bbox 297 2582 1898 2655">
     <span class='ocr_line' id='line_1_28' title="bbox 297 2582 1898 2655; baseline 0.002 -21"><span class='ocrx_word' id='word_1_198' title='bbox 297 2582 385 2634; x_wconf 79' lang='grc' dir='ltr'><strong>ἐπί</strong></span> <span class='ocrx_word' id='word_1_199' title='bbox 445 2601 498 2634; x_wconf 80' lang='grc' dir='ltr'><strong>τε</strong></span> <span class='ocrx_word' id='word_1_200' title='bbox 548 2591 609 2655; x_wconf 76' lang='grc' dir='ltr'><strong>τῇ</strong></span> <span class='ocrx_word' id='word_1_201' title='bbox 672 2582 924 2653; x_wconf 72' lang='grc' dir='ltr'><strong>συλλήψει</strong></span> <span class='ocrx_word' id='word_1_202' title='bbox 977 2588 1066 2634; x_wconf 83' lang='grc' dir='ltr'><strong>καὶ</strong></span> <span class='ocrx_word' id='word_1_203' title='bbox 1118 2588 1250 2653; x_wconf 84' lang='grc' dir='ltr'><strong>τόκῳ</strong></span> <span class='ocrx_word' id='word_1_204' title='bbox 1293 2590 1798 2655; x_wconf 78' lang='grc' dir='ltr'><strong>συκοφαντήσουσινο</strong></span> <span class='ocrx_word' id='word_1_205' title='bbox 1873 2589 1898 2644; x_wconf 73' lang='grc' dir='ltr'><strong>η</strong></span> 
     </span>
    </p>
   </div>
   <div class='ocr_carea' id='block_1_29' title="bbox 302 2673 1902 2747">
    <p class='ocr_par' dir='ltr' id='par_1_29' title="bbox 302 2673 1902 2747">
     <span class='ocr_line' id='line_1_29' title="bbox 302 2673 1902 2747; baseline 0.001 -23"><span class='ocrx_word' id='word_1_206' title='bbox 302 2677 624 2744; x_wconf 75' lang='grc' dir='ltr'><strong>συκοφαντία</strong></span> <span class='ocrx_word' id='word_1_207' title='bbox 677 2674 929 2747; x_wconf 75' lang='grc' dir='ltr'><strong>ῥομφαίας</strong></span> <span class='ocrx_word' id='word_1_208' title='bbox 983 2673 1076 2724; x_wconf 86' lang='grc' dir='ltr'><strong>ούκ</strong></span> <span class='ocrx_word' id='word_1_209' title='bbox 1141 2673 1346 2725; x_wconf 78' lang='grc' dir='ltr'><strong>ἔλαττον</strong></span> <span class='ocrx_word' id='word_1_210' title='bbox 1417 2678 1509 2731; x_wconf 82' lang='grc' dir='ltr'><strong>την</strong></span> <span class='ocrx_word' id='word_1_211' title='bbox 1572 2679 1668 2731; x_wconf 78' lang='grc' dir='ltr'><strong>σὴν</strong></span> <span class='ocrx_word' id='word_1_212' title='bbox 1717 2675 1902 2747; x_wconf 70' lang='grc' dir='ltr'><strong>ψυχὴν</strong></span> 
     </span>
    </p>
   </div>
   <div class='ocr_carea' id='block_1_30' title="bbox 301 2757 1902 2837">
    <p class='ocr_par' dir='ltr' id='par_1_30' title="bbox 301 2757 1902 2837">
     <span class='ocr_line' id='line_1_30' title="bbox 301 2757 1902 2837; baseline 0.003 -25"><span class='ocrx_word' id='word_1_213' title='bbox 301 2757 576 2812; x_wconf 82' lang='grc' dir='ltr'><strong>δάκνουσά</strong></span> <span class='ocrx_word' id='word_1_214' title='bbox 624 2781 678 2813; x_wconf 88' lang='grc' dir='ltr'><strong>τε</strong></span> <span class='ocrx_word' id='word_1_215' title='bbox 717 2767 806 2813; x_wconf 87' lang='grc' dir='ltr'><strong>καὶ</strong></span> <span class='ocrx_word' id='word_1_216' title='bbox 859 2781 1363 2837; x_wconf 88' lang='grc' dir='ltr'><strong>κατατιτρωσκουσα</strong></span> <span class='ocrx_word' id='word_1_217' title='bbox 1408 2758 1744 2815; x_wconf 76' lang='grc' dir='ltr'><strong>διελεύσεται·</strong></span> <span class='ocrx_word' id='word_1_218' title='bbox 1798 2764 1902 2817; x_wconf 87' lang='grc' dir='ltr'><strong>ἀλλ’</strong></span> 
     </span>
    </p>
   </div>
   <div class='ocr_carea' id='block_1_31' title="bbox 302 2846 1904 2925">
    <p class='ocr_par' dir='ltr' id='par_1_31' title="bbox 302 2846 1904 2925">
     <span class='ocr_line' id='line_1_31' title="bbox 302 2846 1904 2925; baseline 0.002 -25"><span class='ocrx_word' id='word_1_219' title='bbox 302 2846 517 2902; x_wconf 81' lang='grc' dir='ltr'><strong>ἐπειδάν</strong></span> <span class='ocrx_word' id='word_1_220' title='bbox 573 2869 628 2902; x_wconf 85' lang='grc' dir='ltr'><strong>σε</strong></span> <span class='ocrx_word' id='word_1_221' title='bbox 676 2854 876 2912; x_wconf 84' lang='grc' dir='ltr'><strong>τούτοις</strong></span> <span class='ocrx_word' id='word_1_222' title='bbox 928 2849 1241 2925; x_wconf 80' lang='grc' dir='ltr'><strong>ἐνυϐρίσωσι</strong></span> <span class='ocrx_word' id='word_1_223' title='bbox 1274 2851 1410 2922; x_wconf 80' lang='grc'>(63),</span> <span class='ocrx_word' id='word_1_224' title='bbox 1461 2856 1576 2903; x_wconf 85' lang='grc' dir='ltr'><strong>τότε</strong></span> <span class='ocrx_word' id='word_1_225' title='bbox 1617 2852 1807 2923; x_wconf 86' lang='grc' dir='ltr'><strong>μᾶλλον</strong></span> <span class='ocrx_word' id='word_1_226' title='bbox 1851 2854 1904 2904; x_wconf 87' lang='grc' dir='ltr'><strong>ἐκ</strong></span> 
     </span>
    </p>
   </div>
   <div class='ocr_carea' id='block_1_32' title="bbox 300 2937 1904 3012">
    <p class='ocr_par' dir='ltr' id='par_1_32' title="bbox 300 2937 1904 3012">
     <span class='ocr_line' id='line_1_32' title="bbox 300 2937 1904 3012; baseline 0.002 -23"><span class='ocrx_word' id='word_1_227' title='bbox 300 2937 498 2989; x_wconf 85' lang='grc' dir='ltr'><strong>πολλῶν</strong></span> <span class='ocrx_word' id='word_1_228' title='bbox 550 2937 780 3012; x_wconf 78' lang='grc' dir='ltr'><strong>καρδιῶν</strong></span> <span class='ocrx_word' id='word_1_229' title='bbox 834 2939 1358 3011; x_wconf 86' lang='grc' dir='ltr'><strong>ἀποκαλυφθήσονται</strong></span> <span class='ocrx_word' id='word_1_230' title='bbox 1416 2945 1504 2992; x_wconf 85' lang='grc' dir='ltr'><strong>καὶ</strong></span> <span class='ocrx_word' id='word_1_231' title='bbox 1560 2937 1904 3000; x_wconf 76' lang='grc' dir='ltr'><strong>διαλυθήσον-</strong></span> 
     </span>
    </p>
   </div>
   <div class='ocr_carea' id='block_1_33' title="bbox 301 3023 1904 3104">
    <p class='ocr_par' dir='ltr' id='par_1_33' title="bbox 301 3023 1904 3104">
     <span class='ocr_line' id='line_1_33' title="bbox 301 3023 1904 3104; baseline 0.004 -27"><span class='ocrx_word' id='word_1_232' title='bbox 301 3046 392 3078; x_wconf 86' lang='grc' dir='ltr'><strong>ται</strong></span> <span class='ocrx_word' id='word_1_233' title='bbox 424 3023 784 3101; x_wconf 82' lang='grc' dir='ltr'><strong>διαλογισμοί.</strong></span> <span class='ocrx_word' id='word_1_234' title='bbox 845 3037 955 3090; x_wconf 86' lang='grc' dir='ltr'><strong>Πῶς</strong></span> <span class='ocrx_word' id='word_1_235' title='bbox 1009 3026 1100 3095; x_wconf 80' lang='grc' dir='ltr'><strong>δὴ,</strong></span> <span class='ocrx_word' id='word_1_236' title='bbox 1150 3033 1240 3080; x_wconf 82' lang='grc' dir='ltr'><strong>καὶ</strong></span> <span class='ocrx_word' id='word_1_237' title='bbox 1284 3034 1400 3080; x_wconf 88' lang='grc' dir='ltr'><strong>τίνα</strong></span> <span class='ocrx_word' id='word_1_238' title='bbox 1428 3035 1615 3101; x_wconf 85' lang='grc' dir='ltr'><strong>τρόπον</strong></span> <span class='ocrx_word' id='word_1_239' title='bbox 1651 3039 1786 3095; x_wconf 87' lang='grc' dir='ltr'><strong>;τῶν</strong></span> <span class='ocrx_word' id='word_1_240' title='bbox 1816 3033 1904 3104; x_wconf 77' lang='grc' dir='ltr'><strong>μὲν</strong></span> 
     </span>
    </p>
   </div>
   <div class='ocr_carea' id='block_1_34' title="bbox 302 3115 1905 3191">
    <p class='ocr_par' dir='ltr' id='par_1_34' title="bbox 302 3115 1905 3191">
     <span class='ocr_line' id='line_1_34' title="bbox 302 3115 1905 3191; baseline 0.002 -23"><span class='ocrx_word' id='word_1_241' title='bbox 302 3128 639 3190; x_wconf 68' lang='grc' dir='ltr'><strong>συκοφαντῶν</strong></span> <span class='ocrx_word' id='word_1_242' title='bbox 693 3119 788 3171; x_wconf 82' lang='grc' dir='ltr'><strong>ούκ</strong></span> <span class='ocrx_word' id='word_1_243' title='bbox 845 3115 1154 3171; x_wconf 76' lang='grc' dir='ltr'><strong>ἐνδιδόντων</strong></span> <span class='ocrx_word' id='word_1_244' title='bbox 1210 3127 1325 3181; x_wconf 88' lang='grc' dir='ltr'><strong>ταῖς</strong></span> <span class='ocrx_word' id='word_1_245' title='bbox 1375 3125 1762 3191; x_wconf 75' lang='grc' dir='ltr'><strong>συκοφαντίαις,</strong></span> <span class='ocrx_word' id='word_1_246' title='bbox 1808 3130 1905 3172; x_wconf 92' lang='grc' dir='ltr'><strong>τῶν</strong></span> 
     </span>
    </p>
   </div>
   <div class='ocr_carea' id='block_1_35' title="bbox 305 3203 1906 3282">
    <p class='ocr_par' dir='ltr' id='par_1_35' title="bbox 305 3203 1906 3282">
     <span class='ocr_line' id='line_1_35' title="bbox 305 3203 1906 3282; baseline 0.002 -24"><span class='ocrx_word' id='word_1_247' title='bbox 305 3203 366 3259; x_wconf 67' lang='grc' dir='ltr'><strong>δὲ</strong></span> <span class='ocrx_word' id='word_1_248' title='bbox 417 3213 905 3281; x_wconf 85' lang='grc' dir='ltr'><strong>συκοφαντουμένων</strong></span> <span class='ocrx_word' id='word_1_249' title='bbox 950 3207 1032 3260; x_wconf 79' lang='grc' dir='ltr'><strong>ἐπὶ</strong></span> <span class='ocrx_word' id='word_1_250' title='bbox 1080 3213 1172 3266; x_wconf 81' lang='grc' dir='ltr'><strong>την</strong></span> <span class='ocrx_word' id='word_1_251' title='bbox 1218 3208 1441 3261; x_wconf 85' lang='grc' dir='ltr'><strong>παλαιὰν</strong></span> <span class='ocrx_word' id='word_1_252' title='bbox 1480 3217 1570 3261; x_wconf 83' lang='grc' dir='ltr'><strong>τοῦ</strong></span> <span class='ocrx_word' id='word_1_253' title='bbox 1601 3216 1758 3282; x_wconf 87' lang='grc' dir='ltr'><strong>νόμου</strong></span> <span class='ocrx_word' id='word_1_254' title='bbox 1806 3231 1906 3262; x_wconf 83' lang='grc' dir='ltr'><strong>κα-</strong></span> 
     </span>
    </p>
   </div>
   <div class='ocr_carea' id='block_1_36' title="bbox 301 3294 1903 3372">
    <p class='ocr_par' dir='ltr' id='par_1_36' title="bbox 301 3294 1903 3372">
     <span class='ocr_line' id='line_1_36' title="bbox 301 3294 1903 3372; baseline 0.003 -25"><span class='ocrx_word' id='word_1_255' title='bbox 301 3302 658 3369; x_wconf 81' lang='grc' dir='ltr'><strong>ταφευγόντων</strong></span> <span class='ocrx_word' id='word_1_256' title='bbox 714 3294 983 3372; x_wconf 80' lang='grc' dir='ltr'><strong>διάκρισίν</strong></span> <span class='ocrx_word' id='word_1_257' title='bbox 1035 3316 1089 3350; x_wconf 81' lang='grc' dir='ltr'><strong>τε</strong></span> <span class='ocrx_word' id='word_1_258' title='bbox 1135 3303 1224 3348; x_wconf 85' lang='grc' dir='ltr'><strong>καὶ</strong></span> <span class='ocrx_word' id='word_1_259' title='bbox 1280 3303 1473 3370; x_wconf 88' lang='grc' dir='ltr'><strong>κρίσιν.</strong></span> <span class='ocrx_word' id='word_1_260' title='bbox 1524 3304 1615 3360; x_wconf 90' lang='grc' dir='ltr'><strong>Τίς</strong></span> <span class='ocrx_word' id='word_1_261' title='bbox 1669 3296 1728 3352; x_wconf 79' lang='grc' dir='ltr'><strong>δὲ</strong></span> <span class='ocrx_word' id='word_1_262' title='bbox 1773 3300 1903 3358; x_wconf 77' lang='grc' dir='ltr'><strong>αὕτη</strong></span> 
     </span>
    </p>
   </div>
   <div class='ocr_carea' id='block_1_37' title="bbox 303 3383 1908 3460">
    <p class='ocr_par' dir='ltr' id='par_1_37' title="bbox 303 3383 1908 3460">
     <span class='ocr_line' id='line_1_37' title="bbox 303 3383 1908 3460; baseline 0.002 -23"><span class='ocrx_word' id='word_1_263' title='bbox 303 3384 449 3437; x_wconf 80' lang='grc' dir='ltr'><strong>ἐστὶν</strong></span> <span class='ocrx_word' id='word_1_264' title='bbox 480 3389 510 3444; x_wconf 79' lang='grc' dir='ltr'><strong>ἤ</strong></span> <span class='ocrx_word' id='word_1_265' title='bbox 549 3387 576 3444; x_wconf 80' lang='grc' dir='ltr'>ἡ</span> <span class='ocrx_word' id='word_1_266' title='bbox 616 3383 707 3439; x_wconf 78' lang='grc' dir='ltr'><strong>διὰ</strong></span> <span class='ocrx_word' id='word_1_267' title='bbox 735 3394 827 3438; x_wconf 78' lang='grc' dir='ltr'><strong>τοῦ</strong></span> <span class='ocrx_word' id='word_1_268' title='bbox 857 3384 1050 3448; x_wconf 79' lang='grc' dir='ltr'><strong>ὕδατος</strong></span> <span class='ocrx_word' id='word_1_269' title='bbox 1093 3394 1187 3448; x_wconf 81' lang='grc' dir='ltr'><strong>τῆς</strong></span> <span class='ocrx_word' id='word_1_270' title='bbox 1232 3385 1466 3458; x_wconf 81' lang='grc' dir='ltr'><strong>ἐλέγξεως</strong></span> <span class='ocrx_word' id='word_1_271' title='bbox 1506 3393 1745 3460; x_wconf 75' lang='grc' dir='ltr'><strong>γινομένη</strong></span> <span class='ocrx_word' id='word_1_272' title='bbox 1779 3408 1790 3458; x_wconf 89' lang='grc'>;</span> <span class='ocrx_word' id='word_1_273' title='bbox 1819 3393 1908 3442; x_wconf 78' lang='grc' dir='ltr'><strong>καὶ</strong></span> 
     </span>
    </p>
   </div>
   <div class='ocr_carea' id='block_1_38' title="bbox 302 3473 1908 3550">
    <p class='ocr_par' dir='ltr' id='par_1_38' title="bbox 302 3473 1908 3550">
     <span class='ocr_line' id='line_1_38' title="bbox 302 3473 1908 3550; baseline 0.004 -25"><span class='ocrx_word' id='word_1_274' title='bbox 302 3477 406 3550; x_wconf 82' lang='grc' dir='ltr'><strong>γὰρ</strong></span> <span class='ocrx_word' id='word_1_275' title='bbox 455 3475 602 3547; x_wconf 88' lang='grc' dir='ltr'><strong>λόγος</strong></span> <span class='ocrx_word' id='word_1_276' title='bbox 649 3473 976 3549; x_wconf 77' lang='grc' dir='ltr'><strong>διεφοίτησεν</strong></span> <span class='ocrx_word' id='word_1_277' title='bbox 1025 3475 1264 3539; x_wconf 88' lang='grc' dir='ltr'><strong>παλαιός,</strong></span> <span class='ocrx_word' id='word_1_278' title='bbox 1316 3479 1384 3538; x_wconf 83' lang='grc' dir='ltr'><strong>ὡς</strong></span> <span class='ocrx_word' id='word_1_279' title='bbox 1426 3483 1908 3550; x_wconf 85' lang='grc' dir='ltr'><strong>συκοφαντουμένης</strong></span> 
     </span>
    </p>
   </div>
   <div class='ocr_carea' id='block_1_39' title="bbox 304 3561 1908 3639">
    <p class='ocr_par' dir='ltr' id='par_1_39' title="bbox 304 3561 1908 3639">
     <span class='ocr_line' id='line_1_39' title="bbox 304 3561 1908 3639; baseline 0.004 -27"><span class='ocrx_word' id='word_1_280' title='bbox 304 3570 403 3623; x_wconf 85' lang='grc' dir='ltr'><strong>τῆς</strong></span> <span class='ocrx_word' id='word_1_281' title='bbox 453 3561 786 3639; x_wconf 81' lang='grc' dir='ltr'><strong>ἀειπαρθένου</strong></span> <span class='ocrx_word' id='word_1_282' title='bbox 839 3569 1041 3638; x_wconf 83' lang='grc' dir='ltr'><strong>Μαρίας</strong></span> <span class='ocrx_word' id='word_1_283' title='bbox 1095 3567 1347 3637; x_wconf 80' lang='grc' dir='ltr'><strong>ἠνέσχετο</strong></span> <span class='ocrx_word' id='word_1_284' title='bbox 1397 3574 1692 3639; x_wconf 78' lang='grc' dir='ltr'><strong>παρασχεῖν</strong></span> <span class='ocrx_word' id='word_1_285' title='bbox 1723 3568 1908 3627; x_wconf 78' lang='grc' dir='ltr'><strong>ἑαυτὴν</strong></span> 
     </span>
    </p>
   </div>
   <div class='ocr_carea' id='block_1_40' title="bbox 304 3651 1910 3727">
    <p class='ocr_par' dir='ltr' id='par_1_40' title="bbox 304 3651 1910 3727">
     <span class='ocr_line' id='line_1_40' title="bbox 304 3651 1910 3727; baseline 0.004 -25"><span class='ocrx_word' id='word_1_286' title='bbox 304 3659 369 3722; x_wconf 74' lang='grc' dir='ltr'><strong>τῇ</strong></span> <span class='ocrx_word' id='word_1_287' title='bbox 439 3658 608 3726; x_wconf 87' lang='grc' dir='ltr'><strong>κρίσει</strong></span> <span class='ocrx_word' id='word_1_288' title='bbox 657 3663 746 3706; x_wconf 74' lang='grc' dir='ltr'><strong>τοῦ</strong></span> <span class='ocrx_word' id='word_1_289' title='bbox 808 3651 1015 3720; x_wconf 68' lang='grc' dir='ltr'><strong>ὕδατος,</strong></span> <span class='ocrx_word' id='word_1_290' title='bbox 1077 3659 1163 3706; x_wconf 80' lang='grc' dir='ltr'><strong>καὶ</strong></span> <span class='ocrx_word' id='word_1_291' title='bbox 1220 3658 1276 3706; x_wconf 86' lang='grc' dir='ltr'><strong>τό</strong></span> <span class='ocrx_word' id='word_1_292' title='bbox 1333 3657 1559 3727; x_wconf 84' lang='grc' dir='ltr'><strong>καθαρόν</strong></span> <span class='ocrx_word' id='word_1_293' title='bbox 1618 3656 1778 3718; x_wconf 76' lang='grc' dir='ltr'><strong>αὐτῆς</strong></span> <span class='ocrx_word' id='word_1_294' title='bbox 1823 3663 1910 3709; x_wconf 83' lang='grc' dir='ltr'><strong>καὶ</strong></span> 
     </span>
    </p>
   </div>
   <div class='ocr_carea' id='block_1_41' title="bbox 305 3740 1908 3817">
    <p class='ocr_par' dir='ltr' id='par_1_41' title="bbox 305 3740 1908 3817">
     <span class='ocr_line' id='line_1_41' title="bbox 305 3740 1908 3817; baseline 0.004 -26"><span class='ocrx_word' id='word_1_295' title='bbox 305 3741 528 3793; x_wconf 79' lang='grc' dir='ltr'><strong>ἄσπιλον</strong></span> <span class='ocrx_word' id='word_1_296' title='bbox 610 3743 857 3817; x_wconf 86' lang='grc' dir='ltr'><strong>λαμπρῶς</strong></span> <span class='ocrx_word' id='word_1_297' title='bbox 919 3740 1327 3816; x_wconf 76' lang='grc' dir='ltr'><strong>ἐπιδειξαμένου,</strong></span> <span class='ocrx_word' id='word_1_298' title='bbox 1383 3749 1471 3795; x_wconf 84' lang='grc' dir='ltr'><strong>καὶ</strong></span> <span class='ocrx_word' id='word_1_299' title='bbox 1537 3747 1908 3816; x_wconf 76' lang='grc' dir='ltr'><strong>ἀποφήναντος,</strong></span> 
     </span>
    </p>
   </div>
   <div class='ocr_carea' id='block_1_42' title="bbox 307 3829 1909 3909">
    <p class='ocr_par' dir='ltr' id='par_1_42' title="bbox 307 3829 1909 3909">
     <span class='ocr_line' id='line_1_42' title="bbox 307 3829 1909 3909; baseline 0.014 -30"><span class='ocrx_word' id='word_1_300' title='bbox 307 3829 542 3903; x_wconf 66' lang='grc' dir='ltr'><strong>αἰσχύνῃ</strong></span> <span class='ocrx_word' id='word_1_301' title='bbox 576 3835 664 3902; x_wconf 58' lang='grc' dir='ltr'><strong>μὲν</strong></span> <span class='ocrx_word' id='word_1_302' title='bbox 714 3829 935 3891; x_wconf 76' lang='grc' dir='ltr'><strong>δοθῆναι</strong></span> <span class='ocrx_word' id='word_1_303' title='bbox 965 3836 1084 3894; x_wconf 83' lang='grc' dir='ltr'><strong>τούς</strong></span> <span class='ocrx_word' id='word_1_304' title='bbox 1122 3835 1469 3904; x_wconf 76' lang='grc' dir='ltr'><strong>συκοφάντας·</strong></span> <span class='ocrx_word' id='word_1_305' title='bbox 1534 3839 1653 3894; x_wconf 62' lang='grc' dir='ltr'><strong>τοὺς</strong></span> <span class='ocrx_word' id='word_1_306' title='bbox 1703 3832 1761 3887; x_wconf 65' lang='grc' dir='ltr'><strong>δὲ</strong></span> <span class='ocrx_word' id='word_1_307' title='bbox 1788 3841 1909 3909; x_wconf 80' lang='grc' dir='ltr'><strong>πρὶν</strong></span> 
     </span>
    </p>
   </div>
   <div class='ocr_carea' id='block_1_43' title="bbox 308 3915 1910 3998">
    <p class='ocr_par' dir='ltr' id='par_1_43' title="bbox 308 3915 1910 3998">
     <span class='ocr_line' id='line_1_43' title="bbox 308 3915 1910 3998; baseline 0.003 -29"><span class='ocrx_word' id='word_1_308' title='bbox 308 3915 660 3982; x_wconf 78' lang='grc' dir='ltr'><strong>διστάζοντας</strong></span> <span class='ocrx_word' id='word_1_309' title='bbox 718 3925 809 3979; x_wconf 76' lang='grc' dir='ltr'><strong>τὴν</strong></span> <span class='ocrx_word' id='word_1_310' title='bbox 867 3923 1164 3995; x_wconf 82' lang='grc' dir='ltr'><strong>παρθενείαν</strong></span> <span class='ocrx_word' id='word_1_311' title='bbox 1218 3927 1302 3974; x_wconf 76' lang='grc' dir='ltr'><strong>καὶ</strong></span> <span class='ocrx_word' id='word_1_312' title='bbox 1358 3926 1443 3973; x_wconf 90' lang='grc' dir='ltr'><strong>τόν</strong></span> <span class='ocrx_word' id='word_1_313' title='bbox 1493 3924 1716 3998; x_wconf 82' lang='grc' dir='ltr'><strong>ἄφθορον</strong></span> <span class='ocrx_word' id='word_1_314' title='bbox 1764 3929 1910 3976; x_wconf 87' lang='grc' dir='ltr'><strong>τόκον</strong></span> 
     </span>
    </p>
   </div>
   <div class='ocr_carea' id='block_1_44' title="bbox 307 4005 1909 4086">
    <p class='ocr_par' dir='ltr' id='par_1_44' title="bbox 307 4005 1909 4086">
     <span class='ocr_line' id='line_1_44' title="bbox 307 4005 1909 4086; baseline 0.004 -29"><span class='ocrx_word' id='word_1_315' title='bbox 307 4005 700 4082; x_wconf 72' lang='grc' dir='ltr'><strong>ἀναντίρρητοις</strong></span> <span class='ocrx_word' id='word_1_316' title='bbox 733 4015 1045 4082; x_wconf 85' lang='grc' dir='ltr'><strong>μαρτυρίαις</strong></span> <span class='ocrx_word' id='word_1_317' title='bbox 1093 4009 1469 4082; x_wconf 67' lang='grc' dir='ltr'><strong>βεϐαιωθῆναί,</strong></span> <span class='ocrx_word' id='word_1_318' title='bbox 1501 4017 1590 4063; x_wconf 84' lang='grc' dir='ltr'><strong>καὶ</strong></span> <span class='ocrx_word' id='word_1_319' title='bbox 1636 4017 1733 4070; x_wconf 83' lang='grc' dir='ltr'><strong>τὴν</strong></span> <span class='ocrx_word' id='word_1_320' title='bbox 1766 4020 1909 4086; x_wconf 87' lang='grc' dir='ltr'><strong>Παρ-</strong></span> 
     </span>
    </p>
   </div>
   <div class='ocr_carea' id='block_1_45' title="bbox 310 4096 1913 4172">
    <p class='ocr_par' dir='ltr' id='par_1_45' title="bbox 310 4096 1913 4172">
     <span class='ocr_line' id='line_1_45' title="bbox 310 4096 1913 4172; baseline 0.002 -24"><span class='ocrx_word' id='word_1_321' title='bbox 310 4098 450 4148; x_wconf 85' lang='grc' dir='ltr'><strong>θένον</strong></span> <span class='ocrx_word' id='word_1_322' title='bbox 499 4096 859 4169; x_wconf 82' lang='grc' dir='ltr'><strong>ἀπαλλαγῆναι</strong></span> <span class='ocrx_word' id='word_1_323' title='bbox 915 4107 1006 4161; x_wconf 81' lang='grc' dir='ltr'><strong>τῆς</strong></span> <span class='ocrx_word' id='word_1_324' title='bbox 1061 4099 1145 4152; x_wconf 82' lang='grc' dir='ltr'><strong>ἐπὶ</strong></span> <span class='ocrx_word' id='word_1_325' title='bbox 1200 4107 1259 4172; x_wconf 80' lang='grc' dir='ltr'><strong>τῇ</strong></span> <span class='ocrx_word' id='word_1_326' title='bbox 1305 4106 1632 4172; x_wconf 81' lang='grc' dir='ltr'><strong>συκοφαντίᾳ</strong></span> <span class='ocrx_word' id='word_1_327' title='bbox 1679 4105 1768 4152; x_wconf 88' lang='grc' dir='ltr'><strong>καὶ</strong></span> <span class='ocrx_word' id='word_1_328' title='bbox 1797 4109 1913 4161; x_wconf 87' lang='grc' dir='ltr'><strong>ταῖς</strong></span> 
     </span>
    </p>
   </div>
   <div class='ocr_carea' id='block_1_46' title="bbox 308 4182 1912 4262">
    <p class='ocr_par' dir='ltr' id='par_1_46' title="bbox 308 4182 1912 4262">
     <span class='ocr_line' id='line_1_46' title="bbox 308 4182 1912 4262; baseline 0.002 -24"><span class='ocrx_word' id='word_1_329' title='bbox 308 4182 578 4248; x_wconf 71' lang='grc' dir='ltr'><strong>διαϐολαῖς</strong></span> <span class='ocrx_word' id='word_1_330' title='bbox 629 4183 929 4260; x_wconf 81' lang='grc' dir='ltr'><strong>δυσθυμίας</strong></span> <span class='ocrx_word' id='word_1_331' title='bbox 968 4188 1084 4259; x_wconf 74' lang='grc'>(64)</span> <span class='ocrx_word' id='word_1_332' title='bbox 1127 4208 1182 4240; x_wconf 82' lang='grc' dir='ltr'><strong>τε</strong></span> <span class='ocrx_word' id='word_1_333' title='bbox 1210 4193 1298 4240; x_wconf 86' lang='grc' dir='ltr'><strong>καὶ</strong></span> <span class='ocrx_word' id='word_1_334' title='bbox 1344 4189 1525 4249; x_wconf 87' lang='grc' dir='ltr'><strong>λύπης·</strong></span> <span class='ocrx_word' id='word_1_335' title='bbox 1565 4193 1623 4242; x_wconf 85' lang='grc' dir='ltr'><strong>τό</strong></span> <span class='ocrx_word' id='word_1_336' title='bbox 1679 4194 1912 4262; x_wconf 79' lang='grc' dir='ltr'><strong>μέντοιγε</strong></span> 
     </span>
    </p>
   </div>
   <div class='ocr_carea' id='block_1_47' title="bbox 309 4274 1909 4353">
    <p class='ocr_par' dir='ltr' id='par_1_47' title="bbox 309 4274 1909 4353">
     <span class='ocr_line' id='line_1_47' title="bbox 309 4274 1909 4353; baseline 0.003 -27"><span class='ocrx_word' id='word_1_337' title='bbox 309 4283 402 4335; x_wconf 83' lang='grc' dir='ltr'><strong>τῆς</strong></span> <span class='ocrx_word' id='word_1_338' title='bbox 458 4274 692 4347; x_wconf 83' lang='grc' dir='ltr'><strong>ἐλέγξεως</strong></span> <span class='ocrx_word' id='word_1_339' title='bbox 747 4274 889 4352; x_wconf 71' lang='grc' dir='ltr'><strong>ὕδωρ</strong></span> <span class='ocrx_word' id='word_1_340' title='bbox 953 4279 1159 4350; x_wconf 80' lang='grc' dir='ltr'><strong>ἱστορία</strong></span> <span class='ocrx_word' id='word_1_341' title='bbox 1208 4279 1593 4353; x_wconf 81' lang='grc' dir='ltr'><strong>παρειλήφαμεν</strong></span> <span class='ocrx_word' id='word_1_342' title='bbox 1668 4283 1784 4352; x_wconf 82' lang='grc' dir='ltr'><strong>περὶ</strong></span> <span class='ocrx_word' id='word_1_343' title='bbox 1852 4281 1909 4330; x_wconf 86' lang='grc' dir='ltr'><strong>τό</strong></span> 
     </span>
    </p>
   </div>
   <div class='ocr_carea' id='block_1_48' title="bbox 309 4362 1911 4441">
    <p class='ocr_par' dir='ltr' id='par_1_48' title="bbox 309 4362 1911 4441">
     <span class='ocr_line' id='line_1_48' title="bbox 309 4362 1911 4441; baseline 0.002 -25"><span class='ocrx_word' id='word_1_344' title='bbox 309 4362 475 4434; x_wconf 80' lang='grc' dir='ltr'><strong>Γαϐἠ,</strong></span> <span class='ocrx_word' id='word_1_345' title='bbox 527 4365 944 4418; x_wconf 87' lang='grc' dir='ltr'><strong>Παλαιστιναίων</strong></span> <span class='ocrx_word' id='word_1_346' title='bbox 995 4363 1053 4419; x_wconf 72' lang='grc' dir='ltr'><strong>δὲ</strong></span> <span class='ocrx_word' id='word_1_347' title='bbox 1091 4370 1149 4418; x_wconf 86' lang='grc' dir='ltr'><strong>τό</strong></span> <span class='ocrx_word' id='word_1_348' title='bbox 1181 4372 1316 4441; x_wconf 78' lang='grc' dir='ltr'><strong>όρος,</strong></span> <span class='ocrx_word' id='word_1_349' title='bbox 1363 4371 1452 4429; x_wconf 83' lang='grc' dir='ltr'><strong>τὰς</strong></span> <span class='ocrx_word' id='word_1_350' title='bbox 1498 4371 1674 4439; x_wconf 80' lang='grc' dir='ltr'><strong>πηγὰς</strong></span> <span class='ocrx_word' id='word_1_351' title='bbox 1723 4365 1911 4421; x_wconf 80' lang='grc' dir='ltr'><strong>ἀναδι-</strong></span> 
     </span>
    </p>
   </div>
   <div class='ocr_carea' id='block_1_49' title="bbox 310 4450 1990 4563">
    <p class='ocr_par' dir='ltr' id='par_1_49' title="bbox 310 4450 1990 4563">
     <span class='ocr_line' id='line_1_49' title="bbox 310 4450 1990 4563; baseline 0.003 -57"><span class='ocrx_word' id='word_1_352' title='bbox 310 4450 482 4518; x_wconf 78' lang='grc' dir='ltr'><strong>δόναι,</strong></span> <span class='ocrx_word' id='word_1_353' title='bbox 517 4456 542 4506; x_wconf 86' lang='grc' dir='ltr'><strong><em>ὃ</em></strong></span> <span class='ocrx_word' id='word_1_354' title='bbox 573 4461 840 4529; x_wconf 75' lang='grc' dir='ltr'><strong>κριτήριον</strong></span> <span class='ocrx_word' id='word_1_355' title='bbox 866 4457 1003 4508; x_wconf 79' lang='grc' dir='ltr'><strong>καὶὸ</strong></span> <span class='ocrx_word' id='word_1_356' title='bbox 1044 4456 1262 4518; x_wconf 87' lang='grc' dir='ltr'><strong>παλαιός</strong></span> <span class='ocrx_word' id='word_1_357' title='bbox 1290 4459 1569 4510; x_wconf 83' lang='grc' dir='ltr'><strong>ἐπίσταται</strong></span> <span class='ocrx_word' id='word_1_358' title='bbox 1593 4464 1749 4532; x_wconf 87' lang='grc' dir='ltr'><strong>νόμος</strong></span> <span class='ocrx_word' id='word_1_359' title='bbox 1779 4462 1909 4533; x_wconf 73' lang='grc'>(65),</span> <span class='ocrx_word' id='word_1_360' title='bbox 1945 4508 1990 4563; x_wconf 82' lang='lat' dir='ltr'>D</span> 
     </span>
     <span class='ocr_line' id='line_1_50' title="bbox 327 4543 1854 4563; baseline 0.002 -3"><span class='ocrx_word' id='word_1_361' title='bbox 327 4562 332 4563; x_wconf 28' lang='grc' dir='ltr'><em>γ</em></span> <span class='ocrx_word' id='word_1_362' title='bbox 355 4552 377 4559; x_wconf 76' lang='grc' dir='ltr'><strong>-ι</strong></span> <span class='ocrx_word' id='word_1_363' title='bbox 591 4549 598 4561; x_wconf 78' lang='grc' dir='ltr'><strong>ι</strong></span> <span class='ocrx_word' id='word_1_364' title='bbox 901 4548 910 4560; x_wconf 73' lang='grc' dir='ltr'><em>υ</em></span> <span class='ocrx_word' id='word_1_365' title='bbox 1094 4545 1104 4560; x_wconf 65' lang='lat'><strong>3</strong></span> <span class='ocrx_word' id='word_1_366' title='bbox 1167 4543 1188 4563; x_wconf 54' lang='grc' dir='ltr'><strong>ἢ</strong></span> <span class='ocrx_word' id='word_1_367' title='bbox 1291 4549 1314 4563; x_wconf 77' lang='grc' dir='ltr'><strong>Λ</strong></span> <span class='ocrx_word' id='word_1_368' title='bbox 1483 4553 1492 4563; x_wconf 72' lang='grc' dir='ltr'><strong>ρ</strong></span> <span class='ocrx_word' id='word_1_369' title='bbox 1834 4559 1854 4563; x_wconf 40' lang='grc' dir='ltr'><strong>,Α</strong></span> 
     </span>
    </p>
   </div>
   <div class='ocr_carea' id='block_1_50' title="bbox 311 4543 1908 4620">
    <p class='ocr_par' dir='ltr' id='par_1_50' title="bbox 311 4543 1908 4620">
     <span class='ocr_line' id='line_1_51' title="bbox 311 4543 1908 4620; baseline 0.004 -25"><span class='ocrx_word' id='word_1_370' title='bbox 311 4552 412 4595; x_wconf 91' lang='grc' dir='ltr'><strong>τῶν</strong></span> <span class='ocrx_word' id='word_1_371' title='bbox 457 4563 510 4596; x_wconf 86' lang='grc' dir='ltr'><strong>τε</strong></span> <span class='ocrx_word' id='word_1_372' title='bbox 548 4549 638 4602; x_wconf 68' lang='grc' dir='ltr'><strong>τὴν</strong></span> <span class='ocrx_word' id='word_1_373' title='bbox 672 4548 1010 4619; x_wconf 83' lang='grc' dir='ltr'><strong>σωφροσύνην</strong></span> <span class='ocrx_word' id='word_1_374' title='bbox 1051 4545 1107 4597; x_wconf 65' lang='grc' dir='ltr'><strong>οὔ</strong></span> <span class='ocrx_word' id='word_1_375' title='bbox 1154 4543 1588 4619; x_wconf 79' lang='grc' dir='ltr'><strong>διαφθειρομένων</strong></span> <span class='ocrx_word' id='word_1_376' title='bbox 1631 4559 1908 4620; x_wconf 87' lang='grc' dir='ltr'><strong>γυναικῶν,</strong></span> 
     </span>
    </p>
   </div>
   <div class='ocr_carea' id='block_1_51' title="bbox 308 4633 1908 4711">
    <p class='ocr_par' dir='ltr' id='par_1_51' title="bbox 308 4633 1908 4711">
     <span class='ocr_line' id='line_1_52' title="bbox 308 4633 1908 4711; baseline 0.006 -27"><span class='ocrx_word' id='word_1_377' title='bbox 308 4639 398 4685; x_wconf 82' lang='grc' dir='ltr'><strong>καὶ</strong></span> <span class='ocrx_word' id='word_1_378' title='bbox 443 4641 542 4685; x_wconf 87' lang='grc' dir='ltr'><strong>τῶν</strong></span> <span class='ocrx_word' id='word_1_379' title='bbox 575 4633 860 4706; x_wconf 80' lang='grc' dir='ltr'><strong>ἀλλοτρίαις</strong></span> <span class='ocrx_word' id='word_1_380' title='bbox 909 4635 1138 4706; x_wconf 82' lang='grc' dir='ltr'><strong>ὁμιλίαις</strong></span> <span class='ocrx_word' id='word_1_381' title='bbox 1181 4642 1274 4694; x_wconf 80' lang='grc' dir='ltr'><strong>τὴν</strong></span> <span class='ocrx_word' id='word_1_382' title='bbox 1321 4633 1484 4694; x_wconf 81' lang='grc' dir='ltr'><strong>νηδύν</strong></span> <span class='ocrx_word' id='word_1_383' title='bbox 1524 4637 1908 4711; x_wconf 78' lang='grc' dir='ltr'><strong>ἐνυϐριζόντων.</strong></span> 
     </span>
    </p>
   </div>
   <div class='ocr_carea' id='block_1_52' title="bbox 314 4722 1916 4797">
    <p class='ocr_par' dir='ltr' id='par_1_52' title="bbox 314 4722 1916 4797">
     <span class='ocr_line' id='line_1_53' title="bbox 314 4722 1916 4797; baseline 0.004 -23"><span class='ocrx_word' id='word_1_384' title='bbox 314 4722 470 4774; x_wconf 83' lang='grc' dir='ltr'><strong>Ἀλλά</strong></span> <span class='ocrx_word' id='word_1_385' title='bbox 517 4731 668 4775; x_wconf 81' lang='grc' dir='ltr'><strong>τοῦτο</strong></span> <span class='ocrx_word' id='word_1_386' title='bbox 721 4728 809 4796; x_wconf 71' lang='grc' dir='ltr'><strong>μὲν</strong></span> <span class='ocrx_word' id='word_1_387' title='bbox 859 4727 988 4784; x_wconf 78' lang='grc' dir='ltr'><strong>ἴσως</strong></span> <span class='ocrx_word' id='word_1_388' title='bbox 1042 4723 1336 4797; x_wconf 81' lang='grc' dir='ltr'><strong>ἀφαιρεῖται</strong></span> <span class='ocrx_word' id='word_1_389' title='bbox 1383 4731 1475 4784; x_wconf 85' lang='grc' dir='ltr'><strong>τὴν</strong></span> <span class='ocrx_word' id='word_1_390' title='bbox 1517 4732 1712 4792; x_wconf 85' lang='grc' dir='ltr'><strong>πίστιν,</strong></span> <span class='ocrx_word' id='word_1_391' title='bbox 1745 4731 1825 4780; x_wconf 86' lang='grc' dir='ltr'><strong>ὅτι</strong></span> <span class='ocrx_word' id='word_1_392' title='bbox 1863 4749 1916 4782; x_wconf 85' lang='grc' dir='ltr'><strong>τε</strong></span> 
     </span>
    </p>
   </div>
   <div class='ocr_carea' id='block_1_53' title="bbox 312 4811 1914 4890">
    <p class='ocr_par' dir='ltr' id='par_1_53' title="bbox 312 4811 1914 4890">
     <span class='ocr_line' id='line_1_54' title="bbox 312 4811 1914 4890; baseline 0.003 -26"><span class='ocrx_word' id='word_1_393' title='bbox 312 4811 575 4887; x_wconf 85' lang='grc' dir='ltr'><strong>προελθεῖν</strong></span> <span class='ocrx_word' id='word_1_394' title='bbox 608 4813 688 4864; x_wconf 74' lang='grc' dir='ltr'><strong>ἐπὶ</strong></span> <span class='ocrx_word' id='word_1_395' title='bbox 725 4821 786 4884; x_wconf 75' lang='grc' dir='ltr'><strong>τῇ</strong></span> <span class='ocrx_word' id='word_1_396' title='bbox 837 4814 1073 4888; x_wconf 80' lang='grc' dir='ltr'><strong>παρθένῳ</strong></span> <span class='ocrx_word' id='word_1_397' title='bbox 1123 4819 1180 4866; x_wconf 88' lang='grc' dir='ltr'><strong>τό</strong></span> <span class='ocrx_word' id='word_1_398' title='bbox 1227 4823 1316 4875; x_wconf 74' lang='grc' dir='ltr'><strong>τῆς</strong></span> <span class='ocrx_word' id='word_1_399' title='bbox 1349 4814 1579 4887; x_wconf 74' lang='grc' dir='ltr'><strong>ἐλέγξεως</strong></span> <span class='ocrx_word' id='word_1_400' title='bbox 1612 4813 1754 4890; x_wconf 74' lang='grc' dir='ltr'><strong>ὕδωρ</strong></span> <span class='ocrx_word' id='word_1_401' title='bbox 1800 4817 1914 4870; x_wconf 82' lang='grc' dir='ltr'><strong>ἀνα-</strong></span> 
     </span>
    </p>
   </div>
   <div class='ocr_carea' id='block_1_54' title="bbox 309 4901 1918 4977">
    <p class='ocr_par' dir='ltr' id='par_1_54' title="bbox 309 4901 1918 4977">
     <span class='ocr_line' id='line_1_55' title="bbox 309 4901 1918 4977; baseline 0.001 -19"><span class='ocrx_word' id='word_1_402' title='bbox 309 4906 626 4974; x_wconf 74' lang='grc' dir='ltr'><strong>γέγραπται,</strong></span> <span class='ocrx_word' id='word_1_403' title='bbox 687 4903 828 4955; x_wconf 75' lang='grc' dir='ltr'><strong>οὔπω</strong></span> <span class='ocrx_word' id='word_1_404' title='bbox 875 4911 967 4955; x_wconf 79' lang='grc' dir='ltr'><strong>τοῦ</strong></span> <span class='ocrx_word' id='word_1_405' title='bbox 1022 4901 1242 4976; x_wconf 85' lang='grc' dir='ltr'><strong>βρέφους</strong></span> <span class='ocrx_word' id='word_1_406' title='bbox 1297 4910 1554 4977; x_wconf 76' lang='grc' dir='ltr'><strong>φανέντος,</strong></span> <span class='ocrx_word' id='word_1_407' title='bbox 1611 4909 1766 4964; x_wconf 83' lang='grc' dir='ltr'><strong>ἡνίκα</strong></span> <span class='ocrx_word' id='word_1_408' title='bbox 1827 4911 1918 4960; x_wconf 78' lang='grc' dir='ltr'><strong>καὶ</strong></span> 
     </span>
    </p>
   </div>
   <div class='ocr_carea' id='block_1_55' title="bbox 313 4991 1912 5070">
    <p class='ocr_par' dir='ltr' id='par_1_55' title="bbox 313 4991 1912 5070">
     <span class='ocr_line' id='line_1_56' title="bbox 313 4991 1912 5070; baseline 0.004 -26"><span class='ocrx_word' id='word_1_409' title='bbox 313 4992 338 5044; x_wconf 88' lang='grc' dir='ltr'><strong>ό</strong></span> <span class='ocrx_word' id='word_1_410' title='bbox 378 4994 561 5065; x_wconf 82' lang='grc' dir='ltr'><strong>καιρός</strong></span> <span class='ocrx_word' id='word_1_411' title='bbox 603 4996 694 5051; x_wconf 81' lang='grc' dir='ltr'><strong>τὴν</strong></span> <span class='ocrx_word' id='word_1_412' title='bbox 745 4991 1049 5066; x_wconf 79' lang='grc' dir='ltr'><strong>ἀμφιϐολίον</strong></span> <span class='ocrx_word' id='word_1_413' title='bbox 1098 4992 1305 5066; x_wconf 71' lang='grc' dir='ltr'><strong>εὔλογον</strong></span> <span class='ocrx_word' id='word_1_414' title='bbox 1334 4995 1445 5060; x_wconf 87' lang='grc'>(66)</span> <span class='ocrx_word' id='word_1_415' title='bbox 1475 5003 1718 5070; x_wconf 84' lang='grc' dir='ltr'><strong>παρεῖχε,</strong></span> <span class='ocrx_word' id='word_1_416' title='bbox 1760 5003 1850 5050; x_wconf 83' lang='grc' dir='ltr'><strong>καὶ</strong></span> <span class='ocrx_word' id='word_1_417' title='bbox 1883 5002 1912 5056; x_wconf 74' lang='grc' dir='ltr'>ἡ</span> 
     </span>
    </p>
   </div>
   <div class='ocr_carea' id='block_1_56' title="bbox 2008 531 3659 613">
    <p class='ocr_par' dir='ltr' id='par_1_56' title="bbox 2008 531 3659 613">
     <span class='ocr_line' id='line_1_57' title="bbox 2008 531 3659 613; baseline 0.005 -25"><span class='ocrx_word' id='word_1_418' title='bbox 2008 531 2124 588; x_wconf 88' lang='lat' dir='ltr'><strong>alia</strong></span> <span class='ocrx_word' id='word_1_419' title='bbox 2151 533 2311 588; x_wconf 92' lang='lat' dir='ltr'><strong>circa</strong></span> <span class='ocrx_word' id='word_1_420' title='bbox 2332 534 2730 589; x_wconf 71' lang='lat' dir='ltr'><strong>oeconomiam</strong></span> <span class='ocrx_word' id='word_1_421' title='bbox 2747 533 3072 591; x_wconf 81' lang='lat' dir='ltr'><strong>salutarem</strong></span> <span class='ocrx_word' id='word_1_422' title='bbox 3091 537 3402 606; x_wconf 89' lang='lat' dir='ltr'><strong>miracula,</strong></span> <span class='ocrx_word' id='word_1_423' title='bbox 3439 541 3659 613; x_wconf 83' lang='lat' dir='ltr'><strong>quibus</strong></span> 
     </span>
    </p>
   </div>
   <div class='ocr_carea' id='block_1_57' title="bbox 2009 621 3660 701">
    <p class='ocr_par' dir='ltr' id='par_1_57' title="bbox 2009 621 3660 701">
     <span class='ocr_line' id='line_1_58' title="bbox 2009 621 3660 701; baseline 0.007 -27"><span class='ocrx_word' id='word_1_424' title='bbox 2009 621 2332 676; x_wconf 76' lang='lat' dir='ltr'><strong>contradici</strong></span> <span class='ocrx_word' id='word_1_425' title='bbox 2371 622 2576 693; x_wconf 88' lang='lat' dir='ltr'><strong>possit.</strong></span> <span class='ocrx_word' id='word_1_426' title='bbox 2610 623 2743 677; x_wconf 85' lang='lat' dir='ltr'><strong>Tale</strong></span> <span class='ocrx_word' id='word_1_427' title='bbox 2783 627 2891 694; x_wconf 89' lang='lat' dir='ltr'><strong>est,</strong></span> <span class='ocrx_word' id='word_1_428' title='bbox 2935 625 3097 696; x_wconf 91' lang='lat' dir='ltr'><strong>quod</strong></span> <span class='ocrx_word' id='word_1_429' title='bbox 3137 635 3512 695; x_wconf 76' lang='lat' dir='ltr'><strong>resurgentes</strong></span> <span class='ocrx_word' id='word_1_430' title='bbox 3553 645 3660 701; x_wconf 90' lang='lat' dir='ltr'><strong>pro</strong></span> 
     </span>
    </p>
   </div>
   <div class='ocr_carea' id='block_1_58' title="bbox 2008 709 3660 781">
    <p class='ocr_par' dir='ltr' id='par_1_58' title="bbox 2008 709 3660 781">
     <span class='ocr_line' id='line_1_59' title="bbox 2008 709 3660 781; baseline 0.006 -18"><span class='ocrx_word' id='word_1_431' title='bbox 2008 709 2274 764; x_wconf 85' lang='lat' dir='ltr'><strong>doctrina</strong></span> <span class='ocrx_word' id='word_1_432' title='bbox 2313 711 2750 781; x_wconf 88' lang='lat' dir='ltr'><strong>supernaturali</strong></span> <span class='ocrx_word' id='word_1_433' title='bbox 2788 711 3032 776; x_wconf 87' lang='lat' dir='ltr'><strong>habent,</strong></span> <span class='ocrx_word' id='word_1_434' title='bbox 3065 719 3275 769; x_wconf 86' lang='lat' dir='ltr'><strong>natum</strong></span> <span class='ocrx_word' id='word_1_435' title='bbox 3317 716 3481 772; x_wconf 90' lang='lat' dir='ltr'><strong>illum</strong></span> <span class='ocrx_word' id='word_1_436' title='bbox 3522 735 3660 774; x_wconf 87' lang='lat' dir='ltr'><strong>vere</strong></span> 
     </span>
    </p>
   </div>
   <div class='ocr_carea' id='block_1_59' title="bbox 2013 799 3662 878">
    <p class='ocr_par' dir='ltr' id='par_1_59' title="bbox 2013 799 3662 878">
     <span class='ocr_line' id='line_1_60' title="bbox 2013 799 3662 878; baseline 0.007 -27"><span class='ocrx_word' id='word_1_437' title='bbox 2013 801 2196 852; x_wconf 90' lang='lat' dir='ltr'><strong>Deum</strong></span> <span class='ocrx_word' id='word_1_438' title='bbox 2219 805 2273 853; x_wconf 90' lang='lat' dir='ltr'><strong>et</strong></span> <span class='ocrx_word' id='word_1_439' title='bbox 2311 799 2617 855; x_wconf 78' lang='lat' dir='ltr'><strong>hominem</strong></span> <span class='ocrx_word' id='word_1_440' title='bbox 2645 816 2772 855; x_wconf 89' lang='lat' dir='ltr'><strong>esse</strong></span> <span class='ocrx_word' id='word_1_441' title='bbox 2803 818 2814 866; x_wconf 89' lang='lat'><strong>;</strong></span> <span class='ocrx_word' id='word_1_442' title='bbox 2850 808 3055 858; x_wconf 90' lang='lat' dir='ltr'><strong>contra</strong></span> <span class='ocrx_word' id='word_1_443' title='bbox 3112 819 3249 860; x_wconf 89' lang='lat' dir='ltr'><strong>vero</strong></span> <span class='ocrx_word' id='word_1_444' title='bbox 3289 804 3392 869; x_wconf 86' lang='lat' dir='ltr'><strong>illi,</strong></span> <span class='ocrx_word' id='word_1_445' title='bbox 3424 807 3521 878; x_wconf 87' lang='lat' dir='ltr'><strong>qui</strong></span> <span class='ocrx_word' id='word_1_446' title='bbox 3552 807 3662 862; x_wconf 92' lang='lat' dir='ltr'><strong>hu—</strong></span> 
     </span>
    </p>
   </div>
   <div class='ocr_carea' id='block_1_60' title="bbox 2011 889 3662 968">
    <p class='ocr_par' dir='ltr' id='par_1_60' title="bbox 2011 889 3662 968">
     <span class='ocr_line' id='line_1_61' title="bbox 2011 889 3662 968; baseline 0.007 -27"><span class='ocrx_word' id='word_1_447' title='bbox 2011 901 2256 942; x_wconf 89' lang='lat' dir='ltr'><strong>manam</strong></span> <span class='ocrx_word' id='word_1_448' title='bbox 2298 893 2527 944; x_wconf 90' lang='lat' dir='ltr'><strong>tantum</strong></span> <span class='ocrx_word' id='word_1_449' title='bbox 2581 889 2988 946; x_wconf 85' lang='lat' dir='ltr'><strong>inﬁrmitatem</strong></span> <span class='ocrx_word' id='word_1_450' title='bbox 3013 893 3350 963; x_wconf 86' lang='lat' dir='ltr'><strong>respiciunt,</strong></span> <span class='ocrx_word' id='word_1_451' title='bbox 3401 901 3455 951; x_wconf 91' lang='lat' dir='ltr'><strong>et</strong></span> <span class='ocrx_word' id='word_1_452' title='bbox 3479 912 3662 968; x_wconf 88' lang='lat' dir='ltr'><strong>supra</strong></span> 
     </span>
    </p>
   </div>
   <div class='ocr_carea' id='block_1_61' title="bbox 2008 976 3696 1049">
    <p class='ocr_par' dir='ltr' id='par_1_61' title="bbox 2008 976 3696 1049">
     <span class='ocr_line' id='line_1_62' title="bbox 2008 976 3696 1049; baseline 0.007 -19"><span class='ocrx_word' id='word_1_453' title='bbox 2008 992 2140 1031; x_wconf 89' lang='lat' dir='ltr'><strong>eam</strong></span> <span class='ocrx_word' id='word_1_454' title='bbox 2179 976 2348 1032; x_wconf 86' lang='lat' dir='ltr'><strong>evehi</strong></span> <span class='ocrx_word' id='word_1_455' title='bbox 2389 993 2636 1049; x_wconf 85' lang='lat' dir='ltr'><strong>prorsus</strong></span> <span class='ocrx_word' id='word_1_456' title='bbox 2679 978 3213 1047; x_wconf 88' lang='lat' dir='ltr'><strong>nolunt,eumdum</strong></span> <span class='ocrx_word' id='word_1_457' title='bbox 3230 983 3418 1040; x_wconf 92' lang='lat' dir='ltr'><strong>Deum</strong></span> <span class='ocrx_word' id='word_1_458' title='bbox 3458 990 3513 1041; x_wconf 91' lang='lat' dir='ltr'><strong>et</strong></span> <span class='ocrx_word' id='word_1_459' title='bbox 3551 986 3658 1042; x_wconf 94' lang='lat' dir='ltr'><strong>ho-</strong></span> <span class='ocrx_word' id='word_1_460' title='bbox 3694 979 3696 984; x_wconf 73' lang='grc'><em>’</em></span> 
     </span>
    </p>
   </div>
   <div class='ocr_carea' id='block_1_62' title="bbox 2013 1065 2802 1123">
    <p class='ocr_par' dir='ltr' id='par_1_62' title="bbox 2013 1065 2802 1123">
     <span class='ocr_line' id='line_1_63' title="bbox 2013 1065 2802 1123; baseline 0 -3"><span class='ocrx_word' id='word_1_461' title='bbox 2013 1065 2232 1120; x_wconf 90' lang='lat' dir='ltr'><strong>minem</strong></span> <span class='ocrx_word' id='word_1_462' title='bbox 2271 1081 2399 1121; x_wconf 89' lang='lat' dir='ltr'><strong>esse</strong></span> <span class='ocrx_word' id='word_1_463' title='bbox 2439 1065 2802 1123; x_wconf 83' lang='lat' dir='ltr'><strong>inﬁciantur.</strong></span> 
     </span>
    </p>
   </div>
   <div class='ocr_carea' id='block_1_63' title="bbox 2081 1155 3662 1227">
    <p class='ocr_par' dir='ltr' id='par_1_63' title="bbox 2081 1155 3662 1227">
     <span class='ocr_line' id='line_1_64' title="bbox 2081 1155 3662 1227; baseline 0.007 -18"><span class='ocrx_word' id='word_1_464' title='bbox 2081 1157 2292 1210; x_wconf 63' lang='lat' dir='ltr'><strong>Praeter</strong></span> <span class='ocrx_word' id='word_1_465' title='bbox 2321 1155 2448 1210; x_wconf 66' lang='lat' dir='ltr'><strong>haec</strong></span> <span class='ocrx_word' id='word_1_466' title='bbox 2479 1171 2615 1212; x_wconf 91' lang='lat' dir='ltr'><strong>vero</strong></span> <span class='ocrx_word' id='word_1_467' title='bbox 2636 1162 2688 1211; x_wconf 89' lang='lat' dir='ltr'><strong>et</strong></span> <span class='ocrx_word' id='word_1_468' title='bbox 2716 1157 2831 1213; x_wconf 88' lang='lat' dir='ltr'><strong>alia</strong></span> <span class='ocrx_word' id='word_1_469' title='bbox 2859 1157 3358 1227; x_wconf 81' lang='lat' dir='ltr'><strong>pluraineﬂ‘abilis</strong></span> <span class='ocrx_word' id='word_1_470' title='bbox 3391 1161 3662 1220; x_wconf 88' lang='lat' dir='ltr'><strong>Servato-</strong></span> 
     </span>
    </p>
   </div>
   <div class='ocr_carea' id='block_1_64' title="bbox 2011 1243 3658 1316">
    <p class='ocr_par' dir='ltr' id='par_1_64' title="bbox 2011 1243 3658 1316">
     <span class='ocr_line' id='line_1_65' title="bbox 2011 1243 3658 1316; baseline 0.007 -18"><span class='ocrx_word' id='word_1_471' title='bbox 2011 1243 2091 1298; x_wconf 90' lang='lat' dir='ltr'><strong>ris</strong></span> <span class='ocrx_word' id='word_1_472' title='bbox 2138 1247 2426 1300; x_wconf 78' lang='lat' dir='ltr'><strong>adventus</strong></span> <span class='ocrx_word' id='word_1_473' title='bbox 2466 1247 2638 1316; x_wconf 88' lang='lat' dir='ltr'><strong>signa</strong></span> <span class='ocrx_word' id='word_1_474' title='bbox 2675 1247 3130 1303; x_wconf 87' lang='lat' dir='ltr'><strong>contradictioni</strong></span> <span class='ocrx_word' id='word_1_475' title='bbox 3169 1249 3430 1306; x_wconf 86' lang='lat' dir='ltr'><strong>obnoxia</strong></span> <span class='ocrx_word' id='word_1_476' title='bbox 3469 1258 3658 1309; x_wconf 90' lang='lat' dir='ltr'><strong>erant.</strong></span> 
     </span>
    </p>
   </div>
   <div class='ocr_carea' id='block_1_65' title="bbox 2012 1334 3658 1411">
    <p class='ocr_par' dir='ltr' id='par_1_65' title="bbox 2012 1334 3658 1411">
     <span class='ocr_line' id='line_1_66' title="bbox 2012 1334 3658 1411; baseline 0.005 -23"><span class='ocrx_word' id='word_1_477' title='bbox 2012 1334 2261 1389; x_wconf 85' lang='lat' dir='ltr'><strong>Sanctus</strong></span> <span class='ocrx_word' id='word_1_478' title='bbox 2291 1348 2428 1389; x_wconf 90' lang='lat' dir='ltr'><strong>vero</strong></span> <span class='ocrx_word' id='word_1_479' title='bbox 2449 1334 2907 1401; x_wconf 81' lang='lat' dir='ltr'><strong>Svmeon,dicta</strong></span> <span class='ocrx_word' id='word_1_480' title='bbox 2930 1335 3059 1391; x_wconf 83' lang='lat' dir='ltr'><strong>haec</strong></span> <span class='ocrx_word' id='word_1_481' title='bbox 3087 1337 3304 1407; x_wconf 84' lang='lat' dir='ltr'><strong>Virgini</strong></span> <span class='ocrx_word' id='word_1_482' title='bbox 3326 1355 3658 1411; x_wconf 87' lang='lat' dir='ltr'><strong>exponens,</strong></span> 
     </span>
    </p>
   </div>
   <div class='ocr_carea' id='block_1_66' title="bbox 2011 1420 3662 1494">
    <p class='ocr_par' dir='ltr' id='par_1_66' title="bbox 2011 1420 3662 1494">
     <span class='ocr_line' id='line_1_67' title="bbox 2011 1420 3662 1494; baseline 0.005 -18"><span class='ocrx_word' id='word_1_483' title='bbox 2011 1420 2221 1476; x_wconf 87' lang='lat' dir='ltr'><strong>ultimo</strong></span> <span class='ocrx_word' id='word_1_484' title='bbox 2261 1421 2393 1477; x_wconf 91' lang='lat' dir='ltr'><strong>loco</strong></span> <span class='ocrx_word' id='word_1_485' title='bbox 2431 1423 2620 1494; x_wconf 88' lang='lat' dir='ltr'><strong>ipsius</strong></span> <span class='ocrx_word' id='word_1_486' title='bbox 2662 1423 2912 1493; x_wconf 85' lang='lat' dir='ltr'><strong>Virginis</strong></span> <span class='ocrx_word' id='word_1_487' title='bbox 2951 1424 3221 1481; x_wconf 84' lang='lat' dir='ltr'><strong>dolorem</strong></span> <span class='ocrx_word' id='word_1_488' title='bbox 3261 1432 3317 1482; x_wconf 89' lang='lat' dir='ltr'><strong>et</strong></span> <span class='ocrx_word' id='word_1_489' title='bbox 3367 1427 3662 1486; x_wconf 84' lang='lat' dir='ltr'><strong>tristitiam</strong></span> 
     </span>
    </p>
   </div>
   <div class='ocr_carea' id='block_1_67' title="bbox 2010 1510 3661 1586">
    <p class='ocr_par' dir='ltr' id='par_1_67' title="bbox 2010 1510 3661 1586">
     <span class='ocr_line' id='line_1_68' title="bbox 2010 1510 3661 1586; baseline 0.006 -22"><span class='ocrx_word' id='word_1_490' title='bbox 2010 1510 2298 1582; x_wconf 87' lang='lat' dir='ltr'><strong>adjungit,</strong></span> <span class='ocrx_word' id='word_1_491' title='bbox 2321 1511 2557 1566; x_wconf 88' lang='lat' dir='ltr'><strong>dicens:</strong></span> <span class='ocrx_word' id='word_1_492' title='bbox 2597 1531 2620 1561; x_wconf 86' lang='lat'><strong>«</strong></span> <span class='ocrx_word' id='word_1_493' title='bbox 2648 1513 2712 1566; x_wconf 89' lang='lat' dir='ltr'><strong>Et</strong></span> <span class='ocrx_word' id='word_1_494' title='bbox 2730 1517 2892 1568; x_wconf 89' lang='lat' dir='ltr'><strong>tuam</strong></span> <span class='ocrx_word' id='word_1_495' title='bbox 2917 1528 3155 1586; x_wconf 90' lang='lat' dir='ltr'><strong>quoque</strong></span> <span class='ocrx_word' id='word_1_496' title='bbox 3184 1516 3370 1586; x_wconf 89' lang='lat' dir='ltr'><strong>ipsius</strong></span> <span class='ocrx_word' id='word_1_497' title='bbox 3392 1519 3661 1574; x_wconf 89' lang='lat' dir='ltr'><strong>animam</strong></span> 
     </span>
    </p>
   </div>
   <div class='ocr_carea' id='block_1_68' title="bbox 2011 1598 3664 1677">
    <p class='ocr_par' dir='ltr' id='par_1_68' title="bbox 2011 1598 3664 1677">
     <span class='ocr_line' id='line_1_69' title="bbox 2011 1598 3664 1677; baseline 0.007 -26"><span class='ocrx_word' id='word_1_498' title='bbox 2011 1598 2241 1668; x_wconf 81' lang='lat' dir='ltr'><strong>gladius</strong></span> <span class='ocrx_word' id='word_1_499' title='bbox 2274 1600 2544 1656; x_wconf 86' lang='lat' dir='ltr'><strong>transibit</strong></span> <span class='ocrx_word' id='word_1_500' title='bbox 2571 1606 2627 1653; x_wconf 89' lang='lat' dir='ltr'><strong>ut</strong></span> <span class='ocrx_word' id='word_1_501' title='bbox 2657 1616 2729 1655; x_wconf 91' lang='lat' dir='ltr'><strong>ex</strong></span> <span class='ocrx_word' id='word_1_502' title='bbox 2769 1601 3095 1658; x_wconf 89' lang='lat' dir='ltr'><strong>multorum</strong></span> <span class='ocrx_word' id='word_1_503' title='bbox 3124 1604 3407 1660; x_wconf 88' lang='lat' dir='ltr'><strong>cordibus</strong></span> <span class='ocrx_word' id='word_1_504' title='bbox 3437 1607 3664 1677; x_wconf 89' lang='lat' dir='ltr'><strong>cogita-</strong></span> 
     </span>
    </p>
   </div>
   <div class='ocr_carea' id='block_1_69' title="bbox 2013 1688 3662 1768">
    <p class='ocr_par' dir='ltr' id='par_1_69' title="bbox 2013 1688 3662 1768">
     <span class='ocr_line' id='line_1_70' title="bbox 2013 1688 3662 1768; baseline 0.005 -25"><span class='ocrx_word' id='word_1_505' title='bbox 2013 1688 2199 1743; x_wconf 89' lang='lat' dir='ltr'><strong>tiones</strong></span> <span class='ocrx_word' id='word_1_506' title='bbox 2236 1688 2592 1758; x_wconf 82' lang='lat' dir='ltr'><strong>detegantur</strong></span> <span class='ocrx_word' id='word_1_507' title='bbox 2638 1689 2706 1740; x_wconf 68' lang='grc' dir='ltr'><strong>ει.</strong></span> <span class='ocrx_word' id='word_1_508' title='bbox 2760 1712 2788 1738; x_wconf 86' lang='grc'><strong>››</strong></span> <span class='ocrx_word' id='word_1_509' title='bbox 2822 1692 3006 1746; x_wconf 90' lang='lat' dir='ltr'><strong>Tuam</strong></span> <span class='ocrx_word' id='word_1_510' title='bbox 3039 1691 3246 1762; x_wconf 88' lang='lat' dir='ltr'><strong>ipsius,</strong></span> <span class='ocrx_word' id='word_1_511' title='bbox 3282 1694 3494 1764; x_wconf 83' lang='lat' dir='ltr'><strong>inquit,</strong></span> <span class='ocrx_word' id='word_1_512' title='bbox 3527 1712 3662 1768; x_wconf 77' lang='lat' dir='ltr'><strong>quae</strong></span> 
     </span>
    </p>
   </div>
   <div class='ocr_carea' id='block_1_70' title="bbox 2010 1777 3664 1856">
    <p class='ocr_par' dir='ltr' id='par_1_70' title="bbox 2010 1777 3664 1856">
     <span class='ocr_line' id='line_1_71' title="bbox 2010 1777 3664 1856; baseline 0.005 -24"><span class='ocrx_word' id='word_1_513' title='bbox 2010 1777 2216 1833; x_wconf 89' lang='lat' dir='ltr'><strong>omnia</strong></span> <span class='ocrx_word' id='word_1_514' title='bbox 2255 1779 2518 1849; x_wconf 89' lang='lat' dir='ltr'><strong>mysterii</strong></span> <span class='ocrx_word' id='word_1_515' title='bbox 2560 1777 2736 1848; x_wconf 89' lang='lat' dir='ltr'><strong>hujus</strong></span> <span class='ocrx_word' id='word_1_516' title='bbox 2789 1780 2987 1850; x_wconf 89' lang='lat' dir='ltr'><strong>capita</strong></span> <span class='ocrx_word' id='word_1_517' title='bbox 3039 1789 3314 1838; x_wconf 88' lang='lat' dir='ltr'><strong>accurate</strong></span> <span class='ocrx_word' id='word_1_518' title='bbox 3356 1790 3664 1856; x_wconf 88' lang='lat' dir='ltr'><strong>perspecta</strong></span> 
     </span>
    </p>
   </div>
   <div class='ocr_carea' id='block_1_71' title="bbox 2009 1865 3657 1939">
    <p class='ocr_par' dir='ltr' id='par_1_71' title="bbox 2009 1865 3657 1939">
     <span class='ocr_line' id='line_1_72' title="bbox 2009 1865 3657 1939; baseline 0.004 -18"><span class='ocrx_word' id='word_1_519' title='bbox 2009 1865 2214 1936; x_wconf 87' lang='lat' dir='ltr'><strong>habes,</strong></span> <span class='ocrx_word' id='word_1_520' title='bbox 2238 1867 2351 1922; x_wconf 86' lang='lat' dir='ltr'><strong>hoc</strong></span> <span class='ocrx_word' id='word_1_521' title='bbox 2376 1874 2479 1933; x_wconf 86' lang='lat' dir='ltr'><strong>est,</strong></span> <span class='ocrx_word' id='word_1_522' title='bbox 2497 1867 2598 1922; x_wconf 88' lang='lat' dir='ltr'><strong>tibi</strong></span> <span class='ocrx_word' id='word_1_523' title='bbox 2625 1867 2738 1938; x_wconf 91' lang='lat' dir='ltr'><strong>ipsi</strong></span> <span class='ocrx_word' id='word_1_524' title='bbox 2763 1883 2880 1923; x_wconf 92' lang='lat' dir='ltr'><strong>non</strong></span> <span class='ocrx_word' id='word_1_525' title='bbox 2899 1873 3102 1939; x_wconf 83' lang='lat' dir='ltr'><strong>parcet</strong></span> <span class='ocrx_word' id='word_1_526' title='bbox 3120 1870 3372 1927; x_wconf 79' lang='lat' dir='ltr'><strong>tristitiae</strong></span> <span class='ocrx_word' id='word_1_527' title='bbox 3388 1871 3657 1929; x_wconf 76' lang='lat' dir='ltr'><strong>affectus.</strong></span> 
     </span>
    </p>
   </div>
   <div class='ocr_carea' id='block_1_72' title="bbox 2009 1953 3660 2033">
    <p class='ocr_par' dir='ltr' id='par_1_72' title="bbox 2009 1953 3660 2033">
     <span class='ocr_line' id='line_1_73' title="bbox 2009 1953 3660 2033; baseline 0.005 -24"><span class='ocrx_word' id='word_1_528' title='bbox 2009 1953 2178 2020; x_wconf 91' lang='lat' dir='ltr'><strong>Quod</strong></span> <span class='ocrx_word' id='word_1_529' title='bbox 2208 1956 2366 2011; x_wconf 91' lang='lat' dir='ltr'><strong>enim</strong></span> <span class='ocrx_word' id='word_1_530' title='bbox 2393 1956 2519 2011; x_wconf 89' lang='lat' dir='ltr'><strong>sine</strong></span> <span class='ocrx_word' id='word_1_531' title='bbox 2547 1956 2778 2011; x_wconf 91' lang='lat' dir='ltr'><strong>semine</strong></span> <span class='ocrx_word' id='word_1_532' title='bbox 2809 1959 3174 2029; x_wconf 89' lang='lat' dir='ltr'><strong>conceperis,</strong></span> <span class='ocrx_word' id='word_1_533' title='bbox 3234 1961 3502 2033; x_wconf 84' lang='lat' dir='ltr'><strong>fetusque</strong></span> <span class='ocrx_word' id='word_1_534' title='bbox 3535 1963 3660 2018; x_wconf 90' lang='lat' dir='ltr'><strong>sine</strong></span> 
     </span>
    </p>
   </div>
   <div class='ocr_carea' id='block_1_73' title="bbox 2009 2043 3661 2117">
    <p class='ocr_par' dir='ltr' id='par_1_73' title="bbox 2009 2043 3661 2117">
     <span class='ocr_line' id='line_1_74' title="bbox 2009 2043 3661 2117; baseline 0.007 -20"><span class='ocrx_word' id='word_1_535' title='bbox 2009 2043 2233 2098; x_wconf 90' lang='lat' dir='ltr'><strong>semine</strong></span> <span class='ocrx_word' id='word_1_536' title='bbox 2261 2043 2554 2099; x_wconf 83' lang='lat' dir='ltr'><strong>formatus</strong></span> <span class='ocrx_word' id='word_1_537' title='bbox 2587 2045 2679 2111; x_wconf 88' lang='lat' dir='ltr'><strong>sit,</strong></span> <span class='ocrx_word' id='word_1_538' title='bbox 2713 2045 2999 2117; x_wconf 89' lang='lat' dir='ltr'><strong>quodque</strong></span> <span class='ocrx_word' id='word_1_539' title='bbox 3031 2048 3158 2103; x_wconf 91' lang='lat' dir='ltr'><strong>sine</strong></span> <span class='ocrx_word' id='word_1_540' title='bbox 3195 2048 3398 2104; x_wconf 92' lang='lat' dir='ltr'><strong>dolore</strong></span> <span class='ocrx_word' id='word_1_541' title='bbox 3431 2056 3661 2109; x_wconf 86' lang='lat' dir='ltr'><strong>uterum</strong></span> 
     </span>
    </p>
   </div>
   <div class='ocr_carea' id='block_1_74' title="bbox 2009 2132 3664 2211">
    <p class='ocr_par' dir='ltr' id='par_1_74' title="bbox 2009 2132 3664 2211">
     <span class='ocr_line' id='line_1_75' title="bbox 2009 2132 3664 2211; baseline 0.005 -25"><span class='ocrx_word' id='word_1_542' title='bbox 2009 2132 2295 2202; x_wconf 90' lang='lat' dir='ltr'><strong>gestaris;</strong></span> <span class='ocrx_word' id='word_1_543' title='bbox 2328 2149 2464 2204; x_wconf 81' lang='lat' dir='ltr'><strong>quae</strong></span> <span class='ocrx_word' id='word_1_544' title='bbox 2502 2148 2680 2204; x_wconf 86' lang='lat' dir='ltr'><strong>porro</strong></span> <span class='ocrx_word' id='word_1_545' title='bbox 2708 2133 2943 2189; x_wconf 85' lang='lat' dir='ltr'><strong>Gabriel</strong></span> <span class='ocrx_word' id='word_1_546' title='bbox 2981 2135 3116 2190; x_wconf 63' lang='lat' dir='ltr'><strong>laeta</strong></span> <span class='ocrx_word' id='word_1_547' title='bbox 3155 2138 3441 2194; x_wconf 91' lang='lat' dir='ltr'><strong>nuntiarit</strong></span> <span class='ocrx_word' id='word_1_548' title='bbox 3472 2155 3484 2193; x_wconf 90' lang='lat'>:</span> <span class='ocrx_word' id='word_1_549' title='bbox 3527 2156 3664 2211; x_wconf 63' lang='lat' dir='ltr'><strong>quae</strong></span> 
     </span>
    </p>
   </div>
   <div class='ocr_carea' id='block_1_75' title="bbox 2010 2221 3663 2298">
    <p class='ocr_par' dir='ltr' id='par_1_75' title="bbox 2010 2221 3663 2298">
     <span class='ocr_line' id='line_1_76' title="bbox 2010 2221 3663 2298; baseline 0.004 -22"><span class='ocrx_word' id='word_1_550' title='bbox 2010 2227 2276 2292; x_wconf 88' lang='lat' dir='ltr'><strong>pastores</strong></span> <span class='ocrx_word' id='word_1_551' title='bbox 2313 2221 2633 2287; x_wconf 91' lang='lat' dir='ltr'><strong>retulerint,</strong></span> <span class='ocrx_word' id='word_1_552' title='bbox 2676 2238 2932 2295; x_wconf 67' lang='lat' dir='ltr'><strong>quaeque</strong></span> <span class='ocrx_word' id='word_1_553' title='bbox 2972 2224 3088 2282; x_wconf 90' lang='lat' dir='ltr'><strong>alia</strong></span> <span class='ocrx_word' id='word_1_554' title='bbox 3120 2225 3274 2282; x_wconf 91' lang='lat' dir='ltr'><strong>mira</strong></span> <span class='ocrx_word' id='word_1_555' title='bbox 3312 2233 3367 2282; x_wconf 92' lang='lat' dir='ltr'><strong>et</strong></span> <span class='ocrx_word' id='word_1_556' title='bbox 3401 2228 3663 2298; x_wconf 89' lang='lat' dir='ltr'><strong>insignia</strong></span> 
     </span>
    </p>
   </div>
   <div class='ocr_carea' id='block_1_76' title="bbox 2011 2311 3668 2382">
    <p class='ocr_par' dir='ltr' id='par_1_76' title="bbox 2011 2311 3668 2382">
     <span class='ocr_line' id='line_1_77' title="bbox 2011 2311 3668 2382; baseline 0.005 -17"><span class='ocrx_word' id='word_1_557' title='bbox 2011 2311 2381 2382; x_wconf 81' lang='lat' dir='ltr'><strong>contigerint,</strong></span> <span class='ocrx_word' id='word_1_558' title='bbox 2418 2326 2594 2367; x_wconf 92' lang='lat' dir='ltr'><strong>nemo</strong></span> <span class='ocrx_word' id='word_1_559' title='bbox 2636 2318 2688 2368; x_wconf 92' lang='lat' dir='ltr'><strong>te</strong></span> <span class='ocrx_word' id='word_1_560' title='bbox 2712 2314 2925 2368; x_wconf 87' lang='lat' dir='ltr'><strong>rectius</strong></span> <span class='ocrx_word' id='word_1_561' title='bbox 2965 2315 3212 2370; x_wconf 90' lang='lat' dir='ltr'><strong>noverit.</strong></span> <span class='ocrx_word' id='word_1_562' title='bbox 3258 2316 3372 2373; x_wconf 91' lang='lat' dir='ltr'><strong>Sed</strong></span> <span class='ocrx_word' id='word_1_563' title='bbox 3402 2317 3499 2373; x_wconf 90' lang='lat' dir='ltr'><strong>illa</strong></span> <span class='ocrx_word' id='word_1_564' title='bbox 3542 2335 3668 2374; x_wconf 83' lang='lat' dir='ltr'><strong>om~</strong></span> 
     </span>
    </p>
   </div>
   <div class='ocr_carea' id='block_1_77' title="bbox 2011 2400 3664 2464">
    <p class='ocr_par' dir='ltr' id='par_1_77' title="bbox 2011 2400 3664 2464">
     <span class='ocr_line' id='line_1_78' title="bbox 2011 2400 3664 2464; baseline 0.004 -9"><span class='ocrx_word' id='word_1_565' title='bbox 2011 2401 2110 2456; x_wconf 88' lang='lat' dir='ltr'><strong>nia</strong></span> <span class='ocrx_word' id='word_1_566' title='bbox 2148 2400 2361 2456; x_wconf 89' lang='lat' dir='ltr'><strong>erroris</strong></span> <span class='ocrx_word' id='word_1_567' title='bbox 2417 2407 2689 2457; x_wconf 88' lang='lat' dir='ltr'><strong>amantes</strong></span> <span class='ocrx_word' id='word_1_568' title='bbox 2743 2407 2799 2458; x_wconf 88' lang='lat' dir='ltr'><strong>et</strong></span> <span class='ocrx_word' id='word_1_569' title='bbox 2853 2403 3114 2458; x_wconf 85' lang='lat' dir='ltr'><strong>veritatis</strong></span> <span class='ocrx_word' id='word_1_570' title='bbox 3165 2404 3488 2461; x_wconf 83' lang='lat' dir='ltr'><strong>adversarii</strong></span> <span class='ocrx_word' id='word_1_571' title='bbox 3543 2423 3664 2464; x_wconf 91' lang='lat' dir='ltr'><strong>non</strong></span> 
     </span>
    </p>
   </div>
   <div class='ocr_carea' id='block_1_78' title="bbox 2011 2490 3668 2565">
    <p class='ocr_par' dir='ltr' id='par_1_78' title="bbox 2011 2490 3668 2565">
     <span class='ocr_line' id='line_1_79' title="bbox 2011 2490 3668 2565; baseline 0.004 -21"><span class='ocrx_word' id='word_1_572' title='bbox 2011 2490 2206 2545; x_wconf 91' lang='lat' dir='ltr'><strong>solum</strong></span> <span class='ocrx_word' id='word_1_573' title='bbox 2247 2505 2370 2546; x_wconf 91' lang='lat' dir='ltr'><strong>non</strong></span> <span class='ocrx_word' id='word_1_574' title='bbox 2399 2490 2860 2561; x_wconf 83' lang='lat' dir='ltr'><strong>proﬁtebuntur,</strong></span> <span class='ocrx_word' id='word_1_575' title='bbox 2894 2492 2998 2547; x_wconf 90' lang='lat' dir='ltr'><strong>sed</strong></span> <span class='ocrx_word' id='word_1_576' title='bbox 3019 2499 3075 2547; x_wconf 91' lang='lat' dir='ltr'><strong>et</strong></span> <span class='ocrx_word' id='word_1_577' title='bbox 3104 2497 3156 2548; x_wconf 90' lang='lat' dir='ltr'><strong>te</strong></span> <span class='ocrx_word' id='word_1_578' title='bbox 3188 2494 3388 2565; x_wconf 88' lang='lat' dir='ltr'><strong>ipsam</strong></span> <span class='ocrx_word' id='word_1_579' title='bbox 3431 2511 3502 2550; x_wconf 85' lang='lat' dir='ltr'><strong>ex</strong></span> <span class='ocrx_word' id='word_1_580' title='bbox 3529 2511 3668 2551; x_wconf 90' lang='lat' dir='ltr'><strong>con-</strong></span> 
     </span>
    </p>
   </div>
   <div class='ocr_carea' id='block_1_79' title="bbox 2010 2580 3669 2655">
    <p class='ocr_par' dir='ltr' id='par_1_79' title="bbox 2010 2580 3669 2655">
     <span class='ocr_line' id='line_1_80' title="bbox 2010 2580 3669 2655; baseline 0.004 -20"><span class='ocrx_word' id='word_1_581' title='bbox 2010 2580 2282 2650; x_wconf 90' lang='lat' dir='ltr'><strong>ceptione</strong></span> <span class='ocrx_word' id='word_1_582' title='bbox 2323 2586 2378 2635; x_wconf 94' lang='lat' dir='ltr'><strong>et</strong></span> <span class='ocrx_word' id='word_1_583' title='bbox 2417 2585 2590 2652; x_wconf 88' lang='lat' dir='ltr'><strong>partu</strong></span> <span class='ocrx_word' id='word_1_584' title='bbox 2623 2580 3149 2637; x_wconf 89' lang='lat' dir='ltr'><strong>calumniabuntur</strong></span> <span class='ocrx_word' id='word_1_585' title='bbox 3177 2605 3188 2638; x_wconf 93' lang='lat'>:</span> <span class='ocrx_word' id='word_1_586' title='bbox 3220 2589 3397 2655; x_wconf 89' lang='lat' dir='ltr'><strong>atque</strong></span> <span class='ocrx_word' id='word_1_587' title='bbox 3423 2585 3544 2640; x_wconf 69' lang='lat' dir='ltr'><strong>haec</strong></span> <span class='ocrx_word' id='word_1_588' title='bbox 3570 2601 3669 2641; x_wconf 89' lang='lat' dir='ltr'><strong>ca-</strong></span> 
     </span>
    </p>
   </div>
   <div class='ocr_carea' id='block_1_80' title="bbox 2009 2669 3666 2742">
    <p class='ocr_par' dir='ltr' id='par_1_80' title="bbox 2009 2669 3666 2742">
     <span class='ocr_line' id='line_1_81' title="bbox 2009 2669 3666 2742; baseline 0.004 -18"><span class='ocrx_word' id='word_1_589' title='bbox 2009 2669 2257 2734; x_wconf 90' lang='lat' dir='ltr'><strong>lumnia,</strong></span> <span class='ocrx_word' id='word_1_590' title='bbox 2295 2685 2416 2726; x_wconf 90' lang='lat' dir='ltr'><strong>non</strong></span> <span class='ocrx_word' id='word_1_591' title='bbox 2451 2671 2647 2726; x_wconf 91' lang='lat' dir='ltr'><strong>minus</strong></span> <span class='ocrx_word' id='word_1_592' title='bbox 2689 2685 2872 2742; x_wconf 90' lang='lat' dir='ltr'><strong>quam</strong></span> <span class='ocrx_word' id='word_1_593' title='bbox 2898 2671 3148 2742; x_wconf 83' lang='lat' dir='ltr'><strong>gladius,</strong></span> <span class='ocrx_word' id='word_1_594' title='bbox 3184 2673 3456 2729; x_wconf 90' lang='lat' dir='ltr'><strong>animum</strong></span> <span class='ocrx_word' id='word_1_595' title='bbox 3496 2679 3666 2730; x_wconf 91' lang='lat' dir='ltr'><strong>tuum</strong></span> 
     </span>
    </p>
   </div>
   <div class='ocr_carea' id='block_1_81' title="bbox 2013 2758 3668 2824">
    <p class='ocr_par' dir='ltr' id='par_1_81' title="bbox 2013 2758 3668 2824">
     <span class='ocr_line' id='line_1_82' title="bbox 2013 2758 3668 2824; baseline 0.004 -10"><span class='ocrx_word' id='word_1_596' title='bbox 2013 2758 2295 2814; x_wconf 91' lang='lat' dir='ltr'><strong>mordens</strong></span> <span class='ocrx_word' id='word_1_597' title='bbox 2317 2771 2373 2815; x_wconf 88' lang='lat' dir='ltr'><strong>et</strong></span> <span class='ocrx_word' id='word_1_598' title='bbox 2397 2760 2720 2816; x_wconf 84' lang='lat' dir='ltr'><strong>vulnerans</strong></span> <span class='ocrx_word' id='word_1_599' title='bbox 2745 2760 3028 2816; x_wconf 91' lang='lat' dir='ltr'><strong>transibit.</strong></span> <span class='ocrx_word' id='word_1_600' title='bbox 3054 2761 3305 2824; x_wconf 88' lang='lat' dir='ltr'><strong>Quando</strong></span> <span class='ocrx_word' id='word_1_601' title='bbox 3339 2778 3477 2818; x_wconf 92' lang='lat' dir='ltr'><strong>vero</strong></span> <span class='ocrx_word' id='word_1_602' title='bbox 3508 2763 3598 2818; x_wconf 89' lang='lat' dir='ltr'><strong>bis</strong></span> <span class='ocrx_word' id='word_1_603' title='bbox 3616 2769 3668 2819; x_wconf 92' lang='lat' dir='ltr'><strong>te</strong></span> 
     </span>
    </p>
   </div>
   <div class='ocr_carea' id='block_1_82' title="bbox 2012 2849 3668 2920">
    <p class='ocr_par' dir='ltr' id='par_1_82' title="bbox 2012 2849 3668 2920">
     <span class='ocr_line' id='line_1_83' title="bbox 2012 2849 3668 2920; baseline 0.002 -17"><span class='ocrx_word' id='word_1_604' title='bbox 2012 2849 2244 2920; x_wconf 89' lang='lat' dir='ltr'><strong>injuriis</strong></span> <span class='ocrx_word' id='word_1_605' title='bbox 2269 2850 2546 2916; x_wconf 81' lang='lat' dir='ltr'><strong>afﬁcient,</strong></span> <span class='ocrx_word' id='word_1_606' title='bbox 2581 2858 2718 2904; x_wconf 91' lang='lat' dir='ltr'><strong>tunc</strong></span> <span class='ocrx_word' id='word_1_607' title='bbox 2749 2850 2994 2920; x_wconf 90' lang='lat' dir='ltr'><strong>quidem</strong></span> <span class='ocrx_word' id='word_1_608' title='bbox 3026 2852 3411 2920; x_wconf 80' lang='lat' dir='ltr'><strong>cogitationes</strong></span> <span class='ocrx_word' id='word_1_609' title='bbox 3431 2869 3502 2907; x_wconf 89' lang='lat' dir='ltr'><strong>ex</strong></span> <span class='ocrx_word' id='word_1_610' title='bbox 3529 2852 3668 2907; x_wconf 87' lang='lat' dir='ltr'><strong>mul-</strong></span> 
     </span>
    </p>
   </div>
   <div class='ocr_carea' id='block_1_83' title="bbox 2012 2939 3667 3011">
    <p class='ocr_par' dir='ltr' id='par_1_83' title="bbox 2012 2939 3667 3011">
     <span class='ocr_line' id='line_1_84' title="bbox 2012 2939 3667 3011; baseline 0.002 -18"><span class='ocrx_word' id='word_1_611' title='bbox 2012 2945 2209 2994; x_wconf 90' lang='lat' dir='ltr'><strong>torum</strong></span> <span class='ocrx_word' id='word_1_612' title='bbox 2232 2939 2512 2994; x_wconf 87' lang='lat' dir='ltr'><strong>cordibus</strong></span> <span class='ocrx_word' id='word_1_613' title='bbox 2529 2939 2879 3010; x_wconf 89' lang='lat' dir='ltr'><strong>detegentur</strong></span> <span class='ocrx_word' id='word_1_614' title='bbox 2900 2945 2954 2994; x_wconf 92' lang='lat' dir='ltr'><strong>et</strong></span> <span class='ocrx_word' id='word_1_615' title='bbox 2975 2941 3328 3011; x_wconf 88' lang='lat' dir='ltr'><strong>aperientur.</strong></span> <span class='ocrx_word' id='word_1_616' title='bbox 3353 2942 3667 3006; x_wconf 85' lang='lat' dir='ltr'><strong>Quomodo</strong></span> 
     </span>
    </p>
   </div>
   <div class='ocr_carea' id='block_1_84' title="bbox 2017 3027 3668 3099">
    <p class='ocr_par' dir='ltr' id='par_1_84' title="bbox 2017 3027 3668 3099">
     <span class='ocr_line' id='line_1_85' title="bbox 2017 3027 3668 3099; baseline 0.001 -17"><span class='ocrx_word' id='word_1_617' title='bbox 2017 3043 2171 3093; x_wconf 87' lang='lat' dir='ltr'><strong>vero,</strong></span> <span class='ocrx_word' id='word_1_618' title='bbox 2193 3034 2248 3082; x_wconf 91' lang='lat' dir='ltr'><strong>et</strong></span> <span class='ocrx_word' id='word_1_619' title='bbox 2285 3043 2404 3099; x_wconf 89' lang='lat' dir='ltr'><strong>qua</strong></span> <span class='ocrx_word' id='word_1_620' title='bbox 2440 3027 2670 3082; x_wconf 85' lang='lat' dir='ltr'><strong>ratione</strong></span> <span class='ocrx_word' id='word_1_621' title='bbox 2695 3028 2722 3082; x_wconf 84' lang='lat'><strong>?</strong></span> <span class='ocrx_word' id='word_1_622' title='bbox 2749 3028 3231 3086; x_wconf 87' lang='lat' dir='ltr'><strong>Calumniatores</strong></span> <span class='ocrx_word' id='word_1_623' title='bbox 3273 3030 3498 3087; x_wconf 89' lang='lat' dir='ltr'><strong>scilicet</strong></span> <span class='ocrx_word' id='word_1_624' title='bbox 3545 3045 3668 3085; x_wconf 91' lang='lat' dir='ltr'><strong>non</strong></span> 
     </span>
    </p>
   </div>
   <div class='ocr_carea' id='block_1_85' title="bbox 2015 3115 3668 3189">
    <p class='ocr_par' dir='ltr' id='par_1_85' title="bbox 2015 3115 3668 3189">
     <span class='ocr_line' id='line_1_86' title="bbox 2015 3115 3668 3189; baseline 0.001 -17"><span class='ocrx_word' id='word_1_625' title='bbox 2015 3116 2300 3172; x_wconf 90' lang='lat' dir='ltr'><strong>desistent</strong></span> <span class='ocrx_word' id='word_1_626' title='bbox 2324 3116 2401 3171; x_wconf 91' lang='lat' dir='ltr'><strong>ab</strong></span> <span class='ocrx_word' id='word_1_627' title='bbox 2434 3116 2659 3186; x_wconf 86' lang='lat' dir='ltr'><strong>injuriis</strong></span> <span class='ocrx_word' id='word_1_628' title='bbox 2690 3132 2702 3181; x_wconf 93' lang='lat'><strong>;</strong></span> <span class='ocrx_word' id='word_1_629' title='bbox 2736 3115 2814 3170; x_wconf 91' lang='lat' dir='ltr'><strong>illi</strong></span> <span class='ocrx_word' id='word_1_630' title='bbox 2842 3118 3120 3189; x_wconf 90' lang='lat' dir='ltr'><strong>vero,qui</strong></span> <span class='ocrx_word' id='word_1_631' title='bbox 3139 3117 3442 3174; x_wconf 91' lang='lat' dir='ltr'><strong>calumnia</strong></span> <span class='ocrx_word' id='word_1_632' title='bbox 3460 3134 3668 3174; x_wconf 86' lang='lat' dir='ltr'><strong>onera-</strong></span> 
     </span>
    </p>
   </div>
   <div class='ocr_carea' id='block_1_86' title="bbox 2015 3204 3670 3277">
    <p class='ocr_par' dir='ltr' id='par_1_86' title="bbox 2015 3204 3670 3277">
     <span class='ocr_line' id='line_1_87' title="bbox 2015 3204 3670 3277; baseline 0 -15"><span class='ocrx_word' id='word_1_633' title='bbox 2015 3206 2254 3271; x_wconf 90' lang='lat' dir='ltr'><strong>buntur,</strong></span> <span class='ocrx_word' id='word_1_634' title='bbox 2290 3205 2365 3261; x_wconf 91' lang='lat' dir='ltr'><strong>ad</strong></span> <span class='ocrx_word' id='word_1_635' title='bbox 2407 3204 2792 3260; x_wconf 90' lang='lat' dir='ltr'><strong>constitutum</strong></span> <span class='ocrx_word' id='word_1_636' title='bbox 2833 3205 2977 3260; x_wconf 92' lang='lat' dir='ltr'><strong>olim</strong></span> <span class='ocrx_word' id='word_1_637' title='bbox 3008 3221 3113 3277; x_wconf 89' lang='lat' dir='ltr'><strong>per</strong></span> <span class='ocrx_word' id='word_1_638' title='bbox 3141 3207 3334 3277; x_wconf 86' lang='lat' dir='ltr'><strong>legem</strong></span> <span class='ocrx_word' id='word_1_639' title='bbox 3374 3207 3670 3277; x_wconf 88' lang='lat' dir='ltr'><strong>judicium</strong></span> 
     </span>
    </p>
   </div>
   <div class='ocr_carea' id='block_1_87' title="bbox 2016 3294 3670 3367">
    <p class='ocr_par' dir='ltr' id='par_1_87' title="bbox 2016 3294 3670 3367">
     <span class='ocr_line' id='line_1_88' title="bbox 2016 3294 3670 3367; baseline 0.001 -17"><span class='ocrx_word' id='word_1_640' title='bbox 2016 3300 2072 3350; x_wconf 91' lang='lat' dir='ltr'><strong>et</strong></span> <span class='ocrx_word' id='word_1_641' title='bbox 2107 3294 2578 3367; x_wconf 81' lang='lat' dir='ltr'><strong>explorationem</strong></span> <span class='ocrx_word' id='word_1_642' title='bbox 2623 3294 2990 3364; x_wconf 84' lang='lat' dir='ltr'><strong>confugient.</strong></span> <span class='ocrx_word' id='word_1_643' title='bbox 3029 3297 3171 3362; x_wconf 84' lang='lat' dir='ltr'><strong>Quae</strong></span> <span class='ocrx_word' id='word_1_644' title='bbox 3221 3312 3362 3351; x_wconf 90' lang='lat' dir='ltr'><strong>vero</strong></span> <span class='ocrx_word' id='word_1_645' title='bbox 3417 3296 3518 3352; x_wconf 91' lang='lat' dir='ltr'><strong>illa</strong></span> <span class='ocrx_word' id='word_1_646' title='bbox 3552 3295 3670 3352; x_wconf 89' lang='lat' dir='ltr'><strong>alia</strong></span> 
     </span>
    </p>
   </div>
   <div class='ocr_carea' id='block_1_88' title="bbox 2015 3384 3672 3457">
    <p class='ocr_par' dir='ltr' id='par_1_88' title="bbox 2015 3384 3672 3457">
     <span class='ocr_line' id='line_1_89' title="bbox 2015 3384 3672 3457; baseline 0 -16"><span class='ocrx_word' id='word_1_647' title='bbox 2015 3401 2143 3441; x_wconf 87' lang='lat' dir='ltr'><strong>esse</strong></span> <span class='ocrx_word' id='word_1_648' title='bbox 2175 3384 2381 3456; x_wconf 90' lang='lat' dir='ltr'><strong>possit,</strong></span> <span class='ocrx_word' id='word_1_649' title='bbox 2423 3400 2609 3455; x_wconf 89' lang='lat' dir='ltr'><strong>quam</strong></span> <span class='ocrx_word' id='word_1_650' title='bbox 2641 3399 2776 3456; x_wconf 66' lang='lat' dir='ltr'><strong>quae</strong></span> <span class='ocrx_word' id='word_1_651' title='bbox 2809 3400 2911 3456; x_wconf 91' lang='lat' dir='ltr'><strong>per</strong></span> <span class='ocrx_word' id='word_1_652' title='bbox 2949 3401 3172 3456; x_wconf 91' lang='lat' dir='ltr'><strong>aquam</strong></span> <span class='ocrx_word' id='word_1_653' title='bbox 3221 3386 3672 3457; x_wconf 88' lang='lat' dir='ltr'><strong>exploratricem</strong></span> 
     </span>
    </p>
   </div>
   <div class='ocr_carea' id='block_1_89' title="bbox 2016 3473 3674 3545">
    <p class='ocr_par' dir='ltr' id='par_1_89' title="bbox 2016 3473 3674 3545">
     <span class='ocr_line' id='line_1_90' title="bbox 2016 3473 3674 3545; baseline 0.002 -17"><span class='ocrx_word' id='word_1_654' title='bbox 2016 3473 2338 3530; x_wconf 83' lang='lat' dir='ltr'><strong>instituitur</strong></span> <span class='ocrx_word' id='word_1_655' title='bbox 2361 3475 2389 3531; x_wconf 86' lang='lat'><strong><em>?</em></strong></span> <span class='ocrx_word' id='word_1_656' title='bbox 2421 3475 2594 3529; x_wconf 89' lang='lat' dir='ltr'><strong>Vetus</strong></span> <span class='ocrx_word' id='word_1_657' title='bbox 2615 3475 2774 3530; x_wconf 91' lang='lat' dir='ltr'><strong>enim</strong></span> <span class='ocrx_word' id='word_1_658' title='bbox 2793 3474 3128 3545; x_wconf 88' lang='lat' dir='ltr'><strong>percrebuit</strong></span> <span class='ocrx_word' id='word_1_659' title='bbox 3152 3475 3406 3540; x_wconf 90' lang='lat' dir='ltr'><strong>traditio,</strong></span> <span class='ocrx_word' id='word_1_660' title='bbox 3434 3476 3674 3532; x_wconf 85' lang='lat' dir='ltr'><strong>Mariam</strong></span> 
     </span>
    </p>
   </div>
   <div class='ocr_carea' id='block_1_90' title="bbox 2017 3565 3672 3638">
    <p class='ocr_par' dir='ltr' id='par_1_90' title="bbox 2017 3565 3672 3638">
     <span class='ocr_line' id='line_1_91' title="bbox 2017 3565 3672 3638; baseline -0.001 -18"><span class='ocrx_word' id='word_1_661' title='bbox 2017 3565 2576 3636; x_wconf 82' lang='lat' dir='ltr'><strong>sempervirgiuem,</strong></span> <span class='ocrx_word' id='word_1_662' title='bbox 2606 3565 3018 3622; x_wconf 86' lang='lat' dir='ltr'><strong>calumniailla</strong></span> <span class='ocrx_word' id='word_1_663' title='bbox 3035 3571 3366 3633; x_wconf 89' lang='lat' dir='ltr'><strong>oneratam,</strong></span> <span class='ocrx_word' id='word_1_664' title='bbox 3397 3581 3456 3621; x_wconf 93' lang='lat' dir='ltr'><strong>se</strong></span> <span class='ocrx_word' id='word_1_665' title='bbox 3476 3566 3672 3638; x_wconf 86' lang='lat' dir='ltr'><strong>ipsam</strong></span> 
     </span>
    </p>
   </div>
   <div class='ocr_carea' id='block_1_91' title="bbox 2016 3654 3674 3727">
    <p class='ocr_par' dir='ltr' id='par_1_91' title="bbox 2016 3654 3674 3727">
     <span class='ocr_line' id='line_1_92' title="bbox 2016 3654 3674 3727; baseline 0 -17"><span class='ocrx_word' id='word_1_666' title='bbox 2016 3654 2412 3726; x_wconf 86' lang='lat' dir='ltr'><strong>explorationi</strong></span> <span class='ocrx_word' id='word_1_667' title='bbox 2468 3671 2571 3726; x_wconf 91' lang='lat' dir='ltr'><strong>per</strong></span> <span class='ocrx_word' id='word_1_668' title='bbox 2634 3671 2852 3726; x_wconf 91' lang='lat' dir='ltr'><strong>aquam</strong></span> <span class='ocrx_word' id='word_1_669' title='bbox 2897 3655 3240 3726; x_wconf 83' lang='lat' dir='ltr'><strong>subjecisse,</strong></span> <span class='ocrx_word' id='word_1_670' title='bbox 3301 3672 3436 3727; x_wconf 71' lang='lat' dir='ltr'><strong>qum</strong></span> <span class='ocrx_word' id='word_1_671' title='bbox 3469 3672 3674 3727; x_wconf 88' lang='lat' dir='ltr'><strong>puram</strong></span> 
     </span>
    </p>
   </div>
   <div class='ocr_carea' id='block_1_92' title="bbox 2017 3744 3676 3813">
    <p class='ocr_par' dir='ltr' id='par_1_92' title="bbox 2017 3744 3676 3813">
     <span class='ocr_line' id='line_1_93' title="bbox 2017 3744 3676 3813; baseline 0.001 -15"><span class='ocrx_word' id='word_1_672' title='bbox 2017 3761 2181 3800; x_wconf 90' lang='lat' dir='ltr'><strong>suam</strong></span> <span class='ocrx_word' id='word_1_673' title='bbox 2214 3750 2268 3799; x_wconf 88' lang='lat' dir='ltr'><strong>et</strong></span> <span class='ocrx_word' id='word_1_674' title='bbox 2307 3745 2746 3800; x_wconf 89' lang='lat' dir='ltr'><strong>immaculatam</strong></span> <span class='ocrx_word' id='word_1_675' title='bbox 2779 3744 3185 3813; x_wconf 88' lang='lat' dir='ltr'><strong>graviditatem</strong></span> <span class='ocrx_word' id='word_1_676' title='bbox 3218 3744 3544 3800; x_wconf 88' lang='lat' dir='ltr'><strong>clarissime</strong></span> <span class='ocrx_word' id='word_1_677' title='bbox 3576 3745 3676 3800; x_wconf 91' lang='lat' dir='ltr'><strong>de-</strong></span> 
     </span>
    </p>
   </div>
   <div class='ocr_carea' id='block_1_93' title="bbox 2020 3831 3673 3905">
    <p class='ocr_par' dir='ltr' id='par_1_93' title="bbox 2020 3831 3673 3905">
     <span class='ocr_line' id='line_1_94' title="bbox 2020 3831 3673 3905; baseline 0 -17"><span class='ocrx_word' id='word_1_678' title='bbox 2020 3832 2362 3888; x_wconf 90' lang='lat' dir='ltr'><strong>monstrarit</strong></span> <span class='ocrx_word' id='word_1_679' title='bbox 2391 3838 2447 3887; x_wconf 89' lang='lat' dir='ltr'><strong>et</strong></span> <span class='ocrx_word' id='word_1_680' title='bbox 2477 3833 2857 3887; x_wconf 81' lang='lat' dir='ltr'><strong>manifestam</strong></span> <span class='ocrx_word' id='word_1_681' title='bbox 2884 3831 3253 3905; x_wconf 80' lang='lat' dir='ltr'><strong>feceritzquo</strong></span> <span class='ocrx_word' id='word_1_682' title='bbox 3274 3833 3426 3888; x_wconf 80' lang='lat' dir='ltr'><strong>facto</strong></span> <span class='ocrx_word' id='word_1_683' title='bbox 3450 3833 3673 3889; x_wconf 89' lang='lat' dir='ltr'><strong>calum-</strong></span> 
     </span>
    </p>
   </div>
   <div class='ocr_carea' id='block_1_94' title="bbox 2019 3920 3673 3995">
    <p class='ocr_par' dir='ltr' id='par_1_94' title="bbox 2019 3920 3673 3995">
     <span class='ocr_line' id='line_1_95' title="bbox 2019 3920 3673 3995; baseline 0.001 -19"><span class='ocrx_word' id='word_1_684' title='bbox 2019 3923 2251 3977; x_wconf 86' lang='lat' dir='ltr'><strong>niantes</strong></span> <span class='ocrx_word' id='word_1_685' title='bbox 2281 3922 2522 3992; x_wconf 88' lang='lat' dir='ltr'><strong>quidem</strong></span> <span class='ocrx_word' id='word_1_686' title='bbox 2556 3921 2780 3992; x_wconf 90' lang='lat' dir='ltr'><strong>pudore</strong></span> <span class='ocrx_word' id='word_1_687' title='bbox 2813 3920 2927 3976; x_wconf 92' lang='lat' dir='ltr'><strong>sint</strong></span> <span class='ocrx_word' id='word_1_688' title='bbox 2958 3920 3170 3976; x_wconf 73' lang='lat' dir='ltr'><strong>suffusi</strong></span> <span class='ocrx_word' id='word_1_689' title='bbox 3207 3964 3220 3987; x_wconf 96' lang='lat'><strong>,</strong></span> <span class='ocrx_word' id='word_1_690' title='bbox 3252 3922 3332 3976; x_wconf 90' lang='lat' dir='ltr'><strong>illi</strong></span> <span class='ocrx_word' id='word_1_691' title='bbox 3366 3939 3524 3993; x_wconf 89' lang='lat' dir='ltr'><strong>vero,</strong></span> <span class='ocrx_word' id='word_1_692' title='bbox 3569 3923 3673 3995; x_wconf 91' lang='lat' dir='ltr'><strong>qui</strong></span> 
     </span>
    </p>
   </div>
   <div class='ocr_carea' id='block_1_95' title="bbox 2019 4009 3678 4081">
    <p class='ocr_par' dir='ltr' id='par_1_95' title="bbox 2019 4009 3678 4081">
     <span class='ocr_line' id='line_1_96' title="bbox 2019 4009 3678 4081; baseline 0.001 -17"><span class='ocrx_word' id='word_1_693' title='bbox 2019 4011 2092 4065; x_wconf 93' lang='lat' dir='ltr'><strong>de</strong></span> <span class='ocrx_word' id='word_1_694' title='bbox 2126 4010 2455 4079; x_wconf 86' lang='lat' dir='ltr'><strong>virginitate</strong></span> <span class='ocrx_word' id='word_1_695' title='bbox 2469 4010 2592 4079; x_wconf 87' lang='lat' dir='ltr'><strong>ejus</strong></span> <span class='ocrx_word' id='word_1_696' title='bbox 2625 4015 2679 4065; x_wconf 93' lang='lat' dir='ltr'><strong>et</strong></span> <span class='ocrx_word' id='word_1_697' title='bbox 2703 4015 2873 4081; x_wconf 87' lang='lat' dir='ltr'><strong>partu</strong></span> <span class='ocrx_word' id='word_1_698' title='bbox 2899 4009 3290 4065; x_wconf 88' lang='lat' dir='ltr'><strong>immaculato</strong></span> <span class='ocrx_word' id='word_1_699' title='bbox 3308 4019 3482 4066; x_wconf 89' lang='lat' dir='ltr'><strong>antea</strong></span> <span class='ocrx_word' id='word_1_700' title='bbox 3504 4011 3678 4066; x_wconf 80' lang='lat' dir='ltr'><strong>dubi-</strong></span> 
     </span>
    </p>
   </div>
   <div class='ocr_carea' id='block_1_96' title="bbox 2018 4098 3676 4169">
    <p class='ocr_par' dir='ltr' id='par_1_96' title="bbox 2018 4098 3676 4169">
     <span class='ocr_line' id='line_1_97' title="bbox 2018 4098 3676 4169; baseline -0.001 -15"><span class='ocrx_word' id='word_1_701' title='bbox 2018 4099 2214 4163; x_wconf 85' lang='lat' dir='ltr'><strong>tarint,</strong></span> <span class='ocrx_word' id='word_1_702' title='bbox 2249 4098 2610 4167; x_wconf 86' lang='lat' dir='ltr'><strong>argumentis</strong></span> <span class='ocrx_word' id='word_1_703' title='bbox 2650 4099 2994 4169; x_wconf 85' lang='lat' dir='ltr'><strong>exceptione</strong></span> <span class='ocrx_word' id='word_1_704' title='bbox 3036 4098 3384 4169; x_wconf 89' lang='lat' dir='ltr'><strong>majoribus,</strong></span> <span class='ocrx_word' id='word_1_705' title='bbox 3424 4098 3676 4155; x_wconf 89' lang='lat' dir='ltr'><strong>convicti</strong></span> 
     </span>
    </p>
   </div>
   <div class='ocr_carea' id='block_1_97' title="bbox 2019 4186 3673 4256">
    <p class='ocr_par' dir='ltr' id='par_1_97' title="bbox 2019 4186 3673 4256">
     <span class='ocr_line' id='line_1_98' title="bbox 2019 4186 3673 4256; baseline -0.001 -12"><span class='ocrx_word' id='word_1_706' title='bbox 2019 4188 2134 4244; x_wconf 90' lang='lat' dir='ltr'><strong>sint</strong></span> <span class='ocrx_word' id='word_1_707' title='bbox 2172 4186 2665 4255; x_wconf 90' lang='lat' dir='ltr'><strong>Virgineinterim</strong></span> <span class='ocrx_word' id='word_1_708' title='bbox 2708 4188 2784 4242; x_wconf 89' lang='lat' dir='ltr'><strong>ab</strong></span> <span class='ocrx_word' id='word_1_709' title='bbox 2815 4187 3166 4256; x_wconf 64' lang='lat' dir='ltr'><strong>aegritudine</strong></span> <span class='ocrx_word' id='word_1_710' title='bbox 3190 4202 3299 4242; x_wconf 88' lang='lat' dir='ltr'><strong>sua</strong></span> <span class='ocrx_word' id='word_1_711' title='bbox 3339 4193 3395 4243; x_wconf 92' lang='lat' dir='ltr'><strong>et</strong></span> <span class='ocrx_word' id='word_1_712' title='bbox 3424 4188 3673 4253; x_wconf 88' lang='lat' dir='ltr'><strong>tristitia,</strong></span> 
     </span>
    </p>
   </div>
   <div class='ocr_carea' id='block_1_98' title="bbox 2019 4274 3674 4344">
    <p class='ocr_par' dir='ltr' id='par_1_98' title="bbox 2019 4274 3674 4344">
     <span class='ocr_line' id='line_1_99' title="bbox 2019 4274 3674 4344; baseline 0 -11"><span class='ocrx_word' id='word_1_713' title='bbox 2019 4293 2090 4333; x_wconf 88' lang='lat' dir='ltr'><strong>ex</strong></span> <span class='ocrx_word' id='word_1_714' title='bbox 2108 4275 2404 4332; x_wconf 87' lang='lat' dir='ltr'><strong>calumnia</strong></span> <span class='ocrx_word' id='word_1_715' title='bbox 2420 4274 2519 4330; x_wconf 89' lang='lat' dir='ltr'><strong>illa</strong></span> <span class='ocrx_word' id='word_1_716' title='bbox 2531 4280 2585 4330; x_wconf 91' lang='lat' dir='ltr'><strong>et</strong></span> <span class='ocrx_word' id='word_1_717' title='bbox 2606 4275 2888 4330; x_wconf 91' lang='lat' dir='ltr'><strong>conviciis</strong></span> <span class='ocrx_word' id='word_1_718' title='bbox 2907 4275 3133 4344; x_wconf 87' lang='lat' dir='ltr'><strong>oborta,</strong></span> <span class='ocrx_word' id='word_1_719' title='bbox 3153 4277 3386 4344; x_wconf 90' lang='lat' dir='ltr'><strong>penitus</strong></span> <span class='ocrx_word' id='word_1_720' title='bbox 3405 4276 3674 4333; x_wconf 89' lang='lat' dir='ltr'><strong>liberata.</strong></span> 
     </span>
    </p>
   </div>
   <div class='ocr_carea' id='block_1_99' title="bbox 2023 4363 3678 4437">
    <p class='ocr_par' dir='ltr' id='par_1_99' title="bbox 2023 4363 3678 4437">
     <span class='ocr_line' id='line_1_100' title="bbox 2023 4363 3678 4437; baseline -0.001 -17"><span class='ocrx_word' id='word_1_721' title='bbox 2023 4369 2099 4421; x_wconf 85' lang='lat' dir='ltr'><strong>Ex</strong></span> <span class='ocrx_word' id='word_1_722' title='bbox 2120 4365 2364 4421; x_wconf 87' lang='lat' dir='ltr'><strong>historia</strong></span> <span class='ocrx_word' id='word_1_723' title='bbox 2381 4364 2540 4420; x_wconf 89' lang='lat' dir='ltr'><strong>enim</strong></span> <span class='ocrx_word' id='word_1_724' title='bbox 2554 4363 2909 4435; x_wconf 88' lang='lat' dir='ltr'><strong>accepimus,</strong></span> <span class='ocrx_word' id='word_1_725' title='bbox 2932 4381 3000 4436; x_wconf 86' lang='lat' dir='ltr'><strong>aq</strong></span> <span class='ocrx_word' id='word_1_726' title='bbox 3013 4382 3141 4420; x_wconf 88' lang='lat' dir='ltr'><strong>uam</strong></span> <span class='ocrx_word' id='word_1_727' title='bbox 3155 4365 3311 4421; x_wconf 87' lang='lat' dir='ltr'><strong>illam</strong></span> <span class='ocrx_word' id='word_1_728' title='bbox 3331 4365 3678 4437; x_wconf 89' lang='lat' dir='ltr'><strong>exploratri-</strong></span> 
     </span>
    </p>
   </div>
   <div class='ocr_carea' id='block_1_100' title="bbox 2020 4453 3673 4525">
    <p class='ocr_par' dir='ltr' id='par_1_100' title="bbox 2020 4453 3673 4525">
     <span class='ocr_line' id='line_1_101' title="bbox 2020 4453 3673 4525; baseline -0.001 -14"><span class='ocrx_word' id='word_1_729' title='bbox 2020 4472 2150 4511; x_wconf 92' lang='lat' dir='ltr'><strong>cem</strong></span> <span class='ocrx_word' id='word_1_730' title='bbox 2178 4455 2348 4525; x_wconf 88' lang='lat' dir='ltr'><strong>juxta</strong></span> <span class='ocrx_word' id='word_1_731' title='bbox 2379 4455 2557 4520; x_wconf 86' lang='lat' dir='ltr'><strong>Gabe,</strong></span> <span class='ocrx_word' id='word_1_732' title='bbox 2579 4454 2673 4520; x_wconf 84' lang='lat' dir='ltr'><strong>qui</strong></span> <span class='ocrx_word' id='word_1_733' title='bbox 2697 4453 2998 4509; x_wconf 63' lang='lat' dir='ltr'><strong>Palestina:</strong></span> <span class='ocrx_word' id='word_1_734' title='bbox 3033 4469 3207 4509; x_wconf 91' lang='lat' dir='ltr'><strong>mons</strong></span> <span class='ocrx_word' id='word_1_735' title='bbox 3231 4460 3338 4520; x_wconf 87' lang='lat' dir='ltr'><strong>est,</strong></span> <span class='ocrx_word' id='word_1_736' title='bbox 3371 4470 3673 4519; x_wconf 88' lang='lat' dir='ltr'><strong>manasse,</strong></span> 
     </span>
    </p>
   </div>
   <div class='ocr_carea' id='block_1_101' title="bbox 2021 4542 3677 4618">
    <p class='ocr_par' dir='ltr' id='par_1_101' title="bbox 2021 4542 3677 4618">
     <span class='ocr_line' id='line_1_102' title="bbox 2021 4542 3677 4618; baseline 0 -18"><span class='ocrx_word' id='word_1_737' title='bbox 2021 4545 2186 4618; x_wconf 88' lang='lat' dir='ltr'><strong>quod</strong></span> <span class='ocrx_word' id='word_1_738' title='bbox 2207 4543 2556 4616; x_wconf 80' lang='lat' dir='ltr'><strong>explorandi</strong></span> <span class='ocrx_word' id='word_1_739' title='bbox 2578 4558 2768 4612; x_wconf 87' lang='lat' dir='ltr'><strong>genus</strong></span> <span class='ocrx_word' id='word_1_740' title='bbox 2801 4543 2862 4597; x_wconf 91' lang='lat' dir='ltr'><strong>in</strong></span> <span class='ocrx_word' id='word_1_741' title='bbox 2892 4543 3284 4616; x_wconf 74' lang='lat' dir='ltr'><strong>feminis,quze</strong></span> <span class='ocrx_word' id='word_1_742' title='bbox 3313 4543 3403 4599; x_wconf 90' lang='lat' dir='ltr'><strong>vel</strong></span> <span class='ocrx_word' id='word_1_743' title='bbox 3437 4542 3677 4600; x_wconf 85' lang='lat' dir='ltr'><strong>castita-</strong></span> 
     </span>
    </p>
   </div>
   <div class='ocr_carea' id='block_1_102' title="bbox 2023 4632 3678 4697">
    <p class='ocr_par' dir='ltr' id='par_1_102' title="bbox 2023 4632 3678 4697">
     <span class='ocr_line' id='line_1_103' title="bbox 2023 4632 3678 4697; baseline -0.001 -6"><span class='ocrx_word' id='word_1_744' title='bbox 2023 4640 2144 4691; x_wconf 89' lang='lat' dir='ltr'><strong>tem</strong></span> <span class='ocrx_word' id='word_1_745' title='bbox 2174 4633 2464 4690; x_wconf 88' lang='lat' dir='ltr'><strong>illibatam</strong></span> <span class='ocrx_word' id='word_1_746' title='bbox 2486 4633 2794 4697; x_wconf 90' lang='lat' dir='ltr'><strong>servarint,</strong></span> <span class='ocrx_word' id='word_1_747' title='bbox 2832 4632 2916 4688; x_wconf 87' lang='lat' dir='ltr'><strong>vel</strong></span> <span class='ocrx_word' id='word_1_748' title='bbox 2945 4632 3176 4688; x_wconf 87' lang='lat' dir='ltr'><strong>furtivis</strong></span> <span class='ocrx_word' id='word_1_749' title='bbox 3209 4632 3520 4689; x_wconf 89' lang='lat' dir='ltr'><strong>amoribus</strong></span> <span class='ocrx_word' id='word_1_750' title='bbox 3553 4648 3678 4689; x_wconf 93' lang='lat' dir='ltr'><strong>cor-</strong></span> 
     </span>
    </p>
   </div>
   <div class='ocr_carea' id='block_1_103' title="bbox 2022 4722 3678 4798">
    <p class='ocr_par' dir='ltr' id='par_1_103' title="bbox 2022 4722 3678 4798">
     <span class='ocr_line' id='line_1_104' title="bbox 2022 4722 3678 4798; baseline -0.001 -18"><span class='ocrx_word' id='word_1_751' title='bbox 2022 4742 2134 4798; x_wconf 88' lang='lat' dir='ltr'><strong>pus</strong></span> <span class='ocrx_word' id='word_1_752' title='bbox 2176 4723 2540 4788; x_wconf 89' lang='lat' dir='ltr'><strong>macularint,</strong></span> <span class='ocrx_word' id='word_1_753' title='bbox 2577 4723 2912 4779; x_wconf 90' lang='lat' dir='ltr'><strong>adhibitum</strong></span> <span class='ocrx_word' id='word_1_754' title='bbox 2962 4723 3164 4793; x_wconf 90' lang='lat' dir='ltr'><strong>fuisse,</strong></span> <span class='ocrx_word' id='word_1_755' title='bbox 3207 4739 3315 4778; x_wconf 90' lang='lat' dir='ltr'><strong>nec</strong></span> <span class='ocrx_word' id='word_1_756' title='bbox 3371 4727 3539 4779; x_wconf 91' lang='lat' dir='ltr'><strong>vetus</strong></span> <span class='ocrx_word' id='word_1_757' title='bbox 3582 4722 3678 4778; x_wconf 89' lang='lat' dir='ltr'><strong>lex</strong></span> 
     </span>
    </p>
   </div>
   <div class='ocr_carea' id='block_1_104' title="bbox 2025 4812 3681 4886">
    <p class='ocr_par' dir='ltr' id='par_1_104' title="bbox 2025 4812 3681 4886">
     <span class='ocr_line' id='line_1_105' title="bbox 2025 4812 3681 4886; baseline -0.002 -15"><span class='ocrx_word' id='word_1_758' title='bbox 2025 4817 2278 4886; x_wconf 88' lang='lat' dir='ltr'><strong>ignorat.</strong></span> <span class='ocrx_word' id='word_1_759' title='bbox 2324 4813 2594 4870; x_wconf 86' lang='lat' dir='ltr'><strong>Fortasse</strong></span> <span class='ocrx_word' id='word_1_760' title='bbox 2627 4819 2825 4869; x_wconf 90' lang='lat' dir='ltr'><strong>tamen</strong></span> <span class='ocrx_word' id='word_1_761' title='bbox 2852 4814 3177 4869; x_wconf 88' lang='lat' dir='ltr'><strong>narrationi</strong></span> <span class='ocrx_word' id='word_1_762' title='bbox 3209 4813 3348 4868; x_wconf 90' lang='lat' dir='ltr'><strong>huic</strong></span> <span class='ocrx_word' id='word_1_763' title='bbox 3395 4812 3536 4868; x_wconf 79' lang='lat' dir='ltr'><strong>fides</strong></span> <span class='ocrx_word' id='word_1_764' title='bbox 3568 4812 3681 4868; x_wconf 89' lang='lat' dir='ltr'><strong>ha-</strong></span> 
     </span>
    </p>
   </div>
   <div class='ocr_carea' id='block_1_105' title="bbox 2024 4903 3680 4978">
    <p class='ocr_par' dir='ltr' id='par_1_105' title="bbox 2024 4903 3680 4978">
     <span class='ocr_line' id='line_1_106' title="bbox 2024 4903 3680 4978; baseline -0.002 -14"><span class='ocrx_word' id='word_1_765' title='bbox 2024 4909 2149 4965; x_wconf 88' lang='lat' dir='ltr'><strong>beri</strong></span> <span class='ocrx_word' id='word_1_766' title='bbox 2177 4923 2299 4963; x_wconf 90' lang='lat' dir='ltr'><strong>non</strong></span> <span class='ocrx_word' id='word_1_767' title='bbox 2318 4907 2522 4978; x_wconf 89' lang='lat' dir='ltr'><strong>possit,</strong></span> <span class='ocrx_word' id='word_1_768' title='bbox 2541 4905 2704 4978; x_wconf 90' lang='lat' dir='ltr'><strong>quod</strong></span> <span class='ocrx_word' id='word_1_769' title='bbox 2744 4903 3018 4977; x_wconf 89' lang='lat' dir='ltr'><strong>aquailla</strong></span> <span class='ocrx_word' id='word_1_770' title='bbox 3039 4903 3438 4976; x_wconf 88' lang='lat' dir='ltr'><strong>exploratoria</strong></span> <span class='ocrx_word' id='word_1_771' title='bbox 3466 4903 3680 4974; x_wconf 91' lang='lat' dir='ltr'><strong>virgini</strong></span> 
     </span>
    </p>
   </div>
   <div class='ocr_carea' id='block_1_106' title="bbox 2026 4994 3674 5067">
    <p class='ocr_par' dir='ltr' id='par_1_106' title="bbox 2026 4994 3674 5067">
     <span class='ocr_line' id='line_1_107' title="bbox 2026 4994 3674 5067; baseline -0.004 -12"><span class='ocrx_word' id='word_1_772' title='bbox 2026 4999 2274 5055; x_wconf 90' lang='lat' dir='ltr'><strong>admota</strong></span> <span class='ocrx_word' id='word_1_773' title='bbox 2305 5013 2439 5053; x_wconf 91' lang='lat' dir='ltr'><strong>esse</strong></span> <span class='ocrx_word' id='word_1_774' title='bbox 2461 4996 2685 5067; x_wconf 86' lang='lat' dir='ltr'><strong>legitur,</strong></span> <span class='ocrx_word' id='word_1_775' title='bbox 2711 4995 2830 5052; x_wconf 84' lang='lat' dir='ltr'><strong>fetu</strong></span> <span class='ocrx_word' id='word_1_776' title='bbox 2853 4994 3123 5051; x_wconf 90' lang='lat' dir='ltr'><strong>nondum</strong></span> <span class='ocrx_word' id='word_1_777' title='bbox 3144 4994 3320 5060; x_wconf 89' lang='lat' dir='ltr'><strong>edito,</strong></span> <span class='ocrx_word' id='word_1_778' title='bbox 3349 4994 3598 5067; x_wconf 88' lang='lat' dir='ltr'><strong>quando</strong></span> <span class='ocrx_word' id='word_1_779' title='bbox 3620 4999 3674 5050; x_wconf 87' lang='lat' dir='ltr'><strong>et</strong></span> 
     </span>
    </p>
   </div>
   <div class='ocr_carea' id='block_1_107' title="bbox 1879 5177 2102 5234">
    <p class='ocr_par' dir='ltr' id='par_1_107' title="bbox 1879 5177 2102 5234">
     <span class='ocr_line' id='line_1_108' title="bbox 1879 5177 2102 5234; baseline -0.013 -2"><span class='ocrx_word' id='word_1_780' title='bbox 1879 5177 2080 5234; x_wconf 66' lang='lat' dir='ltr'><strong>NOTIE</strong></span> <span class='ocrx_word' id='word_1_781' title='bbox 2090 5216 2102 5229; x_wconf 92' lang='lat'><strong>.</strong></span> 
     </span>
    </p>
   </div>
   <div class='ocr_carea' id='block_1_108' title="bbox 409 5326 690 5392">
    <p class='ocr_par' dir='ltr' id='par_1_108' title="bbox 409 5326 690 5392">
     <span class='ocr_line' id='line_1_109' title="bbox 409 5326 690 5392; baseline 0 -8"><span class='ocrx_word' id='word_1_782' title='bbox 409 5329 497 5392; x_wconf 83' lang='lat'><strong>59)</strong></span> <span class='ocrx_word' id='word_1_783' title='bbox 525 5326 690 5385; x_wconf 81' lang='lat' dir='ltr'><strong>Colb.</strong></span> 
     </span>
    </p>
   </div>
   <div class='ocr_carea' id='block_1_109' title="bbox 409 5401 477 5455">
    <p class='ocr_par' dir='ltr' id='par_1_109' title="bbox 409 5401 477 5455">
     <span class='ocr_line' id='line_1_110' title="bbox 409 5401 477 5455; baseline 0.015 -1"><span class='ocrx_word' id='word_1_784' title='bbox 409 5401 477 5455; x_wconf 87' lang='lat'><strong>60</strong></span> 
     </span>
    </p>
   </div>
   <div class='ocr_carea' id='block_1_110' title="bbox 383 5472 468 5537">
    <p class='ocr_par' dir='ltr' id='par_1_110' title="bbox 383 5472 468 5537">
     <span class='ocr_line' id='line_1_111' title="bbox 383 5472 468 5537; baseline -0.012 -10"><span class='ocrx_word' id='word_1_785' title='bbox 383 5472 468 5537; x_wconf 81' lang='grc'>(61</span> 
     </span>
    </p>
   </div>
   <div class='ocr_carea' id='block_1_111' title="bbox 381 5545 474 5612">
    <p class='ocr_par' dir='ltr' id='par_1_111' title="bbox 381 5545 474 5612">
     <span class='ocr_line' id='line_1_112' title="bbox 381 5545 474 5612; baseline -0.022 -14"><span class='ocrx_word' id='word_1_786' title='bbox 381 5545 474 5612; x_wconf 83' lang='grc'><strong>(62</strong></span> 
     </span>
    </p>
   </div>
   <div class='ocr_carea' id='block_1_112' title="bbox 387 5615 499 5688">
    <p class='ocr_par' dir='ltr' id='par_1_112' title="bbox 387 5615 499 5688">
     <span class='ocr_line' id='line_1_113' title="bbox 387 5615 499 5688; baseline 0 0"><span class='ocrx_word' id='word_1_787' title='bbox 387 5615 499 5688; x_wconf 79' lang='grc'><strong>(63)</strong></span> 
     </span>
    </p>
   </div>
   <div class='ocr_carea' id='block_1_113' title="bbox 725 5328 1236 5403">
    <p class='ocr_par' dir='ltr' id='par_1_113' title="bbox 725 5328 1236 5403">
     <span class='ocr_line' id='line_1_114' title="bbox 725 5328 1236 5403; baseline 0.008 -22"><span class='ocrx_word' id='word_1_788' title='bbox 725 5345 833 5402; x_wconf 82' lang='lat' dir='ltr'><strong>pro</strong></span> <span class='ocrx_word' id='word_1_789' title='bbox 865 5328 1236 5403; x_wconf 83' lang='grc' dir='ltr'><strong>ἀναφερόντων.</strong></span> 
     </span>
    </p>
   </div>
   <div class='ocr_carea' id='block_1_114' title="bbox 531 5401 1081 5474">
    <p class='ocr_par' dir='ltr' id='par_1_114' title="bbox 531 5401 1081 5474">
     <span class='ocr_line' id='line_1_115' title="bbox 531 5401 1081 5474; baseline 0.002 -19"><span class='ocrx_word' id='word_1_790' title='bbox 531 5401 693 5474; x_wconf 87' lang='lat' dir='ltr'><strong>Idem</strong></span> <span class='ocrx_word' id='word_1_791' title='bbox 726 5417 834 5474; x_wconf 90' lang='lat' dir='ltr'><strong>pro</strong></span> <span class='ocrx_word' id='word_1_792' title='bbox 864 5401 1081 5460; x_wconf 78' lang='grc' dir='ltr'><strong>ταύτην.</strong></span> 
     </span>
    </p>
   </div>
   <div class='ocr_carea' id='block_1_115' title="bbox 539 5473 1062 5546">
    <p class='ocr_par' dir='ltr' id='par_1_115' title="bbox 539 5473 1062 5546">
     <span class='ocr_line' id='line_1_116' title="bbox 539 5473 1062 5546; baseline -0.01 -17"><span class='ocrx_word' id='word_1_793' title='bbox 539 5473 743 5546; x_wconf 58' lang='lat' dir='ltr'><strong>Codex</strong></span> <span class='ocrx_word' id='word_1_794' title='bbox 772 5494 782 5532; x_wconf 90' lang='lat'><strong>:</strong></span> <span class='ocrx_word' id='word_1_795' title='bbox 818 5480 883 5546; x_wconf 79' lang='grc' dir='ltr'><strong>φή</strong></span> <span class='ocrx_word' id='word_1_796' title='bbox 894 5493 1062 5528; x_wconf 88' lang='grc' dir='ltr'><strong>σεται.</strong></span> 
     </span>
    </p>
   </div>
   <div class='ocr_carea' id='block_1_116' title="bbox 527 5543 1666 5618">
    <p class='ocr_par' dir='ltr' id='par_1_116' title="bbox 527 5543 1666 5618">
     <span class='ocr_line' id='line_1_117' title="bbox 527 5543 1666 5618; baseline 0.004 -18"><span class='ocrx_word' id='word_1_797' title='bbox 527 5549 674 5618; x_wconf 48' lang='lat' dir='ltr'><strong>ante</strong></span> <span class='ocrx_word' id='word_1_798' title='bbox 703 5543 947 5618; x_wconf 68' lang='grc' dir='ltr'><strong>λέγουσιν</strong></span> <span class='ocrx_word' id='word_1_799' title='bbox 967 5543 1260 5601; x_wconf 87' lang='lat' dir='ltr'><strong>excidisse</strong></span> <span class='ocrx_word' id='word_1_800' title='bbox 1280 5543 1340 5597; x_wconf 83' lang='grc' dir='ltr'><strong>ού</strong></span> <span class='ocrx_word' id='word_1_801' title='bbox 1373 5544 1666 5618; x_wconf 86' lang='lat' dir='ltr'><strong>suspicor.</strong></span> 
     </span>
    </p>
   </div>
   <div class='ocr_carea' id='block_1_117' title="bbox 530 5615 1478 5693">
    <p class='ocr_par' dir='ltr' id='par_1_117' title="bbox 530 5615 1478 5693">
     <span class='ocr_line' id='line_1_118' title="bbox 530 5615 1478 5693; baseline -0.007 -21"><span class='ocrx_word' id='word_1_802' title='bbox 530 5615 692 5674; x_wconf 88' lang='lat' dir='ltr'><strong>Colb.</strong></span> <span class='ocrx_word' id='word_1_803' title='bbox 716 5615 827 5690; x_wconf 84' lang='lat' dir='ltr'><strong>pro</strong></span> <span class='ocrx_word' id='word_1_804' title='bbox 857 5615 1177 5693; x_wconf 60' lang='lat' dir='ltr'><strong>ipGpéamai,</strong></span> <span class='ocrx_word' id='word_1_805' title='bbox 1469 5663 1478 5665; x_wconf 95' lang='lat'><em>_</em></span> 
     </span>
    </p>
   </div>
   <div class='ocr_carea' id='block_1_118' title="bbox 478 5401 500 5616">
    <p class='ocr_par' dir='ltr' id='par_1_118' title="bbox 478 5401 500 5616">
     <span class='ocr_line' id='line_1_119' title="bbox 478 5401 500 5616; baseline 0 0"><span class='ocrx_word' id='word_1_806' title='bbox 478 5401 500 5616; x_wconf 70' lang='grc' dir='ltr'><em>ξ</em></span> 
     </span>
    </p>
   </div>
   <div class='ocr_carea' id='block_1_119' title="bbox 2094 5327 2884 5405">
    <p class='ocr_par' dir='ltr' id='par_1_119' title="bbox 2094 5327 2884 5405">
     <span class='ocr_line' id='line_1_120' title="bbox 2094 5327 2884 5405; baseline 0 -17"><span class='ocrx_word' id='word_1_807' title='bbox 2094 5335 2186 5405; x_wconf 82' lang='grc'>(64</span> <span class='ocrx_word' id='word_1_808' title='bbox 2226 5332 2388 5388; x_wconf 88' lang='lat' dir='ltr'><strong>Colb.</strong></span> <span class='ocrx_word' id='word_1_809' title='bbox 2418 5347 2526 5404; x_wconf 89' lang='lat' dir='ltr'><strong>pro</strong></span> <span class='ocrx_word' id='word_1_810' title='bbox 2558 5327 2884 5404; x_wconf 80' lang='grc' dir='ltr'><strong>δυσφημίας.</strong></span> 
     </span>
    </p>
   </div>
   <div class='ocr_carea' id='block_1_120' title="bbox 2096 5405 2899 5548">
    <p class='ocr_par' dir='ltr' id='par_1_120' title="bbox 2096 5405 2899 5548">
     <span class='ocr_line' id='line_1_121' title="bbox 2120 5405 2899 5475; baseline -0.005 -14"><span class='ocrx_word' id='word_1_811' title='bbox 2120 5409 2208 5472; x_wconf 80' lang='grc'>65)</span> <span class='ocrx_word' id='word_1_812' title='bbox 2241 5405 2478 5460; x_wconf 84' lang='lat' dir='ltr'><strong>Numer.</strong></span> <span class='ocrx_word' id='word_1_813' title='bbox 2512 5421 2564 5468; x_wconf 89' lang='lat' dir='ltr'><strong>v,</strong></span> <span class='ocrx_word' id='word_1_814' title='bbox 2609 5405 2691 5457; x_wconf 84' lang='lat' dir='ltr'><strong>l7.</strong></span> <span class='ocrx_word' id='word_1_815' title='bbox 2728 5419 2899 5475; x_wconf 88' lang='lat' dir='ltr'><strong>seqq.</strong></span> 
     </span>
     <span class='ocr_line' id='line_1_122' title="bbox 2096 5410 2874 5548; baseline -0.008 -16"><span class='ocrx_word' id='word_1_816' title='bbox 2096 5410 2206 5548; x_wconf 75' lang='grc'>(66)</span> <span class='ocrx_word' id='word_1_817' title='bbox 2241 5478 2320 5532; x_wconf 87' lang='lat' dir='ltr'><strong>lta</strong></span> <span class='ocrx_word' id='word_1_818' title='bbox 2351 5474 2504 5530; x_wconf 90' lang='lat' dir='ltr'><strong>Colb.</strong></span> <span class='ocrx_word' id='word_1_819' title='bbox 2537 5491 2643 5547; x_wconf 87' lang='lat' dir='ltr'><strong>pro</strong></span> <span class='ocrx_word' id='word_1_820' title='bbox 2669 5474 2874 5548; x_wconf 70' lang='grc' dir='ltr'><strong>ἄλογον,</strong></span> 
     </span>
    </p>
   </div>
   <div class='ocr_carea' id='block_1_121' title="bbox 2120 5474 3684 5558">
    <p class='ocr_par' dir='ltr' id='par_1_121' title="bbox 2120 5474 3684 5558">
     <span class='ocr_line' id='line_1_123' title="bbox 2120 5474 3684 5558; baseline 0 -26"><span class='ocrx_word' id='word_1_821' title='bbox 2120 5477 2206 5558; x_wconf 86' lang='grc'><strong>66)</strong></span> <span class='ocrx_word' id='word_1_822' title='bbox 2241 5478 2320 5532; x_wconf 81' lang='grc' dir='ltr'><strong>[ιο.</strong></span> <span class='ocrx_word' id='word_1_823' title='bbox 2351 5474 2504 5556; x_wconf 79' lang='lat' dir='ltr'><strong>Colb.</strong></span> <span class='ocrx_word' id='word_1_824' title='bbox 2537 5491 2643 5547; x_wconf 87' lang='lat' dir='ltr'><strong>pro</strong></span> <span class='ocrx_word' id='word_1_825' title='bbox 2669 5474 2876 5548; x_wconf 67' lang='grc' dir='ltr'><strong>ἄλογον,</strong></span> <span class='ocrx_word' id='word_1_826' title='bbox 2903 5474 3194 5534; x_wconf 84' lang='lat' dir='ltr'><strong>Caeterum</strong></span> <span class='ocrx_word' id='word_1_827' title='bbox 3216 5491 3341 5536; x_wconf 88' lang='lat' dir='ltr'><strong>non</strong></span> <span class='ocrx_word' id='word_1_828' title='bbox 3371 5474 3517 5534; x_wconf 82' lang='lat' dir='ltr'><strong>satis</strong></span> <span class='ocrx_word' id='word_1_829' title='bbox 3555 5475 3684 5535; x_wconf 81' lang='lat' dir='ltr'><strong>haec</strong></span> 
     </span>
    </p>
   </div>
   <div class='ocr_carea' id='block_1_122' title="bbox 2031 5562 2471 5622">
    <p class='ocr_par' dir='ltr' id='par_1_122' title="bbox 2031 5562 2471 5622">
     <span class='ocr_line' id='line_1_124' title="bbox 2031 5562 2471 5622; baseline -0.002 -18"><span class='ocrx_word' id='word_1_830' title='bbox 2031 5564 2239 5606; x_wconf 82' lang='lat' dir='ltr'><strong>omnia</strong></span> <span class='ocrx_word' id='word_1_831' title='bbox 2276 5562 2471 5622; x_wconf 81' lang='lat' dir='ltr'><strong>capio.</strong></span> 
     </span>
    </p>
   </div>
  </div>
