4116 6194
482 260 580 317 831
1727 255 1965 312 ΡΗΟΤΙΙ
2011 258 2138 312 PA'I

2249 256 2495 314 \RCHAS
2533 258 2642 313 CP.

3751 261 3867 319 832

482 390 705 456 tempus
720 385 909 457 ipsum
923 384 1195 440 idoneam
1212 383 1523 440 dubitandi
1539 400 1773 439 causam
1790 383 2132 452 exhibebat,

2249 391 2420 459 κρίσις
2469 385 2562 436 ούκ
2608 384 2677 444 εἰς
2724 386 2782 435 τὸ
2814 383 3106 458 παράλογον
3137 384 3446 460 ύπεσύρετο,
3484 394 3577 438 τοῦ
3610 383 3669 439 δε
3700 392 3865 439 τόκου

483 479 536 529 et
570 474 864 544 judicium
908 490 1028 529 non
1088 478 1280 545 inepte
1320 473 1779 537 instituebatur;
1824 473 1941 528 fetu
1996 490 2134 529 vero

477 562 598 633 jam
623 564 797 627 edito,
832 568 890 617 et
916 568 1087 634 partu
1105 564 1331 630 agnito,
1348 578 1509 633 aqua
1530 561 2131 633 exploratorialocum

482 666 604 706 non
643 650 923 707 habebat.
964 650 1362 706 Nihilominus
1389 658 1588 706 tamen
1630 651 1688 706 in
1719 650 1968 706 historia
2005 651 2133 706 haec

484 739 820 795 traduntur.

554 829 788 885 Constat
832 828 977 883 mihi
1031 828 1199 898 alias,
1244 828 1463 885 multos
1503 836 1846 885 sanctorum
1886 828 2131 884 Patrum

483 921 760 983 statuere,
834 916 1101 987 gladium
1155 916 1323 972 illum
1364 917 1556 973 Mariae
1598 933 1836 990 semper
1883 918 2129 987 virginis

479 1006 749 1061 animum
788 1006 919 1077 ipso
960 1006 1233 1061 salutaris
1275 1006 1675 1077 perpessionis
1706 1014 1971 1077 tempore
2009 1021 2131 1061 ver-

480 1095 745 1159 berasse,
781 1095 1024 1165 quando
1053 1095 1153 1150 illa
1186 1094 1453 1151 dolorem
1482 1112 1657 1151 suum
1683 1096 1757 1150 de
1785 1096 1926 1151 Filio
1967 1112 2133 1150 acer-

480 1184 794 1257 bissimum
826 1190 883 1239 et
905 1186 1318 1239 vehementem
1344 1185 1702 1256 insitamque
1725 1185 1839 1240 sibi
1868 1184 2045 1240 matri
2070 1184 2130 1239 in

480 1273 669 1329 ﬁlium
700 1273 1275 1329 commiserationem
1299 1280 1423 1329 tum
1444 1273 1677 1330 tristitia
1716 1290 1982 1339 summa,
2006 1280 2131 1330 tum

480 1362 743 1419 violento
766 1364 1041 1419 viscerum
1069 1369 1237 1419 motu
1270 1368 1547 1419 testatam
1578 1363 1797 1419 fecerit.
1824 1367 1940 1419 Hoc
1970 1364 2130 1419 enim

481 1452 691 1508 matris
715 1452 918 1508 dolore
945 1452 1171 1508 factum
1202 1469 1350 1518 esse,
1384 1459 1443 1507 ut
1466 1452 1856 1523 cogitationes
1882 1469 1953 1508 ex
1985 1453 2132 1508 mul-

480 1547 663 1596 torum
682 1541 964 1596 cordibus
981 1542 1415 1611 detegerentur,
1446 1547 1503 1596 et
1520 1548 1639 1597 tum
1666 1542 1766 1606 illi,
1800 1542 1904 1612 qui
1929 1543 2133 1612 ipsum

482 1630 799 1685 Dominum
848 1635 1122 1685 nostrum
1161 1646 1404 1685 carnem
1459 1636 1686 1686 tantum
1727 1630 1923 1701 specie
1962 1636 2134 1685 tenus

2245 475 2599 546 προελθοντος,
2639 478 2729 524 καὶ
2781 481 2869 525 τοῦ
2923 471 3144 546 βρέφους
3197 473 3543 546 ἐγνωσμένου,
3590 483 3693 527 ποῦ
3741 496 3866 527 και-

2242 568 2332 637 ρόν
2362 560 2500 634 εἶχεν
2538 566 2597 613 τὸ
2628 559 2771 635 ὕδωρ
2805 570 2899 622 τῆς
2928 562 3165 633 ἐλέγξεως
3198 580 3211 630 ;
3412 573 3566 616 τοῦτο
3722 568 3867 616 κατὰ

2244 658 2335 710 τὴν
2369 656 2599 727 ἱστορίαν
2632 654 2770 723 ὅμως
2800 655 3029 725 εἴρηται,

2314 825 2455 881 Οἶδα
2512 826 2590 894 δε,
2639 829 2851 889 πολλούς
2902 837 3001 881 τῶν
3056 831 3200 904 ἱερῶν
3246 831 3391 901 ἡμῶν
3434 835 3672 903 Πατέρων
3725 832 3851 905 ῥομ-

2242 924 2396 991 φαίαν
2444 919 2769 991 ἐξειληφὸτας
2816 915 3031 970 διελθεῖν
3079 923 3172 977 τὴν
3201 918 3389 990 ψυχὴν
3435 928 3527 981 τῆς
3575 920 3857 994 ἀειπαρθέ-

2240 1028 2327 1060 νου
2384 1013 2609 1082 Μαρίας,
2665 1009 2799 1059 κατὰ
2840 1010 2926 1059 τὸν
2972 1011 3151 1079 καιρὸν
3205 1016 3299 1059 τοῦ
3332 1014 3595 1079 σωτηρίου
3650 1012 3861 1069 πάθους

2239 1098 2401 1155 αὐτὴν
2450 1102 2542 1155 τὴν
2590 1104 2969 1168 κατασχοῦσαν
3011 1100 3201 1169 πικρὰν
3242 1102 3332 1149 καὶ
3359 1094 3622 1170 ὀδυνηρὰν
3649 1097 3737 1151 ἐπὶ
3783 1107 3861 1169 τῷ

2239 1192 2395 1259 τέκνῳ
2448 1184 2735 1257 ἀλγηδόνα,
2785 1191 2874 1237 καὶ
2936 1194 3006 1256 τῷ
3074 1185 3438 1258 ἀνυπερϐλήτῳ
3493 1197 3591 1249 τῆς
3649 1188 3853 1249 λύπης,

2240 1283 2328 1329 καὶ
2381 1284 2451 1345 τῷ
2509 1274 2801 1349 ἐξῃρημένῳ
2867 1283 3162 1347 σπαραγμῷ
3219 1284 3319 1327 τῶν
3372 1275 3697 1348 σπλάγχνων
3757 1284 3862 1335 τῆν

2242 1370 2462 1438 ἔμφυτον
2518 1369 2642 1436 πρὸς
2704 1368 2789 1415 τὸν
2838 1366 2955 1417 Υἱὸν
3022 1369 3281 1439 μητρικην
3331 1367 3663 1437 συμπάθειαν
3748 1365 3866 1417 ἐπι-

2245 1452 2439 1517 δεῖξαι.
2504 1460 2604 1506 Καὶ
2659 1450 2751 1505 διὰ
2795 1460 2889 1513 τῆς
2943 1460 3205 1524 μητρικῆς
3253 1456 3445 1513 ταύτης
3496 1456 3861 1526 συμπαθείας,

2245 1544 2301 1596 ἐκ
2352 1544 2547 1596 πολλῶν
2596 1538 2826 1613 καρδιῶν
2913 1541 3197 1614 λογισμούς
3253 1541 3709 1614 ἀποκαλυφθῆναι,
3768 1549 3865 1596 καὶ

2248 1631 2619 1704 διελεγχθῆναι
2649 1634 2763 1691 τούς
2806 1650 2859 1683 τε
2907 1634 3043 1682 κατά
3088 1637 3376 1699 φαντασίαν
3421 1636 3514 1689 την
3564 1634 3743 1704 σάρκα
3770 1652 3868 1703 φο-

480 1720 912 1775 circumtulisse
938 1720 1133 1790 inepte
1165 1719 1489 1789 ﬁngebant,
1526 1727 1649 1775 tum
1682 1719 1782 1786 illi,
1811 1736 1962 1791 quos
2014 1736 2134 1775 non

2249 1728 2415 1797 ρέσαι,
2474 1728 2563 1773 καὶ
2612 1724 2697 1773 τὸν
2738 1720 2927 1793 Κύριον
2978 1721 3122 1792 ἡμῶν
3176 1720 3380 1778 Ἰησοῦν
3437 1725 3662 1793 Χριστὸν
3706 1741 3867 1795 τερα-

482 1824 555 1863 ex
580 1808 831 1877 Virgine.
858 1809 961 1863 sed
993 1825 1065 1863 ex
1084 1811 1252 1879 ccelo,
1277 1825 1519 1864 carnem
1547 1809 1707 1864 illam
1729 1815 1988 1880 repetere
2014 1824 2137 1864 non

2249 1813 2607 1882 τολογοῦντας,
2660 1814 2748 1861 καὶ
2787 1813 2909 1871 τοὺς
2955 1810 3050 1861 οῦκ
3089 1808 3143 1861 ἐκ
3195 1818 3287 1869 τῆς
3336 1812 3624 1882 Παρθένου,
3677 1810 3733 1872 ἐξ
3766 1811 3865 1862 ού-

480 1896 765 1968 pudebat,
809 1897 1327 1953 confundereutur.
1372 1898 1540 1963 Quod
1584 1899 1631 1952 si
1682 1914 1821 1953 vero
1874 1898 2136 1967 gladium

478 1984 649 2041 illum
674 1985 926 2054 Virginis
952 1987 1223 2042 animum
1246 1986 1423 2042 etiam
1443 1993 1581 2041 tunc
1612 1987 1941 2043 confodisse
1980 1986 2139 2042 dica-

481 2091 638 2141 mus,
693 2076 934 2147 quando
1006 2084 1280 2148 parentes
1328 2076 1541 2131 Filium
1582 2082 1716 2148 post
1756 2093 1814 2131 se
1845 2076 2135 2141 relictum,

480 2163 749 2219 confecta
772 2164 899 2234 jam
922 2164 1104 2233 longa
1129 2164 1243 2229 via,
1269 2180 1389 2219 non
1420 2164 1793 2230 invenerunt,
1816 2164 1936 2219 imo
1959 2164 2138 2220 etiam

478 2253 718 2317 reversi,
743 2259 1025 2325 tanquam
1053 2253 1397 2309 thesaurum
1427 2254 1827 2325 deperditum,
1851 2254 2137 2325 quaesive-

479 2346 639 2408 runt,
675 2341 815 2395 nihil
859 2342 1243 2397 statuerimus
1268 2345 1430 2414 quod
1486 2350 1651 2398 recta:
1674 2342 1889 2398 rationi
1931 2342 2143 2397 adver-

482 2436 661 2485 setur.
685 2433 834 2485 Nam
861 2433 1039 2486 etiam
1071 2437 1209 2486 tunc
1227 2448 1298 2486 ex
1322 2432 1647 2487 multorum
1665 2431 1950 2486 cordibus
1982 2430 2140 2500 cogi-

483 2520 734 2574 tationes
765 2519 1194 2589 detegebantur
1229 2536 1241 2585 ;
1272 2520 1507 2589 Virgine
1552 2520 1771 2575 scilicet
1805 2521 1884 2575 ad
1932 2520 2139 2575 Filium

482 2607 715 2662 dicente
743 2623 757 2661 ;
796 2628 824 2658 «
852 2610 965 2678 Ego
990 2614 1045 2662 et
1076 2614 1241 2679 pater
1264 2614 1398 2664 tuus
1429 2626 1567 2664 cum
1598 2609 1802 2665 dolore
1836 2618 1886 2665 te
1928 2608 2144 2681 quaesi-

482 2698 669 2751 vimus
692 2698 737 2730 δι
758 2712 815 2763 ;››
846 2697 1031 2752 Verbo
1049 2703 1241 2752 autem
1266 2697 1643 2768 hypostatico
1667 2704 1723 2754 et
1743 2714 1919 2753 carne
1938 2698 2140 2752 induto

480 2786 882 2857 respondente
912 2804 923 2841 :
964 2808 984 2835 ι
1031 2786 1183 2851 Quid
1214 2791 1322 2853 est,
1355 2786 1521 2858 quod
1570 2803 1665 2842 me
1700 2786 2085 2858 quaesiveritis
2116 2786 2143 2840 ?

480 2890 681 2931 nonne
721 2874 997 2930 sciebatis
1037 2892 1131 2931 me
1174 2891 1303 2931 esse
1343 2876 1558 2932 debere
1591 2876 1645 2931 in
1676 2877 1746 2931 iis
1786 2892 1919 2947 quae
1953 2876 2139 2931 Patris

481 2965 599 3020 mei
623 2971 761 3019 sunt
791 2965 838 2999 ⁸⁵
868 2966 887 3018 Ρ
919 2985 947 3013 ιο
974 2966 1087 3021 hoc
1120 2964 1253 3037 ipso
1279 2981 1416 3020 vero
1439 2965 1726 3021 illustrem
1759 2964 1926 3020 illum
1959 2981 2138 3037 popu-

2253 2980 2343 3023 τοῦ
2399 2974 2600 3044 Πατρός
2643 2989 2741 3041 μου
2797 2965 2881 3021 δεῖ
2925 2965 3052 3020 εἷναί
3099 2988 3161 3040 με
3185 2988 3208 3033 ;
3245 2991 3263 3017 ι
3312 2976 3401 3021 καί
3450 2967 3739 3031 δηλοῦντος
3780 2974 3866 3022 τὸν

480 3051 604 3109 lum
652 3054 974 3123 indicante,
1006 3055 1108 3127 qui
1143 3060 1199 3111 et
1248 3054 1541 3126 templum
1597 3061 1653 3110 et
1681 3054 1899 3110 domus
1955 3055 2138 3109 Patris

2254 3065 2570 3130 περιώνυμον
2618 3058 2759 3127 λαὸν,
2812 3060 2861 3118 ὃς
2913 3065 3004 3109 τοῦ
3052 3061 3247 3129 Πατρός
3306 3064 3427 3119 νεώς
3480 3077 3532 3109 τε
3587 3063 3679 3110 καὶ
3724 3056 3866 3121 οἶκος

480 3143 911 3215 appellabatur.
952 3144 1101 3199 Dum
1128 3144 1287 3200 enim
1321 3145 1495 3200 Filius
1542 3147 1763 3200 Patrem
1798 3160 1979 3198 suum
2026 3142 2142 3199 cla-

480 3232 713 3287 rissime
733 3233 1130 3304 proﬁtebatur,
1152 3233 1309 3289 clare
1334 3233 1508 3289 etiam
1527 3232 1919 3303 cogitationes
1944 3248 2144 3287 eorum

481 3322 931 3390 detegebantur,
960 3325 1063 3394 qui
1090 3339 1230 3378 eum
1257 3323 1535 3379 dicebant
1576 3338 1699 3378 non
1731 3321 1889 3378 fabri
1928 3322 2139 3389 ﬁlium,

481 3425 591 3465 nec
631 3410 890 3465 hominis
916 3412 1154 3467 alterius
1186 3411 1477 3477 sobolem,
1512 3411 1615 3466 sed
1656 3412 1811 3467 illius
1842 3427 1999 3475 esse,
2042 3412 2144 3482 qui

484 3505 619 3555 ante
646 3500 861 3554 saecula
888 3501 1173 3569 genuerit.
1209 3500 1379 3566 Quod
1419 3516 1554 3555 vero
1594 3500 1865 3555 nonnulli
1914 3501 2140 3567 dicunt,

484 3588 751 3659 gladium
810 3588 977 3643 illum
1027 3589 1298 3644 animum
1340 3590 1463 3658 ejus
1522 3590 1873 3659 pervasisse,
1931 3588 2143 3646 oborta

485 3677 874 3741 dubitatione,
897 3694 974 3733 an
1001 3678 1317 3733 cruciﬁxus
1342 3678 1436 3732 ille
1468 3678 1721 3732 fortasse
1744 3694 1866 3733 non
1892 3678 1962 3733 sit
1985 3679 2142 3734 Deus

484 3765 545 3821 id
574 3782 884 3838 nunquam
910 3783 1021 3837 ego
1047 3766 1318 3836 dixerim,
1347 3766 1629 3839 quamvis
1662 3783 1697 3823 a
1735 3767 2039 3823 nonnullis
2072 3770 2144 3824 sit

486 3856 726 3911 dictum.

486 3996 489 3997 ν
561 3965 589 3996 α
617 3947 681 3999 Et
709 3951 853 4010 erat,
912 3944 1122 4019 inquit,
1169 3948 1344 4001 Anna
1383 3944 1781 4017 prophetissa,
1826 3946 2141 4003 Phanuelis

484 4034 627 4099 ﬁlia,
658 4051 731 4090 ex
762 4035 919 4091 tribu
942 4039 1103 4103 Aser,
1134 4058 1154 4085 ι
1186 4041 1295 4091 etc.
1326 4058 1352 4084 «
1389 4038 1451 4091 Et
1480 4035 1579 4091 illa
1600 4036 1779 4091 vidua
1796 4042 1922 4092 erat
1951 4052 2143 4093 anno-

484 4140 642 4191 rum,
670 4124 897 4180 circiter
922 4131 1178 4195 quatuor
1216 4131 1271 4181 et
1309 4125 1611 4194 octoginta
1642 4126 1711 4183 ⁸⁶.
1752 4143 1783 4179 ν
1814 4132 1979 4182 Anna
2010 4143 2143 4198 pro-

484 4214 767 4287 phetissa,
803 4215 1116 4270 Phanuelis
1147 4215 1287 4280 ﬁlia,
1321 4215 1410 4269 his
1459 4214 1807 4271 differentia:
1843 4215 2139 4287 capitibus

485 4300 861 4372 distinguitur
890 4320 926 4359 a
953 4310 1136 4358 matre
1170 4303 1423 4373 Virginis
1454 4322 1467 4371 ;
1498 4303 1709 4359 eadem
1732 4319 1869 4359 vero
1900 4304 2139 4374 egregio

485 4391 768 4447 virtutum
789 4392 1061 4447 omnium
1094 4392 1290 4447 studio
1319 4408 1440 4464 pra:
1462 4393 1684 4447 caeteris
1708 4392 2029 4448 eminebat.
2060 4395 2140 4447 Ex

487 4494 553 4534 eo
606 4482 785 4545 enim,
818 4483 981 4554 quod
1020 4498 1056 4538 a
1108 4481 1332 4553 templo
1372 4498 1495 4538 non
1526 4482 1861 4546 recedebat,
1898 4481 2140 4552 jejuniis

485 4584 629 4625 vero
649 4575 705 4625 et
729 4570 1010 4641 precibus
1033 4578 1278 4627 noctuet
1300 4571 1557 4627 interdiu
1577 4572 1848 4637 vacabat,
1870 4577 2137 4644 apparet,

486 4658 755 4714 eamdem
772 4660 1126 4732 reliquarum
1144 4662 1314 4716 etiam
1340 4662 1607 4717 virtutum
1630 4676 1853 4716 corona
1874 4666 2140 4716 ornatam

482 4747 684 4804 fuisse.
750 4751 843 4804 His
875 4766 1015 4806 vero
1047 4750 1144 4806 illa
1174 4751 1491 4807 virtutibus
1545 4751 1709 4822 quod
1753 4751 1828 4806 ad
1870 4752 2140 4806 animum

2248 1910 2403 1975 ρανοῦ
2451 1898 2509 1952 δε
2553 1902 2747 1956 ταύτην
2798 1907 3113 1969 καταγαγεῖν
3166 1898 3752 1969 ἁπαναισχυντοῦντας.
3804 1900 3870 1955 Εἰ

2251 1989 2309 2044 δε
2357 1995 2445 2042 καὶ
2500 1996 2788 2047 τηνικαῦτα
2835 1984 3134 2045 διελήλυθεν
3184 1996 3275 2048 τῆς
3315 1990 3570 2061 Πορθένου
3618 1995 3713 2045 τὴν
3758 1989 3869 2059 φυσ-

2249 2085 2356 2153 χην
2398 2081 2650 2153 ῥομφαία,
2703 2079 2857 2135 ηνίκα
2907 2077 3191 2138 λελοιπότες
3239 2081 3326 2128 τὸν
3374 2074 3564 2143 παῖδα,
3622 2082 3757 2148 μετά
3808 2082 3869 2129 τό

2250 2170 2439 2227 πολλὴν
2498 2165 2620 2219 ὁδὸν
2674 2163 2943 2231 διανύσαι,
3003 2172 3075 2238 μη
3127 2166 3272 2239 εὗρον
3337 2175 3540 2231 τοῦτον,
3595 2166 3731 2218 ἀλλὰ
3776 2173 3870 2219 καὶ

2251 2256 2661 2328 ὑποστρέψαντες
2711 2255 3011 2319 ἐπεζήτουν,
3067 2258 3135 2317 ὡς
3185 2252 3292 2313 ἤδη
3326 2258 3411 2307 τὸν
3467 2258 3741 2328 θησαυρὸν
3768 2255 3871 2308 ἀπ-

2248 2348 2536 2413 λωλεκότες,
2596 2344 2746 2397 ούδεν
2816 2346 2876 2397 ἄν
2930 2348 3004 2401 ε’ίη
3066 2347 3209 2420 παρὰ
3260 2349 3344 2397 τὸν
3393 2346 3546 2420 ὀρθὸν
3594 2341 3873 2404 διανενοης

2250 2444 2395 2511 μένον
2446 2436 2615 2508 λόγον.
2672 2440 2772 2487 Καὶ
2831 2437 2932 2508 γὰρ
3020 2440 3109 2486 καὶ
3184 2442 3475 2492 τηνικαῦτα
3539 2434 3597 2487 ἐκ
3669 2434 3871 2487 πολλῶν

2250 2524 2478 2600 καρδιῶν
2532 2523 2965 2595 ἀπεκαλύφθησαν
3011 2519 3369 2595 διαλογισμοὶ,
3431 2533 3527 2586 τῆς
3584 2527 3678 2595 μὲν
3737 2531 3876 2597 Παρ-

2254 2619 2395 2669 θενου
2444 2618 2571 2688 πρὸς
2619 2618 2702 2665 τόν
2754 2609 2931 2664 Παῖδα
2985 2612 3261 2683 λεγούσηςυ
3310 2636 3332 2662 ε
3369 2614 3501 2683 Ἐγὼ
3543 2617 3638 2665 καὶ
3692 2615 3718 2664 ὁ
3760 2634 3875 2665 πα-

2253 2712 2343 2780 τὴρ
2405 2724 2499 2755 σου
2560 2699 2875 2773 ὀδυνώμενοι
2922 2701 3200 2773 ἐζητοῦμεν
3249 2721 3329 2755 σε.
3360 2724 3377 2750 ι
3433 2708 3536 2754 Τοῦ
3583 2698 3642 2754 δε
3690 2700 3873 2754 ἔνυττο-

2256 2794 2447 2845 στάτου
2494 2798 2667 2862 Λόγου
2722 2795 2810 2843 καὶ
2885 2792 3056 2862 σάρκα
3130 2794 3441 2862 φορέσαντος
3496 2789 3876 2863 ἀνταποκρινο-

2251 2888 2425 2954 μένου,
2482 2905 2508 2932 ‹‹
2553 2886 2635 2950 Τί,
2671 2882 2750 2932 ὅτι
2796 2878 3021 2940 ἐζητεῖτέ
3050 2898 3112 2951 με
3146 2897 3158 2945 ;
3188 2879 3281 2931 ούκ
3311 2876 3506 2953 ᾔδειτε,
3536 2881 3617 2931 ὅτι
3668 2884 3718 2931 ἐν
3764 2888 3870 2940 τοῖς

2253 3148 2639 3219 ἐπωνομάζετο.
2689 3148 2798 3201 Καὶ
2839 3149 2940 3219 γὰρ
2972 3150 3057 3198 τὸν
3104 3143 3241 3199 ῖδιον
3295 3154 3501 3221 Πατέρα
3531 3155 3716 3217 σαφῶς
3748 3146 3870 3198 ἁνα-

2252 3237 2566 3310 κηρύξαντος
2607 3244 2699 3288 τοῦ
2766 3238 2887 3288 Υἰοῦ
2949 3244 3126 3307 σαφῶς
3182 3234 3622 3307 ἀπεκαλύφθησαν
3655 3239 3707 3287 οὶ
3751 3233 3870 3287 διας

2252 3326 2496 3398 λογισμοὶ
2549 3334 2647 3377 τῶν
2687 3325 2935 3397 λεγόντων
2984 3325 3139 3377 αὐτὸν
3188 3325 3282 3377 οῦκ
3322 3326 3435 3396 (67)
3480 3321 3613 3377 εἶναι
3657 3334 3751 3376 τοῦ
3795 3332 3873 3377 τέ-

2251 3435 2425 3476 κτονος
2476 3418 2608 3479 υἱὸν,
2659 3411 2774 3466 οὐδ’
2824 3415 2983 3476 ἄλλης
3031 3418 3165 3476 τινὸς
3212 3413 3439 3485 ἱπιγείου
3485 3420 3710 3489 σπορᾶς,
3746 3413 3874 3465 ἀλλὰ

2251 3512 2342 3557 τοῦ
2401 3524 2500 3576 προ
2555 3505 2735 3564 αἰῶνος
2783 3509 3143 3574 γεγεννηκότος
3192 3503 3367 3555 αὐτον.
3414 3507 3511 3556 Τὸν
3562 3508 3742 3575 μέντοι
3790 3503 3873 3554 λο-

2251 3614 2363 3665 γον,
2410 3597 2495 3645 τὸν
2541 3592 2775 3664 λέγοντα,
2810 3594 3070 3666 ῥομφαίαν
3120 3592 3282 3654 αὐτῆς
3308 3596 3400 3650 τὴν
3443 3592 3634 3662 ψυχὴν
3666 3591 3720 3654 ἐξ
3764 3591 3865 3663 ἀμ-

2253 3681 2487 3755 φιϐολίας
2537 3678 2773 3748 διελθεῖν,
2830 3685 2899 3742 ὡς
2941 3680 3132 3753 μήποτ’
3182 3681 3273 3733 ούκ
3324 3684 3398 3739 εἴη
3451 3684 3578 3740 Θεὸς
3624 3682 3649 3731 6
3702 3700 3869 3731 σταν-

2249 3776 2516 3848 ρούμενος,
2563 3772 2605 3824 εἰ
2645 3777 2733 3823 καί
2786 3790 2924 3823 τισιν
2972 3769 3189 3846 ἐρρηθη,
3241 3770 3347 3823 ἀλλ’
3404 3770 3495 3822 ούκ
3535 3772 3599 3821 ἄν
3630 3769 3746 3841 ἐμοὶ
3772 3772 3870 3846 ρηο

2254 3864 2363 3921 θείη
2376 3904 2387 3917 .

2324 3972 2352 4002 a
2389 3956 2485 4003 Καὶ
2516 3946 2596 4015 ἧν,
2626 3952 2804 4019 φησίν,
2834 3948 2991 4002 ⁴Δννα
3029 3957 3282 4022 προφῆτις
3315 3951 3574 4022 θυγάτηρ,
3602 3948 3866 4013 Φανουὴλ,

2251 4039 2305 4091 ἐκ
2354 4040 2514 4112 φυλῆς
2557 4041 2748 4113 Ἀσὴρ,
2782 4040 2869 4099 ἔως
2899 4038 2979 4103 οὗ,
3018 4059 3040 4088 α
3095 4042 3193 4091 Καὶ
3242 4037 3373 4095 αὕτη
3422 4044 3584 4112 χεῖρα
3618 4040 3688 4099 ὡς
3740 4036 3867 4088 ἑτῶν

2250 4125 2577 4200 ὀγδοήκοντα
2630 4130 2916 4202 τεσσάρων.
2966 4150 2994 4181 η
3050 4126 3214 4182 Ἀννα
3271 4135 3547 4201 προφῆτις,
3624 4128 3867 4199 θυγάτηρ

2251 4218 2503 4283 Φανουὴλ,
2554 4220 2767 4278 ταύταις
2820 4214 3183 4269 διαστέλλεται
3231 4224 3343 4278 ταῖς
3399 4214 3677 4290 διαφοραῖς
3730 4216 3866 4271 αὕτη

2249 4313 2379 4384 πρὸς
2433 4312 2524 4366 τὴν
2574 4315 2666 4369 τῆς
2726 4308 2986 4380 Παρθένου
3041 4310 3259 4379 μητέρα·
3317 4302 3568 4377 διέλαμπε
3630 4302 3691 4357 δὲ
3752 4312 3869 4366 ταῖς

2251 4397 2457 4471 ἀρεταῖς
2512 4396 2757 4455 ἁπάσαις.
2819 4396 2907 4447 Ἐκ
2966 4398 3065 4469 γὰρ
3125 4402 3215 4447 τοῦ
3255 4398 3327 4466 μὴ
3380 4392 3716 4465 ἀφίστασθαι
3774 4403 3869 4445 τοῦ

2253 4488 2408 4560 ἱεροῦ,
2464 4491 2552 4537 καὶ
2607 4490 2886 4549 νηστείαις,
2940 4489 3025 4536 καὶ
3083 4480 3327 4543 δεήσεσίν
3385 4483 3647 4558 λατρεύειν
3703 4485 3873 4535 νύκτα

2251 4580 2339 4627 καὶ
2393 4577 2607 4649 ἡμέραν,
2660 4571 2838 4641 δῆλον,
2884 4575 2949 4634 ὡς
2990 4579 3080 4625 καὶ
3124 4575 3149 4624 ὁ
3189 4572 3365 4634 λοιπὸς
3397 4573 3522 4639 αύτῇ
3561 4581 3663 4623 τῶν
3700 4572 3867 4623 ἄλλων

2174 4456 2218 4510 D

2254 4663 2443 4737 ἀρετῶν
2489 4683 2767 4737 συμπαρην
2830 4666 3013 4736 χορός.
3070 4660 3176 4733 Ὑφ’
3228 4663 3294 4712 ὧν
3352 4663 3711 4732 κεκαθαρμένη
3777 4665 3866 4712 τὸν

2252 4761 2389 4820 νοῦν,
2440 4758 2527 4805 καὶ
2574 4761 2665 4805 τοῦ
2737 4757 2993 4823 παναγίου
3066 4754 3354 4823 Πνεύματος
3405 4754 3721 4822 γεγενημένη
3776 4746 3867 4801 δο-

486 4839 799 4905 inundata,
856 4846 909 4895 et
968 4841 1324 4897 sanctissimi
1384 4841 1629 4912 Spiritus
1672 4840 1913 4897 ofﬁcina
1964 4840 2138 4907 facta,

487 4927 879 5000 ejusdemque
910 4930 1167 5001 aloquiis
1207 4930 1415 4996 ditata,
1481 4930 1694 4985 eadem
1752 4930 1903 4987 hora
1933 4937 2141 4987 astans

488 5018 904 5085 conﬁtebatur,
940 5024 997 5075 et
1036 5020 1389 5091 loquebatur
1431 5020 1505 5076 de
1541 5037 1611 5075 eo
1644 5020 1719 5075 ad
1752 5020 1881 5075 illos
1908 5037 2139 5088 omnes,

487 5106 592 5177 qui
618 5105 1029 5164 liberationem
1068 5110 1484 5181 Hierosolymis
1506 5110 1948 5182 exspectabant,
1984 5130 2012 5162 α
2037 5113 2145 5177 Ea-

488 5196 649 5263 dem,
683 5195 893 5268 inquit,
926 5200 1073 5255 hora
1105 5208 1369 5255 astans».
1404 5202 1532 5265 Qua
1559 5216 1695 5255 vero
1726 5200 1865 5255 illa?
1890 5200 1991 5257 Illa
2016 5217 2143 5257 om-

562 5312 607 5346 ⁸⁴
642 5314 776 5367 Luc.
812 5330 869 5379 ll,
905 5318 992 5370 35.
1025 5315 1071 5351 ⁸⁵
1100 5314 1245 5373 ibid.
1274 5318 1341 5371 48
1368 5332 1486 5387 seq.
1522 5316 1567 5351 ⁸⁸
1592 5316 1802 5373 Matth.
1833 5331 1955 5383 xui,
1992 5320 2076 5372 55.

2250 4851 2417 4915 χεῖον,
2471 4847 2557 4894 καὶ
2602 4846 2687 4902 τὰς
2736 4843 2858 4914 παρ’
2901 4841 3059 4893 αὐτοῦ
3094 4836 3357 4913 δεχομένη
3409 4838 3678 4911 ἐμφάσεις,
3727 4842 3862 4910 αὐτῇ

2252 4941 2312 5004 τῇ
2370 4934 2480 5007 ὡρᾳ
2530 4934 2792 4983 ἐπιστᾶσα
2844 4930 3249 5002 ἀνθωμολογεῖτο
3299 4930 3405 4999 (68)
3446 4933 3533 4979 καὶ
3582 4927 3753 4980 ἐλάλει
3802 4932 3867 4979 τὰ

2252 5027 2369 5096 περὶ
2424 5022 2585 5072 αὐτοῦ
2632 5027 2764 5072 πᾶσι
2834 5026 2939 5079 τοῖς
3004 5014 3449 5093 προσδεχομένοις
3499 5017 3763 5091 λύτρωσιν
3816 5022 3866 5069 εν

2250 5109 2610 5185 Ἰερουσαλήμ.
2641 5131 2666 5157 (ε
2700 5107 2839 5181 Αύτῇ
2872 5116 2930 5181 τῇ
2962 5109 3071 5181 ὥρᾳ
3097 5106 3381 5172 ἐπιστᾶσα,
3419 5126 3444 5157 ››
3474 5111 3658 5178 φησίν,
3689 5106 3867 5177 Αύτῇ,

2253 5205 2378 5272 ποίᾳ
2406 5216 2419 5267 ;
2450 5198 2507 5251 Ἠ
2556 5198 2675 5251 καθ’
2730 5201 2789 5257 ἣν
2826 5200 2883 5250 τὸ
2924 5193 3145 5249 Παιδίον
3183 5197 3211 5254 ἠ
3250 5201 3435 5270 Μήτηρ
3476 5200 3564 5247 καὶ
3615 5197 3640 5246 6
3668 5195 3871 5266 Ἰωσὴφ

2060 5422 2296 5481 ΝΟΤιΕ.

561 5543 669 5611 (67)
692 5545 785 5600 οὐκ
812 5547 1037 5617 addidi,
1067 5547 1231 5623 quod
1260 5563 1470 5605 sensus
1518 5548 1762 5606 omnino
1798 5548 2081 5621 postulat.

2332 5548 2449 5623 (68)
2478 5542 2641 5608 Colb.
2672 5564 2778 5623 pro
2808 5542 3157 5623 ἀνθολογεῖτο.
3198 5638 3201 5641 Δ
