3926 6190
92 312 177 369 833
1023 303 1118 366 AD
1155 302 1711 368 AMPHILOCHIUM
1756 303 2080 380 QUAESTIO
2120 301 2346 369 CLVIII.

3280 309 3389 370 834

90 441 352 511 προσέρερον
401 442 466 505 τῷ
515 435 652 508 ἱερῷ.
708 434 812 488 Καὶ
850 435 946 510 ὅρα
995 441 1088 494 την
1119 437 1490 511 παραπλησίαν
1542 444 1614 507 τῷ

1795 453 1890 505 no,
1923 454 2046 511 qua
2089 443 2280 494 mater
2315 441 2370 493 et
2395 435 2690 509 Iosephus
2720 436 3012 494 infantem
3051 438 3111 494 in
3161 437 3386 509 templo

90 535 275 598 Συμεῶνι
315 532 416 586 ταῖς
468 523 684 596 ἀρεταῖς,
762 526 896 586 ὅπως
971 531 1059 578 καὶ
1134 530 1223 587 τὰς
1296 531 1616 602 προφητείας

89 613 427 686 παραπλησίους
449 619 626 685 κιχρᾷ.
663 612 806 684 Ἀμα
967 617 1069 688 γὰρ
1117 624 1362 690 παρῆσαν
1387 625 1457 686 τῷ
1485 624 1616 687 ναῷ,

87 704 173 774 ἅμα
214 699 263 754 δὲ
304 710 385 762 τῆς
431 710 746 776 προφητικῆς
801 703 1043 766 ἠξιοῦντο
1100 705 1343 780 χάριτος.
1401 703 1534 759 Ἀλλ’
1590 705 1616 755 ὁ

87 796 156 863 μὲν
195 795 369 863 Συμεὼν
431 790 800 864 προελάμϐανεν
853 793 1257 865 χρησμολογῶν·
1311 795 1340 851 ἡ
1404 790 1463 846 δι
1522 797 1618 852 τὴν

87 879 284 952 δευτέραν
323 883 511 951 ἔχουσα
579 879 724 943 τάξιν
777 883 917 954 ὅμως
967 881 1061 934 οὐκ
1132 879 1461 955 ἑδευτέρευσε
1510 891 1620 947 τοῖς

87 977 324 1040 χρησμοῖς·
363 967 459 1020 ἀλλ’
506 969 671 1022 ἱκοίλει
721 973 810 1042 μὲν
863 975 920 1024 τὸ
965 969 1151 1044 βρέφος
1182 974 1390 1046 Κύριον,
1526 979 1619 1026 καὶ

87 1057 394 1130 basiate/u-
443 1057 604 1111 ἐλάλει
644 1055 703 1112 δε
746 1065 862 1134 περὶ
912 1060 1071 1113 αὶτοῡ
1118 1066 1252 1114 πᾶσι
1305 1069 1414 1123 τοῖς
1455 1081 1618 1134 προσ-

88 1143 338 1219 δεχομένοις
384 1147 632 1221 λύτρωσιν
686 1147 734 1200 iv
787 1157 859 1220 τῷ
913 1148 1147 1224 Ἰσραὴλ,
1213 1149 1472 1225 λύτρωσιν
1528 1159 1619 1204 τοῦ

85 1239 224 1307 γένους
257 1241 336 1289 καί
364 1242 616 1312 σωτηρίαν
647 1236 1098 1312 ἁνακηρύττουσα.
1139 1240 1300 1312 Τάχα
1343 1237 1393 1292 δ’
1438 1241 1499 1292 ἄν
1526 1236 1561 1293 δ
1568 1242 1622 1292 ιά

87 1332 202 1376 τοῦτο
246 1325 494 1400 προλαϐεῖν
542 1326 676 1397 (68')
729 1327 1075 1399 ἱερολογήσειέ
1119 1347 1194 1389 τις
1241 1331 1330 1380 τὸν
1358 1336 1618 1402 Συμεῶνα,

87 1410 194 1466 διότι
228 1415 249 1466 ὀ
289 1419 371 1488 μὲν
414 1417 570 1468 τύπον
621 1418 788 1490 ἔφερεν
834 1424 925 1469 τοῦ
968 1422 1148 1489 νόμου.
1187 1422 1286 1470 Καὶ
1324 1420 1425 1490 γὰρ
1458 1423 1548 1471 καὶ
1587 1421 1616 1477 ἠ

85 1503 227 1564 alia;
257 1507 308 1556 τὸ
350 1505 568 1564 ὑπήκοον
609 1505 723 1576 (69)
767 1501 947 1563 δηλοῖ’
1004 1507 1033 1564 ἡ
1088 1502 1148 1558 δι
1195 1514 1290 1568 τῆς
1339 1509 1557 1582 χάριτος
1587 1509 1617 1566 ἡ

84 1592 205 1644 Ἅννα
248 1594 385 1666 (69⁶)’
429 1602 580 1647 τοῦτο
607 1597 709 1667 ’γὰρ
761 1596 790 1653 ἠ
835 1594 1023 1657 κλῆσις
1051 1593 1486 1664 ἀναπτυσσομένη
1523 1593 1619 1654 δη-

83 1681 162 1736 λοῖ,
214 1681 297 1733 Ὧν
343 1681 523 1755 ἀμφοῖν
569 1684 594 1735 ὁ
658 1686 884 1756 Χριστὸς
933 1685 1092 1736 ἔκειτο
1159 1688 1337 1756 μέσος·
1387 1687 1474 1737 τὸν
1532 1687 1622 1758 μὲν

86 1767 270 1822 ἀπολύων
323 1771 722 1824 συντελωτώντα
777 1773 890 1843 (70)
945 1781 1018 1843 τῷ
1068 1778 1232 1845 νόμῳ,
1282 1778 1375 1832 τὴν
1409 1770 1469 1826 δε
1499 1777 1623 1836 τέως

1727 526 2036 584 sistebant.
2066 527 2315 583 Adverte
2345 525 2457 590 hic,
2491 541 2680 598 quam
2707 526 2943 592 similia,
2977 542 3112 600 quae
3161 526 3385 582 virtuti-

1727 613 1842 670 bus
1871 615 2134 672 Simeoni
2158 614 2367 671 similis
2388 620 2532 679 erat,
2556 614 2837 672 vaticinia
2855 616 3010 673 edat.
3027 616 3210 672 Simul
3227 615 3388 672 enim

1729 703 1977 760 aderant
2025 704 2086 760 in
2127 703 2367 776 templo,
2414 703 2592 759 simul
2637 719 2778 760 vero
2819 704 2981 761 dono
3029 701 3387 761 vaticinandi

1730 792 1890 864 digni
1915 792 2307 850 habebantur.
2324 793 2563 848 Simeon
2577 794 2822 865 quidem
2836 794 3202 850 vaticinandi
3215 793 3390 850 facie-

1730 882 2077 938 batinitium
2095 882 2249 949 ;haac
2262 898 2420 948 vero,
2437 883 2718 955 quamvis
2733 883 3062 939 secundum
3083 898 3390 957 occupans

1728 970 1951 1039 locum,
1970 971 2262 1028 vaticiniis
2283 977 2483 1028 tamen
2504 972 2626 1029 suis
2653 987 2774 1030 non
2802 979 2926 1030 erat
2950 971 3211 1030 inferior.
3245 973 3392 1030 Nam

1730 1060 2019 1117 infantem
2048 1061 2210 1117 illum
2247 1061 2569 1118 Dominum
2601 1061 2872 1128 vocabat,
2906 1062 3080 1134 eique
3128 1061 3390 1118 vicissim

1731 1149 2116 1206 conﬁtebatur
2157 1170 2170 1209 :
2211 1150 2566 1224 loquebatur
2601 1151 2779 1208 etiam
2824 1151 2900 1208 de
2935 1167 3006 1208 eo
3032 1151 3110 1208 ad
3154 1166 3387 1217 omnes,

1731 1239 1834 1310 qui
1853 1238 2266 1295 liberationem
2292 1239 2350 1295 in
2379 1240 2592 1296 Israele
2614 1239 3066 1313 exspectabant,
3095 1240 3391 1296 liberatio-

1733 1342 1870 1383 nem
1893 1327 2083 1397 gentis
2094 1333 2152 1382 et
2166 1327 2418 1383 salutem
2442 1327 2857 1400 promulgans.
2882 1329 3151 1385 Fortasse
3171 1327 3388 1400 aliquis

1734 1413 2071 1471 Simeonem
2101 1415 2236 1471 ideo
2257 1415 2480 1487 primas
2505 1416 2602 1472 hic
2620 1421 2818 1489 partes
2839 1416 3120 1473 habuisse
3159 1416 3388 1482 dixerit,

1734 1505 1900 1578 quod
1930 1509 2110 1578 typus
2125 1506 2294 1575 Legis
2325 1505 2520 1564 fuerit.
2549 1510 2698 1562 Nam
2719 1511 2776 1562 et
2794 1521 3016 1563 nomen
3040 1506 3238 1578 ipsum
3268 1504 3393 1563 obe-

1735 1595 1988 1651 dientem
2013 1594 2206 1662 infert,
2229 1595 2748 1668 quemadmodum
2766 1599 2950 1651 Anna;
2967 1595 3113 1651 illud
3130 1595 3388 1665 gratiam

1737 1683 2032 1753 signiﬁcat
2064 1701 2077 1738 :
2116 1684 2178 1740 id
2207 1684 2366 1741 enim
2389 1699 2634 1749 nomen,
2667 1685 2739 1740 ad
2769 1685 3024 1755 origines
3050 1700 3197 1741 suas
3227 1699 3392 1741 revo-

1737 1779 1956 1839 catum,
1999 1773 2262 1830 denotat.
2301 1776 2456 1830 Inter
2495 1778 2820 1846 utrumque
2863 1773 3129 1830 Christus
3159 1773 3390 1847 positas

83 1865 250 1931 κατέχει
299 1869 355 1933 τῇ
408 1862 598 1936 χάριτι
654 1861 922 1924 πξὼσαν,
982 1860 1040 1914 Ἠ
1089 1866 1323 1934 μέντοιγε
1369 1865 1620 1938 Παρθένος

1795 1868 1864 1918 »δέ
1892 1862 2146 1931 medius,
2178 1863 2348 1918 illum
2363 1862 2614 1934 quidem,
2647 1867 3091 1936 tanquamcum
3112 1862 3242 1934 lege
3269 1877 3394 1918 mo-

84 1953 148 2000 καὶ
191 1948 359 2023 Ἰωσὴφ
398 1955 574 2010 κοινὴν
615 1955 709 2010 τὴν
753 1951 820 2012 εἰς
866 1955 994 2004 Θεὸν
1044 1948 1436 2014 ἀποδεδωκότες
1467 1954 1624 2025 ύμνο-

83 2036 218 2109 λογίαν
251 2040 562 2116 ὑπέστρεψαν
612 2041 686 2103 εἰς
719 2045 813 2100 τὴν
865 2041 1158 2112 Γαλιλαίαν,
1217 2041 1288 2104 εἰς
1343 2045 1436 2100 τὴν
1480 2041 1625 2094 πόλιν

84 2128 209 2178 αὐτῶν
254 2129 500 2205 Ναζαρὲτ,
560 2125 650 2183 καὶ
706 2133 834 2204 μετὰ
871 2132 1265 2204 τεσσαράκοντα
1312 2133 1506 2204 ἡμέρας
1562 2132 1628 2182 τὰ

83 2219 183 2268 κατὰ
221 2221 324 2280 τοὺς
363 2221 564 2291 μάγους
618 2225 708 2272 καὶ
759 2223 846 2272 τὸν
891 2217 1086 2293 ἀστέρα
1137 2217 1503 2295 διεπέπρακτο·
1537 2224 1626 2272 καὶ

82 2301 130 2362 δὴ
158 2312 229 2359 καὶ
253 2309 280 2364 ἡ
302 2307 368 2371 εἰς
395 2309 667 2382 Αἴγυπτον
704 2314 880 2382 γέγονε
914 2314 1073 2382 φυγὴ,
1107 2315 1197 2362 καὶ
1222 2311 1252 2368 ἡ
1291 2308 1391 2362 ἀπὸ
1431 2311 1628 2372 ταύτης

82 2391 235 2448 ἑπάνοδ
238 2415 300 2458 ος.

565 2564 876 2613 ΕΡΩΤΗΣΙΣ
916 2559 1084 2614 ΡΝΗ¹.

83 2842 265 2928 habet;
317 2846 404 2901 τὴν
469 2846 682 2928 ψαρίαν
715 2846 860 2928 ⁸τὴν
954 2838 1331 2928 Μαγδαληνὴν,
1403 2843 1498 2925 ,ἀφ’
1570 2843 1629 2901 ἧς

131 2909 383 2995 ίκθεϐλιὲκει
488 2909 624 2968 ἔπτὰ
703 2910 975 2987 δαιμόνια,
1045 2909 1325 2987 έκλέγεταιν
1393 2915 1418 2966 ὀ
1455 2909 1465 2915 ’
1502 2921 1627 2988 Χρι-

137 3000 233 3045 στος
261 3000 274 3052 ;

1737 1951 2008 2015 riturum,
2042 1950 2371 2020 dimittens,
2389 1952 2548 2008 hanc
2580 1967 2722 2008 vero
2755 1967 2877 2010 una
2903 1968 3041 2008 cum
3059 1951 3252 2023 gratia
3277 1967 3395 2007 ser-

1737 2057 1889 2098 vans
1921 2041 2321 2112 superstitem.
2355 2042 2644 2098 Caeterum
2673 2041 2848 2111 Virgo
2877 2046 2934 2096 et
2957 2041 3200 2114 Ioseph,
3233 2046 3397 2113 post-

1737 2146 1923 2203 quam
1963 2130 2154 2187 Deum
2208 2131 2515 2186 communi
2552 2131 2780 2202 hymno
2825 2129 3294 2193 celebraverant,
3331 2131 3394 2186 in

1738 2218 2040 2275 Galilaeam
2054 2217 2520 2284 revertebantur,
2542 2218 2874 2291 urbemque
2893 2234 3068 2275 suam
3083 2217 3390 2286 Nazareth,

1738 2307 1840 2364 ubi
1853 2306 2070 2363 deinde
2087 2311 2220 2380 post
2233 2307 2637 2380 quadraginta
2661 2307 2788 2363 dies
2801 2305 2922 2373 illa,
2938 2322 3070 2380 quas
3085 2307 3160 2364 ad
3176 2321 3388 2377 magos

1737 2403 1793 2452 et
1835 2396 2065 2453 stellam
2104 2397 2420 2469 pertinent,
2465 2396 2802 2467 agebantur
2837 2411 2852 2464 ;
2886 2396 3039 2453 sicut
3070 2401 3124 2453 et
3147 2395 3292 2466 fuga
3323 2395 3385 2452 in

1738 2488 2080 2559 Egyptum,
2112 2491 2169 2542 et
2196 2502 2269 2542 ex
2293 2501 2363 2542 ea
2399 2485 2616 2542 reditus
2646 2484 2980 2542 eveniebat.

1961 2574 2271 2642 QUESTIO
2313 2576 2514 2632 CLVIII
2554 2573 2760 2648 [ϐοἰει.
2805 2573 3173 2641 CLXXXVIII,

2289 2665 2466 2720 Taur.
2495 2663 2838 2737 CLXXVIII].

1739 2842 1937 2912 Quare
1981 2841 2240 2900 Mariam
2271 2843 2712 2916 Magdalenam,
2763 2857 2840 2901 es:
2860 2857 2997 2916 qua
3027 2847 3245 2916 septem
3271 2840 3392 2897 dai-

1986 2917 2184 2971 mom’a
2216 2913 2464 2984 ejecerat
2503 2915 2775 2972 Christus
2814 2913 2989 2986 elegit
3029 2915 3074 2949 ⁸⁷
3117 2914 3145 2971 ἳ

516 3169 798 3222 Editarum
828 3183 860 3221 a
888 3169 1084 3221 Wolﬁo
1114 3170 1377 3235 vigesima
1405 3170 1596 3234 prima.
1630 3167 1686 3231 (ι.
1717 3182 1763 3220 c.
1796 3182 1847 3233 p.
1880 3168 2085 3219 785-786
2119 3166 2359 3219 Galland.
2391 3180 2446 3231 p.
2475 3167 2684 3218 741-742
2709 3179 2763 3216 n.
2791 3167 2893 3229 37).

127 3339 204 3391 Τὸν
232 3339 439 3415 ἕϐδομον
493 3342 721 3418 ἀριθμὸν
773 3347 864 3395 καὶ
910 3340 993 3394 ἐπὶ
1039 3350 1130 3404 τῆς
1179 3340 1366 3416 ἀρετῆς
1405 3346 1496 3413 καὶ
1543 3339 1626 3393 έπὶ

77 3435 143 3488 τῆς
199 3437 365 3494 κακίας
448 3435 760 3508 εὑρίσκομεν
842 3436 937 3490 τὴν
996 3435 1199 3506 Γραφὴν
1277 3429 1626 3506 παραλαμϐά-

77 3534 238 3572 mm.
291 3522 510 3585 Εἰκότως
565 3520 626 3572 ἃν
677 3525 770 3580 τὴν
801 3523 1003 3591 Μαρίαν
1035 3519 1294 3592 ἐκλέγεται
1339 3524 1433 3578 τήν
1471 3525 1625 3590 Μαγ-

78 3599 308 3668 δαλανηνό
347 3616 550 3686 Σωτὴρ,
609 3609 691 3683 ἀφ’
720 3611 782 3671 ἧς
824 3608 1119 3667 ἐκϐεϐλήκει
1167 3609 1297 3662 ἐπτὰ
1354 3606 1622 3681 δαιμόνια,

79 3693 137 3743 ἱνα
174 3702 246 3748 τὸν
290 3700 526 3772 ἄρχοντα
563 3705 661 3759 τῆς
709 3702 897 3758 κακίας
951 3694 1023 3750 δι’
1063 3697 1222 3758 αὐτῆς
1252 3697 1483 3769 ἀπελάσῃ
1530 3704 1625 3756 τῆς

77 3780 346 3852 ἐωθρωπίνης
372 3793 600 3861 φύσεως.
637 3787 778 3853 Ὀτι,
808 3791 966 3859 φησὶν
996 3787 1166 3857 (70⁸⁵),
1196 3787 1250 3838 αἱ
1279 3789 1508 3861 ἱστορίαι
1533 3789 1624 3842 τὴν

77 3871 372 3942 Μαγδαληνὴ
409 3881 608 3935 ταύτην
645 3873 737 3928 διὰ
786 3874 908 3949 βίου
957 3877 1205 3948 παρθένον
1245 3872 1620 3928 διδάσκουσιν.

79 3965 150 4012 Και
190 3970 456 4042 μαρτύριον
507 3964 571 4018 δε
610 3970 774 4026 αὐτῆς
818 3969 1041 4038 φέρεται,
1092 3963 1140 4016 ἐν
1190 3965 1229 4034 ᾧ
1277 3963 1478 4036 λέγεται
1533 3961 1626 4017 διὰ

75 4055 142 4106 τὴν
178 4055 321 4127 ἄκραν
392 4057 558 4116 αὐτῆς
615 4056 894 4126 παρθενίαν
956 4059 1045 4106 καὶ
1121 4055 1478 4126 καθαρότητα,
1555 4058 1625 4116 ὡς

76 4136 191 4191 ὕαλον
254 4144 408 4204 αὐτὴν
460 4145 695 4218 καθαρὸν
748 4149 856 4204 τοῖς
927 4141 1278 4215 βασανισταῖς
1328 4144 1619 4215 φαίνεσθαυ

72 4223 177 4294 Ὁτι,
206 4239 368 4302 φησιν,
419 4236 556 4306 μετὰ
603 4237 697 4291 τὴν
749 4237 996 4304 κοίμησιν
1025 4239 1120 4293 τῆς
1151 4235 1431 4292 Δεσποίνης
1477 4233 1622 4305 ἡμῶν

75 4323 282 4373 Θεοτοκου
324 4325 641 4398 πορευθεῖσα
688 4322 755 4383 εἰς
800 4321 1016 4395 Ἔφεσον
1063 4325 1193 4396 πρὸς
1230 4325 1316 4374 τὸν
1350 4323 1624 4395 ἠγαπημέ-

1807 3341 2133 3396 Numerum
2182 3337 2590 3412 septenarium
2645 3354 2683 3395 a
2739 3337 3040 3410 Scriptura
3091 3354 3264 3396 sacra
3321 3338 3384 3394 in

1736 3428 1966 3484 virtutis
2015 3443 2186 3500 eaque
2233 3443 2304 3484 ac
2354 3427 2662 3500 pravitatis
2714 3427 2962 3497 negotiis
2994 3426 3261 3484 adhiberi
3299 3427 3390 3484 in-

1736 3517 2034 3572 venimus.
2066 3517 2586 3586 Verisimileigitur
2617 3516 3382 3581 ﬁt,Servatoremnostrum

1736 3607 2174 3677 Magdalenam,
2223 3623 2255 3662 e
2315 3622 2435 3679 qua
2472 3610 2703 3678 septem
2750 3605 3052 3662 daemonia
3105 3605 3385 3676 ejecerat,

1737 3696 1870 3751 ideo
1897 3695 2165 3766 elegisse,
2201 3701 2261 3750 ut
2291 3694 2489 3751 omnis
2526 3693 2764 3751 malitia:
2794 3699 3092 3751 auctorem
3119 3709 3225 3765 per
3243 3710 3382 3750 eam

1736 3785 1809 3842 ab
1833 3785 2144 3840 hominum
2177 3789 2387 3840 natura
2411 3783 2747 3854 depelleret.
2778 3783 2868 3838 Ait
2887 3784 3047 3840 enim
3071 3781 3384 3839 historiam

1735 3873 1968 3930 tradere
2011 3872 2431 3946 Magdalenam
2480 3871 2667 3940 illam,
2700 3871 2904 3944 quoad
2947 3871 3170 3936 vixerit,
3205 3869 3381 3942 virgi-

1736 3978 1871 4019 nem
1913 3964 2229 4019 mansisse.
2264 3965 2324 4017 In
2346 3961 2528 4032 hujus
2558 3961 2639 4016 rei
2667 3964 3088 4029 argumentum
3118 3958 3382 4025 affertur,

1731 4052 1897 4124 quod
1921 4068 2025 4123 per
2053 4066 2347 4106 summam
2370 4065 2542 4105 suam
2566 4048 2958 4119 virginitatem
2980 4053 3037 4102 et
3065 4048 3378 4118 puritatem

1732 4142 1918 4196 instar
1929 4139 2186 4211 crystalli
2201 4137 2504 4211 purissimi
2527 4134 3376 4210 apparueritexploratoribus.

1735 4230 1824 4285 Ait
1852 4244 2113 4301 quoque,
2148 4228 2412 4296 Mariam,
2445 4243 2578 4300 quas
2607 4231 2980 4297 unguentum
3009 4223 3285 4282 attulerat
3310 4225 3384 4290 ⁸⁸,

1734 4323 1868 4391 post
1913 4317 2144 4373 obitum
2200 4317 2467 4372 Domina:
2505 4321 2722 4372 nostra:
2767 4314 3051 4386 Deiparae,
3088 4313 3378 4385 Ephesum

71 4424 131 4456 νον
190 4413 432 4480 μαθητήν,
516 4411 682 4464 ἐκεῖσε
737 4430 824 4464 τον
890 4407 1084 4484 δρόμον
1133 4415 1219 4463 τὸν
1277 4409 1620 4464 ἁποστολικόν

1795 4408 1810 4462 l
1849 4406 2209 4479 discipulum
2269 4404 2712 4462 amatissimum
2769 4403 3118 4476 profectam,
3158 4401 3384 4460 ibidem

73 4489 142 4546 διὰ
163 4507 240 4550 τοῦ
268 4507 558 4578 μαρτυρίου
588 4502 619 4561 ἡ
664 4504 952 4576 μυροφὸρος
1002 4503 1171 4574 Καρία
1209 4499 1512 4568 ἐτελείωσεν,
1552 4506 1622 4574 μὴ

71 4583 287 4645 θελήσασα
334 4595 502 4669 μέχρι
553 4597 652 4653 τῆς
701 4589 940 4652 τελευτῆς
982 4591 1321 4666 χωρισθῆναι
1373 4589 1489 4662 (71)
1531 4597 1623 4644 τοῦ

119 4798 153 4833 ⁸⁷
177 4799 302 4860 Luc.
328 4818 443 4872 vm,
477 4803 538 4861 2.
566 4801 614 4841 ³⁸
639 4800 835 4861 Matth.
865 4815 1025 4870 xm,
1055 4805 1087 4857 7
1118 4801 1331 4868 ;Joan.
1376 4812 1456 4869 xl,
1488 4804 1544 4860 2.

1733 4512 1974 4555 cursum
2041 4511 2216 4552 suum
2242 4493 2640 4566 apostolicum
2683 4493 2968 4564 martyrio
3033 4490 3381 4556 absolvisse,

1733 4603 1868 4662 qua;
1907 4602 1944 4644 a
1999 4587 2245 4654 Joanne,
2294 4583 2524 4654 virgine
2562 4587 2618 4640 et
2653 4579 3033 4652 evangelista,
3064 4594 3259 4652 usque
3301 4580 3382 4639 ad

1592 4980 1820 5039 NOTAE.

114 5164 230 5240 (ᾆδ’)
267 5173 382 5226 Hoc
422 5167 582 5226 malo
619 5183 692 5225 ex
731 5165 908 5240 Colb.
936 5182 1038 5240 pro
1062 5163 1403 5240 προσλαϐεῖν.

112 5237 307 5311 (βργει
336 5240 525 5300 Hebr.
548 5250 720 5305 arma,
752 5239 914 5311 quod
936 5237 1174 5311 audire
1192 5245 1247 5294 et
1271 5239 1508 5296 obedire
1537 5239 1609 5296 si-

62 5307 282 5385 gniﬁcat.
323 5314 469 5368 Hinc
499 5317 702 5385 Πέτρος,
735 5307 1006 5385 respectu
1034 5310 1252 5385 habito
1281 5311 1360 5367 ad
1392 5325 1612 5385 nomen

57 5389 160 5454 {eius
182 5382 442 5450 alterum,
478 5382 704 5449 Simon,
744 5382 1072 5454 explicatur
1092 5397 1208 5454 per
1231 5383 1505 5454 ὑπακούων
1545 5383 1608 5437 in

62 5447 230 5526 Lexico
257 5447 610 5526 Origeniano
641 5447 807 5526 apud
820 5447 1371 5526 A'Montef‘alconium,
1395 5470 1453 5526 p.
1481 5455 1608 5509 251.

58 5514 231 5579 Confer
266 5514 546 5583 Dru'sium
570 5526 645 5582 de
673 5514 932 5582 Vocibus
961 5523 1135 5581 Hebr.
1170 5527 1233 5581 N.
1266 5528 1327 5582 Τ.

112 5592 228 5666 (69°)
265 5599 342 5653 Ex
381 5597 560 5654 Hebr.
600 5608 692 5687 τη,
722 5595 947 5668 gratia.

310 5697 555 5753 Panos.
595 5695 705 5752 ϐα.
750 5695 836 5752 CI.

1792 5165 1904 5238 (ἹΟ)
1936 5165 2081 5223 Com
2150 5180 2258 5238 pro
2285 5162 2666 5238 ἐντελευτῶντα.

1789 5230 1929 5309 (70")
1971 5230 2196 5304 Nescio,
2242 5236 2558 5309 quemhic
2600 5234 2810 5290 innuat
2847 5230 3106 5301 Photius,
3152 5231 3378 5308 cuique

1720 5307 1873 5365 hanc
1911 5307 2388 5364 Observationem
2425 5307 2658 5363 debeat.

1789 5381 1903 5454 (7t)
1935 5381 2190 5454 Παρθένος
2240 5378 2450 5454 Graecis
2472 5380 2581 5454 _v_ir
2611 5392 2849 5454 (Ilioque
2889 5376 3124 5454 dicitur,
3155 5377 3261 5449 qui
3298 5375 3378 5454 fe:

1721 5446 1949 5527 minam
1988 5446 2109 5506 non
2149 5449 2412 5527 agnovit.
2472 5446 2956 5527 YideLEmilium
3011 5446 3244 5504 Portu'm
3298 5446 3377 5503 ad

1724 5523 1990 5589 Suidam,
2021 5527 2165 5579 tom.
2195 5524 2235 5588 I,
2267 5536 2324 5594 p.
2352 5526 2403 5578 5.
2442 5520 2584 5578 edit.
2617 5521 2992 5578 Kusteriana.

2903 5689 2971 5746 27
