3926 6190
546 292 649 345 835

541 415 675 468 vitae
727 411 905 467 finem
963 407 1159 465 divelli
1201 409 1470 466 noluerit.
1530 411 1690 467 Sicut
1736 426 1935 483 porro,
1977 407 2184 478 inquit,

2300 409 2554 478 παρθένου
2631 414 2719 462 καὶ
2797 408 3161 481 εὐαγγελιστοῦ

544 503 768 565 Petrus,
799 499 1208 571 apostolorum
1238 498 1486 570 primus,
1517 516 1736 556 nomen
1767 516 1944 555 suum
1973 513 2036 554 ex
2071 497 2189 552 fide

538 593 806 654 immota,
840 603 1024 660 quam
1052 589 1113 642 in
1144 587 1438 644 Christum
1470 594 1701 660 petram
1741 587 2057 662 probabat,
2095 603 2188 643 ac-

539 682 718 752 cepit;
741 681 821 734 ita
840 678 939 732 illa
957 693 1214 750 quoque,
1235 682 1506 750 tanquam
1522 679 1951 752 discipularum
1977 676 2183 749 prima,

536 773 778 839 propter
829 766 1144 838 puritatem
1198 783 1370 823 suam
1419 773 1475 823 et
1513 768 1899 833 desiderium,
1949 783 2069 838 quo
2128 767 2185 820 in

535 858 702 914 illum
751 856 1065 920 ferebatur,
1114 873 1149 912 a
1187 857 1496 912 Servatore
1537 859 1771 923 eodem,
1827 873 1941 929 quo
1995 859 2183 920 Mater,

536 947 780 1004 nomine
827 946 1242 1015 estinsignita.
1300 947 1822 1011 Quemadmodum
1865 947 2066 1018 itaque
2099 945 2189 998 di-

536 1035 905 1106 scipulorum
936 1034 1152 1089 chorus
1187 1034 1500 1089 Dominum
1538 1035 1921 1107 sequebatur,
1948 1035 2026 1089 ita
2061 1049 2188 1088 mu-

535 1124 768 1188 lierum,
807 1123 1040 1178 Domini
1077 1122 1455 1194 disciplinam
1498 1123 1929 1195 recipientium,
1964 1137 2188 1177 corona

533 1212 719 1269 nostri
753 1211 983 1267 Domini
1027 1215 1266 1268 Matrem
1304 1213 1777 1268 consectabatur.
1822 1212 2188 1267 Mirabantur

534 1302 713 1373 enim,
730 1301 940 1373 inquit,
963 1300 1284 1373 aliquando
1297 1301 1592 1373 discipuli,
1612 1302 1774 1372 quod
1789 1317 1926 1357 cum
1942 1299 2186 1356 muliere

532 1391 888 1463 loquebatur
926 1393 994 1445 εθ.
1029 1393 1104 1446 EX
1143 1406 1264 1463 quo
1298 1391 1681 1446 manifestum
1733 1396 1818 1447 est
1865 1389 2187 1446 Dominum

533 1481 593 1536 id
619 1480 858 1552 quidem
889 1498 1000 1536 usu
1018 1485 1324 1548 receptum
1340 1496 1459 1535 non
1474 1480 1777 1536 habuisse.
1809 1482 1953 1535 Cum
1986 1481 2186 1551 itaque

533 1573 714 1625 Mater
748 1570 976 1625 Domini
1019 1568 1319 1640 Evangelii
1353 1585 1595 1624 cursum
1631 1585 1751 1624 una
1782 1586 1920 1624 cum
1970 1568 2108 1624 Filio
2133 1573 2188 1624 et

532 1675 732 1715 rerum
756 1659 1066 1714 Conditore
1108 1659 1474 1730 proveheret,
1518 1659 1812 1722 mulieres,
1865 1675 2002 1730 quae
2050 1674 2183 1714 eam

533 1748 986 1816 comitabantur,
1001 1747 1580 1803 communiDomino
1603 1748 1854 1820 ejusque
1879 1747 2184 1820 discipulis

2297 1765 2394 1797 των
2470 1745 2653 1806 αὑταῖς
2737 1744 3060 1817 ἀναγκαίοις,

533 1852 606 1892 ex
635 1836 1010 1893 facultatibus
1037 1836 1161 1892 suis
1202 1835 1637 1893 ministrabant.

533 1998 848 2062 QU/ESTIO
880 1997 1034 2052 CLIX
1061 1997 1260 2069 [CoisL
1301 1997 1609 2062 CLXXXIX,
1671 1999 1850 2053 Taur.
1891 1998 2180 2069 CLXXIX].

535 2141 688 2207 Quid
711 2140 1011 2211 signiﬁcat
1034 2139 1218 2196 illud:
1246 2159 1274 2191 «
1301 2140 1399 2195 Ea:
1423 2154 1516 2196 me
1535 2139 1663 2208 ipso
1687 2156 1797 2195 non
1817 2139 2025 2211 loquor
2053 2142 2100 2174 9°
2117 2139 2174 2194 ‘i.

1801 284 2025 340 PHOTII
2067 279 2540 337 PATHIARCHIE
2579 281 2692 340 CP.

3242 411 3476 463 Ἰωάννου
3539 414 3654 486 (ἾΓ).
3705 419 3782 471 Ὦς.

2299 514 2413 569 περ,
2469 502 2646 568 φησὶν,
2699 501 2727 556 ἡ
2787 497 3004 573 ἀπαρχή
3061 507 3160 550 τῶν
3209 497 3503 553 ἀποστόλων
3540 509 3685 577 Πέτρος
3713 509 3784 561 ὤνια

2299 586 2476 654 Μσθη
2557 583 2650 638 διὰ
2717 591 2811 645 τὴν
2887 587 3170 640 ἀσάλευτον
3253 595 3453 656 πίστιν,
3521 595 3545 650 ᾖ
3598 595 3701 664 size:
3738 597 3786 648 ἐπὶ

2299 678 2528 746 Χριστὸν
2590 680 2683 733 τὴν
2732 681 2937 748 πέτρανο
2995 677 3130 729 οὕτω
3175 681 3265 729 καὶ
3315 679 3466 741 αὕτη,
3514 679 3702 753 ἀρχηγὸς
3735 695 3789 735 re:

2298 764 2598 837 μαθητριῶν
2642 769 2908 836 γενομένη,
2957 761 3048 817 διὰ
3091 772 3180 823 τὴν
3230 769 3551 842 καθαρότητα
3592 771 3710 832 αὐτῆς
3738 781 3790 824 ni

2299 855 2386 902 τόν
2431 855 2606 917 πόθον,
2660 855 2713 905 ὃν
2763 851 2904 925 εἶχεν
2962 855 3028 915 εἰς
3076 855 3251 919 αὐτόν,
3296 863 3474 929 Μαρία
3517 860 3792 932 όμωνὺμωςτξ

2298 947 2472 1014 Μητρὶ
2517 945 2660 1015 παρὰ
2702 951 2791 995 τοῦ
2842 951 3078 1018 Σωτῆρος
3125 951 3555 1018 προσηγόρευται·
3596 951 3727 1022 ὥσπερ
3755 962 3797 1018 τῷ

2299 1035 2527 1101 Δεσπότη
2581 1041 2679 1083 τῶν
2729 1034 2968 1104 μαθητῶν
3024 1033 3290 1091 ἠκολούθει
3332 1036 3356 1086 ό
3405 1041 3575 1109 χορός,
3625 1040 3726 1090 οὕτω
3757 1049 3794 1109 τῇ

2299 1124 2548 1191 Δεσποίνῃ
2595 1125 2684 1172 καὶ
2731 1126 2909 1192 Μητρὶ
2947 1128 3037 1172 τοῦ
3089 1127 3280 1194 Κυρίου
3322 1132 3422 1174 τῶν
3470 1127 3800 1198 {Laeni-require;

2296 1217 2555 1279 γυναικῶν
2610 1211 2634 1260 ό
2688 1215 2869 1283 χορός.
2924 1211 3249 1281 Ἐθαύμαζον
3295 1215 3414 1286 γὰρ,
3469 1220 3626 1286 φησὶν,
3662 1220 3800 1268 mm

2296 1299 2550 1369 μαθηταὶ,
2611 1300 2689 1350 ὅτι
2741 1301 2872 1369 μετὰ
2917 1304 3163 1370 γυναικός
3219 1298 3402 1353 ἐλάλει.
3457 1303 3618 1364 Δῆλον,
3662 1307 3712 1364 ὡς
3743 1306 3805 1355 οὐκ

2297 1385 2459 1450 οὓσης
2507 1391 2754 1450 τοιαύτης
2795 1391 3070 1450 συνηθείας
3115 1398 3186 1459 τῷ
3227 1392 3425 1463 Κυρίῳ,
3469 1390 3582 1444 ἀλλὰ
3616 1393 3808 1458 rotis-5:7-

2295 1476 2496 1548 γιλικόν
2546 1474 2740 1552 δρόμον
2810 1486 2900 1538 τῆς
2975 1483 3185 1550 Μητρὸς
3240 1487 3330 1531 τοῦ
3395 1487 3634 1534 Δεσπότον
3693 1483 3813 1542 συνεξ-

2298 1568 2554 1626 ανυοῦσης
2591 1574 2664 1636 τῷ
2699 1568 2804 1637 Υἱῷ
2850 1572 2938 1619 καὶ
2981 1575 3313 1640 Δημιουργῷ,
3346 1573 3439 1621 καὶ
3469 1571 3608 1622 αὐταὶ
3651 1590 3809 1622 συδηαυ-

2295 1655 2579 1708 λουθοῦσαι
2623 1656 2752 1728 αὐτῇ
2800 1664 2872 1726 τῷ
2918 1664 3070 1727 κοινῷ
3102 1662 3332 1731 Δεσπότῃ
3378 1658 3434 1710 ἐκ
3485 1668 3576 1711 τῶν
3615 1662 3815 1732 ὑπαρχόν-

3145 1751 3234 1798 καὶ
3286 1755 3392 1809 τοίς
3459 1752 3688 1822 μαθηταῖς
3740 1745 3802 1804 δίη

2295 1839 2494 1889 κόνουν.

2792 2001 3105 2050 ΕΡΩΤΠΣῙΣ
3148 1997 3321 2053 ΡΝΘ’.

2451 2143 2514 2191 Τί
2544 2137 2656 2192 ἐστι
2686 2149 2764 2191 τό·
2799 2160 2821 2190 α
2855 2141 2991 2212 Ἐγὼ
3023 2138 3108 2192 ἀπ’
3141 2139 3366 2213 ἐμαυτοῦ
3398 2142 3458 2194 οῦ
3487 2141 3612 2195 λαλῶ
3640 2159 3652 2210 ;
3681 2163 3700 2192 ι

903 2317 1177 2369 Editarum
1207 2331 1238 2369 a
1267 2317 1465 2368 Wolfio
1499 2317 1762 2380 vigesima
1786 2317 2021 2366 secunda
2068 2315 2123 2378 (l.
2159 2330 2224 2374 c.,
2258 2331 2311 2380 p.
2341 2316 2568 2365 786-789.
2599 2316 2839 2367 Galland.
2874 2317 2906 2366 l.
2940 2332 2985 2375 ο,
3015 2333 3065 2382 p.
3095 2320 3300 2368 742-743
3333 2335 3392 2369 n.
3423 2323 3520 2379 38).

604 2477 1072 2545 Pseudomessiae
1093 2503 1162 2542 ex
1196 2503 1256 2542 se
1288 2487 1431 2558 ipsis
1456 2486 1873 2558 loquebantur,
1898 2503 2018 2542 non
2051 2503 2184 2542 vero

533 2595 602 2634 ex
632 2578 777 2648 lege,
814 2592 923 2632 nec
967 2593 1036 2631 ex
1065 2575 1388 2648 prophetis,
1424 2575 1527 2630 sed
1558 2591 1628 2630 ex
1671 2591 1778 2630 sua
1811 2576 2103 2631 sententia
2130 2580 2184 2630 et

535 2665 798 2725 arbitrio.
850 2666 1066 2721 Contra
1114 2665 1384 2719 Servator
1433 2680 1468 2718 a
1516 2663 1644 2732 lege
1684 2680 1804 2718 non
1846 2664 2180 2729 recedebat,

530 2773 654 2821 non
694 2755 1005 2812 omittebat
1042 2753 1385 2826 prophetas,
1429 2752 1536 2807 sed
1567 2752 1819 2818 dicebat,
1857 2769 2017 2808 nunc
2053 2753 2183 2825 qui-

531 2847 670 2902 dem
701 2863 714 2901 :
743 2866 767 2896 ‹‹
789 2845 964 2899 Recte
988 2843 1132 2899 dixit
1155 2841 1334 2898 Isaias
1359 2843 1440 2912 9‘;
1473 2864 1501 2892 »
1525 2856 1684 2897 nunc
1707 2857 1847 2896 vero
1882 2858 1894 2896 :
1929 2863 1953 2892 α
1975 2841 2182 2898 Nonne

532 2936 590 2992 in
631 2935 756 3006 lege
795 2937 997 2989 vestra
1035 2932 1317 3003 scriptum
1358 2936 1445 2987 est
1471 2933 1538 2997 θ’,
1581 2950 1609 2983 »
1645 2935 1701 2986 et
1739 2931 1998 3003 plurima
2031 2933 2182 3003 ejus-

534 3024 691 3080 modi
755 3022 889 3079 alia.
942 3020 1237 3086 Quoniam
1288 3019 1487 3092 igitur,
1535 3019 1637 3090 qui
1688 3025 1827 3076 ante
1877 3020 2179 3076 Christum

529 3113 867 3177 veniebant,
919 3111 1168 3183 ejusque
1205 3124 1429 3166 nomen
1473 3109 1629 3165 male
1668 3109 1778 3164 sibi
1828 3110 2174 3180 tribuebant,

530 3219 648 3259 non
679 3219 751 3258 ex
783 3201 966 3258 sacris
994 3201 1237 3266 Litteris,
1272 3199 1376 3255 sed
1402 3215 1472 3254 ex
1506 3216 1615 3254 sua
1655 3199 1918 3255 amentia
1949 3215 2176 3255 errores

529 3291 808 3346 serebant
841 3309 852 3358 ;
893 3290 1029 3344 ideo
1063 3291 1333 3345 Servator
1366 3293 1565 3343 noster
1595 3287 1675 3342 ait
1707 3304 1720 3342 :
1759 3308 1782 3337 «
1828 3290 1950 3356 Ego
1981 3304 2052 3342 ex
2080 3303 2176 3342 me

526 3381 662 3450 ipso
687 3395 806 3434 non
838 3378 1070 3450 loquor,
1097 3378 1248 3432 sicut
1275 3377 1379 3433 illi.
1415 3400 1441 3426 »
1470 3379 1552 3432 Ex
1583 3392 1644 3431 se
1668 3377 1799 3448 ipso
1824 3377 1983 3432 enim
2015 3377 2176 3448 loqui

528 3469 688 3523 idem
723 3473 827 3534 est,
862 3473 1040 3538 atque
1073 3471 1285 3538 printer
1315 3466 1678 3536 Scripturam
1719 3482 1953 3521 sacram
1994 3465 2175 3536 loqui.

529 3557 701 3622 Quod
753 3571 890 3611 vero
929 3554 1522 3627 pseudomessiarum
1575 3560 1631 3610 et
1686 3554 2174 3628 pseudoprophe-

527 3650 724 3700 tarum
756 3644 847 3709 sit,
886 3662 909 3694 ιι
953 3657 1023 3697 ex
1059 3657 1121 3697 se
1153 3641 1299 3713 ipsis
1325 3641 1513 3714 loqui,
1561 3664 1587 3693 »
1629 3643 1690 3698 id
1724 3647 1877 3698 Deus
1915 3643 2040 3714 ipse
2073 3658 2178 3713 per

527 3734 878 3808 prophetam
911 3732 1269 3788 Ezechielem
1293 3736 1540 3789 testatus
1571 3738 1676 3798 est,
1702 3733 1904 3789 dicens
1939 3750 1951 3787 :
1987 3752 2015 3782 «
2049 3735 2175 3788 Non

526 3823 660 3881 misi
701 3840 803 3879 eos
845 3840 858 3891 ;
901 3839 972 3879 ex
1011 3838 1072 3877 se
1111 3821 1256 3894 ipsis
1298 3827 1435 3877 sunt
1471 3821 1651 3878 locuti
1695 3839 1708 3888 ;
1747 3839 1818 3878 ex
1850 3823 2027 3878 corde
2069 3838 2175 3876 suo

524 3914 874 3987 loquuntur.
911 3936 930 3963 ι
976 3909 1494 3983 Quoniamitaque
1524 3911 2064 3983 pseudoprophetae
2104 3927 2175 3966 ex

526 4019 589 4060 se
619 4003 763 4076 ipsis
801 4001 1221 4074 loquebantur,
1253 4000 1410 4055 hanc
1449 4001 1774 4055 amentiam
1816 4017 1851 4055 a
1878 4016 1939 4055 se
1968 3999 2176 4054 amoli-

525 4099 638 4152 tur.
681 4093 964 4165 Improba
993 4091 1152 4146 enim
1181 4090 1514 4145 Judasorem
1540 4105 1684 4158 gens
1707 4105 1979 4144 erronem
2005 4087 2173 4142 illum

525 4199 676 4250 esse,
751 4187 807 4238 et
872 4181 1166 4237 mundum
1251 4185 1583 4251 pervertere
1663 4177 2170 4239 calumniabatur,

523 4274 839 4345 Propterea
869 4269 1065 4327 aiebat
1094 4286 1105 4324 :
1138 4289 1166 4320 «
1199 4271 1318 4338 Ego
1345 4283 1417 4322 ex
1447 4283 1544 4323 me
1566 4267 1696 4339 ipso
1728 4284 1843 4323 non
1873 4269 2105 4340 loquor,
2143 4294 2168 4324 υ

524 4364 628 4419 sed
673 4378 742 4418 ex
768 4362 918 4431 lege,
969 4375 1039 4415 ex
1070 4357 1374 4432 prophetis
1405 4374 1416 4412 :
1450 4373 1584 4429 qua:
1613 4374 1685 4412 ex
1718 4357 1886 4413 Patre
1931 4359 1988 4414 in
2019 4361 2170 4433 lege,

524 4460 580 4509 et
605 4454 663 4508 in
689 4449 998 4524 prophetis
1040 4447 1263 4504 audivi.
1299 4446 1510 4504 Habito
1552 4462 1692 4501 vero
1731 4447 1807 4502 ad
1836 4447 2169 4507 humanam

525 4553 697 4596 suam
732 4544 1009 4595 naturam
1040 4541 1332 4608 respectu,
1375 4539 1432 4590 et
1457 4534 1532 4590 ad
1568 4535 1973 4592 amoliendam
2003 4540 2170 4596 mali-

523 4645 703 4700 gnam
728 4627 890 4683 illam
912 4627 985 4683 de
1017 4642 1077 4682 se
1109 4625 1541 4697 suspicionem,
1570 4624 1649 4679 ita
1678 4623 1959 4696 loquitur.
1993 4650 2020 4677 «
2055 4628 2169 4684 Vos

2368 2489 2431 2538 Oi
2456 2483 2846 2560 ψευδόχριστοι
2877 2486 2960 2559 ἀφ’
2993 2488 3184 2541 ἑαυτῶν
3212 2489 3448 2555 ἐλάλουν,
3487 2491 3576 2543 οὐκ
3616 2490 3665 2542 ἐκ
3691 2494 3822 2560 νόμω,

2295 2575 2388 2627 οῦκ
2435 2575 2488 2627 ἐκ
2542 2585 2836 2650 προφητῶν,
2890 2575 2994 2628 ἀλλ’
3053 2577 3152 2630 ἀπὸ
3205 2587 3299 2640 τῆς
3351 2577 3496 2642 ἰδίας
3543 2585 3722 2652 γνώμης
3760 2581 3822 2627 ui

2294 2666 2478 2736 ὁρμῆς
2523 2666 2547 2716 ό
2591 2662 2650 2716 δὲ
2695 2671 2868 2739 Σωτὴρ
2922 2665 3014 2717 οὐκ
3067 2668 3263 2724 ἀπέστη
3303 2674 3490 2740 νόμον,
3537 2671 3622 2720 οὐκ
3665 2672 3828 2738 ἐγκατι-

2291 2753 2514 2806 λέλοιπεν
2576 2759 2857 2829 προφήτας,
2915 2754 3019 2806 ἀλλ’
3092 2756 3228 2828 ἔλεγε
3303 2765 3397 2808 νῦν
3468 2762 3573 2830 μὲν,
3630 2781 3646 2805 ι
3697 2755 3829 2812 Καλῶς

2291 2845 2425 2895 εἶπεν
2463 2843 2700 2904 Ἰἰσαίαςο
2751 2852 2838 2895 νῦν
2889 2841 2965 2909 δὲ,
3025 2865 3051 2896 ι(
3098 2845 3172 2896 Οὐ
3217 2850 3514 2920 γέγραπται
3560 2847 3604 2899 ἐν
3640 2855 3701 2916 τῷ
3731 2849 3831 2914 νόμῳ

2290 2934 2452 3003 ὑμῶν,
2481 2953 2508 2984 ››
2555 2938 2643 2984 καὶ
2673 2939 2836 3005 μυρία
2873 2941 3108 2986 τοιαῦτα.
3141 2935 3282 2987 Ἐπεὶ
3309 2933 3402 2987 οὖν
3433 2939 3482 2989 οἱ
3511 2937 3716 2994 ἐλθόντες
3761 2938 3830 3004 πρό

2290 3028 2544 3094 Χριστοῦ,
2596 3027 2684 3073 καὶ
2747 3026 2804 3073 τό
2859 3021 3049 3074 ἐκείνου
3092 3026 3376 3096 περιθέντες
3419 3026 3618 3086 ἑαυτοῖς
3655 3027 3834 3091 κακούρ-

2287 3131 2388 3182 γως
2432 3114 2611 3182 ὄνομα,
2665 3111 2759 3163 οῦκ
2797 3111 2897 3164 ἀπὸ
2937 3120 3035 3163 τῶν
3079 3114 3221 3184 ἱερῶν
3267 3119 3508 3186 Γραφῶν,
3556 3114 3654 3165 ἀλλ’
3689 3113 3733 3164 ἐκ

2292 3199 2430 3261 ἰδίας
2486 3199 2726 3260 ἀπονοίας
2777 3203 2842 3252 τὰ
2898 3210 2988 3261 τῆς
3044 3201 3239 3262 πλάνης
3302 3203 3702 3276 προυϐάλλοντο,
3735 3200 3836 3271 λέγει

2289 3289 2540 3360 όΣωτήρ’
2574 3312 2602 3339 ‹‹
2633 3290 2765 3360 Ἐγὼ
2815 3288 2905 3340 ἀπ’
2954 3289 3178 3362 ἐμαυτοῦ
3232 3291 3289 3342 οῦ
3333 3290 3502 3358 λαλῶ,
3549 3295 3703 3362 ὥσπερ
3745 3289 3836 3340 Exsi-

2288 3397 2385 3429 νοι.
2429 3400 2455 3427 ››
2505 3382 2572 3430 Τό
2611 3381 2710 3450 γὰρ
2758 3377 2843 3440 ἀφ’
2885 3378 3069 3430 ἑαυτοῦ
3107 3379 3292 3446 λαλεῖν,
3344 3386 3409 3432 τό
3465 3382 3560 3445 ἔξω
3600 3389 3684 3432 τῶν
3730 3381 3836 3450 ieci-ra

2291 3473 2503 3540 Γραφῶν
2549 3466 2663 3519 ἐστι
2709 3466 2895 3522 λαλεῖν.
2954 3466 3074 3520 Ὀτι
3132 3466 3191 3520 δὲ
3239 3473 3295 3520 τὸ
3349 3469 3442 3542 ἀφ’
3500 3471 3674 3523 ἑαυτοῦ
3714 3468 3838 3518 λαλεῖν

2287 3553 2696 3628 ψευδοχρίστων
2741 3557 2852 3608 ἐστὶ
2895 3561 2984 3608 καὶ
3013 3555 3491 3632 ψευδοπροφητῶν,
3522 3561 3648 3631 λέγει
3675 3554 3752 3609 διὰ
3773 3560 3838 3605 τοὺ

2288 3651 2553 3718 προφήτου
2587 3654 2675 3698 τοῦ
2722 3646 2959 3708 Ἐζεκιὴλ
3006 3647 3119 3719 (72)
3153 3650 3176 3698 ό
3216 3653 3370 3709 Θεὸς
3404 3673 3436 3700 ‹‹
3473 3651 3583 3702 Ou’z
3621 3644 3844 3700 ἀπέστειλα

2289 3735 2492 3800 αὐτοὺς,
2528 3734 2610 3806 ἀφ’
2664 3735 2856 3788 ἑαυτῶν
2896 3734 3170 3794 ἐλάλησαν
3202 3739 3256 3789 ἐκ
3299 3746 3402 3800 τῆς
3453 3735 3673 3812 ναρδίας
3713 3735 3839 3787 αὐτῶν

2288 3825 2614 3896 φθέγγονται-
2659 3846 2682 3875 ν
2739 3823 2878 3876 Ἐπεὶ
2931 3822 3017 3877 οὖν
3066 3827 3114 3877 οἱ
3169 3822 3616 3900 ψευδοπροφῆται
3661 3825 3844 3898 ἀφ’ἐαυ-

2286 3923 2384 3965 τῶν
2457 3912 2758 3987 ἐκήρυττον,
2819 3917 3014 3972 ταύτην
3073 3912 3439 3987 ἀποδυόμενος
3497 3923 3590 3975 τὴν
3649 3915 3842 3967 ἀπόνοιαν

2285 4003 2396 4074 (καὶ
2425 4005 2525 4076 γὰρ
2559 3999 2852 4075 ἐδυσφήμει
2890 4002 3027 4074 (72’)
3067 4007 3123 4055 τό
3157 4003 3463 4078 ἀχάριστον
3497 4015 3593 4058 τῶν
3621 3999 3844 4059 Ἰουδαίων

2286 4094 2421 4152 ἔθνος
2479 4092 2664 4144 πλάνον
2723 4093 2875 4144 αὐτὸν
2951 4093 3060 4165 (73)
3109 4099 3197 4145 καὶ
3252 4094 3458 4165 πλανᾷν
3528 4099 3612 4147 τόν
3671 4099 3845 4161 κόσμον)

2286 4176 2380 4232 διὰ
2417 4190 2570 4234 τοῦτο
2597 4181 2775 4253 ἔλεγενο
2808 4204 2835 4231 ‹‹
2878 4182 3010 4252 Ἐγὼ
3044 4180 3130 4233 ἀπ’
3169 4181 3403 4253 ἐμαυτοῦ
3440 4185 3502 4237 οὐ
3531 4183 3680 4250 λαλῶ,
3709 4203 3733 4234 δ)
3768 4177 3846 4231 ἀλλ’

2284 4268 2383 4321 ἀπό
2432 4289 2612 4342 νομου,
2677 4269 2777 4323 ἀπὸ
2832 4280 2929 4323 τῶν
2978 4280 3272 4346 προφητῶν,
3325 4275 3436 4325 ὅσα
3496 4279 3694 4332 ἤκουσα
3741 4270 3848 4340 παρὰ

2283 4366 2372 4410 τοῦ
2422 4363 2625 4429 Πατρός
2678 4358 2724 4410 ἐν
2769 4363 2930 4432 νόμῳ,
2958 4358 3006 4410 ἐν
3055 4366 3360 4432 προφήταις·
3415 4361 3475 4414 ἐκ
3525 4352 3849 4436 προσώπουόἐ

2281 4455 2376 4509 τῆς
2422 4452 2610 4521 σαρκός
2663 4456 2828 4500 ταῦτα
2856 4448 3012 4519 λέγει,
3043 4455 3132 4500 καὶ
3159 4449 3227 4512 εὶς
3269 4445 3530 4504 διάλυσιν
3572 4461 3662 4512 τῆς
3701 4446 3851 4502 duass-

2282 4536 2476 4600 ϐοῦσης
2509 4540 2770 4599 ὑπονοίας·
2807 4558 2834 4590 (ι
2863 4537 3032 4600 Ὑμεῖς
3068 4535 3144 4603 δὲ,
3180 4541 3278 4590 ὅσα
3306 4540 3592 4598 ἠκούσατε
3619 4542 3747 4614 παρά
3784 4542 3850 4587 τεν

2279 4630 2475 4701 πατρός
2519 4628 2658 4698 ὑμῶν
2704 4633 2795 4679 τοῦ
2845 4623 3115 4681 διαϐόλου.
3163 4649 3189 4677 ››
3245 4632 3323 4679 Τά
3377 4633 3490 4703 γὰρ
3543 4638 3634 4682 τοῦ
3701 4629 3850 4698 πατρὸς

519 4733 680 4786 vero,
716 4739 742 4770 »
772 4717 954 4783 addit,
988 4739 1014 4766 ‹‹
1038 4733 1125 4786 ea,
1149 4714 1510 4788 (loquimini)
1529 4729 1665 4785 quae
1687 4730 1758 4768 ex
1778 4719 1942 4785 patre
1969 4722 2167 4773 vestro

2291 4715 2468 4788 ιλῆρος
2515 4721 2712 4788 γίνεται
2766 4723 2874 4778 τοῖς
2913 4721 3091 4785 παισὶ,
3139 4721 3226 4768 καὶ
3268 4714 3365 4769 διὰ
3407 4726 3564 4770 τοῦτο
3612 4721 3674 4770 τά
3698 4716 3847 4769 ἐκείνου

519 4806 782 4877 diabolo,
818 4806 1146 4862 audivistis.
1184 4825 1207 4855 υ
1237 4804 1393 4860 Sicut
1414 4801 1592 4866 enim,
1621 4819 1753 4874 quae
1783 4802 1967 4875 patris
1999 4810 2158 4875 sunt,

521 4893 882 4951 haereditatis
918 4895 1049 4951 loco
1101 4893 1235 4948 tiliis
1270 4892 1605 4963 obtingunt,
1640 4891 1721 4948 ita
1747 4897 1802 4948 et
1832 4909 1966 4965 quae
2007 4895 2167 4952 illius

2277 4806 2472 4877 γίνὲται
2525 4812 2622 4857 τῶν
2681 4805 3028 4878 κληρονόμων·
3089 4807 3150 4865 ὡς
3215 4809 3330 4858 ἴσον
3381 4807 3627 4861 ’ἐνταῦθα
3667 4810 3849 4877 καθορᾶ-

2282 4896 2423 4966 σθαι,
2481 4898 2568 4946 καὶ
2623 4893 2697 4956 εἰς
2737 4896 2921 4947 ταυτὸν
2963 4899 3189 4947 συνιέναι
3247 4897 3304 4947 τὸ
3354 4895 3413 4960 ἐξ
3472 4897 3666 4950 ἑαυτῶν
3702 4895 3847 4948 λαλεῖν.

594 5073 638 5107 ⁸9
671 5073 839 5144 Joan.
865 5091 945 5141 1v,
978 5076 1066 5130 27.
1093 5077 1140 5109 9°
1170 5077 1336 5131 Joan.
1373 5093 1484 5147 xw,
1523 5075 1605 5131 10.
1642 5078 1686 5112 ⁹¹
1721 5076 1917 5133 Matth.
1955 5092 2052 5144 xv,
2087 5077 2139 5134 7.
2167 5079 2184 5112 9

2291 5091 2418 5133 oan.
2451 5093 2510 5142 x,
2543 5079 2632 5133 34.

2082 5253 2320 5312 NOTAE.

591 5421 725 5496 (74‘)
754 5420 990 5496 Ἰῳάννου
1017 5419 1212 5496 habeo
1241 5439 1311 5478 ex
1338 5424 1592 5482 Colbert.

587 5490 1003 5568 (72)'Al|udere
1036 5490 1261 5546 videtur
1292 5497 1359 5549 ad
1395 5499 1596 5552 Ezecn,
1631 5512 1752 5560 xm,
1781 5497 1836 5550 6,

588 5568 723 5643 (η’)
778 5564 1036 5620 Verbum
1068 5559 1348 5638 ἐδυσφήμει
1391 5567 1582 5624 debeo
1615 5568 1836 5624 Colberl

2266 5425 2323 5480 in
2357 5424 2540 5482 altero
2572 5426 2794 5483 deerat.

2336 5497 2448 5583 (ῖό)
2478 5498 2580 5583 .Sic
2619 5500 2810 5583 scribo
2848 5515 2955 5583 pro
2993 5503 3183 5583 πλάνον
3230 5500 3400 5576 αὐτῷ,
3461 5505 3711 5583 quando
3750 5499 3852 5560 Col-

706 5568 723 5641 )
778 5564 1036 5620 Verbum
1068 5559 1348 5638 ἐδυσφήμει
1391 5567 1582 5624 debeo
1615 5559 1970 5637 Colbertino,
1997 5564 2163 5642 quod

2291 5559 2406 5624 iert.
2430 5559 2591 5626 idem
2620 5571 2802 5628 male:
2836 5559 3036 5624 πλάνων
3064 5577 3239 5630 αὑτὸν.
