3926 6190
121 323 201 386 837

1019 313 1113 375 AD
1156 317 1708 378 AMPHILOCHIUM
1749 319 2080 387 QUIESTIO
2123 323 2305 389 CLIX,
2333 323 2492 380 CLX.

3295 327 3404 382 838

115 452 248 502 καὶτὸ
289 447 334 498 ἐκ
370 452 448 497 τοῦ
491 445 675 514 πατρὸς
723 443 890 496 αὐτῶν
929 453 1021 497 τοῦ
1074 443 1320 500 διαϐόλου
1389 447 1555 500 λαλεῖν
1609 465 1620 477 ·
1664 494 1668 501 .

1835 452 1896 514 ιι,
1929 449 2006 504 ad
2043 448 2312 504 haeredes
2341 448 2750 520 perferuntur.
2799 449 3001 518 Itaque
3033 448 3248 508 similia
3275 449 3406 508 haec

115 542 250 610 ὥσπερ
287 538 308 586 ὁ
351 536 554 606 Χριστὸς
615 531 770 584 ἐλθὼν
849 533 1046 604 ἐγένετο
1115 535 1374 609 πλήρωμα
1448 541 1628 608 νόμον,

109 632 176 678 καὶ
219 633 467 698 προφητῶν,
505 623 636 675 οὕτω
687 627 778 674 καὶ
841 627 898 676 τὸ
957 631 1166 697 Πνεῦμα
1220 625 1477 700 πλήρωμα
1537 633 1629 678 τοῦ

111 714 380 786 Exim/ridica.
407 715 624 786 Χριστὸς
690 711 842 764 ἐλθὼν
895 711 1200 767 ἐϐεϐαίωσεν
1249 719 1315 767 τὰ
1362 719 1506 787 παρὰ
1539 722 1629 768 τοῦ

113 807 267 876 Πατρός
293 801 332 854 ἐν
351 809 412 871 τῷ
451 805 580 872 νόμῳ
614 801 724 872 (74)
775 801 1021 873 εἰρημένα
1059 808 1146 855 καὶ
1200 809 1516 877 προφήταις,
1545 801 1629 856 διὸ

537 907 550 918 ⁸
586 909 614 939 (ι
650 889 911 964 Πλὴρωμα
955 897 1113 963 νόμον
1146 898 1377 968 Χριστός
1401 893 1556 963 (74⁸)·
1601 915 1628 944 ››

111 987 152 1034 τὸ
177 987 346 1052 Πνεῦμα
389 983 440 1032 τὸ
478 979 624 1050 ἅγιον
672 979 941 1053 ἐπλήρωσε
997 984 1060 1033 τὰ
1107 991 1198 1034 τοῦ
1249 983 1560 1054 Εὑαγγελίου
1613 1001 1628 1015 ·

109 1073 184 1122 ὅσα
205 1073 324 1122 ἐστὶν
346 1068 386 1120 ἐν
413 1077 470 1141 τῇ
497 1075 730 1141 Χριστοῦ
771 1064 1119 1143 διδασκαλίᾳ,
1161 1074 1218 1122 τὸ
1271 1079 1478 1144 Πνεῦμα
1503 1072 1630 1131 πλη-

109 1168 170 1228 ροῖ
195 1173 205 1186 ⁸
237 1159 320 1210 ὅσα
359 1157 401 1208 ἐν
423 1167 480 1229 τῇ
506 1165 599 1210 τοῦ
641 1162 824 1230 νόμον,
871 1159 896 1210 ὁ
939 1163 1168 1231 Χριστός
1200 1177 1212 1188 ·
1249 1161 1376 1232 οὐχὶ
1407 1163 1470 1222 ὡς
1513 1160 1630 1215 ἀτε-

107 1246 195 1307 λοῦς
225 1250 340 1307 ὄντος
365 1254 448 1298 τοῦ
501 1249 726 1320 Πατρός,
774 1245 882 1298 ἀλλ’
921 1250 984 1308 ὡς
1031 1248 1348 1320 ἑρμηνευτὴς
1403 1259 1502 1301 τῶν
1541 1259 1631 1303 τοῦ

109 1339 362 1408 Πατρόςκαὶ
390 1335 666 1395 τελειωτὴς.
707 1335 858 1387 Οὕτω
913 1332 972 1388 δὲ
1005 1342 1094 1389 καὶ
1138 1341 1195 1389 τὸ
1247 1345 1454 1410 Πνεῦμα
1511 1335 1634 1390 δια-

109 898 174 944 καὶ
195 893 300 962 λέγει
327 891 502 951 Παῦλος

107 1431 226 1494 capo?
249 1429 322 1475 καὶ
366 1421 632 1495 διατρανοί
677 1425 744 1476 τὰ
795 1432 888 1476 τοῦ
947 1427 1095 1482 Υὲοῦ.
1139 1432 1238 1479 Καὶ
1272 1427 1372 1499 γάρ
1425 1447 1582 1500 φησιν
1613 1442 1628 1458 ⁶

107 1531 126 1562 ι
147 1511 282 1564 Πολλὰ
301 1515 398 1584 ἔχω
422 1515 540 1584 ὑμῖν
575 1512 763 1576 λαλεῖν,
827 1511 934 1565 ἀλλ’
966 1514 1024 1565 οὗ
1074 1511 1304 1568 δύνασθε
1344 1515 1632 1588 βαστάζειν

105 1603 190 1675 ιιίοτι
216 1619 226 1630 ·
269 1603 373 1653 ὅταν
418 1598 473 1654 δὲ
509 1602 632 1674 ἔλθῃ
685 1605 744 1654 τὸ
799 1609 1006 1676 Πνεῦμα
1053 1607 1110 1656 τὸ
1149 1604 1318 1675 ἅγιον,
1373 1601 1634 1676 ὁδηγήσει

101 1691 282 1760 irrigat;
305 1697 462 1744 πᾶσαν
527 1696 622 1749 τὴν
673 1689 938 1754 ἀλήθειαν,
992 1712 1020 1744 ››
1062 1697 1150 1746 καὶ
1199 1693 1342 1755 ἑξῆς.
1383 1693 1501 1746 Ὀτι
1548 1693 1630 1766 ἀφ’

103 1780 242 1830 ἑαυτοῦ
263 1779 312 1831 οὗ
338 1779 466 1832 λαλεί
493 1799 504 1810 ο

105 1865 332 1941 ἀναπληροί
353 1871 412 1920 τὰ
439 1876 530 1922 τοῦ
579 1871 722 1932 Υἱοῦ,
753 1869 868 1921 καθ’
914 1869 966 1920 ὃν
1007 1875 1195 1944 τρόπον
1228 1872 1253 1922 6
1285 1873 1399 1931 Υἱὸς
1445 1874 1512 1924 τὰ
1549 1879 1638 1924 τοῦ

105 1961 273 2030 Πατρός.
311 1957 420 2010 Ὀτι
463 1957 510 2010 ἐν
563 1960 730 2029 τούτῳ
787 1967 859 2028 τῷ
917 1958 1052 2030 λόγῳ
1101 1961 1336 2034 εὑρήσεις
1390 1965 1521 2034 πρὸς
1567 1969 1639 2033 τῷ

103 2045 199 2097 nisi
221 2043 484 2109 δεικνύντος
515 2055 610 2100 τοῦ
637 2052 1020 2120 Χρυσοστόμου
1040 2051 1173 2122 (75),
1203 2051 1282 2102 ὃτι
1308 2052 1338 2108 ἡ
1367 2049 1639 2119 ,ἀποστολή

103 2136 280 2186 οὗτετόν
302 2138 427 2202 Υἱόν,
478 2140 600 2189 οὔτε
645 2139 700 2187 τὸ
751 2142 958 2208 Πνεῦμα
997 2137 1188 2190 ἐλάττω
1229 2145 1370 2192 ποιεῖ
1412 2147 1504 2192 τοῦ
1536 2147 1639 2193 Πα-

101 2225 288 2292 τρός,ὃτι
315 2230 396 2277 καὶ
429 2226 584 2286 αὐτὸς
631 2226 656 2276 ὁ
707 2231 887 2300 Πατὴρ
944 2225 1311 2280 ἀποστέλλεται
1367 2231 1510 2304 παρὰ
1549 2238 1640 2282 τοῦ

103 2315 348 2384 Πνεῦματος,
377 2320 462 2367 καὶ
489 2317 638 2388 παρὰ
667 2323 756 2366 τοῦ
805 2318 928 2368 Υὶοῦ
987 2331 999 2344 ⁸
1032 2317 1165 2388 λέγει
1207 2319 1384 2378 αὐταῖς
1423 2318 1637 2381 λέξεσιν

105 2399 190 2451 Ἐάν
211 2421 282 2454 σοι
305 2400 446 2466 δείξω
475 2407 567 2456 τὸν
613 2409 840 2462 Ποιητήν
897 2406 1116 2478 οὐρανοῦ
1146 2412 1236 2458 καὶ
1263 2416 1359 2478 γῆς
1391 2406 1640 2460 ἀποστελ-

97 2487 254 2558 λόμενον
292 2495 422 2564 παρὰ
457 2500 556 2546 τοῦ
617 2496 926 2566 Πνεῦματος,
981 2500 1071 2547 καὶ
1117 2499 1262 2570 παρὰ
1288 2504 1379 2548 τοῦ
1411 2499 1557 2566 Υίοῦ,
1589 2501 1640 2550 τί

98 2585 221 2640 ποιεῖς
247 2581 304 2648 ﬁ;
331 2583 556 2654 ἄρνησοιι
585 2586 670 2634 τὸν
697 2587 948 2655 Χριστὸν,
969 2589 1057 2636 καὶ
1085 2583 1374 2659 ἀπόρριψον
1407 2587 1534 2656 (75’)
1551 2589 1642 2648 τὰς

97 2670 250 2738 Γραφάς
277 2689 288 2700 ·
318 2670 368 2737 ἦ,
392 2667 581 2734 δοῦλος
616 2672 683 2723 ὧν
728 2680 826 2723 τῶν
887 2679 1118 2746 Γραφών,
1177 2675 1471 2726 ὑποτάττου
1531 2682 1642 2735 ταῖς

99 2759 296 2826 Γραραῑς.
347 2765 440 2812 Καὶ
505 2767 631 2824 ποῦ,
693 2767 871 2832 φησιν,
938 2765 1140 2836 εἴρηται
1201 2771 1386 2830 τοῦτο;
1454 2763 1643 2816 Ἄκουε

97 2853 162 2894 τοῦ
188 2853 298 2898 Θεοῦ
325 2845 414 2901 διὰ
441 2859 537 2902 τοῦ
598 2855 864 2924 προφῄτου
912 2850 1142 2922 λέγοντος
1199 2851 1416 2905 Ἠσαῖου
1467 2853 1580 2925 (76)
1625 2894 1638 2909 .

100 2955 120 2978 ιι
141 2933 294 2987 Ἄκονέ
317 2957 431 3008 μου,
480 2939 718 3010 Ἰσραὴλ,
751 2939 804 2990 ὃν
845 2939 942 3010 ἐγὼ
973 2940 1112 2992 καλῶ
1162 2959 1172 2970 ’
1207 2961 1236 2992 »
1267 2947 1356 2994 καὶ
1399 2943 1518 3000 ὃλην
1549 2948 1642 3001 τὴν

97 3028 326 3094 περικοπὴν
351 3025 570 3088 ἐκτιθεὶς
615 3035 706 3080 τοῦ
741 3033 945 3100 χωρίου
972 3035 1134 3102 μέχρι
1163 3037 1278 3095 τοῦ,
1321 3054 1349 3082 ι(
1409 3037 1508 3084 Καὶ
1557 3039 1644 3084 νῦν

1741 535 1852 590 sibi
1891 535 2151 592 invicem
2179 553 2326 608 esse,
2359 539 2416 592 et
2455 536 2614 592 idem
2664 535 2881 592 inferre
2927 542 3199 608 apparet,
3235 553 3308 594 ex
3339 554 3404 595 se

1739 623 1878 694 ipsis
1903 623 2088 697 loqui,
2121 630 2178 682 et
2205 641 2280 682 ex
2310 629 2477 698 patre
2507 624 2750 682 diabolo
2796 625 2980 698 loqui.
3035 625 3195 682 Sicut
3219 642 3402 698 porro

1743 712 2022 778 Christus,
2054 714 2116 770 in
2141 730 2384 772 carnem
2421 713 2686 780 veniens,
2719 713 3228 785 complementum
3254 716 3402 786 legis

1741 801 1866 866 fuit,
1897 801 1982 858 ita
2031 807 2088 859 et
2117 804 2369 875 Spiritus
2421 803 2929 876 complementum
2977 805 3276 877 Evangelii
3306 821 3404 861 ex-

1741 890 1900 946 stitit.
1937 891 2200 948 Christus
2225 893 2546 950 adveniens
2599 893 2976 950 conﬁrmavit
3005 910 3138 966 quae
3169 910 3206 950 a
3239 896 3404 951 Patre

1741 979 1804 1034 in
1854 979 1984 1050 lege
2031 986 2088 1036 et
2133 983 2436 1054 prophetis
2489 982 2649 1040 dicta
2713 989 2901 1040 erant.
2973 985 3292 1056 Propterea
3348 987 3406 1040 et

1741 1069 1960 1125 Paulus
1989 1071 2072 1128 ait
2097 1087 2110 1124 :
2143 1093 2172 1122 «
2216 1072 2475 1128 Christus
2501 1077 2589 1128 est
2611 1072 3068 1145 implementum
3097 1073 3246 1144 legis
3275 1075 3344 1127 93.
3378 1094 3404 1126 ν

1741 1157 2014 1214 Vicissim
2049 1159 2282 1232 Spiritus
2309 1165 2576 1226 sanctus,
2599 1167 2810 1234 postea
2841 1161 3105 1226 veniens,
3140 1161 3406 1234 implevit

1742 1262 1814 1303 ea
1835 1263 1970 1319 quae
1994 1253 2130 1304 sunt
2145 1249 2462 1320 Evangelii.
2489 1251 2870 1322 Quaecunque
2892 1249 3104 1306 Christi
3131 1249 3404 1306 doctrina

1743 1336 2136 1401 continentur,
2169 1353 2242 1394 ea
2268 1338 2516 1409 Spiritus
2547 1342 2791 1395 sanctus
2822 1357 2840 1410 ;
2872 1355 3002 1411 qua:
3039 1339 3104 1394 in
3129 1338 3258 1408 lege
3291 1343 3406 1394 tra-

1741 1424 1868 1480 dita
1917 1429 2066 1496 sunt,
2128 1440 2200 1482 ea
2257 1426 2520 1484 Christus
2577 1427 2900 1500 implevit:
2957 1443 3078 1484 non
3129 1427 3400 1500 quidem,

1742 1515 1918 1586 quasi
1969 1515 2139 1570 Pater
2180 1515 2328 1572 nihil
2356 1516 2452 1572 hic
2507 1516 2728 1586 fecerit,
2763 1517 2868 1573 sed
2923 1517 3089 1590 quod
3140 1516 3404 1572 Christus

1743 1604 2028 1675 interpres
2071 1608 2126 1658 et
2150 1609 2604 1662 consummator
2647 1606 2941 1661 dictorum
2965 1622 3003 1661 a
3043 1606 3208 1661 Patre
3235 1605 3407 1660 exsti—

1745 1691 1893 1748 terit.
1940 1691 2223 1748 Similiter
2279 1693 2529 1766 Spiritus
2585 1693 2831 1750 illustrat
2877 1699 2932 1750 et
2965 1694 3248 1766 explanat
3283 1691 3406 1749 Filii

560 1780 618 1832 οὗ
649 1783 748 1852 γὰρ
795 1780 1187 1852 ἀντιφθέγγεται
1234 1790 1303 1853 τῷ
1356 1785 1480 1852 Υἰῷ,
1527 1781 1634 1834 ἀλλ’

1835 1788 1922 1838 :ta.
1957 1801 1986 1833 «
2015 1783 2209 1848 Multa,
2242 1785 2446 1856 inquit,
2477 1784 2672 1842 habeo
2701 1785 2866 1841 vobis
2894 1785 3166 1850 dicenda,
3202 1784 3310 1839 sed
3335 1799 3410 1840 ea

1749 1887 1910 1927 nunc
1939 1873 2186 1944 quidem
2217 1873 2366 1930 terre
2395 1889 2518 1930 non
2547 1875 2788 1947 potestis
2821 1891 2834 1930 :
2869 1875 2974 1931 ubi
3009 1890 3150 1930 vero
3181 1873 3410 1930 venerit

1753 1963 2002 2033 Spiritus
2023 1969 2281 2028 sanctus,
2297 1963 2354 2018 in
2377 1964 2686 2021 veritatem
2701 1980 2944 2020 omnem
2971 1980 3079 2020 vos
3091 1963 3267 2020 ducet
3286 1965 3357 2033 ⁸³,
3383 1983 3410 2012 υ

1751 2055 1861 2106 etc.
1897 2055 2094 2124 Neque
2145 2053 2307 2108 enim
2335 2067 2407 2108 ex
2436 2069 2499 2108 se
2537 2053 2671 2125 ipso
2721 2053 3027 2126 loquitur;
3081 2069 3225 2110 nam
3279 2067 3402 2110 non

1751 2139 2104 2196 contradicit
2137 2141 2296 2204 Filio,
2329 2141 2433 2196 sed
2461 2141 2622 2198 dicta
2653 2141 2794 2207 Filii,
2831 2143 2981 2198 sicut
3013 2141 3192 2198 Filius
3217 2141 3406 2197 Patris

1750 2227 1865 2292 illa,
1895 2228 2122 2300 implet.
2147 2231 2210 2284 ln
2225 2231 2340 2285 hoc
2359 2245 2634 2286 sermone
2661 2230 2892 2286 videbis
2915 2230 3405 2302 Chrysostomum

1752 2318 1860 2374 sub
1917 2318 2098 2374 ﬁnem
2150 2318 2482 2384 ostendere,
2541 2319 2892 2375 missionem
2941 2335 3138 2392 neque
3195 2317 3408 2375 Filium

1752 2423 1947 2480 neque
1977 2407 2252 2479 Spiritum
2285 2413 2560 2464 sanctum
2591 2410 2757 2466 Patre
2799 2408 2992 2466 facere
3045 2407 3407 2473 inferiorem,

1751 2496 2042 2568 quoniam
2069 2496 2198 2568 ipse
2227 2513 2472 2570 quoque
2511 2497 2684 2554 Pater
2720 2513 2758 2554 a
2786 2497 3006 2568 Spiritu
3037 2502 3240 2554 sancto
3289 2500 3346 2552 et
3375 2513 3412 2554 a

1755 2585 1892 2641 Filio
1941 2585 2203 2642 mittitur.
2252 2587 2440 2643 Verba
2480 2586 2604 2658 ejus
2633 2587 2762 2644 brec
2793 2591 2930 2643 sunt
2959 2603 2970 2642 :
3035 2585 3092 2643 Si
3125 2585 3232 2642 tibi
3262 2587 3414 2642 Con-

1752 2675 2006 2732 ditorem
2055 2675 2187 2732 cmli
2216 2679 2275 2730 et
2299 2681 2468 2732 terra;
2503 2676 2820 2734 ostendero
2850 2677 3104 2732 missum
3129 2691 3166 2732 a
3196 2674 3418 2748 Spiritu

1754 2769 1810 2820 et
1838 2765 1997 2831 Filio,
2023 2765 2172 2836 quid
2201 2763 2381 2822 facies
2411 2766 2438 2820 ‘I
2481 2769 2596 2822 Aut
2619 2781 2778 2836 nega
2804 2765 3106 2822 Christum
3136 2769 3192 2820 et
3221 2763 3416 2834 abjice

1753 2853 2141 2925 Scripturas;
2197 2860 2316 2921 aut,
2383 2871 2517 2910 cum
2572 2855 2890 2926 Scripturae
2948 2854 3027 2908 sis
3093 2852 3412 2916 obnoxius,

1756 2943 2069 3014 Scripturaa
2103 2949 2154 2997 te
2181 2943 2424 3013 subjice.
2453 2943 2562 2998 Ubi
2603 2958 2762 3007 vero,
2797 2941 3008 3013 inquit,
3041 2942 3156 2997 hoc
3187 2939 3414 2996 dictum

1755 3031 1883 3086 est?
1905 3031 2057 3086 Audi
2077 3034 2284 3097 Deum,
2311 3047 2416 3104 per
2436 3031 2650 3088 Isaiam
2673 3031 3050 3104 prophetam,
3074 3029 3369 3086 dicentem
3395 3045 3408 3084 :

103 3113 245 3182 Κύριος
280 3113 540 3170 ἀπέστειλέ
571 3137 652 3190 με,
679 3123 768 3170 καὶ
809 3123 868 3170 τὸ
902 3125 1110 3192 Πνεῦμα
1139 3121 1318 3183 αὐτοῦ,
1355 3143 1382 3170 ››
1417 3117 1646 3194 διισχυ-

106 3197 166 3216 Α¹β
340 3208 348 3216 ι
419 3213 457 3216 __.
552 3211 562 3216 -
746 3215 753 3216 κ
916 3208 926 3216 ι
1012 3215 1016 3216 ,
1149 3208 1160 3216 ι

1835 3121 1964 3175 ludi
1997 3135 2114 3186 me,
2147 3120 2340 3186 Israel,
2373 3135 2554 3192 quem
2585 3135 2698 3190 ego
2719 3133 2869 3176 voco
2899 3121 2968 3174 ⁵³⁵.
3006 3141 3027 3168 ι
3055 3117 3202 3174 Hinc
3219 3117 3410 3182 idem,

97 3197 272 3266 ρέζεται,
303 3208 383 3256 τὸν
419 3211 629 3282 Πατέρα
666 3215 834 3260 ταῦτα
886 3208 1059 3271 εἰπεῖν,
1141 3208 1196 3260 ἐκ
1256 3218 1356 3262 τῶν
1399 3231 1646 3285 προτετα-

95 3293 250 3356 γμένων
270 3291 482 3365 βεϐαιῶν
543 3302 632 3350 τὸν
674 3298 843 3370 λόγον,
906 3303 996 3350 καὶ
1049 3301 1310 3352 καθιστῶν
1368 3298 1547 3366 δῆλον,
1579 3306 1647 3364 ὡς

97 3375 284 3454 “Im-1‘79
325 3387 398 3444 εἴη
443 3395 536 3438 νῦν
579 3389 604 3438 ὁ
658 3387 817 3458 λέγων
870 3393 961 3440 καὶ
1013 3387 1446 3462 ἀποστελλόμενος
1505 3394 1648 3465 παρά

96 3475 214 3520 τετοῦ
243 3475 530 3546 ῐίνεύματος
559 3481 644 3528 καὶ
677 3483 771 3528 τοῦ
809 3476 955 3533 Υἰοῦ.

625 3803 940 3852 ΕΡΩΤΗΣΙΣ
979 3797 1070 3851 ΡΞ’

99 3930 186 3990 Πῶς
223 3956 246 3982 α
301 3935 570 4012 βραχίονα
627 3944 822 4012 Κυρίου
890 3960 918 3991 ››
975 3941 1063 4012 ’ὀί
1104 3940 1357 4012 Θεολόγος
1413 3944 1654 4004 Ἰωάννης

345 4007 442 4068 τὴν
469 4007 767 4083 οἰκονομίαν
795 4011 930 4082 (76’)
962 4007 1302 4085 διαλαμϐάνει
1326 4030 1338 4080 ;

1757 3214 1878 3265 tota
1929 3209 2082 3264 illius
2115 3208 2340 3264 oraculi
2392 3209 2540 3264 serie
2595 3208 2884 3281 exposita,
2948 3223 3136 3280 usque
3186 3207 3264 3264 ad
3311 3205 3415 3262 illa

1753 3298 1978 3354 verba:
2022 3317 2050 3348 «
2103 3300 2168 3352 Et
2222 3313 2384 3353 nunc
2415 3297 2703 3353 Dominus
2733 3313 2828 3354 me
2857 3295 3036 3364 misit,
3077 3301 3134 3352 et
3161 3293 3417 3366 Spiritus

1755 3389 1882 3459 ejus
1899 3389 1969 3454 9°,
1997 3409 2024 3436 ››
2049 3394 2372 3456 asseverat,
2395 3390 2622 3442 Patrem
2640 3387 2740 3442 illa
2758 3386 2944 3458 loqui,
2965 3401 3038 3441 ex
3059 3385 3420 3440 anteceden-

1755 3477 1934 3542 tibus,
1967 3475 2150 3531 tidem
2207 3475 2580 3548 expositioni,
2611 3474 3122 3546 manifestumque
3169 3473 3419 3542 faciens,

1753 3569 1984 3622 Patrem
2033 3581 2182 3634 esse,
2217 3565 2320 3636 qui
2371 3564 2500 3621 haec
2531 3565 2832 3637 loquatur,
2887 3563 3115 3636 quique
3172 3561 3325 3618 adeo
3387 3575 3425 3616 a

1755 3656 1972 3729 Spiritu
1992 3659 2048 3711 et
2067 3655 2212 3712 Filio
2237 3655 2524 3711 mittatur.

1865 3797 2182 3860 QUESTIO
2223 3800 2350 3854 CLX
2393 3795 2596 3870 [CoisL
2635 3796 2785 3862 CXC,
2831 3797 3010 3852 Taur.
3055 3791 3314 3866 CLXXX].

1761 3941 2050 4007 Quomodo
2079 3941 2333 3996 Jaannes
2367 3940 2696 4009 Theologus
2717 3937 3423 4009 ceconomiamsaltttarem

1939 4027 2045 4084 per
2084 4031 2112 4064 «
2146 4013 2458 4070 brachium
2486 4007 2731 4066 Doim'm'
2769 4010 2891 4062 97.”
2921 4029 2948 4060 υ
2980 4007 3247 4064 indicat?

591 4213 865 4265 Editarum
890 4229 922 4266 a
943 4215 1140 4267 Wolﬁo
1165 4219 1427 4282 vigesima
1459 4221 1614 4269 tertia
1649 4220 1704 4282 (ι.
1733 4235 1778 4270 c.
1807 4219 2030 4270 789-790.
2059 4215 2302 4266 Galland.
2335 4215 2368 4264 l.
2394 4229 2460 4271 c.,
2490 4229 2542 4278 p.
2567 4213 2678 4272 743,
2715 4227 2766 4262 n.
2795 4213 2895 4277 39).

158 4343 260 4400 Ὀτι
311 4353 336 4403 ὁ
391 4355 640 4427 Θεολόγος
702 4357 963 4422 Ἰωάννης,
1009 4359 1096 4410 τὸν
1141 4355 1410 4431 βραχίονα
1459 4360 1532 4422 εἰς
1579 4363 1673 4418 τὴν
1707 4365 1748 4420 D

101 4433 360 4512 οἰκονομίαν
414 4445 532 4517 (77)
589 4445 918 4519 ἐκλαμϐάνων
963 4455 1057 4500 τοῦ
1109 4455 1368 4523 Σωτῆρος,
1431 4455 1520 4502 καὶ
1579 4454 1672 4508 τὴν

1852 4359 2112 4415 Joannes
2184 4355 2516 4426 Theologus
2571 4353 2887 4410 brachium
2947 4352 3022 4409 de
3097 4352 3434 4408 oeconomia

1783 4445 2112 4504 Servatoris
2165 4445 2348 4502 nostri
2413 4444 2666 4516 ejusque
2743 4442 2956 4499 deitate
3013 4441 3434 4514 interpretans.

160 4607 200 4640 ³³
223 4609 385 4668 Rom.
413 4629 478 4682 x,
509 4617 567 4670 4.
645 4615 692 4650 9⁸
721 4615 892 4672 Joan.
917 4633 1032 4686 xvr,
1069 4621 1150 4684 l2,
1181 4621 1266 4675 13.
1345 4619 1392 4654 9⁸
1419 4621 1528 4676 lsa.
1559 4635 1668 4675 XLV

1835 4622 1870 4674 ι.
1948 4617 1995 4652 ⁹⁶
2015 4613 2162 4672 ibid.
2193 4617 2276 4670 l6.
2354 4615 2475 4668 97.99
2500 4614 2672 4670 Joan.
2697 4627 2792 4676 xu,
2817 4613 2908 4668 38.

1643 4790 1874 4849 NOTAE.

159 4945 258 5020 (74)
285 4952 420 5009 Haec
443 4955 694 5012 totidem
732 4956 925 5013 verbis
951 4975 1071 5016 non
1103 4963 1338 5015 exstant
1383 4959 1444 5014 in
1499 4959 1679 5015 sacris

103 5013 326 5141 litteris,
338 5029 396 5079 et
419 5031 806 5100 παραφράσεως
825 5013 1019 5087 locos
1035 5013 1458 5086 manemus
1473 5013 1682 5086 viaea;

102 5160 304 5296 magis
307 5167 519 5224 Procul
533 5169 720 5227 dubio
741 5169 912 5228 Rom.
945 5189 1003 5239 x,
1029 5176 1082 5238 4,
1106 5172 1334 5230 innuit:
1355 5173 1496 5234 τέλος
1523 5178 1682 5247 νόμον

161 5301 264 5390 (Ἱὲ)
293 5309 488 5390 Quem
517 5312 622 5390 hic
655 5314 1062 5390 Chrysoslomi
1093 5331 1434 5374 sermonem
1472 5317 1684 5376 afferat

101 5369 338 5446 Photith
371 5381 596 5441 frustra
619 5369 846 5446 quaero.

313 5453 482 5510 Colb.
525 5447 832 5538 ἆπάλειψον.

249 5521 578 5586 ὶϐωῑθινιιω
602 5529 766 5586 illam
795 5545 832 5586 0

185 5519 270 5592 76)
289 5519 766 5604 Caeterum‘illar'n
795 5529 1218 5604 oraculiiIsaiae
1243 5531 1678 5604 expositionem

103 5589 300 5650 temere
319 5609 508 5655 nemo
534 5599 858 5658 admiserit.
875 5589 1365 5676 PropheticieniFn
1386 5606 1678 5662 sermonis

1793 4976 1984 5016 nexus
2006 4957 2280 5024 ostendit,
2311 4973 2430 5013 non
2449 4959 2700 5026 Patrem,
2726 4955 2832 5012 sed
2859 4953 3070 5011 Filium
3097 4954 3168 5010 de
3197 4953 3366 5009 Patre
3387 4956 3442 5009 et

1794 5033 2009 5104 Spiritu
2035 5031 2163 5104 ejus
2195 5029 2376 5101 loqui.

1866 5105 1998 5174 (76')
2041 5099 2102 5156 In
2135 5099 2484 5172 apographo
2515 5099 2799 5174 legebam
2821 5100 3302 5174 oixouuévm,_pro_
3323 5112 3448 5168 qua

1791 5167 1938 5230 voCe
1983 5167 2240 5229 alteram
2260 5167 2448 5228 'illam
2502 5167 2658 5226 reéte
2711 5167 2977 5226 exltibet'
3006 5167 3446 5224 eruditissimus

1793 5245 2276 5302 Montefalcouius
2297 5245 2356 5298 in
2379 5243 2572 5298 indice
2603 5243 3150 5312 Amphilochiorum
3183 5241 3370 5295 Photii
3391 5255 3444 5310 p.

1788 5317 1894 5372 339
1953 5315 2322 5372 Bibliotheca;
2369 5330 2510 5370 mss.
2549 5313 2892 5369 Coislinian.
2925 5313 3077 5368 Fieri
3117 5313 3297 5382 igitur
3343 5325 3452 5382 po-

1787 5393 1914 5454 test,
1945 5395 2008 5444 ut
2037 5387 2096 5442 in
2122 5385 2468 5458 apographo
2494 5389 2753 5458 erratum
2784 5385 2878 5458 sit,
2909 5381 3187 5458 quamvis
3217 5381 3360 5458 moi
3385 5381 3448 5435 in

1784 5453 2182 5531 responsione
2195 5453 2274 5514 ad
2291 5453 2403 5513 hoc
2431 5457 2753 5530 quaesitum
2778 5453 2996 5513 iterum
3022 5457 3256 5525 legatur
3276 5453 3444 5506 οἰκου-

1829 5549 1960 5590 ενην.

1787 5553 1960 5606 μενην.

1860 5605 1972 5676 (77)
2003 5601 2090 5659 Ita
2118 5600 2312 5659 scribo
2344 5616 2486 5660 cum
2511 5601 2761 5660 Colbert.
2794 5615 2901 5676 pro
2931 5599 3264 5674 οἰκουμένην,
